4086 6602
355 449 456 504 ΗΟ

1471 452 1980 512 COMMENTARiA
2019 461 2084 514 ΙΝ
2115 461 2457 518 PSALMOS.

3480 464 3583 531 150

350 561 566 618 τέλειον.
621 562 888 635 Παροικία
915 561 971 614 δέ
1001 523 1155 615 ἐστιν
1177 557 1417 634 διαγωγὴ
1464 565 1798 636 πρόσκαιρος
1827 566 1913 618 ἐπ’

2016 565 2292 634 Habitatio
2325 579 2505 632 autem
2534 580 2616 626 est
2646 579 2994 640 temporanea
3032 571 3418 637 commoratio,
3459 590 3606 642 cum

349 652 522 707 ἑλπίδι
553 652 651 722 τῆς
689 653 1013 725 κρείττονος.
1061 655 1151 707 Διό
1183 671 1314 725 φησι
1347 655 1439 706 καὶ
1469 655 1630 706 Δναυῖδ
1652 671 1666 684 ·
1705 655 1913 723 Πάροι-

349 743 457 810 κός
509 747 624 814 ειμι
673 744 769 796 καὶ
825 744 1254 813 παρεπίδημος,
1335 745 1528 810 καθὼς
1583 745 1804 812 πάντες
1860 749 1914 800 οι

349 835 596 904 πατέρες
636 854 775 905 μου.
817 836 1085 906 Πάροικος
1126 837 1236 908 γὰρ
1262 835 1537 908 Ἀϐραὰμ,
1589 838 1722 907 μηδὲ
1765 838 1914 909 βῆμα

350 929 682 1000 κεκτημένος
721 927 897 991 ποδὸς,
937 928 1087 998 μόλις
1113 929 1170 981 δὲ
1200 930 1367 998 τάφον
1399 931 1715 1000 πριάμενος.
1755 931 1818 983 "O
1849 930 1913 1001 δὴ

352 1020 619 1092 σύμϐολον
653 1019 746 1073 τοῦ
785 1019 959 1085 ζῶντα
1009 1021 1107 1091 μὲν
1149 1023 1206 1074 ὲν
1248 1023 1410 1093 σαρκὶ
1463 1023 1721 1092 πάροικον
1778 1020 1914 1076 εἶναι

351 1114 668 1186 προσήκειν,
718 1112 1100 1182 μεταϐαίνοντα
1155 1112 1211 1165 δὲ
1263 1112 1486 1181 ταύτης,
1537 1115 1648 1176 τοῖς
1696 1113 1915 1176 οἰκείοις

346 1206 534 1268 τόποις
571 1204 953 1259 ἀναπαύεσθαι.
998 1205 1105 1258 Καὶ
1143 1203 1410 1276 μακάριόν
1452 1222 1614 1274 φησιν
1662 1207 1720 1258 ἐν
1763 1205 1917 1258 ἀλλο-

350 1294 536 1364 φύλοις
571 1293 963 1364 παροικοῦντα,
998 1292 1071 1364 μὴ
1108 1293 1183 1355 rb;
1223 1293 1444 1357 οίκείοις
1491 1293 1914 1365 προστετηκέναι

348 1388 460 1450 τοῖς
510 1387 566 1438 ἐν
616 1388 677 1456 τῇ
723 1387 829 1461 γῇ.
881 1386 1152 1455 Σκήνωμα
1199 1385 1254 1437 δὲ
1297 1383 1431 1438 Θεοῦ
1483 1387 1515 1454 ἡ
1573 1385 1702 1455 παρ’
1751 1383 1912 1437 αὐτοῦ

348 1476 599 1548 δεδομένη
642 1475 776 1546 σὰρξ
820 1480 886 1547 τῇ
915 1474 1009 1528 τοῦ
1037 1475 1321 1548 ἀνθρώπου
1354 1475 1497 1546 ψυχῇ
1542 1475 1676 1546 πρὸς
1708 1475 1916 1544 ἐνοίκη-

349 1585 452 1622 σιν.
503 1569 598 1631 Τίς
640 1562 754 1629 οὖν,
801 1567 875 1630 ώς
920 1567 1176 1639 ἀλλοτρίᾳ
1225 1567 1588 1638 κεχρημένος,
1641 1567 1917 1638 ἔγκαρπον

347 1660 515 1732 αὐτὴν
565 1659 873 1732 παραδώσει
916 1660 994 1732 τῷ
1033 1660 1317 1723 δεδωκότι,
1365 1661 1440 1724 ὡς
1471 1660 1537 1713 ἂν
1565 1659 1785 1729 γένηται
1827 1659 1918 1710 καὶ

345 1755 610 1825 σκήνωμα
659 1752 752 1807 τοῦ
799 1752 933 1806 Θεοῦ
977 1757 1091 1816 τοῖς
1143 1754 1316 1821 ἁγίοις
1366 1752 1733 1816 ἐνοικοῦντος-ς
1784 1746 1918 1803 Εἶτα

342 1845 480 1918 πρὸς
515 1845 576 1899 τὸ
607 1846 787 1917 μεῖζον
821 1845 1154 1918 προσκόπτει
1173 1861 1185 1875 '
1220 1844 1325 1898 Καὶ
1356 1845 1448 1910 τίς
1473 1840 1921 1911 κατασκηνώσει

2018 677 2112 738 spe
2170 663 2409 718 melioris
2461 663 2774 733 cOnjuneta.
2828 662 3184 729 Quamobrem
3241 665 3318 719 ait
3374 664 3580 724 David:

2017 754 2229 808 Advena
2248 771 2362 808 sum
2389 763 2437 806 et
2460 756 2783 824 peregrinus,
2820 756 2952 808 sicut
2980 772 3154 814 omnes
3191 767 3365 826 patres
3391 757 3492 810 mei
3511 757 3583 808 ⁸ο.

2016 845 2233 900 Advena
2263 862 2477 915 quoque
2515 854 2630 900 erat
2657 846 2954 908 Abraham,
2986 855 3169 919 utpote
3195 849 3286 916 qui
3321 864 3388 904 ne
3417 847 3584 903 vesti-

2016 938 2161 1008 gium
2205 938 2355 1008 pedis
2408 937 2744 1008 possideret,
2801 939 2996 1006 vixque
3054 941 3344 1009 sepultura!
3402 939 3609 1006 locum”

2017 1029 2296 1084 cocmerit.
2328 1029 2481 1093 Quod
2515 1046 2646 1084 sane
2677 1030 2972 1101 symbolice
3006 1030 3274 1100 significat
3306 1030 3606 1100 hominen;

2018 1122 2072 1174 in
2098 1137 2262 1176 carne
2293 1122 2580 1185 viventem,
2615 1137 2711 1175 ceu
2743 1122 3002 1175 advenam
3051 1122 3290 1192 reputari
3342 1121 3592 1194 debere;-

2017 1227 2248 1281 cumque
2289 1213 2356 1266 ab
2405 1212 2518 1281 ipsa
2557 1229 2722 1266 carne
2760 1215 3258 1282 transn'iigraverit,
3302 1222 3432 1271 tunc
3459 1229 3588 1284 pro-

2017 1298 2152 1367 priis
2185 1298 2237 1350 in
2283 1298 2505 1351 sedibus
2545 1301 2844 1368 quiescere.
2914 1302 2986 1354 Ac
3028 1302 3242 1356 beatum
3291 1318 3414 1358 esse
3450 1304 3585 1362 dicit

2015 1403 2162 1450 enim,
2201 1387 2290 1456 qui
2327 1403 2446 1440 eum
2476 1388 2614 1455 apud
2651 1388 2981 1455 alienigenas
3018 1389 3338 1445 habitaverit
3365 1430 3378 1452 ,
3410 1399 3584 1448 terre-

2017 1479 2103 1533 nis
2127 1479 2283 1548 quasi
2320 1480 2549 1548 pr0priis
2598 1480 2700 1534 sibi
2747 1481 2911 1536 rebus
2955 1497 3062 1536 non
3115 1481 3366 1538 addictus
3396 1482 3580 1538 fuerit.

2020 1569 2450 1625 Tabernaculum
2490 1582 2668 1625 autem
2695 1569 2786 1624 Dei
2826 1580 2906 1625 est
2937 1587 3086 1634 caro,
3119 1571 3314 1626 anima:
3356 1572 3424 1638 ab
3466 1573 3584 1646 ipso

2020 1669 2086 1717 ad
2127 1661 2478 1717 habitandum
2510 1678 2790 1719 concessa.
2825 1662 2956 1729 Quis
2997 1664 3177 1734 itaque
3204 1679 3266 1718 ea
3301 1672 3361 1718 ut
3410 1663 3585 1717 aliena

2021 1771 2175 1821 usus,
2206 1753 2518 1824 frugiferam
2551 1755 2794 1809 eamdem
2833 1756 3074 1825 largitori
3109 1755 3380 1818 restituet,
3405 1763 3464 1806 ut
3496 1754 3587 1809 iiut

2023 1845 2432 1900 tabernaculum
2467 1845 2590 1907 Dei,
2623 1847 2723 1915 qui
2763 1847 2818 1900 in
2850 1849 3054 1902 sanctis
3087 1846 3338 1900 habitat?
3382 1843 3587 1900 Deinde

339 1934 411 1987 ἐν
446 1934 564 2002 ὄρει
610 1935 756 2003 ἁγίῳ
802 1950 954 1996 σου;
1004 1935 1119 1986 Uine
1168 1935 1224 1985 ὲν
1270 1937 1337 2004 τῇ
1372 1934 1536 2006 γηῖνῃ
1567 1932 1726 1996 Σιὼν,
1778 1932 1914 2002 ὅπερ

2016 1952 2145 1990 vero
2167 1936 2233 1991 ad
2259 1937 2633 2006 praestantiora
2668 1937 2951 2006 procedit:
2998 1939 3105 1991 Aut
3142 1939 3257 2008 quis
3307 1938 3587 2008 requiescet

341 2025 621 2089 Ἰουδαίοις
652 2025 819 2086 δοκεῖ,
846 2025 978 2078 ἀλλὰ
1011 2027 1136 2095 περὶ
1165 2020 1231 2095 ἧς
1255 2027 1282 2078 ὁ
1302 2024 1512 2088 Παῦλός
1542 2041 1691 2095 φησιο
1722 2025 1915 2090 Προσ-
1935 2037 1960 2066 ον

341 2118 679 2184 εληλύθατε
725 2115 844 2183 ὄρει
878 2116 1025 2170 Θεοῦ
1058 2115 1296 2182 ζῶντος,
1334 2116 1718 2185 Ἰερουσαλὴμ
1742 2115 1919 2168 ἐπου-

338 2210 551 2277 ρανίῳ.
599 2208 891 2280 Παρελθὼν
936 2205 1028 2262 οῦν
1068 2227 1152 2272 τις
1195 2210 1292 2281 τὴν
1342 2209 1520 2279 σάρκα
1567 2209 1772 2280 ταύτην
1823 2206 1916 2260 καὶ

342 2298 623 2371 νεκρώσας
653 2299 818 2355 αὑτοῦ
855 2299 924 2352 τὰ
959 2299 1093 2368 μέλη
1125 2298 1194 2352 τὰ
1218 2299 1309 2350 ἐπὶ
1342 2299 1440 2368 τῆς
1471 2300 1592 2368 γῆς,
1638 2298 1728 2350 τὸν
1762 2298 1917 2365 ἁγια-

341 2393 480 2462 σμὺν
506 2389 876 2464 κατορθώσας,
899 2394 955 2445 ὲν
971 2393 1036 2461 τῇ
1059 2392 1188 2461 ἁγία
1210 2391 1620 2462 κατασκηνώσει
1649 2392 1817 2445 πόλει·
1847 2387 1916 2462 ἦς

339 2484 622 2555 ἐπιθυμῶν
685 2485 714 2536 ό
757 2484 918 2537 Δαυῖδ
963 2482 1151 2550 ἔλεγε·
1207 2485 1595 2552 Διελεύσομαι
1637 2485 1707 2537 ἐν
1756 2486 1915 2548 τόπῳ

337 2575 573 2644 σκηνῆς
627 2573 980 2643 θαυμαστῆς
1035 2573 1146 2639 ἕως
1172 2573 1279 2626 τοῦ
1340 2574 1509 2628 οίκου
1565 2574 1672 2629 τοῦ
1730 2574 1908 2628 Θεοῦο

339 2667 462 2731 καὶ,
525 2667 622 2732 Ὧς
669 2666 948 2735 ἀγαπητά
996 2663 1067 2726 sit
1121 2663 1480 2734 σκηνώματά
1529 2680 1683 2731 σου,
1736 2666 1913 2733 Κύριε

338 2758 456 2813 τῶν
525 2756 878 2828 δυνάμεων]
929 2757 990 2811 τὸ
1038 2758 1094 2811 δὲ
1143 2758 1331 2812 τούτου
1384 2757 1606 2812 σπάνιον
1659 2759 1912 2828 ἐμφαίνει

336 2850 420 2913 τὸ,
450 2850 563 2916 τίς,
587 2848 662 2912 ὡς
685 2848 765 2910 τὸ,
805 2849 900 2915 Τις
926 2848 1078 2918 ἔγνω
1111 2848 1218 2903 τὸν
1243 2849 1394 2904 νοῦν
1419 2851 1640 2917 Κυρίου
1655 2865 1674 2914 ;
1704 2851 1797 2902 καὶ
1828 2851 1910 2915 τὸ,

345 2942 438 3009 Τίς
463 2941 787 3012 ἀναγγελεῖ
813 2941 964 3011 ,ὑμῖν
999 2941 1107 2997 τὸν
1143 2943 1332 3001 τόπον
1371 2942 1478 2996 τὸν
1515 2941 1790 3005 αἱώνιον;
1820 2942 1914 2995 καὶ

338 3034 437 3097 τὸ,
493 3036 587 3100 Τίς
635 3034 750 3102 ἄρα
803 3037 1090 3104 φρόνιμος
1138 3034 1264 3102 καὶ,
1297 3033 1512 3100 πιστὸς
1568 3034 1878 3102 οἰκονόμος
1893 3050 1912 3098 ;
1951 3094 1955 3100 η

338 3124 564 3194 Μήποτε
607 3123 663 3176 δὲ
701 3124 814 3189 καὶ,
854 3124 944 3177 τὸν
973 3124 1105 3178 Θεὸν
1143 3125 1450 3196 ἐρωτήσας,
1481 3124 1639 3194 ἔτυχε
1681 3123 1922 3195 ἀποκρίον

314 3231 477 3279 καλεως
501 3231 518 3282 ὂ

413 3493 606 3561 Κύριε,
640 3494 730 3558 τίς
762 3491 1116 3560 παροικήσει
1157 3491 1228 3545 ἐν
1265 3488 1346 3558 τῷ
1382 3490 1727 3562 σκηνώματι
1758 3473 1914 3556 σονς

337 3583 386 3651 ἢ
409 3585 502 3651 τις
543 3583 997 3652 κατασκηνώσει
1039 3584 1109 3637 ἐν
1139 3583 1259 3651 ὄρει
1301 3584 1447 3653 ἁγίῳ
1482 3600 1637 3649 σου;
1666 3583 1817 3654 Τάχα
1855 3583 1913 3636 δὲ

337 3678 436 3732 καὶ
497 3676 526 3728 ὁ
585 3674 974 3746 μεθιστάμενος
1027 3676 1107 3737 είς
1154 3673 1404 3744 οὐρανὸν,
1462 3673 1538 3737 ὡς
1598 3674 1706 3728 ἀπὸ
1757 3674 1913 3744 ξένης

334 3766 489 3836 ἥκων
516 3765 798 3836 διατριϐῆς
815 3804 829 3829 ,
865 3766 1118 3836 παροικεῖ
1142 3780 1155 3794 ⁸
1188 3762 1323 3816 Θεοῦ
1345 3763 1452 3835 γὰρ
1491 3765 1753 3835 σκήνωμα
1776 3766 1805 3817 ὁ
1825 3765 1914 3816 οὐ-

337 3855 518 3927 ρανός.
555 3857 695 3928 Ὅρα
729 3855 786 3908 δὲ
816 3856 1012 3926 μήπως
1061 3856 1090 3906 ὁ
1130 3851 1405 3923 ἐπιμένων
1447 3856 1512 3924 τῇ
1547 3853 1792 3925 πολιτείᾳ
1821 3852 1914 3906 τοῦ

335 3948 523 4019 νόμου,
559 3948 637 4010 εἰς
663 3946 899 4018 Χριστὸν
931 3944 1086 4008 ὄντος
1121 3943 1475 4013 παιδαγωγοῦ
1501 3984 1514 4008 ,
1564 3948 1819 4016 παροικεῖ
1857 3948 1916 3999 ὲν

335 4041 415 4112 τῷ
462 4039 780 4112 σκηνώματι
820 4038 915 4092 τοῦ
950 4039 1178 4110 Κυρίου,
1238 4038 1367 4110 περὶ
1421 4036 1517 4108 τὴν
1569 4038 1772 4110 σκηνὴν
1821 4038 1915 4092 τοῦ

340 4133 639 4206 μαρτυρίου
684 4130 987 4195 τευτάζων·
1031 4131 1060 4182 ὁ
1101 4129 1162 4182 δὲ
1185 4129 1397 4198 φθάσας
1439 4131 1531 4182 ἐπὶ
1567 4129 1801 4200 Χριστὸν
1826 4131 1916 4184 καὶ

291 4225 436 4297 ,τὴν
484 4221 842 4294 εὐαγγελικὴν
905 4221 1251 4276 διδασκαλίαν
1313 4223 1650 4291 κατασκηνοῖ
1691 4221 1749 4273 ὲν
1800 4219 1916 4291 ὄρει

337 4317 479 4387 ἁγίῳ
529 4314 621 4370 τοῦ
652 4314 785 4368 Θεοῦ
815 4353 829 4377 ,
876 4314 1000 4385 περὶ
1043 4309 1104 4368 οὗ
1159 4312 1586 4384 προφητεύεται·
1632 4311 1916 4381 Ἐμφανές

334 4406 467 4459 ἐστι
509 4402 574 4456 τὸ
625 4401 760 4471 ὄρος
809 4400 914 4455 τοῦ
936 4401 1176 4468 Κυρίου.
1231 4401 1341 4453 Καὶ⁵
1386 4401 1578 4454 σκόπει
1623 4400 1805 4463 πάλιν,
1843 4400 1916 4472 μὴ

335 4495 475 4551 Θεοῦ
521 4496 618 4564 μὲν
667 4496 792 4567 ὅρος
835 4476 988 4562 ἅγιον
1031 4494 1059 4546 ὁ
1097 4493 1192 4546 τοῦ
1229 4492 1362 4548 Θεοῦ
1391 4495 1592 4560 Λόγοςο
1653 4493 1917 4563 σκήνωμα

333 4588 392 4642 δὲ
421 4587 608 4652 αὑτοῦ,
633 4587 692 4639 ὃν
720 4584 976 4640 ἀνέλαϐεν
1026 4585 1308 4656 ἄνθρωπον
1329 4602 1343 4614 ·
1395 4585 1488 4638 καὶ
1536 4584 1616 4637 δεῖ
1650 4584 1911 4656 πρότερον

334 4681 635 4750 ἐπιγνῶναι
683 4679 824 4733 κατὰ
867 4679 1044 4749 σάρκα
1069 4677 1330 4748 Χριστόν·
1377 4672 1496 4730 εἶτα
1535 4677 1918 4745 κατασκηνοῦν,

335 4774 396 4826 ὲν
441 4771 557 4844 ὄρει
604 4771 746 4840 ἁγίῳ
785 4769 953 4833 Θεοῦ,
999 4768 1329 4836 θεασάμενον
1374 4767 1472 4837 τὴν
1520 4764 1677 4830 δόξαν
1721 4766 1907 4829 αὑτοῦ,

334 4864 490 4929 δόξαν
519 4862 595 4927 ὡς
618 4861 952 4929 Μονογενοῦς
983 4861 1128 4932 παρᾶ
1156 4859 1368 4928 Πατρός
1390 4877 1404 4890 ο
1441 4861 1536 4912 καὶ
1575 4859 1751 4927 λέγειν
1777 4877 1789 4889 ⁸
1839 4863 1913 4916 Ei

335 4958 446 5026 τὰρ
480 4955 821 5026 ἐγνώκαμεν
857 4954 1004 5006 κατὰ
1054 4951 1251 5020 σάρκα
1281 4951 1558 5019 Χριστὸν,
1601 4953 1764 5007 ἀλλὰ
1794 4953 1909 5007 νῦν

335 5046 537 5102 οὐκέτι
575 5046 963 5117 γινώσκομεν.
1015 5045 1158 5116 Πρὸς
1205 5045 1294 5098 τὸν
1336 5044 1574 5098 τοιοῦτον
1612 5046 1720 5118 γάρ
1762 5046 1911 5119 εἴρη-

336 5156 460 5193 ται·
528 5139 645 5191 Ἐπ’
694 5138 830 5205 ὄρος
872 5137 1117 5206 ὑψηλὸν
1172 5135 1424 5203 ἀνάϐηθι
1474 5141 1508 5190 ὁ
1546 5138 1944 5207 εὐαγγελιζό-,

331 5248 514 5301 μενος
553 5230 670 5297 τὴν
717 5228 888 5283 Σιών.
947 5229 1154 5292 Ἀλλως
1209 5229 1334 5301 ὄρος
1385 5229 1479 5281 τοῦ
1512 5228 1644 5282 Θεοῦ
1690 5229 1751 5282 τὸ
1807 5228 1912 5282 ὑπὸ

341 5324 517 5395 μόνων
557 5322 724 5391 ἁγίων
753 5320 937 5392 ψυχῶν
965 5321 1058 5374 καὶ
1087 5321 1306 5374 τελείων
1341 5323 1396 5374 ὲν
1422 5320 1736 5394 δικαιοσύνῃ
1781 5339 1911 5374 κατ-

337 5414 793 5486 οικηθησόμενον·
867 5414 895 5464 ὁ
941 5413 1162 5484 οὐρανὸς
1217 5413 1411 5477 αὐτὸς,
1460 5415 1554 5466 καὶ
1605 5416 1636 5485 ή
1689 5413 1792 5476 ὑπὸ
1815 5413 1908 5466 τοῦ

336 5503 587 5576 Σωτῆρος
651 5500 1096 5571 εῦαγγελισθεῐσα
1168 5501 1412 5571 βασιλεία
1475 5503 1582 5556 τῶν
1642 5503 1904 5574 οὐρανῶν.

338 5593 487 5667 Αὕτη
526 5595 672 5649 ἐστὶν
705 5593 1054 5667 Ἰερουσαλὴμ
1083 5595 1116 5664 ἠ
1147 5596 1488 5664 ἐπουράνιοςο
1528 5597 1666 5666 αὕτη
1694 5597 1811 5663 ἐστὶ
1844 5596 1908 5649 τὸ

338 5687 478 5742 Σιὼν
507 5689 660 5761 ὄρος,
705 5689 792 5742 καὶ
831 5688 863 5757 ἡ
891 5687 1044 5750 πόλις
1076 5687 1166 5741 τοῦ
1199 5686 1333 5741 Θεοῦ
1378 5687 1471 5742 τοῦ
1505 5689 1732 5754 ζῶντος,
1765 5690 1909 5754 κατὰ

409 5843 456 5874 ²⁰
496 5841 638 5898 Psal.
677 5857 913 5907 uxvm,
955 5841 1038 5896 15.
1141 5843 1181 5872 ἰ
1225 5840 1391 5898 Hebr.
1429 5857 1536 5903 xu,
1569 5843 1658 5895 ‘22.

1757 5845 1801 5875 η
1843 5841 1988 5903 Psal.
2055 5859 2178 5901 su.
2213 5843 2264 5897 5.

2023 2029 2077 2080 in
2103 2037 2277 2082 monte
2301 2040 2484 2082 sancto
2515 2029 2784 2084 tuo?Non
2815 2030 2868 2083 in
2893 2032 3134 2085 terrestri
3167 2029 3296 2085 Sion
3322 2069 3337 2094 ,
3385 2037 3445 2084 ut
3486 2029 3586 2084 Ju-

2023 2117 2121 2172 daei
2151 2118 2519 2182 arbitrantur,
2553 2119 2648 2175 sed
2682 2120 2735 2173 in
2781 2135 2843 2175 ea
2872 2119 2939 2175 de
2972 2136 3078 2190 qua
3107 2120 3308 2177 Paulus
3340 2121 3454 2177 ait:
3484 2121 3589 2176 Ac-

2020 2208 2252 2262 cessistis
2295 2207 2364 2260 ad
2407 2217 2632 2261 montem
2682 2208 2782 2262 Dei
2839 2211 3086 2275 viventis,
3139 2209 3437 2267 Jerusalem
3486 2229 3587 2269 εω-

2023 2300 2200 2353 lestem
2238 2299 2302 2354 ²¹.
2354 2299 2612 2368 Quisquis
2665 2300 2830 2370 igitur
2878 2300 3065 2355 eadem
3116 2316 3280 2356 carne
3333 2302 3591 2372 quasi-in.

2021 2399 2343 2446 transcursu
2369 2407 2526 2454 usus,
2557 2391 2675 2460 ejus
2706 2391 2946 2445 membra
2971 2405 3134 2460 super
3166 2397 3366 2447 terram
3396 2392 3589 2447 morti-

2021 2483 2280 2550 ﬁeaverit,
2311 2490 2596 2553 postquam
2641 2481 3117 2536 sanctiﬁcationem
3153 2482 3297 2536 illam
3331 2497 3588 2538 consum-

2018 2576 2267 2638 maverit,
2299 2575 2564 2630 habitabit
2594 2575 2646 2628 in
2678 2584 2866 2629 sancta
2900 2573 2990 2628 illa
3010 2574 3266 2629 civitate:
3295 2574 3453 2643 cujus
3493 2572 3588 2630 de.

2020 2666 2222 2722 siderio
2251 2675 2432 2722 motus
2463 2666 2628 2720 David
2662 2666 2876 2721 aiebat:
2917 2664 3177 2720 Transibo
3209 2665 3265 2718 in
3303 2666 3474 2720 locum
3505 2674 3588 2720 ta-
3683 2739 3686 2742 _

2020 2758 2288 2812 bernaculi
2319 2757 2651 2812 admirabilis
2679 2775 2842 2828 usque
2889 2761 2957 2812 ad
3006 2759 3218 2812 domum
3257 2759 3357 2814 Dei
3379 2761 3461 2812 “z
3495 2770 3548 2812 et
3571 2799 3585 2823 ,
3683 2745 3686 2748 ’

2020 2849 2193 2915 Quam
2221 2849 2412 2903 dilecta
2441 2850 2781 2904 tabernacula
2811 2860 2925 2913 tua,
2955 2849 3174 2904 Domine
3201 2851 3454 2904 virtutum
3499 2853 3542 2884 ⁸³
3568 2853 3599 2904 l‘

2019 2938 2156 2995 Illud
2189 2951 2388 3005 autem,
2420 2942 2556 3011 quis,
2581 2941 2770 2995 talium
2820 2941 3099 2995 hominum
3149 2941 3425 2996 raritatem
3458 2942 3590 2995 sub-

2019 3032 2254 3096 indicat;
2313 3032 2623 3100 cujusmodi
2669 3039 2753 3088 cst
2806 3032 2976 3087 illud:
3024 3031 3156 3098 Quis
3188 3032 3329 3085 novit
3379 3048 3589 3085 sensum

2020 3123 2236 3179 Domini
2269 3124 2342 3192 ’⁵-ς
2378 3133 2430 3179 et
2459 3123 2630 3178 illud:
2683 3123 2815 3190 Quis
2859 3122 3193 3177 aununtiabit
3226 3122 3369 3177 vobis
3417 3122 3588 3176 locum

2020 3219 2315 3273 aeternum?
2350 3222 2512 3286 atque
2557 3215 2689 3270 illud
2718 3235 2731 3270 :
2774 3214 2906 3281 Quis
2935 3223 3014 3270 est
3047 3213 3278 3284 prudens
3309 3230 3372 3266 ac
3415 3210 3598 3282 ﬁdelis-

1939 3293 1981 3352 (ἶ
2014 3327 2308 3365 ασοηοηιιιε
2337 3309 2420 3363 ’δῖ
2443 3307 2698 3377 Nunquid
2736 3315 3025 3377 postquam
3063 3305 3233 3360 Deum
3285 3304 3603 3376 ἰδίου-σεεμ.

2013 3403 2111 3464 vit,
2143 3399 2555 3471 responsionem
2587 3397 2860 3452 obtinuit?

2082 3492 2338 3556 Domine,
2365 3491 2482 3564 quis
2511 3488 2770 3543 habitabit
2825 3488 2884 3541 in
2926 3486 3266 3541 tabernaculo
3318 3487 3452 3541 tuo?
3497 3493 3602 3537 aut-

2012 3585 2128 3656 quis
2158 3585 2438 3656 requiescet
2468 3585 2522 3637 in
2548 3591 2723 3636 monte
2747 3589 2930 3634 sancto
2957 3581 3083 3634 tuo?
3114 3576 3389 3632 Fortassis
3421 3576 3586 3630 etiam

2015 3678 2105 3746 qui
2143 3678 2198 3730 in
2223 3677 2419 3731 malum
2454 3674 2805 3738 transfertur,
2843 3681 3026 3743 utpote
3078 3670 3175 3740 qui
3221 3685 3251 3723 a
3289 3667 3607 3739 peregriuig

2016 3768 2239 3822 sedibus
2267 3767 2488 3831 veniat,
2537 3765 2783 3818 habitare
2819 3763 3040 3818 dicitur.
3089 3759 3224 3814 Nam
3263 3759 3598 3814 tabemacu-.

2016 3858 2129 3913 lum
2159 3857 2253 3913 Dei
2288 3857 2484 3912 caelum
2507 3863 2612 3910 est.
2644 3856 2819 3924 Atque
2851 3853 3170 3908 consideres
3207 3852 3367 3907 velim
3391 3891 3408 3916 ,
3457 3866 3590 3905 num

2017 3948 2111 4020 qui
2150 3948 2253 4003 sub
2287 3948 2402 4017 lege
2444 3955 2712 4010 versatur,
2745 3960 2866 4016 qua:
2897 3945 3109 4000 scilicet
3137 3943 3305 3999 veluti
3335 3943 3596 4015 paedaqu

2017 4056 2118 4112 gus
2147 4041 2212 4094 ad
2239 4039 2440 4093 Christi
2469 4037 2810 4107 disciplinam
2843 4037 3029 4093 haberi
3057 4044 3254 4107 potest,
3291 4034 3497 4090 habitet
3534 4035 3606 4095 in,

2018 4133 2368 4188 tabernaculo
2398 4130 2631 4194 Domini.
2659 4132 2806 4186 circa
2850 4129 3262 4184 tabernaculum
3294 4127 3604 4183 testimonii

2019 4222 2439 4280 sollicitudinem
2499 4223 2742 4289 habens;
2793 4229 2955 4291 atque
2999 4220 3046 4276 is
3075 4221 3169 4292 qui
3212 4218 3280 4273 ad
3311 4217 3612 4278 Christum.

2021 4332 2192 4387 usque
2221 4316 2465 4387 pervenit
2497 4323 2552 4370 et
2583 4314 2648 4368 ad
2679 4314 3046 4386 evangelicam
3076 4313 3416 4380 doctrinam,
3458 4327 3590 4366 num
3667 4311 3671 4331 ’

2017 4407 2425 4462 tabernaculum
2457 4405 2699 4476 posuerit
2729 4404 2782 4458 in
2808 4411 2990 4459 monte
3019 4410 3210 4458 sancto
3236 4401 3352 4465 Dei.
3383 4402 3451 4458 de
3482 4415 3606 4471 quo.
3663 4408 3670 4462 ξ

2019 4500 2284 4570 propheta
2318 4498 2451 4552 dicit
2480 4517 2494 4552 :
2537 4496 2856 4566 Perspicuus
2895 4505 2971 4550 est
2999 4511 3150 4549 mons
3173 4494 3392 4548 Domini
3420 4495 3487 4545 “.
3511 4490 3602 4546 Ac.

2018 4595 2217 4648 iterum
2271 4592 2405 4646 mihi
2465 4591 2770 4660 perpendas
2823 4588 3022 4651 velim,
3073 4601 3255 4640 annon
3291 4599 3450 4638 mons
3500 4583 3607 4640 ille.

2018 4694 2242 4740 sanctus
2300 4683 2515 4738 Domini
2579 4683 2651 4737 sit
2679 4679 2918 4736 Verbum
2970 4678 3129 4746 ejus;
3180 4674 3594 4730 tabernaculum

2017 4784 2198 4831 autem
2231 4774 2370 4843 ejus,
2404 4774 2567 4827 homo
2594 4785 2754 4840 quem
2782 4767 3116 4836 assumpsit:
3146 4779 3326 4820 annon
3351 4779 3488 4834 opus
3520 4763 3609 4820 sit.

2016 4867 2193 4936 primo
2251 4862 2531 4932 Christum
2583 4858 2883 4917 secundum
2945 4870 3164 4911 carnem
3227 4869 3590 4925 cognoscere;

2016 4955 2319 5023 deindeque
2351 4951 2758 5009 tabernaculum
2808 4963 3010 5018 ponere
3057 4947 3113 5004 in
3164 4954 3350 5016 monte
3403 4952 3602 5005 sancto

2016 5046 2134 5108 Dei.
2158 5062 2280 5100 eum
2308 5045 2518 5099 scilicet
2544 5041 2636 5113 qui
2670 5041 2864 5095 viderit
2892 5039 3121 5110 gloriam
3160 5039 3280 5109 ejus
3307 5079 3323 5104 ,
3359 5039 3598 5109 gloriam

2013 5137 2171 5206 quasi
2216 5134 2505 5205 Uuigeniti
2546 5148 2576 5186 a
2631 5129 2822 5198 Patre;
2875 5139 3040 5202 atque
3095 5129 3312 5190 dicere:
3360 5128 3590 5184 Sienim

2013 5229 2346 5299 cognovimus
2376 5223 2662 5288 secundum
2692 5239 2904 5287 carnem
2942 5222 3215 5287 Christum
3245 5238 3263 5276 :
3305 5221 3394 5284 sed
3446 5236 3590 5275 nunc

2004 5322 2123 5390 jam
2174 5336 2278 5374 non
2324 5319 2563 5372 novimus
2589 5318 2656 5372 °".
2709 5314 3033 5384 liujusmodi
3087 5329 3323 5380 namque
3377 5311 3588 5370 homini

2015 5413 2217 5468 dictum
2245 5419 2373 5466 est:
2425 5410 2591 5478 Super
2616 5419 2840 5475 montem
2892 5407 3154 5466 excelsum
3196 5403 3451 5466 ascende,
3499 5402 3592 5471 qui

2013 5505 2341 5576 euangelicos
2375 5502 2505 5563 Sion
2536 5505 2598 5556 ²⁸.
2649 5503 2766 5556 Alia
2823 5510 3008 5558 autem
3063 5501 3278 5555 ratione
3329 5498 3586 5559 dicatur,

2013 5608 2249 5654 montem
2281 5597 2374 5654 Dei
2400 5613 2543 5658 esse,
2572 5598 2628 5650 in
2664 5613 2772 5667 quo
2799 5595 3063 5650 duntaxat
3084 5596 3276 5649 animae
3306 5596 3506 5647 sanctae
3533 5594 3594 5645 et

2012 5691 2065 5756 in
2110 5689 2323 5759 justitia
2383 5688 2635 5759 perfectae
2696 5687 3052 5750 habitabant,
3108 5681 3358 5737 videlicet
3409 5680 3590 5749 ipsum

2367 5845 2414 5874 ’³
2451 5843 2592 5901 Ρεοι.
2635 5859 2837 5898 LXXXIII
2861 5880 2880 5910 ,
2912 5841 2966 5898 2.
3067 5838 3170 5910 “ﬁl
3200 5838 3327 5894 Cor.
3366 5853 3401 5893 ιι
3431 5878 3448 5904 ,
3484 5837 3583 5905 i6,
3624 5906 3636 5911 _

340 5915 388 5958 υ
427 5911 562 5976 Luc.
604 5928 680 5969 xu
705 5951 720 5981 ,
751 5913 837 5977 ἀΰ.
914 5913 959 5945 ⁸⁸
998 5911 1102 5970 lsa.
1147 5928 1216 5979 ιι,
1247 5912 1302 5966 2.
1383 5915 1427 5946 ¹⁷·
1471 5913 1510 5967 ιι
1543 5911 1668 5969 Cor.
1704 5929 1771 5980 ν,
1805 5913 1890 5968 ib’.

2053 5912 2156 5969 lsa.
2193 5929 2289 5981 XL,
2326 5915 2387 5977 9._
