4086 6514
497 348 587 403 IS!

1165 347 1436 406 EUSEBII
1465 349 1944 414 CIESABIENSIS
1980 345 2132 408 OPP.
2174 348 2356 405 PARS
2392 347 2480 404 ill.
2517 379 2584 388 —-
2623 347 3036 404 EXEGETICA.

3657 340 3801 397 152

490 463 730 531 cmlum,
771 473 935 536 atque
980 464 1116 520 illud
1169 481 1200 519 a
1232 464 1514 522 Salvatore
1549 468 1929 524 annuntiatum
1989 483 2076 533 re-

2185 468 2276 521 τὲιν
2333 466 2474 538 ἱερὸν
2513 465 2851 529 Ἀπόστολον,
2903 465 2964 528 ὃς
3024 480 3155 535 φησι
3189 480 3201 494 ο
3261 461 3803 529 Προσεληλύθατε

488 571 658 625 gnum
689 557 970 613 caelorum.
995 556 1120 613 Haec
1147 567 1232 614 est
1288 556 1593 614 Jerusalem
1639 561 1922 617 cmlestis:
1964 560 2080 617 inec

488 645 608 717 ipsa
637 656 722 703 est
757 665 915 705 mons
944 649 1073 704 Sion
1140 655 1195 703 et
1241 649 1436 705 civitas
1495 648 1592 705 Dei
1638 651 1893 715 viventis,
1923 650 2078 720 juxta

485 755 709 795 sacrum
763 741 1083 812 Apostolum
1140 741 1236 812 qui
1296 741 1416 795 ait:
1465 741 1787 796 Accessistis
1833 741 1901 795 ad
1949 741 2079 797 Sion

488 843 757 902 montem,
803 844 853 889 et
909 835 1174 889 civitatem
1226 833 1326 888 Dei
1360 835 1575 891 viventis
1636 833 1936 908 Jerusalem
1977 851 2079 897 ca:-

489 925 669 980 lestem
700 928 766 981 3’.
794 924 898 980 Per
924 925 1341 995 tabernaculum
1381 934 1561 996 autem
1608 926 1843 996 idipsum
1873 927 2078 983 intelli-

486 1017 654 1087 gitur,
687 1016 830 1088 quod
870 1034 1090 1073 sursum
1125 1018 1181 1073 in
1215 1028 1402 1075 monte
1431 1019 1793 1080 constitutum
1826 1030 1939 1089 est,
1998 1022 2079 1077 uti

483 1111 684 1167 dicitur
715 1130 728 1166 :
763 1110 1008 1166 Christus
1040 1122 1216 1166 autem
1269 1114 1523 1169 assistens
1577 1116 1817 1184 pontifex
1873 1116 2081 1184 futuro-

483 1224 603 1259 rum
635 1206 895 1260 bonorum
915 1244 930 1269 ,
980 1219 1072 1273 per
1109 1205 1338 1273 amplius
1372 1213 1421 1260 et
1450 1206 1734 1276 perfectius
1765 1211 2079 1264 tabernacu-

483 1301 595 1353 lum
627 1315 730 1354 non
755 1297 1143 1368 manufactum,
1177 1296 1232 1361 id
1265 1308 1365 1365 est,
1391 1316 1495 1364 non
1521 1299 1679 1369 hujus
1705 1304 1985 1364 creationis
2008 1304 2074 1361 '°.

555 1389 684 1446 Haec
706 1406 832 1446 cum
864 1391 1052 1446 Davidi
1087 1391 1144 1446 in
1174 1399 1411 1450 mentem
1447 1394 1719 1461 venirent,
1761 1395 1841 1451 sic
1869 1397 2076 1455 vocife-

482 1491 639 1537 ratus
698 1492 818 1538 εδει
860 1482 1100 1554 Domine,
1134 1486 1251 1555 quis
1309 1485 1573 1552 habitabit
1628 1489 1683 1549 in
1736 1488 2076 1553 tabernacula

485 1577 620 1631 tuo?
651 1573 801 1632 Talis
821 1574 966 1630 enim
1003 1591 1191 1632 revera
1223 1578 1408 1645 homo,
1439 1578 1532 1649 qui
1581 1579 1794 1635 scilicet
1839 1597 2076 1640 ascensu

481 1665 802 1737 liujusmodi
832 1677 883 1721 et
917 1666 1260 1739 habitatione
1282 1671 1496 1728 cceleSti
1522 1671 1725 1742 dignus
1765 1673 1866 1741 sit,
1915 1691 2075 1732 rarus

482 1761 801 1826 admodum,
839 1769 892 1816 et
927 1777 1033 1817 non
1067 1763 1291 1832 obvius,
1331 1773 1392 1818 ut
1430 1765 1520 1820 vix
1548 1781 1692 1821 unus
1737 1766 1791 1820 in
1833 1767 2075 1828 millibus

482 1859 758 1918 occurrat.
823 1852 1261 1908 Tabernaculum
1308 1855 1493 1926 itaque
1528 1856 1660 1912 illud
1694 1858 1916 1914 cmleste
1960 1858 2075 1928 jam

482 1951 869 2018 memoratum,
901 1943 1243 2001 domicilium
1298 1945 1474 2017 ipsius
1533 1946 1629 2004 Dei
1677 1948 1880 2005 fuerit:
1911 1949 2076 2020 homo

481 2053 614 2094 vero
641 2037 737 2109 qui
778 2052 809 2092 a
837 2045 1053 2110 terrena
1083 2039 1176 2094 illa
1201 2041 1655 2106 commoratione,
1690 2058 1788 2098 ceu
1830 2060 1861 2105 ιι
1895 2045 2074 2115 capti-

480 2131 671 2194 vitate,
705 2129 760 2184 in
791 2130 1016 2196 cmleste
1038 2131 1171 2186 illud
1206 2132 1622 2192 tabernaculum
1655 2135 2076 2201 transferendus

481 2229 602 2288 est,
646 2224 804 2294 quasi
845 2224 1169 2298 peregrinus
1211 2231 1266 2280 et
1305 2225 1513 2281 advena
1562 2227 1678 2282 illic
1709 2229 1852 2293 erit,
1887 2238 2076 2302 utpote

482 2311 577 2382 qui
605 2312 824 2371 aliunde
854 2322 909 2372 et
933 2329 1000 2368 ex
1031 2314 1211 2380 aliena
1236 2316 1462 2386 regione
1490 2316 1682 2376 eodem
1713 2321 2076 2390 transmigra-

482 2403 667 2472 vcrit;
705 2413 1041 2476 quapropter
1092 2404 1302 2460 dictum
1353 2405 1498 2472 fuit,
1547 2407 1678 2476 Quis
1713 2408 1971 2470 habitabit
2021 2413 2076 2466 in

487 2495 828 2558 tabernaculo
862 2499 986 2553 tuo?
1019 2496 1220 2553 Beatus
1273 2506 1455 2554 autem
1503 2485 1597 2570 qui
1631 2501 1687 2557 in
1735 2502 1856 2573 ipso
1889 2513 2076 2562 monte

485 2589 819 2646 constitutus
867 2606 931 2646 ac
963 2592 1324 2649 conﬁrmatus
1368 2593 1564 2662 fuerit;
1608 2611 1733 2650 cum
1779 2597 2076 2655 doceamur

484 2680 829 2737 mansionem
861 2683 1042 2751 istam,
1067 2686 1247 2756 dignis
1280 2687 1598 2750 hominibus
1627 2695 1872 2760 paratam
1893 2731 1909 2753 ,
1962 2699 2073 2748 sta-

485 2773 650 2843 bilem
684 2783 1115 2848 perpetuamque
1137 2778 1276 2835 fore.

559 2866 727 2923 Vens.
875 2868 980 2934 Qui
1026 2870 1221 2926 incedit
1269 2872 1380 2926 sine
1437 2873 1676 2939 macula,
1729 2885 1780 2929 et
1822 2884 2075 2944 operatur

483 2959 774 3034 iustitiam.
831 2959 952 3019 Non
1009 2963 1155 3017 enim
1219 2967 1381 3034 unica
1443 2981 1530 3021 res
1575 2975 1728 3038 gesta
1787 2975 2074 3024 strenuum

486 3053 764 3109 hominem
799 3055 866 3110 ad
929 3056 1322 3126 perfectionem
1381 3058 1566 3127 ducit;
1620 3061 1716 3118 sed
1761 3077 1858 3132 per
1899 3070 2071 3118 totam

486 3148 651 3202 vitam
682 3147 900 3202 virtutis
931 3150 1196 3219 operibus
1231 3151 1636 3220 insistendum;
1677 3160 1736 3207 ut
1774 3154 1828 3208 in
1861 3153 1964 3211 hac
1989 3155 2075 3210 via

488 3240 754 3309 inculpati
790 3256 854 3296 ac
885 3243 1118 3298 crimine
1153 3245 1316 3298 vacui
1352 3259 1699 3300 censeamur.
1729 3245 1796 3299 Et
1835 3247 1950 3304 haec
1986 3248 2078 3303 illa

489 3328 751 3383 salutaris
809 3330 1049 3400 cognitio
1120 3330 1322 3396 fuerit,
1377 3346 1544 3402 quam
1607 3331 1722 3404 ipse
1780 3331 1937 3394 all‘ert
1993 3335 2080 3395 bis

487 3420 674 3493 verbis
704 3439 716 3474 :
752 3419 864 3496 Ego
897 3438 1016 3476 sum
1049 3423 1132 3476 via
1162 3423 1228 3475 ³¹.
1257 3422 1484 3492 Oportet
1516 3425 1662 3480 enim
1694 3433 1817 3495 post
1843 3426 2080 3496 primum

491 3513 699 3570 editum
747 3531 887 3588 opus
926 3516 1164 3582 bonum,
1221 3519 1561 3592 singulorum
1624 3519 2079 3589 subscquentium

494 3615 814 3679 gesturum,
873 3617 934 3663 ut
990 3610 1200 3666 scilicet
1237 3626 1365 3666 cum
1409 3611 1625 3682 justitia
1694 3613 2078 3682 admittuntur,

491 3713 682 3758 curam
721 3706 775 3754 et
814 3700 1237 3756 sollicitudinem
1266 3718 1475 3774 gerere.

564 3789 731 3860 Vens.
777 3793 831 3847 5.
879 3793 984 3860 Qui
1031 3794 1264 3865 loquitur
1309 3796 1584 3850 veritatem
1638 3797 1694 3850 in
1751 3797 1913 3851 corde
1958 3814 2076 3864 suo,

491 3883 594 3953 qui
622 3900 725 3938 non
768 3885 873 3955 egit
916 3885 1098 3940 dolum
1153 3887 1205 3941 in
1244 3888 1426 3957 lingua
1467 3903 1590 3942 sua.
1638 3886 1758 3944 Non
1791 3898 1875 3943 est
1915 3889 2080 3959 igitur

492 3977 640 4046 quod
671 3978 796 4057 quis
831 3994 896 4033 ex
942 3979 1284 4043 rudioribus,
1321 3980 1406 4042 his
1447 3979 1636 4048 probis
1679 3980 1841 4038 editis
1873 3981 2082 4040 facino-

491 4067 672 4130 ribus,
700 4084 823 4136 sese
847 4069 1065 4142 ederat;
1099 4085 1168 4128 ne
1198 4085 1299 4126 ceu
1324 4070 1610 4141 naufragio
1636 4069 1781 4142 [acto
1811 4073 2078 4128 bonorum

487 4158 764 4230 jacturam
800 4161 985 4218 faciat.

565 4250 736 4325 Vens.
767 4253 821 4322 4.
885 4254 969 4310 Ad
1027 4254 1252 4312 nihilum
1297 4255 1553 4316 deductus
1593 4267 1671 4312 est
1717 4258 1773 4312 in
1801 4268 2078 4327 conspectu

491 4343 608 4408 eius
654 4344 942 4417 malignus,
991 4347 1231 4416 timentes
1267 4356 1443 4421 autem
1467 4345 1749 4402 Dominum
1787 4349 2076 4420 gloriﬁcat.

495 4437 602 4503 Qui
638 4429 1075 4507 jurat'proximo
1116 4455 1233 4503 suo,
1279 4448 1329 4494 et
1366 4456 1470 4493 non
1512 4440 1723 4510 decipit.
1761 4441 1863 4496 Hic
1889 4459 1988 4512 pro
2022 4458 2079 4498 re

2182 559 2336 612 Σιὼν
2359 558 2515 626 ὄρει,
2551 557 2650 610 καὶ
2678 558 2849 610 πόλει
2899 555 3047 610 Θεοῦ
3090 553 3320 621 ζῶντος,
3373 553 3798 622 Ἰερουσαλὴμ

2179 653 2534 721 ἐπουρανίῳ.
2591 651 2703 720 Τὴν
2747 650 2805 702 δὲ
2852 647 3055 719 σκηνὴν
3103 648 3316 718 νοήσεις
3367 647 3464 716 τὴν
3514 644 3626 699 ἄνω
3670 646 3794 698 ἐπὶ

2180 745 2273 802 τοῦ
2339 747 2498 814 ὅρους
2554 743 2846 816 ἱδρυμένην
2909 742 3018 795 ἀπὸ
3070 738 3165 794 τοῦ
3223 739 3518 810 φάσκοντος
3572 737 3785 807 λόγουο

2178 839 2433 909 Χριστὸς
2475 837 2544 892 δὲ
2590 835 3074 905 παραγενόμενος
3119 831 3427 902 ἀρχιερεὺς
3461 829 3577 884 τῶν
3609 835 3786 900 μελ-

2179 932 2412 985 λόντων
2458 928 2695 1000 ἀγαθῶν
2729 927 2828 981 διὰ
2871 925 2984 995 τῆς
3027 922 3295 996 μείζονος
3340 922 3438 977 καὶ
3478 923 3789 978 τελειοτέ-

2170 1039 2286 1090 ρας
2337 1021 2610 1090 σκηνῆς,
2665 1022 2737 1074 οὐ
2789 1017 3240 1088 χειροποιήτου,
3294 1016 3628 1079 τουτέστιν,
3689 1018 3784 1070 οὐ

2179 1117 2400 1187 ταύτης
2422 1115 2535 1186 τῆς
2562 1115 2832 1181 κτίσεως.

2251 1389 2470 1442 Τούτων
2515 1389 2805 1462 τοιγαροῦν
2838 1392 2933 1443 καὶ
2978 1393 3006 1444 ό
3035 1389 3195 1446 Δαιὶῒδ
3221 1391 3301 1453 εἰς
3333 1388 3539 1443 ἔννοιαν
3568 1387 3770 1456 ἐλθὼν,

2178 1481 2453 1553 ἀναφωνεῖ
2501 1483 2711 1552 λέγων’
2766 1484 2984 1551 Κύριε,
3034 1483 3126 1549 τίς
3167 1481 3520 1550 παροικήσει
3568 1482 3638 1535 ἐν
3681 1481 3774 1548 τῷ

2177 1573 2523 1645 σκηνώματι
2571 1592 2719 1638 σου;
2752 1575 2995 1646 Ἀληθῶς
3044 1574 3155 1646 γὰρ
3207 1573 3430 1637 σπάνιος
3477 1573 3575 1626 καὶ
3625 1574 3762 1626 δυσ-

2177 1668 2421 1742 εὐρετος,
2459 1671 2554 1724 καὶ
2585 1665 2666 1734 εἷς
2700 1687 2801 1724 που
2843 1669 2950 1723 ἀπὸ
2987 1668 3215 1740 μυρίων,
3247 1669 3276 1720 ὁ
3305 1668 3404 1738 τῆς
3444 1665 3775 1730 ἀναϐάσεως

2179 1763 2395 1834 ἐκείνης
2442 1764 2536 1817 καὶ
2580 1766 2681 1834 τῆς
2738 1765 2798 1817 ὲν
2857 1761 3108 1832 οὐρανοῖς
3168 1767 3547 1830 παροικήσεως
3591 1756 3770 1823 ἄξιος.

2179 1858 2253 1911 Τὸ
2290 1858 2387 1928 μὲν
2421 1851 2516 1912 οὖν
2548 1854 2784 1926 δηλωθὲν
2816 1855 3102 1925 σκήνωμα,
3137 1851 3197 1905 τὸ
3231 1854 3288 1904 ὲν
3314 1851 3582 1921 οὐρανοῖς,
3607 1850 3774 1919 οἰκη-

2178 1952 2367 2024 τήριον
2427 1948 2594 2010 αὐτοῦ
2638 1949 2834 2018 γένοιτ’
2867 1946 2934 2000 ἂν
2975 1945 3071 1999 τοῦ
3119 1942 3291 1998 Θεοῦδ
3341 1942 3627 2014 ἄνθρωπος
3672 1941 3768 2009 δὲ,

2178 2046 2367 2119 ὥσπερ
2410 2046 2520 2100 ἀπὸ
2570 2043 2947 2116 αἰχμαλωσίας
2995 2043 3090 2113 τῆς
3141 2039 3282 2094 κατὰ
3325 2040 3435 2110 γῆν
3483 2039 3772 2110 διατριϐῆς

2181 2139 2392 2211 μέλλων
2421 2136 2778 2208 μεθίστασθαι
2805 2136 2900 2190 ἐπὶ
2925 2135 3024 2206 τὴν
3049 2134 3298 2206 οὐράνιον
3327 2132 3771 2212 κατασκήνωσιν,

2177 2232 2365 2304 ὥσπερ
2412 2250 2495 2296 τις
2542 2232 2689 2296 ξένος
2734 2232 2827 2285 καὶ
2865 2229 3126 2300 πάροικος
3171 2228 3323 2281 ἔσται
3373 2229 3519 2292 ἐκεῖ,
3560 2227 3654 2281 ἆτε
3699 2225 3768 2298 δὴ

2178 2324 2442 2396 ἑτέρωθεν
2471 2322 2810 2394 μετανάστης
2841 2318 3111 2390 γεγονὼς,
3142 2321 3236 2374 καὶ
3262 2317 3320 2384 ἐξ
3350 2318 3542 2392 ἐτέρας
3571 2315 3773 2389 ὡρμηι-¹

2181 2416 2339 2488 μένος
2399 2414 2581 2487 χώρας
2600 2432 2613 2444 ·
2646 2414 2727 2468 διὸ
2754 2413 3035 2467 λέλεκται·
3076 2413 3167 2478 Τίς
3199 2410 3552 2480 παροικήσει
3583 2411 3652 2463 ἐν
3684 2408 3768 2474 τῲ

2177 2507 2521 2579 σκηνώματι
2559 2523 2709 2572 σου;
2743 2507 3029 2579 Μακάριος
3073 2506 3130 2559 δὲ
3162 2507 3190 2558 ὁ
3216 2507 3272 2559 ὲν
3286 2504 3434 2574 αὐτῷ
3472 2503 3768 2572 γενόμενος

2174 2601 2254 2672 τῷ
2282 2601 2428 2672 ὄρει,
2460 2601 2555 2656 καὶ
2599 2597 2832 2670 ίδρυθεὶς
2872 2600 2930 2651 ὲν
2963 2597 3130 2668 αὐτῷ,
3165 2594 3259 2650 τοῦ
3288 2595 3448 2664 λόγου
3485 2594 3764 2647 διδάσκον-

2175 2711 2268 2760 τος
2301 2693 2614 2763 παράμονον
2641 2690 2860 2745 ἔσεσθαι
2887 2691 2982 2745 καὶ
3013 2688 3422 2754 διαιωνίζουσαν
3454 2691 3567 2751 τοῖς
3594 2686 3766 2750 ἀξίοις

2175 2787 2276 2859 τὴν
2301 2785 2468 2858 αὐτὴν
2503 2785 2690 2856 μονήν.

2245 2879 2651 2947 Πορευόμενος
2667 2875 2923 2946 ἄμωμος,
2949 2872 3046 2930 καὶ
3063 2870 3450 2944 ἐργαζόμενος
3471 2872 3767 2925 δικαιοσύ-

2175 2988 2314 3040 νην.
2350 2970 2424 3023 Οὐ
2458 2970 2567 3040 γὰρ
2593 2969 2693 3040 μία
2719 2967 2917 3040 πρᾶξις
2945 2965 3139 3019 τελειοῖ
3171 2964 3262 3017 τὸν
3298 2963 3602 3026 σπουδαῖον,
3629 2960 3765 3014 ἀλλὰ

2176 3063 2338 3117 παντὶ
2376 3061 2621 3134 προσῆκε
2663 3060 2743 3132 τῷ
2784 3059 2884 3131 βίῳ
2915 3060 3036 3121 ταῖς
3071 3057 3194 3110 κατ’
3231 3056 3430 3127 ἀρετὴν
3463 3054 3766 3125 ἐνεργείαις

2103 3169 2145 3228 α
2180 3154 2742 3228 συμπαρατείνεσθαι,
2782 3155 2868 3207 ἵνα
2901 3151 3119 3223 ἄμωμοι
3153 3151 3246 3203 καὶ
3280 3149 3601 3218 ἀνέγκλητοι
3642 3147 3766 3202 κατ’Δ

2184 3248 2353 3320 αὐτὴν
2384 3246 2673 3318 γενώμεθα
2698 3245 2795 3316 τὴν
2823 3244 2958 3298 ὀδόν.
2991 3243 3093 3314 Είη
3126 3243 3170 3296 δ’
3193 3241 3259 3295 ἂν
3286 3241 3421 3312 αὕτη
3445 3242 3478 3312 ἡ
3501 3243 3765 3313 σωτήριος

2181 3340 2402 3411 γνῶσις,
2429 3341 2494 3411 ἣν
2518 3339 2677 3401 αὐτὸς
2701 3335 2970 3408 παριστὰς
2993 3335 3196 3402 ἔλεγεν·
3235 3331 3374 3402 Ἐγώ
3403 3335 3515 3401 εἰμι
3539 3334 3576 3399 ἡ
3602 3331 3762 3396 ὁδός.

2182 3433 2274 3488 Δεῖ
2321 3431 2432 3503 γὰρ
2475 3429 2613 3502 πρὸς
2644 3429 2723 3500 τῷ
2758 3426 2958 3499 πρώτῳ
2997 3424 3402 3497 κατορθώματι,
3441 3425 3534 3477 καὶ
3570 3424 3670 3494 τῆς
3695 3423 3766 3476 δι’

2183 3524 2360 3595 ἔργων
2416 3525 2512 3578 καὶ
2565 3521 2816 3596 πράξεων
2869 3520 2977 3574 τῶν
3031 3523 3089 3574 ὲν
3135 3518 3447 3589 δικαιοσύνῃ
3509 3519 3767 3590 πρόνοιαν

2183 3617 2471 3673 ποιεῖσθαι.

2254 3797 2469 3860 Λαλῶν
2493 3797 2783 3864 ἀλήθειαν
2813 3796 2884 3850 ἐν
2910 3795 3121 3863 καρδίᾳ
3155 3794 3359 3848 αὐτοῦε
3401 3793 3468 3859 ὃς
3499 3793 3609 3844 οὐκ
3634 3789 3767 3844 ἐδό-

2181 3895 2384 3946 λωσεν
2411 3889 2481 3943 ἐν
2509 3887 2761 3958 γλώσσῃ
2800 3885 3008 3939 αὐτοῦ.
3053 3885 3124 3938 Οὐ
3159 3883 3239 3936 δεῖ
3266 3884 3446 3936 τοίνυν
3501 3881 3767 3935 κατεπαίσο

2185 3981 2375 4055 ρεσθαί
2395 3999 2516 4034 τινα
2543 3978 2652 4033 τῶν
2682 3975 3049 4048 ἀτελεστέρων
3079 3975 3214 4048 μετὰ
3241 3975 3300 4028 τὺ
3328 3974 3669 4046 κατορθῶσαι
3695 3971 3768 4046 τὰ

2183 4072 2467 4145 εἰρημένα·
2502 4070 2588 4122 ἵνα
2625 4069 2722 4140 μὴ,
2754 4062 2864 4122 οἷόν
2897 4085 2950 4121 τι
2989 4068 3248 4137 ναυάγιον
3287 4066 3493 4131 παθὼν,
3523 4066 3765 4138 ἀπολέσῃ

2180 4165 2250 4220 τὰ
2278 4164 2471 4218 ἑαυτοῦ
2503 4163 2663 4217 καλά.

2266 4255 2686 4323 Ἐξουδένωτιιι
2727 4253 2984 4307 ἐνώπιον
3027 4252 3214 4307 αὐτοῦ
3260 4253 3761 4321 πονηρευόμενος,

2180 4351 2324 4416 τοὺς
2365 4349 2434 4402 δὲ
2491 4346 2900 4418 φοϐουμένους
2931 4347 3057 4408 ,τὸν
3101 4347 3320 4414 Κύριον
3383 4345 3628 4411 δοξάζει.
3710 4347 3763 4398 ’0

2185 4445 2422 4513 ὀμνύων
2472 4441 2552 4508 τῷ
2618 4442 2886 4509 πλησίον
2949 4440 3134 4502 αὐτοῦ
3192 4439 3290 4493 καὶ
3341 4441 3454 4493 οὐκ
3516 4438 3764 4510 ἀθετῶν.

491 4544 603 4583 una
662 4539 875 4588 tantum
924 4540 1297 4611 congruenter
1351 4532 1529 4602 jnrari
1585 4549 1749 4604 posse
1805 4511 2074 4598 decernit,

2197 4511 2464 4588 Ἐνταῦθα
2505 4535 2598 4588 ἐπὶ
2655 4536 2736 4586 ἑνὶ
2785 4531 3065 4605 πράγματί
3117 4547 3280 4601 φησιν
3339 4530 3574 4599 εὐλόγως
3632 4529 3761 4582 ποτὲ

492 4622 622 4676 dum
655 4622 702 4676 is
730 4624 822 4702 qui
848 4623 1001 4692 jurat
1027 4624 1416 4693 jusjurandum
1453 4642 1522 4681 ne
1545 4627 1732 4682 violet.
1770 4625 1954 4697 Ecqua
1985 4626 2077 4684 illa

491 4729 583 4771 res
616 4724 733 4792 est,
776 4716 883 4780 nisi
925 4709 1256 4790 amicitiaet
1302 4720 1653 4788 necessitudo
1698 4735 1824 4775 cum
1870 4721 2074 4790 aliquo,

492 4821 653 4878 pacto
681 4809 908 4875 findere,
939 4811 1166 4879 juncta?
1204 4813 1298 4882 Est
1327 4823 1510 4868 autem
1537 4815 1912 4885 juramentum
1948 4813 2075 4882 talis

493 4899 599 4953 viri
631 4901 972 4973 inculpatum
1012 4911 1066 4960 et
1111 4905 1416 4974 innoxium,
1448 4922 1559 4980 quo
1594 4907 1847 4962 ﬁrmatur
1899 4907 2069 4961 illud:

492 4990 584 5047 Ita
614 4994 711 5058 ita,
742 5001 817 5059 et,
847 4995 971 5055 Non
1001 5015 1106 5053 non
1125 4999 1191 5056 ".

563 5082 734 5141 Vens.
762 5086 815 5142 5.
861 5088 967 5154 Qui
993 5095 1266 5161 pecuniam
1309 5110 1466 5148 suam
1505 5108 1612 5147 non
1659 5089 1804 5157 dedit
1846 5089 1915 5142 ad
1947 5107 2078 5144 usu-

491 5191 632 5242 ram,
659 5187 710 5233 et
738 5195 956 5245 munera
980 5199 1133 5252 super
1174 5187 1470 5240 innocentes
1554 5199 1659 5236 non
1690 5182 1908 5251 accepit.
1935 5182 2076 5249 Quia

492 5268 770 5328 interdum
801 5277 1069 5350 contingit
1111 5296 1234 5334 eum
1264 5279 1360 5350 qui
1409 5279 1524 5348 jam
1576 5284 1876 5332 memorata
1923 5284 2076 5347 gesta

491 5373 785 5424 exsecutus
816 5376 934 5435 est,
978 5371 1123 5434 circa
1154 5385 1444 5428 numerum
1467 5369 1832 5440 captationem
1862 5379 1915 5424 et
1943 5385 2078 5425 usu-

492 5470 608 5509 ram
645 5459 956 5517 claudicare
993 5478 1057 5531 ac
1087 5461 1411 5534 aegritudine
1443 5462 1730 5528 laborare;
1779 5460 1907 5514 huic
1938 5477 2079 5531 quo-

489 5564 598 5621 «ξιιε
656 5555 846 5611 morbo
900 5554 1205 5612 remedium
1255 5556 1518 5627 applicat.
1573 5553 1710 5609 Nam
1772 5553 1866 5625 qui
1921 5554 2075 5624 regni

491 5645 755 5701 ccclorum
802 5663 990 5716 causa,
1033 5656 1088 5704 et
1125 5663 1193 5704 ex
1239 5649 1359 5722 ipsa
1399 5664 1529 5722 erga
1566 5648 1875 5721 proximum
1911 5663 2072 5704 suum

563 5825 606 5857 ”
647 5821 812 5885 Hebr.
846 5840 964 5893 xu,
997 5820 1086 5884 ‘23.
1164 5827 1207 5860 ’°
1248 5825 1505 5898 "eluxit,
1546 5828 1633 5886 il.

2183 4630 2292 4698 δεῖν
2344 4627 2592 4700 ὀμνύναι,
2643 4627 2736 4681 καὶ⁵
2787 4626 3055 4697 ὀμνύοντα
3109 4624 3182 4697 μὴ
3235 4623 3589 4695 παραϐαίνειν
3637 4623 3763 4685 τοὺς

2182 4726 2398 4795 ὅρκους.
2442 4723 2563 4776 Ἐπὶ
2594 4721 2730 4791 ποίῳ
2755 4720 2812 4772 δὲ
2842 4719 3035 4790 τούτῳ,
3061 4719 3094 4789 ἦ
3126 4717 3219 4770 ἐπὶ
3249 4715 3328 4787 τῷ
3353 4717 3594 4787 ἑταιρίαν
3628 4733 3762 4786 γνη-

2185 4819 2307 4872 σίαν
2336 4818 2431 4876 καὶ
2463 4815 2645 4886 φιλίαν
2680 4813 3032 4875 σπένδεσθαις
3073 4812 3229 4864 Ἔστι
3270 4809 3326 4863 δὲ
3357 4811 3518 4882 ὅρκος
3541 4809 3635 4861 τοῦ
3662 4825 3758 4879 τη-

2183 4908 2428 4963 λικούτου
2460 4907 2649 4979 ἀνδρὸς
2685 4905 3103 4973 ἀκατάγνωστος
3125 4903 3302 4970 λόγος,
3336 4903 3421 4972 ἐφ’
3519 4897 3762 4970 βεϐαιοῦ-

2181 4981 2273 5056 ται
2313 5003 2394 5064 τὸ,
2428 5001 2540 5055 Ναὶ
2571 4999 2690 5061 ναὶ,
2717 4999 2812 5052 καὶ
2839 4995 2919 5061 τὸ,
2945 4994 3028 5048 Οὒ
3057 4995 3149 5048 οὐ.
3801 5005 3814 5014 ’

2259 5095 2331 5151 Τὸ
2364 5096 2647 5165 ἀργύριον
2686 5090 2874 5146 αὐτοῦ
2906 5091 3018 5143 οὐκ
3061 5087 3282 5142 ἔδωκεν
3317 5087 3414 5141 ἐπὶ
3454 5089 3628 5154 τόκῳ.
3663 5083 3762 5139 καὶ

2185 5189 2344 5259 δῶρα
2384 5189 2476 5242 ἐπ’
2519 5186 2733 5250 ἀθώοις
2764 5185 2875 5238 οὐκ
2923 5181 3158 5242 ἐλαϐεν.
3209 5180 3425 5253 Ἐπειδὴ
3477 5177 3760 5250 συμϐαίνει

2185 5281 2315 5336 ποτὲ
2363 5279 2501 5350 μετὰ
2543 5279 2723 5346 πάντα
2761 5275 2831 5330 τὰ
2876 5273 3331 5346 κατηριθμημένα
3363 5269 3757 5340 κατορθώματα

2186 5371 2409 5436 σκάζειν
2437 5369 2559 5423 τινὰ
2586 5368 2682 5423 καὶ
2713 5369 2886 5420 νοσεῖν
2919 5368 3047 5439 περὶ
3076 5364 3400 5438 δωροδοκίας
3429 5362 3523 5418 καὶ
3545 5360 3753 5422 τόκους,

2185 5463 2279 5517 καὶ
2308 5459 2513 5531 ταύτην
2549 5458 2985 5531 προσθεραπεύει
3037 5457 3137 5528 τὴν
3174 5455 3345 5510 νόσον.
3407 5453 3464 5508 '0
3509 5451 3618 5523 γὰρ
3657 5448 3758 5517 τῆς

2186 5554 2462 5625 βασιλείας
2492 5553 2601 5606 τῶν
2639 5549 2882 5623 οὐρανῶν
2923 5550 3128 5611 ἕνεκεν,
3168 5548 3261 5601 καὶ
3297 5545 3464 5614 αὐτῆς
3492 5544 3591 5615 τῆς
3623 5539 3757 5612 πρὶς

2180 5645 2272 5700 τὸν
2308 5643 2536 5713 πλησίον
2565 5643 2785 5714 ἀγάπης
2823 5643 2915 5696 καὶ
2943 5637 3350 5711 φιλανθρωπίας
3390 5635 3548 5690 τοῦτο
3582 5631 3755 5706 πράτη

1713 5829 1754 5861 ³¹
1795 5825 1953 5884 Joan.
1989 5843 2113 5893 xw,
2148 5825 2201 5882 6.
2279 5825 2324 5857 ³²
2363 5822 2483 5880 Jac.
2523 5841 2583 5890 v,
2625 5823 2709 5880 l2.
