4086 6548
326 383 429 441 15⁸3

1447 379 2056 443 (ΣΟΜΜΕΝΤΑΙΠΑἼΝ
2099 387 2437 446 PSALMOS.

3458 397 3561 451 154

321 519 450 566 των,
480 500 660 556 δίδωσι
693 499 812 571 μὲν,
843 500 958 554 ἀλλ’
987 500 1088 553 οὐκ
1122 499 1214 554 ἐπὶ
1248 499 1324 570 τῷ
1351 501 1447 572 τὴν
1480 501 1711 572 ἀμοιϐὴν
1746 521 1857 576 παρ

1961 505 2234 565 ,ειηιίοἰιίει
2284 513 2338 560 et
2390 505 2790 568 benevolentia,
2848 505 2927 560 sic
2978 505 3148 576 probe
3197 522 3256 563 se
3308 509 3456 579 agit,
3511 513 3559 569 is

324 591 621 662 ἀνθρώπων
659 591 872 643 λαϐεῖν’
919 590 1096 661 ἐαυτῷ
1124 591 1179 644 δὲ
1205 592 1594 662 ταμιευόμενος
1623 593 1808 665 ὥσπερ
1835 598 1890 647 ὲν

1991 597 2253 666 elargitur
2279 595 2533 665 quidem,
2567 595 2660 653 sed
2701 611 2808 649 non
2838 611 2900 649 ea
2930 605 3107 651 mente
3160 587 3216 651 ut
3255 601 3559 656 mercedem

320 681 597 755 θησαυρῷ,
630 684 722 736 καὶ
751 681 898 752 αὑτῷ
930 682 1205 751 φυλάττων
1240 685 1318 746 εἰς
1345 682 1440 754 τὴν
1481 684 1777 754 μέλλουσαν
1814 687 1858 738 τε

1990 688 2059 740 ab
2094 687 2408 741 hominibus
2459 688 2723 758 accipiat;
2770 688 2817 742 is
2855 688 2999 742 enim
3043 689 3144 743 sibi
3196 706 3292 745 ceu
3341 693 3394 746 in
3447 695 3558 749 the-

321 775 439 848 Θεῷ
466 777 840 831 ἀνταπόδοσιν⁶
873 775 983 830 Καὶ
1020 774 1175 842 δῶρα
1204 775 1294 827 ἐπ’
1327 776 1536 842 ἀθώοις
1559 778 1668 829 οὐκ
1691 778 1886 830 ἔλαϐε.

321 869 498 941 Τιμὴν
522 869 619 940 μὲν
641 870 748 940 γὰρ
771 868 910 938 τάχα
937 870 1187 938 προσοῖτο
1218 867 1602 941 [προσοίσοιτο]
1629 869 1727 940 τὴν
1757 870 1886 923 ἄλυ-

322 979 421 1015 πον
448 963 544 1014 καὶ
568 960 778 1030 ἀϐλαϐῆ
806 963 915 1023 τοῖς
944 960 1196 1031 τιμῶσιν·
1235 961 1599 1034 ὑποκειμένης
1624 961 1678 1014 δὲ
1711 963 1888 1027 αἰτίας

319 1053 404 1122 ὲφ’
439 1051 626 1124 ἑτέρου
659 1051 848 1123 βλάϐῃ,
883 1050 1088 1104 εἴποτε
1108 1049 1316 1116 δέξαιτο
1345 1052 1513 1125 δῶρα,
1545 1054 1884 1127 παντάπασιν

317 1143 578 1218 ἀνέτρεψε
597 1142 667 1197 τὰ
695 1143 1074 1214 προλεχθέντα.

601 1401 1078 1472 ΣΤΗΛΟΓΡΑΦΙΑ
1115 1403 1202 1459 Tn
1239 1409 1439 1464 ΔΑΥιΑ
1475 1410 1577 1465 ιε’.

377 1537 468 1608 Τῷ
503 1537 602 1609 μὲν
645 1541 825 1595 Δαυῒδ
869 1543 1270 1616 ἐπιγέγραπται
1314 1549 1343 1600 ό
1385 1547 1617 1620 ψαλμός·
1663 1551 1718 1621 ἢ,
1771 1553 1878 1606 τοῦ

1990 793 2156 832 sauro
2205 778 2475 843 recondit,
2529 780 2744 848 sibique
2799 787 3042 834 reservat
3087 797 3185 850 pro
3233 782 3415 837 futura
3462 783 3558 840 Dei

1987 873 2444 924 remuneratione.
2509 869 2577 922 Et
2631 885 2847 925 munera
2899 887 3052 939 super
3107 874 3400 929 innocentes
3454 893 3557 930 non

1987 962 2205 1030 accepit.
2247 960 2313 1027 εἰς
2370 961 2604 1016 fortasse
2656 977 2858 1016 munus
2916 963 3188 1024 admittat.
3237 965 3365 1019 dum
3420 968 3556 1022 mhil

1985 1051 2268 1116 molestiae,
2322 1051 2634 1106 detrimenti
2686 1051 2843 1113 nihil,
2880 1049 3236 1107 offerentibus
3269 1054 3554 1124 importet;

1984 1143 2068 1198 sin
2101 1157 2232 1198 casu
2259 1145 2476 1198 eveniat
2511 1154 2566 1197 ut
2599 1145 2653 1197 in
2682 1144 2906 1199 alterius
2935 1145 3316 1199 detrimentum
3347 1156 3553 1218 vergat;

1981 1246 2111 1292 tunc
2129 1239 2172 1293 si
2194 1255 2416 1294 munera
2441 1240 2691 1309 accipiat,
2715 1242 2898 1294 omnia
2923 1256 3042 1311 quae
3066 1257 3232 1312 supra
3251 1243 3395 1298 dicta
3426 1253 3555 1300 sunt

1981 1345 2212 1404 prorsus
2246 1331 2462 1386 evertit.

2107 1445 2157 1500 i.
2199 1444 2429 1501 TITULI
2469 1443 2857 1500 INSCRIPTIO
2899 1445 3026 1502 lPSl
3065 1446 3274 1502 DAVID
3314 1447 3429 1503 XV.

2046 1557 2260 1624 Davidi,
2289 1560 2529 1629 psalmus
2571 1560 2889 1629 inscriptus,
2934 1568 3028 1613 aut
3059 1560 3361 1616 secundum
3411 1561 3550 1618 alios

303 1627 504 1722 άαυτδ,
557 1630 696 1686 κατά
740 1635 866 1697 τοὺς
910 1633 1130 1700 λοιποὺς
1169 1639 1529 1710 ἐρμηνευτάς.
1563 1644 1791 1714 Ψαλμὸν
1821 1645 1858 1698 δί

1976 1627 2322 1722 interpretes,
2347 1651 2585 1706 Davidis.
2612 1627 2890 1707 Psalmum
2921 1652 3222 1722 improprie
3249 1661 3547 1708 consuetu—

302 1715 456 1774 εἷπον
501 1725 986 1797 καταχρησάμενος
1033 1732 1099 1800 τῇ
1148 1731 1424 1803 συνηθείᾳ·
1477 1734 1619 1789 κατὰ
1662 1736 1771 1806 γὰρ
1816 1737 1858 1790 τὲ

1975 1743 2121 1798 diuis
2155 1760 2259 1798 usu
2289 1744 2515 1809 vocavi;
2550 1757 2675 1796 nam
2717 1759 2782 1797 ex
2833 1752 3088 1798 accurata
3134 1745 3350 1800 ratione
3387 1759 3548 1799 nemo

299 1811 526 1890 ἀκριϐὲς
549 1815 647 1868 οὐκ
667 1815 732 1869 ἄν
757 1835 839 1881 τις
871 1819 1033 1874 αὐτὸν
1072 1822 1212 1874 εἴποι
1243 1822 1478 1894 ψαλμὸν,
1506 1827 1588 1878 ὅτι
1620 1828 1693 1900 μὴ
1723 1829 1858 1882 τοῦτ(

1978 1835 2246 1902 psalmum
2279 1834 2474 1890 dixerit
2507 1850 2519 1886 :
2551 1850 2730 1903 reque
2765 1835 2910 1889 enim
2943 1851 3005 1889 ea
3037 1843 3120 1890 est
3166 1836 3542 1906 inscriptionis

297 1900 488 1971 δηλοῦν
513 1904 758 1996 βούλεται
789 1910 822 1978 η
854 1913 1177 1980 προγραφή’
1211 1912 1324 1964 ἀλλ’
1355 1914 1467 1968 ἐστι
1505 1917 1858 1989 στηλογραφίσ

1977 1900 2334 1992 signiﬁcatio;
2377 1924 2470 1978 sed
2499 1930 2583 1978 est
2615 1900 2780 1979 veluti
2818 1924 3011 1980 titulus
3049 1900 3374 1996 inscriptus.
3412 1941 3537 1996 pro-

295 1994 630 2063 προφητείαν
661 1998 994 2067 περιέχουσα
1015 1998 1351 2074 θαυμαστὴν,
1379 2007 1472 2057 καὶ
1494 2008 1712 2078 γραφῆς
1743 2011 1874 2063 αἰω-

296 2080 433 2146 νίου,
456 2083 644 2155 ὥσπερ
673 2087 730 2139 ἐν
759 2088 926 2161 στήλῃ
959 2093 1368 2163 τετυπωμένης,
1399 2096 1578 2162 ἀξίαν.

367 2174 649 2238 Φύλαξόν
679 2193 776 2245 με.
814 2180 1013 2247 Κύριε,
1051 2180 1140 2234 ὅτι
1177 2183 1276 2236 ἐπὶ
1301 2185 1399 2237 σοὶ
1431 2181 1681 2248 ἤλπισα.
1716 2191 1873 2246 Elim

298 2263 378 2328 τῷ
415 2266 631 2334 Κυρίῳν
663 2270 808 2335 Θεός
831 2288 952 2339 μου
978 2268 1037 2326 εἷ
1066 2274 1168 2326 σύ·
1216 2273 1305 2328 ὅτι
1331 2275 1450 2333 τῶν
1481 2277 1720 2347 ἀγαθῶν
1749 2297 1870 2353 μου

293 2359 366 2410 οὐ
392 2360 603 2427 χρείαν
629 2360 806 2427 ἔχεις.
848 2364 965 2416 Ὅτι
1013 2364 1112 2434 μὲν
1153 2361 1244 2419 οῦν
1280 2366 1369 2420 διὰ
1406 2368 1500 2422 τοῦ
1545 2369 1709 2424 Δαυῑδ
1741 2373 1870 2426 ἀνα-

291 2448 607 2520 πεφώνηται
644 2451 710 2505 τά
745 2455 802 2505 ὲν
833 2456 899 2524 τῇ
936 2457 1240 2528 προφητείᾳ
1275 2460 1670 2530 περιεχόμενα,
1706 2466 1867 2517 παντὶ

288 2538 356 2598 ἂν
391 2541 474 2611 εἴη
518 2543 704 2612 σαφές.
751 2546 1088 2616 Ζητουμένου
1118 2548 1174 2600 δὲ
1205 2551 1284 2612 εἰς
1310 2549 1432 2606 τίνα
1463 2551 1571 2622 ἄρα
1599 2553 1702 2625 χρὴ
1737 2555 1868 2608 ἁνα-

289 2630 475 2701 φέρειν
514 2633 581 2686 τὰ
625 2634 911 2713 λεγόμενα,
941 2638 1236 2710 ἀξιόχρεως
1268 2643 1397 2712 ἡμῖν
1437 2643 1752 2709 διδάσκαλος
1775 2647 1866 2714 γέ-

286 2725 416 2778 νοιτ’
445 2723 510 2777 ἂν
540 2725 747 2798 Πέτρος
790 2731 818 2782 ὁ
851 2728 1164 2795 ἀπόστολος,
1197 2734 1253 2784 ὲν
1301 2737 1421 2798 ταῖς
1467 2736 1708 2808 Πράξεσι
1757 2740 1864 2793 τῶν

290 2813 601 2875 ὲῖςοστόλων
650 2819 1027 2888 μνημονεύσας
1071 2821 1181 2875 τῶν
1235 2825 1290 2876 ἐν
1337 2825 1473 2897 αὐτῇ
1525 2828 1861 2899 φερομένων.

287 2905 520 2960 Διελθὼν
554 2907 662 2979 γὰρ
689 2910 825 2982 πρὸς
851 2911 942 2965 τὸν
965 2912 1095 2966 λαὸν
1123 2915 1192 2968 τὰ
1214 2915 1310 2969 τοῦ
1338 2916 1575 2988 ψαλμοῦ,
1611 2921 1784 2975 ταῦτά
1803 2938 1865 2974 τε

288 2997 380 3049 ἐπὶ
411 2996 502 3050 τὸν
545 2999 770 3074 Σωτῆρα
800 3001 870 3054 τά
902 3005 1166 3074 εἰρημένα
1193 3006 1533 3073 ἀναδιδάξας,
1573 3009 1703 3078 ἑξῆς
1739 3011 1857 3063 ἐπι--

287 3087 440 3158 φέρει
471 3088 565 3142 καί
587 3107 771 3161 φησιν·
801 3092 1036 3160 Ἄνδρες
1053 3093 1321 3163 ἀδελφοὶ,
1345 3095 1490 3160 ἐξὸν
1506 3097 1696 3150 εἰπεῖν
1713 3097 1865 3166 μετὰ

1975 2015 2214 2085 phetiam
2256 2015 2566 2084 exprimens
2610 2015 3010 2080 admirandam,
3045 2025 3358 2090 aeternaque
3400 2021 3543 2075 scri-

1972 2113 2156 2176 ptura,
2187 2119 2286 2159 ceu
2321 2107 2376 2160 in
2406 2107 2566 2175 cippo
2600 2107 2892 2177 insculpta,
2926 2109 3166 2178 dignam.

2041 2193 2208 2248 Vens.
2239 2194 2294 2248 2.
2327 2194 2590 2250 Conserva
2621 2213 2722 2262 me,
2757 2197 2999 2258 Domine,
3042 2200 3293 2268 quoniam
3335 2200 3544 2267 speravi

1969 2287 2024 2340 in
2061 2296 2144 2350 te;
2188 2286 2302 2340 dixi
2353 2287 2781 2342 Domino:Deus
2838 2306 2983 2342 meus
3034 2307 3086 2343 es
3147 2299 3238 2354 tu,
3293 2292 3544 2360 quoniam

1968 2374 2221 2429 bonorum
2252 2392 2486 2431 meorum
2529 2395 2630 2432 non
2673 2394 2808 2448 eges.
2843 2377 2999 2444 Quod
3037 2395 3132 2448 per
3163 2379 3416 2434 Davidem
3453 2395 3539 2443 ea.

1966 2481 2088 2535 qua:
2139 2466 2193 2520 in
2250 2468 2534 2537 prophetia
2587 2469 2971 2537 continentur,
3024 2470 3251 2525 recitata
3303 2471 3538 2535 fuerint,

1966 2558 2103 2612 nulli
2141 2573 2248 2612 non
2291 2559 2638 2615 manifestum
2683 2568 2787 2617 est.
2837 2561 2894 2616 Si
2947 2571 3222 2632 quaeratur
3268 2579 3432 2633 porro
3472 2563 3541 2618 ad

1969 2667 2130 2720 quem
2185 2651 2475 2708 referenda
2529 2654 2676 2720 sint,
2723 2654 2922 2725 dignus
2975 2670 3037 2709 ac
3098 2656 3329 2711 idoneus
3381 2657 3539 2711 nobis

1965 2745 2160 2799 doctor
2214 2744 2382 2801 fuerit
2425 2745 2622 2802 Petrus
2682 2749 2996 2817 apostolus,
3051 2749 3144 2818 qui
3203 2748 3258 2802 in
3305 2747 3537 2803 Actibus

1965 2837 2339 2907 apostolorum
2385 2837 2575 2893 eadem
2620 2838 2739 2908 ipsa
2787 2839 2841 2893 in
2884 2839 3169 2908 prophetia
3221 2840 3383 2892 allata
3423 2854 3537 2894 me-

1965 2931 2164 2980 morat.
2219 2923 2351 2978 Nam
2387 2941 2510 2979 cum
2543 2927 2742 2995 populo
2769 2928 2960 2997 psalmi
2993 2927 3318 2982 sententiam
3360 2928 3535 2996 expli-

1964 3022 2147 3080 caret,
2191 3023 2244 3071 et
2283 3015 2350 3070 de
2381 3016 2661 3072 Salvatore
2718 3018 3068 3090 intelligenda
3121 3019 3375 3084 doceret,
3420 3019 3536 3074 haec

1965 3107 2161 3162 deinde
2209 3108 2491 3178 subjungit
2553 3128 2567 3162 :
2641 3108 2750 3163 Viri
2796 3110 3012 3179 fratres,
3068 3111 3222 3164 liceat
3282 3111 3535 3164 audenter

286 3181 626 3249 παρρησίας
647 3182 796 3250 πρὸς
815 3182 972 3252 ὑμᾶς
992 3186 1124 3254 περὶ
1144 3186 1250 3239 τοῦ
1270 3187 1637 3257 πατριάρχου
1656 3191 1858 3259 Δαυῒδ,

1964 3196 2134 3252 dicere
2161 3197 2235 3251 ad
2258 3215 2343 3252 vos
2369 3197 2432 3252 de
2453 3200 2757 3268 patriarcha
2772 3199 2961 3263 David,
2983 3202 3228 3270 quoniam
3253 3200 3532 3270 defunctus

285 3271 377 3328 ὅτι
409 3274 505 3326 καὶ
535 3273 892 3343 ἐτελεύτησε
924 3278 1021 3332 καὶ
1053 3277 1262 3348 ἐτάφη·
1293 3281 1392 3333 καὶ
1421 3281 1485 3333 τὸ
1510 3280 1720 3350 μνῆμα
1756 3286 1862 3338 αὐ-

285 3361 389 3414 τοῦ
415 3361 587 3417 ἐστιν
608 3365 677 3420 ἐν
698 3367 843 3436 ημῖν
875 3367 1013 3437 ἀχρι
1040 3367 1152 3437 τῆς
1183 3368 1410 3440 ἡμέρας
1438 3373 1680 3441 ταύτης.
1715 3375 1862 3442 Προ-

282 3452 479 3523 φήτης
507 3453 621 3512 οὖν
647 3459 947 3533 ὑπάρχων,
977 3462 1075 3515 καὶ
1101 3462 1292 3529 εἰδὼς,
1324 3463 1412 3518 ὅτι
1446 3465 1598 3534 ὅρκῳ
1624 3466 1860 3537 ὤμοσεν

279 3542 440 3612 αὐτῷ
473 3548 506 3599 ὁ
547 3545 690 3613 Θεὸς
734 3549 802 3601 ἐκ
849 3551 1080 3618 καρποῦ
1125 3551 1236 3620 τῆς
1283 3555 1516 3624 ὀσφύος
1560 3558 1746 3613 αὑτοῦ
1790 3559 1859 3614 τὸ

276 3636 432 3692 κατὰ
473 3636 672 3705 σάρκα
714 3640 1086 3707 ἀναστήσειν
1135 3645 1243 3698 τὸν
1285 3649 1562 3714 Χριστὸν,
1615 3653 1858 3705 καθίσαι

272 3728 376 3783 ἐπὶ
406 3728 511 3782 τὸν
540 3731 759 3797 θρόνον
787 3731 996 3792 αὐτοῦ,
1027 3733 1288 3802 προιδὼν
1304 3735 1574 3804 summa
1590 3740 1724 3806 περὶ
1747 3740 1858 3808 τῆς

276 3821 672 3892 ἀναστάσεως
693 3823 798 3878 τοῦ
825 3827 1102 3894 Χριστοῦ,
1131 3827 1218 3880 ὅτι
1256 3829 1394 3882 οὔτε
1430 3831 1855 3900 ἐγκατελείφθη

272 3918 362 3981 εις
383 3915 554 3984 ᾅδην,
573 3917 711 3971 οὔτε
729 3919 762 3986 ἡ
779 3918 936 3986 σὰρξ
947 3921 1132 3974 αὐτοῦ
1143 3919 1263 3974 aliis
1274 3920 1619 3990 διαφθοράν.
1641 3923 1857 3977 Τοῦτον

272 4009 384 4063 τὸν
430 4007 672 4077 Ἰησοῦν
709 4009 1053 4079 ἀνέστησεν
1081 4015 1114 4067 ό
1141 4013 1306 4079 Θεὸς,
1338 4009 1410 4069 οὗ
1439 4013 1661 4081 πάντες
1686 4015 1856 4084 ἡμεῖς

269 4101 463 4169 ἐσμεν
489 4101 806 4171 μάρτυρες.
862 4097 960 4155 Ὧν
998 4103 1171 4168 οὕτως
1221 4105 1548 4177 εἰρημένων,
1600 4107 1853 4177 περιττὸν

273 4193 344 4246 ἂν
382 4193 466 4264 εἴη
505 4193 602 4246 τοῦ
647 4194 834 4247 λοιποῦ
877 4194 1078 4264 ζητεῖν,
1117 4197 1209 4250 ἐπὶ
1243 4197 1364 4250 τίνα
1401 4197 1504 4269 χρὴ
1543 4197 1727 4270 φέρειν
1754 4198 1851 4269 τὴν

272 4286 634 4357 προφητείαν,
681 4287 827 4352 ἅπαξ
874 4289 978 4342 ὑπὸ
1028 4289 1344 4360 τηλικούτου
1395 4291 1667 4362 μάρτυρος
1713 4290 1850 4344 δεδι-

270 4378 552 4450 δαγμένοι.
588 4381 746 4434 Κατὰ
779 4383 875 4452 μὲν
907 4378 998 4435 οῦν
1035 4384 1158 4447 τοὺς
1198 4383 1596 4455 Ἑϐδομήκοντα
1627 4388 1849 4452 στηλο-

1962 3298 2072 3354 est,
2113 3298 2162 3344 et
2201 3290 2550 3359 sepultus:et
2590 3292 2886 3359 sepulcrum
2959 3291 3073 3361 ejus
3127 3301 3205 3346 est
3253 3293 3394 3362 apud
3437 3311 3531 3347 nos

1961 3398 2124 3452 usque
2177 3383 2232 3436 in
2281 3381 2590 3438 hodiernum
2644 3384 2804 3440 diem;
2880 3385 3146 3456 Propheta
3197 3387 3359 3456 igitur
3409 3403 3530 3440 cum

1959 3482 2114 3537 esset,
2156 3482 2207 3528 et
2249 3475 2405 3530 sciret
2435 3477 2560 3546 quia
2598 3475 2952 3546 jurejurando
2979 3479 3215 3547 jurasset
3258 3478 3340 3531 illi
3362 3477 3524 3542 Deus,

1958 3565 2023 3620 de
2043 3565 2218 3635 fructu
2241 3565 2403 3620 lumbi
2423 3567 2535 3636 ejus
2557 3569 2844 3622 secundum
2875 3586 3086 3623 carnem
3111 3579 3530 3624 resurrecturum

1959 3653 2229 3706 Christum
2279 3653 2347 3707 ad
2395 3654 2678 3707 sedendum
2727 3657 2779 3709 in
2825 3657 3010 3711 throno
3059 3659 3215 3724 ejus:
3253 3658 3529 3725 providens

1960 3745 2166 3800 locutus
2229 3754 2307 3799 est
2360 3746 2424 3799 de
2474 3748 2854 3801 resurrectione
2902 3747 3121 3810 Christi,
3185 3750 3309 3817 quia
3368 3766 3530 3818 neque

1956 3835 2239 3888 derelictus
2295 3845 2372 3888 est
2433 3837 2486 3888 in
2538 3836 2787 3904 inferno,
2837 3853 2998 3906 neque
3048 3853 3170 3891 caro
3228 3837 3340 3906 ejus
3396 3837 3528 3890 vidit

1956 3927 2368 3995 corruptionem.
2413 3926 2568 3980 Hunc
2594 3928 2777 3982 Jesum
2824 3930 3152 3984 resuscitavit
3179 3927 3341 3992 Deus,
3375 3929 3527 4000 cujus

1954 4036 2132 4074 antnes
2172 4036 2264 4074 nos
2306 4029 2462 4075 testes
2495 4038 2676 4076 sumus
2701 4022 2762 4074 ⁸³.
2831 4021 3040 4096 Quibus
3068 4021 3150 4078 sic
3200 4023 3523 4087 enuntiatis,

1955 4110 2293 4181 superﬂuum
2335 4123 2480 4168 esset
2525 4113 3032 4184 ulleriusindagare
3081 4112 3148 4167 ad
3177 4130 3338 4184 quem
3379 4113 3525 4170 refe~

1954 4205 2122 4257 renda
2163 4204 2474 4274 prophetia;
2534 4215 2820 4275 postquam
2882 4207 3014 4260 tanti
3059 4206 3159 4260 viri
3209 4207 3524 4261 testimonio

1953 4294 2133 4349 edocti
2175 4295 2401 4352 fuimus.
2431 4294 2593 4350 Juxta
2627 4297 3127 4367 interpretationem
3167 4297 3522 4368 Septuaginta
3593 4365 3600 4382 τ

1953 4388 2226 4455 virorum,
2284 4388 2399 4444 hzec
2450 4389 2732 4460 prephetia
2785 4390 2928 4444 tituli
2974 4392 3243 4460 inscriptio
3295 4391 3518 4459 dicitur,
3595 4392 3599 4396 ’

268 4472 492 4542 τραφία
510 4472 810 4544 λέλεκταιὴ
834 4475 1156 4544 προφητεία,
1189 4474 1250 4528 τὸ
1280 4475 1551 4547 περιέχειν
1582 4475 1680 4548 τὴν
1706 4476 1846 4529 κατὰ

1961 4480 2097 4549 quod
2133 4480 2416 4534 victoriam
2462 4495 2491 4534 a
2526 4480 2746 4538 Christo
2785 4483 2852 4537 de
2892 4490 3087 4548 morte,
3131 4498 3226 4552 per
3269 4499 3520 4539 resurre-

270 4565 368 4619 τοῦ
406 4564 634 4619 θανάτου
677 4565 833 4636 νίκην
863 4568 955 4619 τοῦ
998 4566 1248 4638 Σωτῆρος
1287 4566 1376 4620 διὰ
1406 4567 1505 4638 τῆς
1533 4569 1598 4620 ἐκ
1637 4566 1848 4638 νεκρῶν

270 4656 619 4721 ἀναστάσεως
647 4657 809 4711 αὑτοῦ
844 4658 1297 4730 κατωρθωμένην.
1345 4659 1553 4729 Ὥσπερ
1597 4659 1706 4730 γάρ
1739 4659 1847 4731 τῶν

271 4747 692 4820 ἀγωνιζομένων
726 4753 784 4803 ὲν
817 4749 1048 4814 σταδίοις
1077 4751 1127 4802 οἱ
1160 4750 1400 4820 μέγιστοι
1427 4751 1520 4804 καὶ
1553 4750 1845 4822 παράδοξοι

269 4839 427 4898 ἆθλοι
464 4844 663 4916 στήλης
697 4844 992 4910 ἀξιοῦνται,
1030 4845 1125 4898 καὶ
1163 4844 1271 4898 τῶν
1313 4847 1371 4898 ἐν
1409 4845 1661 4916 πολέμοις
1703 4844 1844 4899 κατὰ

229 4959 232 4962 ·
266 4935 380 4989 τῶν
401 4935 606 5004 ἐχθρῶν
629 4937 862 5007 τρόπαια
881 4938 960 4999 εἰς
978 4936 1192 5008 μακράν
1213 4943 1431 5008 μνήμην
1453 4937 1836 5008 στηλιτεῦεται·

264 5027 412 5085 οὕτω
433 5029 527 5082 καὶ
544 5029 605 5082 τδ
628 5030 769 5100 μέγα
799 5031 1055 5100 τρόπαιον
1077 5029 1170 5083 τοῦ
1199 5031 1468 5102 Σωτῆρος,
1490 5032 1625 5101 ὅπερ
1652 5032 1840 5101 ἤγειρε

265 5118 513 5173 καθελὼν
544 5120 634 5174 τὸν
665 5119 727 5173 τὸ
763 5122 963 5192 κράτος
997 5121 1187 5191 ἔχοντα
1214 5120 1308 5174 τοῦ
1348 5121 1600 5185 θανάτου,
1633 5121 1837 5176 ἄνωθεν

266 5210 380 5283 ἀπὸ
412 5211 519 5265 τῶν
550 5211 902 5282 προφητικῶν
935 5213 1138 5282 χρόνων
1168 5212 1539 5284 ἐστηλιτεύετο
1569 5216 1686 5286 ταῖς
1714 5215 1838 5266 ἑαυ-

265 5302 376 5359 τῶν
396 5308 650 5374 γραφαίςο
675 5305 756 5358 διὸ
791 5303 1158 5378 στηλογραφία
1185 5303 1451 5359 λέλεκται.

340 5481 460 5534 Ὅτι
491 5480 610 5536 τῶν
645 5481 881 5553 ἀγαθῶν
917 5500 1035 5552 μου
1066 5484 1139 5537 οὐ
1167 5483 1373 5551 χρείαν
1393 5483 1573 5553 ἔχεις.
1610 5483 1720 5553 Οὐχ
1749 5484 1834 5536 ἵνα

265 5576 336 5631 τὰ
385 5577 581 5640 ἐπάξια
612 5576 904 5648 χαρίσηται
948 5575 1062 5629 ἀνθ’
1093 5569 1166 5629 ὧν
1210 5573 1357 5645 αὐτῷ
1386 5574 1832 5646 προσηγάγομεν.

269 5667 454 5722 Ἄλλοι
501 5666 558 5720 δέ
613 5685 823 5739 eamut
858 5668 930 5731 ὡς
990 5669 1054 5720 ἐκ
1105 5665 1394 5740 προσώπου
1451 5666 1540 5719 τοῦ
1585 5666 1832 5738 Σωτῆρος

338 5827 383 5877 δ’
426 5827 547 5887 Act.
586 5841 664 5895 ιι,
699 5825 890 5882 90-59..

1949 4574 2184 4628 ctionem
2233 4588 2299 4627 ex
2336 4573 2567 4626 mortuis
2615 4584 2846 4643 partam,
2895 4573 3310 4642 complectatur.
3364 4571 3519 4628 Sicut

1948 4663 2094 4719 enim
2126 4663 2453 4718 athletarum
2492 4663 2546 4717 in
2577 4664 2754 4719 stadio
2795 4663 3191 4719 decertantium
3230 4663 3514 4734 splendida

1947 4764 2110 4823 atque
2139 4753 2475 4808 mirabiliora
2513 4768 2637 4806 cum
2673 4753 3007 4809 adversariis
3045 4752 3176 4806 inita
3210 4753 3512 4807 certamina

1946 4843 2106 4913 cippo
2131 4843 2425 4906 donantur,
2450 4850 2614 4913 atque
2653 4845 2706 4896 in
2735 4843 2894 4904 bellis
2932 4851 3134 4912 tropaea
3167 4842 3234 4898 de
3260 4842 3511 4900 hostibus

1947 4934 2016 4989 ad
2058 4934 2372 4988 diuturnam
2419 4935 2734 4989 memoriam
2789 4935 3094 5005 eriguntur,
3141 4934 3216 4989 ita
3255 4949 3512 5004 magnum

1944 5027 2078 5099 illud
2111 5025 2418 5082 Servatoris
2460 5033 2745 5095 tropamm,
2783 5033 3062 5098 prostrato
3101 5042 3166 5082 eo
3208 5028 3300 5098 qui
3341 5027 3512 5096 impe-

1943 5119 2085 5174 rium
2128 5118 2322 5174 mortis
2365 5118 2600 5173 habebat
2646 5127 2921 5181 erectum,
2967 5119 3171 5188 jamdiu
3213 5134 3242 5172 a
3273 5118 3508 5188 prephe-

1946 5210 2069 5266 ticis
2119 5209 2452 5280 temporibus
2493 5209 2549 5264 in
2587 5223 2774 5264 eorum
2835 5209 3056 5278 scriptis
3086 5210 3230 5263 velut
3260 5208 3314 5262 in
3345 5209 3507 5278 cippo

1942 5300 2276 5370 insculptum
2305 5298 2482 5354 fuerat
2510 5326 2522 5360 ;
2549 5315 2716 5369 quare
2741 5299 3021 5355 tituli-sive
3050 5299 3191 5369 cippi
3221 5298 3506 5368 inscriptio

1943 5391 2168 5448 dicitur.

2014 5483 2277 5548 Quoniam
2317 5483 2572 5538 bonorum
2614 5499 2844 5536 meorum
2882 5498 2985 5536 non
3003 5497 3138 5552 eges.
3193 5479 3310 5536 Non
3336 5490 3395 5534 ut
3423 5479 3505 5533 di-

1937 5587 2099 5644 gnam
2138 5589 2236 5643 pro
2282 5573 2350 5628 iis
2387 5589 2508 5642 qua:
2537 5573 2642 5642 ipsi
2677 5573 2972 5628 obtulimus
3010 5571 3311 5626 mercedem
3345 5569 3503 5625 retri-

1939 5667 2070 5736 buat
2112 5663 2210 5737 [ita
2249 5664 2536 5737 loquitur].
2573 5665 2676 5720 Alii
2709 5666 2897 5722 dicunt
2942 5681 3008 5721 ex
3051 5661 3349 5720 Salvatoris
3383 5678 3498 5734 per-
