  <div class='ocr_page' id='page_1' title='image "/cluster/home/n/w/nwhite01/storage/ocr_20150623/23/hvd.32044019207711/086.png"; bbox 0 0 4086 6578; ppageno 0'>
   <div class='ocr_carea' id='block_1_1' title="bbox 346 423 444 484">
    <p class='ocr_par' dir='ltr' id='par_1_1' title="bbox 346 423 444 484">
     <span class='ocr_line' id='line_1_1' title="bbox 346 423 444 484; baseline 0.082 -7"><span class='ocrx_word' id='word_1_1' title='bbox 346 423 444 484; x_wconf 64' lang='lat'><strong>15&#39;.</strong></span> 
     </span>
    </p>
   </div>
   <div class='ocr_carea' id='block_1_2' title="bbox 1501 429 2492 492">
    <p class='ocr_par' dir='ltr' id='par_1_2' title="bbox 1501 429 2492 492">
     <span class='ocr_line' id='line_1_2' title="bbox 1501 429 2492 492; baseline 0.006 -6"><span class='ocrx_word' id='word_1_2' title='bbox 1501 429 2005 487; x_wconf 81' lang='lat' dir='ltr'><strong>COMMENTARIA</strong></span> <span class='ocrx_word' id='word_1_3' title='bbox 2043 431 2111 488; x_wconf 79' lang='grc' dir='ltr'>ΙΝ</span> <span class='ocrx_word' id='word_1_4' title='bbox 2151 432 2492 492; x_wconf 79' lang='lat' dir='ltr'><strong>PSALMOS.</strong></span> 
     </span>
    </p>
   </div>
   <div class='ocr_carea' id='block_1_3' title="bbox 3515 442 3617 500">
    <p class='ocr_par' dir='ltr' id='par_1_3' title="bbox 3515 442 3617 500">
     <span class='ocr_line' id='line_1_3' title="bbox 3515 442 3617 500; baseline 0.039 -4"><span class='ocrx_word' id='word_1_5' title='bbox 3515 442 3617 500; x_wconf 73' lang='grc'><strong>158</strong></span> 
     </span>
    </p>
   </div>
   <div class='ocr_carea' id='block_1_4' title="bbox 335 543 1905 629">
    <p class='ocr_par' dir='ltr' id='par_1_4' title="bbox 335 543 1904 618">
     <span class='ocr_line' id='line_1_4' title="bbox 335 543 1904 618; baseline 0.001 -20"><span class='ocrx_word' id='word_1_6' title='bbox 335 543 483 602; x_wconf 56' lang='grc' dir='ltr'>ἄθεοι</span> <span class='ocrx_word' id='word_1_7' title='bbox 518 543 670 609; x_wconf 76' lang='grc' dir='ltr'>ὄντες</span> <span class='ocrx_word' id='word_1_8' title='bbox 713 547 805 600; x_wconf 65' lang='grc' dir='ltr'><strong>καὶ</strong></span> <span class='ocrx_word' id='word_1_9' title='bbox 834 545 1242 618; x_wconf 78' lang='grc' dir='ltr'><strong>εἰδωλολάτραι,</strong></span> <span class='ocrx_word' id='word_1_10' title='bbox 1283 547 1384 598; x_wconf 81' lang='grc' dir='ltr'><strong>οὐκ</strong></span> <span class='ocrx_word' id='word_1_11' title='bbox 1425 545 1520 597; x_wconf 75' lang='grc' dir='ltr'>ἐπὶ</span> <span class='ocrx_word' id='word_1_12' title='bbox 1559 547 1686 616; x_wconf 86' lang='grc' dir='ltr'>μίαν</span> <span class='ocrx_word' id='word_1_13' title='bbox 1714 546 1904 613; x_wconf 82' lang='grc' dir='ltr'>ἐξώκει</span> 
     </span>
    </p>
   </div>
   <div class='ocr_carea' id='block_1_5' title="bbox 2006 543 3620 629">
    <p class='ocr_par' dir='ltr' id='par_1_5' title="bbox 2006 551 3620 629">
     <span class='ocr_line' id='line_1_5' title="bbox 2006 551 3620 629; baseline 0.005 -25"><span class='ocrx_word' id='word_1_14' title='bbox 2006 551 2417 623; x_wconf 34' lang='grc' dir='ltr'>ηἱθοιοιιιιιιειιιο</span> <span class='ocrx_word' id='word_1_15' title='bbox 2454 552 2695 607; x_wconf 99' lang='lat' dir='ltr'><strong>cultores</strong></span> <span class='ocrx_word' id='word_1_16' title='bbox 2733 562 2950 618; x_wconf 89' lang='lat' dir='ltr'><strong>essent,</strong></span> <span class='ocrx_word' id='word_1_17' title='bbox 2995 569 3105 608; x_wconf 90' lang='lat' dir='ltr'><strong>non</strong></span> <span class='ocrx_word' id='word_1_18' title='bbox 3144 555 3200 610; x_wconf 93' lang='lat' dir='ltr'><strong>in</strong></span> <span class='ocrx_word' id='word_1_19' title='bbox 3232 571 3399 611; x_wconf 91' lang='lat' dir='ltr'><strong>unum</strong></span> <span class='ocrx_word' id='word_1_20' title='bbox 3448 573 3620 629; x_wconf 78' lang='lat' dir='ltr'><strong>impe-</strong></span> 
     </span>
    </p>
   </div>
   <div class='ocr_carea' id='block_1_6' title="bbox 336 635 1927 711">
    <p class='ocr_par' dir='ltr' id='par_1_6' title="bbox 336 635 1927 711">
     <span class='ocr_line' id='line_1_6' title="bbox 336 635 1927 711; baseline 0.001 -21"><span class='ocrx_word' id='word_1_21' title='bbox 336 636 434 691; x_wconf 90' lang='grc' dir='ltr'><strong>λαν</strong></span> <span class='ocrx_word' id='word_1_22' title='bbox 463 639 694 711; x_wconf 86' lang='grc' dir='ltr'>πλάνην.</span> <span class='ocrx_word' id='word_1_23' title='bbox 726 639 938 710; x_wconf 83' lang='grc' dir='ltr'><strong>Πλῆθος</strong></span> <span class='ocrx_word' id='word_1_24' title='bbox 959 641 1067 710; x_wconf 80' lang='grc' dir='ltr'>γὰρ</span> <span class='ocrx_word' id='word_1_25' title='bbox 1097 635 1165 710; x_wconf 78' lang='grc' dir='ltr'>ἦν</span> <span class='ocrx_word' id='word_1_26' title='bbox 1190 638 1368 691; x_wconf 80' lang='grc' dir='ltr'>αὐτῶν</span> <span class='ocrx_word' id='word_1_27' title='bbox 1393 638 1492 710; x_wconf 77' lang='grc' dir='ltr'>τῆς</span> <span class='ocrx_word' id='word_1_28' title='bbox 1515 639 1805 703; x_wconf 85' lang='grc' dir='ltr'>πολυθεῖας</span> <span class='ocrx_word' id='word_1_29' title='bbox 1834 639 1927 693; x_wconf 75' lang='grc' dir='ltr'>καὶ</span> 
     </span>
    </p>
   </div>
   <div class='ocr_carea' id='block_1_7' title="bbox 335 729 1926 804">
    <p class='ocr_par' dir='ltr' id='par_1_7' title="bbox 335 729 1926 804">
     <span class='ocr_line' id='line_1_7' title="bbox 335 729 1926 804; baseline 0.001 -22"><span class='ocrx_word' id='word_1_30' title='bbox 335 730 783 804; x_wconf 82' lang='grc' dir='ltr'>είδωλολατρείας</span> <span class='ocrx_word' id='word_1_31' title='bbox 817 733 912 785; x_wconf 65' lang='grc' dir='ltr'><strong>καλ⁹</strong></span> <span class='ocrx_word' id='word_1_32' title='bbox 945 731 1250 793; x_wconf 89' lang='grc' dir='ltr'>ἀσθενείας.</span> <span class='ocrx_word' id='word_1_33' title='bbox 1282 729 1420 782; x_wconf 85' lang='grc' dir='ltr'>Ἀλλ’</span> <span class='ocrx_word' id='word_1_34' title='bbox 1445 729 1630 801; x_wconf 82' lang='grc' dir='ltr'>ἐπειδὴ</span> <span class='ocrx_word' id='word_1_35' title='bbox 1663 730 1719 797; x_wconf 78' lang='grc' dir='ltr'>ἐξ</span> <span class='ocrx_word' id='word_1_36' title='bbox 1748 730 1926 783; x_wconf 77' lang='grc' dir='ltr'>αὐτῶν</span> 
     </span>
    </p>
   </div>
   <div class='ocr_carea' id='block_1_8' title="bbox 336 819 1926 892">
    <p class='ocr_par' dir='ltr' id='par_1_8' title="bbox 336 819 1926 892">
     <span class='ocr_line' id='line_1_8' title="bbox 336 819 1926 892; baseline -0.001 -17"><span class='ocrx_word' id='word_1_37' title='bbox 336 823 560 875; x_wconf 78' lang='grc' dir='ltr'><strong>ἐκείνων</strong></span> <span class='ocrx_word' id='word_1_38' title='bbox 596 821 986 892; x_wconf 78' lang='grc' dir='ltr'>μεταϐαλόντες</span> <span class='ocrx_word' id='word_1_39' title='bbox 1016 819 1104 873; x_wconf 81' lang='grc' dir='ltr'>διὰ</span> <span class='ocrx_word' id='word_1_40' title='bbox 1136 822 1233 891; x_wconf 80' lang='grc' dir='ltr'>τῆς</span> <span class='ocrx_word' id='word_1_41' title='bbox 1269 821 1538 892; x_wconf 75' lang='grc' dir='ltr'><strong>σωτηρίου</strong></span> <span class='ocrx_word' id='word_1_42' title='bbox 1580 820 1798 892; x_wconf 87' lang='grc' dir='ltr'>χάριτος</span> <span class='ocrx_word' id='word_1_43' title='bbox 1834 837 1926 889; x_wconf 88' lang='grc' dir='ltr'>γε-</span> 
     </span>
    </p>
   </div>
   <div class='ocr_carea' id='block_1_9' title="bbox 335 912 1924 982">
    <p class='ocr_par' dir='ltr' id='par_1_9' title="bbox 335 912 1924 982">
     <span class='ocr_line' id='line_1_9' title="bbox 335 912 1924 982; baseline -0.001 -17"><span class='ocrx_word' id='word_1_44' title='bbox 335 913 556 981; x_wconf 80' lang='grc' dir='ltr'>γόνασιν</span> <span class='ocrx_word' id='word_1_45' title='bbox 605 913 750 982; x_wconf 83' lang='grc' dir='ltr'>ἆγιοι</span> <span class='ocrx_word' id='word_1_46' title='bbox 794 912 887 965; x_wconf 76' lang='grc' dir='ltr'>τοῦ</span> <span class='ocrx_word' id='word_1_47' title='bbox 934 913 1091 975; x_wconf 85' lang='grc' dir='ltr'>Θεοῦ,</span> <span class='ocrx_word' id='word_1_48' title='bbox 1143 912 1230 966; x_wconf 77' lang='grc' dir='ltr'><strong>διὰ</strong></span> <span class='ocrx_word' id='word_1_49' title='bbox 1272 912 1430 965; x_wconf 77' lang='grc' dir='ltr'>τοῦτο</span> <span class='ocrx_word' id='word_1_50' title='bbox 1471 912 1738 966; x_wconf 82' lang='grc' dir='ltr'>λέλεκται·</span> <span class='ocrx_word' id='word_1_51' title='bbox 1794 913 1924 978; x_wconf 85' lang='grc' dir='ltr'><strong>Τοῖς</strong></span> 
     </span>
    </p>
   </div>
   <div class='ocr_carea' id='block_1_10' title="bbox 333 1002 1923 1073">
    <p class='ocr_par' dir='ltr' id='par_1_10' title="bbox 333 1002 1923 1073">
     <span class='ocr_line' id='line_1_10' title="bbox 333 1002 1923 1073; baseline 0 -16"><span class='ocrx_word' id='word_1_52' title='bbox 333 1005 528 1073; x_wconf 75' lang='grc' dir='ltr'>ἁγίοις</span> <span class='ocrx_word' id='word_1_53' title='bbox 563 1005 687 1069; x_wconf 80' lang='grc' dir='ltr'>τοῖς</span> <span class='ocrx_word' id='word_1_54' title='bbox 717 1004 786 1056; x_wconf 85' lang='grc' dir='ltr'>ὲν</span> <span class='ocrx_word' id='word_1_55' title='bbox 824 1002 897 1072; x_wconf 76' lang='grc' dir='ltr'>τῇ</span> <span class='ocrx_word' id='word_1_56' title='bbox 931 1003 1007 1072; x_wconf 69' lang='grc' dir='ltr'><strong>τῇ</strong></span> <span class='ocrx_word' id='word_1_57' title='bbox 1045 1005 1231 1058; x_wconf 82' lang='grc' dir='ltr'>αὑτοῦ</span> <span class='ocrx_word' id='word_1_58' title='bbox 1264 1004 1694 1073; x_wconf 81' lang='grc' dir='ltr'>ἐθαυμάστωσε</span> <span class='ocrx_word' id='word_1_59' title='bbox 1725 1004 1923 1058; x_wconf 79' lang='grc' dir='ltr'>πάντα</span> 
     </span>
    </p>
   </div>
   <div class='ocr_carea' id='block_1_11' title="bbox 333 1084 1916 1167">
    <p class='ocr_par' dir='ltr' id='par_1_11' title="bbox 333 1084 1916 1167">
     <span class='ocr_line' id='line_1_11' title="bbox 333 1084 1916 1167; baseline 0.001 -19"><span class='ocrx_word' id='word_1_60' title='bbox 333 1095 408 1148; x_wconf 84' lang='grc' dir='ltr'>τὰ</span> <span class='ocrx_word' id='word_1_61' title='bbox 435 1084 737 1165; x_wconf 68' lang='grc' dir='ltr'>θελήματά</span> <span class='ocrx_word' id='word_1_62' title='bbox 763 1113 881 1164; x_wconf 84' lang='grc' dir='ltr'>μου</span> <span class='ocrx_word' id='word_1_63' title='bbox 915 1096 983 1148; x_wconf 83' lang='grc' dir='ltr'>ἐν</span> <span class='ocrx_word' id='word_1_64' title='bbox 1014 1096 1239 1162; x_wconf 80' lang='grc' dir='ltr'>αὐτοῖς·</span> <span class='ocrx_word' id='word_1_65' title='bbox 1273 1096 1364 1148; x_wconf 77' lang='grc' dir='ltr'><strong>καὶ</strong></span> <span class='ocrx_word' id='word_1_66' title='bbox 1390 1097 1511 1148; x_wconf 70' lang='grc' dir='ltr'>ἐπεὶ</span> <span class='ocrx_word' id='word_1_67' title='bbox 1545 1099 1812 1167; x_wconf 81' lang='grc' dir='ltr'>συνῆπται</span> <span class='ocrx_word' id='word_1_68' title='bbox 1836 1097 1916 1149; x_wconf 84' lang='grc' dir='ltr'>τό·</span> 
     </span>
    </p>
   </div>
   <div class='ocr_carea' id='block_1_12' title="bbox 347 1188 1920 1261">
    <p class='ocr_par' dir='ltr' id='par_1_12' title="bbox 347 1188 1920 1261">
     <span class='ocr_line' id='line_1_12' title="bbox 347 1188 1920 1261; baseline -0.001 -18"><span class='ocrx_word' id='word_1_69' title='bbox 347 1189 790 1260; x_wconf 85' lang='grc' dir='ltr'>Ἐπληθύνθησαν</span> <span class='ocrx_word' id='word_1_70' title='bbox 815 1189 1005 1243; x_wconf 77' lang='grc' dir='ltr'>εἴδωλα</span> <span class='ocrx_word' id='word_1_71' title='bbox 1037 1189 1215 1242; x_wconf 76' lang='grc' dir='ltr'>αὐτῶν</span> <span class='ocrx_word' id='word_1_72' title='bbox 1241 1189 1340 1261; x_wconf 79' lang='grc'><strong>(1),</strong></span> <span class='ocrx_word' id='word_1_73' title='bbox 1378 1190 1409 1260; x_wconf 88' lang='grc' dir='ltr'>ἢ</span> <span class='ocrx_word' id='word_1_74' title='bbox 1441 1189 1509 1242; x_wconf 87' lang='grc' dir='ltr'><strong>τά</strong></span> <span class='ocrx_word' id='word_1_75' title='bbox 1541 1188 1920 1260; x_wconf 83' lang='grc' dir='ltr'><strong>διαπονήματα</strong></span> 
     </span>
    </p>
   </div>
   <div class='ocr_carea' id='block_1_13' title="bbox 335 1280 1917 1352">
    <p class='ocr_par' dir='ltr' id='par_1_13' title="bbox 335 1280 1917 1352">
     <span class='ocr_line' id='line_1_13' title="bbox 335 1280 1917 1352; baseline 0.001 -19"><span class='ocrx_word' id='word_1_76' title='bbox 335 1281 537 1347; x_wconf 80' lang='grc' dir='ltr'>αὐτῶν,</span> <span class='ocrx_word' id='word_1_77' title='bbox 566 1281 597 1352; x_wconf 80' lang='grc' dir='ltr'>ἢ</span> <span class='ocrx_word' id='word_1_78' title='bbox 621 1281 890 1335; x_wconf 80' lang='grc' dir='ltr'>ἀσθένειαι</span> <span class='ocrx_word' id='word_1_79' title='bbox 919 1281 1119 1334; x_wconf 83' lang='grc' dir='ltr'>αὐτῶν.</span> <span class='ocrx_word' id='word_1_80' title='bbox 1149 1281 1333 1334; x_wconf 80' lang='grc' dir='ltr'>Ταῦτα</span> <span class='ocrx_word' id='word_1_81' title='bbox 1365 1281 1474 1352; x_wconf 81' lang='grc' dir='ltr'><strong>γάρ</strong></span> <span class='ocrx_word' id='word_1_82' title='bbox 1498 1282 1673 1334; x_wconf 89' lang='grc' dir='ltr'>πάντα</span> <span class='ocrx_word' id='word_1_83' title='bbox 1706 1280 1917 1350; x_wconf 84' lang='grc' dir='ltr'>προσῆν</span> 
     </span>
    </p>
   </div>
   <div class='ocr_carea' id='block_1_14' title="bbox 331 1372 1918 1446">
    <p class='ocr_par' dir='ltr' id='par_1_14' title="bbox 331 1372 1918 1446">
     <span class='ocr_line' id='line_1_14' title="bbox 331 1372 1918 1446; baseline -0.002 -18"><span class='ocrx_word' id='word_1_84' title='bbox 331 1377 445 1437; x_wconf 82' lang='grc' dir='ltr'>τοῖς</span> <span class='ocrx_word' id='word_1_85' title='bbox 475 1372 696 1446; x_wconf 80' lang='grc' dir='ltr'>ὕστερον</span> <span class='ocrx_word' id='word_1_86' title='bbox 725 1375 897 1442; x_wconf 87' lang='grc' dir='ltr'>ἁγίοις</span> <span class='ocrx_word' id='word_1_87' title='bbox 930 1374 1036 1445; x_wconf 83' lang='grc' dir='ltr'><strong>πρὸ</strong></span> <span class='ocrx_word' id='word_1_88' title='bbox 1058 1376 1159 1444; x_wconf 81' lang='grc' dir='ltr'><strong>τῆς</strong></span> <span class='ocrx_word' id='word_1_89' title='bbox 1191 1375 1298 1427; x_wconf 85' lang='grc' dir='ltr'><strong>ἀπὸ</strong></span> <span class='ocrx_word' id='word_1_90' title='bbox 1321 1373 1426 1426; x_wconf 72' lang='grc' dir='ltr'>τῶν</span> <span class='ocrx_word' id='word_1_91' title='bbox 1453 1375 1710 1445; x_wconf 78' lang='grc' dir='ltr'>χειρόνων</span> <span class='ocrx_word' id='word_1_92' title='bbox 1737 1375 1828 1426; x_wconf 69' lang='grc' dir='ltr'><strong>ἐπὶ</strong></span> <span class='ocrx_word' id='word_1_93' title='bbox 1850 1372 1918 1426; x_wconf 81' lang='grc' dir='ltr'><strong>τά</strong></span> 
     </span>
    </p>
   </div>
   <div class='ocr_carea' id='block_1_15' title="bbox 337 1465 1912 1544">
    <p class='ocr_par' dir='ltr' id='par_1_15' title="bbox 337 1465 1912 1544">
     <span class='ocr_line' id='line_1_15' title="bbox 337 1465 1912 1544; baseline -0.001 -24"><span class='ocrx_word' id='word_1_94' title='bbox 337 1467 568 1544; x_wconf 80' lang='grc' dir='ltr'><strong>κρείττω</strong></span> <span class='ocrx_word' id='word_1_95' title='bbox 609 1466 930 1538; x_wconf 75' lang='grc' dir='ltr'>μεταϐολῆς.</span> <span class='ocrx_word' id='word_1_96' title='bbox 990 1467 1149 1520; x_wconf 74' lang='grc' dir='ltr'>Ἀλλὰ</span> <span class='ocrx_word' id='word_1_97' title='bbox 1182 1468 1333 1536; x_wconf 76' lang='grc' dir='ltr'>μετὰ</span> <span class='ocrx_word' id='word_1_98' title='bbox 1371 1467 1557 1520; x_wconf 81' lang='grc' dir='ltr'>ταῦτα</span> <span class='ocrx_word' id='word_1_99' title='bbox 1588 1465 1912 1536; x_wconf 81' lang='grc' dir='ltr'>ἐτάχυναν,</span> 
     </span>
    </p>
   </div>
   <div class='ocr_carea' id='block_1_16' title="bbox 333 1555 1915 1637">
    <p class='ocr_par' dir='ltr' id='par_1_16' title="bbox 333 1555 1915 1637">
     <span class='ocr_line' id='line_1_16' title="bbox 333 1555 1915 1637; baseline 0 -27"><span class='ocrx_word' id='word_1_100' title='bbox 333 1555 432 1612; x_wconf 79' lang='grc' dir='ltr'><strong>οὐκ</strong></span> <span class='ocrx_word' id='word_1_101' title='bbox 457 1557 848 1637; x_wconf 69' lang='grc' dir='ltr'>ἀμελήσαντες,</span> <span class='ocrx_word' id='word_1_102' title='bbox 883 1559 1002 1611; x_wconf 72' lang='grc' dir='ltr'>οὐδὲ</span> <span class='ocrx_word' id='word_1_103' title='bbox 1031 1558 1410 1630; x_wconf 82' lang='grc' dir='ltr'>βραδύναντες,</span> <span class='ocrx_word' id='word_1_104' title='bbox 1442 1558 1578 1612; x_wconf 88' lang='grc' dir='ltr'><strong>ἀλλά</strong></span> <span class='ocrx_word' id='word_1_105' title='bbox 1605 1558 1692 1612; x_wconf 76' lang='grc' dir='ltr'><strong>διὰ</strong></span> <span class='ocrx_word' id='word_1_106' title='bbox 1717 1558 1915 1628; x_wconf 85' lang='grc' dir='ltr'>τάχους</span> 
     </span>
    </p>
   </div>
   <div class='ocr_carea' id='block_1_17' title="bbox 327 1650 1914 1722">
    <p class='ocr_par' dir='ltr' id='par_1_17' title="bbox 327 1650 1914 1722">
     <span class='ocr_line' id='line_1_17' title="bbox 327 1650 1914 1722; baseline -0.001 -19"><span class='ocrx_word' id='word_1_107' title='bbox 327 1652 426 1722; x_wconf 81' lang='grc' dir='ltr'>τὴν</span> <span class='ocrx_word' id='word_1_108' title='bbox 478 1650 764 1721; x_wconf 85' lang='grc' dir='ltr'>μετάνοιαν</span> <span class='ocrx_word' id='word_1_109' title='bbox 814 1651 1178 1722; x_wconf 77' lang='grc' dir='ltr'>ἐνδειξάμενοι</span> <span class='ocrx_word' id='word_1_110' title='bbox 1233 1650 1372 1722; x_wconf 86' lang='grc' dir='ltr'><strong>μετά</strong></span> <span class='ocrx_word' id='word_1_111' title='bbox 1422 1650 1521 1722; x_wconf 85' lang='grc' dir='ltr'><strong>τὴν</strong></span> <span class='ocrx_word' id='word_1_112' title='bbox 1578 1653 1658 1713; x_wconf 81' lang='grc' dir='ltr'><strong>είς</strong></span> <span class='ocrx_word' id='word_1_113' title='bbox 1715 1650 1914 1712; x_wconf 76' lang='grc' dir='ltr'>αὐτοὺς</span> 
     </span>
    </p>
   </div>
   <div class='ocr_carea' id='block_1_18' title="bbox 324 1740 1910 1816">
    <p class='ocr_par' dir='ltr' id='par_1_18' title="bbox 324 1740 1910 1816">
     <span class='ocr_line' id='line_1_18' title="bbox 324 1740 1910 1816; baseline -0.002 -20"><span class='ocrx_word' id='word_1_114' title='bbox 324 1744 626 1815; x_wconf 82' lang='grc' dir='ltr'>γενομένην</span> <span class='ocrx_word' id='word_1_115' title='bbox 669 1744 849 1815; x_wconf 85' lang='grc' dir='ltr'>χάριν,</span> <span class='ocrx_word' id='word_1_116' title='bbox 889 1743 954 1797; x_wconf 90' lang='grc' dir='ltr'>δι’</span> <span class='ocrx_word' id='word_1_117' title='bbox 1006 1740 1076 1816; x_wconf 83' lang='grc' dir='ltr'>ἦς</span> <span class='ocrx_word' id='word_1_118' title='bbox 1129 1741 1529 1814; x_wconf 80' lang='grc' dir='ltr'>ἐθαυμαστώθη</span> <span class='ocrx_word' id='word_1_119' title='bbox 1590 1742 1769 1796; x_wconf 88' lang='grc' dir='ltr'>πάντα</span> <span class='ocrx_word' id='word_1_120' title='bbox 1817 1741 1910 1794; x_wconf 84' lang='grc' dir='ltr'>τοῦ</span> 
     </span>
    </p>
   </div>
   <div class='ocr_carea' id='block_1_19' title="bbox 322 1827 1910 1910">
    <p class='ocr_par' dir='ltr' id='par_1_19' title="bbox 322 1827 1910 1910">
     <span class='ocr_line' id='line_1_19' title="bbox 322 1827 1910 1910; baseline -0.003 -18"><span class='ocrx_word' id='word_1_121' title='bbox 322 1838 576 1910; x_wconf 81' lang='grc' dir='ltr'>Σωτῆρος</span> <span class='ocrx_word' id='word_1_122' title='bbox 628 1837 903 1908; x_wconf 83' lang='grc' dir='ltr'>θελήματα</span> <span class='ocrx_word' id='word_1_123' title='bbox 960 1837 1018 1889; x_wconf 84' lang='grc' dir='ltr'><strong>ἐν</strong></span> <span class='ocrx_word' id='word_1_124' title='bbox 1075 1836 1280 1896; x_wconf 73' lang='grc' dir='ltr'>αὐτοῖς.</span> <span class='ocrx_word' id='word_1_125' title='bbox 1341 1827 1531 1887; x_wconf 84' lang='grc' dir='ltr'>Ὅθεν</span> <span class='ocrx_word' id='word_1_126' title='bbox 1563 1834 1910 1906; x_wconf 83' lang='grc' dir='ltr'>συγχώρησιν</span> 
     </span>
    </p>
   </div>
   <div class='ocr_carea' id='block_1_20' title="bbox 321 1904 1984 2002">
    <p class='ocr_par' dir='ltr' id='par_1_20' title="bbox 321 1904 1984 2002">
     <span class='ocr_line' id='line_1_20' title="bbox 321 1904 1984 2002; baseline -0.002 -21"><span class='ocrx_word' id='word_1_127' title='bbox 321 1904 608 2002; x_wconf 71' lang='grc' dir='ltr'>προτέρων</span> <span class='ocrx_word' id='word_1_128' title='bbox 639 1904 1056 2001; x_wconf 75' lang='grc' dir='ltr'>ἁμαρτημάτων</span> <span class='ocrx_word' id='word_1_129' title='bbox 1085 1927 1260 1990; x_wconf 75' lang='grc' dir='ltr'>διδοὺς</span> <span class='ocrx_word' id='word_1_130' title='bbox 1285 1927 1467 1988; x_wconf 80' lang='grc' dir='ltr'>αὺτοῖς</span> <span class='ocrx_word' id='word_1_131' title='bbox 1496 1943 1680 1997; x_wconf 82' lang='grc' dir='ltr'>φησιν·</span> <span class='ocrx_word' id='word_1_132' title='bbox 1719 1904 1909 1995; x_wconf 15' lang='grc' dir='ltr'>όὺήμὴ</span> <span class='ocrx_word' id='word_1_133' title='bbox 1943 1904 1984 1958; x_wconf 74' lang='grc' dir='ltr'><strong>Β</strong></span> 
     </span>
    </p>
   </div>
   <div class='ocr_carea' id='block_1_21' title="bbox 321 2008 1912 2092">
    <p class='ocr_par' dir='ltr' id='par_1_21' title="bbox 321 2008 1912 2092">
     <span class='ocr_line' id='line_1_21' title="bbox 321 2008 1912 2092; baseline 0 -19"><span class='ocrx_word' id='word_1_134' title='bbox 321 2008 644 2092; x_wconf 65' lang='grc' dir='ltr'>σὺναγπάγω</span> <span class='ocrx_word' id='word_1_135' title='bbox 675 2023 782 2088; x_wconf 86' lang='grc' dir='ltr'>τὰς</span> <span class='ocrx_word' id='word_1_136' title='bbox 812 2021 1166 2090; x_wconf 75' lang='grc' dir='ltr'>συναγωγὰς</span> <span class='ocrx_word' id='word_1_137' title='bbox 1210 2017 1409 2073; x_wconf 81' lang='grc' dir='ltr'>αὐτῶν</span> <span class='ocrx_word' id='word_1_138' title='bbox 1449 2019 1519 2082; x_wconf 78' lang='grc' dir='ltr'>ἐξ</span> <span class='ocrx_word' id='word_1_139' title='bbox 1566 2018 1843 2087; x_wconf 70' lang='grc' dir='ltr'>αἱμάτων·</span> <span class='ocrx_word' id='word_1_140' title='bbox 1878 2018 1912 2089; x_wconf 84' lang='grc' dir='ltr'><strong>ἢ</strong></span> 
     </span>
    </p>
   </div>
   <div class='ocr_carea' id='block_1_22' title="bbox 324 2109 1914 2181">
    <p class='ocr_par' dir='ltr' id='par_1_22' title="bbox 324 2109 1914 2181">
     <span class='ocr_line' id='line_1_22' title="bbox 324 2109 1914 2181; baseline -0.001 -15"><span class='ocrx_word' id='word_1_141' title='bbox 324 2112 467 2167; x_wconf 88' lang='grc' dir='ltr'><strong>κατά</strong></span> <span class='ocrx_word' id='word_1_142' title='bbox 500 2114 592 2167; x_wconf 76' lang='grc' dir='ltr'><strong>τὸν</strong></span> <span class='ocrx_word' id='word_1_143' title='bbox 637 2113 886 2166; x_wconf 73' lang='grc' dir='ltr'>Ἀκύλαν·</span> <span class='ocrx_word' id='word_1_144' title='bbox 925 2114 1006 2166; x_wconf 79' lang='grc' dir='ltr'><strong>Οὐ</strong></span> <span class='ocrx_word' id='word_1_145' title='bbox 1034 2111 1120 2181; x_wconf 84' lang='grc' dir='ltr'>μὴ</span> <span class='ocrx_word' id='word_1_146' title='bbox 1159 2113 1392 2165; x_wconf 82' lang='grc' dir='ltr'>σπείσω</span> <span class='ocrx_word' id='word_1_147' title='bbox 1420 2112 1693 2176; x_wconf 78' lang='grc' dir='ltr'>σπονδὰς</span> <span class='ocrx_word' id='word_1_148' title='bbox 1716 2109 1914 2164; x_wconf 80' lang='grc' dir='ltr'>αὐτῶν</span> 
     </span>
    </p>
   </div>
   <div class='ocr_carea' id='block_1_23' title="bbox 322 2201 1912 2275">
    <p class='ocr_par' dir='ltr' id='par_1_23' title="bbox 322 2201 1912 2275">
     <span class='ocr_line' id='line_1_23' title="bbox 322 2201 1912 2275; baseline -0.004 -16"><span class='ocrx_word' id='word_1_149' title='bbox 322 2205 392 2270; x_wconf 83' lang='grc' dir='ltr'><strong>ἐξ</strong></span> <span class='ocrx_word' id='word_1_150' title='bbox 428 2204 710 2274; x_wconf 79' lang='grc' dir='ltr'>αἱμάτων.</span> <span class='ocrx_word' id='word_1_151' title='bbox 745 2204 918 2258; x_wconf 86' lang='grc' dir='ltr'>Πάλαι</span> <span class='ocrx_word' id='word_1_152' title='bbox 954 2204 1052 2274; x_wconf 81' lang='grc' dir='ltr'>μὲν</span> <span class='ocrx_word' id='word_1_153' title='bbox 1079 2201 1208 2275; x_wconf 80' lang='grc' dir='ltr'>γὰρ,</span> <span class='ocrx_word' id='word_1_154' title='bbox 1245 2203 1398 2272; x_wconf 80' lang='grc' dir='ltr'>φησὶ,</span> <span class='ocrx_word' id='word_1_155' title='bbox 1433 2202 1667 2265; x_wconf 81' lang='grc' dir='ltr'>σπονδὰς</span> <span class='ocrx_word' id='word_1_156' title='bbox 1694 2202 1912 2254; x_wconf 75' lang='grc' dir='ltr'>ἐποίουν</span> 
     </span>
    </p>
   </div>
   <div class='ocr_carea' id='block_1_24' title="bbox 321 2280 1910 2369">
    <p class='ocr_par' dir='ltr' id='par_1_24' title="bbox 321 2280 1910 2369">
     <span class='ocr_line' id='line_1_24' title="bbox 321 2280 1910 2369; baseline -0.004 -18"><span class='ocrx_word' id='word_1_157' title='bbox 321 2280 388 2364; x_wconf 72' lang='grc' dir='ltr'>ἐξ</span> <span class='ocrx_word' id='word_1_158' title='bbox 413 2299 682 2369; x_wconf 79' lang='grc' dir='ltr'>αἱμάτων,</span> <span class='ocrx_word' id='word_1_159' title='bbox 723 2297 964 2350; x_wconf 86' lang='grc' dir='ltr'>Ἰουδαῖοι</span> <span class='ocrx_word' id='word_1_160' title='bbox 994 2296 1093 2366; x_wconf 85' lang='grc' dir='ltr'><strong>μὲν</strong></span> <span class='ocrx_word' id='word_1_161' title='bbox 1127 2295 1266 2348; x_wconf 83' lang='grc' dir='ltr'>κατὰ</span> <span class='ocrx_word' id='word_1_162' title='bbox 1297 2295 1456 2366; x_wconf 88' lang='grc' dir='ltr'>νόμον</span> <span class='ocrx_word' id='word_1_163' title='bbox 1477 2294 1556 2366; x_wconf 84' lang='grc' dir='ltr'>τῷ</span> <span class='ocrx_word' id='word_1_164' title='bbox 1577 2293 1695 2364; x_wconf 82' lang='grc' dir='ltr'>Θεῷ</span> <span class='ocrx_word' id='word_1_165' title='bbox 1721 2294 1910 2357; x_wconf 80' lang='grc' dir='ltr'>θυσίας</span> 
     </span>
    </p>
   </div>
   <div class='ocr_carea' id='block_1_25' title="bbox 317 2387 1910 2464">
    <p class='ocr_par' dir='ltr' id='par_1_25' title="bbox 317 2387 1910 2464">
     <span class='ocr_line' id='line_1_25' title="bbox 317 2387 1910 2464; baseline -0.002 -21"><span class='ocrx_word' id='word_1_166' title='bbox 317 2393 743 2464; x_wconf 78' lang='grc' dir='ltr'>προσφέροντες,</span> <span class='ocrx_word' id='word_1_167' title='bbox 799 2389 1056 2460; x_wconf 84' lang='grc' dir='ltr'>’Έλληνες</span> <span class='ocrx_word' id='word_1_168' title='bbox 1097 2389 1176 2451; x_wconf 86' lang='grc' dir='ltr'><strong>δὲ,</strong></span> <span class='ocrx_word' id='word_1_169' title='bbox 1216 2390 1306 2442; x_wconf 84' lang='grc' dir='ltr'><strong>ὅτε</strong></span> <span class='ocrx_word' id='word_1_170' title='bbox 1347 2391 1459 2450; x_wconf 81' lang='grc' dir='ltr'>τοῖς</span> <span class='ocrx_word' id='word_1_171' title='bbox 1492 2387 1741 2458; x_wconf 79' lang='grc' dir='ltr'>δαίμοσιν</span> <span class='ocrx_word' id='word_1_172' title='bbox 1787 2387 1910 2440; x_wconf 87' lang='grc' dir='ltr'>ἐλά-</span> 
     </span>
    </p>
   </div>
   <div class='ocr_carea' id='block_1_26' title="bbox 314 2470 1910 2553">
    <p class='ocr_par' dir='ltr' id='par_1_26' title="bbox 314 2470 1910 2553">
     <span class='ocr_line' id='line_1_26' title="bbox 314 2470 1910 2553; baseline -0.004 -17"><span class='ocrx_word' id='word_1_173' title='bbox 314 2470 529 2553; x_wconf 79' lang='grc' dir='ltr'>τρευον.</span> <span class='ocrx_word' id='word_1_174' title='bbox 573 2479 712 2549; x_wconf 86' lang='grc' dir='ltr'>Ἐγὼ</span> <span class='ocrx_word' id='word_1_175' title='bbox 735 2481 791 2533; x_wconf 76' lang='grc' dir='ltr'>δὲ</span> <span class='ocrx_word' id='word_1_176' title='bbox 822 2479 1014 2542; x_wconf 85' lang='grc' dir='ltr'>καινὰς</span> <span class='ocrx_word' id='word_1_177' title='bbox 1038 2480 1222 2542; x_wconf 77' lang='grc' dir='ltr'>αὐτοῖς</span> <span class='ocrx_word' id='word_1_178' title='bbox 1246 2478 1436 2542; x_wconf 87' lang='grc' dir='ltr'>θυσίας</span> <span class='ocrx_word' id='word_1_179' title='bbox 1462 2479 1758 2550; x_wconf 80' lang='grc' dir='ltr'>παραδοὺς,</span> <span class='ocrx_word' id='word_1_180' title='bbox 1784 2479 1910 2531; x_wconf 80' lang='grc' dir='ltr'>οὐκ-</span> 
     </span>
    </p>
   </div>
   <div class='ocr_carea' id='block_1_27' title="bbox 313 2569 1908 2643">
    <p class='ocr_par' dir='ltr' id='par_1_27' title="bbox 313 2569 1908 2643">
     <span class='ocr_line' id='line_1_27' title="bbox 313 2569 1908 2643; baseline -0.003 -18"><span class='ocrx_word' id='word_1_181' title='bbox 313 2573 394 2625; x_wconf 85' lang='grc' dir='ltr'><strong>έτι</strong></span> <span class='ocrx_word' id='word_1_182' title='bbox 421 2572 641 2643; x_wconf 81' lang='grc' dir='ltr'>δέξομαι</span> <span class='ocrx_word' id='word_1_183' title='bbox 671 2571 902 2635; x_wconf 80' lang='grc' dir='ltr'>σπονδὰς</span> <span class='ocrx_word' id='word_1_184' title='bbox 927 2571 1107 2624; x_wconf 80' lang='grc' dir='ltr'>αὐτῶν</span> <span class='ocrx_word' id='word_1_185' title='bbox 1144 2571 1202 2638; x_wconf 82' lang='grc' dir='ltr'>ἐξ</span> <span class='ocrx_word' id='word_1_186' title='bbox 1237 2569 1516 2642; x_wconf 80' lang='grc' dir='ltr'>αἱμάτων·</span> <span class='ocrx_word' id='word_1_187' title='bbox 1557 2569 1678 2622; x_wconf 80' lang='grc' dir='ltr'>οὐδὲ</span> <span class='ocrx_word' id='word_1_188' title='bbox 1704 2569 1908 2633; x_wconf 86' lang='grc' dir='ltr'>ταύτας</span> 
     </span>
    </p>
   </div>
   <div class='ocr_carea' id='block_1_28' title="bbox 311 2661 1903 2735">
    <p class='ocr_par' dir='ltr' id='par_1_28' title="bbox 311 2661 1903 2735">
     <span class='ocr_line' id='line_1_28' title="bbox 311 2661 1903 2735; baseline -0.003 -17"><span class='ocrx_word' id='word_1_189' title='bbox 311 2666 523 2719; x_wconf 88' lang='grc' dir='ltr'>σπείσω</span> <span class='ocrx_word' id='word_1_190' title='bbox 556 2666 650 2719; x_wconf 77' lang='grc' dir='ltr'><strong>ἅτε</strong></span> <span class='ocrx_word' id='word_1_191' title='bbox 679 2667 968 2735; x_wconf 84' lang='grc' dir='ltr'>ἀρχιερεὺς</span> <span class='ocrx_word' id='word_1_192' title='bbox 1007 2665 1072 2717; x_wconf 80' lang='grc' dir='ltr'><strong>ἐκ</strong></span> <span class='ocrx_word' id='word_1_193' title='bbox 1111 2663 1222 2716; x_wconf 81' lang='grc' dir='ltr'>τῶν</span> <span class='ocrx_word' id='word_1_194' title='bbox 1264 2663 1462 2734; x_wconf 84' lang='grc' dir='ltr'>χειρῶν</span> <span class='ocrx_word' id='word_1_195' title='bbox 1495 2661 1675 2715; x_wconf 80' lang='grc' dir='ltr'>αὐτῶν</span> <span class='ocrx_word' id='word_1_196' title='bbox 1707 2661 1903 2716; x_wconf 88' lang='grc' dir='ltr'>ἀποδε-</span> 
     </span>
    </p>
   </div>
   <div class='ocr_carea' id='block_1_29' title="bbox 310 2755 1904 2829">
    <p class='ocr_par' dir='ltr' id='par_1_29' title="bbox 310 2755 1904 2829">
     <span class='ocr_line' id='line_1_29' title="bbox 310 2755 1904 2829; baseline -0.002 -18"><span class='ocrx_word' id='word_1_197' title='bbox 310 2757 544 2829; x_wconf 79' lang='grc' dir='ltr'>ξάμενος</span> <span class='ocrx_word' id='word_1_198' title='bbox 575 2758 668 2811; x_wconf 72' lang='grc' dir='ltr'>καὶ</span> <span class='ocrx_word' id='word_1_199' title='bbox 701 2757 960 2810; x_wconf 85' lang='grc' dir='ltr'>σπένδων·</span> <span class='ocrx_word' id='word_1_200' title='bbox 997 2755 1160 2811; x_wconf 88' lang='grc' dir='ltr'>καινά</span> <span class='ocrx_word' id='word_1_201' title='bbox 1201 2755 1256 2808; x_wconf 81' lang='grc' dir='ltr'><strong>δὲ</strong></span> <span class='ocrx_word' id='word_1_202' title='bbox 1306 2755 1580 2828; x_wconf 82' lang='grc' dir='ltr'>μυστήρια</span> <span class='ocrx_word' id='word_1_203' title='bbox 1629 2755 1904 2826; x_wconf 73' lang='grc' dir='ltr'>παραδοὺς</span> 
     </span>
    </p>
   </div>
   <div class='ocr_carea' id='block_1_30' title="bbox 305 2847 1900 2918">
    <p class='ocr_par' dir='ltr' id='par_1_30' title="bbox 305 2847 1900 2918">
     <span class='ocr_line' id='line_1_30' title="bbox 305 2847 1900 2918; baseline -0.004 -12"><span class='ocrx_word' id='word_1_204' title='bbox 305 2853 498 2914; x_wconf 80' lang='grc' dir='ltr'>αὐτοῖς</span> <span class='ocrx_word' id='word_1_205' title='bbox 521 2851 616 2904; x_wconf 77' lang='grc' dir='ltr'><strong>καὶ</strong></span> <span class='ocrx_word' id='word_1_206' title='bbox 639 2850 828 2914; x_wconf 81' lang='grc' dir='ltr'>καινὰς</span> <span class='ocrx_word' id='word_1_207' title='bbox 853 2849 1043 2912; x_wconf 88' lang='grc' dir='ltr'>θυσίας</span> <span class='ocrx_word' id='word_1_208' title='bbox 1069 2848 1167 2911; x_wconf 77' lang='grc' dir='ltr'><strong>τὰς</strong></span> <span class='ocrx_word' id='word_1_209' title='bbox 1193 2848 1457 2918; x_wconf 87' lang='grc' dir='ltr'>ἀναίμους</span> <span class='ocrx_word' id='word_1_210' title='bbox 1484 2848 1577 2900; x_wconf 75' lang='grc' dir='ltr'><strong>καὶ</strong></span> <span class='ocrx_word' id='word_1_211' title='bbox 1599 2847 1900 2911; x_wconf 86' lang='grc' dir='ltr'>ἀκάπνους,</span> 
     </span>
    </p>
   </div>
   <div class='ocr_carea' id='block_1_31' title="bbox 304 2938 1902 3014">
    <p class='ocr_par' dir='ltr' id='par_1_31' title="bbox 304 2938 1902 3014">
     <span class='ocr_line' id='line_1_31' title="bbox 304 2938 1902 3014; baseline -0.004 -16"><span class='ocrx_word' id='word_1_212' title='bbox 304 2943 402 2998; x_wconf 80' lang='grc' dir='ltr'><strong>καὶ</strong></span> <span class='ocrx_word' id='word_1_213' title='bbox 453 2943 696 3013; x_wconf 76' lang='grc' dir='ltr'>λογικὰς,</span> <span class='ocrx_word' id='word_1_214' title='bbox 742 2942 966 3006; x_wconf 77' lang='grc' dir='ltr'>ταύταις</span> <span class='ocrx_word' id='word_1_215' title='bbox 1010 2941 1246 3014; x_wconf 84' lang='grc' dir='ltr'>χρῆσθαι</span> <span class='ocrx_word' id='word_1_216' title='bbox 1293 2939 1488 3004; x_wconf 78' lang='grc' dir='ltr'>διδάξω</span> <span class='ocrx_word' id='word_1_217' title='bbox 1535 2938 1750 3002; x_wconf 81' lang='grc' dir='ltr'>αὐτούς·</span> <span class='ocrx_word' id='word_1_218' title='bbox 1786 2938 1902 2993; x_wconf 86' lang='grc' dir='ltr'>ἀλλ’</span> 
     </span>
    </p>
   </div>
   <div class='ocr_carea' id='block_1_32' title="bbox 297 3030 1901 3106">
    <p class='ocr_par' dir='ltr' id='par_1_32' title="bbox 297 3030 1901 3106">
     <span class='ocr_line' id='line_1_32' title="bbox 297 3030 1901 3106; baseline -0.002 -18"><span class='ocrx_word' id='word_1_219' title='bbox 297 3034 434 3089; x_wconf 72' lang='grc' dir='ltr'>οὐδὲ</span> <span class='ocrx_word' id='word_1_220' title='bbox 465 3033 822 3106; x_wconf 77' lang='grc' dir='ltr'>μνημονεύσω</span> <span class='ocrx_word' id='word_1_221' title='bbox 855 3033 941 3086; x_wconf 80' lang='grc' dir='ltr'><strong>διὰ</strong></span> <span class='ocrx_word' id='word_1_222' title='bbox 973 3033 1081 3087; x_wconf 84' lang='grc' dir='ltr'><strong>τῶν</strong></span> <span class='ocrx_word' id='word_1_223' title='bbox 1119 3032 1344 3103; x_wconf 74' lang='grc' dir='ltr'>χειλέων</span> <span class='ocrx_word' id='word_1_224' title='bbox 1386 3049 1487 3103; x_wconf 88' lang='grc' dir='ltr'><strong>μου</strong></span> <span class='ocrx_word' id='word_1_225' title='bbox 1519 3031 1627 3085; x_wconf 80' lang='grc' dir='ltr'><strong>τῶν</strong></span> <span class='ocrx_word' id='word_1_226' title='bbox 1655 3030 1901 3084; x_wconf 80' lang='grc' dir='ltr'>παλαιῶν</span> 
     </span>
    </p>
   </div>
   <div class='ocr_carea' id='block_1_33' title="bbox 296 3121 1901 3194">
    <p class='ocr_par' dir='ltr' id='par_1_33' title="bbox 296 3121 1901 3194">
     <span class='ocr_line' id='line_1_33' title="bbox 296 3121 1901 3194; baseline -0.003 -14"><span class='ocrx_word' id='word_1_227' title='bbox 296 3123 489 3180; x_wconf 70' lang='grc' dir='ltr'>αὐτῶν</span> <span class='ocrx_word' id='word_1_228' title='bbox 521 3123 822 3194; x_wconf 75' lang='grc' dir='ltr'>ὀνομάτων.</span> <span class='ocrx_word' id='word_1_229' title='bbox 861 3123 1034 3178; x_wconf 87' lang='grc' dir='ltr'>Πάλαι</span> <span class='ocrx_word' id='word_1_230' title='bbox 1083 3125 1180 3194; x_wconf 83' lang='grc' dir='ltr'><strong>μὲν</strong></span> <span class='ocrx_word' id='word_1_231' title='bbox 1220 3123 1330 3193; x_wconf 86' lang='grc' dir='ltr'>γὰρ</span> <span class='ocrx_word' id='word_1_232' title='bbox 1360 3121 1597 3188; x_wconf 79' lang='grc' dir='ltr'>ἐπαξίως</span> <span class='ocrx_word' id='word_1_233' title='bbox 1623 3122 1732 3175; x_wconf 80' lang='grc' dir='ltr'>τῶν</span> <span class='ocrx_word' id='word_1_234' title='bbox 1760 3122 1901 3192; x_wconf 87' lang='grc' dir='ltr'>πρά-</span> 
     </span>
    </p>
   </div>
   <div class='ocr_carea' id='block_1_34' title="bbox 304 3214 1897 3287">
    <p class='ocr_par' dir='ltr' id='par_1_34' title="bbox 304 3214 1897 3287">
     <span class='ocr_line' id='line_1_34' title="bbox 304 3214 1897 3287; baseline -0.001 -18"><span class='ocrx_word' id='word_1_235' title='bbox 304 3217 444 3283; x_wconf 79' lang='grc' dir='ltr'>ξεων</span> <span class='ocrx_word' id='word_1_236' title='bbox 469 3215 739 3286; x_wconf 79' lang='grc' dir='ltr'>ἐπήγοντο</span> <span class='ocrx_word' id='word_1_237' title='bbox 774 3215 1145 3286; x_wconf 83' lang='grc' dir='ltr'>προσηγορίας</span> <span class='ocrx_word' id='word_1_238' title='bbox 1176 3215 1225 3266; x_wconf 83' lang='grc' dir='ltr'>οἱ</span> <span class='ocrx_word' id='word_1_239' title='bbox 1254 3215 1362 3268; x_wconf 85' lang='grc' dir='ltr'><strong>ἀπὸ</strong></span> <span class='ocrx_word' id='word_1_240' title='bbox 1383 3214 1491 3267; x_wconf 84' lang='grc' dir='ltr'><strong>τῶν</strong></span> <span class='ocrx_word' id='word_1_241' title='bbox 1512 3214 1704 3276; x_wconf 83' lang='grc' dir='ltr'>ἐθνῶν,</span> <span class='ocrx_word' id='word_1_242' title='bbox 1733 3214 1897 3287; x_wconf 75' lang='grc' dir='ltr'>βέϐη-</span> 
     </span>
    </p>
   </div>
   <div class='ocr_carea' id='block_1_35' title="bbox 304 3306 1901 3381">
    <p class='ocr_par' dir='ltr' id='par_1_35' title="bbox 304 3306 1901 3381">
     <span class='ocr_line' id='line_1_35' title="bbox 304 3306 1901 3381; baseline -0.001 -19"><span class='ocrx_word' id='word_1_243' title='bbox 304 3310 385 3363; x_wconf 86' lang='grc' dir='ltr'><strong>λοι</strong></span> <span class='ocrx_word' id='word_1_244' title='bbox 411 3309 512 3363; x_wconf 70' lang='grc' dir='ltr'><strong>καὶ</strong></span> <span class='ocrx_word' id='word_1_245' title='bbox 533 3307 855 3381; x_wconf 84' lang='grc' dir='ltr'>ἀκάθαρτοι,</span> <span class='ocrx_word' id='word_1_246' title='bbox 886 3308 980 3361; x_wconf 77' lang='grc' dir='ltr'>καὶ</span> <span class='ocrx_word' id='word_1_247' title='bbox 1006 3306 1412 3379; x_wconf 86' lang='grc' dir='ltr'>εἰδωλολάτραι,</span> <span class='ocrx_word' id='word_1_248' title='bbox 1443 3307 1696 3361; x_wconf 83' lang='grc' dir='ltr'>πολύθεοί</span> <span class='ocrx_word' id='word_1_249' title='bbox 1723 3325 1780 3361; x_wconf 88' lang='grc' dir='ltr'><strong>τε</strong></span> <span class='ocrx_word' id='word_1_250' title='bbox 1807 3309 1901 3367; x_wconf 75' lang='grc' dir='ltr'><strong>καὶ</strong></span> 
     </span>
    </p>
   </div>
   <div class='ocr_carea' id='block_1_36' title="bbox 305 3399 1901 3474">
    <p class='ocr_par' dir='ltr' id='par_1_36' title="bbox 305 3399 1901 3474">
     <span class='ocr_line' id='line_1_36' title="bbox 305 3399 1901 3474; baseline -0.001 -18"><span class='ocrx_word' id='word_1_251' title='bbox 305 3402 454 3456; x_wconf 85' lang='grc' dir='ltr'>ἄθεοι</span> <span class='ocrx_word' id='word_1_252' title='bbox 488 3401 900 3473; x_wconf 82' lang='grc' dir='ltr'>ὀνομαζόμενοι·</span> <span class='ocrx_word' id='word_1_253' title='bbox 934 3401 1031 3453; x_wconf 78' lang='grc' dir='ltr'>νῦν</span> <span class='ocrx_word' id='word_1_254' title='bbox 1063 3400 1120 3454; x_wconf 83' lang='grc' dir='ltr'>δὲ</span> <span class='ocrx_word' id='word_1_255' title='bbox 1152 3399 1379 3454; x_wconf 85' lang='grc' dir='ltr'>ἐκείνων</span> <span class='ocrx_word' id='word_1_256' title='bbox 1410 3400 1510 3471; x_wconf 88' lang='grc' dir='ltr'><strong>μέν</strong></span> <span class='ocrx_word' id='word_1_257' title='bbox 1536 3401 1718 3454; x_wconf 77' lang='grc' dir='ltr'>οὐκέτι</span> <span class='ocrx_word' id='word_1_258' title='bbox 1763 3419 1901 3474; x_wconf 84' lang='grc' dir='ltr'>μνη-</span> 
     </span>
    </p>
   </div>
   <div class='ocr_carea' id='block_1_37' title="bbox 309 3494 1900 3568">
    <p class='ocr_par' dir='ltr' id='par_1_37' title="bbox 309 3494 1900 3568">
     <span class='ocr_line' id='line_1_37' title="bbox 309 3494 1900 3568; baseline -0.001 -18"><span class='ocrx_word' id='word_1_259' title='bbox 309 3497 582 3568; x_wconf 83' lang='grc' dir='ltr'>σθήσομαι</span> <span class='ocrx_word' id='word_1_260' title='bbox 604 3495 712 3550; x_wconf 88' lang='grc' dir='ltr'><strong>τῶν</strong></span> <span class='ocrx_word' id='word_1_261' title='bbox 737 3496 1036 3565; x_wconf 84' lang='grc' dir='ltr'>ὀνομάτων,</span> <span class='ocrx_word' id='word_1_262' title='bbox 1062 3494 1226 3565; x_wconf 74' lang='grc' dir='ltr'>ἕτερα</span> <span class='ocrx_word' id='word_1_263' title='bbox 1247 3494 1305 3546; x_wconf 78' lang='grc' dir='ltr'>δὲ</span> <span class='ocrx_word' id='word_1_264' title='bbox 1328 3495 1510 3558; x_wconf 83' lang='grc' dir='ltr'>αὐτοῖς</span> <span class='ocrx_word' id='word_1_265' title='bbox 1533 3494 1649 3548; x_wconf 85' lang='grc' dir='ltr'>ἀντ’</span> <span class='ocrx_word' id='word_1_266' title='bbox 1675 3496 1900 3548; x_wconf 76' lang='grc' dir='ltr'>ἐκείνων</span> 
     </span>
    </p>
   </div>
   <div class='ocr_carea' id='block_1_38' title="bbox 309 3587 1897 3660">
    <p class='ocr_par' dir='ltr' id='par_1_38' title="bbox 309 3587 1897 3660">
     <span class='ocr_line' id='line_1_38' title="bbox 309 3587 1897 3660; baseline -0.001 -19"><span class='ocrx_word' id='word_1_267' title='bbox 309 3589 645 3660; x_wconf 75' lang='grc' dir='ltr'>δωρήσομαι·</span> <span class='ocrx_word' id='word_1_268' title='bbox 665 3587 906 3649; x_wconf 81' lang='grc' dir='ltr'>εὐσεϐεῖς</span> <span class='ocrx_word' id='word_1_269' title='bbox 928 3588 1124 3652; x_wconf 76' lang='grc' dir='ltr'>αὐτοὺς</span> <span class='ocrx_word' id='word_1_270' title='bbox 1148 3587 1242 3641; x_wconf 77' lang='grc' dir='ltr'>καὶ</span> <span class='ocrx_word' id='word_1_271' title='bbox 1258 3587 1548 3652; x_wconf 78' lang='grc' dir='ltr'>θεοσεϐεῖς,</span> <span class='ocrx_word' id='word_1_272' title='bbox 1573 3589 1668 3642; x_wconf 82' lang='grc' dir='ltr'><strong>καὶ</strong></span> <span class='ocrx_word' id='word_1_273' title='bbox 1684 3588 1897 3656; x_wconf 83' lang='grc' dir='ltr'>ἁγίους,</span> 
     </span>
    </p>
   </div>
   <div class='ocr_carea' id='block_1_39' title="bbox 307 3678 1898 3754">
    <p class='ocr_par' dir='ltr' id='par_1_39' title="bbox 307 3678 1898 3754">
     <span class='ocr_line' id='line_1_39' title="bbox 307 3678 1898 3754; baseline -0.002 -19"><span class='ocrx_word' id='word_1_274' title='bbox 307 3680 544 3754; x_wconf 74' lang='grc' dir='ltr'>κλητοὺς</span> <span class='ocrx_word' id='word_1_275' title='bbox 582 3698 642 3733; x_wconf 92' lang='grc' dir='ltr'><strong>τε</strong></span> <span class='ocrx_word' id='word_1_276' title='bbox 674 3681 768 3734; x_wconf 72' lang='grc' dir='ltr'><strong>καὶ</strong></span> <span class='ocrx_word' id='word_1_277' title='bbox 809 3678 1135 3746; x_wconf 83' lang='grc' dir='ltr'>ἐκλεκτοὺς,</span> <span class='ocrx_word' id='word_1_278' title='bbox 1175 3681 1270 3734; x_wconf 73' lang='grc' dir='ltr'><strong>καὶ</strong></span> <span class='ocrx_word' id='word_1_279' title='bbox 1297 3682 1658 3751; x_wconf 86' lang='grc' dir='ltr'>Χριστιανοὺς</span> <span class='ocrx_word' id='word_1_280' title='bbox 1699 3680 1898 3750; x_wconf 79' lang='grc' dir='ltr'>ὀνομά-</span> 
     </span>
    </p>
   </div>
   <div class='ocr_carea' id='block_1_40' title="bbox 307 3775 440 3839">
    <p class='ocr_par' dir='ltr' id='par_1_40' title="bbox 307 3775 440 3839">
     <span class='ocr_line' id='line_1_40' title="bbox 307 3775 440 3839; baseline -0.008 -11"><span class='ocrx_word' id='word_1_281' title='bbox 307 3775 416 3839; x_wconf 78' lang='grc' dir='ltr'>ζων</span> <span class='ocrx_word' id='word_1_282' title='bbox 426 3813 440 3827; x_wconf 94' lang='grc'><strong>.</strong></span> 
     </span>
    </p>
   </div>
   <div class='ocr_carea' id='block_1_41' title="bbox 371 3863 1898 3936">
    <p class='ocr_par' dir='ltr' id='par_1_41' title="bbox 371 3863 1898 3936">
     <span class='ocr_line' id='line_1_41' title="bbox 371 3863 1898 3936; baseline -0.002 -16"><span class='ocrx_word' id='word_1_283' title='bbox 371 3867 596 3935; x_wconf 82' lang='grc' dir='ltr'>Κύριος</span> <span class='ocrx_word' id='word_1_284' title='bbox 619 3865 790 3936; x_wconf 75' lang='grc' dir='ltr'>μερὶς</span> <span class='ocrx_word' id='word_1_285' title='bbox 811 3865 920 3934; x_wconf 83' lang='grc' dir='ltr'>τῆς</span> <span class='ocrx_word' id='word_1_286' title='bbox 942 3865 1347 3934; x_wconf 75' lang='grc' dir='ltr'>κληρονομίας</span> <span class='ocrx_word' id='word_1_287' title='bbox 1366 3881 1486 3933; x_wconf 83' lang='grc' dir='ltr'>μου</span> <span class='ocrx_word' id='word_1_288' title='bbox 1511 3864 1610 3918; x_wconf 76' lang='grc' dir='ltr'>καὶ</span> <span class='ocrx_word' id='word_1_289' title='bbox 1643 3863 1750 3919; x_wconf 86' lang='grc' dir='ltr'>τοῦ</span> <span class='ocrx_word' id='word_1_290' title='bbox 1789 3881 1898 3918; x_wconf 74' lang='grc' dir='ltr'>πο-</span> 
     </span>
    </p>
   </div>
   <div class='ocr_carea' id='block_1_42' title="bbox 305 3955 1898 4029">
    <p class='ocr_par' dir='ltr' id='par_1_42' title="bbox 305 3955 1898 4029">
     <span class='ocr_line' id='line_1_42' title="bbox 305 3955 1898 4029; baseline -0.002 -16"><span class='ocrx_word' id='word_1_291' title='bbox 305 3959 509 4029; x_wconf 78' lang='grc' dir='ltr'>τηρίου</span> <span class='ocrx_word' id='word_1_292' title='bbox 534 3975 675 4027; x_wconf 87' lang='grc' dir='ltr'>μου,</span> <span class='ocrx_word' id='word_1_293' title='bbox 729 3957 811 4011; x_wconf 88' lang='grc' dir='ltr'>σὺ</span> <span class='ocrx_word' id='word_1_294' title='bbox 847 3955 908 4012; x_wconf 83' lang='grc' dir='ltr'>εἴ</span> <span class='ocrx_word' id='word_1_295' title='bbox 937 3961 968 4011; x_wconf 86' lang='grc' dir='ltr'><strong><em>ό</em></strong></span> <span class='ocrx_word' id='word_1_296' title='bbox 1008 3955 1430 4011; x_wconf 72' lang='grc' dir='ltr'>ἀποκαθιστῶν</span> <span class='ocrx_word' id='word_1_297' title='bbox 1462 3955 1576 4024; x_wconf 81' lang='grc' dir='ltr'><strong>τὴν</strong></span> <span class='ocrx_word' id='word_1_298' title='bbox 1613 3959 1898 4025; x_wconf 61' lang='grc' dir='ltr'>κληρονοτ</span> 
     </span>
    </p>
   </div>
   <div class='ocr_carea' id='block_1_43' title="bbox 301 4047 1896 4122">
    <p class='ocr_par' dir='ltr' id='par_1_43' title="bbox 301 4047 1896 4122">
     <span class='ocr_line' id='line_1_43' title="bbox 301 4047 1896 4122; baseline -0.003 -17"><span class='ocrx_word' id='word_1_299' title='bbox 301 4052 438 4122; x_wconf 83' lang='grc' dir='ltr'>μίαν</span> <span class='ocrx_word' id='word_1_300' title='bbox 455 4067 586 4121; x_wconf 83' lang='grc' dir='ltr'>μου</span> <span class='ocrx_word' id='word_1_301' title='bbox 619 4049 770 4118; x_wconf 85' lang='grc' dir='ltr'>ἐμοι.</span> <span class='ocrx_word' id='word_1_302' title='bbox 820 4049 1254 4120; x_wconf 75' lang='grc' dir='ltr'>’Λναμνησθῆναι</span> <span class='ocrx_word' id='word_1_303' title='bbox 1289 4049 1556 4119; x_wconf 88' lang='grc' dir='ltr'>προσήκει</span> <span class='ocrx_word' id='word_1_304' title='bbox 1586 4047 1693 4102; x_wconf 83' lang='grc' dir='ltr'><strong>τῶν</strong></span> <span class='ocrx_word' id='word_1_305' title='bbox 1733 4051 1792 4102; x_wconf 87' lang='grc' dir='ltr'><strong>ἐν</strong></span> <span class='ocrx_word' id='word_1_306' title='bbox 1815 4049 1896 4120; x_wconf 78' lang='grc' dir='ltr'><strong>τῷ</strong></span> 
     </span>
    </p>
   </div>
   <div class='ocr_carea' id='block_1_44' title="bbox 302 4140 1896 4216">
    <p class='ocr_par' dir='ltr' id='par_1_44' title="bbox 302 4140 1896 4216">
     <span class='ocr_line' id='line_1_44' title="bbox 302 4140 1896 4216; baseline -0.001 -20"><span class='ocrx_word' id='word_1_307' title='bbox 302 4143 542 4216; x_wconf 79' lang='grc' dir='ltr'>δευτέρῳ</span> <span class='ocrx_word' id='word_1_308' title='bbox 562 4141 874 4214; x_wconf 79' lang='grc' dir='ltr'>εἰρημένων</span> <span class='ocrx_word' id='word_1_309' title='bbox 890 4140 1108 4211; x_wconf 67' lang='grc' dir='ltr'>ψαλμῷ.</span> <span class='ocrx_word' id='word_1_310' title='bbox 1135 4141 1243 4193; x_wconf 72' lang='grc' dir='ltr'>Καὶ</span> <span class='ocrx_word' id='word_1_311' title='bbox 1263 4141 1372 4213; x_wconf 78' lang='grc' dir='ltr'><strong>γὰρ</strong></span> <span class='ocrx_word' id='word_1_312' title='bbox 1397 4142 1514 4193; x_wconf 86' lang='grc' dir='ltr'>ἐκεῖ</span> <span class='ocrx_word' id='word_1_313' title='bbox 1541 4141 1896 4213; x_wconf 82' lang='grc' dir='ltr'>ἀνθρωπίνως</span> 
     </span>
    </p>
   </div>
   <div class='ocr_carea' id='block_1_45' title="bbox 309 4233 1893 4306">
    <p class='ocr_par' dir='ltr' id='par_1_45' title="bbox 309 4233 1893 4306">
     <span class='ocr_line' id='line_1_45' title="bbox 309 4233 1893 4306; baseline -0.003 -17"><span class='ocrx_word' id='word_1_314' title='bbox 309 4237 464 4290; x_wconf 83' lang='grc' dir='ltr'>πάλιν</span> <span class='ocrx_word' id='word_1_315' title='bbox 509 4235 650 4306; x_wconf 81' lang='grc' dir='ltr'>πρὸς</span> <span class='ocrx_word' id='word_1_316' title='bbox 694 4234 855 4289; x_wconf 81' lang='grc' dir='ltr'>αὐτὸν</span> <span class='ocrx_word' id='word_1_317' title='bbox 901 4233 1086 4302; x_wconf 86' lang='grc' dir='ltr'>ἕλεγεν</span> <span class='ocrx_word' id='word_1_318' title='bbox 1133 4235 1162 4286; x_wconf 85' lang='grc' dir='ltr'>ὁ</span> <span class='ocrx_word' id='word_1_319' title='bbox 1207 4234 1417 4304; x_wconf 86' lang='grc' dir='ltr'>Πατήρ·</span> <span class='ocrx_word' id='word_1_320' title='bbox 1467 4233 1722 4302; x_wconf 83' lang='grc' dir='ltr'>Αἷτησαι</span> <span class='ocrx_word' id='word_1_321' title='bbox 1754 4233 1893 4302; x_wconf 80' lang='grc' dir='ltr'>παρ’</span> 
     </span>
    </p>
   </div>
   <div class='ocr_carea' id='block_1_46' title="bbox 308 4324 1889 4398">
    <p class='ocr_par' dir='ltr' id='par_1_46' title="bbox 308 4324 1889 4398">
     <span class='ocr_line' id='line_1_46' title="bbox 308 4324 1889 4398; baseline -0.003 -16"><span class='ocrx_word' id='word_1_322' title='bbox 308 4329 466 4398; x_wconf 73' lang='grc' dir='ltr'>ἐμοῦ,</span> <span class='ocrx_word' id='word_1_323' title='bbox 504 4327 610 4381; x_wconf 82' lang='grc' dir='ltr'>καὶ</span> <span class='ocrx_word' id='word_1_324' title='bbox 641 4326 812 4379; x_wconf 85' lang='grc' dir='ltr'>δώσω</span> <span class='ocrx_word' id='word_1_325' title='bbox 843 4341 943 4380; x_wconf 76' lang='grc' dir='ltr'><strong>σοι</strong></span> <span class='ocrx_word' id='word_1_326' title='bbox 975 4327 1118 4394; x_wconf 80' lang='grc' dir='ltr'>ἔθνη</span> <span class='ocrx_word' id='word_1_327' title='bbox 1155 4324 1271 4394; x_wconf 81' lang='grc' dir='ltr'><strong>τὴν</strong></span> <span class='ocrx_word' id='word_1_328' title='bbox 1305 4327 1715 4396; x_wconf 74' lang='grc' dir='ltr'>κληρονομίαν</span> <span class='ocrx_word' id='word_1_329' title='bbox 1751 4341 1889 4393; x_wconf 86' lang='grc' dir='ltr'>σου,</span> 
     </span>
    </p>
   </div>
   <div class='ocr_carea' id='block_1_47' title="bbox 308 4417 1893 4490">
    <p class='ocr_par' dir='ltr' id='par_1_47' title="bbox 308 4417 1893 4490">
     <span class='ocr_line' id='line_1_47' title="bbox 308 4417 1893 4490; baseline -0.001 -16"><span class='ocrx_word' id='word_1_330' title='bbox 308 4421 397 4474; x_wconf 78' lang='grc' dir='ltr'>καὶ</span> <span class='ocrx_word' id='word_1_331' title='bbox 420 4420 532 4490; x_wconf 78' lang='grc' dir='ltr'>τὴν</span> <span class='ocrx_word' id='word_1_332' title='bbox 557 4417 936 4487; x_wconf 79' lang='grc' dir='ltr'>κατάσχεσίν</span> <span class='ocrx_word' id='word_1_333' title='bbox 964 4435 1078 4473; x_wconf 84' lang='grc' dir='ltr'>σου</span> <span class='ocrx_word' id='word_1_334' title='bbox 1113 4417 1188 4471; x_wconf 80' lang='grc' dir='ltr'>τὰ</span> <span class='ocrx_word' id='word_1_335' title='bbox 1223 4417 1448 4487; x_wconf 84' lang='grc' dir='ltr'>πέρατα</span> <span class='ocrx_word' id='word_1_336' title='bbox 1480 4417 1591 4487; x_wconf 78' lang='grc' dir='ltr'>τῆς</span> <span class='ocrx_word' id='word_1_337' title='bbox 1621 4417 1753 4487; x_wconf 80' lang='grc' dir='ltr'>γῆς.</span> <span class='ocrx_word' id='word_1_338' title='bbox 1783 4419 1893 4472; x_wconf 72' lang='grc' dir='ltr'><strong>Καὶ</strong></span> 
     </span>
    </p>
   </div>
   <div class='ocr_carea' id='block_1_48' title="bbox 308 4510 1888 4585">
    <p class='ocr_par' dir='ltr' id='par_1_48' title="bbox 308 4510 1888 4585">
     <span class='ocr_line' id='line_1_48' title="bbox 308 4510 1888 4585; baseline -0.001 -19"><span class='ocrx_word' id='word_1_339' title='bbox 308 4515 360 4566; x_wconf 74' lang='grc' dir='ltr'><strong>ἐν</strong></span> <span class='ocrx_word' id='word_1_340' title='bbox 381 4518 486 4578; x_wconf 82' lang='grc' dir='ltr'>τοῖς</span> <span class='ocrx_word' id='word_1_341' title='bbox 515 4515 686 4585; x_wconf 88' lang='grc' dir='ltr'>ἱεροῖς</span> <span class='ocrx_word' id='word_1_342' title='bbox 707 4511 1059 4580; x_wconf 83' lang='grc' dir='ltr'>Εὑαγγελίοις</span> <span class='ocrx_word' id='word_1_343' title='bbox 1087 4512 1249 4576; x_wconf 76' lang='grc' dir='ltr'>αὐτὸς</span> <span class='ocrx_word' id='word_1_344' title='bbox 1278 4514 1412 4583; x_wconf 79' lang='grc' dir='ltr'>πρὸς</span> <span class='ocrx_word' id='word_1_345' title='bbox 1442 4513 1533 4565; x_wconf 80' lang='grc' dir='ltr'><strong>τὸν</strong></span> <span class='ocrx_word' id='word_1_346' title='bbox 1565 4510 1760 4565; x_wconf 74' lang='grc' dir='ltr'>ἑαυτοῦ</span> <span class='ocrx_word' id='word_1_347' title='bbox 1787 4511 1888 4583; x_wconf 71' lang='grc' dir='ltr'><strong>ἔφη</strong></span> 
     </span>
    </p>
   </div>
   <div class='ocr_carea' id='block_1_49' title="bbox 2031 644 3616 720">
    <p class='ocr_par' dir='ltr' id='par_1_49' title="bbox 2031 644 3616 720">
     <span class='ocr_line' id='line_1_49' title="bbox 2031 644 3616 720; baseline 0.005 -22"><span class='ocrx_word' id='word_1_348' title='bbox 2031 653 2226 714; x_wconf 81' lang='lat' dir='ltr'><strong>gerant</strong></span> <span class='ocrx_word' id='word_1_349' title='bbox 2280 646 2488 701; x_wconf 87' lang='lat' dir='ltr'><strong>erroris</strong></span> <span class='ocrx_word' id='word_1_350' title='bbox 2529 661 2722 715; x_wconf 79' lang='lat' dir='ltr'><strong>genus.</strong></span> <span class='ocrx_word' id='word_1_351' title='bbox 2769 644 2952 700; x_wconf 85' lang='lat' dir='ltr'><strong>Inerat</strong></span> <span class='ocrx_word' id='word_1_352' title='bbox 2981 649 3184 718; x_wconf 89' lang='lat' dir='ltr'><strong>quippe</strong></span> <span class='ocrx_word' id='word_1_353' title='bbox 3224 649 3359 720; x_wconf 82' lang='lat' dir='ltr'><strong>ipsis</strong></span> <span class='ocrx_word' id='word_1_354' title='bbox 3387 649 3616 706; x_wconf 87' lang='lat' dir='ltr'><strong>deorum</strong></span> 
     </span>
    </p>
   </div>
   <div class='ocr_carea' id='block_1_50' title="bbox 2028 733 3616 805">
    <p class='ocr_par' dir='ltr' id='par_1_50' title="bbox 2028 733 3616 805">
     <span class='ocr_line' id='line_1_50' title="bbox 2028 733 3616 805; baseline 0.008 -19"><span class='ocrx_word' id='word_1_355' title='bbox 2028 733 2223 801; x_wconf 89' lang='lat' dir='ltr'><strong>turba,</strong></span> <span class='ocrx_word' id='word_1_356' title='bbox 2276 735 2672 805; x_wconf 65' lang='lat' dir='ltr'><strong>multiplexque</strong></span> <span class='ocrx_word' id='word_1_357' title='bbox 2723 736 3144 791; x_wconf 83' lang='lat' dir='ltr'><strong>simulacrorum</strong></span> <span class='ocrx_word' id='word_1_358' title='bbox 3184 749 3238 794; x_wconf 88' lang='lat' dir='ltr'><strong>et</strong></span> <span class='ocrx_word' id='word_1_359' title='bbox 3279 739 3616 799; x_wconf 83' lang='lat' dir='ltr'><strong>inﬁrmitatis</strong></span> 
     </span>
    </p>
   </div>
   <div class='ocr_carea' id='block_1_51' title="bbox 2027 828 3612 902">
    <p class='ocr_par' dir='ltr' id='par_1_51' title="bbox 2027 828 3612 902">
     <span class='ocr_line' id='line_1_51' title="bbox 2027 828 3612 902; baseline 0.005 -20"><span class='ocrx_word' id='word_1_360' title='bbox 2027 828 2262 897; x_wconf 83' lang='lat' dir='ltr'><strong>species.</strong></span> <span class='ocrx_word' id='word_1_361' title='bbox 2299 829 2369 881; x_wconf 89' lang='lat' dir='ltr'><strong>At</strong></span> <span class='ocrx_word' id='word_1_362' title='bbox 2403 829 2529 897; x_wconf 84' lang='lat' dir='ltr'><strong>quia</strong></span> <span class='ocrx_word' id='word_1_363' title='bbox 2561 831 2788 883; x_wconf 88' lang='lat' dir='ltr'><strong>salutari</strong></span> <span class='ocrx_word' id='word_1_364' title='bbox 2821 831 3214 886; x_wconf 75' lang='lat' dir='ltr'><strong>interveniente</strong></span> <span class='ocrx_word' id='word_1_365' title='bbox 3255 833 3429 902; x_wconf 79' lang='lat' dir='ltr'><strong>gratia</strong></span> <span class='ocrx_word' id='word_1_366' title='bbox 3472 835 3612 890; x_wconf 87' lang='lat' dir='ltr'><strong>resi-</strong></span> 
     </span>
    </p>
   </div>
   <div class='ocr_carea' id='block_1_52' title="bbox 2025 919 3609 988">
    <p class='ocr_par' dir='ltr' id='par_1_52' title="bbox 2025 919 3609 988">
     <span class='ocr_line' id='line_1_52' title="bbox 2025 919 3609 988; baseline 0.005 -18"><span class='ocrx_word' id='word_1_367' title='bbox 2025 919 2323 988; x_wconf 88' lang='lat' dir='ltr'><strong>piscentes,</strong></span> <span class='ocrx_word' id='word_1_368' title='bbox 2363 920 2540 974; x_wconf 86' lang='lat' dir='ltr'><strong>sancti</strong></span> <span class='ocrx_word' id='word_1_369' title='bbox 2569 920 2666 974; x_wconf 83' lang='lat' dir='ltr'><strong>Dei</strong></span> <span class='ocrx_word' id='word_1_370' title='bbox 2699 920 2878 976; x_wconf 82' lang='lat' dir='ltr'><strong>eﬂ‘ecti</strong></span> <span class='ocrx_word' id='word_1_371' title='bbox 2911 933 3060 986; x_wconf 91' lang='lat' dir='ltr'><strong>sunt,</strong></span> <span class='ocrx_word' id='word_1_372' title='bbox 3089 923 3212 977; x_wconf 87' lang='lat' dir='ltr'><strong>ideo</strong></span> <span class='ocrx_word' id='word_1_373' title='bbox 3243 924 3449 977; x_wconf 88' lang='lat' dir='ltr'><strong>dictum</strong></span> <span class='ocrx_word' id='word_1_374' title='bbox 3493 935 3609 981; x_wconf 88' lang='lat' dir='ltr'><strong>est:</strong></span> 
     </span>
    </p>
   </div>
   <div class='ocr_carea' id='block_1_53' title="bbox 2025 1011 3612 1085">
    <p class='ocr_par' dir='ltr' id='par_1_53' title="bbox 2025 1011 3612 1085">
     <span class='ocr_line' id='line_1_53' title="bbox 2025 1011 3612 1085; baseline 0.004 -20"><span class='ocrx_word' id='word_1_375' title='bbox 2025 1011 2237 1065; x_wconf 82' lang='lat' dir='ltr'><strong>Sanctis</strong></span> <span class='ocrx_word' id='word_1_376' title='bbox 2279 1013 2369 1082; x_wconf 80' lang='lat' dir='ltr'><strong>qui</strong></span> <span class='ocrx_word' id='word_1_377' title='bbox 2408 1023 2531 1066; x_wconf 85' lang='lat' dir='ltr'><strong>sunt</strong></span> <span class='ocrx_word' id='word_1_378' title='bbox 2582 1015 2636 1066; x_wconf 88' lang='lat' dir='ltr'><strong>in</strong></span> <span class='ocrx_word' id='word_1_379' title='bbox 2684 1024 2827 1067; x_wconf 87' lang='lat' dir='ltr'><strong>terra</strong></span> <span class='ocrx_word' id='word_1_380' title='bbox 2879 1015 3031 1083; x_wconf 83' lang='lat' dir='ltr'><strong>ejus,</strong></span> <span class='ocrx_word' id='word_1_381' title='bbox 3077 1016 3382 1085; x_wconf 87' lang='lat' dir='ltr'><strong>miri/icavit</strong></span> <span class='ocrx_word' id='word_1_382' title='bbox 3436 1034 3612 1072; x_wconf 78' lang='lat' dir='ltr'><strong>omnes</strong></span> 
     </span>
    </p>
   </div>
   <div class='ocr_carea' id='block_1_54' title="bbox 2023 1101 3612 1178">
    <p class='ocr_par' dir='ltr' id='par_1_54' title="bbox 2023 1101 3612 1178">
     <span class='ocr_line' id='line_1_54' title="bbox 2023 1101 3612 1178; baseline 0.006 -23"><span class='ocrx_word' id='word_1_383' title='bbox 2023 1101 2319 1155; x_wconf 81' lang='lat' dir='ltr'><strong>voluntates</strong></span> <span class='ocrx_word' id='word_1_384' title='bbox 2369 1119 2511 1156; x_wconf 83' lang='lat' dir='ltr'><strong>meas</strong></span> <span class='ocrx_word' id='word_1_385' title='bbox 2559 1103 2611 1156; x_wconf 87' lang='lat' dir='ltr'><strong>in</strong></span> <span class='ocrx_word' id='word_1_386' title='bbox 2667 1106 2782 1169; x_wconf 78' lang='lat' dir='ltr'><strong>eis;</strong></span> <span class='ocrx_word' id='word_1_387' title='bbox 2846 1120 2911 1159; x_wconf 73' lang='lat' dir='ltr'><strong>at:</strong></span> <span class='ocrx_word' id='word_1_388' title='bbox 2962 1105 3162 1160; x_wconf 85' lang='lat' dir='ltr'><strong>deinde</strong></span> <span class='ocrx_word' id='word_1_389' title='bbox 3213 1107 3460 1162; x_wconf 82' lang='lat' dir='ltr'><strong>additum</strong></span> <span class='ocrx_word' id='word_1_390' title='bbox 3503 1117 3612 1178; x_wconf 83' lang='lat' dir='ltr'><strong>est,</strong></span> 
     </span>
    </p>
   </div>
   <div class='ocr_carea' id='block_1_55' title="bbox 2026 1194 3615 1264">
    <p class='ocr_par' dir='ltr' id='par_1_55' title="bbox 2026 1194 3615 1264">
     <span class='ocr_line' id='line_1_55' title="bbox 2026 1194 3615 1264; baseline 0.006 -17"><span class='ocrx_word' id='word_1_391' title='bbox 2026 1194 2391 1264; x_wconf 86' lang='lat' dir='ltr'><strong>Multiplicata</strong></span> <span class='ocrx_word' id='word_1_392' title='bbox 2426 1205 2555 1250; x_wconf 89' lang='lat' dir='ltr'><strong>sunt</strong></span> <span class='ocrx_word' id='word_1_393' title='bbox 2591 1196 2736 1251; x_wconf 86' lang='lat' dir='ltr'><strong>idola</strong></span> <span class='ocrx_word' id='word_1_394' title='bbox 2776 1212 2988 1262; x_wconf 88' lang='lat' dir='ltr'><strong>eorum,</strong></span> <span class='ocrx_word' id='word_1_395' title='bbox 3023 1199 3138 1254; x_wconf 76' lang='lat' dir='ltr'><strong>sive</strong></span> <span class='ocrx_word' id='word_1_396' title='bbox 3176 1199 3393 1255; x_wconf 81' lang='lat' dir='ltr'><strong>labores</strong></span> <span class='ocrx_word' id='word_1_397' title='bbox 3422 1216 3487 1254; x_wconf 89' lang='lat' dir='ltr'><strong>ac</strong></span> <span class='ocrx_word' id='word_1_398' title='bbox 3526 1203 3615 1257; x_wconf 74' lang='lat' dir='ltr'><strong>in-</strong></span> 
     </span>
    </p>
   </div>
   <div class='ocr_carea' id='block_1_56' title="bbox 2023 1286 3610 1362">
    <p class='ocr_par' dir='ltr' id='par_1_56' title="bbox 2023 1286 3610 1362">
     <span class='ocr_line' id='line_1_56' title="bbox 2023 1286 3610 1362; baseline 0.006 -23"><span class='ocrx_word' id='word_1_399' title='bbox 2023 1286 2315 1341; x_wconf 85' lang='lat' dir='ltr'><strong>ﬁrmitates</strong></span> <span class='ocrx_word' id='word_1_400' title='bbox 2356 1287 2626 1357; x_wconf 90' lang='lat' dir='ltr'><strong>ipsorum.</strong></span> <span class='ocrx_word' id='word_1_401' title='bbox 2669 1287 2863 1344; x_wconf 70' lang='lat' dir='ltr'><strong>lsthmc</strong></span> <span class='ocrx_word' id='word_1_402' title='bbox 2895 1289 3038 1344; x_wconf 89' lang='lat' dir='ltr'><strong>enim</strong></span> <span class='ocrx_word' id='word_1_403' title='bbox 3082 1291 3289 1354; x_wconf 84' lang='lat' dir='ltr'><strong>omnia,</strong></span> <span class='ocrx_word' id='word_1_404' title='bbox 3319 1300 3610 1362; x_wconf 82' lang='lat' dir='ltr'><strong>antequam</strong></span> 
     </span>
    </p>
   </div>
   <div class='ocr_carea' id='block_1_57' title="bbox 2021 1377 3611 1445">
    <p class='ocr_par' dir='ltr' id='par_1_57' title="bbox 2021 1377 3611 1445">
     <span class='ocr_line' id='line_1_57' title="bbox 2021 1377 3611 1445; baseline 0.006 -16"><span class='ocrx_word' id='word_1_405' title='bbox 2021 1391 2049 1429; x_wconf 87' lang='lat' dir='ltr'><strong>a</strong></span> <span class='ocrx_word' id='word_1_406' title='bbox 2099 1377 2353 1445; x_wconf 75' lang='lat' dir='ltr'><strong>pessimis</strong></span> <span class='ocrx_word' id='word_1_407' title='bbox 2408 1378 2515 1431; x_wconf 89' lang='lat' dir='ltr'><strong>illis</strong></span> <span class='ocrx_word' id='word_1_408' title='bbox 2567 1380 2816 1434; x_wconf 91' lang='lat' dir='ltr'><strong>moribus</strong></span> <span class='ocrx_word' id='word_1_409' title='bbox 2865 1379 2933 1433; x_wconf 89' lang='lat' dir='ltr'><strong>ad</strong></span> <span class='ocrx_word' id='word_1_410' title='bbox 2979 1381 3236 1436; x_wconf 88' lang='lat' dir='ltr'><strong>meliores</strong></span> <span class='ocrx_word' id='word_1_411' title='bbox 3284 1384 3611 1444; x_wconf 77' lang='lat' dir='ltr'><strong>commutati</strong></span> 
     </span>
    </p>
   </div>
   <div class='ocr_carea' id='block_1_58' title="bbox 2018 1471 3610 1541">
    <p class='ocr_par' dir='ltr' id='par_1_58' title="bbox 2018 1471 3610 1541">
     <span class='ocr_line' id='line_1_58' title="bbox 2018 1471 3610 1541; baseline 0.006 -18"><span class='ocrx_word' id='word_1_412' title='bbox 2018 1478 2228 1534; x_wconf 86' lang='lat' dir='ltr'><strong>essent,</strong></span> <span class='ocrx_word' id='word_1_413' title='bbox 2279 1471 2348 1524; x_wconf 91' lang='lat' dir='ltr'><strong>iis</strong></span> <span class='ocrx_word' id='word_1_414' title='bbox 2397 1471 2487 1540; x_wconf 89' lang='lat' dir='ltr'><strong>qui</strong></span> <span class='ocrx_word' id='word_1_415' title='bbox 2537 1471 2888 1541; x_wconf 86' lang='lat' dir='ltr'><strong>postmodum</strong></span> <span class='ocrx_word' id='word_1_416' title='bbox 2935 1474 3114 1526; x_wconf 79' lang='lat' dir='ltr'><strong>sancti</strong></span> <span class='ocrx_word' id='word_1_417' title='bbox 3161 1484 3477 1540; x_wconf 64' lang='lat' dir='ltr'><strong>eraserunt,</strong></span> <span class='ocrx_word' id='word_1_418' title='bbox 3512 1477 3610 1533; x_wconf 85' lang='lat' dir='ltr'><strong>ad-</strong></span> 
     </span>
    </p>
   </div>
   <div class='ocr_carea' id='block_1_59' title="bbox 2017 1558 3611 1636">
    <p class='ocr_par' dir='ltr' id='par_1_59' title="bbox 2017 1558 3611 1636">
     <span class='ocr_line' id='line_1_59' title="bbox 2017 1558 3611 1636; baseline 0.005 -23"><span class='ocrx_word' id='word_1_419' title='bbox 2017 1568 2196 1614; x_wconf 83' lang='lat' dir='ltr'><strong>erant.</strong></span> <span class='ocrx_word' id='word_1_420' title='bbox 2231 1558 2449 1615; x_wconf 74' lang='lat' dir='ltr'><strong>&#39;Verum</strong></span> <span class='ocrx_word' id='word_1_421' title='bbox 2493 1573 2675 1630; x_wconf 85' lang='lat' dir='ltr'><strong>postea</strong></span> <span class='ocrx_word' id='word_1_422' title='bbox 2719 1563 3175 1630; x_wconf 81' lang='lat' dir='ltr'><strong>acceleraverunt,</strong></span> <span class='ocrx_word' id='word_1_423' title='bbox 3211 1581 3389 1634; x_wconf 71' lang='lat' dir='ltr'><strong>neque</strong></span> <span class='ocrx_word' id='word_1_424' title='bbox 3433 1567 3611 1636; x_wconf 81' lang='lat' dir='ltr'><strong>negli-</strong></span> 
     </span>
    </p>
   </div>
   <div class='ocr_carea' id='block_1_60' title="bbox 2017 1651 3606 1728">
    <p class='ocr_par' dir='ltr' id='par_1_60' title="bbox 2017 1651 3606 1728">
     <span class='ocr_line' id='line_1_60' title="bbox 2017 1651 3606 1728; baseline 0.005 -24"><span class='ocrx_word' id='word_1_425' title='bbox 2017 1651 2200 1720; x_wconf 82' lang='lat' dir='ltr'><strong>gentia</strong></span> <span class='ocrx_word' id='word_1_426' title='bbox 2256 1653 2340 1706; x_wconf 75' lang='lat' dir='ltr'><strong>vel</strong></span> <span class='ocrx_word' id='word_1_427' title='bbox 2393 1653 2748 1708; x_wconf 85' lang='lat' dir='ltr'><strong>cunctatione</strong></span> <span class='ocrx_word' id='word_1_428' title='bbox 2798 1654 2918 1717; x_wconf 92' lang='lat' dir='ltr'><strong>usi,</strong></span> <span class='ocrx_word' id='word_1_429' title='bbox 2967 1671 3064 1724; x_wconf 85' lang='lat' dir='ltr'><strong>per</strong></span> <span class='ocrx_word' id='word_1_430' title='bbox 3115 1656 3322 1710; x_wconf 88' lang='lat' dir='ltr'><strong>illatam</strong></span> <span class='ocrx_word' id='word_1_431' title='bbox 3374 1659 3606 1728; x_wconf 79' lang='lat' dir='ltr'><strong>gratiam</strong></span> 
     </span>
    </p>
   </div>
   <div class='ocr_carea' id='block_1_61' title="bbox 2015 1743 3608 1819">
    <p class='ocr_par' dir='ltr' id='par_1_61' title="bbox 2015 1743 3608 1819">
     <span class='ocr_line' id='line_1_61' title="bbox 2015 1743 3608 1819; baseline 0.004 -23"><span class='ocrx_word' id='word_1_432' title='bbox 2015 1743 2202 1796; x_wconf 88' lang='lat' dir='ltr'><strong>statim</strong></span> <span class='ocrx_word' id='word_1_433' title='bbox 2247 1743 2585 1813; x_wconf 56' lang='lat' dir='ltr'><strong>paenitentia:</strong></span> <span class='ocrx_word' id='word_1_434' title='bbox 2635 1761 2801 1814; x_wconf 82' lang='lat' dir='ltr'><strong>Opera</strong></span> <span class='ocrx_word' id='word_1_435' title='bbox 2855 1746 3184 1801; x_wconf 88' lang='lat' dir='ltr'><strong>ediderunt:</strong></span> <span class='ocrx_word' id='word_1_436' title='bbox 3216 1764 3281 1802; x_wconf 85' lang='lat' dir='ltr'><strong>ac</strong></span> <span class='ocrx_word' id='word_1_437' title='bbox 3318 1765 3415 1819; x_wconf 90' lang='lat' dir='ltr'><strong>per</strong></span> <span class='ocrx_word' id='word_1_438' title='bbox 3457 1765 3608 1804; x_wconf 89' lang='lat' dir='ltr'><strong>eam-</strong></span> 
     </span>
    </p>
   </div>
   <div class='ocr_carea' id='block_1_62' title="bbox 2014 1833 3607 1904">
    <p class='ocr_par' dir='ltr' id='par_1_62' title="bbox 2014 1833 3607 1904">
     <span class='ocr_line' id='line_1_62' title="bbox 2014 1833 3607 1904; baseline 0.005 -17"><span class='ocrx_word' id='word_1_439' title='bbox 2014 1833 2138 1887; x_wconf 82' lang='lat' dir='ltr'><strong>dem</strong></span> <span class='ocrx_word' id='word_1_440' title='bbox 2171 1835 2400 1904; x_wconf 80' lang='lat' dir='ltr'><strong>gratiam</strong></span> <span class='ocrx_word' id='word_1_441' title='bbox 2425 1835 2704 1890; x_wconf 88' lang='lat' dir='ltr'><strong>mirabiles</strong></span> <span class='ocrx_word' id='word_1_442' title='bbox 2731 1839 2889 1902; x_wconf 70' lang='lat' dir='ltr'><strong>factae</strong></span> <span class='ocrx_word' id='word_1_443' title='bbox 2920 1848 3050 1893; x_wconf 90' lang='lat' dir='ltr'><strong>sunt</strong></span> <span class='ocrx_word' id='word_1_444' title='bbox 3078 1839 3382 1895; x_wconf 69' lang='lat' dir='ltr'><strong>Salvator-is</strong></span> <span class='ocrx_word' id='word_1_445' title='bbox 3412 1841 3607 1896; x_wconf 82' lang='lat' dir='ltr'><strong>volun-</strong></span> 
     </span>
    </p>
   </div>
   <div class='ocr_carea' id='block_1_63' title="bbox 2016 1925 3607 2002">
    <p class='ocr_par' dir='ltr' id='par_1_63' title="bbox 2016 1925 3607 2002">
     <span class='ocr_line' id='line_1_63' title="bbox 2016 1925 3607 2002; baseline 0.009 -26"><span class='ocrx_word' id='word_1_446' title='bbox 2016 1931 2157 1979; x_wconf 89' lang='lat' dir='ltr'><strong>tates</strong></span> <span class='ocrx_word' id='word_1_447' title='bbox 2200 1926 2256 1977; x_wconf 91' lang='lat' dir='ltr'><strong>in</strong></span> <span class='ocrx_word' id='word_1_448' title='bbox 2294 1925 2449 1994; x_wconf 90' lang='lat' dir='ltr'><strong>ipsis.</strong></span> <span class='ocrx_word' id='word_1_449' title='bbox 2487 1925 2854 1993; x_wconf 81' lang='lat' dir='ltr'><strong>Quamobrem</strong></span> <span class='ocrx_word' id='word_1_450' title='bbox 2897 1946 3162 1986; x_wconf 87' lang='lat' dir='ltr'><strong>concessa</strong></span> <span class='ocrx_word' id='word_1_451' title='bbox 3205 1933 3315 1988; x_wconf 90' lang='lat' dir='ltr'><strong>illis</strong></span> <span class='ocrx_word' id='word_1_452' title='bbox 3342 1934 3607 2002; x_wconf 83' lang='lat' dir='ltr'><strong>pristino—</strong></span> 
     </span>
    </p>
   </div>
   <div class='ocr_carea' id='block_1_64' title="bbox 2015 2016 3606 2095">
    <p class='ocr_par' dir='ltr' id='par_1_64' title="bbox 2015 2016 3606 2095">
     <span class='ocr_line' id='line_1_64' title="bbox 2015 2016 3606 2095; baseline 0.008 -26"><span class='ocrx_word' id='word_1_453' title='bbox 2015 2031 2137 2069; x_wconf 88' lang='lat' dir='ltr'><strong>rum</strong></span> <span class='ocrx_word' id='word_1_454' title='bbox 2165 2016 2436 2071; x_wconf 86' lang='lat' dir='ltr'><strong>scelerum</strong></span> <span class='ocrx_word' id='word_1_455' title='bbox 2471 2020 2651 2084; x_wconf 72' lang='lat' dir='ltr'><strong>venia,</strong></span> <span class='ocrx_word' id='word_1_456' title='bbox 2683 2023 2758 2074; x_wconf 88' lang='lat' dir='ltr'><strong>ait</strong></span> <span class='ocrx_word' id='word_1_457' title='bbox 2788 2037 2801 2074; x_wconf 91' lang='lat'><strong>:</strong></span> <span class='ocrx_word' id='word_1_458' title='bbox 2839 2021 2961 2077; x_wconf 89' lang='lat' dir='ltr'><strong>Non</strong></span> <span class='ocrx_word' id='word_1_459' title='bbox 2987 2023 3311 2095; x_wconf 82' lang='lat' dir='ltr'><strong>congregabo</strong></span> <span class='ocrx_word' id='word_1_460' title='bbox 3337 2027 3606 2081; x_wconf 85' lang='lat' dir='ltr'><strong>conventi-</strong></span> 
     </span>
    </p>
   </div>
   <div class='ocr_carea' id='block_1_65' title="bbox 2014 2108 3597 2188">
    <p class='ocr_par' dir='ltr' id='par_1_65' title="bbox 2014 2108 3597 2188">
     <span class='ocr_line' id='line_1_65' title="bbox 2014 2108 3597 2188; baseline 0.008 -27"><span class='ocrx_word' id='word_1_461' title='bbox 2014 2108 2136 2161; x_wconf 86' lang='lat' dir='ltr'><strong>cula</strong></span> <span class='ocrx_word' id='word_1_462' title='bbox 2181 2125 2364 2162; x_wconf 88' lang='lat' dir='ltr'><strong>eorum</strong></span> <span class='ocrx_word' id='word_1_463' title='bbox 2409 2109 2473 2163; x_wconf 92' lang='lat' dir='ltr'><strong>de</strong></span> <span class='ocrx_word' id='word_1_464' title='bbox 2518 2113 2902 2182; x_wconf 84' lang='lat' dir='ltr'><strong>sanguinibus;</strong></span> <span class='ocrx_word' id='word_1_465' title='bbox 2955 2126 3048 2170; x_wconf 90' lang='lat' dir='ltr'><strong>aut</strong></span> <span class='ocrx_word' id='word_1_466' title='bbox 3090 2117 3250 2186; x_wconf 76' lang='lat' dir='ltr'><strong>juxta</strong></span> <span class='ocrx_word' id='word_1_467' title='bbox 3304 2119 3597 2188; x_wconf 83' lang='lat' dir='ltr'><strong>Aquilam:</strong></span> 
     </span>
    </p>
   </div>
   <div class='ocr_carea' id='block_1_66' title="bbox 2016 2195 3601 2274">
    <p class='ocr_par' dir='ltr' id='par_1_66' title="bbox 2016 2195 3601 2274">
     <span class='ocr_line' id='line_1_66' title="bbox 2016 2195 3601 2274; baseline 0.009 -26"><span class='ocrx_word' id='word_1_468' title='bbox 2016 2195 2140 2250; x_wconf 80' lang='lat' dir='ltr'><strong>Non</strong></span> <span class='ocrx_word' id='word_1_469' title='bbox 2168 2196 2342 2250; x_wconf 79' lang='lat' dir='ltr'><strong>libabo</strong></span> <span class='ocrx_word' id='word_1_470' title='bbox 2368 2197 2629 2252; x_wconf 83' lang='lat' dir='ltr'><strong>libamina</strong></span> <span class='ocrx_word' id='word_1_471' title='bbox 2653 2217 2835 2254; x_wconf 88' lang='lat' dir='ltr'><strong>eorum</strong></span> <span class='ocrx_word' id='word_1_472' title='bbox 2865 2201 2929 2256; x_wconf 83' lang='lat' dir='ltr'><strong>de</strong></span> <span class='ocrx_word' id='word_1_473' title='bbox 2956 2206 3329 2274; x_wconf 83' lang='lat' dir='ltr'><strong>sanguinibus.</strong></span> <span class='ocrx_word' id='word_1_474' title='bbox 3355 2207 3413 2262; x_wconf 92' lang='lat' dir='ltr'><strong>ln</strong></span> <span class='ocrx_word' id='word_1_475' title='bbox 3446 2223 3601 2263; x_wconf 82' lang='lat' dir='ltr'><strong>more</strong></span> 
     </span>
    </p>
   </div>
   <div class='ocr_carea' id='block_1_67' title="bbox 2011 2287 3595 2366">
    <p class='ocr_par' dir='ltr' id='par_1_67' title="bbox 2011 2287 3595 2366">
     <span class='ocr_line' id='line_1_67' title="bbox 2011 2287 3595 2366; baseline 0.009 -25"><span class='ocrx_word' id='word_1_476' title='bbox 2011 2287 2116 2341; x_wconf 81' lang='lat' dir='ltr'><strong>fuit</strong></span> <span class='ocrx_word' id='word_1_477' title='bbox 2155 2288 2319 2352; x_wconf 89' lang='lat' dir='ltr'><strong>olim,</strong></span> <span class='ocrx_word' id='word_1_478' title='bbox 2394 2291 2608 2360; x_wconf 84' lang='lat' dir='ltr'><strong>inquit,</strong></span> <span class='ocrx_word' id='word_1_479' title='bbox 2663 2292 2924 2348; x_wconf 88' lang='lat' dir='ltr'><strong>libamina</strong></span> <span class='ocrx_word' id='word_1_480' title='bbox 2969 2312 3035 2349; x_wconf 81' lang='lat' dir='ltr'><strong>ex</strong></span> <span class='ocrx_word' id='word_1_481' title='bbox 3067 2299 3337 2366; x_wconf 81' lang='lat' dir='ltr'><strong>sanguine</strong></span> <span class='ocrx_word' id='word_1_482' title='bbox 3377 2297 3595 2365; x_wconf 83' lang='lat' dir='ltr'><strong>facere;</strong></span> 
     </span>
    </p>
   </div>
   <div class='ocr_carea' id='block_1_68' title="bbox 2009 2380 3600 2460">
    <p class='ocr_par' dir='ltr' id='par_1_68' title="bbox 2009 2380 3600 2460">
     <span class='ocr_line' id='line_1_68' title="bbox 2009 2380 3600 2460; baseline 0.008 -26"><span class='ocrx_word' id='word_1_483' title='bbox 2009 2397 2135 2452; x_wconf 86' lang='lat' dir='ltr'><strong>nam</strong></span> <span class='ocrx_word' id='word_1_484' title='bbox 2163 2398 2288 2436; x_wconf 93' lang='lat' dir='ltr'><strong>cum</strong></span> <span class='ocrx_word' id='word_1_485' title='bbox 2315 2380 2488 2437; x_wconf 70' lang='lat' dir='ltr'><strong>Judaei</strong></span> <span class='ocrx_word' id='word_1_486' title='bbox 2534 2383 2746 2440; x_wconf 86' lang='lat' dir='ltr'><strong>hostias</strong></span> <span class='ocrx_word' id='word_1_487' title='bbox 2778 2385 2889 2440; x_wconf 93' lang='lat' dir='ltr'><strong>Deo</strong></span> <span class='ocrx_word' id='word_1_488' title='bbox 2931 2389 3236 2443; x_wconf 88' lang='lat' dir='ltr'><strong>secundum</strong></span> <span class='ocrx_word' id='word_1_489' title='bbox 3280 2391 3454 2460; x_wconf 81' lang='lat' dir='ltr'><strong>legem</strong></span> <span class='ocrx_word' id='word_1_490' title='bbox 3496 2394 3600 2448; x_wconf 89' lang='lat' dir='ltr'><strong>im-</strong></span> 
     </span>
    </p>
   </div>
   <div class='ocr_carea' id='block_1_69' title="bbox 2008 2474 3600 2548">
    <p class='ocr_par' dir='ltr' id='par_1_69' title="bbox 2008 2474 3600 2548">
     <span class='ocr_line' id='line_1_69' title="bbox 2008 2474 3600 2548; baseline 0.008 -22"><span class='ocrx_word' id='word_1_491' title='bbox 2008 2474 2324 2542; x_wconf 86' lang='lat' dir='ltr'><strong>molabant;</strong></span> <span class='ocrx_word' id='word_1_492' title='bbox 2365 2484 2476 2530; x_wconf 91' lang='lat' dir='ltr'><strong>tum</strong></span> <span class='ocrx_word' id='word_1_493' title='bbox 2511 2475 2688 2530; x_wconf 71' lang='lat' dir='ltr'><strong>Graeci</strong></span> <span class='ocrx_word' id='word_1_494' title='bbox 2727 2477 2871 2532; x_wconf 90' lang='lat' dir='ltr'><strong>idem</strong></span> <span class='ocrx_word' id='word_1_495' title='bbox 2913 2481 3269 2548; x_wconf 71' lang='lat' dir='ltr'><strong>praestabant,</strong></span> <span class='ocrx_word' id='word_1_496' title='bbox 3308 2498 3436 2537; x_wconf 88' lang='lat' dir='ltr'><strong>cum</strong></span> <span class='ocrx_word' id='word_1_497' title='bbox 3487 2483 3600 2538; x_wconf 69' lang='lat' dir='ltr'><strong>dae-</strong></span> 
     </span>
    </p>
   </div>
   <div class='ocr_carea' id='block_1_70' title="bbox 2008 2568 3598 2643">
    <p class='ocr_par' dir='ltr' id='par_1_70' title="bbox 2008 2568 3598 2643">
     <span class='ocr_line' id='line_1_70' title="bbox 2008 2568 3598 2643; baseline 0.007 -22"><span class='ocrx_word' id='word_1_498' title='bbox 2008 2582 2204 2623; x_wconf 89' lang='lat' dir='ltr'><strong>monas</strong></span> <span class='ocrx_word' id='word_1_499' title='bbox 2257 2569 2522 2623; x_wconf 86' lang='lat' dir='ltr'><strong>colerent.</strong></span> <span class='ocrx_word' id='word_1_500' title='bbox 2569 2568 2638 2624; x_wconf 83' lang='lat' dir='ltr'><strong>At</strong></span> <span class='ocrx_word' id='word_1_501' title='bbox 2686 2585 2788 2641; x_wconf 77' lang='lat' dir='ltr'><strong>ego</strong></span> <span class='ocrx_word' id='word_1_502' title='bbox 2833 2582 3124 2643; x_wconf 88' lang='lat' dir='ltr'><strong>postquam</strong></span> <span class='ocrx_word' id='word_1_503' title='bbox 3173 2590 3378 2630; x_wconf 82' lang='lat' dir='ltr'><strong>novum</strong></span> <span class='ocrx_word' id='word_1_504' title='bbox 3437 2577 3598 2632; x_wconf 83' lang='lat' dir='ltr'><strong>attuli</strong></span> 
     </span>
    </p>
   </div>
   <div class='ocr_carea' id='block_1_71' title="bbox 2011 2651 3596 2735">
    <p class='ocr_par' dir='ltr' id='par_1_71' title="bbox 2011 2651 3596 2735">
     <span class='ocr_line' id='line_1_71' title="bbox 2011 2651 3596 2735; baseline 0.004 -21"><span class='ocrx_word' id='word_1_505' title='bbox 2011 2658 2408 2714; x_wconf 76' lang='lat' dir='ltr'><strong>sacrificiorum</strong></span> <span class='ocrx_word' id='word_1_506' title='bbox 2442 2677 2642 2731; x_wconf 80' lang='lat' dir='ltr'><strong>genus,</strong></span> <span class='ocrx_word' id='word_1_507' title='bbox 2675 2651 2783 2716; x_wconf 74' lang='lat' dir='ltr'><strong>ndn</strong></span> <span class='ocrx_word' id='word_1_508' title='bbox 2823 2664 2965 2717; x_wconf 90' lang='lat' dir='ltr'><strong>ultra</strong></span> <span class='ocrx_word' id='word_1_509' title='bbox 2999 2664 3285 2719; x_wconf 78' lang='lat' dir='ltr'><strong>admittam</strong></span> <span class='ocrx_word' id='word_1_510' title='bbox 3317 2665 3596 2735; x_wconf 79' lang='lat' dir='ltr'><strong>sacrificia</strong></span> 
     </span>
    </p>
   </div>
   <div class='ocr_carea' id='block_1_72' title="bbox 2007 2751 3597 2824">
    <p class='ocr_par' dir='ltr' id='par_1_72' title="bbox 2007 2751 3597 2824">
     <span class='ocr_line' id='line_1_72' title="bbox 2007 2751 3597 2824; baseline 0.006 -20"><span class='ocrx_word' id='word_1_511' title='bbox 2007 2765 2133 2804; x_wconf 91' lang='lat' dir='ltr'><strong>cum</strong></span> <span class='ocrx_word' id='word_1_512' title='bbox 2177 2751 2446 2821; x_wconf 79' lang='lat' dir='ltr'><strong>sanguine</strong></span> <span class='ocrx_word' id='word_1_513' title='bbox 2471 2751 2687 2820; x_wconf 87' lang='lat' dir='ltr'><strong>oblata;</strong></span> <span class='ocrx_word' id='word_1_514' title='bbox 2734 2769 2930 2823; x_wconf 89' lang='lat' dir='ltr'><strong>neque,</strong></span> <span class='ocrx_word' id='word_1_515' title='bbox 2979 2763 3165 2824; x_wconf 91' lang='lat' dir='ltr'><strong>utpote</strong></span> <span class='ocrx_word' id='word_1_516' title='bbox 3203 2772 3456 2813; x_wconf 90' lang='lat' dir='ltr'><strong>summus</strong></span> <span class='ocrx_word' id='word_1_517' title='bbox 3491 2757 3597 2812; x_wconf 83' lang='lat' dir='ltr'><strong>Sa-</strong></span> 
     </span>
    </p>
   </div>
   <div class='ocr_carea' id='block_1_73' title="bbox 2007 2842 3593 2919">
    <p class='ocr_par' dir='ltr' id='par_1_73' title="bbox 2007 2842 3593 2919">
     <span class='ocr_line' id='line_1_73' title="bbox 2007 2842 3593 2919; baseline 0.006 -23"><span class='ocrx_word' id='word_1_518' title='bbox 2007 2843 2236 2906; x_wconf 91' lang='lat' dir='ltr'><strong>cerdos,</strong></span> <span class='ocrx_word' id='word_1_519' title='bbox 2286 2842 2475 2898; x_wconf 90' lang='lat' dir='ltr'><strong>eadem</strong></span> <span class='ocrx_word' id='word_1_520' title='bbox 2521 2860 2589 2898; x_wconf 82' lang='lat' dir='ltr'><strong>ex</strong></span> <span class='ocrx_word' id='word_1_521' title='bbox 2633 2860 2822 2898; x_wconf 89' lang='lat' dir='ltr'><strong>eorum</strong></span> <span class='ocrx_word' id='word_1_522' title='bbox 2884 2847 3139 2902; x_wconf 87' lang='lat' dir='ltr'><strong>manibus</strong></span> <span class='ocrx_word' id='word_1_523' title='bbox 3185 2849 3455 2919; x_wconf 86' lang='lat' dir='ltr'><strong>accipiam</strong></span> <span class='ocrx_word' id='word_1_524' title='bbox 3524 2852 3593 2906; x_wconf 87' lang='lat' dir='ltr'><strong>ad</strong></span> 
     </span>
    </p>
   </div>
   <div class='ocr_carea' id='block_1_74' title="bbox 2005 2933 3594 3008">
    <p class='ocr_par' dir='ltr' id='par_1_74' title="bbox 2005 2933 3594 3008">
     <span class='ocr_line' id='line_1_74' title="bbox 2005 2933 3594 3008; baseline 0.005 -21"><span class='ocrx_word' id='word_1_525' title='bbox 2005 2933 2319 2998; x_wconf 90' lang='lat' dir='ltr'><strong>libandum,</strong></span> <span class='ocrx_word' id='word_1_526' title='bbox 2358 2934 2453 2989; x_wconf 89' lang='lat' dir='ltr'><strong>sed</strong></span> <span class='ocrx_word' id='word_1_527' title='bbox 2484 2936 2641 2991; x_wconf 87' lang='lat' dir='ltr'><strong>novis</strong></span> <span class='ocrx_word' id='word_1_528' title='bbox 2681 2935 2899 2991; x_wconf 85' lang='lat' dir='ltr'><strong>traditis</strong></span> <span class='ocrx_word' id='word_1_529' title='bbox 2930 2937 3228 3008; x_wconf 80' lang='lat' dir='ltr'><strong>mysteriis,</strong></span> <span class='ocrx_word' id='word_1_530' title='bbox 3265 2940 3427 3004; x_wconf 68' lang='lat' dir='ltr'><strong>novis</strong></span> <span class='ocrx_word' id='word_1_531' title='bbox 3457 2939 3594 2995; x_wconf 88' lang='lat' dir='ltr'><strong>item</strong></span> 
     </span>
    </p>
   </div>
   <div class='ocr_carea' id='block_1_75' title="bbox 2006 3025 3596 3090">
    <p class='ocr_par' dir='ltr' id='par_1_75' title="bbox 2006 3025 3596 3090">
     <span class='ocr_line' id='line_1_75' title="bbox 2006 3025 3596 3090; baseline 0.006 -10"><span class='ocrx_word' id='word_1_532' title='bbox 2006 3025 2296 3080; x_wconf 85' lang='lat' dir='ltr'><strong>sacriﬁciis</strong></span> <span class='ocrx_word' id='word_1_533' title='bbox 2347 3027 2688 3090; x_wconf 87' lang='lat' dir='ltr'><strong>incruentis,</strong></span> <span class='ocrx_word' id='word_1_534' title='bbox 2729 3026 2882 3081; x_wconf 83' lang='lat' dir='ltr'><strong>fumo</strong></span> <span class='ocrx_word' id='word_1_535' title='bbox 2930 3043 2994 3083; x_wconf 88' lang='lat' dir='ltr'><strong>ac</strong></span> <span class='ocrx_word' id='word_1_536' title='bbox 3041 3029 3234 3086; x_wconf 87' lang='lat' dir='ltr'><strong>nidore</strong></span> <span class='ocrx_word' id='word_1_537' title='bbox 3278 3033 3596 3089; x_wconf 76' lang='lat' dir='ltr'><strong>carentibus</strong></span> 
     </span>
    </p>
   </div>
   <div class='ocr_carea' id='block_1_76' title="bbox 2004 3117 3595 3196">
    <p class='ocr_par' dir='ltr' id='par_1_76' title="bbox 2004 3117 3595 3196">
     <span class='ocr_line' id='line_1_76' title="bbox 2004 3117 3595 3196; baseline 0.005 -23"><span class='ocrx_word' id='word_1_538' title='bbox 2004 3126 2058 3173; x_wconf 91' lang='lat' dir='ltr'><strong>et</strong></span> <span class='ocrx_word' id='word_1_539' title='bbox 2087 3119 2470 3174; x_wconf 88' lang='lat' dir='ltr'><strong>rationalibus.</strong></span> <span class='ocrx_word' id='word_1_540' title='bbox 2509 3117 2614 3174; x_wconf 87' lang='lat' dir='ltr'><strong>Sed</strong></span> <span class='ocrx_word' id='word_1_541' title='bbox 2648 3121 2716 3175; x_wconf 91' lang='lat' dir='ltr'><strong>iis</strong></span> <span class='ocrx_word' id='word_1_542' title='bbox 2743 3128 2973 3175; x_wconf 85' lang='lat' dir='ltr'><strong>utantur</strong></span> <span class='ocrx_word' id='word_1_543' title='bbox 3003 3123 3383 3190; x_wconf 89' lang='lat' dir='ltr'><strong>commonebo,</strong></span> <span class='ocrx_word' id='word_1_544' title='bbox 3415 3141 3595 3196; x_wconf 90' lang='lat' dir='ltr'><strong>neque</strong></span> 
     </span>
    </p>
   </div>
   <div class='ocr_carea' id='block_1_77' title="bbox 2006 3210 3592 3279">
    <p class='ocr_par' dir='ltr' id='par_1_77' title="bbox 2006 3210 3592 3279">
     <span class='ocr_line' id='line_1_77' title="bbox 2006 3210 3592 3279; baseline 0.007 -15"><span class='ocrx_word' id='word_1_545' title='bbox 2006 3225 2102 3279; x_wconf 87' lang='lat' dir='ltr'><strong>per</strong></span> <span class='ocrx_word' id='word_1_546' title='bbox 2137 3210 2279 3264; x_wconf 89' lang='lat' dir='ltr'><strong>labia</strong></span> <span class='ocrx_word' id='word_1_547' title='bbox 2327 3227 2445 3265; x_wconf 83' lang='lat' dir='ltr'><strong>mea</strong></span> <span class='ocrx_word' id='word_1_548' title='bbox 2472 3219 2657 3266; x_wconf 84' lang='lat' dir='ltr'><strong>vetera</strong></span> <span class='ocrx_word' id='word_1_549' title='bbox 2710 3212 2928 3266; x_wconf 88' lang='lat' dir='ltr'><strong>illorum</strong></span> <span class='ocrx_word' id='word_1_550' title='bbox 2977 3215 3201 3268; x_wconf 88' lang='lat' dir='ltr'><strong>nomina</strong></span> <span class='ocrx_word' id='word_1_551' title='bbox 3247 3219 3592 3275; x_wconf 87' lang='lat' dir='ltr'><strong>memorabo.</strong></span> 
     </span>
    </p>
   </div>
   <div class='ocr_carea' id='block_1_78' title="bbox 2005 3302 3592 3380">
    <p class='ocr_par' dir='ltr' id='par_1_78' title="bbox 2005 3302 3592 3380">
     <span class='ocr_line' id='line_1_78' title="bbox 2005 3302 3592 3380; baseline 0.006 -22"><span class='ocrx_word' id='word_1_552' title='bbox 2005 3302 2147 3358; x_wconf 92' lang='lat' dir='ltr'><strong>Olim</strong></span> <span class='ocrx_word' id='word_1_553' title='bbox 2191 3303 2462 3373; x_wconf 87' lang='lat' dir='ltr'><strong>siquidem</strong></span> <span class='ocrx_word' id='word_1_554' title='bbox 2504 3304 2667 3375; x_wconf 78' lang='lat' dir='ltr'><strong>digna</strong></span> <span class='ocrx_word' id='word_1_555' title='bbox 2719 3305 2890 3376; x_wconf 87' lang='lat' dir='ltr'><strong>gestis</strong></span> <span class='ocrx_word' id='word_1_556' title='bbox 2938 3304 3056 3360; x_wconf 89' lang='lat' dir='ltr'><strong>suis</strong></span> <span class='ocrx_word' id='word_1_557' title='bbox 3101 3308 3321 3369; x_wconf 84' lang='lat' dir='ltr'><strong>nomina</strong></span> <span class='ocrx_word' id='word_1_558' title='bbox 3356 3311 3592 3380; x_wconf 76' lang='lat' dir='ltr'><strong>gentiles</strong></span> 
     </span>
    </p>
   </div>
   <div class='ocr_carea' id='block_1_79' title="bbox 2003 3393 3590 3472">
    <p class='ocr_par' dir='ltr' id='par_1_79' title="bbox 2003 3393 3590 3472">
     <span class='ocr_line' id='line_1_79' title="bbox 2003 3393 3590 3472; baseline 0.006 -24"><span class='ocrx_word' id='word_1_559' title='bbox 2003 3393 2293 3462; x_wconf 79' lang='lat' dir='ltr'><strong>ferebant;</strong></span> <span class='ocrx_word' id='word_1_560' title='bbox 2365 3403 2529 3464; x_wconf 84' lang='lat' dir='ltr'><strong>atque</strong></span> <span class='ocrx_word' id='word_1_561' title='bbox 2624 3395 2870 3466; x_wconf 83' lang='lat' dir='ltr'><strong>profani,</strong></span> <span class='ocrx_word' id='word_1_562' title='bbox 2943 3396 3191 3469; x_wconf 87' lang='lat' dir='ltr'><strong>impuri,</strong></span> <span class='ocrx_word' id='word_1_563' title='bbox 3262 3399 3590 3472; x_wconf 64' lang='lat' dir='ltr'><strong>idololatria,</strong></span> 
     </span>
    </p>
   </div>
   <div class='ocr_carea' id='block_1_80' title="bbox 2001 3487 3591 3550">
    <p class='ocr_par' dir='ltr' id='par_1_80' title="bbox 2001 3487 3591 3550">
     <span class='ocr_line' id='line_1_80' title="bbox 2001 3487 3591 3550; baseline 0.004 -7"><span class='ocrx_word' id='word_1_564' title='bbox 2001 3487 2229 3543; x_wconf 85' lang='lat' dir='ltr'><strong>deorum</strong></span> <span class='ocrx_word' id='word_1_565' title='bbox 2258 3488 2556 3542; x_wconf 89' lang='lat' dir='ltr'><strong>multorum</strong></span> <span class='ocrx_word' id='word_1_566' title='bbox 2581 3488 2827 3544; x_wconf 90' lang='lat' dir='ltr'><strong>cultores</strong></span> <span class='ocrx_word' id='word_1_567' title='bbox 2853 3497 2906 3544; x_wconf 90' lang='lat' dir='ltr'><strong>et</strong></span> <span class='ocrx_word' id='word_1_568' title='bbox 2935 3489 3086 3544; x_wconf 85' lang='lat' dir='ltr'><strong>athei</strong></span> <span class='ocrx_word' id='word_1_569' title='bbox 3112 3490 3434 3548; x_wconf 85' lang='lat' dir='ltr'><strong>audiebant.</strong></span> <span class='ocrx_word' id='word_1_570' title='bbox 3467 3492 3591 3550; x_wconf 73' lang='lat' dir='ltr'><strong>Iam</strong></span> 
     </span>
    </p>
   </div>
   <div class='ocr_carea' id='block_1_81' title="bbox 2002 3579 3587 3657">
    <p class='ocr_par' dir='ltr' id='par_1_81' title="bbox 2002 3579 3587 3657">
     <span class='ocr_line' id='line_1_81' title="bbox 2002 3579 3587 3657; baseline 0.006 -23"><span class='ocrx_word' id='word_1_571' title='bbox 2002 3595 2134 3634; x_wconf 78' lang='lat' dir='ltr'><strong>vero</strong></span> <span class='ocrx_word' id='word_1_572' title='bbox 2177 3579 2493 3649; x_wconf 89' lang='lat' dir='ltr'><strong>hujusmodi</strong></span> <span class='ocrx_word' id='word_1_573' title='bbox 2546 3580 2830 3636; x_wconf 90' lang='lat' dir='ltr'><strong>nominum</strong></span> <span class='ocrx_word' id='word_1_574' title='bbox 2872 3597 3157 3653; x_wconf 86' lang='lat' dir='ltr'><strong>nunquam</strong></span> <span class='ocrx_word' id='word_1_575' title='bbox 3209 3587 3587 3657; x_wconf 83' lang='lat' dir='ltr'><strong>recordabor;</strong></span> 
     </span>
    </p>
   </div>
   <div class='ocr_carea' id='block_1_82' title="bbox 2001 3670 3586 3747">
    <p class='ocr_par' dir='ltr' id='par_1_82' title="bbox 2001 3670 3586 3747">
     <span class='ocr_line' id='line_1_82' title="bbox 2001 3670 3586 3747; baseline 0.007 -24"><span class='ocrx_word' id='word_1_576' title='bbox 2001 3670 2236 3739; x_wconf 89' lang='lat' dir='ltr'><strong>aliisque</strong></span> <span class='ocrx_word' id='word_1_577' title='bbox 2301 3671 2619 3726; x_wconf 87' lang='lat' dir='ltr'><strong>substitutis</strong></span> <span class='ocrx_word' id='word_1_578' title='bbox 2676 3673 2998 3737; x_wconf 78' lang='lat' dir='ltr'><strong>vocabulis,</strong></span> <span class='ocrx_word' id='word_1_579' title='bbox 3057 3675 3212 3743; x_wconf 91' lang='lat' dir='ltr'><strong>pios,</strong></span> <span class='ocrx_word' id='word_1_580' title='bbox 3270 3678 3586 3747; x_wconf 82' lang='lat' dir='ltr'><strong>religiosos,</strong></span> 
     </span>
    </p>
   </div>
   <div class='ocr_carea' id='block_1_83' title="bbox 2000 3762 3585 3838">
    <p class='ocr_par' dir='ltr' id='par_1_83' title="bbox 2000 3762 3585 3838">
     <span class='ocr_line' id='line_1_83' title="bbox 2000 3762 3585 3838; baseline 0.006 -24"><span class='ocrx_word' id='word_1_581' title='bbox 2000 3771 2247 3824; x_wconf 86' lang='lat' dir='ltr'><strong>sanctos,</strong></span> <span class='ocrx_word' id='word_1_582' title='bbox 2278 3769 2526 3824; x_wconf 81' lang='lat' dir='ltr'><strong>vocatos,</strong></span> <span class='ocrx_word' id='word_1_583' title='bbox 2562 3763 2802 3827; x_wconf 90' lang='lat' dir='ltr'><strong>electos,</strong></span> <span class='ocrx_word' id='word_1_584' title='bbox 2830 3762 3184 3821; x_wconf 86' lang='lat' dir='ltr'><strong>Christianos</strong></span> <span class='ocrx_word' id='word_1_585' title='bbox 3220 3767 3585 3838; x_wconf 87' lang='lat' dir='ltr'><strong>compellabo.</strong></span> 
     </span>
    </p>
   </div>
   <div class='ocr_carea' id='block_1_84' title="bbox 2072 3852 3588 3922">
    <p class='ocr_par' dir='ltr' id='par_1_84' title="bbox 2072 3852 3588 3922">
     <span class='ocr_line' id='line_1_84' title="bbox 2072 3852 3588 3922; baseline 0.005 -16"><span class='ocrx_word' id='word_1_586' title='bbox 2072 3853 2243 3916; x_wconf 75' lang='lat' dir='ltr'><strong>Vens.</strong></span> <span class='ocrx_word' id='word_1_587' title='bbox 2268 3853 2322 3907; x_wconf 85' lang='lat'><strong>5.</strong></span> <span class='ocrx_word' id='word_1_588' title='bbox 2358 3852 2621 3907; x_wconf 82' lang='lat' dir='ltr'><strong>Dominus</strong></span> <span class='ocrx_word' id='word_1_589' title='bbox 2649 3869 2774 3922; x_wconf 77' lang='lat' dir='ltr'><strong>pars</strong></span> <span class='ocrx_word' id='word_1_590' title='bbox 2808 3853 3139 3910; x_wconf 81' lang='lat' dir='ltr'><strong>Itwreditatis</strong></span> <span class='ocrx_word' id='word_1_591' title='bbox 3172 3873 3298 3911; x_wconf 78' lang='lat' dir='ltr'><strong>mea:</strong></span> <span class='ocrx_word' id='word_1_592' title='bbox 3327 3867 3376 3911; x_wconf 88' lang='lat' dir='ltr'><strong>et</strong></span> <span class='ocrx_word' id='word_1_593' title='bbox 3405 3860 3588 3914; x_wconf 80' lang='lat' dir='ltr'><strong>colicis</strong></span> 
     </span>
    </p>
   </div>
   <div class='ocr_carea' id='block_1_85' title="bbox 2000 3948 3584 4018">
    <p class='ocr_par' dir='ltr' id='par_1_85' title="bbox 2000 3948 3584 4018">
     <span class='ocr_line' id='line_1_85' title="bbox 2000 3948 3584 4018; baseline 0.005 -18"><span class='ocrx_word' id='word_1_594' title='bbox 2000 3948 2143 4012; x_wconf 89' lang='lat' dir='ltr'><strong>mei,</strong></span> <span class='ocrx_word' id='word_1_595' title='bbox 2195 3957 2249 4000; x_wconf 89' lang='lat' dir='ltr'><strong>tu</strong></span> <span class='ocrx_word' id='word_1_596' title='bbox 2298 3963 2352 4002; x_wconf 83' lang='lat' dir='ltr'><strong>es</strong></span> <span class='ocrx_word' id='word_1_597' title='bbox 2407 3948 2497 4018; x_wconf 86' lang='lat' dir='ltr'><strong>qui</strong></span> <span class='ocrx_word' id='word_1_598' title='bbox 2530 3948 2767 4002; x_wconf 83' lang='lat' dir='ltr'><strong>restituis</strong></span> <span class='ocrx_word' id='word_1_599' title='bbox 2809 3948 3171 4002; x_wconf 70' lang='lat' dir='ltr'><strong>[nereditatem</strong></span> <span class='ocrx_word' id='word_1_600' title='bbox 3210 3967 3381 4004; x_wconf 87' lang='lat' dir='ltr'><strong>meam</strong></span> <span class='ocrx_word' id='word_1_601' title='bbox 3433 3952 3584 4008; x_wconf 82' lang='lat' dir='ltr'><strong>mihi.</strong></span> 
     </span>
    </p>
   </div>
   <div class='ocr_carea' id='block_1_86' title="bbox 1999 4040 3584 4114">
    <p class='ocr_par' dir='ltr' id='par_1_86' title="bbox 1999 4040 3584 4114">
     <span class='ocr_line' id='line_1_86' title="bbox 1999 4040 3584 4114; baseline 0.004 -19"><span class='ocrx_word' id='word_1_602' title='bbox 1999 4040 2100 4096; x_wconf 85' lang='lat' dir='ltr'><strong>Hic</strong></span> <span class='ocrx_word' id='word_1_603' title='bbox 2128 4045 2391 4097; x_wconf 88' lang='lat' dir='ltr'><strong>memoria</strong></span> <span class='ocrx_word' id='word_1_604' title='bbox 2419 4042 2716 4112; x_wconf 88' lang='lat' dir='ltr'><strong>repetenda</strong></span> <span class='ocrx_word' id='word_1_605' title='bbox 2747 4050 2880 4098; x_wconf 89' lang='lat' dir='ltr'><strong>sunt</strong></span> <span class='ocrx_word' id='word_1_606' title='bbox 2906 4043 3132 4098; x_wconf 91' lang='lat' dir='ltr'><strong>secundi</strong></span> <span class='ocrx_word' id='word_1_607' title='bbox 3167 4045 3362 4114; x_wconf 88' lang='lat' dir='ltr'><strong>psalmi</strong></span> <span class='ocrx_word' id='word_1_608' title='bbox 3394 4046 3584 4102; x_wconf 80' lang='lat' dir='ltr'><strong>verba.</strong></span> 
     </span>
    </p>
   </div>
   <div class='ocr_carea' id='block_1_87' title="bbox 1995 4135 3583 4198">
    <p class='ocr_par' dir='ltr' id='par_1_87' title="bbox 1995 4135 3583 4198">
     <span class='ocr_line' id='line_1_87' title="bbox 1995 4135 3583 4198; baseline 0.005 -9"><span class='ocrx_word' id='word_1_609' title='bbox 1995 4135 2130 4189; x_wconf 80' lang='lat' dir='ltr'><strong>Nam</strong></span> <span class='ocrx_word' id='word_1_610' title='bbox 2156 4136 2265 4190; x_wconf 90' lang='lat' dir='ltr'><strong>illic</strong></span> <span class='ocrx_word' id='word_1_611' title='bbox 2295 4135 2534 4190; x_wconf 88' lang='lat' dir='ltr'><strong>humano</strong></span> <span class='ocrx_word' id='word_1_612' title='bbox 2569 4137 2697 4192; x_wconf 89' lang='lat' dir='ltr'><strong>item</strong></span> <span class='ocrx_word' id='word_1_613' title='bbox 2734 4152 2887 4192; x_wconf 89' lang='lat' dir='ltr'><strong>more</strong></span> <span class='ocrx_word' id='word_1_614' title='bbox 2918 4137 2998 4192; x_wconf 86' lang='lat' dir='ltr'><strong>sic</strong></span> <span class='ocrx_word' id='word_1_615' title='bbox 3019 4153 3142 4192; x_wconf 90' lang='lat' dir='ltr'><strong>eum</strong></span> <span class='ocrx_word' id='word_1_616' title='bbox 3164 4137 3323 4193; x_wconf 88' lang='lat' dir='ltr'><strong>Pater</strong></span> <span class='ocrx_word' id='word_1_617' title='bbox 3349 4139 3583 4198; x_wconf 58' lang='lat' dir='ltr'><strong>allatum:</strong></span> 
     </span>
    </p>
   </div>
   <div class='ocr_carea' id='block_1_88' title="bbox 2002 4228 3584 4301">
    <p class='ocr_par' dir='ltr' id='par_1_88' title="bbox 2002 4228 3584 4301">
     <span class='ocr_line' id='line_1_88' title="bbox 2002 4228 3584 4301; baseline 0.004 -19"><span class='ocrx_word' id='word_1_618' title='bbox 2002 4228 2228 4283; x_wconf 82' lang='lat' dir='ltr'><strong>Postulo</strong></span> <span class='ocrx_word' id='word_1_619' title='bbox 2258 4247 2289 4282; x_wconf 94' lang='lat' dir='ltr'><strong>a</strong></span> <span class='ocrx_word' id='word_1_620' title='bbox 2313 4245 2415 4292; x_wconf 90' lang='lat' dir='ltr'><strong>me,</strong></span> <span class='ocrx_word' id='word_1_621' title='bbox 2440 4238 2489 4284; x_wconf 89' lang='lat' dir='ltr'><strong>et</strong></span> <span class='ocrx_word' id='word_1_622' title='bbox 2519 4229 2657 4282; x_wconf 90' lang='lat' dir='ltr'><strong>dabo</strong></span> <span class='ocrx_word' id='word_1_623' title='bbox 2691 4229 2786 4283; x_wconf 87' lang='lat' dir='ltr'><strong>tibi</strong></span> <span class='ocrx_word' id='word_1_624' title='bbox 2812 4241 2990 4300; x_wconf 83' lang='lat' dir='ltr'><strong>gentes</strong></span> <span class='ocrx_word' id='word_1_625' title='bbox 3019 4230 3386 4285; x_wconf 73' lang='lat' dir='ltr'><strong>[twi&#39;editatent</strong></span> <span class='ocrx_word' id='word_1_626' title='bbox 3414 4241 3584 4301; x_wconf 85' lang='lat' dir='ltr'><strong>tuam,</strong></span> 
     </span>
    </p>
   </div>
   <div class='ocr_carea' id='block_1_89' title="bbox 1995 4323 3586 4396">
    <p class='ocr_par' dir='ltr' id='par_1_89' title="bbox 1995 4323 3586 4396">
     <span class='ocr_line' id='line_1_89' title="bbox 1995 4323 3586 4396; baseline 0.001 -18"><span class='ocrx_word' id='word_1_627' title='bbox 1995 4332 2043 4378; x_wconf 90' lang='lat' dir='ltr'><strong>et</strong></span> <span class='ocrx_word' id='word_1_628' title='bbox 2067 4323 2451 4392; x_wconf 84' lang='lat' dir='ltr'><strong>possessionem</strong></span> <span class='ocrx_word' id='word_1_629' title='bbox 2482 4332 2627 4376; x_wconf 89' lang='lat' dir='ltr'><strong>tuam</strong></span> <span class='ocrx_word' id='word_1_630' title='bbox 2653 4324 2901 4382; x_wconf 83' lang='lat' dir='ltr'><strong>terminos</strong></span> <span class='ocrx_word' id='word_1_631' title='bbox 2925 4331 3081 4378; x_wconf 80' lang='lat' dir='ltr'><strong>terra:</strong></span> <span class='ocrx_word' id='word_1_632' title='bbox 3101 4323 3167 4376; x_wconf 72' lang='grc'><strong>³³.</strong></span> <span class='ocrx_word' id='word_1_633' title='bbox 3197 4323 3378 4396; x_wconf 86' lang='lat' dir='ltr'><strong>Atque</strong></span> <span class='ocrx_word' id='word_1_634' title='bbox 3409 4326 3464 4380; x_wconf 91' lang='lat' dir='ltr'><strong>in</strong></span> <span class='ocrx_word' id='word_1_635' title='bbox 3493 4341 3586 4382; x_wconf 79' lang='lat' dir='ltr'><strong>sa—</strong></span> 
     </span>
    </p>
   </div>
   <div class='ocr_carea' id='block_1_90' title="bbox 1995 4413 3584 4488">
    <p class='ocr_par' dir='ltr' id='par_1_90' title="bbox 1995 4413 3584 4488">
     <span class='ocr_line' id='line_1_90' title="bbox 1995 4413 3584 4488; baseline 0.001 -16"><span class='ocrx_word' id='word_1_636' title='bbox 1995 4418 2104 4472; x_wconf 90' lang='lat' dir='ltr'><strong>cris</strong></span> <span class='ocrx_word' id='word_1_637' title='bbox 2137 4415 2446 4486; x_wconf 81' lang='lat' dir='ltr'><strong>Evangeliis</strong></span> <span class='ocrx_word' id='word_1_638' title='bbox 2489 4415 2570 4470; x_wconf 86' lang='lat' dir='ltr'><strong>sic</strong></span> <span class='ocrx_word' id='word_1_639' title='bbox 2615 4414 2706 4470; x_wconf 91' lang='lat' dir='ltr'><strong>ille</strong></span> <span class='ocrx_word' id='word_1_640' title='bbox 2731 4413 2950 4470; x_wconf 87' lang='lat' dir='ltr'><strong>Patrem</strong></span> <span class='ocrx_word' id='word_1_641' title='bbox 2994 4415 3063 4471; x_wconf 92' lang='lat' dir='ltr'><strong>de</strong></span> <span class='ocrx_word' id='word_1_642' title='bbox 3100 4417 3276 4472; x_wconf 87' lang='lat' dir='ltr'><strong>sacris</strong></span> <span class='ocrx_word' id='word_1_643' title='bbox 3317 4418 3584 4488; x_wconf 78' lang='lat' dir='ltr'><strong>apostolis</strong></span> 
     </span>
    </p>
   </div>
   <div class='ocr_carea' id='block_1_91' title="bbox 1996 4510 3582 4582">
    <p class='ocr_par' dir='ltr' id='par_1_91' title="bbox 1996 4510 3582 4582">
     <span class='ocr_line' id='line_1_91' title="bbox 1996 4510 3582 4582; baseline 0.001 -18"><span class='ocrx_word' id='word_1_644' title='bbox 1996 4511 2334 4580; x_wconf 88' lang='lat' dir='ltr'><strong>alloquitur:</strong></span> <span class='ocrx_word' id='word_1_645' title='bbox 2366 4510 2551 4576; x_wconf 86' lang='lat' dir='ltr'><strong>Pater,</strong></span> <span class='ocrx_word' id='word_1_646' title='bbox 2610 4528 2739 4582; x_wconf 87' lang='lat' dir='ltr'><strong>quos</strong></span> <span class='ocrx_word' id='word_1_647' title='bbox 2779 4511 2973 4566; x_wconf 83' lang='lat' dir='ltr'><strong>dedisti</strong></span> <span class='ocrx_word' id='word_1_648' title='bbox 3010 4511 3139 4565; x_wconf 73' lang='lat' dir='ltr'><strong>milii</strong></span> <span class='ocrx_word' id='word_1_649' title='bbox 3193 4513 3272 4566; x_wconf 87' lang='lat' dir='ltr'><strong>tui</strong></span> <span class='ocrx_word' id='word_1_650' title='bbox 3306 4521 3483 4577; x_wconf 83' lang='lat' dir='ltr'><strong>erant,</strong></span> <span class='ocrx_word' id='word_1_651' title='bbox 3531 4523 3582 4566; x_wconf 85' lang='lat' dir='ltr'><strong>et</strong></span> 
     </span>
    </p>
   </div>
   <div class='ocr_carea' id='block_1_92' title="bbox 308 4603 1905 4678">
    <p class='ocr_par' dir='ltr' id='par_1_92' title="bbox 308 4603 1893 4678">
     <span class='ocr_line' id='line_1_92' title="bbox 308 4603 1893 4678; baseline -0.002 -19"><span class='ocrx_word' id='word_1_652' title='bbox 308 4605 516 4678; x_wconf 80' lang='grc' dir='ltr'>Πατέρα</span> <span class='ocrx_word' id='word_1_653' title='bbox 565 4605 702 4676; x_wconf 72' lang='grc' dir='ltr'>περὶ</span> <span class='ocrx_word' id='word_1_654' title='bbox 755 4604 864 4657; x_wconf 81' lang='grc' dir='ltr'><strong>τῶν</strong></span> <span class='ocrx_word' id='word_1_655' title='bbox 927 4603 1086 4676; x_wconf 72' lang='grc' dir='ltr'>ἱερῶν</span> <span class='ocrx_word' id='word_1_656' title='bbox 1134 4605 1465 4657; x_wconf 82' lang='grc' dir='ltr'>ἀποστόλων·</span> <span class='ocrx_word' id='word_1_657' title='bbox 1523 4603 1734 4672; x_wconf 80' lang='grc' dir='ltr'>Πάτερ,</span> <span class='ocrx_word' id='word_1_658' title='bbox 1786 4604 1893 4670; x_wconf 78' lang='grc' dir='ltr'>οὓς</span> 
     </span>
    </p>
   </div>
   <div class='ocr_carea' id='block_1_93' title="bbox 2006 4603 3581 4678">
    <p class='ocr_par' dir='ltr' id='par_1_93' title="bbox 2006 4603 3581 4674">
     <span class='ocr_line' id='line_1_93' title="bbox 2006 4603 3581 4674; baseline 0.002 -19"><span class='ocrx_word' id='word_1_659' title='bbox 2006 4603 2127 4655; x_wconf 75' lang='lat' dir='ltr'><strong>milii</strong></span> <span class='ocrx_word' id='word_1_660' title='bbox 2159 4619 2247 4656; x_wconf 90' lang='lat' dir='ltr'><strong>eos</strong></span> <span class='ocrx_word' id='word_1_661' title='bbox 2293 4603 2487 4661; x_wconf 81' lang='lat' dir='ltr'><strong>dedisti</strong></span> <span class='ocrx_word' id='word_1_662' title='bbox 2519 4621 2536 4657; x_wconf 93' lang='lat'><em>:</em></span> <span class='ocrx_word' id='word_1_663' title='bbox 2567 4614 2614 4657; x_wconf 87' lang='lat' dir='ltr'><strong>et</strong></span> <span class='ocrx_word' id='word_1_664' title='bbox 2665 4619 2814 4656; x_wconf 88' lang='lat' dir='ltr'><strong>nemo</strong></span> <span class='ocrx_word' id='word_1_665' title='bbox 2866 4619 2930 4656; x_wconf 83' lang='lat' dir='ltr'><strong>ea:</strong></span> <span class='ocrx_word' id='word_1_666' title='bbox 2972 4604 3037 4660; x_wconf 85' lang='lat' dir='ltr'><strong>iis</strong></span> <span class='ocrx_word' id='word_1_667' title='bbox 3065 4606 3252 4672; x_wconf 82' lang='lat' dir='ltr'><strong>periit,</strong></span> <span class='ocrx_word' id='word_1_668' title='bbox 3301 4607 3407 4658; x_wconf 86' lang='lat' dir='ltr'><strong>nisi</strong></span> <span class='ocrx_word' id='word_1_669' title='bbox 3434 4603 3581 4674; x_wconf 76' lang='lat' dir='ltr'><strong>ﬁlius</strong></span> 
     </span>
    </p>
   </div>
   <div class='ocr_carea' id='block_1_94' title="bbox 303 4695 1890 4770">
    <p class='ocr_par' dir='ltr' id='par_1_94' title="bbox 303 4695 1890 4770">
     <span class='ocr_line' id='line_1_94' title="bbox 303 4695 1890 4770; baseline -0.001 -18"><span class='ocrx_word' id='word_1_670' title='bbox 303 4699 348 4752; x_wconf 61' lang='grc' dir='ltr'><strong>ἐκ</strong></span> <span class='ocrx_word' id='word_1_671' title='bbox 369 4700 521 4766; x_wconf 70' lang='lat' dir='ltr'><strong>tondi;</strong></span> <span class='ocrx_word' id='word_1_672' title='bbox 535 4717 643 4770; x_wconf 85' lang='grc' dir='ltr'><strong>μοι</strong></span> <span class='ocrx_word' id='word_1_673' title='bbox 665 4699 761 4752; x_wconf 81' lang='grc' dir='ltr'>σοὶ</span> <span class='ocrx_word' id='word_1_674' title='bbox 787 4695 970 4768; x_wconf 79' lang='grc' dir='ltr'>ἦσαν,</span> <span class='ocrx_word' id='word_1_675' title='bbox 996 4697 1093 4751; x_wconf 80' lang='grc' dir='ltr'>καὶ</span> <span class='ocrx_word' id='word_1_676' title='bbox 1111 4698 1240 4766; x_wconf 79' lang='grc' dir='ltr'>ἐμοὶ</span> <span class='ocrx_word' id='word_1_677' title='bbox 1272 4698 1492 4764; x_wconf 79' lang='grc' dir='ltr'>αὐτοὺς</span> <span class='ocrx_word' id='word_1_678' title='bbox 1511 4697 1770 4763; x_wconf 82' lang='grc' dir='ltr'>δέδωκας</span> <span class='ocrx_word' id='word_1_679' title='bbox 1795 4698 1890 4750; x_wconf 76' lang='grc' dir='ltr'><strong>καί</strong></span> 
     </span>
    </p>
   </div>
   <div class='ocr_carea' id='block_1_95' title="bbox 303 4788 1891 4858">
    <p class='ocr_par' dir='ltr' id='par_1_95' title="bbox 303 4788 1891 4858">
     <span class='ocr_line' id='line_1_95' title="bbox 303 4788 1891 4858; baseline -0.001 -16"><span class='ocrx_word' id='word_1_680' title='bbox 303 4789 496 4858; x_wconf 76' lang='grc' dir='ltr'>οὐδεὶς</span> <span class='ocrx_word' id='word_1_681' title='bbox 534 4792 612 4857; x_wconf 79' lang='grc' dir='ltr'>ἐξ</span> <span class='ocrx_word' id='word_1_682' title='bbox 644 4789 843 4844; x_wconf 78' lang='grc' dir='ltr'>αὐτῶν</span> <span class='ocrx_word' id='word_1_683' title='bbox 872 4788 1142 4843; x_wconf 75' lang='grc' dir='ltr'>ἀπώλετο</span> <span class='ocrx_word' id='word_1_684' title='bbox 1175 4793 1225 4843; x_wconf 80' lang='grc' dir='ltr'>εὶ</span> <span class='ocrx_word' id='word_1_685' title='bbox 1249 4789 1334 4858; x_wconf 80' lang='grc' dir='ltr'>μὴ</span> <span class='ocrx_word' id='word_1_686' title='bbox 1368 4792 1399 4842; x_wconf 83' lang='grc' dir='ltr'><em>ὀ</em></span> <span class='ocrx_word' id='word_1_687' title='bbox 1432 4788 1562 4854; x_wconf 76' lang='grc' dir='ltr'>υἱὸς</span> <span class='ocrx_word' id='word_1_688' title='bbox 1606 4788 1716 4855; x_wconf 83' lang='grc' dir='ltr'>τῆς</span> <span class='ocrx_word' id='word_1_689' title='bbox 1779 4789 1891 4841; x_wconf 80' lang='grc' dir='ltr'>ἀπ-</span> 
     </span>
    </p>
   </div>
   <div class='ocr_carea' id='block_1_96' title="bbox 303 4879 1891 4953">
    <p class='ocr_par' dir='ltr' id='par_1_96' title="bbox 303 4879 1891 4953">
     <span class='ocr_line' id='line_1_96' title="bbox 303 4879 1891 4953; baseline 0.001 -22"><span class='ocrx_word' id='word_1_690' title='bbox 303 4883 524 4949; x_wconf 78' lang='grc' dir='ltr'>ωλείας.</span> <span class='ocrx_word' id='word_1_691' title='bbox 555 4881 702 4935; x_wconf 80' lang='grc' dir='ltr'>Ἀλλ’</span> <span class='ocrx_word' id='word_1_692' title='bbox 730 4880 917 4953; x_wconf 80' lang='grc' dir='ltr'>ὥσπερ</span> <span class='ocrx_word' id='word_1_693' title='bbox 940 4879 1174 4934; x_wconf 79' lang='grc' dir='ltr'>ἐνταῦθα</span> <span class='ocrx_word' id='word_1_694' title='bbox 1203 4879 1558 4952; x_wconf 81' lang='grc' dir='ltr'>ἀνθρωπίνως</span> <span class='ocrx_word' id='word_1_695' title='bbox 1587 4879 1891 4948; x_wconf 85' lang='grc' dir='ltr'>διαλέγεται</span> 
     </span>
    </p>
   </div>
   <div class='ocr_carea' id='block_1_97' title="bbox 300 4969 1891 5046">
    <p class='ocr_par' dir='ltr' id='par_1_97' title="bbox 300 4969 1891 5046">
     <span class='ocr_line' id='line_1_97' title="bbox 300 4969 1891 5046; baseline 0.001 -24"><span class='ocrx_word' id='word_1_696' title='bbox 300 4969 474 5025; x_wconf 78' lang='grc' dir='ltr'>λαϐεῖν</span> <span class='ocrx_word' id='word_1_697' title='bbox 495 4972 859 5046; x_wconf 79' lang='grc' dir='ltr'>παρακαλῶν,</span> <span class='ocrx_word' id='word_1_698' title='bbox 893 4973 1066 5036; x_wconf 73' lang='grc' dir='ltr'>οὕτως</span> <span class='ocrx_word' id='word_1_699' title='bbox 1089 4972 1315 5044; x_wconf 75' lang='grc' dir='ltr'>ἑτέρωθι</span> <span class='ocrx_word' id='word_1_700' title='bbox 1343 4973 1610 5034; x_wconf 89' lang='grc' dir='ltr'>δείκνυσι,</span> <span class='ocrx_word' id='word_1_701' title='bbox 1635 4971 1710 5034; x_wconf 82' lang='grc' dir='ltr'><strong>ὡς</strong></span> <span class='ocrx_word' id='word_1_702' title='bbox 1731 4971 1891 5034; x_wconf 76' lang='grc' dir='ltr'>αὐτός</span> 
     </span>
    </p>
   </div>
   <div class='ocr_carea' id='block_1_98' title="bbox 303 5063 1910 5137">
    <p class='ocr_par' dir='ltr' id='par_1_98' title="bbox 303 5063 1910 5137">
     <span class='ocr_line' id='line_1_98' title="bbox 303 5063 1910 5137; baseline 0.001 -21"><span class='ocrx_word' id='word_1_703' title='bbox 303 5065 411 5118; x_wconf 76' lang='grc' dir='ltr'>ἐστι</span> <span class='ocrx_word' id='word_1_704' title='bbox 432 5067 536 5120; x_wconf 83' lang='grc' dir='ltr'><strong>τῶν</strong></span> <span class='ocrx_word' id='word_1_705' title='bbox 561 5067 822 5122; x_wconf 80' lang='grc' dir='ltr'>ἁπάντων</span> <span class='ocrx_word' id='word_1_706' title='bbox 843 5066 1126 5137; x_wconf 83' lang='grc' dir='ltr'>δεσπότης·</span> <span class='ocrx_word' id='word_1_707' title='bbox 1165 5066 1240 5120; x_wconf 82' lang='grc' dir='ltr'><strong><em>Τὰ</em></strong></span> <span class='ocrx_word' id='word_1_708' title='bbox 1266 5067 1530 5133; x_wconf 75' lang='grc' dir='ltr'>πρόϐατα</span> <span class='ocrx_word' id='word_1_709' title='bbox 1551 5066 1658 5134; x_wconf 88' lang='grc' dir='ltr'>γὰρ</span> <span class='ocrx_word' id='word_1_710' title='bbox 1684 5065 1755 5118; x_wconf 86' lang='grc' dir='ltr'>τὰ</span> <span class='ocrx_word' id='word_1_711' title='bbox 1776 5063 1910 5134; x_wconf 53' lang='lat' dir='ltr'><strong>ego</strong></span> 
     </span>
    </p>
   </div>
   <div class='ocr_carea' id='block_1_99' title="bbox 303 5155 1943 5231">
    <p class='ocr_par' dir='ltr' id='par_1_99' title="bbox 303 5155 1943 5231">
     <span class='ocr_line' id='line_1_99' title="bbox 303 5155 1943 5231; baseline -0.002 -18"><span class='ocrx_word' id='word_1_712' title='bbox 303 5155 407 5224; x_wconf 79' lang='grc' dir='ltr'>τῆς</span> <span class='ocrx_word' id='word_1_713' title='bbox 433 5160 634 5230; x_wconf 70' lang='grc' dir='ltr'>φωνῆς</span> <span class='ocrx_word' id='word_1_714' title='bbox 665 5178 785 5231; x_wconf 87' lang='grc' dir='ltr'>μου</span> <span class='ocrx_word' id='word_1_715' title='bbox 824 5161 1046 5214; x_wconf 86' lang='grc' dir='ltr'>ἀκούει·</span> <span class='ocrx_word' id='word_1_716' title='bbox 1085 5157 1247 5228; x_wconf 75' lang='grc' dir='ltr'><strong>κάγὼ</strong></span> <span class='ocrx_word' id='word_1_717' title='bbox 1281 5156 1551 5228; x_wconf 70' lang='grc' dir='ltr'>γινώσκω</span> <span class='ocrx_word' id='word_1_718' title='bbox 1582 5157 1753 5222; x_wconf 81' lang='grc' dir='ltr'>αὐτὰ,</span> <span class='ocrx_word' id='word_1_719' title='bbox 1788 5157 1887 5210; x_wconf 80' lang='grc' dir='ltr'>καὶ</span> <span class='ocrx_word' id='word_1_720' title='bbox 1931 5158 1943 5171; x_wconf 89' lang='grc'>⁹</span> 
     </span>
    </p>
   </div>
   <div class='ocr_carea' id='block_1_100' title="bbox 306 5247 1885 5321">
    <p class='ocr_par' dir='ltr' id='par_1_100' title="bbox 306 5247 1885 5321">
     <span class='ocr_line' id='line_1_100' title="bbox 306 5247 1885 5321; baseline 0.003 -21"><span class='ocrx_word' id='word_1_721' title='bbox 306 5247 706 5306; x_wconf 74' lang='grc' dir='ltr'>ἀκολουθοῦσι</span> <span class='ocrx_word' id='word_1_722' title='bbox 739 5268 858 5321; x_wconf 88' lang='grc' dir='ltr'>μοι·</span> <span class='ocrx_word' id='word_1_723' title='bbox 892 5251 1053 5320; x_wconf 73' lang='grc' dir='ltr'><strong>κάγὼ</strong></span> <span class='ocrx_word' id='word_1_724' title='bbox 1084 5250 1237 5318; x_wconf 79' lang='grc' dir='ltr'>ζωὴν</span> <span class='ocrx_word' id='word_1_725' title='bbox 1267 5251 1507 5306; x_wconf 80' lang='grc' dir='ltr'>αἰώνιον</span> <span class='ocrx_word' id='word_1_726' title='bbox 1543 5249 1750 5319; x_wconf 77' lang='grc' dir='ltr'>δίδωμι</span> <span class='ocrx_word' id='word_1_727' title='bbox 1779 5253 1885 5304; x_wconf 83' lang='grc' dir='ltr'><strong>αὑ-</strong></span> 
     </span>
    </p>
   </div>
   <div class='ocr_carea' id='block_1_101' title="bbox 307 5340 1883 5412">
    <p class='ocr_par' dir='ltr' id='par_1_101' title="bbox 307 5340 1883 5412">
     <span class='ocr_line' id='line_1_101' title="bbox 307 5340 1883 5412; baseline 0.003 -21"><span class='ocrx_word' id='word_1_728' title='bbox 307 5340 441 5407; x_wconf 81' lang='grc' dir='ltr'>τοῖς·</span> <span class='ocrx_word' id='word_1_729' title='bbox 470 5347 560 5398; x_wconf 73' lang='grc' dir='ltr'><strong>καὶ</strong></span> <span class='ocrx_word' id='word_1_730' title='bbox 584 5345 766 5398; x_wconf 85' lang='grc' dir='ltr'>πάλιν·</span> <span class='ocrx_word' id='word_1_731' title='bbox 803 5343 912 5396; x_wconf 72' lang='grc' dir='ltr'><strong>Καὶ</strong></span> <span class='ocrx_word' id='word_1_732' title='bbox 945 5344 1103 5396; x_wconf 75' lang='grc' dir='ltr'><strong>ἅλλα</strong></span> <span class='ocrx_word' id='word_1_733' title='bbox 1145 5343 1213 5396; x_wconf 83' lang='grc' dir='ltr'>δὲ</span> <span class='ocrx_word' id='word_1_734' title='bbox 1244 5345 1510 5411; x_wconf 74' lang='grc' dir='ltr'>πρόϐατα</span> <span class='ocrx_word' id='word_1_735' title='bbox 1539 5343 1677 5412; x_wconf 81' lang='grc' dir='ltr'>ἔχω,</span> <span class='ocrx_word' id='word_1_736' title='bbox 1709 5340 1748 5395; x_wconf 79' lang='grc' dir='ltr'><em>ἂ</em></span> <span class='ocrx_word' id='word_1_737' title='bbox 1771 5344 1883 5396; x_wconf 80' lang='grc' dir='ltr'>οὐκ</span> 
     </span>
    </p>
   </div>
   <div class='ocr_carea' id='block_1_102' title="bbox 309 5423 1881 5502">
    <p class='ocr_par' dir='ltr' id='par_1_102' title="bbox 309 5423 1881 5502">
     <span class='ocr_line' id='line_1_102' title="bbox 309 5423 1881 5502; baseline 0.004 -23"><span class='ocrx_word' id='word_1_738' title='bbox 309 5423 473 5481; x_wconf 80' lang='grc' dir='ltr'>ἐστιν</span> <span class='ocrx_word' id='word_1_739' title='bbox 499 5431 566 5484; x_wconf 80' lang='grc' dir='ltr'><strong>ἐκ</strong></span> <span class='ocrx_word' id='word_1_740' title='bbox 600 5425 711 5501; x_wconf 72' lang='grc' dir='ltr'>τῆς</span> <span class='ocrx_word' id='word_1_741' title='bbox 737 5430 934 5497; x_wconf 80' lang='grc' dir='ltr'>αὐλῆς</span> <span class='ocrx_word' id='word_1_742' title='bbox 960 5433 1197 5499; x_wconf 82' lang='grc' dir='ltr'>ταύτης·</span> <span class='ocrx_word' id='word_1_743' title='bbox 1239 5433 1488 5487; x_wconf 82' lang='grc' dir='ltr'>κάκεῖνά</span> <span class='ocrx_word' id='word_1_744' title='bbox 1513 5449 1591 5502; x_wconf 86' lang='grc' dir='ltr'><strong>με</strong></span> <span class='ocrx_word' id='word_1_745' title='bbox 1621 5431 1717 5485; x_wconf 87' lang='grc' dir='ltr'>δεῖ</span> <span class='ocrx_word' id='word_1_746' title='bbox 1736 5433 1881 5501; x_wconf 77' lang='grc' dir='ltr'>ἁγα-</span> 
     </span>
    </p>
   </div>
   <div class='ocr_carea' id='block_1_103' title="bbox 309 5515 1886 5594">
    <p class='ocr_par' dir='ltr' id='par_1_103' title="bbox 309 5515 1886 5594">
     <span class='ocr_line' id='line_1_103' title="bbox 309 5515 1886 5594; baseline 0.006 -25"><span class='ocrx_word' id='word_1_747' title='bbox 309 5515 448 5583; x_wconf 81' lang='grc' dir='ltr'>τεῖν,</span> <span class='ocrx_word' id='word_1_748' title='bbox 471 5522 565 5575; x_wconf 76' lang='grc' dir='ltr'><strong>καί</strong></span> <span class='ocrx_word' id='word_1_749' title='bbox 589 5521 699 5590; x_wconf 80' lang='grc' dir='ltr'>τῆς</span> <span class='ocrx_word' id='word_1_750' title='bbox 725 5523 930 5593; x_wconf 72' lang='grc' dir='ltr'>φωνῆς</span> <span class='ocrx_word' id='word_1_751' title='bbox 937 5542 1056 5592; x_wconf 87' lang='grc' dir='ltr'>μου</span> <span class='ocrx_word' id='word_1_752' title='bbox 1079 5524 1434 5590; x_wconf 84' lang='grc' dir='ltr'>ἁκούσουσι,</span> <span class='ocrx_word' id='word_1_753' title='bbox 1452 5524 1550 5578; x_wconf 78' lang='grc' dir='ltr'>καὶ</span> <span class='ocrx_word' id='word_1_754' title='bbox 1569 5521 1886 5594; x_wconf 74' lang='grc' dir='ltr'>γενήσεται</span> 
     </span>
    </p>
   </div>
   <div class='ocr_carea' id='block_1_104' title="bbox 305 5607 1881 5688">
    <p class='ocr_par' dir='ltr' id='par_1_104' title="bbox 305 5607 1881 5688">
     <span class='ocr_line' id='line_1_104' title="bbox 305 5607 1881 5688; baseline 0.006 -28"><span class='ocrx_word' id='word_1_755' title='bbox 305 5607 409 5673; x_wconf 78' lang='grc' dir='ltr'><strong>μία</strong></span> <span class='ocrx_word' id='word_1_756' title='bbox 453 5614 692 5683; x_wconf 76' lang='grc' dir='ltr'>ποίμνη,</span> <span class='ocrx_word' id='word_1_757' title='bbox 733 5612 822 5683; x_wconf 83' lang='grc' dir='ltr'>εἷς</span> <span class='ocrx_word' id='word_1_758' title='bbox 862 5615 1108 5684; x_wconf 80' lang='grc' dir='ltr'>ποιμήν.</span> <span class='ocrx_word' id='word_1_759' title='bbox 1154 5616 1242 5669; x_wconf 86' lang='grc' dir='ltr'>Ἑν</span> <span class='ocrx_word' id='word_1_760' title='bbox 1289 5615 1367 5685; x_wconf 80' lang='grc' dir='ltr'><strong>τῷ</strong></span> <span class='ocrx_word' id='word_1_761' title='bbox 1418 5616 1648 5688; x_wconf 80' lang='grc' dir='ltr'>παρόντι</span> <span class='ocrx_word' id='word_1_762' title='bbox 1699 5616 1881 5688; x_wconf 86' lang='grc' dir='ltr'>μέντοι</span> 
     </span>
    </p>
   </div>
   <div class='ocr_carea' id='block_1_105' title="bbox 380 5704 804 5773">
    <p class='ocr_par' dir='ltr' id='par_1_105' title="bbox 380 5704 804 5773">
     <span class='ocr_line' id='line_1_105' title="bbox 380 5704 804 5773; baseline 0.009 -13"><span class='ocrx_word' id='word_1_763' title='bbox 380 5704 423 5736; x_wconf 70' lang='grc'><strong>⁸³</strong></span> <span class='ocrx_word' id='word_1_764' title='bbox 457 5704 601 5764; x_wconf 86' lang='lat' dir='ltr'><strong>Psal.</strong></span> <span class='ocrx_word' id='word_1_765' title='bbox 639 5727 712 5773; x_wconf 89' lang='grc' dir='ltr'><strong>ιι,</strong></span> <span class='ocrx_word' id='word_1_766' title='bbox 749 5711 804 5766; x_wconf 88' lang='lat'><strong>8.</strong></span> 
     </span>
    </p>
   </div>
   <div class='ocr_carea' id='block_1_106' title="bbox 381 5797 1874 5872">
    <p class='ocr_par' dir='ltr' id='par_1_106' title="bbox 381 5797 1874 5872">
     <span class='ocr_line' id='line_1_106' title="bbox 381 5797 1874 5872; baseline 0.001 -19"><span class='ocrx_word' id='word_1_767' title='bbox 381 5797 452 5872; x_wconf 54' lang='grc' dir='ltr'><strong>(ί)</strong></span> <span class='ocrx_word' id='word_1_768' title='bbox 493 5801 730 5872; x_wconf 58' lang='lat' dir='ltr'><strong>Blanda</strong></span> <span class='ocrx_word' id='word_1_769' title='bbox 779 5799 998 5858; x_wconf 82' lang='grc' dir='ltr'>αὐτῶν.</span> <span class='ocrx_word' id='word_1_770' title='bbox 1047 5804 1140 5858; x_wconf 90' lang='lat' dir='ltr'><strong>Sic</strong></span> <span class='ocrx_word' id='word_1_771' title='bbox 1189 5804 1355 5858; x_wconf 82' lang='lat' dir='ltr'><strong>vertit</strong></span> <span class='ocrx_word' id='word_1_772' title='bbox 1398 5801 1778 5872; x_wconf 87' lang='lat' dir='ltr'><strong>Symmachus,</strong></span> <span class='ocrx_word' id='word_1_773' title='bbox 1812 5809 1874 5856; x_wconf 92' lang='lat' dir='ltr'><strong>ut</strong></span> 
     </span>
    </p>
   </div>
   <div class='ocr_carea' id='block_1_107' title="bbox 313 5865 1870 5948">
    <p class='ocr_par' dir='ltr' id='par_1_107' title="bbox 313 5865 1870 5948">
     <span class='ocr_line' id='line_1_107' title="bbox 313 5865 1870 5948; baseline 0.003 -23"><span class='ocrx_word' id='word_1_774' title='bbox 313 5865 364 5938; x_wconf 62' lang='lat' dir='ltr'><strong>in</strong></span> <span class='ocrx_word' id='word_1_775' title='bbox 389 5867 594 5928; x_wconf 83' lang='lat' dir='ltr'><strong>duobus</strong></span> <span class='ocrx_word' id='word_1_776' title='bbox 621 5874 901 5929; x_wconf 83' lang='lat' dir='ltr'><strong>codicibus</strong></span> <span class='ocrx_word' id='word_1_777' title='bbox 929 5872 1114 5948; x_wconf 72' lang='lat' dir='ltr'><strong>Regiis</strong></span> <span class='ocrx_word' id='word_1_778' title='bbox 1154 5875 1398 5930; x_wconf 86' lang='lat' dir='ltr'><strong>etlertur.</strong></span> <span class='ocrx_word' id='word_1_779' title='bbox 1429 5865 1626 5944; x_wconf 59' lang='lat' dir='ltr'><strong>Aquila</strong></span> <span class='ocrx_word' id='word_1_780' title='bbox 1659 5865 1870 5944; x_wconf 83' lang='lat' dir='ltr'><strong>autem:</strong></span> 
     </span>
    </p>
   </div>
   <div class='ocr_carea' id='block_1_108' title="bbox 1995 4694 3583 4764">
    <p class='ocr_par' dir='ltr' id='par_1_108' title="bbox 1995 4694 3583 4764">
     <span class='ocr_line' id='line_1_108' title="bbox 1995 4694 3583 4764; baseline 0 -15"><span class='ocrx_word' id='word_1_781' title='bbox 1995 4695 2306 4764; x_wconf 81' lang='lat' dir='ltr'><strong>perditionis</strong></span> <span class='ocrx_word' id='word_1_782' title='bbox 2332 4696 2400 4750; x_wconf 72' lang='grc' dir='ltr'><strong>⁸ο.</strong></span> <span class='ocrx_word' id='word_1_783' title='bbox 2450 4694 2553 4749; x_wconf 87' lang='lat' dir='ltr'><strong>Sed</strong></span> <span class='ocrx_word' id='word_1_784' title='bbox 2585 4694 3038 4764; x_wconf 87' lang='lat' dir='ltr'><strong>quemadmodum</strong></span> <span class='ocrx_word' id='word_1_785' title='bbox 3084 4695 3174 4748; x_wconf 89' lang='lat' dir='ltr'><strong>hic</strong></span> <span class='ocrx_word' id='word_1_786' title='bbox 3219 4695 3464 4750; x_wconf 90' lang='lat' dir='ltr'><strong>humano</strong></span> <span class='ocrx_word' id='word_1_787' title='bbox 3500 4695 3583 4749; x_wconf 89' lang='lat' dir='ltr'><strong>lo-</strong></span> 
     </span>
    </p>
   </div>
   <div class='ocr_carea' id='block_1_109' title="bbox 1994 4785 3581 4856">
    <p class='ocr_par' dir='ltr' id='par_1_109' title="bbox 1994 4785 3581 4856">
     <span class='ocr_line' id='line_1_109' title="bbox 1994 4785 3581 4856; baseline 0 -17"><span class='ocrx_word' id='word_1_788' title='bbox 1994 4787 2186 4856; x_wconf 83' lang='lat' dir='ltr'><strong>quitur</strong></span> <span class='ocrx_word' id='word_1_789' title='bbox 2229 4785 2414 4852; x_wconf 92' lang='lat' dir='ltr'><strong>modo,</strong></span> <span class='ocrx_word' id='word_1_790' title='bbox 2467 4800 2666 4856; x_wconf 80' lang='lat' dir='ltr'><strong>rogans</strong></span> <span class='ocrx_word' id='word_1_791' title='bbox 2721 4793 2780 4838; x_wconf 93' lang='lat' dir='ltr'><strong>ut</strong></span> <span class='ocrx_word' id='word_1_792' title='bbox 2833 4785 3101 4855; x_wconf 85' lang='lat' dir='ltr'><strong>accipiat;</strong></span> <span class='ocrx_word' id='word_1_793' title='bbox 3151 4786 3230 4841; x_wconf 93' lang='lat' dir='ltr'><strong>sic</strong></span> <span class='ocrx_word' id='word_1_794' title='bbox 3282 4786 3411 4840; x_wconf 89' lang='lat' dir='ltr'><strong>alibi</strong></span> <span class='ocrx_word' id='word_1_795' title='bbox 3458 4800 3581 4841; x_wconf 89' lang='lat' dir='ltr'><strong>sese</strong></span> 
     </span>
    </p>
   </div>
   <div class='ocr_carea' id='block_1_110' title="bbox 1993 4877 3579 4945">
    <p class='ocr_par' dir='ltr' id='par_1_110' title="bbox 1993 4877 3579 4945">
     <span class='ocr_line' id='line_1_110' title="bbox 1993 4877 3579 4945; baseline -0.001 -13"><span class='ocrx_word' id='word_1_796' title='bbox 1993 4880 2240 4932; x_wconf 81' lang='lat' dir='ltr'><strong>omnium</strong></span> <span class='ocrx_word' id='word_1_797' title='bbox 2292 4878 2573 4933; x_wconf 88' lang='lat' dir='ltr'><strong>dominum</strong></span> <span class='ocrx_word' id='word_1_798' title='bbox 2623 4877 2882 4932; x_wconf 73' lang='lat' dir='ltr'><strong>exhibet:</strong></span> <span class='ocrx_word' id='word_1_799' title='bbox 2911 4877 3068 4945; x_wconf 86' lang='lat' dir='ltr'><strong>Nam,</strong></span> <span class='ocrx_word' id='word_1_800' title='bbox 3100 4894 3217 4933; x_wconf 84' lang='lat' dir='ltr'><strong>oves</strong></span> <span class='ocrx_word' id='word_1_801' title='bbox 3248 4895 3376 4933; x_wconf 75' lang='lat' dir='ltr'><strong>mea:</strong></span> <span class='ocrx_word' id='word_1_802' title='bbox 3404 4894 3579 4933; x_wconf 81' lang='lat' dir='ltr'><strong>vocem</strong></span> 
     </span>
    </p>
   </div>
   <div class='ocr_carea' id='block_1_111' title="bbox 1993 4970 3579 5044">
    <p class='ocr_par' dir='ltr' id='par_1_111' title="bbox 1993 4970 3579 5044">
     <span class='ocr_line' id='line_1_111' title="bbox 1993 4970 3579 5044; baseline 0.006 -21"><span class='ocrx_word' id='word_1_803' title='bbox 1993 4987 2164 5024; x_wconf 87' lang='lat' dir='ltr'><strong>meam</strong></span> <span class='ocrx_word' id='word_1_804' title='bbox 2198 4970 2422 5024; x_wconf 85' lang='lat' dir='ltr'><strong>audiunt</strong></span> <span class='ocrx_word' id='word_1_805' title='bbox 2464 4989 2482 5026; x_wconf 88' lang='lat'><strong><em>:</em></strong></span> <span class='ocrx_word' id='word_1_806' title='bbox 2525 4979 2573 5025; x_wconf 88' lang='lat' dir='ltr'><strong>et</strong></span> <span class='ocrx_word' id='word_1_807' title='bbox 2615 4987 2709 5039; x_wconf 89' lang='lat' dir='ltr'><strong>ego</strong></span> <span class='ocrx_word' id='word_1_808' title='bbox 2743 4987 2996 5040; x_wconf 83' lang='lat' dir='ltr'><strong>cognosco</strong></span> <span class='ocrx_word' id='word_1_809' title='bbox 3039 4988 3152 5036; x_wconf 84' lang='lat' dir='ltr'><strong>eas,</strong></span> <span class='ocrx_word' id='word_1_810' title='bbox 3198 4983 3247 5027; x_wconf 86' lang='lat' dir='ltr'><strong>et</strong></span> <span class='ocrx_word' id='word_1_811' title='bbox 3289 4985 3579 5044; x_wconf 78' lang='lat' dir='ltr'><strong>sequuntur</strong></span> 
     </span>
    </p>
   </div>
   <div class='ocr_carea' id='block_1_112' title="bbox 1993 5066 3577 5135">
    <p class='ocr_par' dir='ltr' id='par_1_112' title="bbox 1993 5066 3577 5135">
     <span class='ocr_line' id='line_1_112' title="bbox 1993 5066 3577 5135; baseline 0.004 -16"><span class='ocrx_word' id='word_1_812' title='bbox 1993 5083 2106 5130; x_wconf 89' lang='lat' dir='ltr'><strong>me,</strong></span> <span class='ocrx_word' id='word_1_813' title='bbox 2145 5075 2196 5120; x_wconf 82' lang='lat' dir='ltr'><strong>et</strong></span> <span class='ocrx_word' id='word_1_814' title='bbox 2239 5067 2401 5119; x_wconf 82' lang='lat' dir='ltr'><strong>vitam</strong></span> <span class='ocrx_word' id='word_1_815' title='bbox 2451 5075 2703 5120; x_wconf 75' lang='lat' dir='ltr'><strong>azternam</strong></span> <span class='ocrx_word' id='word_1_816' title='bbox 2752 5066 2820 5120; x_wconf 90' lang='lat' dir='ltr'><strong>do</strong></span> <span class='ocrx_word' id='word_1_817' title='bbox 2864 5067 2940 5121; x_wconf 89' lang='lat' dir='ltr'><strong>eis</strong></span> <span class='ocrx_word' id='word_1_818' title='bbox 2962 5066 3037 5135; x_wconf 63' lang='grc' dir='ltr'>δίς</span> <span class='ocrx_word' id='word_1_819' title='bbox 3085 5082 3150 5122; x_wconf 88' lang='lat' dir='ltr'><strong>ac</strong></span> <span class='ocrx_word' id='word_1_820' title='bbox 3207 5083 3472 5127; x_wconf 89' lang='lat' dir='ltr'><strong>rursum:</strong></span> <span class='ocrx_word' id='word_1_821' title='bbox 3505 5071 3577 5126; x_wconf 85' lang='lat' dir='ltr'><strong>Et</strong></span> 
     </span>
    </p>
   </div>
   <div class='ocr_carea' id='block_1_113' title="bbox 1993 5155 3575 5227">
    <p class='ocr_par' dir='ltr' id='par_1_113' title="bbox 1993 5155 3575 5227">
     <span class='ocr_line' id='line_1_113' title="bbox 1993 5155 3575 5227; baseline 0.005 -17"><span class='ocrx_word' id='word_1_822' title='bbox 1993 5159 2134 5210; x_wconf 88' lang='lat' dir='ltr'><strong>alias</strong></span> <span class='ocrx_word' id='word_1_823' title='bbox 2167 5173 2282 5210; x_wconf 78' lang='lat' dir='ltr'><strong>ores</strong></span> <span class='ocrx_word' id='word_1_824' title='bbox 2316 5155 2479 5210; x_wconf 83' lang='lat' dir='ltr'><strong>habeo</strong></span> <span class='ocrx_word' id='word_1_825' title='bbox 2511 5174 2629 5227; x_wconf 72' lang='lat' dir='ltr'><strong>qua:</strong></span> <span class='ocrx_word' id='word_1_826' title='bbox 2662 5174 2765 5212; x_wconf 86' lang='lat' dir='ltr'><strong>non</strong></span> <span class='ocrx_word' id='word_1_827' title='bbox 2809 5167 2931 5212; x_wconf 87' lang='lat' dir='ltr'><strong>sunt</strong></span> <span class='ocrx_word' id='word_1_828' title='bbox 2961 5175 3025 5212; x_wconf 75' lang='lat' dir='ltr'><strong>ea:</strong></span> <span class='ocrx_word' id='word_1_829' title='bbox 3053 5159 3150 5213; x_wconf 82' lang='lat' dir='ltr'><strong>hoc</strong></span> <span class='ocrx_word' id='word_1_830' title='bbox 3183 5161 3343 5215; x_wconf 82' lang='lat' dir='ltr'><strong>ouili:</strong></span> <span class='ocrx_word' id='word_1_831' title='bbox 3364 5170 3415 5216; x_wconf 84' lang='lat' dir='ltr'><strong>et</strong></span> <span class='ocrx_word' id='word_1_832' title='bbox 3449 5161 3575 5218; x_wconf 83' lang='lat' dir='ltr'><strong>illas</strong></span> 
     </span>
    </p>
   </div>
   <div class='ocr_carea' id='block_1_114' title="bbox 1993 5249 3574 5323">
    <p class='ocr_par' dir='ltr' id='par_1_114' title="bbox 1993 5249 3574 5323">
     <span class='ocr_line' id='line_1_114' title="bbox 1993 5249 3574 5323; baseline 0.003 -21"><span class='ocrx_word' id='word_1_833' title='bbox 1993 5257 2195 5320; x_wconf 84' lang='lat' dir='ltr'><strong>oportet</strong></span> <span class='ocrx_word' id='word_1_834' title='bbox 2229 5266 2309 5302; x_wconf 85' lang='lat' dir='ltr'><strong>me</strong></span> <span class='ocrx_word' id='word_1_835' title='bbox 2341 5249 2620 5318; x_wconf 83' lang='lat' dir='ltr'><strong>adducere,</strong></span> <span class='ocrx_word' id='word_1_836' title='bbox 2647 5261 2696 5305; x_wconf 86' lang='lat' dir='ltr'><strong>et</strong></span> <span class='ocrx_word' id='word_1_837' title='bbox 2731 5269 2904 5306; x_wconf 81' lang='lat' dir='ltr'><strong>vocem</strong></span> <span class='ocrx_word' id='word_1_838' title='bbox 2935 5269 3104 5307; x_wconf 86' lang='lat' dir='ltr'><strong>meam</strong></span> <span class='ocrx_word' id='word_1_839' title='bbox 3137 5253 3376 5321; x_wconf 85' lang='lat' dir='ltr'><strong>audient,</strong></span> <span class='ocrx_word' id='word_1_840' title='bbox 3411 5263 3461 5307; x_wconf 87' lang='lat' dir='ltr'><strong>et</strong></span> <span class='ocrx_word' id='word_1_841' title='bbox 3483 5255 3574 5323; x_wconf 82' lang='lat' dir='ltr'><strong>ﬁet</strong></span> 
     </span>
    </p>
   </div>
   <div class='ocr_carea' id='block_1_115' title="bbox 1989 5343 3573 5417">
    <p class='ocr_par' dir='ltr' id='par_1_115' title="bbox 1989 5343 3573 5417">
     <span class='ocr_line' id='line_1_115' title="bbox 1989 5343 3573 5417; baseline 0.004 -22"><span class='ocrx_word' id='word_1_842' title='bbox 1989 5359 2151 5397; x_wconf 85' lang='lat' dir='ltr'><strong>unum</strong></span> <span class='ocrx_word' id='word_1_843' title='bbox 2189 5343 2362 5406; x_wconf 84' lang='lat' dir='ltr'><strong>ovile,</strong></span> <span class='ocrx_word' id='word_1_844' title='bbox 2406 5353 2454 5397; x_wconf 88' lang='lat' dir='ltr'><strong>et</strong></span> <span class='ocrx_word' id='word_1_845' title='bbox 2484 5361 2619 5398; x_wconf 85' lang='lat' dir='ltr'><strong>unus</strong></span> <span class='ocrx_word' id='word_1_846' title='bbox 2653 5354 2837 5414; x_wconf 84' lang='lat' dir='ltr'><strong>pastor</strong></span> <span class='ocrx_word' id='word_1_847' title='bbox 2862 5345 2928 5400; x_wconf 80' lang='lat'><strong>&quot;.</strong></span> <span class='ocrx_word' id='word_1_848' title='bbox 2975 5346 3033 5400; x_wconf 87' lang='lat' dir='ltr'><strong>in</strong></span> <span class='ocrx_word' id='word_1_849' title='bbox 3083 5348 3338 5416; x_wconf 61' lang='lat' dir='ltr'><strong>praesenti</strong></span> <span class='ocrx_word' id='word_1_850' title='bbox 3387 5348 3573 5417; x_wconf 86' lang='lat' dir='ltr'><strong>itaque</strong></span> 
     </span>
    </p>
   </div>
   <div class='ocr_carea' id='block_1_116' title="bbox 1987 5436 3569 5509">
    <p class='ocr_par' dir='ltr' id='par_1_116' title="bbox 1987 5436 3569 5509">
     <span class='ocr_line' id='line_1_116' title="bbox 1987 5436 3569 5509; baseline 0.003 -20"><span class='ocrx_word' id='word_1_851' title='bbox 1987 5436 2200 5507; x_wconf 86' lang='lat' dir='ltr'><strong>psalmo</strong></span> <span class='ocrx_word' id='word_1_852' title='bbox 2235 5436 2473 5491; x_wconf 90' lang='lat' dir='ltr'><strong>humane</strong></span> <span class='ocrx_word' id='word_1_853' title='bbox 2515 5436 2596 5492; x_wconf 91' lang='lat' dir='ltr'><strong>sic</strong></span> <span class='ocrx_word' id='word_1_854' title='bbox 2640 5438 2882 5509; x_wconf 90' lang='lat' dir='ltr'><strong>loquitur</strong></span> <span class='ocrx_word' id='word_1_855' title='bbox 2911 5456 2924 5494; x_wconf 87' lang='lat'><strong>:</strong></span> <span class='ocrx_word' id='word_1_856' title='bbox 2960 5437 3216 5493; x_wconf 84' lang='lat' dir='ltr'><strong>Dominus</strong></span> <span class='ocrx_word' id='word_1_857' title='bbox 3243 5455 3370 5508; x_wconf 80' lang='lat' dir='ltr'><strong>pars</strong></span> <span class='ocrx_word' id='word_1_858' title='bbox 3401 5438 3569 5494; x_wconf 65' lang='lat' dir='ltr'><strong>haere-</strong></span> 
     </span>
    </p>
   </div>
   <div class='ocr_carea' id='block_1_117' title="bbox 1988 5528 3572 5593">
    <p class='ocr_par' dir='ltr' id='par_1_117' title="bbox 1988 5528 3572 5593">
     <span class='ocr_line' id='line_1_117' title="bbox 1988 5528 3572 5593; baseline 0.003 -12"><span class='ocrx_word' id='word_1_859' title='bbox 1988 5528 2178 5582; x_wconf 85' lang='lat' dir='ltr'><strong>ditatis</strong></span> <span class='ocrx_word' id='word_1_860' title='bbox 2234 5545 2362 5582; x_wconf 65' lang='grc' dir='ltr'>τηειρ</span> <span class='ocrx_word' id='word_1_861' title='bbox 2417 5538 2468 5582; x_wconf 88' lang='lat' dir='ltr'><strong>et</strong></span> <span class='ocrx_word' id='word_1_862' title='bbox 2527 5528 2711 5584; x_wconf 81' lang='lat' dir='ltr'><strong>colicis</strong></span> <span class='ocrx_word' id='word_1_863' title='bbox 2774 5529 2913 5593; x_wconf 86' lang='lat' dir='ltr'><strong>mei;</strong></span> <span class='ocrx_word' id='word_1_864' title='bbox 2957 5528 3328 5585; x_wconf 59' lang='lat' dir='ltr'><strong>hereditatem</strong></span> <span class='ocrx_word' id='word_1_865' title='bbox 3363 5543 3572 5586; x_wconf 75' lang='lat' dir='ltr'><strong>vocans</strong></span> 
     </span>
    </p>
   </div>
   <div class='ocr_carea' id='block_1_118' title="bbox 1987 5619 3570 5691">
    <p class='ocr_par' dir='ltr' id='par_1_118' title="bbox 1987 5619 3570 5691">
     <span class='ocr_line' id='line_1_118' title="bbox 1987 5619 3570 5691; baseline 0.004 -19"><span class='ocrx_word' id='word_1_866' title='bbox 1987 5634 2217 5689; x_wconf 76' lang='lat' dir='ltr'><strong>regnum</strong></span> <span class='ocrx_word' id='word_1_867' title='bbox 2271 5619 2326 5673; x_wconf 90' lang='lat' dir='ltr'><strong>in</strong></span> <span class='ocrx_word' id='word_1_868' title='bbox 2367 5627 2593 5690; x_wconf 78' lang='lat' dir='ltr'><strong>gentes;</strong></span> <span class='ocrx_word' id='word_1_869' title='bbox 2639 5619 2865 5676; x_wconf 89' lang='lat' dir='ltr'><strong>calicem</strong></span> <span class='ocrx_word' id='word_1_870' title='bbox 2892 5635 3044 5686; x_wconf 82' lang='lat' dir='ltr'><strong>vero,</strong></span> <span class='ocrx_word' id='word_1_871' title='bbox 3069 5634 3235 5691; x_wconf 86' lang='lat' dir='ltr'><strong>quam</strong></span> <span class='ocrx_word' id='word_1_872' title='bbox 3268 5634 3370 5690; x_wconf 91' lang='lat' dir='ltr'><strong>pro</strong></span> <span class='ocrx_word' id='word_1_873' title='bbox 3407 5619 3570 5678; x_wconf 76' lang='lat' dir='ltr'><strong>nobis</strong></span> 
     </span>
    </p>
   </div>
   <div class='ocr_carea' id='block_1_119' title="bbox 882 5708 2394 5778">
    <p class='ocr_par' dir='ltr' id='par_1_119' title="bbox 882 5708 2394 5778">
     <span class='ocr_line' id='line_1_119' title="bbox 882 5708 2394 5778; baseline 0.001 -13"><span class='ocrx_word' id='word_1_874' title='bbox 882 5710 928 5742; x_wconf 74' lang='grc' dir='ltr'><strong>⁸ο</strong></span> <span class='ocrx_word' id='word_1_875' title='bbox 964 5709 1122 5765; x_wconf 83' lang='lat' dir='ltr'><strong>Joan.</strong></span> <span class='ocrx_word' id='word_1_876' title='bbox 1153 5727 1285 5776; x_wconf 81' lang='lat' dir='ltr'><strong>xvu,</strong></span> <span class='ocrx_word' id='word_1_877' title='bbox 1315 5710 1464 5776; x_wconf 74' lang='lat'><strong>6,12.</strong></span> <span class='ocrx_word' id='word_1_878' title='bbox 1541 5710 1586 5741; x_wconf 80' lang='lat'>“</span> <span class='ocrx_word' id='word_1_879' title='bbox 1609 5708 1767 5765; x_wconf 83' lang='lat' dir='ltr'><strong>Joan.</strong></span> <span class='ocrx_word' id='word_1_880' title='bbox 1803 5713 2043 5778; x_wconf 56' lang='lat'><strong>1:37.28.</strong></span> <span class='ocrx_word' id='word_1_881' title='bbox 2066 5710 2110 5740; x_wconf 70' lang='grc' dir='ltr'><strong>δ’</strong></span> <span class='ocrx_word' id='word_1_882' title='bbox 2139 5710 2270 5765; x_wconf 91' lang='lat' dir='ltr'><strong>ibid.</strong></span> <span class='ocrx_word' id='word_1_883' title='bbox 2305 5711 2394 5766; x_wconf 81' lang='grc'><strong>16.</strong></span> 
     </span>
    </p>
   </div>
   <div class='ocr_carea' id='block_1_120' title="bbox 1979 5801 3566 5938">
    <p class='ocr_par' dir='ltr' id='par_1_120' title="bbox 1979 5801 3566 5938">
     <span class='ocr_line' id='line_1_120' title="bbox 1979 5801 3566 5938; baseline 0.005 -84"><span class='ocrx_word' id='word_1_884' title='bbox 1979 5801 2457 5938; x_wconf 46' lang='grc' dir='ltr'>ἓὸῆδιιὲξονήματα</span> <span class='ocrx_word' id='word_1_885' title='bbox 2495 5803 2700 5862; x_wconf 76' lang='grc' dir='ltr'>αὐτῶν.</span> <span class='ocrx_word' id='word_1_886' title='bbox 2727 5804 3052 5862; x_wconf 83' lang='lat' dir='ltr'><strong>Hebraieum</strong></span> <span class='ocrx_word' id='word_1_887' title='bbox 3077 5804 3356 5874; x_wconf 74' lang='lat' dir='ltr'><strong>exemplar</strong></span> <span class='ocrx_word' id='word_1_888' title='bbox 3378 5805 3566 5879; x_wconf 79' lang='lat' dir='ltr'><strong>habet,</strong></span> 
     </span>
     <span class='ocr_line' id='line_1_121' title="bbox 2068 5881 2225 5936; baseline 0.006 -35"><span class='ocrx_word' id='word_1_889' title='bbox 2068 5881 2128 5936; x_wconf 50' lang='grc' dir='ltr'><strong>,ι</strong></span> <span class='ocrx_word' id='word_1_890' title='bbox 2212 5913 2225 5927; x_wconf 48' lang='grc'>.</span> 
     </span>
    </p>
   </div>
   <div class='ocr_carea' id='block_1_121' title="bbox 2068 5881 2225 5936">
    <p class='ocr_par' dir='ltr' id='par_1_121' title="bbox 2068 5881 2225 5936">
     <span class='ocr_line' id='line_1_122' title="bbox 2068 5881 2225 5936; baseline -0.057 0"><span class='ocrx_word' id='word_1_891' title='bbox 2068 5881 2225 5936; x_wconf 48' lang='lat'><strong>53‘].</strong></span> 
     </span>
    </p>
   </div>
  </div>
