4086 6518
528 352 628 408 159
1225 357 1492 414 EUSEBll
1528 360 2000 420 CAISARIENSIS
2023 363 2087 420 Ol

2215 365 2392 422 PARS
2423 366 2507 424 ιιι.
2547 399 2616 408 -
2653 368 3062 426 ΕΧΕΟΕΤΙΟΑ.
3668 374 3780 430 ilio

526 487 724 542 passus
756 481 840 528 est
869 485 1120 531 mortem.
1156 475 1244 531 Sic
1285 479 1430 531 enim
1487 481 1539 534 in
1585 482 1760 536 sacris
1786 482 2087 556 Evangeliis

2193 487 2412 558 ψαλμῷ.
2445 488 2797 560 ἀνθρωπίνως
2829 490 2995 558 λέγει’
3036 492 3251 559 Κύριος
3281 491 3450 561 μερὶς
3482 489 3591 560 τῆς
3621 495 3781 560 κλη-

528 561 764 617 eﬂ'atur:
805 563 988 631 Pater,
1022 567 1068 620 si
1093 569 1340 636 possibile
1366 578 1465 634 est,
1497 582 1732 627 transeat
1762 591 1792 627 α
1832 592 1912 631 me
1953 581 2087 632 cali;

2197 583 2478 649 ρονομιάς
2502 599 2621 649 μου
2639 584 2734 635 καὶ
2760 583 2865 636 τοῦ
2883 585 3188 651 ποτηρίοίυο
3214 585 3575 654 κληρονομίαν
3591 585 3779 638 καλῶν

526 653 628 708 iste
645 653 727 709 “z
759 669 823 710 ac
848 657 892 710 si
929 659 1169 727 apertius
1209 660 1412 716 diceret
1439 678 1450 713 :
1483 662 1741 720 Ecclesia:
1783 683 1942 733 mem,
1974 686 2087 739 quat:

2198 672 2296 743 τὴν
2323 671 2431 724 τῶν
2463 673 2631 726 ἐθνῶν
2661 674 2936 744 βασιλείαν
2956 693 2968 705 ο
2999 677 3253 748 ποτήριον
3279 676 3335 730 δὲ
3363 676 3422 730 ὃν
3450 677 3589 748 ὑπὲρ
3621 677 3779 748 ἡμῶν

526 757 648 799 mea
694 743 998 810 haereditas,
1067 763 1193 818 pars
1252 749 1512 808 Dominus
1574 761 1684 821 est;
1758 766 1917 826 atque
1979 759 2096 830 ipse

525 833 716 890 calicis
751 835 874 899 mei,
906 835 958 889 id
982 847 1064 890 est
1096 840 1308 902 inertis,
1347 856 1472 910 pars
1499 842 1722 906 ell'ectus
1743 855 1846 902 est.

2202 765 2456 833 ὑπέμεινε
2492 765 2737 820 θάνατον.
2773 768 2927 822 Οὕτω
2962 770 3070 841 γὰρ
3116 772 3206 823 καὶ
3245 773 3300 824 ὲν
3320 773 3432 835 τοῖς
3463 772 3626 840 ἱεροῖς
3657 771 3781 825 ἐλε-

2203 872 2298 923 γεν
2327 857 2688 925 Εὑαγγελίοις·
2725 860 2935 929 Πάτερ,
2959 866 3011 915 εἱ
3031 863 3308 927 δυνατιῖν,
3337 863 3675 931 παρελθέτω
3701 864 3777 917 τὸ

524 925 812 1030 ποτήριον.
842 928 1015 981 τοῦτο
1052 930 1153 983 ἀπ’
1218 933 1384 999 ἐμοῦ·
1421 934 1554 988 ὡσεὶ
1586 937 1913 1010 σαφέστερον
1951 941 2122 1012 ἔλεγε·
2163 947 2270 1000 Καὶ
2302 952 2401 1019 τῆς
2438 953 2578 1021 ἐμῆς
2624 925 2967 1024 Ἐκκλησίας,
2998 957 3118 1028 ἥτις
3152 925 3301 1020 ἐστὶν
3339 961 3372 1029 ἡ
3415 925 3778 1030 -κληρονομία

527 1037 652 1122 μου,
685 1021 842 1093 μερίς
868 1025 1016 1076 ἐστιν
1044 1026 1072 1077 ὁ
1105 1025 1327 1096 Κύριοςσ
1361 1030 1389 1081 ὁ
1435 1031 1596 1094 αὐτὸς
1624 1032 1680 1085 δὲ
1709 1035 1802 1087 καὶ
1832 1035 1924 1089 τοῦ
1976 1041 2236 1112 ποτηρίου
2269 1059 2393 1113 μου,
2449 1046 2691 1099 τουτέστι
2729 1021 2823 1099 τού
2855 1021 3107 1113 Θανάτου,
3139 1052 3294 1122 μερὶς
3349 1021 3709 1122 γεγενημένος
3740 1053 3776 1105 ὁ

523 1112 703 1176 αὑτός.

596 1204 674 1258 Tu
707 1223 761 1260 es
791 1209 881 1277 qui
910 1195 1145 1262 restituis
1173 1209 1532 1267 Itwreditatein
1561 1231 1728 1268 meam
1757 1218 1902 1272 mihi.
1937 1218 2053 1273 Alia
2073 1259 2089 1284 ,

522 1297 743 1366 inquit,
789 1299 921 1354 mihi
971 1301 1101 1355 olim
1148 1300 1249 1355 fuit
1286 1302 1613 1368 haereditas,
1672 1308 1875 1377 aliique
1911 1307 2091 1367 funes.

523 1384 656 1440 Nam
687 1388 896 1457 quando
927 1391 1193 1445 dividebat
1223 1393 1532 1448 Altissimus
1563 1407 1768 1466 gentes,
1811 1413 1934 1465 pars
1987 1399 2096 1453 Do—

525 1481 657 1534 mini
687 1479 827 1534 i‘atta
853 1492 934 1536 est
960 1485 1185 1552 populus
1225 1486 1340 1555 ejus
1381 1487 1546 1540 Jacob
1568 1527 1582 1551 ,
1626 1489 1892 1557 funiculus
1927 1492 2094 1546 Ita're-

523 1573 711 1628 ditatis
740 1574 854 1643 ejus
882 1575 930 1606 “
977 1575 1168 1630 lsrael.
1211 1575 1282 1630 At
1321 1585 1453 1632 tunc
1496 1594 1660 1649 pars,
1710 1580 2000 1638 hmrcditas
2040 1590 2094 1637 et

527 1665 806 1722 funiculus
828 1707 842 1731 ,
872 1675 990 1722 erat
1031 1669 1179 1738 prior
1207 1670 1296 1723 ille
1322 1671 1574 1740 populus.
1613 1670 1733 1736 Quo
1764 1674 1965 1742 populo
1993 1674 2094 1727 im-

527 1757 744 1826 pietatis
774 1773 940 1812 causa
971 1757 1180 1829 dejecto
1208 1775 1270 1819 ac
1300 1760 1546 1830 depulso,
1579 1763 1682 1815 alia
1700 1764 1832 1829 mihi
1863 1765 2093 1820 haeredi-

526 1855 647 1908 tas,
694 1848 785 1902 alii
829 1847 988 1904 funes
1013 1889 1026 1912 ,
1075 1851 1195 1904 alia:
1236 1860 1413 1906 sortes
1448 1853 1692 1921 priorum
1733 1853 1854 1908 loco
1884 1854 2095 1909 traditae

526 1946 657 1994 sunt
697 1939 750 1992 in
779 1939 1072 2007 prwctaris.
1117 1940 1329 1995 Etenim
1360 1943 1473 1998 haec
1506 1945 1747 1999 secunda
1781 1944 2094 2012 hwreditas,

524 2030 736 2098 inquit,
767 2031 1021 2100 praeclara
1054 2031 1386 2102 probataque
1411 2034 1542 2088 mihi
1570 2043 1672 2090 est.

599 2120 766 2176 Vens.
800 2124 852 2176 8.
900 2122 1248 2180 Proeidebam
1282 2125 1564 2182 Dominum
1594 2128 1649 2181 in
1679 2138 1954 2197 conspectu
1986 2146 2094 2191 meo

525 2228 749 2281 semper,
778 2215 1026 2280 quoniam
1058 2233 1090 2268 a
1119 2215 1320 2270 dextris
1353 2226 1431 2275 est
1460 2217 1619 2281 mihi,
1655 2235 1718 2272 ne
1747 2235 2092 2274 commovear.

531 2299 628 2354 Vir
666 2314 888 2359 sanctus
934 2321 1056 2359 cum
1099 2305 1388 2362 Dominum
1433 2310 1486 2363 in
1530 2311 1702 2366 oculis
1737 2313 1851 2366 suis
1882 2328 2096 2382 semper

527 2407 650 2447 esse
674 2407 859 2447 secum
891 2402 1133 2463 reputet,
1165 2412 1508 2467 nequaquam
1534 2400 1794 2465 ﬂuctuat;
1828 2401 1934 2455 imo
1966 2415 2093 2455 vero

526 2483 792 2540 Dominus
836 2502 866 2540 a
912 2487 1120 2542 dextris
1160 2489 1296 2558 justi
1345 2491 1446 2543 viri
1497 2492 1684 2545 ﬁrmus
1727 2493 2002 2549 consistit.
2052 2492 2092 2548 E

525 2590 795 2633 converso
826 2587 1008 2634 autem
1034 2581 1102 2636 de
1129 2579 1268 2637 Juda
1313 2583 1550 2638 dicitur:
1599 2584 1666 2638 Et
1709 2585 1952 2642 diabolus
1992 2595 2092 2646 stet

523 2687 559 2725 ι
585 2669 787 2725 dextris
818 2672 930 2741 ejus
963 2673 1029 2729 ".

969 2786 1226 2844 ORATIO
1261 2787 1470 2844 DAVID
1506 2788 1648 2846 XVI.

594 2914 768 2976 Vsus.
810 2921 862 2975 i.
908 2920 1155 2986 Exaudi,
1191 2922 1443 2983 Domine,
1469 2925 1743 2993 justitiam
1772 2942 1970 2989 nteant,
2007 2929 2092 2985 iat-

520 3011 671 3067 tende
701 3012 1122 3082 deprecationem
1155 3033 1348 3078 meam.
1383 3018 1619 3071 Auribus
1653 3019 1855 3088 percipe
1888 3021 2090 3074 oratio-

523 3121 639 3159 nem
666 3122 838 3159 meam
859 3148 874 3171 ,
902 3123 1003 3161 non
1028 3109 1082 3162 in
1115 3108 1269 3162 labiis
1297 3109 1516 3166 dolosis.
1549 3108 1806 3165 Oratione
1833 3127 1932 3166 sua
1958 3127 2089 3182 sup-

522 3197 722 3266 plicat,
754 3208 809 3252 ut
838 3197 977 3255 Deus
1005 3200 1292 3265 exaudiat,
1326 3217 1434 3256 non
1464 3201 1679 3272 quidem
1724 3216 1943 3266 vocem,
1974 3219 2087 3261 non

2273 1223 2356 1275 Σὺ
2397 1219 2457 1276 εἴ
2493 1226 2526 1276 ὀ
2572 1223 2992 1278 ἀποκαθιστῶν
3040 1227 3153 1292 τὴν
3202 1231 3608 1298 κληρονομίαν
3647 1250 3776 1302 μου

2199 1314 2348 1382 ἐμοί.
2380 1315 2552 1368 Πάλαι
2589 1317 2685 1386 μὲν
2718 1316 2846 1387 γὰρ,
2879 1320 3062 1388 φησιν,
3094 1319 3225 1388 ἄλλη
3248 1337 3331 1383 τις
3347 1316 3414 1391 ἦν
3437 1323 3774 1395 κληρονομία

2206 1425 2328 1478 μου,
2360 1409 2452 1461 καὶ
2475 1408 2607 1462 ἄλλα
2633 1410 2987 1480 σχοινίσματά
3011 1428 3132 1481 μου.
3163 1413 3292 1464 Ὅτε
3317 1412 3425 1485 γάρ
3452 1413 3774 1485 διεμέριζεν

2202 1503 2235 1553 ό
2255 1501 2544 1568 "nivosae
2563 1501 2729 1568 ἔθνη,
2748 1502 2978 1573 ἐγενήθη
2997 1504 3167 1572 μερὶς
3183 1506 3400 1570 Κιφίου
3416 1507 3559 1572 ,λαὸς
3580 1509 3771 1563 αὐτοῦ

2213 1588 2435 1649 Ἰακὼϐ,
2469 1591 2797 1660 σχοίνισμα
2840 1594 3243 1662 κληρονομίας
3285 1597 3470 1650 αὐτοῦ
3529 1599 3767 1670 Ἰσραήλ.

2212 1681 2368 1734 Ἀλλὰ
2394 1683 2512 1734 τότε
2542 1681 2639 1751 μὲν
2670 1684 2825 1753 μερὶς
2847 1683 2938 1736 καὶ
2962 1683 3314 1755 κληρονομία,
3332 1687 3424 1738 καὶ
3443 1688 3726 1761 σχοίνισμα
3742 1694 3772 1744 ό

2198 1771 2458 1842 πρότερος
2481 1765 2547 1841 ἦν
2573 1771 2719 1833 λαός·
2747 1767 2806 1825 οὗ
2829 1771 3172 1834 διαπεσόντος
3188 1773 3281 1824 καὶ
3303 1773 3601 1844 ἀποὸλήτου
3618 1793 3764 1842 γενος

2200 1865 2359 1936 μένου
2385 1865 2471 1918 διὰ
2497 1863 2594 1928 τὰς
2623 1864 2870 1928 ἀσεϐείας
2894 1865 3091 1929 αὐτῶν,
3124 1867 3286 1937 ἑτέρα
3322 1866 3478 1938 μερὶς
3510 1869 3602 1920 καὶ
3635 1869 3770 1924 ἄλλα

2201 1956 2427 2025 σχοινία,
2446 1957 2538 2009 καὶ
2557 1957 2734 2028 ἕτεροι
2759 1957 2948 2028 κλῆροι
2972 1958 3090 2011 ἀντὶ
3112 1957 3216 2010 τῶν
3245 1958 3525 2029 προτέρων
3548 1962 3770 2017 ἐκείνων

2199 2046 2457 2117 ἐδόθησαν
2492 2066 2580 2119 μοι
2603 2049 2816 2116 ἐντοῖς
2841 2052 3196 2118 κρατίστοις.
3235 2053 3382 2124 Αὕτη
3419 2055 3546 2122 γὰρ,
3582 2056 3767 2126 φησιν,

2197 2141 2230 2210 ἠ
2257 2139 2481 2210 δευτέρα
2508 2143 2772 2213 κρατίστη
2805 2143 2899 2196 καὶ
2925 2144 3233 2212 ἀρέσκουσά
3265 2145 3354 2215 μοί
3384 2146 3548 2199 ἐστιν.

2263 2232 2632 2302 Προωρώμην
2662 2235 2772 2287 τὸν
2798 2237 3018 2303 Κύριον
3049 2235 3301 2290 ἐνώπιόν
3324 2255 3443 2307 μου
3481 2237 3579 2291 διὰ
3613 2253 3768 2290 παν-

2196 2326 2315 2387 τός·
2357 2325 2445 2378 ὅτι
2479 2326 2547 2378 ἐκ
2585 2325 2798 2390 δεξιῶν
2823 2345 2942 2395 μου
2974 2329 3166 2395 ἐστὶν,
3206 2331 3306 2384 ἵνα
3335 2330 3421 2400 μὴ
3467 2331 3765 2386 σαλευθῶ.

2206 2416 2264 2468 '0
2303 2415 2476 2483 ἅγιος,
2518 2417 2602 2469 ἀεὶ
2646 2416 2988 2488 λογιζόμενος
3020 2420 3077 2471 ὲν
3103 2420 3397 2491 ὀφθαλμοῖς
3420 2423 3584 2475 αὑτοῦ
3627 2419 3766 2476 εἶναι

2192 2506 2284 2559 τὸν
2327 2507 2550 2579 Κύριον,
2596 2510 2656 2562 οὐ
2710 2511 3012 2564 σαλεύεταιο
3059 2513 3191 2566 ἀλλὰ
3230 2513 3440 2584 βέϐαιος
3473 2514 3698 2584 ἕστηκεν
3737 2514 3767 2567 ό

2193 2599 2397 2670 Κύριος
2429 2602 2492 2654 ὲκ
2511 2600 2699 2668 δεξιῶν
2725 2603 2819 2658 τοῦ
2857 2604 3085 2658 δικαίου.
3113 2606 3245 2677 Περὶ
3271 2607 3327 2659 δὲ
3357 2607 3447 2659 τοῦ
3487 2607 3675 2672 Ἰούδα,
3711 2607 3765 2659 '0

2192 2690 2470 2760 διάϐολος
2498 2695 2716 2760 στήτω,
2745 2696 2929 2767 φησιν,
2955 2697 3023 2752 ἐκ
3047 2696 3260 2762 δεξιῶν
3283 2699 3490 2753 αὑτοῦ.

2534 2806 2906 2861 ΠΡΟΣΕΥΧΗ
2946 2808 3032 2860 ΤΩ
3070 2809 3268 2861 ΔΑΥΙΔ
3305 2810 3422 2876 1Q".

2256 2919 2658 2986 Εὶσάκουσον,
2688 2924 2883 2990 Κύριε,
2914 2922 3304 2991 δικαιοσύνης
3327 2942 3465 2992 μου,
3500 2925 3764 2997 πρόσχες

2190 3007 2266 3077 τῇ
2307 3009 2512 3076 δεήσει
2547 3029 2685 3080 μου.
2747 3012 3049 3067 Ἐγώτισαι
3096 3013 3212 3081 τὴν
3253 3017 3602 3086 προσευχήν
3642 3037 3763 3088 μου

2191 3101 2302 3151 οὐκ
2334 3099 2404 3150 ἐν
2436 3101 2666 3166 χείλεσι
2709 3100 2953 3169 δολίοις.
3009 3103 3261 3156 Ἱκετεύει
3289 3105 3375 3158 διὰ
3406 3109 3505 3178 τῆς
3534 3126 3764 3179 προσευ-

2191 3193 2290 3261 χῆς
2323 3190 2412 3243 τὸν
2446 3191 2576 3244 Θεὸν
2605 3193 2876 3265 ἀκροατὴν
2899 3195 3168 3262 γενέσθαι,
3201 3197 3260 3249 ού
3285 3201 3382 3268 τῆς
3410 3203 3611 3271 φωνῆς,
3643 3203 3762 3256 οὐδὲ

520 3289 687 3343 verba
711 3305 810 3345 sua
837 3330 850 3351 ,
879 3291 974 3346 sed
1003 3292 1256 3348 virtutem
1283 3313 1296 3349 :
1326 3309 1390 3348 ac
1417 3295 1460 3348 si
1487 3293 1737 3349 videlicet
1752 3294 1961 3363 justitia
1987 3311 2087 3351 sua

2190 3279 2297 3334 τῶν
2332 3283 2590 3353 ῥημάτων
2619 3284 2802 3348 αὑτοῦ,
2829 3285 2940 3338 ἀλλ’
2972 3288 3139 3358 αὐτῆς
3166 3292 3262 3359 τῆς
3288 3291 3342 3341 ὲν
3368 3292 3514 3362 αὐτῷ
3539 3295 3758 3365 ἀρετῆς,

521 3396 589 3435 ex
639 3380 807 3449 gestis
851 3382 1112 3450 cperibus
1151 3383 1425 3446 clamitet,
1454 3385 1777 3454 divinasque
1805 3400 1965 3443 aures
1993 3388 2088 3443 de—

524 3473 781 3527 mulceat.
829 3470 1014 3542 Neque
1057 3475 1204 3529 enim
1247 3475 1553 3545 quispiam,
1585 3476 1957 3546 improborum
1985 3479 2088 3535 sibi

520 3564 775 3619 conscius
825 3561 1129 3620 facinorum
1152 3605 1166 3628 ,
1197 3567 1371 3619 'talem
1401 3565 1559 3622 facile
1584 3567 1850 3637 proferret
1877 3585 2084 3625 vocem.

521 3654 658 3712 Illud
705 3674 867 3728 porro
894 3678 907 3712 :
945 3657 1164 3711 Intende
1185 3656 1595 3725 deprecationem
1626 3675 1794 3712 meam
1813 3700 1827 3723 ,
1854 3661 1979 3730 jure
2003 3660 2088 3715 di-

518 3749 660 3803 xerit
685 3751 769 3803 vir
795 3750 883 3804 ille
909 3750 1172 3818 probatus
1199 3763 1261 3802 ac
1291 3747 1650 3813 exercitatus,
1676 3750 1767 3818 qui
1797 3749 1852 3804 in
1878 3751 2086 3806 orando

518 3840 712 3911 dignas
741 3840 851 3896 Deo
880 3841 1080 3896 emittit
1110 3840 1538 3910 supplicationes
1560 3878 1575 3904 ,
1617 3845 1709 3912 qui
1759 3858 1868 3897 non
1917 3859 2085 3913 parva

517 3933 763 4002 quzedam
805 3932 1043 4002 viliaque
1084 3933 1358 4002 postulat,
1401 3948 1578 4002 neque
1621 3947 1722 4003 pro
1762 3935 2083 3990 mortalibus

518 4024 884 4092 humanisque
918 4023 1082 4078 rebus
1116 4021 1284 4079 Deum
1313 4031 1587 4094 precatur.
1626 4025 1860 4095 ldipsum
1897 4025 2086 4078 Salva-

516 4121 603 4166 tor
630 4112 818 4166 docuit
842 4112 971 4165 talia
997 4112 1142 4168 fatus
1169 4132 1184 4167 :
1230 4106 1423 4178 Magna
1446 4110 1626 4176 petite,
1658 4121 1706 4164 et
1732 4129 1900 4181 parua
1939 4115 2083 4184 adji-

515 4203 721 4256 ciantur
742 4200 883 4256 vobis
908 4202 973 4258 ⁸⁸.
999 4200 1186 4256 Tertio
1213 4209 1392 4256 autem
1425 4209 1700 4272 precatur,
1725 4213 1787 4256 ut
1813 4203 1927 4271 ipsa
1954 4219 2082 4257 ora-

515 4295 684 4349 tionis
727 4294 894 4349 verba
941 4294 1167 4351 auribus
1209 4294 1512 4365 percipiat,
1545 4303 1633 4359 et,
1665 4302 1727 4350 ut
1755 4295 1829 4348 ita
1859 4296 2038 4350 dicam
2061 4336 2078 4361 ,

515 4384 586 4441 de
629 4387 749 4457 ipsa
790 4401 927 4442 voce
965 4386 1212 4456 judicet,
1254 4388 1399 4457 quod
1445 4402 1554 4442 non
1586 4387 1642 4442 in
1673 4388 1832 4443 labiis
1872 4387 2082 4444 dolosis

515 4477 728 4548 prolata
757 4478 852 4532 sit.
879 4476 1208 4548 Plerumque
1233 4479 1380 4540 enim
1407 4479 1666 4547 praeclara
1696 4480 1990 4549 loquimur,
2019 4496 2083 4534 ac

514 4566 698 4623 verbis
734 4568 936 4632 utimur
963 4583 1027 4622 ex
1062 4566 1344 4636 Scriptura
1372 4567 1554 4622 divina
1581 4567 1954 4639 depromptis;
1984 4568 2079 4624 sed

515 4675 626 4714 non
657 4662 904 4732 purgatis
933 4660 1115 4715 labiis.
1148 4659 1214 4712 Et
1242 4675 1371 4715 vero
1398 4668 1698 4719 occurrunt
1727 4676 1871 4730 saepe
1900 4659 2081 4715 bomi-
2107 4639 2156 4698 D

517 4764 655 4812 nes,
703 4750 801 4818 qui
849 4747 1333 4808 indiscriminatim
1379 4749 1686 4814 conviciis,
1740 4749 2075 4813 calumniis,

515 4839 819 4895 mendaciis
837 4877 857 4905 ,
885 4839 1248 4895 fraudulentis
1275 4840 1456 4896 verbis
1479 4878 1494 4906 ,
1527 4840 1789 4911 periuriis
1816 4881 1832 4908 ,
1859 4840 2080 4895 obscm—

515 4932 602 4986 nis
641 4931 845 4996 dictis,
884 4931 1115 5002 aliisque
1155 4933 1408 4988 absurdis
1447 4934 1678 4989 vocibus
1723 4934 1844 4993 usi,
1889 4930 2078 4987 confe-

517 5022 642 5078 stim
672 5028 885 5076 mutato
909 5038 1190 5086 sermone,
1234 5025 1487 5096 precibus
1531 5023 1699 5079 Deum
1727 5023 2076 5093 compellant.

516 5111 588 5166 At
629 5113 784 5168 solus
824 5113 909 5168 vir
945 5123 1207 5186 sanctus,
1231 5100 1285 5172 et
1323 5117 1562 5186 linguam
1602 5124 1657 5170 et
1698 5115 1840 5169 labia
1871 5128 2081 5167 vocem-

514 5219 624 5274 ιιιιθ
651 5204 824 5274 ipsam
854 5220 917 5259 ac
941 5207 1105 5262 verba
1133 5208 1220 5263 vel
1253 5225 1352 5266 usu
1380 5209 1596 5264 tritiora
1623 5215 1884 5277 expurgat
1911 5224 1924 5271 ;
1955 5220 2080 5274 gna-

516 5317 613 5356 rus
645 5301 793 5357 illius
819 5302 946 5357 dicti
977 5321 990 5357 :
1027 5303 1099 5358 De
1129 5306 1270 5358 omni
1299 5304 1448 5360 verba
1477 5305 1645 5358 otioso
1677 5303 1934 5356 rationem
1965 5297 2078 5352 red-

514 5392 650 5448 detis
687 5393 744 5447 in
781 5393 867 5448 die
892 5393 1085 5464 judicii
1128 5396 1192 5428 "'
1239 5395 1382 5451 Deus
1426 5394 1698 5466 siquidem
1738 5390 2072 5452 orationem,

519 5499 630 5541 non
656 5483 816 5542 labiis
840 5486 1044 5542 dolosis
1066 5528 1080 5550 ,
1115 5487 1212 5543 sed
1244 5495 1475 5557 purgata
1508 5487 1691 5556 lingua
1715 5524 1730 5547 ,
1764 5483 2075 5550 divinisque

518 5577 861 5634 sermonibus
902 5578 1230 5635 meditandis
1271 5587 1488 5633 assueta
1524 5576 1786 5645 prolatam
1808 5614 1823 5639 ,
1853 5576 2075 5632 auribus

519 5667 769 5756 percipit.
821 5668 1187 5735 Quamobrem
1245 5683 1368 5723 cum
1416 5668 1484 5722 de
1535 5667 1749 5736 justitia
1807 5667 2069 5738 loquitur,

2189 3371 2378 3445 ὥσπερ
2409 3373 2618 3445 βοώσης
2644 3376 2732 3430 διὰ
2760 3377 2869 3430 τῶν
2908 3379 3157 3450 πράξεων
3177 3384 3275 3452 τῆς
3303 3382 3644 3458 δικαιοσύνης
3669 3388 3764 3440 καὶ⁹

2187 3465 2542 3539 δυσωπούσης
2573 3468 2670 3540 τὴν
2705 3467 2852 3523 θείαν
2885 3471 3074 3543 ἀκοήν.
3101 3474 3214 3525 Οὐκ
3234 3472 3298 3525 ἂν
3323 3475 3428 3546 γάρ
3450 3494 3551 3542 τις,
3586 3479 3763 3550 ἑαυτῷ

2189 3556 2370 3625 φαῦλα
2411 3556 2683 3625 συνειδὼς,
2718 3560 2915 3632 ῥᾳδίως
2945 3561 3011 3616 ἂν
3042 3563 3296 3634 τοιαύτην
3340 3568 3519 3638 ἀφῆκε
3555 3572 3758 3640 φωνήν.

2189 3649 2260 3701 Τὸ
2289 3649 2366 3713 δὲ,
2414 3654 2685 3720 Πρόσχες
2725 3653 2797 3722 τῇ
2839 3653 3043 3720 δεήσει
3065 3674 3204 3724 μου,
3241 3659 3381 3711 εἴποι
3411 3660 3475 3712 ἂν
3505 3662 3708 3725 ἐκεῖνος
3731 3665 3761 3715 ό

2188 3739 2644 3814 βεϐασανισμένος
2683 3746 2775 3798 καὶ
2805 3747 3117 3817 πρεπούσας
3150 3749 3267 3820 Θεῴ
3301 3753 3355 3802 ὲν
3389 3753 3452 3821 τῇ
3487 3758 3759 3828 προσευχῇ

2185 3833 2524 3905 ἀναπέμπων
2561 3837 2793 3908 δεήσεις,
2837 3841 2864 3891 ὁ
2912 3840 2984 3910 μὴ
3024 3840 3116 3892 ἐπὶ
3153 3845 3370 3912 μικροῖς
3403 3844 3634 3909 καὶτοῖς
3664 3863 3757 3900 τυο

2185 3925 2368 3996 χοῦσιν
2413 3929 2698 4000 αἰτήμασι,
2746 3931 2866 4000 μηδ’
2906 3933 2998 3984 ἐπὶ
3031 3931 3242 4004 θνητοῖς
3276 3936 3368 3987 καὶ
3401 3936 3756 4008 ἀνθρωπίνοις

2187 4019 2517 4088 παρακαλῶν
2545 4021 2634 4073 τὸν
2663 4021 2812 4075 Θεόν.
2843 4021 3012 4075 Τοῦτο
3039 4024 3167 4091 γοῦν
3191 4027 3284 4078 καὶ
3307 4029 3334 4079 ὁ
3367 4027 3554 4098 Σωτὴρ
3585 4029 3756 4083 ἐδίδα-

2188 4127 2283 4164 σκε
2307 4109 2499 4178 λέγων·
2535 4109 2754 4163 Αἰτεῖτε
2780 4110 2852 4163 τὰ
2877 4109 3131 4180 μεγάλα,
3153 4111 3251 4165 καὶ
3277 4112 3349 4166 τὰ
3371 4116 3551 4182 μικρὰ
3572 4129 3754 4185 προσ-

2185 4200 2495 4269 τεθήσεται
2521 4200 2680 4270 ὑμῖν.
2707 4201 2816 4253 Καὶ
2840 4203 3020 4272 τρίτον
3041 4201 3097 4255 δὲ
3125 4204 3375 4265 ἱκετεύει,
3401 4209 3494 4261 καὶ
3519 4208 3658 4262 αὐτά
3685 4210 3756 4265 τὰ

2183 4294 2403 4363 ῥήματα
2443 4295 2540 4362 τῆς
2579 4295 2886 4362 προσευχῆς
2931 4293 3307 4356 ἐνωτίσασθαι,
3347 4294 3526 4364 κρῖναί
3567 4310 3647 4358 τε,
3677 4293 3754 4357 ὡς

2181 4386 2374 4447 εἰπεῖν,
2409 4384 2503 4436 καὶ
2536 4382 2702 4452 αὐτὴν
2731 4383 2828 4453 τὴν
2865 4383 3068 4454 φωνὴν,
3109 4383 3191 4436 ὅτι
3223 4383 3298 4454 μὴ
3339 4385 3396 4436 ἐν
3433 4382 3634 4454 χείλεσι
3669 4383 3756 4436 δο-

2181 4474 2314 4538 λίοις
2353 4474 2704 4544 προφέρεται.
2745 4473 3010 4537 Πολλάκις
3041 4473 3149 4547 γὰρ
3179 4474 3352 4544 σεμνὰ
3385 4471 3753 4544 φθεγγόμεθα,

2181 4565 2276 4618 καὶ
2302 4565 2482 4632 λόγοις
2511 4562 2770 4635 χρώμεθα
2802 4567 2911 4626 τοῖς
2941 4563 3047 4616 ἀπὸ
3076 4563 3182 4617 τῶν
3217 4563 3374 4619 θείων
3404 4564 3654 4634 Γραιρῶν,
3691 4567 3754 4617 ού

2182 4655 2610 4727 κεκαθαρμένοις
2625 4658 2736 4719 τοῖς
2750 4655 2998 4726 χείλεσιν.
3028 4654 3164 4725 Ἤδη
3187 4655 3243 4708 δέ
3262 4673 3424 4720 τινες,
3449 4657 3755 4728 ἀδιαφόρως

2181 4747 2466 4818 λοιδορίαις
2511 4747 2654 4801 κατά
2691 4764 2851 4800 τινων
2901 4747 3256 4820 χρησάμενοι,
3305 4747 3338 4819 ἢ
3385 4747 3672 4812 διαϐολαῖς,
3716 4749 3754 4822 ἢ

2180 4835 2572 4906 ψευδολογίαις,
2606 4836 2639 4906 ἦ
2679 4837 2935 4900 ἀπάταις,
2976 4837 3008 4907 ἢ
3043 4827 3370 4908 ἐπιορκίαις,
3416 4836 3448 4908 ἦ
3491 4839 3754 4911 αἰσχρορ-

2182 4927 2534 5000 ρημοσύναις,
2568 4928 2601 4999 ἢ
2635 4928 2814 4992 ἄλλοις
2841 4930 2979 4981 τισὶν
3012 4928 3232 4992 ἀτόποις
3273 4932 3497 4996 φωναῖς,
3543 4929 3754 5002 ἀθρόως

2186 5018 2608 5089 μεταϐάλλοντες
2646 5021 2704 5071 ὲν
2736 5022 2803 5090 τῇ
2847 5023 3122 5091 προσευχῇ
3153 5019 3244 5072 τὸν
3273 5021 3404 5072 Θεὸν
3436 5021 3754 5074 ἐπικαλοῦν-

2183 5127 2293 5164 ται.
2329 5110 2504 5174 Μόνος
2530 5111 2586 5164 δὲ
2615 5113 2642 5163 ὁ
2673 5111 2825 5178 ἅγιος
2858 5113 2950 5162 καὶ
2982 5111 3080 5179 τὴν
3102 5110 3346 5179 γλῶτταν
3370 5112 3534 5165 αὐτοῦ
3562 5113 3655 5166 καὶ
3683 5112 3753 5166 τά

2184 5203 2357 5272 χείλη,
2378 5204 2471 5256 καὶ
2491 5204 2587 5272 τὴν
2609 5203 2788 5272 φωνὴν
2815 5203 3002 5271 αὐτὴν,
3033 5204 3126 5256 καὶ
3147 5203 3214 5256 τά
3238 5201 3389 5256 κοινὰ
3413 5204 3630 5273 ῥήματα
3654 5221 3753 5256 κα·-

2182 5295 2386 5368 θαίρειθ
2427 5295 2578 5358 εἰδὼς
2605 5294 2912 5366 εἰρημένοψ
2931 5295 3069 5363 Περὶ
3101 5295 3324 5360 παντὸς
3355 5295 3539 5364 ἀργοῦ
3566 5294 3753 5363 ῥήμαα

2180 5405 2282 5453 τος
2319 5385 2538 5443 δώσετε
2579 5387 2766 5457 λόγον
2794 5386 2863 5439 ὲν
2902 5386 3089 5456 ἡμέρῃ
3129 5387 3396 5453 κρίσεως.
3433 5385 3750 5457 Προσευχῆς

2181 5479 2287 5550 γὰρ
2329 5481 2388 5532 οὐ
2430 5479 2517 5532 διὰ
2556 5480 2778 5551 χειλέων
2822 5480 3009 5533 δολίων
3056 5478 3522 5551 προσφερομένης,
3567 5476 3656 5532 stat
3691 5476 3749 5530 δὲ

2181 5574 2424 5644 γλώττης
2467 5572 2902 5643 κεκαθαρμένης,
2945 5571 3038 5624 καὶ
3075 5571 3143 5624 τὰ
3185 5571 3302 5623 θεῖα
3333 5570 3487 5638 λόγια
3520 5570 3747 5640 μελετᾷν

2180 5667 2508 5737 εἰθισμένης,
2558 5665 2867 5728 ὲνωτίζεται
2909 5667 2937 5718 ὁ
2969 5664 3120 5727 Θεός.
3168 5663 3257 5715 Διὸ
3287 5663 3376 5714 ἐπὶ
3414 5662 3510 5732 μὲν
3549 5660 3642 5733 τῆς
3670 5659 3745 5714 δι-

588 5821 847 5880 "Mattli.
893 5839 1041 5888 xxvn,
1086 5823 1174 5878 59.
1253 5824 1292 5855 ⁸³
1322 5820 1479 5883 Deut.
1519 5839 1694 5889 xxxii,
1741 5824 1793 5889 8,
1847 5825 1897 5881 9.
1961 5827 2018 5862 -"
2051 5823 2087 5880 P

2190 5865 2193 5876 .
2240 5838 2356 5890 cm,
2409 5822 2460 5879 6.
2528 5822 2583 5886 5°
2605 5819 2791 5875 Matth.
2815 5819 3000 5887 \'I,55.
3079 5816 3331 5872 "Matth.
3383 5833 3476 5884 xu,
3511 5814 3600 5871 56.
