4086 6588
340 402 436 457 {fil

1459 367 1960 452 coutieuraiiia
2000 390 2065 444 IN
2107 367 2444 444 'pssLnos.

3467 372 3574 444 ιω

339 514 648 583 καιοσύνης,
674 511 1056 572 εἰσάκουσον,
1084 510 1317 579 ἐλέγετο,
1344 511 1433 562 ἐπὶ
1451 510 1504 564 δὲ
1522 514 1620 582 τῆς
1643 511 1899 582 δεήσεως,

2005 503 2221 567 exaudi,
2247 501 2444 571 inquit;
2472 513 2598 553 cum
2625 496 2692 551 de
2719 491 3102 565 deprecatione
3121 536 3136 560 ,
3164 489 3370 551 intende
3395 514 3413 562 ;
3449 515 3577 555 eum

279 620 282 622 ’
337 609 618 676 πρόσχες·
651 605 743 658 ἐπὶ
772 604 828 656 δὲ
856 606 953 674 τῆς
979 601 1064 655 διὰ
1093 602 1313 672 χειλέων
1353 602 1768 674 προφερομένης
1799 620 1908 671 φωρ

335 700 452 769 νῆς,
491 694 785 750 ἐνώτισαι.
825 694 960 764 Τρία
992 692 1120 762 γοῦν
1152 694 1387 764 ᾐτήσατο
1417 693 1503 746 διὰ
1535 694 1643 746 τῶν
1682 711 1906 765 προκει-

337 787 535 856 μένων,
565 785 837 859 προτάξας
863 783 966 838 τῶν
1001 783 1092 837 δύο
1118 785 1178 837 τὸ
1207 788 1471 856 κρεῖττον.

418 878 809 946 Ἐδοκίμασας
845 876 956 946 τὴν
1001 877 1250 946 καρδίαν
1278 893 1418 945 μου,
1458 875 1776 944 ἐπεσκέψω
1802 893 1907 929 νυ-

332 970 496 1036 κτός*
525 969 838 1038 ἐπύρωσάς
869 986 964 1037 με,
1009 969 1106 1021 καί
1146 969 1255 1035 οὐχ
1285 967 1495 1034 εὑρέθη
1529 967 1598 1019 ἐν
1625 967 1753 1035 ἐμοὶ
1783 967 1907 1021 ἀδι-

333 1061 456 1115 κία.
493 1061 580 1123 Ὠς
614 1062 708 1132 τὴν
733 1060 1072 1132 ἀνθρωπίνην
1095 1059 1376 1112 ἀσθένειαν
1403 1059 1716 1129 ὑπερϐαίνει
1743 1061 1775 1130 ἡ
1799 1059 1906 1111 τῶν

337 1152 710 1222 προκειμένων
734 1152 936 1205 διάνοια
957 1153 969 1205 ι
995 1152 1089 1215 Τίς
1102 1151 1209 1222 γάρ
1225 1152 1555 1223 καυχήσεται
1581 1151 1748 1223 ἁγνὴν
1765 1151 1906 1221 ἔχειν

335 1242 592 1313 καρδίανς
623 1244 713 1296 καὶ
741 1245 822 1306 τίς
851 1244 1284 1317 παρρησιάζεται
1306 1243 1480 1312 λέγων
1510 1243 1747 1314 καθαρὸς
1769 1240 1904 1296 εἶναι

335 1331 443 1384 ἀπὸ
457 1333 734 1404 ἁμαρτιῶν
753 1350 766 1399 ;
786 1334 946 1405 Μόνῳ
961 1335 1245 1407 τοιγαροῦν
1264 1335 1489 1406 ἁρμόζοι
1518 1335 1665 1405 αύτῷ
1688 1335 1730 1386 Χ
1739 1334 1905 1406 ριστῷ

332 1419 511 1490 λέγειν
547 1425 614 1476 τὰ
659 1424 1010 1496 προκείμενα.
1047 1428 1354 1499 Μήποτεδὲ
1387 1429 1483 1499 τὴν
1536 1429 1614 1491 εἰς
1658 1426 1748 1480 τὸν
1773 1426 1904 1498 ᾅδην

331 1513 570 1576 κάθοδον,
598 1516 690 1569 καὶ
712 1519 800 1568 τὸν
822 1519 877 1569 ὲν
907 1517 983 1588 τῷ
1001 1517 1214 1589 θανάτῳ
1237 1520 1431 1592 χῶρον,
1453 1519 1623 1572 νύκτα
1641 1518 1905 1589 κέκληκεν

328 1605 420 1656 ἐπὶ
450 1605 543 1658 τοῦ
577 1607 873 1678 πάροντοςς
908 1611 969 1662 Εἰ
1001 1610 1110 1681 γὰρ
1137 1612 1230 1663 καὶ
1252 1613 1309 1664 έν
1331 1611 1484 1664 νυκτὶ
1507 1611 1729 1678 γέγονεν
1750 1611 1805 1662 ὲν
1829 1607 1905 1679 τῷ

325 1695 501 1767 καιρῷ
515 1697 621 1749 τῶν
640 1701 1006 1771 πειρατηρίων
1020 1703 1112 1755 καὶ
1125 1703 1179 1754 ὲν
1195 1701 1273 1772 τῷ
1291 1701 1548 1772 σκοτεινῷ
1565 1701 1656 1755 καὶ
1673 1703 1906 1770 ἀφεγγεί

322 1784 474 1856 τόπῳ
499 1787 594 1840 τοῦ
623 1789 873 1843 θανάτοψ
906 1791 1041 1844 ἀλλὰ
1069 1792 1440 1862 δοκιμασθεὶς,
1473 1793 1775 1862 ἐπισκοπῆς
1807 1793 1904 1861 τῆς

2011 596 2078 652 de
2106 610 2239 650 voce
2269 594 2428 648 labiis
2455 593 2698 663 prolata,
2734 591 2953 644 auribus
2979 591 3200 659 percipe.
3234 589 3364 644 Tria
3393 591 3576 661 itaque

2011 688 2174 743 dictis
2200 685 2514 756 bujusmodi
2548 684 2809 754 postulat,
2835 689 2887 736 et
2915 681 3060 752 quod
3087 684 3435 752 praestantius
3463 695 3582 740 erat

2011 778 2227 832 duobus
2257 777 2378 831 aliis
2409 775 2694 845 praemisit.

2083 868 2248 924 Vens.
2287 869 2341 922 5.
2381 868 2635 921 Probasti
2673 883 2765 919 cor
2807 881 2974 919 meum
3017 874 3065 919 et
3111 865 3344 919 visitasti
3387 875 3538 920 nocte
3563 905 3580 931 ,

2010 964 2126 1032 igne
2166 979 2248 1016 me
2292 962 2650 1028 examinasti,
2693 972 2742 1015 et
2785 977 2889 1014 non
2929 970 3006 1013 est
3047 960 3253 1014 inventa
3282 960 3336 1013 in
3366 977 3446 1014 me
3475 962 3588 1014 ini-

2008 1056 2204 1124 quitas.
2243 1055 2518 1122 Quantum
2560 1054 2851 1107 humanam
2880 1051 3248 1106 inﬁrmitatem
3290 1064 3582 1122 exsuperat

2010 1146 2323 1216 hujusmodi
2369 1147 2660 1202 verborum
2690 1144 2964 1198 sententia
2993 1144 3005 1196 !
3040 1141 3175 1208 Quis
3204 1142 3351 1196 enim
3380 1141 3448 1198 de
3489 1157 3584 1196 ca-

2009 1241 2195 1296 stitate
2235 1240 2418 1296 cordis
2453 1238 2823 1310 gloriabitur?
2853 1237 2988 1302 Quis
3018 1233 3359 1290 conﬁdenter
3389 1234 3538 1289 dicat
3565 1251 3579 1289 :

2006 1331 2187 1387 Purus
2230 1345 2352 1386 sum
2396 1345 2425 1383 a
2473 1329 2757 1400 peccatis?
2802 1328 2927 1382 Her
2969 1343 3101 1383 sane
3143 1342 3286 1380 unus
3331 1324 3584 1380 Christus
3622 1392 3631 1406 ι

2006 1439 2134 1479 vere
2165 1439 2228 1479 ac
2261 1429 2627 1493 congruenter
2654 1422 2836 1476 dicere
2863 1423 3059 1476 valeat.
3088 1422 3283 1473 Annon
3316 1433 3476 1473 suum
3509 1415 3580 1471 ad

2008 1515 2214 1571 inferos
2241 1515 2602 1579 descensum,
2635 1523 2799 1585 atque
2843 1515 3025 1568 locum
3070 1513 3223 1565 illum
3264 1513 3319 1565 in
3361 1510 3582 1581 regione

2007 1608 2221 1674 mortis,
2249 1614 2468 1662 noctem
2501 1607 2554 1660 in
2584 1608 2838 1676 praesenti
2868 1606 3082 1659 vocavit
3105 1607 3128 1658 ?
3149 1603 3410 1670 Quamvis
3437 1602 3584 1657 enim

2007 1701 2064 1754 in
2097 1709 2257 1755 nocte
2286 1699 2452 1754 fuerit
2484 1715 2547 1754 ac
2589 1700 2643 1754 in
2687 1708 2931 1770 tempore
2977 1699 3339 1753 teutationum
3362 1735 3376 1759 ,
3419 1696 3586 1765 inque

2011 1791 2320 1847 tenebrosis
2380 1792 2806 1861 caliginosisque
2856 1790 3052 1846 mortis
3095 1787 3454 1860 regionibus,
3503 1795 3586 1840 at-

323 1878 474 1948 παρὰ
500 1880 595 1934 τοῦ
628 1882 842 1953 Πατρὸς
885 1883 1113 1952 ἠξίωται
1152 1882 1241 1936 διὰ
1276 1886 1378 1954 τῆς
1410 1884 1777 1946 ἀναστάσεως,
1814 1884 1900 1936 καὶ

2012 1891 2191 1937 tamen
2224 1883 2518 1952 probatus,
2552 1891 2775 1952 paterna
2808 1881 3123 1936 visitatione
3148 1881 3344 1952 dignus
3367 1878 3585 1934 habitus

321 1971 523 2043 ταύτης
567 1973 884 2045 τετύχηκεν.
943 1977 1288 2048 Ἐπειδήπερ,
1333 1971 1419 2028 οἷα
1451 1976 1652 2046 χρυσὸς
1687 1977 1744 2029 ὲν
1773 1980 1904 2049 napi.

329 2062 562 2132 βληθεὶς,
593 2063 843 2135 λαμπρὸς
872 2066 963 2118 καὶ
994 2065 1233 2138 καθαρὸς
1254 2067 1676 2137 διαμεμένηκεν.
1728 2068 1906 2121 Ἐπει-

325 2153 389 2225 δὴ
423 2155 580 2225 μόνος
623 2156 733 2210 τῶν
767 2155 824 2222 ἐξ
856 2158 1052 2222 αἰῶνος
1100 2159 1394 2227 ἁμαρτίαν
1437 2161 1547 2212 οὐκ
1592 2159 1901 2226 ἐποίησεν,

327 2245 470 2300 οὑδὲ
489 2250 699 2316 εὑρέθη
734 2249 933 2316 δόλος,
972 2250 1112 2303 κατὰ
1141 2250 1231 2303 τὸν
1277 2252 1523 2314 Ἡσαΐαν,
1559 2253 1628 2304 ἐν
1655 2252 1733 2317 τῷ
1767 2256 1905 2308 στό-

321 2355 464 2406 ματι
491 2341 698 2393 αὐτοῦ.

398 2431 587 2497 Ὅπως
619 2433 696 2484 ἂν
731 2433 817 2501 μὴ
867 2435 1116 2503 λαλήσῃ
1162 2434 1228 2488 τὸ
1260 2436 1455 2504 στόμα
1495 2453 1614 2505 μου
1660 2437 1733 2489 τὰ
1759 2437 1903 2508 ἔργα

325 2519 440 2575 τῶν
467 2523 810 2591 ἀνθρώπων,
839 2525 936 2579 διὰ
959 2526 1100 2592 τοὺς
1128 2528 1350 2596 λόγους
1375 2526 1493 2581 τῶν
1517 2528 1768 2596 χειλέων
1785 2547 1901 2584 σου

321 2614 434 2684 ἐγὼ
465 2615 740 2684 ἐφύλαξα
775 2617 954 2684 ὁδοὺς
987 2618 1284 2686 σκληράς.
1328 2619 1385 2671 Ὀ
1413 2619 1469 2672 δὲ
1498 2621 1790 2690 Σύμμαχος
1819 2624 1899 2674 εί-

320 2705 458 2762 πὼν·
508 2708 646 2778 Ἐγὼ
675 2709 1073 2779 ἐφυλαξάμην
1098 2711 1276 2777 ὀδοὺς
1304 2711 1670 2780 παραεάτου,
1707 2713 1901 2784 ἑτέραν

319 2799 627 2870 παρέστησε
659 2800 913 2855 διάνοιαν·
943 2802 1018 2865 ὡς
1045 2801 1138 2855 τοῦ
1175 2803 1271 2875 τὴν
1301 2804 1464 2875 εὐχὴν
1501 2805 1902 2876 διαπέμποντος

317 2892 500 2945 πάντα
527 2893 813 2963 ἄνθρωπον
861 2896 1184 2966 παραϐάτην
1233 2897 1545 2967 φεύγοντος,
1586 2901 1680 2951 καὶ
1723 2901 1903 2964 πάσας

319 2982 419 3046 τὰς
455 2984 564 3037 τῶν
595 2985 852 3040 τοιούτων
896 2987 1067 3052 ὁδούς,
1115 2987 1203 3040 διὰ
1243 2989 1306 3041 τὸ
1353 2989 1592 3058 χαλεπὰς
1633 2985 1772 3042 εἶναι
1810 2990 1902 3043 καὶ

312 3076 698 3148 ἀποσκλήρούς
729 3078 904 3142 πάσας
933 3079 1030 3142 τὰς
1064 3080 1204 3133 κατά
1239 3081 1436 3133 κακίαν
1461 3081 1705 3152 πράξεις.

377 3169 747 3239 Κατάρτισαι
799 3171 871 3225 τὰ
923 3173 1254 3242 διαδήματα
1277 3191 1396 3242 μου
1421 3174 1491 3226 ἐν
1517 3174 1643 3240 ταῖς
1683 3175 1902 3242 τρίϐοις

309 3278 456 3327 σοι),
485 3262 688 3332 ἵναμὴ
726 3264 1068 3319 σαλευθῶσι
1100 3266 1170 3319 τὰ
1196 3266 1528 3335 διαδήματα
1554 3284 1694 3335 μου.
1740 3267 1900 3319 Ὑπο-

318 3351 576 3422 γραμμὸν
615 3353 744 3424 ἡμῖν
773 3355 864 3408 καὶ
911 3356 997 3408 διὶι
1040 3355 1242 3409 τούτων
1305 3357 1576 3428 παρέσχεν
1626 3359 1655 3410 ὁ
1685 3358 1896 3431 Σωτὴρ,

314 3443 590 3498 παιδεύων
653 3447 859 3516 μήποτε
899 3449 1297 3519 ὲπιτρίϐεσοαι,
1329 3450 1461 3520 μηδὲ
1497 3449 1638 3520 μέγα
1668 3452 1750 3521 ἐφ’
1775 3453 1901 3503 ἐαυ-

314 3535 429 3596 τοῖς
456 3537 694 3605 φρονεῖν.
735 3533 808 3590 Εὖ
838 3537 893 3589 δὲ
934 3540 1028 3592 καὶ
1059 3539 1303 3610 ἀκριϐῶς
1329 3541 1640 3606 πεπεῖσθαι,
1678 3542 1752 3606 ὡς
1774 3543 1902 3596 πάν-

315 3639 436 3678 τοτε
461 3629 561 3696 τῆς
590 3627 740 3697 παρὰ
767 3628 854 3680 τοῦ
879 3629 1013 3682 Θεοῦ
1043 3630 1269 3700 δεόμεθα
1299 3631 1566 3702 βοηθείας,
1587 3633 1673 3686 ἵνα
1701 3634 1776 3704 μὴ
1807 3651 1902 3688 σα-

317 3714 479 3787 λευθῇ
538 3718 690 3788 ἡμῶν
735 3720 806 3772 τὰ
841 3721 1170 3792 διαδήματα,
1203 3723 1297 3774 καὶ
1361 3724 1440 3784 είς
1497 3724 1557 3774 τὸ
1591 3724 1899 3794 ἐφαρμόσαι

317 3811 432 3872 ταῖς
460 3805 657 3862 ἑαυτοῦ
685 3809 886 3882 τρίδοις
918 3813 1044 3875 τοὺς
1067 3811 1364 3882 ἡμετέρους
1395 3813 1581 3876 πόδας.

388 3904 838 3972 Θαυμάστωσον
869 3904 940 3958 τὰ
970 3904 1111 3973 ἐλέη
1142 3922 1258 3958 σου
1293 3907 1324 3956 ὀ
1346 3903 1545 3964 σώζων
1566 3905 1706 3971 τοὺς
1729 3906 1899 3960 ἐλπι-

318 3991 524 4060 ζοντας
572 3996 667 4049 ἐπὶ
705 3991 798 4045 σέ.
826 3996 1020 4061 Σώζων
1049 3999 1104 4051 δὲ
1139 3999 1352 4070 εἴρηται
1398 3998 1524 4062 τοὺς
1587 3997 1900 4063 ἐλπίζοντας

317 4086 394 4148 εἰς
425 4086 611 4150 αὑτὸν,
637 4087 696 4140 ού
737 4088 861 4152 τοὺς
908 4091 972 4142 ἐκ
1002 4089 1316 4160 σπέρματος
1362 4088 1596 4159 Ἰσραὴλ,
1627 4089 1746 4142 οὐδὲ
1775 4092 1899 4154 τοὺς

318 4179 452 4231 κατὰ
483 4177 578 4232 τον
607 4179 767 4248 νόμον
797 4181 1072 4244 Μωῢτέως
1127 4180 1396 4250 βιοῦνταςο
1429 4181 1540 4234 ἀλλ’
1565 4180 1750 4252 ὥσπερ
1775 4199 1899 4236 και-

318 4268 408 4340 νὴν
435 4270 559 4324 ὁδὸν
589 4272 911 4343 εὑράμενος,
945 4272 1132 4337 σώζων
1159 4273 1401 4342 ἀνεφάνη
1449 4275 1574 4336 τοὺς
1607 4277 1687 4337 εἰς
1736 4275 1897 4327 αὐτὸν

314 4360 636 4429 ἠλπνκὸτας.
661 4363 838 4418 Μένει
868 4365 996 4436 γὰρ,
1029 4367 1190 4437 φησὶν
1228 4365 1256 4416 6
1294 4364 1632 4429 Ἀπόστολος,
1670 4371 1894 4432 πίστις,

313 4451 498 4522 ἐλπίς,
544 4455 763 4525 ἀγάπη·
799 4457 868 4510 τὰ
904 4459 1028 4530 τρία
1061 4460 1228 4512 ταῦτα
1256 4463 1689 4533 συμπέπλεκται,
1710 4460 1897 4532 ὥσπερ

2008 1982 2092 2029 est
2137 1990 2233 2044 per
2277 1976 2737 2030 resurrectionem
2786 1990 2952 2043 quam
2999 1973 3258 2028 obtinuit.
3312 1971 3585 2038 Quoniam

2008 2081 2106 2120 ceu
2134 2082 2326 2120 aurum
2357 2068 2463 2138 igni
2490 2067 2748 2120 traditum
2773 2110 2786 2133 ,
2816 2065 3134 2136 splendidus
3159 2080 3437 2136 purusque
3463 2079 3584 2133 per-

2007 2160 2228 2212 mansit.
2259 2157 2420 2215 Solus
2447 2161 2592 2214 enim
2623 2176 2685 2214 ex
2718 2161 2785 2214 iis
2813 2163 2904 2229 qui
2933 2176 2960 2212 a
2986 2160 3186 2214 saeculo
3215 2159 3433 2214 fuerunt
3464 2173 3584 2226 pec-

2004 2261 2180 2304 catum
2215 2269 2319 2305 non
2370 2252 2530 2320 fecit,
2581 2268 2776 2322 neque,
2810 2253 3111 2307 secundum
3144 2253 3371 2317 lsaiam,
3406 2252 3586 2304 inven-

2005 2351 2088 2396 tus
2113 2352 2193 2396 est
2215 2341 2369 2396 dolus
2401 2345 2452 2396 in
2490 2360 2576 2398 ore
2607 2342 2804 2413 ejus“.

2075 2434 2242 2490 Vens.
2284 2435 2336 2490 4.
2386 2435 2453 2490 Ut
2488 2453 2590 2490 non
2632 2435 2880 2505 loquatur
2917 2453 2974 2490 os
3007 2453 3179 2490 meum
3215 2453 3373 2506 opera
3410 2435 3582 2491 Itami-

2004 2541 2164 2589 nnm,
2199 2535 2414 2594 propter
2447 2525 2604 2579 verba
2637 2525 2904 2578 labiorum
2940 2535 3148 2580 tuorum
3189 2542 3282 2595 ego
3323 2527 3584 2581 custodiri

2002 2621 2115 2673 t'ias
2168 2619 2351 2673 duras.
2411 2618 2774 2690 Symmachus
2819 2634 2946 2672 cum
2997 2619 3108 2673 ait:
3158 2617 3271 2689 Ego
3315 2618 3582 2674 observavi

2003 2714 2116 2766 rias
2171 2713 2651 2781 prtevaricatoris,
2719 2712 2880 2764 aliam
2939 2711 3158 2780 prmfert
3219 2713 3581 2774 sententiam,

2004 2807 2161 2874 quasi
2200 2806 2410 2861 scilicet
2447 2807 2494 2860 is
2528 2805 2621 2875 qui
2670 2805 2976 2859 orationem
3025 2805 3260 2868 emittit,
3313 2805 3381 2859 ab
3433 2805 3581 2858 omni

2003 2894 2225 2949 homine
2261 2897 2683 2964 prwvaricatore
2721 2893 2999 2959 declinet;
3039 2901 3203 2963 atque
3253 2909 3445 2951 omnes
3500 2903 3583 2946 ta-

2007 2983 2140 3037 lium
2191 2987 2436 3038 virorum
2490 2984 2751 3046 semitas,
2807 2999 3084 3053 pravaque
3137 2999 3336 3055 opera,
3392 2992 3582 3055 utpote

2006 3079 2143 3132 dum
2183 3087 2235 3132 ct
2277 3094 2469 3148 aSpera
2512 3087 2816 3132 aversetur.

2076 3169 2242 3223 Vleas.
2277 3170 2328 3224 5.
2373 3169 2577 3238 Perﬁce
2615 3185 2824 3239 gressus
2858 3184 2997 3221 meos
3027 3169 3080 3221 in
3121 3169 3323 3223 semi:is
3368 3169 3492 3229 tuis,
3519 3177 3578 3222 ut

2005 3280 2105 3317 non
2139 3277 2446 3316 moveantur
2481 3263 2702 3332 vestigia
2735 3280 2867 3317 mea.
2908 3263 3195 3333 Exemplar
3227 3266 3384 3320 nobis
3429 3266 3582 3322 hisce

2004 3354 2186 3411 verbis
2231 3354 2482 3410 admovet
2519 3353 2807 3420 Salvator;
2850 3354 3235 3425 admonetque,
3266 3372 3389 3411 cum
3425 3365 3585 3412 utne

2004 3452 2186 3505 animo
2223 3452 2558 3521 frangantur,
2603 3460 2720 3506 tum
2767 3467 2834 3505 ne
2864 3466 3120 3521 magnum
3152 3451 3220 3505 de
3250 3451 3408 3506 nobis
3444 3451 3580 3521 ipsis

2003 3543 2310 3612 sapiamus,
2341 3543 2612 3613 planeque
2654 3551 2993 3613 compertum
3027 3559 3092 3599 ac
3120 3559 3445 3614 persuasum
3482 3543 3584 3597 ha-

2003 3633 2253 3698 beamus,
2302 3649 2404 3690 uos
2433 3634 2622 3689 divino
2669 3650 2885 3705 semper
2916 3650 3076 3704 egere
3108 3636 3334 3700 auxilio,
3376 3643 3436 3688 ut
3469 3649 3581 3689 non

2003 3735 2329 3780 moveantur
2362 3726 2590 3794 vestigia
2622 3733 2834 3789 nostra,
2873 3732 3046 3794 utque
3076 3727 3243 3795 pedes
3273 3733 3494 3781 nostros
3522 3727 3580 3780 in

2003 3816 2213 3869 semitis
2245 3815 2365 3882 ejus
2399 3824 2546 3869 recte
2574 3830 2987 3884 componamus.

2074 3906 2239 3963 Vsus.
2275 3907 2324 3961 7.
2369 3906 2604 3976 Miriﬁca
2653 3908 3043 3961 misericordias
3092 3916 3232 3969 tuas,
3279 3909 3367 3979 qui
3406 3907 3579 3964 salvos

2005 3997 2138 4066 facis
2183 4006 2450 4066 sperantes
2490 3997 2542 4049 in
2573 4005 2640 4050 te.
2673 3994 2776 4062 Qui
2811 3997 2991 4050 salvos
3019 3994 3173 4060 facit,
3214 3996 3409 4066 inquit,
3456 4013 3580 4068 spei

2001 4097 2188 4144 rantes
2217 4089 2270 4143 in
2316 4104 2396 4152 se,
2429 4104 2540 4142 non
2570 4104 2666 4144 eos
2696 4087 2790 4158 qui
2821 4102 2885 4142 ex
2927 4088 3136 4142 semine
3168 4085 3384 4143 lsraclis
3426 4100 3576 4155 sunt,

1999 4199 2179 4254 neque
2209 4198 2305 4238 eos
2331 4183 2420 4253 qui
2447 4182 2748 4237 secundum
2775 4180 2977 4252 Moysis
3005 4181 3174 4250 legem
3199 4181 3362 4236 vitam
3388 4191 3578 4252 agunt,

2001 4276 2118 4336 sed,
2157 4276 2314 4346 quasi
2357 4290 2497 4329 nova
2544 4282 2758 4344 reperta
2804 4273 2912 4338 via,
2966 4273 3196 4328 salutem
3230 4274 3582 4343 sperantibus

2001 4369 2055 4422 iu
2083 4383 2141 4422 se
2172 4367 2424 4422 conferre
2449 4374 2762 4436 compertus
2801 4371 2904 4419 est.
2948 4362 3165 4418 Manent
3204 4365 3372 4429 enim,
3405 4365 3585 4433 inquit

1998 4460 2314 4530 Apostolus,
2341 4460 2492 4530 ﬁdes,
2529 4475 2666 4527 spes,
2700 4459 2934 4512 elaaritas
2966 4458 3010 4492 δ’
3043 4477 3055 4511 :
3082 4459 3184 4513 tria
3211 4458 3323 4512 haec
3337 4473 3437 4512 ceu
3462 4460 3585 4513 vin-

320 4541 403 4612 ὑφ’
442 4546 520 4600 ἐνὶ
542 4545 728 4617 δεσμῴ
759 4550 1182 4619 κατεσφιγμένα.
1215 4552 1306 4603 Διὸ
1342 4553 1440 4622 τὴν
1474 4551 1652 4604 πίστιν
1707 4554 1772 4620 τῇ
1807 4551 1894 4602 ὲλ-

2004 4555 2126 4609 culo
2164 4556 2353 4608 eodem
2393 4553 2620 4608 astricta
2665 4558 3088 4606 connectuntur.
3131 4550 3478 4619 Quapropter
3520 4552 3583 4604 ii-

325 4636 432 4689 πίδι
457 4637 719 4693 συνάπτει
741 4638 930 4707 λέγων·
969 4641 1140 4693 Ἔστι
1173 4639 1240 4693 δὲ
1265 4642 1468 4706 πίστις
1500 4638 1896 4708 ἐλπιζομένων

324 4726 654 4794 ὑπόστασις
679 4731 1051 4800 πραγμάτων,
1092 4731 1340 4801 ἔλεγχος
1389 4729 1891 4800 οῠβλεπομέινων·

323 4819 486 4874 ταῦτα
516 4823 560 4876 δ’
599 4822 657 4889 ἐξ
681 4823 898 4893 ἀγάπης
927 4825 1026 4895 τῆς
1061 4824 1196 4893 πρὸς
1249 4825 1339 4876 τὸν
1377 4824 1506 4877 Θεὸν
1551 4824 1763 4892 φύεταιο
1803 4823 1896 4877 καὶ

325 4906 386 4960 δι’
407 4912 576 4966 αὐτῶν
612 4911 773 4966 πάλιν
802 4915 834 4983 ἡ
862 4917 940 4977 είς
970 4913 1102 4967 Θεὸν
1133 4914 1321 4982 ἀγάπη
1369 4913 1713 4980 κρατύνεται.

404 5087 498 5144 Ἐκ
525 5092 646 5146 τῶν
681 5092 1136 5158 ἀνθεστηκότων
1161 5087 1235 5160 τῇ
1257 5090 1426 5158 δεξιᾷ
1461 5108 1575 5145 σου
1613 5092 1880 5158 φύλαξόγ
1914 5097 1919 5102 ’

325 5198 413 5249 με,
444 5186 634 5253 Κύριε,
664 5185 744 5249 ὡς
767 5187 952 5252 κόρην
996 5183 1324 5253 ὀφθαλμοῦ.
1369 5185 1472 5236 Ἐν
1527 5181 1723 5249 σκέπῃ
1777 5181 1892 5235 τῶν

333 5278 623 5346 πτερύγων
677 5295 793 5332 σου
868 5277 1199 5342 σκεπάσεις
1251 5295 1328 5346 με
1388 5275 1508 5330 ἀπὸ
1566 5275 1888 5342 προσώπου

333 5365 548 5422 ἀσεϐῶν
580 5370 701 5424 τῶν
743 5369 1326 5437 ταλαιπωρησάιντων
1352 5387 1450 5439 με.
1512 5369 1622 5420 Καὶ
1653 5371 1758 5430 πᾶς
1797 5369 1894 5438 μὲν

336 5454 524 5523 δίκαιος
548 5461 981 5534 προσευχόμενος
1035 5460 1229 5513 δείσῦω
1279 5462 1371 5515 τοῦ
1433 5460 1590 5523 Θεοῦ,
1631 5462 1729 5531 τῆς
1768 5461 1891 5531 παρ’

338 5548 485 5602 αὐτοῦ
508 5553 890 5621 καταξιούσθαι
942 5554 1207 5623 φυλακῆς·
1246 5553 1523 5624 ὁμολογῶν
1582 5553 1654 5623 μὴ
1713 5551 1895 5615 ἱκανὸς

341 5633 465 5694 εἶναι
495 5645 655 5712 φύλαξ
683 5648 842 5708 αὐτὸς
865 5644 1057 5699 ἑαυτοῦ
1081 5644 1324 5713 γίνεσθαι
1345 5646 1432 5699 διὰ
1463 5645 1522 5697 τὸ
1556 5643 1756 5715 πλῆθος
1789 5644 1894 5696 τῶν

409 5818 447 5851 ⁸³
482 5818 576 5882 lsa.
599 5841 712 5895 ιιιι,
741 5826 840 5894 i9;
886 5824 901 5878 l
935 5825 1080 5883 Petr.
1125 5842 1184 5894 ιι,
1209 5825 1298 5881 2?.
1374 5827 1418 5859 δ’
1453 5825 1471 5879 l
1505 5825 1630 5881 Cor.
1655 5840 1775 5893 xm,
1814 5826 1894 5881 l3.

2001 4643 2121 4697 dem
2143 4645 2256 4712 spei
2287 4644 2539 4712 copulat,
2569 4642 2696 4695 dum
2727 4642 2801 4695 ait
2834 4659 2846 4694 :
2873 4639 2968 4694 Est
3000 4652 3173 4693 autem
3202 4642 3584 4711 ﬁdessperau-

2001 4735 2195 4788 durum
2229 4735 2524 4789 substantia
2551 4751 2746 4796 rerum,
2781 4745 3143 4804 argumentum
3175 4750 3276 4785 non
3316 4749 3607 4801 apparetu-

2003 4828 2132 4880 tium
2168 4827 2235 4878 5°.
2269 4825 2394 4879 limo
2434 4839 2600 4893 porro
2641 4839 2708 4878 ex
2756 4839 2866 4876 una
2915 4838 3041 4893 erga
3088 4822 3256 4878 Deum
3311 4824 3582 4880 charitate

2005 4918 2294 4981 oriuntur;
2334 4917 2511 4985 iisque
2543 4915 2786 4969 vicissim
2823 4915 3065 4970 Charitas
3105 4930 3235 4985 erga
3270 4913 3440 4971 Deum
3488 4932 3580 4970 ro-

2001 5009 2247 5063 horatur.

2074 5098 2239 5154 Vens.
2281 5099 2334 5162 8,
2372 5099 2425 5155 9.
2467 5100 2508 5153 Α
2545 5099 2906 5153 resistentibus
2953 5099 3181 5153 dextera:
3221 5109 3326 5153 tua:
3370 5101 3578 5154 custodi

2001 5207 2102 5253 me,
2128 5189 2371 5252 Domine,
2410 5199 2467 5243 ut
2506 5189 2760 5259 pupillam
2793 5190 2952 5242 oculi.
2990 5187 3097 5240 Sub
3133 5189 3320 5242 umbra
3367 5190 3577 5242 alarum

1998 5289 2208 5332 tuarum
2253 5289 2486 5349 protegas
2537 5296 2636 5342 me,
2684 5296 2716 5332 a
2753 5279 2890 5349 [acie
2926 5280 3208 5347 impiorum
3247 5279 3335 5348 qui
3369 5295 3450 5332 me
3495 5279 3580 5346 af-

1996 5371 2270 5439 ﬂixerunt.
2303 5370 2492 5424 Justus
2524 5371 2777 5440 quilibet,
2815 5386 2938 5423 eum
2974 5376 3248 5439 precatur,
3281 5383 3310 5420 a
3342 5366 3452 5421 Deo
3481 5369 3578 5422 ob-

1998 5464 2126 5518 nixe
2159 5464 2398 5533 postulet
2432 5464 2510 5518 uti
2543 5480 2601 5519 se
2647 5463 2898 5518 custodia
2938 5478 3036 5536 sua
3071 5461 3366 5531 dignetur;
3401 5459 3575 5514 fateao

1999 5566 2196 5626 turque
2231 5572 2311 5619 se.
2346 5573 2456 5628 prze
2486 5557 2930 5613 adversariorum
2957 5553 3330 5616 multitudine,
3369 5550 3435 5605 ad
3474 5567 3571 5606 cu-

1999 5645 2232 5698 stodiam
2286 5644 2370 5698 sui
2407 5644 2629 5701 minime
2663 5643 2917 5699 idoneum
2945 5657 3109 5699 esse:
3148 5646 3300 5711 roget
3334 5640 3464 5697 item
3499 5639 3572 5695 uti

1972 5825 2016 5857 ⁸ο
2051 5823 2216 5883 Hebr.
2249 5839 2323 5891 ιι,
2365 5825 2410 5881 ι.
