4086 6552
513 355 622 415 τεο

1210 347 1477 406 EUSEBll
1518 342 1998 402 CJESAmE-NSIS
2036 338 2186 398 OPP.
2230 335 2408 391 PARS
2448 335 2514 389 lll
2541 377 2554 388 .
2596 363 2663 373 —--
2703 327 3110 390 EXEGETICA.

3678 325 3788 385 τοι

515 471 661 527 Deus
691 485 750 525 se
782 467 1056 522 eustOdiat
1083 469 1243 538 quasi
1275 467 1536 537 pupillam
1570 465 1751 530 oculi;
1784 479 1910 518 cum
1946 461 2095 516 scili-

2201 454 2610 524 ἁνθεστηκὸτων
2645 453 2811 524 αὐτῷ·
2855 449 3191 523 φυλαχθῆναί
3241 466 3301 502 τε
3354 447 3566 510 ἑαυτὸν,
3596 447 3792 520 ὥσπερ

514 571 602 618 cet
637 561 822 615 videat
867 562 1122 616 inimicos
1153 559 1390 614 dexterae
1421 557 1516 612 Dei
1547 558 1899 618 obsistentes,
1932 556 2090 608 item-

512 665 620 726 Que
649 655 994 710 adversarios
1025 654 1221 708 animae
1259 667 1374 707 suae
1406 651 1568 706 oculo
1613 649 1846 705 insidias
1879 655 2090 704 struen-

511 755 619 811 tes,
663 747 878 816 sibique
929 745 1230 800 czecitatem
1285 743 1488 798 inl’err‘e
1537 742 1842 810 cupientes.
1887 737 2088 793 Verum

512 838 643 908 quia
693 837 988 907 impiorum
1039 835 1178 890 bene
1231 835 1389 888 multi
1440 833 1805 886 calamitatem
1851 831 1954 899 ipsi
2001 829 2088 882 in-

512 932 658 988 ferre
688 945 752 986 ac
789 932 843 983 in
876 944 1148 983 a3rumnas
1173 928 1348 996 ipsum
1373 925 1648 993 conjicere
1679 923 1919 984 student,
1961 923 2092 975 tela-

515 1043 621 1096 que
668 1027 722 1080 in
763 1026 942 1095 ipsum
990 1025 1284 1087 emittunt;
1341 1023 1443 1076 sub
1497 1022 1612 1074 alas
1658 1019 1749 1074 Dei
1785 1017 2086 1086 confugiat,

431 1175 440 1182 _
511 1119 859 1188 postul‘et‘que
886 1117 1008 1186 ejus
1053 1133 1112 1171 se.
1141 1115 1484 1186 protectione
1519 1113 1742 1166 muniri.
1778 1111 1884 1166 Sed
1923 1112 2089 1164 etiam

513 1211 629 1280 ipse
658 1206 910 1262 Salvator
942 1221 1042 1277 pro
1084 1206 1328 1261 Ecclesia
1374 1221 1494 1269 sua,
1529 1217 1650 1273 qua:
1698 1217 1860 1258 suum
1889 1216 2090 1269 corpus

510 1309 615 1366 est,
647 1299 862 1356 easdem
899 1300 964 1354 ad
995 1299 1216 1354 Patrem
1263 1312 1424 1353 suum
1455 1295 1742 1350 emittebat
1769 1309 1954 1346 voces.
1990 1291 2089 1346 Per

511 1393 629 1448 alas
657 1403 844 1458 autem
868 1393 1096 1446 virtutes
1121 1389 1476 1461 providentia:
1507 1387 1654 1441 illius
1687 1386 1980 1455 intelligas.

585 1667 752 1723 Vnus.
823 1665 1016 1721 ιοαιο.
1085 1663 1298 1718 Inimici
1353 1664 1454 1718 mei
1511 1663 1746 1716 animum
1787 1679 1954 1716 meam
1995 1663 2096 1715 cir-

514 1761 913 1822 cumdederunt,
961 1759 1168 1825 adipem
1196 1774 1350 1811 suum
1381 1756 1770 1818 concluserunt,
1813 1771 1870 1808 os
1915 1771 2095 1808 eorum

2196 546 2317 600 τινὰ
2341 545 2510 616 κόρην
2539 529 2818 613 ὀφθαλμοῦ
2878 539 3283 614 παρακαλείτω·
3320 537 3463 610 ὀρῶν
3495 539 3620 601 τοὺς
3654 537 3792 590 ἀνθ-

2201 636 2506 708 εστηκότας
2536 639 2601 707 τῇ
2636 635 2786 706 δεξιᾷ
2812 633 2906 687 τοῦ
2952 631 3087 685 Θεοῦ
3121 629 3345 702 ἐχθρούς
3363 647 3535 694 τινας,
3566 629 3659 683 καὶ
3689 645 3794 682 πο-

2195 728 2412 800 λεμίους
2443 727 2523 800 τῷ
2549 729 2649 798 τῆς
2677 727 2855 798 ψυχῆς
2879 725 3041 780 αὐτοῦ
3091 721 3350 794 ὀφθαλμῷ
3405 719 3792 775 ἐπιϐουλεύον-

2195 834 2314 882 τας,
2347 817 2441 870 καὶ
2469 817 2748 886 τυφλῶσαι
2801 815 2963 868 αὑτὸν
3015 813 3286 878 θέλοντας.
3330 812 3489 866 Ἀλλὰ
3522 813 3615 866 καὶ
3651 809 3790 864 πολ-

2196 910 2303 962 λῶν
2326 909 2493 962 ὄντων
2515 907 2728 962 ἀσεϐῶν
2770 908 2879 961 τῶν
2935 905 3446 977 ταλαιπωριξόντων
3479 905 3639 958 αὐτὸν
3680 904 3788 975 (1),

2195 1001 2442 1054 τουτέστι
2471 1001 2814 1073 ταλαίπωρον
2863 1001 3026 1054 αὑτὸν
3081 999 3511 1068 ἀποφαινόντων,
3566 997 3696 1068 βέλη
3724 1014 3792 1052 τε

2198 1097 2317 1150 κατ’
2349 1095 2512 1148 αὑτοῦ
2546 1095 2891 1165 πεμπόντων,
2919 1093 3022 1147 ὑπὸ
3061 1093 3158 1156 τὰς
3207 1093 3480 1164 πτέρυγας
3515 1090 3795 1160 καταφεύ-

2199 1205 2309 1257 γων
2347 1187 2439 1240 τοῦ
2473 1187 2629 1251 Θεοῦ,
2668 1189 2874 1259 σκέπης
2898 1187 2996 1256 τῆς
3025 1187 3116 1239 ὑπ’
3147 1185 3294 1255 αὐτῷ
3317 1187 3499 1254 τυχεῖν
3531 1183 3791 1250 ἀξιούτω.

2212 1281 2370 1334 Ἀλλὰ
2403 1282 2497 1334 καὶ
2527 1283 2555 1333 ὁ
2587 1275 2788 1350 Σωτὴρ
2847 1279 2986 1350 ὑπὲρ
3047 1279 3146 1349 τῆς
3199 1277 3363 1330 αὑτοῦ
3438 1276 3792 1348 Ἐκκλησίας,

2197 1371 2319 1440 ἥτις
2353 1371 2500 1423 ἐστὶν
2531 1370 2696 1423 αὑτοῦ
2727 1369 2907 1440 σῶμα,
2936 1371 3138 1433 ταύτας
3173 1369 3458 1439 ἀνέπεμπε
3493 1369 3630 1438 πρὸς
3691 1368 3794 1420 τὸν

2201 1461 2420 1533 Πατέρα
2448 1460 2544 1525 τὰς
2568 1462 2771 1532 φωνάς.
2827 1463 3110 1532 Πτέρυγας
3156 1461 3214 1514 δὲ
3276 1462 3490 1530 νοήσεις
3529 1461 3627 1524 τὰς
3683 1459 3794 1529 τῆς

2201 1556 2457 1629 προνοίας
2491 1553 2654 1608 αὑτοῦ
2701 1553 2976 1624 δυνάμεις.

2277 1673 2340 1723 Οἱ
2365 1670 2568 1738 ἐχθροί
2589 1687 2710 1738 μου
2745 1669 2860 1736 τὴν
2915 1667 3132 1738 ψυχήν
3175 1685 3294 1738 μου
3345 1667 3687 1738 περιέσχον,
3713 1668 3791 1722 τὸ

2202 1763 2386 1830 στέαρ
2434 1761 2633 1815 αὐτῶν
2697 1761 3132 1827 συνέκλεισαν,
3196 1760 3262 1814 τὸ
3323 1762 3518 1828 στόμα
3583 1761 3794 1816 αὐτῶν

514 1855 745 1908 locutum
767 1861 846 1905 est
879 1852 1196 1919 superbiam.
1227 1849 1573 1918 Projicientes
1602 1864 1682 1901 me
1711 1863 1847 1900 nunc
1871 1848 2094 1899 circum-

2200 1855 2503 1922 ἐλάλησεν
2529 1855 2966 1923 ὑπερηφανίαν.
3038 1852 3472 1918 Ἐκϐάλλοντές
3531 1869 3607 1922 με
3641 1853 3788 1908 νυνὶ

512 1941 766 1997 dederunt
793 1957 873 1994 me
891 1956 909 1993 :
931 1941 1108 1993 oculos
1135 1956 1260 1993 suos
1287 1947 1586 1992 statuerunt
1615 1938 1882 1990 declinare
1907 1938 1959 1990 in
1989 1947 2094 1989 ter-

513 2053 652 2092 ram.
687 2035 1036 2094 Susceperunt
1073 2047 1151 2085 me
1181 2031 1316 2085 sicut
1349 2030 1427 2083 leo
1461 2039 1683 2100 paratus
1731 2028 1800 2082 ad
1833 2029 2090 2096 pra'dam,

512 2135 563 2180 et
595 2128 728 2179 sicut
762 2126 970 2177 catulus
999 2123 1162 2176 leonis
1186 2120 1434 2173 habitans
1465 2121 1520 2172 in
1553 2119 1769 2175 abditis.
1803 2118 1978 2188 Hujus
2008 2135 2099 2172 au-

515 2230 624 2276 tem
669 2219 809 2280 loco,
853 2216 1205 2284 Projicientes
1255 2230 1334 2267 me
1385 2211 1842 2266 circumdederunt
1890 2229 1990 2276 ine,
2022 2212 2096 2264 ita

517 2310 880 2384 Symmachus
906 2310 1296 2378 interpretatur
1321 2325 1332 2358 :
1359 2305 1584 2360 Beatum
1613 2305 1962 2374 prwdicantes
1995 2319 2094 2366 me,

517 2403 701 2457 statim
738 2397 1193 2454 circumdederunt
1244 2413 1345 2460 me,
1383 2403 1436 2448 et
1465 2395 1679 2459 oculos,
1730 2395 1927 2464 inquit,
1967 2409 2096 2448 suos

517 2499 822 2564 posuerunt
870 2496 1066 2544 contra
1116 2503 1224 2551 me,
1276 2494 1335 2539 ut
1387 2487 1667 2540 declinare
1719 2502 1803 2539 me
1835 2485 2092 2540 iacerent.

517 2587 656 2642 Nam
689 2586 743 2642 id
765 2585 1103 2656 satagebant,
1135 2591 1195 2634 ut
1224 2597 1312 2636 me
1346 2596 1375 2634 a
1398 2587 1544 2634 statu
1575 2580 1667 2632 illo
1715 2587 1768 2634 et
1793 2594 1823 2632 a
1850 2580 2096 2648 profectu

527 2655 1032 2738 secundum'Deum
1070 2674 1365 2728 avellerent
1391 2683 1444 2725 et
1477 2677 1810 2732 amoverent,
1841 2669 2098 2726 adversa-

521 2775 666 2828 rium
709 2780 954 2826 nostrum
991 2767 1268 2822 diabolum
1309 2765 1572 2829 aemulati,
1605 2763 1694 2834 qui
1725 2773 1977 2834 tanquam
2018 2763 2096 2818 leo

521 2857 731 2925 rugiens
755 2858 940 2910 circuit
964 2873 1200 2925 quaerens
1229 2875 1379 2928 quem
1407 2858 1610 2911 devoret
1638 2859 1701 2910 ει.
1727 2859 1788 2912 Et
1821 2876 1899 2912 me
1923 2861 2094 2928 ipsum

523 2957 862 3015 susceperunt
905 2949 1042 3002 sicut
1087 2949 1168 3003 leo
1200 2959 1423 3020 paratus
1475 2957 1543 3002 ad
1588 2950 1844 3018 prwdam,
1875 2961 1924 3004 et
1957 2953 2094 3005 sicut

521 3039 728 3094 catulus
759 3039 926 3094 leonis
962 3041 1208 3095 habitans
1253 3042 1308 3094 in
1337 3041 1552 3095 abditis.
1581 3039 1765 3110 Neque
1801 3044 1943 3096 enim
1979 3045 2094 3099 lucc

517 3131 960 3186 machinamenta
985 3133 1160 3202 palam
1187 3133 1474 3188 adversum
1503 3149 1588 3188 me
1614 3133 1923 3190 conﬂabant
1956 3155 1968 3190 :
1997 3137 2090 3190 sed

517 3228 762 3282 occultas
793 3227 1019 3282 insidias
1049 3229 1331 3298 parabant».

591 3333 759 3389 Vsus.
805 3334 891 3396 15,
951 3334 1035 3389 14.
1079 3333 1336 3403 Exsurge,
1365 3333 1609 3398 Domine,
1649 3337 1878 3404 praeveni
1914 3353 1999 3390 eos
2049 3345 2098 3390 et

521 3426 806 3496 supplanta
841 3443 968 3480 eos:
1016 3427 1155 3496 eripe
1188 3427 1422 3479 animam
1453 3443 1623 3480 meam
1657 3427 1724 3480 ab
1759 3429 1944 3497 impio,
1980 3429 2099 3497 [ναι

521 3533 693 3571 meum
715 3525 862 3569 tuam
904 3515 968 3569 ab
999 3516 1224 3569 inimicis
1254 3531 1442 3569 manus
1480 3525 1606 3572 tum.
1635 3515 1878 3580 Domine,
1906 3533 1938 3569 a
1966 3532 2101 3582 pau-

522 3609 598 3662 cis
623 3608 686 3660 de
719 3616 858 3660 terra
885 3605 1056 3659 divide
1079 3621 1164 3658 eos
1193 3605 1248 3658 in
1281 3605 1389 3658 vita
1427 3621 1644 3668 eorum;
1680 3605 1744 3658 de
1775 3604 2100 3658 absconditis

523 3698 629 3750 tuis
655 3697 968 3766 adimpletus
995 3706 1071 3751 est
1096 3705 1270 3750 venter
1299 3713 1499 3750 eorum.
1529 3695 1774 3751 Saturati
1800 3707 1922 3750 sunt
1947 3698 2098 3765 ﬁliis,

517 3799 570 3845 et
606 3789 922 3844 dimiserunt
977 3790 1227 3860 reliquias
1281 3806 1406 3843 suas
1459 3787 1694 3856 parvulis
1745 3790 1875 3844 suis.
1939 3788 1995 3842 ln
2037 3805 2100 3842 ea

521 3897 744 3953 quoque
793 3896 852 3935 re
884 3881 1091 3952 aliquid
1123 3881 1338 3950 capiam
1387 3881 1661 3936 utilitatis.
1698 3881 1801 3934 Sed
1838 3879 2101 3935 frameam

521 3983 701 4037 tuam,
737 3975 938 4041 inquit.
994 3972 1195 4041 eripias
1239 3971 1306 4026 de
1341 3987 1504 4025 manu
1555 3971 1942 4036 inimicorum;
1975 3987 2102 4025 nam

523 4065 878 4122 metuendum
925 4066 1060 4119 alias
1093 4071 1260 4129 esset,
1315 4078 1382 4116 ne
1417 4062 1678 4116 frameam
1735 4062 1882 4116 illam
1931 4071 2100 4129 tuam,

523 4159 614 4213 cui
647 4171 750 4228 ego
781 4157 1022 4212 conlisus
1060 4155 1404 4210 adversarios
1437 4169 1713 4224 oppugno,
1747 4169 1776 4208 e
1801 4169 1962 4208 manu
1995 4159 2104 4209 eri-

525 4248 677 4319 piant
711 4261 848 4310 mea,
901 4261 1096 4315 meque
1141 4245 1222 4300 sic
1251 4253 1595 4298 exarmatum
1630 4244 1818 4298 eadem
1849 4245 1967 4314 ipsa
2002 4245 2105 4298 fra-

525 4356 646 4397 mea
683 4340 1022 4395 adoriantur.
1069 4337 1255 4392 Fuerit
1289 4345 1469 4390 autem
1525 4338 1616 4390 illa
1661 4355 1829 4391 sermo
1857 4337 1956 4392 Dei
1995 4341 2104 4409 efﬁ-

522 4447 625 4486 cax
653 4440 704 4486 et
746 4429 1126 4500 penetrabilior
1163 4429 1307 4480 omni
1331 4427 1511 4496 gladio
1534 4429 1751 4496 ancipiti
1774 4431 1838 4489 ⁸³.
1861 4432 1952 4500 qui
1981 4431 2102 4484 ani—

520 4538 642 4588 mae,
679 4521 898 4576 lrameae
921 4521 1060 4584 loco,
1097 4519 1162 4573 ad
1199 4518 1598 4587 propulsaudos
1645 4519 1896 4575 inimicos
1931 4521 2102 4575 tradi-

522 4621 610 4668 tus
653 4620 759 4668 est.
800 4613 956 4678 Quod
1002 4625 1144 4680 saepe
1173 4609 1460 4678 contingit,
1497 4609 1717 4679 quando
1763 4611 1966 4665 inimici
2001 4611 2094 4667 Dei

2200 4628 2228 4678 ὁ
2259 4629 2325 4697 τῇ
2351 4628 2494 4700 ψυχῇ
2524 4609 2805 4702 δεδομένος

517 4711 828 4770 divinarum
881 4710 1292 4779 Scripturarum
1348 4707 1515 4766 dicta.
1573 4709 1786 4763 detorta
1829 4719 1992 4781 atque
2039 4713 2092 4766 in

521 4817 745 4872 pravam
773 4802 1100 4854 sententiam
1127 4811 1414 4858 conversa,
1443 4799 1871 4868 simplicioribus
1897 4803 2094 4858 animis

519 4893 822 4962 objiciunt,
881 4906 1085 4960 eosque
1133 4890 1206 4942 ita
1255 4890 1549 4946 debellant.
1613 4892 1737 4948 lizec
1791 4911 1956 4950 causa
2012 4905 2096 4952 est

522 4983 668 5052 quod
710 4985 827 5054 ipse
864 4989 1137 5052 precetur,
1190 4987 1250 5034 ut
1303 4981 1506 5036 framea
1561 4983 1654 5038 Dei
1708 4987 1976 5056 eripiatur
2027 4991 2096 5042 ab

521 5076 758 5130 .uimicis
787 5073 906 5135 Dei,
927 5079 981 5126 ct
1010 5089 1042 5124 a
1067 5073 1248 5140 paucis
1272 5071 1336 5126 de
1364 5082 1526 5138 terra,
1563 5075 1721 5145 cujus
1757 5078 1878 5134 loco
1900 5080 2094 5149 Aquila

523 5166 711 5228 edidit,
739 5180 772 5216 a
801 5163 1024 5216 mortuis
1053 5179 1117 5216 ex
1147 5165 1506 5228 immersione,
1551 5165 1916 5237 Symmachus
1939 5188 2091 5238 vero,

523 5273 554 5309 ι
599 5253 824 5308 mortuis
871 5251 936 5304 ab
980 5253 1046 5306 iis
1097 5253 1188 5324 qui
1220 5253 1540 5311 occiderunt.
1593 5256 1728 5312 Nam
1763 5261 1980 5317 liberari
2035 5279 2093 5318 se

591 5455 852 5512 "IPetr.
893 5473 946 5522 ν,
992 5455 1044 5512 8.
1121 5457 1165 5490 ’ί
1205 5458 1370 5514 Hebr.
1429 5477 1502 5523 Iv,
1565 5459 1651 5514 12.

2198 1949 2692 2019 περιεκύκλωσάν
2713 1967 2809 2019 με·
2827 1949 2970 2014 τοὺς
2992 1950 3336 2018 ὀφθαλμοὺς
3357 1948 3554 2004 αὐτῶν
3579 1951 3788 2004 ἔθεντο

2196 2042 2466 2096 ἐκκλῖναι
2497 2043 2567 2094 ἐν
2595 2039 2670 2110 τῇ
2702 2041 2798 2110 γῇ.
2839 2041 3176 2096 ’Υπέλαϐόν
3199 2059 3273 2110 με
3307 2043 3449 2095 ὡσεὶ
3467 2041 3624 2095 λέων
3641 2042 3790 2096 ἕτοι-

2191 2153 2306 2204 μος
2334 2137 2420 2201 είς
2455 2133 2666 2201 θήραν,
2705 2134 2803 2186 καὶ
2829 2133 2972 2186 ὡσεὶ
3025 2135 3298 2203 σκύμνος
3327 2132 3506 2186 οἰκῶν
3532 2135 3602 2186 ἐν
3637 2135 3787 2188 ἀπο-

2198 2229 2465 2294 κρύφοίς.
2504 2227 2648 2278 Ἀντὶ
2668 2225 2726 2277 δὲ
2781 2224 2896 2290 τοῦ,
2943 2224 3375 2290 Ἐκϐάλλοντές
3402 2243 3479 2293 με
3506 2228 3784 2294 περιεκύ-

2198 2317 2445 2371 κλωσάν
2466 2335 2564 2386 με,
2599 2317 2627 2368 ὁ
2659 2317 2951 2388 Σύμμαχος
2988 2317 3160 2380 οὕτως
3204 2319 3540 2389 ἡρμήνευσε·
3581 2321 3788 2372 Μακα-

2193 2409 2457 2478 ρίζοντές
2511 2425 2588 2477 με
2645 2407 3008 2478 παραχρῆμα
3065 2411 3500 2476 περιεκύκλουν
3548 2427 3643 2480 με,
3689 2411 3786 2463 καὶ

2197 2504 2323 2565 τοὺς
2346 2501 2658 2572 ὀφθαλμοὺς
2687 2501 2741 2554 δὲ
2777 2501 2980 2564 αὐτῶν,
3039 2503 3225 2571 φησιν,
3285 2502 3468 2554 ἔθεντο
3493 2504 3612 2556 κατ’
3647 2501 3782 2573 ἐμοῦ

2199 2595 2292 2647 τοῦ
2323 2593 2652 2664 παρακλῖναί
2679 2611 2766 2663 με.
2794 2594 3210 2666 Παρασαλεῦσαι
3241 2593 3350 2666 γάρ
3381 2611 3448 2664 με
3478 2595 3572 2650 καὶ
3595 2596 3787 2648 ἀποκι-

2199 2685 2360 2756 νῆσαι
2386 2686 2484 2753 τῆς
2548 2687 2790 2749 στάσεως
2843 2687 2938 2740 καὶ
2987 2687 3085 2755 τῆς
3135 2686 3276 2739 κατὰ
3319 2687 3450 2740 Θεὸν
3505 2689 3788 2759 προκοπῆς

2200 2777 2548 2842 ἐσπούδαζον·
2585 2779 2909 2850 μιμούμενοι
2958 2778 3050 2832 τὸν
3083 2779 3352 2832 ἀντίδικον
3399 2780 3554 2850 ἡμῶν
3608 2780 3790 2834 616160-

2200 2867 2310 2932 λον,
2349 2869 2418 2934 ὃς
2455 2869 2535 2935 ὡς
2561 2871 2719 2923 λέων
2743 2870 3090 2937 ἀρυόμενος
3113 2871 3423 2937 περιπατεῖ
3439 2871 3624 2940 ζητῶν
3651 2873 3786 2926 τινα

2201 2959 2484 3026 καταπίῃ.
2529 2958 2852 3014 ’Υπέλαϐόν
2876 2975 2952 3026 με
2987 2961 3081 3014 καὶ
3130 2961 3290 3014 αὑτὸν
3349 2963 3428 3027 ὠς
3455 2961 3612 3016 λέων
3639 2963 3766 3016 Ecce

2195 3068 2309 3118 μος
2333 3053 2420 3116 εὶς
2459 3049 2668 3119 θήραν,
2695 3052 2790 3104 καὶ
2823 3052 2904 3117 ὡς
2931 3053 3201 3121 σκύμνος
3243 3051 3420 3105 οἰκῶν
3438 3053 3507 3106 ἐν
3537 3053 3786 3121 dettcum}-

2203 3160 2358 3212 φοις.
2387 3141 2520 3194 Οὐδὲ
2544 3143 2651 3214 γὰρ
2689 3145 2754 3196 ὲκ
2777 3142 2870 3195 τοῦ
2902 3143 3210 3214 προφανοῦς
3235 3143 3514 3198 ἐποιοῦντο
3543 3145 3642 3216 τὴν
3667 3147 3786 3199 κατ’

2123 3237 2165 3290 C
2199 3232 2333 3302 ἐμοῦ
2370 3233 2660 3303 συσκευὴν,
2686 3233 2822 3286 ἀλλὰ
2847 3233 3120 3305 λαθραίως
3141 3235 3532 3308 ἐνεδρεύοντες.

2287 3343 2627 3413 Ἀνάστηθι,
2649 3347 2850 3414 Κύριε,
2878 3349 3232 3417 πρόεσθασον
3259 3350 3480 3416 αὐτοὺς
3511 3351 3608 3405 καὶ
3639 3354 3788 3407 ὑπο-

2203 3434 2499 3491 σκέλισον
2519 3440 2758 3506 αὐτούς·
2777 3440 2964 3507 ῥῦσαι
2991 3441 3104 3509 τὴν
3129 3441 3335 3512 ψυχήν
3367 3461 3481 3512 μου
3505 3444 3624 3498 ἀπὸ
3648 3447 3790 3499 ἀσε-

2205 3525 2365 3591 ϐοῦς,
2393 3528 2699 3595 ῥομφαίαν
2741 3543 2857 3582 σου
2884 3531 3004 3584 ἀπὸ
3037 3532 3266 3602 ἐχθρῶν
3289 3533 3396 3601 τῆς
3433 3536 3628 3602 χειρός
3647 3553 3784 3591 σου.

2203 3618 2402 3684 Κύριε,
2445 3619 2564 3672 ἀπὸ
2605 3620 2825 3690 ὀλίγων
2862 3622 2981 3676 ἀπὸ
3027 3623 3140 3694 γῆς
3177 3624 3526 3694 διαμέρισον
3567 3627 3790 3693 αὐτοὺς

2203 3709 2272 3761 ἐν
2317 3709 2394 3777 τῇ
2451 3710 2567 3780 ζωῇ
2614 3713 2832 3778 αὐτῶν,
2890 3717 2987 3769 καὶ
3037 3717 3156 3770 τῶν
3208 3719 3630 3788 κεκρυμμένων
3671 3737 3789 3775 σου

2203 3799 2480 3870 ἐπλήσθη
2509 3805 2545 3873 η
2573 3805 2803 3875 γαστὴρ
2837 3807 3055 3862 αὐτῶν.
3105 3810 3597 3878 Ἐχορτάσθησαν
3621 3811 3786 3874 υἱῶν,

2203 3893 2302 3946 καὶ
2346 3893 2591 3963 ἀφῆκαν
2620 3897 2692 3950 τὰ
2725 3899 3062 3954 κατάλοιπα
3108 3902 3234 3967 τοῖς
3287 3905 3530 3972 νηπίοις
3567 3903 3784 3958 αὐτῶν.

2205 3985 2313 4037 Καὶ
2347 3987 2486 4040 κατὰ
2521 3986 2678 4040 τοῦτο
2703 3988 3062 4063 ὠφεληθείην·
3095 3993 3232 4046 ἀλλὰ
3268 3995 3362 4048 καὶ
3391 3994 3490 4066 τὴν
3516 3996 3781 4067 ρομφαίαι

2207 4093 2322 4138 σου,
2350 4079 2501 4148 φησὶ,
2537 4078 2696 4149 ῥῦσαι
2725 4082 2832 4135 ἀπὸ
2859 4085 2958 4153 τῆς
3015 4086 3198 4156 χειρὸς
3255 4086 3360 4140 τῶν
3416 4087 3644 4159 ἐχθρῶν·
3670 4087 3786 4152 δέος

2205 4166 2314 4239 γὰρ
2347 4169 2553 4238 μήποτε
2608 4172 2704 4242 τὴν
2739 4174 2837 4245 σὴν
2870 4177 3162 4247 ῥομφαίαν,
3269 4178 3543 4242 πεποιθὼς
3567 4179 3676 4249 ἐγὼ
3698 4179 3790 4233 κέ-

2205 4277 2416 4331 χρημαι
2454 4265 2574 4315 κατ’
2602 4265 2802 4328 αὐτῶν,
2830 4268 2930 4338 τῆς
2961 4270 3098 4340 ἐμῆς
3133 4272 3315 4341 χειρὸς
3367 4273 3710 4342 ἁρπάσαντες
3737 4272 3789 4326 οι

2205 4351 2472 4422 πολέμιοι,
2515 4355 2610 4408 καὶ
2671 4359 2994 4429 ἀφελόμενοί
3060 4373 3159 4432 μου
3220 4364 3418 4435 αὐτὴν,
3477 4365 3786 4436 χρήσωνται

2206 4445 2340 4516 αὐτῇ
2378 4450 2497 4499 κατ’
2533 4449 2687 4518 ἐμοῦ.
2723 4452 2821 4521 Εῖη
2851 4452 2896 4503 δ’
2927 4453 2992 4505 ἂν
3018 4455 3046 4505 ὁ
3079 4453 3172 4506 τοῦ
3205 4453 3339 4508 Θεοῦ
3374 4455 3529 4524 λόγος
3581 4456 3608 4508 ό
3638 4457 3790 4526 ἐνερ-

2205 4536 2306 4608 γὴς
2342 4538 2435 4591 καὶ
2465 4540 2770 4612 τομώτερος
2802 4543 2940 4615 ὑπὲρ
2969 4548 3145 4598 πᾶσαν
3199 4548 3469 4618 μάχαιραν
3513 4541 3811 4618 δίστομον,¹

2831 4636 2950 4688 ἀντὶ
2973 4637 3249 4708 ῥομφαίας
3269 4639 3405 4709 πρὸς
3439 4639 3648 4706 ἄμυναν
3679 4635 3787 4690 τῶν

2203 4717 2430 4788 ἐχθρῶν·
2470 4723 2606 4792 ὅπερ
2632 4725 2917 4794 συμϐαίνει
2975 4727 3254 4792 πολλάκις,
3291 4729 3508 4782 ὲπειδάν
3529 4733 3577 4782 οἱ
3603 4729 3787 4802 ἐχθροὶ⁵

2201 4805 2298 4858 τοῦ
2323 4807 2478 4874 Θεοῦ,
2515 4813 2751 4876 τὰςοὰπὸ
2784 4817 2891 4870 τῶν
2913 4817 3073 4872 θείων
3115 4819 3347 4893 Γραφῶν
3396 4821 3570 4885 λέξεις
3603 4821 3698 4873 καὶ
3719 4820 3790 4874 τὰ

2205 4900 2606 4973 ἁναγνώσματα
2635 4907 3000 4973 ἀποϐαλόντες
3029 4913 3122 4964 καὶ
3149 4911 3572 4983 ἀνατρέψαντεςς
3607 4909 3666 4976 ἐξ
3693 4913 3786 4965 σὺ*

2202 4992 2311 5046 τῶν
2341 5005 2433 5046 και.
2461 4993 2529 5046 δι’
2558 4998 2737 5052 αὐτῶν
2770 4999 2868 5064 τὰς
2921 5002 3214 5074 ἀκεραίους
3245 5003 3660 5058 καταπαλαξωσι
3685 5003 3788 5073 qm.

2199 5081 2322 5152 λάς.
2357 5082 2450 5136 Διὸ
2475 5082 2692 5155 εὔχεται
2719 5088 2826 5142 ἀπὸ
2850 5091 2959 5144 τῶν
2989 5093 3200 5165 ἐχθρῶν
3228 5095 3322 5148 τοῦ
3357 5093 3492 5148 Θεοῦ
3521 5093 3789 5164 ρυσθῆναε.

2199 5175 2299 5244 τὴν
2331 5177 2602 5246 ῥομφαίαν
2637 5181 2822 5246 αὐτοῦ,
2878 5185 2972 5238 καὶ
3022 5186 3138 5240 ἀπὸ
3197 5188 3420 5256 ὀλίγων
3480 5185 3598 5240 ἀπὸ
3651 5183 3784 5256 τῆς·

2203 5263 2316 5316 ἀνθ’
2341 5259 2401 5317 οὗ
2427 5269 2454 5318 ὁ
2489 5269 2586 5338 μὲν
2635 5271 2864 5338 Ἀκύλας
2912 5275 3192 5340 ἐξέδωκεν·
3245 5279 3362 5333 ἀπὸ
3416 5279 3789 5346 τεθνηκότων

589 5665 663 5754 (l9
705 5665 828 5721 llaec
859 5665 1310 5754 Latine‘exprimi
1326 5675 1640 5752 nequeunt;
1671 5665 1724 5721 in
1750 5667 1897 5726 textu
1930 5669 2140 5744 Grieco,
2160 5691 2372 5734 necnon
2402 5675 2454 5734 in
2483 5683 2741 5741 omnibus
2769 5701 2902 5742 mss.
2921 5683 3246 5749 Bibliorum,
3283 5683 3479 5754 legitur
3509 5681 3780 5737 ταλαιπω-

519 5737 820 5810 ρησάντων,
849 5753 956 5795 non
975 5737 1500 5809 ταλαιπωριζόντων.
