4086 6594
299 353 406 416 165

1437 351 1942 413 (ΖΟΜΜΕΝΤΑΒῙΑ
1982 352 2050 407 ΙΝ
2080 351 2428 409 PSALMOS.

3465 366 3566 421 I66

297 474 368 527 ἐκ
396 471 796 538 καταδύσεως·
838 473 866 526 6
893 472 949 526 δὲ
977 470 1289 544 Σύμμαχος·
1316 473 1389 543 (1)
1449 474 1592 528 Ἀπὸ
1651 473 1865 542 νεκρῶν

1989 479 2246 540 precatur
2281 473 2446 527 etiam
2473 473 2540 528 ab
2580 473 2646 530 iis
2681 458 2920 545 quijam
2955 475 3098 531 inter
3131 485 3379 536 mortuos
3409 495 3563 536 com-

299 564 417 619 ἀπὸ
450 564 877 618 ἐνδεδυκότων.
927 563 1217 634 Ῥυσθῆναι
1253 565 1361 636 γὰρ
1391 565 1608 635 εὐχεται
1642 566 1736 619 καὶ
1771 564 1882 619 ἀπὸ

298 656 408 710 τῶν
432 657 490 710 ἐν
518 659 732 729 νεκροῖς
791 656 892 726 ἤδη
951 655 1346 726 λελογισμένων
1395 656 1483 709 διά
1534 658 1597 710 τὸ
1645 657 1880 728 πάμπαν

299 747 624 819 ἐστερῆσθαι
652 749 750 817 τῆς
773 746 913 799 κατά
941 746 1072 810 Θεὸν
1106 746 1270 816 ζωῆς.
1315 748 1460 801 Ἀντὶ
1509 749 1566 802 δὲ
1616 750 1732 814 τοῦ,
1759 750 1883 804 δια-

292 837 546 909 μέρισον
572 839 814 904 αὐτοὺς,
855 841 884 892 ὁ
924 839 1020 909 μὲν
1053 838 1282 902 Ἀκύλας
1310 842 1672 912 ἡρμήνευσεν,
1699 843 1882 912 μέρος

297 931 497 985 αὐτῶν
516 932 586 984 ἐν
617 930 749 1000 ζωῇ*
779 934 807 984 6
828 931 883 984 δὲ
917 931 1228 1003 Σύμμαχος,
1276 933 1315 999 ἡ
1361 933 1532 1001 μερίς
1581 933 1780 988 αὐτῶν
1811 936 1881 988 ἑν

296 1022 494 1083 ζῶσιν.
519 1023 768 1077 Διδάσκει
801 1024 856 1077 δὲ
885 1024 973 1078 διὰ
1002 1024 1225 1088 τούτων,
1261 1024 1337 1088 ὡς
1373 1026 1482 1078 τῶν
1538 1027 1635 1097 μὲν
1667 1026 1879 1080 ἀσεϐῶν

295 1115 392 1167 καὶ
437 1114 548 1168 τῶν
581 1115 839 1178 πολλάκις
868 1116 1272 1187 ὠνομασμένων
1305 1115 1516 1187 ἐχθρῶν
1564 1116 1656 1170 τοῦ
1684 1117 1818 1170 Θεοῦ
1843 1119 1877 1188 ἡ

301 1207 483 1278 μερὶς,
521 1208 614 1260 καὶ
637 1210 665 1261 6
695 1207 914 1280 κλῆρος,
933 1209 1027 1262 καὶ
1057 1210 1206 1261 πᾶσα
1231 1210 1264 1280 ἡ
1291 1207 1578 1280 περιουσία
1603 1211 1660 1261 ἐν
1684 1210 1748 1278 τῇ
1777 1226 1880 1260 πα-

302 1297 471 1369 ρούσῃ
519 1297 627 1368 ζωῇ
657 1301 912 1369 τυγχάνει
945 1301 1038 1354 καὶ
1061 1301 1118 1353 ἐν
1143 1299 1220 1371 τῷ
1253 1300 1434 1372 θνητῷ
1469 1301 1587 1371 βίῳ·
1622 1302 1679 1354 ὲν
1711 1295 1754 1368 ᾧ
1783 1301 1876 1354 καὶ

295 1390 541 1461 ἐπλήσθη
565 1392 598 1462 ἡ
630 1394 843 1465 γαστὴρ
872 1394 1050 1447 αὐτῶν
1079 1392 1260 1465 πάσης
1316 1395 1543 1466 τροφῆς,
1569 1395 1662 1446 καὶ
1697 1395 1877 1466 πάσης

289 1483 664 1551 ἀπολαύσεως,
696 1487 790 1540 καὶ
839 1487 1069 1557 τρυφῆς.
1135 1485 1291 1539 Ἀλλὰ
1343 1488 1435 1540 καὶ
1466 1487 1585 1542 τῶν
1625 1506 1878 1558 κεκρυμ-

280 1575 483 1647 μένων
505 1593 622 1632 σου
651 1578 834 1650 φησίν·
871 1579 986 1633 ἀνθ’
1020 1572 1080 1632 οὗ
1115 1582 1143 1633 ὁ
1192 1579 1486 1651 Σύμμαχος
1509 1581 1874 1654 ἠρμήνευσεν,

282 1667 386 1721 καί
411 1668 530 1722 τῶν
590 1670 914 1726 ἀποθέτων.
947 1673 1088 1725 Ὅσα
1121 1671 1229 1741 γάρ
1285 1673 1431 1725 ἐστιν
1487 1673 1545 1725 ἐν
1575 1673 1653 1744 τῷ
1699 1673 1878 1745 θνητῷ

280 1757 388 1832 βίῳ
420 1764 514 1815 καὶ
541 1766 608 1834 τῇ
638 1764 803 1836 θνητῇ
829 1763 943 1837 ζωῇ
975 1765 1154 1836 τίμια,
1205 1765 1316 1818 τῶν
1335 1763 1710 1838 νομιζομένων
1743 1769 1877 1821 ἀπο-

279 1849 454 1905 θέτων
488 1853 581 1906 καὶ
611 1854 966 1927 ἀποκρύφων,
987 1856 1306 1924 ἐσχήκασιν.

352 1945 516 1998 Αὐτοὶ
551 1946 681 2014 γοῦν
708 1947 804 2000 καὶ¹
857 1946 1059 2018 χρυσὸν
1098 1945 1194 1999 καὶ
1241 1945 1483 2016 ἄργυρον
1542 1947 1638 2000 καὶ
1692 1948 1870 2002 πάντα

281 2038 386 2110 γῆς
425 2038 676 2110 μέταλλα·
712 2039 1188 2111 περιειργάσαντο,
1238 2039 1418 2104 λίθους
1463 2057 1524 2093 τε
1585 2041 1871 2106 παντοίους

282 2131 498 2202 τιμίους
549 2132 644 2185 καλ⁸
701 2131 1007 2194 πολυτελεῖς
1072 2131 1462 2204 ὲξηρεύνησαν,
1521 2135 1614 2187 καλ⁵
1667 2133 1870 2188 τούτω)

281 2222 539 2278 ἀπάντων
569 2223 936 2294 ἐπλήσθησανο
963 2223 1166 2277 τέκνων
1197 2225 1254 2277 δὲ
1280 2226 1372 2278 καὶ
1405 2225 1556 2289 υἱῶν,
1576 2227 1668 2278 καὶ
1703 2225 1870 2295 θυγα-

278 2314 456 2386 τέρων
486 2317 911 2388 ἐνεφορήθησαν.
936 2316 1026 2369 Διὸ
1056 2317 1315 2386 ἐπιλέγειο
1373 2318 1869 2388 Ἔχορτὰσθησαν

277 2405 445 2460 υἱῶν.
477 2410 584 2461 Καὶ
610 2409 670 2460 οὐ
696 2407 854 2478 μόνον
883 2426 945 2477 γε
972 2409 1124 2463 αὐτοὶ
1175 2410 1378 2464 τούτων
1435 2411 1862 2484 ἐχορτάσθησαν,

277 2496 394 2550 ἀλλ’
421 2497 822 2569 ἐμπλησθέντες
875 2499 1025 2552 αὐτοί
1072 2517 1132 2552 τε
1179 2501 1452 2572 πρότεροι,
1509 2501 1743 2574 κλήρους
1769 2504 1863 2558 καὶ

273 2588 528 2658 διαδοχὰς
551 2592 660 2652 τοῖς
688 2590 801 2660 μετ’
837 2592 1032 2656 αὐτοὺς
1082 2591 1324 2660 ἐγγόνοις
1387 2595 1858 2654 καταλελοίπασιν.

279 2680 476 2744 Ἀλλος
499 2679 680 2751 φησίνδ
713 2681 774 2733 Et
814 2682 908 2734 καὶ
935 2681 1013 2752 τῷ
1045 2681 1258 2751 θανάτῳ
1307 2685 1528 2749 τούτους
1561 2685 1860 2757 παραπέμ-

272 2770 374 2839 ψαι
411 2771 494 2822 σοὶ
516 2770 716 2842 ῥᾴδιον,
749 2765 1074 2825 ὧΔὲσποτα·
1112 2772 1224 2826 ἀλλ’
1260 2769 1352 2827 οὖν
1405 2775 1629 2828 ἱκετεύω
1654 2774 1863 2839 ζῶντάς

275 2863 476 2926 αὐτοὺς
502 2863 884 2934 σκεδασθῆναι,
919 2865 1012 2917 καὶ
1045 2865 1142 2935 τὴν
1175 2867 1350 2937 κακὴν
1398 2867 1576 2920 αὐτῶν
1633 2884 1862 2938 συμφω-

271 2953 395 3008 νίαν
433 2952 770 3023 διαλυθῆναι,
802 2954 896 3008 καὶ
927 2953 1035 3005 τῶν
1063 2955 1440 3026 ἀποκειμένων
1466 2973 1545 3010 σοι
1580 2958 1860 3030 τιμωριῶν

275 3048 593 3116 μετασχεῖν.
635 3045 789 3098 Οὕτω
816 3045 924 3117 γάρ
950 3048 1006 3098 ὲν
1037 3049 1103 3118 τῇ
1138 3047 1346 3122 μεγάλη
1402 3049 1510 3119 ᾠδῇ
1569 3049 1663 3103 τοῦ
1695 3052 1861 3104 Μωῦ-

276 3139 414 3203 σέως
438 3138 603 3202 αὐτὸς
624 3140 652 3191 ὁ
679 3138 812 3202 Θεός
846 3157 1010 3211 φησιν
1039 3156 1053 3170 ’
1089 3143 1209 3194 Οὐκ
1251 3140 1378 3193 ἰδοὺ
1429 3141 1615 3195 ταῦτα
1663 3143 1860 3196 πάντα

1986 570 2270 631 putantur,
2305 565 2430 634 quia
2466 566 2576 619 "vita
2619 563 2730 630 illa,
2760 584 2881 637 quae
2925 571 3221 625 secundum
3249 570 3414 628 Deum
3449 583 3558 640 est,

1985 655 2203 723 penitus
2236 656 2538 724 privantur.
2586 641 2725 712 Illud
2757 667 2959 741 autem,
3007 661 3178 716 divide
3219 671 3559 741 eos,Aquila,

1987 760 2112 813 pars
2141 762 2322 800 eorum
2357 749 2410 801 in
2454 751 2583 812 vita,
2617 739 3039 821 interpretatur;
3072 739 3431 825 Symmachus
3465 773 3564 814 au-

1987 843 2117 899 tem,
2150 853 2274 902 pars
2299 856 2477 892 eorum
2505 841 2559 892 in
2593 842 2894 896 viventibus.
2926 841 3020 897 His
3050 859 3215 912 porro
3240 848 3420 910 docet,
3459 848 3562 901 im-

1984 925 2199 993 piorum
2235 934 2288 980 et
2333 928 2679 983 inimicorum
2716 928 2831 995 Dei,
2877 931 2968 998 qui
3004 932 3058 983 in
3109 931 3193 986 his
3241 933 3560 1002 plerumque

1985 1027 2382 1082 memorantur,
2412 1021 2740 1088 portionem.
2773 1030 2971 1075 sortem
3003 1036 3302 1093 omnesque
3333 1024 3561 1079 faculta-

1983 1122 2065 1168 tes
2097 1115 2151 1167 in
2198 1114 2300 1168 hac
2332 1116 2589 1185 praesenti
2623 1124 2676 1170 et
2715 1118 2932 1170 mortali
2967 1118 3078 1173 vita
3127 1119 3262 1173 sitas
3293 1135 3432 1183 esse,
3470 1122 3560 1176 ubi

1982 1215 2170 1260 venter
2197 1222 2387 1262 eorum
2413 1208 2560 1262 omni
2601 1209 2846 1262 ciborum
2880 1225 3097 1278 genere,
3125 1213 3268 1263 omni
3305 1211 3562 1268 felicitate

1981 1313 2045 1353 ac
2082 1301 2360 1368 voluptate
2409 1302 2671 1371 repletur.
2735 1301 2848 1355 Imo
2904 1303 3068 1356 etiam
3112 1303 3176 1357 de
3234 1303 3560 1359 absconditis

1982 1388 2126 1455 tuis;
2158 1393 2320 1462 cujus
2354 1392 2474 1447 loco
2524 1391 2888 1464 Symmachus
2930 1394 3341 1464 interpretatur,
3397 1406 3447 1451 et
3487 1414 3562 1453 re-
3601 1387 3609 1398 ’

1979 1473 2167 1554 positis
2213 1489 2338 1542 tuis.
2377 1486 2656 1557 Siquidem
2698 1505 2889 1544 eorum
2935 1492 3178 1545 omnium
3209 1509 3330 1562 qua:
3371 1494 3426 1548 in
3457 1495 3560 1550 hac

1981 1578 2200 1631 mortali
2229 1579 2338 1632 vita
2386 1591 2687 1634 occurrunt
2717 1583 3106 1651 pretiosorum,
3136 1599 3257 1653 quin
3292 1586 3435 1641 inter
3473 1601 3560 1642 re-

1980 1670 2202 1724 condita
2238 1679 2291 1726 et
2322 1672 2507 1727 abdita
2540 1682 2946 1743 computantur,
2979 1677 3135 1746 potiti
3166 1686 3316 1736 sunt.

2052 1930 2133 1984 Illi
2184 1931 2370 2003 itaque
2421 1949 2637 2000 aurum,
2693 1945 3006 2006 argentum,
3054 1939 3351 2011 omniaque
3397 1949 3556 1999 terra:

1979 2022 2196 2076 metalla
2244 2038 2457 2077 summa
2506 2040 2638 2078 cura
2679 2027 3144 2096 perquisiverunt,
3179 2032 3388 2102 lapides
3433 2051 3555 2105 pre-

1979 2112 2151 2169 tiosos
2189 2115 2273 2169 vel
2317 2116 2635 2172 rarissimos
2679 2119 2924 2187 cujusvis
2972 2123 3189 2190 generis
3227 2128 3557 2198 pervestiga-

1975 2212 2127 2266 runt,
2163 2205 2338 2274 iisque
2362 2207 2621 2263 omnibus
2654 2209 2937 2280 adimpleti
2971 2221 3100 2266 sunt
3135 2232 3148 2267 :
3184 2215 3307 2270 ﬁliis
3344 2233 3557 2273 mascu-

1975 2296 2044 2349 lis
2081 2294 2366 2352 feminisve
2402 2299 2637 2353 saturati
2664 2308 2812 2355 sunt.
2843 2301 3210 2368 Quamobrem
3247 2307 3550 2379 subjungit,

1973 2388 2209 2440 saturati
2249 2397 2371 2441 sunt
2401 2389 2550 2456 ﬁliis.
2596 2389 2785 2460 Neque
2838 2393 2914 2448 illi
2963 2404 3172 2451 tantum
3221 2398 3288 2454 iis
3321 2402 3550 2456 saturati

1974 2488 2143 2543 sunt;
2177 2479 2271 2533 sed
2301 2488 2589 2550 postquam
2633 2482 2736 2552 ipsi
2772 2485 2986 2554 priores
3021 2489 3086 2543 ad
3121 2490 3430 2546 satietatem
3463 2509 3552 2550 us-

1971 2588 2078 2642 que
2111 2573 2176 2628 iis
2212 2583 2341 2627 sunt
2367 2575 2474 2637 usi,
2502 2576 2872 2632 haereditatem
2907 2583 3423 2654 successionemque
3455 2603 3551 2642 ne-

1970 2664 2190 2734 potibus
2218 2667 2572 2722 transmisere
2616 2668 2752 2724 suis.
2796 2671 2951 2728 Alius
2997 2673 3077 2728 sic
3114 2671 3548 2747 interpretatur:

1972 2757 2219 2820 Etiamsi,
2257 2760 2455 2830 inquit.
2505 2760 2767 2831 perfacile
2819 2764 2914 2819 tibi
2973 2767 3065 2830 sit,
3103 2764 3350 2834 Domine,
3401 2773 3550 2840 ipsos

1970 2855 2147 2902 morte
2174 2847 2384 2903 allicere
2411 2869 2422 2903 :
2462 2858 2537 2912 at,
2577 2867 2762 2920 quaeso
2783 2861 2855 2916 te,
2884 2855 3132 2912 homines
3155 2858 3284 2912 dum
3308 2860 3409 2914 hac
3441 2863 3548 2916 vita

1971 2938 2231 2994 fruuntur
2249 2941 2554 3012 disjungas,
2582 2943 2995 3016 improbamquc
3023 2949 3168 3003 illam
3201 2955 3550 3007 concordiam

1970 3033 2229 3105 dissipes,
2280 3044 2339 3089 ut
2381 3052 2411 3089 a
2455 3045 2507 3092 te
2547 3040 2820 3108 repositas
2859 3042 3162 3097 sceleribus
3211 3047 3325 3100 suis
3362 3062 3553 3116 pmnas

1970 3123 2144 3180 luant.
2171 3126 2247 3180 Ita
2280 3128 2421 3182 enim
2448 3127 2502 3181 in
2534 3144 2732 3199 magno
2766 3129 3226 3202 Moysiscantico
3251 3134 3392 3192 Deus
3432 3137 3550 3209 ipse

269 3228 579 3298 συνῆκται
610 3231 746 3300 παρ’
779 3231 927 3300 ἐμοὶ,
957 3233 1054 3286 καὶ
1079 3231 1476 3301 ἐσφράγισται
1499 3235 1569 3287 ἐν
1611 3234 1736 3300 τοῖς
1765 3239 1865 3303 θη-

1971 3219 2214 3288 loquitur
2252 3219 2485 3273 :Annon
2525 3236 2640 3274 ecce
2685 3220 2796 3276 Ita'c
2844 3225 3022 3277 omnia
3061 3237 3378 3296 congregata
3425 3237 3550 3282 sunt

272 3322 526 3391 σαυροῖς
543 3339 683 3392 μουο
715 3323 785 3376 ἐν
807 3323 992 3393 ἡμέρῃ
1019 3323 1382 3390 ἐκδικήσεως
1435 3326 1858 3391 ἀνταποδώσω,

270 3415 340 3468 ἐν
368 3415 556 3483 καιρῷ
595 3414 742 3469 ὅταν
769 3415 980 3484 σφαλῇ
1007 3419 1038 3468 o'
1068 3415 1223 3482 ποῦς
1270 3416 1486 3470 αὐτῶν.
1536 3417 1645 3470 Καὶ
1706 3418 1862 3472 τοῦτο

271 3508 329 3561 δὲ
359 3511 388 3561 6
422 3506 724 3579 Σύμμαχος
747 3506 916 3569 οὕτως
966 3507 1296 3578 ήρμήνευσε-
1338 3507 1860 3575 Χορτασθήσονται

270 3598 409 3664 υἱοὶ,
440 3599 542 3652 καὶ
568 3595 878 3665 ἀφήσουσι
906 3596 978 3649 τὰ
1020 3597 1286 3664 λείψανα
1341 3595 1539 3649 αὐτῶν
1590 3597 1716 3663 τοῖς
1748 3615 1858 3665 νη-

271 3691 430 3754 πίοις
460 3687 683 3742 αὐτῶν.
721 3682 870 3748 Οἶδα,
907 3687 1091 3756 φησὶν,
1117 3688 1197 3738 ὅτι
1242 3685 1337 3756 τὴν
1389 3687 1601 3741 δικαίαν
1635 3705 1727 3741 σου
1779 3706 1860 3741 τι-

273 3772 488 3851 μωρίαν
521 3777 584 3830 οὐ
624 3775 782 3846 μόνον
813 3775 996 3838 αὐτοῖς
1031 3774 1271 3838 ἐπάξεις,
1297 3774 1431 3826 ἀλλά
1464 3776 1556 3827 καὶ
1584 3779 1697 3838 τοῖς
1721 3777 1858 3829 υἱέσι

270 3875 364 3927 παὶ
395 3873 506 3935 τοῖς
543 3869 790 3938 ἐγγόνοις
838 3867 945 3921 τῶν
994 3867 1272 3937 προγόνων
1332 3867 1590 3938 πονηρίαν
1620 3885 1861 3938 μιμησα-

277 3969 472 4038 μένοις.
506 3964 582 4016 Τὸ
604 3963 682 4026 δὲ,
712 3958 1251 4032 χορτασθήσονται,
1303 3959 1423 4013 ἀντὶ
1449 3959 1566 4024 τοῦ,
1596 3963 1674 4023 είς
1698 3961 1858 4033 κόρον

278 4057 555 4128 μεθέξουσι
583 4054 692 4107 τῶν
714 4051 918 4107 κακῶν.

353 4148 498 4218 Ἐγὼ
553 4145 625 4200 δὲ
678 4147 749 4199 ἐν
779 4144 1132 4212 δικαιοσύνῃ
1188 4142 1524 4212 ὀφθήσομαι
1583 4143 1662 4209 τῷ
1713 4160 1857 4212 προ-

277 4239 452 4304 σώπῳ
483 4251 626 4293 σουο
675 4233 1167 4306 χορτασθήσομαι
1214 4232 1284 4285 ἐν
1338 4231 1417 4297 τῷ
1461 4231 1721 4302 ὀφθῆναί
1753 4252 1857 4303 μοι

273 4334 384 4402 τὴν
407 4333 601 4398 δόξαν
628 4344 764 4385 σου.
809 4330 1032 4381 Ἐκεῖνοι
1081 4327 1176 4396 μὲν
1211 4325 1463 4389 τοιαύτας
1501 4324 1730 4379 δώσουσι
1774 4326 1855 4379 δί-

273 4443 390 4491 κάς
415 4425 525 4496 ἐγὼ
545 4424 609 4479 δὲ
641 4427 754 4486 τοῖς
787 4421 936 4492 παρὰ
958 4421 1055 4491 τῆς
1091 4419 1307 4482 δικαίας
1341 4419 1596 4489 προνοίας
1631 4418 1856 4487 ἀγαθοῖς

275 4519 616 4590 ἑντρυφήσω,
649 4518 840 4586 πεῖραν
879 4513 1141 4584 μεγίστην
1167 4512 1266 4581 τῆς
1298 4512 1397 4582 σῆς
1433 4512 1750 4581 εὐεργεσίας
1769 4513 1854 4565 δε-

1966 3311 2106 3378 apud
2137 3328 2237 3375 me,
2267 3321 2316 3364 et
2350 3312 2562 3382 signata
2596 3313 2649 3365 in
2690 3313 2949 3368 thesauris
2983 3317 3108 3370 meis
3134 3332 3152 3369 .·
3175 3317 3227 3370 in
3264 3318 3349 3372 die
3387 3319 3550 3372 ultio-

1964 3404 2047 3457 nis
2101 3403 2412 3468 retribuam,
2473 3424 2573 3476 quo
2601 3416 2827 3476 tempore
2881 3407 3088 3462 labetur
3134 3427 3223 3480 pes
3278 3429 3456 3465 eorum
3478 3406 3545 3467 ⁸³.

1964 3494 2092 3549 Ilzec
2125 3496 2198 3549 ita
2230 3495 2592 3567 Symmachus
2629 3500 3040 3569 interpretatur,
3085 3503 3548 3574 salui-abunturﬁ-

1965 3585 2071 3648 liis,
2097 3594 2147 3639 et
2181 3586 2444 3641 dimittent
2484 3580 2734 3660 reliquias
2779 3607 2905 3645 suas
2951 3591 3184 3660 parvulis
3229 3595 3359 3646 suis.
3386 3589 3543 3661 Novi,

1965 3677 2164 3747 inquit,
2203 3685 2256 3732 te
2285 3695 2395 3733 non
2426 3681 2586 3735 modo
2617 3681 2859 3736 debitum
2896 3682 2964 3736 iis
3008 3684 3332 3753 supplicium
3362 3687 3546 3740 illat-u-

1963 3786 2111 3834 rum,
2147 3771 2242 3826 sed
2281 3773 2445 3825 etiam
2481 3772 2605 3826 [iliis
2646 3789 2710 3827 ac
2744 3774 3037 3842 nepotibus
3081 3790 3293 3840 eorum,
3334 3779 3378 3832 si
3413 3780 3542 3848 qui-

1965 3861 2088 3916 dem
2124 3876 2351 3914 avorum
2389 3863 2688 3932 nequitiam
2720 3863 3022 3918 imitentur.
3048 3865 3184 3918 Illud
3219 3874 3418 3936 autem,
3449 3887 3543 3925 sa-

1967 3952 2311 4016 turabuntur,
2347 3948 2398 4006 id
2421 3963 2524 4018 est,
2557 3955 2624 4008 ad
2649 3955 2957 4010 satietatem
2989 3962 3042 4010 et
3064 3955 3343 4012 fastidium
3372 3975 3542 4031 usque

1961 4045 2124 4098 malis
2155 4060 2277 4100 sese
2306 4045 2525 4101 dedent.

2033 4136 2202 4192 Vens.
2242 4137 2327 4191 15.
2370 4136 2478 4208 Ego
2511 4149 2687 4193 autem
2717 4141 2770 4193 in
2788 4140 3006 4208 justitia
3037 4141 3296 4211 apparebo
3329 4161 3542 4216 conspe-

1959 4231 2068 4283 ctui
2105 4241 2216 4295 tuo,
2258 4233 2498 4285 ,ςαιίαοον
2541 4250 2659 4286 cum
2708 4235 3014 4303 apparuerit
3057 4236 3186 4289 milii
3214 4236 3386 4306 gloria
3422 4247 3535 4293 tua.

1958 4322 2039 4376 Illi
2070 4323 2288 4393 quidem
2320 4325 2633 4394 hujusmodi
2682 4342 2874 4396 poenas
2919 4328 3148 4383 dabunt.
3197 4322 3308 4400 Ego
3356 4343 3538 4387 autem

1958 4417 2164 4485 paratis
2199 4432 2228 4469 a
2257 4418 2406 4486 justa
2439 4419 2778 4488 providentia
2829 4428 2919 4472 tua
2953 4419 3105 4474 fruar
3140 4421 3319 4485 bonis,-
3362 4422 3539 4477 maxi-

1958 4523 2219 4578 mumque
2263 4509 2630 4565 beneﬁcentia:
2673 4519 2780 4565 tua:
2825 4529 3037 4567 sumam
3083 4514 3534 4582 experimentum.

271 4578 512 4679 capiet/oc:
569 4605 722 4675 Ἐγὼ
743 4578 804 4659 δὲ
836 4578 901 4676 τῇ
938 4578 1258 4676 ποριστθείσῂ
1306 4578 1394 4674 μοι
1450 4578 1764 4675 δικαιοσύνῃ
1792 4623 1850 4658 τε

1971 4597 2071 4668 Ego
2106 4615 2239 4654 sane
2266 4601 2492 4666 justitia:
2530 4610 2692 4670 atque
2724 4604 2938 4666 virtuti,
2979 4604 3138 4671 cujus
3179 4613 3369 4657 auctor
3404 4605 3538 4658 mihi

270 4695 362 4748 καὶ
404 4697 570 4768 ἀρετῇ
621 4694 838 4766 θαρρῶν
903 4695 1471 4764 πεπαρῤησιασμὲνως
1514 4695 1852 4765 ὀφθήσομαι

275 4785 352 4852 τῷ
379 4789 676 4858 προσώπῳ
705 4802 841 4840 σου.
891 4785 1002 4838 Καὶ
1035 4785 1174 4856 αὕτη
1212 4784 1300 4855 μοί
1333 4787 1479 4838 ἐστιν
1535 4787 1707 4852 ἐλπὶς,
1755 4787 1850 4841 καὶ

279 4874 425 4947 οὗτος
460 4883 628 4953 μέγας
683 4880 897 4953 κλῆρος·
956 4873 1017 4933 οὗ
1075 4895 1203 4931 ποτε
1258 4878 1704 4951 πληρωθήσομαι,
1761 4882 1851 4935 καὶ

280 4971 704 5044 χορτασθήσομαι
751 4973 931 5044 πάσης
991 4973 1235 5047 τρυφῆς,
1271 4975 1328 5027 ὲν
1358 4971 1438 5043 τῷ
1481 4972 1710 5043 ὀφθῆναι
1753 4973 1851 5043 τὴν

279 5059 426 5128 δόξαν
448 5080 538 5117 σου
565 5067 623 5118 ὲν
652 5068 720 5135 τῇ
745 5065 851 5120 τῶν
875 5066 1118 5138 οὐρανῶν
1147 5067 1412 5138 βασιλείᾳ.

847 5181 1144 5234 ΨΑΑΜΟΣ
1191 5182 1286 5238 IZ'.

343 5268 442 5335 Είς
471 5271 536 5324 τὸ
564 5273 741 5338 τέλος
774 5271 853 5337 τῷ
899 5273 1062 5326 παιδὶ
1090 5275 1304 5342 Κυρίου
1327 5267 1410 5340 τῷ
1436 5273 1636 5334 Δαυτδ,
1653 5269 1848 5324 delci-

283 5359 430 5426 λησε
458 5358 535 5432 τῷ
582 5365 778 5432 Κυρίῳ
828 5362 970 5429 τοὺς
1005 5365 1226 5433 λόγους
1276 5362 1388 5430 τῆς
1411 5362 1572 5430 ᾡδῆς
1601 5363 1843 5427 ταύτης,

353 5519 395 5549 ⁸³
433 5509 586 5577 Deut;
631 5539 806 5585 xxx",
866 5518 956 5575 36.

1960 4689 2134 4750 fuisti,
2163 4695 2425 4756 conlisus,
2461 4701 2576 4746 tuta
2599 4695 2934 4748 conscientia
2961 4693 3218 4763 apparebo
3241 4695 3539 4762 conspectui

1961 4793 2072 4836 tuo.
2105 4783 2215 4837 Hac
2248 4785 2302 4837 in
2347 4800 2444 4852 spe
2492 4801 2720 4838 versor:
2753 4786 2867 4840 hzec
2911 4785 3045 4839 mihi
3086 4800 3279 4856 magna
3315 4785 3537 4840 hmredi-

1959 4883 2066 4931 tas.
2117 4891 2225 4944 qua
2280 4874 2552 4944 replebor,
2605 4882 2659 4928 et
2712 4873 2776 4927 ad
2826 4874 3130 4928 satietatem
3184 4889 3357 4944 usque
3387 4873 3536 4928 omni

1958 4968 2238 5037 voluptate
2275 4966 2450 5031 fruar,
2484 4982 2609 5021 cum
2653 4967 2706 5019 in
2736 4980 2903 5037 regno
2927 4967 3189 5024 caelorum
3221 4968 3535 5038 apparuerit
3574 4994 3586 5006 ιν

1963 5059 2136 5130 gloria
2167 5066 2279 5114 tua.

2481 5171 2807 5227 PSALMUS
2845 5171 3008 5228 XVII.

2031 5262 2196 5317 Vens.
2235 5263 2285 5317 1.
2313 5261 2379 5316 1η
2401 5263 2558 5332 ﬁnem
2575 5280 2736 5332 puero
2756 5264 2958 5319 domini
2979 5264 3167 5330 David,
3189 5281 3306 5335 quae
3328 5265 3534 5321 locutus

1956 5369 2034 5413 est
2091 5359 2315 5415 Domino
2353 5358 2512 5413 verba
2551 5361 2750 5414 cantici
2783 5359 2964 5430 hujus,
2997 5359 3053 5414 in
3092 5359 3176 5413 die
3204 5375 3308 5428 qua
3337 5358 3530 5425 eripuit

355 5662 426 5732 (l)
464 5662 586 5718 llaec
629 5672 757 5719 sunt
818 5659 1083 5716 Hebraica
1135 5655 1319 5716 verba,
1365 5657 1538 5712 ειη-τι
1570 5634 1726 5737 ΒΡΒΠ

1971 5659 2189 5712 :tnnn.
2219 5651 2428 5724 Aquilae
2470 5659 2850 5727 interpretatio
2887 5657 3016 5712 huic
3078 5672 3306 5727 prorsus
3336 5653 3532 5708 similis

292 5752 452 5830 fertur
483 5756 912 5830 apudpDrusium
942 5760 1000 5830 et
1020 5750 1156 5805 alios
1188 5766 1204 5830 ξ
1232 5746 1324 5801 sed
1343 5744 1668 5828 Symmachi
1702 5744 1865 5826 versit

1980 5748 2111 5830 tiata
2147 5748 2389 5830 occurrit
2411 5749 2846 5830 ihidemLdets
2885 5751 2992 5805 ἀπὸ
3037 5750 3142 5802 τῶν
3177 5747 3532 5806 ὲνδεδοκότιυν

290 5825 319 5892 ἡ
351 5827 500 5897 μερὶς
519 5819 589 5882 ’ἐν
623 5826 753 5898 ζωῇ.
791 5827 855 5882 At
880 5824 1041 5881 lectio
1081 5822 1266 5875 nostra
1311 5819 1598 5879 sincerior,
1625 5831 1746 5886 quae
1780 5819 1833 5870 in
1855 5819 2110 5873 omnibus
2139 5835 2268 5874 mss.
2301 5820 2551 5876 similiter
2582 5819 2824 5876 eﬂ‘ertur.
