4010 6556
546 340 653 398 167

1256 340 1523 396 eosne"
1559 331 2042 398 CESARIENSIS
2071 318 2224 400 o'p'p.
2249 343 2430 399 rans
2463 343 2550 401 ιιι.
2576 377 2643 386 -
2672 341 3085 400 EXEGETICA.

3695 343 3820 400 {68

533 477 651 515 eum
672 458 930 513 Dominus
953 459 1015 512 de
1032 476 1187 512 mam:
1211 464 1439 514 omnium
1460 462 1794 514 inimicorum
1818 460 1953 527 ejus,
1973 470 2021 512 et
2050 459 2100 512 άε

2213 459 2282 511 ἐν
2310 459 2496 527 ἡμέρα
2552 453 2592 529 ᾗ
2644 459 2938 526 έρῤὐσατο
2986 457 3174 511 αὑτὸν
3221 459 3436 526 Κύριος
3498 458 3565 511 ἐκ
3605 437 3836 527 χειρεκίξ

537 571 698 608 manu
729 553 881 614 Saul,
925 564 972 606 et
1015 554 1171 608 dixit.
1204 554 1568 624 Symmachus
1599 573 1612 607 :
1638 553 1919 606 Canticum
1948 564 2112 606 acto-

534 646 631 699 τίω
658 646 794 699 servi
835 644 1048 698 Domini
1070 643 1264 699 David.

604 816 715 873 Par
742 819 885 873 enim
923 817 1025 872 fuit
1058 832 1160 873 nos
1201 834 1268 874 ex
1307 819 1426 890 ipso
1468 820 1678 888 psalmo
1709 819 1975 884 ediscere,
2008 818 2114 874 Da-

533 909 735 972 videm,
779 909 1071 963 occasione
1110 910 1354 964 victoria:
1397 911 1465 964 de
1495 910 1735 964 inimicis
1781 920 1834 963 et
1861 911 2112 966 hostibus

532 1005 717 1068 ναι-ιω,
765 1001 946 1053 omnis
978 1001 1217 1055 victoria:
1252 1003 1484 1067 auctori,
1527 1004 1620 1073 qui
1658 1002 1781 1056 ideo
1815 1004 2109 1067 νικοποιός,

530 1090 583 1144 id
617 1098 701 1146 est
735 1087 970 1141 victor-im
994 1089 1230 1156 e/j‘ector,
1259 1092 1484 1159 dicitur,
1532 1093 1679 1165 quod
1722 1095 1958 1150 victores
2001 1095 2112 1149 elli-

529 1181 660 1246 ciat,
690 1183 1077 1253 triumphalem
1108 1185 1255 1240 hunc
1283 1185 1542 1256 hymnum
1567 1202 1945 1242 consecrasse.
1970 1188 2110 1253 Quia

530 1273 656 1328 item
693 1275 780 1328 hic
810 1275 1045 1346 hymnus
1079 1277 1193 1331 sive
1236 1279 1511 1332 canticum
1551 1278 1901 1349 triumphale,
1948 1277 2112 1333 Davi-

529 1366 617 1422 dis
639 1367 844 1420 dicitur
877 1383 1021 1422 esse.
1075 1369 1253 1439 Atque
1295 1369 1348 1422 in
1383 1371 1540 1438 ﬁnem
1574 1370 1898 1424 inscribitur
1927 1389 1939 1424 :
1974 1387 2113 1440 quo-

533 1460 675 1512 niam
719 1460 926 1514 scilicet
960 1461 1253 1529 postremis
1323 1462 1444 1515 vitaa
1483 1463 1604 1530 ejus
1645 1464 1826 1526 annis,
1875 1477 1938 1516 ac
1989 1471 2112 1533 post

529 1553 712 1607 omnia
737 1568 856 1622 qua:
884 1553 940 1606 in
965 1552 1192 1606 historia
1228 1552 1478 1608 feruntur
1502 1555 1623 1621 ejus
1653 1571 1840 1625 opera,
1867 1571 2111 1624 pronun-

529 1646 700 1698 tiatus
730 1652 849 1709 est;
886 1653 980 1699 aut
1014 1647 1140 1715 quia
1174 1647 1516 1715 prophetiam
1545 1663 1735 1701 eorum
1771 1663 1893 1717 qua:
1918 1649 1971 1700 in
2007 1647 2112 1702 ﬁne

528 1738 714 1792 saeculi
743 1737 1046 1792 obventura
1071 1746 1200 1794 sunt
1229 1741 1514 1807 enuntiat;
1548 1741 1662 1795 sive
1693 1742 1854 1796 tertio
1883 1742 2010 1810 quia
2041 1743 2109 1796 ad

525 1844 589 1884 ea
625 1844 745 1898 qua:
790 1830 845 1882 in
895 1837 1169 1899 postrema
1212 1831 1378 1898 hujus
1410 1833 1598 1903 hymni
1647 1840 1802 1903 parte
1833 1833 2108 1898 feruntur,
2144 1821 2183 1877 Β

526 1921 698 1976 lector
727 1923 1042 1978 remittitur.
1071 1922 1127 1976 lu
1149 1939 1258 1993 quo
1283 1922 1530 1997 [triplici]
1563 1927 1690 1988 line,
1724 1927 1940 1980 vocatio
1972 1941 2105 1996 gen-

524 2014 659 2068 tium
691 2023 744 2069 et
770 2015 1052 2085 prophetia
1082 2016 1148 2070 de
1178 2015 1423 2070 Christo.
1456 2016 1570 2070 Hoc
1601 2025 1784 2071 autem
1822 2017 1982 2071 modo
2017 2032 2107 2070 va-

521 2107 806 2174 ticinatur,
835 2118 893 2162 ut
933 2106 1154 2162 Saulem
1191 2125 1314 2164 cum
1354 2110 1478 2163 aliis
1523 2110 1780 2162 omnibus
1820 2124 1925 2162 una
1957 2124 2106 2163 com-

524 2197 812 2264 plectatur.
876 2197 994 2251 Alia
1060 2215 1280 2268 quoque
1328 2201 1537 2254 ratione
1585 2201 1761 2269 ipsum
1821 2199 1888 2254 de
1938 2216 2104 2254 manu

527 2285 659 2339 Saul
692 2288 943 2342 liberavit
971 2307 984 2343 :
1023 2288 1336 2359 frequenter
1366 2292 1509 2344 enim
1535 2305 1629 2358 per
1659 2306 1873 2342 manum
1911 2290 2106 2344 intelli-

522 2378 670 2449 gitur
708 2394 868 2448 opus.
901 2379 1069 2450 lgitur
1103 2381 1195 2450 qui
1239 2382 1491 2436 liberavit
1522 2381 1776 2435 Davidem
1810 2387 1876 2436 ex
1926 2375 2128 2436 omni?

523 2471 628 2524 bus
661 2470 899 2525 inimicis
929 2472 1066 2537 suis,
1095 2473 1219 2541 jure
1243 2487 1306 2526 ac
1335 2483 1737 2541 consequenter
1767 2473 1946 2541 ipsum
1987 2487 2105 2525 ma—

517 2563 734 2635 joribus
780 2565 1058 2640 beneficiis
1088 2565 1427 2628 devinciens,
1462 2581 1530 2619 ex
1564 2566 1665 2618 hac
1700 2563 1880 2620 Saulis
1915 2581 2100 2629 manu,

522 2657 640 2713 sive
663 2674 850 2728 opere,
898 2659 1104 2730 pariter
1137 2660 1376 2730 eripuit,
1423 2667 1484 2713 ut
1520 2675 1624 2712 non
1663 2659 1815 2729 paria
1851 2674 1974 2713 eum
2011 2659 2104 2714 illo

521 2733 825 2818 pateretur.

593 2841 759 2899 Vens.
796 2843 851 2907 2,
887 2845 920 2898 5
983 2843 1218 2913 Diligam
1258 2853 1324 2904 te,
1369 2841 1611 2909 Domine,
1645 2843 1903 2912 fortitudo
1946 2861 2101 2898 mea:

520 2935 778 2990 Dominus
808 2939 1202 3007 ﬁrmamentum
1244 2953 1412 2990 meum
1444 2947 1493 2990 et
1519 2938 1784 3008 refugiunt
1825 2955 2020 3001 meum,
2049 2949 2099 2992 et

521 3030 773 3085 liberator
803 3047 965 3083 meus.
1001 3029 1143 3084 Deus
1185 3047 1329 3084 meus
1361 3031 1576 3099 adjutor
1606 3047 1770 3095 meus,
1801 3038 1849 3083 et
1879 3029 2100 3097 sperabo

520 3123 576 3176 in
605 3138 721 3176 eum
748 3136 766 3174 :
789 3131 1052 3190 protector
1077 3137 1221 3174 meus
1252 3130 1299 3174 et
1337 3137 1499 3173 cornu
1534 3122 1726 3174 salutis
1748 3137 1872 3173 mea:
1901 3132 1946 3173 et
1976 3138 2100 3174 sus-

2217 550 2457 603 :tdrtwr
2482 547 2600 602 τῶν
2627 548 2858 618 ἐχθρῶν
2881 547 3088 614 αὐτοῦ,
3124 549 3224 602 καί
3257 547 3325 601 ἐκ
3351 548 3546 617 χειρὸς
3575 548 3815 614 Σαοὺλ,

2217 640 2314 693 καί
2342 639 2491 692 εἰπε.
2545 637 2856 708 Σύμμαχος·
2905 637 3224 691 Ἐπινίκιον
3269 638 3376 692 τοῦ
3426 636 3652 692 δούλου
3682 641 3818 692 Κυ-

2207 735 2346 801 ρίου
2379 732 2486 786 τοῦ
2520 731 2719 786 Δαυΐδ.
3067 765 3095 787 α

2280 821 2424 874 Ἔδει
2448 821 2557 892 γὰρ
2582 823 2729 894 ἡμᾶς
2787 820 3102 890 ἀναγκαίως
3131 819 3240 874 ἀπὸ
3279 820 3373 874 τοῦ
3401 819 3615 892 ψαλμοῦ
3655 823 3818 890 γνῶ-

2213 931 2322 976 ναι,
2367 914 2449 966 ὅτι
2505 912 2598 964 ἐπὶ
2640 915 2760 975 ταῖς
2817 913 2992 976 νίκαις
3055 915 3174 976 ταῖς
3219 913 3360 966 κατὰ
3411 911 3519 965 τῶν
3587 913 3816 985 ἐχθρῶν

2215 1006 2307 1057 καὶ
2350 1003 2622 1074 πολεμίων
2661 1005 2753 1056 τὸν
2806 1005 3165 1075 προκείμενον
3214 1004 3382 1075 ὕμνον
3423 1005 3692 1060 ἐπινίκιον
3730 1007 3814 1078 τῷ

2216 1099 2394 1170 πάσης
2458 1099 2616 1168 νίκης
2679 1098 2882 1168 αἰτίῳ,
2933 1097 3013 1168 τῷ
3071 1099 3164 1150 καὶ
3202 1098 3431 1169 νικητὰς
3485 1099 3815 1170 ἀπεργαζο-

2215 1191 2381 1260 μένῳ,
2416 1192 2510 1244 καλ⁵
2551 1190 2639 1243 διὰ
2662 1189 2820 1242 τοῦτο
2842 1189 3100 1259 νικοποιῷ
3133 1190 3476 1261 κεκλημένῳ,
3534 1191 3813 1264 ἀνέθηκεν

2209 1285 2240 1335 6
2269 1283 2450 1335 Δαυῖδ·
2487 1283 2580 1335 καὶ
2620 1283 2703 1335 ὅτι
2748 1282 3012 1345 ὲπινίκιος
3039 1275 3194 1345 οὗτος
3239 1283 3267 1334 6
3316 1281 3484 1353 ὕμνος
3518 1284 3552 1355 ἡ
3606 1286 3640 1355 ὴ
3691 1285 3811 1356 ᾠδὴ

2212 1375 2427 1444 εἴρηται
2459 1373 2551 1427 τοῦ
2581 1375 2761 1428 Δαυῖδ.
2785 1376 2889 1438 Εἰς
2916 1373 2981 1426 τὸ
3013 1374 3186 1440 τέλος
3209 1374 3286 1438 δὲ,
3313 1376 3431 1445 ἢτοι
3463 1375 3551 1428 διὰ
3577 1377 3640 1428 τὸ
3656 1377 3812 1447 ὰμᾳὶ

2212 1469 2335 1529 τοὺς
2375 1467 2718 1530 τελευταίους
2740 1469 2841 1537 τῆς
2870 1468 3015 1536 ζωῆς
3050 1467 3215 1520 αὐτοῦ
3254 1469 3498 1538 χρόνους,
3533 1470 3629 1522 καὶ
3661 1470 3812 1539 μετὰ

2213 1559 2393 1622 πάσας
2421 1559 2585 1611 αὑτοῦ
2615 1559 2712 1622 τὰς
2740 1559 2962 1630 πράξεις
2995 1558 3092 1621 τὰς
3148 1561 3454 1630 φερομένας
3475 1562 3532 1613 έν
3555 1565 3622 1632 τῇ
3656 1563 3812 1615 isto-

2214 1654 2307 1724 ρίᾳ
2357 1652 2623 1722 λελέχθαι·
2668 1652 2702 1723 ἢ
2758 1652 2846 1705 διὰ
2890 1652 2950 1705 τὸ
3001 1653 3336 1724 προφητείας
3383 1654 3661 1724 περιέχειν
3691 1655 3811 1706 τῶν

2216 1744 2514 1814 μελλόντων
2575 1744 2794 1798 ἔσεσθαι
2840 1746 2933 1797 ἐπὶ
3000 1745 3280 1816 συντελείᾳ
3343 1745 3438 1798 τοῦ
3493 1746 3714 1809 αἰῶνοςο
3774 1747 3808 1817 ἢ

2213 1836 2414 1907 τρίτον,
2437 1835 2526 1888 διὰ
2561 1834 2622 1888 τὸ
2660 1837 2752 1888 ἐπὶ
2789 1835 2858 1888 τὰ
2882 1837 3009 1907 τέλη
3063 1837 3171 1890 τῶν
3202 1838 3594 1909 ἐμφερομένων
3623 1837 3812 1906 λόγων

2211 1927 2304 1978 τοῦ
2332 1926 2689 1996 προκειμένου
2744 1925 2916 1996 ὕμνου
2940 1926 3030 1978 τὸν
3070 1927 3470 1995 ἐντυγχάνοντα
3504 1927 3807 1996 παραπέμ-

2212 2034 2352 2069 πεινο
2390 2019 2447 2069 έν
2475 2012 2556 2080 οἷς
2608 2017 2870 2087 τέλεσινὴ
2901 2017 3094 2087 κλῆσις
3133 2017 3241 2070 τῶν
3287 2017 3456 2069 ἐθνῶν
3478 2017 3573 2070 καὶ
3605 2020 3638 2086 ἡ
3673 2018 3808 2088 περὶ

2210 2109 2304 2161 τοῦ
2339 2108 2576 2178 Χριστοῦ
2615 2110 2942 2180 προφητεία.
3009 2109 3211 2163 Τοῦτον
3257 2109 3503 2173 θεσπίζει
3544 2109 3637 2161 τὸν
3674 2111 3797 2177 τρό-

2211 2217 2330 2261 πον,
2363 2200 3036 2272 συμπαραλαμϐανομένου
3066 2206 3180 2263 τοῖς
3207 2203 3344 2253 πᾶσι
3373 2201 3464 2252 καὶ
3493 2199 3586 2252 τοῦ
3603 2201 3803 2254 Σαούλ.

2217 2294 2328 2346 Καὶ
2351 2291 2523 2355 ἄλλως
2554 2290 2608 2343 δὲ
2640 2289 2798 2344 αὑτὸν
2833 2291 2895 2343 ὲκ
2941 2289 3121 2362 χειρὸς
3157 2290 3329 2344 Σαοὺλ
3373 2292 3662 2362 ἐρρύσατο,
3696 2296 3803 2366 τῆς

2216 2382 2398 2454 χειρὸς
2441 2381 2700 2444 πολλάκις
2752 2381 2870 2434 ἀντὶ
2905 2381 3154 2450 πράξεως
3201 2381 3796 2456 παραλαμϐανομένης.

2216 2474 2454 2535 Εἰκότως
2505 2468 2596 2524 οὖν
2645 2473 2672 2523 6
2717 2471 3018 2542 ῥυσάμενος
3068 2471 3230 2524 Δαυῖδ
3289 2474 3353 2525 ἐκ
3416 2473 3633 2526 πάντων
3682 2477 3798 2528 τῶν

2218 2565 2425 2636 ἐχθρῶν
2452 2563 2639 2623 αὑτοῦ,
2678 2563 2936 2634 μειζόνως
2969 2563 3130 2616 αὐτὸν
3172 2564 3472 2634 εὐεργετῶν
3492 2606 3507 2632 ,
3543 2566 3634 2618 καὶ
3661 2567 3786 2620 rati-

2215 2674 2314 2727 της
2363 2657 2463 2726 τῆς
2498 2654 2677 2726 χειρὸς
2718 2655 2812 2707 τοῦ
2863 2655 3051 2720 Σαοὺλ,
3103 2657 3346 2710 τουτέστι
3393 2657 3493 2726 τῆς
3538 2659 3795 2730 πράξεως

2216 2747 2405 2810 αὑτοῦ,
2441 2749 2729 2818 ἐρρύσατο,
2756 2747 2830 2810 ὡς
2870 2748 2946 2819 μὴ
2974 2748 3042 2800 τὰ
3066 2749 3226 2818 ὅμοια
3254 2749 3444 2803 παθεῖν
3475 2751 3690 2820 ἐκείνῳ.

2290 2836 2610 2907 Ἀγαπήσω
2637 2854 2731 2900 σε,
2781 2837 2978 2903 Κύριε,
3014 2837 3192 2904 ἰσχύς
3225 2851 3364 2904 μουο
3402 2836 3616 2902 Κύριος
3654 2849 3797 2887 στε·

2200 2926 2401 2996 ρέωμά
2421 2945 2541 2997 μου
2569 2928 2667 2980 καί
2696 2926 3008 2997 καταφυγή
3048 2945 3189 2995 μου,
3241 2927 3337 2979 καὶ
3364 2927 3601 2994 ρὐτης
3649 2945 3794 2995 μου.

2221 3020 2282 3072 '0
2319 3020 2462 3085 Θεός
2487 3038 2626 3089 μου,
2653 3022 2879 3088 ,ϐοηθός
2905 3037 3048 3088 μου,
3073 3019 3170 3072 καί
3212 3017 3399 3071 ὲλπιῶ
3441 3018 3534 3070 ἐπ’
3584 3019 3794 3071 αὐτόν·

2207 3113 2662 3179 ὑπερασπιστὴς
2729 3131 2868 3181 μου,
2937 3113 3036 3166 καὶ
3082 3111 3258 3180 κέρας
3306 3110 3416 3179 τῆς
3494 3111 3794 3178 σωτηρίας

518 3223 695 3282 ceptor
744 3229 887 3265 meus
932 3253 944 3267 .
991 3250 1004 3264 .
1052 3252 1065 3267 .
1113 3253 1126 3266 .
1174 3252 1189 3266 .
1249 3254 1262 3266 .
1309 3250 1324 3264 .
1399 3211 1517 3264 Alia
1564 3226 1782 3281 quoque
1833 3211 2100 3266 sententia

2208 3223 2358 3274 μου,
2414 3205 2513 3259 καὶ
2571 3205 2950 3273 ἀντιλήπτωρ
3003 3223 3121 3274 μου
3164 3244 3178 3259 .
3225 3245 3239 3258 .
3284 3242 3299 3259 .
3345 3244 3359 3259 .
3407 3242 3421 3256 .
3463 3204 3573 3256 Καὶ
3617 3203 3795 3267 ἄλλως

520 3301 689 3357 Deum
723 3311 882 3357 vocat
909 3301 1308 3365 fortitudinem,
1340 3302 1631 3354 humanam
1657 3302 1925 3356 confitens
1954 3303 2106 3356 inlir-

519 3394 793 3456 mitatem,
841 3408 965 3463 quae
1008 3393 1128 3447 sine
1162 3391 1273 3447 Deo
1305 3393 1440 3446 nihil
1489 3407 1652 3462 agere
1689 3393 1898 3460 valeat;
1935 3409 2106 3463 quare

519 3485 604 3539 sic
651 3485 728 3538 ait
766 3484 1007 3539 Paulus:
1039 3483 1234 3538 Omnia
1274 3499 1488 3551 possum
1539 3484 1590 3536 in
1631 3481 1842 3538 Christo
1893 3485 1983 3554 qui
2023 3500 2103 3537 me

519 3577 786 3646 eonfortat
811 3577 877 3631 ⁵⁸.
916 3577 1114 3646 Aquila
1150 3592 1314 3646 porro
1359 3587 1411 3630 et
1455 3575 1838 3646 Symmachus,
1885 3578 2004 3630 vice
2033 3576 2101 3630 il-

519 3670 648 3732 lius,
711 3669 1004 3740 fortitudo,
1051 3679 1261 3739 petram
1311 3669 1650 3738 interpretati
1711 3679 1881 3724 sunt:
1917 3670 2100 3738 aitque

515 3779 749 3832 magnus
797 3762 1095 3833 Apostolus
1127 3780 1139 3816 :
1169 3759 1334 3814 Petra
1375 3770 1551 3813 autem
1599 3771 1715 3812 erat
1759 3759 2001 3814 Christus
2026 3760 2092 3814 ⁸⁵.

515 3851 650 3906 Cum
684 3867 849 3922 supra
892 3860 1102 3922 petram
1136 3851 1300 3913 hanc,
1332 3849 1553 3904 domum
1587 3866 1740 3904 suam
1780 3851 1945 3904 David
1973 3850 2096 3904 fun-

515 3942 723 4009 dasset,
751 3945 950 3999 similis
989 3951 1106 3998 erat
1145 3944 1256 3996 viro
1277 3943 1522 4010 sapienti,
1555 3943 1644 4011 qui
1672 3941 1954 4011 a'diﬁcarit
1994 3943 2093 3995 do-

516 4050 661 4088 mum
701 4051 855 4087 suam
897 4051 1059 4104 supra
1104 4043 1307 4101 petram
1328 4033 1396 4086 ³⁸.
1448 4031 1792 4101 Quapropter
1837 4032 2092 4086 omnibus

515 4127 756 4180 inimicis
795 4126 937 4189 suis,
993 4126 1086 4194 qui
1122 4125 1338 4195 pluviae,
1379 4131 1667 4178 ventorum
1721 4131 1774 4177 et
1805 4121 2090 4175 [luminum

515 4218 689 4271 instar
723 4217 1117 4286 impingebant,
1175 4215 1427 4284 superior
1476 4214 1702 4268 ellectus
1742 4223 1846 4267 est.
1884 4210 2087 4266 Verum

513 4323 691 4378 neque
732 4308 1060 4362 satellitibus
1112 4322 1177 4360 ac
1225 4304 1490 4360 exercitui
1546 4304 1791 4359 conﬁsus
1842 4311 1946 4368 est,
1991 4301 2088 4357 sed

511 4401 624 4457 Deo
647 4416 807 4470 quem
840 4400 1030 4454 habuit
1057 4399 1463 4469 opitulatorem,
1491 4399 1638 4452 omni
1669 4412 1866 4468 genere
1903 4412 2086 4449 armo-

509 4509 631 4548 rum
681 4495 1010 4548 instructum
1054 4503 1107 4547 et
1153 4507 1326 4545 cornu
1373 4493 1590 4555 salutis.
1629 4491 1700 4543 ita
1747 4497 1806 4542 ut
1835 4488 2081 4544 diceret:

510 4584 577 4642 In
608 4596 655 4640 te
679 4588 917 4641 inimicos
953 4595 1160 4640 nostros
1191 4585 1557 4640 centilabimus
1582 4601 1744 4638 cornu
1765 4584 1832 4638 ⁸⁷.

579 4679 747 4734 Vens.
812 4681 932 4735 5-7.
981 4679 1448 4734 Circumdederunt
1530 4695 1610 4730 me
1673 4676 1880 4729 decores
1941 4690 2084 4726 mor-

509 4774 598 4836 tis,
624 4783 672 4827 et
705 4782 957 4827 torrentes
986 4775 1284 4843 iniquitatis
1313 4770 1756 4825 conturbaverunt
1782 4783 1881 4822 me.
1921 4765 2085 4818 Dolo-

507 4881 592 4918 res
623 4865 814 4933 inferni
853 4866 1312 4919 circumdederunt
1347 4881 1446 4926 me,
1479 4866 1974 4930 prwoccupaverunt
2005 4873 2085 4911 me

509 4955 683 5024 laquei
718 4956 922 5007 mortis.
961 4953 1024 5006 In
1076 4954 1415 5008 tribulatione
1450 4969 1564 5005 mea
1618 4950 1850 5003 invocavi
1906 4947 2086 5000 Domi-

507 5061 655 5108 num,
690 5056 739 5098 et
789 5045 856 5098 ad
896 5045 1062 5099 Deum
1120 5062 1290 5099 meum
1325 5044 1571 5098 clamavi.
1609 5042 1674 5094 Et
1711 5040 1978 5095 exaudivit
2023 5039 2086 5092 de

510 5136 698 5200 templo
737 5147 917 5190 sancto
955 5155 1048 5191 sua
1083 5156 1254 5192 vocem
1303 5155 1492 5204 meam,
1526 5146 1574 5190 et
1615 5135 1818 5188 clamor
1851 5149 1996 5186 meus
2030 5133 2084 5184 in

507 5238 780 5294 conspectu
801 5229 914 5298 ejus
951 5230 1184 5283 introibit
1211 5233 1262 5282 in
1294 5245 1446 5282 aures
1475 5228 1608 5297 ejus.
1646 5224 1744 5279 His
1777 5223 1936 5278 docet
1974 5236 2083 5291 quo

507 5328 668 5387 pacto
701 5333 731 5372 a
754 5322 1094 5376 torrentibus
1135 5321 1447 5390 iniquitatis
1471 5319 1746 5380 turbatus,
1771 5323 1826 5372 et
1856 5313 2083 5383 reliquis

505 5428 626 5482 qua!
656 5429 819 5483 supra
869 5422 1243 5468 memorantur
1286 5413 1444 5466 malis
1489 5411 1919 5472 circumventus,
1956 5424 2079 5461 cum

505 5521 566 5560 se
595 5507 650 5561 in
683 5508 928 5578 periculo
956 5508 1315 5560 constitutum
1351 5521 1470 5560 esse
1501 5505 1746 5565 sentiret,
1781 5500 1848 5554 ad
1883 5500 2079 5555 salutis

504 5614 618 5656 suae
650 5609 865 5669 portum
910 5598 1176 5666 confugit.
1214 5595 1581 5662 Quamobrem
1619 5595 1732 5649 ait:
1767 5591 2080 5646 lntributa—

576 5779 622 5812 "
658 5777 891 5850 Philipp.
947 5795 1018 5843 tv,
1063 5778 1144 5832 l3.
1221 5779 1308 5834 ³³1
1344 5777 1468 5832 Cor.
1519 5794 1571 5840 ς,
1615 5778 1660 5832 l.

1742 5777 1785 5808 ⁶⁶
1813 5773 2002 5829 Matth.
2029 5779 2138 5844 jvu,
2167 5768 2257 5824 ‘il.

2207 3296 2262 3348 δὲ
2293 3299 2445 3366 ἰσχὺν
2475 3297 2630 3349 καλεῖ
2654 3296 2743 3348 τὸν
2771 3296 2923 3360 Θεὸν,
2974 3295 3249 3366 ὁμολογῶν
3292 3295 3390 3366 τὴν
3445 3295 3794 3365 ἀνθρωπίνην

2207 3389 2512 3453 ἀσθένειαν,
2546 3390 2637 3443 καὶ
2661 3387 2735 3452 ὡς
2768 3388 2920 3441 οὐδὲν
2971 3387 3036 3440 ἂν
3071 3388 3293 3457 ἴσχυσεν
3330 3387 3460 3442 ἄνευ
3507 3386 3663 3439 Θεοῦ’
3692 3389 3791 3439 καὶ

2205 3481 2419 3546 Παῦλος
2471 3481 2582 3552 γὰρ
2616 3481 2739 3551 ἔφη·
2780 3479 2979 3533 Πάντα
3049 3483 3237 3548 ἰσχύω
3284 3481 3355 3533 ἐν
3407 3479 3488 3545 τῷ
3532 3478 3789 3532 ἐνδυνα-

2199 3573 2416 3643 μοῦντί
2438 3591 2512 3642 με
2539 3572 2790 3642 Χριστῷ.
2832 3573 3060 3637 ’Λκύλας
3113 3574 3168 3626 δὲ
3204 3574 3297 3626 καὶ
3343 3572 3634 3643 Σύμμαχος
3666 3570 3791 3624 ἀντὶ

2201 3667 2317 3731 τοῦ,
2349 3666 2672 3734 στερέωμα,
2710 3666 2914 3733 πέτραν
2944 3668 3315 3737 ἡρμήνευσαν·
3343 3665 3448 3735 ἔφη
3498 3665 3556 3718 δὲ
3611 3667 3704 3718 καὶ
3759 3666 3790 3718 6

2203 3760 2379 3831 μέγας
2395 3758 2732 3823 Ἀπόστολοςο
2751 3759 2810 3813 Ἡ
2824 3758 3008 3826 πέτρα
3024 3757 3091 3811 δὲ
3106 3754 3181 3827 ἦν
3196 3761 3228 3810 ό
3239 3757 3510 3826 Χριστός.
3529 3757 3649 3810 Ἐπὶ
3663 3759 3788 3812 cau-

2197 3871 2296 3924 την
2326 3853 2422 3924 τὴν
2454 3853 2659 3923 πέτραν
2678 3854 2776 3924 τὴν
2800 3851 2992 3906 ἑαυτοῦ
3022 3851 3198 3904 οἰκίαν
3233 3850 3529 3920 οἰκοδομῶν
3553 3851 3580 3902 6
3600 3850 3781 3912 Δαυῒδ,

2197 3944 2523 4014 ἀφωμοίωτο
2563 3943 2642 4009 τῷ
2693 3943 2956 4012 φρονίμῳ
3007 3943 3087 4009 τῷ
3159 3941 3619 4010 οἰκοδομήσαντι
3667 3941 3785 4008 τὴν

2194 4035 2412 4090 ἑαυτοῦ
2461 4037 2658 4088 οὶκίαν
2704 4036 2802 4088 ἐπὶ
2838 4034 2953 4102 τὴν
3005 4035 3250 4102 πέτραν.
3303 4036 3395 4088 Διὸ
3446 4033 3537 4088 ml.
3565 4035 3782 4088 πάντων

2195 4131 2457 4198 κρείττων
2479 4129 2716 4195 ἐγένετο,
2762 4127 2871 4180 τῶν
2908 4126 3066 4180 ὑετοῦ
3126 4127 3304 4197 δίκην,
3355 4127 3676 4198 πνευμάτων
3721 4143 3780 4179 τε

2194 4221 2288 4275 καὶ
2317 4218 2576 4288 ποταμῶν
2617 4218 3061 4289 προσϐαλλόντων
3109 4217 3257 4288 αὐτῷ
3305 4217 3600 4288 πολεμίων.
3637 4217 3778 4270 Ἀλλ’

2190 4311 2309 4365 οὐδὲ
2339 4311 2432 4363 ἐπὶ
2461 4309 2796 4381 δορυφόρους
2849 4309 3075 4381 ἦλπιζεν
3125 4311 3156 4380 ἢ
3218 4310 3466 4382 στρατὸν,
3529 4308 3642 4363 ἀλλ’
3683 4309 3778 4362 ἐπὶ

2189 4394 2340 4464 Θεὸν,
2387 4399 2578 4472 βοηθὸν
2613 4400 2772 4453 αὑτὸν
2799 4399 2959 4470 έχων,
2987 4401 3288 4454 πανοπλίαν
3313 4401 3406 4456 καὶ
3437 4400 3622 4472 κέρας·
3647 4400 3776 4453 ὥστ’

2191 4490 2257 4544 ἂν
2286 4492 2460 4543 εἰπεῖν
2490 4491 2586 4542 καὶ
2613 4487 2792 4542 αὐτόν’
2839 4491 2936 4545 Ἐν
2971 4491 3069 4544 σοί
3129 4492 3270 4558 τοὺς
3312 4492 3565 4560 ἐχθροὺς
3607 4488 3778 4560 ἡμῶν

2189 4598 2593 4649 κερατιουμεν.

2259 4672 2592 4741 Περιέσχον
2639 4690 2716 4742 με
2765 4673 2972 4740 ὠδῖνες
3009 4673 3269 4728 θανάτου
3320 4675 3419 4728 καί
3471 4675 3776 4744 χείμαῤῥοι

2190 4765 2439 4832 ἀνομίας
2460 4763 2827 4833 ἐξετάραξίίι·
2842 4783 2938 4834 με.
2973 4765 3192 4830 Ὠδῖνες
3214 4765 3360 4832 ᾅδου
3383 4768 3778 4833 περιεκύκλω-

2191 4855 2310 4908 σάν
2333 4874 2429 4925 με,
2475 4855 2864 4925 προέρθιισάν
2886 4873 2963 4925 με
2986 4858 3233 4926 Jay-[68¢
3265 4856 3543 4911 θανάτου.
3574 4857 3681 4908 Kal
3703 4856 3778 4908 ἐν

2192 4948 2272 5014 τῷ
2302 4951 2610 5003 θλίϐεσθαί
2629 4966 2704 5018 με
2729 4948 3194 5017 ἐπεκαλεσίὶμην
3224 4950 3331 5003 τὸν
3383 4933 3623 5017 Κύριον,
3676 4947 3778 5002 καὶ

2193 5042 2342 5110 πρὸς
2367 5043 2473 5095 τὸν
2521 5043 2666 5096 Θεόν
2708 5061 2828 5111 μου
2855 5040 3168 5110 ἐκέκραξα.
3208 5044 3511 5096 Ἤκουσεν
3529 5042 3597 5094 ἐκ
3622 5041 3774 5094 ναοῦ

2192 5135 2362 5204 ἁγίου
2397 5136 2581 5189 αὑτοῦ
2613 5135 2726 5202 τὴν
2763 5134 2972 5203 φωνήν
2993 5153 3134 5204 μου,
3175 5136 3268 5188 καὶ
3313 5136 3349 5202 ἡ
3377 5133 3607 5202 κραυγή
3652 5149 3776 5201 μου

2191 5225 2448 5278 ἐνώπιον
2477 5225 2662 5278 αὑτοῦ
2695 5227 3105 5280 εἰσελεύσεται
3157 5229 3246 5293 εὶς
3276 5226 3347 5279 τὰ
3394 5221 3512 5279 ὦτα
3557 5221 3767 5277 αὐτοῦ.

2189 5317 2436 5371 Διδάσκει
2461 5317 2550 5370 διὰ
2581 5317 2784 5372 τούτων
2809 5317 2928 5372 τίνα
2961 5319 3179 5390 τρόπον,
3231 5319 3320 5370 καὶ
3353 5317 3458 5370 ὑπὸ
3497 5316 3606 5369 τῶν
3660 5333 3778 5387 χει-

2191 5410 2415 5482 μάρρων
2447 5410 2545 5479 τῆς
2567 5410 2797 5480 ἀνομίας
2819 5412 3241 5482 ταρασσόμενος,
3273 5411 3366 5462 καὶ
3415 5407 3485 5460 τὰ
3509 5407 3670 5460 λοιπὰ
3702 5408 3774 5461 τὰ

2186 5501 2555 5572 προειρημένα
2601 5501 2854 5572 πάσχων,
2885 5503 3079 5574 ᾔσθετο
3125 5501 3288 5556 αὑτοῦ
3345 5499 3768 5560 κινδυνεύοντος.

2185 5593 2388 5648 ὲπὶτὺν
2416 5593 2610 5663 λιμένα
2639 5594 2738 5666 τῆς
2758 5596 2951 5650 ἑαυτοῦ
2997 5596 3267 5668 σωτηρίας
3300 5593 3622 5666 κατέφευγε.
3671 5589 3771 5646 Διό

2339 5773 2380 5806 ³⁷
2406 5771 2546 5830 Psal,
2583 5788 2741 5839 ιιιιι,
2778 5773 2830 5825 6.
