4010 6532
240 289 339 341 169

1369 290 1877 351 COMMENTARIA
1916 291 1981 346 IN
2024 289 2365 346 PSALMOS.

3371 285 3475 359 no

237 422 418 476 φησιν·
468 408 566 461 Ἐν
600 407 679 473 τῷ
710 411 1013 464 θλίϐεσθαι
1065 410 1526 480 ἐπεκαλεσιῂιην
1554 410 1660 463 τὸν
1690 410 1793 462 K15-

1909 408 2057 463 tione‘
2100 425 2214 461 mea
2257 406 2491 461 invocavi
2542 404 2847 467 Dominum,
2896 410 2946 457 et
2990 401 3059 455 ad
3101 400 3267 454 Deum
3302 418 3473 455 meum

234 512 382 563 ριον,
413 498 509 552 καί
565 498 709 567 πρὸς
781 500 887 555 τόν
939 503 1089 557 Θεόν
1139 518 1260 570 μου
1304 501 1619 570 ἐκέκραξα.
1669 497 1801 554 Εἶτα

234 584 488 650 διδάσκει,
535 587 611 651 ὡς
667 591 766 643 οὐκ
810 592 1077 664 ἠστόχησε
1149 590 1242 644 τοῦ
1313 591 1515 645 σκοποῦ
1580 591 1805 646 τοιαῦτα

237 678 546 742 πιστεύσας·
577 681 615 748 ἡ
642 683 751 754 γὰρ
780 682 956 750 ἐλπὶς
980 686 1051 739 οὐ
1075 685 1480 755 καταισχύνει.
1499 684 1590 738 Διὸ
1617 685 1807 755 ἐπιφέ-

235 784 340 839 ρει·
376 772 672 826 Ἤκουσεν
694 773 762 826 ἐκ
790 775 939 829 ναοῦ
971 777 1141 845 ἁγίου
1168 776 1353 832 αὑτοῦ
1410 776 1617 846 φωνῆς
1661 795 1802 849 μου,

234 860 333 915 καὶ
364 863 404 929 ἡ
439 862 669 933 κραυγή
701 884 820 934 μου
880 868 1137 922 ἐνώπιον
1180 868 1366 923 αὑτοῦ
1398 850 1807 924 εἰσελεύσεται

232 955 319 1021 εις
349 956 421 1010 τὰ
470 953 591 1024 ὦτα
636 960 838 1015 αὐτοῦ.
869 962 1012 1015 Ναὸν
1054 963 1109 1016 δὲ
1151 962 1285 1016 Θεοῦ
1318 965 1375 1015 ἐν
1410 964 1619 1029 τούτοις
1656 969 1807 1019 ποῖον

233 1048 340 1120 χρὴ
384 1054 522 1103 νοεῖν
553 1051 935 1120 λέγεσθαισύπὸ
956 1055 1049 1109 τοῦ
1073 1056 1253 1119 Δαυῒδ,
1305 1058 1469 1127 μήπω
1494 1057 1587 1110 τοῦ
1616 1060 1673 1111 ἐν
1714 1059 1808 1111 Ἰε-

233 1138 554 1211 ροσολύμοις
584 1143 730 1196 οἴκου
782 1144 1310 1214 κατεσκευασμένου,
1360 1145 1392 1216 ἢ
1441 1147 1657 1209 πάντως
1700 1163 1803 1199 που

229 1228 332 1302 τὴν
377 1231 691 1303 ἐπουράνιον
717 1235 868 1289 πόλιν
911 1235 1005 1289 τοῦ
1035 1236 1191 1299 Θεοῦ,
1250 1237 1343 1290 καὶ⁹
1375 1238 1475 1309 τὴν
1523 1238 1634 1290 ἄνω
1705 1237 1803 1290 Ἱε-

130 1318 137 1327 ’
235 1324 529 1396 ρουσαλήμ,
559 1322 626 1399 ἧς
647 1327 810 1382 εἰκὼν
851 1328 1144 1400 ἐτύγχανεν
1190 1331 1218 1383 ὁ
1251 1332 1341 1384 ἐπὶ
1382 1332 1480 1402 τῆς
1510 1331 1614 1401 γῆς
1670 1348 1804 1383 κατ-

174 1485 180 1491 ’
228 1418 622 1487 ισκευασμένος
642 1420 773 1484 νεώς
794 1437 809 1487 ;

295 1508 404 1562 Καὶ
435 1510 730 1580 ἐσαλεύθη
766 1514 861 1568 καὶ
902 1515 1185 1583 ἔντρομος
1212 1515 1464 1584 ἐγενήθη
1504 1518 1542 1585 ἡ
1580 1516 1676 1588 γῆ,
1706 1517 1802 1571 καὶ

226 1598 297 1653 τὰ
326 1601 566 1669 θεμέλια
596 1603 711 1659 τῶν
743 1606 925 1675 ὁρέων
958 1607 1376 1677 ἐταράχθησαν
1413 1610 1510 1663 καὶ
1546 1611 1801 1664 ἐσαλεύ-

223 1695 442 1760 θησαν,
492 1695 579 1751 ὅτι
630 1698 893 1767 ὠργίσθη
951 1699 1156 1765 αὐτοῖς
1202 1703 1234 1753 ό
1280 1703 1443 1767 Θεός.
1492 1701 1802 1756 Λευκὸτατα

210 1784 578 1857 προφητεύων
610 1786 707 1859 τὴν
753 1789 1052 1844 κατάϐασιν
1084 1789 1175 1843 τοῦ
1206 1791 1414 1862 Κυρίου
1457 1791 1544 1844 διὰ
1583 1792 1673 1845 τὸν
1702 1792 1800 1845 θά-

217 1871 380 1929 ῦατον
413 1876 507 1930 καὶ
548 1879 675 1941 τοὺς
702 1878 1042 1951 χειμάρρους
1078 1879 1177 1949 τῆς
1212 1879 1460 1949 ἀνομίας,
1499 1878 1588 1932 διά
1616 1895 1674 1931 τε
1703 1879 1801 1943 τὰς

221 1964 417 2032 ὠδῖνας
450 1966 543 2021 τοῦ
574 1968 700 2039 ᾇδου
740 1971 833 2023 καὶ
863 1970 963 2034 τὰς
1001 1969 1232 2038 παγίδας
1268 1968 1361 2024 τοῦ
1415 1970 1670 2033 θανάτου,
1706 1969 1802 2041 τὴν

223 2054 286 2124 ἐξ
326 2058 568 2130 οὐρανῶν
602 2060 898 2115 κατάϐασιν
930 2062 1319 2133 πεποιημένου.
1368 2062 1490 2115 Ἐπὶ
1528 2065 1595 2134 τῇ
1631 2080 1800 2116 κατα-

224 2147 383 2203 ϐάσει
424 2150 587 2205 αὑτοῦ
640 2152 761 2207 τίνα
809 2154 1123 2226 πέπρακται
1170 2155 1544 2227 προδιηγεῖται
1590 2154 1796 2223 λέγων·

224 2242 335 2298 Καὶ
364 2242 662 2312 ἐσαλεύθη
694 2246 791 2299 καὶ
838 2246 1124 2317 ἔντρομος
1163 2247 1416 2317 ἐγενήθη
1456 2248 1494 2315 η
1534 2247 1608 2317 γῆ
1633 2264 1646 2276 ο
1681 2247 1799 2300 ἀνθ’

220 2325 284 2386 οὗ
324 2332 555 2397 Ἀκύλας
597 2336 759 2405 φησί·
790 2338 896 2390 Καὶ
929 2339 1174 2408 ἐκινήθη
1222 2339 1321 2393 καὶ
1352 2340 1597 2406 ἐσείσθη
1626 2339 1665 2406 ἡ
1697 2338 1792 2408 γῆ.

220 2424 510 2495 Μαρτυρεῖ
543 2424 598 2478 δὲ
624 2426 701 2496 τῷ
727 2425 868 2498 λόγῳ
896 2428 956 2482 τὸ
981 2428 1162 2500 ἔργον.
1213 2430 1299 2493 Ὠς
1338 2429 1448 2501 γὰρ
1478 2429 1734 2499 ἐπεδήμει
1766 2430 1796 2481 ὁ

232 2511 383 2577 ’Υἱὸς
424 2514 520 2568 τοῦ
553 2515 686 2569 Θεοῦ
714 2518 779 2588 τῇ
813 2519 882 2590 γῇ
906 2519 1047 2573 κατὰ
1071 2520 1171 2591 τὴν
1200 2518 1461 2591 ἐνσαρκον
1493 2519 1655 2574 αὐτοῦ
1690 2536 1796 2572 πα-

219 2606 468 2683 ρουσίαν,
513 2610 714 2675 πάντες
743 2616 791 2664 οι
826 2612 885 2665 τὸ
931 2612 1031 2683 τῆς
1078 2613 1178 2683 γῆς
1214 2616 1472 2684 στοιχεῖον
1521 2611 1795 2676 οίκοῦντες

214 2701 551 2774 ἐκινήθησαν
582 2703 674 2757 καὶ
709 2704 1056 2775 ἐσείσθησαν·
1091 2706 1241 2759 πᾶσά
1263 2723 1322 2758 τε
1346 2704 1481 2777 ἀκοὴ
1513 2704 1792 2775 Ἑλληνική

214 2809 276 2847 τε
312 2794 409 2847 καὶ
444 2792 716 2868 βάρϐαρος
740 2795 1038 2868 ἐπληροῦτο
1077 2799 1178 2869 τῆς
1222 2798 1349 2869 περὶ
1379 2796 1542 2851 αὑτοῦ
1585 2796 1790 2867 φήμης.

214 2882 297 2938 Τὰ
327 2884 387 2937 δὲ
417 2885 683 2957 λεγόμενα
712 2887 820 2941 τῶν
845 2888 1013 2959 ὀρέων
1043 2888 1264 2959 θεμέλια
1295 2887 1668 2958 ἐταράχθησαν
1701 2886 1796 2939 καὶ

210 2975 625 3048 ἐσαλεύθησαν·
664 2978 696 3049 ἢ
741 2979 881 3033 κατὰ
912 2980 1002 3033 τὸν
1042 2979 1359 3051 Σύμμαχον,
1405 2976 1793 3047 περιετράπη-

1908 500 2152 555 clamavi.
2192 497 2401 553 Exinde
2443 497 2603 552 docet
2654 513 2713 551 se
2759 510 2789 549 a
2832 508 2999 564 scopo
3050 492 3275 547 minime
3315 492 3475 547 aber—

1906 609 2080 656 rasse.
2112 607 2235 646 cum
2271 591 2362 645 tali
2396 590 2590 645 ﬁducia
2621 592 2815 661 plenus
2852 597 3033 654 esset;
3058 602 3185 641 nam
3224 601 3337 654 spes
3369 602 3473 640 non

1906 684 2179 753 confundit
2202 686 2268 737 ⁵⁸.
2302 682 2537 753 Ideoque
2584 682 2866 752 subiungit
2893 701 2906 736 :
2934 680 3221 735 Exaudivit
3250 678 3315 733 de
3353 688 3476 733 tem-

1903 775 1990 845 plo
2014 785 2196 829 sancto
2223 791 2317 827 suo
2347 790 2520 828 vocem
2553 790 2744 837 meam,
2772 781 2821 827 et
2854 772 3058 825 clamor
3086 787 3228 825 meus
3267 771 3321 824 in
3354 785 3477 824 con-

1906 877 2086 934 spectu
2141 866 2254 935 ejus
2303 865 2544 919 introibit
2594 865 2648 918 in
2692 880 2846 917 aures
2872 864 3007 933 ejus.
3052 856 3334 932 Templum
3377 861 3474 916 Dei

1906 957 2183 1027 quodnam
2236 971 2266 1010 a
2306 955 2508 1012 Davide
2565 955 2858 1010 memorari
2910 955 2999 1009 hic
3043 954 3473 1023 intelligendum,

1907 1063 2030 1102 cum
2061 1047 2553 1120 Hierosolymitana
2581 1047 2776 1102 domus
2824 1042 3066 1102 nondum
3120 1030 3355 1101 excitata
3395 1060 3478 1100 es—

1907 1150 2024 1205 set;
2059 1141 2161 1196 nisi
2204 1142 2483 1197 caelestem
2518 1139 2610 1194 Dei
2651 1141 2948 1202 civitatem,
3001 1152 3291 1208 supernam
3326 1136 3475 1191 illam

1904 1233 2228 1298 Jerusalem,
2261 1234 2420 1303 cujus
2456 1234 2635 1303 imago
2660 1232 2762 1287 fuit
2789 1232 3049 1302 templum
3088 1231 3141 1284 in
3171 1238 3319 1286 terra
3345 1244 3477 1285 con-

1907 1338 2170 1385 structum
2188 1329 2211 1381 ?

1977 1505 2142 1563 Vsus.
2187 1505 2239 1560 8.
2269 1504 2545 1561 Commota
2568 1512 2647 1559 est
2676 1512 2727 1558 et
2751 1502 3066 1557 contremuit
3090 1510 3253 1568 terra,
3278 1499 3475 1569 funda-

1906 1610 2082 1654 menta
2127 1601 2380 1653 montium
2433 1596 2746 1654 conturbata
2777 1607 2899 1650 sunt
2942 1605 2990 1650 et
3048 1602 3308 1649 commota
3330 1601 3475 1657 sunt,

1907 1695 2155 1763 quoniam
2204 1694 2373 1746 iratus
2406 1702 2484 1746 est
2531 1692 2606 1746 eis
2650 1690 2813 1744 Deus.
2858 1686 2984 1743 Istis
3030 1683 3479 1740 manifestissime

1834 1757 2238 1835 Bvaticinatur
2294 1779 2538 1833 futurum
2598 1777 2816 1834 Domini
2871 1777 3198 1832 descensum
3253 1780 3479 1844 propter

1904 1881 2157 1936 mortem,
2182 1887 2397 1927 necnon
2420 1879 2646 1942 propter
2695 1878 2969 1925 torrentes
3011 1868 3342 1939 iniquitatis,
3378 1865 3479 1920 do-

1903 1964 2049 2020 lores
2104 1963 2327 2029 inferni,
2397 1973 2450 2019 et
2488 1965 2715 2033 laqueos
2748 1963 2983 2029 mortis;
3034 1978 3154 2032 qua:
3207 1961 3264 2017 in
3310 1975 3479 2016 causa

1902 2054 2055 2111 fuere
2082 2071 2181 2111 cur
2208 2070 2275 2110 ex
2310 2054 2467 2109 caelis
2499 2054 2877 2109 descenderet.
2918 2052 2976 2107 In
3002 2053 3270 2109 descensu
3294 2064 3475 2107 autem

1901 2149 2022 2219 ejus
2044 2164 2291 2219 quamam
2318 2156 2467 2219 gesta
2492 2149 2622 2208 sint,
2661 2148 2813 2216 prius
2838 2146 3115 2200 enarravit
3152 2145 3239 2201 his
3271 2144 3470 2199 verbis:

1900 2242 2178 2297 Commota
2205 2251 2283 2296 est
2318 2251 2368 2296 et
2406 2240 2720 2295 contremuit
2750 2250 2892 2293 terra
2923 2256 2940 2293 :
2966 2254 3064 2310 pro
3104 2255 3212 2309 quo
3250 2237 3470 2308 Aquila,

1899 2343 2044 2388 mota
2060 2342 2136 2388 est
2164 2342 2214 2388 et
2231 2350 2486 2387 concussa
2510 2341 2587 2387 est
2620 2341 2783 2396 terra,
2809 2331 3225 2401 interpretatur.
3249 2328 3315 2383 Et
3342 2343 3474 2384 sane

1898 2426 2029 2482 dicti
2052 2427 2199 2483 illius
2226 2427 2512 2481 veritatem
2544 2440 2633 2480 res
2661 2424 2777 2494 ipsa
2794 2431 2946 2494 gesta
2964 2422 3295 2478 testificatur
3315 2438 3327 2475 :
3349 2435 3475 2475 cum

1897 2517 2045 2573 enim
2072 2514 2243 2571 Filius
2264 2515 2358 2570 Dei
2386 2515 2440 2567 in
2462 2521 2633 2578 terra,
2665 2520 2908 2583 tempore
2939 2511 3206 2566 adventus
3236 2509 3320 2565 sui
3351 2523 3476 2565 car-

1898 2609 2059 2674 nalis,
2092 2606 2581 2680 peregrinabatur;
2618 2611 2889 2675 quotquot
2928 2611 3208 2658 terrenum
3237 2602 3476 2658 elemen-

1898 2710 2013 2755 tum
2060 2700 2327 2765 incolunt,
2384 2697 2644 2753 commoti
2688 2711 2753 2750 ac
2803 2696 3058 2751 concussi
3091 2703 3239 2760 sunt,
3287 2708 3350 2747 ac
3378 2708 3476 2763 per

1897 2791 2208 2847 Graecorum
2237 2790 2715 2859 barbarorumque
2761 2802 2924 2843 aures
2942 2784 3155 2857 ubique
3182 2785 3323 2839 fama
3350 2785 3471 2854 ejus

1896 2883 2203 2955 percrebuit
2230 2897 2243 2933 :
2286 2896 2350 2936 ea
2375 2895 2505 2936 vero
2536 2893 2656 2950 quze
2688 2878 3041 2933 fundamenta
3075 2878 3340 2931 montium
3374 2893 3472 2931 vo-

1896 2984 2113 3039 cantur,
2137 2973 2462 3029 conturbata
2501 2983 2629 3027 sunt
2656 2981 2708 3027 et
2733 2978 3005 3027 commota
3037 2974 3186 3032 sunt,
3216 2967 3474 3037 veljuxta

208 3081 355 3132 σαν,
394 3067 487 3120 ὅτι
508 3067 765 3137 ὠργίσθη
811 3069 1034 3144 αὐτοῖς.
1073 3072 1211 3141 Ὅρη
1236 3070 1293 3123 δὲ
1324 3065 1391 3142 ἦν
1424 3068 1492 3122 τὰ
1524 3068 1793 3140 ὑψώματα

1899 3066 2309 3140 Symmachum,
2342 3066 2692 3120 circumversa
2729 3072 2871 3125 sunt,
2899 3061 3147 3132 quoniam
3167 3063 3338 3115 iratus
3398 3068 3475 3113 est

207 3153 279 3208 τὰ
303 3155 647 3227 ὲπαιρόμενα
677 3156 817 3210 κατὰ
842 3157 942 3228 τῆς
969 3157 1221 3227 γνώσεως
1241 3158 1334 3212 τοῦ
1357 3156 1513 3223 Θεοῦ,
1534 3159 1790 3231 δυνάμεις

1896 3160 1986 3214 eis.
2014 3156 2222 3212 Montes
2252 3164 2430 3211 autem
2454 3153 2986 3210 erantsublimitates
3007 3168 3198 3208 omnes
3226 3166 3347 3222 qum
3374 3151 3471 3204 ad-

206 3247 355 3311 τινὲς
401 3247 799 3319 ἁντικείμεναι,
838 3251 895 3302 αἱ
939 3250 1030 3304 τὸν
1078 3251 1286 3325 μακρὸν
1320 3251 1499 3305 αἰῶνα
1540 3252 1665 3316 τοὺς
1697 3252 1791 3305 ἐπὶ

206 3339 314 3409 γῆς
340 3339 597 3403 ἅπαντας
621 3341 1071 3414 ἁποπλανήσασαι
1096 3341 1184 3397 διὰ
1214 3343 1315 3413 τῆς
1348 3342 1608 3397 πολυθέου
1634 3344 1792 3396 δεισι-

202 3426 519 3497 δαιμονίας.
552 3428 768 3482 Τούτων
799 3425 889 3483 οῦν
909 3428 1096 3498 ὀρέων
1110 3432 1186 3488 τὰ
1199 3431 1440 3504 θεμέλια
1457 3433 1699 3487 τουτέστι
1724 3434 1791 3489 τά

207 3517 349 3591 βάθη
396 3519 500 3572 καὶ
528 3520 579 3573 οἱ
611 3519 883 3592 λογισμοὶ,
908 3521 1008 3594 τῆς
1041 3522 1133 3578 τοῦ
1168 3526 1373 3596 Κυρίου
1406 3525 1685 3595 δυνάμεως
1708 3529 1792 3581 αἰ-

206 3610 482 3682 σθόμενα,
514 3608 958 3681 ἐταράχθησαν,
988 3608 1077 3663 ὅτι
1098 3614 1364 3684 ὠργίσθη
1396 3604 1619 3672 αὐτοῖς.

276 3878 347 3933 Τί
374 3874 473 3932 οῦν
497 3878 714 3950 ἐνεργεῖ
732 3880 764 3950 ή
781 3880 917 3952 ὀργὴ
935 3879 1074 3934 κατὰ
1089 3881 1194 3934 τῶν
1212 3882 1581 3937 άποδοθέντων
1596 3882 1787 3955 ὁρέων,

205 3969 336 4042 ἑξῆς
357 3969 605 4024 διδάσκει
626 3969 800 4038 λέγων
814 3988 828 4001 ·
862 3970 1056 4040 Ἀνέϐη
1083 3972 1310 4041 καπνὸς
1329 3975 1399 4027 ἐν
1417 3974 1564 4045 ὀργῇ
1583 3977 1788 4032 αὐτοῦ.

209 4062 422 4136 Ὥσπερ
472 4062 586 4135 γὰρ
625 4062 783 4118 δαλοῦ
835 4065 1125 4137 καιομένου
1174 4065 1279 4121 ὑπὸ
1332 4068 1524 4138 πυρὸς,
1552 4069 1791 4126 κᾶπειτα

204 4153 597 4227 σϐεννυμένου,
648 4155 853 4220 καπνὸς
900 4157 1227 4223 ἀποδίδοται,
1257 4159 1347 4213 τὸν
1397 4160 1558 4215 αὐτὸν
1590 4163 1791 4234 τρόπον

200 4247 259 4300 αἱ
289 4247 671 4318 ἀντικείμεναι
696 4246 971 4319 δυνάμεις,
1014 4250 1181 4305 πάλαι
1223 4253 1323 4324 μὲν
1355 4254 1618 4327 πρότερον
1658 4259 1793 4331 πυρὶ

197 4338 716 4413 παραϐαλλόμεναι,
734 4340 830 4404 τὰς
853 4341 960 4395 τῶν
1001 4341 1303 4416 ἀνθρώπων
1326 4346 1502 4417 ψυχὰς
1533 4349 1795 4420 κατέφλε-

1892 3265 2085 3306 versus
2110 3249 2495 3319 cogitationem
2525 3246 2617 3302 Dei
2644 3246 3016 3318 erigebantur,
3047 3246 3257 3300 sciliCct
3285 3242 3473 3299 adver-

1894 3341 2052 3397 sariae
2084 3338 2334 3411 quaedam
2380 3346 2701 3410 potestates,
2737 3352 2859 3407 quae
2913 3353 3009 3408 per
3043 3338 3202 3407 longa
3242 3338 3471 3392 saeculo-

1894 3450 2016 3489 rum
2041 3434 2215 3504 spatia
2249 3432 2554 3502 terrigenas
2585 3446 2775 3486 omnes
2832 3430 2889 3483 in
2936 3430 3316 3501 multiplicium
3341 3420 3471 3484 deo:

1894 3540 2017 3579 rum
2076 3524 2523 3594 superstitionem
2589 3532 2754 3592 atque
2805 3538 3050 3578 errorem
3107 3521 3467 3577 abduxerant.

1894 3614 2098 3670 Horum
2129 3615 2294 3686 igitur
2323 3616 2581 3669 montium
2620 3614 2987 3683 fundamenta,
3050 3615 3105 3668 id
3145 3620 3231 3669 est
3274 3614 3468 3668 altiora

1896 3707 2123 3761 consilia
2150 3717 2205 3760 et
2237 3706 2619 3774 cogitationes,
2654 3703 2867 3758 Domini
2898 3705 3154 3759 virtutem
3186 3720 3311 3759 cum
3336 3719 3467 3775 per-

1896 3795 2276 3857 sentiscerent,
2309 3793 2621 3847 conturbata
2637 3801 2779 3857 sunt,
2804 3786 3051 3863 quoniam
3087 3795 3256 3849 iratus
3281 3794 3467 3849 esteis.

1968 3885 2132 3942 Vens.
2169 3885 2222 3950 9,
2255 3887 2341 3941 10.
2370 3885 2511 3951 Quid
2556 3885 2738 3956 itaque
2768 3895 3023 3955 operetur
3061 3886 3139 3939 ira
3208 3884 3468 3943 adversus

1897 3988 2111 4035 montes
2139 3979 2261 4032 illos
2292 3979 2397 4033 sibi
2430 3976 2683 4042 traditos,
2708 3976 2905 4032 deinde
2943 3978 3116 4048 aperit
3147 3977 3299 4033 hisce
3344 3992 3466 4033 ver-

1895 4072 2019 4127 bis:
2056 4070 2303 4126 Ascendit
2336 4072 2512 4139 fumus
2550 4071 2705 4125 inira
2724 4071 2859 4141 ejus.
2893 4068 3044 4125 Sicut
3094 4069 3237 4125 enim
3303 4070 3466 4125 torris

1897 4162 2099 4232 ignitus
2121 4161 2168 4217 si
2189 4161 2589 4232 exstinguatur,
2618 4170 2747 4215 tunc
2799 4161 2983 4216 fumus
3012 4160 3300 4227 emittitur,
3346 4160 3465 4230 pari

1896 4253 2059 4309 modo
2080 4252 2405 4309 adversaria:
2436 4260 2733 4323 potestates
2763 4252 2875 4321 jam
2900 4252 3109 4323 pridem
3133 4251 3462 4321 conjecmin

1896 4347 2113 4416 ignem,
2167 4345 2446 4401 hominum
2495 4345 2706 4399 animas
2767 4344 3131 4399 incendebant
3179 4343 3465 4398 combure-

198 4447 295 4500 γον
321 4432 417 4486 καὶ
452 4431 740 4500 ἐξέκαιον
778 4433 901 4486 ἐπεὶ
931 4433 975 4487 δ’
1017 4436 1303 4492 ἐσϐέννυτο
1346 4440 1526 4494 αὐτῶν
1567 4443 1629 4496 τὸ
1674 4442 1786 4515 πῦρ

1896 4437 2132 4507 bantque
2156 4454 2171 4503 ;
2202 4437 2328 4506 igne
2357 4442 2538 4490 autem
2555 4435 2625 4489 ab
2650 4434 2730 4488 ira
2750 4433 2963 4489 Domini
2979 4437 3270 4498 exstincto,
3300 4432 3478 4489 emis-'

201 4524 305 4579 ὑπὸ
341 4525 448 4595 τῆς
485 4524 667 4596 ὀργῆς
693 4523 787 4577 τοῦ
818 4526 1044 4598 Κυρίου,
1076 4528 1143 4581 τὰ
1178 4533 1376 4601 σημεῖα
1403 4536 1504 4603 τῆς
1551 4533 1789 4599 σϐέσεως

197 4615 378 4671 αὐτῶν
425 4616 633 4687 ἐδήλου
676 4616 704 4668 ό
751 4612 810 4682 ἐξ
853 4617 1031 4672 αὐτῶν
1063 4620 1517 4693 ἀναπεμπόμενος
1562 4628 1784 4691 καπνός.

198 4704 311 4766 Εἶθ’
344 4709 477 4780 ἑξῆς
511 4705 767 4779 εἴρηται·
796 4708 908 4762 Καὶ
942 4709 1062 4779 πῦρ
1088 4710 1208 4766 ἀπὸ
1244 4713 1567 4781 προσώπου
1600 4719 1786 4774 αὑτοῦ

199 4799 750 4872 καταφλεγήσεται·
766 4798 1057 4868 ἄνθρακες
1074 4803 1438 4874 ἀνήφθησαν
1455 4808 1556 4863 ἀπ’
1577 4810 1784 4865 αὐτοῦ.

198 4893 388 4949 Ταῦτα
420 4894 534 4966 γὰρ
565 4892 596 4943 ὁ
624 4890 720 4945 τοῦ
762 4892 896 4948 Θεοῦ
946 4894 1073 4960 Υἱὸς
1115 4899 1335 4969 ἐνήργει
1380 4901 1600 4970 ἀφανῶς
1642 4905 1783 4960 κατὰ

198 4986 307 5040 τῶν
339 4984 745 5057 ἀντικειμένων
774 4985 1075 5058 δυνάμεων,
1110 4988 1169 5043 τὸ
1206 4989 1317 5063 πῦρ
1364 4992 1523 5045 αὐτὸν
1559 4993 1781 5060 σϐεννὺς

199 5079 374 5152 ἑτέρῳ
400 5079 541 5151 πυρὶ
572 5076 840 5150 κρείττονι
885 5082 977 5133 καὶ
1001 5079 1372 5155 δυνατωτέρῳ.
1404 5084 1497 5137 Διὸ
1534 5084 1781 5141 λέλεκται

200 5170 353 5242 παρὰ
385 5169 645 5224 Μωῦσεῖσ
697 5167 750 5219 '0
786 5167 929 5235 Θεὸς
965 5169 1133 5238 ἡμῶν
1173 5171 1293 5241 πῦρ
1334 5177 1785 5232 καταναλίσκον

199 5261 360 5320 ἐστι·
392 5263 490 5317 καὶ
516 5264 579 5316 ἐν
602 5260 882 5333 Ψαλμοῖςσ
901 5262 1027 5329 Πῦρ
1054 5263 1333 5319 ἐναντιον
1353 5268 1540 5324 αὐτοῦ
1563 5282 1785 5339 προπο-

190 5368 499 5421 ⁴νευσεται,
524 5352 629 5406 καὶ
649 5351 885 5421 φλογιεῖ
906 5354 1111 5418 κύκλῳ
1135 5355 1275 5423 τοὺς
1297 5357 1550 5428 ἐχθροὺς
1574 5362 1778 5416 αὑτοῦ·

201 5442 297 5497 καὶ
328 5442 515 5499 πάλιν·
568 5442 637 5495 ⁸0
679 5440 823 5509 Θεὸς
851 5443 1126 5513 ἐμφανῶς
1156 5446 1307 5513 ἥξει,
1334 5452 1367 5502 ό
1398 5451 1541 5515 Θεὸς
1585 5451 1780 5522 ἡμῶν,

199 5535 301 5589 καὶ
330 5538 404 5595 οὺ
443 5533 1087 5605 παρασιωπηθήσεται·
1138 5538 1258 5609 πῦρ
1300 5540 1556 5598 ἐνώπιον
1596 5546 1782 5603 αὐτοῦ

1891 4547 1987 4590 sus
2031 4531 2156 4586 inde
2199 4529 2382 4585 fumus
2436 4529 2817 4584 exstinctionis
2847 4529 3000 4598 signa
3024 4527 3213 4581 edidit.
3256 4524 3461 4581 Deinde

1894 4624 2068 4695 pergit
2104 4624 2307 4689 dicere,
2345 4632 2393 4678 et
2440 4624 2575 4694 ignis
2611 4640 2644 4676 a
2678 4622 2813 4691 [acie
2842 4620 2953 4689 ejus
2978 4620 3302 4683 exardescet,
3334 4635 3458 4671 car-

1892 4716 2049 4770 bones
2081 4715 2315 4771 succensi
2341 4723 2463 4769 sunt
2496 4713 2560 4766 ab
2584 4729 2666 4769 eo.
2703 4712 2829 4766 Haec
2860 4712 3041 4765 omnia
3064 4711 3207 4764 enim
3239 4708 3334 4764 Dei
3363 4707 3459 4762 Fi-

1892 4807 2001 4861 lius
2029 4813 2222 4862 contra
2249 4805 2589 4861 adversaries
2608 4811 2910 4874 potestates
2934 4803 3073 4857 clam
3102 4801 3453 4873 operabatur,

1891 4900 1983 4971 qui
2013 4914 2202 4955 eorum
2247 4898 2425 4968 ignem
2470 4897 2642 4951 altero
2690 4896 2813 4966 igne
2842 4895 3133 4966 potentiori
3166 4909 3231 4949 ac
3268 4894 3459 4949 arden-

1894 4990 2019 5046 tiori
2070 4988 2428 5043 exstinxerat.
2478 4984 2658 5053 Quare
2723 4986 2863 5054 apud
2914 4982 3153 5057 Moysem
3206 4984 3452 5040 dicitur:

1890 5081 2031 5137 Deus
2060 5089 2237 5135 noster
2266 5078 2398 5150 ignis
2450 5093 2757 5132 consumens
2802 5085 2879 5131 est
2909 5075 2976 5141 ⁵⁸,
3010 5083 3062 5131 et
3104 5076 3160 5130 in
3189 5073 3451 5145 psalmis:

1894 5171 2038 5244 Ignis
2059 5183 2178 5228 ante
2203 5174 2373 5243 ipsum
2402 5173 2675 5244 praecedet,
2705 5170 3122 5241 etin/Iammabit
3154 5171 3209 5223 in
3232 5169 3453 5223 circuitu

1891 5269 2132 5322 inimicos
2159 5269 2273 5338 ejus
2293 5268 2373 5334 ‘°;
2400 5282 2464 5323 ac
2480 5282 2699 5322 rursum
2738 5281 2752 5318 :
2788 5264 2928 5319 Deus
2964 5262 3241 5333 manifeste
3265 5260 3449 5326 ueniet,

1890 5357 2031 5413 Deus
2056 5368 2247 5426 noster,
2274 5366 2324 5412 et
2377 5373 2480 5411 non
2528 5357 2740 5411 silebit:
2771 5356 2904 5426 ignis
2947 5354 3003 5407 in
3043 5362 3317 5421 conspectu
3339 5350 3453 5419 ejus

1889 5452 2213 5517 exardescet,
2256 5462 2305 5506 et
2336 5452 2392 5505 in
2441 5452 2667 5507 circuitu
2709 5450 2824 5521 ejus
2859 5457 3137 5517 tempestas
3182 5442 3361 5501 valida
3382 5442 3450 5494 ".

1890 5544 2047 5601 Hunc
2063 5544 2227 5601 etiam
2269 5543 2449 5615 ignem
2499 5544 2747 5601 Salvator
2777 5540 3080 5599 indicavit:
3118 5537 3295 5612 Ignem
3338 5530 3450 5587 veni

181 5686 207 5731 Δ
272 5689 319 5724 ⁵³
342 5689 503 5748 Rom.
538 5705 596 5751 v,
638 5686 692 5742 5.
769 5689 816 5723 ⁸⁸
844 5689 1002 5748 Deut.
1037 5708 1115 5757 iv,
1141 5692 1233 5751 τι.
1311 5696 1356 5730 ⁸ο
1378 5695 1521 5755 Psal.
1556 5713 1699 5768 xcvr,
1735 5700 1787 5758 5.

1896 5706 1908 5734 ί
1953 5701 2095 5758 Psal.
2146 5715 2294 5765 stis,
2342 5699 2395 5755 3.

487 5782 771 5846 ΡΑτιοι..
800 5780 917 5847 ϐα.
950 5785 1185 5869 XXIII.

3172 5795 3210 5855 6
