4010 6530
155 391 264 451 ΠΒ

1288 391 1668 448 COMMENTA
1679 390 1795 447 ΜΛ
1834 391 1900 445 IN
1944 391 2281 450 PSALMOS.

3317 389 3420 444 174

157 510 302 586 ρόντι
328 513 357 566 ὁ
381 511 535 582 λόγος
562 510 628 565 τά
667 510 804 582 μετά
828 510 925 583 τὴν
950 512 1215 584 ἀνάληψιν
1247 512 1340 564 τοῦ
1373 513 1626 584 Σωτῆρος
1651 512 1737 565 διὰ

1848 519 1965 582 post
2015 511 2314 567 Salvatoris
2376 526 2666 566 ascensum
2700 526 2798 582 pet:
2835 511 2956 581 ejus
3007 510 3238 565 virtutes
3266 516 3419 578 gesta

153 605 252 678 τῆς
283 605 447 659 αὑτοῦ
479 606 762 676 δυνάμεως
802 605 1273 679 καταπραχθέντα,
1312 605 1497 674 σαφῶς
1525 605 1581 658 δὲ
1641 604 1738 676 τὴν

152 697 338 752 ἄνοδον
368 696 530 752 αὑτοῦ
556 697 867 768 παρέστησε
888 696 977 750 διὰ
1009 699 1116 750 τῶν
1147 697 1520 768 προκειμένων
1549 696 1736 750 εἰπών’

152 790 264 844 Kal
285 791 659 859 ἐϐρόντησεν
680 789 749 853 ἐξ
782 790 1064 857 ούρανοῦ.
1105 789 1228 852 Πῶς
1260 789 1316 842 δὲ
1353 789 1679 861 ἐϐρόντησεν
1713 791 1741 842 ὁ

152 880 414 952 ἀνωτέρω
447 880 634 944 κλίνας
663 881 788 943 τοὺς
819 880 1081 950 οὐρανοὺς
1136 879 1230 932 καί
1259 879 1524 945 καταϐὰς,
1579 881 1628 932 εἰ
1662 880 1740 951 μὴ

154 971 372 1036 πάντως
419 971 767 1038 ἀνεληλύθεις
831 972 966 1043 ὅπερ
1011 971 1266 1041 ἐδηλοῦτο
1329 971 1418 1026 ὃιά
1458 971 1575 1026 τοῦ⁹
1631 971 1742 1026 Kal

151 1061 336 1131 ἐπέϐη
379 1062 478 1116 ἐπὶ
507 1064 786 1132 χερο-υὸἶμ
817 1063 916 1116 καὶ
935 1063 1260 1129 ἑπετάσθη,
1311 1062 1612 1131 ἐπετὰσθη
1642 1063 1739 1116 ἐπὶ

153 1153 464 1222 πτερύγων
493 1152 746 1222 ἀνέμων.
779 1150 987 1204 Οὐκοῦν
1034 1151 1412 1206 ἀποδέδεικται
1443 1151 1740 1223 κατεληλυ-

155 1238 428 1308 θὼς,εἷτα
463 1242 600 1313 μετά
654 1240 747 1294 τοῦ
805 1239 1073 1315 χερουδὶμ
1127 1239 1490 1311 ἀνεληλυθώς-⁸
1542 1236 1637 1294 εἶτ’
1684 1239 1748 1304 ἐξ·

153 1334 387 1406 οὐρανοῦ
413 1333 667 1405 βροντῶν,
693 1333 788 1386 καὶ
820 1333 948 1403 ἑξῆς
977 1333 1046 1386 τά
1077 1332 1546 1404 ἀναγεγραμμένα
1570 1331 1742 1404 πράτ-

154 1443 264 1481 των
296 1425 436 1479 κατὰ
463 1425 570 1478 τῶν
599 1425 809 1496 ἐχθρῶν
857 1423 1043 1478 αὐτοῦ.
1081 1425 1303 1496 Πρῶτον
1327 1425 1424 1496 μὲν
1456 1425 1575 1480 ἀπὸ
1634 1425 1743 1495 τῆς

151 1516 580 1586 τηλαυγῆσεως
633 1516 823 1571 αὑτοῦ
879 1517 1138 1571 ἐνώπιον
1166 1517 1355 1571 αὐτοῦ
1406 1521 1464 1571 al
1493 1519 1742 1589 νεφέλαι

146 1607 338 1664 αὑτοῦ
361 1608 634 1677 διῆλθον,
666 1607 893 1678 χάλαζα
934 1610 1033 1663 καὶ
1066 1607 1359 1677 ἄνθρακες
1404 1612 1614 1678 πυρός.
1657 1613 1744 1676 Ὠς

150 1701 258 1773 γὰρ
291 1702 382 1754 ἐπὶ
409 1703 507 1773 τῆς
539 1700 818 1770 Αἰγύπτου
847 1700 990 1754 κατά
1033 1701 1134 1773 τὴν
1165 1701 1396 1771 ἑϐδόμην
1425 1703 1638 1773 πληγὴν
1664 1703 1744 1755 εί-

145 1810 332 1864 ρηται·
363 1794 578 1861 Κύριος
601 1792 669 1846 δὲ
694 1792 880 1846 ἔδωκε
923 1793 1138 1861 φωνὴν
1181 1793 1278 1846 καὶ
1323 1791 1607 1859 χάλαζαν,
1646 1794 1744 1847 καὶ

139 1883 430 1954 διέτρεχε,
463 1884 618 1955 φησὶ,
654 1885 717 1936 τὸ
745 1883 865 1952 πῦρ
899 1883 999 1936 ἐπὶ
1034 1881 1142 1950 τῆς
1189 1884 1322 1954 γῆς·
1372 1884 1469 1936 καὶ
1494 1884 1739 1952 ἔϐρεξεν

138 1976 364 2044 Κύριος
389 1977 487 2028 ἐπὶ
512 1976 633 2044 γῆν
660 1976 992 2045 Αἰγύπτου.
1035 1970 1157 2028 ἾΙν
1194 1975 1264 2028 δὲ
1304 1977 1343 2044 ἡ
1379 1977 1607 2046 χάλαζα
1639 1979 1738 2032 καὶ

138 2067 212 2120 τὸ
245 2065 366 2134 πῦρ
392 2065 678 2136 φλογίζον
701 2067 771 2119 ἐν
803 2065 878 2137 τῇ
930 2066 1180 2136 χαλάζῃ.
1223 2068 1517 2133 Ἐπάταξε
1577 2070 1646 2124 δὲ
1697 2073 1736 2141 ἠ

141 2155 381 2228 χάλαζα
425 2157 495 2209 ἐν
541 2155 710 2225 πάσῃ
757 2155 833 2226 γῆ
863 2158 1186 2227 Αἰγύπτουο
1218 2160 1312 2212 καὶ
1358 2159 1532 2213 ταῦτα
1562 2161 1738 2215 πάντα

144 2248 371 2318 ἐγένετο
398 2249 486 2302 ἵνα
518 2250 547 2301 ὁ
588 2249 716 2312 λαὸς
739 2249 833 2301 τοῦ
861 2248 999 2302 Θεοῦ
1044 2249 1357 2321 ἐλευθερίας
1391 2252 1492 2322 τῆς
1525 2253 1615 2304 ὑπ’
1640 2255 1736 2306 Αί-

147 2341 402 2408 γυπτίοις
429 2339 674 2402 δουλείας
699 2342 881 2409 τυχεῖν
913 2339 1137 2411 δυνηθῇ.
1193 2340 1296 2393 Τὸν
1324 2342 1486 2394 αὐτὸν
1534 2341 1736 2414 τρόπον

147 2431 246 2483 καὶ
279 2430 510 2484 ἐνταῦθα
542 2430 640 2494 τὰς
668 2429 728 2495 ἐξ
751 2429 920 2483 ἐθνῶν
967 2431 1290 2502 Ἐκκλησίας
1349 2432 1442 2484 καὶ
1473 2432 1572 2496 τάς
1630 2433 1736 2487 τῶν

143 2521 452 2592 ἀνθρώπων
471 2521 648 2592 ψυχὰς
679 2522 778 2592 τῆς
810 2522 913 2576 ὑπὸ
941 2524 1042 2594 τὴν
1086 2523 1242 2577 ἄθεον
1297 2523 1736 2598 εἰδωλολατρείαν

145 2615 245 2671 καὶ
270 2616 396 2679 τοὺς
452 2615 724 2687 πονηρους
754 2616 1014 2687 δαίμονας
1070 2617 1347 2688 ὑποταγῆς
1414 2616 1735 2689 ἐλευθερῶν,

143 2703 292 2758 κατὰ
314 2702 422 2756 τῶν
452 2706 659 2775 νοητῶν
685 2706 999 2774 Αἰγυπτίων
1047 2706 1199 2774 ἠφίει
1241 2706 1480 2776 χάλαζαν
1509 2709 1601 2761 καὶ
1643 2708 1737 2762 ἄν·

145 2794 360 2868 θρακας
389 2798 559 2868 πυρὸς
592 2800 620 2851 ὁ
651 2798 742 2850 ἐπὶ
767 2797 862 2850 τοῦ
914 2799 1184 2870 χερουϐὶμ
1235 2799 1480 2864 ἀναπτάς
1513 2801 1736 2872 Κύριος.

143 2880 316 2957 Οἶμαι
350 2885 406 2940 δὲ
435 2887 535 2948 τὰς
583 2887 724 2940 κατά
748 2888 859 2940 τῶν
912 2887 1126 2942 ἀσεϐῶν
1175 2890 1554 2962 τιμωρητικάς
1585 2892 1742 2946 δυνά-

145 2997 270 3052 μεις
305 2977 552 3050 χάλαζαν
587 2981 681 3033 καὶ
709 2980 988 3052 ἄνθρακας
1017 2982 1188 3053 πυρὸς
1231 2983 1612 3053 ὀνομάζεσθαι.
1643 2989 1743 3037 Δυ-

144 3071 343 3142 νάμεις
375 3071 557 3123 τοίνυν
588 3072 820 3143 τιμωροὶ
853 3072 950 3125 καὶ
976 3072 1314 3138 κολαστικαὶ,
1335 3073 1411 3144 τῷ
1443 3073 1742 3146 βουλήματι

140 3161 235 3215 τοῦ
270 3160 484 3231 Κυρίου
517 3163 739 3231 ἀφανῶς
772 3164 1277 3236 ὲξυπηρετούμεναι
1326 3164 1466 3219 κατά
1493 3167 1598 3220 τῶν
1623 3167 1742 3221 δαι-

143 3256 324 3326 μόνων
367 3254 474 3306 τῶν
500 3254 598 3326 τὴν
628 3255 887 3310 πολύθεον
921 3256 1128 3328 πλάνην
1187 3258 1576 3331 ἐνεργούντων,
1609 3262 1742 3316 πάν-

139 3364 237 3412 τας
259 3347 471 3410 αὐτοὺς
504 3347 754 3418 ἤλαυνον.
792 3349 883 3401 Διὸ
917 3348 1106 3419 σχεδὸν
1168 3350 1346 3404 πάντα
1382 3351 1562 3412 αὐτῶν
1590 3354 1744 3408 ἐκλέ-

139 3440 291 3493 λοιπε
320 3438 401 3492 τὰ
422 3442 749 3511 χρηστήρια,
810 3441 904 3495 καὶ
964 3442 1019 3494 αἱ
1056 3446 1308 3513 μαντεῖαι
1346 3445 1737 3517 κατελύθησανο

139 3530 335 3604 ἐρημοί
378 3547 438 3582 τε
464 3530 644 3582 αὐτῶν
707 3532 1050 3602 κατέστησαν
1071 3534 1119 3586 οἱ
1153 3533 1291 3587 ναοί·
1351 3535 1642 3607 σεσύληται
1675 3538 1743 3592 τὰ

137 3623 515 3696 ἀφιερώματα
545 3621 762 3693 ἀοράτῳ
785 3624 879 3676 καὶ
907 3625 1105 3692 ἀφανεῖ
1133 3625 1381 3696 δυνάμει·
1415 3627 1509 3680 τοῦ
1538 3629 1742 3700 Κυρίου

138 3715 312 3771 ταῦτα
339 3713 533 3766 πάντα
560 3713 697 3784 μετά
726 3715 824 3784 τὴν
847 3716 926 3778 εἰς
946 3716 1210 3786 οὐρανοὺς
1239 3717 1424 3771 ἄνοδον
1457 3719 1747 3791 διαπραξα-

147 3808 333 3884 μένου.

219 3900 331 3956 Kal
356 3896 754 3964 ἐξαπέστειλε
779 3897 938 3966 ,βέλη
968 3897 1068 3952 καὶ
1095 3898 1465 3976 ἐσκόρπισεν
1499 3901 1743 3967 αὐτοὺς,

150 3993 246 4048 καὶ
284 3989 607 4059 ἀστραπὰς
663 3989 970 4056 ἐπλήθυνε
1023 3993 1120 4046 καὶ
1178 3991 1592 4062 συνετάραξεν
1648 3997 1747 4048 αύ-

150 4086 308 4150 τούς.
338 4081 455 4138 Kal
496 4081 789 4150 ὤφθησαν
820 4086 879 4137 αἱ
909 4085 1092 4154 πηγαὶ
1153 4085 1272 4139 τῶν
1332 4084 1587 4149 ὑδάτων,
1649 4087 1747 4140 καὶ

151 4178 556 4247 ἀπεκαλύφθη
608 4174 680 4229 τὰ
746 4177 989 4246 θεμέλια
1041 4178 1152 4246 τῆς
1197 4180 1569 4248 οἰκουμένης-ο
1625 4179 1743 4234 ἀπὸ

151 4265 552 4338 ὲπιτιμήσεώς
585 4283 724 4332 σου,
766 4270 965 4337 Κύριε,
998 4269 1117 4324 ἀπὸ
1163 4271 1547 4340 ἐμπνεύσεως
1573 4271 1744 4324 πνεύ-

148 4379 331 4432 ματος
356 4359 549 4434 ὀργῆς
604 4377 741 4415 σου.
779 4361 1015 4432 Θεμέλια
1046 4365 1368 4436 οἰκουμένης
1395 4366 1608 4434 νοήσεις
1645 4365 1744 4428 τὰς

154 4452 249 4524 τῆς
271 4455 468 4525 σοφίας
493 4453 586 4506 τοῦ
607 4451 742 4506 Θεοῦ
759 4453 1035 4524 δυνάμεις,
1060 4455 1126 4509 δι’
1157 4449 1232 4509 ὧν
1249 4457 1343 4510 καὶ
1377 4456 1592 4528 παλαιή
1615 4457 1745 4529 σύμ-

1845 613 1973 660 sunt
2009 624 2022 672 ;
2073 605 2419 674 dilucidcqnc
2471 621 2763 659 ascensum
2793 604 2914 672 ejus
2959 602 3046 660 liis
3093 601 3424 672 signiﬁcavit

1844 697 2023 751 verbis
2049 713 2062 747 :
2101 695 2165 749 Et
2194 697 2420 762 intonuit
2446 695 2510 750 de
2532 695 2682 752 cwlo.
2707 696 2990 762 Quomodo
3012 695 3308 751 intonuerit
3327 694 3421 765 qui

1845 790 2100 859 superius
2152 789 2324 844 coelos
2382 787 2684 844 inclinasse
2735 802 2798 840 ac
2829 786 3183 842 descendisse
3225 786 3417 845 fertur.

1843 881 1950 936 nisi
1999 895 2225 952 prorsus
2255 878 2641 934 ascendisset?
2673 877 2815 948 quod
2866 877 3052 946 utique
3083 876 3232 930 hisce
3260 874 3422 930 dictis

1844 971 2271 1041 comprobantur
2299 988 2312 1025 :
2356 968 2426 1022 Et
2457 968 2692 1023 ascendit
2720 984 2875 1037 super
2899 965 3160 1020 cherubim
3197 973 3247 1018 et
3280 966 3424 1024 vola-

1844 1065 1932 1128 vit,
1977 1063 2168 1116 volavit
2198 1076 2353 1130 super
2377 1077 2575 1129 pennas
2599 1068 2890 1113 ventorum.
2921 1059 3420 1121 Commonstratum

1844 1171 1972 1226 ergo
2001 1153 2104 1209 luit
2127 1153 2304 1224 ipsum
2334 1151 2706 1214 descendisse,
2739 1150 2936 1206 deinde
2963 1165 3087 1204 cum
3122 1147 3424 1214 cberubino

1845 1247 2180 1311 ascendisse,
2252 1253 2374 1316 post
2422 1259 2488 1298 ex
2535 1244 2676 1297 coelo
2727 1243 3064 1303 intonuisse;
3109 1242 3326 1298 demum
3356 1255 3423 1297 ea

1844 1346 2033 1395 contra
2064 1337 2318 1394 inimicos
2343 1351 2475 1392 suos
2511 1335 2834 1406 designasse
2891 1349 3014 1404 qua:
3056 1334 3111 1388 in
3145 1334 3424 1404 sequenti-

1845 1433 1947 1488 bus
1985 1430 2395 1486 describuntur.
2443 1425 2632 1484 Primo
2690 1426 2906 1497 quidem
2938 1441 3048 1495 pra:
3079 1424 3283 1496 fulgore
3309 1421 3422 1492 ejus

1845 1525 1899 1578 in
1927 1533 2207 1593 conspectu
2239 1521 2353 1590 ejus
2378 1521 2536 1574 nubes
2585 1519 2933 1582 transierunt,
2964 1516 3165 1588 grando
3201 1525 3250 1570 et
3303 1531 3424 1571 car-

1848 1617 2004 1669 bones
2026 1615 2182 1686 ignis.
2212 1613 2368 1668 Sicut
2384 1613 2528 1668 enim
2552 1611 2622 1666 de
2649 1610 2887 1682 IEgypto
2917 1610 2971 1664 in
3005 1609 3236 1680 septima
3265 1609 3425 1680 plaga

1847 1715 2126 1768 narratur,
2165 1705 2419 1762 Dominus
2449 1712 2624 1758 autent
2652 1703 2794 1757 dedit
2848 1718 3020 1768 uocem
3039 1711 3088 1755 et
3112 1700 3425 1771 grandinem

1848 1804 1896 1848 et
1919 1793 2272 1858 discurrebat,
2325 1795 2523 1864 inquit,
2561 1795 2696 1864 ignis
2744 1809 2902 1863 super
2927 1805 3122 1847 terram
3155 1792 3426 1871 :pluitque

1779 1866 2109 1940 BDominus
2161 1902 2317 1954 super
2383 1895 2581 1939 terram
2632 1884 2872 1956 ngypti.
2920 1885 3154 1956 Eratque
3192 1866 3422 1955 grando,

1846 1979 2082 2048 ignisque
2111 1977 2301 2032 ardens
2345 1977 2400 2031 in
2427 1977 2704 2048 grandine.
2745 1975 2813 2030 Et
2845 1977 3101 2046 percussit
3147 1975 3348 2047 grando
3371 1976 3426 2029 in

1846 2069 1990 2123 omni
2021 2079 2163 2123 terra
2198 2068 2419 2138 zEgypti
2451 2068 2516 2124 ⁸⁸.
2558 2067 2684 2123 llaec
2709 2083 2873 2138 porro
2920 2066 3103 2122 omnia
3135 2067 3277 2121 facta
3299 2075 3426 2122 sunt

1845 2171 1907 2215 ut
1934 2161 2168 2231 populus
2203 2159 2300 2214 Dei
2330 2160 2398 2214 ab
2421 2159 2800 2231 Aigyptiorum
2850 2159 3113 2215 servitute
3159 2159 3427 2223 eximere-

1846 2261 1956 2307 tur.
1990 2252 2191 2307 Eodem
2226 2267 2455 2322 prorsus
2507 2251 2671 2309 modo
2712 2251 2827 2330 jam
2879 2265 3007 2305 cum
3039 2249 3315 2305 Eccleslas
3356 2265 3425 2308 ex

1848 2347 2107 2419 gentibus
2131 2352 2375 2409 coactas,
2418 2344 2812 2418 hominumque
2860 2343 3073 2399 animas
3109 2357 3138 2396 a
3164 2342 3425 2404 servitute

1847 2437 2026 2509 impia:
2042 2435 2358 2493 idololatriae
2378 2445 2432 2491 et
2447 2435 2806 2507 malignorum
2829 2433 3132 2490 daamonum
3151 2433 3424 2501 liberaret;

1845 2531 2111 2587 adversus
2166 2528 2546 2601 intelligibiles
2595 2527 2881 2600 Egyptios
2906 2527 3169 2583 Dominus
3213 2527 3304 2582 ille
3331 2530 3425 2608 qui

1848 2637 2012 2694 super
2050 2622 2335 2678 cherubim
2389 2622 2640 2689 volavit,
2703 2620 3025 2692 grandinem
3061 2627 3115 2674 et
3157 2618 3426 2684 carbones

1847 2715 1990 2786 ignis
2020 2715 2325 2771 emittebat.
2371 2715 2627 2770 Arbitror
2676 2722 2861 2768 autem
2913 2713 3138 2767 ultrices
3167 2711 3289 2767 illas
3328 2711 3426 2774 ad-

1849 2824 2042 2865 versus
2070 2809 2268 2879 impios
2300 2815 2522 2878 paratas
2551 2807 2802 2874 virtutes,
2861 2804 3184 2876 grandinem
3221 2811 3275 2857 et
3305 2817 3428 2856 car-

1849 2901 2020 2956 bones
2058 2901 2201 2971 ignis
2215 2901 2419 2955 vocari.
2439 2899 2692 2969 _Virtutes
2731 2898 2897 2970 igitur
2928 2897 3035 2952 illae
3067 2895 3339 2974 supplicio
3369 2902 3430 2951 et

1852 2994 2045 3049 ultioni
2075 2993 2384 3057 destinatae,
2433 2991 2732 3048 voluntatis
2759 2990 2855 3046 Dei
2902 2991 3118 3046 occulto
3152 3002 3300 3042 more
3331 2985 3428 3051 ad-

1853 3086 2118 3141 ministra:
2149 3086 2413 3142 adversus
2459 3086 2737 3140 daemonas
2763 3086 2856 3155 qui
2891 3082 3273 3162 multiplicium
3296 3080 3430 3135 deo-

1851 3195 1972 3233 rum
1996 3179 2443 3250 superstitionem
2493 3177 2846 3241 advexerant,
2879 3177 3028 3250 ipsos
3081 3188 3273 3229 omnes
3317 3170 3428 3227 da:-

1849 3286 2044 3326 monas
2091 3272 2383 3343 abigebant
2471 3269 2652 3337 Quare
2705 3270 2962 3324 universa
2983 3283 3173 3326 eorum
3205 3265 3427 3331 oracula

1849 3363 2154 3428 desierunt,
2205 3362 2465 3418 vaticinia
2501 3363 2762 3433 abrogata
2808 3368 2957 3426 sunt,
2997 3359 3198 3429 templa
3236 3372 3428 3417 eorum

1849 3455 2085 3522 deserta,
2122 3456 2366 3511 sacraria
2404 3453 2669 3510 invisibili
2708 3468 2772 3508 ac
2796 3453 2998 3508 latente
3043 3451 3246 3511 virtute
3269 3447 3426 3518 expi-

1850 3547 1961 3600 lata
1994 3545 2236 3608 l'uerunt,
2269 3543 2501 3599 Domino
2563 3549 2687 3612 post
2721 3557 2881 3604 suum
2913 3541 2984 3613 .in
3035 3540 3206 3605 ctelos
3235 3526 3429 3603 ascen-

1853 3653 1972 3693 sum
1990 3637 2103 3691 haac
2125 3635 2310 3690 omnia
2328 3643 2611 3710 operante,

1925 3906 2092 3962 Vens.
2126 3907 2212 3974 15,
2248 3905 2333 3960 16.
2371 3904 2439 3958 Et
2465 3904 2609 3958 misit
2637 3902 2860 3974 sagittas
2884 3917 3032 3964 suas,
3063 3909 3112 3954 et
3148 3898 3432 3968 dissipauit

1853 4017 1939 4056 eos
1964 4015 1980 4062 ;
2004 3999 2220 4069 fulgura
2243 3997 2634 4066 multiplicauit,
2659 4005 2708 4050 et
2733 3993 3062 4050 conturbavit
3083 4009 3192 4047 eos.
3235 3989 3303 4044 Et
3337 4005 3430 4060 ap-

1850 4101 2141 4165 paruerunt
2174 4091 2342 4160 fontes
2373 4103 2654 4158 aquarum,
2712 4095 2762 4140 et
2809 4085 3040 4140 revelata
3081 4091 3205 4137 sunt
3243 4081 3432 4151 funda-

1852 4196 2028 4242 menta
2051 4183 2512 4238 orbisterrarum:
2545 4180 2610 4232 ab
2644 4177 3002 4248 increpatione
3024 4185 3140 4239 tua,
3185 4173 3428 4236 Domine,

1852 4278 1917 4334 ab
1970 4276 2316 4344 inspiratione
2357 4272 2578 4342 spiritus
2633 4271 2730 4326 ira:
2773 4279 2898 4325 tute.
2934 4267 3039 4324 Per
3076 4265 3430 4328 fundamenta

1850 4369 2002 4426 orbis
2050 4377 2322 4422 terrarum
2371 4365 2647 4434 intelligas
2701 4362 2984 4432 sapientiae
3029 4359 3123 4414 Dei
3174 4359 3426 4416 virtutes,

1850 4462 2051 4534 quibus
2079 4459 2210 4514 olim
2241 4458 2500 4514 universa
2532 4470 2717 4514 rerum
2755 4462 2955 4514 natura
2978 4451 3203 4507 fundata
3231 4457 3311 4506 est
3336 4487 3351 4513 ,
3377 4455 3432 4502 et

154 4564 299 4602 πάσα
322 4547 507 4610 κτίσις
541 4546 922 4617 τεθεμελίωτο,
953 4548 1047 4601 καὶ
1079 4547 1216 4618 μετά
1245 4548 1419 4607 ταῦτα
1436 4549 1741 4622 ἐστερεώθη

1851 4564 2040 4627 postea
2069 4552 2429 4609 conﬁrmatus
2460 4557 2546 4605 est
2592 4549 2766 4616 orbis,
2794 4548 2890 4620 qui
2921 4561 3031 4602 non
3063 4541 3432 4600 commovebi—

156 4638 190 4709 ἡ
219 4640 540 4711 οἰκουμένη,
594 4639 717 4708 ἥτις
779 4639 840 4691 οὐ
893 4638 1304 4710 σαλευθήσεται.
1336 4640 1399 4692 El
1424 4639 1482 4692 δὲ
1516 4641 1611 4694 καὶ
1641 4641 1745 4712 τὴν

169 4728 489 4802 Ἐκκλησίαν
520 4728 614 4781 τοῦ
651 4729 782 4782 Θεοῦ
817 4729 914 4804 τὴν
961 4731 1283 4812 οἰκουμένῃν
1331 4731 1534 4796 ἐθέλοις
1584 4735 1744 4786 νοεῖνο

155 4818 400 4891 θεμέλιον
429 4823 487 4876 δὲ
528 4820 700 4890 αὐτῆς
726 4821 941 4892 πρῶτον
970 4821 1068 4892 μὲν
1095 4821 1193 4893 τὴν
1226 4822 1445 4893 ἀρραγῆ
1499 4823 1593 4879 καὶ
1624 4841 1746 4876 στε-

160 4914 284 4981 ρεὰν
306 4915 540 4985 πέτραν,
577 4914 660 4982 ἐφ’
763 4912 1104 4985 ᾠκοδόμηται
1150 4915 1290 4968 κατά
1316 4916 1396 4967 τό·
1453 4918 1576 4970 Ἐπὶ
1632 4916 1745 4986 τὴν

158 5001 377 5070 πέτραν
423 5000 804 5070 οἰκοδομήσω
860 5018 981 5072 μου
1034 5001 1149 5070 τὴν
1211 5003 1598 5073 Ἐκκλησίαν,
1643 5008 1743 5062 καὶ

161 5095 340 5148 πύλαι
366 5094 516 5162 ᾅδου
550 5095 622 5147 οὺ
663 5098 1151 5164 κατισχύσουσιν
1199 5095 1410 5165 αὐτῆς.
1472 5098 1532 5153 Ἡ
1560 5097 1747 5167 πέτρα

163 5180 227 5235 δὲ
251 5183 328 5253 ἦν
355 5189 386 5240 ό
415 5187 693 5255 Χριστόςο
748 5185 782 5257 ἢ
821 5185 961 5240 κατά
995 5187 1085 5241 τὸν
1125 5188 1468 5255 Ἀπόστολον,
1525 5191 1653 5262 περὶ
1684 5187 1744 5248 οῦ

165 5273 394 5331 διδάσκει
427 5279 593 5344 αὐτὸς
623 5277 816 5348 λέγων’
852 5279 1136 5348 Θεμέλιον
1181 5281 1292 5351 γὰρ
1321 5282 1516 5337 ἄλλον
1547 5282 1746 5350 οὐδεὶς

166 5365 406 5423 δύναται
452 5372 641 5427 θεῖναι
709 5370 870 5439 παρὰ
924 5371 1030 5425 τὸν
1106 5373 1399 5442 κείμενον,
1460 5376 1528 5444 ὅς
1575 5377 1745 5432 ἐστιν

182 5459 410 5528 Ἰησοῦς
475 5465 746 5532 Χριστός·
801 5460 919 5518 εἶτα
988 5465 1104 5536 μετ’
1156 5467 1318 5520 αὑτὸν
1371 5467 1610 5538 θεμέλιοι
1644 5467 1742 5539 τῆς

183 5550 498 5624 Ἐκκλησίας
528 5556 858 5628 προφητικοὶ
907 5557 1001 5610 καὶ
1029 5558 1378 5612 ἀποστολικοὶ
1427 5559 1574 5628 λόγοι
1605 5561 1744 5616 κατά

173 5640 259 5695 τὸν
303 5644 620 5702 Ἀπόστολον
691 5650 957 5720 φήσανταο
1008 5649 1606 5720 Ἐποικοδομηθέντες
1642 5654 1741 5706 ἐπὶ

1851 4659 1960 4704 tur.
1995 4646 2150 4720 Quod
2199 4646 2244 4701 si
2281 4661 2378 4715 per
2416 4643 2607 4699 orbem
2660 4651 2955 4706 terrarum,
3006 4635 3307 4692 Ecclesiam
3335 4633 3430 4688 Dei

1850 4740 2021 4810 accipi
2044 4737 2202 4801 velis,
2240 4722 2304 4791 ac
2331 4735 2377 4790 si
2416 4735 2832 4788 fundamentum
2869 4732 2988 4801 ejus
3037 4728 3244 4798 cogites
3285 4741 3430 4790 esse,

1850 4832 2026 4906 primo
2054 4829 2273 4899 quidem
2328 4826 2620 4882 infractam
2657 4825 2805 4880 illam
2840 4831 2894 4878 et
2939 4821 3169 4878 solidam
3197 4827 3430 4892 petram,

1852 4924 1906 4975 in
1936 4937 2044 4991 qua
2074 4918 2298 4972 fundata
2325 4925 2430 4982 est,
2473 4914 2779 4972 secundum
2830 4913 2964 4967 illud
2991 4931 3003 4966 :
3029 4910 3205 4980 Supra
3227 4920 3431 4981 petram

1855 5011 2131 5082 a’dificabo
2166 5008 2459 5070 Ecclesium
2483 5023 2675 5072 meant,
2703 5015 2754 5060 et
2773 5012 2940 5074 portae
2977 4995 3136 5074 inferi
3158 5019 3263 5056 non
3290 5018 3431 5072 pra:-

1855 5105 2096 5160 valebunt
2140 5101 2387 5156 adversus
2427 5117 2544 5156 eam
2579 5100 2647 5156 ⁸⁸.
2685 5097 2847 5153 Petra
2912 5107 3087 5151 autem
3126 5104 3240 5150 erat
3281 5093 3433 5149 Chri-

1851 5207 1964 5252 stus
1986 5197 2067 5264 7°;
2096 5204 2192 5248 aut
2224 5202 2283 5248 ut
2303 5193 2598 5264 Apostolus
2652 5191 2864 5246 indicat
2903 5189 2990 5245 his
3023 5187 3208 5244 verbis
3239 5205 3252 5241 :
3289 5184 3434 5238 Fun-

1852 5286 2160 5342 damentu'm
2193 5287 2331 5342 enim
2357 5285 2504 5338 aliud
2545 5301 2696 5338 nemo
2730 5291 2898 5352 potest
2930 5297 3138 5352 ponere,
3163 5289 3356 5350 praeter
3377 5277 3432 5331 id

1851 5379 1989 5451 quod
2025 5378 2255 5454 positum
2287 5386 2384 5442 est,
2404 5375 2540 5447 quod
2566 5384 2642 5430 est
2675 5374 2918 5430 Christus
2938 5373 3093 5426 Jesus
3111 5372 3154 5402 ⁷¹
3181 5387 3199 5424 ;
3223 5385 3287 5424 ac
3313 5377 3434 5438 post

1852 5455 2033 5542 ipsum
2063 5469 2403 5526 Salvatorem
2461 5468 2817 5523 fundamenta
2849 5464 3107 5520 Ecclesiae
3151 5462 3431 5524 existimes

1851 5579 1974 5622 esse
1995 5563 2343 5634 prOphcticos
2365 5568 2419 5615 et
2443 5558 2774 5630 apostolicos
2797 5573 3100 5621 sermones,
3127 5552 3430 5610 secundum

1851 5653 2097 5730 Apostoli
2120 5654 2325 5708 dictum
2358 5649 2818 5721 :Superazdiﬁcati
2845 5665 3000 5718 super
3031 5645 3434 5726 fundamentum

250 5819 291 5853 ⁶⁶
314 5821 480 5885 Exod.
509 5841 582 5889 lx,
612 5826 702 5893 25,
735 5826 826 5886 25.
903 5829 944 5860 ε’
968 5826 1160 5889 Matth.
1199 5844 1310 5897 xvi,
1346 5829 1430 5887 18.
1510 5830 1552 5861 7°
1582 5829 1598 5883 Ι
1632 5828 1740 5885 Cor

1848 5869 1854 5895 .
1885 5831 1944 5903 4,
1971 5831 2060 5910 ﬁ“
2088 5829 2108 5889 ι
2134 5832 2259 5893 Cor.
2293 5846 2378 5900 ui,
2423 5831 2505 5892 ll.
