4010 6614
670 435 780 494 ΙἸΞ

1364 432 1633 490 EUSEBH
1665 433 2146 490 CESARIENSIS
2171 433 2323 490 OPP.
2365 433 2544 491 PARS
2583 433 2670 490 Ill.
2712 467 2780 476 -—
2812 428 3225 491 EXEGETICA.

3845 436 3872 492 ί
3887 438 3947 494 76

669 552 1032 624 apostolorum
1054 563 1102 609 et
1127 553 1630 624 prophetarumipso
1661 572 1867 609 summo
1897 555 2234 625 augularila-

2341 554 2418 622 τῷ
2447 557 2697 626 θεμελίῳ
2725 554 2842 610 τῶν
2870 557 3229 612 ἀποστόλων
3257 554 3355 610 καὶ
3391 552 3736 623 προφητῶν,
3757 555 3947 625 ὄντος

666 649 788 721 pide
818 646 1030 704 Christo
1057 645 1186 701 Jesu
1220 649 1297 714 1’;
1356 663 1706 718 nequaquam
1741 663 1773 704 a
1805 648 2052 704 veritatis
2075 663 2243 718 scopo

665 739 1026 797 aberraveris.
1057 737 1182 793 Πιεο
1216 739 1381 810 igitur
1420 739 1571 795 orbis
1611 738 1969 797 fundamenta
2005 739 2244 795 revelata

667 845 795 891 sunt
824 851 838 887 :
867 833 1106 888 inimicis
1144 833 1257 895 Dei.
1285 834 1376 904 qui
1396 834 1524 887 olim
1575 834 1778 888 mentis
1821 843 2022 888 nostra:
2052 833 2243 888 oculos

648 926 1121 1006 .obtenebrahant,
1147 933 1206 980 ut
1247 942 1316 980 ne
1340 926 1525 980 di\ina
1555 926 1753 980 intueri
1780 935 2024 998 possent,
2059 925 2242 980 elimi-

664 1019 810 1073 natis
834 1028 887 1073 et
915 1018 1135 1088 fugatis,
1174 1033 1237 1072 ac
1261 1035 1356 1089 per
1382 1018 1618 1074 emissas
1645 1016 1799 1073 aDeo
1827 1017 2056 1089 sagittas
2077 1016 2244 1073 dissi-

663 1109 828 1180 patis,
862 1108 1177 1181 fugatisque
1204 1111 1272 1166 ab
1297 1110 1675 1182 increpatione
1706 1109 1921 1165 Domini
1965 1121 2018 1166 et
2051 1111 2119 1165 ab
2154 1111 2242 1164 in-

665 1202 968 1274 spiratione
996 1205 1332 1274 spiritusira:
1355 1205 1496 1275 ejus.
1532 1205 1723 1260 Merito
1768 1203 1935 1275 igitur
1957 1219 2021 1258 ac
2048 1218 2240 1258 conse-

665 1307 917 1367 quenter,
938 1298 1095 1354 abiis
1124 1297 1294 1368 erepti
1325 1312 1388 1352 ac
1417 1306 1634 1367 recepto
1660 1297 1947 1353 oculorum
1967 1313 2090 1364 usu,
2123 1295 2244 1351 fon-

665 1396 749 1444 tes
783 1403 1051 1459 aquarum
1096 1389 1352 1447 vidimus.
1412 1387 1765 1443 fundamenta
1790 1388 1938 1442 orbis
1969 1395 2241 1443 terrarum

665 1482 1037 1552 suspeximus.
1073 1479 1228 1546 Quod
1274 1488 1432 1535 astate
1480 1486 1668 1534 nostra
1707 1480 1761 1533 in
1804 1481 2053 1550 plurimis
2087 1489 2244 1535 terra:

665 1573 914 1642 partibus
936 1574 1137 1628 evenit.

736 1751 903 1811 Vsus.
941 1754 1134 1810 17-19.
1183 1754 1333 1809 Misit
1382 1753 1448 1809 de
1489 1742 1695 1808 summo
1761 1761 1810 1808 et
1875 1753 2074 1822 accepit
2141 1768 2240 1818 me,

663 1847 952 1917 assumpsit
976 1863 1056 1900 me
1079 1845 1142 1900 de
1192 1848 1343 1918 aquis
1374 1847 1576 1901 multis.
1636 1845 1953 1900 Demersum
2006 1861 2243 1916 namque

663 1938 866 2008 ipsum,
891 1944 945 1992 et
977 1938 1134 2008 quasi
1185 1938 1461 2008 captivum
1505 1936 1824 1997 abductum.
1859 1937 2241 1991 universorum

663 2029 807 2086 Deus
831 2037 886 2085 et
923 2029 1106 2096 Pater,
1165 2046 1262 2100 per
1319 2028 1515 2084 Filium
1574 2045 1735 2085 suum
1770 2030 1867 2084 abs
1911 2044 1970 2084 se
2012 2029 2241 2084 missum

662 2122 900 2195 excepit.
923 2122 1082 2180 Unde
1123 2133 1305 2178 autem
1356 2125 1652 2193 exceperit,
1695 2124 1926 2179 subinde
1967 2125 2243 2195 signiﬁcat

665 2215 971 2280 lnisverbis,
1008 2221 1070 2270 de
1088 2217 1236 2285 aquis
1251 2216 1453 2270 multis.
1481 2216 1570 2268 Ait
1599 2215 1764 2286 igitur
1799 2216 1964 2270 etiam
1998 2218 2053 2270 iu
2081 2229 2241 2271 sexa-

662 2309 872 2377 gesimo
903 2314 1097 2361 octavo
1127 2307 1373 2377 psalmo:
1409 2306 1627 2362 Salvum
1669 2323 1748 2360 me
1779 2307 1886 2376 fac,
1926 2308 2093 2372 Deus,
2121 2325 2246 2378 quo-

667 2399 811 2450 niam
834 2397 1169 2451 intraverunt
1199 2413 1350 2468 aqua:
1375 2397 1620 2469 usquead
1651 2401 1888 2453 animam
1930 2415 2099 2454 meam
2126 2417 2143 2454 :
2166 2400 2245 2453 in-

663 2493 804 2554 ﬁxus
833 2509 949 2546 sum
980 2493 1033 2545 in
1069 2493 1195 2546 limo
1236 2492 1504 2562 profundi,
1538 2504 1587 2549 et
1612 2511 1712 2548 non
1731 2504 1809 2549 est
1837 2495 2138 2554 substantia
2171 2496 2240 2556 ⁷³.

661 2582 744 2636 Ad
763 2583 877 2637 hare
898 2591 1298 2653 consequenter
1327 2600 1460 2640 sane
1481 2584 1536 2638 in
1568 2586 1821 2654 prmsenli
1852 2587 2055 2656 gratias
2076 2603 2242 2657 agens

662 2676 744 2729 sic
770 2676 846 2729 ait
872 2695 884 2730 :
915 2675 1213 2744 Assumpsit
1247 2693 1327 2731 me
1352 2676 1414 2731 de
1434 2678 1582 2748 aquis
1608 2677 1810 2732 multis.
1855 2678 2114 2744 Quaenam
2145 2695 2240 2734 att-

660 2774 770 2820 tem
795 2767 906 2821 sint
934 2782 1088 2838 aqua:
1126 2767 1251 2834 illae,
1308 2783 1432 2823 mox
1485 2771 1726 2840 apertius
1785 2769 1994 2825 indicat
2025 2771 2106 2827 sic
2161 2771 2243 2827 lo-

659 2873 873 2927 quens:
900 2859 978 2914 De
1034 2861 1264 2915 inimicis
1313 2863 1441 2915 meis
1485 2863 1819 2931 fortissimis,
1854 2873 1904 2918 et
1939 2863 2003 2918 ab
2045 2865 2110 2920 iis
2152 2868 2240 2937 qui

659 2949 878 3008 oderunt
902 2970 1000 3013 me.
1026 2955 1275 3024 quoniam
1301 2954 1617 3024 conformati
1632 2967 1752 3010 sunt
1777 2973 1931 3027 super
1959 2975 2058 3012 me.
2091 2959 2242 3014 Prte-

657 3054 905 3101 venerunt
928 3063 1008 3100 me
1037 3045 1496 3118 indiea/ﬂictionis
1526 3064 1674 3102 mcaz.
1707 3047 1832 3103 Haec
1860 3049 1978 3120 ipsa
2003 3049 2241 3119 Spiritus

657 3147 884 3195 sanctus
911 3138 1220 3202 annuntiat,
1245 3139 1372 3192 dum
1397 3139 1474 3192 ait
1491 3154 1615 3193 eum
1647 3148 1991 3211 assumptum
2023 3157 2146 3198 esse
2171 3143 2239 3198 de

2344 647 2774 716 ἀκρογωνιαίου
2835 647 3020 701 αὐτοῦ
3079 644 3284 712 Ἰησοῦ
3345 644 3637 712 Χριστοῦ
3711 645 3823 700 οὐκ
3885 649 3946 702 ἃν

2346 737 2501 802 ἐκτὸς
2531 736 2712 808 βάλοις
2739 738 2839 808 τῆς
2870 737 3146 809 ἀληθείας.
3169 735 3333 791 Ταῦτ’
3365 732 3458 790 οὖν
3481 736 3548 790 τὰ
3574 737 3806 810 θεμέλια
3848 741 3946 811 τῆς

2343 831 2670 904 οἰκουμένης
2722 829 3192 900 ἁνεκαλύφθησαν·
3243 829 3351 882 τῶν
3401 829 3606 902 ἐχθρῶν
3663 828 3766 882 τοῦ
3801 830 3942 882 Θεοῦ

2343 925 2450 978 τῶν
2493 923 2658 977 πάλαι
2702 923 3128 978 ἐπισκοτούντων
3185 921 3252 975 τὰ
3310 921 3410 993 τῆς
3440 921 3616 992 ψυχῆς
3640 921 3808 992 ἡμῶν
3840 922 3942 992 ὁμο

2348 1035 2491 1088 ματα
2515 1017 2652 1088 πρὸς
2695 1016 2756 1069 τὸ
2806 1015 2881 1088 μὴ
2924 1015 2992 1069 τὰ
3020 1016 3140 1069 θεῖα
3187 1015 3405 1087 βλέπειν
3454 1017 3518 1069 ἐκ
3546 1015 3724 1069 ποδῶν
3773 1033 3940 1086 μετα-

2347 1108 2604 1172 στάντων,
2659 1108 2754 1161 καὶ
2813 1112 2927 1170 τοῖς
2974 1107 3280 1161 ἁποδοθεῖσι
3333 1105 3428 1160 τοῦ
3484 1107 3688 1178 Κυρίου
3755 1108 3939 1178 βέλεσι

2342 1200 2886 1272 διασκορπισθέντων,
2924 1201 3269 1270 πεφευγότων
3317 1218 3376 1254 τε
3421 1200 3527 1254 ἀπὸ
3558 1203 3937 1272 ἐπιτιμήσεως

2345 1294 2570 1368 Κυρίου,
2604 1295 2698 1348 καὶ
2744 1293 2852 1346 ἀπὸ
2907 1293 3258 1364 ἐμπνεύσεως
3289 1293 3600 1364 πνεύματος
3627 1293 3810 1364 ὀργῆς
3842 1295 3936 1346 αὖ·

2343 1385 2458 1440 τοῦ.
2485 1386 2724 1451 Εἰκότως
2769 1381 2861 1439 οὖν
2891 1385 3346 1458 ἐλευθερωθέντες
3388 1384 3594 1439 τούτων
3624 1386 3798 1456 ἡμεῖς
3851 1388 3937 1439 καὶ

2343 1479 2765 1549 ἀναϐλέψαντες,
2800 1479 2900 1543 τὰς
2929 1478 3110 1550 πηγὰς
3137 1479 3244 1531 τῶν
3304 1478 3510 1532 ὑδάτων
3561 1476 3934 1549 ἐθεασάμεθα,

2344 1572 2437 1624 καὶ
2469 1571 2536 1624 τὰ
2556 1571 2778 1643 θεμέλια
2810 1572 2908 1643 τῆς
2941 1571 3261 1642 οἰκουμένης
3307 1572 3767 1641 ἐπωπτεύσαμεν.
3831 1573 3934 1625 Καὶ

2343 1663 2501 1716 τοῦτο
2529 1666 2613 1733 ἐφ’
2647 1663 2804 1735 ἡμῶν
2835 1665 2890 1717 ἐν
2918 1663 3130 1728 πολλοῖς
3161 1664 3449 1735 γεγένηται
3483 1663 3768 1734 κλίμασιν.

2427 1755 2888 1820 Ἕξαπέστειλεν
2918 1757 2987 1822 ἐξ
3012 1758 3232 1826 ὕψους,
3266 1756 3359 1810 καὶ
3413 1755 3588 1810 ἕλαεέ
3615 1772 3714 1825 με,
3745 1770 3933 1826 προσ-

2343 1848 2590 1903 ελάϐετό
2612 1866 2689 1920 με
2708 1850 2778 1914 ἐξ
2819 1849 3054 1905 ὑδάτων
3105 1849 3366 1904 πολλῶν.
3402 1847 3804 1903 Καταποθέντα
3833 1849 3932 1920 γὰρ

2343 1939 2504 1992 αὑτὸν
2536 1940 2630 1992 καὶ
2675 1939 2950 2010 ληφθέντα
2980 1938 3170 2011 ὥσπερ
3198 1939 3543 2010 αἰχμάλωτον
3567 1941 3595 1992 ό
3623 1938 3735 1991 τῶν
3802 1939 3931 1994 ὅλων

2344 2029 2475 2094 Θεὸς
2508 2033 2602 2085 καὶ
2617 2031 2824 2103 Πατὴρ,
2842 2030 3225 2096 ἐξαποστείλας
3251 2028 3341 2082 τὸν
3359 2029 3550 2082 ἐαυτοῦ
3570 2028 3717 2092 Υἱὸν,
3750 2029 3928 2083 ἔλαϐε.

2345 2122 2512 2174 Πόθεν
2544 2121 2599 2176 δὲ
2652 2122 2815 2176 αὐτὸν
2870 2121 3078 2187 ἔλαϐεν,
3129 2122 3258 2192 ἐξῆς
3319 2121 3560 2174 διδάσκει
3609 2119 3816 2188 λέγων,
3870 2122 3928 2183 ἐξ

2345 2213 2578 2267 ὑδάτων
2605 2213 2873 2269 πολλῶν.
2906 2215 3043 2286 Φησὶ
3070 2214 3200 2282 γοῦν
3230 2212 3325 2267 καὶ
3361 2215 3418 2266 ἐν
3455 2211 3732 2284 ἑξηκοστῷ
3763 2214 3930 2284 ὀγδόῳ

2342 2306 2560 2378 ψαλμῴ⁶
2591 2307 2792 2361 Σῶσόν
2816 2323 2914 2377 με,
2955 2308 2986 2360 ό
3015 2306 3177 2372 Θεὸς,
3214 2305 3302 2359 ὅτι
3329 2305 3705 2374 εἱσήλθοσαν
3741 2306 3930 2361 ῦδατα

2343 2398 2452 2465 ἕως
2474 2398 2676 2470 ψυχῆς
2707 2415 2844 2467 μου·
2887 2397 3188 2468 ἐνεπάγην
3224 2400 3311 2464 είς
3358 2397 3518 2465 ὕλην
3559 2397 3783 2464 βυθοῦ,
3839 2401 3926 2453 καὶ

2343 2494 2454 2546 οὐκ
2477 2492 2647 2546 ἔστιν
2676 2491 3029 2557 ὑπόστασις.
3081 2489 3303 2552 Τούτοις
3353 2488 3639 2560 τοιγαροῦν
3702 2490 3926 2544 ἀκολου-

2346 2582 2452 2646 θως
2485 2584 2580 2637 καὶ
2632 2585 2690 2638 ἐν
2746 2587 2858 2646 τοῖς
2909 2583 3287 2654 προκειμένοις
3340 2581 3715 2653 εὐχαριστῶν,
3775 2585 3922 2655 φησί·

2344 2676 2755 2744 Προσελάϐετό
2788 2693 2863 2746 με
2889 2675 2957 2740 ἐξ
2983 2674 3218 2730 ὑδάτων
3263 2673 3533 2730 πολλῶν.
3564 2674 3702 2727 Τίνα
3748 2675 3809 2729 δέ
3867 2678 3926 2730 τὰ

2345 2763 2531 2829 ὕδατα,
2555 2766 2804 2838 ἐπιφέρει
2829 2766 3159 2836 σαφέστερον
3189 2763 3376 2817 εἰπών·
3421 2763 3517 2829 Ἐξ
3547 2764 3783 2834 ἐχθρῶν
3811 2784 3923 2837 μου

2343 2855 2616 2911 δυνατῶν
2665 2855 2763 2910 καὶ
2786 2857 2855 2909 ἐκ
2901 2853 3018 2908 τῶν
3034 2854 3378 2923 μισούντων
3394 2871 3490 2922 με,
3517 2853 3604 2906 ὅτι
3645 2854 3923 2924 ἐστερειίμ

2343 2951 2540 3016 θησαν
2575 2947 2728 3016 ὑπὲρ
2755 2946 2878 3017 ἐμέ.
2904 2944 3298 3015 Προέέρθασὰν
3321 2962 3397 3015 με
3425 2945 3496 2999 ἐν
3527 2943 3718 3014 ἡμέρᾳ
3739 2949 3921 3000 κακώ-

2342 3041 2497 3108 σεώς
2527 3059 2666 3111 μου.
2705 3041 2815 3095 Καὶ
2840 3039 3013 3094 ταῦτα
3044 3039 3100 3092 δὲ
3135 3038 3196 3091 τὸ
3229 3038 3450 3109 Πνεῦμα
3481 3037 3542 3090 τὸ
3580 3037 3734 3106 ἅγιον
3761 3039 3922 3108 εὐαγ-

2341 3134 2611 3203 γελίζεται
2639 3133 2800 3186 αὑτὸν
2833 3131 3122 3186 ἀναλαϐεῖν
3181 3132 3244 3184 ἐκ
3272 3129 3381 3184 τῶν
3435 3129 3640 3183 πολλῶν
3690 3129 3919 3192 ὑδάτων,

660 3228 818 3298 aquis
843 3227 1048 3291 multis,
1075 3227 1494 3297 libertatemque
1522 3235 1742 3282 nactum
1778 3245 1843 3284 ex
1872 3231 2112 3288 inimicis
2141 3235 2233 3304 qui

2345 3227 2653 3298 ἐλευθερίαν
2681 3226 2737 3279 δὲ
2776 3225 2874 3296 τὴν
2900 3225 3006 3277 ἀπὸ
3044 3224 3150 3276 τῶν
3188 3223 3397 3294 ἐχθρῶν
3423 3222 3531 3275 τῶν
3559 3221 3724 3276 πάλαι
3749 3240 3920 3277 κατα·

661 3319 838 3390 ipsum
873 3319 1002 3374 olim
1023 3319 1251 3389 imperio
1273 3320 1559 3374 subactum
1587 3336 1687 3375 suo
1725 3321 2091 3379 detinuerant.

729 3407 898 3466 Vens.
945 3409 1037 3468 ἓξ),
1071 3409 1161 3465 21.
1211 3408 1280 3463 Et
1338 3409 1511 3479 factus
1532 3420 1609 3466 est
1663 3411 1917 3468 Dominus
1975 3425 2237 3484 protector

660 3519 826 3556 meus.
853 3501 921 3555 Et
947 3501 1127 3556 eduxit
1164 3520 1242 3558 me
1268 3503 1322 3556 in
1346 3503 1708 3569 latitudinem,
1733 3506 1939 3561 salvum
1975 3526 2055 3562 me
2078 3509 2237 3579 faciet

658 3594 908 3663 quoniam
938 3593 1100 3647 voluit
1124 3611 1223 3648 me.
1257 3592 1324 3647 Et
1344 3595 1596 3648 retribuet
1617 3594 1743 3649 mihi
1767 3594 2028 3652 Dominus
2053 3615 2237 3653 secun-

659 3686 1074 3758 dumjustitiam
1120 3704 1312 3743 meam.
1363 3686 1500 3742 Cum
1557 3687 1985 3756 confessionem,
2034 3691 2232 3761 inquit,

659 3796 851 3850 preces
879 3789 934 3836 et
958 3781 1389 3852 supplicationes
1418 3797 1571 3838 meas
1588 3782 1700 3853 jam
1723 3784 2040 3840 exaudisset
2067 3784 2231 3851 Deus,

658 3870 838 3927 factus
863 3881 948 3926 est
972 3878 1250 3942 protector
1301 3887 1476 3927 meus.
1520 3871 1602 3928 Me
1648 3874 1848 3944 quippe
1891 3875 2234 3931 subversioni

658 3974 713 4020 et
739 3967 911 4020 ruinae
935 3965 1137 4035 ingenti
1169 3966 1500 4035 proximum,
1525 3966 1571 4022 si
1595 3967 1814 4037 quidem
1857 3977 1983 4039 post
2035 3985 2232 4040 pecca-

658 4063 775 4110 tum
833 4055 888 4109 in
947 4054 1306 4110 defectionem
1390 4059 1608 4126 penitus
1658 4058 1947 4128 prolapsus
1997 4075 2176 4116 essem
2211 4102 2230 4126 ,

658 4153 846 4200 astans
871 4144 1007 4214 ipse,
1046 4159 1144 4198 ceu
1187 4143 1419 4198 fulcrum
1445 4153 1500 4199 et
1524 4145 1936 4211 adminiculum,
1985 4149 2230 4216 retinuit,

657 4237 877 4308 quando
899 4239 1069 4292 misso
1093 4236 1159 4290 ad
1179 4251 1264 4290 me
1291 4235 1505 4290 Nathan
1555 4239 1845 4308 propheta,
1895 4241 1962 4296 de
1991 4241 2233 4298 admisso

656 4336 883 4402 peccato
904 4345 991 4384 me
1017 4331 1284 4401 coarguit,
1321 4336 1372 4383 et
1405 4331 1597 4384 erexit.
1651 4329 1764 4385 Imo
1795 4332 1957 4386 etiam
2011 4333 2233 4389 deduxit

656 4439 738 4478 me
767 4424 821 4477 in
836 4421 1202 4487 latitudinem;
1234 4424 1367 4485 sive,
1393 4426 1550 4494 juxta
1613 4420 2024 4495 Symmachum,
2052 4428 2106 4481 in
2147 4429 2228 4482 la—

655 4515 1031 4584 tumspatium.
1064 4513 1146 4569 Ad
1193 4515 1475 4585 angustias
1531 4514 1732 4585 quippe
1791 4515 2067 4574 redactum
2121 4537 2228 4584 me,

2340 3319 2758 3391 κεκρατηκότων
2785 3317 2949 3372 αὑτοῦ
2980 3315 3254 3386 γενέσθαι.

2413 3413 2519 3468 Καὶ
2568 3412 2802 3482 ἐγένετο
2849 3411 3063 3479 Κύριος
3119 3407 3547 3479 ἁντιστιὶριγμά
3613 3427 3754 3478 μου.
3811 3410 3918 3463 Kal

2337 3504 2592 3575 ἐξήγαγέ
2611 3522 2686 3575 με
2741 3507 2828 3570 εἰς
2858 3502 3237 3572 πλατυσμόν,
3259 3501 3515 3571 ῥύσεταί
3533 3517 3632 3570 με,
3693 3500 3923 3566 ὅτιήθέ

2337 3600 2492 3668 λησέ
2509 3617 2603 3669 με.
2650 3596 2760 3652 Καὶ
2813 3594 3225 3650 ἀνταποδὼσει
3250 3612 3352 3664 μοι
3385 3596 3598 3662 Κύριος
3629 3592 3777 3646 κατὰ
3810 3594 3924 3662 τὴν

2337 3690 2732 3755 δικαιοσύνην
2743 3705 2883 3758 μου.
2927 3686 3064 3756 Ἤδη
3093 3685 3212 3756 μὲν,
3269 3683 3422 3754 φησὶ,
3469 3685 3567 3754 τῆς
3589 3682 3921 3753 ἐξομολογή-

2339 3781 2475 3846 σεώς
2501 3800 2598 3854 μου
2626 3783 2718 3835 καὶ
2737 3781 2843 3833 τῶν
2873 3776 3187 3848 προσευχῶν
3215 3776 3308 3829 καὶ
3347 3776 3456 3828 τῶν
3501 3773 3788 3845 ίκετηρίων
3824 3777 3922 3828 ἐπ-

2338 3875 2580 3939 ακούσας
2612 3875 2640 3927 ὁ
2679 3873 2902 3945 Κύριος,
2938 3869 3129 3940 γέγονέ
3166 3886 3255 3939 μοι
3311 3867 3731 3937 ἀντιστήριγμα.
3768 3867 3919 3920 Μέλ-

2335 3969 2492 4022 λοντα
2520 3968 2627 4040 γάρ
2661 3985 2724 4038 με
2758 3964 3200 4038 περιτρέπεσθαι,
3231 3962 3325 4016 καὶ
3355 3961 3495 4032 μέγα
3545 3959 3746 4029 πτῶμα
3793 3959 3921 4013 ὐπο-

2340 4062 2542 4133 μένειν,
2570 4063 2617 4114 εί
2653 4059 2789 4131 μετὰ
2817 4058 2912 4127 τὴν
2942 4057 3215 4129 ἁμαρτίαν
3256 4057 3335 4119 είς
3365 4054 3599 4124 παντελῆ
3626 4051 3918 4116 ἐξέπιπτον

2335 4151 2690 4215 ἀποστασίαν,
2732 4151 2892 4214 αὐτὸς
2925 4149 3209 4222 παραστὰς
3232 4147 3459 4220 ἔρεισμὰ
3507 4163 3596 4217 μοι
3645 4145 3740 4197 καὶ
3766 4145 3918 4201 ἀντι-

2337 4246 2614 4316 στήριγμα
2652 4243 2891 4312 γέγονεν,
2948 4241 3204 4312 ὁπηνίκα,
3258 4241 3348 4292 τὸν
3407 4237 3591 4291 αὑτοῦ
3629 4236 3918 4307 προφήτην

2333 4336 2521 4390 Ναθὰν
2550 4335 2790 4407 πέμψας,
2823 4333 3043 4404 ἕλεγχόν
3073 4352 3161 4405 μοι
3208 4335 3452 4404 ἐπήγαγε
3481 4332 3580 4401 τῆς
3613 4329 3916 4401 ἁμαρτίας,

2334 4428 2429 4483 καὶ
2467 4427 2811 4500 ἀνώρθωσεν.
2857 4425 3014 4478 Ἀλλά
3073 4427 3165 4478 καὶ
3198 4423 3492 4493 ἐξήγαγέν
3529 4438 3604 4491 με
3647 4423 3737 4486 εἰς
3767 4424 3918 4474 πλα-

2333 4521 2584 4590 τυσμὸν,
2611 4520 2706 4574 καὶ
2733 4521 2820 4585 είς
2850 4517 3236 4588 εἰφυχωρίαν,
3273 4514 3414 4569 κατὰ
3457 4513 3549 4566 τὸν
3593 4512 3918 4583 Σύμμαχον.

653 4625 720 4664 ac
740 4623 910 4678 prope
939 4606 1008 4663 de
1033 4607 1209 4661 salute
1235 4622 1354 4661 mea
1376 4607 1784 4677 desperantem,
1837 4611 2038 4682 eripuit
2063 4599 2140 4667 hac
2171 4614 2225 4667 in

2341 4610 2809 4683 Στενοχωρηθέντα
2837 4611 2944 4681 γάρ
2981 4627 3068 4681 με,
3099 4610 3191 4662 καὶ
3229 4605 3425 4679 μικροῦ
3458 4606 3567 4659 δεῖν
3605 4605 3918 4673 ἀπογνόντα

650 4698 993 4754 latitudinem
1016 4696 1224 4764 eduxit,
1287 4705 1345 4750 ut
1394 4697 1449 4751 in
1500 4698 1666 4754 latius
1699 4702 1938 4770 spatimn
1966 4704 2222 4769 deducto,

648 4789 949 4858 recipiendi
988 4789 1094 4843 mei
1140 4805 1203 4842 ac
1253 4790 1478 4845 vulnera
1530 4793 1764 4849 sollicite
1812 4796 2038 4850 curandi
2067 4799 2223 4868 copia

649 4877 835 4932 fuerit.
864 4877 1134 4933 Caeterum
1158 4879 1203 4933 is
1228 4895 1310 4935 me
1362 4897 1589 4945 prorsus
1627 4883 1902 4948 liberabit,
1953 4900 2018 4941 ac
2040 4888 2224 4944 delicti

647 4971 860 5026 veniam
875 4972 1156 5038 concedet,
1181 4982 1420 5043 tempore
1452 4976 1718 5033 adventus
1747 4979 1852 5041 sui,
1889 4981 1980 5050 qui
2018 4980 2070 5034 in
2089 4983 2224 5036 vati-

646 5058 792 5114 cinio
812 5062 1002 5115 fertur.
1030 5063 1209 5132 lisque
1231 5079 1314 5118 me
1349 5066 1629 5122 beneﬁciis
1652 5069 1923 5124 devinciet
1937 5069 2220 5140 Dominus,

644 5153 893 5220 quoniam
947 5154 1253 5210 voluitme:
1287 5165 1380 5212 aut
1430 5161 1734 5216 secundum
1767 5162 2044 5232 Aquilam,
2100 5182 2224 5236 quo-

644 5243 791 5297 niam
841 5246 1003 5300 ooluit
1030 5249 1083 5301 in
1099 5266 1214 5313 me;
1244 5265 1424 5320 neque
1451 5253 1597 5307 enim
1623 5256 2026 5314 convertendus
2043 5273 2218 5322 eram,

645 5352 823 5408 neque
860 5341 1239 5410 coarguendos
1289 5342 1356 5397 de
1402 5353 1650 5414 peccato,
1708 5361 1885 5415 neque
1918 5347 2218 5405 mittendus

641 5430 713 5486 ad
743 5447 827 5487 me
847 5434 1131 5504 propheta,
1159 5435 1263 5490 nisi
1312 5452 1398 5492 me
1438 5438 1646 5492 salvum
1716 5438 1895 5495 facere
1930 5441 2214 5498 voluisset.

640 5522 712 5574 At
737 5521 882 5577 enim
935 5523 1083 5587 novi,
1118 5538 1180 5577 ac
1229 5541 1552 5594 persuasum
1595 5530 1754 5597 plane
1807 5529 2000 5593 habeo,
2035 5533 2214 5604 ipsum

641 5620 887 5684 tempore
909 5616 1044 5685 justi
1071 5616 1266 5684 judieii
1295 5619 1403 5679 sui,
1431 5620 1636 5688 peccati
1658 5619 1761 5674 mei
1793 5628 1847 5673 et
1881 5622 2209 5689 facinorum,

641 5720 762 5774 quae
801 5708 853 5761 in
900 5708 986 5762 die
1037 5710 1268 5763 miseris
1315 5725 1446 5765 mea:
1502 5717 1830 5782 pcrpelravi,
1886 5718 2215 5774 mentionem

711 5889 754 5917 "
777 5886 975 5953 Ephes.
1006 5906 1068 5954 ιι,
1105 5890 1193 5946 20.
1271 5893 1316 5926 ⁷³
1347 5889 1494 5948 Psal.
1535 5908 1724 5961 tum,
1756 5891 1812 5961 2,
1849 5894 1906 5953 '5.

2333 4701 2526 4755 ἑαυτοῦ
2557 4701 2654 4773 τὴν
2720 4700 3011 4772 σωτηρίαν,
3072 4699 3338 4770 ἐρρύσατο
3362 4697 3454 4751 καὶ
3481 4699 3561 4759 είς
3596 4694 3918 4765 πλατυσμὺν

2334 4793 2619 4865 ἐξήγαγεν,
2654 4793 2728 4857 ὡς
2777 4793 2918 4847 κατά
2949 4791 3146 4855 πλάτος
3179 4789 3462 4860 δυνηθῆναι
3518 4787 3752 4860 ἐμαυτὸν
3781 4789 3917 4843 ἀναν

2332 4885 2534 4950 λαϐεῖν,
2559 4887 2652 4940 καὶ
2679 4887 2774 4956 τῆς
2806 4885 3041 4956 ἐμαυτοῦ
3076 4883 3370 4955 θεραπείας
3411 4881 3726 4952 ἐπιμέλειαν
3754 4882 3920 4952 ποιή-

2328 4978 2544 5048 σασθαι.
2581 4978 2725 5049 Πλὴν
2750 4977 2884 5032 ἀλλά
2907 4977 3001 5031 καὶ
3021 4976 3296 5040 παντελῶς
3343 4975 3564 5048 ῥύσεταί
3593 4992 3680 5046 με,
3719 4976 3919 5046 φησὶν,

2325 5071 2497 5137 διδοὺς
2524 5071 2716 5141 ἄφεσιν
2739 5071 2840 5142 τῆς
2869 5071 3141 5143 ἁμαρτίας
3165 5070 3307 5123 κατά
3359 5069 3449 5123 τὸν
3493 5067 3919 5140 πρυφητευόμε-

2328 5183 2416 5219 νον
2450 5166 2639 5237 καιρὸν
2666 5167 2764 5236 τῆς
2797 5163 2961 5218 αὑτοῦ
2997 5163 3315 5236 παρουσίας.
3345 5163 3456 5216 Καὶ
3486 5161 3644 5215 τοῦτο
3687 5162 3918 5232 ποιήσει

2327 5257 2631 5330 εὐεργετῶν
2660 5275 2727 5329 με
2777 5259 2805 5310 ὁ
2859 5257 3082 5328 Κύριος,
3137 5255 3226 5309 ὅτι
3279 5253 3545 5323 ἠθέλησέ
3561 5270 3658 5324 μετ’
3697 5253 3731 5324 ἢ
3765 5255 3916 5309 κατά

2324 5350 2416 5404 τὸν
2460 5350 2711 5414 Ἀκύλαν,
2763 5350 2851 5403 ὅτι
2896 5349 3194 5417 ἐϐουλήθη
3247 5349 3318 5402 ἐν
3369 5348 3530 5417 ἐμοί·
3576 5346 3635 5398 οὺ
3667 5345 3780 5416 γὰρ
3845 5347 3918 5400 ἂν

2324 5445 2706 5515 ἐπεστράφην,
2754 5443 2861 5497 οὐδ’
2925 5443 2992 5496 ἂν
3053 5443 3142 5495 τὸν
3201 5439 3419 5510 ἔλεγχον
3470 5456 3558 5510 μοι
3614 5439 3915 5508 προσήγα-

2323 5552 2450 5604 γεν,
2513 5535 2707 5589 οὐδ’ἃν
2745 5537 2836 5588 τὸν
2882 5536 3166 5606 προφήτην
3218 5530 3411 5584 ἑαυτοῦ
3468 5527 3603 5600 πρὸς
3659 5528 3762 5598 ἐμὲ
3797 5529 3915 5581 ἀπο

2323 5625 2594 5689 εστάλκει,
2628 5628 2673 5679 εἰ
2709 5625 2782 5698 μὴ
2817 5627 2986 5679 σῶσαί
3048 5642 3114 5697 με
3162 5622 3368 5694 ἢθελεν.
3414 5617 3486 5674 Εὖ
3528 5619 3586 5673 δὲ
3636 5614 3757 5671 οἶδα
3810 5618 3915 5672 καὶ

2325 5717 2567 5790 ἀκριϐῶς
2615 5719 2939 5789 πέπεισμαι,
2979 5719 3058 5772 ὅτι
3117 5715 3256 5772 κατά
3299 5715 3383 5770 τὸν
3441 5711 3628 5784 καιρὸν
3667 5709 3772 5785 τῆς
3819 5707 3912 5769 δι-
