4010 6534
235 357 340 419 177

1369 354 1882 411 COMMENTANA
1924 355 1990 410 IN
2029 353 2371 413 PSALMOS.

3399 359 3501 414 {78

233 477 578 549 καιοκρισὶας
609 473 796 538 αὑτοῦ,
849 474 910 526 ού
962 471 1337 543 μνημονεύσας
1372 489 1474 540 μου
1513 471 1610 542 τῆς
1642 472 1820 542 άμαρ-

1929 469 2135 522 nullam
2198 469 2474 524 facturum
2528 485 2681 534 esse;
2743 469 2836 524 sed
2899 467 3183 524 secundum
3235 468 3504 538 justitiam

231 565 356 629 τιας
380 563 474 618 καὶ
504 563 613 616 τῶν
634 561 1012 633 τολμηθέντων
1040 555 1213 630 μοιιὲν
1240 560 1422 632 ἡμέρᾳ
1448 560 1824 632 ταλαιπωρίας

236 673 362 728 μου,
397 657 550 711 κατὰ
589 655 704 724 τὴν
736 653 1134 719 δικαιοσύνην
1181 669 1301 722 μου
1355 650 1655 705 ἀποδώσει
1699 668 1821 720 μοι.

233 747 348 812 Τὰς
363 748 472 821 γὰρ
499 747 666 810 ἄλλας
702 763 802 816 μου
833 744 1059 816 πράξεις
1088 743 1188 806 τὰς
1217 743 1273 796 ὲν
1299 743 1470 813 ἀρετῇ
1500 743 1593 795 καὶ
1619 743 1822 795 δικαιο-

238 836 394 912 σύνῃ,
433 835 622 908 ὥσπερ
661 836 720 887 ἐν
760 835 1001 907 τρυτάνῃ
1036 833 1128 890 καὶ
1159 831 1309 903 ζυγῷ
1347 830 1821 902 ἁντιπαραλαὸὼν,

235 931 329 984 καὶ
353 928 682 998 ἀντιστήσεις
707 925 785 995 τῷ
818 923 1169 996 ἁμαρτήματι
1204 940 1328 992 μου,
1345 922 1486 976 κατὰ
1511 923 1646 976 πολὺ
1675 923 1825 975 πλεο-

231 1019 503 1085 ναζούσας
542 1011 762 1089 εὑρήσει
805 1015 897 1070 τοῦ
943 1013 1237 1084 γενομένου
1285 1014 1700 1085 ἁμαρτήματος.
1732 1012 1824 1065 Διὸ

235 1109 608 1165 ἁνταποδώσει
646 1126 732 1180 μοι
765 1108 824 1161 οὐ
855 1105 974 1160 καθ’
1001 1106 1029 1159 ὃ
1055 1107 1302 1176 ἥμαρτον
1337 1104 1457 1176 (ἤδη
1523 1103 1629 1174 γὰρ
1661 1105 1825 1158 ἀντα-

235 1199 472 1262 πέδωκε,
524 1196 789 1270 μετελθών
845 1214 910 1268 με
951 1195 1092 1249 κατὰ
1130 1195 1222 1248 τὸν
1282 1194 1528 1266 παρόντα
1575 1193 1686 1265 βίον
1735 1194 1823 1247 διά

235 1288 346 1342 τῶν
375 1287 789 1342 καταλαϐουσῷν
826 1305 892 1358 με
926 1285 1267 1357 συμφορῶν),
1311 1284 1453 1339 κατὰ
1484 1284 1541 1338 δὲ
1573 1284 1672 1348 τὰς
1708 1285 1820 1338 λοι-

239 1381 349 1445 πὰς
375 1381 618 1452 πράξεις,
655 1380 752 1443 τὰς
778 1381 834 1432 ὲν
859 1378 1196 1451 δικαιοσύνῃ,
1226 1375 1493 1431 ἀποδώσει
1534 1394 1624 1448 μοι
1666 1377 1724 1429 ὲν
1754 1380 1819 1448 τῇ

237 1470 420 1541 ἡμέρᾳ
455 1470 552 1541 τῆς
582 1469 743 1523 αὑτοῦ
771 1468 1190 1540 δικαιοκρισίας,
1231 1467 1457 1521 καὶτῶν
1491 1467 1688 1539 χειρῶν
1720 1485 1821 1537 μου

235 1562 378 1615 κατὰ
403 1561 501 1633 τὴν
530 1561 899 1632 καθαριότητα
937 1560 1033 1632 τὴν
1068 1560 1302 1631 ἀμοιϐὴν
1339 1561 1653 1631 ποιήσεταιο
1687 1560 1822 1612 ἁπέ-

235 1653 409 1707 πλυνα
441 1654 548 1726 γάρ
587 1656 679 1706 τὸν
703 1654 968 1726 πρότερον
1008 1654 1197 1716 αὐταῖς
1228 1653 1584 1722 ἐγγενόμενον
1617 1653 1786 1722 ῥύπον
1806 1669 1819 1681 ·

230 1746 340 1800 Καὶ
361 1747 572 1816 ἔσομαι
586 1747 824 1816 ἄμωμος
838 1747 967 1817 μετ’
989 1747 1200 1808 αὐτοῦ,
1223 1746 1322 1799 καὶ
1342 1744 1685 1813 φυλάξομαι
1705 1743 1822 1797 ἀπὸ

1927 577 2097 614 meam
2129 560 2382 614 retribuet
2417 560 2562 614 mihi.
2595 558 2730 614 Nam
2762 561 2808 616 si
2843 561 2948 615 alia
2986 577 3129 623 mea,
3158 577 3283 616 cum
3302 561 3505 618 virtute

1926 667 1989 706 ac
2015 653 2231 722 justitia
2282 655 2588 724 designata,
2625 670 2790 725 opera
2842 656 3001 725 quasi
3047 654 3113 710 ad
3148 655 3411 709 trutinam
3451 663 3506 710 et

1925 745 2196 799 bilancem
2249 760 2356 800 una
2398 761 2522 801 cum
2579 755 2810 817 peccato
2872 762 2994 802 meo
3053 747 3395 817 appenderit,
3441 763 3505 801 ea

1925 837 2098 891 multo
2151 837 2410 892 delictum
2467 837 2733 894 excedere
2790 839 3110 910 compcriet.
3167 838 3509 910 Quapropter

1927 947 2034 984 non
2091 930 2393 985 secundum
2453 939 2738 1001 peccatum
2786 948 2966 986 meum
3019 931 3284 988 retribuet
3341 933 3506 998 mihi;

1921 1019 2033 1089 jam
2081 1020 2283 1090 quippe
2327 1020 2754 1082 retribuit,cum
2807 1037 2894 1076 me
2935 1020 3126 1077 multis
3168 1021 3220 1076 in
3255 1022 3510 1091 prmscnti

1925 1108 2034 1162 vita
2086 1111 2494 1166 calamitatibus
2551 1110 2766 1177 allccit;
2799 1111 2896 1165 sed
2946 1111 3246 1166 secundum
3299 1111 3510 1180 reliqua

1926 1200 2095 1267 probe
2125 1215 2189 1254 ac
2233 1200 2383 1269 juste
2406 1209 2720 1271 perpetrata
2751 1217 2919 1272 opera
2953 1202 3007 1256 in
3036 1202 3123 1256 die
3153 1202 3287 1271 justi
3314 1200 3510 1272 judicii

1925 1291 2009 1344 sui
2051 1291 2321 1346 retribuet
2370 1293 2526 1356 mihi,
2558 1300 2610 1346 et
2673 1309 2871 1348 manus
2902 1309 3052 1349 meas
3098 1297 3168 1348 ob
3217 1295 3510 1364 puritatem

1925 1385 2149 1452 prtemio
2178 1384 2406 1439 donabit
2441 1405 2455 1440 :
2492 1385 2640 1456 ipsas
2677 1385 2880 1456 quippe
2909 1401 2936 1438 a
2972 1385 3221 1455 pristinis
3255 1386 3512 1440 sordibus

1925 1473 2072 1527 ablui
2107 1491 2120 1526 :
2154 1473 2221 1527 Et
2243 1492 2330 1528 ero
2366 1476 2740 1530 immaculat'us
2763 1492 2882 1528 cum
2927 1492 3008 1541 eo,
3041 1484 3089 1528 et
3120 1474 3402 1530 observabo
3433 1490 3513 1528 me

1927 1561 1990 1616 ab
2016 1563 2294 1635 iniquitate
2316 1583 2451 1620 mea.
2486 1565 2555 1619 Et
2598 1567 2851 1620 retribuet
2882 1566 3009 1618 mihi
3033 1565 3293 1620 Dominus
3329 1582 3514 1619 secun-

1925 1650 2049 1705 dum
2061 1654 2336 1723 justitiam
2371 1672 2541 1709 meam
2569 1664 2617 1708 et
2646 1655 2932 1709 secundum
2953 1655 3239 1724 puritatem
3260 1670 3514 1707 innocuum

1928 1761 2166 1798 mearum
2202 1747 2452 1801 retribuet
2484 1748 2630 1803 mihi.

229 1841 342 1909 τῆς
370 1841 623 1910 ἀνομίας
684 1859 828 1910 μου.
880 1841 987 1894 Kal
1037 1838 1450 1894 ὰνταποδώσει
1484 1854 1584 1908 μοι
1638 1838 1855 1904 Κύριος
1893 1841 2044 1893 κατὰ
2083 1839 2198 1908 τὴν
2239 1841 2640 1909 δικαιοσύνην
2671 1859 2812 1910 μου,
2854 1841 2952 1895 καὶ
3004 1841 3154 1896 κατὰ
3185 1840 3300 1909 τὴν
3333 1840 3516 1894 καθα-

224 1932 475 2003 ριότητα
505 1931 624 1986 τῶν
650 1930 868 2002 χειρῶν
899 1950 1014 2001 μου
1044 1929 1461 1986 ἀνταποδώσει
1489 1947 1612 1999 μοι.

301 2026 649 2098 Διεξέρχεται
703 2027 832 2096 ἑξῆς
886 2025 1203 2095 καταλέγων
1237 2026 1320 2090 τίς
1350 2023 1418 2098 ἦν
1451 2029 1484 2098 ἡ
1514 2024 1820 2096 δικαιοσύνη

2009 2023 2254 2078 Subinde
2302 2039 2430 2079 vero
2472 2034 2662 2078 narrat
2697 2040 2818 2095 qua:
2848 2024 3009 2080 fuerit
3033 2024 3248 2094 justitia
3278 2025 3421 2096 ejus,
3459 2033 3515 2082 et

237 2118 426 2180 αὑτοῦ,
477 2118 572 2171 καὶ
622 2118 770 2180 ὅπως
826 2116 1172 2188 ἀπεκάθηρεν
1231 2117 1424 2172 ἑαυτοῦ
1466 2117 1565 2182 τὰς
1606 2121 1812 2191 χεῖρας.

313 2213 434 2264 Ὅτι
455 2209 731 2279 ἐφύλαξα
743 2211 848 2275 τὰς
862 2208 1040 2276 ὀδοὺς
1052 2211 1292 2278 Κυρίου,
1306 2212 1402 2265 καὶ
1417 2212 1527 2264 οὐκ
1542 2210 1817 2281 ἡσέόησα

232 2297 354 2353 ἀπὸ
378 2299 483 2352 τοῦ
524 2297 672 2351 Θεοῦ
694 2317 837 2368 μου.
859 2299 978 2352 ’Ότι
1015 2298 1214 2352 πάντα
1246 2300 1318 2353 τὰ
1346 2301 1602 2370 κρίματα
1629 2301 1815 2356 αὐτοῦ

232 2389 492 2443 ἐνώπιόν
514 2408 656 2459 μου,
685 2389 783 2444 καὶ
820 2391 890 2442 τά
914 2388 1276 2459 δικαιώματα
1315 2391 1502 2445 αὑτοῦ
1532 2394 1645 2446 οὐκ
1698 2393 1815 2447 ἀπ-

229 2481 497 2548 έστησεν
521 2481 623 2534 ἀπ’
643 2482 811 2552 ἐμοῦ.
836 2481 945 2535 Καὶ
969 2480 1178 2550 ἔσομαι
1200 2481 1436 2552 ἄμωμος
1456 2484 1583 2552 μετ’
1608 2483 1814 2549 αὐτοῦ,

233 2571 333 2624 καὶ
362 2569 704 2640 φυλάξομαι
729 2571 848 2625 ἀπὸ
873 2571 982 2638 τῆς
1017 2571 1270 2640 ἀνομίας
1288 2589 1424 2640 μου.
1460 2573 1613 2625 Ἐπεὶ
1639 2573 1818 2626 τοίνυν

229 2660 404 2714 ταῦτα
429 2661 769 2732 ἐπορισάμην
795 2662 1032 2734 ἐμαυτῷ,
1061 2663 1224 2734 φησι,
1240 2663 1378 2733 μετὰ
1407 2663 1504 2735 τὴν
1525 2663 1814 2736 ἁμαρτίαν,

235 2752 328 2804 καὶ
355 2751 623 2816 τοσαύτας
655 2757 959 2824 συνήγαγον
989 2755 1211 2826 ἐμαυτῷ
1239 2754 1558 2826 θεραπείας,
1595 2756 1820 2820 εἰκότως

235 2843 398 2896 πάλιν
430 2843 784 2896 ὲπαναλαϐὼν
803 2844 892 2898 τὸν
925 2846 1084 2899 αὑτὸν
1120 2847 1178 2899 ἐν
1199 2845 1436 2918 δευτέρῳ
1455 2845 1611 2915 λόγον
1637 2847 1779 2918 φημί
1802 2863 1815 2876 ·

233 2937 349 3001 ὅτι,
385 2937 475 2991 διὰ
528 2937 596 2989 τὰ
649 2935 1043 3008 προλεχθέντα,
1100 2939 1210 2993 Kal
1258 2939 1669 2994 ἀνταποδώσει
1719 2955 1822 3009 μοι

234 3027 451 3094 Κύριος
484 3027 634 3080 κατὰ
658 3026 773 3095 τὴν
799 3027 1196 3098 δικαιοσύνην
1229 3047 1371 3100 μου,
1399 3029 1498 3084 καὶ
1529 3031 1683 3085 κατὰ
1711 3031 1824 3098 τὴν

235 3121 636 3188 καθαριότητα
665 3119 785 3174 τῶν
816 3119 1030 3188 χειρῶν
1047 3139 1159 3189 μου
1182 3121 1438 3177 ἐνώπιον
1462 3123 1580 3177 τῶν
1610 3125 1826 3194 ὀφθαλ-

227 3211 364 3281 μῶν
413 3212 626 3266 αὐτοῦ’
675 3212 794 3265 ἀντὶ
830 3211 886 3264 δὲ
922 3212 1035 3276 τοῦ,
1065 3213 1321 3268 ἐνώπιον
1348 3213 1467 3268 τῶν
1500 3213 1825 3285 ὀφθαλμῶν

230 3303 441 3368 αὐτοῦ,
480 3307 508 3358 ὁ
555 3305 865 3376 Σύμμαχος,
895 3305 1010 3367 τὴν
1037 3307 1287 3376 ἀντικρὺ
1344 3307 1463 3361 τῶν
1504 3309 1827 3378 ὀφθαλμῶν

229 3395 442 3462 αὐτοῦ,
457 3397 738 3462 ἐξέδωκεν.
758 3399 830 3451 Οὐ
857 3398 964 3470 γὰρ
987 3399 1288 3470 ἀνθρώπων
1303 3401 1600 3472 ὀφθαλμοῖς
1618 3402 1820 3455 ἐσπού-

229 3484 394 3551 δαζον
451 3488 550 3556 τὴν
607 3487 865 3558 ὲμαυτοῦ-
911 3487 1278 3561 καθαριότητα
1335 3490 1634 3556 δεικνύναι,
1696 3491 1817 3545 οὐδὲ

233 3575 379 3632 ὥστε
427 3579 680 3649 ἀρέσκειν
713 3583 826 3643 τοῖς
859 3580 1090 3646 πολλοῖς,
1117 3580 1231 3635 ἀλλ’
1260 3583 1484 3653 ἀντικρὺ
1515 3582 1624 3636 τῶν
1653 3583 1818 3636 αὑτοῦ

231 3669 330 3725 τοῦ
366 3669 554 3742 κριτοῦ
599 3669 888 3740 ὀφθαλμῶν
923 3673 1102 3724 πᾶσαν
1134 3673 1430 3742 ἐποιούμην
1463 3674 1697 3744 σπουδὴν
1719 3674 1820 3744 τῆς

234 3760 479 3832 ὲμαυτοῦ
515 3761 901 3833 καθαρότητος.

307 3853 468 3908 Μετὰ
503 3856 677 3909 ὀσιόυ
708 3855 876 3922 ὅσιος
905 3856 1045 3925 ἔσῃ,
1071 3855 1171 3910 καὶ
1197 3857 1347 3926 μετά
1382 3856 1601 3926 ἀνδρὸς
1627 3855 1820 3912 ἀθώου

232 3945 425 4012 ἀθῷος
449 3948 565 4015 ἔσῃ
587 3963 600 3977 ·
631 3948 730 4001 καὶ
751 3950 902 4017 μετὰ
924 3949 1215 4004 ἐκλεκτοῦ
1245 3950 1532 4016 ἐκλεκτὸς
1559 3951 1694 4018 ἔσῃ,
1719 3951 1818 4004 καὶ

227 4038 378 4108 μετὰ
408 4038 704 4105 στρεϐλοῦ
733 4039 1138 4110 διαστρέψεις.
1167 4043 1296 4095 Ὂτι
1327 4041 1408 4096 σὺ
1438 4042 1594 4096 ,λαὸν
1620 4056 1819 4097 ταπει-

231 4130 345 4183 νὸν
371 4128 611 4197 σώσεις,
657 4131 752 4184 καὶ
801 4133 1147 4203 ὀφθαλμοὺς
1186 4133 1588 4203 ὑπερηφάνων
1617 4148 1818 4190 ταπει-

229 4219 464 4286 νώσεις.
485 4223 706 4291 Μήποτε
732 4224 1083 4294 προφητικῶς
1103 4224 1231 4278 λαὸν
1259 4225 1356 4296 μὲν
1374 4225 1623 4279 ταπεινὸν
1646 4224 1746 4296 (1),
1761 4225 1815 4297 ἦ,

231 4311 375 4367 κατὰ
421 4311 513 4365 τὸν
554 4313 802 4380 Ἀκύλαν,
838 4317 1086 4384 πένητα,
1119 4317 1173 4386 ἢ,
1209 4317 1351 4371 κατὰ
1377 4317 1468 4371 τὸν
1502 4317 1816 4389 Σύμμαχον,

229 4401 426 4472 πρᾶον
470 4405 559 4458 τὸν
585 4406 742 4477 χορὸν
791 4407 1082 4462 αἰνίττεται
1122 4409 1213 4462 τὸν
1254 4410 1645 4464 ἀποστολικόν·
1683 4411 1817 4464 ὑπε-

231 4495 507 4568 ρηφάνους
541 4495 597 4548 δὲ
626 4498 751 4560 τοὺς
783 4497 949 4552 πάλαι
985 4500 1344 4571 ἐπηρμένους,
1371 4503 1497 4565 τοὺς
1527 4501 1818 4574 ἀρχιερέας

227 4591 326 4644 καὶ
340 4588 693 4653 διδασκάλους
711 4591 806 4644 καὶ
829 4592 1093 4663 ἄρχοντας
1112 4593 1204 4647 τοῦ
1241 4595 1303 4648 ὲκ
1330 4595 1632 4666 περιτομῆς
1649 4594 1780 4648 λαοῦ
1799 4611 1814 4660 ;

1919 2129 2027 2184 quo
2053 2124 2212 2184 pacto
2242 2129 2435 2169 manus
2461 2114 2575 2183 ipse
2625 2130 2754 2171 suas
2786 2115 3040 2170 abluerit.

1989 2203 2154 2262 Vens.
2189 2204 2378 2260 22-25.
2409 2205 2549 2272 Quia
2579 2205 2836 2280 custodiri
2870 2209 2979 2261 vias
3005 2206 3236 2272 Domini,
3265 2225 3359 2263 nec
3405 2209 3509 2263 im-

1915 2299 1997 2366 pie
2012 2298 2149 2368 gessi
2169 2313 2200 2350 a
2231 2296 2340 2350 Deo
2369 2313 2503 2352 meo.
2537 2297 2804 2364 Quoniam
2837 2299 3015 2352 omnia
3042 2300 3251 2368 judicia
3309 2300 3424 2369 ejus
3456 2301 3512 2355 in

1917 2398 2192 2460 conspectu
2214 2407 2346 2458 meo,
2365 2401 2414 2446 et
2435 2391 2676 2455 iustitiae
2704 2384 2816 2460 ejus
2835 2409 2938 2447 non
2957 2395 3144 2461 repulit
3163 2411 3196 2448 α
3215 2411 3316 2450 me.
3333 2393 3400 2448 Et
3424 2411 3514 2449 ero

1916 2480 2294 2537 immaculatus
2329 2498 2446 2534 cum
2480 2498 2560 2546 eo,
2589 2490 2638 2534 et
2667 2481 2949 2538 observabo
2992 2500 3074 2538 me
3115 2484 3182 2538 ab
3237 2485 3516 2555 iniquitate

1920 2587 2055 2625 mea.
2072 2570 2209 2637 Quia
2224 2587 2354 2643 ergo
2378 2581 2498 2642 post
2533 2571 2832 2627 admissum
2865 2575 3046 2630 scelus
3075 2574 3142 2630 iis
3161 2591 3246 2631 me
3268 2575 3516 2632 moribus

1923 2663 2304 2733 composui,et
2327 2671 2532 2718 tantam
2559 2664 2692 2718 mihi
2720 2665 2944 2720 adhibui
2972 2667 3238 2723 medelam
3266 2683 3516 2733 ;resum-

1924 2765 2016 2826 pta
2050 2755 2222 2824 priori
2249 2756 2550 2818 sententia,
2580 2756 2817 2824 idipsum
2845 2758 3092 2812 secundo
3126 2768 3394 2828 repetam,
3427 2758 3516 2812 di-

1924 2861 2156 2916 camque
2208 2845 2407 2901 iterum
2445 2863 2459 2900 :
2503 2844 2572 2899 Et
2605 2845 2854 2901 retribuet
2882 2850 3011 2902 mihi
3037 2848 3298 2903 Dominus
3333 2865 3518 2903 secun-

1925 2938 2053 2994 dum
2077 2938 2352 3009 justitiam
2399 2955 2592 3002 meam,
2626 2948 2676 2993 et
2709 2940 3000 2994 secundum
3059 2945 3350 3011 puritatem
3400 2959 3518 2996 ma-

1927 3047 2090 3085 nuum
2144 3047 2384 3086 mearum
2414 3032 2469 3086 in
2515 3042 2795 3100 conspectu
2829 3033 3102 3088 oculorum
3150 3033 3263 3104 ejus
3292 3049 3311 3087 :
3356 3033 3517 3104 cujus

1929 3123 2066 3179 dicti
2100 3122 2224 3181 loco
2253 3167 2269 3190 ,
2318 3126 2374 3181 in
2421 3135 2703 3192 conspectu
2751 3128 3024 3181 oculorum
3057 3128 3168 3198 ejus
3217 3127 3298 3184 sic
3352 3126 3516 3182 habet

1930 3213 2317 3287 Symmachus,
2357 3235 2422 3273 ea:
2472 3226 2709 3291 opposito
2737 3222 3011 3277 oculorum
3052 3220 3188 3291 ejus.
3214 3217 3333 3274 Non
3366 3220 3513 3275 enim

1928 3303 2212 3360 hominum
2248 3309 2425 3365 oculis
2464 3311 2759 3381 puritatem
2800 3310 3070 3366 ostentavi
3105 3324 3303 3375 meam,
3339 3323 3514 3379 neque

1928 3404 1988 3451 ut
2014 3397 2203 3453 multis
2241 3399 2518 3470 placerem
2552 3401 2605 3457 id
2635 3403 2717 3475 egi
2747 3421 2761 3471 ;
2786 3403 2878 3458 sed
2909 3404 2963 3456 in
2989 3409 3287 3473 conspectu
3319 3400 3516 3457 oculo-

1924 3503 2043 3542 rum
2078 3489 2506 3562 ipsiusjudicis,
2542 3495 2650 3550 mei
2693 3496 2962 3569 purgandi
2995 3511 3186 3552 curam
3219 3505 3276 3555 et
3307 3495 3512 3553 sollici-

1923 3580 2166 3636 tudinem
2188 3581 2378 3639 habui.

1993 3840 2158 3898 Vens.
2233 3842 2437 3900 26-28.
2520 3843 2653 3900 Cum
2721 3856 2902 3900 sancto
2955 3858 3170 3902 sanctus
3233 3847 3382 3911 eris,
3461 3857 3512 3900 et

1923 3948 2042 3987 cum
2078 3935 2189 3989 viro
2237 3935 2506 3990 innocente
2547 3937 2793 3992 innocens
2824 3939 2927 3993 eris
2955 3957 2974 3996 :
2999 3948 3048 3994 et
3077 3957 3194 3994 cum
3221 3940 3381 3994 electo
3407 3940 3511 3993 elc-

1923 4036 2036 4081 ctus
2084 4043 2212 4095 eris,
2244 4037 2292 4082 et
2336 4045 2456 4082 cum
2497 4048 2738 4100 perverso
2773 4037 3102 4102 perveneris.
3138 4034 3402 4101 Quoniam
3454 4045 3510 4086 tu

1920 4118 2171 4186 populum
2197 4119 2448 4174 humilem
2489 4121 2692 4177 salvum
2722 4124 2886 4193 [acies
2911 4165 2925 4188 ,
2957 4135 3006 4178 et
3043 4125 3220 4181 oculos
3260 4125 3511 4195 superbo-

1925 4225 2042 4262 rum
2063 4209 2398 4266 liumiliabis.
2437 4213 2634 4268 Annon
2665 4215 2990 4285 pr0phetico
3027 4233 3178 4273 more
3210 4232 3305 4288 per
3332 4232 3509 4287 popu-

1923 4302 2034 4356 lum
2089 4303 2374 4371 bumilom,
2405 4315 2498 4360 aut
2549 4309 2850 4364 secundum
2906 4308 3180 4382 Aquilam,
3209 4326 3506 4381 pauperem,

1921 4401 2038 4459 aut,
2072 4406 2131 4449 ut
2158 4393 2550 4466 Symmachus,
2585 4411 2942 4468 mansuetum,
2977 4401 3206 4457 chorum
3242 4401 3508 4473 apostoli-

1921 4505 2044 4545 cum
2105 4492 2416 4559 adumbrat,
2463 4496 2737 4566 superbos
2798 4505 2979 4552 autem
3026 4506 3188 4552 vocat
3240 4514 3358 4562 eos,
3413 4499 3507 4569 qui

1920 4583 2048 4638 olim
2083 4583 2224 4639 altos
2254 4585 2481 4655 spiritus
2524 4587 2901 4654 assumebant,
2933 4588 3212 4660 principes
3249 4589 3507 4644 sacerdo-

227 4679 324 4744 οὒς
349 4680 516 4734 πάλαι
543 4681 839 4753 ὀφθαλμοῖς
867 4683 1238 4755 ὑπερηφάνοις
1271 4685 1411 4738 κατὰ
1443 4685 1535 4738 τοῦ
1567 4685 1816 4756 Σωτῆρος

1927 4679 2058 4739 tum,
2091 4673 2346 4733 doctores
2379 4694 2442 4732 ac
2480 4679 2830 4750 magistratus
2876 4680 3060 4750 p0puli
3115 4695 3182 4736 ex
3214 4679 3508 4735 circumci-

228 4769 388 4843 ἡμῶν
405 4773 777 4844 κεχρημένους
805 4775 1169 4828 ἐταπείνωσεν
1189 4779 1216 4830 ὁ
1234 4776 1385 4841 Θεὸς,
1403 4777 1458 4829 ἐν
1483 4777 1615 4830 πᾶσι
1638 4776 1818 4840 σώσας

227 4863 320 4918 τὸν
371 4864 534 4917 αὑτοῦ
583 4865 834 4919 ταπεινὸν
870 4868 962 4920 καὶ
1014 4867 1219 4937 πένητα
1253 4870 1344 4921 καὶ
1374 4871 1565 4938 πρᾶον,
1599 4870 1690 4923 τὸν
1722 4869 1817 4923 τοῦ

229 4955 484 5027 Σωτῆρος
507 4956 663 5026 ἡμῶν
693 4959 1005 5011 ἀποστόλων
1037 4975 1094 5011 τε
1125 4960 1219 5013 καὶ
1249 4961 1505 5030 μαθητῶν
1539 4961 1693 5015 λαόν.

310 5213 442 5268 Ὀτι
498 5215 582 5268 σὺ
637 5218 870 5286 ερωτιεῖς
922 5218 1032 5274 τὸν
1083 5223 1318 5292 λύχνον
1347 5241 1489 5292 μου,
1536 5227 1739 5294 Κύριε,
1784 5230 1817 5280 ό

229 5305 379 5370 Θεός
398 5322 540 5375 μου,
559 5309 795 5376 φωτιεῖς
826 5309 890 5362 τὸ
925 5313 1144 5378 σκότος
1167 5331 1306 5382 μου.
1335 5315 1458 5368 Ὅτι
1486 5317 1555 5369 ἐν
1583 5318 1681 5371 σοὶ
1703 5320 1815 5386 pv-

225 5393 536 5466 σθήσομαι
587 5398 708 5452 ἀπὸ
759 5399 863 5454 τοῦ
909 5405 1307 5470 πειρατηρίου,
1343 5407 1439 5459 καὶ
1470 5406 1540 5459 ἐν
1584 5407 1662 5474 τῷ
1693 5409 1815 5476 Θεῷ

225 5505 343 5556 μου
373 5489 785 5558 ὑπερϐήσομαι
812 5491 1028 5560 τεῖχος.
1070 5493 1255 5564 Ζητῶν
1290 5494 1345 5548 δὲ
1376 5497 1466 5548 τὸν
1493 5497 1684 5568 λύχνον
1716 5499 1808 5553 τοῦ

226 5576 395 5636 Δαυῒδ
427 5572 584 5650 εὖρον
615 5581 673 5632 ὲν
709 5579 833 5652 ρλα⁸
861 5580 1059 5652 ψαλμῷ
1087 5583 1379 5654 φερόμενον
1422 5586 1499 5650 τὸ,
1529 5587 1685 5641 Ἐκεῖ
1725 5589 1814 5654 ἐξ-

224 5670 496 5727 oti-ace:ch
524 5670 697 5739 κέρας
743 5671 824 5738 τῷ
851 5673 1031 5728 Δαυΐδ
1049 5692 1062 5705 '
1108 5659 1403 5750 ἦτοίμασα
1452 5678 1686 5748 λύχνον
1732 5682 1811 5748 τῷ

1926 4763 2121 4820 sione?
2165 4765 2315 4832 Quos
2357 4769 2485 4823 olim
2527 4770 2782 4840 superbis
2832 4771 3008 4826 oculis
3054 4771 3112 4826 in
3168 4768 3510 4827 Salvatorem

1925 4864 2178 4913 nostrum
2212 4860 2568 4930 insurgentes
2608 4861 2919 4917 humiliavit
2965 4861 3130 4929 Deus,
3154 4878 3218 4918 ac
3246 4862 3505 4921 humilem

1924 4947 2099 5011 illum,
2134 4963 2446 5020 pauperem-
2469 4958 2522 5006 et
2553 4961 2902 5008 mansuetum
2937 4954 3149 5008 salvum
3171 4953 3320 5021 fecit,
3355 4955 3508 5011 vide-

1921 5038 2048 5094 licet
2083 5041 2237 5094 illum
2272 5039 2573 5099 Salvatoris
2607 5045 2801 5110 nostri,
2835 5046 3210 5116 apostolorum
3241 5062 3306 5104 ac
3339 5047 3506 5104 disci-

1919 5131 2172 5200 pulorum
2199 5135 2480 5202 populum.

1991 5220 2154 5277 Vens.
2190 5223 2282 5286 29,
2325 5223 2412 5280 50.
2454 5226 2719 5294 Quoniam
2774 5239 2830 5284 tu
2873 5229 3203 5285 illuminabis
3235 5229 3504 5285 lucernam

1920 5331 2109 5382 meam,
2170 5314 2395 5371 Domine
2441 5317 2581 5372 Deus
2631 5335 2812 5387 meus,
2876 5321 3209 5379 illuminabis
3265 5320 3502 5376 tenebras

1918 5424 2081 5463 meas.
2127 5408 2393 5474 Quoniam
2432 5413 2485 5466 in
2520 5420 2566 5467 te
2592 5414 2792 5484 eripior
2815 5432 2848 5468 a
2880 5417 3189 5478 tentalione,
3218 5421 3266 5468 et
3297 5414 3352 5467 in
3389 5411 3500 5466 Deo

1920 5519 2030 5556 meo
2054 5504 2417 5576 transgredior
2445 5522 2673 5560 murum.
2709 5507 2845 5562 Cum
2881 5517 3061 5563 autem
3104 5507 3249 5560 illam
3281 5501 3502 5558 Davidis

1920 5593 2197 5648 lucernam
2240 5596 2632 5667 perquirerem,
2667 5598 2722 5653 in
2757 5615 2925 5654 cun
2951 5599 3163 5671 psalmo
3190 5594 3496 5666 deprehen-

1918 5682 2011 5739 di:
2043 5683 2166 5740 Illic
2216 5687 2501 5755 producam
2546 5690 2913 5746 cornu-David
2955 5731 2968 5756 ,
3001 5689 3186 5760 paraui
3225 5689 3492 5744 lucernam

297 5786 373 5856 (I)
416 5783 471 5840 In
500 5783 765 5841 Hebraico
805 5787 1000 5860 legitur
1021 5799 1126 5858 νῦν,
1172 5789 1224 5846 id
1260 5799 1342 5848 est
1387 5807 1602 5862 pauper,
1666 5795 1914 5863 abjectus.
