4010 6556
541 361 645 425 1⁸19

1183 358 1453 422 EUSEBH
1491 348 1968 420 CASSARIENSIS
2007 344 2155 413 ore.
2201 355 2382 410 psus
2423 342 2505 408 Ill.
2548 385 2612 394 —
2655 345 3068 408 EXEGETICA.

3708 349 3828 406 180

536 483 752 538 Christo
792 479 988 536 meo".
1024 465 1266 543 Lucerna
1320 485 1500 533 autem
1547 477 1770 532 Christo
1809 477 2018 546 parata,
2043 488 2108 526 ex

2220 466 2445 535 Χριστῴ
2491 484 2630 535 μου.
2668 465 2873 536 Λύχνος
2907 465 2964 518 δὲ
3019 463 3437 535 ὲτοιμαζόμενος
3473 463 3548 534 τῷ
3584 463 3830 536 Χριστῷ

541 577 750 631 semine
784 573 953 629 David
986 581 1130 636 orta,
1161 571 1290 642 quid
1329 570 1474 625 aliud
1517 569 1701 633 fuerit,
1737 582 1902 638 quam
1937 567 2118 638 proles

540 667 657 730 illa,
689 681 810 737 qua:
839 664 1140 722 secundum
1166 678 1387 718 carnem
1417 673 1483 718 ex
1515 663 1870 718 successione
1899 659 2118 715 Davidis

541 756 762 826 prodiit;
781 773 884 826 qua
917 771 1050 812 usus
1078 754 1333 810 Christus
1363 755 1455 824 qui
1476 754 1529 808 in
1553 769 1677 809 eum
1706 752 1921 808 Davidis
1951 751 2116 806 fetum

539 847 776 908 advenit,
793 834 1203 901 radiosvirtutis
1225 857 1356 907 sme,
1379 844 1751 912 orientemque
1779 842 1922 895 illam
1942 841 2114 896 lucem

541 936 810 990 universis
840 935 1158 989 hominibus
1183 933 1474 1003 Splendere
1506 931 1672 986 fecit?
1705 932 1956 998 Quarein
1981 947 2120 1001 prae-

519 1025 699 1082 ldictis
732 1027 915 1082 verbis
953 1025 1276 1097 prophetice
1305 1025 1474 1080 David
1521 1025 1594 1079 ita
1644 1024 1886 1094 loquitur
1921 1043 1933 1077 :
1969 1024 2118 1090 Quo-

537 1117 680 1172 u'lam
715 1125 770 1172 tu
817 1117 1150 1174 illuminabis
1195 1119 1467 1172 lucernam
1517 1134 1708 1181 meam,
1742 1116 1982 1170 Domine.
2035 1115 2116 1170 Tu

535 1209 681 1264 enim
730 1211 848 1281 ipse
894 1210 1183 1275 Dominus,
1219 1210 1420 1281 inquit,
1466 1211 1560 1280 qui
1604 1225 1731 1265 vera
1783 1210 1875 1264 lux
1924 1226 2005 1275 es,
2038 1225 2118 1264 ar-

536 1316 673 1354 cana
719 1302 954 1371 quadam
984 1303 1197 1357 ratione
1241 1303 1420 1356 unitus
1455 1301 1691 1356 lucernze
1717 1317 1779 1356 ex
1816 1317 1900 1354 me
1931 1303 2114 1370 prodi-

540 1402 697 1457 ιρι-ω,
735 1395 909 1465 ipsam
947 1391 1280 1449 illuminabis
1300 1412 1313 1459 ;
1333 1394 1442 1449 imo
1469 1395 1632 1449 etiam
1663 1394 1940 1457 tenebras,
1962 1395 2117 1464 queis

539 1483 748 1540 ollusus
781 1486 908 1540 olim
942 1486 1040 1550 fui,
1073 1485 1372 1556 dissipabis
1414 1486 1664 1556 penitus,
1700 1495 1772 1554 ut.
1795 1502 1864 1541 ne
1895 1487 2116 1557 quidem

540 1577 803 1632 memoria
834 1593 1023 1631 earum
1070 1586 1306 1632 mentem
1351 1577 1546 1632 subeat
1586 1593 1783 1634 meam.
1833 1578 2118 1649 Probeque

540 1667 687 1731 novi,
716 1683 804 1721 me
850 1667 901 1721 vi
935 1678 1095 1738 atque
1143 1669 1339 1724 robore
1375 1677 1468 1723 tuo
1516 1670 1865 1735 instructum,
1898 1687 2114 1724 murum

541 1759 692 1812 illum
735 1759 1015 1820 cmlestem
1062 1770 1535 1830 transgressurum
1567 1778 1691 1818 esse
1726 1781 1739 1816 :
1779 1771 1942 1832 atque
1985 1770 2115 1816 tunc

541 1851 592 1902 in
623 1857 742 1904 tuto
773 1852 1007 1920 positus,
1040 1852 1270 1905 salutem
1308 1867 1373 1906 ex
1405 1862 1458 1906 te
1491 1868 1820 1922 consequar.
1851 1852 1978 1908 Sive
2011 1853 2114 1907 hoc

540 1947 698 2007 pacto
727 1958 741 1994 :
776 1938 1172 2012 Transgrcdiar
1209 1943 1622 2013 transiliamque
1651 1944 1834 1998 omnia
1874 1944 2114 1999 hostium

540 2032 900 2098 munimenta,
931 2043 985 2090 et
1027 2051 1187 2106 sepes
1230 2044 1395 2106 atque
1437 2053 1676 2101 murum,
1713 2052 1874 2106 quem
1925 2036 1979 2090 in
2010 2037 2117 2090 cir-

539 2125 690 2180 cuitu
727 2142 871 2191 meo,
905 2139 963 2181 ut
1001 2127 1358 2192 intercludar,
1389 2137 1600 2185 struere
1640 2137 1915 2200 satagunt.

607 2207 775 2270 Vens.
801 2215 892 2280 3i,
928 2214 1016 2272 52.
1052 2218 1192 2273 Deus
1223 2236 1389 2285 meus,
1419 2221 1694 2290 impolluta
1725 2223 1809 2276 via
1840 2222 1989 2290 ejus:
2010 2222 2120 2276 elo-

540 2307 664 2361 quia
718 2302 929 2362 Domini
964 2310 1080 2381 igne
1111 2309 1440 2377 examinata,
1473 2322 1735 2382 protector
1777 2323 1853 2367 est
1887 2313 2116 2368 omnium

539 2404 865 2470 sperantium
897 2405 952 2459 in'
983 2423 1056 2460 se.
1085 2406 1351 2472 Quoniam
1391 2409 1509 2477 quis
1551 2406 1690 2462 Deus
1717 2421 1906 2478 prwter
1935 2409 2119 2464 Domi-

539 2497 712 2550 num?
745 2506 839 2549 aut
861 2498 979 2567 quis
1010 2492 1152 2553 Deus
1187 2509 1381 2569 prwter
1410 2499 1576 2553 Deum
1612 2507 1892 2558 nostrum?
1921 2501 2118 2573 lmpol-

540 2585 710 2641 lutam
743 2587 1024 2658 praadicat,
1052 2589 1106 2644 id
1160 2598 1245 2646 est
1297 2589 1654 2661 inculpatum,
1683 2593 2116 2650 administratio-

539 2694 663 2734 nem
695 2679 839 2746 ejus,
870 2696 934 2735 ac
980 2683 1334 2752 providentia:
1381 2684 1765 2740 ceconomiam.
1805 2686 1908 2740 Sed
1953 2687 2116 2741 etiam

535 2768 752 2842 eloquia
781 2773 902 2843 ejus
936 2774 1060 2845 igne
1087 2777 1422 2842 examinata,
1457 2778 1574 2834 sive
1607 2778 1842 2835 sollicite
1893 2780 2117 2850 probata

535 2863 939 2936 exquisitaque,
975 2883 1153 2939 neque
1186 2870 1418 2926 ulterius
1457 2872 1792 2942 exploranda
1841 2881 2004 2938 sunt;
2033 2876 2120 2936 ni§

538 2949 615 3010 hil
647 2957 853 3028 quippe
879 2957 1072 3015 aliena:
1101 2962 1346 3017 materia:
1400 2963 1535 3034 ipsis
1583 2960 1878 3022 admistum
1923 2967 2118 3039 depre-

537 3039 778 3106 hendere
807 3060 891 3108 est
933 3072 946 3108 :
983 3054 1166 3124 qualia
1196 3063 1327 3110 sunt
1362 3056 1581 3126 eloquia
1614 3060 1922 3128 sapientum
1949 3063 2114 3131 hujus

2223 561 2286 611 έκ
2332 559 2642 630 σπέρματος
2678 557 2839 612 Δαυῖδ
2874 558 2958 620 τίς
2990 557 3054 610 ἂν
3079 557 3286 625 γένοιτο
3314 555 3346 626 ἢ
3381 556 3444 608 τὸ
3470 556 3722 627 γέννημα
3756 557 3831 611 τὸ

2221 648 2362 702 κατὰ
2397 651 2574 721 σάρκα
2603 649 2896 720 γενόμενον
2927 651 2991 701 ἐκ
3028 648 3278 718 διαδοχῆς
3310 646 3491 711 Δαυῒδ,
3526 641 3572 715 ᾧ
3607 648 3829 720 κέχρη-

2219 759 2306 793 ται
2340 743 2368 792 6
2399 743 2630 812 Χριστὸς
2659 743 2718 793 ὲν
2748 740 2898 811 αὑτῴ
2930 741 3238 811 γενόμενος,
3271 740 3365 792 καὶ
3392 739 3491 804 τὰς
3515 740 3615 809 τῆς
3652 741 3830 796 δυνά-

2223 850 2366 902 μεως
2387 834 2547 887 αὑτοῦ
2580 833 2947 905 μαρμαρυγὰς
2971 833 3065 886 καὶ
3092 832 3186 886 τοῦ
3219 831 3394 902 φωτὸς
3424 832 3519 896 τὰς
3543 834 3828 898 ἀνατολὰς

2220 929 2384 979 πᾶσιν
2418 926 2716 996 ἐξέλαμψεν
2749 925 3084 997 ἀνθρώποις;
3107 926 3197 978 Διὸ
3229 927 3321 979 καὶ
3351 929 3408 979 ἐν
3440 930 3549 990 τοῖς
3582 943 3826 998 προκει-

2224 1020 2403 1089 μένοις
2439 1018 2790 1091 προφητικῶς
2819 1036 2982 1090 φησιν
3011 1019 3249 1073 ὀΔαυῒδ’
3286 1021 3404 1072 Ὅτι
3452 1019 3534 1072 σὺ
3571 1019 3824 1088 φωτιεῖς

2218 1112 2453 1178 λύχνον
2500 1129 2640 1179 μου,
2682 1112 2878 1178 Κύριε.
2933 1112 3005 1164 Σὺ
3059 1111 3166 1184 γὰρ
3199 1111 3381 1175 αὑτὸς,
3416 1112 3600 1181 φησὶν,
3633 1114 3665 1165 6
3698 1113 3823 1167 Κύ-

2223 1219 2354 1272 ριος,
2389 1203 2450 1254 τὸ
2484 1203 2599 1270 φῶς
2639 1202 2697 1256 τὸ
2747 1203 2996 1276 ἀληθινὸν
3039 1205 3344 1275 τυγχάνων,
3386 1205 3626 1272 ἐνωθείς
3675 1223 3821 1260 ποτε

2219 1295 2542 1365 ἁπορῤήτως
2571 1294 2647 1364 τῷ
2678 1295 2736 1359 ἐξ
2776 1294 2909 1366 ἐμοῦ
2943 1297 3292 1368 γενησομένῳ
3349 1296 3544 1370 λύχνῳ,
3583 1303 3823 1369 φωτιεῖς

2219 1383 2408 1440 αὑτόν·
2435 1386 2571 1440 ἀλλὰ
2599 1390 2691 1440 καὶ
2724 1389 2784 1440 τὸ
2808 1388 3161 1459 ἐγγενόμενόν
3189 1389 3277 1459 μοί
3308 1407 3435 1443 ποτε
3466 1391 3655 1456 σκότος
3688 1394 3818 1447 τότε

2220 1479 2493 1542 παντελῶς
2527 1479 2817 1547 περιελεῖς,
2846 1481 2922 1544 ὡς
2957 1481 3090 1550 μηδὲ
3140 1483 3358 1553 μνήμην
3399 1483 3563 1537 αὑτοῦ
3599 1485 3821 1540 ἀνιέναι

2219 1570 2309 1621 ἐπὶ
2342 1569 2439 1639 τὴν
2472 1568 2609 1640 ἐμὴν
2642 1570 2899 1623 διάνοιαν.
2925 1567 2996 1623 Εὖ
3028 1571 3085 1624 δὲ
3110 1567 3245 1633 οἶδα,
3279 1573 3381 1637 ὅτι,
3405 1574 3499 1626 καὶ
3530 1574 3630 1645 τῆς
3657 1578 3820 1647 παρὰ

2222 1660 2313 1712 σοῦ
2361 1661 2642 1732 δυνάμεως
2687 1664 2782 1715 καὶ
2827 1663 3007 1734 ἰσχύος
3052 1665 3430 1730 καταξιωθεὶς,
3471 1667 3821 1740 ἐπιϐήσομαι

2220 1751 2312 1803 τοῦ
2367 1755 2424 1804 ἐν
2469 1753 2717 1819 οὐρανοῖς
2767 1755 3009 1824 τείχους·
3047 1759 3102 1809 έν
3152 1757 3385 1826 ἀσφαλεῖ
3406 1776 3465 1812 τε
3492 1762 3820 1832 γενόμενος,

2217 1844 2335 1896 τότε
2371 1844 2470 1914 τῆς
2506 1845 2655 1917 παρὰ
2687 1848 2767 1900 σοὶ
2801 1847 3058 1919 τεύξομαι
3090 1850 3380 1922 σωτηρίας.
3418 1853 3510 1905 Ἥ·
3537 1854 3823 1928 ’Υπερϐή-

2219 1953 2381 2007 σομαι
2425 1939 2516 1990 καὶ
2545 1940 2914 2012 ὑπερπηδήσω
2955 1943 3132 1996 πάντα
3179 1945 3244 1997 τὰ
3273 1946 3381 1998 τῶν
3431 1947 3642 2018 ἐχθρῶν
3691 1951 3823 2022 ὀχυ·

2222 2028 2450 2100 ρῶματα
2482 2033 2576 2084 κα)⁸
2607 2035 2733 2097 τοὺς
2795 2038 3084 2105 φραγμοὺς
3134 2038 3227 2090 καὶ
3257 2039 3318 2091 τὸ
3359 2043 3556 2110 τεῖχος,
3585 2041 3616 2095 ὃ
3653 2062 3822 2116 περι-

2219 2121 2434 2176 ϐάλλειν
2489 2141 2578 2194 μοι
2623 2127 2701 2187 είς
2735 2125 2794 2178 1:6
2826 2127 3144 2182 ἀποκλεῖσαι
3182 2129 3521 2185 σπεύδονται.

2303 2217 2365 2269 '0
2402 2219 2546 2283 Θεός
2575 2219 2976 2289 μου,(7μωμος
3015 2224 3052 2292 ἡ
3099 2221 3240 2290 ὁδὸς
3273 2225 3487 2278 αὐτοῦ’
3523 2227 3594 2280 τὰ
3632 2231 3822 2298 λέγω

2219 2309 2440 2385 Kc'plov
2473 2312 2887 2380 πεπιιρωμένα,
2920 2315 3382 2385 ὑπερασπιστὴς
3403 2306 3533 2373 ἐστι
3565 2321 3822 2378 πάντων

2219 2381 2338 2452 τῶν
2385 2400 2746 2461 ἐλπιζόντωιιο
2792 2403 2884 2453 ἐπ’
2917 2381 3126 2458 αὐτον.
3161 2407 3288 2459 Ὀτι
3333 2381 3427 2474 τίς
3461 2410 3605 2476 Θεὸς
3639 2415 3820 2482 πλὴν

2220 2491 2325 2544 τοῦ
2379 2492 2636 2559 Kvpt'ov;
2676 2493 2713 2560 ἢ
2749 2493 2839 2558 τίς
2883 2496 3028 2560 Θεὸς
3064 2498 3232 2564 πλὴν
3278 2500 3384 2553 τοῦ
3413 2502 3561 2555 Θεοῦ
3597 2503 3816 2572 furtim;

2225 2583 2487 2653 Ἀμωμον
2531 2577 2669 2637 εἷναι
2716 2584 3096 2652 ἀποφαίνεται,
3128 2590 3408 2643 τουτέστιν
3436 2592 3814 2663 ἀνεπίληπτον

2221 2673 2316 2745 τὴν
2354 2674 2616 2744 διοίκησιν
2675 2676 2862 2738 αὑτοῦ,
2911 2677 3005 2730 καὶ
3037 2678 3136 2748 τὴν
3167 2679 3268 2748 τῆς
3315 2682 3568 2752 προνοίας
3601 2685 3814 2737 οἰκονο-

2223 2765 2368 2836 μίαν.
2417 2765 2574 2819 Ἀλλὰ
2630 2768 2724 2820 καὶ
2774 2769 2842 2821 τὰ
2883 2768 3036 2837 λόγια
3070 2770 3233 2823 αὑτοῦ
3265 2774 3656 2844 πεπυρωμένα,
3689 2791 3815 2828 του-

2217 2859 2365 2911 τέστι
2401 2858 2834 2930 βεδασανισμένα
2862 2861 2955 2912 καὶ
2982 2861 3448 2933 δεδοκιμασμέναο
3467 2865 3565 2917 οὑκ
3593 2865 3707 2919 ἔστι
3740 2884 3808 2920 τε

2219 2947 2399 3013 αὑτοῖς
2450 2951 2776 3021 ἐπισκέψαιο
2840 2952 2960 3006 οὑδὲ
3012 2952 3297 3026 ἀλλοτρίας
3345 2954 3478 3025 ὕλης
3526 2957 3812 3028 παρεμϐε-

2221 3041 2485 3112 ϐλημένον
2538 3062 2589 3096 τι
2643 3046 2700 3097 ἐν
2755 3045 2937 3109 αὑτοῖς
2973 3047 3174 3117 εὑρεῖν,
3213 3050 3372 3100 ὁποῖα
3414 3048 3482 3102 τὰ
3513 3050 3662 3122 παρὰ
3691 3053 3809 3116 τοῖς

541 3144 748 3207 seculi,
786 3159 906 3212 qua:
935 3145 1173 3213 aliquam
1226 3148 1503 3202 interdum
1553 3151 1850 3221 praeferunt
1883 3153 2115 3224 dignita-

2224 3135 2406 3203 σοφοῖς
2454 3135 2547 3187 τοῦ
2606 3137 2799 3200 αἰῶνος
2833 3137 3022 3190 τούτου
3049 3139 3332 3208 τυγχάνει·
3383 3142 3670 3212 μετέχοντα
3703 3144 3810 3215 μέν

542 3234 613 3288 tis
639 3234 900 3304 speciem,
935 3236 1029 3291 sed
1058 3239 1206 3294 omni
1242 3239 1523 3310 religionis
1549 3239 1809 3313 despectu
1839 3252 1894 3299 et
1935 3246 2124 3315 impie-

541 3335 652 3381 tate
687 3327 844 3396 plena
875 3338 1021 3383 sunt.
1054 3328 1196 3395 Quid
1227 3341 1408 3387 autem
1438 3334 1636 3388 docent
1658 3337 1873 3407 eloquia
1898 3338 1984 3390 illa
2022 3334 2122 3392 Do-

541 3416 673 3470 mini
702 3417 824 3488 igne
845 3419 1188 3473 examinata?
1223 3421 1278 3476 Id
1302 3437 1453 3489 sane,
1489 3425 1668 3495 ipsum
1696 3443 1819 3482 esse
1849 3438 2119 3497 protecto-

544 3523 656 3562 rem
707 3511 952 3564 omnium
1005 3515 1344 3582 sperantium
1400 3515 1454 3570 in
1511 3533 1683 3581 se,ac
1741 3513 1950 3576 nullum
1996 3539 2119 3578 esse

543 3597 710 3653 Deum
763 3610 958 3671 prazter
1007 3602 1297 3659 Dominum
1344 3616 1615 3675 nostrum,
1650 3611 1860 3667 nullum
1924 3616 2115 3670 fortem

541 3689 648 3746 nisi
688 3690 856 3747 Deum
912 3703 1162 3751 nostrum
1196 3708 1398 3770 :atque
1435 3701 1556 3756 ideo
1582 3703 1707 3773 jure
1737 3705 1952 3760 dicatur
1982 3723 2112 3777 pro-

540 3786 714 3836 tector
743 3800 866 3840 esse
895 3787 1140 3843 omnium
1165 3793 1504 3856 sperantium
1544 3794 1596 3848 in
1632 3812 1714 3860 se,
1759 3813 1884 3851 cum
1929 3799 2114 3856 nullus

540 3874 765 3942 reperiri
793 3877 964 3946 possit
991 3882 1085 3948 qui
1117 3882 1208 3936 tali
1229 3891 1493 3955 tantoque
1515 3892 1810 3956 protectori
1843 3891 2114 3947 obsistere

537 3964 736 4018 valeat.

610 4052 776 4109 Vens.
806 4057 895 4122 55,
930 4061 1018 4116 54.
1055 4061 1194 4117 Deus
1229 4069 1318 4134 qui
1358 4070 1630 4139 prweingit
1670 4087 1748 4124 me
1802 4076 2010 4135 virtute,
2061 4085 2112 4129 et

537 4145 710 4212 posuit
742 4147 1137 4206 immaculatum
1176 4156 1310 4209 viam
1343 4175 1534 4215 meam.
1566 4162 1672 4226 Qui
1700 4165 1913 4232 perfecit
1959 4166 2110 4233 pedes

539 4248 679 4291 meos
712 4248 962 4310 tanquam
999 4259 1292 4312 cervorum,
1323 4259 1372 4303 et
1410 4268 1565 4320 super
1590 4255 1797 4310 excelsa
1847 4274 1962 4311 mea
1991 4270 2107 4313 sta-

537 4329 688 4380 tuens
719 4336 818 4383 'me.
859 4328 978 4385 Non
1019 4333 1166 4390 iners
1206 4345 1259 4390 et
1301 4340 1536 4404 otiosus,
1571 4341 1767 4412 inquit,
1807 4347 2111 4415 patrocina-

537 4417 818 4492 tur-atque
865 4425 1134 4495 protegit;
1169 4427 1263 4482 Sed
1322 4429 1374 4482 id
1431 4435 1678 4490 numeris
1707 4438 1837 4508 agit,
1873 4439 2001 4494 dum
2029 4442 2104 4497 illi

537 4528 731 4569 manus
756 4522 1056 4571 conserunt
1087 4525 1188 4588 pro
1215 4522 1390 4578 salute
1413 4536 1533 4588 sua,
1554 4537 1612 4581 ut
1648 4528 1782 4583 inito
1809 4537 2106 4592 certamine

537 4605 792 4663 inimicos
825 4607 1117 4664 debellent.
1155 4608 1248 4666 Sic
1277 4630 1362 4669 me
1397 4615 1694 4673 virtutibus
1729 4622 1847 4676 suis
1880 4637 1978 4678 ceu
2022 4642 2110 4680 ar-

538 4697 643 4752 mis
685 4699 928 4766 instruit,
970 4716 1036 4757 ac
1078 4705 1362 4760 mortalem
1405 4706 1810 4780 humanamque
1843 4712 2110 4770 fortitudi-

536 4804 658 4842 nem
699 4807 872 4845 meam
902 4787 1077 4864 gratia
1107 4812 1205 4852 sua
1236 4796 1554 4866 conﬁrmat;
1589 4808 1646 4856 ut
1669 4804 1826 4871 quasi
1850 4805 1949 4869 vir,
1981 4808 2111 4861 luni-

532 4873 634 4934 bos
684 4880 889 4938 habens
920 4884 1118 4940 virtute
1167 4903 1266 4943 sua
1316 4889 1648 4956 succinctos,
1682 4894 1918 4950 inimicis
1963 4899 2112 4953 obsi-

532 4980 695 5023 stam.
722 4968 828 5026 Sed
858 4975 1326 5043 quemadmodum
1368 4993 1535 5050 supra
1582 4981 1787 5038 dictum
1823 4988 1930 5050 est,
1969 4987 2109 5043 Deus

529 5062 810 5130 impolluta
841 5065 924 5118 via
953 5065 1104 5134 ejus;
1131 5069 1206 5122 ita
1239 5086 1323 5125 me
1346 5071 1412 5125 ad
1435 5074 1517 5126 sui
1554 5074 1843 5147 imaginem
1868 5094 1933 5133 ac
1959 5081 2109 5134 simi-

531 5153 814 5210 litudinem
859 5173 982 5214 esse
1035 5171 1352 5232 peroptans,
1389 5183 1563 5222 meam
1593 5187 1813 5240 quoque
1841 5173 1985 5225 viam
2019 5189 2110 5243 po-

529 5246 640 5302 suit
670 5248 1098 5319 immaculatum,
1127 5265 1180 5310 et
1209 5257 1482 5325 doctrina,
1511 5263 1733 5319 monitis
1767 5279 1830 5318 ac
1859 5266 2107 5335 cujusvis

529 5341 748 5409 generis
777 5341 1110 5415 disciplinis,
1141 5349 1282 5403 viam
1326 5353 1439 5406 sive
1466 5353 1632 5406 vitam
1685 5355 2107 5429 institutumque

527 5440 709 5485 meum
737 5432 1028 5503 perpolivit
1077 5456 1142 5495 ac
1178 5443 1424 5511 perfecit.
1471 5439 1616 5498 Loco
1650 5446 1822 5511 illius,
1853 5449 2105 5504 immacu-

526 5521 714 5583 latum,
746 5523 962 5595 Aquila,
1020 5530 1337 5600 perfectam,
1374 5532 1564 5588 edidit.
1624 5535 1861 5591 Διί-1ης
1915 5556 2098 5610 porro,

525 5612 739 5680 perluit
781 5615 934 5686 pedes
981 5637 1118 5675 meos
1164 5621 1413 5691 tanquam
1454 5641 1721 5680 cervorum
1760 5644 1775 5680 :
1805 5629 1872 5684 de
1903 5634 2100 5700 quibus

594 5732 638 5762 ”
659 5732 800 5788 Psal.
833 5751 1018 5804 cxxxl,
1059 5741 1135 5794 I7.

599 5848 674 5920 (ι)
707 5850 764 5909 In
797 5852 1064 5912 Hebrairo
1099 5857 1317 5924 legitur,
1361 5867 1521 5919 man
1559 5897 1573 5928 ,
1609 5861 1751 5932 quod
1785 5869 1866 5918 est
1896 5874 2200 5931 pctj'eclam.

2225 3241 2367 3288 τινος
2394 3226 2502 3279 ἔσθ’
2526 3229 2611 3280 ὅτε
2639 3229 2956 3296 φαντασίας,
2991 3231 3171 3302 πάσης
3184 3232 3238 3285 δὲ
3259 3232 3549 3304 ἀθεότητος
3569 3235 3658 3287 καὶ
3680 3235 3808 3288 δυσ-

2227 3318 2438 3382 σεϐείας
2470 3321 2890 3392 πεπληρωμένα.
2926 3322 2990 3375 Τί
3012 3319 3103 3377 οὗν
3130 3326 3197 3377 τὰ
3245 3327 3615 3396 πεπυρωμένα
3647 3326 3806 3396 λόγια

2222 3411 2316 3464 τοῦ
2348 3413 2551 3482 Κυρίου
2578 3413 2846 3479 διδάσκει;
2882 3416 2956 3479 ὡς
2985 3416 3400 3489 ὑπερασπιστὴς
3439 3420 3552 3471 ἐστι
3587 3419 3806 3474 πάντων

2222 3503 2330 3556 τῶν
2365 3503 2687 3570 ἐλπιζόντων
2722 3509 2808 3558 ἐπ’
2841 3507 3030 3561 αὐτόν’
3071 3509 3168 3562 καὶ
3207 3511 3288 3563 ὅτι
3332 3513 3431 3564 οὑκ
3469 3511 3615 3564 ἔστιν
3646 3513 3805 3576 ἄλλος

2221 3593 2354 3658 θεὸς
2403 3595 2435 3666 ἢ
2490 3597 2648 3667 μόνος
2680 3598 2708 3650 6
2742 3599 3015 3669 ἡμέτερος
3074 3601 3298 3673 Κύριος,
3333 3603 3440 3656 οὐδ’
3471 3605 3618 3659 ἐστιν
3672 3623 3805 3678 κραο

2220 3686 2370 3750 ταιὸς
2420 3687 2576 3752 ἄλλος
2607 3687 2638 3758 ἢ
2672 3689 2700 3739 6
2733 3687 2864 3753 Θεὸς
2900 3690 3056 3761 ἡμῶν
3077 3709 3089 3721 °
3139 3693 3230 3746 καὶ
3262 3694 3350 3748 διὰ
3381 3695 3538 3748 τοῦτο
3576 3698 3803 3762 εἰκότως

2221 3779 2632 3850 ὑπερασπιστὴς
2652 3783 2766 3834 ἐστι
2796 3783 3012 3836 πάντων
3042 3784 3148 3836 τῶν
3169 3785 3494 3850 ἐλπιζόντων
3512 3789 3599 3842 ἐπ’
3613 3791 3799 3854 αὑτὸν,

2222 3867 2446 3942 μηδενὸς
2498 3874 2684 3944 ἐτέρου
2740 3873 3129 3946 εὑρισκομένου
3159 3875 3250 3929 τοῦ
3277 3877 3574 3950 δυναμένου
3611 3882 3801 3952 στῆναι

2218 3964 2354 4034 πρὸς
2384 3965 2634 4018 τοσοῦτον
2659 3968 2755 4018 καὶ
2788 3968 3049 4020 τοιοῦτον.

2311 4075 2363 4125 Ὀ
2411 4075 2553 4140 Θεὸς
2589 4089 2619 4129 o
2667 4074 3072 4144 περιζῖυννύων
3090 4096 3166 4148 με
3207 4079 3484 4148 δύναμιν,
3511 4079 3605 4132 καὶ
3631 4080 3799 4134 ἔθετο

2213 4164 2455 4234 ἄμωμον
2519 4166 2634 4235 τὴν
2707 4168 2851 4222 ὀδόν
2902 4187 3056 4239 μων
3112 4173 3596 4242 καταρτιᾷλζιιενος
3659 4173 3800 4242 τοὺς

2214 4257 2403 4322 πόδας
2443 4276 2561 4326 μου
2601 4259 2741 4312 ὡσεὶ
2789 4259 3048 4330 ἐλάφων,
3080 4261 3178 4314 καὶ
3230 4262 3329 4315 ἐπὶ
3374 4265 3444 4316 τὰ
3504 4263 3631 4332 ὕψη
3676 4282 3798 4334 μου

2214 4347 2399 4402 ἱστῶν
2425 4367 2521 4418 με.
2582 4348 2694 4404 Οὑκ
2741 4353 3052 4422 ἀπρακτῶν,
3096 4354 3250 4423 φησὶ,
3305 4356 3396 4408 καὶ
3427 4355 3611 4426 ἀργῶν
3662 4361 3796 4428 προ-

2214 4446 2434 4496 ἵσταται
2495 4443 2588 4497 καὶ
2649 4445 3043 4516 ὑπερασπίζει⁹
3110 4446 3243 4500 ἀλλὰ
3305 4447 3393 4501 καὶ
3443 4448 3619 4500 αὐτῶν
3661 4466 3798 4520 συμ·

2218 4531 2560 4604 ϐαλλομένων
2626 4539 2688 4606 τῇ
2744 4531 2920 4588 αὑτῶν
2982 4539 3224 4610 σωτηρία
3287 4538 3375 4592 διὰ
3438 4539 3530 4592 τοῦ
3603 4541 3799 4609 ἀγωνί-

2219 4625 2405 4689 ζεσθαι
2440 4629 2532 4678 καὶ
2580 4629 2704 4690 τοὺς
2735 4629 2960 4699 ἐχθροὺς
3005 4631 3422 4702 καταπολεμεῖν.
3469 4631 3624 4684 Οὕτω
3668 4632 3797 4700 γοῦν

2217 4717 2304 4769 καὶ
2342 4718 2440 4786 ἐμὲ
2484 4717 2716 4781 ὁπλίζων
2753 4723 2872 4782 ταῖς
2913 4719 3107 4773 ἑαυτοῦ
3139 4721 3420 4792 δυνάμεσι,
3460 4723 3559 4793 τὴν
3597 4724 3800 4794 θνητὴν

2219 4807 2310 4860 καὶ
2342 4806 2687 4879 ἀνθρωπίνην
2715 4826 2815 4880 μου
2845 4811 2998 4880 ἰσχὺν
3029 4814 3095 4882 τῇ
3128 4812 3290 4864 αὑτοῦ
3321 4813 3502 4884 χάριτι
3532 4813 3795 4883 δυναμοῖ·

2213 4899 2277 4951 ἵν’
2330 4897 2518 4970 ῶσπερ
2576 4899 2715 4968 ἀνὴρ
2768 4900 2865 4971 τὴν
2911 4902 3080 4971 ὀσφὺν
3129 4903 3567 4974 περιεζωσμένος
3607 4902 3704 4974 τὴν
3734 4904 3797 4970 ἐξ

2211 4989 2376 5042 αὑτοῦ
2400 4991 2811 5062 χορηγουμένην
2837 5009 2925 5062 μοι
2947 4992 3172 5063 δύναμιν
3202 4995 3311 5046 στῶ
3329 4993 3462 5064 πρὸς
3485 4994 3609 5057 τοὺς
3635 4993 3795 5048 πολε-

2216 5083 2388 5152 μίους.
2438 5083 2600 5136 Ἀλλὰ
2638 5085 2731 5136 καὶ
2759 5083 2946 5154 ὥσπερ
2971 5087 3182 5156 εἴρηται
3205 5101 3219 5116 °
3265 5087 3325 5138 '0
3358 5087 3521 5154 Θεὸς,
3555 5085 3798 5156 ἄμωμος

2213 5177 2250 5243 ἡ
2285 5175 2426 5242 ὁδὸς
2470 5177 2677 5230 αὐτοῦ·
2707 5175 2880 5240 οὕτως
2908 5178 3026 5230 κατ’
3054 5179 3235 5230 εἰκόνα
3262 5179 3355 5231 καὶ
3384 5178 3505 5232 καθ’
3534 5177 3796 5248 ὁμοίωσιν

2212 5269 2376 5323 αὑτοῦ
2427 5271 2522 5323 καλ¹
2558 5269 2658 5339 ἐμὲ
2702 5269 3020 5340 βουλόμενος
3055 5267 3211 5333 εἶναι,
3235 5271 3328 5324 καὶ
3367 5271 3464 5341 τὴν
3505 5269 3643 5340 ἐμὴν
3672 5268 3794 5322 ὁδὸν

2211 5361 2362 5414 ἔθετο
2413 5362 2662 5432 ἄμωμον,
2692 5361 3059 5426 διδασκαλίαις
3118 5364 3210 5415 καὶ
3263 5362 3646 5434 παραινέσεσιν
3696 5363 3791 5415 καὶ

2213 5451 2483 5513 παντοίοις
2519 5451 2802 5521 μαθήμασι
2826 5451 2921 5522 τὴν
2951 5452 3065 5505 ὁδόν
3099 5470 3220 5522 μου,
3247 5452 3488 5506 τουτέστι
3521 5451 3618 5523 τὴν
3645 5453 3790 5524 ζωὴν

2211 5546 2302 5596 καὶ
2337 5544 2424 5596 τὸν
2461 5543 2572 5612 βίον
2608 5544 2834 5616 ἄμωμον
2873 5543 3343 5615 καταρτιζόμενος.
3383 5544 3525 5597 Ἀντὶ
3567 5544 3623 5597 δὲ
3669 5544 3788 5608 τοῦ,

2209 5637 2467 5707 {ipsum}
2517 5635 2764 5703 Ἀκύλας,
2812 5638 3038 5692 τέλειοι·
3091 5638 3189 5707 (1),
3243 5637 3553 5692 ἐκδέδωκεν.
3587 5635 3788 5690 Ἔτιδὲ
