4010 6528
221 360 319 417 181

1344 361 1846 423 COMMENTARIA
1887 367 1954 423 IN
1994 366 2332 425 PSALMOS.

3348 376 3452 434 182

217 477 356 550 πρὸς
398 479 624 546 τούτοις,
668 480 766 535 καί
816 479 958 546 τοὺς
995 477 1183 547 πόδας
1207 499 1325 551 μου
1366 483 1510 537 ὡσεὶ
1549 485 1774 553 ἐλάφων

1891 487 2066 543 cervis
2095 489 2264 542 multa
2311 489 2365 543 in
2409 488 2610 546 divinis
2651 490 3029 548 instrumentis
3084 492 3353 552 feruntur.
3395 495 3454 552 St

216 573 644 640 xat'nde'aw'
687 574 814 641 περὶ
845 567 918 626 ὧν
963 573 1174 641 ἐλάφων
1201 573 1364 638 πολὺς
1394 577 1451 627 ἐν
1477 577 1589 639 τοῖς
1621 577 1785 647 ἱεροῖς

217 664 503 734 πράγμασι
551 663 887 736 [γράμμασι]
942 664 1161 735 φέρεται
1197 665 1370 733 λόγος.
1428 666 1549 719 Ἐπὶ
1592 666 1787 737 σχολῆς

214 757 260 811 δ’
289 759 354 812 ἀν
374 776 456 822 τις
470 758 578 811 τῶν
608 758 970 828 προτεθέντων
1004 758 1281 823 ἐξετάσας,
1326 758 1474 830 εὕροι
1506 759 1571 813 ἂν
1609 761 1787 814 αὐτῶν

217 847 308 903 τὸν
350 849 473 902 νοῦν
513 849 915 920 ἀναφερόμενον
960 851 1050 902 ἐπὶ
1104 850 1228 914 τοὺς
1280 850 1467 920 ἁγίους
1511 851 1604 905 τοῦ
1653 852 1786 906 Θεοῦ

215 940 438 1011 ἄνδρας,
471 942 598 1004 τοὺς
645 935 1258 1013 ἀναιρετικοὺςπαντὸς
1310 943 1640 1014 ἐρπυστικοῦ
1694 946 1787 999 καὶ

219 1032 425 1085 ίοὸόλου
447 1032 605 1098 ζώου.
643 1035 792 1086 Ἐπεὶ
821 1035 912 1088 καὶ
938 1035 1036 1105 τῆς
1059 1035 1257 1104 ἐλάφου
1296 1037 1514 1110 τοιαύτη
1546 1038 1786 1108 πέφυκεν

215 1123 249 1193 ὴ
293 1123 470 1192 φύσις,
531 1125 835 1192 ὀφιοκτόνος
877 1121 1010 1178 οὖσα
1061 1125 1156 1179 κα)⁸
1209 1126 1526 1198 ἀναιρετικὴ
1587 1121 1787 1192 παντὸς

216 1216 467 1284 ἑρπετοῦ.
509 1217 870 1288 Ὀρεινοϐατές
905 1218 962 1271 δέ
1009 1218 1068 1270 τὸ
1108 1216 1245 1282 ζῶον
1277 1219 1368 1272 καὶ
1400 1219 1674 1290 δρομικὸν,
1710 1220 1786 1285 ὡς

215 1304 310 1356 καὶ
341 1307 386 1357 οὶ
422 1305 562 1373 ἅγιοι
589 1305 679 1358 τοῦ
713 1305 846 1358 Θεοῦ
879 1307 946 1360 τά
975 1307 1087 1360 ἄνω
1117 1307 1460 1372 σκοποῦντες,
1495 1309 1586 1362 καὶ
1613 1308 1687 1380 μὴ
1717 1309 1785 1362 τὰ

214 1396 308 1447 ἐπὶ
339 1396 434 1466 τῆς
457 1397 576 1465 γῆς,
611 1399 702 1450 καὶ
729 1397 795 1450 τὰ
820 1398 998 1469 ὑψηλά
1025 1398 1338 1464 διώκοντες,
1375 1399 1522 1471 πόθῳ
1547 1401 1647 1470 τῆς
1677 1401 1784 1453 τῶν

211 1484 448 1555 οὐρανῶν
504 1486 797 1556 βασιλείας.
846 1489 957 1559 Τὴν
994 1489 1127 1561 πρὸς
1186 1491 1311 1554 τοὺς
1360 1491 1548 1558 ἁγίους
1607 1492 1784 1544 τοίνυν

204 1576 497 1648 ὁμοιότητα
551 1579 742 1633 ἐαυτοῦ
794 1581 887 1633 καὶ
919 1583 947 1634 ὁ
987 1582 1147 1635 Δαυῒδ
1186 1586 1251 1653 τῇ
1286 1581 1378 1635 τοῦ
1423 1583 1552 1636 Θεοῦ
1604 1583 1786 1655 χάριτι

198 1668 522 1739 ἀνατίθησι,
559 1671 733 1739 λέγων
764 1672 909 1743 ἐξῆς·
940 1673 1051 1728 Καὶ
1074 1674 1170 1727 ἐπὶ
1207 1675 1276 1728 τὰ
1306 1675 1432 1744 ὕψη
1453 1694 1571 1744 μου
1600 1677 1785 1730 ἱστῶν

189 1777 295 1831 με.
335 1763 396 1814 Εἰ
427 1762 536 1833 γὰρ
582 1765 673 1818 καὶ
722 1764 792 1817 τά
843 1766 1076 1836 μάλιστα
1102 1766 1280 1837 ’έτεροι
1311 1767 1592 1821 καθέλκειν
1636 1770 1782 1839 ἡμᾶς

198 1852 298 1905 καὶ
336 1854 720 1920 καταϐιϐάζειν
747 1857 838 1909 ἐπὶ
875 1857 944 1910 τὰ
977 1857 1112 1928 βάθη
1139 1836 1233 1910 καὶ
1266 1858 1363 1922 τὰς
1392 1836 1782 1928 κοιλάδαςττῆς
1814 1836 1856 1894 Β

203 1945 398 2008 κακίας
426 1947 721 2014 πειρῶνται
744 1965 755 1978 ο
786 1948 898 2001 ἀλλ’
921 1949 949 2000 ὁ
977 1949 1107 2012 Θεὸς
1142 1951 1318 2020 ἡμῶν,
1349 1947 1437 2004 οἷά
1461 1968 1545 2014 τις
1578 1952 1786 2019 ἀγωνο-

205 2035 365 2106 θέτης
396 2037 662 2091 διδάσκων
689 2040 832 2108 ἡμᾶς,
863 2039 1102 2107 ἀγαθοὺς
1129 2037 1268 2095 εἶναι
1313 2043 1553 2115 δρομεῖς,
1584 2044 1676 2097 ἐπὶ
1716 2042 1786 2099 τά

204 2129 516 2201 κατάλληλα
557 2133 687 2203 ἡμῖν
716 2132 824 2204 ὕψη
851 2137 1128 2206 παρορμᾷ·
1156 2135 1319 2188 αὑτοῦ
1347 2153 1406 2188 τε
1437 2139 1470 2208 ἡ
1496 2138 1674 2208 χάρις.
1705 2139 1778 2190 Uti

203 2221 314 2291 γὰρ
346 2222 589 2293 ἡμετέρα
616 2222 841 2294 δύναμις
870 2225 1081 2296 ἵστησιν
1115 2227 1173 2278 ἐν
1198 2229 1310 2290 τοῖς
1330 2228 1619 2298 ἡμετέροις
1649 2228 1779 2298 ὕψει

205 2329 290 2364 σι·
355 2312 511 2380 φύσει
560 2313 669 2385 γὰρ
724 2315 1010 2386 ἀνθρώπου
1045 2316 1188 2388 ψυχῇ
1229 2319 1290 2370 τὸ
1335 2319 1582 2390 οὐράνιόν
1631 2321 1777 2374 ἐστιν

199 2403 515 2474 οίκητήριον
535 2421 548 2434 ο
584 2406 677 2458 καὶ
704 2405 773 2458 τὰ
800 2408 915 2458 ἐκεῖ
941 2407 1047 2478 ὕψη
1087 2409 1187 2460 οὐκ
1233 2409 1508 2480 ἀλλότρια,
1540 2410 1660 2464 ἀλλ”
1695 2412 1776 2464 01-

199 2497 353 2547 κεῖα·
388 2494 486 2560 διὸ,
532 2496 656 2548 Ἐπὶ
684 2497 757 2550 τὰ
790 2497 917 2566 ὕψη
944 2516 1084 2566 μου,
1119 2500 1302 2572 φησὶν,
1324 2500 1507 2555 ἱστῶν
1534 2519 1630 2572 με.

266 2584 578 2640 Διδάσκων
625 2587 825 2656 χεῖράς
871 2607 992 2658 μου
1037 2593 1124 2656 εὶς
1167 2593 1453 2662 πόλεμον,
1495 2593 1594 2647 καὶ
1633 2594 1776 2649 ἔθου

196 2679 379 2742 τόξον
401 2679 672 2747 χαλκοῦν
697 2680 838 2745 τοὺς
858 2682 1194 2751 βραχίονας
1218 2702 1337 2753 μου
1359 2725 1372 2738 .
1403 2684 1512 2739 Καὶ
1549 2684 1776 2752 ἔδωκάς

189 2790 289 2842 μοι
309 2771 776 2842 ὑπερασπισμὸν
793 2775 1106 2841 σωτηρίας,
1132 2775 1228 2828 καὶ
1252 2776 1288 2844 ἡ
1318 2775 1485 2842 δεξιὰ
1506 2791 1620 2831 σου
1639 2777 1703 2832 ὰτ
1717 2796 1778 2832 τ-

192 2865 440 2919 ελάϐετό
481 2883 620 2934 μου.
679 2865 822 2936 Πρὸς
873 2865 1080 2929 τούτοις
1125 2867 1326 2921 ἅπασιν
1363 2870 1776 2942 ὑπερασπισμὸν

195 2959 471 3031 σωτηρίας
509 2976 597 3030 μοι
630 2959 886 3024 δέδωκας,
914 2959 1003 3011 τὸν
1032 2958 1122 3012 σὸν
1163 2960 1289 3013 Υἱὸν
1317 2962 1681 3033 καταπέμψας
1707 2965 1774 3034 τῇ

195 3051 301 3122 ίδίᾳ
339 3049 532 3104 ἀσπίδι
585 3049 724 3120 ὑπὲρ
763 3049 896 3120 ἐμοῦ
929 3051 1328 3121 μαχησόμενον.
1375 3052 1641 3123 Ἀκριϐῶς
1667 3052 1776 3126 γὰρ

1890 581 2015 652 quis
2044 598 2174 637 vero
2205 599 2302 654 per
2325 585 2498 640 otium
2527 589 2863 658 propositum
2892 600 3267 659 argumentum
3289 609 3451 650 excu-

1888 675 2005 736 tiat.
2029 675 2094 729 ad
2118 685 2338 735 sanctos
2365 678 2458 734 Dei
2488 680 2636 736 viros
2675 697 2980 738 sermonem
3027 693 3272 755 spectare
3297 701 3452 742 com-

1888 767 2080 836 periet,
2114 771 2206 840 qui
2241 780 2523 842 serpentes
2553 789 2744 830 omnes
2782 784 3150 847 venenataque
3199 778 3453 835 animalia

1887 858 1955 914 de
1985 860 2164 930 medio
2195 864 2410 918 tollunt.
2434 864 2566 919 Nam
2620 867 2746 922 talis
2789 876 2874 923 est
2908 884 3194 924 cervorum
3234 877 3452 936 natura,

1888 962 1947 1007 ut
1977 963 2261 1026 serpentes
2301 973 2572 1029 omneque
2608 968 2999 1016 venenatorum
3039 975 3210 1032 genus
3245 963 3453 1019 interﬁ-

1885 1049 2052 1103 ciant.
2098 1050 2413 1106 Montanum
2446 1053 2574 1108 item
2618 1053 2820 1106 animal
2853 1061 2936 1108 est
2962 1068 3026 1108 ac
3055 1068 3222 1110 cursu
3249 1057 3404 1111 velox
3431 1073 3448 1109 :

1884 1142 2072 1212 quales
2102 1151 2230 1199 sunt
2263 1160 2480 1215 quoque
2525 1145 2699 1200 sancti
2741 1144 2858 1213 Dei,
2886 1145 2979 1216 qui
3017 1161 3252 1215 superna
3327 1165 3449 1220 spe—

1890 1248 2061 1303 ctant,
2081 1253 2188 1292 non
2217 1245 2455 1301 terrena,
2485 1238 2740 1293 sublimia
2764 1255 2892 1295 vero
2936 1240 3259 1311 qumritaut;
3291 1240 3455 1312 idque

1883 1344 1950 1382 ex
1984 1344 2093 1383 uno
2126 1329 2278 1400 regni
2313 1330 2556 1386 caelestis
2587 1345 2794 1386 amore.
2826 1330 2956 1384 Eam
3006 1332 3090 1388 sui
3123 1333 3296 1401 ipsius
3326 1349 3453 1388 cum

1884 1420 2090 1475 sanctis
2127 1420 2541 1475 similitudinem
2567 1419 2672 1475 sibi
2707 1418 2898 1483 David,
2922 1420 3098 1490 gratia
3134 1420 3228 1474 Dei
3256 1421 3452 1487 fultus,

1882 1509 2132 1574 ascribit,
2167 1510 2298 1565 dum
2322 1509 2436 1567 haec
2462 1509 2764 1579 subiungit,
2793 1517 2843 1563 et
2888 1525 3044 1578 super
3082 1510 3290 1563 excelsa
3338 1525 3455 1565 mea

1883 1611 2120 1655 statuens
2154 1618 2254 1656 me.
2282 1601 2400 1657 Etsi
2442 1616 2680 1671 namque
2712 1600 2805 1655 alii
2837 1601 2969 1664 sint,
3019 1600 3114 1670 qui
3142 1617 3243 1656 nos
3275 1601 3329 1655 in
3359 1616 3455 1656 ne—

1883 1693 2070 1764 quitia:
2112 1693 2283 1748 valles
2315 1693 2606 1747 detrahere
2655 1708 2720 1746 ac
2760 1687 3031 1747 abducere
3073 1698 3357 1761 satagant;
3397 1697 3454 1745 at

1885 1784 2030 1839 Deus
2069 1789 2278 1847 noster,
2314 1800 2413 1838 ceu
2452 1785 2673 1853 quidam
2732 1784 3092 1838 certaminum
3140 1782 3451 1853 praefectus,

1884 1891 2009 1930 cum
2037 1891 2138 1931 nos
2177 1875 2420 1930 instituit
2453 1881 2512 1928 ut
2541 1874 2670 1928 boni
2702 1889 2958 1929 cursores
3000 1874 3195 1938 simus,
3218 1875 3285 1929 ad
3315 1888 3452 1928 con-

1882 1965 2132 2036 gruentia
2176 1963 2337 2019 nubis
2380 1965 2593 2018 excelsa
2638 1963 2922 2018 concitat:
2956 1964 3190 2033 idipsum
3229 1970 3456 2035 praestat

1881 2057 2003 2127 ejus
2029 2057 2228 2128 gratia.
2261 2056 2450 2126 Neque
2476 2057 2622 2111 enim
2670 2056 2871 2112 virtute
2910 2064 3098 2112 nostra
3134 2057 3190 2112 in
3219 2057 3455 2113 excelsis

1881 2151 2088 2208 nostris
2140 2149 2530 2205 constituimur
2561 2168 2575 2204 :
2607 2149 2845 2204 hominis
2911 2149 3110 2220 quippe
3153 2150 3346 2204 anima:
3383 2164 3452 2205 ex

1880 2250 2075 2296 natura
2106 2257 2204 2297 sua
2241 2241 2464 2296 cmleste
2495 2241 2836 2296 domicilium
2871 2250 2955 2296 est
2990 2261 3002 2294 :
3033 2249 3196 2311 atque
3231 2231 3481 2298 excelsa

1880 2336 1994 2400 illa,
2024 2349 2134 2388 non
2159 2334 2357 2399 aliena,
2384 2332 2478 2388 sed
2511 2335 2730 2404 propria
2764 2334 2868 2403 ipsi
2910 2341 3066 2400 sunt;
3095 2334 3448 2404 quamobrem

1878 2427 1954 2481 ait
1989 2446 2001 2481 :
2045 2424 2215 2494 Super
2243 2424 2454 2480 excelsa
2480 2441 2594 2479 utea
2625 2433 2862 2480 statuens
2896 2441 3005 2480 me.

1947 2605 2116 2662 Vens.
2142 2607 2233 2672 55,
2264 2603 2351 2660 56.
2373 2605 2478 2672 Qui
2505 2602 2650 2658 docet
2688 2619 2875 2656 manus
2907 2617 3050 2656 meas
3079 2599 3148 2654 ad
3177 2599 3446 2670 prwlium,

1877 2709 1926 2755 et
1949 2699 2174 2770 posuisti
2203 2706 2260 2751 ut
2286 2713 2469 2751 arcum
2494 2711 2687 2750 aereum
2730 2694 2949 2748 brachia
2981 2710 3119 2749 mea.
3150 2692 3220 2747 Et
3249 2693 3444 2748 dedisti

1877 2793 2006 2847 mihi
2031 2791 2402 2862 protectionem
2430 2788 2644 2850 salutis,
2665 2796 2714 2841 et
2737 2785 2954 2840 dextera
2977 2796 3068 2838 tua
3091 2787 3318 2855 suscepit
3341 2800 3444 2840 me.

1877 2885 1959 2938 Ad
1982 2883 2097 2937 haec
2145 2889 2294 2937 certe
2341 2879 2523 2934 omnia
2559 2878 2955 2948 protectionem
2990 2875 3185 2934 salutis
3216 2876 3448 2947 largitus

1877 2976 2010 3033 mihi
2040 2991 2120 3038 es.
2143 2989 2266 3030 cum
2285 2971 2480 3025 Filium
2505 2977 2660 3023 tuum
2690 2968 2886 3024 misisti
2922 2967 3144 3037 proprio
3169 2981 3296 3022 cum
3318 2981 3452 3021 sou-

1878 3077 1936 3124 to
1958 3084 2056 3139 pro
2086 3067 2261 3123 salute
2301 3079 2421 3120 mea
2470 3070 2860 3134 pugnaturum.
2917 3061 3188 3117 Accurate
3239 3059 3441 3116 etenim

192 3145 509 3215 ἐπιστήσεις
532 3141 586 3194 τί
617 3141 743 3196 ποτέ
760 3144 876 3223 ἐστι
895 3143 955 3195 τὸ
981 3142 1067 3196 διὰ
1097 3143 1277 3214 πάσης
1307 3145 1529 3216 Γραφῆς
1560 3163 1771 3216 προφη-

1879 3163 2062 3217 animo
2119 3157 2426 3231 perpendas
2460 3156 2642 3220 velim,
2693 3154 2962 3225 quodnam
3016 3153 3150 3208 illud
3207 3151 3449 3208 salutare

190 3236 482 3305 τευόμενον
513 3235 777 3306 σωτήριον
799 3233 892 3286 τοῦ
921 3233 1054 3287 Θεοῦ
1087 3234 1214 3304 περὶ
1244 3229 1305 3288 οὗ
1337 3236 1430 3288 καὶ
1465 3235 1686 3306 Συμεὼν
1711 3239 1769 3292 ἐν

190 3329 266 3400 τῷ
298 3326 622 3398 Εὑαγγελίῳ
659 3326 869 3396 ἔλεγεν
918 3327 1041 3381 Νῦν
1088 3328 1373 3394 ἀπολύεις
1401 3328 1507 3381 τὸν
1549 3328 1771 3385 δοῦλόν

192 3436 327 3485 σου,
360 3419 660 3485 Δέσποτα,
694 3417 842 3472 κατὰ
877 3417 944 3471 τὸ
965 3417 1130 3487 ῥῆμά
1162 3436 1277 3474 σου
1309 3420 1378 3473 ἐν
1404 3419 1645 3489 εἰρήνη
1679 3420 1768 3475 ὅτι

188 3505 350 3562 εἶδον
371 3510 434 3562 οἱ
457 3507 750 3576 ὀφθαλμοί
774 3525 892 3576 μου
924 3506 986 3558 τὸ
1019 3507 1313 3574 σωτήριόν
1345 3524 1567 3564 σου.-
1587 3509 1694 3562 Καὶ
1734 3510 1767 3576 ἡ

189 3599 353 3664 δεξιά
398 3613 523 3652 σου
569 3597 924 3652 ἀντελάϐετό
957 3615 1096 3666 μου.
1140 3599 1292 3669 Τάχα
1334 3599 1481 3664 δεξιά
1505 3599 1599 3653 τοῦ
1633 3600 1766 3653 Θεοῦ

188 3682 326 3740 εἶναι
375 3685 602 3740 δύναται
632 3687 690 3738 ἐν
817 3687 1113 3756 ἐστερέωσε
1148 3688 1236 3740 τὸν
1265 3689 1510 3760 οὐρανὸν,
1551 3707 1769 3760 μονογε-

189 3781 285 3852 νὴς
314 3780 508 3849 Λόγος.

259 3873 369 3927 Καὶ
385 3876 420 3942 ὴ
443 3872 685 3926 παιδεία
703 3886 817 3926 σου
847 3870 1162 3940 ἀνώρθωσέ
1183 3890 1258 3941 με
1278 3875 1364 3940 εὶς
1393 3873 1586 3939 τέλος,
1610 3877 1707 3929 καὶ
1729 3879 1767 3945 ἡ

194 3965 422 4020 παιδεία
507 3980 625 4019 σου
653 3953 668 3968 κ
698 3965 849 4032 αὐτή
913 3982 990 4034 με
1047 3964 1292 4030 διδάξει.
1366 3966 1657 4038 Σύμμαχος
1711 3970 1767 4022 δὲ

196 4055 444 4122 ἐξέδωκεο
483 4057 597 4112 Καὶ
641 4055 707 4110 τὸ
743 4058 1068 4112 ὑπακούειν
1098 4075 1178 4126 με
1209 4058 1463 4124 αὐξήσει
1487 4076 1582 4128 με.
1623 4060 1679 4113 '0
1711 4062 1767 4114 δέ

209 4150 446 4216 Ἀκύλας
499 4152 612 4206 Kal
663 4153 997 4220 πραότητός
1047 4167 1164 4206 σου
1218 4152 1526 4222 ἐπλήθυνέ
1557 4171 1634 4222 με
1667 4152 1764 4223 (Ι).

207 4243 578 4311 Ἐπλάτυνας
624 4246 696 4299 τὰ
747 4245 1076 4313 διαδήματα
1133 4246 1584 4315 μωνὺποκὰτω
1623 4265 1761 4316 μου.

196 4336 270 4388 Τά
287 4337 620 4410 διαδήματα,
654 4338 774 4391 καθ’
809 4338 844 4392 ἃ.
874 4341 938 4392 ἐκ
967 4338 1163 4402 κακίας
1197 4341 1276 4401 εἰς
1320 4339 1540 4410 ἀρετὴν,
1580 4341 1672 4392 καὶ
1705 4340 1765 4404 ἐξ

194 4431 451 4504 αἰσθητῶν
497 4435 598 4487 ἐπὶ
644 4433 830 4505 νοητὰ,
864 4435 957 4487 καὶ
1004 4435 1111 4487 ἀπὸ
1137 4433 1229 4488 τοῦ
1263 4435 1528 4508 παρόντος
1565 4439 1644 4499 εἰς
1671 4436 1763 4490 τὸν

1873 3251 1968 3308 Dei
2003 3251 2094 3314 sit,
2121 3251 2177 3303 in
2207 3248 2376 3303 totius
2417 3244 2713 3316 Scriptura;
2752 3242 3024 3298 vaticiniis
3071 3239 3446 3312 praedicatum,

1871 3345 1938 3400 de
1969 3358 2078 3414 quo
2101 3341 2320 3396 Simeon
2341 3340 2397 3393 in
2431 3337 2728 3408 Evangelia
2749 3334 2826 3389 ait
2850 3352 2865 3390 :
2892 3333 3050 3387 Nunc
3076 3331 3309 3386 dimittis
3321 3346 3459 3401 .ser-_

1870 3453 1987 3492 vum
2015 3446 2182 3499 tuum,
2215 3433 2456 3497 Domine,
2481 3429 2767 3486 secundum
2795 3426 3004 3482 verbum
3027 3434 3173 3479 tuum
3199 3425 3257 3478 in
3282 3436 3446 3494 pace:

1868 3527 1992 3597 quia
2014 3524 2252 3579 viderunt
2277 3523 2417 3577 oculi
2452 3522 2555 3576 mei
2583 3520 2819 3575 salutare
2844 3528 2990 3571 tuum
3015 3518 3091 3570 ⁷⁸.
3110 3546 3183 3556 —
3211 3513 3282 3569 Et
3315 3513 3447 3569 dex-

1871 3630 1982 3672 tera
2004 3628 2097 3673 tua
2127 3616 2355 3685 suscepit
2386 3629 2487 3667 me.
2523 3613 2756 3668 Dextera
2793 3608 2887 3664 Dei
2908 3625 2971 3664 ea
2997 3607 3234 3664 fortasse
3256 3606 3462 3673 fuerit”

1867 3726 1976 3781 qua
2027 3709 2262 3764 ﬁrmavit
2289 3707 2515 3771 coelum,
2542 3704 2753 3760 scilicet
2803 3702 3146 3772 unigenitum
3175 3698 3446 3755 Verbum.

1938 3880 2106 3936 Vens.
2139 3879 2229 3933 37.
2273 3877 2341 3932 Et
2370 3877 2651 3948 disciplina
2695 3886 2786 3930 tua
2810 3875 3038 3930 correxit
3064 3891 3144 3929 me
3175 3875 3231 3929 in
3265 3874 3444 3944 ﬂuent,

1867 3981 1915 4025 et
1943 3970 2228 4040 disciplina
2261 3980 2354 4022 tua
2380 3969 2495 4035 ipsa
2521 3985 2602 4022 me
2624 3965 2846 4022 docebit.
2871 3963 3232 4036 Symmachus
3251 3963 3445 4029 edidit,

1867 4075 1914 4120 et
1943 4063 2082 4135 quod
2127 4062 2378 4118 exaudiat
2423 4079 2504 4116 me
2537 4077 2834 4116 accrescere
2885 4076 2968 4114 me
3023 4057 3446 4130 faciet;.,Aquila

1866 4174 2018 4221 vero,
2051 4165 2099 4211 et
2140 4153 2542 4210 mansuetudine
2570 4165 2662 4209 tua
2697 4154 2912 4224 replevit
2954 4169 3056 4207 me.
3087 4182 3157 4192 ——
3189 4149 3446 4205 Dilatasti

1865 4267 2075 4322 gressus
2124 4266 2264 4304 meos
2294 4247 2479 4302 subtus
2508 4263 2607 4302 me.
2652 4244 3147 4309 Greseus-scilicet,
3188 4242 3344 4315 queis
3373 4256 3442 4296 ex

1866 4341 2107 4412 nequitia
2133 4341 2198 4395 ad
2229 4340 2512 4403 virtutem,
2553 4355 2619 4396 ex
2650 4338 3007 4394 sensibilibus
3035 4336 3103 4392 ad
3126 4335 3445 4407 intelligibi-

1866 4433 1960 4498 lia,
1983 4448 2014 4486 a
2038 4431 2294 4502 praesenti
2325 4430 2392 4485 ad
2423 4429 2667 4484 futurum
2699 4429 2959 4484 saeculum
2991 4426 3342 4497 transmigro,
3367 4424 3445 4480 di-

198 4523 442 4591 μέλλοντα
467 4527 648 4580 αἰῶνα
681 4526 961 4590 διαϐαίνω,
1001 4527 1300 4592 ἐπλάτυνας
1347 4528 1604 4581 ὑποκάτω
1634 4546 1765 4599 μου·

1877 4525 2055 4580 latasti
2087 4524 2281 4580 subtus
2312 4538 2398 4578 me
2431 4541 2445 4577 :
2475 4522 2566 4592 qui
2591 4521 2724 4576 mihi
2762 4521 2829 4575 ab
2850 4519 3008 4575 initio
3039 4518 3446 4588 angustietar-

193 4617 301 4668 κατ’
347 4619 516 4691 ἀρχάς
581 4617 690 4689 γάρ
737 4619 895 4671 στενά
933 4620 1025 4673 καὶ
1076 4620 1308 4674 ἐπίπονα
1356 4621 1652 4691 φαινόμενα
1684 4620 1762 4692 τῷ

195 4708 286 4781 τὴν
341 4713 708 4784 τεθλιμμένην
755 4711 959 4765 ὁδεύειν
988 4712 1136 4766 ὁδόνο
1177 4713 1432 4784 ὑπεράνω
1473 4714 1654 4767 αὐτῶν
1694 4718 1758 4786 τῇ

201 4809 434 4877 προκοπῇ
477 4805 865 4876 γεγενημένος,
918 4805 1285 4859 πλατυνθέντα
1335 4805 1475 4860 αὐτὰ
1530 4807 1758 4860 ἐθεασά-

206 4911 322 4966 μην.
365 4901 420 4951 ’0
449 4901 553 4972 γὰρ
599 4897 860 4969 ἀνωτέρω
890 4898 997 4952 τῶν
1047 4899 1338 4970 προκοπῶν
1377 4899 1758 4970 γεγενημένος,

201 4986 272 5056 τῷ
299 4991 384 5043 ἐπὶ
413 4993 556 5057 τέλος
584 4991 901 5060 ἐφθακέναι,
936 4992 1119 5045 οὐκέτι
1167 4991 1412 5045 αἴσθεται
1450 4993 1549 5064 τῆς
1583 4994 1760 5046 στενό-

203 5092 368 5146 τητος,
411 5085 514 5138 τῶν
551 5083 730 5139 πόνων
764 5086 856 5138 καὶ
884 5084 1120 5157 ἱδρώτων
1157 5085 1266 5138 τῶν
1297 5085 1390 5138 ἐπὶ
1419 5088 1535 5149 ταῖς
1561 5103 1761 5157 προκο-

206 5171 339 5234 παῖς,
357 5175 411 5225 ἐν
438 5175 745 5246 εὐρυχωρίᾳ
771 5177 1154 5246 γεγενημένος.
1181 5175 1292 5230 Καὶ
1320 5177 1430 5229 οὐκ
1457 5174 1760 5244 ἠσθένησε

205 5259 271 5312 τὰ
297 5261 430 5341 ζχνη
481 5286 614 5336 μου.
679 5268 743 5320 Εἰ
789 5268 1050 5338 διηνεκῶς
1099 5271 1156 5322 ἐν
1187 5269 1264 5340 τῷ
1299 5272 1479 5323 πονεῖν
1523 5270 1755 5335 ἐτέλουν,

207 5349 302 5403 κᾶν
323 5354 575 5430 ἠσθένησε
600 5359 673 5413 τὰ
706 5361 981 5431 ἵχνη.μου,
1017 5362 1260 5414 τουτέστι
1293 5361 1387 5415 τοῦ
1413 5362 1519 5416 ἔσω
1547 5363 1757 5436 ἀνθρω-

210 5457 302 5494 mu
348 5447 414 5500 τά
459 5451 616 5524 σκέλη
639 5471 653 5483 ·
691 5451 880 5523 ἐπειδὴ
931 5453 1066 5524 μετὰ
1090 5453 1214 5517 τοὺς
1247 5455 1386 5526 ὑπὲρ
1423 5456 1624 5526 ἀρετῆς
1657 5473 1758 5509 κα-

275 5599 319 5630 τ’
341 5599 463 5657 Luc.
494 5623 552 5672 ιι,
582 5608 670 5674 29,
701 5609 792 5664 50.

1868 4617 1960 4671 dui
1993 4616 2094 4672 visi
2125 4622 2276 4677 sunt,
2299 4615 2443 4685 quod
2471 4615 2526 4668 in
2569 4622 2718 4668 arcta
2764 4611 3074 4668 incederem
3099 4611 3218 4677 via;
3257 4607 3351 4664 sed
3385 4609 3440 4662 in

1868 4724 2161 4780 progressu
2189 4708 2443 4778 superior
2480 4706 2590 4760 illis
2627 4704 2876 4768 effectus,
2903 4703 3160 4757 dilatatos
3193 4701 3444 4770 animad-

1867 4800 2028 4856 verti.
2066 4798 2200 4853 Nam
2224 4799 2316 4868 qui
2341 4797 2490 4852 omni
2531 4797 2776 4866 profectu
2812 4795 3064 4868 superior
3085 4796 3280 4861 evasit,
3304 4804 3360 4850 et
3387 4794 3444 4850 ﬁ-

1869 4909 1992 4948 nem
2022 4891 2224 4962 attigit,
2255 4892 2309 4945 in
2348 4891 2460 4944 lato
2489 4890 2668 4960 spatio
2697 4888 2987 4956 deductus,
3021 4889 3328 4960 angustiam
3370 4889 3439 4943 il-

1868 4986 1999 5049 lam,
2039 4984 2274 5046 labores,
2308 4981 2560 5045 sudores.
2601 4997 2739 5052 quos
2771 4982 2828 5037 in
2881 4981 3128 5053 profectu
3184 4989 3440 5052 expertus

1867 5084 2005 5140 erat,
2041 5093 2150 5132 non
2181 5076 2322 5130 ultra
2350 5075 2538 5132 sentit.
2574 5073 2641 5128 Et
2670 5095 2774 5130 non
2820 5086 2944 5132 sunt
2983 5078 3255 5147 inﬁrmata
3283 5078 3440 5133 vesti.-

1866 5171 1956 5241 gia
1985 5186 2119 5226 mea.
2146 5168 2260 5225 Etsi
2294 5170 2350 5223 in
2381 5169 2642 5224 diuturno
2681 5169 2868 5225 labore
2910 5175 3181 5234 versatus,
3210 5169 3440 5240 vestigia

1868 5280 2010 5329 mea,
2034 5264 2087 5319 id
2110 5271 2211 5331 est,
2256 5278 2417 5319 crura
2454 5263 2734 5320 interioris
2764 5262 3022 5327 hominis,
3050 5262 3322 5317 inﬁrmata
3349 5277 3439 5316 es-

1868 5368 2021 5429 sent;
2049 5362 2178 5432 quia
2215 5368 2397 5415 tamcn
2447 5361 2663 5416 labores
2689 5359 2905 5416 virtutis
2933 5375 3105 5416 causa
3149 5367 3437 5427 susceptos

1865 5455 2021 5526 quies
2040 5454 2262 5525 excipit,
2309 5469 2421 5509 non
2475 5453 2849 5520 inﬁrmantur,
2897 5452 2992 5508 sed
3043 5449 3437 5506 conﬁrmantur

387 5759 440 5848 Ψ
469 5761 726 5848 "eum
769 5767 1063 5840 exempla“
1111 5765 1506 5840 “Simiuﬂn
1547 5775 1757 5848 ΊΠῚΞὩἹ,
1789 5767 1932 5838 quod
1959 5777 2043 5824 (ει
2089 5775 2145 5824 ιιι
2187 5769 2353 5839 probe
2409 5765 2794 5838 Hieronymus,
2821 5763 2890 5820 Et
2937 5759 3279 5819 mansuetudo
3339 5769 3433 5820 tua

219 5826 553 5900 mahiplicamt
588 5853 682 5891 me.
