4010 6546
522 359 629 423 183

1174 363 1443 423 EUSEBII
1480 365 1958 425 CAESARIENSIS
1996 370 2145 426 OPP.
2193 369 2371 427 PARS
2435 369 2519 429 111.
2552 402 2618 415 -
2662 370 3069 430 EXEGETICA.

3682 369 3809 426 188

521 477 753 550 vestigia
789 492 932 545 mea,
964 479 1038 535 ita
1089 486 1150 534 ut
1183 481 1367 537 dicere
1414 483 1581 540 liceat
1617 503 1630 539 :
1669 483 1736 538 Et
1772 486 2011 540 statuisti
2042 488 2093 541 in

2202 490 2405 560 μάτους
2443 492 2729 546 ἀνάπαυλα
2749 492 3068 564 διαδέχεται,
3096 488 3195 545 οὐκ
3222 489 3460 553 ἀσθενεῖ,
3483 489 3595 543 ἀλλ’
3630 493 3807 561 ίσχυ-
3860 566 3863 567 ν

521 571 638 625 loco
683 572 914 639 spatioso
952 570 1104 639 pedes
1150 573 1376 626 meos".
1412 570 1527 629 lmo
1584 590 1713 630 vero
1761 576 1857 647 qui
1910 574 2093 633 Jesum

521 662 793 733 sequitur,
830 664 1070 733 vestigiis
1102 664 1224 733 ejus
1264 664 1471 721 insistit
1503 683 1517 721 :
1548 668 1807 737 quoniam
1867 669 1921 723 in
1952 670 2039 723 via
2064 686 2095 724 a

517 751 647 809 Jesu
669 754 887 810 Christo
907 756 1035 808 trita
1069 762 1124 811 et
1155 755 1498 827 frequentata
1534 760 1901 831 progreditur,
1939 762 2095 816 ﬁrma

518 845 784 916 imprimit
821 846 1069 917 vestigia,
1105 846 1179 901 ita
1214 856 1273 903 ut
1292 850 1375 905 vel
1412 850 1531 921 ipso
1547 867 1710 921 opere
1734 852 1847 907 hac
1882 850 2092 906 vocife-

516 944 669 992 retur
700 955 713 992 :
745 937 803 991 In
834 942 1087 1012 angustia
1110 957 1480 998 aerumnarum
1532 962 1635 999 non
1666 954 1787 999 sunt
1818 945 2093 1015 inﬁrmata

515 1030 730 1098 vestigia
761 1047 897 1085 mea.

586 1120 751 1178 Vens.
781 1124 868 1179 58.
904 1124 1203 1201 Persequar
1234 1131 1472 1185 inimicos
1504 1148 1645 1186 meos
1670 1141 1719 1187 et
1754 1137 2091 1204 comprehen-

514 1214 639 1269 dant
677 1217 819 1281 illos,
842 1229 1019 1275 etnon
1050 1234 1323 1277 convertar
1342 1223 1503 1276 donec
1540 1222 1809 1293 deﬁciant.
1842 1224 2091 1298 Confrin-

512 1323 635 1375 gam
670 1308 813 1372 illos,
846 1326 938 1364 nec
985 1321 1229 1378 poterunt
1275 1324 1440 1378 stare,
1484 1315 1670 1368 cadent
1724 1316 1902 1371 subtus
1936 1320 2091 1387 pedes

515 1413 677 1453 meos.
717 1398 862 1465 Quot
904 1412 1249 1474 quantosque
1302 1405 1577 1471 inimicos,
1612 1408 1918 1477 opitulante
1955 1410 2089 1475 Deo,

515 1492 823 1559 superavit!
858 1491 924 1545 Et
958 1493 1061 1549 hoc
1098 1495 1255 1560 mihi,
1305 1496 1504 1565 inquit,
1545 1497 1671 1552 boni
1730 1514 1825 1568 per
1858 1499 2091 1570 gratiam

512 1596 663 1637 tuam
696 1599 1019 1641 concessum
1048 1594 1153 1651 est,
1187 1597 1245 1642 ut
1274 1588 1440 1658 pedes
1468 1589 1571 1644 mei
1610 1605 1719 1643 non
1744 1599 2093 1646 coarctaren-

512 1683 624 1739 tur,
654 1690 829 1746 neque
858 1677 1070 1733 retibus
1102 1678 1571 1745 inimicorum,vel
1607 1680 1949 1737 oﬂ'endiculis
1971 1698 2093 1752 quze

511 1768 827 1836 ohjecerant
856 1770 1229 1842 interciperer.
1260 1772 1357 1828 His
1377 1774 1576 1850 quippe
1606 1775 1861 1830 omnibus
1890 1791 1986 1846 per
2015 1784 2089 1841 te,

2203 585 2499 652 ροποιεῖται
2528 583 2595 637 τά
2616 574 2747 655 ἴχνη
2784 601 2907 654 μου,
2933 583 3063 637 ὥστ’
3098 582 3163 636 ἂν
3197 583 3403 635 είπεῖν“
3449 582 3555 636 Καὶ
3598 581 3801 648 ἕστη-

2198 688 2316 740 σας
2357 676 2425 728 ἐν
2472 674 2786 751 εὐρυχώρῳ
2845 676 2985 742 τοὺς
3025 674 3213 740 πόδας
3245 692 3382 744 μου.
3431 672 3589 727 Ἀλλά
3622 673 3726 726 καί⁵
3764 676 3803 727 ὁ

2211 763 2383 833 Ἰησοῦ
2417 763 2677 833 ἑπόμενος
2722 762 3075 816 ἐπακολουθεῖ
3104 764 3216 825 τοῖς
3254 761 3454 831 ἴχνεσιν
3488 758 3651 812 αὑτοῦ
3672 774 3685 786 ·
3724 758 3799 823 ἐξ

2196 854 2360 909 αὐτοῦ
2406 854 2499 907 τοῦ
2550 858 2740 908 πατεῖν
2772 857 2869 925 τὴν
2900 852 3265 927 τετριμμένην
3306 851 3410 904 ὑπὸ
3449 847 3623 920 Ἰησοῦ
3661 846 3799 901 ὁδδν

2198 949 2393 1019 ίσχυρά
2413 950 2605 1001 κτᾶται
2625 949 2692 1002 τά
2714 949 2821 1002 ίδια
2844 949 2984 1019 ἴχνη,
3001 947 3076 1010 ὡς
3103 945 3247 1018 ἔργῳ
3268 944 3457 1014 φάναι·
3472 945 3594 997 Οὐκ
3605 942 3806 1010 ἠσθέ-

2194 1037 2435 1107 νησετά
2452 1039 2593 1111 ἴχνη
2608 1058 2723 1113 μου
2757 1043 2815 1094 ἐν
2843 1042 2907 1111 τῇ
2946 1037 3275 1110 στενοχωρίᾳ
3304 1036 3403 1107 τῆς
3452 1035 3704 1105 θλίψεως.

2263 1131 2616 1197 Καταδιώξω
2660 1132 2802 1199 τοὺς
2849 1132 3103 1202 ἐχθρούς
3128 1148 3248 1199 μου
3280 1130 3377 1182 καὶ
3426 1127 3792 1196 καταλήψεις

2189 1241 2297 1294 μαι
2354 1227 2597 1292 αὐτοὺς,
2628 1226 2723 1279 καί
2792 1226 2903 1278 οὐκ
2950 1220 3495 1291 ἀποστραφήσομαι
3543 1220 3657 1286 ἕως
3703 1219 3796 1273 ἂν·

2192 1312 2573 1371 ἐκλείπωσιν.
2621 1318 2924 1385 Ἐκθλίψω
2958 1314 3182 1381 αὐτοὺς
3222 1314 3321 1367 καὶ
3351 1314 3422 1367 οὐ
3442 1312 3527 1383 μὴ
3556 1312 3798 1367 δύνωνο

2194 1426 2285 1462 ται
2310 1406 2547 1477 στῆναι,
2569 1408 2900 1463 πεσοῦνται
2938 1406 3057 1460 ὑπὸ
3090 1406 3232 1472 τοὺς
3263 1405 3453 1472 πόδας
3489 1422 3626 1475 μου.
3668 1403 3791 1459 Καὶ

2192 1500 2332 1552 ὅσων
2372 1498 2581 1569 ἐχθρῶν
2628 1498 2722 1552 καὶ
2772 1498 3046 1567 πολεμίων
3080 1497 3400 1567 περιγέγονε
3442 1496 3530 1549 διά
3555 1498 3653 1568 τῆς
3683 1495 3785 1550 τοῦ

2193 1590 2328 1643 Θεοῦ
2364 1590 2649 1661 βοηθείαςῑ
2678 1590 2790 1643 Καὶ
2822 1588 2980 1641 τοῦτο
3023 1587 3079 1640 δέ
3113 1606 3222 1659 μοι,
3257 1589 3438 1658 φησὶν,
3475 1587 3625 1661 παρά
3679 1588 3789 1659 τῆς

2194 1683 2292 1753 σῆς
2329 1682 2548 1754 χάριτος
2571 1681 2800 1752 ὑπῆρξε,
2830 1681 2889 1733 τὸ
2919 1680 2993 1751 μὴ
3018 1680 3485 1751 στενοχωρηθῆναί
3516 1698 3617 1752 μου
3648 1682 3789 1745 τοὺς

2195 1775 2379 1840 πόδας,
2410 1775 2503 1827 καὶ
2552 1774 2613 1827 τὸ
2667 1774 2739 1845 μὴ
2791 1773 3027 1836 δικτύοις
3078 1773 3184 1825 τῶν
3233 1772 3461 1844 ἐχθρῶν,
3523 1774 3615 1826 καὶ
3666 1776 3789 1836 τοῖς

511 1854 654 1912 Deus
694 1873 869 1922 meus,
908 1861 1126 1925 amotis,
1169 1862 1395 1916 liberam
1441 1844 1768 1935 planamque
1799 1865 1932 1918 mihi
1963 1880 2087 1918 mu-

2199 1868 2510 1931 σκανδάλοις
2538 1870 2649 1930 τοῖς
2682 1867 2771 1920 ὑπ’
2803 1866 2979 1919 αὐτῶν
3019 1865 3293 1937 προϐεϐλη
3304 1866 3485 1936 μένοις
3541 1884 3789 1935 περιπα-

511 1947 662 2003 niisti
697 1949 859 2006 viam.
886 1949 1019 2007 Illud
1042 1960 1245 2017 autem,
1276 1952 1477 2008 Cadent
1509 1955 1692 2009 subtus
1729 1956 1882 2025 pedes
1924 1974 2084 2022 meos,

511 2055 752 2097 consona
784 2045 1102 2115 prophetico
1143 2046 1361 2115 spiritui
1417 2047 1868 2116 interpretatione
1913 2049 2088 2104 dona-

514 2134 621 2197 bis,
657 2135 703 2190 si
730 2138 1048 2192 memineris
1074 2139 1220 2192 illam
1254 2138 1559 2195 Salvatoris
1593 2141 1660 2195 ad
1692 2142 1972 2211 apostolos
2008 2142 2091 2197 fa-

515 2234 660 2278 ctam
702 2228 1141 2295 promissionem,
1176 2244 1283 2299 qua
1328 2230 1464 2283 dicit
1496 2230 1605 2284 illis
1639 2248 1651 2283 :
1692 2230 1825 2284 Ecce
1849 2232 1917 2286 do
1946 2232 2091 2287 vobis

512 2323 826 2384 potestatem
860 2317 1105 2371 calcandi
1130 2335 1293 2388 supra
1329 2334 1588 2390 serpentes
1618 2330 1665 2374 et
1693 2324 2017 2393 scorpiones,
2041 2332 2091 2377 et

511 2426 668 2478 super
693 2428 894 2465 onmem
924 2415 1165 2465 virtutem
1191 2413 1391 2465 inimici
1426 2414 1497 2468 ".

2195 1954 2371 2025 ρῆναι.
2408 1953 2593 2008 Ταῦτα
2624 1954 2729 2025 γὰρ
2766 1954 2941 2006 πάντα
2983 1953 3248 2025 περιελὼν
3300 1956 3362 2008 σὺ
3393 1955 3553 2018 αὐτὸς
3586 1957 3614 2007 ὁ
3644 1954 3791 2020 Θεός

2194 2064 2314 2117 μου,
2350 2046 2558 2118 ὁμαλὴν
2608 2046 2922 2117 κατηρτίσω
2973 2064 3073 2117 μου
3138 2048 3237 2118 τὴν
3284 2047 3533 2118 πορείαν.
3577 2048 3650 2101 Τὸ
3697 2048 3789 2113 δὲ,

2193 2137 2526 2191 Πεσοῦνται
2560 2138 2679 2191 ὑπὸ
2712 2138 2853 2203 τοὺς
2884 2140 3075 2205 πόδας
3105 2156 3246 2208 μου,
3284 2141 3498 2208 νοήσεις
3541 2140 3795 2207 ἐπαξίως

2192 2229 2285 2282 τοῦ
2337 2228 2674 2300 προφητικοῦ
2726 2228 3056 2299 πνεύματος,
3085 2230 3185 2299 τῆς
3216 2228 3310 2282 τοῦ
3340 2230 3591 2300 Σωτῆρος
3642 2230 3792 2301 πρὸς

2196 2320 2320 2384 τοὺς
2367 2320 2701 2383 ἀποστόλους
2748 2320 3079 2389 ἐπαγγελίας
3142 2320 3401 2392 μνησθεὶς
3434 2322 3499 2375 δι’
3536 2318 3603 2394 ἧς
3641 2320 3791 2393 πρὸς

2196 2412 2393 2475 αὐτοὺς
2425 2410 2609 2479 ἔλεγεν
2625 2428 2638 2440 ·
2676 2410 2829 2464 Ἰδοὺ
2852 2409 3059 2480 δίδωμι
3084 2411 3225 2481 ὑμῖν
3249 2412 3542 2476 ἐξουσίαν
3569 2412 3791 2468 πατεῖν

510 2500 709 2555 ἐπάνω
754 2503 947 2572 ὄφεων
986 2504 1083 2558 καί
1129 2507 1454 2573 σκορπίων,
1487 2502 1585 2559 καὶ
1615 2506 1715 2559 ἐπὶ
1748 2505 1954 2561 πᾶσαν
1985 2506 2243 2573 δύναμιν
2277 2503 2384 2557 τοῦ
2416 2505 2656 2573 ἐχθροῦ.

582 2593 747 2652 Vens.
775 2599 864 2652 40.
891 2597 957 2651 Et
979 2600 1309 2667 prazcinxisti
1334 2618 1412 2654 me
1444 2603 1634 2655 virtute
1656 2600 1723 2653 ad
1748 2600 1962 2666 bellum,
1994 2602 2094 2655 im.

510 2690 751 2758 pedivisti
786 2708 962 2745 omnes
998 2694 1326 2762 insurgentes
1375 2695 1429 2747 in
1477 2709 1579 2756 me,
1636 2692 1819 2747 subtus
1878 2708 1976 2745 me.
2010 2692 2093 2746 Me

512 2782 756 2850 quidem,
810 2784 908 2846 ait,
942 2782 1146 2838 virtute
1186 2799 1251 2837 ac
1294 2783 1613 2839 fortitudine
1656 2785 1951 2839 roborasti.
1988 2782 2091 2849 Qui

514 2874 768 2943 superius
792 2874 1028 2939 dixerat,
1066 2873 1208 2929 Deus
1240 2878 1332 2935 qui
1355 2876 1624 2945 prwcingil
1663 2891 1742 2929 me
1770 2875 1980 2937 virtute,
2006 2874 2094 2928 hic

516 2966 825 3021 absolutum
861 2981 998 3036 opus
1042 2982 1164 3022 esse
1202 2965 1410 3021 indicat
1442 2967 1526 3021 his
1558 2965 1760 3032 verbis,
1783 2974 1832 3019 et
1878 2965 2097 3035 ργασία-

516 3058 645 3111 sisti
680 3074 759 3111 me
787 3059 979 3112 virtute
1008 3057 1076 3110 ad
1122 3057 1338 3123 bellum,
1370 3067 1418 3112 et
1461 3058 1705 3111 inimicos
1736 3074 1875 3111 meos
1901 3057 2094 3113 dedisti
2120 3082 2163 3139 ο

514 3153 642 3208 milii
672 3152 961 3217 dorsum,ii
986 3153 1193 3207 scilicet
1220 3152 1537 3223 paenitentia
1570 3152 1721 3206 ducti
1749 3152 2092 3206 inimicitiam

516 3245 932 3315 deposuerunt;
964 3242 1058 3312 qui
1085 3256 1208 3296 cum
1244 3244 1361 3304 illa,
1393 3257 1517 3313 quae
1555 3257 1618 3296 ex
1650 3241 1853 3297 virtute
1892 3243 2090 3306 oritur,

519 3337 716 3392 ﬁducia
743 3346 993 3406 expertes
1017 3348 1222 3399 essent,
1249 3352 1277 3389 a
1310 3335 1474 3391 Patre
1502 3335 1557 3389 in
1594 3336 1818 3390 dorsum
1842 3334 1970 3391 Jesu
1996 3352 2095 3405 po-

518 3429 610 3483 siti
663 3428 932 3493 sunt;sic
992 3430 1137 3483 enim
1168 3439 1316 3483 retro
1366 3428 1675 3491 constituti,
1704 3428 1882 3498 ipsum
1938 3427 2093 3497 sequi

515 3522 797 3577 valebunt.
854 3520 1128 3577 Fortassis
1183 3531 1367 3577 autem
1423 3524 1537 3576 luce
1586 3520 1715 3574 dicti
1776 3520 2094 3589 hujusmodi

516 3614 787 3667 sententia
841 3612 1003 3668 fuerit
1030 3631 1043 3668 :
1074 3612 1169 3667 Vir
1197 3622 1457 3673 strenuus
1478 3623 1532 3669 et
1568 3616 1792 3685 probus,
1825 3615 1919 3684 qui
1951 3614 2091 3668 (idl-

515 3706 599 3759 cia
632 3720 760 3775 erga
800 3704 967 3762 Deum
995 3707 1295 3763 instructus
1318 3717 1421 3773 est,
1457 3708 1512 3762 in
1543 3717 1839 3778 conspectu
1877 3707 2091 3762 Domini

518 3798 769 3853 consistit
799 3817 811 3853 ε
850 3805 904 3852 at
926 3798 1209 3870 improbus
1246 3806 1552 3855 retrorsum
1581 3800 1801 3853 malitia:
1828 3814 1939 3854 suae
1960 3813 2093 3852 cau-

520 3905 578 3946 sa
607 3891 835 3961 cjectus,
863 3906 1004 3961 pone
1050 3889 1338 3946 Dominum
1368 3907 1397 3944 a
1432 3892 1597 3945 dorso
1627 3902 1879 3961 ponetur.
1907 3890 2091 3957 Quan-

520 3982 810 4051 doquidem
835 3982 979 4036 enim
1004 3982 1108 4039 ipsi
1138 3983 1395 4054 improbi,
1427 3985 1637 4052 priores
1671 3984 1748 4037 illi
1784 3991 1936 4053 terga
1967 3998 2092 4037 ver-

523 4078 657 4133 tere,
708 4085 819 4123 non
869 4070 1079 4124 vultum
1130 4088 1321 4139 suum;
1394 4072 1510 4141 ipse
1564 4088 1782 4142 quoque
1843 4071 2091 4126 homines

522 4168 828 4222 aversatus,
854 4175 885 4214 a
915 4172 1065 4230 tergo
1088 4160 1330 4216 habebit.
1359 4161 1515 4227 Quod
1548 4160 1596 4214 si
1634 4162 1820 4231 justus
1861 4161 2090 4231 quilibet

523 4253 638 4307 haec
659 4251 921 4322 proferat,
967 4252 1092 4321 jure
1139 4251 1313 4315 dicas,
1364 4252 1642 4322 improbas
1688 4260 2009 4324 potestates,
2044 4250 2092 4304 si

522 4340 738 4412 quidem
764 4340 817 4395 iu
849 4348 1202 4410 conspectum
1234 4342 1477 4405 veniant,
1508 4344 1782 4397 intuentes
1813 4356 1871 4395 se
1896 4339 1967 4394 ob
1990 4338 2088 4393 de-

2271 2600 2382 2653 Καὶ
2412 2596 2768 2667 περιέζωσάς
2792 2614 2869 2667 με
2898 2596 3155 2669 δύναμιν
3182 2601 3269 2666 είς
3298 2600 3583 2669 πόλεμον,
3636 2616 3792 2655 συνκ-

2196 2691 2482 2757 επόδισας
2534 2690 2765 2755 πάντας
2812 2692 2946 2758 τοὺς
2992 2690 3504 2761 ἐπανισταμένους
3540 2691 3633 2745 ἐπ’
3674 2690 3791 2760 by}

2197 2782 2473 2837 ὑποκάτω
2499 2802 2633 2852 μου.
2690 2785 2842 2855 Ἐμοὶ
2878 2784 2994 2855 μὲν,
3030 2786 3215 2854 φησιν,
3247 2784 3497 2855 ἀνδρείαν
3522 2784 3789 2856 ἐδωρήσω

2197 2876 2293 2928 καὶ
2344 2873 2551 2947 ῥώμην.
2594 2875 2774 2930 Εἰπὼν
2809 2877 3093 2947 ἀνωτέρω·
3134 2877 3195 2930 '0
3236 2876 3380 2943 Θεὸς
3424 2878 3455 2930 d
3515 2874 3789 2943 περιζων-

2198 2967 2359 3021 νύων
2381 2984 2458 3037 με
2486 2967 2762 3037 δύναμιν,
2796 2968 3028 3022 ἐνταῦθα
3058 2968 3151 3021 καὶ
3184 2967 3274 3021 τοῦ
3304 2968 3464 3038 ἔργου
3493 2968 3552 3020 τὸ
3582 2968 3787 3021 ἀποτέ-

2198 3055 2371 3127 λεσμα
2398 3056 2638 3111 διδάσκει
2666 3058 2837 3126 λέγων
2857 3075 2869 3087 ⁸
2900 3061 3009 3113 Καὶ
3043 3057 3397 3126 περιέζωσάς
3420 3074 3496 3127 με
3526 3057 3787 3122 δύναμιν

2193 3150 2280 3213 εἱς
2308 3149 2600 3218 πόλεμον
2650 3150 2746 3203 καὶ
2792 3150 2934 3216 τοὺς
2958 3151 3210 3219 ἐχθρούς
3250 3169 3369 3219 μου
3407 3150 3634 3215 ἔδωκάς
3674 3165 3783 3220 μοι

2194 3236 2412 3290 νῶτοιν
2444 3239 2494 3291 οἱ
2523 3240 2587 3292 ἐκ
2620 3242 2909 3309 μετανοίας
2932 3242 3055 3314 ἄρτι
3091 3242 3189 3311 τῆς
3223 3241 3419 3313 ἔχθρας
3444 3243 3783 3297 ἀπαλλαττό-

2198 3345 2369 3399 μενοι,
2396 3330 2483 3383 διά
2516 3331 2575 3383 τὸ
2611 3332 2835 3402 μηδέπω
2855 3334 2953 3403 τὴν
2975 3334 3059 3386 ἐπ’
3082 3335 3247 3405 ἀρετῇ
3276 3336 3588 3406 παρρησίαν
3610 3335 3777 3406 ἔχειν,

2194 3418 2401 3471 τεθεῖεν
2437 3419 2531 3472 τοῦ
2568 3420 2742 3491 Ἰησοῦ
2770 3420 2938 3482 νῶτος
2967 3422 3071 3475 ὑπὸ
3092 3423 3187 3475 τοῦ
3215 3424 3430 3494 Πατρός
3448 3440 3461 3454 ο
3497 3424 3637 3477 οὕτω
3669 3425 3780 3496 γὰρ

2195 3512 2288 3564 καὶ
2330 3510 2691 3582 ἀκολουθῆσαι
2724 3512 2871 3584 αὑτῷ
2915 3512 3090 3567 ὀπίσω
3126 3515 3405 3585 γενόμενοι
3440 3514 3774 3585 δυνήσονται.

2195 3603 2347 3673 Τάχα
2376 3603 2433 3655 δὲ
2469 3603 2561 3656 καὶ
2588 3604 2745 3657 τοῦτο
2778 3605 2967 3677 ῥηθείη
2989 3623 3001 3636 ⁸
3050 3606 3107 3658 '0
3136 3606 3443 3671 σπουδαῖος,
3464 3608 3778 3680 παρρησίαν

2194 3695 2326 3766 πρὸς
2354 3696 2443 3748 τὸν
2478 3696 2609 3749 Θεὸν
2644 3715 2809 3768 κεκτη
2821 3698 2997 3768 μένος,
3026 3697 3254 3751 ἐνώπιον
3280 3700 3487 3769 Κυρίου
3518 3701 3778 3772 παρίστα-

2191 3803 2311 3839 ται*
2340 3790 2368 3840 ὁ
2410 3786 2465 3840 δὲ
2513 3788 2734 3857 φαῦλος,
2762 3790 2936 3842 ὀπίσω
2967 3789 3361 3858 ἐκϐαλλόμενος
3406 3790 3496 3843 διὰ
3522 3790 3617 3861 τὴν
3644 3791 3777 3845 ἰδίαν

2192 3880 2413 3945 κακίαν,
2440 3880 2608 3944 νῶτος
2637 3882 2924 3953 τεθήσεται
2951 3882 3045 3935 τοῦ
3070 3881 3295 3953 Κυρίου.
3334 3884 3486 3937 Ἐπεὶ
3518 3886 3626 3956 γάρ
3647 3883 3778 3958 πρό-

2191 3986 2247 4021 τε
2260 3987 2338 4041 ροι
2370 3972 2521 4025 αὐτοὶ
2542 3974 2591 4024 οἱ
2618 3972 2810 4041 φαῦλοι
2839 3973 3105 4043 ἔστρεψαν
3137 3973 3273 4042 πρὸς
3308 3974 3469 4029 αὑτὸν
3494 3976 3656 4039 νῶτα,
3684 3977 3777 4031 καὶ

2192 4064 2311 4131 οὐχὶ
2344 4063 2608 4129 πρόσωπα
2633 4063 2832 4127 αὐτῶν,
2856 4065 2949 4116 καὶ
2967 4065 3148 4128 αὐτὸς,
3168 4066 3540 4139 ἀποστραφεὶς
3560 4068 3777 4134 αὐτοὺς,

2194 4153 2359 4215 νῶτος
2395 4153 2592 4216 αὐτοὺς
2640 4154 2725 4223 (1)
2779 4154 2909 4219 ἕξει.
2953 4155 3015 4207 Ei
3043 4154 3099 4206 δὲ
3129 4156 3221 4208 καὶ
3246 4159 3351 4220 πᾶς
3372 4158 3578 4223 δίκαιος
3606 4160 3779 4215 ταῦτα

2193 4244 2364 4311 λέγοι,
2402 4245 2567 4314 ἐρεῖς,
2605 4246 2685 4298 ὅτι
2732 4247 2785 4299 αί
2847 4244 3120 4317 μοχθηραὶ
3162 4248 3443 4320 δυνάμεις,
3495 4254 3574 4317 είς
3606 4254 3775 4323 πρόσο

2192 4352 2339 4387 ωπον
2359 4334 2668 4405 ἐρχόμεναι,
2708 4336 2999 4406 βλάπτουσι
3032 4339 3157 4403 τοὺς
3187 4341 3540 4411 ὁρῶνταςδιά
3580 4345 3778 4409 παντὸς

524 4434 852 4487 lormitatem
883 4430 1098 4493 lardcre,
1130 4431 1214 4485 siu
1264 4446 1292 4484 a
1322 4440 1475 4502 tergo
1524 4433 1916 4502 projiciautur,
1950 4430 2085 4484 nihil

2199 4426 2339 4489 ὗντες
2384 4426 2640 4497 εἰδεχθεῖς
2660 4446 2673 4459 ·
2704 4432 2785 4493 εἰς
2818 4429 2986 4483 νῶτον
3033 4432 3091 4484 δέ
3137 4434 3405 4504 ῥιφέντες,
3437 4437 3587 4490 οὐδὲν
3619 4437 3779 4510 δυνή-

524 4530 752 4595 possunt
776 4522 905 4575 mali
936 4519 1203 4576 adversus
1250 4522 1375 4575 illos
1424 4521 1749 4584 machinari,
1792 4520 2094 4576 secundum

522 4614 656 4669 Illud
699 4634 713 4670 :
760 4613 935 4683 Supra
992 4612 1211 4668 dorsum
1262 4630 1431 4666 meum
1488 4614 1881 4681 fabricaverunt
1914 4628 2098 4681 pecca-

524 4718 657 4762 tores
688 4709 753 4760 ⁷⁸.

590 4796 758 4855 Vens.
822 4800 1020 4855 47-49.
1088 4800 1223 4855 Vivit
1318 4799 1599 4859 Dominus,
1674 4806 1725 4851 et
1800 4795 2097 4850 benedictus

528 4889 664 4943 Deus
696 4906 859 4955 meus,
911 4904 960 4945 et
1009 4892 1275 4945 exaltetur
1324 4890 1463 4944 Deus
1516 4887 1707 4942 salutis
1753 4902 1900 4940 mew.
1947 4884 2088 4939 Deus

526 4981 612 5051 qui
653 4979 751 5035 das
787 4983 1047 5037 rindictas
1090 4983 1242 5047 mihi,
1275 4992 1324 5036 et
1364 4980 1545 5035 subdis
1592 4989 1813 5047 populos
1857 4976 1951 5031 sub
1984 4992 2087 5041 me,

525 5072 779 5126 liberator
811 5090 954 5128 meus
990 5075 1055 5127 de
1084 5073 1308 5127 inimicis
1341 5072 1467 5125 meis
1500 5069 1791 5123 iracundis.
1826 5068 2091 5136 Quamvis

527 5162 675 5217 enim
734 5179 855 5219 sese
898 5163 1267 5219 humiliaverit
1319 5178 1443 5218 cum
1494 5161 1776 5216 inclinavit
1827 5161 1999 5216 cmlos
2036 5168 2090 5214 et

527 5257 838 5323 descendit;
872 5268 928 5311 at
964 5257 1214 5312 excelsus
1244 5265 1425 5310 tamen
1456 5264 1539 5310 est
1573 5253 1872 5310 secundum
1919 5254 2089 5308 illud:

530 5350 670 5405 Deus
715 5350 970 5404 exultavit
1017 5350 1193 5413 illum,
1224 5358 1273 5403 et
1313 5347 1456 5402 dedit
1497 5346 1580 5399 illi
1622 5362 1807 5400 nomen
1835 5344 1971 5415 quod
2015 5355 2093 5399 est

528 5456 682 5512 super
720 5459 869 5497 omne
905 5441 1173 5496 nomen".
1235 5439 1375 5494 Deus
1407 5439 1497 5509 qui
1530 5438 1627 5492 das
1672 5436 1932 5493 vindictas
1965 5437 2093 5490 mihi

528 5541 579 5589 et
617 5534 803 5589 subdis
831 5535 1051 5605 populos
1091 5533 1187 5589 sub
1228 5549 1331 5597 me,
1370 5530 1622 5587 liberator
1652 5546 1795 5585 meus
1824 5529 1888 5584 de
1920 5530 2098 5584 inimi-

2197 4535 2377 4571 σονται
2410 4520 2502 4571 ἐπὶ
2542 4521 2733 4575 τούτου
2766 4524 3163 4587 τεκταίνεσθαι,
3203 4526 3345 4579 κατὰ
3374 4529 3463 4581 τό*
3506 4530 3632 4582 Ἐπὶ
3669 4527 3777 4585 τοῦ

2195 4609 2385 4663 νώτου
2404 4627 2521 4678 μου
2555 4609 2901 4665 ὲτέκταινον
2927 4614 2981 4665 oi
3020 4612 3378 4683 ἁμαρτωλοί.

2269 4794 2355 4863 Ζῇ
2410 4795 2645 4862 Κύριος,
2698 4794 2795 4847 καὶ
2847 4792 3174 4863 εὐλογητὸς
3226 4796 3258 4848 d
3307 4796 3450 4860 Θεός
3486 4812 3627 4864 μου,
3679 4795 3777 4849 καὶ

2197 4884 2490 4954 ὐψωθήτω
2526 4888 2558 4939 ὀ
2604 4885 2747 4951 Θεὸς
2798 4884 2909 4951 τῆς
2959 4883 3256 4951 σωτηρίας
3290 4901 3429 4953 μου.
3478 4884 3538 4938 '0
3573 4885 3715 4949 Θεὸς
3744 4888 3777 4938 d

2197 4978 2400 5044 διδοὺς
2425 4977 2767 5045 ἐκδικήσεις
2808 4976 2959 5046 ἐμοὶ,
3002 4976 3101 5029 καὶ
3128 4978 3434 5044 ὑποτάξας
3464 4978 3652 5043 λαοὺς
3676 4977 3779 5031 ὑπ’

2196 5069 2321 5139 ἐμὲ,
2359 5074 2392 5125 ό
2415 5072 2650 5138 ρὐτης
2689 5086 2809 5139 μου
2857 5068 2926 5133 ἐξ
2974 5067 3202 5137 ἐχθρῶν
3253 5070 3526 5138 ὀργίλων.
3558 5070 3619 5122 Ei
3669 5068 3781 5140 γὰρ

2195 5165 2288 5216 καὶ
2334 5162 2698 5215 ἐταπείνωσεν
2732 5161 2943 5223 ἐαυτὸν,
2987 5161 3172 5225 κλίνας
3210 5160 3470 5232 οὐρανοὺς
3500 5162 3589 5213 καὶ
3608 5176 3776 5213 καταο

2194 5254 2312 5317 ϐὰς,
2349 5253 2460 5306 ἀλλ’
2491 5253 2691 5323 ὑψηλός
2712 5255 2847 5315 ἐστι,
2874 5254 3017 5307 κατά
3042 5254 3121 5307 τό·
3142 5256 3195 5306 Ὀ
3221 5253 3363 5320 Θεὸς
3396 5252 3581 5305 αὑτὸν
3603 5255 3778 5321 ὑπερ-

2202 5347 2453 5415 ύψωσεν
2504 5346 2599 5400 καί
2631 5345 2950 5414 ἐχαρίσατο
2982 5345 3143 5411 αὐτῷ
3174 5346 3358 5413 ὄνομα
3388 5344 3454 5398 τὸ
3485 5343 3636 5412 ὑπὲρ
3657 5341 3781 5399 πᾶν

2199 5436 2405 5507 ὄνομα.
2446 5439 2506 5491 '0
2565 5437 2708 5502 Θεὸς
2761 5440 2793 5491 ό
2846 5437 3048 5505 διδοὺς
3087 5437 3427 5506 ἐκδικήσεις
3477 5438 3630 5508 ἐμοὶ,
3678 5436 3775 5491 καὶ

2200 5530 2565 5584 ὑποτάσσων
2594 5531 2783 5597 λαοὺς
2814 5530 2915 5585 ὑπ’
2941 5529 3063 5599 ἐμὲ,
3113 5532 3146 5583 ό
3171 5530 3404 5598 ρὐτης
3441 5547 3563 5602 μου
3586 5527 3658 5597 ἐξ
3680 5526 3782 5601 ἐκ*

532 5672 609 5723 ,⁸⁸
641 5671 788 5731 Psal.
821 5692 950 5741 xxx,
1020 5675 1072 5730 9.
1149 5674 1194 5706 ⁷⁷
1219 5672 1351 5729 Luc.
1395 5690 1448 5740 χ,
1482 5671 1568 5727 19.
1646 5670 1690 5703 ⁷⁸
1713 5670 1858 5727 Psal.
1897 5686 2093 5727 cxxvul

2199 5713 2202 5728 .
2279 5672 2324 5702 ⁷³
2346 5670 2581 5743 Philipp.
2631 5686 2693 5735 ιι,
2726 5670 2779 5724 9.

532 5796 536 5805 ’
602 5792 679 5863 (1)
702 5797 965 5861 Νῶτος...
989 5790 1130 5857 ἔξει.
1151 5790 1311 5849 Forte
1337 5789 1623 5863 legendum
1650 5789 1816 5844 νῶτον
1850 5805 1945 5861 pro
1979 5788 2093 5843 νῶτ‹

2210 5788 2368 5847 Enn.
