4010 6528
278 405 377 462 183

1413 390 1918 452 COMMENTARIA
1950 389 2019 447 IN
2057 386 2400 447 PSALMOS.

3436 372 3535 445 iss

270 520 426 591 θρῶν
445 539 565 592 μου
610 520 884 591 ὀργίλων,
930 520 1049 574 ἀπὸ
1083 518 1198 572 τῶν
1229 516 1722 587 ἐπανισταμένων
1763 515 1843 568 ἐπ

1958 512 2035 565 eis
2064 510 2193 564 meis
2223 505 2517 563 iracundis.
2552 504 2629 559 Ab
2658 504 3047 577 insurgentibus
3084 506 3138 559 in
3162 520 3243 558 me
3269 505 3534 562 exultabis

270 609 375 679 ἐμὲ
403 609 668 679 ὐψώσεις
686 628 785 680 με,
812 610 909 663 καὶ
937 609 1054 665 ἀπὸ
1079 608 1297 677 ἀνδρὸς
1317 606 1529 662 ἀδίκου
1546 606 1737 675 ῥῦσαί
1761 621 1857 675 με.

274 701 363 772 Τῷ
393 704 489 773 μὲν
518 702 625 774 γὰρ
660 702 971 756 ἀπειθοῦντι
1009 701 1123 773 λαῷ
1153 701 1245 753 καὶ
1278 699 1610 769 ἁντιλέγοντι
1644 698 1862 765 ἐπάξειν

228 848 229 863 ἦ
273 795 369 859 τὰς
390 796 696 867 ὲκδικήσεις
727 799 819 851 καὶ
846 797 942 861 τὰς
972 796 1241 869 τιμωρίας
1270 794 1502 867 εἴρηται·
1530 796 1563 867 ἢ
1594 794 1735 848 κατὰ
1770 794 1862 847 τὸν

274 884 590 958 Σύμμαχον,
632 889 686 941 '0
733 888 876 955 Θεὸς
909 892 942 943 ό
989 886 1321 957 παρασχὼν
1368 887 1647 957 τιμωρίας
1692 886 1856 955 ἐμοί·

271 980 350 1049 τῷ
379 979 423 1031 δ’
460 980 631 1051 ἑτέρῳ
649 980 884 1051 τάγματι
912 981 1039 1052 περὶ
1066 973 1127 1033 οὗ
1169 980 1425 1046 ἀνωτέρω
1459 980 1705 1052 εἴρηται·
1741 982 1859 1032 Κα-

272 1070 601 1139 ταστήσεις
646 1089 721 1142 με
750 1074 835 1139 εἰς
876 1072 1150 1141 κεφαλὴν
1187 1070 1397 1126 ἐθνῶν.
1446 1070 1603 1137 Λαὸς
1630 1071 1702 1124 ὃν
1747 1072 1859 1124 οὐκ

271 1161 469 1233 ἔγνων
495 1163 819 1218 ἐδούλευσέ
838 1182 967 1233 μοι·
1002 1164 1179 1234 τούτῳ
1212 1165 1308 1235 τὴν
1343 1164 1619 1233 ὑποταγὴν
1648 1162 1744 1233 τὴν
1766 1163 1857 1215 ὑπ’

273 1254 438 1308 αὐτὸν
471 1255 767 1327 χαρίζεται.
804 1256 894 1308 Διὸ
936 1255 1176 1323 ἐπιλέγει
1211 1253 1349 1307 κατά
1390 1254 1480 1307 τὸν
1527 1253 1853 1324 Σύμμαχονυ

274 1344 388 1399 Καὶ
417 1344 779 1400 ὐποτάσσων
807 1348 997 1414 λαοὺς
1018 1345 1111 1400 ἐπ’
1139 1346 1263 1416 ἐμέ.
1296 1341 1460 1411 Οὗτος
1500 1349 1599 1401 καὶ
1622 1348 1857 1416 ρύστης

270 1454 407 1507 μου,
437 1438 586 1507 φησὶ,
622 1439 843 1507 γέγονεν
863 1438 933 1503 ἐξ
959 1438 1187 1507 ἐχθρῶν
1206 1457 1323 1507 μου
1355 1441 1629 1509 ὀργίλων,
1653 1440 1749 1493 καὶ
1786 1440 1855 1493 ἐκ

275 1524 392 1578 τῶν
418 1526 906 1597 ἐπανισταμένων
926 1529 1018 1581 ἐπ’
1044 1529 1148 1597 ἐμὲ
1168 1526 1494 1597 ὕψωσέομε,
1530 1532 1562 1583 ὁ
1591 1528 1643 1581 δ’
1674 1528 1858 1595 αὐτὸς

271 1619 367 1671 καὶ
390 1620 506 1672 ἀπὸ
533 1620 749 1688 ἀνδρές
778 1620 990 1673 ἀδίκου
1017 1619 1313 1688 ἐρῤύσατό
1337 1635 1435 1687 με.
1464 1620 1538 1672 Δι’
1565 1613 1638 1673 ὧν
1670 1618 1855 1689 σαφῶς

272 1712 597 1783 παρίστησιν
638 1711 867 1783 ἐχθρούς
898 1729 1048 1775 τινας
1080 1711 1243 1766 αὑτοῦ
1294 1715 1387 1766 καὶ
1420 1712 1817 1783 ἀνθεστηκότας
1838 1728 1851 1743 ο

269 1802 360 1855 καὶ
393 1803 543 1873 παρά
564 1802 784 1866 τούτους
815 1804 1003 1873 ἕτερόν
1024 1821 1144 1856 τινα
1176 1803 1363 1874 ἄνδρα,
1406 1803 1601 1873 μεστὸν
1630 1803 1705 1866 ὡς
1729 1802 1858 1875 ἀλη-

1964 616 2079 657 me.‘
2110 618 2142 654 a
2169 601 2281 655 viro
2314 600 2495 671 iniquo
2525 598 2666 667 eripe
2695 614 2794 653 me.
2845 597 3234 669 lnobsequenti
3265 612 3330 653 ac
3365 613 3535 669 repu-

1963 693 2154 765 gnanti
2190 692 2415 763 populo,
2442 689 2739 744 vindictam
2772 688 3109 744 inferendam
3141 704 3265 744 esse
3289 690 3494 745 dicitur
3520 710 3535 746 :

1963 792 2079 849 aut,
2112 782 2415 839 secundum
2451 778 2864 851 Symmachum,
2899 778 3063 842 Deus,
3095 781 3185 850 qui
3223 779 3422 849 praebes
3454 782 3539 833 ul-

1965 876 2132 929 tiones
2167 873 2332 937 mihi;
2372 872 2515 927 alius
2544 886 2674 926 vero
2722 880 2807 925 est
2856 870 2993 926 ordo
3025 886 3304 941 genusque
3354 871 3533 925 homio.

1961 980 2116 1029 num,
2152 965 2220 1019 de
2252 979 2362 1034 quo
2390 962 2645 1033 superius
2678 963 2845 1025 (vers.
2881 961 2973 1025 41,
3008 962 3099 1032 45)
3133 963 3366 1027 dictum,
3407 979 3536 1017 con-

1960 1058 2150 1111 stitues
2202 1071 2283 1109 me
2342 1056 2397 1107 in
2448 1063 2603 1121 caput
2646 1054 2899 1123 gentium.
2956 1052 3195 1121 Populus
3234 1068 3384 1123 quem
3430 1069 3534 1108 non

1959 1142 2175 1211 cognovi
2207 1141 2418 1195 servivit
2444 1140 2609 1203 mihi;
2642 1138 2809 1204 hunc,
2860 1138 3107 1209 inquam,
3144 1139 3534 1209 obsequentem

1959 1234 2008 1289 ei
2051 1233 2363 1289 constituit.
2398 1231 2583 1298 Quare
2628 1229 2934 1286 secundum
2986 1226 3376 1300 Symmachum
3408 1231 3536 1286 sub-

1958 1323 2060 1389 dit,
2105 1333 2157 1378 et
2198 1322 2483 1393 subjiciens
2529 1320 2751 1391 populos
2782 1336 2938 1388 super
2968 1336 3067 1376 me.
3102 1319 3199 1375 llic
3234 1322 3363 1377 item
3409 1322 3533 1385 fuit,

1957 1416 2219 1470 liberator
2242 1432 2388 1469 meus
2414 1429 2478 1469 ex
2516 1414 2747 1467 inimicis
2792 1414 2921 1467 meis
2950 1414 3244 1477 iracundis,
3271 1424 3322 1467 et
3354 1413 3418 1466 ab
3450 1415 3535 1467 in-

1958 1504 2296 1575 surgentibus
2340 1507 2395 1558 in
2439 1520 2519 1557 me
2568 1503 2826 1557 exaltabit
2858 1519 2958 1566 me,
2999 1520 3031 1555 a
3068 1504 3177 1557 riro
3217 1504 3395 1573 iniquo
3426 1505 3535 1559 eri-

1956 1598 2069 1665 puit
2120 1613 2221 1651 me.
2281 1594 2493 1662 Quibus
2542 1594 2722 1664 palam
2778 1593 3005 1658 indicat,
3041 1594 3294 1650 inimicos
3339 1595 3441 1649 sibi
3480 1605 3536 1652 ct

1959 1688 2305 1744 adversarios
2334 1704 2494 1744 esse:
2548 1704 2611 1743 ac
2664 1695 2862 1758 praeter
2894 1702 2988 1742 eos
3032 1688 3196 1741 alium
3237 1687 3532 1757 quemdam

1958 1783 2137 1836 virum
2171 1782 2320 1836 omni
2362 1797 2593 1852 prorsus
2636 1782 2925 1852 iniquitate
2956 1782 3197 1852 plenum.
3238 1780 3335 1836 His
3368 1796 3535 1851 porro

274 1893 382 1956 θῶς
430 1870 612 1966 πάσης
645 1897 881 1960 ἀδικίας.
911 1870 1180 1968 -Σημαίνει
1212 1870 1328 1949 δεό
1358 1870 1513 1964 λόγος
1539 1895 1625 1948 διὰ
1656 1870 1843 1948 τούτωι

1963 1872 2285 1942 prophetico
2311 1887 2463 1926 more
2506 1872 2822 1925 indicantur
2854 1872 3130 1941 principes
3177 1870 3390 1925 Judaiei
3439 1886 3538 1941 po-

269 1988 621 2057 προφητικῶς
648 1988 775 2050 τοὺς
803 1988 1068 2057 ἄρχοντας
1104 1986 1196 2040 τοῦ
1244 1987 1512 2040 Ἰουδαίων
1552 1986 1735 2050 ἔθνους
1762 1986 1856 2040 καὶ

267 2076 356 2130 τὸν
403 2080 668 2151 προδότην
717 2080 936 2144 Ἰούδαν,
986 2080 1183 2143 παντὸς
1229 2080 1415 2133 ἀδίκου
1449 2080 1665 2150 χείρονα
1707 2079 1856 2148 γενό-

271 2187 451 2240 μενον,
482 2172 563 2224 ὅτι
596 2171 681 2243 δὴ,
708 2172 961 2225 τοιούτων
994 2171 1243 2239 ἀξιωθεὶς
1276 2170 1427 2242 παρὰ
1455 2171 1544 2224 τοῦ
1579 2172 1850 2244 Σωτῆρος,

266 2264 373 2326 τοῖς
410 2264 669 2326 ἐναντίοις
701 2263 862 2316 αὐτὸν
894 2264 1179 2333 ἠμείψατο.

335 2354 439 2407 Διά
465 2354 637 2408 τοῦτο
679 2353 1203 2424 ἐξομολογήσομαί
1232 2370 1330 2408 σοι
1362 2355 1432 2407 ἐν
1455 2354 1657 2408 ἔθνεσι
1693 2394 1707 2419 ,
1738 2354 1852 2408 Κύ-

254 2463 371 2514 ριε,
407 2446 505 2498 καὶ
552 2444 633 2511 τῷ
664 2447 909 2514 ὀνόματί
953 2462 1071 2499 σου
1115 2446 1309 2515 ψαλῶ.
1354 2448 1723 2516 Μεγαλύνων
1742 2447 1850 2513 τὰς

260 2536 561 2618 σωτηρίας
607 2533 713 2589 τοῦ
745 2534 1053 2601 ,ϐασιλέως
1082 2535 1289 2597 αὑτοῦ,
1325 2536 1421 2588 καὶ
1458 2533 1643 2587 ποιῶν
1678 2534 1851 2601 ἕλεος

258 2627 337 2694 τῷ
370 2627 594 2698 χριστῷ
631 2628 816 2682 αὐτοῦ
839 2626 1038 2688 Δαυῒδ,
1076 2627 1175 2680 καὶ
1202 2626 1281 2690 τῷ
1310 2623 1601 2695 σπέρματι
1639 2626 1845 2690 αὐτοῦ,

254 2720 368 2787 ἕως
392 2720 626 2787 αἰῶνος.
670 2721 793 2773 Ἐπὶ
826 2720 885 2773 τὸ
908 2721 1094 2792 ἕτερον
1132 2719 1466 2790 μεταϐαίνει,
1501 2719 1576 2782 ὡς
1612 2718 1676 2772 ἂν
1705 2718 1846 2772 εἴποι

254 2830 339 2877 τις
365 2814 428 2866 τὸ
456 2812 625 2880 δεξιὸν
652 2814 859 2883 τάγμα,
902 2815 995 2867 καὶ
1024 2813 1169 2867 ἔστιν
1204 2812 1386 2885 ἔργοις
1424 2813 1606 2875 αὐτοῖς
1638 2812 1731 2865 καὶ
1754 2813 1848 2879 όφ-

255 2904 485 2977 θαλμοῖς
538 2906 907 2977 παραλαϐεῖν⁹
942 2905 1130 2977 ῶσπερ
1174 2907 1203 2959 ό
1247 2903 1407 2957 Δαυῖδ
1446 2903 1581 2975 μετὰ
1609 2904 1704 2974 τὴν
1753 2904 1846 2957 τοῦ

252 2998 685 3071 Σωτῆροςήμῶν
722 2999 1042 3071 παρουσίαν,
1078 2997 1269 3069 ὥσπερ
1302 2998 1469 3051 εἰσέτι
1500 2997 1594 3050 καὶ
1623 2996 1719 3049 νῦν
1740 2995 1847 3061 ζῶν

252 3090 345 3144 καὶ
377 3093 481 3143 σὺν
534 3091 841 3163 ἀνθρώποις
876 3091 1311 3162 πολιτευόμενος,
1362 3091 1450 3144 διὰ
1500 3091 1607 3145 τῶν
1653 3090 1844 3144 ἑαυτοῦ

250 3184 482 3257 γραφῶν
516 3184 667 3255 ᾠδῶν
700 3202 758 3237 τε
790 3185 882 3237 καὶ
912 3184 1095 3255 ὓμνων
1129 3184 1186 3236 ἐν
1216 3185 1349 3236 πᾶσι
1374 3186 1485 3247 τοῖς
1515 3182 1689 3236 ἔθνεσι
1709 3183 1846 3254 ψάλ-

248 3276 328 3329 λει
363 3274 447 3347 τῷ
477 3275 595 3347 Θεῷ
619 3276 725 3329 τῶν
762 3277 927 3329 ὃλων’
962 3277 1053 3329 καὶ
1086 3278 1115 3330 ό
1143 3276 1206 3328 ἐκ
1238 3276 1550 3347 σπέρματος
1588 3274 1654 3328 δι’
1680 3275 1844 3329 αὑτοῦ

248 3366 513 3437 γεγονὼς,
564 3360 625 3421 οὗ
674 3371 753 3432 εἰς
800 3369 1089 3441 πρόσωπον
1124 3367 1455 3439 ἀναφέρεται
1508 3366 1577 3421 τὰ
1623 3368 1846 3439 προκεί-

251 3476 407 3531 μενα,
451 3459 652 3529 ὁμοίως
697 3463 957 3532 κρείττων
990 3460 1277 3530 γενόμενος
1319 3461 1427 3513 τῶν
1467 3460 1844 3513 ἐπιϐεϐουλευ-

248 3550 421 3605 κότων
454 3550 623 3620 αὐτῷ,
650 3551 793 3605 εἴποι
819 3554 882 3605 ἄν
903 3569 915 3581 ·
943 3552 1049 3605 Καὶ
1078 3551 1195 3606 ἀπὸ
1214 3551 1334 3605 τῶν
1352 3553 1845 3621 ἐπανισταμένων

243 3640 337 3693 ἐπ’
372 3640 488 3711 ἐμὲ
514 3639 778 3708 ὑψώσεις
810 3642 1198 3709 με.Ἐκείνους
1236 3643 1331 3712 μὲν
1359 3638 1451 3695 οὖν
1486 3643 1803 3697 καταλείπει
1826 3659 1839 3673 ⁸

251 3735 346 3805 ’τὴν
377 3734 433 3786 δὲ
463 3732 622 3803 χάριν
648 3734 746 3804 τὴν
777 3732 835 3798 ἐξ
856 3734 1019 3787 αὐτοῦ
1050 3734 1144 3788 καὶ
1177 3735 1276 3805 τὴν
1298 3733 1555 3804 ἀλήθειαν
1581 3736 1711 3788 πᾶσι
1734 3739 1844 3799 τοῖς

251 3824 459 3877 ἔθνεσιν
498 3825 850 3895 μεταδίδωσιν
875 3842 886 3854 ·
915 3825 1080 3878 εἰσέτι
1104 3841 1163 3876 τε
1193 3825 1286 3876 καὶ
1308 3824 1403 3876 νῦν
1438 3824 1710 3895 πανταχοῦ
1740 3826 1844 3896 γῆς

252 3914 410 3978 αὐτὸς
445 3913 662 3985 παρὼν,
697 3916 789 3967 καὶ
847 3913 1009 3985 μέσος
1061 3914 1168 3966 τῶν
1203 3916 1282 3975 εἰς
1341 3913 1502 3966 αὑτὸν
1537 3912 1843 3981 ἡλπικότων

252 4002 439 4067 ἑστὼς,
474 4003 555 4075 τῷ
586 4004 760 4076 Πατρὶ
786 4004 872 4057 διά
906 4004 1005 4074 τῆς
1039 4004 1231 4057 ἑαυτοῦ
1279 4004 1603 4075 Ἑκκλησίας
1654 4003 1843 4075 ἐξομο-

251 4094 483 4163 λογεῖται
502 4112 517 4125 ο
548 4094 627 4148 διό
655 4112 785 4167 φησι
805 4111 818 4125 ο
858 4094 961 4148 Διὰ
990 4095 1165 4149 τοῦτο
1197 4094 1715 4165 ἐξομολογησομαί
1742 4110 1841 4149 σοι

249 4184 316 4240 ἐν
337 4187 565 4250 ἔθνεσι,
593 4189 786 4255 Κύριε,
814 4186 913 4241 καὶ
945 4186 1024 4253 τῷ
1052 4188 1297 4256 ὀνόματί
1324 4203 1439 4241 σου
1460 4186 1654 4255 ψαλῶ.

401 4299 512 4352 ΕΙΣ
551 4300 638 4351 T0
670 4300 1217 4365 ΤΕΛΟΣ,ΨΑΔΜΟΣ
1247 4299 1332 4351 ΤΩ
1360 4299 1563 4352 ΔΑΥΙΔ
1598 4301 1704 4355 ΙΗ’.

315 4412 421 4463 Καὶ
452 4412 479 4463 ό
510 4408 706 4482 παρὼν
735 4410 947 4481 ψαλμδς
988 4410 1095 4463 τῶν
1126 4412 1203 4473 είς
1238 4410 1439 4478 ἀγαθὸν
1476 4410 1626 4473 τέλος
1660 4428 1836 4482 παρα-

246 4506 575 4574 πεμπόντων
613 4505 867 4575 τυγχάνει
890 4522 901 4533 ·
936 4504 1069 4558 ἀλλὰ
1103 4506 1196 4558 καὶ
1225 4504 1680 4574 εὐχαριστήριος
1702 4506 1832 4558 ἁνα-

1959 1963 2098 2032 puli,
2131 1977 2195 2015 ac
2227 1960 2399 2016 ludas
2440 1960 2709 2031 proditor,
2748 1964 2943 2031 quovis
2969 1964 3158 2033 iniquo
3193 1964 3413 2019 homine
3448 1963 3537 2018 dc-

1958 2054 2146 2118 terior,
2178 2054 2271 2124 qui
2300 2062 2379 2107 tot
2410 2054 2689 2110 beneficiis
2722 2069 2752 2108 a
2800 2054 3087 2109 Salvatore
3116 2064 3367 2122 ornatus,
3400 2071 3537 2111 cou-

1958 2144 2185 2198 trariam
2220 2146 2656 2214 secleratamque
2683 2146 2857 2199 vicem
2882 2146 3086 2199 retulit.

2028 2335 2302 2401 Vens.50,
2337 2339 2423 2393 5|.
2456 2338 2745 2409 Propterea
2772 2340 3060 2410 confitebor
3088 2342 3181 2395 tibi
3212 2343 3265 2395 in
3298 2345 3526 2399 nationi-

1955 2428 2074 2491 bus,
2110 2428 2355 2492 Domine,
2394 2441 2442 2485 et
2467 2433 2670 2485 nomini
2712 2441 2802 2485 tuo
2844 2432 3112 2499 psalmum
3161 2435 3358 2487 dicam.
3407 2434 3532 2489 Ma-

1950 2522 2213 2590 gniﬁcans
2272 2522 2468 2577 salutes
2531 2526 2668 2592 regis
2720 2524 2859 2592 ejus,
2894 2534 2945 2578 et
2976 2524 3176 2592 faciens
3230 2527 3532 2580 misericor-

1950 2613 2096 2665 diant
2148 2598 2345 2667 cltristo
2379 2631 2474 2667 suo
2520 2614 2715 2677 David,
2760 2624 2810 2667 et
2860 2616 3049 2669 semini
3098 2616 3213 2684 ejus
3261 2633 3424 2687 usque
3475 2620 3533 2673 in

1949 2698 2225 2751 sa'culum.
2280 2699 2362 2753 Ad
2398 2701 2656 2762 alterum,
2700 2708 2774 2762 et,
2812 2712 2872 2755 ut
2916 2703 2991 2754 ita
3033 2701 3235 2763 dicam,
3269 2702 3529 2759 dextrum

1951 2789 2198 2844 ordinem
2246 2806 2553 2845 sermonem
2588 2792 2872 2858 transfert,
2928 2803 2985 2846 ut
3045 2793 3128 2845 vel
3191 2793 3324 2862 ipsis
3363 2795 3530 2851 rebus

1950 2888 2113 2949 atque
2169 2883 2343 2936 oculis
2394 2884 2830 2939 animadvertere
2882 2892 2986 2939 est.
3048 2883 3521 2948 Quemadmodum

1953 2970 2123 3025 David
2166 2982 2289 3042 post
2324 2971 2628 3029 Salvatoris
2680 2975 2857 3029 nostri
2897 2978 3220 3041 adventum,
3255 2977 3531 3038 hactenus

1948 3066 2106 3135 quasi
2144 3066 2199 3119 in
2246 3067 2383 3120 vivis
2421 3074 2565 3121 esset
2600 3082 2664 3121 ac
2695 3083 2819 3121 cum
2847 3067 3161 3123 hominibus
3192 3078 3526 3136 versaretur,

1948 3159 2162 3213 censeri
2191 3166 2392 3227 potest,
2414 3174 2477 3213 ac
2506 3175 2604 3228 per
2634 3161 2839 3230 scripta
2872 3177 2993 3224 sua,
3026 3162 3262 3226 cantica,
3296 3162 3529 3234 hymnos

1949 3252 2003 3307 in
2065 3252 2326 3305 onmibus
2372 3253 2630 3322 gentibus
2693 3253 2878 3321 psallit
2933 3253 3316 3309 universorum
3374 3253 3528 3322 Deo;

1947 3342 2021 3395 ita
2055 3341 2103 3397 is
2131 3342 2223 3413 qui
2250 3359 2317 3397 ex
2348 3344 2557 3398 semine
2585 3345 2707 3413 ejus
2736 3344 2916 3399 lactus
2957 3357 3062 3410 est,
3109 3345 3177 3400 ad
3206 3347 3368 3415 cujus
3398 3362 3525 3417 pera

1945 3448 2137 3489 sonam
2163 3450 2225 3490 ea
2254 3451 2374 3505 qua:
2397 3436 2510 3505 jam
2539 3445 2839 3492 tractamus
2865 3438 3009 3493 dicta
3030 3438 3365 3504 referuntur,
3396 3455 3525 3497 cum

1944 3527 2058 3597 pari
2095 3529 2305 3582 ratione
2334 3529 2657 3584 insidiantes
2690 3530 2794 3584 sibi
2822 3533 3324 3601 superaverit,jure
3352 3534 3524 3601 dicat,

1942 3630 1991 3673 et
2024 3619 2089 3673 ab
2117 3620 2507 3689 insurgentibus
2539 3622 2591 3673 in
2620 3638 2699 3675 me
2733 3621 2999 3676 exultabis
3034 3640 3131 3675 me.
3172 3626 3297 3679 Illos
3340 3626 3525 3695 itaque

1944 3709 2146 3763 missos
2181 3709 2344 3775 facit;
2376 3709 2720 3779 gratiamque
2766 3726 2830 3763 ac
2877 3714 3165 3766 veritatem
3196 3729 3354 3767 suam
3393 3716 3523 3769 uni-

1943 3801 2120 3853 versis
2165 3801 2422 3869 gentibus
2452 3801 2736 3869 impcrtit:
2786 3802 2948 3856 etiam
2984 3818 3130 3857 nunc
3174 3803 3374 3874 ubique
3408 3814 3521 3860 ter-

1944 3907 2127 3945 rarutn
2164 3907 2405 3961 praesens
2458 3892 2595 3961 ipse,
2634 3902 2686 3947 et
2717 3893 2771 3947 in
2809 3895 2988 3947 medio
3012 3911 3201 3949 eorum
3233 3898 3325 3967 qui
3363 3898 3417 3951 in
3463 3915 3523 3955 se

1942 3999 2233 4053 speravere
2255 3985 2589 4050 consistens,
2632 4000 2729 4054 per
2759 3984 3063 4041 Ecclesiam
3094 4002 3249 4041 suam
3278 3991 3515 4047 conﬁte-

1942 4082 2065 4141 tur;
2098 4077 2453 4145 quamobrem
2497 4077 2610 4131 ait:
2663 4076 2956 4147 Propterea
2988 4080 3281 4149 conﬁtebor
3314 4082 3413 4136 tibi
3462 4084 3520 4139 in

1938 4168 2263 4230 nationibus,
2300 4166 2544 4231 Domine,
2574 4177 2623 4221 et
2666 4169 2867 4221 nomini
2904 4178 2994 4223 tuo
3019 4170 3284 4239 psalmum
3320 4173 3515 4233 dicam.

2064 4275 2113 4332 1.
2142 4275 2209 4330 ΙΝ
2243 4275 2475 4352 FINEM,
2500 4276 2825 4332 PSALMUS
2878 4277 3087 4331 DAVID
3128 4278 3318 4334 XVIII.

2008 4387 2258 4445 Praesens
2294 4405 2513 4460 quoque
2553 4390 2797 4460 psalmus
2829 4406 2954 4444 cum
2990 4390 3059 4446 iis
3084 4394 3393 4450 censmdus
3420 4396 3513 4466 qui

1935 4479 2000 4533 ad
2033 4481 2235 4535 bonum
2271 4481 2433 4535 linem
2467 4484 2849 4539 transmittunt
2876 4501 2889 4549 ;
2926 4484 3035 4536 imo
3065 4500 3282 4553 quoque
3309 4488 3515 4554 gratia-

242 4596 420 4669 γράφῃ
450 4599 517 4667 (si
538 4597 588 4668 ι’)
616 4596 731 4665 ᾠδὴ
776 4596 901 4663 τοῖς
943 4596 1085 4663 τοὺς
1121 4598 1372 4665 ἐχθροὺς
1425 4614 1829 4667 καταγωνισα-

1948 4591 2055 4626 rum
2088 4575 2315 4627 actionis
2358 4574 2660 4645 inscriptus
2692 4588 2797 4642 est,
2830 4578 3095 4630 canticum
3121 4577 3185 4629 iis
3219 4578 3308 4646 qui
3334 4578 3513 4631 inimi-

242 4685 436 4755 μένοις
464 4690 764 4754 ἐπινίκιος
794 4687 1091 4758 εἰρημένη.
1135 4689 1225 4742 Διὸ
1251 4688 1388 4743 κατὰ
1415 4690 1507 4742 τὸν
1540 4689 1833 4760 Σύμμαχον

250 4778 489 4852 εἴρηται·
536 4781 868 4846 Ἐπινίκιες
895 4780 1018 4849 ᾠδὴ
1058 4780 1163 4834 τοῦ
1192 4781 1389 4834 Δαυΐδ.
1433 4782 1590 4835 Ἀλλά
1623 4782 1715 4835 καὶ
1743 4781 1832 4834 διὰ

250 4871 307 4922 τὸ
334 4872 651 4925 ἀνακεῖσθαι
698 4872 777 4943 τῷ
818 4871 917 4935 τὰς
957 4872 1113 4934 νίκας
1156 4871 1483 4943 δωρουμένῳ
1516 4872 1653 4943 Θεῷ,
1690 4873 1829 4925 κατὰ

249 4962 335 5014 τὸν
378 4965 631 5027 Ἀκύλαν,
673 4962 755 5029 Τῷ
786 4961 1067 5029 νικοποιῷ
1091 4962 1433 5033 μελῴδημα,
1470 4964 1738 5019 λέλεκται.

321 5140 382 5191 Ol
412 5139 651 5208 οὐρανοὶ
684 5138 1025 5208 διηγοῦνται
1060 5138 1247 5204 δόξαν
1287 5139 1453 5203 Θεοῦ,
1486 5140 1739 5206 ποίησιν
1760 5140 1828 5194 δὲ

252 5229 455 5295 χειρῶν
485 5230 673 5285 αὐτοῦ
709 5230 1068 5299 ἀναγγέλλει
1111 5230 1174 5284 τὸ
1209 5230 1530 5300 στερέωμα.
1560 5230 1825 5283 Διδασκα-

250 5315 364 5371 λίαν
396 5321 635 5391 περιέχει
669 5322 768 5391 τῆς
804 5320 898 5373 τοῦ
933 5321 1067 5374 Θεοῦ
1112 5323 1509 5393 μεγαλουργίας
1544 5340 1826 5395 παραστα-

253 5410 418 5480 τικήν.
466 5411 679 5483 Ἐπειδὴ
706 5413 814 5484 γάρ
849 5414 908 5465 τὸ
933 5414 1137 5482 ἀφανὲς
1168 5415 1261 5468 καὶ
1296 5416 1524 5486 ἀόρατον
1558 5416 1655 5485 τῆς
1683 5416 1825 5469 ἀσω-

257 5502 417 5569 μάτου
446 5500 562 5557 ’καὶ
593 5506 856 5577 άγενήτου
905 5508 999 5560 καὶ
1031 5505 1216 5576 θεῖκῆς
1256 5508 1462 5572 οὐσίας,
1496 5508 1585 5561 διὰ
1642 5508 1698 5561 τὺ
1748 5508 1821 5580 μὴ

257 5594 446 5663 σαρκὸς
485 5597 777 5669 ὀφθαλμοῖς
818 5600 1351 5670 καταλαμϐάνεσθαι,
1398 5604 1447 5654 οἱ
1478 5603 1545 5654 τά
1599 5602 1821 5672 ὄμματα

254 5683 346 5753 τῆς
374 5686 545 5759 ψυχῆς
566 5676 949 5763 πεπηρωμένοι
977 5694 1075 5763 τῆς
1097 5694 1205 5746 τῶν
1228 5693 1398 5747 ὄντων
1423 5693 1707 5766 ὑπάρξεως
1738 5693 1824 5745 ἐκο

256 5774 587 5847 εεξλήκασιν,
624 5782 800 5847 ἀθέοις
834 5785 1095 5855 στόμασιν
1126 5786 1535 5857 ἀποφηνάμενοι
1574 5786 1647 5856 μὴ
1681 5782 1819 5837 εἶναι

256 5863 399 5930 θεὸν.
438 5873 565 5942 μηδὲ
609 5873 869 5949 ὑπάρχειν
914 5894 964 5931 τι
1024 5881 1268 5952 κρεῖττον
1312 5878 1419 5932 τῶν
1471 5881 1527 5932 ἐν
1574 5877 1817 5949 σώμασιν

1934 4681 2021 4717 cos
2071 4664 2424 4728 debellarunt,
2460 4666 2779 4733 triumphale
2829 4666 3052 4721 dictum.
3103 4665 3285 4732 Quare
3314 4683 3512 4723 secun-

1932 4755 2061 4808 dum
2126 4754 2515 4826 Symmachum
2582 4757 2805 4820 dicitur,
2858 4756 3197 4826 Triumphale
3246 4759 3511 4815 canticum

1931 4848 2181 4904 Davidis.
2224 4846 2331 4903 Sed
2360 4848 2524 4901 etiam
2576 4850 2706 4919 quia
2754 4848 2866 4905 Deo
2905 4851 3261 4904 victoriarum
3294 4856 3507 4909 auctori

1930 4950 2312 5006 consecratur,
2367 4940 2668 4997 secundum
2723 4942 3002 5013 Aquilam,
3054 4943 3307 4998 Victoria:
3341 4945 3510 5019 largi-

1932 5038 2036 5089 tori
2065 5035 2379 5102 modulatio,
2415 5036 2760 5093 inscribitur.

2002 5127 2166 5183 Vens.
2201 5129 2254 5181 2.
2296 5128 2426 5182 Cwli
2505 5139 2759 5185 enarranl
2805 5132 3033 5203 gloriam
3076 5135 3195 5202 Dei,
3246 5147 3295 5193 et
3346 5156 3505 5208 opera

1928 5237 2181 5274 manuum
2229 5221 2343 5290 ejus
2398 5225 2680 5276 annuntiat
2719 5225 3135 5292 ﬁrmamentum.
3186 5228 3503 5287 Doctrinam

1926 5317 2330 5387 complectitur,
2385 5333 2492 5385 qua
2560 5334 2818 5390 magnum
2878 5321 3014 5376 illud
3064 5322 3159 5377 Dei
3219 5324 3499 5394 Opiticium

1925 5419 2235 5467 enarratur.
2310 5409 2447 5476 Quia
2516 5411 2661 5465 enim
2735 5412 2991 5467 latentem
3066 5415 3503 5484 invisibilemque

1925 5504 2166 5557 divinam
2272 5501 2658 5569 substantiam,
2761 5504 3143 5574 incorpoream
3234 5513 3288 5559 et
3389 5517 3499 5562 non

1925 5595 2146 5660 factam,
2202 5592 2346 5665 quod
2406 5595 2720 5650 carnalibus
2774 5597 2950 5652 oculis
3006 5596 3199 5666 attingi
3275 5603 3332 5651 et
3405 5611 3499 5654 co-

1922 5689 2113 5761 gnosci
2192 5694 2453 5757 nequeat,
2525 5686 2617 5755 qui
2696 5688 2895 5742 mentis
2989 5688 3163 5743 oculis
3239 5688 3495 5746 obcaecati

1922 5788 2102 5845 erant,
2134 5796 2165 5835 e
2190 5788 2385 5833 natura
2417 5790 2601 5831 rerum
2637 5778 2998 5848 expulerunt;
3039 5779 3167 5834 dum
3204 5780 3365 5837 albeo
3397 5782 3491 5837 im-

1924 5874 2123 5945 pioque
2157 5884 2272 5936 ore,
2309 5866 2520 5925 nullum
2551 5883 2674 5926 esse
2714 5870 2906 5940 Deum,
2942 5886 3041 5929 nec
3073 5871 3352 5944 quidpiam
3377 5888 3498 5934 cor-
