4010 6530
491 355 594 410 187

1161 357 1430 436 EUSEBII
1469 356 1948 415 CJESARIENSIS
1989 358 2140 416 OPP.
2183 359 2364 414 PARS
2403 359 2488 413 Ill.
2529 387 2599 400 -—
2629 355 3043 414 EXEGETICA.

3647 363 3766 419 138

485 473 670 540 porcis
701 473 866 530 rebus
891 474 994 530 sub
1033 485 1314 545 aspectum
1347 479 1676 535 cadentibus
1705 481 2052 549 praestantius

2159 479 2448 551 ὁρωμένων
2476 496 2486 507 ·
2540 477 2830 548 αὐτομάτῳ
2861 477 2918 530 δὲ
2959 479 3053 531 καὶ
3084 477 3262 548 ἀλόγῳ
3313 480 3590 552 συντυχίᾳ,
3625 482 3766 554 εἰκῆ

481 566 751 622 exsistere
781 569 1206 636 pronuntiabant
1231 587 1244 634 ;
1277 569 1371 624 sed
1403 581 1707 640 spontaneo
1735 573 1970 642 quodam
1994 589 2058 628 ac

483 657 786 712 temerario
817 673 1090 714 concursu
1122 667 1176 714 et
1215 663 1450 730 partium
1483 679 1804 734 congressu,
1836 680 1968 721 casu
1996 682 2060 720 ac

485 748 636 802 nulla
683 751 979 806 exsistente
1026 767 1216 816 causa,
1255 755 1576 810 universum
1615 757 1878 810 mundum
1923 773 2056 812 coa-

481 839 673 908 luisse,
707 843 1080 898 necessarium
1119 843 1222 899 fuit
1246 853 1305 900 ut
1337 847 1592 916 praesenti
1618 863 1892 914 sermone,
1917 851 2060 918 psal-

483 931 630 988 lendi
675 948 846 998 more,
883 950 980 1004 per
1013 935 1312 992 dilucidam
1360 939 1910 1006 demonstrationem,
1947 943 2058 996 vim

481 1023 630 1077 illam
675 1039 858 1079 rerum
888 1029 1212 1083 creatricem
1252 1045 1316 1084 ac
1353 1031 1446 1086 Dei
1485 1032 1770 1086 scientiam
1806 1049 2064 1106 compro-

483 1113 658 1174 baret,
695 1114 800 1168 hoc
827 1117 1122 1172 ratiocinio
1165 1135 1322 1174 usus.
1361 1121 1672 1176 Mortalium
1706 1133 1900 1179 natura
1938 1129 2058 1182 exi-

478 1223 584 1276 gua
613 1207 922 1278 debilisque
968 1219 1072 1274 est,
1115 1209 1400 1266 hominum
1430 1215 1794 1286 cogitationes
1825 1219 2053 1290 ignavia,

479 1308 791 1370 nostraeque
825 1303 1165 1372 cognitiones
1205 1305 1429 1360 incertae
1459 1318 1609 1362 sunt.
1653 1307 1836 1374 Quare
1865 1311 2060 1366 divinae

477 1392 665 1461 gloriae
704 1410 804 1462 pro
843 1395 1038 1449 merito
1077 1398 1398 1452 enarranda:
1439 1401 1668 1454 multum
1703 1402 1940 1472 impares
1968 1421 2062 1460 su-

479 1498 630 1538 mus.
659 1483 780 1538 Non
811 1487 956 1539 enim
989 1487 1244 1542 humanis
1277 1489 1528 1558 vocibus,
1560 1507 1668 1546 non
1701 1492 1884 1563 lingua
1938 1511 2062 1550 car-

481 1575 617 1639 nali,
651 1592 760 1633 non
791 1577 950 1632 labiis
983 1587 1217 1648 possunt
1251 1581 1414 1651 digna
1461 1599 1524 1638 ac
1565 1587 1732 1653 probe
1755 1589 2060 1659 cXcogitata

483 1667 552 1722 de
581 1667 692 1723 Deo
726 1671 890 1724 verba
919 1672 1218 1736 enuntiari.
1265 1673 1420 1740 Quod
1455 1676 1500 1730 si
1543 1679 1630 1730 cui
1677 1679 1916 1745 libuerit,
1947 1683 2061 1737 cﬁi-

478 1775 668 1814 cacem
713 1761 886 1824 illam,
921 1763 1214 1817 maximam
1255 1773 1308 1820 et
1339 1765 1452 1821 Deo
1481 1769 1702 1838 dignam
1750 1772 2057 1828 doctrinam

2163 571 2258 625 καὶ
2287 561 2466 640 μάτην
2495 569 2553 636 ἐξ
2598 569 2854 640 οὐδεμιᾶς
2884 571 3062 633 αἰτίας
3105 569 3404 640 ὑποστῆναι
3437 572 3528 626 τὸν
3569 573 3766 629 πάντα

2162 662 2364 732 κόσμον
2379 679 2391 690 ·
2419 661 2729 730 ἀναγκαίως
2757 662 2786 714 ὁ
2807 660 2998 734 παρὼν
3022 661 3178 730 λόγος
3197 662 3285 716 διὰ
3313 663 3413 734 τῆς
3431 663 3766 736 ψαλμῳδίας

2161 753 2550 816 ἀποδεικτικῶς
2583 753 2676 806 καὶ
2709 752 2844 824 μετά
2873 753 3268 826 δημιουργικῆς
3299 755 3404 806 τῶν
3433 755 3568 808 ὅλων
3599 755 3762 810 δυνά-

2165 863 2309 916 μεως
2360 846 2456 916 τὴν
2505 845 2780 914 θεολογίαν
2821 845 3141 917 παρίστησι,
3170 845 3406 899 τοιοῦτόν
3435 865 3556 902 τινα
3598 846 3760 916 λογι-

2165 939 2300 1009 σμὸν
2329 937 2556 1005 διεξιών.
2583 937 2802 1008 Θνητῶν
2830 938 2928 1008 μὲν
2966 938 3125 1008 φύσις
3158 938 3328 1008 μικρά
3369 937 3628 1008 τυγχάνει
3655 939 3760 994 καὶ

2161 1028 2392 1099 ἀσθενής
2414 1045 2428 1058 ·
2466 1027 2712 1098 λογισμοί
2739 1045 2800 1080 τε
2838 1026 3139 1097 ἀνθρώπων
3167 1027 3352 1092 δειλοὶ,
3387 1029 3480 1080 καὶ
3509 1029 3756 1098 ἐπισφα-

2161 1119 2273 1184 λεῖς
2297 1121 2354 1174 αί
2391 1121 2624 1172 ἐπίνοιαι
2665 1119 2820 1190 ἡμῶν
2842 1137 2856 1150 ·
2879 1119 2958 1172 διὸ
3003 1119 3250 1172 πλεῖστον
3281 1120 3404 1172 ὅσον
3447 1120 3758 1191 ἀποδέομεν

2163 1213 2262 1282 τῆς
2293 1214 2412 1265 κατ’
2439 1209 2594 1276 ἀξίαν
2614 1213 2707 1264 τοῦ
2727 1212 2860 1264 Θεοῦ
2887 1211 3210 1278 δοξολογίας.
3239 1211 3370 1263 Οὐδὲ
3411 1210 3519 1282 γὰρ
3541 1211 3756 1283 ἀνθρώ-

2165 1323 2280 1358 πων
2315 1308 2539 1374 φωναῖς,
2565 1304 2684 1356 οὐδὲ
2717 1302 2931 1376 γλώττῃ
2965 1303 3164 1374 σαρκὸς
3204 1305 3297 1356 καὶ
3324 1303 3558 1374 χείλεσιν
3589 1305 3754 1358 δύνα-

2165 1398 2286 1452 σθαί
2316 1414 2444 1449 ποτε
2483 1394 2721 1467 νομίζειν
2755 1395 2976 1460 ἐπάξιον
3009 1397 3138 1465 περὶ
3179 1395 3314 1448 Θεοῦ
3359 1395 3516 1464 λόγον
3557 1397 3754 1450 ἀποδί-

2161 1489 2366 1544 δοσθαι.
2399 1491 2460 1542 Εἰ
2485 1488 2540 1540 δὲ
2570 1489 2676 1560 χρὴ
2703 1488 3046 1550 διδασκαλίας
3075 1487 3324 1558 ἐνεργοῦς
3361 1489 3453 1540 καὶ
3485 1489 3754 1559 μεγίστης

2163 1583 2311 1654 αὐτῷ
2343 1599 2402 1634 τε
2439 1581 2756 1653 πρεπούσης
2789 1580 2865 1650 τῷ
2892 1579 3009 1650 Θεῷ
3035 1579 3346 1643 ἐπακούειν,
3381 1580 3434 1633 εί
3461 1599 3542 1644 τις
3571 1579 3754 1652 ξρῤω-

2161 1693 2252 1727 ται
2277 1675 2373 1744 τῆς
2396 1673 2574 1744 ψυχῆς
2594 1673 2664 1726 τὰ
2703 1673 3051 1744 αἰσθητήρια,
3082 1671 3409 1725 συντεινάτω
3439 1673 3626 1725 ἑαυτὸν
3651 1673 3756 1725 καὶ

2163 1765 2481 1836 διεγειράτω
2531 1765 2666 1836 πρὸς
2701 1765 2963 1836 ἀκρόασιν
3005 1761 3240 1828 ἐπαξίως
3288 1765 3756 1836 ἀναφωνουμένην

479 1850 692 1916 audire,
735 1853 824 1906 cui
878 1853 1090 1908 scilicet
1124 1857 1324 1911 mentis
1377 1875 1574 1916 sensus
1621 1864 1898 1931 praevalidi
1941 1864 2052 1921 fue-

2163 1859 2258 1930 τῆς
2306 1857 2768 1930 ἀπειρομεγέθους
2817 1857 3095 1927 δυνάμεως
3116 1857 3431 1927 ἰτοῦλΘεοῦ⁸
3475 1857 3542 1928 ἣν
3589 1859 3758 1912 αὐτοὶ

479 1945 609 2008 rint,
651 1945 699 2000 is
743 1947 926 2002 animo
979 1948 1246 2014 intendat,
1302 1967 1534 2022 seseque
1588 1957 1828 2011 concitet
1877 1958 1944 2012 ad
1997 1973 2062 2012 ea

477 2039 834 2095 auscultanda
866 2057 988 2111 qua:
1041 2043 1132 2098 hic
1183 2045 1250 2099 de
1293 2045 1562 2102 immensa
1597 2047 1688 2103 illa
1725 2049 1816 2104 Dei
1855 2050 2060 2106 virtute

477 2130 763 2188 feruntur:
815 2151 1045 2206 qua:un
1077 2137 1180 2206 ipsi
1224 2139 1373 2204 coeli,
1429 2147 1604 2194 totum
1639 2142 1693 2196 in
1726 2159 1786 2197 se
1815 2145 2060 2214 comple-

477 2231 712 2288 ctentes,
740 2225 1058 2282 Creatorem
1095 2244 1254 2282 suum
1288 2231 1779 2302 universorumque
1811 2235 2060 2304 opiﬁcem

476 2315 698 2386 hymnis
737 2325 790 2371 et
837 2319 1071 2374 canticis
1133 2321 1499 2388 celebrantes,
1569 2324 1878 2394 proferunt.
1944 2325 2056 2397 Ipsi

475 2423 716 2476 namque
749 2410 873 2463 cmli
925 2413 1018 2480 qui
1075 2415 1316 2482 supremi
1375 2416 1620 2470 omnium
1669 2426 1819 2482 sunt,
1869 2427 1923 2474 et
1956 2420 2059 2475 sibi

476 2500 763 2568 supposito
791 2502 1135 2556 ﬁrmamento
1166 2505 1430 2570 eminent,
1469 2509 1562 2577 qui
1595 2511 1906 2566 universam
1931 2527 2056 2566 cum

477 2591 797 2646 sensibilem
831 2601 946 2646 tum
1007 2595 1284 2650 intellectu
1341 2599 1624 2668 praeditam
1653 2611 1904 2658 naturam
1940 2619 2058 2658 am-

477 2682 657 2748 biunt,
721 2683 950 2753 gloriam
1009 2685 1104 2740 Dei
1155 2705 1264 2741 non
1303 2689 1490 2744 Graeca
1543 2693 1750 2762 lingua,
1795 2711 1904 2752 non
1951 2699 2058 2753 alia

477 2775 713 2830 dialecto
745 2777 1085 2846 praedicant;
1142 2781 1236 2834 sed
1281 2782 1418 2852 ipsis
1451 2787 1733 2855 operibus,
1765 2805 1862 2859 per
1895 2807 2056 2847 suum

473 2867 728 2923 videlicet
777 2878 1055 2934 ornatum,
1097 2887 1198 2940 per
1234 2875 1590 2941 concinnam.
1661 2880 2037 2936 harmonieam

474 2967 528 3014 et
557 2961 1022 3030 sapientissimam
1069 2968 1545 3035 constitutionem,
1581 2981 1862 3029 auctorem
1901 2975 2052 3034 illius

476 3051 550 3104 ita
587 3059 735 3106 recte
778 3052 1258 3120 ordinatiomotus,
1309 3059 1541 3130 ejusque
1587 3061 1909 3120 immensam
1943 3067 2058 3120 vir-

473 3145 646 3190 tutem
669 3138 922 3193 edocent.
963 3141 1046 3194 Ea:
1079 3147 1443 3214 magnitudine
1484 3151 1624 3204 enim
1671 3165 1720 3206 et
1760 3155 2056 3222 pulchritu-

474 3231 595 3284 dine
619 3241 989 3286 creaturarum
1031 3241 1368 3304 proportione
1385 3243 1614 3310 quadam
1637 3257 1844 3300 creator
1871 3265 2056 3302 earum

475 3333 744 3392 spectatur
765 3327 833 3394 ε⁰;
862 3335 914 3380 cl
937 3346 949 3380 :
975 3327 1274 3384 Invisibilia
1299 3333 1484 3401 ipsius,
1517 3353 1548 3390 α
1568 3347 1813 3394 creatura
1852 3343 2054 3406 mundi,

475 3433 568 3485 per
596 3434 658 3471 ea
682 3435 799 3488 qua:
829 3419 973 3484 facta
1006 3431 1130 3476 sunt
1163 3425 1430 3480 intellecta
1463 3431 1902 3498 conspiciuntur;
1926 3452 2058 3488 sent-

475 3509 685 3578 piternu
717 3527 921 3578 quoque
976 3513 1088 3578 eius
1131 3515 1295 3570 uirtus
1326 3527 1375 3571 et
1409 3519 1662 3576 divinitas
1686 3525 1751 3580 ⁸³.
1787 3524 2054 3598 Quisquis

475 3615 630 3672 ergo,
682 3602 892 3673 absque
943 3605 1054 3658 ulla
1089 3611 1353 3664 creatrice
1409 3613 1642 3678 ratione,
1695 3616 1814 3670 sine
1869 3617 2054 3672 divina

475 3693 901 3774 aliqualvirtute,
936 3697 1105 3750 cmlos
1139 3715 1292 3754 suam
1313 3704 1631 3762 condidisse
1660 3709 2049 3774 substantiam,

475 3769 684 3839 tantain
739 3787 890 3840 illam
971 3793 1399 3860 magnitudinem
1475 3797 1751 3868 talemque
1819 3798 2050 3854 formam

475 3875 776 3930 adornasse
807 3886 986 3945 putat,
1039 3895 1102 3934 ac
1158 3882 1230 3935 ita
1267 3887 1598 3940 concinnum
1625 3887 2052 3959 ordinatumque

475 3975 682 4032 motum
716 3971 1046 4037 corporibus
1099 3973 1234 4042 ipsis
1285 3978 1562 4046 ascripsit',
1599 3980 1647 4034 is
1679 3995 1812 4034 sane
1845 3984 2047 4038 stultus

471 4064 526 4108 ct
567 4054 770 4123 impius
801 4063 904 4112 est.
957 4057 1322 4124 Quamobrem
1376 4079 1472 4120 eos
1525 4067 1616 4136 qui
1675 4084 1809 4123 sana
1867 4078 2049 4125 mente

2167 1951 2526 2022 προφέρονται
2565 1951 2613 2002 οἱ
2655 1949 2744 2002 τὸν
2795 1949 3081 2020 σύμπαντα
3115 1950 3458 2020 περιέχοντες
3505 1949 3754 2021 οὐρανοὶ,

2163 2042 2254 2113 τὸν
2283 2041 2488 2094 ἑαυτῶν
2519 2041 2740 2113 κτίστην
2767 2041 2859 2094 καὶ¹
2883 2041 3109 2110 ποιητὴν
3129 2040 3238 2094 τῶν
3264 2041 3399 2094 ὅλων
3421 2041 3552 2095 Θεὸν
3579 2042 3756 2112 ᾠδαῖς

2165 2108 2257 2186 καῖ
2294 2133 2620 2202 δοξολογίαις
2652 2108 3034 2204 ἀνυμνοῦντες.
3066 2108 3228 2186 Ᾱύτοὶ
3253 2133 3361 2204 γάρ
3389 2135 3436 2186 οι
3483 2108 3754 2188 ἀνωτάτω

2165 2225 2400 2290 πάντων,
2453 2226 2544 2278 καὶ
2582 2225 2675 2278 τοῦ
2723 2225 3122 2294 ὑποϐεϐηκότος
3163 2224 3540 2296 στερεώματος
3575 2225 3756 2298 ὑπερ-

2164 2319 2406 2388 κείμενοι
2453 2316 2700 2390 οὐρανοὶ,
2753 2317 2802 2370 οἱ
2855 2316 3146 2386 σύμπασαν
3185 2318 3594 2389 περιειληφότες
3647 2317 3753 2389 τὴν

2164 2407 2426 2480 αἰσθητὴν
2447 2409 2542 2462 καὶ
2565 2407 2940 2478 πνευματικὴν
2965 2406 3162 2469 κτίσιν,
3185 2407 3282 2478 τὴν
3304 2405 3458 2471 δόξαν
3489 2405 3620 2460 Θεοῦ
3645 2405 3752 2460 οὐκ

2175 2501 2454 2573 Ἑλληνικῇ
2480 2504 2628 2571 φωνῇ
2657 2499 3033 2570 φθεγγόμενοι,
3051 2501 3159 2553 οὐδ’
3181 2501 3340 2572 ἑτέρᾳ
3361 2500 3468 2553 τινὶ
3484 2497 3756 2572 διαλέκτῳ

2161 2596 2450 2668 χρώμενοι,
2464 2595 2612 2666 αὐτῷ
2629 2595 2684 2648 δὲ
2703 2594 2848 2665 ἔργῳ
2867 2593 2954 2648 διὰ
2967 2594 3061 2647 τοῦ
3091 2595 3295 2648 ἑαυτῶν
3319 2595 3522 2665 κόσμου
3541 2595 3634 2648 καὶ
3647 2595 3750 2664 τῆς

2160 2687 2434 2758 εὐρύθμου
2461 2686 2555 2738 καὶ
2587 2686 2907 2757 ἐναρμονίου
2931 2685 3020 2738 καὶ
3051 2685 3325 2755 πανσόφου
3351 2685 3610 2748 στάσεως,
3645 2681 3746 2738 τοῦ

2161 2779 2334 2832 αἰτίου
2359 2779 2540 2842 αὐτοῖς
2563 2778 2662 2848 τῆς
2690 2777 2900 2830 τοιᾶσδε
2929 2779 3193 2848 κινήσεως
3215 2777 3314 2850 τὴν
3337 2773 3748 2848 ἀπειρομεγέθη

2159 2873 2385 2943 δύναμιν
2417 2870 2840 2925 ἑκδιδάσκουσιν.
2891 2873 2989 2924 Ἐκ
3018 2871 3128 2940 γὰρ
3152 2872 3441 2940 μεγέθους
3467 2869 3562 2922 καὶ
3595 2871 3711 2922 καλ

2161 2961 2351 3030 λονῆς
2387 2959 2725 3030 κτισμάτων
2769 2961 3080 3029 ἀναλόγως
3113 2963 3144 3014 ὁ
3181 2959 3598 3030 γενεσιοιφγύς
3629 2959 3744 3014 αὐ·-

2157 3057 2276 3110 τῶν
2299 3054 2590 3124 θεωρεῖται
2607 3073 2618 3084 ·
2647 3054 2760 3118 καὶ,
2797 3055 2872 3108 Τὰ
2893 3055 3114 3121 ἀόρατα
3133 3052 3320 3107 αὑτοῦ
3349 3051 3468 3106 ἀπὸ
3493 3053 3746 3120 κτίσεως

2159 3149 2390 3216 κόσμου
2425 3147 2548 3212 τοῖς
2579 3145 2870 3214 ποιήμασι
2907 3147 3202 3214 νοούμενα
3233 3142 3574 3213 uado-ptitur
3603 3145 3641 3214 ἢ
3676 3163 3742 3200 τε

2164 3238 2352 3304 ἀΐδιος
2383 3237 2568 3292 αὐτοῦ
2602 3238 2852 3306 δύναμις
2885 3235 2982 3289 καὶ
3013 3237 3242 3304 θεότης.
3283 3237 3343 3288 ’0
3375 3231 3465 3290 οῦν
3497 3237 3622 3300 τοὺς
3649 3238 3740 3290 οὐ-

2166 3333 2360 3404 ρανοὺς
2403 3330 2636 3400 νομίζων
2669 3329 2790 3398 δίχα
2829 3329 2972 3391 τινὸς
3003 3328 3390 3400 δημιουργικοῦ
3441 3327 3596 3397 λόγου
3643 3329 3738 3382 καὶ

2164 3424 2314 3487 θείας
2339 3423 2468 3476 ἄνευ
2501 3423 2781 3493 δυνάμεως
2811 3423 3038 3485 ἑαυτοὺς
3071 3421 3494 3492 ὑποστήσασθαι,
3527 3422 3621 3475 καὶ
3642 3419 3736 3474 τοῦ

2159 3515 2376 3571 τοσοῦδε
2409 3515 2670 3586 μεγέθους
2709 3516 2802 3568 καὶ
2831 3513 2923 3568 τοῦ
2967 3512 3170 3566 τοιοῦδε
3203 3514 3500 3584 σχήματος,
3547 3513 3646 3583 τῆς
3677 3529 3736 3565 τε

2157 3607 2451 3672 εὐσταθοῦς
2503 3608 2596 3662 καὶ
2647 3609 2908 3661 εὐτάκτου
2941 3608 3208 3678 κινήσεως
3257 3608 3357 3678 τὴν
3409 3605 3586 3658 αἰτίαν
3625 3607 3737 3668 τοῖς

2159 3701 2404 3772 σώμασιν
2431 3701 2609 3754 αὐτῶν
2637 3701 3022 3772 προσγράφων,
3053 3699 3240 3772 ἄφρων
3271 3699 3366 3752 καὶ
3395 3699 3616 3770 ἀσεϐής.
3640 3698 3734 3752 Διὸ

2155 3796 2280 3858 τοὺς
2313 3794 2560 3865 ἔμφρονα
2591 3793 2714 3846 νοῦν
2743 3792 3114 3862 κεκτημένους
3157 3793 3422 3864 προσήκει
3453 3791 3735 3861 συνομολο·

2156 3889 2271 3956 γείν
2307 3884 2588 3956 μονονουχὶ
2636 3884 2822 3954 φωνῆς
2853 3883 3072 3936 ἀκούειν
3115 3882 3260 3953 ἔργῳ
3311 3881 3518 3953 βοὼσης
3555 3880 3734 3934 αὐτῶν

2157 3977 2263 4030 τῶν
2305 3976 2574 4048 οὐρανῶν,
2617 3976 2716 4046 τὴν
2754 3975 3068 4046 πρέπουσαν
3110 3975 3265 4040 δόξαν
3303 3975 3735 4046 ἀναπεμπόντων

2155 4067 2232 4138 τῷ
2264 4067 2469 4121 ἑαυτῶν
2501 4069 2693 4138 ποιητῇ
2725 4069 2817 4120 καὶ
2841 4067 3155 4138 δημιουργῷ
3183 4067 3320 4138 Θεῷ.

471 4157 602 4206 ειιιιι
637 4165 734 4218 par
773 4159 858 4204 est
897 4169 1002 4205 una
1063 4155 1333 4221 conﬁteri,
1381 4177 1440 4215 se
1487 4169 1697 4218 tantum
1741 4183 1849 4220 non
1909 4169 2097 4222 audire
2133 4169 2398 4220 cmlorum
2445 4179 2656 4230 vocem,
2721 4164 2806 4218 vel
2851 4163 2970 4233 ipso
3009 4177 3172 4233 opere
3209 4163 3558 4226 clamantem,
3597 4175 3732 4216 con-

475 4254 868 4318 gruentemque
911 4247 1042 4311 Deo,
1083 4251 1274 4307 factori
1309 4265 1365 4310 et
1413 4257 1594 4328 opiﬁci
1639 4277 1760 4325 suo,
1801 4264 2029 4332 gloriam
2067 4265 2429 4318 emittentem.

548 4337 674 4391 Pari
717 4353 935 4407 quoque
972 4341 1133 4396 modo
1173 4345 1595 4412 lirmamentum,
1632 4353 1776 4420 quod
1805 4354 2047 4408 secunda

2227 4353 2380 4407 Οὕτω
2417 4353 2470 4406 δὲ
2504 4355 2596 4408 καὶ
2623 4353 2684 4406 τὸ
2716 4355 3019 4425 στερέωμα,
3050 4353 3076 4406 ὃ
3107 4354 3168 4424 δὴ
3201 4354 3438 4422 Μωύσῆς
3463 4353 3603 4408 κατὰ
3632 4352 3729 4426 τὴν

407 4497 412 4500 _
475 4429 770 4486 creationis
803 4428 891 4484 die
925 4429 1139 4501 Moyses
1181 4433 1380 4489 factum
1430 4438 1757 4508 declaravit;
1809 4443 1913 4496 hoc
1961 4444 2048 4497 in-

2159 4444 2410 4516 δευτέραν
2433 4445 2644 4516 ἡμέραν
2668 4445 2766 4516 τῆς
2790 4445 3144 4515 κοσμοποιίας
3167 4445 3444 4512 γεγονέναι
3469 4445 3726 4517 παρίστη-

474 4535 640 4590 quam
685 4519 1108 4584 ﬁrmamentum,
1147 4525 1292 4594 quod
1328 4528 1473 4582 aliud
1517 4538 1601 4584 cst
1639 4547 1667 4584 a
1693 4532 1806 4600 jam
1843 4550 2046 4591 memo-

475 4611 825 4676 ratis.cmlis,
855 4613 1110 4669 omnibus
1143 4617 1421 4686 praedicat,
1465 4627 1518 4673 et
1545 4621 1795 4678 similiter
1823 4625 2041 4693 clamat,

478 4702 817 4770 indicatque,
873 4717 934 4756 se
973 4718 1079 4756 non
1117 4712 1416 4774 spontanea
1465 4709 1759 4764 coalitione
1793 4711 1848 4764 in
1884 4712 2044 4766 talem

477 4792 706 4846 formam
738 4792 1068 4858 deductum;
1117 4795 1210 4848 sed
1243 4811 1380 4866 Opus
1411 4813 1536 4853 esse
1579 4801 1824 4856 omnium
1865 4819 2046 4858 rerum

475 4881 778 4936 conditoris
811 4881 926 4936 Dei.
977 4882 1343 4948 Quamobrem
1375 4888 1582 4944 dictum
1623 4899 1739 4946 est:
1795 4892 1866 4945 Et
1889 4909 2046 4962 opera

475 4988 726 5025 manuum
749 4974 862 5042 ejus
903 4977 1186 5030 annuntiat
1228 4979 1642 5046 ﬁrmamentum.
1675 4983 1910 5041 Noverat
1947 5005 2044 5042 att-

473 5069 582 5118 tcm
628 5063 862 5135 Moyses,
903 5075 1028 5122 ante
1069 5069 1392 5128 ﬁrmamenti
1435 5079 1898 5132 constructionem
1927 5094 2042 5134 cm-

475 5157 608 5218 lum,
661 5157 744 5210 vel
781 5158 1098 5229 priusquam
1156 5161 1272 5218 dies
1315 5166 1487 5232 ﬁeret,
1521 5169 1800 5222 conditum
1835 5169 2042 5238 fuisse;

475 5261 600 5299 nam
642 5245 803 5301 dicit:
851 5248 914 5302 In
957 5251 1219 5321 principio
1251 5255 1374 5322 fecit
1425 5257 1565 5312 Deus
1613 5261 1802 5314 caelum
1850 5272 1900 5314 et
1935 5271 2044 5315 ter-

475 5355 592 5390 ram
615 5339 682 5390 θ’.
730 5339 808 5394 Ac
851 5343 1109 5414 deinceps
1157 5355 1280 5416 post
1325 5351 1558 5418 primum
1597 5355 1796 5406 cazlum
1848 5356 2041 5408 condi-

473 5439 609 5493 tum,
642 5431 779 5486 lucis
811 5434 918 5486 vim
948 5453 1010 5489 ac
1049 5441 1380 5494 creationem
1415 5443 1590 5510 aﬁert,
1624 5447 1894 5515 docetque
1935 5448 2040 5501 luci

474 5519 582 5577 diei
635 5539 832 5579 nomen
880 5526 1133 5588 inditum.
1185 5531 1498 5604 factumque
1554 5535 1724 5591 fuisse
1787 5551 1946 5591 mane
1990 5549 2043 5592 et

472 5629 696 5684 vespere
723 5616 864 5671 diem
895 5621 1149 5690 primum.
1195 5623 1387 5681 Postea
1421 5627 1513 5682 ubi
1552 5628 1848 5683 secundant
1883 5629 2038 5685 ordi-

547 5767 589 5802 '°
616 5769 742 5844 Sap.
799 5791 916 5848 xui,
952 5779 1002 5834 5.
1081 5781 1124 5814 ⁸³
1153 5781 1310 5838 Rom.
1357 5800 1392 5852 ι,
1430 5783 1516 5840 ξιο.
1597 5787 1640 5816 ’³³
1666 5785 1860 5844 Grues.
1899 5803 1940 5850 I,
1995 5787 2026 5842 Ι.

2154 4539 2246 4590 καὶ
2278 4537 2435 4590 τοῦτο
2479 4539 2765 4610 τοιγαροῦν
2805 4539 2866 4591 τὸ
2913 4538 3213 4608 στερέωμα,
3263 4538 3447 4610 ἕτερον
3487 4537 3545 4592 ὃν
3577 4537 3730 4610 παρὰ

2151 4626 2277 4688 τοὺς
2311 4627 2838 4698 προωνομασμένους
2865 4628 3144 4698 οὐρανοὺς,
3175 4627 3431 4698 κηρύττει
3454 4631 3565 4691 τοῖς
3595 4631 3728 4680 πᾶσι

2156 4718 2248 4770 καὶ
2277 4717 2514 4788 κέκραγε
2547 4719 2830 4782 διδάσκων,
2879 4720 2958 4772 ὅτι
2993 4719 3066 4790 μὴ
3092 4719 3150 4784 ἐξ
3193 4721 3496 4792 αὐτομάτου
3528 4723 3730 4776 τοιόνδε

2157 4809 2362 4879 ὑπέστη
2390 4825 2400 4836 ·
2429 4811 2590 4880 ἔργον
2614 4811 2670 4862 δέ
2711 4811 2824 4862 ἐστι
2851 4811 2944 4864 καὶ
2989 4811 3122 4864 αὐτὸ
3152 4810 3244 4864 τοῦ
3266 4813 3374 4864 τῶν
3411 4813 3546 4865 ὅλων
3575 4829 3728 4882 ποιη-

2153 4899 2246 4952 τοῦ
2281 4900 2445 4952 Θεοῦο
2501 4901 2581 4954 διὸ
2627 4899 2872 4970 εἴρηται·
2907 4901 3161 4968 Ποίησιν
3189 4901 3257 4954 δὲ
3299 4901 3514 4980 χωρῶν
3541 4899 3728 4955 αὐτοῦ

2151 4991 2508 5060 ἀναγγέλλει
2541 4991 2604 5044 τὸ
2638 4991 2956 5060 στείέωμα.
2993 4989 3112 5044 Οἵδε
3143 4993 3203 5059 δε
3226 4993 3466 5063 Μωῦσῆς
3495 4993 3602 5064 πρὸ
3629 4992 3728 5062 τῆς

2151 5083 2246 5136 τοῦ
2289 5083 2666 5154 στερεώματος
2707 5084 3014 5148 συστάσεως
3046 5085 3270 5157 οὐρανὸν
3311 5086 3576 5156 πρότερον
3627 5085 3726 5154 τῆς

2155 5177 2364 5246 ἡμέρας
2397 5175 2776 5245 γεγενημένον,
2811 5176 3008 5244 λέγων·
3055 5179 3156 5230 Ἐν
3181 5177 3338 5246 ἀρχῇ
3373 5177 3662 5244 ἐποίησεν
3691 5181 3726 5230 ό

2157 5269 2300 5332 Θεὸς
2349 5269 2452 5320 τὸν
2473 5267 2732 5334 οιίίνανὸν
2762 5269 2858 5321 καὶ
2893 5269 3004 5338 τὴν
3031 5269 3162 5342 γῆν.
3201 5271 3356 5340 Ἑξῆς
3392 5271 3437 5323 δ’
3466 5267 3558 5324 οὖν
3589 5267 3722 5342 μετά

2151 5357 2247 5429 τὴν
2276 5360 2489 5428 ποίησιν
2517 5357 2610 5411 τοῦ
2641 5357 2852 5428 πρώτου
2880 5360 3106 5432 οὐρανοῦ
3139 5362 3314 5431 φωτὸς
3335 5363 3542 5428 εἰσάγει
3569 5359 3720 5413 δύνα-

2155 5469 2246 5521 μιν
2267 5451 2600 5518 καὶγένεσιν,
2627 5451 2840 5521 ἡμέραν
2861 5471 2917 5504 τε
2942 5451 3182 5506 διδάσκει
3196 5452 3255 5505 τὸ
3273 5453 3384 5520 φῶς
3405 5452 3719 5519 κεκλῆσθαι,

2153 5543 2428 5610 γεγονέναι
2451 5561 2506 5594 τε
2535 5545 2744 5614 πρωίαν
2769 5545 2900 5616 φησὶ
2929 5546 3034 5604 καὶ,
3054 5546 3311 5615 ἑσπέραν,
3339 5545 3548 5616 ἡμέραν
3569 5545 3718 5616 μίαν.

2151 5629 2281 5687 Εἶτα
2295 5633 2544 5704 δευτέρας
2560 5635 2662 5706 ἡμὲ
2672 5652 2768 5706 ρας
2784 5636 3098 5706 ἀρχόμενος,
3112 5635 3210 5708 τὴν
3231 5635 3321 5690 τοῦ
3347 5635 3722 5708 στερεώμςιτυσ
