4010 6548
269 386 293 447 Ι
303 384 373 446 89

1416 372 1923 434 COMMENTARIA
1961 370 2028 428 ΙΝ
2067 369 2406 428 PSALMOS.

3419 373 3522 435 l90

263 498 473 566 εισάγει
498 495 735 566 ποίησιν.
777 490 899 547 Οἵδε
927 492 988 546 δὲ
1015 490 1049 562 ή
1073 488 1262 562 Γραφὴ
1292 488 1387 542 καὶ
1439 488 1659 552 πλείους
1686 489 1837 559 οὐρα-

1957 492 2048 539 tur
2079 485 2244 551 diem,
2276 484 2606 541 ﬁrmamenti
2624 483 2952 542 creationem
2976 484 3204 541 inducit.
3240 484 3524 558 Scriptura
3584 548 3585 551 η

264 588 389 653 vati;
406 606 418 619 '
450 589 532 641 διό
564 602 729 659 φησιν
746 602 760 615 ·
790 583 1017 639 Αἰνεῖτε
1045 581 1154 636 τὸν
1180 582 1398 649 Κύριον
1420 580 1490 633 ἐκ
1526 579 1644 634 τῶν
1669 582 1846 648 σύρα-

263 681 417 737 νῶν·
457 680 551 734 καὶ
604 677 797 731 πάλιν·
833 673 1062 729 Αἰνεῖτε
1105 672 1291 725 αὐτὸν
1337 674 1393 726 οὶ
1444 668 1687 739 οὐρανοὶ
1733 669 1853 723 τῶν

264 770 557 842 οὐρανῶν,
587 769 688 825 καὶ
719 769 784 823 τὸ
813 767 968 836 ὕδωρ
992 768 1057 820 τὸ
1097 764 1374 833 ὑπεράνω
1405 762 1525 817 τῶν
1542 762 1846 831 οὐρανῶν·

264 868 359 921 καὶ
384 865 619 936 ἀλλαχοῦ
661 862 907 935 εἴρηται·
948 861 1010 914 Ὀ
1037 858 1295 928 οὐρανὸς
1332 857 1439 912 τοῦ
1482 858 1742 927 ούρανοῦ
1770 857 1851 924 τῷ

261 959 477 1028 Κυρίῳ.
490 958 599 1010 Ku‘t
608 957 670 1010 τὸ
682 955 963 1027 στερέωμα
975 953 1236 1023 κέκληται
1251 951 1498 1023 οὐρανὸς,
1512 951 1608 1004 καὶ
1622 953 1650 1004 ὁ
1662 951 1813 1024 Σωτὴ
1821 969 1851 1023 ρ

262 1050 362 1123 τήν
394 1049 667 1122 βασιλείαν
697 1047 806 1102 τῶν
839 1044 1082 1119 οὐρανῶν
1130 1045 1543 1114 ἐπαγγέλλεται,
1573 1044 1666 1099 xui
1693 1046 1750 1098 ὲν
1782 1047 1846 1116 τῇ

263 1143 397 1215 εὐχῇ
413 1143 651 1197 διδάσκει
666 1143 839 1195 εἰπεῖν
854 1158 867 1171 ·
887 1140 1077 1208 Πάτερ
1095 1136 1309 1208 ήμῶνό
1324 1139 1395 1192 ἐν
1410 1136 1533 1204 τοῖς
1549 1137 1847 1207 οὐρανοῖς,

261 1234 376 1300 καὶ,
404 1235 474 1288 At
499 1232 782 1303 δυνάμεις
815 1230 935 1285 τῶν
964 1229 1239 1299 οὐρανῶν
1266 1227 1773 1295 σαλευθήσονται.

345 1413 559 1483 Ἡμέρα
576 1412 653 1480 τῇ
673 1411 863 1482 ἡμέρᾳ
885 1412 1189 1481 ἐρεύγεται
1203 1410 1390 1481 ῥῆμα,
1416 1413 1512 1467 καὶ
1538 1411 1656 1478 νὺξ
1673 1413 1849 1468 νυκτί

259 1506 615 1574 ἀναγγέλλει
658 1503 906 1574 γνῶσιν.
948 1504 1199 1558 Διδάσκει
1253 1505 1441 1576 ήμέρα
1484 1505 1578 1559 xui.
1607 1506 1853 1564 διδάσκει

258 1596 353 1662 νὺξ
380 1597 506 1650 τοὺς
544 1595 827 1659 ἐθέλοντας
866 1594 1235 1660 παιδεύεσθαι,
1268 1596 1368 1667 ὅση
1396 1596 1482 1659 τίς
1520 1597 1668 1651 ἐστιν
1696 1597 1730 1668 ή
1762 1615 1849 1650 σο-

257 1688 355 1757 φία
385 1691 419 1760 ή
451 1688 690 1760 άῤῥητος
729 1688 825 1741 καὶ
856 1686 1228 1759 ἀπερίληπτος
1264 1687 1493 1758 δύναμις
1513 1689 1606 1742 τοῦ
1641 1690 1708 1743 τὰ
1735 1689 1849 1742 δια-

257 1782 510 1853 στήματα
547 1782 655 1836 τῶν
683 1781 891 1854 χρόνων
932 1782 1446 1852 καταμετρήσαντος
1482 1783 1667 1845 αὐτοῖς
1690 1782 1843 1835 Θεοῦ.

1957 590 2086 630 vero
2115 575 2425 645 complures
2449 574 2620 630 caelos
2664 574 2816 629 novit
2847 572 3231 647 admittitque;
3262 578 3526 648 quocirca

1955 666 2113 723 dicit:
2162 666 2403 722 Laudate
2456 666 2744 722 Dominum
2787 667 2852 723 de
2880 669 3024 724 caelis
3042 669 3126 737 ⁸³;
3157 684 3222 724 ac
3260 685 3521 728 rursum:

1954 758 2199 813 Laudate
2242 775 2382 822 eum,
2438 760 2556 814 coeti
2611 760 2886 825 caelorum,
2920 770 2969 816 et
3002 777 3140 831 aqua
3192 763 3363 817 omnis
3408 770 3528 834 qua

1954 866 2109 919 super
2141 852 2295 905 caios
2335 861 2411 906 est
2431 851 2497 906 ⁸⁵.
2544 851 2690 907 Alibi
2740 868 2958 923 quoque
3002 853 3209 908 dictum
3249 854 3522 912 occurrit:

1955 938 2163 997 Cretum
2211 941 2329 996 caeli
2381 941 2610 995 Domino
2635 942 2702 997 ⁸⁸.
2758 941 3190 1001 Firmamentum
3238 945 3369 1000 item
3406 958 3525 1001 cm-

1952 1034 2064 1087 lum
2093 1040 2344 1099 vocatur,
2381 1043 2435 1089 et
2468 1032 2720 1088 Salvator
2750 1050 2976 1105 regnum
3008 1035 3273 1090 caelorum
3308 1035 3528 1105 pollice-

1950 1130 2063 1188 tur,
2092 1140 2156 1179 ac
2194 1126 2267 1179 ita
2298 1125 2635 1196 precandum
2667 1140 2798 1181 esse
2826 1126 3099 1181 instituit:
3127 1126 3291 1181 Pater
3325 1137 3525 1195 noster,

1949 1219 2039 1288 qui
2082 1235 2135 1273 es
2157 1220 2209 1273 in
2266 1218 2496 1283 cretis“;
2542 1225 2641 1274 ct:
2677 1216 2907 1273 Virtutes
2953 1217 3205 1272 calorum
3235 1218 3519 1275 movebun-

1950 1317 2037 1363 tur
2058 1312 2124 1341 37'

2020 1398 2267 1456 Vens?»
2317 1400 2443 1455 Dies
2484 1399 2594 1454 diei
2629 1408 2836 1455 eructat
2880 1398 3114 1465 uerbum,
3156 1411 3207 1454 et
3240 1415 3345 1454 non:
3384 1401 3525 1454 nocti

1950 1493 2150 1548 iudicat
2198 1495 2497 1549 scientiam.
2552 1493 2721 1548 Docet
2769 1493 2909 1558 dies,
2941 1492 3101 1548 docet
3139 1492 3378 1563 itemque
3414 1507 3526 1549 nox

1948 1603 2046 1642 eos
2068 1587 2161 1657 qui
2197 1588 2412 1642 institui
2441 1593 2755 1657 per0ptant,
2790 1601 2958 1656 quam
2988 1584 3280 1640 ineti‘abilis
3304 1585 3524 1656 sapien~

1948 1680 2046 1743 tia,
2099 1694 2264 1750 quam
2296 1678 2870 1748 incomprehensibilis
2923 1677 3102 1733 virtus
3148 1676 3220 1733 sit
3274 1676 3391 1743 Dei,
3427 1678 3522 1748 qui

1950 1770 2085 1840 ipsis
2123 1781 2426 1841 temporum
2473 1770 2759 1825 intervalla
2801 1769 3083 1825 dimensus
3115 1777 3224 1824 est.
3280 1767 3337 1823 Si
3367 1782 3524 1824 nam-

255 1874 316 1926 Εί
350 1874 450 1945 μὲν
478 1874 588 1946 γὰρ
629 1873 818 1944 μηδεὶς
856 1868 926 1944 ἦν
956 1875 985 1925 ὁ
1021 1873 1116 1925 xui.
1142 1872 1368 1936 ταύταις
1395 1872 1565 1945 ὥραις
1600 1874 1695 1926 xui.
1722 1873 1837 1944 χρό-

1951 1878 2058 1932 que
2111 1864 2295 1919 nullus
2344 1871 2491 1918 esset
2537 1863 2632 1933 qui
2688 1862 2777 1917 his
2808 1862 3231 1932 tempestatibus
3260 1862 3434 1932 spatia
3466 1867 3525 1917 et

252 1980 380 2028 νους
411 1966 507 2018 xui.
551 1964 779 2035 καιροὺς
827 1961 1241 2033 διαταξάμενος,
1277 1963 1597 2035 ἁπρονοήτῳ
1644 1963 1702 2016 δὲ
1754 1964 1848 2017 καὶ

252 2058 438 2130 ἀλόγῳ
459 2060 674 2129 κινήσει
700 2059 843 2113 κατά
859 2075 912 2111 τι
934 2057 1200 2129 σύμϐαμα
1228 2060 1513 2129 τυχιμαῶν
1562 2057 1847 2127 ὑφεστῶτα

251 2148 356 2222 ἦν’
387 2153 557 2224 ἐχρῆν
582 2152 753 2224 δήπου
784 2152 858 2224 μή
890 2154 962 2206 τά
992 2150 1082 2204 ῐσα
1119 2150 1463 2222 διαστήματα
1488 2150 1595 2204 τῶν
1625 2150 1845 2222 ήμερῶν

251 2245 344 2298 διὰ
372 2245 572 2309 παντὸς
609 2245 705 2299 τοῦ
737 2244 932 2308 αἰῶνος
976 2244 1293 2313 ὑφεστάναι,
1336 2242 1369 2315 ἢ
1406 2242 1846 2313 συγκεχυμένους

253 2333 436 2387 αὐτῶν
478 2330 615 2387 εἶναι
647 2334 775 2397 τοὺς
819 2334 1063 2405 καιροὺς,
1100 2334 1195 2386 xui
1224 2332 1323 2396 τὰς
1353 2332 1554 2396 νύκτας
1580 2331 1847 2386 δὲιὼσαύ-

249 2439 361 2492 τως
379 2428 504 2498 είκῆ
525 2430 619 2482 καὶ
635 2427 711 2492 ὡς
735 2427 924 2497 ἔτυχεν
945 2427 1225 2499 φέρεσθαι.
1254 2427 1500 2496 ’Δλογίας
1519 2426 1626 2499 γὰρ
1640 2425 1842 2497 ἀδελφὴ

250 2519 469 2586 ἀταξία,
502 2520 596 2573 xui.
631 2517 709 2590 τῷ
730 2519 1002 2591 τυχιμαίῳ
1030 2517 1221 2571 ἕπεται
1255 2517 1512 2589 σύγχυσις
1530 2535 1543 2547 ·
1568 2518 1644 2580 ὡς
1665 2517 1843 2588 ἐμπα-

249 2612 333 2665 λιν
365 2612 549 2683 πάσης
579 2610 830 2676 εὐταξίας
880 2612 1092 2682 ήγεῖται
1144 2610 1319 2681 λόγος,
1368 2611 1630 2683 ἁρμονίας
1660 2628 1720 2663 τε
1748 2610 1843 2665 xui.

249 2706 572 2776 συμφωνίας
594 2708 805 2778 ἡγεῖται
836 2706 1013 2775 σοφία.
1058 2707 1118 2758 Αἱ
1143 2705 1325 2758 τοίνυν
1350 2704 1554 2758 τούτων
1584 2705 1721 2777 πρὸς
1748 2703 1844 2757 ἁλ-

246 2799 417 2872 λήλας
462 2803 689 2874 ἀμοιϐαὶ
733 2804 827 2857 καὶ
861 2803 1259 2875 ὑποχωρήσεις,
1301 2802 1431 2855 ποτὲ
1481 2801 1580 2872 μὲν
1618 2801 1842 2875 ἡμερῶν

250 2899 670 2968 μηκυνομένων,
712 2897 1114 2970 ὑποχωρουσῶν
1145 2898 1202 2950 δὲ
1234 2896 1414 2951 αὐτῶν
1445 2895 1676 2962 νυκτῶν,
1711 2895 1841 2948 ποτὲ

240 2990 299 3044 δὲ
326 2990 442 3045 τῶν
466 2991 675 3045 νυκτῶν
716 2993 776 3045 τὸ
823 2991 1340 3063 προδεδανεισμένον
1374 2992 1531 3063 χρέος
1568 2991 1707 3044 κατὰ
1741 2992 1842 3063 τὴν

239 3086 350 3139 τῶν
376 3084 545 3156 ὡρῶν
574 3086 802 3159 αὔξησιν
823 3085 1345 3157 ἁπολαμϐανουσῶν,
1382 3086 1663 3157 μονονουχὶ
1685 3084 1843 3154 φθέγ-

240 3194 435 3245 γονται
484 3176 578 3230 καὶ
611 3176 829 3231 λαλοῦσι
880 3175 1090 3251 μεγάλῃ
1132 3179 1286 3249 φωνῇ
1319 3180 1385 3248 τῇ
1429 3178 1690 3249 πανσόφῳ
1721 3177 1838 3231 δια-

236 3268 391 3332 τάξει
426 3267 526 3321 τοῦ
553 3267 680 3347 ⁵τῶν
704 3266 841 3321 ὅλων
880 3267 1254 3340 μαρτυροῦσαι
1292 3267 1450 3333 Θεοῦ,
1494 3269 1587 3322 καὶ
1634 3269 1838 3342 κηρύτ-

234 3378 420 3414 τουσιν
465 3359 772 3433 ἀνθρώποις
808 3361 907 3432 τὴν
940 3360 1036 3414 τοῦ
1067 3360 1203 3414 Θεοῦ
1234 3360 1461 3431 γνῶσινο
1498 3360 1639 3414 οὕτω
1665 3361 1723 3415 δὲ
1750 3380 1840 3416 κε-

232 3452 511 3524 κραγόσιν
565 3452 746 3515 αὐτοῖς
799 3451 983 3525 ἔργοις
1031 3454 1087 3505 αἱ
1141 3452 1248 3506 τῶν
1301 3452 1527 3525 ἡμερῶν
1580 3453 1675 3506 xui.
1731 3452 1839 3506 τῶν

233 3543 460 3597 νυκτῶν
510 3543 688 3611 φωναὶ
736 3547 848 3607 τοῖς
892 3544 1108 3597 ἐπαΐειν
1156 3543 1336 3597 αὐτῶν
1377 3544 1715 3615 δυναμένοις,
1763 3545 1840 3610 ὡς

240 3635 521 3717 μηδεμίαν
561 3634 731 3706 ἀκοὴν
773 3634 1055 3689 λανθάνειν
1081 3635 1179 3707 τὴν
1199 3634 1541 3690 διδασκαλίαν
1565 3636 1762 3691 αὐτῶν.

230 3814 233 3853 ἶ
268 3816 271 3819 ’
311 3814 687 3886 Πεπλήρωται
713 3811 844 3883 γοῦν
868 3814 900 3883 ἡ
930 3812 1189 3883 σύμπασα
1210 3810 1326 3865 τῶν
1345 3810 1646 3883 ἀνθρώπων
1671 3814 1841 3866 οἰκου-

242 3908 380 3979 μένη
415 3905 521 3976 τῆς
548 3904 823 3976 εὐρύθμου
853 3904 948 3958 xui
969 3902 1263 3974 άμοιὸαίας
1292 3901 1471 3956 αὐτῶν
1494 3903 1712 3975 χορείας
1735 3921 1749 3936 ο
1772 3904 1837 3958 δι’

236 4000 275 4055 ἃ
316 4000 607 4054 λέλεκται·
641 4000 764 4054 Οὐκ
812 3997 931 4051 εισι
964 3996 1172 4051 λαλιαὶ
1213 3994 1354 4051 οὐδὲ
1395 3996 1563 4066 λόγοι
1591 3989 1677 4050 ὧν
1703 3997 1839 4066 οὐχὶ

236 4093 568 4148 ἀκούονται
598 4091 658 4143 al
696 4088 886 4159 φωναὶ
925 4086 1144 4142 αὐτῶν.
1191 4088 1295 4153 Εἰς
1327 4084 1537 4142 πᾶσαν
1560 4085 1675 4154 τὴν
1720 4086 1839 4157 γῆν

233 4185 498 4254 ἐξῆλθεν
525 4184 569 4236 ό
597 4184 858 4252 φθόγγος
889 4180 1109 4247 αὐτῶν,
1135 4179 1234 4234 καὶ
1264 4182 1351 4247 εἰς
1384 4177 1456 4232 τὰ
1477 4178 1704 4248 πέρατα
1727 4178 1838 4249 τῆς

235 4274 603 4346 οἰκουμένης
644 4271 717 4326 τὰ
751 4271 985 4341 ῥήματα
1014 4270 1245 4326 αὐτῶν·
1295 4270 1452 4341 δῆλον
1484 4270 1562 4334 δὲ,
1600 4272 1683 4325 ὅτι
1727 4270 1835 4324 τῶν

240 4366 462 4439 ἡμερῶν
492 4364 593 4419 xui.
624 4362 734 4416 τῶν
761 4361 991 4424 νυκτῶν,
1026 4358 1133 4413 τῶν
1175 4376 1236 4412 τε
1281 4357 1688 4427 διηγουμένων
1721 4357 1836 4425 τὴν

241 4460 347 4515 τοῦ
375 4458 526 4514 Θεοῦ
548 4456 743 4520 δόξαν
766 4454 1031 4526 οὐρανῶν,
1057 4452 1150 4505 xui.
1176 4448 1272 4503 τοῦ
1300 4448 1416 4518 τὴν
1439 4450 1690 4519 ποίησιν
1718 4447 1835 4502 τῶν

242 4553 454 4624 χειρῶν
483 4550 678 4607 αὐτοῦ
714 4548 1190 4620 ἐξαγγέλλοντος
1228 4542 1625 4616 στερεώματος.
1666 4541 1835 4596 Ἔνθα
1868 4574 1909 4628 D

240 4646 294 4700 δὲ
324 4645 606 4718 γενομένῳ
658 4659 747 4713 μοι
797 4636 1100 4711 θαυμάζειν
1155 4636 1386 4700 ἔπεισιν,
1422 4635 1571 4698 ὅπως
1608 4636 1637 4687 ὁ
1689 4633 1832 4705 ἱερὸς

241 4739 535 4801 ἀπόστολος
557 4736 623 4789 τό
649 4751 662 4765 ·
684 4736 790 4799 Εἰς
815 4730 1022 4787 πᾶσαν
1042 4730 1157 4798 τὴν
1181 4727 1298 4799 γῆν
1322 4726 1582 4796 ἐξῆλθεν
1605 4729 1638 4781 ὀ
1659 4727 1833 4796 φθόπι

242 4849 345 4903 γος
372 4830 594 4892 αὐτῶν,
635 4825 736 4881 καὶ
770 4828 859 4891 εὶς
886 4824 959 4878 τὰ
986 4822 1213 4892 πέρατα
1234 4819 1344 4890 τῆς
1372 4819 1729 4889 οἰκουμένης
1756 4818 1828 4873 τὰ

234 4925 471 4995 ῥήματα
492 4918 720 4987 αὐτῶν,
752 4919 845 4971 ἐπὶ
875 4918 999 4979 τοὺς
1046 4913 1295 4987 μαθητὰς
1323 4913 1417 4968 καὶ
1440 4907 1831 4979 εὐαγγελιστάς

241 5019 332 5073 xui.
377 5016 716 5076 ἀποστόλους
742 5011 837 5073 τοῦ
873 5010 1123 5081 Σωτῆρος
1159 5005 1316 5079 ἡμῶν
1346 5006 1645 5077 ἀνήνεγκεν
1678 5004 1735 5054 ὲν
1765 5002 1831 5070 τῇ

240 5113 373 5186 πρὸς
411 5110 726 5181 Ῥωμαίους
743 5104 1047 5175 Ἐπιστολῇ.
1096 5100 1430 5186 Ἐπιστήσας
1462 5098 1520 5151 δὲ
1566 5096 1657 5148 τὸν
1705 5091 1829 5146 νοῦν

245 5184 308 5276 τῇ
330 5200 669 5270 ἀποστολικῇ
694 5195 858 5261 λέξει,
882 5194 1087 5267 σφόδρα
1106 5191 1349 5266 ἀκριϐῶς
1369 5184 1526 5262 εὗρον
1550 5186 1713 5243 αὐτὸν
1742 5202 1834 5276 κα-

186 5287 195 5311 ⁹
243 5293 591 5368 ταχρηστικῷ
606 5291 799 5362 τρόπῳ
813 5287 1083 5359 εὐκαίρως
1098 5285 1196 5358 τὴν
1213 5283 1514 5356 παράθεσιν
1528 5279 1832 5351 πεποιημέ-

244 5408 351 5445 νον·
379 5392 439 5446 οὐ
472 5390 581 5462 γὰρ
608 5388 797 5457 ὥσπερ
822 5382 951 5437 ποτὲ
969 5382 1067 5452 μὲν
1088 5380 1218 5451 ἔφη·
1262 5379 1512 5444 Ἡσαΐας
1529 5376 1597 5430 δὲ
1635 5372 1827 5444 κράζει

245 5482 393 5553 ὑπὲρ
442 5483 548 5537 τοῦ
613 5474 882 5548 Ἰσραὴλ,
937 5474 1069 5528 ποτὲ
1122 5472 1199 5536 δὲ,
1229 5470 1424 5536 καθὼς
1475 5466 1828 5536 προείρηκεν

254 5575 492 5641 Ἡσαΐας
512 5593 524 5605 ·
549 5575 645 5628 καὶ
674 5570 863 5624 πάλινο
895 5567 1099 5632 Καθὼς
1128 5566 1477 5636 γέγραπται·
1510 5558 1603 5614 καὶ
1635 5554 1791 5621 αὖθις
1810 5574 1822 5586 ·

310 5762 355 5792 ⁸³
379 5759 520 5815 Psal.
544 5770 768 5815 csum,
799 5752 848 5806 l.
926 5751 970 5779 θλ
1010 5749 1141 5804 ibid.
1174 5749 1224 5802 μί.
1302 5748 1348 5778 ⁸⁸
1371 5745 1513 5825 Psal.
1548 5757 1703 5808 cxiii,
1754 5740 1836 5796 lti.

1945 5741 1954 5771 ⁵
1985 5737 2174 5795 Matth.
2210 5752 2284 5806 vn,
2312 5736 2364 5791 9.

255 5848 298 5894 θ’
321 5856 474 5915 Rom.
508 5874 582 5924 nt,
613 5853 702 5908 27.
777 5852 822 5886 ⁹⁰
845 5848 980 5910 ibid.
1015 5840 1105 5904 99.
1143 5844 1227 5901 "l
1260 5846 1387 5902 Cor.
1422 5859 1460 5912 ι,
1501 5842 1586 5899 51.

1949 1955 2245 2010 intersnitia
2274 1955 2643 2025 destinasset,
2676 1953 2770 2009 sed
2812 1954 3104 2008 temerario
3130 1962 3184 2008 et
3212 1953 3524 2009 inconside-

1949 2051 2070 2097 rato
2102 2052 2253 2099 motu
2303 2053 2479 2116 atque.
2524 2060 2658 2101 casu
2706 2046 2964 2116 quopiam
3011 2057 3127 2099 nam
3151 2045 3516 2111 exsisterent;

1946 2146 2220 2208 oporteret
2254 2154 2386 2194 sane
2423 2154 2532 2192 non
2553 2137 2855 2208 aequalibus
2886 2138 3080 2206 spatiis
3123 2137 3242 2192 dies
3266 2153 3295 2190 a
3320 2137 3524 2193 saeculo

1948 2228 2229 2283 ordinatas
2269 2228 2458 2296 fuisse,
2499 2237 2595 2283 aut
2639 2227 2871 2283 confusa
2905 2243 3117 2286 eurum.
3157 2228 3522 2298 similiterque

1945 2320 2187 2375 noctium
2214 2329 2481 2391 tempora,
2521 2336 2654 2376 casu
2688 2335 2753 2374 ac
2779 2319 3004 2375 fortuito
3032 2319 3258 2374 revolvi.
3304 2318 3521 2375 Etenim

1945 2412 2237 2467 temerario
2289 2415 2445 2469 casui
2497 2413 2760 2467 ﬁnitimus
2813 2421 2899 2467 est
2944 2411 3260 2467 inconditus
3322 2427 3509 2467 rerum

1944 2512 2146 2569 status,
2200 2512 2255 2559 et
2312 2503 2599 2560 fortuitam
2651 2519 2765 2559 rem
2820 2502 3072 2574 sequitur
3115 2502 3406 2571 confusio;
3460 2510 3521 2560 ut

1944 2597 2063 2653 vice
2098 2612 2258 2652 versa
2284 2606 2492 2652 rectum
2540 2596 2790 2653 ordinem
2846 2598 2986 2650 ratio
3027 2596 3236 2667 dirigit,
3274 2610 3517 2652 concen-

1944 2695 2170 2756 tumque
2212 2701 2276 2741 ac
2306 2685 2659 2741 concordiam
2732 2701 2915 2740 rerum
2966 2685 3238 2755 sapientia
3284 2684 3521 2741 admini-

1945 2786 2106 2835 strat.
2147 2778 2346 2834 Mutua:
2393 2793 2540 2833 sane
2572 2778 2794 2831 illorum
2840 2776 3250 2832 vicissitudines
3280 2784 3335 2832 et
3380 2792 3518 2831 con-

1943 2873 2261 2935 cessiones;
2290 2884 2418 2923 nam
2448 2869 2613 2923 modo
2639 2869 2782 2931 dies,
2808 2867 3143 2923 concedente
3181 2875 3360 2933 nocte,
3389 2881 3517 2937 pro-

1942 2962 2168 3017 lixiores
2207 2970 2359 3026 sunt,
2394 2942 2557 3015 modo
2584 2968 2776 3014 noctes
2803 2960 3046 3015 debitum
3088 2973 3153 3013 ac
3182 2967 3376 3014 mutuo
3416 2959 3513 3015 da-

1943 3062 2059 3107 tum
2097 3053 2333 3123 spatium
2364 3059 2524 3106 aucta
2563 3051 2740 3107 hieme
2775 3066 2840 3106 ac
2884 3057 3205 3119 tempestate
3232 3059 3515 3121 repetunt;

1944 3145 2080 3209 haec,
2118 3145 2367 3213 inquam,
2424 3150 2636 3196 tantum
2692 3156 2802 3196 non
2850 3138 3244 3207 vociferantur,
3304 3156 3369 3196 ac
3408 3157 3517 3198 ceu

1867 3228 1909 3286 C
1943 3238 2091 3293 edito
2122 3237 2365 3293 clamore
2423 3234 2903 3305 sapientissimum
2940 3234 3091 3287 illum
3127 3234 3195 3289 ab
3235 3234 3521 3292 universo.
3616 3220 3619 3225 ἱ

1942 3348 2062 3388 rum
2111 3330 2223 3387 Deo
2276 3333 2636 3386 constitutum
2699 3327 2953 3383 ordinem
2991 3327 3382 3397 depratdicant,
3416 3328 3519 3383 ho-

1942 3424 2292 3495 minibusque
2352 3421 2447 3478 Dei
2529 3421 2781 3477 notitiam
2846 3420 3201 3485 annuntiant.
3278 3418 3370 3475 Sic
3432 3420 3517 3476 vel

1941 3518 2074 3590 ipsis
2117 3518 2283 3589 gestis
2338 3516 2595 3587 operibus
2658 3515 2873 3570 dierum
2928 3513 3285 3584 noctiumque
3350 3529 3517 3572 voces

1942 3610 2009 3665 iis
2051 3612 2144 3680 qui
2171 3608 2363 3663 auditu
2394 3610 2585 3664 valent
2634 3607 2955 3671 inclamant,
3009 3612 3071 3659 ut
3126 3620 3223 3675 per
3270 3606 3516 3661 omnium

1941 3719 2104 3759 aures
2127 3701 2378 3758 doctrina
2406 3715 2600 3756 eorum
2628 3698 2910 3769 pervadat.

2014 3793 2321 3849 Universus
2353 3792 2540 3862 itaque
2562 3790 2734 3854 orbis,
2772 3789 2868 3860 qui
2914 3788 2982 3843 ab
3014 3788 3333 3844 hominibus
3361 3789 3515 3845 inco-

1941 3889 2093 3951 litur,
2133 3884 2420 3941 concinnis
2469 3880 2786 3953 hujusmodi
2820 3895 2886 3935 ac
2932 3880 3140 3936 mutuis
3173 3880 3389 3938 choreis
3429 3895 3517 3936 re-

1939 3982 2143 4053 pletum
2171 3985 2299 4044 est;
2345 3989 2516 4046 quare
2564 3972 2802 4028 dicitur:
2857 3970 3015 4026 Vera.
3048 3970 3104 4037 4,
3135 3971 3189 4026 5.
3241 3968 3366 4025 lion
3391 3979 3514 4026 sunt

1942 4071 2181 4143 loquelce,
2239 4084 2400 4139 neque
2450 4081 2736 4130 sermones,
2784 4080 3008 4134 quarunt
3065 4080 3167 4117 non
3221 4062 3515 4118 audiantur

1941 4180 2087 4219 uoces
2153 4177 2357 4217 eorum.
2443 4158 2513 4213 In
2586 4174 2791 4212 omnem
2856 4166 3055 4211 terram.
3123 4155 3285 4211 exiuit
3350 4172 3513 4212 sonus

1938 4274 2142 4322 eorum,
2171 4266 2219 4311 et
2254 4257 2305 4309 in
2331 4254 2462 4324 ﬁnes
2500 4251 2644 4306 orbis
2675 4259 2829 4306 terra:
2856 4249 3009 4304 verba
3037 4265 3239 4315 eorum,
3260 4248 3514 4305 videlicet

1938 4353 2150 4408 dierum
2197 4365 2263 4404 ac
2294 4348 2565 4412 noctium,
2602 4359 2700 4401 nec
2748 4362 2856 4401 non
2896 4344 3182 4407 caelorum,
3218 4343 3308 4413 qui
3355 4359 3514 4397 enar-

1939 4450 2063 4496 rant
2110 4441 2338 4512 gloriam
2372 4437 2492 4503 Dei,
2525 4445 2581 4492 et
2625 4435 2975 4500 ﬁrmamenti,
3005 4433 3148 4505 quod
3192 4448 3352 4501 opera
3396 4449 3513 4487 ma-

1939 4550 2101 4589 nuum
2131 4532 2246 4603 ejus
2275 4529 2581 4585 annuntiat.
2622 4527 2722 4583 ilic
2747 4543 2913 4598 porro
2956 4527 3088 4581 mihi
3125 4525 3237 4578 haec
3263 4531 3511 4578 contem-

1940 4625 2111 4696 planti
2161 4623 2349 4678 mirari
2394 4621 2564 4683 subit,
2615 4635 2724 4689 quo
2757 4628 2921 4689 pacto
2963 4623 3188 4672 sanctus
3214 4614 3513 4685 Apostolus

1937 4718 2071 4773 illud
2100 4738 2112 4771 :
2164 4716 2232 4770 1n
2275 4730 2479 4768 omnem
2513 4722 2710 4765 terram
2737 4711 2896 4764 exivit
2940 4724 3099 4763 sonus
3138 4723 3343 4772 eorum,
3375 4717 3425 4762 et
3453 4707 3512 4762 in

1935 4814 2065 4882 ﬁnes
2096 4809 2238 4864 orbis
2272 4817 2426 4861 terra:
2450 4803 2606 4858 verba
2629 4819 2831 4867 eorum,
2876 4801 2943 4855 ad
2984 4800 3306 4870 discipulos,
3342 4814 3511 4857 evan-

1937 4903 2164 4974 gelistas
2200 4908 2252 4955 ct
2304 4897 2586 4968 apostolos
2635 4893 2937 4948 Salvatoris
2983 4893 3157 4947 nostri
3194 4892 3248 4947 in
3298 4906 3397 4948 sua
3439 4891 3509 4948 ad

1939 4995 2215 5049 Romanos
2249 4990 2489 5061 Epistula
2534 4985 2733 5041 referat
2754 4986 2821 5039 ⁸⁸.
2894 4985 3031 5040 Dum
3071 4994 3251 5041 autem
3289 4991 3510 5055 aposto-

1936 5087 2102 5142 licum
2168 5085 2374 5140 dictum
2456 5081 2640 5136 animo
2700 5078 3115 5152 perpenderem,
3174 5075 3509 5146 deprehendi

1936 5181 2117 5251 ipsum
2148 5175 2396 5248 apposite
2428 5172 2724 5229 admodum
2748 5182 2803 5226 et
2835 5177 3143 5241 opportune
3190 5158 3508 5238 huiusmodi

1936 5267 2496 5325 accommodationem
2548 5262 2869 5320 advexisse:
2924 5276 3036 5315 non
3091 5258 3237 5316 enim
3282 5266 3344 5314 ut
3383 5257 3509 5313 aliis

1938 5365 1992 5418 in
2028 5363 2168 5418 locis
2198 5360 2361 5416 modo
2388 5359 2468 5415 sic
2508 5356 2725 5420 etl‘atur,
2769 5353 2947 5409 Isaias
2993 5362 3169 5408 autem
3198 5352 3397 5406 clamat
3444 5348 3509 5403 de

1939 5457 2204 5513 Israele”
2232 5471 2247 5521 ;
2291 5452 2457 5509 modo
2490 5452 2591 5517 sic,
2636 5458 2694 5504 ut
2729 5447 2976 5518 prwdixit
2998 5446 3176 5502 Isaias
3202 5445 3247 5478 9°
3273 5456 3507 5507 ;rursus

1933 5545 2547 5621 vero,Quemadmodum
2576 5544 2831 5630 scriptum
2860 5552 2937 5597 est
2960 5542 3029 5605 ⁹¹;
3057 5541 3380 5607 iterumque,
3402 5531 3506 5591 Di-

2463 5735 2506 5765 ετ
2531 5731 2664 5789 Luc.
2702 5744 2814 5813 ἓν,
2849 5725 2938 5780 26,
3031 5721 3074 5753 ⁸⁸
3124 5717 3285 5775 Rom.
3312 5732 3370 5786 Χ,
3411 5716 3502 5778 ’³.
3543 5780 3552 5790 ι
