4010 6562
433 383 526 438 191

1102 376 1369 434 EUSEBII
1407 369 1882 432 CASSARIENSIS
1915 367 2066 426 OPP.
2108 366 2292 424 PARS
2331 365 2421 422 ΙΙΙ.
2459 395 2524 407 -
2569 360 2980 420 EXEGETICA.

3581 357 3693 414 {9‘3

427 503 498 559 cit
526 502 664 556 enim
687 499 964 570 Scriptura
1010 499 1078 561 ηε
1118 514 1226 552 non
1279 495 1381 558 sic,
1433 495 1677 564 inquam,
1737 485 1892 552 illud,
1941 487 2005 542 In

2129 486 2283 556 teret
2327 485 2437 554 γὰρ
2465 484 2501 551 ἢ
2536 479 2775 549 Γραφή·
2819 479 2917 548 οὐχ
2948 477 3118 538 οὕτως
3165 476 3256 528 καὶ
3301 473 3393 526 ἐπὶ
3424 471 3515 526 τοῦ
3536 490 3548 501 ·
3587 475 3698 537 Εἰς

427 608 636 650 omnem
685 599 881 646 terram
911 591 1071 644 exivit
1102 605 1261 643 sonus
1310 602 1510 647 eorum,
1543 599 1668 638 cum
1698 583 1863 638 simili
1894 580 1990 634 ad-

429 686 731 741 ditamenta
781 683 1021 754 protulit.
1070 679 1204 735 Nam
1261 681 1308 737 si
1359 677 1638 750 quidpiam
1681 674 1997 744 hujusmodi

429 774 805 850 prtemisisset,
839 780 983 827 esset
1013 769 1244 824 fortasse
1275 770 1368 838 qui
1405 773 1621 837 putaret
1663 763 1840 832 ipsum
1873 763 2000 816 huic

431 867 626 937 psalmi
659 865 804 919 dicto
842 865 952 918 vim
982 855 1275 916 intulisse.
1330 860 1399 914 At
1454 859 1542 913 hic
1573 857 1804 927 simplici
1841 855 2001 909 modo

434 959 630 1031 psalmi
659 956 928 1012 sententia
951 952 1358 1018 ususvidetur;
1392 952 1466 1005 ita
1505 957 1563 1005 ut
1590 951 1716 1020 jure
1752 948 1858 1003 dici
1886 963 2005 1018 pos-

431 1052 506 1106 sit
535 1051 710 1121 ipsum
751 1056 1061 1119 opportuna
1092 1046 1320 1115 utilique
1359 1045 1591 1107 ratione,
1627 1050 1789 1113 atque
1833 1057 2006 1113 appo-

433 1142 538 1198 site
571 1141 675 1194 hoc
704 1140 1088 1195 testimonium
1113 1137 1447 1191 adhibuisse.

504 1319 672 1374 Vens.
702 1318 812 1381 6,7.
831 1317 895 1371 In
913 1317 1019 1371 sole
1035 1317 1206 1385 posuit
1227 1312 1620 1368 tabernaculum
1638 1328 1812 1371 suum,
1829 1319 1877 1363 et
1901 1311 2010 1378 ipse

438 1422 693 1481 tanquam
724 1427 943 1479 sponsus
977 1407 1258 1478 procedens
1301 1407 1364 1460 de
1389 1405 1621 1459 thalamo
1667 1421 1779 1459 suo.
1823 1403 2014 1457 Exsul-

440 1503 574 1557 tabit
603 1511 657 1555 ut
699 1504 844 1572 gigas
875 1501 942 1553 ad
975 1499 1289 1554 currendant
1321 1500 1455 1552 viam
1498 1513 1687 1560 suam,
1746 1514 1777 1550 a
1808 1513 2014 1551 summo

437 1596 566 1649 calo
587 1594 809 1664 egressio
837 1591 972 1657 eius,
1004 1599 1053 1644 et
1081 1605 1328 1643 occursus
1377 1593 1489 1656 ejus
1537 1605 1698 1656 usque
1749 1587 1816 1640 ad
1869 1604 2019 1642 sum--

443 1702 585 1740 mum
639 1684 776 1746 caeli,
804 1699 893 1736 nec
928 1692 1004 1736 est
1042 1684 1130 1752 qui
1165 1698 1219 1735 se
1255 1679 1541 1733 abscondat
1583 1698 1613 1732 a
1661 1680 1834 1734 calore
1879 1679 2014 1749 ejus.

445 1775 651 1832 Praeter
680 1790 845 1844 supra
880 1774 1046 1836 dicta,
1083 1773 1163 1828 sol
1193 1789 1409 1842 quoque
1449 1771 1557 1826 Deo
1585 1771 1878 1827 referendae
1905 1773 2021 1842 glo-

2105 574 2314 630 πᾶσαν
2344 573 2462 640 τὴν
2487 571 2603 641 γῆν
2625 569 2883 638 ἐξῆλθεν
2911 571 2942 622 d
2977 567 3236 636 φθόγγος
3253 562 3470 626 αὐτῶν,
3502 561 3697 633 εἴρηκε

2111 669 2249 739 μετὰ
2300 665 2616 737 προσθήκης
2647 663 2838 733 ὁμοίας
2875 662 2984 722 τοῖς
3029 656 3450 728 προεκτεθείσιν.
3487 655 3549 706 El.
3581 654 3699 724 γάρ

2107 776 2158 811 τι
2191 757 2431 810 τοιοῦτον
2480 757 2766 826 προφήσας
2799 747 2940 813 εἷπε,
2989 749 3106 818 τάχ’
3137 749 3200 802 ἄν
3223 764 3306 810 τις
3352 745 3575 798 ἐλάϐετο
3615 745 3700 807 ὼς

2111 848 2479 920 βεϐιασμένως
2522 846 2878 916 ἐκδεξαμένου
2911 844 3008 914 τὴν
3042 844 3098 894 ὲν
3140 838 3216 909 τῷ
3263 837 3463 908 ψαλμῷ
3498 836 3696 908 ῥῆσινο

2110 942 2229 996 νυνὶ
2274 941 2330 993 δὲ
2384 940 2526 1010 ἁπλῇ
2587 940 2784 1010 φράσει
2836 936 3080 1007 φαίνεται
3139 931 3583 1001 συγχρησάμενος
3624 929 3704 998 τῇ

2111 1032 2220 1086 ἀπὸ
2250 1032 2343 1085 τοῦ
2375 1029 2588 1102 ψαλμοῦ
2636 1028 2966 1101 παραθέσει·
3005 1025 3084 1078 διὸ
3119 1025 3260 1076 εἴποι
3296 1038 3379 1084 τις
3410 1019 3570 1073 αὑτὸν
3596 1035 3707 1073 κα-

2112 1123 2482 1194 τακεχρῆσθαι
2517 1122 2785 1192 εὐκαίρως
2828 1121 2921 1172 καὶ
2951 1114 3241 1186 ὠφελίμως
3285 1112 3378 1166 καὶ
3410 1108 3708 1182 εὐρύθμως

2114 1218 2179 1286 τῇ
2212 1215 2508 1287 μαρτυρίᾳ.

2201 1309 2302 1361 Ἐν
2318 1307 2395 1371 τῷ
2415 1306 2567 1374 ἡλίῳ
2596 1305 2760 1358 ἔθετο
2788 1302 2850 1354 τὸ
2867 1299 3155 1367 σκήνωμα
3179 1293 3387 1360 αὑτοῦ,
3405 1291 3714 1357 καὶαῠτὸς

2117 1401 2199 1467 ὡς
2249 1400 2506 1470 νυμφίος
2559 1397 3027 1464 ἐκπορευόμενος
3070 1393 3140 1445 ἐκ
3199 1388 3435 1443 παστοῦ
3490 1385 3708 1441 αὑτοῦ.

2135 1490 2585 1562 Ἀγαλλιάσεται
2616 1489 2697 1553 ὡς
2724 1487 2894 1556 γίγας
2921 1484 3164 1553 δραμεῖν
3193 1481 3336 1536 ὁδὸν
3363 1479 3567 1534 αὐτοῦ·
3597 1477 3711 1532 ἀπ’

2122 1582 2309 1650 ἄκρου
2338 1581 2442 1634 τοῦ
2462 1576 2719 1646 οὐρανοῦ
2749 1578 2787 1643 ἠ
2816 1574 3026 1640 ἔξοδος
3049 1572 3256 1635 αὑτοῦ,
3277 1571 3373 1624 καὶ
3407 1570 3471 1623 τό
3494 1566 3715 1622 κατάντη

2124 1690 2279 1744 τημα
2325 1671 2509 1728 αὐτοῦ
2571 1670 2680 1735 ἕως
2723 1667 2908 1735 ἄκρου
2948 1666 3052 1718 τοῦ
3099 1663 3390 1731 οὐρανοῦο
3448 1661 3544 1715 καὶ
3590 1661 3715 1714 οὐκ

2125 1770 2295 1822 ἔστιν
2323 1766 2388 1830 ὃς
2417 1760 2898 1830 ἀποκρυϐήσεται
2927 1757 3040 1824 τὴν
3067 1755 3289 1824 θέρμην
3318 1753 3522 1809 αὑτοῦ.
3559 1751 3716 1824 Πρὸς

445 1869 539 1923 rite
570 1868 830 1937 magister
860 1865 1176 1931 inducitur;
1214 1871 1399 1934 utpote
1439 1865 1530 1934 qui
1561 1862 1775 1918 Domini
1810 1879 1874 1918 ac
1905 1878 2022 1917 ma-

2129 1862 2237 1923 τοῖς
2279 1856 2584 1928 εἰρημένοις
2624 1854 2721 1924 τῆς
2753 1850 2846 1905 τοῦ
2883 1848 3015 1903 Θεοῦ
3057 1847 3359 1915 δοξολογίας
3390 1844 3715 1908 διδάσκαλος

439 1961 530 2031 gni
591 1960 737 2030 regis
796 1959 1109 2013 inviolatam
1170 1958 1424 2014 observet
1485 1957 1677 2026 legem.
1735 1954 2023 2024 Nunquam

445 2051 592 2106 enim
621 2051 785 2104 alium
826 2059 1020 2119 praeter
1071 2057 1333 2104 statutum
1377 2048 1479 2103 sibi
1511 2063 1733 2103 cursum
1760 2047 1898 2102 inire
1926 2061 2024 2100 au-

444 2139 570 2201 det,
614 2155 891 2208 nunquam
960 2138 1212 2193 deﬁuitos
1267 2139 1319 2191 in
1372 2138 1580 2193 cmlesti
1638 2137 2026 2192 constitutione

443 2229 710 2285 terminos
749 2229 1178 2299 transgreditur.
1213 2227 1318 2283 Sed
1343 2243 1503 2284 mane
1528 2228 1686 2298 quasi
1721 2243 1789 2282 ex
1817 2234 2026 2281 remoto

447 2322 838 2390 inaccessoque
863 2321 1128 2383 thalamo,
1165 2320 1449 2390 speciosus
1474 2329 1732 2389 tanquam
1765 2333 2023 2388 sponsus.

447 2427 512 2468 ac
543 2412 684 2467 lucis
735 2410 868 2464 ﬂore
899 2410 1190 2466 decoratus
1241 2412 1564 2481 egreditur:
1615 2424 1680 2462 ac
1737 2416 2025 2478 postquam

448 2502 785 2558 horizontem
814 2501 1133 2556 orientalem
1164 2501 1526 2562 transcendit,
1559 2507 1734 2552 totum
1764 2498 2026 2552 mundum

449 2599 722 2662 permeat,
777 2605 1055 2660 nunquam
1090 2589 1362 2648 defessus.
1402 2589 1682 2660 preprium
1716 2594 2028 2657 statumque

450 2681 552 2736 sibi
582 2680 916 2735 curriculum
948 2679 1186 2734 conﬁcit.
1229 2681 1438 2735 Circuit
1485 2693 1648 2750 porro
1681 2679 1840 2750 quasi
1873 2679 2026 2748 gigas

450 2772 644 2828 robore
679 2771 1004 2841 praevalidus
1045 2783 1211 2841 atque
1248 2773 1504 2836 invictus,
1533 2788 1696 2828 orsus
1736 2786 1766 2824 a
1811 2783 2026 2825 summo

448 2868 640 2918 centro
675 2860 974 2915 horizontis
998 2861 1304 2925 orientalis,
1335 2877 1434 2916 ceu
1461 2878 1492 2914 a
1541 2862 1832 2932 repagulo,
1865 2866 2028 2929 atque

450 2967 562 3008 uno
592 2950 700 3006 diei
730 2952 1017 3021 noctisque
1057 2950 1234 3018 spatio
1282 2959 1455 3004 totum
1502 2951 1768 3020 percurrit
1797 2949 1983 3003 orbem
2009 2987 2024 3010 ,

450 3051 512 3097 ut
543 3057 702 3098 nemo
724 3043 924 3098 caloris
954 3043 1075 3112 ejus
1101 3057 1296 3112 expers
1316 3039 1498 3096 fuerit.
1532 3039 1666 3094 Illud
1701 3047 1882 3094 autem
1914 3053 2030 3109 per-

450 3133 595 3206 agit,
641 3142 699 3186 ut
725 3133 879 3187 uutui
909 3133 1119 3202 opiﬁcis
1142 3133 1357 3203 sui,qui
1392 3133 1566 3202 ipsum
1598 3134 1654 3186 in
1686 3131 2028 3186 ﬁrmamento

451 3226 753 3286 constituit,
797 3225 1148 3295 obsequatur.
1213 3223 1336 3280 Ideo
1382 3225 1585 3279 dictum
1641 3235 1761 3279 est:
1817 3222 1882 3276 In
1919 3222 2029 3277 sole

449 3317 625 3388 posuit
656 3315 1054 3370 tabernaculum
1086 3334 1260 3371 suum.
1315 3314 1471 3382 Quod
1519 3316 1736 3370 tametsi
1795 3313 2031 3369 diluetdc

452 3407 749 3481 prolatum,
784 3408 1026 3477 apertius
1071 3415 1252 3461 tamen
1295 3422 1326 3460 a
1379 3407 1603 3478 reliquis
1637 3406 2031 3476 interpretibus

453 3501 786 3569 explicatum
817 3507 902 3556 est
937 3519 949 3554 :
983 3515 1110 3554 nam
1142 3491 1334 3569 Aquila
1369 3499 1448 3554 sic
1481 3499 1677 3562 habet,
1715 3497 1830 3554 Soli
1856 3500 2030 3568 posuit

458 3593 855 3648 tabernaculum
881 3593 936 3646 in
963 3594 1125 3662 ipsis;
1160 3591 1518 3663 Symmachus
1548 3607 1697 3657 vero,
1739 3591 1854 3646 Soli
1891 3591 2034 3645 ordi-

458 3686 601 3740 navit
645 3687 1044 3740 tabernaculum
1073 3686 1126 3740 in
1164 3685 1319 3753 ipsis;
1351 3683 1672 3747 Theodotio,
1704 3682 1818 3738 Soli
1857 3683 2033 3752 posuit

457 3779 856 3833 tabernaculum
898 3779 953 3832 in
1008 3779 1172 3845 ipsis;
1229 3779 1346 3847 pari
1400 3791 1614 3846 quoque
1649 3775 1808 3830 modo
1840 3775 2031 3844 quinta

457 3870 624 3926 editio
649 3872 923 3940 exposuit.
958 3868 1090 3923 Nam
1129 3869 1184 3923 in
1209 3885 1374 3938 supra
1411 3868 1726 3922 memoratis
1756 3868 1911 3923 caelis
1931 3907 1946 3929 ,
1979 3879 2034 3922 et

459 3965 514 4018 in
545 3963 887 4017 ﬁrmamento
912 4003 926 4026 ,
967 3962 1378 4016 tabernaculum
1417 3967 1469 4014 et
1501 3959 1836 4013 domicilium
1891 3958 2035 4014 Deus

464 4053 569 4108 soli
614 4053 890 4122 reposuit,
935 4052 1233 4108 secundum
1283 4051 1415 4105 illud
1471 4065 1502 4102 a
1559 4049 1741 4121 Moyse
1777 4050 1982 4106 dictum
2019 4071 2031 4104 :

466 4141 712 4214 Fecitque
739 4142 874 4196 Deus
899 4142 1004 4196 duo
1038 4142 1324 4195 luminaria
1355 4156 1547 4212 magna
1577 4156 1595 4194 :
1631 4140 1891 4196 luminare
1923 4160 2037 4196 ma-

463 4230 570 4301 ius,
594 4243 650 4288 ut
681 4244 923 4304 pra'esset
954 4234 1088 4296 diei;
1137 4242 1186 4286 et
1215 4234 1473 4286 luminare
1514 4232 1712 4297 minus,
1747 4241 1805 4286 ut
1843 4249 2036 4302 proces-

463 4335 540 4382 set
572 4327 748 4387 nocti.
805 4335 855 4379 et
893 4325 1096 4379 stellas.
1130 4323 1196 4378 Et
1250 4325 1424 4392 posuit
1467 4340 1558 4378 eas
1604 4325 1657 4377 in
1705 4325 2038 4395 ﬁrmamento

461 4415 602 4478 caeli,
639 4424 694 4467 ut
725 4413 952 4468 lacerent
987 4429 1141 4482 super
1167 4413 1447 4481 terram”.
1479 4412 1572 4467 llis
1592 4423 1768 4468 autem
1799 4415 2040 4470 declarat

2127 1947 2459 2017 καθέστηκεν
2487 1946 2516 1997 ὁ
2553 1943 2719 2014 ἥλιος,
2747 1935 2833 1993 οἷα
2865 1939 3120 1992 δεσπότου
3155 1937 3249 1990 καὶ
3285 1936 3516 2007 μεγάλου
3554 1935 3718 2004 βασι-

2124 2041 2261 2103 λέως
2287 2039 2448 2109 νόμον
2478 2035 2828 2108 ἀπαράϐατον
2867 2031 3069 2103 τηρῶν.
3116 2030 3190 2084 Οὐ
3233 2029 3340 2101 γάρ
3383 2045 3512 2081 ποτε
3542 2026 3719 2096 ἄλλη-ι

2123 2129 2422 2203 τρέπεσθαι
2457 2126 2607 2197 παρὰ
2637 2126 2735 2196 τὴν
2766 2121 3072 2195 ὁρισθεῖσαν
3101 2119 3248 2191 αὐτῷ
3284 2120 3503 2190 πορείαν
3535 2115 3720 2188 τολμᾷ

2125 2223 2232 2276 οὐδ’
2259 2219 2575 2290 ὑπερϐαίνει
2607 2217 2734 2280 τοὺς
2780 2217 2937 2287 ὄρους
2980 2213 3080 2283 τῆς
3112 2213 3231 2266 κατ’
3267 2208 3490 2284 οὐρανὸν
3525 2208 3716 2261 διατά-

2127 2315 2260 2381 ξεως
2281 2331 2294 2344 ·
2321 2312 2434 2368 ἀλλ’
2457 2308 2810 2381 ἐκπορεύεται
2839 2306 2936 2378 μὲν
2965 2305 3199 2377 ὁρθριος,
3225 2303 3410 2373 ὥσπερ
3433 2301 3493 2365 ὲξ
3515 2299 3712 2353 ἀδύτου

2127 2405 2220 2457 καὶ
2265 2402 2464 2457 ἀϐάτου
2518 2399 2803 2470 νυμφῶνος
2856 2395 3081 2468 προῖὼν,
3133 2393 3469 2467 ὡραῖσμένος
3518 2390 3573 2444 δὲ
3621 2386 3714 2442 οἷα

2125 2495 2357 2565 νυμφίος
2385 2495 2479 2548 καὶ
2505 2493 2582 2564 τῷ
2605 2491 2698 2546 τοῦ
2731 2492 2905 2561 φωτὸς
2937 2487 3299 2558 ἠγλαϊσμένος
3339 2483 3524 2537 ἄνθει·
3558 2483 3711 2535 ἐπει-

2126 2586 2223 2639 δὰν
2260 2587 2351 2640 τὸν
2401 2583 2650 2656 ὁρίζοντα
2693 2584 2782 2636 τὸν
2820 2580 3132 2635 ἀνατολικὸν
3173 2577 3406 2650 ὑπερϐῇ,
3447 2575 3536 2628 τὸν
3577 2574 3717 2643 σύμ·

2128 2695 2306 2731 παντα
2337 2676 2613 2731 διιππεύει
2647 2676 2869 2746 κόσμον,
2900 2671 3244 2733 ἀκοπιάστως
3275 2668 3365 2721 τὸν
3394 2667 3590 2720 οἰκεῖον
3629 2664 3715 2731 ἑξ-

2127 2771 2305 2824 ανύων
2332 2769 2552 2842 δρόμον.
2584 2767 2788 2821 Κυκλοῖ
2815 2765 2871 2819 δὲ
2910 2763 3124 2818 κυκλῶν
3151 2757 3239 2815 οἷὰ
3264 2778 3347 2824 τις
3375 2759 3538 2828 γίγας
3565 2760 3716 2828 ἰσχυο

2131 2863 2222 2935 ρὸς
2247 2861 2344 2934 τὴν
2370 2860 2539 2932 ἀλκὴν
2565 2860 2659 2914 καὶ
2691 2860 2918 2929 ἄμαχος,
2947 2855 3220 2927 ὣσπερ-ὲκ
3244 2852 3445 2923 νύσσης
3477 2849 3710 2922 ἀρξάμε-

2129 2973 2218 3019 νος
2247 2955 2341 3008 ἀπ’
2374 2955 2543 3024 ἄκρου
2579 2951 2800 3020 κέντρου
2834 2949 2927 3002 τοῦ
2964 2948 3101 3002 κατὰ
3129 2945 3389 3008 ἀνατολὰς
3417 2942 3712 3014 ὁρίζοντος,

2128 3046 2423 3118 διατρέχων
2456 3044 2782 3115 νυχθημέρῳ
2810 3043 2889 3096 ἐνὶ
2932 3041 3022 3094 τὸν
3059 3039 3348 3110 σύμπαντα
3382 3035 3604 3105 κόσμον,
3638 3033 3714 3098 ὡς

2057 3183 2098 3240 C
2134 3140 2338 3212 μηδένα
2372 3137 2768 3208 ἀνεπαίσθητον
2807 3132 2944 3188 εἶναι
2986 3133 3212 3205 θέρμης.
3261 3130 3446 3183 Ταῦτα
3478 3129 3534 3182 δὲ
3568 3131 3719 3199 ὲνερο

2133 3235 2220 3301 γεῖ
2250 3229 2512 3284 δουλεύων
2539 3228 2618 3300 τῷ
2639 3228 2732 3282 τοῦ
2758 3226 3115 3298 πεποιηκότος
3145 3223 3305 3278 αὑτὸν
3338 3221 3588 3292 νεύματι,
3622 3219 3719 3273 καὶ

2131 3324 2435 3385 τεθεικότος
2467 3324 2524 3375 ὲν
2557 3321 2632 3392 τῷ
2664 3317 3023 3392 στερεώματι.
3069 3317 3159 3370 Διὸ
3203 3314 3447 3387 είρηται“
3497 3314 3600 3368 Ἐν
3640 3309 3721 3377 τῷ

2133 3416 2284 3484 ⁸ἡλίῳ
2320 3415 2486 3469 ἔθετο
2521 3414 2584 3468 τὸ
2615 3412 2906 3481 σκήνωμα
2942 3410 3148 3465 αὐτοῦ.
3182 3408 3359 3479 Ὅπερ
3407 3406 3591 3475 σαφῶς
3646 3408 3721 3458 ει.

2138 3507 2402 3578 ρημένον,
2441 3505 2760 3576 λευκότερον
2801 3505 3149 3575 ήρμήνευσαν
3194 3503 3243 3554 οἱ
3290 3500 3497 3554 λοιποί·
3543 3500 3572 3552 ὁ
3621 3498 3721 3569 μὲν

2147 3597 2376 3662 Ἀκύλας
2428 3598 2624 3652 εἰπών·
2671 3596 2753 3663 Τῷ
2806 3597 2958 3664 ’ἡλίῳ
2998 3595 3163 3649 ἔθετο
3197 3591 3484 3661 σκήνωμα
3512 3591 3582 3644 ἐν
3611 3591 3722 3643 αὐ·-

2135 3689 2258 3755 τοῖς
2283 3690 2391 3760 (1)·
2430 3691 2458 3742 ὁ
2503 3689 2559 3741 δὲ
2602 3688 2927 3759 Σύμμαχος·
2971 3685 3054 3750 Τῷ
3093 3685 3244 3753 ἡλίῳ
3284 3682 3458 3746 ἔταξε
3483 3679 3722 3748 σκηνὴν

2135 3783 2205 3836 ἐν
2245 3780 2481 3846 αὐτοῖς·
2519 3781 2547 3832 ὁ
2593 3779 2650 3832 δὲ
2683 3779 2994 3843 Θεοδοτίων,
3047 3776 3131 3842 Τῷ
3175 3777 3325 3843 ἡλίῳ
3374 3775 3540 3827 ἔθετο
3573 3769 3722 3837 σκή-

2136 3889 2300 3942 νωμα
2342 3873 2413 3925 ἐν
2458 3871 2694 3937 αὐτοῖς·
2730 3872 2929 3942 ὁμοίιος
2962 3870 3016 3923 δὲ
3063 3870 3157 3923 καὶ
3189 3870 3222 3940 ἡ
3259 3866 3479 3938 πέμπτη
3516 3864 3723 3927 ἔκδοσις

2137 3964 2415 4029 ἐξέδωκεν.
2461 3964 2548 4015 Ἐν
2579 3963 2686 4036 γὰρ
2718 3967 2832 4026 τοῖς
2868 3960 3237 4034 προλεχθεῖσιν
3269 3959 3517 4030 οὐρανοῖς
3546 3955 3636 4009 καὶ
3665 3956 3724 4007 ὲν

2135 4053 2213 4124 τῷ
2263 4055 2573 4108 ἁποδοθέντι
2621 4053 2959 4127 στερεώματι
3009 4053 3069 4106 τὸ
3110 4051 3204 4104 τοῦ
3256 4050 3412 4122 ήλίου
3465 4049 3725 4118 σκήνωμα

2139 4147 2231 4200 καὶ
2264 4147 2322 4199 τὸ
2355 4148 2667 4218 οἰκητήριον
2713 4145 2945 4198 τέθειται
2971 4148 2998 4198 ὁ
3027 4145 3177 4207 Θεὸς,
3216 4141 3357 4196 κατὰ
3383 4142 3444 4195 τὺ
3468 4138 3725 4209 λελεγμέ-

2138 4255 2227 4290 νον
2257 4238 2407 4309 παρὰ
2441 4239 2694 4291 Μωῦσεῖ·
2730 4237 2839 4291 Καὶ
2881 4237 3170 4303 ἐποίησεν
3199 4237 3230 4288 d
3265 4233 3406 4299 Θεὸς
3441 4231 3581 4295 τοὺς
3613 4229 3724 4283 δύο

2139 4327 2457 4397 φωστῆρας
2485 4328 2624 4394 τοὺς
2649 4326 2953 4398 μεγάλους
2972 4343 2986 4357 ο
3023 4326 3129 4379 τὸν
3158 4323 3444 4394 φωστῆρα
3489 4323 3594 4375 τὸν
3618 4317 3724 4390 μέ-

2142 4437 2255 4490 γαν
2282 4423 2368 4486 είς
2399 4419 2586 4489 ἀρχὰς
2622 4419 2730 4488 τῆς
2763 4418 3004 4488 ἡμέρας,
3035 4418 3132 4471 καὶ
3167 4416 3274 4470 τὸν
3304 4411 3586 4485 φωστῆρα
3617 4409 3726 4465 τὸν

467 4504 569 4566 sol,
605 4509 659 4557 et
687 4509 898 4555 tantum
927 4518 1036 4556 non
1071 4502 1303 4566 clamat,
1356 4517 1414 4557 se
1446 4518 1785 4573 nequaquam
1828 4507 1913 4560 sui
1939 4506 2025 4560 do-

2137 4510 2383 4567 ἐλάσσω
2418 4515 2506 4579 είς
2543 4513 2734 4582 ἀρχὰς
2775 4510 2883 4579 τῆς
2925 4510 3164 4575 νυκτὸς,
3213 4507 3310 4561 καὶ
3359 4506 3500 4572 τοὺς
3546 4503 3723 4558 ἀστέ-

468 4595 672 4649 minum
700 4609 764 4648 ac
799 4594 1028 4648 liberum
1058 4609 1210 4661 esse;
1251 4594 1345 4650 sed
1381 4603 1434 4649 et
1462 4595 1545 4650 sui
1572 4603 1626 4650 et
1661 4597 1902 4650 omnium
1930 4597 2036 4652 Do-

467 4683 596 4739 mini
633 4684 877 4739 uotitiam
910 4685 1169 4754 praebere.

2135 4619 2267 4671 ρας.
2303 4604 2415 4658 Καὶ
2439 4606 2602 4660 ἔθετο
2630 4604 2852 4670 αὐτοὺς
2891 4605 2960 4656 ἐν
2993 4602 3070 4668 τῷ
3107 4599 3459 4670 στερεώματι
3489 4595 3594 4651 τοῦ
3623 4597 3725 4650 οὐ-

2131 4699 2342 4765 ρανοῦ,
2367 4698 2520 4753 ὥστε
2551 4700 2788 4769 φαίνειν
2815 4697 2913 4751 ἐπὶ
2940 4695 3049 4765 τῆς
3080 4694 3189 4765 γῆς
3209 4712 3221 4724 °
3259 4694 3358 4747 Διὰ
3393 4690 3590 4745 τούτων
3625 4687 3727 4742 δει-

467 4781 597 4844 κνὺς
648 4783 676 4835 ὁ
721 4781 870 4851 ἥλιος
921 4781 1014 4834 καὶ
1067 4781 1344 4852 μονονουχὶ
1387 4779 1557 4850 βοῶν’
1616 4781 1692 4854 μὴ
1735 4783 1895 4848 αὐτὸς
1944 4781 2081 4843 εἶναι
2119 4794 2314 4847 ἑαυτοῦ
2359 4794 2566 4866 κύριος,
2605 4795 2728 4866 μηδ’
2768 4793 3048 4864 ἐλεύθερος
3085 4790 3389 4861 τυγχάνειν,
3442 4782 3725 4856 γνωρίζειν

467 4874 524 4930 δὲ
551 4874 644 4929 τὸν
668 4875 762 4928 καὶ
792 4875 982 4928 ἑαυτοῦ
1012 4877 1103 4930 καὶ
1134 4875 1346 4930 πάντων
1381 4877 1677 4948 Δεσπότην.

541 4967 708 5025 Vnus.
770 4970 920 5024 8—12.
998 4969 1102 5025 ιω)
1178 4970 1388 5024 Domini
1469 4973 1855 5039 immaculata,
1916 4993 2044 5031 con-

469 5071 672 5119 vertens
736 5063 978 5126 animas;
1065 5063 1418 5117 testimonium
1483 5061 1696 5116 Domini
1730 5065 1904 5133 ﬁdele,
1961 5087 2042 5124 sa-

472 5155 721 5227 pientiam
758 5163 1017 5222 praestans
1065 5154 1318 5223 parvulis.
1362 5152 1780 5222 Justi/icaliones
1832 5157 2040 5212 Domini

473 5258 646 5315 rectte,
684 5249 1008 5320 ltetiﬁcantes
1046 5246 1238 5308 corda;
1295 5255 1609 5317 prwceptum
1644 5246 1856 5302 Domini
1909 5251 2043 5304 luci-

471 5344 614 5406 dum,
637 5343 943 5398 illuminans
979 5341 1179 5396 oculos.
1217 5341 1399 5394 Timor
1432 5340 1640 5394 Domini
1688 5351 1891 5408 castus,
1921 5359 2042 5411 per.

471 5452 685 5491 manens
736 5437 791 5490 in
842 5434 1091 5490 sceculum
1137 5431 1352 5487 stcculi:
1377 5431 1585 5499 judicia
1637 5432 1850 5488 Domini
1893 5453 2036 5502 vera,

541 5615 764 5673 "Rom.
812 5633 868 5681 ι,
918 5615 1001 5669 ll.
1074 5612 1270 5668 "Gen.
1332 5628 1370 5675 I,
1407 5611 1492 5676 i6,
1538 5612 1622 5665 i7.

2233 4982 2294 5034 '0
2315 4983 2496 5050 νόμος
2525 4983 2746 5049 ΚιῬίου
2770 4981 3006 5049 ἄμωμος
3027 4974 3398 5043 ἐπιστρέφων
3419 4972 3622 5042 Ψυχὰς
3641 4989 3653 5003 ’
3683 4973 3724 5040 ἠ

2144 5075 2435 5142 μαρτυρία
2467 5074 2687 5143 Κιφίου
2714 5070 2899 5136 πιστὴ
2934 5068 3266 5137 σορίζουσιι
3298 5065 3502 5131 νήπια.
3540 5063 3613 5116 Τὰ
3643 5063 3728 5116 δι-

2146 5162 2444 5233 καιώματα
2474 5163 2693 5232 Κυρίου
2737 5160 2914 5217 εὐθέα
2950 5158 3345 5229 εὐφραίνοντα
3376 5153 3652 5223 καρδίαν
3685 5153 3724 5219 ἡ

2145 5254 2362 5322 ἐντολὴ
2398 5256 2618 5324 Κυρίου
2656 5251 2963 5322 τηλαυγὴς
2998 5249 3328 5321 φωτίζουσα
3361 5247 3721 5316 ὀφθαλμούς.

2161 5346 2214 5398 '0
2246 5346 2428 5414 φόϐος
2461 5347 2679 5413 Κυρίου
2715 5343 2896 5414 ἁγνὸς
2931 5341 3223 5411 διαμένων
3253 5342 3339 5406 εὶς
3371 5335 3554 5391 αἰῶνα
3591 5332 3728 5388 aldi-

2144 5455 2280 5504 νος’
2328 5438 2400 5491 τὰ
2451 5438 2701 5505 κρίματα
2745 5437 2962 5504 Κυρίου
3009 5433 3263 5501 ἀληθινὰ
3309 5425 3730 5497 δεδικαιωμέτα

545 5799 620 5871 (1)
658 5801 716 5855 in
739 5797 1003 5855 Hebraico
1025 5796 1239 5868 legitur,
1280 5804 1400 5855 an:
1437 5775 1683 5856 Brut-nu:
1721 5777 1934 5861 ιιηοτυὸ,
1967 5794 2066 5849 soli
2102 5793 2274 5869 posuit
2309 5791 2708 5848 tabernaculum
2741 5794 2791 5847 in
2830 5790 2979 5862 ipsis.
