4010 6556
353 367 464 425 493

1509 372 2016 430 COMMENTARIA
2048 372 2115 428 IN
2154 371 2496 428 PSALMOS.

3527 373 3633 430 QN

351 492 451 546 ἐπὶ
488 491 554 545 τὸ
583 493 734 547 αὑτό
751 511 764 524 ·
795 493 1128 563 ἐπιθυμητὰ
1158 493 1310 562 ὑπὲρ
1340 495 1600 564 χρυσίον
1639 496 1736 549 καὶ
1775 497 1942 550 λίθον

2046 494 2350 564 justi/icata
2382 494 2436 547 in
2464 493 2746 562 semetipsa
2773 531 2788 557 ,
2834 490 3212 547 desiderabilia
3257 508 3413 562 super
3442 508 3631 549 aurum

351 586 545 651 τίμιον
576 585 796 649 πολὺν,
834 585 933 638 καὶ
974 590 1310 656 γλυκύτερα
1340 587 1494 656 ὑπὲρ
1527 587 1666 657 μέλι
1707 587 1805 644 καὶ
1842 604 1945 654 κη-

346 675 501 744 ρίον.
541 677 649 730 Καὶ
693 676 802 747 γὰρ
841 681 874 730 ὁ
901 677 1121 745 δοῦλός
1156 695 1273 733 σου
1314 678 1618 747 φυλάσσει
1659 679 1831 742 αὐτὰ,
1879 679 1948 733 ὲν

352 767 432 834 τῷ
475 769 823 838 φυλάσσειν
859 770 1010 825 αὐτὰ
1049 771 1453 839 ἀνταπόδοσις
1496 775 1718 840 πολλή.
1761 773 1946 826 Ταῦτα

351 856 410 910 δὲ
450 859 627 912 πάντα
671 859 1020 932 περιείληφεν
1065 861 1094 912 ὁ
1136 860 1232 914 τοῦ
1267 861 1403 915 Θεοῦ
1446 863 1608 935 νόμος
1654 865 1793 935 ὑπὲρ
1826 865 1946 918 ἐπι-

354 955 596 1024 στροφῆς
641 956 740 1025 τῆς
782 953 979 1024 ψυχῆς.
1030 954 1353 1026 Μαρτυρίας
1393 956 1502 1027 γὰρ
1537 957 1752 1028 πρῶτον
1800 975 1947 1028 περι-

355 1045 468 1114 έχει
517 1046 610 1100 καὶ
653 1047 995 1119 δικαιώματα
1045 1049 1137 1102 καὶ
1173 1050 1416 1113 ἐντολάς.
1453 1051 1686 1104 Ἔπειτα
1732 1051 1943 1116 τούτοις

356 1135 560 1189 ἅπασιν
590 1138 918 1208 ἐπήρτησεν.
951 1137 1141 1195 ὥσπερ
1169 1138 1470 1211 βακτηρίαν
1497 1140 1943 1212 ὲπιστρεπτικὴν,

353 1228 446 1281 τὸν
477 1229 659 1298 φόϐον,
702 1233 796 1284 καὶ
841 1232 934 1284 ἐπὶ
959 1233 1122 1285 πᾶσιν
1159 1231 1348 1304 ὥσπερ
1399 1233 1668 1306 κορωνίδα
1711 1234 1776 1288 τά
1825 1236 1946 1306 κρί-

359 1339 500 1392 ματα
530 1322 763 1396 ἐπέθηκε
796 1323 888 1377 τοῦ
931 1324 1084 1378 Θεοῦ.
1122 1325 1370 1398 Ἐκαστῳ
1413 1326 1470 1380 δὲ
1503 1327 1611 1380 τῶν
1636 1328 1944 1400 εἰρημένων

358 1414 552 1484 ἰδίωμα
595 1416 797 1488 συνῆψε
819 1434 832 1446 ·
859 1415 939 1488 τῷ
968 1418 1067 1488 μὲν
1097 1417 1239 1471 κατά
1281 1417 1457 1472 πάντα
1493 1419 1694 1491 γενικῷ
1731 1419 1946 1490 ὠνομα-

354 1505 534 1576 σμὲνῳ
571 1507 721 1578 νόμῳ
770 1509 869 1582 τὴν
908 1509 1012 1579 τῆς
1044 1508 1224 1580 ψυχῆς
1265 1510 1600 1582 ἐπιστροφήν
1625 1528 1639 1542 ·
1699 1512 1848 1575 ὅπως
1887 1511 1944 1564 δὲ

350 1601 669 1672 επιστρέφει
711 1602 877 1674 ψυχὴ,
920 1602 1011 1657 διά
1054 1603 1162 1657 τῶν
1203 1603 1331 1672 ἑξῆς
1377 1605 1694 1676 παρίστησι,
1740 1622 1946 1678 μαρτυ-

351 1691 473 1764 ρίαν
503 1693 703 1764 πιστὴν
736 1694 906 1750 εἰπὼν
936 1696 1003 1750 δι’
1026 1691 1094 1770 ἦς
1125 1700 1398 1769 σοφίζεται
1447 1702 1475 1752 ὁ
1509 1701 1567 1752 ὲν
1601 1700 1820 1772 Χριστῷ
1852 1702 1946 1772 νή-

349 1801 473 1849 πιος
492 1803 505 1817 ⁸
540 1787 731 1842 ἔπειτα
763 1788 1108 1861 δικαιώματα
1138 1794 1367 1863 Κυρίου,
1394 1792 1714 1846 καὶτούτων
1751 1793 1944 1864 ἰδίωμα

349 1877 608 1948 προσθεὶς
637 1881 700 1934 τὸ
735 1877 874 1934 εἶναι
914 1882 1054 1936 αὑτά
1086 1882 1271 1947 εὑθέα,
1303 1885 1512 1955 καρπόν
1547 1902 1604 1937 τε
1633 1887 1745 1948 τοῖς
1779 1901 1944 1955 μετα-

349 1970 689 2042 λαμϐάνουσι
749 1976 1058 2046 παρεχοντα
1112 1978 1212 2048 τὴν
1263 1977 1620 2048 εὐφροσύνην.
1685 1979 1796 2032 Καὶ
1851 1979 1946 2034 ἐπὶ

350 2063 560 2128 τούτοις
589 2064 808 2136 ἐντολὴν
835 2054 1063 2138 Κυρίου,
1089 2064 1158 2140 ἦς
1187 2070 1281 2121 καὶ
1305 2069 1475 2140 αὑτῆς
1503 2070 1563 2122 τὸ
1593 2070 1790 2141 ἰδίωμα
1813 2089 1946 2142 1:19-

353 2154 602 2226 ἔστησεν,
640 2156 887 2228 τηλαυγῆ
934 2159 1111 2231 φήσας
1153 2159 1320 2230 αὐτὴν
1358 2161 1450 2213 καὶ
1500 2161 1607 2214 τῶν
1652 2161 1944 2232 ὀφθαλμῶν

352 2247 452 2318 τῆς
481 2247 660 2320 ψυχῆς
693 2253 1045 2322 φωτιστικήν.
1075 2251 1165 2321 Τῷ
1189 2252 1244 2305 δὲ
1279 2252 1429 2323 φόϐῳ
1462 2253 1557 2306 τοῦ
1589 2254 1792 2325 Κυρίου
1821 2272 1944 2308 συν-

339 2339 489 2413 ῆψεν
532 2341 632 2413 τὴν
675 2343 920 2411 ἁγνείαν,
972 2344 1066 2398 καὶ
1114 2347 1178 2415 τῇ
1226 2346 1416 2416 ἁγνεία
1452 2347 1552 2416 τὴν
1597 2346 1794 2418 διαρκῆ
1850 2348 1943 2401 καὶ

351 2431 566 2488 αἰώνιον
599 2434 766 2506 ζωήν.
807 2435 918 2489 Καὶ
957 2437 1050 2489 ἐπὶ
1084 2439 1217 2490 πᾶσι
1259 2437 1352 2491 καὶ
1395 2438 1532 2507 μετά
1564 2439 1742 2492 πάντα
1780 2457 1944 2513 προσ-

350 2526 546 2597 έθηκεν
603 2527 701 2600 τὴν
739 2528 833 2582 τοῦ
881 2529 1015 2583 Θεοῦ
1066 2531 1269 2602 κρίσιν,
1319 2532 1526 2603 συνῆψέ
1555 2549 1615 2585 τε
1663 2533 1800 2605 αὐτῇ
1843 2533 1943 2606 τὴν

350 2617 610 2688 ἀλήθειαν
649 2619 743 2672 καὶ
775 2620 874 2690 τὴν
902 2620 1271 2691 δικαιοσύνην.

421 2711 868 2783 Παραπτώματα
924 2715 1014 2780 τίς
1042 2716 1338 2780 our-ridet;
1386 2716 1455 2770 ἐκ
1509 2716 1627 2771 τῶν
1677 2719 1946 2788 κρυφίων

347 2819 468 2871 μου
497 2806 828 2872 καθάρισον
849 2823 946 2874 με,
992 2808 1090 2860 καὶ
1125 2807 1242 2862 ἀπὸ
1272 2809 1606 2878 ἀλλοτρίων
1628 2811 1828 2879 φεῖσαι
1864 2809 1945 2877 τῷ

349 2891 552 2962 δούλῳ
583 2911 719 2950 σου.
757 2897 902 2951 Ἀντὶ
937 2898 995 2952 δὲ
1041 2899 1159 2963 τοῦ,
1213 2900 1346 2955 Ἀπὸ
1380 2903 1716 2970 ἀλλοτρίων
1741 2902 1944 2973 φεῖσαι

351 2982 434 3050 τῷ
479 2984 679 3052 δούλῳ
724 3001 860 3051 σου,
900 2990 928 3042 ὁ
961 2990 1191 3054 Ἀκύλας
1238 2991 1503 3058 ἐξέδωκε·
1554 2994 1666 3047 Καί
1716 3010 1780 3063 γε
1824 2992 1944 3047 ἀπὸ

351 3079 754 3146 ὑπερηφάνων
791 3081 1184 3149 συντήρησον
1222 3084 1328 3136 τὸν
1375 3083 1600 3139 δοῦλόν
1635 3099 1771 3141 σου.
1809 3087 1945 3156 Σφό-

2048 599 2097 642 et
2125 586 2351 656 lapidem
2381 587 2669 655 pretiosum
2699 585 2948 648 multum,
2979 596 3028 640 et
3071 584 3315 640 dulciora
3345 603 3502 657 super
3535 589 3637 640 mel

2047 693 2096 736 et
2129 683 2327 752 favum.
2364 679 2570 735 Etenim
2599 696 2778 734 servus
2817 689 2937 733 tuus
2969 679 3196 734 custodit
3231 697 3294 734 ea
3318 679 3420 744 ,.in
3450 687 3632 736 custo-

2048 773 2255 828 diendis
2310 773 2421 826 illis
2473 773 2752 826 retributio
2805 772 2996 827 multa.
3040 770 3166 826 Haec
3213 780 3394 826 autem
3447 770 3631 828 omnia

2049 865 2428 934 complectitur
2455 864 2541 919 lex
2583 863 2677 918 Dei
2722 878 2822 933 pro
2853 863 3223 918 conversione
3251 863 3449 918 anima:
3479 862 3628 917 data.

2046 954 2184 1010 Nam
2223 955 2398 1026 primo
2421 954 2758 1018 testimonia,
2809 954 3235 1024 justiﬁcaliones
3271 961 3326 1008 et
3367 960 3633 1024 praecepta

2047 1045 2316 1100 continet.
2371 1043 2468 1098 His
2513 1033 2710 1099 deinde
2768 1043 3025 1100 omnibus
3056 1045 3304 1100 timorem
3336 1044 3632 1114 appendit,

2047 1138 2204 1208 quasi
2228 1137 2481 1192 baculum
2521 1137 2586 1192 ad
2611 1136 3038 1192 convertendum
3068 1143 3472 1207 opportunum:
3511 1151 3634 1191 om-

2048 1229 2319 1299 nibusque
2344 1229 2554 1299 judicia
2585 1229 2684 1284 Dei
2721 1244 2820 1284 ceu
2853 1229 3170 1284 coronidem
3203 1227 3476 1297 adjunxit.
3508 1225 3636 1281 Sin-

2046 1323 2189 1395 gulis
2216 1331 2398 1379 autem
2419 1322 2865 1394 supradictorum
2901 1337 3058 1379 suam
3095 1321 3308 1376 addidit
3337 1320 3636 1390 proprietao

2047 1425 2177 1483 tem,
2209 1416 2262 1471 id
2304 1423 2409 1482 est,
2436 1417 2540 1488 legi
2570 1432 2693 1487 qum
2726 1416 2814 1471 hic
2856 1417 3155 1488 generatim
3201 1414 3457 1478 cﬂ'ertur,
3509 1429 3638 1468 con-

2045 1511 2351 1566 versionem
2403 1511 2618 1566 animte.
2668 1511 2790 1577 Quo
2841 1520 3002 1578 pacto
3052 1517 3232 1564 autem
3284 1514 3641 1563 convertatur

2047 1603 2251 1672 anima,
2289 1602 2346 1656 in
2372 1603 2732 1674 sequentibus
2764 1603 2968 1673 aperit,
3005 1601 3228 1672 quando
3259 1599 3634 1655 testimonium

2047 1695 2206 1751 lidele
2236 1706 2523 1765 memorat,
2555 1712 2665 1768 quo
2695 1696 2876 1768 quivis
2926 1694 3110 1751 infans
3157 1696 3209 1748 in
3254 1693 3506 1755 Christo,
3543 1706 3637 1748 sa-

2049 1790 2204 1859 piens
2234 1789 2492 1846 emcitur.
2529 1789 2735 1845 Deinde
2764 1805 2894 1844 vero
2938 1788 3365 1859 justiﬁcationes
3397 1784 3634 1848 Domini,

2047 1883 2248 1955 quibus
2282 1885 2410 1939 item
2444 1899 2600 1938 suam
2656 1884 3046 1954 proprietatem
3091 1881 3320 1951 adjicit,
3377 1879 3637 1935 nimirum

2047 1976 2195 2047 quod
2241 1983 2404 2031 recta:
2433 1975 2580 2039 sint,
2631 1989 2696 2029 ac
2731 1976 2815 2028 sui
2853 1972 3215 2044 participibus
3263 1971 3464 2026 lmtitiaz
3527 1969 3639 2025 fru-

2047 2075 2196 2123 ctum
2227 2068 2464 2139 pariant.
2495 2065 2578 2121 Ad
2608 2067 2744 2131 haec,
2776 2073 3108 2136 praccptum
3161 2063 3379 2120 Domini
3408 2104 3424 2128 ,
3475 2062 3638 2132 cujus

2047 2175 2266 2231 quoque
2295 2160 2681 2230 proprietatem
2709 2159 3038 2226 declaravit,
3071 2158 3202 2213 dum
3253 2156 3496 2212 lucidum
3543 2153 3632 2212 die

2045 2254 2117 2309 cit
2146 2267 2290 2317 esse,
2315 2253 2620 2322 animaeque
2653 2252 2846 2308 oculos
2890 2251 3224 2306 illuminare.
3258 2249 3465 2304 Timeri
3519 2245 3632 2302 Do-

2047 2346 2178 2399 mini
2211 2345 2500 2414 subjunxit
2533 2344 2842 2400 castitatem
2863 2383 2878 2408 ,
2934 2351 2990 2397 et
3023 2342 3265 2397 castitati
3318 2347 3634 2411 perpetuam

2043 2448 2414 2509 aeternamque
2449 2439 2640 2492 vitam.
2705 2435 2932 2492 Demum
2967 2450 3134 2505 supra
3188 2436 3372 2488 omnia
3423 2440 3478 2488 ct
3515 2437 3639 2502 post

2045 2533 2228 2586 omnia
2255 2531 2526 2602 judicium
2564 2528 2655 2585 Dei
2689 2528 2922 2593 addidit,
2953 2528 3042 2583 cui
3073 2527 3358 2582 veritatem
3387 2533 3441 2581 et
3473 2524 3638 2596 justi-

2048 2625 2178 2678 tiam
2213 2623 2477 2678 annectit.

2117 2714 2285 2772 Vsas.
2307 2716 2395 2777 13.
2424 2715 2507 2770 14.
2530 2713 2733 2769 Delicta
2749 2713 2863 2784 quis
2886 2712 3166 2783 intelliget?
3184 2709 3250 2765 ab
3275 2709 3492 2764 occultis
3509 2709 3636 2763 meis

2047 2809 2247 2861 munda
2278 2825 2380 2872 me,
2403 2815 2454 2862 et
2481 2806 2546 2861 ab
2569 2807 2760 2861 alienis
2789 2820 2943 2874 parce
2979 2821 3124 2858 servo
3153 2813 3264 2857 tuo.
3306 2803 3456 2857 Illius
3490 2801 3633 2866 loco,

2044 2905 2110 2956 ab
2143 2901 2332 2955 alienis
2361 2916 2518 2969 parce
2543 2917 2691 2954 servo
2719 2909 2830 2963 tuo,
2862 2898 3058 2969 Aquila
3086 2895 3278 2957 edidit,
3310 2906 3360 2950 et
3391 2912 3423 2948 ιι
3454 2910 3636 2962 super-

2050 2989 2128 3044 bis
2164 2991 2371 3046 custodi
2405 3008 2610 3046 servum
2643 3001 2808 3044 tuum.
2851 2987 3160 3044 Admodum
3193 3002 3420 3044 necesse
3451 2986 3635 3042 fuitut

2049 3085 2193 3140 hanc
2221 3085 2498 3140 emitteret
2527 3084 2858 3150 orationem,
2882 3096 2992 3153 quo
3028 3095 3058 3134 a
3086 3079 3346 3150 superbia
3372 3080 3635 3134 liberare.

351 3170 452 3241 δρα
481 3173 794 3240 ἀναγκαίως
829 3175 923 3228 καὶ
949 3173 1151 3246 ταύτην
1181 3176 1482 3248 ἐκπέμπων
1514 3179 1611 3250 τὴν
1649 3179 1834 3250 εὑχὴν,
1868 3179 1942 3244 ὡς

2051 3184 2158 3229 tur.
2188 3173 2641 3245 Quandoquidem
2671 3190 2788 3240 eos,
2817 3173 2911 3244 qui
2941 3187 3066 3228 sese
3106 3174 3278 3241 probe
3307 3185 3371 3225 ac
3411 3179 3636 3226 strenue

351 3261 421 3318 ἂν
443 3266 664 3337 ρυσθείη
686 3267 793 3321 ἀπὸ
816 3268 1213 3340 ὑπερηφανίας.
1247 3269 1461 3342 Ἐπειδὴ
1490 3270 1599 3342 γὰρ
1621 3275 1731 3336 τοῖς
1756 3289 1948 3344 κατορ-

355 3354 507 3409 θοῦσι
537 3357 842 3428 παρέπεταί
882 3375 967 3422 τις
988 3357 1252 3440 λογισμὸς
1282 3359 1539 3424 πολλάκις
1572 3362 1940 3434 ὑπερήφανος,

352 3446 722 3521 ιπαιρομένης
771 3452 866 3505 καὶ
927 3451 1301 3524 χαυνουμένης
1350 3454 1450 3524 τῆς
1502 3454 1680 3527 ψυχῆς
1730 3456 1814 3525 ἐφ’
1862 3451 1944 3521 οἷς

353 3539 518 3611 ἑαυτῇ
555 3543 788 3596 συνοίδεν
829 3543 1080 3612 ἀγαθοῖς·
1126 3540 1246 3598 εἷτα
1287 3545 1366 3616 τῷ
1415 3546 1516 3618 τῆς
1564 3548 1943 3620 ὑπερηφανίας

354 3633 727 3704 περιπεσοῦσα
773 3635 960 3706 κακῷ,
1003 3636 1148 3708 ἄλλῳ
1188 3638 1376 3710 τρόπῳ
1421 3641 1806 3712 τραχηλίςεται
1849 3644 1943 3697 καὶ

355 3725 711 3778 καταπίπτει·
757 3725 834 3791 ὼς
874 3728 960 3782 διὰ
1002 3729 1160 3782 τοῦτο
1200 3730 1428 3800 φάσκειν
1459 3734 1551 3786 τὸν
1594 3733 1937 3789 Ἀπόστολον·

354 3818 483 3871 Ἵνα
505 3819 592 3887 μὴ
616 3821 904 3888 τυφωθεὶς
923 3824 1011 3888 είς
1038 3823 1213 3892 κρῖμα
1237 3824 1468 3895 ἐμπέσῃ
1497 3825 1600 3880 τοῦ
1627 3825 1938 3882 διαϐόλου·

351 3909 664 3979 ἀναγκαίως
704 3912 1011 3983 προειπών·
1051 3915 1158 3968 Kal
1213 3916 1323 3984 γὰρ
1362 3919 1396 3970 ὀ
1437 3917 1657 3983 δοῦλός
1685 3933 1800 3973 σου
1832 3937 1944 3988 59v-

349 4000 573 4057 λὰσσει
618 4005 791 4068 αὐτὰ,
840 4007 935 4058 καὶ
975 4005 1190 4074 φύλακα
1231 4007 1340 4060 τῶν
1384 4008 1478 4062 τοῦ
1526 4009 1662 4062 Θεοῦ
1712 4011 1943 4066 ἐντολῶν

351 4093 543 4148 ἑαυτὸν
587 4095 778 4159 εἰπὼν,
810 4097 1042 4152 ἱκετεύει
1083 4099 1348 4171 ρυσθῆναι
1387 4099 1496 4153 ἀπὸ
1538 4100 1940 4172 ὑπερηφανίας,

351 4188 447 4242 καὶ
473 4187 750 4258 ἐπιλέγει·
799 4190 933 4245 Ἐὰν
957 4189 1043 4260 μή
1077 4209 1197 4260 μου
1234 4194 1782 4261 κατακυριεύσωσι,
1807 4195 1943 4248 τότε

351 4279 590 4351 ἄμωμος
632 4283 880 4353 ἔσομαι,
923 4285 1022 4338 καὶ
1072 4287 1206 4340 τότε
1257 4284 1771 4356 καθαρισθήσομαι
1821 4287 1941 4342 ἀπὸ

349 4373 640 4444 ἁμαρτίας
661 4375 949 4446 μεγάλης.
987 4377 1137 4442 Τέως
1163 4378 1262 4448 μὲν
1289 4379 1400 4450 γὰρ
1425 4379 1518 4431 ἐπὶ
1547 4378 1642 4432 τοῦ
1677 4379 1942 4452 παρόντος

350 4467 401 4520 εί
426 4469 520 4522 καὶ
546 4467 763 4537 φύλακα
793 4470 1028 4540 ἐμαυτὸν
1059 4469 1257 4542 εἴρηκα
1299 4471 1408 4524 τῶν
1436 4471 1530 4524 τοῦ
1564 4470 1697 4525 Θεοῦ
1729 4488 1942 4542 παραγ-

2048 3275 2268 3339 gerunt,
2302 3267 2550 3339 quaedam
2595 3267 2916 3339 plerumque
2963 3263 3200 3334 superba
3241 3263 3497 3334 cogitatio
3544 3276 3635 3318 se-

2047 3361 2269 3433 quitur;
2302 3362 2431 3416 dum
2461 3362 2645 3416 anima
2692 3361 2962 3416 bonorum
2994 3373 3219 3430 operum
3255 3356 3359 3413 sibi
3387 3355 3632 3418 conscia.

2047 3459 2330 3515 extollitur
2356 3474 2422 3514 ac
2443 3456 2732 3530 magniﬁce
2763 3457 2831 3512 de
2855 3472 2913 3512 se
2945 3456 3113 3512 sentit
3139 3472 3154 3520 ;
3189 3451 3388 3507 deinde
3422 3465 3555 3506 vero
3577 3451 3635 3506 in

2047 3552 2318 3623 superbia:
2343 3554 2550 3607 malum
2590 3551 2839 3622 delapsa,
2875 3549 2980 3604 alia
3021 3563 3240 3618 quoque
3267 3545 3479 3601 ratione
3501 3558 3634 3615 pro-

2047 3644 2312 3699 sternitur
2354 3658 2419 3698 ac
2451 3641 2691 3709 decidit;
2733 3641 2964 3709 ideoque
2996 3640 3070 3693 ait
3101 3638 3396 3708 Apostolus
3427 3637 3512 3687 ":
3549 3633 3635 3690 Ne

2045 3733 2099 3786 in
2125 3731 2428 3802 superbiant
2457 3731 2653 3795 elatus,
2680 3731 2734 3782 in
2756 3728 3017 3798 judicium
3042 3727 3243 3779 incidat
3267 3723 3503 3776 diaboli:
3537 3737 3633 3776 ne.

2045 3825 2286 3879 cessario
2313 3838 2446 3878 sane
2476 3831 2766 3892 postquam
2789 3821 3020 3882 dixerat,
3045 3818 3234 3871 etenim
3277 3831 3456 3870 servus
3511 3825 3630 3868 tuus

2045 3913 2277 3969 custodit
2303 3931 2386 3977 ea,
2411 3928 2478 3968 ac
2510 3927 2632 3968 sese
2666 3910 2759 3966 Dci
2792 3919 3188 3981 praeceptorum
3222 3907 3486 3960 cultorem
3513 3917 3632 3975 pro-

2047 4007 2226 4063 fessus
2251 4015 2370 4061 erat
2391 4047 2407 4069 ,
2441 4006 2579 4076 eripi
2607 4020 2667 4060 se
2700 4010 2858 4074 rogat
2888 4018 2917 4056 a
2952 4000 3250 4070 superbia,
3301 4007 3466 4069 atque
3495 3997 3630 4052 sub-

2046 4093 2246 4149 inl'ert:
2301 4091 2363 4148 Si
2407 4093 2508 4163 mei
2542 4108 2645 4146 non
2693 4092 2892 4162 fuerint
2932 4090 3233 4154 dominati,
3282 4097 3406 4142 tunc
3439 4088 3631 4141 innua-

2043 4187 2253 4242 culatus
2281 4203 2370 4241 ero
2394 4225 2410 4251 ,
2457 4195 2507 4240 et
2538 4195 2662 4240 tunc
2690 4183 3019 4240 emundaoor
3061 4200 3095 4236 a
3125 4181 3314 4236 delicto
3371 4181 3626 4235 maxime.

2043 4279 2159 4336 Etsi
2204 4282 2471 4335 hactenus
2513 4296 2602 4336 me
2646 4288 2810 4350 atque
2845 4279 2896 4334 in
2932 4281 3188 4349 prtesenli
3234 4285 3628 4346 prmceptorum

2043 4372 2139 4429 Dei
2173 4374 2439 4429 cultorem
2486 4373 2636 4440 dixi;
2691 4379 2748 4426 at
2800 4387 2924 4427 cum
2983 4386 3070 4426 me
3109 4370 3178 4424 ab
3229 4368 3462 4424 occultis
3494 4365 3634 4420 meis

2044 4477 2331 4538 purgatum
2364 4465 2605 4521 nondum
2637 4466 2831 4531 sciam,
2862 4464 3043 4519 adhuc
3067 4464 3123 4518 in
3154 4465 3451 4518 certamine
3481 4458 3630 4530 posi-

349 4559 664 4630 γελμάτων,
693 4560 808 4615 ἀλλ’
840 4562 961 4614 ἐπεὶ
981 4562 1192 4615 οὐδέπω
1220 4563 1433 4617 συνοῖδα
1449 4563 1672 4635 ἐμαυτῷ
1700 4563 1939 4619 κεκαθα-

2046 4569 2158 4623 tus,
2206 4575 2272 4615 ac
2318 4558 2589 4616 sollicitus
2639 4567 2698 4612 ut
2732 4573 2762 4612 a
2799 4557 3054 4627 superbia
3101 4557 3334 4627 cripiar,
3383 4555 3509 4625 jure
3564 4568 3629 4608 ac

353 4653 594 4724 ρισμένῳ
616 4653 680 4707 ἐκ
703 4653 811 4706 τῶν
842 4653 1086 4726 κρυφίων
1127 4673 1248 4726 μου,
1273 4655 1354 4708 ἔτι
1387 4657 1431 4710 δ’
1459 4656 1676 4726 ἀγωνιῶ
1708 4657 1802 4711 καὶ
1839 4675 1938 4710 πε-

351 4744 615 4816 φρόντικα
641 4745 714 4810 ὡς
750 4745 815 4800 ἂν
851 4747 1104 4818 ῥυσθείην
1137 4747 1245 4801 ἀπὸ
1279 4749 1676 4820 ὑπερηφανίας,
1715 4749 1939 4814 εἰκότως

351 4836 519 4907 φημὶ,
547 4836 642 4890 ἅτε
673 4836 896 4908 μηδέπω
917 4839 975 4891 τὸ
997 4838 1198 4892 τέλειον
1220 4839 1594 4908 καθορθώσας.
1632 4840 1765 4894 Τότε
1789 4841 1939 4913 ἀκρι-

349 4926 462 4993 ϐῶς
481 4928 762 5000 γνώσομαι
783 4930 1014 5001 ἐμαυτὸν
1037 4929 1162 5001 ἆμω
1169 4948 1288 5000 μον,
1306 4932 1400 4984 καὶ
1418 4932 1541 4984 τότε
1561 4931 1668 4986 ἀπὸ
1694 4932 1938 5006 μεγάλης

348 5019 821 5092 καθαρισοὴσομαι
849 5021 1146 5094 ἁμαρτίας,
1189 5021 1409 5076 ἐπειδὰν
1448 5024 1585 5094 μήτε
1615 5025 1684 5078 τὰ
1727 5023 1939 5096 κρύφια

350 5128 453 5188 μου
481 5112 972 5184 κατακυριεὺσωσι,
1009 5115 1146 5186 μήτε
1167 5114 1427 5186 λογισμὸς
1456 5115 1809 5188 ὑπερήφανος
1838 5134 1938 5170 κα-

344 5201 671 5256 ταδουλώσει
721 5221 822 5275 με,
870 5205 903 5276 ἢ
953 5207 1181 5279 πονηροὶ
1235 5207 1513 5278 δαίμονες.
1577 5207 1838 5280 Μεγάλην
1880 5209 1937 5263 δὲ

350 5297 622 5370 ἁμαρτίαν
665 5297 766 5370 τὴν
805 5299 1309 5374 ἀποτελεσματικήν
1345 5302 1422 5371 (Ι)
1476 5317 1660 5372 φησιν.
1710 5302 1775 5355 Ei
1826 5301 1935 5375 γὰρ

349 5389 425 5461 μὴ
448 5391 558 5446 ἀπὸ
589 5391 697 5447 τῶν
741 5391 985 5465 κρυφίων
1021 5410 1121 5464 μου
1156 5393 1567 5468 καθαρισθείην,
1602 5395 1927 5467 ἐπιμένοντα

418 5574 509 5629 ⁸⁸1
541 5575 682 5634 Tim.
720 5592 804 5644 Ill,
833 5578 887 5634 6.

2039 4651 2236 4707 merito
2256 4652 2338 4706 sic
2370 4650 2593 4721 loquor,
2629 4658 2819 4721 utpote
2849 4651 2942 4721 qui
2970 4649 3212 4704 nondum
3241 4649 3311 4703 ad
3344 4654 3542 4703 metam
3570 4653 3626 4704 et

2039 4745 2106 4800 ad
2140 4745 2530 4815 perfectionem
2561 4743 2894 4814 pertigerim.
2925 4741 3081 4796 Tunc
3112 4757 3199 4797 me
3237 4743 3397 4812 plane
3430 4739 3629 4795 imula--

2037 4838 2279 4892 culatum
2310 4852 2534 4892 noscam
2560 4875 2576 4902 ,
2606 4843 2739 4891 tunc
2767 4835 3105 4891 cmundabor
3138 4850 3168 4889 a
3200 4834 3406 4889 delicto
3451 4833 3628 4888 maxi-

2038 4946 2150 4994 mo,
2178 4947 2303 4986 cum
2335 4933 2554 4986 occulta
2588 4931 2694 4987 mei
2723 4946 2831 4985 non
2867 4927 3334 4994 dominabuntur,
3375 4944 3497 4984 cum
3531 4942 3626 4984 su-

2036 5024 2203 5094 perba
2243 5023 2504 5094 cogitatio
2530 5039 2594 5079 ac
2635 5024 2862 5096 maligni
2888 5024 3165 5079 dzemones
3214 5037 3301 5077 me
3345 5021 3625 5076 subditum

2037 5133 2148 5173 non
2175 5117 2518 5173 detinebunt.
2565 5117 2869 5172 Maximum
2927 5111 3093 5190 porro
3139 5115 3398 5171 delictum
3427 5119 3624 5174 vocat,

2037 5210 2543 5280 apotelesmaticen,
2571 5211 2688 5266 sive
2722 5211 3072 5280 astrologiam
3093 5206 3466 5279 judiciariam.
3489 5203 3624 5258 Nam

2036 5302 2083 5358 si
2110 5303 2447 5361 ab-occultis
2477 5307 2614 5361 meis
2643 5303 2976 5361 emundatus
3023 5319 3134 5359 non
3193 5301 3411 5363 fuerim,
3437 5298 3630 5354 istbaac

2035 5395 2233 5453 delicta
2265 5396 2320 5452 in
2355 5412 2442 5455 me
2483 5397 2860 5471 permanentia
2891 5397 2947 5452 in
2976 5411 3203 5468 pravum
3233 5393 3509 5466 quoddam
3543 5389 3625 5446 fa-

421 5757 500 5828 (l)
537 5757 670 5826 Qua:
697 5759 787 5814 hic
807 5759 874 5816 de
894 5760 1336 5835 apotelesmatica
1364 5760 1648 5829 dicuntur,
1677 5776 1805 5819 cum
1827 5759 2184 5832 sequentibus
2223 5774 2335 5822 non
2355 5765 2683 5827 congruunt.
2725 5754 2910 5823 Quare
2972 5750 3382 5811 subodoramur
3416 5747 3621 5826 _aliqua

351 5850 582 5921 inferius
609 5855 900 5915 excidisse.
