4010 6544
457 355 560 412 12⁵5

1185 357 1448 414 EUSEBII
1487 357 1966 414 CxESARIENSlS
2004 357 2154 416 OPP.
2189 359 2371 414 PARS
2405 359 2492 415 lll.
2535 359 2948 416 EXEGETICA.

3643 364 3670 418 t
3683 359 3766 415 2:6

450 471 612 528 ciuus
645 488 730 530 me
771 474 1086 546 conjicient,
1125 490 1330 546 eroque
1361 491 1560 546 magno
1611 486 1836 545 peccato
1863 477 2034 531 obno-

2140 475 2310 529 ταῦτα
2361 476 2428 529 τὰ
2471 473 2892 546 παραπτώματα
2943 474 3022 536 εἰς
3077 473 3272 545 πρᾶξιν
3321 473 3532 547 φαύλην
3577 493 3758 546 μετα-

451 579 600 620 IIIIS.

527 655 692 714 Vsus.
733 659 818 713 iii.
863 657 930 712 Et
951 669 1102 712 erunt
1145 659 1198 711 in
1243 657 1628 728 beneplacitum
1677 660 1887 732 eloquia
1933 661 2040 713 oris

453 751 574 804 mei.
604 751 742 804 Cum
775 751 890 806 haec
921 751 1050 804 mihi
1085 750 1183 806 abs
1210 760 1258 805 te
1281 752 1480 806 collata
1503 751 1726 818 fuerint,
1761 763 1892 808 tunc
1923 753 2038 808 elo-

453 844 582 914 quia
609 844 722 898 oris
753 843 880 906 mei,
907 857 1028 912 qua:
1055 843 1333 912 precando
1355 885 1368 908 ,
1412 852 1466 898 te
1497 843 1714 914 hymnis
1757 843 2042 898 celebran-

451 936 546 1000 do,
569 937 774 1006 gratias
801 935 898 989 tibi
928 935 1140 1006 agendo
1173 935 1372 1000 obtuli,
1405 937 1608 1005 placita
1629 937 1726 992 tibi
1749 945 1934 992 erunt.
1969 935 2042 988 Ea

453 1045 582 1084 vero
611 1029 810 1098 placita
858 1029 1078 1100 eloquia
1143 1035 1315 1092 sunt,
1373 1045 1496 1099 quae
1537 1030 1936 1100 approbatione
1989 1036 2042 1083 et

451 1123 612 1178 laude
639 1122 822 1194 digna.
879 1122 946 1176 Et
989 1125 1266 1180 meditatio
1307 1125 1482 1178 cordis
1527 1125 1631 1178 mei
1677 1127 1734 1177 in
1767 1133 2042 1194 conspectu

449 1223 538 1266 tuo
567 1223 644 1267 est
669 1229 890 1280 semper.
917 1213 1193 1270 Meditatio
1219 1216 1420 1271 mentis
1443 1229 1596 1279 nica},
1617 1229 1738 1283 qua:
1759 1214 1814 1267 in
1837 1213 2044 1283 cogita—

447 1307 691 1364 tionibus
719 1316 774 1362 et
801 1309 970 1361 animi
1019 1309 1274 1364 sensibus
1319 1307 1621 1377 perﬁcitur,
1643 1323 1766 1362 cum
1803 1307 1874 1360 sit
1895 1306 2044 1359 omni

448 1401 610 1470 culpa
659 1387 939 1468 immunis,
971 1403 1024 1455 in
1065 1411 1364 1471 conspectu
1419 1411 1518 1456 tuo
1557 1412 1904 1471 estsemper.
1933 1399 2044 1455 Me—

451 1493 646 1550 ditatio
667 1509 798 1550 sane
821 1511 928 1549 non
959 1496 1180 1550 aliunde
1211 1510 1378 1566 quam
1411 1495 1510 1550 abs
1543 1503 1598 1550 te
1627 1495 1904 1564 inculpata
1921 1508 2044 1548 esse

453 1588 612 1652 talet,
635 1589 728 1658 qui
753 1605 840 1644 me
863 1590 930 1643 ab
957 1591 1190 1645 occultis
1221 1590 1356 1644 meis
1387 1587 1724 1644 emundasti.

521 1679 769 1742 Domine.
803 1683 1022 1752 adjutor
1053 1700 1197 1736 meus
1232 1695 1280 1737 et
1307 1682 1602 1751 redemptor
1631 1697 1798 1736 meus.
1825 1678 1900 1736 Te
1929 1679 2045 1749 opi-

447 1773 684 1838 tulante,
723 1773 984 1840 Domine,
1019 1791 1049 1829 a
1089 1775 1304 1832 nemine
1335 1773 1628 1828 adversum
1665 1788 1752 1827 me
1783 1773 2045 1842 spiritua-

2147 569 2322 639 φέρει,
2351 567 2446 620 καὶ
2477 567 2700 637 γίνομαι
2729 567 3028 629 ὑπεύθυνος
3059 567 3306 638 ἁμαρτίᾳ
3334 568 3568 638 μεγάλῃ.

2217 661 2322 714 Καὶ
2353 659 2596 713 ἔσονται
2625 662 2713 724 εἰς
2741 658 3026 713 εὐδοκίαν
3049 659 3122 714 τὰ
3162 661 3338 729 λόγια
3367 659 3477 712 τοῦ
3512 661 3752 729 στόμα-

2143 751 2247 815 τός
2275 767 2414 819 μου.
2453 749 2619 802 Ὅταν
2661 747 2838 802 ταῦτα
2883 766 2972 818 μοι
3021 749 3276 820 ὐπαρχθῇ
3321 747 3474 820 παρὰ
3519 749 3638 814 σοῦ,
3673 749 3754 804 τὶ

2143 843 2300 910 λόγια
2345 839 2438 894 τοῦ
2477 841 2742 911 στόματός
2777 858 2876 911 μου
2911 841 2946 894 ἃ.
2969 841 3284 912 προήνεγκα
3311 843 3604 912 εὐχόμενός
3629 860 3752 906 σοι,

2147 935 2330 1006 ὑμνῶν
2375 954 2454 1000 σε,
2489 935 2824 1006 εὐχαριστῶν
2877 953 2980 999 σοι,
3022 935 3104 998 εἰς
3143 935 3391 989 εὐδοκίαν
3429 937 3604 990 ἔσται.
3645 939 3756 1002 Εἰς

2145 1028 2390 1081 εὐδοκίαν
2421 1029 2478 1080 δέ
2507 1031 2654 1080 ἐστιν
2681 1030 2750 1082 τὰ
2783 1029 2938 1096 λόγια
2967 1028 3038 1082 τὰ
3071 1028 3342 1099 ἀποδοχῆς
3377 1029 3522 1094 ἄξια.
3555 1031 3666 1084 Καὶ
3707 1035 3752 1100 ἠ

2135 1121 2361 1190 μελέτη
2409 1121 2520 1190 τῆς
2560 1121 2808 1189 καρδίας
2846 1139 2964 1190 μου
3015 1121 3274 1174 ἐνώπιόν
3311 1138 3428 1176 σου
3461 1123 3592 1177 ἐστὶ
3639 1124 3752 1177 διὰ

2144 1215 2390 1279 παντός.
2435 1214 2498 1266 Ἡ
2536 1213 2730 1285 μελέτη
2753 1213 2846 1268 τοῦ
2869 1214 3208 1284 διανοητικοῦ
3237 1232 3363 1286 μου,
3395 1215 3658 1287 γινομένη
3683 1217 3752 1270 ὲν

2143 1303 2424 1374 λογισμοῖς
2455 1305 2549 1358 καὶ
2591 1307 2860 1376 νοήσεσιν,
2897 1305 3054 1369 ἐκτὸς
3099 1301 3232 1360 οὖσα
3273 1307 3474 1370 παντὸς
3517 1305 3748 1378 μώμου,

2143 1397 2372 1451 ἐνώπιόν
2403 1415 2496 1450 σου
2523 1399 2778 1467 τυγχάνει
2814 1397 2904 1451 διὰ
2932 1399 3152 1462 παντός.
3189 1399 3262 1451 Τὸ
3285 1398 3468 1469 μέντοι
3507 1399 3606 1468 τῆς
3639 1417 3752 1469 με·

2143 1493 2304 1564 λέτης
2353 1492 2640 1564 ἄμεμπτον
2673 1493 2772 1544 οὐκ
2815 1492 3036 1545 ἄλλοθεν
3085 1493 3117 1562 ῆ
3173 1495 3238 1546 ὲκ
3288 1492 3382 1545 σοῦ
3437 1493 3748 1565 ὑπῆρκται,

2148 1586 2544 1658 καθαρίσαντὸς
2577 1603 2646 1656 με
2679 1585 2787 1638 ἀπὸ
2817 1585 2924 1640 τῶν
2958 1585 3205 1654 κρυφίων
3237 1603 3358 1656 μου.

2223 1681 2424 1747 Κύριε,
2446 1678 2636 1745 ,βοηθέ
2647 1697 2766 1748 μου
2791 1679 2888 1732 καὶ
2909 1678 3180 1746 ,λυτρωτὰ
3195 1697 3333 1748 μου.
3353 1679 3454 1732 Σοῦ
3483 1677 3750 1750 βοηθοῦν-

2145 1790 2256 1836 τος,
2283 1766 2327 1824 ὦ
2363 1772 2619 1834 δέσποτα,
2657 1772 2832 1824 οὐδενὶ
2875 1772 3167 1824 ὐποπίπτω
3205 1771 3311 1824 τῶν
3349 1771 3750 1842 πνευματικῶς

449 1865 574 1920 liter
601 1865 838 1920 bellante
891 1876 1230 1936 prosternar.
1265 1865 1418 1932 Quod
1466 1865 1512 1920 si
1559 1881 1692 1920 casu
1727 1863 1951 1918 eveniar
1977 1871 2034 1916 ut

2145 1863 2685 1935 προσπολεμούντων.
2739 1865 2803 1916 Εἰ
2841 1865 2897 1917 δὲ
2937 1865 3028 1917 καὶ
3075 1867 3200 1935 παρ’
3233 1865 3370 1936 ἐμὴν
3405 1867 3748 1937 ἀπροσεξίαν

451 1955 952 2034 inconsideratione
991 1974 1110 2012 mea
1141 1958 1210 2012 ab
1243 1956 1572 2012 adversariis
1606 1957 1941 2026 intercipiat,
1973 1963 2033 2010 tu

449 2065 536 2106 me
565 2066 598 2106 e
625 2053 878 2108 manibus
907 2067 1096 2107 eorum
1129 2052 1368 2108 redimas
1387 2092 1403 2114 ,
1439 2050 1532 2119 qui
1573 2065 1682 2104 una
1723 2047 1942 2118 adjutor
1969 2066 2034 2104 ac

449 2143 762 2213 redemptor
791 2161 914 2202 esse
945 2143 1395 2214 deprehenderis.

595 2257 647 2310 l.
697 2256 765 2310 IN
805 2257 1016 2311 FINEM
1044 2297 1058 2322 ,
1108 2255 1436 2310 PSALMUS
1483 2253 1695 2309 DAVID
1743 2253 1888 2308 XIX.

524 2347 693 2404 Vsus.
745 2349 820 2402 2·
851 2349 905 2404 4.
947 2349 1221 2403 Εαααάὶίιε
1253 2357 1300 2402 te
1335 2348 1594 2403 Dominus
1633 2349 1690 2401 in
1733 2349 1819 2400 die
1867 2346 2036 2400 tribu-

451 2439 702 2506 lationis,
752 2451 990 2514 protegat
1027 2451 1073 2495 te
1121 2459 1308 2496 nomen
1351 2441 1449 2495 Dei
1502 2440 1691 2496 Jacob.
1721 2439 1904 2493 Mittat
1941 2439 2034 2492 tibi

450 2531 714 2586 auxilium
735 2533 798 2588 de
817 2543 1022 2598 sancto,
1047 2543 1096 2588 et
1126 2533 1192 2588 de
1227 2535 1354 2587 Sion
1387 2543 1602 2588 tueatur
1633 2542 1699 2586 te.
1733 2531 1938 2586 Memor
1966 2533 2034 2584 sit

449 2626 622 2678 omnis
645 2626 900 2696 sacriﬁcii
935 2627 1033 2690 tui,
1053 2635 1100 2680 et
1127 2627 1497 2680 holocaustum
1528 2635 1676 2680 tuum
1705 2627 1894 2696 pingue
1915 2625 2030 2694 ﬁat.

449 2717 788 2789 Diapsalma.
825 2717 1079 2774 Psalmus
1109 2719 1328 2788 quidem
1353 2758 1368 2782 ,
1405 2725 1465 2771 ut
1515 2719 1875 2788 inscriptione
1923 2715 2033 2771 fer-

449 2819 562 2876 tur,
595 2811 786 2866 Davidi
817 2810 1138 2865 attribuitur
1164 2830 1176 2863 :
1209 2812 1394 2864 animo
1423 2817 1606 2864 autem
1635 2817 1879 2879 reputes,
1903 2823 2034 2862 num

451 2903 500 2958 si
531 2901 760 2957 historia
791 2907 1092 2964 spectetur,
1123 2901 1228 2954 alia
1261 2900 1657 2970 sitcujuspiam
1693 2900 1890 2961 oratio,
1913 2914 2035 2970 quae

451 2995 674 3052 Davidis
703 2995 1166 3066 supplicationum
1213 2993 1455 3062 adiutrix
1487 2993 1580 3047 sit.
1613 2991 1716 3057 Qui
1747 2991 1916 3046 David
1945 3007 2036 3047 ro-

454 3093 547 3158 gat
567 3085 953 3154 obsecratque,
987 3093 1046 3138 ut
1075 3083 1218 3149 Deus
1249 3083 1352 3136 sibi
1385 3089 1632 3138 servator
1663 3083 1918 3147 assistat,
1969 3097 2034 3136 ac

450 3189 638 3234 contra
665 3178 920 3232 inimicos
955 3192 1145 3231 secum
1175 3177 1441 3230 decertet.
1477 3173 1788 3229 Verisimile
1831 3174 2036 3244 quippe
2062 3213 2104 3270 ο

447 3279 555 3337 est,
586 3271 636 3326 ei
667 3269 756 3325 his
795 3269 1136 3324 incumbenti
1166 3269 1398 3323 chorum
1439 3275 1758 3322 sanctorum
1805 3267 2032 3336 angelo-

447 3379 594 3426 rum,
617 3362 998 3432 religiosorum
1031 3361 1335 3422 hominum,
1365 3375 1760 3428 sacrorumque
1789 3358 1880 3413 Dei
1927 3359 2032 3412 mi-

447 3455 753 3511 nistrorum
801 3453 1014 3516 adesse,
1049 3469 1156 3508 una
1187 3469 1312 3506 cum
1361 3451 1456 3506 illo
1501 3450 1756 3521 precari,
1809 3459 1864 3505 et
1919 3450 2034 3504 ιιωο

450 3547 640 3604 omnia
671 3547 835 3604 simul
867 3545 1114 3617 proferre
1143 3565 1156 3600 :
1199 3543 1474 3598 Emaudiat
1505 3553 1552 3596 te
1581 3541 1836 3596 Dominus
1862 3543 1916 3596 in
1950 3541 2034 3596 die

449 3640 837 3702 tribulationis,
855 3646 1132 3703 etcmtera;
1159 3635 1468 3706 atqueillud
1495 3634 1622 3688 item
1646 3652 1658 3686 :
1687 3631 1755 3685 Et
1785 3631 1922 3686 adsit
1939 3631 2034 3685 tibi

458 3751 644 3790 nomen
675 3733 774 3788 Dei
799 3731 988 3786 Iacob.
1037 3731 1133 3784 Est
1171 3731 1321 3784 enim
1355 3728 1483 3782 talis
1506 3727 1782 3782 invocatio
1804 3735 1858 3782 et
1888 3743 2032 3782 com-

447 3828 668 3900 pellatio
703 3827 769 3880 ad
819 3823 1220 3897 propulsandus
1238 3837 1429 3877 omnes
1451 3819 1706 3874 inimicos
1724 3821 1880 3875 satis.
1907 3818 2031 3874 Haec

447 3935 556 3976 non
585 3920 688 3974 soli
717 3917 906 3972 Davidi
935 3923 1269 3986 competunt;
1294 3915 1386 3972 sed
1417 3915 1580 3968 etiam
1602 3912 1823 3966 cuilibet
1851 3911 2028 3976 alteri,

450 4013 545 4082 qui
575 4011 628 4065 in
651 4010 818 4066 simili
845 4025 976 4064 casu
1001 4025 1098 4080 per
1124 4009 1427 4063 orationem
1465 4004 1768 4076 spiritualia
1815 4011 1869 4058 et
1895 4019 2030 4073 pura

451 4103 562 4160 Deo
593 4102 860 4158 sacriﬁcia
895 4103 1126 4170 emittit;
1159 4102 1246 4156 cui
1270 4144 1285 4168 ,
1330 4107 1391 4154 ut
1431 4113 1531 4168 par
1565 4107 1670 4160 est,
1703 4111 1872 4150 sacra:
1927 4096 2030 4150 illa:

449 4194 706 4255 virtutes,
731 4203 784 4248 et
804 4203 1120 4248 sanctorum
1141 4192 1458 4262 angelorum
1487 4188 1638 4242 chori
1663 4201 1772 4241 una
1809 4186 2028 4252 adsunt,

447 4285 760 4340 orationum
803 4301 866 4340 ac
911 4284 1356 4354 deprecationum
1409 4280 1542 4336 socii
1597 4287 1652 4333 et
1690 4278 1986 4347 adjutores.

527 4375 690 4433 Vsus.
752 4377 876 4432 5-7.
949 4375 1172 4431 Tribuat
1241 4375 1335 4428 tibi
1401 4372 1658 4426 Dominus
1743 4370 2028 4424 secundant

448 4491 539 4530 cor
579 4483 748 4539 tuum,
779 4479 830 4525 et
857 4487 1007 4524 omne
1033 4467 1311 4522 consilium
1345 4475 1492 4518 tuum
1523 4464 1817 4532 conﬁrmet.
1853 4461 2028 4516 Laeta-

449 4567 618 4620 bimur
649 4566 702 4618 in
737 4563 966 4618 salutari
998 4571 1106 4625 tuo,
1131 4567 1182 4614 et
1219 4560 1274 4612 in
1307 4558 1516 4611 nomine
1545 4555 1762 4608 Domini
1805 4555 1902 4607 Dei
1931 4571 2026 4607 no-
2059 4559 2102 4613 ι)

448 4659 548 4713 stri
574 4655 1054 4728 magni/icabimur.
1087 4651 1311 4720 Impleat
1327 4649 1582 4702 Dominus
1610 4663 1788 4700 omnes
1813 4649 2026 4715 petilio-

448 4767 538 4806 nes
572 4760 688 4804 tuas
715 4765 734 4804 :
762 4765 900 4804 nunc
935 4745 1146 4816 cognovi
1176 4743 1424 4814 quoniam
1449 4741 1654 4795 salvum
1687 4740 1810 4810 fecit
1843 4739 2024 4792 Domi-

451 4861 548 4898 nus
573 4841 842 4900 Christum
867 4856 1038 4895 suum.
1071 4839 1116 4891 Α
1143 4836 1500 4906 diapsalmate
1527 4835 1638 4888 orsi
1669 4835 1764 4904 qui
1803 4849 2027 4902 precan-

451 4943 561 5002 tur,
587 4935 930 5006 pr0phetiam
969 4931 1261 4996 emittunt;
1293 4927 1438 4998 quod
1483 4927 1534 4981 ei
1554 4926 1646 4996 qui
1679 4925 2024 4980 rationabilia

447 5027 539 5083 illa
569 5025 838 5084 sacriﬁcia
863 5022 1092 5086 obtulit,
1141 5035 1206 5074 ea
1244 5019 1428 5074 omnia
1455 5019 1752 5090 largiturus
1777 5018 1850 5072 sit
1879 5015 2023 5071 Deus

445 5135 568 5192 quae
595 5125 778 5174 mente
816 5125 870 5172 et
901 5114 1082 5170 animo
1121 5112 1453 5181 postulavit;
1495 5119 1549 5164 et
1575 5111 1870 5166 consilium
1902 5110 2024 5178 ejus

447 5213 814 5288 perfecturus,
839 5209 884 5265 si
908 5205 1126 5278 quidem
1151 5221 1260 5260 non
1301 5205 1464 5262 fuerit
1493 5206 1626 5276 ipsis
1655 5205 1746 5260 Dei
1773 5205 2023 5260 consiliis

447 5306 708 5361 alienum.
735 5300 827 5366 lis,
861 5297 1136 5368 inquiunt,
1165 5307 1344 5354 tecum
1385 5299 1540 5352 bonis
1579 5297 1844 5361 fruemur,
1875 5299 2024 5351 laeta-

447 5399 740 5466 himurque
797 5393 852 5446 in
903 5390 1128 5448 salutari
1175 5397 1310 5446 tuo:
1353 5391 1506 5461 gnari
1537 5390 1737 5460 quippe
1792 5405 2020 5452 sumus,

451 5489 656 5559 Spiritu
692 5491 882 5540 sancto
926 5483 1228 5544 revelante,
1293 5483 1497 5551 prolem
1531 5481 1677 5534 illam
1709 5495 1772 5534 ex
1807 5487 1862 5533 te
1895 5493 2022 5548 pro-

446 5579 704 5638 dituram.
733 5577 1110 5632 universorum
1141 5575 1423 5630 hominum
1472 5575 1710 5629 salutare
1757 5573 2018 5626 futuram.

445 5673 563 5739 Qua
613 5671 666 5725 in
697 5685 756 5725 re
787 5685 886 5726 nos
914 5686 1130 5740 quoque
1155 5670 1208 5724 in
1239 5669 1461 5725 nomine
1491 5669 1706 5722 Domini
1729 5665 1822 5721 Dei
1847 5665 2020 5720 nostri

445 5762 937 5836 magniﬁcabimur.
973 5762 1305 5836 lmpleantur
1333 5765 1498 5821 etiam
1545 5761 1832 5835 petitiones
1866 5767 1972 5816 tua:
2005 5780 2016 5816 :

447 5855 578 5928 ipsa:
605 5854 809 5932 quippe
831 5855 1328 5939 _Deo_digna3__sunt.

2139 1958 2340 2011 ἁλῶναι
2363 1959 2474 2019 τοῖς
2497 1956 2762 2020 ἐναντίοις
2787 1957 2993 2027 συμϐῇ,
3021 1959 3084 2010 σύ
3119 1975 3184 2028 με
3209 1959 3274 2010 ἐκ
3300 1957 3408 2012 τῶν
3435 1959 3750 2030 κρατησάν-

2135 2067 2242 2102 των
2271 2049 2581 2121 λυτροῦσαι,
2625 2047 2742 2119 ἅμα
2791 2048 2984 2119 βοηθὸς
3031 2035 3125 2102 icui.
3165 2050 3443 2123 λυτρωτὴς
3483 2053 3744 2122 εὑρισκό-

2145 2159 2324 2213 μενος.
2469 2195 2474 2202 ,

2293 2252 2408 2306 ΕΙΣ
2439 2254 2528 2305 ΤΟ
2567 2253 2808 2318 ΤΕΛΟΣ,
2848 2252 3140 2306 ΨΑΛΜΟΣ
3179 2255 3264 2308 ΤΩ
3298 2253 3494 2308 ΔΛΥΙΔ
3523 2255 3625 2309 16'.

2219 2343 2581 2399 Ἐπακούσαι
2629 2363 2745 2400 σου
2796 2347 3014 2414 Κύριος
3069 2347 3138 2398 ἐν
3183 2347 3374 2416 ἡμέρᾳ
3433 2349 3733 2418 θλίψεως,

2137 2438 2546 2504 ὑπερασπίσαι
2573 2455 2690 2490 σου
2719 2438 2784 2490 τὸ
2817 2437 3004 2507 ὄνομα
3032 2439 3140 2492 τοῦ
3169 2439 3317 2492 Θεοῦ
3356 2439 3576 2492 Ἰακώϐ.
3617 2439 3738 2504 Ἐξ-

2136 2530 2492 2584 ἀποστείλαι
2535 2547 2632 2584 σοι
2679 2531 2973 2596 βοήθειαν
3011 2533 3081 2597 ἐξ
3113 2535 3306 2602 ἁγίου,
3351 2533 3450 2587 καὶ
3477 2534 3548 2586 ἐκ
3581 2535 3736 2586 Σιὼν

2137 2619 2518 2674 ἁντιλάϐοιτό
2567 2639 2701 2675 σου.
2742 2625 3053 2692 mmo-08in
3089 2623 3294 2692 πάσης
3345 2626 3564 2692 θυσίας
3592 2643 3732 2691 σου,

2136 2713 2236 2764 καὶ
2261 2713 2326 2766 τὸ
2349 2716 2739 2785 ὁλοκαύτωμά
2765 2733 2882 2770 σου
2909 2717 3192 2771 πιανάτω.
3219 2716 3552 2788 Auiti-cupa.
3577 2720 3734 2772 Ἔστι

2141 2805 2238 2875 μὲν
2261 2805 2340 2876 τῷ
2371 2807 2531 2860 Δαυῒδ
2567 2809 2926 2880 ἀνακείμενος
2963 2811 2990 2862 ὁ
3023 2810 3256 2880 ψαλμὺς,
3292 2811 3432 2864 κατὰ
3467 2811 3564 2882 τὴν
3599 2829 3734 2883 προ-

2135 2899 2372 2971 γραφήν.
2418 2901 2740 2973 Ἐπίστησον
2771 2902 2827 2954 δὲ
2862 2903 3068 2973 μήποτε
3091 2903 3166 2966 ὡς
3197 2902 3332 2974 πρὸς
3363 2903 3460 2974 τὴν
3489 2903 3730 2974 ἱστορίαν

2135 2991 2266 3063 εὐχή
2301 3011 2384 3056 τις
2403 2989 2471 3064 ἦν
2495 2995 2631 3065 αὐτὴ
2662 2997 2922 3066 συνεργὸς
2955 2999 3076 3060 ταῖς
3103 2996 3196 3049 τοῦ
3219 2996 3378 3050 Δαυῒδ
3405 2996 3726 3068 ἱκετηρίαις.

2135 3081 2392 3152 δεομένου
2421 3103 2481 3138 τε
2513 3086 2606 3138 καὶ
2635 3086 3042 3149 ἀντιϐολοῦντος
3079 3087 3167 3140 διὰ
3209 3087 3518 3158 προσευχῆς
3545 3090 3730 3158 τυχεῖν

2137 3177 2271 3230 Θεοῦ
2300 3179 2550 3249 Σωτῆρος
2583 3179 2718 3247 πρὸς
2751 3179 2976 3252 ἐχθροὺς
3009 3181 3102 3234 καὶ
3127 3180 3418 3251 πολεμίους
3449 3197 3732 3252 παρατατ-

2137 3272 2386 3342 τομένου.
2419 3273 2578 3336 Εἰκὸς
2603 3272 2714 3343 γὰρ
2747 3269 2815 3342 ἦν
2851 3273 2999 3342 αὐτῷ
3033 3273 3204 3327 ταῦτα
3247 3273 3536 3343 πράττοντι
3567 3275 3728 3344 χορὸν

2137 3364 2305 3432 ἁγίων
2355 3365 2600 3432 ἀγγέλων
2643 3366 2676 3436 ἢ
2719 3367 2810 3418 καὶ
2861 3367 3122 3436 Θεοφιλῶν
3163 3367 3391 3438 ἀνδρῶν,
3443 3367 3622 3420 αὐτῶν
3663 3367 3728 3440 δὴ

2133 3457 2242 3510 τῶν
2285 3457 2442 3527 ἱερῶν
2489 3459 2584 3510 καὶ
2626 3457 2953 3529 λειτουργῶν
2993 3458 3086 3512 τοῦ
3123 3458 3259 3512 Θεοῦ
3285 3460 3353 3512 τὰ
3388 3461 3726 3530 προκείμενα

2135 3550 2310 3603 πάντα
2369 3549 2723 3622 συνεύχεσθαι
2770 3551 2919 3623 αὐτῷ
2969 3553 3062 3606 καὶ
3109 3552 3322 3621 λέγειν·
3366 3554 3727 3609 Ἐπακούσαι

2134 3657 2250 3696 σου
2277 3643 2493 3711 Κύριος
2525 3644 2596 3697 ἐν
2625 3645 2816 3714 ἡμέρᾳ
2847 3645 3128 3713 θλίψεως,
3169 3647 3263 3698 καὶ
3293 3645 3362 3698 τὰ
3390 3646 3516 3717 ὲξῆς
3535 3663 3546 3674 ·
3579 3647 3640 3700 τό
3663 3662 3726 3697 τε

2131 3735 2208 3798 δὲ,
2241 3737 2347 3790 Καὶ
2371 3739 2709 3806 παρασταίη
2739 3753 2836 3792 σοι
2865 3737 2930 3790 τὸ
2964 3738 3148 3806 ὄνομα
3173 3736 3279 3790 τοῦ
3315 3738 3462 3792 Θεοῦ
3501 3735 3722 3792 Ἰακώϐ.

2146 3829 2410 3900 Ἀπαρκεῖ
2444 3830 2554 3901 γὰρ
2594 3829 2732 3900 αὐτὴ
2767 3832 2800 3900 ἡ
2835 3829 3122 3900 ἐπίκλησις
3163 3830 3255 3883 καὶ
3302 3831 3335 3900 ὴ
3383 3831 3724 3902 προσηγορία

2134 3923 2270 3993 πρὸς
2295 3923 2507 3993 ἄμυναν
2537 3924 2738 3987 παντὸς
2777 3923 3041 3976 ἐναντίου.
3073 3921 3256 3976 Ταῦτα
3283 3921 3340 3975 δὲ
3373 3924 3435 3976 οὐ
3468 3925 3612 3994 μόνῳ
3643 3923 3722 3994 τῷ

2131 4015 2312 4079 Δαυῒδ,
2341 4017 2477 4070 ἀλλὰ
2509 4017 2602 4069 καὶ
2642 4017 2804 4069 παντὶ
2841 4015 2920 4085 τῷ
2946 4015 3066 4068 καθ’
3092 4015 3350 4085 ὁμοίωσιν
3383 4015 3590 4070 ἐκείνου
3623 4015 3721 4080 τὰς

2129 4108 2197 4161 δι’
2231 4108 2406 4178 εὐχῶν
2425 4109 2804 4179 ἀναπέμποντι
2843 4107 2922 4178 τῷ
2961 4106 3079 4178 Θεῷ
3113 4108 3306 4180 νοερὰς
3341 4109 3433 4162 καὶ
3473 4109 3722 4181 καθαρὰς

2131 4200 2340 4265 Θυσίας,
2369 4200 2624 4272 δυνάμεις
2652 4201 2831 4268 ἁγίας,
2868 4201 2960 4253 καὶ
3005 4201 3253 4268 ἀγγέλων
3297 4202 3456 4272 ἱερῶν
3501 4203 3716 4274 χοροὺς,

2131 4292 2276 4356 εἰκὸς
2299 4291 2366 4345 ἂν
2397 4291 2481 4362 εἴη
2512 4291 2859 4360 συνεύχεσθαι
2895 4293 2985 4344 καὶ
3019 4291 3360 4362 ἐπεύχεσθαι.

2201 4383 2325 4452 Δῴη
2377 4385 2731 4451 σοι-Κύριος
2779 4384 2928 4438 κατὰ
2977 4383 3091 4452 τὴν
3134 4385 3386 4452 καρδίαν
3427 4401 3576 4446 σου,
3615 4387 3714 4440 καὶ

2129 4475 2337 4532 πᾶσαν
2369 4476 2483 4544 τὴν
2521 4477 2759 4542 βουλήν
2792 4491 2908 4531 σου
2947 4476 3282 4544 πληρώσαι.
3326 4477 3716 4546 Ἀπαιλιασίῖ-

2125 4573 2278 4638 μεθα
2296 4570 2366 4622 ἐν
2395 4567 2477 4633 τῷ
2506 4569 2778 4637 σωτηρίῳ
2807 4585 2943 4633 σου,
2975 4570 3071 4622 καὶ
3101 4570 3171 4622 ἐν
3201 4569 3280 4634 τῷ
3303 4571 3542 4639 ὀνόματί
3567 4569 3716 4624 Θεοῦ

2127 4659 2297 4730 ἡμῶν
2313 4663 2506 4730 parad
2516 4661 2912 4728 υνθησόμεθα.
2947 4660 3264 4727 Πληρώσαι
3287 4663 3502 4728 Κύριος
3520 4659 3716 4712 ,πάντα

2127 4753 2198 4806 τὰ
2227 4751 2518 4822 αἰτήματα
2560 4767 2676 4806 σου
2699 4769 2712 4782 ο
2750 4752 2867 4806 νῦν
2901 4751 3110 4822 ἔγνων,
3153 4751 3242 4806 ὅτι
3279 4753 3474 4806 ἔσωσε
3499 4753 3713 4820 Κύριος

2127 4843 2232 4894 τὸν
2263 4841 2522 4911 Χριστὸν
2557 4840 2762 4895 αὐτοῦ.
2807 4839 2939 4892 Ἀπὸ
2979 4839 3073 4892 τοῦ
3119 4840 3488 4912 διαψάλματος
3529 4839 3579 4890 οἱ
3618 4837 3704 4890 εὐ-

2127 4934 2348 5005 ξάμενοι
2403 4932 2867 5004 προφητεύουσιν,
2913 4931 3062 5002 αὐτῷ
3107 4933 3200 4985 τὸν
3241 4933 3371 4986 Θεὸν
3409 4931 3632 4996 δώσειν,
3667 4925 3713 4999 ᾧ

2125 5027 2220 5088 τὰς
2245 5024 2467 5094 λογικὰς
2495 5023 2687 5088 Θυσίας
2727 5025 3120 5095 προσήνεγκεν,
3163 5024 3265 5077 ὅσα
3303 5022 3442 5076 κατὰ
3473 5022 3710 5076 διάνοιαν

2125 5117 2328 5188 ᾔτησε,
2362 5118 2457 5171 καὶ
2495 5116 2771 5188 πλήρωσιν
2807 5119 2871 5187 τῇ
2903 5115 3088 5186 βουλῇ,
3119 5116 3152 5186 ἢ
3201 5117 3282 5168 ὅτι
3325 5117 3398 5187 μὴ
3453 5115 3710 5186 ἀλλότρια

2126 5209 2259 5262 Θεοῦ
2288 5208 2355 5261 τὰ
2383 5208 2802 5279 βεϐουλευμένα.
2828 5207 3314 5278 Συναπολαύσομεν
3333 5208 3392 5260 δέ
3420 5224 3522 5265 σοι.
3553 5207 3708 5278 φασὶ,

2127 5291 2233 5354 τῶν
2283 5299 2539 5370 ἀγαθῶν,
2595 5299 2988 5370 ἀγαλλιώμενοι
3037 5299 3114 5370 τῷ
3164 5300 3414 5371 σωτηρίῳ
3467 5297 3546 5370 τῷ
3595 5297 3704 5369 σῷ·

2127 5393 2370 5464 ἔγνωμεν
2397 5393 2506 5464 γὰρ
2531 5391 2590 5456 ἐξ
2611 5392 2766 5460 ἁγίου
2795 5393 3106 5463 Πνεύματος
3145 5393 3207 5446 τὸ
3249 5394 3313 5444 ἐκ
3353 5390 3446 5446 σοῦ
3478 5392 3705 5462 γενησό-

2130 5503 2287 5556 μενον
2311 5487 2558 5556 γέννημα
2607 5485 2822 5538 πάντων
2863 5485 3165 5556 ἀνθρώπων
3209 5486 3503 5556 σωτήριον·
3539 5485 3622 5551 ἐφ’

2125 5581 2218 5632 καὶ
2241 5581 2404 5649 ἡμεῖς
2435 5578 2953 5650 μεγαλυνθησόμεθα
2985 5581 3042 5630 ἐν
3075 5577 3152 5647 τῷ
3183 5577 3403 5648 ὀνόματι
3445 5575 3538 5630 τοῦ
3567 5575 3704 5630 Θεοῦ

2125 5671 2299 5742 ἡμῶν.
2337 5671 2519 5726 Ἔστω
2542 5671 2599 5726 δέ
2627 5689 2719 5725 σου
2752 5671 2845 5724 καὶ
2876 5670 2945 5724 τὰ
2969 5671 3249 5742 αἰτήματα
3271 5683 3284 5701 ·
3315 5670 3407 5722 καὶ
3446 5667 3556 5740 γὰρ
3575 5665 3704 5732 ἄξια

2123 5765 2294 5818 ταῦτα
2313 5763 2469 5820 Θεοῦ.
