4010 6534
295 346 398 404 197

1427 340 1926 397 COMMENTARIA
1962 340 2039 396 lN
2074 339 2411 407 PSALMOS,

3447 348 3550 409 £98

372 463 794 518 Ἕπακοὺσεται
827 460 1013 517 αὑτοῦ
1044 462 1112 526 ἐξ
1157 460 1418 530 οὐρανοῦ
1461 461 1633 530 ἁγίου
1661 460 1853 516 αὐτοῦ,

2044 461 2308 517 Exaudiet
2342 460 2497 516 illum
2520 462 2584 517 de
2605 462 2733 518 cwio
2760 470 2945 516 sancto
2967 479 3087 529 suo,
3119 463 3170 517 in
3195 467 3544 533 potestatibus

290 556 360 610 ἐν
383 554 763 622 δυναστείαις
794 556 1058 623 σωτηρία
1097 553 1206 623 τῆς
1231 552 1434 620 δεξιᾶς
1472 554 1676 608 αὐτοῦ.
1713 551 1853 619 Δεξιέ

1974 554 2123 610 salus
2148 553 2377 609 dextera:
2403 554 2541 622 ejus.
2583 552 2812 609 Dextera
2838 569 3054 619 manus,
3087 571 3388 626 omnesque
3410 556 3546 611 (ιρις

287 647 343 701 δὲ
374 648 513 719 χεὶρ,
538 647 633 702 καὶ
657 650 828 701 πᾶσαι
854 648 908 699 αἱ
936 647 1190 716 σωτήριοι
1225 645 1318 698 καὶ
1355 644 1526 711 δεξιαὶ
1565 644 1793 716 πράξεις
1816 647 1853 696 ὲι

1974 653 2103 698 teras
2154 651 2208 699 et
2267 644 2537 701 salutares
2591 644 2835 699 actiones
2888 645 2942 699 in
2976 646 3339 716 potestatibus
3395 655 3544 703 sunt.

287 741 643 806 δυναστείαις.
674 743 943 812 Δυνάμεσι
982 740 1089 812 γὰρ
1137 739 1229 794 καὶ
1281 740 1527 812 σημείοις
1560 741 1653 794 καὶ
1685 741 1851 811 τέρασ

1973 735 2279 792 Virtutibus
2311 751 2546 807 namque
2567 775 2583 802 ,
2618 736 2789 808 signis
2828 743 2882 792 et
2935 737 3196 810 prodigiis
3217 777 3233 804 ,
3283 739 3547 796 beneﬁcia

287 830 387 896 τὰς
408 834 488 897 είς
514 832 831 904 ἀνθρώπους
859 833 1143 904 ποιήσεται
1168 830 1509 902 εὐεργεσίας.

361 920 538 979 Οὗτοι
578 925 647 977 ἐν
683 924 941 993 ἅρμασιν
977 924 1078 977 καὶ
1117 917 1281 977 οὗτοι
1328 923 1398 976 ἐν
1431 923 1655 989 ἵπποις,
1697 922 1863 991 ἡμεῖς

286 1014 356 1068 δὲ
386 1017 457 1069 ἐν
485 1017 722 1085 ὀνόματι
760 1017 978 1083 Κυρίου
1008 1013 1153 1068 Θεοῦ
1179 1012 1347 1083 ἡμῶν
1368 1013 1861 1082 ἐπικαλεσόμεθα.

285 1108 466 1162 Αὐτοὶ
518 1107 1051 1176 συνεποδίσθησαν
1102 1105 1201 1158 καὶ
1256 1104 1517 1158 ἔπεσαν·
1582 1104 1753 1174 ἡμεῖς
1798 1103 1865 1157 δὲ

284 1197 624 1267 ἀνέστημεν
654 1198 747 1251 καὶ
780 1196 1220 1266 ἀνωρθώθημεν.
1265 1195 1493 1260 Σῶσον,
1528 1199 1725 1265 Κύριε,
1759 1198 1865 1250 τὸν

278 1290 563 1355 βασιλέα,
594 1292 687 1344 καὶ
715 1290 1061 1345 ἐπάκουσον
1080 1290 1248 1360 ἡμῶν
1273 1291 1342 1344 ἐν
1369 1285 1409 1362 ᾖ
1432 1289 1509 1345 ἂν
1531 1290 1719 1360 ἡμέρᾳ
1746 1291 1865 1344 ἐπι-

284 1382 654 1452 καλεσάμεθά
682 1398 772 1438 σε.
820 1383 979 1438 Ἀλλά
1006 1384 1114 1456 γὰρ
1158 1388 1191 1457 ἡ
1238 1388 1402 1456 πεῖρα
1439 1380 1549 1438 τῶν
1599 1383 1862 1455 πραγμά-

280 1488 389 1529 των
420 1475 611 1544 γένοιτ’
638 1476 705 1530 ἂν
744 1476 962 1548 ἔλεγχος
1008 1477 1102 1531 τοῦ
1146 1478 1470 1549 κρείττονος.
1515 1478 1578 1531 Οἱ
1615 1478 1713 1549 μὲν
1755 1477 1863 1548 γὰρ

281 1563 365 1619 σοὶ
387 1566 570 1640 ἐχθροὶ
595 1568 679 1637 ἐφ’
712 1568 898 1631 ἵπποις
925 1568 1017 1621 καὶ
1048 1568 1258 1641 ἅρμασι
1291 1568 1628 1631 πεποιθότες,
1660 1586 1864 1638 συμπο-

276 1658 546 1723 δισθέντες
578 1658 865 1714 πεσοῦνται
890 1660 1090 1732 ὁμοίως
1116 1661 1194 1731 τῷ
1223 1659 1422 1733 Φαραὼ
1448 1660 1541 1713 ἐπὶ
1568 1660 1666 1729 τῆς
1709 1661 1863 1732 Ἐρυ-

277 1745 413 1819 θρᾶς
439 1747 707 1821 θαλάττης
740 1749 1243 1803 καταποντωθέντι“·
1276 1751 1438 1821 ἡμεῖς
1464 1749 1521 1802 δὲ
1548 1750 1596 1801 οἱ
1646 1747 1727 1819 τῷ
1750 1750 1863 1802 ὀνό-

1971 842 2071 884 sua
2102 828 2415 885 hominibus
2440 828 2803 900 dispensabit.

2041 919 2210 975 Vsus.
2246 920 2404 976 8-10.
2449 919 2523 974 Hi
2579 922 2632 975 in
2693 921 2934 975 curribus
2971 930 3022 976 et
3054 922 3109 975 Ιιί
3147 923 3199 977 in
3235 924 3402 994 equis,
3453 942 3548 981 nos

1968 1020 2142 1066 autem
2192 1013 2246 1067 in
2299 1011 2762 1068 uomine.Domini
2804 1012 2904 1067 Dei
2943 1016 3114 1068 nostri
3164 1014 3545 1071 invocabimus.

1968 1098 2084 1169 Ipsi
2107 1100 2344 1163 impediti
2369 1111 2490 1155 sunt
2525 1110 2577 1155 et
2610 1101 2945 1168 ceciderunt,
2984 1119 3078 1157 nos
3113 1112 3288 1157 autem
3315 1107 3549 1159 surrexi-

1965 1209 2080 1245 mus
2098 1200 2148 1245 et
2184 1193 2342 1247 erecti
2368 1210 2572 1248 sumus.
2604 1193 2828 1249 Domine
2850 1234 2864 1259 ,
2906 1194 3112 1249 salvum
3140 1196 3229 1265 [ac
3259 1214 3426 1268 regem
3447 1237 3463 1262 ,
3496 1210 3549 1252 et

1961 1283 2157 1337 exaudi
2181 1302 2274 1339 nos
2306 1285 2359 1338 in
2396 1284 2482 1339 die
2511 1302 2616 1355 qua
2642 1286 3052 1339 invocaverimus
3090 1296 3157 1339 te.
3202 1286 3325 1357 Ipsa
3363 1304 3548 1343 rerum

1962 1376 2317 1446 experientia,
2353 1386 2735 1447 argumentum
2762 1393 2895 1434 sane
2931 1378 3093 1433 fuerit
3123 1379 3255 1448 quid
3301 1380 3355 1433 in
3382 1382 3548 1436 rebus

1962 1465 2309 1532 praestantius
2335 1464 2429 1520 sit.
2458 1464 2527 1517 At
2551 1465 2697 1520 enim
2728 1465 2935 1521 inimici
2965 1467 3067 1532 tui,
3095 1468 3253 1539 equis
3282 1477 3337 1524 et
3369 1471 3549 1525 curri-

1963 1554 2067 1609 bus
2095 1555 2454 1621 eonlidentes,
2487 1557 2769 1627 praepediti
2816 1565 3075 1613 corruent
3104 1559 3331 1629 perinde
3383 1569 3548 1632 atque

1962 1644 2199 1711 Pharao,
2234 1648 2328 1719 qui
2360 1648 2413 1702 in
2446 1650 2585 1703 mari
2621 1649 2809 1705 Rubro
2842 1652 3129 1707 demersus
3170 1661 3276 1710 est.
3313 1652 3426 1711 Nos
3454 1670 3549 1709 au-

1966 1744 2077 1792 tem
2108 1738 2329 1794 nomine
2361 1738 2574 1794 Domini
2598 1740 2692 1796 Dei
2729 1742 3196 1799 nostri‘instructi
3226 1750 3280 1799 et
3310 1747 3546 1813 armati,

277 1814 410 1911 ματι
455 1814 673 1912 Κυρίου¹
694 1841 789 1895 τοῦ
816 1841 951 1894 Θεοῦ
980 1841 1136 1912 ήμῶν
1165 1814 1517 1921 ὠπλισμένοι,
1543 1841 1638 1893 καὶ
1671 1814 1753 1894 σοὶ
1783 1841 1853 1913 τῷ

1967 1844 2031 1883 ac
2063 1838 2239 1884 tecum
2294 1830 2387 1901 qui
2439 1832 2708 1887 sacriﬁcia
2754 1833 3006 1891 immolas
3053 1834 3308 1905 precibus
3341 1836 3548 1891 nostris

274 1931 375 1996 τὰς
408 1930 599 1996 θυσίας
636 1933 1014 2004 ἀναπέμποντι
1055 1935 1176 1995 ταῖς
1211 1933 1394 2002 εὐχαῖς
1428 1932 1858 2004 συναγωνιζόμε-

276 2040 380 2088 νοι,
432 2023 880 2094 ἀναστησόμεθα,
927 2025 1020 2077 καὶ
1065 2023 1591 2097 ἀνορθωθησόμεθα,
1638 2024 1732 2078 σοῦ
1761 2025 1859 2089 τὰς

276 2114 422 2169 κατά
449 2116 556 2169 τῶν
586 2116 795 2187 ἐχθρῶν
830 2117 981 2180 νίκας
1009 2116 1305 2188 ἀραμένου.
1351 2114 1509 2169 Ἀλλά
1549 2114 1720 2169 ταῦτα
1761 2115 1859 2185 μὲν

278 2206 454 2272 ἔσται,
472 2209 625 2277 φασὶ,
645 2208 736 2261 καὶ
748 2208 842 2261 νῦν
860 2208 1002 2262 κατά
1012 2208 1101 2261 τὸν
1127 2208 1313 2279 καιρὸν
1335 2210 1432 2278 τῆς
1454 2208 1547 2262 τοῦ
1569 2207 1857 2261 ἀποδοθέν-

274 2318 369 2364 τος
388 2299 652 2373 σωτηρίου
680 2301 1016 2370 ἐπιφανείας.
1045 2300 1178 2354 Τότε
1208 2299 1316 2371 γὰρ
1345 2299 1579 2370 μάλιστα
1606 2302 1773 2353 πᾶσαι
1800 2302 1855 2352 αἱ

272 2389 647 2461 ἀντικείμεναι
686 2388 971 2461 δυνάμεις,
1004 2393 1098 2442 καὶ
1135 2391 1183 2442 oi
1226 2390 1450 2458 ἀφανεῖς
1500 2389 1594 2443 καὶ
1634 2389 1855 2462 ἀόρατοι

270 2478 368 2535 τοῦ
397 2480 530 2534 Θεοῦ
557 2480 831 2558 πολέμιοι,
852 2481 918 2534 δι’
954 2478 1119 2534 αὐτοῦ
1142 2480 1233 2534 τοῦ
1266 2480 1534 2553 σωτηρίου
1560 2481 1857 2553 τροπούμε-

268 2587 373 2636 νοι,
406 2571 715 2627 πεσοῦνται.
741 2572 948 2635 Πάντες
976 2571 1035 2625 δὲ
1065 2572 1115 2625 oi
1146 2572 1208 2625 τὸ
1248 2572 1512 2644 σωτήριον
1546 2571 1853 2643 παραδεξά-

270 2680 448 2735 μενοι,
491 2662 582 2717 τοῦ
624 2664 790 2718 πάλαι
829 2663 1010 2717 αὐτῶν
1052 2660 1341 2734 πτώματος
1385 2662 1851 2734 διαναστήσονται.

263 2753 363 2808 Διὸ
393 2755 524 2826 περὶ
556 2754 720 2807 αὐτοῦ
761 2753 983 2825 Συμεὼν
1026 2753 1241 2823 ἔλεγεν·
1289 2753 1436 2807 Ἰδοὺ
1464 2750 1641 2819 οὗτος
1671 2753 1855 2807 κεῖται

262 2848 358 2913 εἷς
394 2846 628 2900 πτῶσιν
657 2845 755 2900 καὶ
804 2845 1144 2901 ἀνάστασιν
1180 2846 1455 2901 πολλῶν·
1503 2845 1709 2898 πτῶσιν
1757 2845 1855 2915 μὲν

260 2934 471 3011 δηλαδὴ
511 2938 618 2993 τῶν
654 2937 864 3009 ἐχθρῶν
902 2936 1067 2992 αὐτοῦ
1107 2939 1200 2991 καὶ
1242 2938 1348 2991 τῶν
1380 2936 1650 3008 πολεμίων
1670 2954 1683 2966 ·
1720 2936 1853 2989 ἀνά-

262 3046 462 3083 στασιν
496 3028 550 3081 δὲ
582 3027 687 3080 τῶν
720 3027 888 3081 πάλαι
922 3026 1309 3090 πεπτωκότων,
1339 3027 1405 3079 δι’
1433 3024 1596 3079 αὐτοῦ
1631 3024 1688 3077 δὲ
1720 3026 1851 3096 ὲγη-

258 3120 574 3194 γερμένων.
632 3120 741 3174 Καὶ
777 3120 947 3173 ταῦτα
982 3120 1083 3191 μὲν
1127 3118 1244 3171 τότε
1286 3119 1609 3189 γενήσεται’
1645 3117 1740 3171 νῦν
1771 3117 1849 3181 δὲ,

256 3212 467 3290 Κύριε,
498 3211 637 3276 σῶζε
678 3214 806 3285 ἡμῖν
844 3211 935 3266 τὸν
983 3210 1208 3283 βασιλέα
1250 3209 1430 3274 Δαυῒδ,
1464 3211 1558 3264 καὶ
1593 3211 1651 3262 ὲν
1694 3209 1857 3263 παντὶ

253 3307 336 3380 τῷ
355 3309 477 3361 ὄντι
505 3304 701 3377 καιρῷ,
730 3307 824 3359 καὶ
844 3306 901 3357 ὲν
985 3303 1051 3358 ἂν
1080 3303 1260 3375 ἡμέρᾳ
1285 3299 1736 3371 ὲπικαλεσώμεθά
1768 3316 1849 3352 σε.

266 3400 535 3474 ’Λρμόξει
576 3398 633 3451 δὲ
670 3398 872 3463 ταῦτα,
913 3397 988 3460 ὡς
1028 3395 1185 3461 ἄλλος
1227 3396 1387 3468 φησὶ,
1436 3394 1531 3448 καὶ
1572 3393 1665 3446 ἐπὶ
1704 3391 1853 3456 Ἐζε-

252 3492 352 3565 κίᾳ
372 3533 386 3546 .
433 3491 668 3560 Νοήσεις
698 3489 756 3543 δὲ
791 3489 960 3543 ταῦτα
1006 3487 1101 3542 καὶ
1134 3487 1274 3541 κατά
1307 3487 1398 3541 τὸν
1426 3486 1525 3557 τῆς
1564 3484 1855 3554 ἀναγωγῆς

252 3588 458 3658 νόμον.

365 3697 488 3752 ΕΙΣ
519 3697 608 3749 ΤΟ
644 3694 898 3758 ΤΕΛΟΣ,
934 3693 1227 3746 ΨΑΛΜΟΣ
1278 3692 1365 3744 ΤΩ
1405 3691 1604 3744 ΔΑΥῙΔ
1644 3691 1725 3743 K'.

327 3813 431 3875 Εἰς
455 3810 636 3865 αἶσιον
656 3807 762 3880 γὰρ
786 3804 1259 3876 ἀναπέμπεταιτά
1282 3803 1549 3875 λεγόμενα
1569 3805 1740 3869 τέλος,
1761 3808 1855 3860 καὶ

252 3906 367 3961 τῶν
394 3901 611 3975 ἐχθρῶν
635 3900 730 3953 τοῦ
756 3897 892 3952 Θεοῦ
922 3896 1173 3967 σημαίνει
1199 3895 1289 3948 τὸν
1318 3895 1559 3967 ὄλεθρον.
1592 3897 1685 3948 Διὸ
1711 3899 1854 3952 κατὰ

255 3998 361 4071 μὶν
393 3996 718 4067 Σύμμαχον,
770 3991 1094 4055 Ἐπινίκιός
1117 3989 1290 4043 ἐστιν
1318 3986 1439 4055 ᾠδή
1462 4005 1475 4019 ·
1509 3989 1650 4042 κατά
1678 3989 1734 4042 δὲ
1762 3991 1854 4045 τὸν

266 4089 508 4147 Ἀκύλαν
526 4129 545 4155 ,
584 4084 668 4153 Τῷ
694 4082 978 4149 νικοποιῷ
1002 4080 1345 4153 μελῴδημα.

321 4272 532 4341 Κύριε,
552 4264 708 4336 ἐντῇ
722 4264 969 4334 δυνάμει
989 4278 1105 4317 σου
1124 4260 1598 4330 εὐφρανθήσεται
1622 4264 1656 4317 ὁ
1668 4262 1853 4327 βασι-

247 4368 419 4434 λεύς.
446 4361 628 4436 Οἶμαι
648 4362 743 4415 καὶ
767 4358 939 4413 ταῦτα
954 4354 1289 4426 λέγεσθαιτά
1308 4354 1641 4425 προκείμενα
1661 4355 1726 4407 ὲκ
1740 4352 1850 4407 τῶν

248 4460 348 4515 καὶ
361 4458 433 4515 τὰ
458 4455 578 4529 πρὸ
590 4453 779 4506 τούτου
799 4449 875 4522 τῷ
890 4447 1052 4503 Δαυῖδ
1071 4444 1472 4517 ὲπευξαμένων.
1498 4443 1700 4499 Μαθὼν
1720 4441 1850 4513 γοῦν

1967 1930 2367 1987 concertantes,
2394 1938 2745 1994 resurgemus
2786 1934 2950 1995 atque
2983 1927 3289 1998 erigemur,
3317 1943 3441 1983 cum
3486 1935 3546 1984 tu

1966 2014 2034 2070 de
2063 2015 2301 2071 inimicis
2335 2017 2616 2072 victoriam
2640 2019 2915 2074 retuleris.
2954 2018 3061 2073 Sed
3104 2020 3238 2088 haec,
3265 2021 3545 2092 inquiunt.

1965 2109 2215 2164 evenient
2264 2117 2504 2181 tempore
2549 2111 2817 2168 Salutaris
2851 2113 2997 2169 illius
3044 2113 3329 2171 adventus.
3384 2114 3541 2170 Tunc

1963 2199 2108 2254 enim
2158 2200 2394 2257 maxime
2443 2217 2634 2259 omnes
2676 2203 3003 2260 adversariae
3036 2214 3336 2276 potestates
3372 2222 3436 2262 ae
3465 2208 3546 2261 la-

1963 2297 2143 2348 tentes
2188 2293 2266 2347 illi
2291 2301 2345 2349 et
2373 2295 2575 2349 occulti
2629 2294 2725 2350 Dei
2782 2296 3013 2361 inimici,
3048 2299 3117 2353 ab
3148 2298 3269 2368 ipso
3296 2297 3540 2355 Salutari

1963 2385 2018 2439 in
2068 2384 2250 2456 fugam
2284 2386 2449 2452 versi,
2486 2393 2922 2457 prosternentur.
2976 2387 3179 2445 Omnes
3233 2405 3399 2461 porro
3447 2392 3545 2463 qui

1964 2474 2215 2532 Salutare
2238 2478 2554 2548 hujusmodi
2584 2482 2914 2550 receperint,
2947 2497 2976 2536 a
2998 2482 3232 2551 pristino
3273 2482 3425 2553 lapsu
3454 2499 3545 2539 re-

1962 2578 2207 2638 surgent.
2239 2569 2450 2627 Idcirco
2480 2572 2553 2626 ita
2596 2571 2819 2628 Simeon
2844 2573 2913 2629 de
2936 2574 3055 2644 ipso
3086 2574 3328 2644 loquitur
3360 2595 3373 2630 :
3412 2574 3544 2631 Ecce

1958 2664 2159 2732 positus
2188 2671 2265 2718 est
2307 2663 2391 2717 hic
2424 2666 2479 2719 in
2529 2666 2740 2720 ruinam
2786 2676 2836 2720 et
2878 2669 3310 2722 resurrectionem
3336 2668 3531 2722 multo-

1961 2770 2080 2808 rum
2109 2755 2187 2808 ’δε
2224 2754 2439 2808 ruinam
2495 2746 2747 2810 videlicet
2795 2755 3143 2809 inimicorum
3199 2763 3253 2809 et
3300 2756 3541 2811 hostium

1960 2844 2115 2915 ejus;
2152 2845 2612 2901 resurrectionem
2644 2861 2774 2901 vero
2802 2859 2994 2901 eorum
3021 2847 3113 2915 qui
3137 2846 3266 2900 olim
3301 2845 3440 2914 lapsi
3471 2846 3542 2901 ab

1962 2936 2083 3005 ipso
2134 2937 2386 2993 suscitati
2439 2943 2587 2993 sunt.
2644 2936 2770 2992 Haec
2818 2937 3042 3008 quidem
3099 2946 3232 2992 tunc
3277 2947 3541 2994 eventura

1962 3034 2124 3095 sunt;
2150 3028 2264 3097 jam
2284 3044 2437 3092 vero,
2463 3034 2523 3082 tu
2544 3028 2794 3096 Domine,
2826 3028 3038 3084 salvum
3068 3028 3155 3084 fac
3175 3029 3337 3085 nobis
3356 3045 3541 3100 regem

1960 3117 2240 3187 Davidem,
2265 3127 2321 3176 et
2354 3121 2407 3175 in
2437 3121 2586 3175 omni
2614 3136 2843 3190 prorsus
2864 3130 3129 3191 tempore,
3157 3130 3210 3177 et
3233 3121 3289 3176 in
3318 3122 3407 3178 die
3430 3137 3540 3192 qua

1957 3213 2394 3270 invocaverimus
2421 3224 2472 3269 te
2500 3231 2513 3269 :
2551 3228 2672 3284 quae
2701 3213 2851 3279 item,
2878 3222 2939 3269 ut
2970 3215 3112 3271 alius
3142 3214 3341 3285 inquit,
3370 3214 3536 3269 etiam

1956 3303 2202 3361 Ezechiae
2230 3306 2343 3378 regi
2371 3313 2697 3378 congruunt.
2732 3304 2857 3361 Hice
2882 3321 3048 3378 porro
3073 3304 3395 3377 anagogico,
3421 3304 3538 3361 sive

1957 3394 2278 3464 reductitio,
2311 3411 2462 3453 more
2493 3395 2752 3467 accipias.

2124 3677 2177 3730 l.
2218 3674 2288 3729 IN
2328 3675 2576 3742 FINEM,
2615 3675 2943 3731 PSALMUS
2984 3676 3193 3731 DAVID
3231 3678 3350 3734 XX.

2026 3784 2158 3851 Quae
2189 3786 2278 3842 hic
2312 3786 2593 3853 dicuntur,
2626 3788 2693 3842 ad
2727 3787 2968 3842 faustum
3003 3788 3289 3844 referenda
3325 3789 3487 3845 ﬁnem
3516 3808 3529 3844 :

1956 3894 2084 3933 nam
2112 3879 2460 3934 inimicorum
2490 3878 2583 3936 Dei
2613 3880 2840 3935 exitium
2870 3882 3198 3953 signiﬁcant.
3230 3882 3411 3947 Quare
3438 3899 3531 3940 se-

1957 3968 2197 4023 cundum
2240 3968 2629 4041 Symmachum
2658 4012 2674 4037 ,
2710 3970 3398 4039 Triumphalecanticum;
3440 3986 3531 4025 se-

1956 4063 2197 4115 cundum
2228 4060 2484 4132 Aquilam
2513 4051 2663 4127 vero,
2704 4060 2950 4117 Victoria:
2976 4063 3182 4117 auctori
3210 4062 3530 4128 modulatio,

1956 4153 2305 4209 inscribitur.
3086 4208 3091 4213 .
3421 4137 3428 4144 ’

2025 4241 2192 4300 Vens.
2232 4242 2289 4300 2.
2328 4243 2588 4313 Domine,
2637 4244 2691 4297 in
2735 4245 2928 4299 virtute
2973 4253 3067 4299 tua
3108 4244 3379 4300 lwtabitur
3412 4262 3526 4301 rex.

1953 4337 2207 4393 Arbitror
2235 4337 2304 4391 ab
2334 4336 2530 4393 iisdem
2553 4378 2570 4405 ,
2595 4338 2688 4407 qui
2719 4339 2974 4409 superius
3004 4336 3201 4393 Davidi
3231 4340 3368 4395 bene
3397 4355 3527 4409 pre-

1953 4429 2064 4485 cati
2112 4428 2366 4494 fuerant,
2416 4428 2531 4483 hzee
2583 4429 2750 4485 etiam
2800 4429 3014 4500 prolata
3058 4428 3248 4486 fuisse.
3286 4428 3423 4484 Cum
3458 4430 3529 4485 ab

245 4506 348 4607 ξοἷᾷ
373 4506 613 4603 ῖιιέιῖἐιδ
634 4541 744 4596 ἀπὸ
769 4506 879 4593 τῶι
905 4537 1040 4610 πρὸς
1073 4506 1235 4591 αὑτὸν
1254 4506 1559 4607 γενομένων
1585 4506 1850 4606 χρησμῶν

1961 4522 2195 4578 oraculis
2234 4522 2340 4577 sibi
2380 4521 2542 4577 editis
2603 4521 2922 4577 edidicisset
2962 4519 3133 4575 David
3184 4535 3249 4575 ea
3286 4536 3407 4591 quae
3441 4535 3530 4574 sa-

242 4642 316 4697 τά
336 4639 471 4711 περὶ
492 4633 603 4691 τοῦ
634 4635 700 4687 ὲκ
723 4631 1036 4703 σπέρματος
1061 4628 1224 4682 αὐτοῦ
1254 4626 1713 4700 προελευσομένου
1748 4644 1851 4681 σω-

241 4733 439 4805 τηρίου
462 4772 480 4798 ,
511 4726 624 4783 καὶ
647 4725 748 4796 τῆς
778 4727 835 4777 ὲν
866 4720 946 4793 τῷ
973 4720 1224 4792 σωτηρίῳ
1252 4718 1536 4790 δυνάμεως
1554 4760 1568 4784 ,
1602 4719 1696 4773 ἐπὶ
1722 4720 1848 4774 τού-

240 4844 357 4891 τοις
388 4817 848 4896 εὐφρανθήσεται
882 4816 975 4869 καὶ
1007 4813 1394 4882 ἀγαλλιάσεται
1428 4812 1653 4885 σφόδρα.
1740 4813 1850 4866 Καὶ

245 4920 463 4983 τούτοις
492 4932 562 4986 γε
595 4910 835 4985 θαρσῶν,
867 4905 977 4961 τῶν
1003 4922 1063 4959 τε
1090 4906 1299 4978 ἐχθρῶν
1331 4906 1420 4961 διὰ
1453 4904 1659 4959 τούτων
1687 4922 1847 4977 περι-

250 5011 551 5085 γενόμενος
569 5046 586 5073 ,
610 5003 699 5058 σοὶ
717 5001 795 5073 τῷ
817 4996 1074 5068 νικοποιῷ
1093 4997 1212 5070 Θεῷ
1234 4999 1302 5053 τὰ
1326 4997 1551 5072 βραδεῖα
1568 4995 1667 5067 τῆς
1686 4995 1843 5066 νίκης

250 5104 569 5175 ἀνατίθησι.
621 5097 815 5170 Χαίρει
846 5114 905 5149 τε
934 5099 1028 5153 καὶ
1060 5091 1504 5165 ὑπερϐαλλόντως
1530 5087 1839 5157 ἀγάλλεται,

252 5199 355 5271 τῆς
373 5195 485 5253 τῶν
506 5190 723 5266 ἐχθρῶν
746 5187 1032 5260 amoma;
1052 5187 1156 5241 ὐπὸ
1181 5184 1273 5240 σοῦ
1296 5181 1690 5253 διασωζόμενος
1706 5195 1722 5210 θ
1748 5178 1841 5232 καὶ

252 5293 354 5363 οὐχ
379 5289 557 5350 οὕτως
588 5283 686 5338 ἐπὶ
717 5284 783 5353 τῇ
813 5280 1005 5335 ἑαυτοῦ
1034 5278 1277 5352 σωτηρίᾳ
1309 5276 1543 5347 ἀγαλλιᾷ
1566 5316 1580 5340 ,
1611 5275 1734 5328 ὅσον
1759 5272 1842 5326 ὅτι

248 5383 409 5458 παρά
443 5379 543 5438 σοῦ
575 5377 642 5432 τὸ
673 5376 936 5447 σωτήριον
964 5372 1129 5427 αὐτοῦ
1162 5370 1534 5453 προσγίνεται..
1598 5366 1708 5420 Καὶ
1736 5364 1845 5435 γὰρ

256 5474 616 5548 ἐπιθυμήσας
647 5466 711 5521 τὸ
743 5465 895 5537 παρά
922 5463 1016 5517 σοῦ
1047 5464 1330 5533 σωτήριον,
1366 5461 1461 5515 καὶ
1493 5458 1622 5531 περὶ
1653 5458 1844 5511 τούτου

251 5571 369 5634 τοῖς
420 5549 667 5639 χείλεσιν
704 5557 899 5613 ἑαυτοῦ
951 5560 1008 5613 ἐν
1054 5558 1171 5620 ταῖς
1210 5552 1342 5626 πρὸς
1370 5552 1460 5606 τὸν
1493 5550 1626 5605 Θεὸν
1660 5549 1845 5621 εὐχαῖς

261 5655 549 5729 ἱκετηρίαν
580 5648 914 5730 ἀναπέμψας
942 5690 956 5715 ,
1009 5648 1109 5703 οὐκ
1138 5645 1446 5701 ἐκπεσεῖται
1474 5642 1572 5713 τῆς
1605 5640 1843 5704 ἐλπίδος,

327 5818 376 5851 ’⁸
399 5812 541 5871 Luc.
589 5826 657 5877 ιι,
705 5806 797 5864 34.

1951 4616 2130 4670 lutare
2172 4614 2306 4669 illud
2351 4629 2419 4669 ex
2466 4613 2676 4670 semine
2721 4627 2823 4669 suo
2871 4611 3259 4682 proditurum,
3312 4624 3527 4665 necnon

1948 4706 2208 4763 salutaris
2233 4705 2481 4777 ejusdem
2508 4706 2768 4760 virtutem
2800 4704 3157 4776 Spectabant,
3186 4702 3254 4757 de
3287 4702 3356 4758 iis
3376 4743 3391 4767 ,
3421 4703 3525 4770 ait,

1947 4800 2217 4854 lmtabitur
2240 4807 2294 4855 et
2316 4799 2618 4854 exsultabit
2640 4798 3010 4854 vehementer.
3043 4797 3225 4867 lisque
3249 4795 3492 4851 conﬁsus
3507 4834 3523 4860 ,

1950 4894 2306 4964 inimicisque
2338 4908 2531 4948 eorum
2564 4908 2668 4963 ope
2700 4893 2964 4958 devictis,
2999 4891 3099 4947 tibi
3136 4890 3247 4947 Deo
3280 4890 3526 4946 victoriae

1951 4985 2195 5053 auctori,
2239 4986 2488 5057 ejusdem
2531 4985 2777 5042 victoriae
2822 4985 3013 5040 brahia
3057 4982 3328 5039 attribuit.
3377 4982 3525 5038 Gau-

1950 5080 2149 5149 delque
2186 5079 2484 5135 admodum
2524 5088 2580 5135 et
2616 5079 2898 5144 exsultat,
2946 5078 3294 5134 inimicorum
3334 5075 3432 5131 abs
3472 5084 3524 5132 te

1948 5180 2177 5245 ereptus
2218 5172 2443 5229 insidiis
2464 5214 2479 5240 ,
2520 5188 2698 5244 neque
2736 5181 2950 5227 tantum
2980 5171 3049 5227 de
3077 5171 3255 5227 salute
3287 5183 3386 5225 sua
3425 5168 3519 5223 la:-

1949 5274 2117 5330 tatur,
2147 5274 2412 5337 quantum
2444 5264 2513 5321 de
2545 5266 2716 5321 misso
2745 5264 2843 5320 abs
2874 5271 2927 5318 te
2957 5260 3186 5318 salutari
3217 5275 3341 5317 suo.
3382 5259 3520 5314 Cum

1948 5359 2093 5414 enim
2130 5360 2273 5415 idem
2303 5359 2545 5416 salutare
2570 5365 2726 5413 tuum
2759 5356 2992 5415 summis
3017 5355 3158 5411 votis
3192 5349 3481 5423 expetierit
3500 5386 3517 5415 ,

1947 5461 2110 5525 atque
2138 5452 2299 5510 labiis
2333 5454 2449 5524 ipse
2480 5452 2597 5509 suis
2618 5492 2632 5518 .
2659 5452 2860 5508 emissa
2894 5450 3208 5521 frequenter
3236 5443 3518 5507 oratione,

1945 5560 2047 5617 pro
2102 5544 2358 5602 salutaris
2406 5542 2652 5615 ejusdem
2692 5542 2927 5597 adventu
2958 5539 3056 5593 tibi
3099 5531 3520 5606 supplicaverit,

1947 5652 2291 5710 nequaquam
2317 5652 2413 5708 spe
2438 5636 2673 5702 labetur,
2698 5648 2875 5705 neque
2900 5629 3053 5719 irrita
3076 5623 3370 5700 postulatio
3396 5621 3521 5696 ejus
