4010 6530
535 301 634 356 199

1233 289 1506 350 EUSEBlI
1541 282 2028 347 CESARIENSIS
2067 282 2221 340 OPP.
2264 282 2444 338 PARS
2478 282 2570 339 Ill.
2608 313 2675 323 —
2716 278 3129 336 EXEGETICA.

3679 276 3818 333 200

524 417 632 472 erit
657 433 675 485 ;
706 396 837 469 im;
845 413 1011 469 etiam
1043 417 1229 481 optata
1259 412 1628 470 consecutus,
1658 401 1968 457 orationem
1999 397 2100 453 ite-

2230 396 2323 450 ,ὑδὲ
2358 396 2750 468 στερηθήσεται
2781 394 2873 447 τοῦ
2911 394 3209 465 αίτήματος
3236 430 3251 455 ,
3308 389 3443 443 ἀλλὰ
3492 391 3609 443 κατ’

527 516 653 558 rum
679 500 918 556 emittet.

607 594 674 648 Et
728 608 886 661 super
932 590 1170 645 salutare
1226 596 1374 639 tuum
1425 579 1713 637 exsultabit
1764 578 2108 634 vehementer.

530 684 687 741 Illum
721 685 920 755 quippe
951 680 1094 736 Deus
1123 691 1340 733 summo
1372 673 1571 742 gaudio
1600 670 1833 742 replebit
1853 709 1867 733 ,
1894 664 2113 738 quando

527 778 675 836 facie
715 776 783 831 ad
825 775 1020 829 faciem
1054 770 1288 843 gloriam
1324 769 1445 837 ejus
1484 762 1846 833 contemplari
1885 772 2114 813 conces-

529 872 685 928 serit.
710 866 1073 935 Quamobrem
1104 864 1180 917 ait
1205 859 1607 934 Symmachus:
1641 851 1964 924 Lwti/icabt's
1996 866 2115 904 eum

527 966 585 1019 in
627 960 817 1037 gaudia
858 976 890 1012 a
932 957 1081 1011 vultu
1126 965 1237 1008 tuo.
1271 952 1408 1007 Nam
1450 952 1504 1006 in
1550 957 1798 1019 tempore
1841 943 2115 1015 justifica-

528 1035 731 1122 tionis,
766 1050 986 1124 quando
1020 1047 1192 1102 David
1231 1047 1374 1101 inter
1411 1060 1508 1099 eos
1551 1041 1645 1113 qui
1692 1040 1925 1095 salutem
1968 1035 2115 1091 nacti

526 1157 659 1205 sunt
701 1145 917 1201 medius
963 1140 1311 1201 consistens,
1360 1134 1542 1205 magni
1590 1133 1755 1204 Regis
1787 1132 1998 1186 vultum
2030 1129 2118 1183 in-

525 1239 800 1304 tuebitur,
830 1244 884 1291 et
917 1247 1124 1289 corona
1172 1229 1240 1284 de
1281 1226 1464 1299 lapide
1506 1227 1747 1296 pretioso
1784 1219 1957 1293 caput
1995 1222 2115 1291 ejus

526 1333 859 1395 ornabitur;
895 1327 1073 1399 gloria
1116 1320 1635 1393 magnificentiaque
1665 1317 1992 1379 decoratus,
2032 1315 2118 1368 di-

528 1428 658 1480 vino
684 1421 884 1494 gaudio
912 1426 966 1473 et
997 1415 1209 1472 celesti
1239 1413 1428 1467 laetitia
1462 1408 1792 1482 replebitur.

599 1603 767 1662 Vsus.
798 1604 915 1658 3-7.
956 1603 1285 1657 Desiderium
1315 1599 1489 1654 cordis
1519 1599 1632 1668 ejus
1679 1597 1910 1652 tribuisti
1944 1596 2014 1658 ci,
2053 1602 2105 1648 et

529 1700 793 1755 voluntate
818 1698 1077 1750 labiorum
1109 1695 1219 1765 ejus
1250 1711 1353 1748 non
1380 1692 1649 1763 fraudasti
1681 1706 1819 1744 eum.
1848 1686 2106 1758 Diapsal-

530 1809 638 1846 ma.
672 1790 934 1856 Quoniam
956 1787 1256 1858 pra’venisti
1285 1802 1402 1840 eum
1433 1785 1487 1837 in
1514 1780 1959 1837 benedictionibus
1985 1776 2108 1832 dul-
2144 1766 2187 1821 Β

529 1882 766 1947 cedinis,
810 1877 1037 1951 posuisti
1078 1876 1132 1929 in
1176 1876 1347 1943 capite
1389 1872 1503 1942 ejus
1546 1884 1799 1924 coronam
1828 1866 1892 1921 de
1938 1864 2112 1935 lapide

528 1976 776 2037 pretioso.
822 1970 995 2026 Vitam
1029 1968 1176 2039 petiit
1209 1984 1241 2020 a
1275 1976 1323 2021 te
1345 2007 1358 2029 ,
1407 1975 1453 2018 et
1483 1962 1721 2017 tribuisti
1750 1961 1796 2014 ei
1825 1958 2115 2029 longitudi.

530 2087 648 2125 nem
689 2070 893 2123 dierum
932 2066 988 2118 in
1033 2062 1285 2118 swculum
1331 2058 1537 2113 surculi.
1592 2054 1794 2125 Magna
1834 2062 1910 2107 est
1942 2051 2114 2123 gloria

529 2163 643 2233 ejus
681 2163 737 2215 in
777 2156 1009 2215 salutari
1050 2168 1173 2220 tuo,
1214 2152 1441 2223 gloriam
1477 2160 1527 2205 et
1583 2163 1835 2218 magnum
1876 2145 2115 2198 decorem

532 2258 765 2326 imponas
807 2270 965 2323 super
1001 2268 1140 2305 eum.
1188 2248 1453 2315 Quoniam
1483 2243 1637 2297 dabis
1668 2258 1787 2296 eum
1821 2242 1875 2295 in
1909 2240 2116 2295 benedi-

533 2352 760 2406 ctionem
787 2388 802 2413 ,
837 2356 946 2403 etc.
982 2342 1305 2398 Prmniissas
1339 2336 1531 2392 Davidi
1564 2334 1992 2405 pollicitationes
2020 2349 2117 2388 va-

532 2444 795 2499 ticinatus
814 2479 831 2507 ,
861 2444 1265 2506 consequenter
1292 2447 1513 2487 causam
1543 2429 1698 2484 allert
1722 2444 1820 2483 cur
1847 2428 1962 2483 hcec
1990 2442 2119 2483 con-

535 2543 828 2593 secuturus
870 2533 962 2589 sit.
1015 2528 1342 2599 Ecqtneuam
1391 2526 1483 2579 illa
1522 2537 1722 2587 causa,
1754 2520 1860 2576 nisi
1896 2536 2022 2591 spes
2056 2520 2114 2574 in

535 2625 829 2681 Dominum
850 2665 864 2689 ,
898 2639 1004 2695 qua
1036 2616 1471 2675 misericordiam
1502 2623 1698 2669 nactus
1720 2655 1734 2680 ,
1769 2628 1867 2683 spe
1896 2612 1987 2665 illa
2017 2624 2118 2666 sua

538 2733 570 2773 a
599 2718 710 2775 Deo
741 2718 1010 2773 altissimo
1039 2717 1166 2771 data
1196 2730 1306 2769 non
1348 2710 1596 2775 decidet,
1640 2722 1817 2778 neque
1857 2709 1913 2761 in
1960 2705 2119 2759 firmo

535 2810 631 2865 illo
659 2825 724 2865 ac
751 2809 929 2864 solido
956 2817 1103 2865 statu
1134 2803 1464 2861 lluctuabit?
1511 2799 1651 2855 Nam
1682 2814 1797 2868 spes
1842 2814 1946 2852 non
1993 2811 2119 2849 con-

536 2905 717 2975 fundit
748 2905 815 2959 '“.

610 3000 779 3056 Vens.
819 2996 851 3052 9
872 3036 889 3061 ,
928 2995 1015 3051 10.
1061 2991 1375 3049 Inveniatur
1403 3004 1595 3043 manus
1627 2996 1720 3041 tua
1754 2982 1997 3040 omnibus
2025 2981 2123 3035 ini-

2215 492 2380 563 εὐχὰς
2408 490 2640 563 παρέξει
2666 489 2988 559 τευξόμενος
3011 487 3112 557 τῆς
3141 483 3455 556 ἐπιθυμίας.

2282 586 2391 640 Kal
2422 586 2518 639 ἐπὶ
2539 584 2617 651 τῷ
2632 586 2901 652 σωτηρίῳ
2930 598 3045 637 σου
3074 578 3501 651 ἀγαλλιάσεται
3534 578 3814 648 σφόδρα.

2214 679 2507 750 Εύιρραίνει
2528 676 2637 749 γὰρ
2658 676 2818 729 αύτδν
2838 718 2853 741 ,
2881 675 3067 746 φησὶν,
3091 677 3118 726 ὁ
3140 672 3271 735 Θεὸς
3294 673 3349 725 ἑν
3376 672 3518 743 χαρᾷ
3534 712 3548 733 ,
3574 670 3821 725 ἐπειδὰν

2216 772 2505 843 πρόσωπον
2559 770 2694 842 πρὸς
2725 768 3014 841 πρόσωπον
3046 766 3144 837 τῆς
3171 764 3335 819 αὐτοῦ
3366 763 3522 835 δόξης
3551 764 3817 835 ἑπόπτην

2215 866 2375 918 αὑτὸν
2403 865 2831 935 καταστήσηται.
2864 862 2956 915 Διό
2987 878 3151 930 φησιν
3181 860 3209 911 ὁ
3240 857 3536 929 Σύμμαχος
3556 876 3569 887 ·
3608 860 3816 926 Χαρο-

2216 955 2489 1023 ποιήσεις
2522 955 2707 1010 αὐτὸν
2733 955 2804 1007 ἐν
2847 950 3193 1021 εὐφροσύνῃ
3234 950 3393 1016 παρὰ
3420 947 3526 1000 τοῦ
3568 944 3819 1015 προσώ-

2216 1068 2332 1103 που
2372 1065 2508 1103 σου.
2569 1046 2659 1118 Τῷ
2693 1045 2802 1116 γὰρ
2834 1032 3009 1114 καιρῷ
3032 1041 3134 1094 τοῦ
3161 1038 3543 1110 δικαιωτηρίου
3574 1076 3590 1101 ,
3642 1038 3813 1090 ἐπει-

2215 1142 2309 1195 δὰν
2334 1141 2396 1194 τὸ
2430 1140 2721 1212 πρόσωπον
2749 1136 2842 1191 τοῦ
2876 1135 3110 1208 μεγάλου
3144 1132 3406 1202 βασιλέως
3438 1130 3599 1202 μέσος
3627 1129 3817 1194 ἑστὼς

2215 1236 2244 1287 ὁ
2271 1233 2433 1288 Δαυῖδ
2465 1232 2573 1284 τῶν
2600 1230 2920 1301 σωζομένων
2948 1228 3192 1281 θεάσοιτο
3220 1265 3233 1289 ,
3259 1226 3351 1279 καὶ
3380 1224 3457 1295 τῷ
3477 1223 3643 1295 τιμίῳ
3669 1222 3817 1294 λίθῳ

2214 1326 2313 1399 τὴν
2346 1324 2586 1395 κεφαλὴν
2612 1322 2965 1393 ἐστεμμένος,
2996 1318 3122 1393 δόξῃ
3145 1336 3202 1371 τε
3235 1318 3327 1370 καί
3353 1314 3817 1388 μεγαλοπρεπείᾳ

2216 1416 2629 1488 κεκοσμημένος
2647 1456 2661 1478 ,
2697 1414 2881 1468 ἐνθέου
2907 1414 3081 1486 χαρᾶς
3136 1411 3229 1465 καὶ
3254 1410 3504 1482 οὐρανίου
3535 1406 3815 1481 εὐφροσύ-

2217 1528 2315 1581 νης
2355 1511 2460 1581 πλη
2470 1509 2798 1582 ρωθήσεται.

2294 1603 2411 1672 Τὴν
2428 1602 2748 1672 ἐπιθυμίαν
2769 1599 2881 1669 τῆς
2902 1598 3144 1669 καρδίας
3169 1595 3355 1651 αὐτοῦ
3376 1596 3600 1661 ἔδωκας
3619 1591 3814 1660 αὐτῷ,

2220 1698 2318 1751 καὶ
2345 1696 2460 1765 τὴν
2485 1695 2702 1764 δέησιν
2722 1693 2839 1747 τῶν
2860 1691 3109 1762 χειλέων
3130 1689 3316 1744 αὐτοῦ
3337 1691 3445 1744 οὐκ
3466 1686 3809 1756 ἐστέρησας

2214 1792 2419 1845 αὐτόν.
2440 1788 2775 1858 Διάιίάλμα.
2793 1788 2921 1839 ’Ότι
2943 1784 3326 1854 προέφθασας
3345 1781 3530 1835 αὑτὸν
3548 1781 3620 1834 ὲν
3633 1782 3819 1835 £13.13-

2213 1883 2369 1954 γίαις
2398 1882 2809 1952 χρηστότητος
2829 1918 2844 1941 ,
2875 1879 3096 1945 ἔθηκας
3128 1875 3227 1929 ἐπὶ
3252 1874 3367 1943 τὴν
3394 1871 3672 1943 κεφαλὴν
3697 1874 3816 1928 αὑ·-

2212 1974 2320 2029 τοῦ
2343 1973 2651 2043 στέφανον
2670 1974 2739 2027 ἐκ
2764 1974 2939 2026 ,Ιίθου
2962 1971 3175 2033 τιμίου.
3221 1966 3392 2031 Ζωὴν
3412 1965 3685 2033 ᾐτήσατό
3708 1980 3812 2028 σε,

2214 2065 2316 2120 καὶ
2371 2065 2601 2131 ἔδωκας
2650 2056 2811 2129 αὐτῷ
2852 2058 3198 2132 μακρότητα
3228 2057 3461 2129 ἡμερῶν
3497 2060 3579 2123 εἰς
3621 2055 3817 2111 αἰῶνα

2212 2153 2450 2221 αἰῶνος.
2478 2152 2722 2222 Μεγάλη
2746 2155 2783 2221 ἡ
2806 2151 2956 2217 δόξα
2976 2151 3161 2205 αὑτοῦ
3181 2151 3250 2204 ἐν
3270 2149 3351 2215 τῷ
3371 2150 3645 2217 σωτηρίῳ
3664 2163 3791 2201 σου
3807 2198 3819 2212 ,

2212 2249 2401 2315 δόξαν
2432 2249 2529 2302 καὶ
2574 2246 3096 2318 μεγαλοπρέπειαν
3126 2243 3434 2310 ἐπιθήσεις
3464 2242 3556 2295 ἐπ’
3590 2240 3810 2294 αὐτόν.

2219 2340 2339 2396 ’Ότι
2396 2339 2611 2406 δώσεις
2663 2338 2824 2404 αὐτῷ
2878 2338 3187 2407 εὐλογίαν.
3252 2335 3364 2397 Τὰς
3417 2332 3816 2406 προλεχθείσας

2216 2431 2553 2501 ἐπαγγελίας
2587 2428 2848 2492 θεσπίσας
2880 2431 2908 2481 ὁ
2941 2428 3099 2495 λόγος
3133 2424 3209 2497 τῷ
3246 2424 3409 2478 Δαυῗδ
3436 2465 3451 2487 ,
3500 2419 3815 2484 ἀκολούθως

2216 2524 2313 2596 τὴν
2344 2524 2524 2578 αἰτίαν
2574 2522 2815 2576 διδάσκει
2869 2521 2939 2574 δι’
2970 2521 3037 2591 ἣν
3065 2519 3172 2573 τῶν
3219 2517 3487 2573 τοσούτων
3534 2512 3812 2580 τεύξεται.

2218 2618 2315 2682 Τίς
2346 2616 2403 2670 δὲ
2440 2611 2509 2688 ἦν
2541 2617 2574 2686 ή
2613 2615 2763 2669 αἰτία
2795 2612 2909 2669 ἀλλ’
2939 2613 3093 2675 ἐλπὶς
3131 2616 3163 2683 ἠ
3197 2612 3289 2664 ἐπὶ
3326 2610 3415 2663 τὸν
3454 2608 3658 2680 Κύριον
3683 2647 3698 2671 ,
3738 2608 3815 2661 δι’

2218 2711 2285 2783 ἣν
2317 2709 2467 2763 ἐλέου
2504 2706 2702 2780 τυχὼν,
2743 2707 2844 2777 τῆς
2875 2691 3185 2776 παρᾶΘεοῦ
3216 2703 3308 2757 τοῦ
3341 2702 3564 2772 ὑψίστου
3594 2699 3816 2764 ἐλπίδος

2219 2804 2320 2858 οὐκ
2354 2804 2741 2864 ἀποπεσεῖται,
2782 2799 2902 2853 οὐδὲ
2932 2797 3323 2867 σαλευθήσεται
3349 2795 3448 2865 τῆς
3486 2791 3813 2863 ἐρρωμένης

2220 2896 2424 2967 ταύτης
2456 2894 2737 2959 στάσεως;
2782 2895 2851 2947 Ἠ
2879 2892 2987 2965 γάρ
3014 2890 3190 2955 ἐλπὶς
3223 2891 3294 2943 οὐ
3328 2886 3735 2953 καταισχύνει.

2294 2990 2575 3058 Εὑρεθεὶη
2602 2988 2640 3057 ὴ
2672 2988 2801 3057 χείρ
2838 3001 2952 3040 σου
2984 2983 3134 3039 πᾶσι
3163 2982 3286 3048 τοῖς
3322 2979 3554 3051 ἐχθροῖς
3580 2994 3697 3032 σου
3720 3017 3733 3043 ,
3768 2978 3813 3048 ἠ

535 3094 687 3150 micis
734 3092 875 3156 tuis,
918 3087 1139 3141 dextera
1186 3094 1275 3138 tua
1306 3081 1533 3136 inveniat
1578 3095 1758 3133 omnes
1791 3078 1880 3149 qui
1915 3085 1962 3129 te
1992 3074 2121 3127 ode-

2230 3084 2396 3150 δεξιά
2428 3099 2543 3138 σου
2563 3083 2725 3151 εὕροι
2752 3080 2981 3145 πάντας
3008 3076 3152 3143 τοὺς
3176 3071 3510 3146 μισοῦντάς
3534 3085 3625 3125 σε.
3690 3069 3814 3135 Θή-

537 3194 682 3242 runt.
715 3182 882 3236 Panes
907 3197 993 3234 eos
1024 3191 1081 3231 ut
1113 3177 1382 3231 clibanum
1412 3174 1569 3244 ignis,
1604 3173 1657 3225 in
1687 3181 1915 3240 tempore
1947 3166 2121 3221 vultus

539 3278 620 3333 tui
645 3292 663 3331 :
699 3274 954 3329 hontinus
985 3272 1036 3324 in
1068 3271 1148 3323 ira
1183 3285 1281 3323 sua
1308 3265 1645 3321 conturbabit
1675 3281 1763 3319 eos
1785 3304 1799 3326 ,
1829 3272 1879 3316 et
1909 3261 2124 3315 devora-

540 3369 617 3425 bit
652 3384 741 3423 eos
783 3364 939 3436 ignis.
985 3362 1078 3417 Sic
1120 3360 1287 3415 Deum
1317 3358 1674 3428 alloquuntur
1697 3356 1793 3427 qui
1824 3368 2014 3426 preces
2043 3352 2125 3407 ef-

545 3461 823 3523 fundunt,
857 3472 921 3512 ac
952 3457 997 3512 si
1030 3454 1315 3509 dicerent:
1364 3450 1595 3505 Etiamsi
1641 3450 1675 3503 ii
1716 3451 1813 3520 qui
1862 3462 1985 3502 sese
2026 3446 2124 3501 tibi

540 3553 657 3611 Deo
688 3552 939 3608 inimicos
971 3549 1412 3612 constituerunt,
1444 3547 1656 3600 animas
1685 3543 1783 3599 tibi
1832 3540 2084 3595 addietas
2105 3580 2120 3606 ,

543 3662 759 3703 necnon
813 3652 1034 3701 sanctos
1091 3656 1280 3696 omnes
1332 3641 1389 3695 in
1442 3638 1649 3692 familia
1703 3642 1795 3689 tua
1853 3632 2124 3702 ascriptos

540 3737 898 3812 oppugnandi
959 3736 1119 3791 ﬁnem
1170 3749 1279 3789 non
1339 3731 1595 3797 faciunt;
1648 3738 1700 3784 at
1752 3726 2123 3782 inevitabilem

541 3848 768 3889 manum
812 3839 865 3886 et
909 3830 1171 3885 invictam
1214 3827 1475 3881 virtutem
1525 3830 1674 3877 tuam
1705 3835 1812 3875 non
1841 3818 2123 3889 ellugient.

542 3925 823 3981 llactenus
866 3925 1009 3979 enim
1054 3922 1183 3977 dum
1233 3919 1627 3989 permittuntur
1669 3914 1878 3970 inimici
1927 3912 2007 3965 illi
2045 3909 2126 3965 tui

544 4018 779 4072 athletas
820 4023 943 4069 tuos
990 4013 1329 4075 exercitare,
1362 4009 1501 4064 altos
1541 4013 1829 4062 assumunt
1873 3988 2122 4073 spiritus.

545 4108 819 4165 Caeterum
872 4121 997 4161 cum
1043 4105 1081 4159 ii
1130 4104 1194 4157 ad
1240 4102 1404 4156 breve
1456 4108 1672 4168 tempus
1716 4096 2124 4166 superbierint,

550 4215 663 4255 non
693 4198 783 4252 diu
814 4204 1001 4268 postea
1032 4209 1229 4248 manus
1262 4200 1353 4246 tua
1386 4188 1757 4261 deprehendet
1786 4202 1882 4242 eos
1905 4227 1920 4253 ,
1947 4201 2011 4241 ac
2042 4185 2129 4240 fu-

548 4290 761 4363 gientes
804 4289 1025 4345 dextera
1076 4294 1169 4340 tua
1221 4283 1548 4352 intercipiet.
1598 4280 1740 4346 Quid
1792 4294 1958 4350 porro
2007 4286 2129 4350 aget

547 4400 671 4443 cum
701 4380 1165 4455 apprehenderit?
1194 4378 1365 4433 Panes
1394 4392 1478 4430 eos
1508 4384 1564 4428 ut
1595 4374 1867 4427 clibanum
1900 4372 2035 4443 ignis
2070 4373 2123 4426 in

2230 3192 2362 3242 σεις
2411 3174 2632 3239 αὐτοὺς
2674 3173 2754 3236 ὡς
2803 3171 3100 3225 κλίϐανον
3128 3166 3318 3235 πυρὸς
3344 3166 3431 3230 είς
3464 3162 3671 3230 καιρὸν
3702 3160 3812 3215 τοῦ

2230 3266 2553 3337 προσώπου
2572 3281 2709 3320 σου.
2742 3263 2956 3331 Κύριος
2975 3262 3044 3314 ἑν
3064 3258 3211 3331 ὀργῆ
3236 3256 3422 3312 αὑτοῦ
3447 3251 3814 3320 συνταράξει

2230 3361 2484 3427 αὐτοὺς,
2516 3359 2613 3413 καὶ
2647 3355 3041 3425 καταφάγεται
3072 3351 3293 3417 αὐτοὺς
3325 3354 3357 3404 ὀ
3390 3349 3529 3417 πῦρ.
3578 3347 3813 3415 Λέγεται

2230 3453 2401 3509 ταῦτα
2432 3451 2566 3523 πρὸς
2592 3449 2682 3504 τὸν
2711 3448 2841 3502 Θεὸν
2874 3446 2979 3500 ὑπὸ
3002 3445 3109 3498 τῶν
3134 3444 3231 3514 τὴν
3264 3443 3427 3513 εὐχὴν
3456 3439 3811 3509 ἀναπεμπόνο

2230 3564 2359 3611 των,
2380 3545 2429 3599 οἳ
2447 3546 2541 3599 καὶ
2558 3542 2720 3614 φασίν
2742 3559 2753 3571 ⁸
2772 3542 2820 3594 εί
2838 3542 2931 3594 καὶ
2947 3538 3013 3592 τὰ
3032 3538 3263 3610 μάλιστα
3280 3537 3327 3589 oi
3345 3534 3566 3596 ἑαυτοὺς
3583 3530 3813 3602 ἐχθροὺς

2234 3639 2318 3693 σοὶ
2331 3638 2406 3709 τῷ
2423 3637 2540 3707 Θεῷ
2558 3635 3016 3705 καταστήσαντες,
3036 3631 3133 3693 τὰς
3152 3626 3516 3698 ἀνακειμένας
3536 3641 3615 3677 σοι
3630 3621 3813 3693 ψυχὰς

2233 3732 2327 3786 καὶ
2376 3730 2504 3794 τοὺς
2560 3729 2747 3798 ἁγίους
2781 3726 2986 3787 πάντας
3016 3722 3141 3784 τούς
3170 3739 3252 3774 σοι
3289 3716 3813 3791 προσῳκειωμένους

2233 3824 2425 3878 ὲκπολε
2437 3822 2660 3894 μοῦντες
2683 3820 2742 3874 οὐ
2767 3817 3062 3872 παύονται·
3088 3813 3202 3868 ἀλλ’
3223 3812 3283 3866 ού
3306 3809 3680 3879 διαφεύξονται
3710 3807 3814 3877 τὴν

2233 3918 2473 3989 ἄφυκτόν
2524 3933 2615 3969 σου
2662 3916 2819 3985 χεῖρα
2865 3910 2959 3964 καὶ
2996 3908 3094 3979 τὴν
3128 3904 3392 3977 ἀήττητόν
3435 3918 3527 3956 σου
3558 3899 3808 3969 δύναμιν.

2234 4009 2383 4072 Τέως
2419 4008 2516 4078 μὲν
2545 4004 2654 4074 γὰρ
2690 4005 2769 4065 εἰς
2800 4002 2922 4053 ὅσον
2950 3996 3244 4068 γυμνάζειν
3273 3994 3398 4057 τοὺς
3429 3992 3554 4054 σοὺς
3578 3989 3813 4051 οἰκείους

2232 4100 2420 4169 ὥσπερ
2449 4096 2685 4167 ἀθλητὰς
2710 4092 3097 4164 ἐπετράπησαν
3124 4089 3172 4140 οἱ
3197 4083 3380 4156 ἑχθροί
3406 4100 3498 4135 σου
3518 4120 3534 4145 ,
3565 4078 3817 4150 ἐπαίρον-

2233 4205 2356 4243 ταιο
2412 4186 2551 4257 πλὴν
2605 4184 2741 4256 πρὸς
2787 4181 2965 4250 ὀλίγον
3013 4176 3348 4248 ἐπαρθέντας
3377 4172 3571 4234 αὐτοὺς
3600 4171 3699 4223 οὐκ
3733 4169 3816 4232 είς

2238 4278 2453 4354 μακρὰν
2479 4280 2513 4350 ἡ
2547 4276 2613 4347 σὴ
2649 4276 2770 4347 χεὶρ
2797 4269 3188 4342 καταλήψεται,
3215 4266 3307 4320 καὶ
3338 4266 3371 4336 ἡ
3407 4263 3473 4333 σὴ
3500 4260 3645 4327 δεξιὰ
3676 4258 3813 4328 φεύ-

2234 4351 2428 4445 γοντας
2451 4369 2726 4445 θηρεύσει.
2756 4368 2820 4420 Τί
2841 4365 2897 4419 δὲ
2918 4365 3131 4434 ποιήσει
3161 4355 3569 4421 καταλαϐοῦσα;
3596 4351 3813 4419 Θήσεις

550 4487 777 4547 tempore
804 4475 978 4531 vultus
1015 4474 1113 4528 tui.
1143 4470 1358 4526 Etenim
1394 4483 1504 4539 quo
1534 4476 1780 4537 tempore
1813 4466 2122 4534 resplende«

2231 4466 2453 4532 αὐτοὺς
2473 4464 2553 4530 ὡς
2580 4462 2869 4516 κλίϐανον
2893 4455 3082 4524 πυρὸς
3103 4456 3191 4520 εἰς
3215 4449 3423 4520 καιρὸν
3443 4448 3548 4504 τοῦ
3575 4444 3810 4515 προσώ-

546 4569 629 4625 bit
652 4569 836 4624 vultus
871 4568 961 4622 ille
992 4572 1119 4619 tuus
1142 4603 1156 4627 ,
1188 4577 1298 4632 quo
1332 4559 1541 4615 scilicet
1570 4572 1796 4627 regnum
1830 4565 1982 4609 tuum
2014 4570 2128 4608 ma-

548 4661 837 4719 nifestabis
862 4702 879 4728 ,
908 4657 1130 4715 eosdem
1162 4656 1255 4726 qui
1309 4652 1412 4707 sibi
1455 4650 1592 4721 ipsis
1634 4648 1896 4718 nequitia:
1946 4649 2127 4718 ignem

548 4754 923 4819 advexerunt,
966 4750 1227 4805 meritum
1275 4743 1380 4800 sibi
1421 4741 1751 4814 supplicium
1796 4740 2131 4795 succendere

550 4846 721 4903 facies
744 4887 760 4911 ,
784 4847 860 4901 ita
909 4850 970 4898 ut
1002 4843 1218 4896 libanus
1246 4836 1387 4909 ignis
1416 4834 1772 4905 sibimetipsis
1801 4832 2125 4889 efﬁciantur.

550 4938 743 5009 Qualia
778 4939 905 4993 item
934 4934 1218 5007 patiuntur
1245 4929 1338 5002 qui
1372 4928 1425 4983 in
1455 4927 1812 4999 (egritudine,
1860 4941 2127 4998 corporea

552 5032 692 5088 febri
725 5031 1018 5084 laborant:
1052 5024 1270 5079 nemine
1308 5022 1509 5092 quippe
1550 5021 1897 5076 extrinsecus
1944 5020 2128 5093 ignem

553 5124 910 5184 admovente,
943 5118 998 5171 in
1027 5131 1086 5171 se
1117 5114 1252 5186 ipsis
1284 5116 1463 5185 ignem
1497 5110 1700 5166 fovent.
1738 5111 1939 5166 Eodem
1974 5125 2133 5181 pror-

554 5229 653 5271 sus
680 5213 843 5267 modo
872 5209 1128 5265 inimicos
1161 5216 1283 5262 tuos
1307 5247 1320 5268 ,
1353 5205 1567 5276 inquit,
1604 5213 1768 5275 atque
1797 5220 1894 5261 eos
1934 5204 2029 5275 qui
2080 5210 2134 5258 te

534 5305 821 5369 'oderunt,
846 5319 1018 5377 pones
1047 5312 1105 5357 ut
1145 5303 1422 5357 clibanum
1452 5298 1614 5371 ignis.
1661 5298 2031 5366 Quamobrem
2064 5298 2133 5353 iis

554 5399 812 5458 dicetur:
864 5398 1139 5454 Procedite
1188 5396 1256 5451 ad
1308 5398 1484 5451 lumen
1528 5395 1666 5468 ignis
1727 5394 1917 5463 vestri,
1966 5402 2017 5446 et
2062 5390 2132 5445 ad

553 5492 832 5567 ﬂammam
858 5510 1017 5566 quam
1050 5489 1387 5547 succendistis
1417 5488 1485 5543 ⁸⁷.

603 5584 798 5661 ⁶Υειςι.
840 5586 927 5643 ii.
971 5582 1230 5640 Fructum
1259 5598 1439 5637 eorum
1466 5579 1531 5636 de
1558 5588 1700 5634 terra
1726 5574 1909 5648 perdes
1930 5616 1946 5645 ,
1974 5585 2023 5631 et
2050 5593 2134 5631 se-

630 5763 868 5828 κιιοω.
921 5784 976 5836 v,
1011 5766 1066 5825 5.
1142 5764 1333 5840 "_lsa.
1370 5778 1436 5828 ι,
1476 5759 1565 5817 ll.

2232 4576 2349 4614 που
2389 4572 2526 4611 σου.
2580 4555 2669 4608 Ἐν
2711 4550 2788 4623 τῷ
2838 4547 3015 4620 καιρῷ
3053 4547 3162 4619 γὰρ
3199 4546 3296 4616 τῆς
3332 4538 3683 4611 ἐπιλάμψεως
3714 4535 3810 4601 τοῦ

2232 4649 2526 4725 προσώπου
2579 4664 2704 4711 σου,
2758 4646 2816 4697 ἑν
2842 4635 2887 4711 ᾧ
2919 4640 3018 4713 τὴν
3064 4636 3261 4692 σαυτοῦ
3289 4633 3484 4699 δείξεις
3513 4628 3809 4703 βασιλείαν,

2233 4745 2431 4805 αὐτοὺς
2464 4742 2674 4801 ἑαυτοῖς
2704 4736 2765 4790 τὸ
2795 4736 2894 4808 τῆς
2931 4732 3127 4794 κακίας
3154 4728 3264 4799 πῦρ
3295 4723 3629 4791 συνάξαντας
3650 4760 3665 4781 .
3713 4720 3811 4792 τὴν

2232 4836 2352 4891 καθ’
2404 4832 2610 4889 ἑαυτῶν
2663 4830 2883 4884 κόλασιν
2912 4824 3106 4894 ἐξάψαι
3145 4823 3422 4892 ποιήσεις·
3484 4817 3633 4877 ὅπως
3660 4813 3814 4868 αὐτοὶ⁵

2232 4928 2445 4989 ἑαυτοῖς
2468 4922 2716 4987 κλίϐανος
2744 4919 2914 4991 πυρὸς
2937 4917 3194 4986 γένοιντο.
3231 4913 3418 4966 Ὀποῖα
3442 4908 3741 4977 πάσχουσιν
3767 4905 3814 4956 oi

2232 5022 2291 5073 ὲν
2321 5021 2442 5082 ταῖς
2481 5016 2657 5079 νόσοις
2688 5013 2749 5066 τὸ
2801 5010 2961 5081 σῶμα
3002 5008 3391 5080 πυρέττοντες·
3446 4999 3672 5073 μηδενὸς
3705 4996 3816 5069 γάρ

2234 5112 2432 5180 ἔξωθεν
2461 5108 2817 5170 ὑποκαίοντος
2837 5144 2851 5169 ,
2880 5103 3027 5159 ἔνδον
3054 5101 3115 5154 τὸ
3140 5099 3252 5172 πῦρ
3278 5097 3337 5163 ἐξ
3358 5094 3566 5150 ἑαυτῶν
3593 5093 3817 5159 ἐπάγονο

2234 5223 2344 5260 ται.
2372 5202 2561 5266 Οὕτως
2583 5198 2674 5255 οὖν
2700 5200 2793 5255 καὶ
2816 5198 2943 5262 τοὺς
2963 5194 3188 5268 ἐχθρούς
3213 5210 3307 5248 σου
3336 5190 3428 5245 καὶ
3454 5189 3581 5252 τοὺς
3605 5182 3822 5257 μισοῦνκ

2236 5302 2335 5365 τάς
2363 5317 2422 5354 σε
2442 5338 2458 5363 ,
2500 5296 2633 5368 φησὶ
2659 5335 2672 5359 ,
2708 5294 2894 5364 θήσεις
2924 5292 2999 5353 ὡς
3030 5288 3281 5344 κλίϐανον
3311 5284 3502 5356 πυρός.
3569 5279 3661 5333 Διὸ
3690 5278 3819 5346 λεχ-

2235 5394 2461 5464 θήσεται
2490 5389 2628 5461 πρὸς
2649 5385 2842 5449 αὐτούς
2858 5404 2871 5416 ·
2886 5384 3223 5453 Πορεύεσθε
3238 5378 3317 5445 τῷ
3334 5377 3481 5450 φωτὶ
3498 5374 3605 5430 τοῦ
3624 5370 3823 5440 πυρὸς

2237 5483 2425 5553 ὑμῶν,
2454 5481 2553 5536 καὶ
2588 5479 2661 5550 τῆ
2684 5480 2860 5551 φλογὶ
2881 5471 2923 5553 ᾖ
2947 5476 3337 5543 ἑξεκαύσατε.

2314 5575 2425 5632 Τὸν
2452 5573 2685 5644 καρπὸν
2712 5572 2898 5629 αὐτόν
2921 5569 3042 5628 ἀπὸ
3063 5567 3177 5639 γῆς
3199 5562 3448 5630 ἀπολεῖς
3466 5601 3482 5628 ,
3512 5555 3611 5615 καὶ
3632 5553 3823 5625 σπέρ-
