4010 6566
523 349 628 403 201's
1252 342 1512 399 EL‘SEBII
1550 336 2023 395 C/ESARIENSIS
2060 334 2099 391 Ο

2205 377 2210 390 .
2251 332 2428 390 PARS
2466 334 2551 388 Ill.
2578 365 2647 377 —
2684 331 3089 387 EXEGETICA.
3658 330 3775 384 9οι

528 460 712 532 populi
772 457 1172 529 prwscientiam
1232 458 1620 526 complectens,
1683 468 1791 507 non
1849 452 2093 523 psalmus

2205 468 2384 505 στασιν
2409 490 2423 513 ,
2462 448 2554 501 καὶ
2592 446 2699 500 τῶν
2739 446 2905 500 ἐθνῶν
2944 447 3196 499 ἁπάντων
3228 442 3324 515 τὴν
3366 441 3552 511 κλῆσιν
3578 441 3680 512 τῆς
3708 459 3773 494 τε

529 550 894 606 inscribatur‘?
943 548 1016 603 De
1063 548 1129 602 iis
1171 547 1390 617 quippe,
1438 553 1623 616 utpote
1667 544 1735 599 de
1782 544 2092 615 ingentibus

2205 546 2385 611 γενεᾶς
2440 543 2531 594 καὶ
2584 540 2675 594 τοῦ
2710 538 3105 609 τεχθησομένου
3135 536 3264 589 λαοῦ
3294 535 3390 607 τὴν
3422 535 3770 606 πρόγνωσιν;

530 639 710 703 bonis,
738 638 982 710 gaudens
1010 639 1244 708 Spiritus
1272 644 1495 691 sanctus
1525 635 1880 706 psalmodiam
1906 648 2093 705 aggre-

527 734 692 786 ditur.

600 821 823 878 Vsus.‘2.
846 822 982 875 Deus
1010 821 1143 875 Deus
1178 836 1341 881 meus,
1371 819 1564 881 respice
1588 820 1640 872 in
1672 836 1749 874 me
1774 834 1792 872 :
1829 834 1988 889 quare
2016 834 2095 871 me

527 916 895 984 dereliquisli?
936 915 1085 984 longe
1128 931 1162 967 a
1202 913 1371 967 salute
1420 929 1535 966 mea
1580 910 1733 965 verba
1783 911 2095 965 delictorum

531 990 961 1062 mearumeum
994 1006 1048 1059 in
1083 1004 1350 1059 llebraico
1380 1004 1677 1072 exemplari
1712 1004 1867 1067 illud,
1899 1003 2096 1073 respice

526 1098 581 1149 in
623 1114 721 1159 me,
759 1112 869 1150 non
918 1103 1234 1165 compareat
1301 1093 1395 1149 sed
1454 1094 1507 1147 iu
1557 1094 1689 1148 solis
1732 1076 2095 1163 'Septuaginta

528 1186 923 1257 lnterpretibus
968 1186 1145 1255 primo
1173 1185 1353 1238 versui
1377 1184 1679 1247 inseratur;
1703 1182 1825 1251 jure
1848 1198 1877 1236 a
1909 1182 2096 1236 Salva-

529 1288 648 1334 tore
675 1285 867 1333 nostro
898 1277 1012 1331 hate
1040 1274 1371 1330 vociferante
1397 1274 1825 1343 praztermissum
1851 1282 1953 1327 est.

601 1456 679 1510 Ac
723 1456 876 1519 mihi,
927 1470 1131 1524 quaeso,
1183 1452 1487 1523 perpendas
1531 1467 1639 1521 quo
1687 1460 1846 1521 pacto
1903 1449 2095 1519 reliqui

532 1560 722 1599 omnes
758 1545 1080 1613 interpretes
1113 1542 1424 1597 delictorum
1449 1557 1554 1596 non
1582 1540 1927 1596 meminerint
1954 1558 1966 1592 :
1999 1555 2095 1594 ne-

533 1653 639 1708 que
678 1640 820 1691 enim
864 1643 1295 1691 consentaneum
1343 1643 1462 1689 erat
1505 1647 1751 1703 persona:
1799 1629 2096 1686 Salvatoris

2207 636 2328 687 Ἐπὶ
2374 633 2579 696 τούτοις
2625 631 2734 703 γὰρ
2766 632 2840 694 ὡς
2874 630 2963 681 ἐπὶ
2999 628 3251 700 μεγάλοις
3282 626 3507 695 ἀγαθοῖς
3540 631 3774 697 συγχαῖ-

2198 745 2287 798 ρον
2315 726 2375 779 τὸ
2406 724 2627 795 Πνεῦμα
2656 724 2717 776 τὸ
2750 723 2902 792 ἅγιον
2930 721 3026 793 τὴν
3060 720 3377 791 ψαλμῳδίαν
3407 722 3653 774 ποιεῖται.

2278 818 2338 869 '0
2365 817 2507 883 Θεὸς
2526 820 2557 870 ό
2588 816 2728 881 Θεός
2739 832 2878 883 μου,
2907 814 3169 882 πρόσχες
3196 829 3330 882 μοι·
3353 814 3453 867 ἵνα
3490 814 3548 865 τί
3596 812 3781 882 ἐγκα-

2196 909 2433 974 τέλιπές
2452 925 2525 977 με
2544 924 2561 971 ;
2582 905 2824 975 μακρὰν
2853 906 2968 959 ἀπὸ
2997 904 3106 972 τῆς
3128 905 3422 971 σωτηρίας
3441 921 3561 973 μου
3587 906 3773 958 al.16-

2196 1020 2286 1072 γοι
2317 999 2436 1053 τῶν
2470 997 2953 1067 παραπτωμάτων
2984 1014 3122 1065 μου.
3193 996 3283 1065 Μὴ
3317 995 3678 1066 προκειμένου
3712 994 3773 1047 δὲ

2196 1095 2252 1145 ἐν
2280 1092 2357 1163 τῷ
2392 1088 2661 1161 Ἐϐραῖκῷ
2684 1087 2799 1156 τοῦ⁹
2816 1088 3079 1155 πρόσχες
3100 1103 3201 1155 μοι
3220 1124 3235 1149 ,
3263 1085 3291 1138 ὃ
3316 1084 3380 1156 δὴ
3409 1084 3551 1138 κατά
3576 1085 3771 1155 μόνους

2194 1182 2318 1244 τοὺς
2376 1179 2773 1249 Ἐϐδομήκοντα
2826 1176 3147 1247 προσέκειτο
3190 1173 3267 1244 τῷ
3323 1174 3523 1246 πρώτῳ
3576 1174 3771 1245 στίχῳ,

2195 1270 2434 1343 ἀκριϐῶς
2466 1269 2559 1322 καὶ
2594 1268 2697 1322 ὑπὸ
2727 1270 2824 1339 τῆς
2864 1268 3046 1337 φωνῆς
3071 1263 3163 1319 τοῦ
3194 1265 3445 1337 Σωτῆρος
3474 1264 3631 1335 ἡμῶν
3660 1283 3778 1318 πα-

2198 1363 2561 1433 ραλέλειπται.

2268 1455 2376 1507 Καὶ
2406 1454 2503 1506 θέα
2535 1454 2655 1506 τίνα
2681 1450 2879 1523 τρόπον
2907 1450 2963 1503 ἐν
2998 1452 3129 1503 πᾶσι
3154 1449 3361 1513 τούτοις
3393 1447 3629 1519 οὐδαμοῦ
3658 1466 3786 1503 πα·-

2189 1544 2595 1613 ραπτωμάτων
2645 1543 3057 1614 ἐμνημόνευσαν
3108 1542 3157 1594 οἱ
3190 1540 3370 1595 λοιποὶ
3402 1542 3779 1613 ἐρμηνευταί·

2200 1636 2322 1689 ούδέ
2355 1636 2461 1708 γάρ
2498 1634 2705 1707 ἥρμοζε
2745 1633 3161 1707 παραπτώματα
3210 1634 3537 1704 ἐφαρμόζειν
3566 1634 3644 1704 τῷ
3674 1633 3783 1688 τοῦ

533 1730 706 1785 nostri
741 1729 935 1783 delicta
965 1728 1260 1791 ascribere,
1286 1726 1374 1797 qui
1397 1734 1667 1795 peccatum
1699 1742 1801 1779 non
1830 1724 1974 1795 fecit,
2007 1740 2098 1777 nec

2205 1729 2447 1799 Σωτῆρος
2472 1731 2502 1797 ἡ
2513 1727 2627 1798 μῶν
2661 1727 2969 1800 προσώπῳ,
3004 1728 3072 1793 ὃς
3103 1727 3397 1797 ἁμαρτίαν
3424 1730 3535 1781 οὐκ
3566 1728 3788 1797 ἐποίη-

533 1824 769 1877 inventus
805 1830 881 1875 est
914 1820 1067 1874 dolus
1102 1824 1153 1873 in
1194 1836 1281 1874 ore
1317 1819 1429 1887 ejus
1453 1816 1520 1871 ".
1562 1817 1611 1873 Is
1653 1833 1784 1872 vero
1815 1832 1914 1887 pro
1959 1817 2026 1870 iis
2067 1831 2097 1871 e

534 1914 734 1985 populo
778 1914 868 1983 qui
916 1912 1171 1983 lacrymis
1221 1925 1285 1966 ac
1334 1908 1462 1964 ﬂetu
1511 1908 1674 1979 digna
1718 1908 2096 1972 admittebant,

533 2019 631 2074 pro
653 2003 899 2074 apostolo
922 2017 1022 2058 suo
1055 2000 1217 2065 Juda,
1253 2002 1407 2071 lapso
1433 2012 1487 2056 et
1528 2016 1558 2053 a
1591 2000 1809 2071 propria
1839 1998 2100 2069 dignitate

530 2096 781 2166 depulso,
831 2096 1021 2165 lugens
1064 2095 1176 2149 haec
1216 2092 1434 2149 assidue
1481 2091 1750 2147 clamabat
1790 2109 1803 2144 :
1852 2088 2026 2159 Longe
2066 2106 2099 2141 a

534 2188 709 2241 salute
738 2203 851 2240 mea
882 2186 1036 2241 verba
1068 2186 1354 2256 gemituum
1389 2198 1640 2237 meorum.
1670 2178 1867 2244 Voces,
1900 2180 2095 2249 inquit,

537 2285 591 2333 et
620 2277 780 2332 verba
814 2292 995 2333 rerum
1030 2290 1061 2329 a
1092 2290 1177 2330 me
1208 2289 1421 2344 semper
1446 2287 1545 2344 pro
1574 2272 1772 2344 pepulo
1801 2279 2095 2342 gestarum,

534 2383 565 2422 a
595 2367 770 2425 salute
801 2383 918 2423 mea
947 2368 1103 2438 longe
1116 2371 1331 2423 'remota
1356 2373 1505 2430 sunt,
1535 2381 1658 2419 cum
1690 2364 1824 2418 nihil
1851 2363 2099 2417 utilitatis

534 2460 735 2531 populo
767 2459 1063 2514 accesserit
1108 2474 1173 2513 ex
1212 2472 1274 2513 ea
1310 2473 1470 2528 quam
1514 2456 1648 2526 ipsis
1687 2456 1972 2527 procuravi
2007 2470 2096 2510 sa-

534 2553 667 2607 tute.
699 2550 766 2605 At
798 2566 865 2607 ne
889 2550 1169 2606 videamur
1199 2566 1265 2606 ex
1293 2550 1512 2604 curiosa
1545 2550 1724 2618 aliqua
1757 2547 2100 2618 indagatione

524 2646 776 2715 :reliquos
821 2645 1150 2715 interpretes
1199 2644 1395 2706 secuti,
1447 2658 1542 2699 eos
1587 2643 1678 2712 qui
1730 2640 1835 2695 alia
1889 2638 2098 2694 ratione

518 2735 805 2806 :psalmum
836 2735 1262 2804 interpretantur
1286 2749 1603 2804 coarguere,
1638 2730 1990 2803 Septuaginta
2016 2729 2100 2784 vi-

537 2841 724 2881 rorum
780 2826 1228 2897 interpretatione
1279 2833 1515 2879 utemur.
1566 2822 1700 2877 Nam
1754 2823 1832 2876 illi
1882 2836 2099 2893 quoque

538 2921 679 2974 hanc
726 2918 1019 2974 lectionem
1066 2919 1425 2973 observantes
1475 2924 1529 2971 et
1581 2915 2095 2979 animadvertentes,

528 3013 682 3067 hunc
732 3011 1000 3081 psalmum
1045 3009 1266 3065 Christo
1312 3024 1421 3062 non
1475 3021 1776 3077 congruere
1827 3006 2094 3061 dixerunt.

2198 1836 2327 1885 σεν,
2345 1819 2485 1872 οὐδὲ
2502 1818 2711 1887 εὑρέθη
2730 1819 2910 1884 δόλος
2924 1818 2994 1871 ἐν
3009 1816 3086 1882 τῷ
3102 1818 3347 1886 στόματι
3365 1816 3568 1870 αὐτοῦ.
3602 1816 3788 1887 ’Υπὲρ

2197 1909 2252 1961 δὲ
2293 1907 2401 1962 τῶν
2440 1908 2733 1979 κλαυθμῶν
2784 1909 2878 1961 καὶ
2918 1908 3128 1980 θρήνων
3166 1907 3292 1973 ἄξια
3332 1908 3676 1979 πραττόντων
3718 1910 3784 1960 ἐν

2196 2000 2274 2071 τῷ
2300 2000 2411 2071 λαῷ
2434 2041 2449 2065 ,
2515 2002 2653 2070 ὑπὲρ
2684 2000 2738 2053 δὲ
2765 1999 2857 2053 τοῦ
2889 1999 3187 2053 ἀποστόλου
3220 1998 3383 2052 αὑτοῦ
3430 1999 3632 2063 Ἰούδα,
3677 1998 3785 2051 τοῦ

2199 2094 2635 2166 ἐξολισθήσαντος
2677 2092 2901 2165 καὶτῆς
2949 2093 3156 2154 οἰκείας
3200 2091 3356 2156 ἀξίας
3385 2091 3786 2159 ἀποπεσόντος,

2198 2186 2515 2256 ὀδυρόμενος
2543 2185 2765 2238 διετέλει
2804 2183 2941 2255 βοῶν
2962 2202 2974 2215 ·
3010 2184 3261 2253 Μακρὸν
3290 2183 3408 2237 ἀπὸ
3441 2182 3549 2252 τῆς
3578 2200 3786 2252 σωτη-

2191 2280 2329 2347 ρίας
2352 2296 2471 2347 μου
2495 2281 2547 2332 ol
2573 2278 2737 2347 λόγοι
2766 2277 2884 2329 τῶν
2913 2276 3185 2345 ὀδυρμῶν
3208 2294 3345 2344 μου.
3379 2276 3441 2328 Οἱ
3469 2274 3576 2345 γὰρ
3600 2275 3785 2343 λόγοι,

2201 2371 2362 2440 φησι,
2398 2369 2504 2421 τῶν
2538 2368 2684 2439 ἐμῶν
2708 2408 2722 2433 ,
2758 2367 2864 2421 τῶν
2901 2367 3040 2438 ὑπὲρ
3070 2366 3162 2420 τοῦ
3198 2367 3326 2420 λαοῦ
3363 2369 3592 2421 πάντοτε
3625 2386 3806 2436 Tum,

2203 2463 2375 2533 μένων
2400 2501 2416 2526 ,
2446 2462 2543 2531 τῆς
2566 2461 2703 2531 ἐμῆς
2729 2460 2999 2530 σωτηρίας
3029 2459 3246 2530 μακρὰν
3276 2460 3559 2528 γεγόνασιν
3579 2499 3595 2523 ,
3622 2460 3787 2513 οὐδὲν

2199 2553 2567 2624 ὠφεληθέντος
2598 2552 2690 2605 τοῦ
2724 2550 2853 2605 λαοῦ
2888 2551 2993 2605 ἀπὸ
3036 2551 3134 2621 τῆς
3171 2551 3230 2616 ἐξ
3264 2550 3398 2621 ἐμοῦ
3428 2550 3784 2622 προξενηθεί-

2203 2660 2299 2714 σης
2323 2644 2502 2706 αὐτοῖς
2523 2642 2812 2713 σωτηρίας.
2847 2643 2959 2694 Ἵνα
2980 2641 3036 2693 δέ
3071 2641 3145 2712 μὴ
3173 2641 3432 2712 δόξωμεν,
3462 2645 3574 2705 τοῖς
3595 2642 3783 2705 ἄλλοις

2200 2737 2559 2807 ἐρμηνευταίς
2585 2734 2816 2787 ἐνταῦθα
2848 2734 3172 2805 κεχρημένοι
3206 2737 3270 2787 ἐκ
3297 2735 3572 2807 περινοίας
3597 2776 3610 2798 ,
3650 2735 3783 2798 τοὺς

2198 2826 2399 2898 ἑτέρως
2427 2826 2517 2879 τὸν
2544 2825 2755 2897 ψαλμὸν
2788 2826 3201 2897 ἡρμηνευκότας
3250 2826 3488 2898 ἐλέγχειν
3508 2866 3522 2889 ,
3574 2829 3638 2896 τῇ
3664 2824 3782 2879 τῶν

2213 2916 2612 2988 Ἑϐδομήκοντα
2640 2916 2905 2989 ἑρμηνείᾳ
2932 2917 3278 2988 χρησόμεθα·
3335 2917 3506 2988 ταύτῃ
3532 2916 3639 2987 γὰρ
3668 2917 3780 2970 κά-

2199 3012 2366 3063 κεῖνοι
2398 3010 2623 3080 τηρήσει
2654 3009 3106 3079 προσεσχηκότες,
3125 3008 3224 3060 οὐκ
3254 3007 3459 3076 ἔφασαν
3486 3008 3784 3079 ἁρμόττειν

532 3102 770 3157 Audiant
799 3102 980 3171 itaque
1003 3098 1263 3154 Joannem
1290 3098 1368 3152 sic
1389 3096 1715 3151 clamantem
1736 3116 1750 3151 :
1770 3094 1902 3149 Ecce
1918 3094 2098 3165 Agnus

2205 3100 2291 3153 τὸν
2322 3099 2532 3171 ψαλμὸν
2552 3098 2627 3170 τῷ
2643 3099 2847 3170 Κυρίῳ.
2882 3099 3297 3153 Ἀκουσάτωσαν
3325 3100 3505 3152 τοίνυν
3528 3099 3784 3152 Ἰωάννου

539 3192 652 3256 Dei,
674 3192 762 3261 qui
779 3192 915 3245 tollit
937 3201 1204 3261 peccatum
1235 3186 1415 3241 mundi
1436 3188 1487 3253 ¹;
1522 3196 1574 3242 et
1607 3186 1848 3242 divinum
1876 3184 2100 3238 Paulum

533 3284 609 3337 ita
643 3283 947 3355 loquentem
978 3281 1116 3348 :Qui
1141 3289 1408 3349 peccatum
1444 3296 1545 3333 non
1576 3285 1807 3340 noverat,
1837 3292 1929 3345 pro
1956 3277 2101 3330 nobis

526 3384 811 3444 peccatum,
828 3374 970 3444 fecit,
989 3382 1046 3426 ut
1065 3390 1157 3426 nos
1176 3373 1487 3443 eﬂiceremur
1495 3372 1633 3441 justi
1641 3371 1714 3423 tia
1735 3370 1826 3424 Dei
1849 3371 1900 3423 in
1922 3370 2033 3439 ipso
2046 3373 2100 3439 ’;

524 3474 589 3521 ει
608 3481 827 3521 rursum
853 3486 865 3520 :
895 3464 1139 3520 Christus
1174 3481 1267 3518 nos
1302 3462 1515 3517 redemit
1549 3462 1612 3516 de
1644 3462 1922 3516 maledicto
1954 3463 2099 3533 legis,

528 3558 711 3627 factus
741 3573 837 3626 pro
865 3556 1011 3611 nobis
1040 3553 1431 3610 maledictum'.
1459 3553 1627 3625 Igitur
1646 3553 2101 3624 quemadmodum

538 3650 919 3722 fonsjustitite
947 3665 1069 3705 cum
1096 3648 1188 3715 sit,
1214 3657 1441 3720 peccata
1471 3650 1589 3718 ipse
1620 3654 1805 3702 nostra
1830 3645 2099 3717 suscepit;

534 3753 589 3802 et
614 3759 739 3800 cum
776 3744 849 3800 sit
882 3743 1277 3799 benedictionis
1295 3743 1548 3813 pelagus,
1578 3741 1919 3811 ingruentem
1945 3740 2102 3795 nobis

534 3838 972 3894 maledictionem
1002 3835 1229 3905 accepit,
1256 3845 1415 3903 atque
1443 3832 1772 3903 contemptis
1794 3832 2101 3902 Opprobriis

531 3942 755 3984 crucem
786 3926 1043 3982 sustinuit
1069 3942 1084 3979 :
1120 3926 1199 3979 sic
1234 3939 1330 3994 pro
1358 3923 1515 3977 nobis
1546 3922 1812 3976 rationem
1842 3921 2098 3978 reddidit.

536 4018 594 4072 Si
648 4018 793 4072 enim
839 4025 1096 4071 statutam
1152 4014 1309 4068 nobis
1339 4012 1683 4082 disciplinam
1743 4012 1934 4067 lubens
1986 4013 2102 4083 ipse

535 4108 743 4172 sunbiit;
790 4120 917 4159 nam
957 4105 1241 4172 disciplina
1280 4105 1426 4172 pacis
1469 4112 1664 4158 nostra:
1694 4120 1845 4173 super
1876 4122 2013 4172 eum,
2045 4117 2103 4162 ut

535 4201 612 4253 ait
639 4197 940 4269 propheta"
969 4215 983 4251 :
1017 4196 1188 4250 multo
1228 4195 1402 4265 magis
1453 4196 1694 4251 rationes
1737 4182 1853 4265 ﬁse
1884 4207 2099 4254 nostras

536 4304 634 4359 pro
666 4288 828 4342 nobis
855 4285 1062 4351 retulit,
1091 4292 1253 4354 atque
1285 4284 1504 4336 clamat:
1542 4281 1715 4353 Longe
1736 4300 1766 4336 a
1796 4284 1966 4338 salute
1988 4302 2100 4338 mea

537 4383 767 4436 rationes
814 4380 1127 4432 delictorum
1182 4391 1436 4428 meorum.
1488 4372 1584 4437 Ne,
1641 4374 1834 4444 inquit.
1895 4384 2101 4431 naturae

536 4482 761 4546 peccata
796 4472 1079 4542 respicias.

2208 3191 2432 3261 βοῶντος
2452 3209 2464 3221 ·
2493 3191 2612 3244 Ἰδε
2632 3194 2663 3244 d
2682 3190 2869 3259 ἀμνὸς
2882 3190 2984 3244 τοῦ
3015 3189 3161 3243 Θεοῦ
3180 3229 3194 3254 ,
3214 3194 3246 3245 ό
3264 3191 3445 3259 αἴρων
3466 3191 3578 3259 τὴν
3595 3192 3781 3259 ἀμαρ-

2204 3284 2336 3337 τίαν
2356 3282 2460 3337 τοῦ
2477 3283 2707 3352 κόσμου
2729 3300 2741 3313 ·
2764 3281 2855 3335 τοῦ
2879 3281 2934 3333 δὲ
2957 3281 3240 3335 θεσπεσίου
3264 3283 3475 3336 Παύλου
3494 3282 3742 3351 λέγοντος
3759 3300 3775 3313 ·

2208 3377 2316 3431 Τὸν
2340 3377 2426 3446 μὴ
2461 3378 2677 3448 γνόντα
2714 3377 3035 3446 ἁμαρτίαν,
3090 3375 3240 3444 ὑπὲρ
3281 3376 3446 3445 ἡμῶν
3484 3376 3781 3445 ἁμαρτίαν

2201 3469 2507 3536 ἐποίησεν,
2525 3470 2624 3521 ἵνα
2652 3468 2820 3537 ἡμεῖς
2842 3468 3135 3538 γενώμεθα
3160 3469 3305 3522 Θεοῦ
3331 3468 3683 3534 δικαιοσύνη
3704 3468 3783 3520 ἐν

2201 3559 2386 3625 αὐτῷ·
2421 3561 2511 3614 καὶ
2542 3561 2734 3613 πάλιν·
2775 3554 3025 3629 Χριστὸς
3056 3560 3211 3629 ἡμᾶς
3238 3558 3539 3629 ἠπύρασεν
3570 3559 3636 3611 ἐκ
3662 3558 3780 3626 τῆς

2204 3650 2462 3719 κατάρας
2491 3652 2594 3705 τοῦ
2618 3654 2824 3720 νόμου,
2844 3653 3159 3721 γενόμενος
3179 3649 3326 3719 ὑπὲρ
3347 3651 3513 3720 ἡμῶν
3532 3648 3776 3717 κατάρα.

2210 3742 2506 3814 Τοιγαροῦν
2562 3744 2747 3815 ῶσπερ
2780 3743 3119 3815 δικαιοσύνης
3151 3743 3409 3813 ὑπάρχων
3462 3742 3637 3813 πηγὴ,
3678 3741 3781 3811 τὴν

2210 3834 2481 3906 ἡμετέραν
2515 3836 2785 3906 ἁμαρτίαν
2815 3836 3039 3889 ἀνέλαϐε
3057 3875 3071 3900 ,
3118 3836 3210 3888 καὶ
3236 3834 3480 3903 εὐλογίας
3506 3834 3580 3887 ῶν
3609 3834 3777 3887 πέλα-

2202 3943 2296 3995 γος
2326 3966 2339 3990 ,
2394 3926 2491 3997 τὴν
2526 3927 2875 3997 ἐπικειμένην
2915 3928 3047 3997 ἡμῖν
3087 3926 3299 3992 ἐδέξατο
3337 3926 3579 3996 κατάραν
3607 3965 3622 3990 ,
3679 3924 3781 3978 καὶ

2202 4021 2431 4091 σταυρὸν
2450 4020 2734 4089 ὑπέμεινεν
2762 4019 3019 4091 αἰσχύνης
3049 4021 3460 4091 καταφρονήσας
3478 4037 3490 4048 ·
3517 4018 3654 4072 οὕτω
3683 4018 3781 4072 καὶ

2203 4112 2326 4173 τοὺς
2357 4111 2496 4180 ὑπὲρ
2523 4110 2677 4179 ἡμῶν
2710 4111 2999 4181 ἐποιήσατο
3030 4112 3237 4179 λόγους.
3270 4113 3331 4165 El
3362 4111 3468 4183 γὰρ
3490 4112 3587 4182 τὴν
3645 4112 3781 4183 ὠρι-

2203 4202 2407 4274 σμένην
2448 4206 2581 4274 ἡμῖν
2631 4203 2875 4256 παιδείαν
2909 4203 3145 4273 ὑπῆλθεν
3190 4202 3329 4255 ἑκὼν
3355 4242 3369 4266 ,
3395 4202 3631 4256 παιδεία
3668 4202 3780 4273 γὰρ

2199 4294 2441 4361 εἰρήνης
2465 4293 2635 4364 ἡμῶν
2658 4295 2750 4346 ἐπ’
2770 4295 2975 4358 αὑτὸν,
3065 4296 3227 4366 φησὶν
3255 4298 3282 4348 ὁ
3310 4296 3621 4365 προφήτης·
3648 4294 3780 4347 πολ-

2201 4384 2275 4455 λῷ
2299 4385 2497 4455 μᾶλλον
2515 4388 2624 4449 τοῖς
2640 4387 2777 4457 ὑπὲρ
2801 4387 2956 4457 ἡμῶν
2982 4385 3094 4438 ἀνθ’
3118 4385 3272 4456 ἡμῶν
3294 4387 3559 4456 ἐχρήσατο
3578 4385 3776 4453 λόγοις,

2101 4524 2107 4530 .
2134 4459 2176 4512 D
2205 4478 2298 4529 καὶ
2331 4478 2448 4547 βοᾷ·
2498 4479 2744 4546 Μακρὰν
2772 4478 2887 4531 ἀπὸ
2920 4476 3021 4545 τῆς
3062 4478 3357 4545 σωτηρίας
3382 4496 3501 4546 μου
3532 4482 3583 4532 οί
3608 4480 3780 4547 λόγοι

532 4565 653 4621 τῶν
676 4564 1162 4636 παραπτωμάτων
1181 4580 1318 4632 μου.
1350 4562 1438 4633 Μὴ
1460 4562 1791 4635 ἀποϐλέψῃς,
1822 4566 2002 4635 φησὶν,
2025 4568 2127 4635 είς,
2150 4569 2219 4623 τὰ
2245 4572 2342 4642 τῆς
2374 4572 2586 4639 φύσεως
2625 4574 2729 4643 πλη
2740 4573 2915 4644 μμελή
2926 4590 3089 4641 ματα.

524 4660 561 4709 ο
605 4661 771 4717 Vsus.
806 4664 860 4717 '5.
899 4660 1038 4715 Deus
1079 4675 1243 4723 meus,
1288 4658 1525 4711 clamabo
1566 4659 1633 4712 ad
1668 4669 1713 4713 te
1741 4677 1833 4729 per
1865 4660 2021 4725 diem,
2054 4673 2102 4716 et

527 4773 641 4809 non
665 4753 951 4816 exaudies;
986 4760 1034 4805 et
1061 4762 1235 4814 nocte,
1270 4760 1318 4804 et
1350 4767 1450 4803 non
1474 4750 1541 4802 ad
1568 4752 1922 4820 insipientiam
1955 4753 2102 4809 mihi.

537 4847 665 4901 llaec
688 4845 762 4900 de
788 4844 948 4898 nobis
972 4843 1252 4897 confessus
1278 4841 1543 4906 Salvator,
1571 4843 1647 4896 ait
1680 4864 1691 4897 :
1724 4842 1813 4897 Sic
1836 4844 2105 4901 clamante

538 4952 649 4999 me,
674 4934 1053 4990 exauditurum
1086 4940 1137 4987 te
1166 4934 1290 4988 novi
1325 4952 1336 4987 :
1370 4950 1492 4988 nam
1521 4949 1643 4987 cum
1671 4934 2106 5005 interpunctione

538 5026 847 5098 legendum.
874 5024 939 5079 Et
963 5033 1120 5079 nocte
1143 5040 1360 5095 quoque
1390 5026 1658 5090 clamabo,
1686 5043 1860 5096 neque
1891 5027 1942 5081 id
1970 5026 2102 5081 mihi

536 5118 605 5173 ad
656 5116 1051 5186 insipientiam.
1080 5124 1394 5187 reputetur;
1439 5118 1880 5189 quandoquidem
1923 5119 2101 5175 tristia

538 5210 746 5263 circum
781 5223 867 5263 me
900 5208 1076 5279 posita
1113 5216 1261 5264 sunt.
1299 5209 1451 5263 Multi
1488 5225 1619 5265 sane
1648 5212 1701 5264 in
1724 5211 1985 5280 perplexo
2016 5227 2104 5265 re-

540 5315 661 5355 rum
687 5308 835 5361 statu
868 5302 1095 5373 caligine
1134 5302 1518 5365 Obvoivuntur,
1555 5309 1613 5355 ut
1640 5303 1800 5355 etiam
1834 5302 1962 5371 quid
1993 5304 2106 5356 cla-

540 5394 709 5449 manti
756 5392 1046 5453 dicendum
1090 5394 1201 5451 Deo
1246 5397 1319 5452 sit
1368 5395 1661 5465 ignorent:
1695 5408 1758 5447 ac
1800 5410 1898 5465 ego
1938 5395 2106 5464 probe

537 5486 663 5542 novi
705 5502 810 5557 qua
853 5487 920 5542 de
973 5502 1139 5542 causa
1182 5493 1462 5543 nocturna:
1508 5486 1612 5539 illa:
1643 5485 1983 5541 calamitates
2018 5502 2104 5542 me

536 5581 991 5637 circumveniant.

2284 4669 2346 4720 Ὀ
2370 4670 2511 4733 Θεός
2541 4686 2680 4738 μου,
2715 4667 3071 4736 κεκράξομαι
3109 4665 3329 4735 ἡμέρας
3362 4666 3508 4733 πρὸς
3545 4666 3639 4730 σὲ,
3680 4666 3780 4719 και

2206 4760 2316 4811 οὐκ
2348 4761 2680 4827 εἰσακούσῃ
2700 4778 2713 4789 ·
2768 4760 2866 4812 καὶ
2905 4759 3157 4823 νυκτὸς,
3194 4758 3288 4810 καὶ
3320 4760 3428 4810 οὐκ
3461 4759 3546 4823 είς
3571 4756 3781 4810 ἄνοιαν

2204 4851 2351 4920 ἐμοί.
2389 4852 2570 4905 Ταῦτα
2594 4852 2647 4904 δὲ
2672 4854 2801 4923 περὶ
2826 4850 2979 4922 ἡμῶν
3007 4850 3510 4921 ἐξομολογούμενος,
3535 4851 3562 4901 ὁ
3590 4851 3780 4919 Σωτὴρ

2204 4942 2380 5011 λέγει·
2439 4942 2593 4996 Οὕτω
2621 4943 2674 4996 δέ
2709 4961 2809 5013 μου
2840 4942 3105 5013 βοῶντος,
3153 4937 3297 5007 οῖδα,
3334 4942 3414 4994 ὃτι
3448 4940 3774 5013 είσακούσῃ·

2209 5034 2328 5106 μεθ’
2364 5036 2704 5106 ὑποστιγμῆς
2744 5036 2848 5105 γὰρ
2885 5034 3279 5103 ἀναγνωστέον.
3347 5035 3457 5087 Καὶ
3494 5034 3685 5096 νυκτὸς
3722 5034 3778 5086 δέ

2208 5127 2576 5198 κεκράξομαι,
2631 5128 2729 5179 οὐκ
2779 5126 2962 5188 ἀνοίας
3018 5143 3105 5196 μοι
3145 5125 3532 5195 λογιζομένης·
3590 5126 3675 5177 ὅτε
3714 5125 3780 5177 τὰ

2210 5220 2604 5291 περιεστηκότα
2646 5219 2762 5271 ἐστὶ
2808 5218 3122 5289 σκυθρωπά.
3155 5219 3273 5270 Τῶν
3313 5216 3523 5269 πολλῶν
3562 5218 3619 5269 ἐν
3658 5218 3779 5277 ταῖς

2208 5311 2558 5385 περιστάσεσι
2590 5309 3017 5381 σκοτιξομένων,
3049 5310 3123 5372 ὡς
3150 5307 3406 5361 καὶάύτὸ
3433 5307 3588 5360 τοῦτο
3621 5305 3672 5358 τί
3702 5306 3783 5358 δεῖ

2208 5400 2480 5475 κράζοντα
2519 5400 2652 5470 πρὸς
2685 5400 2815 5453 Θεὸν
2846 5400 3023 5467 λέγειν
3055 5399 3292 5467 ἀγνοεῖν·
3344 5399 3641 5468 ἐπίσταμαι
3674 5395 3779 5467 γάρ

2210 5490 2319 5559 ἐγὼ
2344 5491 2481 5554 τίνος
2513 5490 2673 5545 ἕνεκα
2702 5491 2824 5561 περὶ
2854 5490 2953 5561 ἐμὲ
2977 5490 3262 5561 νυκτερινὴ
3286 5489 3615 5551 κατάστασίς
3642 5489 3775 5541 ἐστι.

606 5764 651 5796 ”
689 5764 703 5817 l
739 5762 886 5819 Petr.
926 5777 1000 5830 tt,
1030 5761 1123 5819 2‘2.
1203 5764 1214 5793 ί
1256 5759 1414 5816 Joan.
1449 5774 1496 5829 1,
1532 5758 1621 5816 36.
1697 5763 1717 5793 ¹
1759 5761 1799 5817 ll
1834 5761 1957 5817 Cor.
1990 5779 2056 5829 ν,
2092 5765 2099 5815 ε

2257 5762 2277 5794 ³
2314 5760 2432 5817 Gal.
2473 5775 2533 5814 tn
2558 5798 2575 5826 ,
2616 5759 2703 5815 15.
2780 5755 2800 5792 ⁸
2839 5754 2946 5813 lsa.
2983 5769 3117 5821 un,
3156 5755 3205 5809 5.
