4010 6548
340 351 445 410 205

1462 363 1966 419 COMMENTARIA
2001 364 2067 419 IN
2109 363 2449 421 PSALMOS.

3476 368 3581 425 206

407 473 490 526 Σὺ
509 474 578 528 δὲ
598 474 671 528 ἐν
687 475 831 547 ἁγίῳ
852 479 1144 546 κατοικεῖς
1165 521 1179 544 ,
1201 483 1233 533 d
1252 482 1494 547 ἔπαινος
1516 484 1618 537 τοῦ
1650 485 1901 553 Ἰσραήλ.

2083 486 2245 543 Vens.
2280 488 2335 542 4.
2375 488 2451 541 Tu
2482 498 2654 543 autem
2689 491 2743 544 in
2775 500 2956 545 sancto
2981 491 3209 555 habitas,
3244 492 3360 546 laus
3388 492 3579 549 Israel.

338 566 447 618 Καὶ
479 567 584 638 μὴν
620 570 678 621 ὲν
708 572 841 622 πᾶσι
882 574 993 634 τοῖς
1021 572 1195 640 ἁγίοις
1228 590 1321 626 σου
1352 574 1579 637 ὲνοικεῖς
1616 577 1703 629 ἀει
1737 576 1910 630 συνὼν

339 658 540 722 αὐτοῖς,
563 661 656 716 καὶ
681 661 909 716 πάντοτε
933 664 1111 715 αὐτῶν
1129 664 1447 720 είσακούων.
1486 667 1573 719 Ἐν
1593 666 1763 738 τούτῳ
1782 669 1910 738 γοῦν

340 751 434 803 καὶ
462 750 682 815 ἔπαινος
717 754 959 823 γίνεσθαι
999 755 1194 819 εἴωθας
1229 756 1322 810 τοῦ
1374 757 1623 829 Ἰσραὴλ,
1662 760 1910 814 τουτέστι

341 844 540 907 παντὸς
578 844 752 913 ἁγίου.
808 847 870 899 Ei
902 847 959 900 δὲ
999 849 1055 900 ὲν
1094 850 1224 902 πᾶσι
1253 853 1361 913 τοῖς
1395 851 1570 919 ἁγίοις
1609 855 1911 907 κατοικεῖὸ

340 932 472 997 Θεὸς
500 934 597 1007 (1),
629 935 806 1007 πολλῷ
837 937 1035 1007 μᾶλλον
1066 940 1123 1003 ὲν
1150 938 1226 1009 τῷ
1257 940 1422 993 αὐτοῦ
1454 942 1781 1010 Μονογενεῖ,
1816 944 1910 996 καὶ

343 1026 597 1095 μειζόνως
634 1029 802 1082 αὐτοῦ
831 1030 1223 1084 είσακούσεται.

424 1115 555 1169 Ἐπὶ
594 1116 693 1171 σοὶ
739 1119 1008 1187 ἤλπισαν
1039 1124 1093 1174 οἱ
1125 1122 1375 1191 πατέρες
1414 1124 1602 1193 ἡμῶν,
1634 1126 1909 1194 ἤλπισαν

339 1206 437 1260 καὶ
469 1208 697 1277 ὲρῤύσω
724 1213 963 1278 αὐτούς.
984 1214 1138 1280 Πρὸς
1161 1214 1233 1268 σὲ
1260 1214 1608 1283 ἑκέκραξαν,
1637 1217 1732 1270 καὶ
1764 1216 1911 1270 ἐσώ-

341 1303 563 1366 θησαν·
594 1301 691 1354 ea!
720 1304 817 1356 σοὶ
842 1303 1130 1372 ἤλπισαν,
1158 1306 1253 1358 καὶ
1277 1308 1349 1359 οὐ
1373 1310 1903 1377 κατῃσχύνθησαν.

338 1388 461 1445 Ὧδε
490 1394 681 1459 καίτοι,
717 1396 899 1467 φησιν,
935 1394 1049 1451 οἴδα
1083 1398 1267 1468 σαφῶς
1296 1399 1371 1463 ὡς
1400 1400 1638 1465 ἅπαντες
1672 1402 1826 1473 ἡμῶν
1859 1405 1907 1455 οί

338 1486 585 1556 πατέρες,
617 1490 680 1558 τῇ
714 1492 777 1559 σῇ
814 1488 1033 1562 βοηθείᾳ
1063 1489 1455 1563 θαρρήσαντες,
1501 1494 1601 1547 οὐκ
1642 1494 1909 1567 ἐψεύσθη-

335 1592 431 1628 σαν
471 1577 570 1647 τῆς
617 1578 846 1645 ἐλπίδος,
879 1582 972 1634 καὶ
1002 1583 1082 1644 είς
1114 1584 1437 1655 ἐπικουρίαν
1467 1602 1524 1637 σε
1554 1586 1905 1650 καλέσαντες,

326 1670 426 1732 τῆς
461 1670 557 1741 σῆς
589 1672 843 1742 προνοίας
871 1673 1211 1727 ἀπέλαυσαν·
1253 1675 1392 1744 Ἐγὼ
1422 1675 1489 1729 δέ
1514 1679 1629 1745 εἰμι
1661 1675 1907 1746 σκώληξ

328 1760 426 1813 καὶ
457 1764 567 1815 οὐκ
592 1762 920 1832 ἄνθρωπος,
945 1766 1171 1832 ὄνειδος
1196 1768 1506 1836 ἀνθρώπου
1540 1770 1637 1823 καὶ
1665 1771 1906 1834 ἐξουθέ-

325 1869 483 1921 νημα
515 1855 685 1908 λαοῦ.
717 1856 821 1908 Τὸν
857 1858 1114 1929 σκώληκα
1144 1860 1343 1921 παντὸς
1384 1862 1479 1931 μὲν
1515 1860 1652 1925 ζώου
1697 1863 1907 1916 εὐτελέ-
1938 1855 1979 1909 Β

326 1960 521 1997 στατον
568 1942 704 1999 εἶναι
757 1947 1063 2017 συμϐαίνει,
1097 1949 1421 2018 ὑφίστασθαι
1458 1951 1515 2003 δὲ
1547 1953 1653 2005 ἀπὸ
1704 1953 1907 2025 φθορᾶς

327 2035 631 2106 σωμάτων·
663 2038 1019 2106 άφανιστικδν
1065 2040 1120 2092 δὲ
1163 2036 1301 2094 εἶναι
1333 2043 1423 2095 καὶ
1454 2042 1750 2115 φθαρτικὸν
1776 2040 1836 2099 οὗ
1860 2045 1903 2098 δ’

324 2127 392 2183 ἂν
420 2130 709 2201 ἐφάψηται.
745 2131 1031 2202 Μέμνηται
1070 2132 1125 2185 δὲ
1158 2132 1344 2185 τούτου
1387 2134 1612 2198 Ἡσαΐας
1638 2137 1666 2188 ὁ
1692 2138 1903 2208 προφή-

325 2238 427 2291 της
450 2220 621 2289 λέγων
645 2239 658 2251 ·
689 2225 745 2276 Μ
753 2222 785 2290 ἡ
815 2224 1022 2291 φόϐου,
1062 2222 1307 2292 σκώληξ
1342 2224 1562 2285 Ἰακὼϐ,
1591 2226 1904 2295 ὀλιγοστὸς

340 2312 605 2380 Ἰσραήλ·
635 2314 749 2383 ἐγὼ
777 2314 1077 2383 ἐϐοήθησά
1100 2330 1217 2379 σοι,
1253 2317 1417 2383 λέγει
1463 2320 1495 2369 ὀ
1541 2316 1684 2383 Θεὸς
1730 2321 1763 2371 ὀ
1792 2322 1901 2371 λυ-

324 2406 646 2473 τρούμενος
678 2422 770 2471 σε,
799 2410 831 2460 ὁ
873 2407 1038 2476 ἅγιος
1076 2406 1493 2474 Ἰσραήλ.’1δοὺ
1532 2409 1789 2477 ἐποίησά
1829 2426 1903 2464 σε

322 2496 402 2561 ὡς
432 2498 681 2566 τροχοὺς
707 2498 939 2568 ἀμάξης
993 2498 1317 2566 ἀλοῶντας,
1352 2516 1520 2554 καινο
1563 2522 1617 2567 ς,
1652 2516 1899 2570 πριστη-

314 2587 600 2654 ροειδεῖςο
636 2588 733 2642 καὶ
776 2589 1063 2659 ἁλοήσεις
1096 2590 1225 2658 ὄρη,
1271 2590 1370 2643 καὶ
1397 2591 1714 2658 λεπτυνεῖς
1752 2592 1901 2656 ,βου-

322 2680 487 2745 νοὺς,
522 2681 619 2733 καὶ
669 2682 749 2747 ὡς
800 2682 952 2751 χοῦν
1005 2681 1245 2749 θήσειςο
1293 2683 1389 2737 καὶ
1433 2684 1769 2753 λικμήσεις,
1804 2684 1901 2738 καὶ

321 2768 539 2837 ἄνεμος
581 2768 837 2838 λήψεται
864 2770 1103 2837 αὐτοὺς,
1136 2772 1234 2825 καί
1282 2772 1549 2842 καταιγὶς
1594 2773 1901 2841 διασπερεῖ

321 2860 563 2925 αὐτούς.
600 2860 682 2913 Σὺ
717 2858 782 2912 δὲ
822 2859 1211 2929 εὐρρανθήσῃ
1239 2851 1336 2913 ἐπὶ
1366 2860 1445 2926 τῷ
1474 2862 1686 2928 Κιιρίῳ.
1716 2861 1794 2913 Δι’
1825 2855 1899 2914 ὧν

321 2953 355 3023 ἡ
398 2952 720 3024 προφητεία,
757 2952 1013 3025 σκώληκα
1043 2953 1375 3024 ὀνομάσασα,
1401 2954 1494 3006 καὶ
1528 2953 1803 3022 ὀλιγοστὸν
1826 2955 1901 3007 είο

324 3044 499 3098 ποῦσα
525 3045 612 3100 διὰ
632 3045 692 3098 τὸ
721 3046 931 3110 εὐτελὲς
962 3047 1055 3099 καὶ
1100 3044 1329 3116 σμικρὸν
1354 3044 1448 3098 τοῦ
1476 3043 1637 3110 ζώου,
1672 3044 1898 3117 δύναμιν

319 3138 466 3211 αὑτῷ
512 3139 754 3211 μεγάλην
806 3139 1071 3210 συνῆψεν·
1128 3138 1434 3205 Ἀλοήσεις
1477 3138 1606 3207 ὅρη,
1655 3140 1895 3209 φήσασα,

2013 575 2078 628 Et
2113 592 2240 632 vero
2276 586 2329 632 tu
2365 578 2419 631 in
2454 580 2709 636 omnibus
2752 582 2957 661 sanctis
2995 582 3233 645 habitas,
3272 599 3336 638 ac
3365 599 3584 654 semper

2012 684 2134 723 cum
2163 670 2273 726 illis
2304 687 2551 737 versans,
2581 673 2811 728 exaudis
2832 688 2948 729 eos.
2980 672 3039 728 In
3062 675 3162 730 hac
3185 676 3350 747 igitur
3376 692 3435 731 re
3462 676 3582 733 laus

2011 760 2247 827 lsraelis,
2278 762 2530 818 videlicet
2557 765 2824 837 cujusque
2856 768 3051 831 sancti,
3075 784 3197 824 esse
3221 769 3579 824 consuevisti.

2011 852 2164 919 Quod
2179 855 2222 908 si
2248 854 2300 908 in
2324 856 2578 911 omnibus
2596 860 2802 913 sanctis
2824 857 2968 914 Deus
2992 860 3216 923 habitet,
3240 861 3413 915 multo
3434 870 3583 917 certe

2010 946 2184 1015 magis
2216 947 2270 1000 in
2297 946 2589 1018 Unigeuito
2619 966 2740 1019 suo,
2772 968 2933 1023 quem
2955 967 3088 1008 sane
3124 952 3382 1008 libentius
3411 969 3581 1008 exau-

2009 1036 2222 1093 diturus
2254 1048 2353 1095 est.

2082 1153 2245 1212 Vens.
2275 1158 2389 1213 5-7.
2435 1158 2500 1212 1η
2548 1170 2594 1214 te
2641 1171 2975 1228 speraverant
3013 1171 3189 1230 patres
3224 1162 3414 1227 nostri,
3457 1176 3579 1232 spe-

2010 1258 2275 1314 raverant,
2305 1259 2355 1303 et
2389 1250 2628 1305 liberasli
2652 1270 2759 1306 eos.
2797 1252 2880 1305 Ad
2913 1264 2959 1306 te
2981 1255 3359 1318 clamauerunt,
3380 1263 3428 1308 et
3446 1255 3581 1309 δαιτὶ

2008 1342 2140 1411 facti
2169 1353 2323 1405 sunt;
2374 1345 2429 1397 in
2472 1353 2517 1397 te
2557 1356 2918 1415 speraverant,
2964 1356 3013 1400 et
3060 1364 3162 1401 nou
3196 1358 3318 1402 sunt
3348 1348 3575 1417 confusi.

2007 1434 2144 1500 Etsi,
2177 1436 2375 1507 inquit,
2432 1438 2569 1492 bene
2615 1439 2858 1493 noverim
2908 1454 3102 1494 omnes
3160 1450 3252 1494 tuo
3282 1441 3489 1494 auxilio
3516 1439 3580 1493 ti-

2009 1528 2200 1583 dcntes
2233 1537 2415 1599 patres
2448 1540 2671 1585 nostros
2720 1546 3064 1600 nequaquam
3102 1548 3199 1602 spe
3226 1532 3408 1602 lapsos
3434 1548 3576 1596 esse,

2008 1628 2062 1675 et
2090 1636 2212 1674 cum
2246 1630 2298 1676 te
2332 1622 2387 1676 in
2419 1622 2752 1691 adjutorium
2802 1634 3191 1685 evocaverunt,
3234 1625 3578 1695 providentia

2008 1722 2101 1767 tua
2135 1716 2335 1784 potitos
2364 1730 2487 1769 esse
2519 1734 2531 1769 :
2568 1714 2679 1785 Ego
2713 1733 2838 1770 sane
2864 1734 2980 1770 sum
3011 1718 3195 1770 vermis
3212 1726 3380 1770 etnon
3401 1716 3576 1779 homo,

2010 1806 2346 1875 opprobrium
2376 1807 2600 1861 hominis
2634 1818 2681 1861 et
2709 1809 2929 1877 abjectio
2978 1810 3164 1879 plebis.
3214 1809 3427 1864 Vcrmis
3458 1825 3578 1863 0m-

2012 1902 2163 1955 nium
2198 1902 2515 1956 animalium
2546 1902 2874 1957 vilissimum
2900 1912 3175 1967 censetur,
3213 1910 3375 1973 atque
3398 1918 3427 1955 a
3450 1918 3576 1957 cor-

2013 1994 2265 2064 ruptione
2322 2010 2613 2065 corporum
2666 1996 3038 2067 exsistentiam
3089 1997 3291 2063 habet;
3350 1997 3394 2051 si
3448 1995 3579 2067 quid

2010 2103 2142 2141 vero
2172 2089 2429 2158 tetigerit,
2464 2090 2516 2143 id
2551 2091 2605 2143 in
2634 2066 3041 2159 corruptionem
3065 2098 3117 2143 et
3145 2092 3371 2145 exitium
3401 2066 3573 2143 ducit.

2012 2179 2185 2251 Hujus
2223 2182 2471 2236 meminit
2504 2181 2675 2238 Isaias
2708 2183 2900 2237 dicens
2938 2202 2950 2236 :
2998 2181 3127 2236 Noli
3157 2185 3357 2245 timere,
3388 2182 3575 2235 vermis

2007 2270 2195 2335 Jacob,
2223 2280 2273 2326 et
2300 2290 2457 2343 quant
2486 2274 2734 2328 minimus
2771 2273 2983 2328 Israel:
3016 2292 3110 2344 ego
3135 2275 3428 2328 auxiliatus
3458 2290 3576 2328 sum

2009 2365 2123 2429 tibi,
2142 2366 2268 2419 dicit
2299 2367 2551 2421 Dominus
2575 2378 2621 2421 et
2650 2368 2942 2438 redemptor
2970 2377 3106 2433 tuus,
3140 2379 3355 2422 sanctus
3378 2365 3576 2423 Israel.

2010 2457 2141 2513 Ecce
2170 2459 2269 2529 feci
2294 2470 2343 2513 te
2372 2462 2527 2531 quasi
2554 2471 2700 2515 rotas
2726 2478 2915 2515 currus
2942 2463 3273 2528 triturautes,
3292 2478 3474 2524 novas,
3507 2460 3575 2514 ad

2008 2551 2217 2605 modum
2243 2570 2402 2607 serra:
2420 2552 2732 2610 adornatas.
2767 2555 2832 2608 Et
2856 2557 3126 2610 triturabis
3150 2570 3346 2611 montes
3369 2566 3416 2610 et
3435 2573 3565 2609 com-

2007 2646 2208 2697 minues
2245 2644 2427 2709 colles,
2459 2656 2507 2699 et
2530 2647 2684 2715 quasi
2714 2647 2979 2715 pulverem
3023 2664 3204 2715 pones.
3241 2646 3309 2700 Et
3357 2648 3579 2702 ventila-

2006 2735 2106 2797 bis,
2146 2746 2196 2789 et
2238 2744 2420 2789 ventus
2459 2737 2605 2791 tollet
2636 2753 2746 2800 eos,
2782 2748 2830 2791 et
2864 2738 3014 2791 turbo
3047 2740 3307 2808 disperget
3350 2754 3458 2791 eos.
3499 2737 3577 2791 Tu

2008 2842 2124 2879 vero
2159 2826 2449 2881 exsultabis
2478 2829 2533 2881 in
2563 2828 2788 2882 Domino
2822 2831 2865 2882 ⁵.
2898 2829 3109 2895 Quibus
3134 2830 3316 2885 verbis
3345 2828 3581 2898 prophe-

2004 2919 2104 2981 tia.
2157 2918 2289 2974 dum
2316 2936 2554 2976 vermem
2584 2922 2821 2985 vocavit,
2872 2932 2926 2977 ct
2951 2930 3171 2993 propter
3213 2923 3481 2977 vilitatem
3513 2937 3580 2977 ac

2006 3012 2329 3082 parvitatem
2362 3014 2617 3070 animalis
2669 3031 2832 3084 quam
2885 3016 3171 3069 minimum
3207 3015 3368 3081 dixit,
3402 3017 3579 3069 virtu-

2005 3112 2113 3158 tem
2162 3104 2282 3175 ejus
2334 3120 2588 3176 magnam
2645 3106 2945 3177 adjunxit:
2997 3106 3318 3171 Triturabis,
3380 3107 3575 3176 inquit,

320 3229 416 3280 κίιὶ
438 3199 773 3294 ’λεπτυνέῖς
804 3199 1093 3294 βουνοὺς,
1129 3226 1225 3280 καὶ
1358 3199 1519 3293 κέ)ῡῆ
1543 3199 1768 3294 (irim-Str,

2006 3206 2228 3260 montes,
2247 3206 2295 3251 et
2318 3200 2637 3253 comminues
2665 3199 2847 3262 colles,
2871 3208 2921 3253 et
2945 3200 3098 3269 quasi
3116 3199 3379 3268 pulverem
3393 3216 3574 3269 pones,

318 3317 653 3387 λικμήσεις.
690 3319 799 3372 Καὶ
831 3318 918 3372 διὰ
948 3318 1054 3371 τῶν
1088 3319 1464 3391 προκειμένων
1508 3318 1685 3371 τοίνυν
1726 3318 1901 3387 λέγων

317 3412 346 3463 ὁ
371 3412 589 3482 Σωτήρο
626 3411 766 3480 Ἐγὼ
787 3411 853 3465 δέ
874 3414 988 3480 ειμι
1015 3410 1281 3479 σκώληξ,
1308 3412 1405 3465 καὶ
1434 3414 1544 3465 οὐκ
1572 3411 1898 3480 ἅνθρωπος.

316 3501 377 3554 τὸ
406 3502 621 3565 εὐτελὲς
651 3504 745 3555 καὶ
773 3502 998 3566 ἀσθενὲς
1032 3504 1123 3556 καὶ
1164 3504 1465 3575 ἀπόϐλητον
1500 3505 1593 3557 καὶ
1630 3506 1902 3575 ἀπερριμ-

320 3596 479 3665 μένον
506 3596 599 3648 τοῦ
627 3594 829 3659 πάθους
860 3596 1051 3649 ἑαυτοῦ
1088 3590 1404 3668 παρίστησι,
1440 3598 1499 3650 τό
1522 3615 1579 3650 τε
1614 3597 1721 3650 τῶν
1750 3599 1903 3650 ἐναν-

316 3686 444 3738 τίων
489 3685 769 3755 δυνάμεων
815 3687 1465 3756 ἀφανιστικόν.”Ημελλεν
1518 3688 1646 3761 γὰρ,
1701 3689 1899 3753 ὑποδὺς

312 3777 408 3829 τὸν
437 3776 684 3839 θάνατον,
717 3778 810 3830 καὶ
847 3779 905 3830 ὲν
940 3778 1087 3848 αὑτῷ
1120 3780 1408 3849 γενόμενος
1439 3779 1515 3850 τῷ
1544 3780 1651 3831 τῶν
1690 3779 1899 3851 νεκρῶν

308 3869 521 3940 χωρίῳ,
556 3869 834 3941 σκώληκος
861 3870 1017 3940 δίκην
1054 3870 1153 3933 τὰς
1180 3870 1436 3941 δυνάμεις
1466 3870 1563 3934 τὰς
1592 3871 1901 3941 ἀντικειμέ-

315 3980 414 4025 νας
448 3962 619 4034 φθορᾷ
656 3963 1023 4035 παραδιδόναι.
1057 3964 1167 4017 Καὶ
1194 3963 1367 4027 ἄλλως
1399 3963 1443 4015 δ’
1470 3962 1535 4017 ἂν
1562 3963 1732 4026 εἴποις
1761 3963 1901 4016 σκώ-

308 4056 456 4128 ληκα
481 4056 642 4108 αὑτὸν
673 4054 1005 4125 ὠνομάσθαι,
1036 4056 1129 4108 καὶ
1154 4056 1253 4107 οὐκ
1281 4054 1587 4127 ἄνθρωπον,
1617 4054 1704 4107 διὰ
1732 4056 1792 4107 τὸ
1822 4056 1897 4126 μὴ

306 4148 514 4219 ὁμοίως
542 4147 847 4218 ἀνθρώποις
874 4148 935 4199 ἐκ
970 4147 1255 4210 συνουσίας
1282 4147 1509 4219 ἄρρενος
1543 4147 1636 4200 καὶ
1678 4145 1898 4217 θηλείας

304 4240 413 4309 τὴν
462 4238 561 4309 τῆς
610 4239 810 4309 σαρκὸς
840 4239 1051 4306 γένεσιν
1082 4238 1393 4309 ἐσχηκέναι.
1431 4239 1586 4291 Κατὰ
1620 4238 1800 4309 τρίτον
1840 4238 1897 4292 δὲ

306 4329 533 4400 τρόπον,
568 4330 658 4383 τὸν
701 4330 927 4383 θάνατον
961 4329 1155 4383 ἑαυτοῦ
1200 4330 1477 4400 σημαίνει,
1511 4330 1605 4382 καὶ
1636 4330 1727 4382 τὸν
1760 4329 1895 4399 ἄψυ-

306 4438 407 4491 χον
436 4420 628 4492 νεκρόν
647 4436 658 4449 ο
693 4419 771 4472 διὸ
807 4418 1047 4486 ἐπιλέγει
1068 4434 1081 4448 ⁶
1124 4417 1263 4488 Ἐγὼ
1284 4418 1350 4471 δέ
1372 4421 1487 4488 εἶμι
1509 4417 1775 4487 σκώληξ,
1794 4418 1892 4472 καὶ

304 4512 425 4563 οὐκ
460 4508 796 4576 ἅνθρωπος·
823 4507 1051 4572 ὄνειδος
1078 4506 1403 4575 ἀνθρώπων
1441 4508 1537 4561 καὶ
1571 4507 1892 4575 ἐξουδένη-

290 4617 391 4669 μα
416 4562 590 4652 Jaoi'l'.
610 4597 667 4650 '0
702 4562 808 4667 γάρ
842 4562 1041 4667 νεκρὸς
1081 4562 1680 4666 οὐκσάνθρωποςηΑλΥ
1715 4597 1763 4647 εί
1793 4562 1891 4665 μέν
1925 4562 1969 4616 D

301 4688 376 4762 ἦν
409 4690 584 4761 πάντη
621 4689 830 4759 νεκρὸς,
867 4689 1105 4759 ἀπήρκει
1130 4689 1326 4757 φάναι·
1377 4686 1515 4756 Ἐγὼ
1545 4687 1602 4741 δέ
1639 4688 1754 4757 εἰμι
1792 4688 1892 4740 οὐκ

303 4778 594 4851 ἄνθρωπος
615 4796 626 4809 ·
661 4779 773 4831 ἀλλ’
802 4780 922 4831 ἐπεὶ
952 4778 1235 4849 δυνάμεώς
1258 4796 1399 4841 τινος
1417 4778 1778 4847 ἀφανιστικῆς
1800 4778 1891 4831 τοῦ

307 4873 543 4927 Θανάτου
583 4876 846 4944 μετεῖχεν,
881 4872 1103 4935 είκότως
1155 4869 1409 4941 σκώληκα
1459 4872 1620 4924 αὑτὸν
1653 4871 1746 4923 καὶ
1796 4870 1896 4923 οὐκ

304 4964 595 5035 ἄνθρωπον
640 4965 939 5035 ὠνόμασεν.
974 4965 1166 5033 Γέγονε
1198 4964 1254 5017 δὲ
1289 4964 1502 5036 ἀληθῶς
1524 4967 1552 5016 ό
1578 4964 1764 5036 Σωτὴρ
1798 4963 1891 5016 καὶ

303 5054 515 5125 Κύριος
537 5054 695 5125 ἡμῶν
731 5056 946 5109 πάντων
974 5055 1195 5119 ὄνειδος,
1219 5055 1310 5108 τὸν
1338 5055 1697 5109 ἐπονείδιστον
1730 5072 1891 5108 σταυ-

304 5148 403 5219 ρδν
438 5148 577 5220 ὑπὲρ
608 5148 764 5219 ἡμῶν
789 5148 1226 5219 ἀναδεδεγμένος.
1256 5148 1345 5201 Διὸ
1371 5148 1465 5201 καὶ
1496 5147 1655 5218 ἑτέρα
1680 5164 1889 5217 προφη-

300 5240 426 5293 τεία
457 5242 514 5306 ἐξ
544 5240 707 5293 αὑτοῦ
742 5239 1032 5312 προσώπου
1065 5240 1226 5309 φησίν
1246 5257 1258 5270 ’
1295 5243 1357 5293 Ol
1400 5239 1725 5309 ὀνειδισμοὶ
1771 5237 1889 5291 τῶν

302 5331 708 5391 ὀνειδιζόντων
744 5346 818 5384 σε
850 5330 1158 5384 ἐπέπεσαν
1184 5332 1275 5383 ἐπ’
1304 5330 1428 5399 ἐμέ.
1454 5331 1516 5383 Οἱ
1550 5330 1648 5399 μὲν
1674 5324 1766 5382 οὖν
1795 5328 1889 5381 άλ-

302 5421 385 5476 λοι
415 5422 687 5494 ἄνθρωποι
722 5422 1082 5476 ἐπονείδιστον
1116 5422 1274 5476 αὑτὸν
1305 5421 1462 5491 ἔσχον
1495 5420 1637 5473 κατὰ
1670 5420 1759 5473 τὸν
1792 5419 1886 5472 τοῦ

375 5582 394 5611 ⁸
438 5579 541 5634 lsa.
580 5596 701 5642 xu,
744 5580 930 5635 14-ιῦ.
1010 5581 1029 5611 ⁸
1068 5577 1216 5634 Psal.
1251 5593 1453 5641 vam,
1494 5577 1583 5631 10.

2000 3300 2050 3343 et
2081 3291 2375 3346 ventilabis.
2414 3291 2550 3346 Cum
2599 3291 2765 3362 igitur
2814 3290 3065 3345 Salvator
3117 3299 3416 3346 memorata
3449 3308 3576 3361 pro-

2003 3381 2111 3435 fert
2166 3384 2330 3438 verba
2364 3403 2377 3438 :
2413 3382 2524 3455 Ego
2555 3394 2731 3437 autent
2774 3400 2892 3437 sum
2922 3385 3131 3447 vermis,
3165 3394 3212 3438 et
3263 3401 3365 3437 non
3397 3384 3573 3446 homo,

2001 3474 2292 3538 vilitatem,
2351 3476 2749 3540 inﬁrmitatem,
2803 3476 3070 3546 abjectam
3129 3476 3405 3546 passionis
3464 3491 3577 3530 suae

2003 3566 2375 3621 conditionem
2404 3566 2669 3631 declarat,
2694 3575 2855 3636 atque
2879 3568 3315 3622 adversariarum
3342 3576 3576 3638 potesta-

2001 3667 2117 3712 tum
2141 3659 2370 3713 exitium
2406 3661 2474 3713 ab
2499 3676 2557 3715 se
2592 3660 2657 3714 iis
2684 3661 3052 3717 inferendum.
3081 3660 3344 3715 Futurum
3370 3662 3573 3730 quippe

2001 3756 2139 3812 erat,
2179 3758 2237 3803 ut
2266 3760 2553 3819 postquam
2593 3761 2823 3804 mortem
2863 3753 3142 3813 subiissct,
3181 3758 3343 3821 atque
3369 3752 3422 3803 in
3451 3751 3572 3818 ipso

2001 3852 2342 3896 mortuorum
2372 3843 2491 3897 loco
2526 3844 2872 3907 consisteret,
2902 3842 3244 3897 adversarios
3274 3850 3572 3913 potestates

2000 3937 2203 3991 vermis
2245 3938 2419 3991 instar
2459 3938 2799 4006 corruptioni
2850 3938 3112 3993 traderet.
3170 3938 3291 3995 Alio
3354 3953 3572 4007 quoque

2000 4031 2163 4085 modo
2186 4031 2417 4098 dixeris,
2446 4032 2568 4087 ideo
2596 4048 2835 4088 vermem
2864 4033 3042 4102 ipsum
3069 4042 3121 4087 et
3150 4048 3257 4086 non
3293 4032 3569 4086 hominem

1999 4132 2275 4187 vocatum,
2326 4126 2470 4194 quod
2514 4141 2624 4179 non
2680 4125 2959 4179 hominum
3004 4125 3134 4193 ritu,
3162 4140 3229 4179 ex
3259 4124 3487 4177 masculi
3517 4133 3571 4176 ot

1998 4216 2215 4270 femina:
2266 4231 2589 4287 congressu,
2628 4216 2815 4271 carnis
2855 4225 3035 4271 ortum
3071 4216 3344 4271 habuerit.
3381 4214 3570 4269 Tertio

1997 4308 2125 4363 item
2156 4308 2339 4369 modo,
2372 4318 2599 4362 mortem
2629 4308 2837 4362 indicat
2881 4325 3059 4372 suam,
3115 4316 3168 4363 et
3198 4308 3569 4364 exanimatum

1997 4400 2249 4453 cadaver.
2273 4398 2636 4464 Quamobrem
2659 4396 2823 4453 infert
2850 4418 2862 4452 :
2897 4398 3008 4468 Ego
3023 4407 3198 4451 autem
3220 4413 3336 4451 sum
3357 4396 3567 4458 vermis,

1996 4501 2044 4545 et
2077 4508 2178 4544 non
2196 4490 2369 4551 homo,
2403 4490 2741 4559 opprobrium
2768 4489 3037 4544 hominum
3055 4498 3103 4542 et
3133 4488 3355 4556 abjectio
3379 4486 3566 4555 plebis.

1998 4581 2102 4648 Qui
2141 4590 2387 4636 mortuus
2422 4581 2565 4635 enim
2597 4590 2699 4643 est,
2737 4596 2845 4635 non
2882 4580 3023 4632 ultra
3068 4579 3249 4631 homo.
3289 4576 3490 4630 Verum
3524 4578 3568 4630 si

1995 4674 2221 4729 omnino
2243 4681 2492 4727 mortuus
2526 4673 2742 4734 fuisset,
2777 4672 2913 4726 satis
2938 4679 3055 4725 erat
3077 4670 3317 4724 dixisse:
3342 4667 3573 4738 Egoau-

1997 4777 2104 4822 tem
2136 4782 2255 4821 sum
2285 4780 2394 4819 non
2429 4766 2592 4818 homo
2624 4784 2636 4817 :
2673 4763 2768 4818 sed
2822 4763 2950 4832 quia
3012 4762 3247 4831 quadam
3304 4762 3352 4816 vi
3409 4762 3569 4815 morti

1999 4861 2230 4915 exitiosa
2264 4861 2571 4914 instructus
2596 4866 2735 4915 erat.
2766 4857 2891 4925 jure
2922 4871 3163 4909 vermem
3216 4863 3270 4909 et
3306 4871 3423 4909 .non
3479 4856 3573 4910 ho-

2000 4954 2201 5007 minem
2238 4967 2357 5006 sese
2388 4951 2622 5005 vocavit.
2673 4948 2882 5004 Revera
2932 4947 3182 5001 Salvator
3211 4956 3263 5001 et
3306 4946 3570 5001 Dominus

2000 5052 2185 5100 noster
2217 5044 2461 5097 omnium
2511 5042 2866 5111 opprobrium
2916 5041 3039 5103 fuit,
3086 5041 3177 5109 qui
3207 5039 3567 5093 contumelio-

1998 5155 2113 5195 sam
2145 5153 2243 5209 pro
2266 5138 2424 5191 nobis
2458 5152 2678 5191 crucem
2717 5136 2959 5189 admisit.
2993 5134 3172 5200 Quare
3205 5133 3310 5186 alia
3343 5132 3570 5203 pr0phc-

1995 5236 2070 5289 tia
2098 5250 2164 5287 ex
2186 5232 2433 5303 ejusdem
2464 5246 2694 5300 persona
2726 5231 2805 5284 sic
2834 5229 3077 5300 loquitur
3111 5248 3123 5282 :
3161 5226 3452 5295 Opprobria
3476 5239 3567 5278 ex—

1990 5325 2355 5393 probrantium
2404 5324 2498 5376 tibi
2546 5324 2841 5377 ceciderunt
2873 5338 3028 5391 super
3057 5337 3135 5374 me
3168 5320 3207 5375 ⁶.
3246 5320 3351 5372 Alii
3386 5320 3573 5393 itaque

1994 5420 2243 5473 homines
2270 5417 2664 5473 contumeliose
2696 5417 2873 5486 ipsum
2911 5425 3154 5484 tempore
3184 5410 3456 5482 passionis
3480 5400 3574 5463 ha-'

376 5694 447 5764 (Ι)
485 5694 609 5750 Haec
631 5697 694 5749 ad
716 5698 1013 5765 marginem
1057 5694 1377 5762 legebantur
1422 5695 1590 5747 Τοῦτο
1621 5695 1679 5746 δὲ
1732 5694 1791 5747 οὐ
1828 5710 1898 5765 κα

2021 5692 2309 5765 σύγκρισιν
2344 5692 2582 5765 νοητέον,
2617 5690 2739 5744 καθ’
2759 5690 2806 5765 lit
2837 5686 2989 5754 οὗτός
3018 5705 3180 5765 φησιν
3210 5688 3238 5738 ὁ
3270 5684 3566 5765 Ἀρειανός·

299 5766 360 5817 ἓν
383 5755 497 5835 ’γάρ
515 5766 733 5838 θέλημα
794 5755 1005 5838 [ἰατρὸς
1038 5755 1136 5819 καὶ]
1169 5765 1319 5820 Υἰοῦ’
1356 5764 1492 5820 ἀλλᾶ
1524 5764 1737 5817 κατὰτὸ
1750 5764 1901 5835 ἁνθρι

2003 5755 2112 5829 νον,
2151 5755 2299 5833 ῥυσὰ
2327 5755 2574 5819 scholion
2600 5763 2771 5819 textui
2805 5770 2993 5833 postea
3019 5755 3285 5815 insertum
3316 5755 3418 5812 est.
3439 5755 3573 5810 Vide

302 5838 359 5889 in
392 5836 727 5905 praefatione.
