4010 6552
369 362 479 419 209

1491 367 1997 425 COMMENTARIA
2038 368 2106 425 IN
2142 372 2475 434 PSALMOS.

3495 385 3600 440 210

368 474 513 549 αἷμα
562 480 747 535 αὐτοῦ
798 481 890 551 ἐφ’
918 481 1076 552 ἡμᾶς
1119 484 1215 537 καὶ
1260 483 1355 537 ἐπὶ
1408 482 1481 537 τὰ
1524 482 1703 538 τέκνα
1753 482 1936 552 ἡμῶν.

2045 506 2137 559 per
2168 490 2357 546 liberos
2384 500 2591 547 nostros
2614 494 2675 546 “.
2697 492 2891 562 Aquila
2920 508 3069 557 vero,
3095 493 3245 549 Sicut
3277 494 3375 559 leo,
3401 494 3598 564 inquit,

385 570 613 635 Ἀκύλας
655 571 739 625 δέ·
786 573 879 638 Ὦς
910 572 1085 641 λέων,
1120 574 1303 645 φησιν,
1346 574 1618 627 dilation-
1658 576 1756 627 καὶ
1794 575 1944 643 ,ϐρυ-

372 659 637 730 χώμενος
656 679 671 694 ⁸
707 662 847 715 κατὰ
861 662 917 715 δὲ
937 663 1026 716 τὸν
1047 663 1338 736 Σύμμαχον
1353 681 1366 694 ο
1398 664 1491 730 Ὠς
1508 663 1664 718 λέων
1683 665 1945 732 θηρεύων

362 751 770 821 βρυχώμενος.
796 754 859 807 Οἱ
885 753 993 825 γάρ
1018 754 1246 825 αἵματος
1267 754 1546 823 διψῶντες,
1573 756 1797 820 καὶτοῖς
1822 758 1944 810 ἐαυ-

371 843 478 897 τῶν
504 844 715 908 τέκνοις
749 845 1117 916 ἐπισπώμενοι
1143 846 1201 899 τὸ
1221 846 1315 899 τοῦ
1343 846 1593 919 Σωτῆρος
1626 843 1784 919 αἷμα,
1813 848 1942 919 βρυ-

373 934 616 1006 χωμένου
643 935 853 999 λέοντος
883 937 1033 990 οὐδὲν
1064 937 1330 1010 διέφερον.

445 1026 564 1077 Ὅτι
606 1023 959 1080 ἑκύκλωσάν
1002 1044 1077 1096 με
1120 1028 1302 1095 κύνες
1346 1030 1584 1093 πολλοὶ,
1622 1029 1940 1100 συναγωγὴ

372 1113 860 1183 κονηρευομένων
876 1116 1198 1184 περιέσχον
1218 1135 1315 1188 με.
1337 1119 1489 1173 Μετὰ
1511 1119 1635 1183 τοὺς
1661 1119 1942 1185 Ἰουδαίους

370 1204 481 1259 τῶν
518 1204 576 1271 ἐξ
616 1206 784 1259 ἐθνῶν
817 1208 1144 1279 μνημονεύει
1193 1210 1558 1280 στρατιωτῶν.
1587 1209 1808 1275 Τούτοις
1833 1212 1943 1284 γάρ

372 1293 565 1347 ἐκεῖνοι
615 1295 944 1366 παρέδοσαν.
968 1297 1059 1350 Διὸ
1105 1298 1197 1352 καὶ
1242 1298 1341 1369 τὴν
1392 1298 1544 1364 τάξιν
1578 1300 1942 1372 ἡπροφητεία

369 1384 478 1439 τῶν
521 1387 857 1457 πραγμάτων
906 1386 1186 1457 ἐφύλαξεν.
1221 1390 1460 1455 Εἰκότως
1485 1392 1541 1445 δὲ
1570 1392 1802 1466 ταύρους
1843 1393 1939 1464 μὲν

370 1476 629 1543 ἐκείνους,
660 1478 823 1543 κύνας
852 1480 909 1534 δὲ
929 1480 1152 1547 τούτους
1170 1481 1478 1555 ὠνόμασεν·
1506 1484 1554 1537 ot
1578 1485 1677 1556 μὲν
1703 1483 1811 1556 γάρ
1837 1484 1941 1538 ὑπὸ

364 1566 457 1621 τὸν
496 1566 590 1623 τοῦ
626 1568 790 1640 νόμου
819 1565 960 1641 ἦσαν
992 1570 1187 1641 ζυγὸν,
1217 1574 1268 1626 εί
1300 1575 1395 1627 καὶ
1422 1574 1711 1647 προφανῶς
1737 1575 1827 1629 τὸν
1850 1574 1939 1628 νό-

365 1674 466 1728 μον
513 1659 838 1732 παρέϐαινον
858 1678 871 1692 ο
910 1662 960 1715 οἱ
995 1662 1052 1717 δὲ
1090 1662 1233 1717 κατὰ
1258 1664 1421 1734 νόμον
1447 1661 1588 1737 ἦσαν
1617 1665 1936 1738 ἀκάθαρτοι.

361 1748 519 1803 υῦτω
540 1750 597 1803 δὲ
629 1750 724 1805 καὶ
749 1752 778 1803 ὁ
810 1752 1013 1824 Κύριος
1044 1754 1142 1824 τὴν
1172 1755 1481 1809 Χαναναίαν
1509 1755 1940 1826 ὠνόμασεν.οὺκ

2043 584 2249 652 capiens
2303 594 2352 639 et
2400 586 2637 654 rugiens;
2699 582 3078 654 Symmachus,
3124 584 3272 641 Sicut
3304 585 3382 641 leo
3409 603 3600 642 certans

2043 676 2370 745 rugiensque.
2395 674 2533 729 Nam
2561 676 2654 745 qui
2690 675 3011 745 sanguinem
3039 676 3313 741 sitiebant,
3365 693 3603 748 suosque

2042 767 2248 822 liberos
2284 766 2586 823 Salvatoris
2623 767 2890 837 sanguine
2914 783 3039 823 reos
3065 784 3185 824 esse
3211 770 3603 840 procurabant,

2042 874 2073 913 a
2094 859 2249 913 leone
2275 859 2519 930 rugiente
2550 856 2687 912 nihil
2715 856 3055 914 diﬂ‘erebant.

2114 1032 2282 1087 Vsus.
2326 1032 2519 1087 17-19.
2573 1031 2836 1099 Quoniam
2892 1034 3346 1090 circumdederunt
3390 1054 3470 1091 me
3517 1054 3608 1091 ca—

2042 1141 2129 1178 nes
2183 1124 2357 1187 multi,
2427 1125 2706 1178 concilium
2780 1125 3186 1195 malignantium
3247 1126 3448 1181 obsedit
3501 1146 3604 1182 me.

2038 1214 2171 1272 Post
2208 1214 2447 1274 Iudaeos.
2477 1215 2759 1285 gentilium
2797 1216 3001 1272 milites
3035 1227 3447 1273 commemorat.
3472 1218 3609 1290 lpsis

2038 1306 2185 1363 enim
2238 1304 2411 1361 Judaei
2463 1304 2743 1362 Christum
2790 1306 3155 1363 tradiderunt.
3198 1306 3381 1374 Quare
3425 1326 3607 1365 rerum

2039 1398 2290 1454 ordinem
2346 1397 2628 1468 prophetia
2683 1400 2939 1453 servavit.
3013 1398 3145 1456 Jure
3195 1408 3376 1456 autem
3419 1408 3611 1458 tauros

2040 1490 2186 1555 illos,
2218 1488 2385 1545 hosce
2427 1503 2595 1546 canes
2640 1491 2891 1557 vocavit;
2925 1491 3002 1545 illi
3053 1508 3289 1563 namque
3329 1493 3432 1548 sub
3477 1495 3610 1566 jugo

2041 1584 2175 1656 legis
2204 1592 2381 1652 erant,
2426 1584 2642 1641 etiamsi
2692 1583 2982 1641 manifeste
3035 1586 3208 1655 legem
3262 1588 3610 1658 transgrede-

2039 1685 2267 1744 rentur;
2298 1677 2354 1732 hi
2387 1692 2517 1733 vero
2543 1676 2849 1733 secundum
2875 1679 3045 1750 legem
3074 1678 3274 1748 impuri
3305 1688 3481 1736 erant.
3519 1679 3611 1759 Sic

2041 1768 2159 1838 ipse
2214 1767 2477 1825 Dominus
2520 1768 2884 1826 Cbananaeam
2926 1770 3238 1841 appellavit.
3316 1769 3441 1826 Non
3492 1772 3609 1827 licet

359 1840 490 1895 ἔστι
522 1840 650 1911 γὰρ,
680 1844 1054 1913 φησὶ,λα6εῐν
1081 1842 1190 1899 τὸν
1215 1846 1396 1914 ἄρτον
1426 1846 1543 1901 τῶν
1569 1847 1816 1913 τέκνων,
1841 1848 1936 1902 καί

2039 1861 2199 1923 enim,
2231 1860 2429 1930 inquit,
2463 1861 2694 1929 accipere
2713 1878 2905 1931 panem
2927 1840 3184 1931 ﬁliorum,
3219 1871 3268 1917 et
3307 1864 3435 1918 dare
3463 1866 3612 1921 cani-

360 1931 571 1986 δοῦναι
599 1934 721 2000 τοῖς
752 1935 1079 2003 κυναρίοις.
1099 1936 1235 1988 Ἀλλ’
1260 1938 1407 2009 ὅμως
1438 1939 1574 2009 μετὰ
1609 1938 1669 1992 τὸ
1701 1938 1871 2004 πάθος
1891 1941 1940 1994 οἱ

363 2022 726 2088 πάλαιοκύνες
757 2026 844 2079 διὰ
870 2026 969 2095 τῆς
993 2027 1227 2092 πίστεως
1250 2031 1329 2093 εἰς
1356 2031 1454 2100 τὴν
1484 2030 1614 2083 υίῶν
1646 2031 1942 2103 μεταϐεϐή-

365 2130 493 2167 κασι
515 2114 666 2178 τάξιν
685 2133 698 2146 ο
734 2118 781 2169 οί
807 2116 864 2169 δὲ
892 2117 1057 2170 πάλαι
1089 2117 1187 2189 τὴν
1217 2119 1324 2172 τῶν
1355 2119 1485 2173 υἱῶν
1513 2121 1806 2192 ἐσχηκότες
1838 2140 1938 2193 κη-

363 2202 635 2274 δεμονίαν,
666 2204 763 2277 τὴν
809 2207 985 2260 κυνῶν
1035 2209 1402 2280 προσηγορίαν
1440 2209 1706 2274 ἐδέξαντο,
1737 2210 1830 2264 ἅτε
1875 2211 1938 2277 δὴ

364 2295 541 2349 κυνῶν
588 2296 743 2368 δίκην
793 2295 931 2351 κατά
964 2297 1054 2351 τοῦ
1088 2301 1356 2353 Δεσπότου
1390 2300 1767 2370 λυττήσαντες.
1806 2303 1939 2373 Περὶ

361 2386 565 2442 τούτων
584 2389 613 2441 ὁ
634 2387 901 2460 μακάριος
930 2389 1143 2453 Παῦλος
1175 2389 1274 2461 βοᾷ
1292 2407 1305 2421 ·
1338 2390 1532 2445 Βλέπε
1561 2391 1704 2458 τοὺς
1727 2394 1933 2459 κύνας·

354 2478 618 2545 βλέπετε
649 2480 791 2547 τοὺς
821 2480 1046 2547 κακοὺς
1076 2481 1326 2551 ἐργάτας
1344 2497 1360 2513 ο
1404 2482 1664 2546 βλέπετε
1696 2483 1811 2552 τὴν
1836 2500 1938 2538 κα-

259 2640 261 2643 ,
357 2569 641 2641 τατομήν.
661 2571 720 2626 '9
750 2572 933 2643 μέντοι
976 2573 1312 2644 προφητικδς
1349 2574 1506 2645 λόγος
1562 2576 1733 2640 κύνας
1770 2595 1939 2651 προσ-

358 2660 664 2733 αγορεύσας
692 2661 798 2734 εφη
815 2678 830 2693 ·
871 2663 1194 2734 Συναγωγή
1236 2664 1730 2737 πονηρευομένων
1773 2683 1936 2738 περι-

357 2751 653 2824 ἐσκονμε·
680 2752 919 2822 ὤρυξαν
938 2754 1143 2824 altitude
1160 2773 1280 2826 μου
1308 2757 1409 2812 καὶ
1434 2758 1623 2826 πόδας
1639 2776 1778 2829 μου,
1800 2760 1939 2830 ἐξη-

352 2846 659 2916 ρίθμησαν
689 2847 886 2903 πάντα
918 2848 991 2904 τὰ
1022 2847 1174 2905 ὀστᾶ
1196 2867 1335 2919 μου.
1363 2850 1473 2905 Καὶ
1500 2850 1659 2906 τοῦτο
1693 2852 1752 2906 δὲ
1782 2851 1939 2927 δῆλόν

359 2939 474 2992 ἑστι
507 2938 603 2992 καὶ
628 2938 799 3009 σαφὲς
820 2939 1048 3004 καὶτοῖς
1072 2939 1194 2995 λίαν
1220 2940 1643 3011 φιλονεικοῦσιν·
1669 2941 1938 3016 ἀκούομεν

360 3029 468 3101 γάρ
492 3031 550 3086 ἐν
569 3033 683 3095 τοῖς
704 3032 867 3101 ίεροῖς
890 3031 1243 3101 Εὑαγγελίοις
1272 3032 1438 3088 αὑτοῦ
1458 3031 1550 3087 τοῦ
1575 3034 1780 3105 Κυρίου
1802 3034 1940 3110 πρὸς

360 3119 486 3184 τοὺς
512 3119 701 3189 ἁγίους
736 3119 902 3174 αὑτοῦ
940 3119 1188 3191 λέγοντος
1222 3121 1502 3194 μαθητάςο
1532 3123 1794 3179 Βλέπετε
1832 3126 1939 3193 τὰς

2043 1951 2137 2005 bus
2175 1953 2238 2005 ¹¹.
2283 1951 2534 2007 Attamen
2586 1959 2709 2022 post
2765 1952 3095 2023 passionem,
3127 1958 3220 2025 qui
3273 1955 3402 2009 olim
3443 1969 3610 2010 canes

2043 2043 2278 2108 fuerant,
2302 2059 2400 2113 per
2422 2042 2582 2099 ﬁdem
2616 2044 2671 2098 in
2698 2042 2930 2099 ﬁliorum
2958 2044 3325 2101 conditionem
3357 2046 3611 2101 translati

2041 2140 2209 2189 sunt:
2242 2148 2306 2188 ac
2327 2133 2419 2205 qui
2452 2134 2580 2188 olim
2628 2134 2864 2190 ﬁliorum
2906 2136 3028 2192 loco
3067 2137 3240 2208 probe
3279 2137 3463 2192 educti
3495 2136 3610 2191 fue-

2041 2232 2182 2289 rant,
2208 2239 2404 2279 canum
2431 2240 2628 2280 nomen
2663 2225 2843 2296 adepti
2882 2237 3030 2293 sunt,
3058 2236 3246 2297 utpote
3266 2227 3382 2298 qui,
3411 2240 3608 2281 canum

2040 2318 2233 2381 instar,
2266 2325 2458 2373 contra
2499 2316 2788 2372 Dominum
2839 2318 3019 2374 rabidi
3063 2318 3289 2375 fuerint.
3327 2317 3404 2374 De
3436 2318 3503 2373 iis
3533 2318 3607 2371 ita

2039 2406 2238 2463 clamat
2261 2406 2501 2462 Paulus:
2544 2406 2672 2461 Vide
2705 2424 2880 2471 canes.
2915 2408 3081 2464 videte
3110 2409 3276 2464 malos
3316 2409 3606 2478 operarios,

2039 2497 2203 2552 videte
2254 2499 2607 2553 concisionem
2647 2499 2712 2553 ¹³.
2760 2497 3122 2569 Propheticus
3182 2501 3365 2571 itaque
3425 2514 3621 2555 sermo.

2037 2597 2325 2661 postquam
2348 2603 2513 2648 canes
2534 2592 2769 2657 vocavit,
2799 2591 2873 2645 ita
2903 2593 3166 2661 loquitur,
3187 2590 3468 2663 Synagoga
3494 2608 3607 2645 mea

2038 2681 2357 2753 lignantium
2408 2682 2610 2739 obsedit
2656 2698 2780 2737 me:
2838 2682 3086 2754 foderunt
3139 2700 3329 2738 manus
3372 2700 3516 2739 meas
3556 2694 3617 2739 ct

2037 2774 2191 2843 pedes
2222 2792 2387 2842 meos,
2415 2775 2875 2832 dinumeraoerunt
2904 2776 3085 2832 omnia
3120 2792 3245 2832 ossa
3281 2793 3415 2832 mea.
3452 2774 3607 2842 Quod

2039 2863 2262 2936 quidem
2299 2864 2513 2923 clarum
2561 2873 2618 2923 et
2670 2873 2921 2940 apertum
2953 2864 3042 2921 vel
3086 2865 3609 2924 contentiosioribus

2040 2954 2226 3012 fuerit.
2252 2955 2387 3013 Nam
2435 2957 2493 3013 in
2542 2956 2719 3015 sacris
2761 2955 3077 3029 Evangeliis
3106 2956 3287 3030 ipsum
3316 2955 3608 3013 Dominum

2040 3047 2295 3107 audimus
2327 3056 2551 3107 sanctos
2578 3048 2882 3121 discipulos
2916 3062 3057 3106 suos
3090 3049 3174 3109 sic
3203 3049 3606 3122 alloquentem:

2050 3139 2231 3198 Videte
2273 3158 2461 3198 manus
2510 3158 2655 3197 meas
2685 3151 2737 3198 et
2766 3141 2918 3211 pedes
2952 3158 3094 3200 meos
3114 3182 3131 3209 ,
3172 3141 3299 3216 quia
3349 3159 3442 3215 ego
3498 3142 3608 3214 ipse

359 3208 560 3281 χεῖράς
593 3229 733 3282 μου,
762 3211 859 3266 καὶ
888 3210 1031 3278 τοὺς
1056 3211 1264 3280 πόδας,
1295 3212 1384 3273 ὅτι
1413 3214 1597 3281 αὐτὸς
1638 3213 1754 3287 ἐγώ
1795 3218 1932 3286 ειμι.

2039 3226 2155 3290 sum
2186 3234 2251 3288 ιι.
2290 3233 2505 3289 Atenim
2540 3233 2644 3305 ipsi
2696 3232 2920 3289 Thomas
2948 3234 3226 3291 clavorum
3258 3233 3488 3306 vestigia
3517 3251 3611 3291 os-

360 3300 469 3354 Καὶ
505 3299 686 3372 μέντοι
706 3301 800 3355 καὶ⁵
830 3300 908 3368 τῷ
930 3301 1100 3373 Θωμᾷ
1119 3301 1227 3355 τῶν
1252 3303 1396 3373 ἥλων
1417 3306 1542 3366 τοὺς
1577 3304 1783 3370 τύπους
1826 3307 1931 3360 ὑπ-

358 3390 545 3459 έδειξε,
582 3392 673 3445 καὶ
705 3390 802 3463 τὴν
834 3391 940 3446 ἀπὸ
964 3392 1060 3464 τῆς
1078 3392 1276 3464 λόγχης
1301 3394 1535 3466 πληγήν·
1564 3395 1685 3449 τότε
1716 3396 1772 3450 δὲ
1800 3396 1935 3464 ἐξη-

350 3483 659 3552 ρίθμησαν
695 3480 890 3536 πάντα
932 3482 1004 3536 τὰ
1051 3482 1203 3537 ὀστᾶ,
1242 3502 1361 3553 μου
1385 3501 1401 3515 ο
1453 3482 1753 3554 τουτέστιν,
1792 3486 1935 3540 οὕτω

358 3572 619 3627 διέτειναν
648 3572 1064 3644 προσηλοῦντες,
1097 3572 1237 3626 ὥστε
1267 3574 1444 3645 ῥᾴδιον
1473 3572 1609 3630 εἶναι
1642 3577 1721 3648 τῷ
1753 3578 1933 3648 βουλο-

364 3664 510 3735 μένῳ
547 3664 639 3718 καὶ
671 3664 760 3715 τὸν
803 3663 910 3717 τῶν
939 3663 1109 3716 ὀστῶν
1146 3664 1374 3736 ἀριθμὸν
1415 3667 1728 3735 διαγνῶναι.
1758 3668 1933 3722 Αὐτοὶ

362 3754 430 3807 δὲ
455 3756 830 3822 κατενόησαν
854 3754 952 3807 καὶ
976 3753 1215 3807 ἐπεῖδόν
1236 3773 1312 3824 με
1332 3773 1343 3785 ·
1385 3758 1505 3811 ιΞιντλ⁸
1546 3758 1638 3811 τοῦ
1669 3760 1931 3812 ἐπιτωθά-

362 3845 547 3912 ζοντες
598 3847 692 3900 καὶ
741 3846 1037 3917 γελῶντες*
1082 3846 1430 3915 Διεμέρισαν
1479 3849 1551 3903 τὰ
1593 3848 1790 3920 ἱμάτιά
1817 3868 1935 3919 μου

359 3938 613 4006 ἑαυτοῖς,
640 3938 739 3993 καὶ
782 3939 881 3993 ἐπὶ
928 3939 1035 3993 τὸν
1070 3939 1387 4009 ἱματισμὸν
1422 3940 1644 3996 ἔϐαλον
1685 3942 1933 4011 κλῆρον’

361 4030 456 4084 καὶ
502 4030 657 4083 τοῦτο
704 4029 761 4084 δὲ
811 4030 1138 4103 σαφέστερον
1176 4032 1209 4103 ή
1251 4031 1359 4085 τῶν
1406 4031 1568 4103 ίερῶν
1595 4032 1937 4101 Εὑαγγελίων

361 4120 571 4193 ἱστορία
598 4120 859 4178 διδάσκει.

433 4218 497 4268 Ol
524 4216 877 4285 φοϐούμενοι
902 4216 1007 4269 τὸν
1043 4215 1207 4282 Θεὸν,
1224 4215 1503 4270 αὶνέσατε
1528 4217 1743 4270 αὐτόν’
1774 4216 1937 4271 ἅπαν

357 4304 426 4360 τὸ
472 4306 707 4376 σπέρμα
741 4306 955 4371 Ἰακὼϐ,
978 4307 1277 4372 δοξάσατε
1320 4310 1539 4363 αὐτόν·
1589 4307 1935 4378 φοϐηθήτω-

357 4415 481 4454 σαν
517 4398 704 4452 αὐτὸν
739 4397 899 4453 ἅπαν
940 4398 1006 4453 τὸ
1038 4397 1277 4468 σπέρμα
1317 4398 1571 4467 Ἰσραήλ.
1601 4397 1707 4452 Τοῦ
1738 4400 1935 4465 παντὸς

371 4492 640 4547 Ἰουδαίων
666 4490 849 4555 ἔθνους
874 4492 953 4556 είς
979 4491 1106 4564 τρία
1133 4493 1388 4563 τάγματα
1415 4492 1763 4565 διῃρημένου,
1789 4492 1937 4563 πρῶ-

2037 3326 2233 3392 tendit,
2294 3340 2507 3382 necnon
2558 3322 2823 3380 indictum
2870 3341 2899 3380 ιι
2952 3326 3143 3383 lancea
3182 3326 3403 3383 vulnus.
3451 3322 3608 3380 Tunc

2037 3434 2219 3491 porro,
2238 3418 2695 3473 dinumeraverunt
2724 3419 2900 3473 omnia
2925 3436 3049 3474 ossa
3076 3435 3209 3487 mea,
3230 3417 3506 3481 videlicet,
3532 3416 3606 3470 ita

2034 3512 2421 3575 extenderunt,
2457 3510 2585 3567 dum
2630 3526 2716 3565 me
2749 3511 2919 3565 clavis
2950 3510 3261 3581 aﬁigerent,
3294 3516 3354 3565 ut
3387 3509 3608 3564 cuilibet

2036 3605 2241 3660 volenti
2274 3604 2486 3661 ossium
2543 3619 2832 3658 numerum
2876 3612 3192 3673 computare
3238 3604 3446 3657 liceret.
3494 3599 3607 3670 Ipsi

2035 3712 2153 3750 vero
2188 3695 2651 3750 consideraverunt
2673 3704 2724 3749 et
2748 3696 3082 3763 inspexerunt
3116 3710 3214 3757 me,
3248 3692 3301 3745 id
3330 3702 3435 3759 est,
3477 3693 3605 3746 illu-

2038 3796 2229 3841 serunt
2257 3796 2422 3857 atque
2458 3786 2788 3852 irriserunt;
2815 3787 3109 3839 diviserunt
3151 3784 3253 3838 sibi
3302 3785 3607 3838 uestimenta

2037 3895 2174 3943 mea,
2206 3889 2255 3932 et
2297 3892 2451 3945 super
2478 3885 2667 3932 uestem
2716 3893 2886 3933 meam
2916 3878 3166 3930 miserunt
3207 3884 3420 3943 sortem,
3459 3875 3605 3945 quod

2038 3968 2281 4039 apertius
2342 3975 2564 4024 enarrat
2623 3982 2906 4024 sacrorum
2971 3965 3385 4038 Evangeliorum
3437 3965 3607 4021 histo-

2037 4076 2139 4115 l‘la.

2106 4216 2274 4273 Vsus.
2297 4217 2389 4283 ΞΛ,
2417 4216 2509 4272 25.
2536 4214 2641 4284 Qui
2667 4216 2857 4271 timetis
2881 4214 3186 4283 Dominum,
3220 4214 3432 4269 laudate
3456 4230 3604 4269 eum:

2035 4312 2331 4365 universum
2365 4326 2538 4365 semen
2557 4307 2748 4375 Iacob,
2779 4308 3073 4380 gloriﬁcate
3101 4324 3248 4362 eum:
3281 4309 3462 4361 timeat
3488 4322 3605 4360 eum

2037 4422 2187 4460 omne
2215 4421 2388 4459 semen
2435 4401 2629 4458 Israel.
2666 4402 2803 4457 Cum
2847 4399 3161 4456 Iudaeorum
3211 4399 3362 4455 natio
3394 4408 3506 4454 tres
3551 4400 3606 4452 in

2037 4496 2259 4551 ordines
2306 4494 2600 4550 distributa
2646 4494 2740 4556 sit,
2792 4494 2969 4563 primo
3013 4492 3220 4547 scilicet
3267 4492 3321 4545 in
3366 4489 3604 4544 inﬁmam

352 4601 455 4639 τον
484 4584 581 4656 μὲν
616 4586 695 4648 εἰς
723 4584 783 4636 τὸ
807 4584 985 4638 κοινὸν
1018 4584 1218 4654 πλῆθος
1252 4583 1344 4636 τοῦ
1400 4583 1606 4650 ἔθνους,
1632 4585 1769 4655 ὅπερ
1807 4586 1935 4638 ἐκα-

2042 4590 2218 4660 gentis
2248 4588 2483 4658 plebem,
2526 4602 2647 4658 qua:
2684 4587 2984 4642 vocabatur
3025 4583 3223 4651 Israel;
3273 4584 3513 4639 secundo
3552 4584 3606 4637 in

356 4674 504 4730 λεῖτο
554 4671 790 4748 Ἰσραήλ⁸
823 4673 1014 4728 ἔπειτα
1047 4676 1127 4739 είς
1165 4674 1228 4728 τὸ
1259 4674 1547 4746 ἱερατικὸν,
1581 4675 1719 4748 ὅπερ
1755 4671 1822 4747 ἦν
1855 4672 1934 4729 οἶ-

358 4788 453 4835 κος
497 4767 727 4840 Ἀαρὼν,
758 4769 849 4821 καὶ
890 4768 1067 4839 τρίτον
1112 4768 1192 4831 είς
1226 4766 1287 4819 τὸ
1312 4766 1421 4820 τῶν
1456 4758 1643 4837 ἱερέων
1677 4767 1937 4840 ὑπηρετι-

358 4861 474 4924 κὸν,
509 4862 646 4932 ὅπερ
672 4856 739 4931 ἦν
763 4856 909 4924 οἶκος
937 4860 1091 4917 Λευϊ.
1119 4859 1199 4913 Τά
1233 4859 1358 4931 τρία
1385 4858 1933 4931 καταριθμησάμενος

355 4952 543 5023 ἕτερος
568 4951 800 5023 ψαλμὸς,
829 4952 1015 5023 ἕτερον
1044 4952 1232 5022 τάγμα
1254 4950 1514 5022 τέταρτον
1541 4950 1692 5023 παρὰ
1714 4951 1781 5004 τά
1806 4969 1931 5022 προ-

357 5044 620 5115 ειρημένα
652 5044 882 5112 εἰσάγει,
914 5043 975 5095 τὸ
1031 5041 1137 5096 τῶν
1187 5040 1534 5113 φοϐουμένων
1572 5042 1663 5095 τὸν
1708 5040 1928 5113 Κύριον.

357 5137 529 5192 Τοῦτο
565 5137 621 5190 δὲ
665 5131 732 5208 ἦν
773 5135 833 5189 τδ
866 5133 925 5200 ἐξ
956 5135 1126 5189 ἐθνῶν
1156 5136 1247 5189 ἐπὶ
1278 5135 1368 5189 τὸν
1411 5134 1542 5188 Θεὸν
1579 5135 1933 5207 ἐπιστρεφόν-

357 5230 637 5300 των.Ἔφη
663 5228 792 5299 γάρ·
811 5224 985 5294 Οἶκος
1013 5228 1270 5297 Ἰσραὴλ,
1293 5226 1664 5298 εὐλογήσατε
1690 5228 1798 5280 τὸν
1822 5228 1931 5282 Κύ-

348 5337 514 5389 ριον·
550 5322 751 5391 ὁμοίως
788 5320 845 5373 δὲ
885 5319 981 5373 καὶ
1023 5317 1169 5381 οἶκος
1209 5318 1432 5391 Ἀαρὼν,
1464 5319 1558 5372 καὶ
1587 5314 1734 5382 οἶκος
1764 5320 1930 5372 Λευΐο

359 5414 452 5465 ἐπὶ
486 5412 625 5465 τέλει
656 5412 710 5464 δὲ
739 5413 789 5465 οἱ
816 5412 1134 5483 φοϐούμενοι
1162 5410 1251 5465 τὸν
1278 5411 1499 5483 Κύριον.
1517 5411 1653 5464 Ἀλλ’
1678 5413 1735 5465 ὲν
1762 5411 1936 5482 τούτῳ

361 5504 461 5574 μὲν
494 5505 880 5576 προετάττοντο
906 5503 1014 5557 τῶν
1055 5502 1401 5575 φοϐουμένων
1434 5502 1522 5556 τὸν
1556 5501 1757 5574 Κύριον
1792 5503 1841 5556 οἱ
1871 5503 1936 5557 ἐκ

355 5594 449 5651 ἲοῦ
487 5596 701 5668 Ἰσραήλ
720 5612 732 5625 ·
757 5595 989 5650 ἐνταῦθα
1011 5596 1069 5650 δὲ
1099 5595 1237 5668 μετὰ
1262 5595 1359 5667 τὴν
1387 5594 1681 5649 ἀνάστασιν
1707 5595 1798 5648 τοῦ
1833 5594 1937 5649 Σω-

434 5778 474 5806 “
518 5774 707 5833 Matth.
747 5795 932 5847 xxv",
963 5780 1054 5837 Ξΰ.

2040 4659 2435 4736 sacci-dotalem
2490 4678 2770 4743 ordinem‘,
2804 4693 2925 4747 quae
2982 4684 3101 4730 erat
3154 4673 3347 4729 domus
3397 4673 3604 4739 Aaron;

2040 4771 2200 4827 tertio
2236 4772 2291 4826 in
2344 4771 2688 4826 sacerdotum
2722 4768 3029 4831 ministros,
3081 4781 3200 4836 qua
3247 4756 3363 4821 erat
3413 4765 3608 4821 domus

2042 4862 2169 4919 Levi
2196 4884 2208 4917 ε
2235 4870 2523 4933 postquam
2543 4860 2647 4915 tria
2682 4861 2773 4915 illa
2802 4875 3001 4931 genera
3032 4861 3169 4913 alius
3193 4860 3436 4929 psalmus
3466 4873 3603 4913 enu-

2040 4957 2298 5019 meravit,
2351 4955 2519 5009 alium
2578 4953 2667 5008 hic
2724 4952 3002 5024 praedictis
3058 4960 3310 5023 quartum
3360 4952 3607 5007 ordinem

2039 5046 2274 5116 adjecit,
2314 5044 2566 5101 videlicet
2638 5044 2946 5099 timentium
2996 5042 3307 5097 Dominum.
3374 5041 3609 5111 Eratque

2039 5137 2130 5193 ille
2157 5153 2225 5192 ex
2278 5136 2572 5208 gentilibus
2600 5134 2668 5190 ad
2703 5133 2887 5202 Deum
2944 5135 3235 5190 conversis
3255 5134 3607 5188 constitutus.

2039 5229 2128 5285 Ait
2150 5230 2389 5300 quippe:
2436 5228 2630 5283 Domus
2668 5226 2866 5293 Israel,
2910 5226 3192 5284 benedicite
3229 5225 3609 5290 Dominum”;

2042 5321 2426 5392 similiterque,
2454 5320 2648 5376 domus
2675 5320 2860 5375 Aaron
2891 5328 2946 5375 et
2977 5320 3172 5375 domus
3205 5318 3329 5374 Levi
3357 5337 3369 5372 :
3411 5319 3466 5371 in
3507 5316 3610 5371 ﬁne

2041 5413 2261 5469 tandem
2304 5413 2559 5468 timentes
2608 5411 2901 5467 Dominum
2940 5411 3200 5466 annectit.
3259 5408 3365 5463 Sed
3410 5410 3468 5463 in
3518 5408 3612 5462 illo

2042 5503 2261 5574 quidem
2293 5502 2526 5575 psalmo,
2560 5504 2652 5573 qui
2688 5519 2753 5557 ex
2783 5502 2945 5558 domo
2978 5501 3194 5558 lsraelis
3231 5510 3379 5567 sunt,
3414 5501 3612 5554 timen-

2041 5595 2188 5651 tibus
2245 5594 2533 5652 Dominum
2589 5595 3022 5667 praemittuntur;
3077 5594 3165 5649 hic
3214 5600 3443 5658 contra,
3486 5602 3611 5665 post

1135 5782 1177 5814 ¹¹
1218 5778 1405 5837 Matth.
1446 5797 1541 5848 xv,
1575 5779 1664 5837 26.
1745 5781 1786 5813 ¹⁹
1827 5779 1936 5837 Phil

2039 5807 2060 5836 ι.
2100 5795 2196 5847 ιιι,
2227 5778 2281 5838 2.
2362 5779 2405 5813 ίδ
2442 5779 2575 5836 Luc.
2614 5795 2776 5846 xxrv,
2810 5776 2899 5833 59.
2980 5778 3022 5810 "
3064 5776 3207 5833 Psal.
3248 5775 3607 5844 cxxx1v,.l9,
