4010 6574
382 386 483 442 211

1069 381 1334 439 EUSEBll
1367 377 1843 434 C/ESARIENSIS
1884 377 2033 432 OPP.
2077 374 2260 470 Ρέὶῐὶδ
2296 370 2386 430 ill.
2412 369 2903 427 ——EXEGETICA.

3510 366 3617 419 212

385 499 689 557 Salvatoris
726 497 1202 561 resurrectionem,
1239 495 1420 552 lsraeli
1457 502 1866 565 anteponuntur
1905 493 1940 546 ii

2067 491 2211 562 ςῆρος
2240 488 2627 561 προτάττονται
2682 485 2777 539 τοῦ
2815 485 3030 557 Ἰσραὴλ
3073 485 3120 538 οἱ
3174 480 3490 551 φοϐούμενοι
3526 481 3621 533 τὸν

386 593 479 662 qui
508 592 702 646 timent
731 589 1039 643 Dominum.
1059 587 1190 640 Nam
1217 587 1342 656 quia
1378 587 1494 657 ipse
1527 586 1736 640 dixerat
1768 589 1945 654 (vers.

385 683 522 752 23):
555 681 800 736 Narrabo
825 697 1008 735 nomen
1037 689 1181 731 tuum
1221 677 1476 746 fratribus
1512 677 1660 739 meis,
1695 677 1748 728 in
1781 674 1950 727 medio

389 773 642 827 Ecclesia:
663 771 888 826 laudabo
918 781 983 832 te,
1023 763 1274 838 'Bportuit
1314 769 1488 837 primo
1535 767 1792 821 Ecclesia:
1839 781 1954 820 suae

387 865 602 934 populis
660 863 919 934 hymnum
967 859 1243 913 attribui:
1303 859 1468 928 hique
1525 864 1680 912 erant
1723 857 1954 927 gentiles

387 955 560 1024 ipsius
590 968 691 1023 ope
724 953 954 1007 salutem
1003 949 1171 1004 nacti.
1201 950 1350 1014 Quos
1385 949 1470 1002 his
1495 949 1673 1002 verbis
1708 947 1949 1012 adnotat,

387 1047 492 1112 Qui
529 1046 720 1098 timetis
755 1044 1060 1106 Dominum,
1090 1041 1305 1095 laudate
1331 1058 1469 1096 eum.
1511 1043 1681 1110 Atque
1709 1041 1955 1110 apposite

385 1136 676 1193 admodum
704 1136 968 1190 fratribus
1005 1149 1068 1188 ac
1093 1133 1382 1204 discipulis
1422 1133 1560 1198 suis,
1597 1141 1782 1201 utpote
1815 1148 1955 1202 prae-

386 1231 748 1284 stantioribus
793 1244 858 1282 ac
891 1229 1091 1282 virtute
1125 1227 1330 1296 majore
1376 1227 1640 1296 praeditis,
1672 1236 1954 1294 paternum

384 1337 582 1374 nomen
615 1329 997 1373 enarraturum
1031 1335 1089 1374 se
1125 1318 1443 1387 pollicetur;
1479 1324 1532 1369 at
1565 1315 1820 1370 Ecclesia:
1848 1331 1958 1369 sua:

385 1413 680 1483 populique
713 1412 1052 1466 multitudini
1100 1415 1460 1480 nequaquam
1492 1417 1777 1480 paternum
1825 1408 1954 1462 illud

383 1521 583 1560 nomen
644 1505 856 1559 tradit:
916 1519 1027 1558 non
1078 1503 1221 1558 enim
1279 1501 1358 1555 illi
1427 1500 1741 1571 recipiendo
1800 1515 1958 1570 pares

385 1604 590 1651 erant:
642 1595 736 1652 sed
797 1597 1057 1666 hymnum
1090 1594 1281 1648 edocet
1326 1593 1483 1660 illos;
1527 1594 1723 1650 deinde
1772 1607 1958 1647 semen

381 1685 552 1741 Jacob
582 1687 739 1757 jubet
773 1686 866 1741 Dei
913 1686 1141 1755 gloriam
1178 1684 1519 1756 pradicare;
1552 1684 1962 1754 secundumque

383 1777 632 1834 ordinem
665 1778 816 1832 illum
863 1777 1150 1832 Judaieum
1185 1777 1491 1842 constituit,
1540 1777 1796 1830 nimirum
1839 1787 1964 1846 post

2052 582 2440 654 Κύριον,”Εδει
2467 581 2594 650 γάρ,
2629 579 2907 650 εἰρηκότος
2933 577 3095 630 αὑτοῦ
3116 592 3130 607 ·
3166 575 3524 644 Διηγήσομαι
3553 573 3622 628 τὸ

2053 675 2238 743 ὄνομα
2277 689 2392 727 σου
2430 671 2552 738 τοῖς
2589 671 2870 740 ἀδελφοῖς
2900 688 3041 740 μου,
3067 671 3138 723 ἐν
3169 668 3335 738 μέσῳ
3374 669 3626 735 Ἐκκλη-

2053 770 2191 835 σιάς
2216 767 2466 836 ὑμνήσω
2497 781 2570 818 σε
2590 782 2602 793 ’
2635 764 2724 817 τὸν
2771 763 2936 831 ὕμνον
2978 762 3212 833 πρώτοις
3254 760 3622 832 παραδοθῆναι

2053 861 2163 922 τοῖς
2191 859 2290 929 τῆς
2316 857 2638 928 Ἐκκλησίας
2668 853 2853 909 αὐτοῦ.
2873 848 3030 908 υῦτοι
3060 855 3117 908 δέ
3139 851 3278 925 ἦσαν
3302 856 3350 906 οἱ
3375 852 3434 917 ἐξ
3454 852 3623 906 ἐθνῶν

2053 949 2119 1002 δι’
2146 951 2307 1003 αὐτὸν
2355 948 2716 1018 σεσωσμένοι·
2768 947 2860 1010 οὓς
2903 947 2966 1018 δὴ
3010 947 3261 1018 σημαίνει
3307 946 3511 1014 λέγων·
3560 949 3622 999 Oi

2054 1043 2406 1111 φοϐούμενοι
2456 1041 2565 1094 τὸν
2610 1041 2848 1108 Κύριον,
2873 1041 3147 1093 αὶνέσατε
3176 1040 3379 1092 αὐτόν.
3414 1038 3624 1108 Σφόδρα

2054 1134 2295 1204 ἀκριϐῶς
2320 1134 2433 1196 τοῖς
2475 1133 2572 1203 μὲν
2616 1131 2807 1185 ἐαυτοῦ
2851 1130 3096 1199 ἀδελφοῖς
3131 1131 3222 1184 καὶ
3274 1129 3540 1200 μαθηταῖς
3565 1130 3626 1184 τὸ

2054 1230 2220 1300 ὄνομα
2252 1227 2550 1299 διηγεῖσθαι
2594 1227 2654 1281 τὺ
2689 1227 2970 1298 πατρικὸν,
3005 1226 3079 1288 ὡς
3113 1225 3179 1278 ἂν
3219 1225 3489 1296 κρείττοσι
3532 1223 3628 1278 καὶ

2055 1323 2462 1394 δυνατωτέροις,
2492 1320 2912 1389 ἐπαγγέλλεταιο
2945 1320 3038 1371 ἐπὶ
3068 1319 3122 1372 δέ
3169 1319 3267 1388 τῆς
3307 1317 3629 1388 Ἐκκλησίας

2057 1413 2221 1466 αὑτοῦ
2264 1416 2356 1468 καὶ
2388 1413 2480 1467 τοῦ
2510 1413 2745 1484 πλήθους
2773 1412 2864 1466 τοῦ
2895 1410 3022 1464 λαοῦ
3047 1411 3230 1463 οὐκέτι
3271 1411 3332 1463 τὸ
3365 1411 3629 1482 πατρικὸν

2057 1508 2226 1576 ὄνομα
2252 1506 2615 1577 παραδίδωσιν
2633 1523 2648 1537 ο
2677 1505 2737 1558 οὐ
2768 1504 2873 1575 γάρ
2902 1504 3138 1574 ἐχώρουν
3167 1498 3310 1557 οὗτοι
3330 1518 3343 1532 ⁸
3374 1501 3538 1573 ὕμνον
3571 1502 3630 1555 δὲ

2059 1600 2253 1662 αὐτοὺς
2293 1598 2561 1651 διδάσκει·
2593 1598 2781 1651 ἔπειτα
2806 1597 2883 1667 τῷ
2929 1597 3198 1667 σπέρματι
3227 1595 3422 1648 Ἰακὼϐ
3455 1613 3530 1667 πρ
3564 1613 3628 1648 σ-

2059 1693 2240 1745 τάττει
2299 1691 2541 1756 δοξάζειν
2588 1692 2770 1755 αὐτὸν,
2822 1691 3072 1761 δεύτερον
3120 1690 3302 1760 τάγμα
3350 1689 3517 1751 τιθεὶς
3562 1688 3627 1742 τὺ

2077 1785 2382 1849 Ἰουδαϊκὸν,
2422 1784 2558 1855 μετὰ
2585 1785 2674 1836 τὸν
2710 1782 2770 1848 ἐξ
2806 1783 2970 1837 ἐθνῶν
2997 1782 3123 1836 λαόν
3142 1799 3154 1811 ·
3195 1781 3289 1844 οὓς
3318 1782 3409 1835 καί¹
3435 1780 3636 1850 ὀνομά-

385 1870 640 1940 gentilem
677 1869 960 1940 populum.
988 1867 1136 1933 Quos
1163 1869 1382 1938 quidem
1415 1867 1632 1922 Judmos
1662 1883 1770 1920 non
1792 1842 1962 1920 Jacob

2067 1875 2145 1939 ζει
2192 1875 2290 1927 οὐκ
2334 1842 2546 1937 Ἰακὼϐ,
2580 1873 2716 1927 ἀλλὰ
2753 1842 2984 1944 -σπέρμα
3029 1870 3220 1924 Ἰακὼϐ
3259 1842 3353 1924 καὶ
3395 1842 3634 1944 Ἰσραὴλ,

385 1964 660 2033 appellat;
688 1961 784 2018 sed
824 1977 1007 2017 semen
1037 1960 1229 2015 Jacobi
1266 1970 1318 2016 et
1356 1960 1610 2016 lsraelis:
1645 1960 1807 2028 idque
1836 1974 1867 2013 e
1904 1974 1963 2014 re

341 2101 346 2108 .
383 2063 440 2110 et
465 2063 740 2119 accurate,
765 2061 986 2124 prepter
1007 2068 1194 2107 eorum
1228 2068 1291 2107 ex
1325 2054 1637 2123 patriarcha
1675 2053 1958 2121 originem.

385 2145 506 2201 Non
539 2148 683 2202 enim
730 2147 801 2202 ob
844 2153 1130 2217 paternum
1180 2145 1311 2198 illud
1356 2145 1632 2207 studium,
1669 2159 1845 2213 neque
1892 2141 1964 2196 ob

393 2238 630 2308 aliquam
656 2253 781 2292 eum
810 2242 966 2306 patre
998 2251 1098 2291 suo
1140 2234 1575 2298 similitudinem,
1615 2233 1766 2304 digni
1807 2241 1963 2288 erant

387 2327 480 2398 qui
541 2325 713 2382 Jacob
757 2333 1228 2396 nuncuparentur,
1266 2324 1363 2378 sed
1419 2324 1645 2380 seminis
1697 2339 1863 2379 causa
1909 2322 1964 2377 id

388 2418 629 2474 nominis
663 2418 1065 2474 sortiebantur:
1114 2417 1375 2484 Quoniam
1413 2433 1517 2471 non
1566 2417 1755 2486 sprevit
1805 2433 1964 2486 neque

388 2512 626 2581 despexit
659 2509 1074 2578 deprecationem
1105 2510 1389 2578 pauperis:
1429 2525 1518 2564 nec
1554 2509 1743 2562 avertit
1775 2508 1963 2576 {aciem

390 2619 544 2660 suam
590 2618 622 2655 a
667 2617 778 2665 me,
813 2609 862 2654 et
911 2616 1028 2653 cum
1068 2599 1354 2653 clamarem
1411 2600 1481 2652 ad
1531 2614 1650 2652 eum
1697 2596 1963 2652 exaudivit

391 2711 493 2751 me.

469 2785 633 2842 Vens.
661 2785 753 2852 26,
784 2786 875 2843 27.
921 2786 1093 2841 Edent
1122 2803 1373 2857 pauperes
1401 2797 1450 2842 et
1480 2785 1884 2849 saturabuntur,
1913 2793 1961 2839 et

391 2880 686 2936 laudabunt
713 2881 997 2935 Dominum
1033 2883 1123 2952 qui
1156 2882 1427 2952 requirunt
1466 2896 1605 2943 eum,
1640 2880 1806 2933 vivent
1848 2894 1964 2931 cor-

391 2971 462 3026 da
487 2988 667 3026 eorum
712 2973 765 3026 in
800 2973 1053 3027 sarculum
1087 2973 1290 3028 surculi.
1344 2971 1443 3026 ilic
1475 2971 1628 3034 dicit,
1686 2969 1874 3030 edent;
1905 2967 1961 3021 in

391 3065 748 3134 sequentibus
803 3080 928 3121 vero
962 3106 978 3131 ,
1028 3065 1474 3119 manducaverunt
1518 3073 1566 3118 et
1614 3062 1963 3115 adoraverunt

2067 1966 2269 2038 σφόδρα
2303 1965 2545 2037 ἀκριϐῶς
2571 1965 2660 2018 διὰ
2686 1965 2784 2036 τὴν
2815 1967 2877 2017 ἐκ
2911 1963 3003 2017 τοῦ
3033 1963 3368 2036 πατριάρχου
3397 1964 3630 2033 γένεσιν.

2065 2059 2138 2110 Οὐ
2167 2057 2272 2128 γὰρ
2293 2058 2379 2111 διὰ
2403 2058 2493 2110 τὸν
2524 2056 2681 2128 ζῆλον
2701 2058 2792 2110 τὸν
2819 2058 3100 2129 πατρικὸν,
3121 2059 3239 2111 οὐδέ
3267 2057 3353 2109 διὰ
3376 2055 3471 2127 τὴν
3498 2055 3640 2127 πρὸς

2063 2150 2153 2202 τὸν
2199 2151 2410 2220 πατέρα
2458 2151 2715 2220 ὁμοίωσιν
2758 2151 2893 2215 ἄξιοι
2919 2147 3057 2222 ἦσαν
3083 2149 3376 2220 κεκλῆσθαι
3417 2149 3634 2213 Ἰακὼϐ,

2064 2242 2197 2296 ἀλλὰ
2235 2243 2328 2295 τοῦ
2379 2243 2690 2314 σπέρματος
2717 2244 2899 2298 ἐνεκεν
2924 2243 3110 2298 τοῦτον
3149 2241 3510 2314 ἐχρημάτιζον
3541 2243 3638 2294 τὸν

2062 2335 2292 2406 τρόπον’
2333 2335 2451 2388 Ὅτι
2481 2338 2590 2389 οὐκ
2624 2335 3030 2400 ἐξουδένωσεν
3079 2334 3219 2390 οὐδὲ
3260 2332 3638 2403 προσώχθισε

2065 2426 2138 2495 τῇ
2163 2426 2364 2493 δεήσει
2389 2428 2493 2482 τοῦ
2517 2429 2754 2498 πτωχοῦ
2771 2447 2783 2460 ο
2819 2427 2962 2482 οὐδὲ
2988 2428 3328 2496 ἀπέστρεψε
3351 2425 3416 2480 τό
3449 2427 3638 2495 πρόσυ

2064 2534 2226 2574 ωπον
2255 2521 2440 2574 αὐτοῦ
2481 2521 2581 2574 ἀπ’
2605 2522 2770 2590 ἐμοῦ,
2812 2522 2909 2575 καὶ
2941 2522 3010 2576 ἐν
3052 2519 3131 2592 τῷ
3175 2518 3526 2591 κεκραγέναι
3557 2537 3636 2590 με

2063 2612 2213 2682 πρὸς
2245 2613 2431 2668 αὑτὸν
2461 2613 2786 2679 εΙσήκουσέ
2812 2632 2951 2684 μου.

2133 2791 2423 2861 φάγονται
2483 2791 2735 2860 πένητες
2777 2791 2873 2844 καὶ
2925 2788 3489 2860 ἐμπλησθήσονται,
3537 2788 3639 2842 καὶ

2062 2881 2374 2935 αἱνέσουσι
2412 2883 2629 2948 Κύριον
2677 2883 2729 2934 οἱ
2767 2879 3152 2949 ἐκζὸιτοῦντες
3199 2881 3404 2945 αὑτὸν,
3434 2874 3641 2946 ζήσον-

2062 2990 2154 3028 ται
2185 2976 2243 3025 αὶ
2276 2973 2506 3040 καρδίαι
2534 2971 2732 3026 αὐτῶν
2763 2974 2849 3038 εἰς
2878 2971 3061 3024 αἰῶνα
3098 2968 3329 3037 αἰῶνος.
3375 2968 3640 3023 Ἐνταῦθα

2065 3065 2165 3136 μέν
2207 3081 2338 3135 φησι
2368 3063 2690 3135 φάγονταισ
2746 3062 3095 3125 ὑποκαταϐὰς
3145 3062 3220 3127 δὲ,
3249 3064 3491 3132 ἔφαγον,
3539 3061 3638 3115 καὶ

392 3162 569 3210 annm
597 3157 810 3226 pingues
837 3166 1011 3212 teme.
1049 3155 1156 3211 Sed
1196 3155 1256 3240 ii.
1285 3163 1572 3225 postquam
1623 3152 1962 3207 manducave‘

2068 3159 2534 3226 προσεκύνησαν
2555 3156 2778 3221 πάντες
2803 3158 2856 3208 οἳ
2877 3156 3081 3220 πίονες
3105 3152 3214 3222 τῆς
3240 3153 3371 3223 γῆς.
3390 3154 3526 3207 Ἀλλ’
3548 3154 3638 3207 ὅτε

393 3254 538 3308 runt,
575 3245 805 3315 pingues
841 3246 1017 3300 etl‘ecli
1057 3251 1206 3309 sunt,
1249 3247 1341 3315 qui
1397 3253 1686 3314 antequam
1721 3243 1963 3306 ederent,

397 3354 666 3409 pauperes
695 3340 1062 3399 vocabantur.
1105 3354 1243 3409 quos
1283 3339 1572 3409 pollicetur
1623 3338 1746 3392 cibo
1795 3337 1862 3390 ab
1908 3352 1966 3391 se

395 3429 814 3485 subministrato
864 3446 1062 3486 usuros
1109 3445 1252 3485 esse.
1307 3429 1521 3494 Edent,
1573 3429 1784 3498 inquit,
1833 3443 1964 3496 pau-

393 3537 562 3591 peres.
599 3521 663 3575 Hi
687 3537 855 3593 porro
884 3532 1042 3578 erant
1076 3538 1212 3592 quos
1254 3523 1306 3576 in
1341 3519 1767 3577 beatitudinibus
1807 3529 1966 3574 θεείου

397 3615 476 3670 ris
508 3617 771 3685 prmponit
822 3615 1048 3670 dicens:
1085 3615 1239 3669 Beati
1285 3630 1536 3683 pauperes
1575 3614 1796 3681 spiritu,
1836 3599 1966 3681 quo-

395 3708 540 3762 niam
575 3709 810 3777 ipsorum
841 3717 919 3762 est
950 3723 1166 3778 regnum
1193 3707 1443 3761 caelorum
1464 3705 1508 3736 “
1534 3724 1545 3758 :
1577 3705 1776 3775 quibus
1801 3704 1964 3760 etiam

396 3815 460 3855 ea
492 3801 762 3870 promittit
791 3815 912 3871 qua:
950 3816 1074 3855 mox
1117 3799 1489 3870 adjiciuntur:
1527 3797 1682 3852 Beati
1717 3798 1806 3867 qui
1847 3812 1965 3849 esu-

398 3894 545 3946 riunt
584 3903 634 3947 et
667 3894 854 3947 sitiunt
888 3893 1190 3963 justitiam,
1223 3893 1470 3962 quoniam
1515 3891 1615 3959 ipsi
1646 3889 1966 3943 saturabun-

399 3995 488 4038 tur
511 3985 574 4040 ⁸⁷.
606 3984 903 4056 Postquam
929 3994 1132 4048 autem,
1169 3985 1265 4048 ait,
1302 3984 1641 4039 comederint
1676 3997 1960 4052 pauperes,

399 4092 466 4130 ac
496 4076 619 4132 cibo
664 4075 875 4145 repleti,
909 4076 1045 4137 sive.
1093 4086 1153 4132 ut
1183 4077 1260 4128 ait
1313 4074 1706 4146 Symmachus,
1737 4078 1966 4129 saturati

401 4167 640 4230 fuerint,
693 4176 822 4223 tunc
872 4168 1164 4224 laudabunt
1213 4167 1496 4230 Dominum
1559 4169 1647 4239 qui
1698 4169 1964 4239 requirunt

395 4275 553 4321 eum:
585 4275 649 4314 ac
670 4261 849 4320 cibum
881 4260 984 4314 sibi
1017 4261 1084 4319 ab
1127 4260 1244 4329 ipso
1272 4259 1743 4319 subministratum
1780 4274 1962 4314 come-

398 4357 594 4418 dentes
623 4361 676 4409 et
710 4355 1051 4424 requirentes
1083 4353 1284 4424 ipsum,
1316 4367 1512 4424 magno
1539 4352 1650 4415 illo,
1683 4353 1774 4424 qui
1805 4351 1964 4405 dein-

400 4463 530 4523 ceps
565 4446 915 4510 declaratur,
976 4444 1156 4499 fructu
1213 4443 1526 4513 potientur:
1581 4458 1739 4508 nam,
1799 4444 1966 4496 vivent

399 4538 563 4595 corda
609 4555 791 4594 eorum
836 4540 891 4592 in
939 4537 1192 4592 sarculum
1223 4538 1422 4591 swculi.
1479 4535 1758 4606 Siquidem
1808 4535 1966 4604 panis

402 4632 493 4687 ille
516 4632 660 4696 vitae,
691 4632 760 4690 ab
788 4632 908 4706 ipso
955 4630 1211 4694 traditus,
1255 4628 1677 4684 immortalitatis
1724 4635 1967 4681 aeterna:-

403 4741 509 4795 que
543 4724 665 4788 vita:
709 4732 900 4782 auctor
941 4724 1076 4793 ipsis
1124 4722 1340 4779 futurus
1362 4729 1478 4787 est;
1509 4717 1964 4791 quemadmodum

298 4874 304 4880 .
401 4820 520 4888 ipse
549 4817 736 4872 docuit
790 4817 875 4878 bis
907 4816 1124 4874 verbis:
1163 4814 1275 4886 Ego
1318 4831 1433 4869 sum
1473 4813 1626 4878 panis
1669 4813 1823 4873 vine,
1877 4809 1966 4877 qui

399 4908 746 4969 descenditde
778 4910 930 4978 aceto,
957 4919 1007 4964 et
1031 4911 1120 4981 qui
1145 4909 1237 4967 dat
1255 4912 1414 4965 vitam
1436 4905 1630 4962 mundo
1654 4905 1735 4956 ":
1776 4912 1831 4956 et
1874 4903 1972 4956 ite-

402 5015 567 5054 rum:
605 4998 665 5060 Si
699 4999 815 5069 quis
855 4999 1249 5059 manducauerit
1281 5014 1347 5054 ea:
1402 5014 1536 5066 pane
1579 5011 1712 5056 meo,
1745 4993 1870 5048 vivet
1918 4993 1972 5044 in

403 5103 657 5153 (uernum
682 5093 747 5158 ¹⁹,
770 5102 823 5148 et
853 5101 1067 5157 caetera.
1105 5091 1294 5147 Viden’
1333 5106 1442 5162 quo
1474 5097 1631 5158 pacto
1684 5087 1796 5139 lnee
1843 5099 1975 5137 con-

403 5183 593 5240 ciliant
639 5171 765 5242 cum
822 5183 908 5240 bis
950 5185 1146 5256 psalmi
1187 5183 1404 5247 verbis,
1430 5179 1599 5232 Edent
1633 5191 1880 5246 pauperes
1927 5185 1976 5228 et

405 5276 818 5344 saturabuntur,‘
853 5285 939 5346 et,
985 5279 1154 5338 vivent
1204 5274 1365 5335 corda
1407 5288 1585 5332 eorum
1626 5271 1680 5323 in
1723 5268 1973 5326 steculum

406 5370 630 5432 ια’εαίἱῖ

389 5533 391 5535 _
481 5461 641 5523 Vens.
680 5464 779 5531 28,
818 5465 910 5524 εἰ).
955 5463 1370 5518 Reminiscentur
1413 5469 1461 5512 et
1503 5463 1858 5512 convertentur
1906 5452 1972 5506 ad

409 5553 689 5614 Dominum
727 5556 952 5610 universi
978 5555 1107 5624 ﬁnes
1155 5561 1328 5614 terraz,
1364 5559 1412 5602 et
1442 5546 1735 5601 adorabunt
1768 5545 1821 5598 in
1851 5560 1974 5601 con-

410 5654 584 5718 spectu
621 5646 732 5715 ejus
761 5649 1013 5704 universae
1053 5643 1273 5713 familia:
1301 5640 1545 5711 gentium.
1578 5637 1836 5702 Quoniam
1871 5635 1974 5688 Do-

2074 3250 2172 3320 μὲν
2197 3250 2440 3319 ἔφατον,
2471 3248 2650 3311 πίονες
2683 3247 2958 3316 ἐγένοντο’
2985 3248 3088 3317 πρὸ
3117 3246 3172 3298 δὲ
3198 3245 3290 3299 τοῦ
3323 3249 3514 3314 φαγεῖν
3543 3246 3638 3299 πέ-

2069 3360 2226 3413 νητες
2258 3339 2630 3412 ὠνομάζοντοθ
2659 3339 2750 3402 οὓς
2780 3338 3174 3407 ἐπαγγέλλεται
3203 3339 3400 3409 βρώσει
3435 3339 3640 3410 XM“-

2073 3433 2192 3486 σθαι
2230 3437 2294 3504 τῇ
2333 3434 2422 3486 ὑπ’
2451 3430 2614 3485 αὐτοῦ
2663 3429 3164 3503 χορηγηθησομὲνῃ.
3193 3428 3480 3498 Φάγονται
3508 3427 3637 3498 γὰρ,

2072 3525 2223 3595 φησι,
2264 3523 2534 3592 πένητες.
2565 3514 2723 3574 Οὗτοι
2753 3520 2808 3572 δέ
2838 3516 2976 3591 ἦσαν
3009 3518 3100 3582 οὓς
3125 3519 3217 3572 καὶ
3243 3521 3298 3571 ἐν
3323 3522 3434 3581 τοῖς
3465 3535 3639 3589 μακα-

2075 3619 2284 3689 ρισμοίς
2309 3617 2596 3687 προτάττει
2623 3613 2729 3666 τῶν
2753 3612 2951 3665 λοιπῶν
2978 3612 3229 3680 φάσκων·
3266 3611 3552 3679 Μακάριοι
3583 3613 3635 3662 οἱ

2072 3700 2392 3780 πτωχοϊτῷ
2416 3712 2726 3779 πνεύματι,
2766 3708 2853 3761 ὅτι
2879 3706 3075 3762 αὐτῶν
3113 3707 3282 3760 ἐστιν
3304 3705 3639 3774 ἠβασιλεὶα

2071 3802 2186 3856 τῶν
2209 3803 2506 3871 οὺρανῶν’
2535 3797 2616 3866 οἷς
2653 3800 2832 3854 καὶτὰ
2872 3797 2998 3868 ἑξῆς
3031 3795 3392 3868 ἐπηγγείλατο
3432 3794 3599 3863 λέγων
3621 3809 3634 3822 ·

2068 3894 2356 3962 Μακάριοι
2381 3897 2434 3948 οἱ
2468 3891 2786 3957 πεινῶντες
2819 3891 2918 3945 καὶ
2949 3888 3241 3968 διψῶντες
3276 3887 3391 3954 τὴν
3424 3885 3639 3939 δικαιο-

2070 3988 2290 4055 σύνην,
2322 3985 2409 4038 ὅτι
2438 3986 2604 4040 αὐτοὶ
2629 3982 3160 4053 χορτασθήσονται.
3181 3977 3426 4032 Ἐπειδὰν
3454 3977 3509 4030 δὲ
3537 3977 3638 4045 φά-

2070 4094 2229 4146 γωσι,
2257 4078 2442 4148 φησὶν,
2471 4078 2521 4128 οἱ
2555 4075 2803 4146 πένητες,
2831 4074 2925 4127 καὶ
2952 4074 3216 4142 φαγόντες
3237 4069 3634 4140 ἐμπλησθῶσιν,

2071 4169 2103 4246 ἢ
2137 4167 2528 4238 κορεσθῶσιν,
2561 4165 2701 4219 κατά
2729 4165 2820 4218 τὸν
2847 4164 3160 4234 Σύμμαχον,
3183 4163 3301 4215 τότε
3329 4160 3637 4214 αινέσουσι

2071 4261 2288 4329 Κύριον
2330 4257 2713 4326 ἐκζητοῦντες
2756 4257 2972 4311 αὐτόν·
3020 4255 3282 4325 φαγόντες
3328 4253 3384 4305 δὲ
3419 4252 3515 4322 τὴν
3549 4251 3638 4303 ὑπ’

2072 4350 2235 4408 αὑτοῦ
2268 4351 2513 4405 δοθεῖσαν
2535 4349 2714 4412 αὐτοῖς
2745 4347 2966 4420 βρῶσιν,
2988 4347 3079 4399 καὶ
3101 4345 3431 4416 ζητήσαντες
3457 4341 3633 4402 αὐτὸν,

2075 4443 2248 4514 μέγαν
2287 4441 2466 4506 ἕξουσι
2500 4440 2709 4512 καρπὸν
2739 4439 2833 4492 τὸν
2870 4439 2994 4508 ἐξῆς
3026 4434 3380 4506 δηλούμενονο
3411 4432 3636 4498 Ζήσονσ

2071 4553 2161 4589 ται
2188 4535 2291 4606 γάρ
2320 4538 2376 4587 αἱ
2403 4533 2634 4601 καρδίαι
2659 4529 2859 4584 αὐτῶν
2882 4532 2968 4599 εὶς
2995 4525 3178 4582 αἰῶνα
3198 4524 3433 4589 αἰῶνος.
3451 4522 3507 4576 ’0
3532 4521 3638 4591 γάρ

2074 4629 2235 4700 ἄρτος
2266 4625 2432 4696 ζωῆς,
2464 4627 2492 4678 ὁ
2521 4625 2609 4677 ὑπ’
2661 4620 2824 4676 αὑτοῦ
2878 4617 3203 4694 χορηγηθεὶς
3247 4616 3446 4679 αὐτοῖς,
3473 4613 3639 4675 αἴτιος

2072 4722 2252 4783 αὐτοῖς
2301 4719 2450 4778 ἔσται
2509 4714 2808 4776 ἀθανασίας
2852 4713 2945 4765 καὶ
2974 4709 3116 4778 ζωῆς
3154 4706 3405 4769 αἰωνίου,
3459 4704 3648 4766 καθὼς.

2071 4805 2303 4870 ἐδίδαξεν
2317 4804 2474 4868 αὐτὸς
2492 4802 2659 4858 εἰπὼν
2675 4819 2687 4832 ·
2721 4798 2868 4870 Ἐγώ
2881 4802 2994 4870 ειμι
3009 4802 3041 4851 ό
3054 4797 3231 4866 ἄρτος
3246 4794 3391 4864 ζωῆς
3415 4798 3446 4848 ό
3466 4811 3639 4848 κατα-

2069 4900 2288 4953 ϐαίνων
2300 4899 2366 4952 ἐκ
2381 4897 2486 4951 τοῦ
2501 4893 2778 4964 ούρανοῦ,
2798 4891 2896 4945 καὶ
2909 4890 3110 4955 διδοὺς
3132 4888 3282 4957 ζωὴν
3302 4886 3382 4953 τῷ
3396 4889 3598 4957 κόσμῳ
3619 4904 3632 4915 ·

2069 4993 2161 5044 καὶ
2195 4989 2355 5044 πάλιν
2374 5008 2387 5021 ·
2438 4988 2578 5043 Ἐάν
2601 5005 2692 5052 τις
2718 4983 2877 5054 φάγῃ
2904 4983 2972 5037 ὲκ
3011 4981 3117 5035 τοῦ
3142 4980 3287 5049 ἐμοῦ
3314 4979 3516 5048 ἄρτου,
3541 4977 3636 5043 ζή-

2071 5099 2240 5137 σεται
2277 5084 2363 5148 εὶς
2406 5080 2510 5143 τὸν
2538 5077 2741 5144 αἰῶνα,
2775 5077 2867 5129 καὶ
2895 5074 2962 5127 τά
2989 5075 3135 5146 ἑξῆς.
3152 5071 3316 5144 Ὀρᾷς
3342 5072 3486 5134 ὅπως
3516 5088 3638 5123 συν-

2072 5175 2185 5245 ᾴδει
2217 5173 2388 5228 ταῦτα
2426 5171 2500 5243 τῷ
2526 5170 2783 5240 φάσκοντι
2813 5165 3008 5237 ψαλμῴ
3027 5181 3041 5197 ·
3074 5164 3362 5238 Φάγυνται
3387 5162 3636 5229 πένητες

2079 5268 2179 5322 καὶ
2197 5265 2728 5337 ἐμπλησθήσονται
2749 5276 2761 5289 ·
2793 5258 3184 5329 καὶ,ζήσονται
3210 5261 3268 5312 αἱ
3289 5256 3520 5327 καρδίαι
3542 5256 3638 5308 αὐ-

2080 5360 2196 5414 τῶν
2223 5362 2311 5425 εὶς
2338 5357 2520 5421 αἰῶνα
2540 5353 2788 5420 αὶῶνος;

2148 5449 2615 5521 Μνησθήσονται
2644 5447 2742 5500 καὶ
2763 5443 3310 5516 ἐπιστραφήσονται
3341 5440 3492 5509 πρὸς
3517 5439 3632 5494 Κύ-

2070 5558 2206 5612 ριον
2246 5538 2440 5595 πάντα
2484 5538 2554 5591 τὰ
2584 5536 2806 5605 πέρατα
2831 5535 2941 5605 τῆς
2972 5535 3103 5605 γῆς,
3149 5533 3243 5586 καὶ
3293 5530 3636 5602 προσκυνή-

2079 5650 2302 5688 σουσιν
2353 5631 2605 5687 ἐνώπιον
2652 5629 2835 5686 αὐτοῦ
2887 5626 3071 5686 πᾶσαι
3118 5628 3176 5679 αἱ
3233 5622 3468 5693 πατριαὶ
3525 5621 3639 5678 τῶν

486 5828 528 5868 ⁸⁸
562 5827 749 5888 Matth.
787 5841 838 5892 ν,
863 5828 916 5885 3.
997 5825 1036 5858 ιτ
1077 5824 1206 5881 ibid.
1243 5821 1297 5884 6.
1377 5822 1419 5855 "
1457 5820 1611 5878 Joan.
1648 5835 1737 5888 Vl,
1771 5819 1859 5875 55.
1937 5817 1981 5848 ¹⁹
2020 5815 2150 5871 ibid.
2192 5813 2280 5870 59.
