4010 6558
325 352 432 410 213

1420 349 1916 406 COMMENTARIA
1953 350 2021 406 IN
2073 349 2411 406 PSALMOS.

3478 356 3584 410 ΞΗ

325 471 533 527 ἐθνῶν.
572 471 700 526 Ὅτι
735 468 843 525 τοῦ
869 468 1092 538 Κυρίου
1132 446 1529 538 ήμβασιλεία,
1574 472 1671 524 καὶ
1715 470 1892 538 αὐτὸς

2002 470 2131 523 mini
2174 479 2251 523 est
2290 485 2525 539 regnum,
2560 476 2609 524 et
2664 469 2769 537 ipse
2814 469 3123 525 dominatur
3162 471 3412 542 gentium.
3447 470 3587 525 Nam

291 560 598 625 ’δεσπόζει
628 562 745 617 τῶν
771 561 979 616 ἐθνῶν.
1017 560 1121 616 Τοῦ
1157 562 1264 633 γὰρ
1296 563 1563 635 σωτηρίου
1598 564 1773 633 φωτὸς
1798 564 1895 617 αὑ-

292 673 299 683 '
324 658 437 721 τοῖς
471 654 901 725 ἐπιλάμψαντος,
926 653 1455 725 ἀναμνησθήσονται,
1479 656 1555 719 ὠς
1590 655 1698 727 ἄρα
1717 651 1783 727 ἦν
1815 674 1898 721 τις

325 748 511 810 αὐτοῖς
542 745 767 818 Κύριος,
792 747 819 798 ὃ
840 762 903 813 γε
952 745 1167 815 ἀληθῶς
1198 749 1308 799 τῶν
1335 746 1473 801 ὅλων
1520 747 1816 819 δεσπότης·
1848 750 1898 802 οἱ

326 839 434 912 γὰρ
462 839 834 910 νενομισμένοι
864 839 1044 901 αὐτοῖς
1060 834 1199 909 ἦσαν
1233 840 1436 909 Κυρίου
1455 856 1469 869 ’
1499 842 1578 905 εἰς
1597 841 1897 913 ἀνάμνησιν

323 929 381 985 δὲ
411 928 656 994 ἐλθόντες
687 930 779 983 τοῦ
816 929 964 1000 σφῶν
989 930 1268 993 δεσπότου,
1306 932 1392 985 ἐπ’
1427 933 1590 985 αὑτὸν
1620 934 1895 1003 καταφεύ-

327 1023 541 1089 ξονται·
604 1024 696 1076 καὶ
746 1024 805 1076 ὃν
857 1023 1024 1076 πάλαι
1074 1024 1537 1096 ἀπεστράφησαν,
1597 1025 1736 1079 κατά
1776 1043 1897 1080 τινα

325 1118 536 1189 ἐχθρῶν
569 1116 886 1188 ἐπιϐουλὴν,
920 1116 1108 1170 τοῦτον
1145 1117 1347 1188 Κύριον
1380 1117 1558 1171 αὐτῶν
1596 1118 1725 1173 ὄντα
1773 1122 1893 1172 ὲπιι

321 1208 643 1279 γνώσονται,
679 1209 772 1262 καὶ
806 1210 1309 1307 ἐπιρραφήσονται
1354 1210 1491 1279 πρὸς
1532 1210 1711 1263 αὐτόν.
1759 1209 1895 1262 Ἀλλ’

322 1300 410 1355 ἵνα
448 1302 520 1372 μή
553 1317 636 1365 τις
674 1300 913 1370 νομίσειε
952 1298 1129 1353 ταῦτα
1175 1300 1425 1368 λέγεσθαι
1461 1300 1585 1371 περὶ
1625 1298 1718 1353 τοῦ
1768 1300 1896 1353 Ἰου-

312 1394 485 1447 «δαίων
508 1393 712 1457 ἔθνους,
739 1392 981 1463 ἀκριδῶς
1006 1394 1035 1446 ό
1068 1392 1223 1460 λόγος
1266 1393 1641 1465 προστίθησιν.
1676 1394 1752 1457 ὡς
1787 1394 1895 1465 ἄρα

310 1482 491 1538 »ταῦτα
524 1482 940 1554 πληρωθήσεται
988 1483 1081 1536 ἐπὶ
1118 1483 1298 1537 πάντα
1340 1484 1409 1539 τὰ
1459 1484 1579 1538 καθ’
1625 1484 1753 1555 ὅλης
1794 1485 1894 1555 τῆς

315 1575 642 1647 οἰκουμένης
682 1574 838 1645 ἔθνη·
885 1571 983 1628 εἶτ’
1026 1576 1453 1648 ἐπιστραφέντες
1496 1577 1548 1629 τί
1583 1577 1895 1647 ποιήσουσιν

314 1666 544 1721 ἐνώπιον
576 1666 740 1721 αὐτοῦ
769 1669 939 1721 πᾶσαι
963 1669 1020 1722 αἱ
1051 1670 1279 1739 πατριαὶ
1319 1668 1427 1722 τῶν
1459 1668 1657 1722 ἐθνῶν
1682 1668 1798 1723 ἀνθ’
1832 1663 1894 1720 οὗ

314 1760 609 1832 Σύμμαχος
638 1761 734 1815 καὶ
776 1762 1025 1825 Ἀκύλας,
1064 1761 1254 1816 πᾶσαι
1298 1765 1358 1815 αὶ
1396 1767 1737 1831 συγγένειαι
1781 1760 1897 1814 τῶν

310 1852 523 1917 ἐθνῶν,
552 1855 804 1926 εἰρήκασι
852 1853 1058 1925 σφόδρα
1107 1852 1369 1925 ἀκριϐῶς.
1401 1854 1559 1906 Ποῖον
1604 1853 1712 1925 γὰρ
1743 1853 1894 1916 ἔθνος
1926 1839 1965 1893 Β

309 1943 432 2014 οὐχὶ
475 1944 795 2012 συγγενείας
838 1944 951 2013 ἔχει
989 1943 1420 2013 ἐπιστραφείσας
1468 1943 1603 2014 πρὸς
1647 1943 1736 1997 τὸν
1782 1943 1892 1997 τῶν

311 2025 450 2088 δλων
474 2034 641 2098 Θεόν;
675 2034 811 2086 Ποία
838 2035 895 2087 δὲ
946 2033 1189 2103 πόλις,ἢ
1245 2033 1373 2087 ποία
1420 2032 1601 2106 χώρα,
1663 2034 1694 2107 ἢ
1743 2037 1892 2098 ποῖος

311 2126 460 2190 οἶκος
483 2128 582 2180 οὐκ
608 2126 719 2197 ἔχει
742 2127 893 2191 τινὰς
919 2128 1334 2200 ἀφωρισμένους
1367 2128 1459 2182 καὶ
1491 2128 1894 2199 ἐξειλεγμένους

311 2219 392 2290 τῷ
423 2218 578 2289 Θεῷ;
613 2219 738 2284 Πῶς
780 2220 826 2273 δ’
860 2220 1084 2291 ἔμελλον
1118 2220 1465 2274 ἀποτίθεσθαι
1508 2221 1605 2291 μὲν
1638 2222 1737 2291 τὴν
1769 2222 1894 2273 ἐαυ-

310 2313 421 2367 τῶν
460 2313 649 2384 λήθην,
684 2314 989 2384 ἀνάμνησιν
1033 2313 1089 2367 δὲ
1151 2313 1421 2367 ποιεῖσθαι
1474 2313 1567 2366 τοῦ
1600 2313 1709 2367 τῶν
1754 2315 1891 2367 ὅλων

310 2405 446 2459 θεοῦ
482 2406 538 2459 αί
581 2405 887 2473 συγγένειαι
915 2405 1023 2458 τῶν
1063 2406 1267 2459 ἐθνῶν·
1300 2406 1416 2469 πῶς
1438 2406 1495 2459 δὲ
1539 2407 1890 2478 ἐπιστρέφειν

312 2494 447 2565 πρὸς
472 2494 632 2548 αὑτὸν
659 2495 836 2549 πάντα
857 2495 924 2549 τὰ
956 2496 1166 2567 πέρατα
1185 2498 1282 2569 τῆς
1310 2498 1432 2568 γῆς,
1461 2498 1702 2568 ἐπιλέγει
1724 2500 1852 2571 ἑξῆς
1872 2519 1885 2532 ·

311 2586 441 2639 Ὀτι
463 2586 568 2640 τοῦ
586 2586 808 2655 Κυρίου
847 2588 886 2656 ή
918 2588 1229 2654 βασιλεία,
1265 2588 1362 2642 καί
1406 2591 1588 2656 αὐτὸς
1615 2590 1889 2653 δεσπόζει

307 2675 426 2730 τῶν
453 2676 661 2732 ἐθνῶν.
693 2678 755 2731 Οί
788 2678 895 2747 γὰρ
924 2678 1090 2733 πάλαι
1111 2681 1487 2752 κρατήσαντες
1512 2681 1764 2753 δαίμονες
1795 2686 1890 2738 καὶ

304 2767 551 2831 διάϐολος
581 2768 975 2841 κατελύθησαν,
1012 2770 1107 2823 καὶ
1149 2770 1287 2841 μόνη
1322 2773 1355 2842 ἡ
1403 2771 1495 2826 τοῦ
1538 2773 1629 2826 ἐπὶ
1672 2774 1891 2827 πάντων

307 2858 445 2913 Θεοῦ
479 2858 722 2930 βασιλεία
769 2861 1135 2933 ἐπεκράτησε.
1188 2862 1353 2928 Τάξει
1399 2858 1490 2917 οῦν
1534 2866 1562 2917 δ
1595 2863 1751 2932 λόγος
1798 2867 1892 2919 καὶ

307 2952 597 3023 ἀκολουθίᾳ
630 2953 913 3025 κέχρηται,
952 2952 1167 3025 πρῶτον
1223 2955 1432 3025 φήσαςο
1490 2956 1894 3023 Μνησθήσον-

309 3062 424 3108 ται,
449 3041 567 3100 εἶτα
591 3045 872 3118 δεύτερον,
904 3046 1457 3116 ἐπιστραφήσονται
1478 3087 1489 3109 ,
1539 3048 1633 3101 καὶ
1672 3048 1856 3119 τρίτον
1875 3089 1889 3112 ,

308 3139 831 3208 προσκυνήσουσι.
882 3139 1065 3194 Ταῦτα
1098 3139 1154 3193 δὲ
1192 3141 1369 3194 πάντα
1404 3139 1578 3206 ἔσται,
1610 3143 1739 3204 Ὀτι
1783 3143 1892 3197 τοῦ

308 3233 531 3300 Κυρίου
582 3233 621 3302 ἠ
668 3233 958 3298 ,βασιλεία
982 3271 996 3293 ,
1046 3234 1144 3287 καὶ
1201 3233 1385 3301 αὐτὸς
1442 3233 1714 3297 δεσπόζει
1770 3234 1889 3290 τῶν

306 3322 516 3379 ἐθνῶν.

380 3416 641 3488 Ἐφαγον
666 3418 765 3473 καὶ
803 3424 1270 3491 προσεκύνησαν
1316 3422 1538 3491 πάντες
1583 3428 1637 3478 οί
1682 3425 1888 3490 πίονες

307 3504 415 3574 τῆς
438 3507 548 3577 γῆς
569 3527 581 3539 ι
629 3508 885 3563 ἐνώπιον
912 3511 1099 3565 αὑτοῦ
1138 3512 1625 3580 προσπεσοῦνται
1667 3511 1888 3577 πάντες

306 3604 362 3655 οί
392 3602 850 3668 καταϐαίνοντες
884 3606 971 3668 εἰς
1009 3604 1123 3671 τὴν
1148 3602 1281 3673 γῆν.
1323 3606 1433 3657 Καὶ
1482 3607 1519 3673 ἡ
1560 3604 1731 3674 ψυχή
1769 3622 1887 3673 μου

308 3691 470 3758 αὐτῷ
502 3691 589 3761 ζῇ,
638 3692 833 3747 καὶτὸ
880 3696 1119 3764 σπέρμα
1167 3714 1287 3765 μου
1340 3696 1655 3751 δουλεύσει
1705 3697 1883 3762 αὐτῷ.

311 3783 469 3837 Ἐστι
493 3784 549 3838 δὲ
586 3785 706 3839 καθ’
750 3785 984 3856 ἑκάστην
1016 3786 1384 3857 ἀναστάσιμον
1422 3788 1630 3858 ἡμέραν
1660 3788 1751 3840 τοῦ
1776 3789 1888 3839 Σω-

307 3876 472 3947 τῆρος
508 3879 539 3948 ἡ
550 3876 687 3948 μῶν,
718 3879 816 3949 τὴν
846 3880 1187 3951 καλουμένην
1225 3882 1493 3953 κυριακὴν
1514 3923 1528 3946 ,
1560 3882 1681 3953 ὄψει
1712 3899 1889 3953 παρα-

306 3967 493 4020 λαϐεῖν
519 3970 645 4032 τοὺς
666 3969 766 4039 τῆς
795 3970 1001 4041 τροφῆς
1027 3972 1125 4041 τῆς
1166 3972 1329 4040 ἁγίας
1369 3973 1463 4026 καὶ
1501 3974 1593 4026 τοῦ
1638 3972 1887 4044 σώματος

306 4058 401 4113 τοῦ
428 4060 696 4133 σωτηρίου
732 4063 1267 4133 μεταλαμϐάνοντας,
1304 4066 1396 4121 καὶ
1435 4066 1571 4136 μετὰ
1605 4066 1665 4119 τὸ
1696 4069 1889 4135 φαγεῖν

307 4153 745 4223 προσκυνοῦντας
771 4155 862 4209 τὸν
888 4155 1088 4228 δοτῆρα
1108 4159 1199 4211 καὶ
1230 4158 1462 4229 χορηγὸν
1486 4160 1584 4229 τῆς
1621 4158 1884 4222 ζωοποιοῦ

305 4246 533 4317 τροφῆς,
567 4245 841 4318 θαυμάσαι
866 4266 925 4301 τε
954 4249 1061 4303 τῶν
1090 4250 1262 4319 λόγων
1296 4251 1356 4304 τὸ
1388 4251 1751 4323 ἀποτέλεσμα,
1795 4256 1888 4308 καὶ

306 4337 428 4390 κατ’
461 4337 630 4408 αὐτὴν
660 4338 760 4408 τὴν
806 4339 1096 4411 πρόχειρον
1146 4341 1290 4407 λέξιν
1335 4341 1402 4394 δι’
1446 4341 1621 4411 ἔργων
1654 4341 1888 4415 πληρού-

309 4444 495 4496 μενον.
532 4427 676 4480 Ἀντὶ
700 4427 757 4481 δὲ
784 4430 879 4483 τοῦ
901 4447 914 4460 ·
939 4434 993 4484 οί
1026 4432 1233 4497 πίονες
1251 4429 1361 4498 τῆς
1388 4430 1522 4501 γῆς,
1543 4432 1887 4504 ήρμήνευσεν

304 4521 334 4571 ὁ
367 4517 679 4590 Σύμμαχος,
720 4522 774 4574 οί
818 4522 1057 4589 λιπαροὶ
1094 4522 1205 4590 τῆς
1246 4522 1377 4591 γῆς.
1428 4524 1787 4595 Σημαίνονται
1829 4525 1886 4577 δὲ

304 4606 394 4661 διὰ
425 4607 631 4662 τούτων
683 4610 733 4662 oi
782 4611 846 4664 ὲκ
891 4612 990 4682 τῆς
1020 4612 1270 4683 οὐρανίου
1324 4614 1533 4685 τροφῆς
1585 4614 1683 4679 τὰς
1714 4615 1888 4685 ψυχὰς

304 4698 598 4770 εὐτραφεῖς
624 4700 719 4753 καὶ
742 4701 1035 4771 ῥωμαλέοι.
1077 4700 1217 4757 Ἀλλ’
1243 4698 1387 4757 οὗτοι
1419 4705 1516 4775 μὲν
1543 4706 1769 4775 ἔφαγον
1792 4705 1887 4759 καὶ

305 4795 800 4859 προσεκύνησαν.
865 4794 1081 4866 Ἐπειδὴ
1132 4797 1191 4849 δὲ
1243 4796 1335 4849 δεῖ
1366 4796 1513 4869 αύτῷ
1560 4797 1683 4852 πᾶν
1735 4801 1883 4869 γόνυ

305 4884 539 4957 κάμψαι
574 4885 949 4955 ἐπουρανίων
991 4890 1090 4945 καὶ
1137 4892 1413 4961 ἐπιγείων
1450 4894 1549 4947 καί
1597 4899 1884 4963 καταχθο-

304 4978 471 5041 νίων,
525 4978 752 5042 εἰκότως
789 4980 918 5051 ἑξῆς
960 4984 1317 5038 ἐπισυνάπτει
1363 4985 1561 5053 λέγων·
1606 4984 1883 5040 Ἑνώπιον

302 5066 491 5121 αὑτοῦ
529 5071 1023 5136 προσπεσοῦνται
1060 5073 1283 5141 πάντες
1330 5079 1385 5129 οί
1426 5078 1883 5143 καταϐαίνοντες

303 5162 393 5227 είς
422 5160 574 5230 γῆν·
616 5163 732 5217 ἀνθ’
778 5157 839 5218 οὗ
874 5166 907 5218 ό
955 5167 1053 5237 μὲν
1096 5167 1358 5232 Ἀκύλαςο
1415 5173 1520 5236 Εἰς
1565 5173 1886 5239 πρόσωπον

303 5254 492 5308 αὑτοῦ
548 5255 861 5325 κάμψουσι
909 5258 1132 5325 πάντες
1174 5262 1227 5313 οὶ
1286 5262 1746 5328 καταϐαίνοντες
1799 5265 1919 5331 εἰς’

307 5348 483 5419 χοῦν,
515 5349 799 5404 ἐκδέδωκε.
830 5352 1021 5420 Σαφῶς
1051 5353 1105 5405 δὲ
1138 5353 1223 5406 διὰ
1254 5354 1456 5409 τούτων
1485 5357 1577 5410 καὶ
1614 5358 1672 5410 τὸ
1702 5357 1886 5429 σχῆμα

305 5440 414 5494 τῶν
440 5442 569 5511 γόνυ
596 5442 884 5497 κλινόντων
922 5445 979 5497 ὲν
1004 5447 1068 5514 τῇ
1112 5446 1403 5519 Ἐκκλησία
1442 5448 1535 5501 τοῦ
1580 5449 1714 5503 Θεοῦ
1752 5468 1889 5522 παρ-

311 5533 547 5598 ίσταται,
575 5529 909 5610 ὲνῇγόνατα
965 5536 1261 5602 κλίναντες,
1304 5542 1393 5593 καὶ⁴
1427 5541 1493 5595 τὰ
1540 5541 1763 5612 μέτωπα
1811 5545 1889 5607 είς

309 5624 419 5695 γῆν
448 5628 776 5698 ἐρείσαντες,
802 5630 988 5684 τοῦτον
1033 5636 1356 5703 προσκυνεῖν
1389 5634 1623 5691 εἰώθασι
1646 5636 1737 5690 τὸν
1766 5634 1889 5705 τρό-

386 5810 428 5842 ¹⁶
470 5807 701 5879 Philipp.
743 5826 812 5876 ιιι,
853 5808 934 5865 10.

2001 561 2227 617 salutari
2282 562 2485 617 lumine
2530 562 2679 631 ipsos
2720 563 3111 627 collustrantc,
3162 563 3583 619 reminiscentur

2000 654 2103 709 sibi
2130 653 2417 709 Dominum
2450 671 2591 719 esse,
2632 656 3013 712 universorum
3057 673 3246 713 revera
3275 656 3584 712 dominato-

2000 760 2113 800 rem
2148 745 2275 799 :cui
2307 746 2469 799 etiam
2509 744 2743 816 subjecti
2782 754 2941 805 erant
2990 747 3025 800 ii
3078 748 3170 818 qui
3214 748 3281 802 ab
3324 748 3456 818 ipsis
3483 746 3582 802 do-

2000 837 2133 890 mini
2164 836 2578 906 reputabantur.
2603 838 2738 893 Cum
2767 854 2931 909 porro
2958 837 3171 893 Domini
3199 839 3283 893 sui
3317 839 3582 894 memine-

1998 929 2129 993 rint,
2160 928 2227 982 ad
2262 927 2440 998 ipsum
2470 928 2823 1001 confugient:
2856 946 2920 985 ac
2950 947 3110 1003 quem
3144 934 3296 996 olim,
3331 932 3581 986 inimico-

1997 1036 2118 1076 rum
2170 1019 2385 1075 insidiis
2438 1022 2841 1087 circumventi,
2896 1024 3129 1079 aversati
3186 1033 3345 1089 sunt,
3399 1024 3577 1094 ipsum

1997 1119 2298 1183 agnoscent
2328 1126 2450 1167 esse
2480 1113 2584 1168 sibi
2613 1112 2921 1181 Dominum,
2956 1124 3120 1185 atque
3144 1117 3211 1170 ad
3242 1116 3422 1186 ipsum
3448 1130 3577 1169 con-

1996 1213 2295 1263 vertentur.
2331 1205 2400 1260 At
2437 1221 2506 1260 ne
2532 1206 2656 1275 quis
2697 1206 2994 1262 arbitretur
3031 1208 3085 1262 id
3123 1208 3191 1263 de
3220 1207 3450 1264 Judaico
3486 1223 3581 1277 po-

1996 1301 2126 1370 pulo
2154 1301 2359 1357 dictum
2381 1343 2395 1368 ,
2425 1300 2672 1370 apposite
2704 1298 2961 1368 adjicitur
2994 1300 3108 1356 haec
3143 1302 3289 1372 apud
3334 1298 3577 1356 universi

1995 1392 2146 1448 orbis
2197 1394 2448 1448 nationes
2482 1390 2756 1460 implenda
2805 1406 2947 1446 esse.
2981 1392 3055 1446 Ac
3088 1392 3285 1447 deinde
3328 1392 3581 1447 enuntia-

1996 1492 2107 1547 tur,
2141 1484 2273 1556 quid
2308 1486 2362 1540 in
2393 1493 2691 1555 conspectu
2723 1485 2842 1556 ejus
2880 1485 3101 1541 facturae
3146 1485 3257 1541 sint
3298 1492 3422 1555 post
3448 1500 3580 1539 con-

1996 1580 2302 1635 versionem
2360 1578 2629 1634 universa:
2688 1579 2907 1633 familiae
2967 1580 3208 1649 gentium
3251 1597 3264 1631 :
3316 1592 3414 1648 pro
3468 1592 3585 1648 quo.

2000 1670 2361 1743 Symmachus
2382 1682 2435 1727 et
2455 1671 2671 1742 Aquila,
2692 1673 2946 1727 universa:
2967 1675 3301 1743 cognationes
3321 1673 3576 1742 gentium,

1997 1763 2322 1829 ediderunt,
2373 1772 2427 1819 et
2483 1766 2702 1835 quidem
2761 1764 3052 1820 admodum
3111 1773 3387 1821 accurate.
3448 1766 3581 1831 Quae

1994 1856 2194 1911 etenim
2250 1857 2399 1911 natio
2449 1871 2557 1910 non
2611 1856 2823 1925 aliquas
2874 1857 3229 1927 cognationes
3277 1854 3474 1910 habeat
3512 1855 3578 1909 ad

1997 1947 2168 2003 Deum
2222 1948 2601 2004 universorum
2654 1949 2984 2004 conversas?
3016 1948 3148 2014 Quae
3202 1947 3417 2010 civitas,
3458 1947 3580 2016 quis

1996 2038 2174 2105 locus,
2226 2054 2347 2109 qua:
2396 2038 2593 2094 domus
2642 2054 2751 2094 non
2800 2039 3085 2109 quospiam
3137 2038 3328 2093 saltem
3380 2038 3579 2092 habent

1995 2128 2107 2183 Deo
2159 2136 2471 2199 segregatos
2513 2136 2565 2183 et
2603 2130 2840 2185 electos?
2885 2130 3005 2196 Quo
3046 2136 3207 2199 pacto
3248 2136 3428 2183 autem
3474 2128 3580 2180 illa:

1994 2222 2346 2293 cognationes
2369 2222 2608 2291 gentium
2642 2222 2970 2277 oblivionem
3002 2222 3149 2276 illam
3180 2237 3335 2277 suam
3363 2220 3585 2290 deposi-

1992 2322 2130 2372 tura:
2159 2315 2291 2380 sint,
2320 2325 2373 2370 et
2398 2314 2765 2371 recordatum
2796 2314 2966 2371 Deum
2998 2316 3410 2380 universorum;
3442 2327 3582 2383 quo-

1992 2407 2156 2462 modo
2183 2407 2311 2464 item
2336 2407 2689 2464 convertendi
2729 2406 2797 2461 ad
2842 2424 2969 2463 eum
3010 2408 3123 2465 sint
3163 2407 3403 2462 universi
3441 2405 3603 2461 ﬁnes.

1991 2509 2186 2570 terrai;
2217 2502 2320 2557 sub
2363 2502 2479 2556 haec
2527 2502 2762 2572 explicat
2794 2501 2881 2558 his
2919 2501 3100 2557 verbis
3131 2520 3144 2557 :
3176 2502 3433 2572 quoniam
3466 2501 3578 2556 Dc-

1993 2594 2123 2648 mini
2160 2602 2239 2649 est
2277 2611 2513 2665 regnum,
2557 2605 2607 2650 et
2653 2596 2762 2664 ipse
2806 2595 3114 2649 dominatur
3142 2594 3396 2665 gentium.
3439 2591 3592 2647 Nama.

1992 2686 2086 2756 qui
2118 2686 2247 2741 olim
2284 2686 2585 2742 dominium
2618 2688 2937 2743 obtinebant
2963 2687 3238 2743 daemones
3266 2692 3430 2756 atque
3460 2684 3579 2739 dia-

1992 2779 2175 2845 bolus,
2203 2780 2316 2849 jam
2350 2780 2595 2852 abrogati
2645 2788 2807 2844 sunt;
2850 2795 2915 2835 ac
2967 2780 3141 2835 solum
3180 2778 3425 2834 omnium
3466 2776 3578 2833 Do-

1994 2872 2128 2927 mini
2154 2871 2246 2928 Dei
2272 2888 2500 2944 regnum
2524 2873 2688 2943 viget.
2721 2872 2925 2928 Ordine
2957 2873 3124 2943 igitur
3148 2886 3213 2927 ac
3234 2885 3579 2941 consequen-

1994 2963 2071 3017 tia
2102 2978 2281 3019 sermo
2323 2971 2565 3029 constat;
2599 2978 2727 3019 nam
2759 2980 2883 3019 cum
2920 2964 3094 3033 primo
3124 2963 3373 3027 dixisset,
3411 2963 3575 3016 remi-

1994 3055 2292 3121 niscenlur;
2348 3056 2626 3122 secundo,
2680 3064 3082 3120 convertentur;
3139 3054 3300 3111 tertio
3355 3053 3576 3110 demum

1994 3147 2201 3218 adjicit,
2235 3148 2552 3203 adorabunt.
2589 3147 2714 3203 Haec
2745 3164 2911 3218 porro
2944 3147 3126 3203 omnia
3153 3147 3423 3213 evenient,
3454 3161 3578 3215 quo-

1993 3240 2139 3297 niam
2172 3239 2384 3298 Domini
2414 3249 2491 3297 est
2522 3236 2767 3312 regnum,
2786 3248 2835 3293 et
2862 3240 2969 3308 ipse
2992 3238 3298 3293 dominatur
3321 3237 3572 3310 gentium.

2061 3419 2227 3477 Vens.
2264 3420 2354 3486 '50,
2393 3421 2480 3475 51.
2522 3420 2971 3476 Manducaverunt
2997 3430 3043 3474 et
3082 3417 3433 3473 aduraverunt
3463 3433 3577 3472 om-

1990 3530 2078 3568 nes
2110 3514 2323 3583 pingues
2358 3522 2545 3577 terraz;
2582 3513 2637 3566 in
2683 3519 2959 3580 conspectu
3007 3510 3120 3577 eius
3164 3509 3351 3563 cadent
3398 3524 3574 3563 omnes

1987 3605 2077 3675 qui
2101 3604 2419 3658 descendunt
2448 3604 2501 3657 in
2535 3612 2748 3657 terram.
2782 3602 2849 3655 Et
2877 3603 3057 3656 anima
3090 3618 3202 3655 mea
3234 3601 3318 3654 illi
3350 3600 3492 3665 vivit,
3526 3611 3574 3654 et

1987 3713 2158 3751 semen
2213 3711 2383 3749 meum
2438 3697 2622 3749 serviet
2664 3696 2785 3764 ipsi.
2855 3693 3097 3763 Singulis
3156 3691 3577 3746 resurrectionis

1991 3784 2293 3841 Salvatoris
2326 3786 2500 3840 nostri
2538 3784 2750 3846 diebus,
2786 3798 2908 3853 qua:
2956 3781 3247 3836 Dominicze
3279 3788 3568 3841 vocantur.

1990 3878 2124 3951 ipsis
2157 3881 2333 3936 oculis
2377 3894 2601 3936 cernere
2647 3885 2731 3933 est
2782 3892 2877 3931 eos
2922 3875 3015 3946 qui
3058 3887 3275 3928 sacrum
3309 3871 3492 3926 cibum
3517 3881 3571 3928 et

1989 3972 2226 4028 salutare
2250 3987 2449 4043 corpus
2474 3970 2770 4041 accipiunt,
2804 3974 2927 4039 post
2959 3965 3135 4037 ipsum
3179 3962 3573 4029 esum,vivillci

1988 4063 2233 4119 alimenti
2272 4064 2584 4134 largitorem
2620 4069 2673 4117 et
2711 4075 2961 4132 promum
3000 4058 3249 4122 adorare,
3282 4065 3446 4128 atque
3472 4059 3573 4111 mi-

1988 4153 2099 4208 rari
2120 4152 2407 4208 verborum
2432 4152 2741 4221 hujusmodi
2764 4163 3037 4212 eventum,
3057 4155 3111 4204 et
3134 4162 3191 4204 re
3210 4156 3382 4219 gesta,
3396 4148 3576 4218 quoad

1989 4244 2287 4315 planiorem
2336 4244 2466 4298 dicti
2508 4242 2864 4307 sententiam,
2906 4241 3187 4311 impletum
3234 4239 3573 4294 vaticinium.

1988 4334 2121 4407 Ejus
2150 4345 2329 4393 autem
2350 4338 2491 4403 loco,
2521 4336 2737 4406 pingues
2770 4344 2945 4398 terrw,
2974 4332 3587 4403 Symmachumsagina,

1990 4440 2072 4485 tos
2104 4438 2293 4494 terrae,
2350 4429 2743 4499 interpretatus
2787 4435 2891 4483 est.
2938 4425 3142 4496 llisque
3197 4424 3596 4480 indicanturvii.

1991 4521 2083 4592 qui
2104 4538 2167 4577 ex
2186 4521 2393 4578 caelesti
2416 4522 2563 4582 cibo,
2581 4520 2760 4591 opima
2785 4520 2981 4575 mentis
3008 4518 3325 4572 habitudine
3354 4531 3418 4571 ac
3442 4517 3577 4570 viri-

1996 4616 2099 4672 bus
2128 4616 2327 4671 valent.
2355 4614 2459 4670 Sed
2493 4614 2547 4668 hi
2577 4613 2796 4684 quidem
2826 4611 3273 4665 manducavernnt
3298 4619 3345 4663 et
3378 4608 3577 4664 adora-

1996 4718 2196 4764 verunt.
2222 4707 2489 4774 Quoniam
2523 4722 2652 4761 vero
2699 4720 2837 4775 opus
2878 4713 2963 4759 est
3009 4711 3069 4757 ut
3110 4702 3215 4772 ipsi
3262 4719 3411 4756 omne
3442 4719 3576 4773 genu

1990 4802 2236 4871 ﬂectatur
2259 4800 2563 4861 caelestium,
2591 4797 2915 4851 terrestrium
2938 4806 2988 4847 et
3011 4793 3339 4863 infernarum
3363 4795 3430 4857 ὀ,
3454 4795 3577 4864 jure

1992 4902 2174 4963 postea
2203 4891 2439 4956 additur,
2487 4890 2541 4942 in
2578 4898 2855 4957 conspectu
2888 4886 3019 4955 .ejus
3057 4884 3245 4941 cadent
3278 4904 3455 4940 omnes
3487 4890 3575 4957 qni

1990 4985 2307 5040 descendunt
2342 4986 2395 5037 in
2426 4995 2620 5038 terram
2663 5000 2679 5036 :
2725 4997 2824 5055 pro
2868 4996 2978 5050 quo
3028 4979 3246 5050 Aquila,
3279 4981 3332 5033 in
3377 4979 3572 5034 vultum

1989 5078 2102 5147 ejus
2132 5076 2338 5144 ﬂectent
2377 5092 2432 5129 se
2480 5091 2656 5127 omnes
2693 5069 3148 5142 qui“de‘scendunt
3191 5070 3245 5122 in
3289 5068 3570 5136 pulverem.

1993 5170 2159 5237 Queis
2193 5166 2485 5224 manifeste
2518 5182 2707 5222 eorum
2748 5164 2838 5233 qui
2885 5164 2939 5217 in
2992 5160 3235 5217 Ecclesia
3275 5159 3368 5214 D'ci
3396 5173 3571 5229 genua

1994 5260 2220 5316 ﬂectunt
2251 5274 2456 5314 morem
2486 5258 2730 5312 declarat
2762 5275 2772 5308 :
2810 5253 2880 5308 ibi
2931 5254 3075 5307 enim
3124 5266 3299 5322 genua
3351 5246 3575 5299 ﬂecten-

1994 5361 2098 5416 tcs,
2130 5359 2293 5423 atque
2336 5350 2608 5405 frontibus
2645 5348 2760 5404 suis
2799 5354 2958 5401 terra:
2998 5343 3398 5401 incumbentes,
3431 5337 3575 5389 hunc

1994 5446 2255 5501 adorandi
2290 5444 2453 5501 ritum
2486 5450 2723 5498 servant.
2756 5438 2959 5494 Deinde
3001 5436 3277 5504 adjicitur.
3312 5441 3361 5486 et
3393 5428 3576 5482 anima

1994 5557 2108 5594 mea
2139 5538 2219 5592 illi
2250 5538 2396 5601 vivit,
2434 5546 2481 5589 et
2514 5552 2685 5589 semen
2723 5548 2890 5585 meum
2930 5529 3113 5583 serviet
3149 5528 3265 5595 ipsi.
3301 5523 3433 5591 Quae
3462 5524 3577 5577 cla-

1995 5636 2111 5690 rius
2180 5629 2540 5704 Symmachus
2592 5629 2705 5683 haec
2764 5642 2867 5680 una
2926 5623 3186 5693 copulatis
3246 5620 3561 5689 interpreta-
