4010 6544
496 335 602 391 215

1141 334 1409 392 EUSEBII
1448 336 1929 393 CASSARIENSIS
1968 336 2055 393 ΟΡ

2159 335 2343 391 PARS
2383 335 2472 390 ιιι.
2512 365 2580 377 --
2611 334 3009 392 ΕΧΕΟΕΤΙΟΔ.

3645 342 3759 396 illi

497 460 609 514 tur,
643 458 764 503 ante
791 450 962 519 ipsum
1000 465 1166 519 genua
1206 450 1411 517 ﬂectant
1440 467 1614 505 omnes
1641 453 1729 522 qui
1763 450 2054 506 descendun

2180 466 2301 504 πον.
2328 445 2441 503 Εἶθ’
2472 449 2598 521 ἑξῆς
2627 448 2873 521 εἴρηται·
2901 449 3009 505 Kal
3036 451 3075 520 ἠ
3106 451 3276 520 ψυχή
3305 469 3420 516 μου
3465 450 3624 517 αὐτῷ
3648 449 3720 520 ζῇ
3739 467 3755 481 .

495 543 552 595 in
610 550 848 595 terram:
901 540 1049 610 cujus
1096 540 1274 592 anima
1299 541 1446 605 vivet,
1494 559 1669 595 semen
1722 552 1897 596 autem
1946 544 2075 597 colet

496 635 693 697 ipsum.
734 632 814 686 Illi
862 646 1070 693 omnes.
1107 630 1311 701 inquit.
1368 634 1785 702 procumbentes
1816 642 1869 689 et
1900 650 2074 706 genua

496 726 772 781 ﬂectentes
801 726 1124 789 adorabunt,
1158 726 1357 796 quibus
1379 741 1506 797 spes
1539 734 1624 781 est
1671 735 1726 779 ut
1768 728 1948 780 anima
1993 727 2075 780 vi-

496 826 607 886 vat,
636 826 691 873 et
715 833 947 888 quorum
980 834 1167 873 semen
1190 819 1333 873 colet
1360 819 1563 888 ipsum.
1599 818 1755 884 Quod
1780 820 1825 875 si
1858 819 1981 889 quis
2008 834 2075 874 ex

493 927 726 982 persona
788 912 1089 966 Salvatoris
1142 911 1258 965 hac
1320 911 1469 966 dicta
1511 911 1643 966 velit
1695 911 1978 981 excipere,
2022 920 2073 966 et

493 1006 674 1058 anima
711 1020 826 1057 mea
857 1003 939 1056 illi
971 1003 1117 1070 vivit,
1162 1003 1462 1058 secundum
1495 1002 1802 1057 versionem
1837 1001 2073 1074 Septua-

491 1099 635 1165 ginta
682 1093 1073 1166 lnterpretum;
1127 1103 1182 1150 et
1233 1094 1404 1159 illud,
1447 1111 1619 1149 semen
1671 1111 1841 1149 meum
1888 1096 2073 1149 serviet

489 1190 625 1257 ipsi;
655 1189 705 1244 is
734 1188 884 1243 dicat
920 1188 1035 1243 haec
1074 1203 1104 1242 a
1143 1186 1427 1243 Salvatore
1467 1188 1833 1259 pronuntiari,
1864 1188 1957 1257 qui
1986 1198 2069 1243 to-

489 1294 604 1334 tum
636 1280 782 1336 hunc
805 1282 1075 1351 psalmum
1105 1281 1173 1337 de
1201 1282 1440 1351 qualibet
1477 1281 1658 1335 anima
1696 1280 1801 1335 sibi
1832 1278 2067 1345 addicta,

488 1386 699 1426 necnon
728 1372 795 1427 de
812 1372 1021 1428 semine
1051 1372 1497 1442 suo,protulerit.
1525 1369 1720 1426 Semen
1748 1376 1930 1425 autem
1950 1369 2070 1440 ejus

488 1463 762 1532 quodnam
794 1479 919 1521 esse
946 1464 1173 1526 dixeris,
1204 1462 1309 1520 nisi
1345 1478 1441 1520 eos
1468 1463 1563 1535 qui
1591 1464 1694 1533 ipsi
1725 1479 1821 1534 per
1847 1477 2072 1535 genera-

489 1557 693 1611 tionem
720 1554 957 1627 Spiritus
989 1557 1164 1613 sancti
1201 1556 1295 1611 lilii
1329 1557 1435 1612 orti
1473 1562 1646 1623 sunt;
1677 1557 1773 1626 qui
1805 1570 1929 1611 cum
1968 1553 2071 1610 Pa-

486 1658 626 1703 trem
685 1648 807 1717 ejus
858 1649 1149 1717 coluerint,
1200 1657 1461 1707 :eternam
1508 1664 1573 1704 ac
1630 1649 1845 1706 beatam
1900 1648 2066 1705 vitam

486 1750 919 1813 consequentur.

2176 542 2275 596 καὶ
2315 541 2382 595 τὸ
2412 540 2650 611 σπέρμα
2683 559 2800 611 μου
2836 540 3155 596 δουλεύσει
3177 541 3354 608 αὐτῷ.
3393 545 3458 597 '0
3495 542 3559 615 δὴ
3588 543 3760 612 σαφέ-

2177 653 2365 707 στερον
2389 636 2730 707 ἡρμήνευσεν
2756 636 2785 688 6
2808 637 3102 707 Σύμμαχος
3136 635 3379 705 συνάψας
3411 636 3506 690 καὶ
3545 637 3720 690 εἱπιὶιν
3738 652 3754 668 ·

2179 731 2557 798 Ἐμπροσθεν
2583 728 2768 783 αὑτοῦ
2798 728 3175 783 ὀκλάσουσιν
3195 728 3456 794 ἅπαντες
3481 731 3535 783 al
3574 746 3761 783 καταρ

2174 823 2481 887 ϐαίνοντες
2513 822 2599 886 εἰς
2632 820 2833 873 κόνιν·
2871 816 2942 876 οὗ
2984 823 3022 889 ἠ
3064 818 3236 890 ψυχὴ
3271 819 3466 887 ζήσει,
3511 820 3757 889 σπέρμα

2172 913 2241 967 δὲ
2269 913 2582 981 λατρεύσει
2609 910 2788 976 αὐτῷ.
2816 912 3021 975 Πάντες
3039 910 3147 981 γὰρ
3170 911 3342 975 αὐτοὶ,
3370 912 3553 982 φησὶν,
3582 911 3755 965 όκλά-

2176 1021 2399 1069 σαντες,
2458 1003 2551 1056 καὶ
2594 1003 2722 1072 γόνυ
2782 1004 3059 1068 κλίναντες
3112 1004 3611 1075 προσκυνήσουσιν·
3668 997 3755 1058 ὧν

2173 1097 2327 1161 ἐλπὶς
2353 1097 2613 1170 ζήσεσθαι
2636 1099 2733 1169 τὴν
2756 1097 2954 1169 ψυχὴν,
2982 1100 3076 1151 καὶ
3097 1091 3169 1151 ὧν
3188 1098 3249 1152 τὸ
3276 1098 3495 1168 σπέρμα
3520 1097 3755 1171 λατρεύ-

2174 1206 2255 1242 σει
2284 1188 2451 1259 αύτῷ.
2479 1190 2543 1243 Ei
2584 1189 2641 1242 δὲ
2679 1190 2744 1243 ὲκ
2774 1188 3064 1261 προσώπου
3094 1189 3185 1244 τοῦ
3214 1189 3463 1258 λέγοντος
3494 1189 3755 1261 Σωτῆρος

2174 1280 2415 1351 βούλοιτό
2435 1298 2518 1344 τις
2548 1279 2778 1339 ἀκοῦσαι
2810 1282 2897 1334 τό·
2930 1281 3043 1335 Kal
3072 1282 3111 1349 ἠ
3133 1280 3303 1350 ψυχή
3331 1298 3449 1350 μου
3476 1280 3635 1346 αὐτῷ
3652 1278 3751 1348 ζῇν

2171 1372 2313 1425 κατά
2364 1373 2462 1443 τὴν
2516 1374 2626 1425 τῶν
2692 1372 3089 1444 Ἐϐδομήκοντα
3134 1372 3462 1444 ἑρμηνείαν·
3510 1372 3624 1437 καὶ,
3670 1370 3752 1425 Τὸ

2169 1464 2406 1535 σπέρμα
2438 1482 2556 1534 μου
2587 1464 2903 1519 δουλεύσει
2935 1465 3124 1532 αὐτῷ·
3173 1464 3317 1519 εἴποι
3347 1463 3413 1518 ἀν
3453 1462 3622 1518 ταῦτα
3651 1462 3749 1517 λέ-

2168 1554 2358 1623 γεσθαι
2389 1555 2493 1609 ὑπὸ
2530 1554 2624 1608 τοῦ
2661 1556 2932 1627 Σωτῆρος,
2978 1556 3164 1609 τοῦτον
3205 1556 3381 1609 πάντα
3419 1554 3508 1608 τὸν
3532 1552 3752 1624 ψαλμὸν

2166 1646 2451 1713 διεξιόντος
2475 1647 2603 1719 περὶ
2641 1648 2821 1721 πάσης
2853 1647 3032 1718 ψυχῆς
3060 1647 3208 1719 αὐτῷ
3236 1645 3619 1718 ἀνακειμένης,
3646 1644 3751 1697 καὶ

2168 1738 2299 1810 περὶ
2320 1736 2414 1793 τοῦ
2441 1738 2607 1792 αὑτοῦ
2638 1738 2970 1811 σπέρματος.
3002 1738 3231 1811 Σπέρμα
3273 1739 3332 1793 δὲ
3377 1736 3541 1793 αὑτοῦ
3579 1736 3632 1789 τί
3672 1735 3751 1789 ἂν

482 1834 659 1897 εἴποις
678 1833 713 1905 ἢ
757 1834 883 1899 τοὺς
907 1834 995 1889 διὰ
1027 1836 1330 1907 γεννήσεως
1359 1835 1512 1906 άγίου
1556 1835 1870 1911 Πνεύματος
1906 1832 2281 1904 γεννωμένους
2318 1829 2466 1902 αὐτῷ
2489 1830 2656 1895 υἱοὺς,
2680 1830 2729 1884 οἳ
2751 1831 2844 1885 καὶ
2872 1829 3253 1896 δουλεύσαντες
3274 1830 3352 1903 τῷ
3378 1829 3541 1885 αὑτοῦ
3564 1829 3747 1899 Πατρὶ

482 1926 581 1996 τῆς
604 1924 820 1979 αἰωνίου
850 1925 943 1979 καὶ
974 1925 1249 1997 μακαρίας
1273 1926 1419 1998 ζωῆς
1450 1926 1800 1997 μεθέξουσινς

557 2016 720 2072 Vsus.
758 2016 848 2073 52.
896 2016 1317 2072 Annuntiabitur
1364 2016 1591 2071 Domino
1631 2018 1899 2089 generatio
1944 2034 2056 2072 ven-

2250 2007 2736 2076 Ἀνατγελήσεται
2776 2006 2857 2075 τῷ
2905 2010 3100 2077 Κυρίῳ
3130 2008 3303 2078 γενεὰ
3349 2010 3390 2079 ἢ
3422 2010 3741 2085 ἐρχομένη,

482 2119 629 2178 tura,
652 2123 702 2165 et
742 2110 1133 2165 annuntiabunt
1166 2111 1285 2164 caeli
1310 2110 1581 2180 justitiam
1604 2110 1718 2179 ejus
1754 2110 1944 2179 populo
1974 2110 2063 2180 qui

482 2210 749 2264 nascetur,
775 2217 927 2269 quem
973 2200 1093 2266 fecit
1140 2198 1421 2253 Dominus.
1465 2198 1765 2268 Postquam
1810 2195 2063 2252 Servatur

481 2307 669 2346 semen
698 2307 860 2347 suum
892 2291 1213 2346 memoravit
1250 2290 1337 2346 bis
1364 2291 1568 2358 verbis,
1609 2300 1657 2345 et
1691 2305 1862 2344 semen
1890 2305 2059 2342 meum

479 2386 667 2439 seruiet
691 2386 816 2455 ipsi,
840 2382 1113 2454 quodnam
1150 2382 1283 2438 illud
1318 2398 1505 2439 semen
1551 2383 1621 2439 sit
1668 2382 1834 2453 probe
1866 2379 2056 2451 aperit,

479 2493 606 2533 cum
652 2478 1060 2550 generationem
1105 2485 1413 2542 venturam,
1457 2484 1513 2533 et
1552 2477 1808 2547 p0pulum
1840 2474 1933 2545 qui
1961 2489 2058 2529 na-

479 2576 664 2622 scetur
694 2574 1106 2623 commemorat.
1142 2566 1607 2633 Quemadmodum
1655 2567 1798 2621 enim
1826 2580 1947 2637 quae
1977 2564 2060 2635 gi-

479 2667 723 2729 gnuntur
752 2676 817 2715 ex
848 2660 1056 2716 semine
1106 2661 1319 2716 initium
1362 2659 1659 2718 exsistendi
1701 2660 1928 2725 ducunt,
1963 2674 2058 2714 eo-

477 2752 598 2806 dem
631 2765 858 2822 prorsus
892 2752 1059 2808 modo
1084 2752 1425 2809 nasciturum
1456 2752 1715 2823 populum
1745 2760 1798 2807 et
1828 2766 2056 2822 genera-

478 2848 681 2900 tionem
710 2852 1019 2910 venturam,
1052 2861 1249 2902 novam
1282 2846 1493 2902 scilicet
1538 2861 1603 2901 ac
1654 2854 1950 2911 recentem,
1987 2861 2056 2902 ex

479 2938 627 2993 tullo
659 2938 874 2994 initium
912 2946 1262 3010 accepturam
1310 2938 1572 3007 declarat,
1624 2939 1730 2995 nisi
1774 2954 1843 2995 ex
1889 2939 2056 2994 ratio-

476 3031 583 3085 nali
625 3032 835 3087 semine
883 3047 1006 3095 suo,
1034 3031 1178 3100 quod
1216 3033 1335 3102 ipse
1372 3047 1615 3102 praesens
1654 3047 1750 3101 per
1779 3033 2054 3101 apostolos

477 3124 529 3175 in
584 3130 729 3177 terra
782 3123 1192 3192 disseminabat,
1218 3125 1471 3181 videlicet
1524 3125 1778 3195 spiritum
1809 3125 2054 3193 adoptio-

476 3218 580 3272 nis.
642 3216 785 3271 Loco
829 3217 1014 3283 illius,
1067 3217 1471 3272 annuntiabitur
1516 3215 1743 3269 Domino
1786 3216 2052 3286 generatio

476 3320 715 3377 ventura,
739 3312 938 3365 mirum
966 3311 1021 3365 in
1061 3310 1282 3365 modum
1324 3309 1703 3382 Symmachus,
1732 3308 2052 3363 describetur

476 3406 529 3457 in
580 3404 715 3459 libro
759 3404 999 3461 Domino.
1055 3403 1322 3459 Futurum
1366 3357 1489 3459 erat
1534 3410 1594 3457 ut
1637 3402 2051 3458 annuntiaretur
2078 3357 2120 3415 ϐ

476 3497 754 3566 generatio
782 3505 1006 3552 ventura
1031 3514 1046 3563 ;
1079 3496 1213 3566 quin
1241 3495 1405 3551 etiam
1438 3493 1671 3549 Domino
1699 3508 2053 3550 consecrare-

475 3598 566 3642 tur
607 3589 740 3643 Iiber
770 3589 1067 3659 prophetiae
1106 3590 1175 3643 de
1222 3590 1573 3659 generatione
1625 3594 1856 3644 ventura
1888 3602 1952 3642 ac
1985 3586 2053 3642 de

477 3683 673 3752 populo
711 3684 1016 3738 nascituro.

862 3794 1187 3851 PSALMUS
1254 3792 1463 3848 DAVID
1522 3791 1693 3849 XXII.

543 3913 705 3969 Vens.
746 3914 799 3979 l,
834 3912 891 3968 2.
924 3915 1180 3968 Dominus
1203 3911 1372 3981 pascit
1405 3926 1504 3974 me,
1536 3916 1587 3963 et
1618 3907 1752 3963 nihil
1787 3908 1917 3961 mihi
1952 3907 2046 3963 de-

467 4008 591 4072 erit,
621 4008 675 4060 in
708 4006 821 4061 loco
850 4022 1062 4075 pascuis
1093 4004 1164 4058 ibi
1207 4020 1288 4057 me
1316 4002 1611 4057 collocavit.
1661 3999 1831 4070 Super
1855 4016 2047 4071 aquam

468 4098 767 4165 refectionis
811 4096 1050 4150 educavit
1110 4112 1220 4159 me,
1253 4095 1486 4148 animam
1539 4110 1709 4147 meam
1768 4093 2041 4148 convertit.

470 4188 702 4241 Deduxit
729 4203 827 4240 me.
863 4184 1056 4241 Ovium
1098 4186 1343 4240 conditio
1376 4201 1475 4241 ceu
1510 4186 1722 4240 medius
1762 4194 1937 4241 status
1960 4194 2044 4241 est

467 4280 613 4335 inter
656 4278 1021 4349 perfectorum
1074 4293 1455 4349 progressum,
1505 4286 1560 4333 et
1605 4293 1793 4332 eorum
1841 4286 2041 4333 statum

466 4371 562 4442 qui
594 4385 719 4425 cum
762 4372 817 4424 in
858 4368 1131 4439 profundo
1169 4369 1427 4438 nequitia:
1473 4369 1884 4440 provolvantur,
1919 4369 2041 4424 ideo

468 4460 757 4531 reptilibus
788 4461 1033 4531 ferisque
1058 4462 1365 4532 agrestibus
1410 4467 1821 4531 comparantur.
1854 4459 2040 4517 Perfe-

465 4563 588 4609 ctus
624 4568 860 4624 namque
909 4553 993 4606 vir
1035 4554 1083 4608 is
1138 4553 1322 4621 fuerit,
1368 4553 1527 4622 cujus
1563 4553 1745 4606 anima
1795 4553 1859 4606 ad
1903 4552 2035 4607 ima-

465 4650 643 4717 ginem
682 4658 737 4703 et
779 4647 1194 4703 similitudinem
1222 4646 1314 4701 Dei
1350 4646 1513 4708 facta,
1551 4646 1797 4701 moribus
1827 4647 1891 4700 ad
1929 4646 2036 4700 vir-

2163 2100 2261 2153 xal
2291 2100 2694 2169 ἀναη-ελοῦσι
2716 2099 2830 2169 τὴν
2854 2100 3252 2169 δικαιοσύνην
3285 2102 3472 2157 αὐτοῦ
3499 2104 3629 2171 λαῷ
3656 2106 3742 2174 τῷ

2160 2190 2599 2260 τεχθησομένῳ,
2623 2190 2696 2244 ὃν
2716 2191 3005 2260 ἐποίησεν
3026 2196 3059 2247 ὃ
3081 2195 3318 2262 Κύριος.
3349 2196 3741 2268 Προονομάσας

2162 2284 2387 2354 σπέρμα
2412 2280 2575 2336 αὐτοῦ
2610 2284 2639 2335 6
2662 2282 2851 2354 Σωτὴρ
2882 2284 2939 2336 ὲν
2970 2284 3077 2355 τῷ·
3107 2286 3216 2341 Kal
3244 2286 3310 2340 τὸ
3338 2288 3579 2358 σπέρμα
3613 2308 3736 2359 μου

2158 2374 2478 2429 δουλεύσει
2508 2373 2693 2439 αὐτῷ·
2723 2374 2776 2428 τί
2805 2392 2935 2428 ποτε
2966 2375 3051 2447 εἴη
3076 2376 3232 2430 τοῦτο
3252 2378 3314 2432 τὸ
3365 2380 3585 2452 σπέρμα
3621 2382 3737 2436 δια-

2162 2470 2343 2538 σαφεῖ,
2374 2466 2564 2536 γενεάν
2599 2469 2900 2541 ἐρχομένην
2935 2468 3215 2541 ὀνομάζων
3255 2473 3350 2527 καὶ
3376 2473 3504 2528 λαὸν
3540 2476 3735 2547 τεχθη-

2162 2561 2405 2631 σόμενον.
2441 2560 2650 2631 Ὥσπερ
2676 2560 2784 2632 γὰρ
2809 2560 2878 2614 τὰ
2906 2562 3237 2635 γεννώμενα,
3268 2565 3376 2619 ἀπὸ
3404 2569 3734 2640 σπερμάτων

2156 2648 2256 2721 τὴν
2285 2649 2457 2721 ἀρχὴν
2487 2648 2587 2719 τῆς
2615 2650 2965 2716 ὑποστάσεως
2995 2652 3281 2725 λαμϐάνει,
3307 2657 3397 2710 τὸν
3419 2658 3580 2713 αὐτὸν
3605 2663 3734 2733 τρό-

2160 2756 2260 2793 πον
2283 2739 2372 2793 τὸν
2394 2738 2785 2811 τεχθησόμενον
2820 2741 2946 2795 λαὸν
2985 2744 3076 2796 καὶ
3110 2745 3207 2816 τὴν
3249 2745 3608 2820 ἐλευσομένην
3633 2768 3727 2819 γε·

2159 2837 2302 2900 νεάν,
2338 2837 2462 2890 νέαν
2492 2832 2654 2892 οὖσαν
2700 2839 2795 2892 καὶ
2847 2840 3073 2912 καινὴν,
3114 2839 3413 2911 οὐδαμόθεν
3459 2840 3600 2908 ἕξειν
3629 2843 3728 2914 τὴν

2157 2928 2331 3001 ἀρχὴν
2358 2930 2683 3001 παρίστησιν
2702 2931 2815 2984 ἀλλ’
2841 2930 2874 3002 ἢ
2905 2932 2970 2984 ὲκ
2998 2932 3106 2985 τῶν
3128 2932 3290 2986 αὑτοῦ
3314 2933 3543 3001 λογικῶν
3567 2952 3728 3007 σπερ-

2160 3018 2364 3089 μάτων,
2390 3013 2464 3075 ὧν
2497 3022 2590 3075 ἐπὶ
2617 3022 2720 3093 γῆς
2747 3022 2937 3094 παρὼν
2964 3023 3322 3077 κατεϐάλλετο
3347 3025 3434 3079 διὰ
3459 3026 3567 3079 τῶν
3593 3028 3727 3082 ἀπο-

2159 3109 2357 3163 στόλων
2381 3110 2567 3177 αύτοῦ,
2589 3113 2649 3166 τὸ
2676 3114 2891 3185 πνεῦμα
2913 3115 3011 3186 τῆς
3031 3115 3317 3180 υἱοθεσίας.
3350 3117 3491 3170 Ἀντὶ
3517 3118 3571 3171 δὲ
3594 3119 3688 3173 τοῦ
3707 3136 3722 3152 ·

2171 3201 2658 3272 Ἁναγγελήσεται
2690 3204 2770 3270 τῷ
2790 3207 2983 3273 Κιιρίῳ
3003 3208 3176 3276 γενεὰ
3196 3209 3232 3276 ἡ
3260 3208 3568 3279 ἐρχομένη,
3598 3213 3726 3282 σφό-

2156 3292 2257 3365 δρα
2304 3293 2628 3365 θαυμαστῶς
2671 3296 2699 3349 6
2742 3296 3068 3369 Σύμμαχος·
3126 3300 3620 3371 Ἀναγραφήσεται
3656 3305 3727 3359 ἐν

2146 3384 2365 3453 ,βιϐλίῳ
2408 3387 2489 3453 τῷ
2525 3390 2720 3457 Κυρίῳ
2771 3389 2869 3461 (1).
2911 3392 3179 3463 Ἤμελλεν
3223 3393 3641 3464 ἀναγγέλλεσθαι
3689 3400 3721 3469 ἡ

2150 3476 2312 3545 γενεά
2354 3478 2387 3549 ἡ
2439 3479 2731 3553 ἐρχομένη·
2772 3481 2885 3535 ἀλλ’
2931 3483 3357 3555 ἀνατεθήσεσθαι
3408 3486 3485 3557 τῷ
3536 3488 3723 3560 Κυρίῳ

2151 3568 2330 3640 βίϐλος
2358 3576 2692 3645 προφητείας
2725 3576 2852 3648 περ)⁸
2888 3576 2991 3647 τῆς
3022 3581 3213 3647 γενεᾶς
3251 3581 3352 3652 τῆς
3403 3582 3718 3655 ἐρχομένης.

2151 3664 2243 3717 καὶ
2270 3665 2363 3719 τοῦ
2398 3666 2800 3738 τεχθησομένου
2828 3668 2980 3722 λαοῦ.

2526 3804 2815 3857 ΨΑΛΜΟΣ
2856 3805 2941 3858 ΤΩ
2979 3805 3178 3858 ΔΑΥΙΔ
3220 3807 3346 3860 KB'.

2217 3917 2432 3984 Κύριος
2464 3919 2755 3987 ποιμαίνει
2785 3936 2881 3987 με,
2908 3919 3005 3973 καὶ
3039 3920 3219 3974 οὐδέν
3246 3938 3323 3990 με
3360 3921 3677 3990 ὐστερήσει
3698 3938 3715 3955 ·

2144 4010 2231 4074 εις
2270 4010 2458 4062 τόπον
2507 4010 2701 4078 χλόης
2758 4010 2888 4063 ἐκεῖ
2944 4028 3021 4080 με
3074 4011 3571 4082 κατεσκήνωσεν,·
3617 4014 3717 4068 ἐπὶ

2144 4099 2361 4166 ὕδατος
2386 4101 2780 4168 ἀναπαύσεως
2804 4101 3086 4172 ἐξέθρεψέ
3101 4122 3175 4173 με
3192 4118 3205 4132 ·
3230 4104 3342 4173 τὴν
3366 4105 3575 4176 ψυχήν
3597 4122 3719 4175 μου

2140 4191 2531 4260 ἐπέστρεψεν.
2576 4192 2872 4263 Ὧδήγησέ
2911 4212 3007 4265 με.
3054 4197 3208 4269 Μέση
3253 4198 3508 4268 τυγχάνει
3552 4200 3718 4253 κατά-

2143 4302 2330 4347 στασις
2356 4285 2388 4356 ἡ
2414 4284 2521 4337 τῶν
2547 4284 2831 4356 προϐάτων
2851 4287 2949 4359 τῆς
2975 4305 3035 4341 τε
3064 4288 3171 4341 τῶν
3194 4288 3412 4342 τελείων
3438 4289 3717 4361 προκοπῆς

2140 4376 2233 4427 καὶ
2258 4374 2365 4427 τῶν
2393 4375 2448 4425 ὲν
2471 4374 2617 4444 βυθῷ
2643 4376 2841 4440 κακίας
2868 4377 3314 4449 καλινδουμένων,
3333 4380 3425 4433 καὶ
3451 4379 3538 4434 διά
3557 4380 3715 4434 τοῦτο

2140 4468 2389 4538 ἑρπετοῖς
2423 4465 2514 4518 καὶ
2564 4465 2770 4539 θηρίοις
2824 4470 3037 4542 ἀγρίοις
3082 4470 3593 4543 παραϐαλλομένων,
3651 4472 3712 4526 '0

2141 4556 2239 4627 μὲν
2270 4556 2378 4626 γὰρ
2409 4556 2613 4621 τέλειος
2636 4559 2831 4626 γένοιτ’
2866 4560 2932 4614 ἂν
2976 4563 3004 4613 6
3051 4561 3193 4616 κατά
3231 4564 3331 4634 τὴν
3378 4564 3562 4617 εἰκόνι
3615 4564 3709 4618 τοῦ

2137 4644 2271 4698 Θεοῦ
2302 4646 2397 4698 καὶ
2436 4646 2534 4716 τὴν
2573 4648 2832 4719 ὁμοίωσιν
2874 4651 3037 4704 αὑτοῦ
3084 4652 3183 4723 τὴν
3229 4652 3404 4723 ψυχὴν
3446 4657 3557 4717 τοῖς
3592 4658 3711 4707 κατ’

463 4746 632 4793 tutem
682 4738 1026 4793 concinnatis
1082 4736 1341 4807 insignita
1383 4744 1465 4791 est
1503 4756 1515 4790 ε
1561 4736 1653 4807 qui
1708 4734 2031 4800 Dominum,

2157 4737 2334 4810 ιρετὴν
2356 4740 2577 4811 τρόποις
2593 4743 3203 4814 κεχαρακτηρισμένοις·
3225 4746 3252 4797 6
3273 4748 3364 4800 καὶ
3385 4745 3605 4815 βασιλέα
3620 4748 3710 4801 τὸν

462 4847 643 4900 regem
680 4832 808 4891 sibi,
845 4847 954 4886 non
988 4839 1292 4901 pastorem,
1334 4830 1603 4884 inscribit.
1653 4830 1754 4896 Qui
1796 4845 1928 4884 vero
1965 4844 2031 4883 ex

2157 4828 2362 4901 “pinv,
2378 4831 2491 4884 ἀλλ’
2507 4833 2567 4885 ού
2586 4835 2819 4904 ποιμένα
2846 4838 3277 4909 ἐπιγραφόμενος
3296 4856 3309 4869 ·
3334 4841 3361 4892 6
3380 4840 3433 4892 δὲ
3463 4839 3709 4893 ἐκπεσὼν

462 4923 777 4989 Ιιι1]118111οι]ί
813 4930 958 4977 statu
991 4921 1269 4991 delapsus,
1305 4930 1360 4976 et
1389 4922 1481 4992 qui
1516 4923 1736 4991 proprio
1764 4938 1826 4976 ac
1862 4922 2033 4978 libero

2157 4922 2360 4993 ταύτης,
2382 4924 2439 4991 ἐξ
2469 4926 2921 4998 αύτοπροαιρέτου
2942 4928 2996 4981 δὲ
3019 4930 3348 5001 διαστροφῆς
3373 4932 3462 4983 ἐπὶ
3489 4932 3586 5002 τὴν
3614 4931 3709 5001 θη-

459 5013 761 5068 voluntatis
805 5013 1033 5066 arbitrio
1072 5012 1127 5066 in
1178 5010 1381 5068 ferinos
1434 5028 1613 5067 mores
1667 5020 2030 5067 commutatus

2157 5013 2302 5087 ιιώδη
2324 5017 2741 5090 μεταϐεϐληκὼς
2764 5019 2895 5086 ἕξιν,
2922 5021 3083 5085 ἵππος
3106 5021 3418 5095 θηλυμανὴς
3440 5024 3709 5096 χρηματί-

460 5114 565 5172 est,
596 5106 643 5159 is
672 5105 869 5159 merito
895 5120 1067 5175 equus
1091 5105 1433 5163 effeminatus
1457 5114 1701 5167 vocetur,
1730 5106 1842 5159 sive
1872 5106 2033 5175 lupus

2157 5124 2217 5160 τοι
2238 5108 2321 5173 ἂν,
2345 5110 2439 5164 καὶ
2459 5110 2619 5175 λύκος
2635 5113 2987 5181 ἀρπακτικός.
3012 5117 3199 5186 Ὀφεις
3225 5117 3301 5182 δὲ,
3321 5119 3415 5172 καὶ
3433 5120 3592 5189 γεννή
3601 5136 3704 5188 μα-

460 5211 652 5265 rapax.
690 5194 1001 5250 Istiusmodi
1034 5206 1214 5251 autem
1241 5197 1512 5262 homines,
1546 5203 1849 5265 serpentes,
1883 5195 2035 5265 geni-

2157 5216 2202 5252 ta.
2226 5202 2570 5270 ὲχιδνῶν,καὶ
2590 5204 2821 5276 χοίρους,
2840 5208 2932 5260 καὶ
2954 5208 3139 5274 κύνας,
3156 5210 3247 5263 καὶ
3269 5208 3557 5275 ἀλώπεκας
3582 5212 3706 5273 τοὺς⁵

458 5288 607 5341 mina
640 5287 984 5358 viperarum,
1025 5304 1245 5358 porcos,
1290 5305 1478 5353 canes,
1522 5289 1712 5359 vulpes
1748 5287 2032 5356 Scriptura

458 5379 599 5433 solet
635 5378 928 5447 appellare.
972 5378 1075 5445 Qui
1102 5396 1231 5435 vero
1259 5396 1324 5435 ex
1352 5380 1454 5433 hac
1486 5378 1685 5432 misera
1717 5375 2032 5431 conditione

459 5471 516 5526 in
554 5470 831 5524 meliorem
882 5487 941 5526 sc
985 5472 1196 5541 frugem
1254 5471 1547 5539 recipiunt,
1597 5476 1712 5521 tum
1758 5468 1918 5537 quasi
1962 5468 2027 5522 ad

461 5562 767 5632 ingressum
805 5578 868 5617 ac
905 5564 1237 5618 vestibulum
1283 5562 1480 5617 divinat
1523 5559 1855 5629 cognitionis
1902 5575 2029 5630 pro-

460 5656 663 5728 gressi,
695 5673 823 5714 oves
850 5658 941 5714 Dei
982 5659 1107 5728 jure
1144 5664 1531 5725 nuncupentur
1558 5673 1572 5709 :
1606 5654 1672 5709 ad
1702 5653 2024 5725 perfectiora

540 5820 607 5888 (l)
643 5818 697 5874 In
734 5819 1001 5875 llcbraicU
1030 5818 1247 5887 legitur,
1284 5798 1435 5874 una“)
1484 5822 1639 5872 “iul.

2132 5289 2405 5355 τοιούτους
2423 5292 2611 5347 εἴωθεν
2631 5294 2915 5367 ὀνομάζειν
2940 5299 2971 5369 ἡ
2994 5300 3202 5373 Γραφή.
3222 5303 3283 5355 Ol.
3303 5301 3359 5354 δὲ
3385 5302 3449 5355 ὲκ
3470 5303 3568 5373 τῆς
3590 5319 3701 5354 τοι·

2136 5381 2305 5453 αύτης
2325 5383 2725 5451 καταπτώσεως
2745 5389 3167 5460 μεταϐάλλοντες
3186 5394 3276 5446 ἐπὶ
3298 5394 3398 5465 τὴν
3420 5394 3703 5465 κρείττονα

2137 5475 2485 5542 κατάστασιν,
2504 5478 2640 5543 τέως
2674 5482 2771 5552 μὲν
2804 5482 2991 5555 ὥσπερ
3014 5487 3070 5538 ἐν
3098 5488 3425 5555 εἰσαγωγαῖς
3446 5486 3540 5541 καὶ
3568 5503 3700 5556 προ-

2136 5566 2319 5638 θύροις
2348 5570 2657 5641 γιγνόμενοι
2690 5575 2788 5646 τῆς
2822 5577 2961 5631 κατά
2986 5576 3118 5630 Θεὸν
3141 5577 3413 5646 γνώσεως,
3456 5576 3701 5649 πρόϐατα

2134 5658 2198 5711 ἂν
2249 5660 2471 5726 εἰκότως
2503 5662 2749 5735 κληθεῖεν
2779 5667 2944 5721 Θεοῦ·
2985 5668 3354 5738 προκόψαντες
3397 5669 3454 5723 δὲ
3502 5669 3594 5723 ἐπὶ
3638 5668 3700 5723 τὸ
