4010 6566
256 373 362 429 217

1426 366 1931 426 οοιιιιΕΝτΑιιιΑ
1968 368 2041 425 IN
2079 369 2426 430 PSALMOS.

3420 376 3527 433 2l8

256 493 610 570 τελειότερον,
652 494 929 567 ἄνθρωποι
977 491 1427 567 χρηματίζουσιν.
1472 491 1600 545 Ὅτε
1628 509 1693 561 γε
1738 490 1846 563 μὴν

1954 503 2129 550 autem
2192 494 2481 566 provecti,
2544 493 2795 552 homines
2853 504 3144 552 vocantur.
3219 496 3302 552 Illi
3361 512 3529 567 porro

262 586 507 658 πρόϐατα
535 587 916 657 τυγχάνουσιν,
940 586 1046 638 ὑπὸ
1084 584 1303 655 ποιμένι
1330 582 1409 655 τῷ
1448 582 1538 637 διὰ
1586 584 1843 656 Ἰεζεκιὴλ

259 677 551 750 δηλωθέντι
596 676 779 742 Δαυῒδ,
829 676 1076 730 τουτέστι
1106 676 1183 748 τῷ
1233 678 1297 729 ὲκ
1338 676 1652 747 σπέρματος
1682 677 1844 731 Δαυῒδ

260 772 475 844 Σωτῆρι
512 771 670 844 ἡμῶν
714 770 809 824 καὶ
841 769 1095 843 Χριστῷ,
1154 769 1452 840 ἀγόμενοι,
1501 768 1845 822 διδάσκονται

261 863 439 935 λέγειν
464 882 476 896 ³
503 866 718 933 Κύριος
757 864 1051 933 ποιμαίνει
1086 880 1183 932 με,
1210 861 1308 915 καὶ
1340 860 1522 916 οὐδέν
1560 878 1631 931 με
1670 864 1847 916 ὑστε-

252 956 456 1027 ρήσει.
477 958 539 1011 Ui
567 957 623 1011 δὲ
654 958 806 1011 αὐτοὶ
832 957 932 1028 τῆς
960 958 1151 1027 νοερᾶς
1179 956 1274 1009 καὶ
1300 954 1493 1025 καινῆς
1516 954 1722 1026 τροφῆς
1752 956 1847 1010 καὶ

262 1047 401 1111 πόας
442 1046 961 1119 ἀντιλαμϐανόμενοι
994 1046 1093 1117 τῆς
1136 1048 1194 1099 ὲν
1233 1048 1347 1109 τοῖς
1393 1047 1558 1118 ἱεροῖς
1603 1046 1849 1115 Εὑαγγε-

262 1138 399 1204 λῑοις
431 1138 677 1212 ἐροῦσιν
708 1138 813 1206 Εὶς
850 1141 1036 1193 τόπον
1055 1140 1248 1208 χλόης
1278 1137 1407 1192 ἐκεῖ
1435 1155 1514 1207 με
1554 1138 1849 1206 κατεσκή-

263 1250 481 1289 νωσεν.
499 1234 675 1288 Πίνων
693 1233 742 1286 δὲ
769 1231 862 1288 τοῦ
890 1232 1077 1296 ὓδατος
1102 1234 1130 1285 ὁ
1153 1232 1504 1303 εἰσαγόμενος
1526 1233 1584 1285 ὲν
1604 1233 1845 1305 Χριστῷ,

265 1324 421 1379 οὔπω
441 1325 497 1379 δὲ
527 1326 621 1379 τοῦ
646 1325 786 1379 οῖνου
814 1323 907 1377 τοῦ
943 1324 1044 1395 τῆς
1070 1324 1326 1396 ἀληθινῆς
1364 1325 1606 1396 ἀμπέλου
1650 1320 1761 1390 οἶός
1789 1345 1848 1380 τε

267 1417 343 1471 ὣν
371 1417 826 1489 μεταλαμϐάνειν,
856 1416 944 1470 διά
976 1417 1038 1470 τὸ
1074 1415 1156 1469 ἑτι
1196 1406 1472 1487 πρόϐατον
1508 1411 1665 1483 εἶναι,
1710 1417 1849 1482 τέως

264 1510 323 1564 δὲ
356 1510 433 1581 τῷ
456 1510 707 1582 σωτηρίῳ
753 1509 1086 1583 τρεφόμενος
1143 1507 1316 1574 ὕδατι,
1362 1510 1491 1580 περὶ
1536 1502 1597 1563 οὗ
1649 1509 1779 1563 ἐϐόα
1821 1510 1851 1562 ό

266 1601 457 1673 Σωτὴρ
483 1600 686 1671 λέγων’
728 1601 805 1656 El
832 1619 922 1669 τις
953 1598 1125 1669 διψᾷ,
1150 1599 1417 1670 ἐρχέσθω
1443 1602 1597 1669 πρός
1623 1618 1701 1671 με
1749 1601 1849 1654 καὶ

265 1692 510 1747 πινέτω·
539 1695 635 1748 καὶ
675 1692 869 1748 πάλινο
907 1693 971 1747 '0
1001 1693 1194 1747 πίνων
1247 1693 1316 1746 ἐκ
1364 1691 1470 1747 τοῦ
1510 1691 1731 1758 ὕδατος
1777 1687 1849 1747 οὗ

262 1783 379 1855 ἐγὼ
414 1784 589 1840 δώσω
618 1786 800 1853 αὐτῷ,
838 1785 1091 1855 ποταμοί
1124 1784 1195 1838 ἐκ
1244 1783 1355 1852 τῆς
1388 1784 1621 1851 κοιλίας
1666 1782 1852 1840 αὑτοῦ

1945 586 2165 656 quando
2191 601 2325 643 oves
2353 594 2516 653 sunt,
2561 603 2593 642 a
2625 596 2846 659 pastore
2892 606 3053 661 quem
3078 589 3330 647 Ezechiel
3364 588 3531 645 Davi-

1945 676 2032 731 dis
2084 676 2309 733 nomine
2365 677 2574 733 indicat
2607 680 2678 746 ",
2712 678 2762 734 id
2810 686 2893 735 est
2947 680 3287 738 aSalvatore
3337 688 3529 737 nostro

1945 766 2169 824 Christo
2194 768 2369 834 ducti,
2401 770 2469 825 ad
2500 771 2616 826 haec
2640 772 2873 827 dicenda
2914 772 3304 837 instituuntur,
3342 771 3531 827 Domi—

1947 876 2044 914 nus
2070 861 2241 930 pascit
2276 878 2379 927 me,
2403 872 2453 917 et
2482 863 2617 917 nihil
2641 864 2769 917 milii
2790 865 2978 921 deerit.
3031 865 3112 920 illi
3149 882 3277 921 vero
3304 866 3409 938 ipsi
3446 865 3532 920 in-

1948 951 2213 1021 telligibili
2246 967 2309 1006 ac
2334 968 2480 1007 novo
2514 953 2772 1009 alimento
2804 964 2968 1025 atque
2996 956 3217 1025 pascuis
3246 972 3528 1012 sacrorum

1948 1044 2368 1116 Evangeliorum
2426 1049 2686 1112 enutriti,
2735 1048 2943 1114 dicent,
2980 1050 3034 1105 in
3072 1048 3185 1103 loco
3216 1030 3428 1118 pascuae
3457 1050 3531 1105 ibi

1949 1154 2030 1191 me
2064 1137 2361 1193 collocavit.
2399 1138 2504 1204 Qui
2544 1147 2725 1195 autem
2767 1140 2820 1194 in
2852 1140 3076 1196 Christo
3106 1141 3376 1206 initiatur,
3410 1142 3532 1212 qui-

1948 1244 2057 1299 que
2090 1243 2287 1299 aquam
2316 1238 2491 1300 potat,
2520 1232 2664 1301 quod
2695 1232 2940 1286 nondum
2974 1232 3149 1288 valeat
3177 1235 3360 1288 vinum
3392 1249 3537 1289 vene

1950 1321 2078 1376 vitis
2118 1321 2329 1387 bibere,
2366 1322 2497 1393 quia
2535 1323 2714 1377 adhuc
2768 1323 2823 1377 in
2871 1324 3053 1378 ovium
3110 1340 3343 1380 numero
3381 1340 3536 1379 com-

1950 1418 2199 1485 putatur,
2246 1415 2342 1469 sed
2390 1421 2576 1470 tamen
2623 1416 2855 1470 salutari
2904 1416 2997 1470 illa
3036 1431 3179 1486 aqua
3227 1422 3531 1479 recreatur,

1951 1507 2018 1562 de
2045 1522 2151 1576 qua
2179 1503 2432 1561 Salvator
2478 1506 2594 1562 llch
2626 1508 2862 1562 clamat:
2899 1507 2959 1562 Si
3005 1509 3123 1578 quis
3170 1508 3285 1562 sitit
3309 1548 3323 1573 ,
3362 1511 3536 1563 veniat

1953 1598 2022 1652 ad
2054 1615 2133 1653 me
2164 1608 2213 1653 et
2247 1598 2392 1653 bibat
2446 1601 2527 1662 ης
2568 1610 2623 1656 et
2656 1602 2852 1656 iterum
2892 1618 2905 1654 :
2954 1600 3064 1666 Qui
3107 1599 3292 1655 biberit
3342 1617 3534 1672 aquam

1951 1707 2109 1762 quam
2157 1708 2251 1762 ego
2299 1692 2439 1747 dabo
2491 1694 2560 1757 ei,
2616 1693 2843 1761 ﬂumina
2892 1693 2956 1748 de
3004 1704 3178 1749 ventre
3225 1695 3339 1764 ejus
3369 1694 3538 1765 ﬂuent

1955 1801 2107 1858 aqua:
2137 1786 2325 1840 vim“
2349 1804 2365 1854 ;
2391 1802 2455 1841 ac
2488 1802 2742 1844 rursum:
2778 1789 2884 1855 Qui
2914 1788 3102 1844 biberit
3123 1805 3188 1845 ea:
3211 1807 3350 1861 aqua
3376 1806 3536 1861 quant

256 1873 599 1942 ῥεύσουσιν
620 1875 840 1942 ὓδατος
865 1874 1079 1940 ζῶντος
1096 1890 1111 1903 ·
1142 1873 1237 1927 καὶ
1258 1868 1441 1937 αὖθιςο
1477 1873 1541 1927 '0
1566 1874 1761 1927 πίνων
1783 1872 1851 1926 ἐκ

1954 1892 2048 1947 ego
2077 1874 2215 1931 dabo
2252 1878 2321 1942 ei,
2351 1894 2457 1933 non
2496 1880 2639 1934 sitiet
2658 1879 2725 1934 .in
2757 1888 3014 1935 aeternum
3041 1881 3122 1950 “;
3156 1882 3203 1937 is
3230 1882 3356 1952 jure
3383 1882 3542 1937 dixe.

266 1966 377 2021 τοῦ
426 1969 647 2037 ὕδατος
673 1965 745 2027 οὗ
790 1970 906 2041 ἐγὼ
946 1967 1120 2022 δώσω
1148 1966 1344 2034 αὐτῷ,
1379 1969 1451 2023 οὑ
1492 1967 1578 2038 μὴ
1613 1966 1849 2037 διψήσῃ

266 2062 358 2128 εις
396 2061 506 2115 τὸν
547 2061 762 2117 σιῶν-α’
812 2062 956 2117 εῐποι
993 2060 1059 2116 ἀν
1079 2078 1093 2092 ·
1158 2060 1281 2115 Ἐπί
1328 2058 1547 2127 ὕδατος
1583 2059 1851 2114 ἀναπαύ-

265 2166 426 2220 σεως
451 2152 740 2222 ἐξέθρεψέ
763 2170 861 2224 με.
888 2154 1047 2207 Ἀλλά
1066 2154 1161 2208 καὶ
1187 2154 1298 2207 πᾶν
1328 2150 1492 2224 ἀχθος
1519 2150 1852 2223 ἀποθέμενος

266 2245 378 2302 τῶν
395 2245 639 2302 παλαιῶν
659 2248 1070 2319 ἁμαρτημάτων
1089 2247 1176 2301 διὰ
1188 2245 1414 2318 λουτροῦ
1433 2245 1851 2314 παλιγγενεσίας

267 2338 365 2393 καὶ
394 2338 812 2403 ἀνακαινώσεως
858 2340 1172 2412 Πνεύματος
1200 2338 1379 2407 ἁγίου,
1415 2339 1557 2392 εῐποι
1595 2337 1680 2391 ἀν·
1726 2336 1852 2390 Ἐπὶ

264 2430 486 2497 ὓδατος
538 2432 935 2501 ἀναπαύσεως
979 2432 1264 2502 ἐξέθρεψέ
1307 2448 1406 2502 με.
1471 2429 1850 2496 Ἀναπαύσεως

265 2523 377 2595 γὰρ
399 2524 474 2587 ὡς
500 2524 714 2596 ἀληθῶς
743 2526 919 2580 ἐκεῖνο
953 2526 1015 2579 τὸ
1040 2526 1203 2597 ὕδωρ,
1229 2525 1294 2579 δι’
1339 2518 1399 2580 οὗ
1446 2525 1508 2579 τὸ
1562 2524 1700 2596 βαρὺ
1756 2525 1850 2579 καὶ

266 2617 562 2688 ἐπίμοχθον
611 2619 827 2692 φορτίον
880 2618 986 2672 τῶν
1027 2618 1312 2692 ἁμαρτιῶν
1370 2618 1431 2671 τὸ
1494 2616 1713 2683 πιεζοῦν
1750 2618 1851 2690 τὴν

264 2710 445 2780 ψυχὴν
470 2711 781 2784 ἀπορρίψας
813 2729 919 2777 τις,
951 2713 1045 2766 καὶ
1091 2713 1268 2767 πάντα
1313 2711 1485 2783 ῥύπον
1517 2711 1610 2765 καὶ
1665 2711 1850 2765 σπίλον

266 2802 362 2856 καὶ
387 2802 578 2875 κηλῖδα
602 2805 968 2877 σμηξάμενος,
1006 2803 1221 2875 δεσμῶν
1248 2821 1308 2857 τε
1341 2803 1553 2867 ἀνεθεὶς
1589 2802 1853 2856 πολυπλόο

266 2916 415 2965 κων,
473 2901 879 2973 συνῃσθημένος
923 2901 1130 2955 τούτων
1201 2900 1457 2954 ἁπάντων
1516 2900 1660 2970 ὲρεί·
1728 2896 1853 2950 Ἐπὶ

268 2988 490 3057 ὓδατος
519 2991 916 3058 ἀναπαύσεως
944 2990 1228 3061 ἐξέθρεψέ
1257 3008 1354 3061 με.
1393 2987 1507 3044 Εἶθ’
1541 2989 1729 3059 ὥσπερ
1764 2990 1855 3041 ὲκ·-

267 3078 472 3134 λείπων
500 3082 668 3137 πάλαι
692 3082 790 3154 τὴν
813 3082 1013 3154 ψυχὴν,
1051 3082 1241 3135 ἔπειτα
1262 3081 1349 3135 διά
1374 3082 1471 3153 τῆς
1497 3078 1855 3149 ἀποδοθείσης

268 3174 432 3245 χλόης
454 3175 550 3229 καὶ
576 3175 670 3228 τοῦ
704 3176 969 3247 σωτηρίου
998 3174 1189 3239 ὓδατος
1212 3172 1494 3228 ἀναλαϐὼν
1521 3171 1732 3235 ἑαυτὸν,
1762 3170 1855 3225 καὶ

1955 1967 2049 2034 rit,
2092 1983 2251 2038 super
2288 1983 2483 2039 aquam
2523 1968 2721 2039 requiei
2769 1970 3011 2024 educavit
3068 1986 3169 2025 me.
3220 1969 3327 2026 Sed
3373 1970 3535 2026 etiam

1954 2060 2136 2129 posita
2164 2076 2262 2132 per
2291 2061 2573 2115 lavacrum
2610 2061 3048 2133 regenerationis
3080 2070 3136 2118 et
3162 2062 3545 2119 renovationis

1958 2148 2199 2223 Spiritus
2246 2151 2424 2207 sancti
2471 2158 2714 2207 veterum
2755 2160 3108 2223 peccatorum
3159 2154 3399 2223 sarcina,
3444 2168 3541 2225 ap-

1954 2242 2135 2312 posite
2189 2240 2363 2307 dicat,
2422 2256 2580 2310 super
2634 2257 2829 2312 aquam
2890 2241 3090 2313 requiei
3138 2242 3381 2297 educavit
3436 2259 3538 2298 me.

1956 2331 2183 2404 Requiei
2241 2331 2442 2388 etenim
2500 2348 2628 2388 vere
2679 2340 2766 2389 est
2824 2348 2967 2403 aqua
3027 2332 3379 2403 hujusmodi,
3432 2350 3541 2406 qua

1955 2426 2102 2499 quis,
2128 2425 2341 2495 abjccto
2367 2432 2718 2496 peccatorum
2745 2427 2896 2497 gravi
2926 2441 3272 2495 onerosoque
3303 2426 3548 2498 pondere

1956 2519 2194 2573 animam
2216 2518 2580 2587 opprimente,
2605 2518 2754 2572 omni
2791 2520 3004 2574 macula
3037 2527 3091 2575 et
3120 2519 3243 2574 labe
3268 2520 3540 2584 abstersa,

1958 2611 2261 2682 solutisque
2286 2611 2518 2667 vinculis
2565 2611 2674 2667 illis
2707 2612 3068 2682 complicatis,
3103 2612 3288 2667 laetitia
3312 2610 3543 2683 hujusce

1960 2720 2141 2762 rerum
2172 2720 2466 2759 successus
2498 2702 2727 2758 allectus
2762 2704 2924 2767 dicet,
2945 2720 3100 2772 super
3124 2720 3317 2774 aquam
3348 2703 3545 2772 requiei

1956 2797 2196 2853 educavit
2246 2813 2346 2849 me.
2400 2794 2610 2850 Deinde
2657 2811 2807 2859 vero,
2859 2804 3049 2865 utpote
3096 2795 3190 2866 qui
3241 2810 3365 2848 cum
3410 2794 3541 2848 olim

1960 2892 2143 2946 animo
2188 2890 2478 2953 deﬁceret,
2524 2903 2623 2958 per
2676 2889 2907 2958 gratiam
2961 2889 3067 2943 sibi
3116 2888 3299 2942 datam
3339 2902 3404 2941 ac
3446 2902 3544 2957 per

1961 2984 2260 3039 salutarem
2306 2995 2504 3051 aquam
2550 2979 2605 3033 in
2648 2980 2929 3033 meliorem
2976 2994 3098 3036 sese
3142 2986 3346 3034 statum
3390 2991 3544 3032 rece-

1962 3076 2122 3145 perit,
2158 3071 2315 3141 quasi
2366 3084 2397 3123 a
2428 3076 2603 3123 morte
2644 3078 2935 3123 revocatus
2981 3068 3052 3123 sit
3090 3068 3265 3133 dicet,
3308 3067 3541 3121 animam

1962 3181 2133 3219 meant
2177 3163 2449 3217 convertit.
2498 3160 2622 3215 Haec
2670 3162 2856 3216 omnia
2900 3163 3152 3217 evenient
3192 3162 3399 3217 homini
3446 3160 3542 3231 qui

267 3264 458 3341 ὥσπερ
492 3268 557 3321 ὲκ
585 3266 815 3321 θανάτου
841 3268 1307 3339 παλινδρομήσας,
1351 3267 1548 3339 φήσει’
1588 3263 1707 3332 Τὴν
1742 3265 1851 3332 ψυ-

1962 3273 2060 3328 per
2093 3262 2455 3311 memoratum
2488 3253 2757 3333 Davidem‘
2783 3270 2813 3308 a
2838 3253 3071 3310 Domino
3099 3254 3365 3325 pascitur.

267 3356 393 3431 χήν
422 3376 543 3429 μου
580 3357 935 3429 ἐπέστρεψε.
977 3359 1162 3413 Ταῦτα
1203 3358 1382 3413 πάντα
1415 3357 1647 3431 ὑπάρξει
1686 3355 1765 3427 τῷ
1824 3352 1915 3410 διά
1950 3350 2043 3406 τοῦ
2081 3348 2414 3423 δηλωθέντος
2467 3349 2631 3404 Δαυῖδ
2667 3349 2773 3403 ὑπὸ
2822 3348 2919 3403 τοῦ
2989 3348 3196 3420 Κυρίου
3256 3364 3542 3419 ποιμαινοο-

274 3450 439 3523 μένῳ.
1422 3487 1443 3505 ρ

350 3541 642 3611 Ὧδήγησέ
680 3559 757 3612 με
799 3542 898 3596 ἐπὶ
937 3544 1175 3611 τρίϐους
1222 3542 1612 3610 δικαιοσύνης
1648 3542 1857 3596 ἕνεκεν

270 3636 377 3690 τοῦ
417 3636 707 3705 ὀνόματος
729 3636 936 3691 αὐτοῦ.
965 3635 1172 3699 Ταῦτα,
1205 3636 1369 3707 φησι,
1404 3636 1653 3708 πράττει,
1683 3635 1758 3699 ὡς
1791 3634 1858 3689 ἂν

272 3729 351 3802 μὴ
388 3728 773 3799 βλασφημῆται
811 3729 976 3782 αὑτοῦ
1017 3729 1078 3782 τὸ
1119 3728 1309 3799 ὄνομα,
1359 3728 1469 3782 τῶν
1514 3728 1678 3782 αὑτοῦ
1726 3746 1859 3800 προ-

268 3820 453 3875 ϐάτων
484 3820 891 3892 ἀπολλυμένων,
925 3821 958 3892 ἢ
1008 3820 1194 3883 κακῶς
1226 3819 1529 3890 ἀγομένων.
1582 3820 1718 3874 Ἐὰν
1746 3821 1858 3889 γὰρ

270 3912 372 3968 καὶ
400 3911 668 3982 πορευθῶ
698 3914 767 3968 ἐν
811 3911 980 3983 μέσῳ
1008 3912 1188 3978 σκιᾶς
1223 3910 1505 3975 θανάτου,
1553 3914 1625 3965 οὺ
1676 3913 1858 3980 φοϐη-

271 4006 529 4075 θήσομαι
554 4004 729 4071 κακὰ,
752 4004 842 4059 ὅτι
876 4005 957 4059 σὺ
991 4004 1119 4074 μετ’
1148 4004 1294 4074 ἐμοῦ
1315 4000 1387 4057 εἴ.
1419 4002 1653 4075 Μακρᾶν
1681 4003 1789 4075 γὰρ
1822 4006 1855 4075 ἡ

275 4098 520 4170 ἁμαρτία
560 4097 761 4161 παντὸς
789 4096 1040 4161 συνόντος
1080 4096 1219 4168 Θεῷ.
1274 4094 1442 4151 Σκιάν
1496 4096 1726 4150 θανάτου
1765 4096 1857 4150 τὸν

274 4189 451 4244 κοινόν
478 4205 611 4260 φησι
661 4189 912 4253 θάνατον,
961 4188 1057 4242 καὶ
1113 4189 1211 4261 τὴν
1264 4190 1362 4259 τῆς
1387 4188 1567 4260 ψυχῆς
1615 4187 1723 4249 ἀπὸ
1759 4188 1854 4242 τοῦ

274 4282 525 4352 σώματος
548 4281 720 4345 λύσιν,
757 4282 893 4354 πρὸς
921 4281 1327 4352 ἀντιδιαστολὴν
1362 4280 1458 4335 τοῦ
1499 4280 1727 4335 θανάτου
1754 4281 1855 4351 τῆς

266 4373 469 4445 ψυχῆς,
498 4374 618 4429 καθ’
650 4374 679 4427 ὃ
717 4374 961 4447 εἴρηται·
996 4374 1172 4444 Ψυχὴ
1219 4374 1666 4445 ἁμαρτάνουσα,
1702 4374 1853 4442 αὕτη

265 4467 652 4525 ἀποθανεῖται
672 4485 685 4499 ·
720 4469 835 4533 καὶ,
866 4469 1071 4521 Ἔστιν
1114 4468 1367 4538 ἁμαρτία
1395 4467 1547 4537 πρὸς
1576 4467 1853 4523 θάνατον.

266 4563 387 4619 Οὐκ
407 4561 520 4615 ἐστι
549 4561 658 4633 γάρ
692 4559 820 4614 σκιά
854 4560 1085 4614 θανάτου
1104 4576 1118 4590 ·
1149 4560 1262 4614 ἀλλ’
1287 4560 1539 4631 ἀληθινὸς
1565 4559 1794 4624 θάνατος
1816 4562 1851 4632 ἡ

265 4655 373 4725 τῆς
395 4654 573 4725 ψυχῆς
592 4652 837 4707 ἀπώλεια
859 4652 1139 4723 τυγχάνει.
1158 4654 1309 4707 Ἐπεὶ
1331 4650 1423 4707 οὖν
1447 4653 1850 4725 μεμαθήκασιν,

266 4746 348 4811 ὡς
392 4748 499 4819 ἀρα
530 4748 557 4800 ὁ
590 4746 858 4800 πιστεύων
907 4746 987 4809 εἰς
1030 4746 1123 4799 τὸν
1166 4746 1293 4799 Υἶδν
1335 4746 1430 4800 τοῦ
1480 4745 1614 4800 Θεοῦ
1666 4746 1727 4800 οὗ
1776 4745 1849 4816 μὴ

2029 3530 2199 3587 Vens.
2239 3532 2297 3596 3,
2339 3530 2393 3584 4.
2444 3529 2676 3583 Deduxit
2718 3543 2799 3581 me
2850 3542 3007 3595 super
3057 3529 3275 3583 semitas
3308 3529 3544 3598 justilite

1956 3635 2168 3694 propter
2217 3639 2405 3677 nomen
2443 3638 2620 3676 suum.
2669 3619 2818 3684 llaec,
2865 3620 3063 3690 inquit,
3124 3620 3247 3676 ideo
3295 3623 3429 3693 agit,
3481 3632 3542 3677 ut

1958 3733 2047 3780 ne,
2085 3716 2308 3770 amissis
2342 3729 2407 3768 ac
2436 3713 2688 3783 perditis,
2719 3720 2813 3765 aut
2844 3712 2990 3766 male
3020 3712 3273 3767 deductis
3319 3716 3541 3780 ovibus,

1956 3824 2156 3863 nomen
2202 3824 2361 3860 suum
2395 3804 2824 3874 blasphemetur.
2874 3802 3017 3857 Nam
3051 3814 3101 3857 et
3128 3805 3176 3858 si
3205 3804 3545 3860 ambulavero

1956 3903 2012 3956 in
2044 3900 2215 3956 medio
2247 3899 2450 3954 umbra:
2478 3898 2691 3959 mortis,
2731 3913 2835 3951 non
2878 3896 3067 3951 timebo
3100 3897 3266 3961 mala,
3293 3898 3541 3967 quoniam

1958 4002 2015 4047 tu
2050 4010 2251 4048 mecum
2278 4009 2353 4047 es.
2388 3990 2589 4044 Procul
2613 3989 2761 4045 enim
2802 3996 3086 4059 peccatum
3132 3996 3217 4045 est
3247 3989 3316 4043 ab
3354 4003 3421 4045 eo
3449 3989 3544 4059 qui

1956 4083 2052 4139 Dei
2101 4084 2383 4139 consortio
2413 4081 2629 4137 fruitur.
2676 4080 2939 4136 Umbram
2972 4079 3170 4136 mortis
3201 4088 3363 4136 vocat
3394 4096 3545 4135 mor-

1956 4184 2065 4233 tem
2107 4176 2252 4231 illam
2296 4187 2665 4234 communem,
2701 4178 2865 4240 atque
2903 4172 3309 4241 separationem
3349 4172 3546 4229 anima:

1954 4285 1986 4324 a
2014 4284 2278 4340 corpore,
2329 4268 2396 4322 ad
2423 4265 2786 4321 diﬂerentiam
2826 4266 3023 4320 mortis
3066 4266 3283 4329 animm,
3334 4264 3403 4321 de
3435 4282 3541 4337 qua

1954 4364 2159 4420 dicitur
2194 4379 2208 4416 :
2241 4364 2438 4416 Anima
2485 4376 2603 4432 qua’
2655 4358 2979 4428 peccaverit,
3033 4358 3150 4425 ipsa
3181 4359 3436 4412 morietur
3464 4360 3542 4426 ²³;

1954 4466 2008 4514 et
2048 4472 2061 4509 :
2102 4456 2200 4511 Est
2246 4463 2519 4526 peccatum
2569 4450 2639 4505 ad
2694 4463 2915 4502 mortem
2962 4449 3027 4501 ".
3098 4447 3378 4519 Siquidem
3432 4464 3543 4503 non

1956 4558 2148 4613 umbra
2196 4551 2431 4613 mortis,
2484 4548 2580 4604 sed
2635 4563 2764 4604 vera
2818 4558 2968 4599 mors
3029 4547 3147 4603 est,
3196 4540 3287 4593 illa
3348 4540 3545 4595 animus

1952 4645 2244 4720 pernicies.
2288 4638 2741 4709 Quandoquidem
2801 4635 2969 4706 igitur
3022 4629 3365 4693 didicerunt,
3419 4644 3531 4682 creo

1954 4740 2169 4795 dentem
2230 4736 2286 4789 in
2332 4732 2529 4787 Filium
2591 4730 2684 4783 D'ei
2734 4744 2844 4783 non
2902 4722 3230 4779 moriturum
3298 4735 3422 4776 esse
3488 4720 3541 4775 in

263 4811 513 4910 ἀποθάνῃ
546 4841 626 4903 εἰς
656 4839 747 4893 τὸν
783 4842 974 4906 αίῶνα,
1006 4837 1347 4911 μεταϐέϐηκε
1392 4838 1448 4891 δὲ
1481 4838 1589 4891 ἀπὸ
1635 4836 1730 4891 τοῦ
1760 4811 1851 4889 ila;

1958 4839 2247 4894 aeternum,
2284 4825 2379 4882 sed
2413 4823 2741 4878 translatum
2778 4834 2903 4874 esse
2933 4816 3001 4871 de
3034 4820 3209 4868 morte
3243 4811 3310 4866 ad
3337 4812 3543 4878 vitam,

265 4933 433 4987 νάτου
468 4935 547 4997 εἰς
578 4933 676 5005 τὴν
708 4933 871 5007 ζωὴν,
905 4935 1109 5008 σφόδρα
1145 4932 1388 5004 ἀκριϐῶς
1418 4933 1478 4985 οὐ
1520 4932 1654 5000 φασὶ
1695 4929 1851 4984 θάνα-

262 5042 361 5081 τον
389 5025 599 5079 ἐπιέναι
641 5027 824 5091 αύτοῖς
852 5028 964 5082 ἀλλ’
987 5030 1019 5101 ἢ
1054 5030 1162 5102 ἄρα
1200 5027 1357 5081 σκιὰν
1383 5025 1613 5079 θανάτου
1635 5041 1649 5055 ·
1679 5024 1851 5097 ταύτῃ

263 5118 554 5190 δηλοῦντες
601 5119 728 5182 τοὺς
771 5119 912 5173 κατά
960 5118 1245 5191 ἄνθρωπον
1292 5117 1570 5181 κινδύνους
1618 5115 1713 5169 καὶ
1761 5114 1852 5166 τὸν

268 5212 578 5283 σωματικὸν
625 5210 853 5266 θάνατον
893 5212 1044 5265 οὐδὲν
1092 5211 1277 5283 ἕτερον
1326 5208 1522 5280 ὅνταῆ
1574 5204 1850 5280 χωρισμὸν

265 5305 448 5378 ψυχῆς
474 5306 581 5360 ἀπὸ
610 5305 879 5376 σώματος.

350 5397 415 5453 Ἡ
436 5397 660 5466 ῥάϐδος
692 5412 807 5451 σου
835 5397 931 5451 καὶ
974 5399 1013 5466 ἡ
1054 5397 1353 5465 βακτηρία
1391 5410 1530 5459 σου,
1561 5389 1741 5450 αὗταί
1776 5410 1852 5462 με

265 5488 714 5559 παρεκάλεσαν.
734 5487 921 5542 Ταῦτα
950 5484 1042 5542 οὖν
1064 5490 1371 5561 παρακαλεῖ
1400 5489 1490 5544 τὸν
1516 5488 1853 5558 τυπτόμενον

267 5584 365 5639 καὶ
405 5582 496 5635 τὸν
541 5580 922 5652 κολαζόμενον,
972 5581 1357 5652 πεπεισμένον,
1389 5581 1471 5634 ὅτι
1524 5580 1779 5651 μαστιγοῖ
1825 5580 1853 5631 ὁ

268 5676 403 5737 Θεὸς
428 5674 605 5729 πάντα
637 5675 753 5729 υἱὸν
777 5673 837 5729 ὃν
863 5673 1252 5746 παραδέχεται.

377 5820 419 5849 ἰ
462 5815 659 5887 Ezech.
697 5832 899 5885 xxxiv,
937 5817 1029 5873 9.3.
1108 5818 1151 5887 ξ’
1190 5813 1349 5871 Joan.
1389 5828 1503 5881 vn,
1538 5812 1630 5868 37.
1709 5812 1754 5845 "
1797 5808 1931 5866 ibid.
1970 5806 2058 5864 39.
2138 5802 2183 5836 =‘
2221 5798 2381 5855 ἔστω.
2429 5811 2513 5862 iv,
2558 5794 2641 5848 l5.

270 5888 431 5945 Joan.
463 5904 493 5944 ν
512 5926 527 5955 ,
563 5886 654 5943 l7.

1947 4925 2240 4982 admodum
2294 4923 2663 4989 congruenter
2704 4929 2812 4968 non
2846 4918 3100 4975 mortem,
3157 4906 3253 4963 sed
3286 4906 3538 4960 umbram

1946 5019 2145 5074 mortis
2184 5012 2289 5071 sibi
2326 5011 2598 5066 accidisse
2646 5015 2986 5070 memorant;
3041 5016 3151 5075 quo
3186 5000 3541 5057 declarantur

1946 5108 2189 5181 pericula
2226 5120 2347 5176 quae
2381 5102 2685 5158 secundum
2751 5098 3024 5152 hominem
3080 5093 3444 5163 contingunt,
3485 5094 3539 5142 et

1949 5200 2227 5255 indicatur
2283 5208 2604 5265 corpoream
2659 5196 2893 5244 mortem
2956 5187 3091 5241 nihil
3165 5184 3315 5240 aliud
3374 5194 3533 5243 esse,

1948 5306 2111 5363 quam
2158 5288 2560 5359 separationem
2618 5282 2813 5336 animae
2843 5295 2872 5333 a
2900 5293 3152 5349 corpore.

2031 5388 2193 5457 Virga
2230 5393 2321 5437 tua
2349 5391 2398 5435 et
2425 5379 2645 5433 baculus
2675 5386 2817 5440 tuus,
2844 5376 2959 5439 ipsa
2989 5389 3069 5427 me
3092 5370 3368 5426 consolata
3387 5376 3532 5423 sunt.

1951 5480 2078 5535 Haec
2124 5479 2292 5548 igitur
2319 5472 2681 5528 consolantur
2722 5484 2845 5523 eum
2881 5466 2973 5535 qui
3010 5464 3331 5521 verberibus
3361 5468 3414 5516 et
3442 5472 3535 5513 ca-

1953 5569 2340 5643 stigationibus
2372 5563 2628 5628 allicitur,
2668 5568 2857 5630 utpote
2886 5558 2982 5628 qui
3016 5571 3221 5627 gnarus
3262 5554 3332 5609 sit
3363 5551 3534 5606 Deum

1954 5663 2245 5719 verberare
2280 5656 2451 5710 lilium
2478 5668 2639 5724 quem
2673 5648 3036 5721 cooptaverit.

2760 5792 2805 5823 ”
2848 5787 3047 5843 Ececli.
3090 5799 3264 5854 xvm,
3301 5785 3353 5842 ὅ.
3432 5787 3478 5818 ⁸⁸
3514 5780 3549 5845 I;
