4010 6552
531 392 635 444 219

1200 387 1468 444 EUSEBII
1507 386 1982 444 CIESARIENSIS
2018 385 2168 442 OPP.
2212 385 2391 441 PARS
2432 386 2519 442 III.
2558 417 2628 430 —
2658 387 3066 446 EXEGETICA.

3692 395 3824 450 2:10

604 505 772 563 Vsus.
804 508 858 565 5.
908 507 1134 563 Parasti
1177 509 1232 562 in
1275 517 1556 578 conspectu
1585 524 1698 562 meo
1723 524 1978 569 mensam,
2023 506 2109 560 ad-

2307 506 2656 577 Ὴτοίμασας
2691 508 2948 563 ἐνώπιόν
2967 529 3087 580 μου
3121 511 3414 579 τράπεζαν
3451 511 3828 580 ἐξεναντίας

535 615 717 655 uersus
767 618 855 656 eos
899 603 988 672 qui
1037 599 1294 654 tribulant
1338 617 1438 654 me.
1495 599 1856 671 Impinguasti
1907 599 1961 652 in
2002 599 2114 654 oleo

536 703 692 762 caput
723 709 928 757 meum,
960 701 1009 746 et
1039 692 1182 746 calix
1236 701 1357 746 tuus
1393 691 1663 746 inebrians
1696 709 1853 762 quam
1891 691 2115 760 prwcla-

536 802 630 841 rus
657 786 778 840 est!
817 785 1028 840 Norunt
1065 783 1214 839 enim
1255 784 1434 838 oleum
1479 784 1785 854 spirituale,
1810 799 1920 854 quo
1949 793 2115 854 caput

535 893 695 934 suum
747 879 1158 948 impinguatur,
1209 884 1374 947 atque
1426 877 1746 932 ebrietatem
1798 875 1947 930 illam
1994 892 2114 947 quae

533 967 755 1022 roborat
801 982 912 1021 non
957 967 1220 1033 resolvit,
1253 981 1469 1020 necnon
1509 965 1808 1036 spiritalem
1843 965 1993 1019 illum
2033 965 2114 1019 ci-

532 1058 657 1113 bum
687 1074 849 1129 quem
897 1060 1123 1129 apponit
1144 1059 1306 1114 nobis
1355 1059 1444 1114 ille
1479 1058 1570 1129 qui
1606 1058 1673 1111 ad
1708 1058 1947 1127 pastoris
1988 1073 2110 1111 mu-

527 1167 633 1208 nus
669 1153 858 1222 sponsi
897 1151 1269 1208 conditionem
1314 1151 1527 1222 adjicit.
1565 1150 1683 1212 llis,
1723 1151 1919 1220 inquit,
1958 1150 2109 1204 frua-

528 1258 654 1298 mur
688 1243 888 1310 bonis,
939 1254 993 1300 et
1035 1244 1396 1316 gaudeamus,
1447 1243 1578 1298 dum
1633 1243 1850 1297 interim
1903 1243 2109 1296 inimici

527 1329 704 1384 nostri
731 1330 918 1386 dolent
958 1347 1023 1386 ac
1049 1342 1421 1396 macerantur,
1448 1331 1577 1402 quia
1611 1332 1648 1385 ii
1680 1331 1772 1401 qui
1808 1332 1936 1386 olim
1969 1333 2109 1388 servi

527 1431 712 1487 erant,
744 1425 1106 1479 mutationem
1137 1431 1348 1479 tantam
1380 1426 1587 1495 experti
1622 1432 1772 1488 sunt,
1814 1424 2111 1494 impingua-

529 1519 602 1570 sti
639 1517 693 1568 in
723 1516 835 1571 oleo
875 1525 1030 1585 caput
1060 1533 1256 1570 meum.

600 1605 766 1663 Vnus.
809 1609 864 1664 6.
929 1607 1000 1662 Et
1059 1607 1424 1662 misericordia
1485 1617 1576 1660 tua
1639 1607 1982 1678 subsequatur
2031 1625 2111 1661 me

527 1697 770 1752 omnibus
803 1697 986 1753 diebus
1016 1699 1136 1752 vita:
1167 1715 1328 1764 mete,
1373 1709 1421 1752 et
1449 1709 1504 1750 ut
1539 1699 1826 1753 inhabitem
1871 1701 1922 1752 in
1953 1699 2109 1753 domo

532 1788 780 1854 Domini,
823 1789 876 1842 in
919 1789 1300 1860 longitudinem
1345 1790 1571 1844 dierum.
1621 1789 2109 1846 bliscricordim.et

2222 594 2340 648 τῶν
2368 599 2817 670 θλιϐόντωνομε.
2855 603 3182 670 Ἐλίπανίις
3215 604 3285 657 ἐν
3321 605 3504 668 ἐλαίῳ
3546 604 3663 674 τὴν
3703 623 3824 660 κε-

2220 687 2428 756 φαλήν
2455 689 2733 756 μου,”καὶ
2783 689 2847 742 τὸ
2889 689 3176 759 ποτήριόν
3209 705 3324 744 σου
3367 691 3680 760 μεθύσκον
3720 692 3824 757 ὡς

2221 781 2586 850 κράτιστονί
2620 783 2795 836 Ἴσασι
2829 783 2938 853 γὰρ
2965 784 3057 836 καὶ
3091 783 3153 836 τὸ
3183 782 3544 854 πνευματικὸν
3599 783 3822 849 ἔλαιον,

2218 881 2246 932 ὃ
2274 881 2372 953 τὴν
2421 874 2662 947 κεφαλὴν
2714 875 3082 946 ἐπιάνθησαν,
3133 876 3225 929 καὶ
3256 876 3356 947 τὴν
3406 873 3819 946 κρατύνουσαν,

2219 975 2334 1029 ἀλλ’
2367 973 2428 1026 ού
2453 969 2776 1025 διαλύουσαν
2804 968 3004 1041 μέθην·
3038 969 3130 1022 καὶ
3160 969 3259 1040 τὴν
3285 969 3551 1041 μυστικὴν
3569 968 3816 1041 τροφὴν,

2218 1066 2284 1137 ἣν
2305 1063 2623 1135 προτίθησιν
2647 1063 2776 1132 ἡμῖν
2809 1062 2838 1113 ὁ
2868 1059 3003 1133 πρὸς
3025 1060 3087 1114 τὸ
3120 1062 3427 1132 ποιμαίνειν
3450 1061 3544 1114 καὶ
3566 1062 3818 1132 νυμφίος

2217 1153 2750 1228 γενόμενος.Τούτοις
2764 1153 3033 1224 δὲ,ιρησὶν,
3053 1153 3405 1224 ἐντρυφῶμεν
3425 1156 3537 1216 τοῖς
3549 1154 3786 1224 ἀγαθοῖς
3797 1193 3821 1222 ,

2216 1245 2324 1298 τῶν
2348 1243 2630 1316 δυσμενῶν
2653 1245 2968 1314 ἀνιωμένων
2997 1245 3089 1296 καὶ
3111 1244 3455 1315 τρυχομένων
3471 1261 3484 1274 ·
3513 1247 3595 1298 ὅτι
3618 1246 3672 1298 οἱ
3693 1245 3818 1298 πᾶ.-

2217 1337 2324 1404 λαι,
2351 1337 2501 1410 φησὶ,
2524 1337 2862 1400 δουλεύοντες
2887 1338 3152 1408 τοσαύτης
3183 1337 3483 1408 μεταϐολῆς
3500 1342 3818 1410 τετυχήκα-

2220 1447 2323 1494 σιν,
2352 1431 2645 1496 ἐλίπανας
2665 1431 2734 1483 ἐν
2756 1430 2937 1493 ἐλαίῳ
2965 1429 3080 1498 τὴν
3112 1428 3388 1500 κεφαλήν
3405 1449 3543 1500 μου.

2283 1601 2394 1655 Καὶ
2423 1600 2486 1653 τὸ
2519 1601 2691 1666 ἔλεός
2720 1615 2836 1655 σου
2873 1599 3316 1674 καταδιώξεταί
3327 1619 3403 1671 με
3438 1602 3640 1668 πάσας
3693 1604 3812 1672 τὰς

2216 1693 2439 1762 ἡμέρας
2490 1691 2597 1761 τῆς
2647 1693 2796 1760 ζωῆς
2832 1712 2974 1762 μου,
3023 1695 3119 1747 καὶ
3166 1694 3232 1747 τὸ
3274 1695 3567 1749 κατοικεῖν
3599 1713 3680 1765 με
3736 1698 3809 1751 ἐν

2215 1785 2357 1850 οἴκῳ
2387 1785 2609 1852 Kvplov
2641 1787 2728 1851 εἱς
2749 1787 3095 1854 μακρότητιι
3122 1784 3375 1855 ἡμερῶν.
3410 1787 3698 1851 Πεποιθὼς
3727 1787 3808 1858 τῷ

527 1883 717 1954 gratia:
773 1881 1017 1938 conlisus
1076 1890 1222 1944 tute,
1281 1882 1406 1934 novi
1458 1897 1590 1936 sane
1643 1897 1750 1944 me,
1800 1881 2109 1937 institutum

2220 1877 2295 1948 σῷ
2327 1877 2486 1940 ἐλέει,
2528 1877 2622 1930 καὶ
2650 1880 2713 1948 τῇ
2746 1880 2810 1948 σῇ
2839 1878 3043 1950 χάριτι,
3076 1874 3170 1931 οἷδ’
3199 1879 3280 1931 ὅτι
3315 1880 3416 1934 ούκ
3450 1879 3807 1951 ὲκπεσοῦμαι

527 1991 559 2030 a
594 1974 975 2031 misericordia
1009 1983 1100 2028 tua
1144 1974 1401 2030 omnibus
1452 1973 1647 2030 diebus
1676 1975 1799 2029 vitae
1833 1990 1984 2037 mete,
2016 1990 2112 2043 spe

495 2051 619 2122 'illa
661 2069 717 2122 in
762 2074 816 2122 te
847 2068 1024 2138 posita
1078 2080 1357 2136 nunquam
1408 2067 1710 2136 lapsurum.
1760 2065 1884 2121 Haec
1931 2067 2114 2136 itaque

526 2159 937 2224 misericordia,
982 2159 1098 2214 litae
1135 2158 1309 2230 gratia
1348 2167 1440 2212 tua
1491 2158 1625 2212 mihi
1660 2158 1713 2212 id
1747 2158 1875 2213 boni
1917 2166 2115 2212 contu-

527 2251 672 2321 lere,
708 2260 769 2308 ut
801 2251 1023 2306 domum
1066 2260 1122 2307 et
1151 2251 1453 2306 Ecclesium
1496 2261 1646 2304 tuam
1687 2252 1742 2306 in
1773 2250 2111 2306 domicilium

527 2344 902 2417 possiderem;
945 2343 1035 2398 ubi
1064 2351 1464 2408 commoratus,
1501 2351 1690 2413 utpote
1717 2343 1772 2397 in
1808 2343 1984 2398 sacris
2016 2341 2112 2397 Dei

527 2436 739 2492 :edibus
766 2443 821 2492 et
857 2437 911 2491 in
944 2443 1135 2492 sancto
1183 2437 1410 2508 templo,
1461 2435 1858 2506 longitudinem
1899 2433 2112 2489 dierum

529 2528 675 2600 apud
716 2538 770 2584 te
805 2537 858 2583 et
886 2532 1053 2584 vitam
1101 2536 1362 2584 aeternam
1421 2543 1749 2598 consequar.
1800 2525 1935 2580 Nam
1966 2526 2112 2596 quod

529 2622 752 2677 domum
801 2629 950 2677 tuam
1001 2622 1264 2685 incolam,
1315 2636 1595 2690 nunquam
1641 2619 1768 2675 inde
1797 2619 2108 2690 egrediens,

529 2728 706 2784 neque
735 2714 1017 2769 declinans
1052 2715 1336 2777 aliorsum,
1371 2712 1472 2766 hoc
1510 2712 1644 2765 mihi
1695 2713 1750 2766 in
1781 2727 1951 2768 causa
1996 2713 2112 2767 lore

527 2803 770 2859 arbitror
799 2813 858 2858 ut
888 2803 1286 2876 longitudinem
1328 2803 1564 2868 dierum,
1595 2803 1714 2874 ipso
1764 2805 1969 2860 lumine
2008 2815 2101 2860 tuo

525 2897 763 2962 lucente,
789 2897 1100 2952 nanciscar.
1135 2895 1242 2951 Pro
1279 2895 1371 2950 illo
1405 2903 1612 2960 autem,
1642 2897 1696 2950 in
1730 2895 2111 2966 longitudinem

524 2987 771 3053 dierum,
830 2988 1223 3060 Symmachus,
1277 2989 1333 3041 in
1382 2987 1786 3042 diuturnitatem
1837 2989 2109 3057 temporis,

526 3080 918 3151 interpretatus
955 3090 1060 3146 est,
1093 3082 1217 3136 vita:
1267 3081 1416 3136 illius
1470 3080 1776 3136 secundum
1815 3079 1984 3136 Deum
2028 3082 2113 3135 in-

525 3171 872 3226 terminabile
935 3172 1173 3243 spatium
1238 3180 1402 3243 atque
1470 3170 1938 3226 immortalitatem
2013 3171 2110 3228 dc-

526 3271 749 3320 notans.

905 3376 1230 3433 PSALMUS
1272 3377 1482 3431 DAV'ID
1516 3375 1704 3434 XXIII.

530 3491 596 3547 In
622 3492 940 3565 quibusdam
997 3490 1383 3560 exemplaribus
1419 3493 1631 3546 inveni:
1671 3509 1690 3542 ι
1728 3489 1846 3543 Una
1902 3488 2110 3543 Sabba-

1197 3572 1388 3615 torum.
1433 3579 1451 3613 ι

598 3678 762 3733 Vens.
797 3679 850 3740 1,
873 3675 924 3730 2.
953 3674 1162 3728 Domini
1181 3685 1256 3728 est
1283 3683 1423 3728 terra
1452 3684 1498 3727 et
1518 3671 1788 3742 plenitudo
1814 3673 1948 3742 ejus,
1968 3670 2110 3725 orbis

531 3781 793 3826 terrarum
817 3777 867 3822 et
899 3768 1127 3821 universi
1152 3767 1240 3836 qui
1267 3765 1508 3820 habitant
1529 3768 1582 3819 in
1608 3781 1688 3820 eo.
1707 3763 1826 3832 Ipse
1843 3781 1997 3834 super
2015 3779 2124 3818 ma-

531 3864 616 3917 ria
639 3861 883 3932 fundavit
914 3877 1056 3924 eum,
1106 3868 1326 3927 etsuper
1349 3858 1572 3927 ﬂumina
1621 3841 1940 3926 prwparavit
1967 3873 2108 3912 eum.

527 3952 644 4009 Nisi
683 3952 855 4016 enim,
890 3949 1090 4019 inquit,
1142 3947 1389 4002 divinum
1425 3946 1665 4002 Verbum
1713 3947 1817 4016 ipsi
1857 3946 2108 4016 praefuis-

528 4055 634 4110 set,
674 4060 742 4100 ac
787 4044 892 4098 nisi
939 4041 1220 4112 Sapientia
1271 4041 1364 4095 Dei
1424 4040 1602 4110 ipsum
1666 4041 1771 4093 hoc
1825 4039 2109 4096 fundasset

528 4135 713 4204 modo,
735 4135 846 4204 jam
875 4135 1030 4200 olim,
1071 4133 1152 4188 vel
1187 4133 1426 4188 naturali
1467 4132 1812 4201 deprimente
1840 4131 2105 4202 pondere,

529 4232 587 4286 in
642 4227 976 4300 profundum
1040 4227 1331 4282 demersus
1395 4224 1608 4280 luisset.
1681 4223 1882 4279 Verum
1935 4225 2108 4278 multo

531 4321 882 4393 pratstantior
913 4321 1007 4374 illo
1057 4328 1176 4375 erat
1225 4319 1399 4372 virtus
1433 4318 1522 4370 illa
1555 4316 1771 4372 Domini
1805 4316 2105 4370 miraculo-

529 4430 652 4469 rum
693 4427 757 4468 ac
801 4411 1179 4483 prodigiorum
1212 4409 1482 4475 eﬂcctrix,
1513 4424 1634 4478 ("ne
1663 4415 1871 4462 tantam
1904 4408 2104 4461 molem

529 4515 851 4576 tantamque
881 4513 1040 4558 terra:
1079 4502 1497 4574 plenitudinem,
1535 4519 1598 4558 ac
1629 4503 1817 4558 orbem
1849 4517 1974 4555 cum
2009 4501 2107 4555 ha-

2213 1971 2310 2040 τῆς
2339 1968 2488 2040 παρὰ
2519 1970 2600 2021 σοὶ
2647 1969 2862 2033 ἐλπίδος
2910 1969 3424 2041 παιδαγωγούμενος
3467 1972 3648 2036 πάσας
3697 1973 3804 2038 τὰς

2213 2061 2424 2131 ἡμέρας
2468 2060 2568 2130 τῆς
2619 2059 2765 2132 ζωῆς
2811 2079 2911 2132 μου
2944 2063 3048 2115 ὑπὸ
3095 2061 3186 2116 τοῦ
3235 2062 3328 2116 σοῦ
3375 2063 3574 2127 ἐλέους.
3623 2064 3806 2119 Τοῦτο

2213 2152 2342 2220 γοῦν
2372 2152 2432 2204 τὸ
2469 2152 2560 2205 σὺν
2588 2151 2735 2216 ἔλεος
2759 2155 2855 2206 καὶ
2895 2154 3032 2224 αὐτή
3075 2172 3169 2208 σου
3200 2155 3234 2226 ἡ
3284 2156 3445 2227 χάρις
3482 2156 3802 2226 κατηξίωσέ

2217 2261 2283 2312 με
2315 2245 2629 2315 οἰκητήριον
2669 2246 2970 2316 κτήσασθαι
2999 2247 3090 2300 τὸν
3128 2248 3218 2302 σὸν
3245 2245 3392 2301 οἷκον
3434 2250 3524 2302 καὶ
3554 2249 3654 2320 τὴν
3696 2251 3804 2321 σὴν

2225 2335 2579 2406 Ἐκκλησίαν·
2624 2337 2751 2390 ἔνθα
2795 2338 2894 2402 τὰς
2940 2339 3223 2411 διατριϐὰς
3265 2342 3581 2412 ποιούμενος
3611 2343 3688 2406 ὼς
3740 2345 3802 2395 ἐν

2211 2425 2344 2498 οἴκῳ
2365 2425 2524 2491 Θεοῦ,
2553 2428 2681 2500 ἱερῷ
2709 2431 2803 2484 καὶ
2831 2427 2969 2501 ἁῨίῳ
2995 2431 3127 2502 ναῶ,
3153 2433 3487 2503 μικρότητος
3510 2433 3617 2486 τῶν
3643 2436 3804 2506 παρὰ

2213 2519 2297 2572 σοὶ
2325 2521 2546 2592 ἡμερῶν
2575 2522 2669 2576 καὶ
2698 2521 2844 2592 ζωῆς
2873 2522 3089 2576 αἰωνίου
3120 2522 3395 2594 τεύξομαι.
3422 2524 3492 2576 Τὸ
3517 2524 3626 2596 γὰρ
3658 2543 3798 2580 κατ-

2213 2613 2383 2662 οικεῖν
2429 2610 2495 2682 με
2529 2615 2585 2665 ἐν
2630 2612 2708 2683 τῷ
2740 2613 2816 2684 σῷ
2845 2612 3006 2685 οἴκῳ,
3039 2615 3132 2667 καὶ
3192 2616 3456 2686 μηδέποτε
3500 2616 3665 2669 αὑτοῦ
3707 2619 3804 2682 ἐξ·

2216 2704 2460 2758 ίστασθαι
2490 2707 2624 2778 μηδέ
2649 2707 2951 2772 ἀπονεύειν,
2979 2709 3064 2760 ἀεὶ
3086 2707 3140 2759 δὲ
3167 2707 3296 2760 εἵσω
3311 2707 3607 2780 περιϐόλων
3633 2709 3805 2780 ἱερῶν

2211 2797 2312 2862 τὰς
2342 2796 2621 2870 διατριϐὰς
2653 2799 2941 2856 ποιεῖσθαι.
2969 2798 3142 2853 ταῦτά
3174 2816 3263 2870 μοι
3291 2800 3437 2853 αἴτια
3470 2802 3803 2873 γενήσεσθαι

2216 2890 2454 2944 πιστεύω
2485 2892 2826 2962 μακρότητος
2864 2891 3087 2964 ἡμερῶν
3116 2891 3224 2945 τῶν
3257 2894 3320 2946 ἐκ
3358 2893 3452 2946 τοῦ
3485 2893 3578 2947 σοῦ
3617 2897 3804 2964 φωτὸς

2213 2985 2615 3055 ὑφισταμένων.
2652 2986 2797 3039 ’Λντὶ
2824 2985 2880 3038 δὲ
2914 2984 3030 3048 τοῦ,
3059 2988 3146 3052 εὶς
3173 2989 3509 3055 μακρότητα
3538 2988 3801 3057 ἡμερῶν,

2211 3078 2299 3142 εις
2348 3075 2544 3144 μῆκος
2585 3079 2812 3146 χρόνου
2865 3079 2893 3130 ὁ
2939 3076 3231 3148 Σύμμαχος
3277 3079 3586 3149 ἡρμήνευσε
3618 3120 3632 3143 ,
3696 3081 3801 3152 τῆς

2214 3167 2356 3221 κατὰ
2383 3168 2474 3221 τὸν
2505 3168 2638 3222 Θεὸν
2665 3168 2811 3239 ζωῆς
2845 3169 2906 3222 τὸ
2948 3169 3174 3241 ἄπειρον
3203 3171 3297 3223 καὶ
3327 3169 3590 3224 ἀθάνατον
3617 3178 3801 3244 σημή-

2213 3278 2331 3324 νας.

2572 3375 2865 3427 ΨΛΛΜΟΣ
2911 3373 2996 3428 ΤΩ
3056 3377 3253 3429 ΔΑΥΙΔ
3314 3377 3438 3431 Kl".

2229 3486 2330 3541 Ἐν
2359 3487 2544 3554 ἐνίοις
2582 3462 2964 3557 ἆντιγρὰροις
3011 3485 3210 3556 εὖρον-
3279 3508 3296 3541 ι
3331 3489 3444 3556 Τῆς
3484 3490 3624 3560 μιᾶς
3678 3491 3805 3548 τῶν

2755 3559 3069 3612 Σαϐϐάτων
3093 3563 3189 3630 (1).
3206 3581 3223 3612 ι

2291 3670 2399 3725 Τοῦ
2423 3673 2644 3740 Κυρίου
2691 3673 2730 3740 ἡ
2781 3671 2858 3741 τῆ
2888 3675 2987 3727 καὶ
3043 3673 3109 3726 τὸ
3150 3673 3441 3743 πλήρωμα
3504 3673 3714 3743 αὐτῆς,
3757 3677 3801 3744 ἡ

2213 3764 2529 3834 οἰκουμένη
2560 3765 2657 3819 καὶ
2691 3765 2913 3832 πάντες
2941 3769 2994 3821 ol
3058 3766 3476 3834 κατοικοῦντες
3500 3769 3570 3820 ἐν
3611 3767 3798 3837 αὐτῇ.

2213 3858 2405 3923 Αὐτὸς
2433 3857 2533 3912 ἐπὶ
2567 3858 2899 3914 θαλασσῶν
2920 3859 3315 3928 ἐθεμε.1ίωσεν
3335 3860 3549 3927 αὐτὴν,
3578 3862 3674 3914 καὶ
3698 3863 3804 3916 ἐπὶ

2213 3951 2494 4017 ποταμῶν
2513 3953 2841 4020 ἡτοίμασεν
2859 3950 3070 4017 αὐτήν.
3093 3952 3156 4003 Εἰ
3177 3950 3250 4022 μὴ
3277 3951 3387 4023 γὰρ
3412 3951 3582 4020 Λόγος
3602 3953 3805 4018 αὐτῆς.

2214 4046 2397 4114 φησιν,
2433 4045 2716 4098 ἐπεστάτει
2747 4045 2907 4108 Θεῖος,
2941 4045 3034 4098 καὶ
3081 4048 3129 4099 εί
3171 4045 3245 4117 μὴ
3298 4047 3458 4115 σοφία
3501 4046 3633 4100 Θεοῦ
3668 4049 3802 4102 τοῦ,

2212 4155 2300 4191 τον
2332 4137 2500 4208 αὐτὴν
2525 4137 2908 4208 τεθεμελιὼκει
2950 4138 3041 4192 τὸν
3087 4139 3306 4211 τρόπον,
3343 4139 3510 4193 πάλαι
3543 4131 3628 4194 ’ἂν
3690 4159 3801 4210 φυ-

2213 4230 2348 4302 σικῷ
2378 4231 2532 4302 βάρει
2567 4231 2716 4285 κάτω
2746 4249 2850 4285 που
2876 4232 3152 4304 φερομένη
3210 4233 3352 4286 κατὰ
3391 4231 3566 4303 βυθῶν
3617 4250 3801 4305 κεχω-

2217 4325 2392 4395 ρήκει.
2441 4322 2581 4375 Ἀλλ’
2604 4318 2671 4394 ἦν
2695 4325 2800 4396 ἄρα
2822 4324 3084 4394 κρείττων
3118 4324 3290 4395 αὐτῆς
3323 4327 3355 4396 ἡ
3381 4325 3803 4398 Θαυματουργδς

2213 4415 2306 4466 καὶ
2333 4413 2762 4484 παραδοξοποιὸς
2782 4413 2874 4467 τοῦ
2905 4414 3010 4467 τῶν
3061 4415 3197 4468 ὅλων
3237 4416 3441 4488 Κυρίου
3473 4417 3723 4488 δύναμις,
3758 4420 3798 4490 ἦ

2213 4507 2304 4561 τὸν
2330 4506 2581 4560 τοσοῦτον
2606 4505 2767 4573 ὀγκον
2824 4507 2917 4557 καὶ
2963 4505 3021 4559 τὸ
3068 4504 3318 4561 τοσοῦτον
3377 4507 3479 4576 τῆς
3521 4508 3623 4578 γῆς
3653 4507 3798 4579 πλή-

527 4594 862 4651 bitatorihus
890 4593 1034 4663 ejus,
1067 4593 1359 4647 sublimem
1401 4593 1508 4662 agi,
1555 4603 1608 4647 et
1641 4608 1910 4662 aquarum
1941 4593 2108 4646 dorso

2221 4616 2400 4670 ρωμα,
2423 4599 2553 4671 ὅλην
2577 4615 2634 4650 τε
2663 4598 2760 4668 τὴν
2791 4597 3113 4668 οἰκουμένην
3143 4598 3384 4662 καὶτοὺς
3404 4599 3799 4662 κατοικοῦντας

530 4686 736 4758 imponi
767 4686 1109 4742 decreverat.
1169 4683 1516 4755 Quapmpter
1553 4687 1684 4753 ipse,
1719 4685 1919 4754 inquit,
1951 4699 2108 4753 super

529 4779 705 4832 maria
733 4775 975 4846 fundavit
1005 4791 1143 4828 eum.
1199 4773 1385 4844 Neque
1414 4775 1558 4830 enim
1597 4777 1715 4846 ipsa
1751 4783 1896 4830 terra
1925 4776 2108 4847 gravis

527 4877 583 4924 et
611 4868 932 4932 inanimata,
967 4884 1088 4923 sese
1112 4883 1278 4938 supra
1301 4870 1530 4940 abyssos
1562 4869 1960 4936 consolidavit;
2011 4869 2106 4924 sed

527 4959 772 5013 omnium
807 4959 987 5029 Opilex
1020 4959 1114 5015 Dei
1159 4959 1356 5025 Filius,
1412 4962 1505 5031 qui
1556 4962 1792 5017 solidum
1831 4977 2105 5033 grachue

527 5057 691 5104 terra:
731 5049 1081 5116 elementum,
1118 5052 1304 5107 divina
1354 5053 1656 5116 creatione,
1714 5068 1882 5121 supra
1938 5053 2106 5107 maris

527 5140 694 5196 dorsa
749 5139 882 5196 ferri
920 5143 1116 5208 voluit,
1179 5160 1244 5199 ac
1303 5160 1472 5215 supra
1529 5145 1810 5198 humidam
1853 5151 2106 5198 naturam

527 5233 818 5300 constitui,
870 5243 1032 5306 atque
1061 5236 1236 5306 ipsam
1291 5235 1396 5288 hoc
1447 5236 1607 5290 modo
1648 5235 1917 5289 fundavit.
1952 5235 2104 5288 Alio-

528 5340 636 5394 que
666 5326 1030 5382 ratiocinandi
1064 5329 1196 5392 ritu,
1228 5336 1432 5383 terram
1470 5344 1579 5382 non
1613 5342 1712 5381 sua
1746 5335 1943 5396 sponte
1973 5328 2108 5382 sub-

528 5418 738 5476 stitisse
772 5421 950 5484 docet,
999 5438 1176 5491 neque
1233 5431 1382 5477 sorte
1421 5423 1658 5491 quadam
1716 5423 2008 5476 temeraria
2042 5438 2105 5477 ac

529 5513 909 5579 irrationabili,
944 5515 1038 5568 tali
1073 5515 1312 5584 undique
1341 5515 1516 5569 forma
1548 5516 1898 5571 instructam.
1924 5515 2104 5580 Quare

529 5606 772 5679 subiicit,
803 5618 851 5662 et
877 5625 1035 5678 super
1060 5609 1283 5676 ﬂumina
1312 5610 1628 5682 prarparat't'l
1680 5625 1820 5663 eum.
1860 5606 1915 5661 Si
1952 5623 2104 5661 nam-

2217 4692 2386 4763 αὐτὴν
2420 4691 2531 4746 ἅνω
2586 4690 2850 4763 φέρεσθαι
2897 4691 3168 4763 μετέωρον
3203 4691 3343 4762 ὑπὲρ
3381 4692 3447 4746 τὰ
3499 4692 3642 4746 νῶτα
3684 4694 3798 4747 τῶν

2218 4786 2423 4840 ὑδάτων
2487 4784 2826 4854 βεϐούληται.
2882 4783 2996 4848 Διὸ,
3051 4783 3236 4850 αὐτὸς
3288 4786 3388 4838 ἐπὶ
3464 4783 3801 4839 θαλασσῶν

2214 4877 2609 4947 ἑθεμελίωσεν
2639 4873 2854 4942 αὐτὴν,
2883 4875 3121 4944 εἴρηται.
3157 4874 3233 4926 Ob
3265 4873 3374 4944 γὰρ
3407 4872 3544 4944 αὑτὴ
3593 4875 3799 4945 ἑαυτὴν

2203 4973 2237 5042 ἡ
2277 4970 2468 5041 βαρεῖα
2495 4968 2589 5020 καὶ
2621 4966 2826 5036 ἄψυχος
2858 4967 2931 5036 γῆ
2966 4965 3059 5017 ἐπὶ
3091 4963 3199 5018 τῶν
3249 4964 3427 5034 βυθῶν
3488 4965 3794 5036 ἐστήριξεν,

2206 5059 2321 5116 ἀλλ’
2355 5059 2624 5113 ἁπάντων
2681 5054 3010 5126 δημιουργὸς
3068 5057 3096 5108 ὁ
3151 5053 3245 5109 τοῦ
3274 5053 3408 5108 Θεοῦ
3455 5054 3600 5122 Υἱὸς,
3648 5055 3797 5120 age,

2208 5153 2526 5224 στερέμνιον
2571 5148 2664 5202 καὶ⁸
2695 5147 2833 5218 βαρὺ
2863 5146 2962 5216 τῆς
3014 5147 3116 5218 γῆς
3174 5149 3434 5217 στοιχεῖον
3495 5147 3648 5218 θεῖκῇ
3700 5147 3796 5217 δη-

2215 5244 2472 5317 μιουργίᾳ
2527 5241 2604 5310 (2)
2660 5241 2800 5310 ὑπὲρ
2847 5239 3034 5294 νώτων
3079 5240 3323 5312 ὀχεῖσθαι
3374 5240 3647 5312 θαλάσσης
3698 5241 3793 5294 καὶ

2211 5331 2464 5402 ὑπεράνω
2487 5331 2586 5401 τῆς
2631 5330 2804 5401 ὑγρᾶς
2835 5328 3049 5399 φύσεως
3084 5331 3304 5384 ἑστάναι
3348 5329 3664 5401 βουληθεὶς,⁵
3697 5332 3794 5383 καὶ

2207 5423 2394 5478 τοῦτον
2427 5424 2595 5494 αὐτὴν
2626 5422 2961 5494 θεμελιώσας
2991 5424 3082 5476 τὸν
3110 5423 3330 5496 τρόπον.
3358 5422 3468 5476 Καὶ
3509 5421 3630 5476 καθ’
3666 5422 3786 5475 ἔτεα

2211 5534 2300 5588 ρον
2325 5515 2380 5568 δὲ
2412 5515 2668 5586 λογισμὸν
2699 5515 2992 5588 παρίστησι
3022 5516 3080 5569 τὸ
3111 5516 3186 5587 μὴ
3226 5515 3529 5585 αὐτόματον
3549 5514 3786 5585 timui}-

2209 5627 2294 5662 ναι
2322 5609 2420 5678 τὴν
2453 5607 2574 5677 ﬁt".
2601 5607 2733 5680 μηδὲ
2780 5609 2854 5671 ὡς
2900 5608 3106 5677 ἔτυχεν,
3160 5608 3278 5677 εξκῆ
3314 5607 3404 5662 καὶ
3441 5607 3670 5677 ἀλόγους,
3724 5608 3792 5662 τὸ

603 5763 938 5836 (I)Idipsum
964 5776 1146 5820 monet
1167 5765 1561 5824 Theodoretus.
1599 5767 1653 5822 In
1689 5766 1957 5822 llebraivo
1977 5766 2273 5837 exemplari
2308 5766 2443 5822 nihil
2477 5768 2541 5823 dc
2578 5765 2834 5822 Sabbato.

600 5837 676 5909 t2)
713 5837 884 5903 Altus,
921 5837 1310 5909 μεγαλουργίᾳ.
