4010 6548
170 356 269 413 εει

1340 361 1847 420 COMMENTARIA
1886 364 1955 421 IN
1994 365 2338 423 PSALMOS.

3302 373 3415 427 222

164 472 404 531 τοιοῦτον
443 476 578 550 αὐτῇ
630 480 1055 552 περιϐεϐλῆσθαι
1089 480 1291 551 σχῆμα·
1345 481 1426 534 διὸ
1477 483 1726 552 ἐπιλέγει

1847 500 1953 553 que
1985 491 2095 539 tota
2127 493 2182 539 et
2216 486 2268 540 in
2327 484 2585 542 omnibus
2612 486 2695 541 sui
2730 486 2999 556 partibus,
3044 477 3161 544 latin
3183 490 3413 560 aequabi—

164 567 273 621 Καὶ
308 569 406 622 ἐπι
453 571 734 642 ποταμῶν
786 573 1116 642 ἡτοίμασεν
1159 573 1370 641 αὐτήν.
1413 574 1475 627 El
1512 576 1610 645 μὲν
1637 576 1745 647 γὰρ

164 659 260 730 ὅλη
287 661 354 715 δι’
387 661 509 716 δλού
535 663 655 718 λεία
680 664 773 717 καὶ
800 664 976 736 ὁμαλὴ
1038 663 1178 718 κατά
1224 664 1324 737 τὴν
1381 668 1615 738 σφαῖραν
1635 668 1744 720 τῶν

175 748 439 824 Ἐλλήνων
462 754 726 827 ὑπῆρχεν,
760 754 860 808 οὐκ
909 757 972 811 ἄν
1004 773 1132 809 ποτε
1176 757 1275 828 τῆς
1319 757 1426 810 τῶν
1485 759 1743 830 ποταμῶν

166 848 476 914 συστάσεως
516 851 736 924 δεκτικὴ
772 853 1034 922 ἐγεγόνειο
1085 854 1194 907 οὐδ’
1223 853 1289 909 ἂν
1339 856 1420 919 είς
1466 857 1741 927 γεωργίαν

164 938 466 1014 ἐπιτηδεία,
513 945 809 1015 ἐκρεόντων
861 946 1233 1016 ἁπανταχόθεν
1281 947 1391 1001 τῶν
1443 952 1523 1013 εἰς
1570 951 1739 1022 αὐτὴν

164 1033 479 1104 φερομένων
512 1035 752 1108 δμϐρων·
778 1037 853 1100 ώς
902 1035 967 1091 αὖ
996 1038 1156 1092 πάλιν
1186 1039 1251 1093 ἐκ
1274 1038 1368 1092 τοῦ
1392 1042 1655 1107 ἐναντίου,
1688 1044 1738 1096 εἰ

163 1123 304 1190 πλάξ
338 1120 407 1196 ἦν
441 1127 537 1196 μία
583 1128 876 1200 ήπλωμένη
922 1130 1013 1183 καὶ
1066 1132 1320 1204 ἀνειμένη
1359 1135 1438 1196 είς
1484 1135 1739 1199 πεδιάδας

153 1214 369 1288 χώρας,
403 1217 512 1271 οὐδ’
545 1218 717 1282 οὕτως
764 1222 1096 1292 συνέστησαν
1132 1223 1194 1278 ’ὲν
1230 1224 1364 1295 αὐτῇ
1398 1225 1651 1296 ποταμοίο
1687 1228 1740 1280 οἵ

148 1310 209 1365 τ’
236 1309 296 1375 ἐξ
322 1310 561 1365 ἀεννάων
592 1312 780 1382 πηγῶν
827 1314 1132 1385 φερόμενοι,
1166 1315 1219 1368 οἵ
1247 1333 1305 1368 τε
1327 1318 1390 1369 ὲκ
1420 1315 1525 1370 τῶν
1552 1335 1737 1387 χειμε-

154 1400 324 1475 ρινῶν
346 1403 565 1473 ὄμϐρων
616 1406 1010 1475 συνιστάμενοι·
1040 1407 1204 1461 πάλαι
1240 1407 1285 1460 δ’
1316 1407 1382 1462 ἂν
1410 1409 1735 1463 ἑπικλύσαν-

157 1513 253 1559 τες
277 1498 474 1562 πᾶσαν,
503 1494 626 1550 οὔτε
665 1500 995 1571 σπέρμασιν,
1026 1500 1148 1555 οὔτε
1173 1505 1380 1571 φυτοῖς,
1411 1502 1535 1557 οὔτε
1561 1486 1739 1575 γεωρέ

159 1588 307 1655 γίαις
329 1589 637 1660 ἐπιτηδείαν
669 1592 836 1663 αὐτὴν
884 1597 1163 1665 παρεῖχον·
1222 1594 1337 1648 ἀλλ’
1385 1596 1505 1649 οὐδὲ
1552 1598 1735 1661 αὐτοῖς

158 1682 273 1742 τοῖς
308 1681 615 1753 οἰκήτορσιν
660 1685 872 1752 γεγόνει
924 1685 988 1739 ἂν
1020 1688 1308 1757 χρήσιμος,
1370 1689 1587 1745 πάντων
1617 1693 1734 1744 ὲπι-

155 1772 501 1844 κλυζομένων
545 1776 639 1829 καὶ
676 1779 1135 1849 κατασυρομένων
1192 1780 1298 1833 ὑπὸ
1340 1781 1439 1852 τῆς
1469 1781 1577 1836 τῶν
1607 1783 1733 1837 ὑδά-

150 1882 260 1918 των
290 1865 647 1941 πλημμύρας.
686 1868 871 1922 Ταῦτα
902 1870 999 1939 μὲν
1026 1866 1120 1924 οὖν
1157 1867 1246 1942 ἦν,
1282 1875 1330 1925 εἰ
1358 1873 1432 1944 μὴ
1467 1873 1623 1943 λόγος
1653 1892 1735 1939 τις

146 1954 541 2028 δημιουργικδς
575 1960 670 2012 καὶ
696 1957 831 2011 Θεοῦ
862 1960 1021 2028 σοφία
1056 1962 1316 2031 τεχνικῶς
1369 1964 1506 2034 αὐτῇ
1537 1964 1735 2017 τοιόνδε

151 2048 346 2118 σχῆμα
383 2048 792 2121 περιϐεϐλήκει·
838 2052 955 2104 νυνὶ
988 2052 1045 2105 δὲ
1096 2053 1268 2117 οὕτως
1301 2057 1732 2126 κατεσκευάσθη,

144 2139 224 2203 ὡς
255 2141 338 2203 εἰς
370 2139 472 2211 ὅρη
504 2140 595 2195 καὶ
649 2141 847 2208 νάπας,
904 2142 1123 2213 βουνούς
1187 2162 1247 2197 τε
1302 2147 1395 2199 καὶ
1446 2147 1734 2218 φάραγγας

146 2231 575 2303 ὲσχηματίσθαι’
593 2233 668 2297 ὡς
694 2233 787 2286 καὶ
813 2236 1087 2305 ποταμοὺς
1114 2235 1213 2299 τὰς
1241 2238 1450 2293 ἑαυτῶν
1471 2240 1733 2306 διεξόδους

144 2322 448 2387 ἀκωλύτως
474 2324 762 2377 ποιεῖσθαι·
794 2325 893 2396 ὅρη
922 2342 979 2377 τε
1008 2327 1100 2379 καὶ
1129 2327 1267 2399 ἄλση
1288 2330 1380 2383 καὶ
1410 2330 1549 2399 φυτά
1573 2330 1732 2398 ζώοις

143 2415 540 2486 ἁπονέμεσθαι·
581 2416 762 2489 χώρας
794 2435 853 2470 τε
884 2418 977 2471 καὶ
1000 2419 1255 2484 πεδιάδας
1273 2424 1353 2486 εἰς
1371 2424 1613 2495 οἰκήσεις
1637 2426 1730 2480 καὶ

140 2508 420 2581 γεωργίας
446 2508 753 2580 ἀνθρώποις
800 2510 1125 2582 ἀφωρίσθαι.
1169 2511 1266 2577 Τίς
1308 2516 1487 2570 τοίνυν
1537 2520 1637 2573 οὐκ
1664 2518 1729 2573 ἂν

139 2601 534 2673 ὁμολογήσειεν
555 2602 769 2672 ἀληθῶς
793 2602 961 2673 σοφῆς
981 2600 1119 2657 εἶναι
1145 2608 1486 2678 προμηθείας
1519 2611 1691 2667 ταῦτα
1711 2629 1726 2678 ;

136 2694 197 2765 ἢ,
238 2694 589 2766 προλαϐοῦσα
618 2696 678 2750 τὺ
727 2698 918 2768 μέλλον
965 2702 1070 2773 πρὸ
1121 2700 1213 2754 τοῦ
1243 2700 1607 2775 πληρώματος
1633 2705 1730 2775 τῆς

136 2787 266 2858 γῆς,
305 2788 403 2842 καὶ
436 2788 543 2862 πρὸ
572 2789 666 2843 τοῦ
697 2791 960 2863 συστῆναι
992 2794 1059 2846 τά
1088 2795 1145 2845 ὲν
1192 2794 1355 2865 αὐτῇ,
1398 2794 1606 2849 τοιάνδε
1634 2796 1730 2849 αύ-

132 2879 235 2953 τὴν
263 2882 625 2952 ἐσχημάτισε,
653 2884 973 2955 καταλλήλῳ
1002 2884 1402 2939 διαπλάττουσα
1431 2887 1607 2958 τύπῳ,
1653 2888 1730 2953 ὼς

134 2974 202 3027 ἂν
228 2977 345 3039 τοῖς
372 2976 508 3029 πᾶσι
530 2976 737 3045 γένοιτο
764 2977 1061 3047 ἐπιτηδεία.
1088 2978 1505 3050 Μυστικώτερον
1530 2980 1586 3033 δὲ
1636 2979 1729 3034 τοῦ

134 3066 345 3135 Κυρίου
371 3066 601 3136 γέγονεν
623 3070 656 3139 ἡ
686 3067 779 3138 γῆ.

206 3162 306 3228 Τίς
336 3161 711 3228 ἀναϐήσεται
767 3164 856 3229 εἰς
893 3162 959 3216 τὸ
1005 3162 1143 3231 ὅρος
1208 3163 1315 3218 τοῦ
1376 3166 1642 3234 Κυρίουέ
1688 3166 1726 3235 ἧ
1755 3195 1797 3253 c

128 3253 221 3319 τίς
248 3254 553 3323 στήσεται
607 3255 677 3310 ἐν
726 3258 884 3323 τόπῳ
942 3257 1088 3326 ἁγίῳ
1138 3258 1356 3319 abem};
1405 3258 1464 3312 τὸ
1511 3258 1722 3314 τελικὸν

128 3347 334 3415 ἀγαθὸν
376 3348 480 3401 καὶ
508 3348 598 3402 τὸν
631 3348 761 3402 Θεὸν
796 3349 966 3418 Λόγον
997 3349 1236 3414 λεκτέον,
1270 3349 1355 3418 ἐφ’
1387 3350 1415 3402 ὃ
1443 3350 1721 3405 ἀναϐαίνει

125 3440 267 3493 ὀδιά
302 3441 595 3512 προκοπῆς
646 3442 736 3495 ἐπὶ
789 3442 886 3514 τὴν
938 3442 1247 3514 ἀκρώρειαν
1303 3443 1465 3496 αὑτοῦ
1517 3444 1719 3513 φθάσαι

124 3533 482 3606 γλιχόμενος.
520 3534 751 3598 Σπάνιος
779 3535 835 3588 δὲ
865 3536 894 3586 ὁ
944 3533 1207 3598 τοιοῦτος·
1244 3533 1323 3586 διὸ
1346 3536 1578 3606 είρηται’
1626 3539 1721 3604 Τίς

122 3626 505 3694 ἀναϐήσεται
526 3626 612 3690 εὶς
638 3626 701 3678 τὸ
740 3625 877 3692 ὅρος
897 3624 1002 3677 τοῦ
1041 3624 1296 3691 Κυρίου;
1318 3624 1355 3691 ἢ
1383 3625 1473 3691 τίς
1496 3628 1718 3693 στήσε-

120 3739 214 3775 ται
248 3722 323 3776 ἐν
363 3722 537 3786 τόπῳ
556 3719 700 3788 ἁγίῳ
732 3718 953 3784 αὐτοῧί

204 3811 424 3879 Ἀθῶος
475 3813 649 3881 χερσὶ
695 3812 793 3865 καὶ
835 3815 1093 3883 καθαρὸς
1126 3816 1201 3885 τῇ
1250 3819 1483 3887 καρδίᾳ,
1519 3819 1586 3885 ὃς
1608 3821 1718 3872 οὐκ

123 3906 345 3961 ἔλαϐεν
373 3905 479 3960 ἐπὶ
529 3906 759 3973 ματαίῳ
790 3905 907 3974 τὴν
965 3908 1178 3978 ψυχὴν
1204 3911 1410 3975 αὐτοῦ,
1462 3910 1561 3964 καὶ
1608 3912 1719 3964 οὐκ

124 3998 367 4067 ὤμοσεν
395 3997 500 4052 ἐπὶ
536 3995 695 4061 δόλῳ
730 3996 809 4063 τῷ
836 4000 1107 4067 πλησίον
1126 4002 1332 4057 αὑτοῦ.
1367 4000 1555 4070 Οὗτος
1604 4002 1715 4071 λή-

126 4091 302 4157 ψεται
347 4087 647 4157 εὐλογίαν
674 4088 833 4155 παρὰ
863 4091 1103 4158 Κυρίου,
1150 4092 1250 4145 καὶ
1300 4092 1718 4162 ἐλεημοσύνην

123 4182 284 4251 παρὰ
335 4181 493 4236 Θεοῦ
562 4179 831 4249 σωτῆρος
878 4181 1084 4236 αὐτοῦ.
1137 4184 1297 4252 Αὕτη
1335 4186 1373 4253 ἡ
1419 4184 1593 4255 γενεὰ
1620 4184 1715 4253 ζη-

122 4272 392 4328 τούντων
437 4269 633 4327 αὐτὸν
654 4311 669 4333 ,
731 4268 1060 4339 ζητούντων
1122 4274 1190 4327 τὸ
1235 4277 1555 4343 πρόσωπον
1609 4276 1713 4331 τοῦ

125 4363 273 4419 Θεοῦ
333 4361 576 4419 Ἰακώϐ.
646 4362 977 4433 Auiti-alga.
1031 4365 1233 4433 Ἄρατε
1272 4368 1490 4433 πύλας,
1541 4370 1594 4420 οἱ
1622 4366 1715 4435 ἅρ-

123 4471 359 4523 χοντες,
382 4456 589 4525 ὑμῶν,
626 4453 726 4506 καὶ
757 4453 1072 4522 ἐπάρθητε,
1106 4457 1293 4510 πύλαι
1338 4458 1586 4522 αἰώνιοι,
1615 4457 1713 4511 καί

118 4551 545 4605 εἰσελεύσεται
589 4549 622 4600 ό
666 4547 965 4614 ,βασιλεὺς
994 4548 1105 4617 τῆς
1143 4549 1345 4617 δόξης.
1403 4553 1496 4618 Τίς
1547 4552 1718 4607 ἐστιν
1748 4557 1791 4611 D

118 4634 296 4707 οὗτος
325 4643 361 4694 ό
386 4637 707 4705 ,βασιλεὺς
751 4638 861 4707 τῆς
912 4638 1131 4707 δόξης;
1179 4642 1394 4708 Κύριος
1442 4642 1715 4710 κραταιός

116 4733 529 4800 καὶδυνατὸς,
572 4731 787 4799 Κύριος
827 4730 1084 4797 δυνατὸς
1136 4733 1205 4786 ἐν
1252 4734 1512 4803 πολέμῳ.
1557 4736 1715 4799 Ἴσως

113 4822 171 4876 δὲ
196 4824 284 4878 διά
312 4827 418 4897 τῆς
446 4821 713 4884 πεύσεως
740 4822 834 4876 καὶ
869 4823 1210 4894 ἀποκρίσεως
1237 4824 1543 4878 διδάσκουσι
1578 4825 1714 4878 πάν-

114 4933 216 4982 τις
274 4916 615 4991 ἀνθρώπους
655 4914 750 4986 τὴν
800 4914 1115 4970 δεσποτείαν
1165 4915 1260 4968 τοῦ
1322 4917 1527 4988 Κυρίου
1556 4916 1715 4988 ἡμῶν

132 5008 311 5081 Ἰησοῦ
342 5004 614 5081 Χριστοῦ·
646 5005 701 5059 εἴ
728 5022 790 5074 γε
819 5007 903 5069 τίς
933 5006 978 5059 δ’
1006 5008 1090 5078 οἴῃ
1138 5007 1340 5070 ταύτας
1371 5008 1444 5078 μὴ
1481 5008 1711 5075 ἀγνοεῖν.

122 5102 276 5166 Τινὲς
300 5102 359 5155 δὲ
383 5102 484 5173 τὴν
506 5098 770 5171 δευτέραν
815 5098 1005 5153 πεῦσιν
1038 5101 1132 5153 καὶ
1161 5099 1470 5172 ἀπόκρισιν,
1506 5101 1565 5153 ού
1596 5103 1714 5165 ταῖς

121 5194 201 5247 ἔτι
237 5195 504 5266 ἀνωτέρω
554 5191 852 5263 δυνάμεσιν
884 5191 1131 5262 εἰρῆσθαι
1185 5192 1366 5260 φασὶν,
1409 5192 1545 5246 ἀλλά
1596 5194 1714 5256 ταῖς

122 5288 331 5349 αὐταῖς.
374 5287 451 5339 Τό
480 5303 543 5338 τε
579 5282 863 5352 διάψαλμα
885 5284 990 5353 πρὸ
1007 5284 1121 5336 τοῦ·
1158 5286 1360 5352 Ἄρατε
1390 5285 1607 5350 πύλας,
1660 5287 1713 5338 οἱ

121 5378 435 5449 ἄρχοντες,
474 5374 674 5447 ὑμῶν,
702 5374 971 5445 κείμενον,
996 5374 1095 5444 τῆς
1130 5374 1391 5446 μελῳδίας
1444 5374 1584 5427 ἔοικε
1614 5392 1711 5445 με·

121 5472 353 5543 ταϐολὴν
376 5466 742 5539 πεποιῆσθαιο
774 5465 895 5519 ἐπεὶ
949 5466 1042 5519 καὶ
1098 5466 1199 5536 τῆς
1254 5467 1491 5530 διανοίας
1520 5466 1707 5532 αὐτῆς.

135 5563 220 5619 Ἐν
245 5564 302 5617 δὲ
325 5562 408 5634 τῷ
432 5561 624 5631 λέγειν
650 5557 1047 5611 εἰσελεύσεσθαι
1068 5558 1249 5621 αὐτὸν,
1288 5557 1586 5630 λεληθότως
1620 5560 1711 5614 καὶ

126 5655 298 5727 ἔξοδον
331 5653 502 5709 αὑτοῦ
565 5650 805 5723 ᾐνίξατο.
833 5646 943 5703 Εἶτ’
991 5650 1112 5702 ἐπεὶ
1149 5649 1225 5721 μὴ
1281 5650 1438 5719 μόνος
1481 5649 1710 5721 ἤμελλεν

126 5750 345 5801 εἰσιέναι
372 5751 456 5811 εἰς
504 5745 608 5817 τὴν
636 5743 798 5797 αὐτοῦ
861 5744 1160 5814 βασιλείαν,
1214 5742 1392 5806 πάσας
1439 5743 1710 5796 ἀναπετα-

132 5842 316 5913 σθῆναι
346 5841 447 5906 τὰς
476 5838 654 5903 πύλας
682 5840 710 5891 ὸ
758 5838 912 5908 λόγος
959 5836 1380 5910 παρακελεύεται
1441 5835 1527 5891 διὰ
1586 5837 1707 5901 τοὺς

1845 578 1994 647 lique
2027 578 2335 647 superﬁcie,
2368 578 2668 635 secundum
2701 580 2849 633 illam
2883 578 3195 634 Graecorum
3230 581 3409 651 sphae-

1844 685 1983 733 ram,
2022 669 2237 735 fuisset,
2281 687 2557 742 nunquam
2606 670 2889 727 ﬂuminum
2928 674 3406 745 congregationem

1841 762 2188 827 admisisset;
2219 779 2395 833 neque
2423 765 2773 835 agriculturae
2812 776 2936 836 apta
2967 766 3128 831 foret,
3163 767 3410 823 dililuen-

1841 853 1994 909 tibus
2035 856 2398 926 undequaque
2439 856 2671 926 pluviis:
2713 866 2773 911 ut
2819 872 2849 913 e
2881 873 3149 914 converso
3184 861 3406 926 iterum,

1841 946 1887 1001 si
1911 947 2073 1016 plana
2102 956 2269 1011 esset,
2298 963 2516 1019 unaque
2546 949 2885 1019 superﬁcies,
2932 958 3159 1006 extensa
3199 953 3255 1006 in
3292 953 3407 1021 pla-

1840 1038 2004 1094 nities
2065 1049 2120 1093 et
2154 1054 2356 1111 agros;
2399 1056 2743 1111 nequaquam
2796 1041 3018 1096 ﬁumina
3057 1058 3122 1097 ex
3156 1044 3409 1113 perenni-

1839 1130 1942 1187 bus
1999 1130 2242 1187 fontibus
2305 1135 2580 1189 manantia
2644 1134 2755 1188 illic
2810 1134 3169 1201 exsisterent;
3229 1150 3410 1204 neque

1838 1222 1988 1279 ﬂuvii
2016 1224 2108 1294 qui
2127 1240 2192 1279 ex
2218 1226 2466 1281 hibernis
2495 1226 2762 1282 imbribus
2783 1227 3134 1293 coalescunt;
3163 1228 3256 1283 sed
3273 1228 3411 1297 jam-

1837 1316 1930 1371 diu
1964 1325 2133 1371 totam
2156 1326 2360 1374 terram
2386 1320 2767 1385 inundassent,
2796 1320 2870 1374 ita
2902 1328 2958 1373 ut
2988 1335 3164 1390 neque
3186 1320 3406 1383 sationi,

1836 1422 2015 1478 neque
2047 1409 2250 1478 plantis
2283 1418 2337 1465 et
2364 1411 2675 1473 arboribus,
2710 1426 2886 1481 neque
2919 1410 3269 1480 agricultura:
3291 1412 3399 1465 ido-

1836 1512 1997 1550 neam
2050 1499 2375 1567 praeberent.
2433 1500 2619 1570 Neque
2677 1502 2794 1570 ipsa
2862 1501 3055 1554 incolis
3108 1502 3223 1556 suis
3281 1508 3407 1572 apta

1837 1588 2098 1658 utilisque
2147 1589 2365 1655 fuisset,
2418 1608 2540 1646 cum
2608 1608 2872 1662 aquarum
2927 1592 3164 1647 colluvie
3224 1593 3409 1647 omnia

1834 1683 2239 1739 inundarentur
2265 1701 2329 1739 ac
2352 1685 2677 1741 diﬁluereut.
2737 1686 2863 1741 Ilaac
2892 1702 3025 1742 sane
3053 1686 3404 1749 accidissent,

1839 1775 1950 1829 nisi
1996 1778 2223 1831 verbum
2274 1778 2569 1847 quodpiam
2623 1778 2799 1848 Opifex
2850 1795 3057 1844 rerum,
3090 1794 3153 1833 ac
3182 1777 3279 1833 Dei
3313 1794 3404 1833 sa-

1836 1866 2063 1937 pientia,
2094 1868 2325 1921 artilicio
2353 1883 2549 1938 magno
2574 1869 2734 1923 talem
2766 1869 2870 1938 ipsi
2898 1870 3140 1940 undique
3173 1868 3404 1923 formam

1838 1956 2148 2011 indidisset.
2179 1956 2296 2010 Jam
2323 1972 2453 2011 vero
2477 1958 2557 2012 sic
2591 1960 2895 2029 composita
2923 1967 3028 2024 est,
3065 1966 3125 2013 ut
3158 1960 3212 2013 in
3248 1975 3409 2013 mon-

1838 2055 1919 2103 tes
1950 2055 2003 2115 et
2038 2048 2228 2115 clivos,
2278 2042 2447 2104 colles
2477 2057 2531 2103 et
2579 2051 2746 2106 valles
2795 2051 3185 2115 distribuatur,
3236 2060 3409 2123 utque

1836 2141 2082 2205 ﬂumina,
2112 2144 2265 2197 nullo
2298 2143 2474 2208 obice,
2503 2160 2633 2200 suos
2656 2146 2758 2201 sibi
2784 2146 2965 2201 exitus
2994 2154 3223 2215 parent;
3256 2162 3406 2201 mon-

1834 2244 1938 2297 tes,
1974 2235 2124 2288 silra?
2177 2241 2229 2289 et
2268 2234 2495 2290 arbores
2521 2237 2851 2292 animalibus
2884 2238 3250 2307 deputentur;
3288 2237 3403 2307 agri

1832 2332 1887 2379 et
1918 2325 2175 2395 planities
2203 2319 2521 2382 hominibus
2545 2327 2611 2380 ad
2644 2327 2981 2382 domicilium
3010 2337 3063 2383 et
3102 2329 3406 2399 agricultu-

1830 2432 1947 2470 ram
1983 2415 2258 2471 destinata
2288 2418 2421 2473 sint.
2459 2418 2594 2485 Quis
2627 2434 2758 2489 ergo
2793 2435 2903 2474 non
2931 2421 3260 2474 conﬁteatur
3289 2421 3405 2475 haec

1830 2521 1861 2561 a
1910 2508 2138 2578 sapienti
2201 2510 2436 2580 quadam
2479 2511 2824 2581 providentia
2898 2512 3223 2583 proﬁcisci?
3273 2511 3406 2579 Quae

1831 2599 2015 2655 futura
2076 2604 2420 2673 prOSpiciens
2469 2612 2761 2674 antequam
2819 2606 3101 2674 plenitudo
3147 2614 3304 2660 terrae
3350 2614 3405 2660 et

1829 2709 1951 2763 quae
1995 2693 2048 2747 in
2081 2710 2144 2749 ea
2178 2702 2304 2749 sunt
2334 2696 2723 2757 consisterent.
2755 2696 2851 2750 tali
2883 2712 3003 2751 eam
3032 2697 3203 2752 fonma
3235 2713 3402 2753 exor-

1830 2785 1999 2850 navit,
2031 2786 2464 2855 congruentibus
2487 2785 2803 2856 mutuisque
2841 2786 2988 2839 illam
3032 2786 3212 2841 modis
3245 2785 3405 2841 et'l'or-

1831 2888 2009 2939 mans,
2073 2881 2134 2928 ut
2193 2876 2449 2930 omnibus
2491 2876 2780 2930 commoda
2832 2876 3109 2931 evaderet.
3172 2876 3414 2947 Mystico

1832 2972 2013 3019 autem
2042 2980 2199 3020 more
2228 2966 2343 3021 bam
2372 2974 2520 3021 terra
2551 2966 2765 3021 Domini
2804 2965 2969 3022 fuerit
3024 2966 3109 3039 [ea
3136 2969 3401 3023 nimirum

1830 3072 1952 3127 qua:
1981 3073 2104 3111 mox
2142 3056 2441 3131 indicatur]
2454 3097 2468 3112 .

1902 3147 2071 3204 Vsus.
2101 3150 2154 3205 5.
2200 3149 2330 3216 Quis
2361 3149 2604 3204 ascendet
2634 3151 2689 3203 in
2731 3158 2955 3204 montem
2999 3150 3260 3208 Domini?
3308 3162 3405 3207 aut

1830 3241 1945 3311 quis
1979 3240 2144 3294 stabit
2176 3241 2229 3293 in
2260 3240 2374 3294 loco
2403 3250 2587 3294 sancto
2611 3241 2763 3309 ejus?
2793 3239 2851 3295 Id
2894 3240 2960 3297 de
2992 3241 3234 3312 perfecto
3254 3243 3401 3299 bono

1831 3348 1893 3387 ac
1922 3332 1989 3387 de
2020 3330 2130 3386 Deo
2161 3329 2340 3387 Verbo
2396 3331 2801 3401 explicandum,
2855 3332 2925 3386 ad
2969 3334 3115 3404 quod
3155 3336 3402 3391 ascendit

1828 3422 2083 3493 quisquis
2116 3437 2445 3493 progressus
2488 3437 2754 3477 cacumen
2783 3424 2902 3493 ejus
2940 3426 3207 3495 attingere
3234 3441 3399 3496 expe-

1827 3517 1912 3569 tit.
1960 3513 2067 3569 Sed
2099 3515 2208 3569 rari
2252 3514 2563 3585 hujusmpdi
2600 3523 2766 3581 sunt;
2802 3531 2974 3585 quare
3000 3516 3236 3571 dicitur:
3266 3517 3397 3583 Quis

1824 3608 2066 3662 ascendet
2096 3608 2152 3661 in
2183 3618 2407 3663 montem
2444 3607 2651 3661 Domini
2677 3611 2703 3663 ?
2739 3622 2830 3661 aut
2860 3609 2976 3678 quis
3005 3609 3166 3663 stabit
3206 3610 3257 3663 in
3283 3610 3397 3664 loco

1826 3709 2008 3754 sancto
2036 3700 2147 3769 ejus
2166 3702 2192 3755 7

1920 3790 2089 3848 Vens.
2137 3791 2256 3845 4-8.
2307 3790 2567 3845 Innocens
2613 3790 2853 3843 manibus
2933 3800 2983 3844 et
3034 3790 3227 3844 mundo
3278 3808 3397 3844 cor-

1824 3885 1907 3949 de,
1938 3886 2026 3956 qui
2057 3901 2159 3938 non
2189 3886 2382 3952 accepit
2424 3884 2476 3937 in
2509 3899 2641 3936 vano
2670 3884 2900 3936 animum
2932 3900 3105 3948 suam,
3132 3900 3222 3936 nec
3238 3882 3395 3951 jura-

1825 3977 1895 4029 vit
1936 3977 1989 4029 in
2033 3974 2154 4029 dolo
2207 3990 2447 4044 proximo
2488 3991 2604 4028 suo.
2652 3972 2753 4027 llic
2808 3975 3025 4043 accipiet
3078 3973 3395 4027 benedictio-

1823 4086 1939 4123 nem
1982 4086 2015 4121 a
2064 4067 2312 4133 Domino,
2373 4077 2421 4121 et
2452 4066 2871 4122 misericordiam
2935 4085 2968 4121 a
3004 4066 3114 4121 Deo
3162 4067 3394 4122 salutari

1824 4175 1941 4213 suo.
1977 4157 2108 4213 1103c
2157 4169 2234 4213 est
2266 4160 2535 4229 generatio
2578 4160 2923 4230 quwrentium
2968 4176 3108 4221 eum,
3154 4176 3392 4230 quwren-

1822 4255 1952 4307 tium
1985 4254 2175 4323 facient
2208 4252 2306 4307 Dei
2354 4251 2543 4308 Iacob.
2601 4251 2937 4319 Diapsalma.
2986 4251 3227 4307 Attollite
3266 4268 3390 4322 por—

1822 4356 1925 4409 tas,
1988 4346 2268 4415 principes,
2307 4354 2549 4411 vestras;
2581 4355 2629 4397 et
2677 4345 2972 4410 clevamini,
3000 4356 3167 4414 porta:
3234 4355 3391 4400 teter-

1820 4440 1988 4503 nales,
2055 4449 2104 4494 et
2186 4439 2428 4492 introibit
2488 4437 2595 4492 Rea:
2658 4439 2863 4507 glorite.
2961 4438 3092 4504 Quis
3156 4448 3235 4493 est
3293 4439 3388 4492 iste
3459 4486 3463 4491 .

1822 4531 1930 4586 Rex
1980 4532 2211 4602 ρίονὶίυῖ
2285 4531 2544 4584 Dominus
2598 4530 2751 4597 fortis
2819 4540 2867 4583 et
2936 4538 3139 4599 potens,
3202 4529 3387 4583 Domi-

1820 4642 1918 4679 nus
1962 4636 2142 4695 potens
2201 4625 2254 4677 in
2306 4624 2511 4693 prazlio.
2555 4623 2812 4677 Fortasse
2848 4622 2883 4675 ii
2936 4637 3031 4690 per
3080 4622 3387 4690 interroga-

1815 4716 2018 4769 tionem
2078 4722 2132 4769 et
2179 4714 2593 4785 responsionem
2645 4726 2836 4765 omnes
2879 4710 3127 4763 homines
3180 4708 3247 4762 de
3289 4708 3388 4762 do-

1816 4806 2027 4860 minatu
2083 4804 2299 4859 Domini
2358 4803 2533 4858 nostri
2607 4801 2736 4856 Jesu
2791 4800 2996 4854 Christi
3049 4800 3381 4858 instituunt:

1818 4899 1862 4953 si
1900 4906 2121 4967 putetur
2170 4905 2356 4950 tamen
2395 4910 2489 4950 eas
2529 4895 2678 4964 ipsas
2724 4891 3000 4964 [cmlestes
3058 4892 3381 4964 potestates]

1818 4990 1871 5044 id
1902 5005 2011 5043 non
2059 4989 2336 5058 ignorare.
2399 4985 2538 5040 Sunt
2586 4985 2679 5056 qui
2716 4985 3055 5040 arbitrentur
3087 4986 3382 5040 secundam

1815 5081 2305 5152 interrogationem
2344 5087 2399 5134 et
2437 5078 2853 5149 responsionem
2900 5093 3009 5131 non
3042 5078 3381 5132 sublimiori-

1814 5184 1917 5240 bus
1945 5182 2309 5255 potestatibus
2342 5180 2561 5247 factam,
2594 5180 2687 5236 sed
2719 5179 2914 5234 iisdem
2936 5186 3097 5249 atque
3119 5177 3377 5248 priorem.

1814 5276 2125 5347 Diapsalma
2166 5290 2291 5331 vero
2322 5286 2446 5329 ante
2480 5274 2636 5337 illud,
2674 5274 2915 5329 Attoltile
2939 5283 3144 5338 portas,
3184 5271 3376 5342 princio

1814 5388 1922 5440 pes,
1960 5380 2182 5431 vestras,
2221 5367 2482 5439 positum,
2533 5367 2749 5423 videtur
2788 5367 3035 5423 melodize
3066 5367 3242 5422 solum
3277 5364 3380 5417 im-

1814 5463 2172 5518 mutationem
2203 5461 2483 5525 indueere,
2538 5461 2666 5531 quia
2697 5460 2885 5515 eadem
2929 5461 2982 5514 in
3024 5458 3378 5529 sequentibus

1812 5556 2105 5616 sententia.
2152 5556 2288 5609 Cum
2322 5563 2503 5609 autem
2539 5553 3099 5621 introiturumipsum
3160 5550 3256 5616 ait,
3290 5564 3377 5601 ex-

1812 5650 1950 5705 itum
1984 5649 2149 5703 etiam
2184 5648 2303 5718 ejus
2330 5648 2564 5701 latenter
2597 5643 2960 5701 adumbravit.
3011 5641 3212 5696 Deinde
3247 5653 3376 5694 vero

1811 5742 1939 5811 quia
1974 5756 2084 5796 non
2116 5741 2234 5810 ipse
2282 5739 2432 5793 solus
2482 5737 2790 5791 intraturus
2843 5735 2897 5789 in
2945 5746 3170 5803 regnum
3214 5747 3374 5787 suum

1812 5844 1948 5903 erat,
1987 5843 2172 5907 portas
2204 5847 2391 5889 omnes
2422 5830 2585 5903 pandi
2614 5837 2665 5887 et
2692 5828 2890 5901 aperiri
2918 5826 3163 5899 iubetur,
3185 5839 3377 5882 eorum
