4010 6530
617 375 724 433 2Ξὸ

1235 378 1503 435 EUSEBII
1541 380 2024 437 CAESARIENSIS
2059 382 2207 438 OPP.
2253 382 2433 437 PARS
2470 381 2557 438 111.
2600 413 2670 424 -—
2710 381 3120 438 EXEGETICA.

3782 387 3896 443 ρει

620 492 833 549 scilicet
861 508 1027 550 causa
1058 494 1153 564 qui
1188 508 1313 549 cum
1353 493 1447 550 Dei
1489 493 1630 551 Filio
1660 512 1889 569 regnum
1926 498 2189 555 caelorum

2301 498 2596 569 μέλλοντας
2651 498 3004 570 κληρονομεῖν
3049 499 3146 570 τὴν
3176 497 3452 569 βασιλείαν
3493 498 3599 553 τῶν
3628 500 3894 573 οὐρανῶν

619 587 976 641 consecuturi
1021 593 1197 641 erant.
1254 584 1455 642 Multas
1496 587 1699 659 quippe
1734 604 1798 643 ac
1827 588 2077 646 diversas
2124 590 2191 643 ad

618 680 774 750 regni
825 680 1090 735 caelorum
1139 678 1348 734 aditum
1387 688 1578 751 portas
1604 683 1848 752 aperuit:
1886 699 2011 738 nam
2050 682 2193 752 apud

620 769 834 826 Patrem
892 771 1206 827 mansiones
1252 774 1438 829 multae
1489 783 1617 829 sunt
1637 777 1702 829 ".
1765 777 1844 830 Ac
1895 776 2189 847 perpende,

619 876 846 955 quaso,
886 878 1016 917 num
1077 863 1189 955 hic.
1232 866 1481 922 solvatur
1537 868 1769 938 quaestio
1820 870 2042 940 psalmi,
2097 868 2191 939 qui

619 954 701 1011 sic
760 953 954 1011 habet:
1011 953 1266 1013 Ascendit
1316 959 1457 1014 Deus
1512 960 1568 1015 in
1610 960 1958 1031 jubilatione,
2005 960 2194 1015 Domi-

616 1064 713 1102 nus
739 1048 793 1101 in
825 1066 945 1103 voce
974 1048 1201 1106 tubae".
1272 1048 1374 1106 Hic
1415 1049 1654 1122 Spiritus
1719 1064 1943 1109 sanctus
1992 1052 2193 1123 jubila-

614 1141 821 1198 tionem
883 1157 947 1197 ac
986 1158 1172 1197 vocem
1228 1145 1376 1201 tubae
1433 1144 1604 1201 dedit.
1662 1144 1798 1200 Nam
1846 1146 1902 1200 in
1946 1160 2183 1201 ascensu

618 1230 739 1287 Filii
774 1232 868 1289 Dei
904 1234 958 1288 in
986 1236 1183 1301 cmlos,
1230 1252 1325 1307 par
1354 1236 1459 1292 fuit
1496 1238 1601 1309 ipsi
1632 1238 1847 1294 obviam
1880 1238 1990 1293 isse
2027 1253 2192 1309 ange-

619 1325 725 1388 los,
782 1341 894 1380 suae
939 1341 1038 1395 pro
1090 1326 1408 1383 hominibus
1460 1329 1785 1384 meonomia:
1811 1330 2188 1394 administros,

617 1428 782 1488 atque
831 1418 1138 1473 caelestium
1174 1432 1457 1490 portarum
1514 1421 1659 1478 fores
1715 1422 1819 1492 ipsi
1886 1422 2189 1491 aperuisse,

614 1527 778 1567 voces
808 1512 1197 1583 angelicosifue
1227 1514 1517 1579 clamores,
1552 1516 1644 1584 qui
1676 1514 1729 1568 in
1748 1514 1961 1585 psalmo
1998 1513 2190 1570 ferun-

615 1614 725 1669 tur,
779 1606 1067 1661 emisisse:
1101 1622 1241 1677 quos
1272 1607 1651 1677 jubilationem
1704 1614 1757 1662 et
1793 1622 1981 1662 vocem
2038 1607 2186 1663 tuba:

615 1702 898 1766 nuncupat
932 1696 1122 1753 dicens
1152 1716 1165 1751 :
1196 1697 1442 1752 Ascendit
1466 1697 1605 1751 Deus
1636 1697 1692 1750 in
1710 1696 2055 1766 jubilatione,
2090 1698 2192 1754 Do-

616 1787 794 1842 minus
822 1789 875 1842 in
905 1804 1023 1843 voce
1050 1788 1210 1842 tubw.

1159 1984 1392 2039 DAVIDI
1433 1984 1625 2042 XXIV.

681 2079 818 2134 Cum
838 2094 1017 2150 neque
1045 2079 1313 2150 psalmus,
1336 2094 1512 2151 neque
1540 2079 1837 2147 canticum,
1862 2095 2039 2151 neque
2058 2080 2189 2151 quid

614 2170 794 2227 simile
828 2170 1186 2236 inscribatur,
1216 2184 1393 2240 neque
1424 2171 1480 2224 in
1517 2171 1677 2225 ﬁnem
1708 2169 1823 2225 baac
1851 2169 2188 2239 referantur;

614 2278 679 2319 ac
704 2263 924 2335 quidam
946 2277 1231 2320 sermones
1254 2263 1366 2319 sint
1392 2262 1447 2318 in
1470 2261 1677 2335 Spiritu
1703 2273 1897 2319 sancto
1925 2279 1955 2317 a
1989 2261 2192 2319 Davide

615 2354 941 2426 conscripti,
972 2355 1098 2411 ideo
1124 2369 1155 2410 a
1186 2355 1412 2427 reliquis
1438 2355 1833 2428 interpretibus
1854 2355 2074 2412 Davidis
2106 2357 2192 2412 in-

614 2446 897 2504 scribitur.
919 2445 1053 2503 Jure
1081 2446 1331 2503 dicamus
1360 2447 1538 2519 ipsum
1563 2446 1870 2505 doctrinam
1903 2448 2191 2521 complecti

611 2539 981 2597 conlbssionis
1012 2538 1124 2596 Deo
1156 2539 1406 2608 emissae;
1438 2555 1547 2612 qua
1584 2540 1734 2613 prior
1764 2540 1984 2611 quidem
2023 2540 2192 2597 David

616 2648 753 2690 usus
788 2634 879 2699 sit,
911 2631 1109 2689 deinde
1138 2632 1299 2689 nobis
1324 2633 1570 2688 eamdem
1596 2632 1772 2704 ipsam
1792 2632 2105 2701 tradiderit,
2134 2640 2195 2689 ut

611 2724 836 2780 doceret
867 2740 977 2796 quo
1005 2733 1164 2795 pacto
1205 2723 1484 2780 inﬁrmum
1515 2740 1790 2796 quemque
1821 2727 2060 2782 animam
2095 2742 2194 2783 cu-

611 2834 735 2874 rare
769 2834 923 2874 suam
956 2834 1052 2889 per
1082 2816 1489 2873 confessionem
1515 2825 1787 2889 Oporteat.

688 2996 850 3052 Vsus.
881 2998 936 3063 2,
968 2998 1020 3053 3.
1060 2998 1141 3050 Ad
1164 3008 1232 3061 te,
1265 2998 1505 3063 Domine,
1538 3000 1703 3053 levavi
1742 3000 1975 3053 animam
2002 3016 2191 3065 meam;

613 3086 756 3142 Deus
787 3106 953 3153 meus,
983 3090 1035 3144 in
1066 3100 1113 3143 te
1135 3089 1366 3159 conﬁdo,
1395 3107 1496 3143 non
1520 3091 1820 3145 erubescam
1846 3108 1863 3145 :
1887 3108 2046 3161 neque
2070 3092 2196 3143 irri-

611 3178 767 3233 deant
796 3196 874 3233 me
901 3180 1102 3233 inimici
1128 3181 1250 3245 mei,
1275 3182 1463 3234 etenim
1494 3182 1723 3236 universi
1752 3183 1843 3252 qui
1863 3184 2122 3237 sustinent
2148 3192 2195 3237 te

2296 592 2392 645 σὺν
2421 589 2497 662 τῷ
2521 590 2633 661 Υἱῷ
2665 591 2759 644 τοῦ
2790 591 2946 644 Θεοῦ.
2980 590 3189 654 Πολλὰς
3216 590 3323 662 γάρ
3346 591 3545 661 ἀνέῳξε
3573 593 3670 645 καὶ
3693 594 3893 663 διαφό-

2295 701 2424 756 ρους
2457 682 2631 747 πύλας
2651 684 2749 755 τῆς
2786 686 2865 748 είς
2897 686 3019 748 τοὺς
3041 684 3302 755 οὐρανοὺς
3326 684 3558 738 εἰσόδου·
3614 687 3743 740 ἐπεὶ
3798 690 3893 741 καὶ

2294 775 2484 830 πολλαὶ
2520 775 2681 847 μοναὶ
2713 776 2863 850 παρά
2888 776 2964 848 τῷ
2989 776 3184 849 Πατρί.
3214 778 3354 848 Ὅρα
3379 777 3435 830 δὲ
3466 777 3514 830 εί
3550 777 3626 850 μὴ
3660 781 3724 833 ἐν
3757 783 3893 834 τού-

2290 885 2404 933 τοις
2430 867 2614 939 λυθείη
2644 867 2710 922 ἂν
2737 867 2798 921 τὸ
2831 866 3159 939 ζητούμενον
3192 870 3251 922 ἐν
3272 867 3350 939 τῷ
3374 867 3636 937 φάσκοντι
3653 869 3889 943 ψαλμῷ·

2304 962 2501 1029 Ἀνέϐη
2534 964 2567 1015 ὀ
2593 960 2737 1027 Θεὸς
2800 960 2871 1015 ἐν
2918 959 3265 1031 ἀλαλαγμῷ,
3316 961 3533 1029 Κύριος
3589 962 3662 1015 ἐν
3709 964 3897 1033 φωνῇ

2290 1050 2645 1121 σάλπιγγος.
2700 1050 2964 1106 Ἐνταῦθα
2992 1052 3100 1123 γὰρ
3148 1051 3209 1105 τὸ
3253 1052 3478 1125 Πνεῦμα
3508 1054 3569 1107 τὸ
3593 1053 3757 1125 ἅγιον
3795 1059 3900 1111 καὶ

2290 1144 2381 1197 τὸν
2404 1142 2718 1216 ἀλαλαγμὸν
2743 1143 2839 1198 καὶ
2870 1143 2968 1215 τὴν
2996 1143 3181 1216 φωνὴν
3233 1144 3334 1214 τῆς
3362 1144 3663 1215 σάλπιγγος
3691 1147 3899 1202 ἀποδί-

2290 1234 2471 1289 δωσιν.
2521 1236 2609 1290 Ἐν
2628 1235 2736 1308 γάρ
2760 1238 2825 1307 τῇ
2871 1236 2950 1299 εἰς
2969 1234 3233 1307 οὐρανοὺς
3277 1235 3538 1290 ἀναϐάσει
3589 1236 3691 1290 τοῦ
3750 1237 3896 1292 Υἱοῦ

2288 1323 2382 1378 τοῦ
2413 1323 2570 1389 Θεοῦ,
2600 1326 2726 1389 τοὺς
2754 1324 3251 1396 διακονησαμένους
3294 1324 3441 1395 αὐτῷ
3470 1324 3746 1394 ἀγγέλους
3786 1326 3894 1399 τὴν

2280 1415 2369 1480 ,είς
2398 1413 2719 1485 ἀνθρώπους
2774 1414 3086 1485 οἰκονομίαν
3136 1414 3461 1486 προτρέχειν
3511 1414 3659 1485 αὐτῷ
3713 1417 3889 1481 είκδς,

2290 1504 2384 1559 καὶ
2413 1504 2510 1563 τὰς
2540 1504 2824 1575 οὐρανίους
2863 1503 3035 1568 πύλας
3070 1501 3219 1573 αὐτῴ
3266 1497 3743 1575 παρασκευάζειν,
3775 1524 3891 1574 φω-

2289 1596 2387 1660 νάς
2414 1612 2474 1648 τε
2501 1597 2719 1665 ἀφιέναι
2746 1598 2840 1650 καὶ
2872 1595 2999 1666 βοάς
3026 1595 3341 1665 ἀηελικάς,
3363 1594 3462 1659 τάς
3482 1597 3539 1650 ἐν
3566 1596 3647 1667 τῷ
3675 1598 3887 1669 ψαλμῷ

2290 1688 2613 1759 φερομένας·
2643 1687 2709 1751 ἃς
2728 1688 2791 1760 δὴ
2823 1688 3138 1759 ἀλαλαγμὸν
3194 1688 3287 1741 καὶ
3342 1688 3524 1761 φωνὴν
3576 1688 3887 1762 σάλπιγγος

2290 1780 2539 1851 ὠνόμασε
2563 1780 2761 1851 φήσας·
2804 1780 3001 1848 Ἀνέϐη
3031 1784 3064 1834 ὁ
3097 1778 3242 1847 Θεὸς
3275 1779 3345 1833 ἐν
3370 1781 3727 1853 ἀλαλαγμῷ,
3771 1786 3888 1837 Κύ-

2224 1891 2416 1968 Βριος
2446 1873 2515 1927 ἐν
2544 1870 2714 1943 φωνῇ
2740 1872 3090 1943 σάλπιγγος.

2836 1990 2924 2042 ΤΩ
2960 1989 3160 2042 ΔΑΥΙΔ
3198 1989 3333 2042 KA'.

2373 2077 2527 2134 Ἐπεὶ
2557 2078 2697 2150 μήτε
2720 2076 2931 2149 ψαλμδς
2958 2078 3375 2149 ἐπιγέγραπται,
3404 2081 3539 2152 μήτε
3567 2080 3706 2152 ᾠδὴ,
3748 2084 3883 2154 μήτε

2290 2187 2343 2223 τι
2374 2168 2483 2223 τῶν
2528 2168 2947 2240 παραπλησίων,
3001 2167 3118 2221 ἀλλ’
3174 2168 3282 2223 οὐδ’
3331 2170 3411 2234 είς
3468 2170 3530 2223 τὸ
3562 2169 3724 2234 τέλος
3757 2172 3886 2225 ἀνα-
3978 2170 3981 2240 ς

2292 2262 2568 2334 πέμπεται
2597 2260 2666 2314 τὰ
2686 2260 3038 2333 προκείμενα·
3067 2260 3214 2329 λόγοι
3232 2260 3287 2314 δέ
3304 2262 3439 2314 είσιν
3465 2261 3523 2316 ἐν
3543 2262 3685 2333 ἁγίῳ
3713 2263 3885 2317 uno.

2294 2372 2425 2428 ματι
2446 2352 2527 2426 τῷ
2548 2351 2712 2408 Δαυῒδ
2734 2352 3235 2431 συγγεγραμμένα·
3254 2353 3333 2407 διὸ
3362 2353 3512 2426 παρά
3534 2355 3650 2418 τοῖς
3669 2353 3885 2420 λοιποῖς

2292 2448 2652 2521 ἐρμηνευταῖς
2684 2446 2791 2501 τοῦ
2814 2444 2996 2501 Δαυΐό
3042 2446 3482 2520 προγέγραπται·
3517 2446 3752 2512 εἰκότως
3784 2450 3883 2520 φή-

2294 2556 2459 2611 σομεν
2481 2536 2827 2594 διδασκαλίαν
2860 2538 3137 2611 περιέχειν
3160 2538 3261 2610 τῆς
3308 2538 3445 2611 πρὸς
3476 2537 3569 2592 τὸν
3592 2537 3734 2593 Θεὸν
3766 2541 3883 2606 ἐξο-

2295 2631 2663 2705 μολογήσεως,
2760 2629 2977 2702 πρῶτος
3013 2629 3111 2702 μὲν
3134 2631 3296 2696 αὐτὸς
3324 2632 3353 2685 ὁ
3378 2629 3542 2685 Δαυῒδ
3579 2630 3879 2704 ἐχρήσατο,

2294 2721 2484 2776 ἔπειτα
2540 2720 2598 2775 δὲ
2648 2720 2742 2775 καὶ
2802 2721 2936 2791 ἡμῖν
2994 2720 3368 2793 παραδέδωκε.
3427 2720 3703 2775 παιδεύων
3732 2722 3881 2789 ὅπως

2293 2814 2399 2887 χρὴ
2432 2813 2735 2885 νοσήσαντα
2761 2812 2860 2886 τὴν
2885 2812 3094 2868 ἐαυτῶν
3118 2812 3443 2885 θεραπεύειν
3465 2813 3646 2887 ψυχὴν
3663 2814 3737 2869 δι’
3767 2817 3879 2885 ἑξο-

2299 2906 2499 2979 μολογή
2507 2923 2663 2970 σεως.

2364 2998 2522 3068 Πρὸς
2550 2998 2644 3063 σὲ,
2674 2998 2871 3068 Κύριε,
2906 2992 3023 3070 ἦρα
3064 2996 3177 3067 τὴν
3218 2997 3431 3068 ψυχήν
3467 3016 3606 3068 μου·
3653 3000 3687 3052 ὁ
3733 3000 3875 3066 Θεό(

2290 3108 2431 3160 μου,
2472 3088 2569 3142 ἐπὶ
2600 3089 2699 3143 σοὶ
2744 3090 3017 3153 πέποιθα,
3038 3089 3123 3160 μὴ
3172 3091 3675 3161 κατασχυνθείην·
3720 3092 3879 3163 μηδὲ

2296 3181 2882 3249 καταγελασάτωσάν
2901 3201 2977 3253 με
3005 3187 3056 3237 οἱ
3089 3184 3289 3253 ἐχθροί
3306 3200 3444 3254 μου·
3470 3183 3569 3235 καὶ
3598 3183 3705 3254 γὰρ
3731 3184 3877 3237 πόν-

614 3289 715 3326 non
752 3271 1159 3342 confundentur.
1195 3272 1319 3327 Haec
1350 3274 1447 3338 ait,
1482 3276 1639 3344 quasi
1684 3275 1737 3329 in
1766 3276 1934 3329 altum
1967 3285 2188 3333 evectus

2298 3291 2392 3341 τες
2420 3278 2474 3329 οἱ
2522 3274 2931 3344 ὺπομένοντές
2976 3292 3049 3330 σε
3092 3279 3162 3329 οὐ
3209 3274 3293 3345 μὴ
3364 3278 3873 3345 καταισχυνθῶσι.

611 3379 663 3421 ct
693 3367 1030 3432 translatus;
1077 3374 1137 3420 ut
1170 3367 1263 3437 qui
1303 3370 1540 3422 animam
1575 3383 1729 3423 suam
1772 3368 1838 3423 ab
1868 3368 2071 3426 inlimis
2101 3385 2187 3425 re-

614 3459 717 3515 bus
745 3460 1075 3514 abstractam
1108 3459 1394 3515 sublimem
1427 3460 1620 3532 egerit,
1653 3470 1814 3530 atque
1842 3460 2038 3516 aﬁ‘ectu
2067 3477 2186 3517 eam

610 3567 831 3609 sursum
871 3566 935 3607 ac
978 3550 1089 3607 Deo
1121 3552 1358 3607 vicinam
1410 3553 1782 3619 constituerit,
1835 3560 1890 3607 et
1936 3554 2186 3608 mortalia

612 3644 962 3716 humanaque
993 3651 1302 3710 aversatus,
1353 3644 1421 3699 ad
1466 3643 1635 3700 Deum
1676 3659 1735 3700 se
1767 3644 1985 3701 sincero
2024 3646 2189 3701 corde

611 3740 963 3794 converterit.
995 3737 1309 3808 Deindequc
1343 3738 1455 3793 ait:
1482 3735 1599 3792 Non
1632 3737 1788 3801 mihi,
1827 3737 1922 3795 sed
1954 3738 2053 3794 tibi
2077 3738 2189 3794 Deo

611 3848 732 3888 meo
753 3831 1015 3899 conﬁsus,
1044 3833 1323 3901 multaque
1344 3846 1476 3886 usus
1507 3830 1727 3893 ﬁducia,
1756 3830 1920 3886 talem
1956 3846 2069 3885 rem
2102 3844 2190 3901 ag-

612 3939 836 3996 gressus
874 3939 1015 3979 sum.
1050 3923 1151 3989 Qui
1182 3922 1365 3977 omnia
1401 3938 1522 3993 qua:
1550 3922 1653 3978 sub
1673 3931 1951 3993 aspectum
1981 3928 2035 3976 et
2063 3938 2190 3977 sen-

616 4032 737 4071 sum
768 4016 972 4070 cadunt
1005 4015 1355 4084 contempsit,
1385 4023 1439 4071 et
1466 4016 1529 4069 ad
1563 4016 1944 4084 incorporeum
1983 4014 2189 4069 invisi-

614 4109 886 4179 liilcmque
920 4109 1088 4163 Deum
1125 4107 1363 4162 animam
1395 4108 1590 4173 erexit,
1634 4107 1825 4176 Deum,
1872 4117 1930 4163 ut
1968 4122 2188 4179 posses-

615 4218 736 4258 sum
773 4202 871 4257 abs
910 4217 969 4257 se
1009 4201 1237 4264 bonum,
1282 4199 1509 4256 ﬁdenter
1550 4201 1806 4269 invocat;
1856 4211 2189 4274 quapmpter

614 4295 748 4349 dicit
790 4317 802 4349 :
838 4294 977 4349 Deus
1010 4311 1177 4357 meus,
1228 4296 1281 4347 in
1319 4304 1365 4347 te
1394 4294 1621 4363 conﬁdo.
1672 4294 1803 4361 Qum
1840 4296 1907 4348 ad
1942 4312 2029 4352 me
2056 4298 2187 4349 atti-

615 4392 765 4449 nent,
800 4385 996 4455 inquit,
1034 4385 1107 4440 ita
1138 4401 1197 4440 se
1230 4385 1451 4439 habent.
1480 4386 1743 4441 Czcterum
1772 4388 2027 4457 precibus
2054 4388 2187 4441 mihi

614 4479 906 4548 divinoque
940 4486 1036 4533 tuo
1066 4476 1272 4531 auxilio
1302 4491 1441 4547 Opus
1463 4485 1568 4542 est,
1596 4486 1653 4530 ut
1676 4495 1743 4533 ne
1767 4494 1797 4531 a
1832 4494 1999 4549 scapo
2030 4479 2186 4533 aber-

614 4586 750 4635 rem,
796 4585 931 4625 neve
973 4585 1073 4623 ceu
1105 4584 1135 4622 a
1165 4569 1389 4638 praealto
1427 4570 1708 4625 cacumine
1739 4571 1925 4641 lapsus
1959 4578 2179 4625 atlerar.

614 4664 795 4730 Quare
826 4660 1056 4715 obsecro
1084 4676 1346 4730 rogoque,
1376 4677 1443 4716 ne
1466 4661 1534 4717 ab
1557 4661 1795 4717 inimicis
1822 4664 1958 4719 meis
1982 4662 2187 4733 pudore

615 4754 901 4811 sulfundar
929 4762 983 4809 et
1014 4752 1247 4808 irridear
1280 4772 1292 4807 :
1324 4754 1468 4823 quod
1499 4771 1630 4810 sane
1656 4763 1749 4809 tuo
1779 4754 1873 4810 Dei
1904 4757 2007 4810 mei
2032 4758 2188 4811 auxi-

614 4849 688 4901 lio
717 4846 994 4901 obtinebo.
1032 4844 1166 4899 Nam
1193 4846 1425 4917 pristina
1456 4848 1674 4917 quidem
1716 4864 1781 4903 ex
1828 4848 2048 4918 proprio
2093 4866 2189 4903 vo-

614 4938 842 4994 luntatis
868 4937 1077 4993 delectu
1102 4938 1609 5010 proﬁciscebantur,
1637 4946 1695 4994 ut
1718 4940 1927 4996 scilicet
1949 4940 2186 4995 animum

614 5045 789 5086 meam
832 5028 1099 5083 arbitratu
1150 5045 1272 5085 meo
1318 5046 1413 5085 sus
1457 5030 1633 5101 deque
1662 5046 1917 5103 agerem:
1952 5032 2190 5087 secunda

616 5118 923 5189 patrocinio
953 5126 1007 5174 et
1040 5120 1289 5176 subsidio
1322 5128 1484 5192 egent
1523 5128 1642 5177 tuo.

694 5382 853 5441 Vens.
886 5387 937 5442 4.
977 5386 1387 5459 Confundantur
1409 5389 1589 5459 iniqua
1616 5396 1823 5458 agentes
1850 5403 2184 5457 supervacue.

618 5477 905 5551 Proposito
936 5482 1192 5538 insistere
1222 5482 1398 5536 solum
1440 5482 1719 5546 convenit,
1768 5497 1944 5552 neque
1974 5493 2189 5539 mutare

618 5572 967 5641 sententiam,
999 5573 1083 5628 vel
1112 5589 1144 5627 a
1184 5573 1289 5629 ﬁde
1317 5572 1568 5630 deﬁcere.
1600 5572 1737 5628 Nam
1769 5576 1863 5646 qui
1900 5577 2189 5637 instabiles

617 5665 954 5735 mobilesque
986 5672 1135 5731 sunt,
1186 5680 1248 5720 ac
1275 5666 1422 5720 omni
1454 5674 1613 5720 vento
1638 5667 2121 5739 circumferuntur,
2155 5674 2187 5727 ii

690 5823 733 5855 "
773 5821 929 5880 Joan.
966 5821 1171 5895 XIV,_2.
1246 5823 1292 5855 ³³
1329 5821 1473 5879 Psal.
1514 5838 1673 5897 sui,
1710 5825 1763 5880 6.

2295 3364 2481 3418 Ταῦτά
2507 3382 2691 3437 φησιν,
2749 3366 2949 3419 ὡσανεὶ¹
3000 3367 3208 3439 ἐπάρας
3246 3370 3325 3431 είς
3371 3367 3503 3436 ὐψος
3535 3368 3796 3439 μεταθεῖς
3822 3387 3878 3423 τε

2294 3458 2386 3510 καὶ
2419 3456 2756 3530 μετεωρίσας
2782 3457 2891 3511 τῶν
2926 3459 3052 3530 τῇδε
3076 3460 3414 3531 πραγμάτων
3430 3460 3527 3532 τὴν
3558 3462 3759 3515 ἑαυτοῦ
3780 3463 3879 3533 the

2294 3551 2414 3622 χήν·
2451 3549 2563 3605 ἄνω
2584 3568 2643 3603 τε
2676 3550 2903 3621 πλησίον
2925 3551 3095 3623 αὐτὴν
3125 3551 3217 3604 τοῦ
3247 3551 3383 3606 Θεοῦ
3413 3556 3479 3625 τῇ
3504 3552 3744 3607 διαθέσει
3782 3574 3877 3609 κα-

2294 3648 2568 3717 ταστήσας
2594 3646 2663 3699 δι’
2704 3646 3054 3717 ἀποστροφῆς
3095 3646 3191 3718 μὲν
3224 3645 3331 3699 τῶν
3382 3644 3592 3718 θνητῶν
3640 3646 3737 3699 καὶ
3789 3648 3880 3699 ἁν-

2296 3737 2601 3809 θρωπίνων,
2632 3739 2966 3811 ἐπιστροφῆς
3013 3740 3069 3793 δὲ
3100 3739 3326 3811 γνησίας
3357 3739 3454 3810 τῆς
3503 3738 3641 3809 πρὸς
3691 3740 3874 3796 αὐτόν.

2298 3832 2535 3886 Ἔπειτά
2558 3850 2711 3905 φησι·
2733 3832 2903 3886 Τοῦτο
2931 3831 3228 3902 πεποίηκα,
3255 3830 3355 3883 οὐκ
3385 3829 3604 3901 ἐμαυτῷ
3634 3829 3876 3901 θαρρῶν,

2294 3924 2407 3978 ἀλλ’
2434 3924 2527 3977 ἐπὶ
2562 3925 2646 3977 σοὶ
2674 3923 2751 3995 τῷ
2772 3922 2891 3995 Θεῷ
2917 3941 3017 3995 μου
3044 3922 3340 3986 πεποιθὼς,
3398 3922 3564 3994 πολλῇ
3594 3924 3880 3995 παρρησίᾳ

2294 4017 2593 4089 χρώμενος.
2642 4016 2701 4069 ’0
2725 4017 2940 4071 πάντων
2971 4016 3069 4087 μὲν
3120 4014 3230 4069 τῶν
3279 4014 3549 4087 αἰσθητῶν
3587 4017 3683 4069 καὶ
3740 4017 3879 4088 όρω·

2298 4106 2473 4177 μένων
2504 4107 2940 4178 καταφρονήσας,
2973 4106 3065 4160 ἐπὶ
3084 4106 3139 4159 δέ
3165 4106 3256 4159 τὸν
3278 4105 3566 4176 ἀσώματον
3591 4106 3686 4160 καὶ
3713 4107 3880 4179 ἀόρα-

2292 4214 2383 4249 τον
2411 4195 2542 4249 Θεὸν
2580 4196 2675 4268 τὴν
2699 4197 2892 4252 ἑαυτοῦ
2913 4198 3090 4270 ψυχὴν
3116 4197 3345 4269 ἐπάρας.
3405 4196 3480 4261 ὡς
3507 4196 3573 4252 ἂν
3598 4197 3727 4252 ῐδιον
3754 4200 3879 4252 ἐαυο

2294 4289 2386 4343 τοῦ
2424 4290 2611 4362 κτῆμα
2653 4292 2943 4362 γενόμενον
2982 4291 3073 4344 τὸν
3105 4291 3235 4344 Θεὸν
3266 4291 3638 4344 ἐπικαλεῖσθαι
3663 4290 3875 4365 θαρῤεῖ·

2293 4382 2373 4435 διὸ
2398 4382 2563 4451 λέγει·
2627 4384 2688 4437 '0
2740 4384 2884 4449 Θεός
2906 4401 3049 4453 μου,
3076 4383 3172 4437 ἐπὶ
3203 4383 3301 4436 σοὶ
3361 4382 3633 4437 πέποιθα.
3672 4382 3786 4436 Καὶ
3814 4386 3878 4437 τὰ

2296 4477 2423 4546 παρ’
2447 4475 2579 4546 ἐμοῦ
2615 4476 2733 4547 μὲν,
2758 4476 2912 4546 φησὶ,
2942 4475 3133 4531 ταῦτα.
3170 4476 3366 4529 Λοιπὸν
3396 4476 3450 4529 δὲ
3471 4477 3633 4547 εὐχῆς
3668 4494 3761 4548 μοι
3781 4478 3876 4539 δεῖ,

2296 4567 2389 4619 καὶ
2420 4566 2517 4637 τῆς
2552 4568 2704 4638 παρὰ
2726 4567 2820 4620 σοῦ
2860 4567 2954 4621 τοῦ
3009 4566 3144 4621 Θεοῦ
3174 4566 3510 4637 συνεργείας,
3543 4568 3678 4639 πρὸς
3714 4569 3775 4622 τὸ
3806 4572 3878 4640 μὴ

2293 4658 2551 4713 ἐκπεσεῖν
2603 4657 2697 4712 τοῦ
2725 4658 2951 4723 σκοποῦ,
2986 4658 3106 4729 μηδ’
3135 4658 3322 4730 ὥσπερ
3354 4659 3445 4727 ἀφ’
3467 4657 3674 4729 ὑψηλῆς
3702 4660 3880 4731 ἀκρω-

2297 4750 2448 4821 ρείας
2482 4750 2718 4803 πεσόντα
2747 4750 3149 4823 ἀπορραγῆναι.
3182 4750 3271 4803 Διὸ
3304 4750 3495 4820 δέομαι
3525 4752 3617 4803 καὶ
3650 4750 3881 4804 ἱκετεύω

2299 4844 2372 4916 μὴ
2404 4844 2884 4916 καταισχυνθῆναι,
2930 4842 3063 4914 μηδέ
3104 4842 3577 4913 καταγελασθῆναι
3625 4843 3733 4895 ὑπὸ
3772 4844 3882 4895 τῶν

2295 4938 2503 5011 ἐχθρῶν
2528 4954 2650 5011 μου·
2688 4937 2858 4992 ταῦτα
2877 4937 2932 4989 δέ
2966 4954 3055 5007 μοι
3088 4935 3237 4988 ἔσται
3282 4936 3346 4987 ἐκ
3372 4934 3470 5005 τῆς
3497 4933 3596 5004 σῆς
3617 4932 3713 4987 τοῦ
3740 4934 3881 4988 Θεοῦ

2298 5049 2398 5102 μου
2431 5029 2702 5102 βοηθείας.
2735 5028 2815 5082 Τὰ
2842 5029 2938 5099 μὲν
2968 5027 3077 5099 γὰρ
3106 5028 3295 5099 πρῶτα
3335 5027 3394 5093 ἐξ
3424 5026 3565 5097 ἐμῆς
3596 5022 3663 5096 ἦν
3686 5044 3887 5097 προαι-

2298 5124 2519 5195 ρέσεως,
2547 5124 2608 5177 τὸ
2645 5123 2798 5191 ἄγειν
2823 5122 2915 5175 καὶ
2958 5123 3141 5194 φέρειν
3166 5121 3262 5193 τὴν
3294 5118 3531 5192 ἐμαυτοῦ
3568 5117 3746 5189 ψυχὴν

2294 5218 2387 5270 καὶ
2413 5216 2695 5287 βούλομαι·
2722 5214 2792 5269 τὰ
2817 5214 2872 5267 δὲ
2898 5214 3124 5285 δεύτερα
3158 5217 3257 5286 τῆς
3287 5214 3387 5285 σῆς
3414 5209 3753 5283 ἀντιλήψεως
3788 5215 3886 5266 καὶ

2294 5308 2608 5380 συνεργείας
2631 5307 2819 5362 δεῖται.

2362 5396 2876 5467 Αἰσχυνθήτωσαν
2903 5400 2957 5453 οὶ
2985 5397 3348 5468 ἀνομοῦντες
3376 5393 3674 5463 διακενῆς.
3700 5394 3887 5448 Μόνον

2294 5489 2582 5561 ὑπομένειν
2607 5493 2673 5563 τῇ
2708 5490 2983 5563 προθέσει,
3017 5490 3150 5561 μηδέ
3182 5488 3555 5561 μεταϐάλλειν,
3586 5489 3680 5541 καὶ
3724 5489 3885 5559 μεθί-

2298 5582 2526 5638 στασθαι
2570 5584 2666 5655 τῆς
2696 5584 2948 5647 πίστεως.
2976 5584 3040 5635 Οἱ
3088 5582 3195 5655 γὰρ
3228 5582 3529 5654 εύρίπιστοι
3562 5581 3657 5634 καὶ
3712 5583 3882 5635 παντὶ

2298 5676 2482 5748 ἀνέμῳ
2512 5676 2929 5749 περιφερόμενοι
2958 5673 3177 5731 πάθοιεν
3206 5675 3269 5731 ἄν
3300 5691 3427 5729 ποτε
3457 5674 3522 5728 τὰ
3545 5675 3642 5746 τῆς
3672 5671 3880 5745 αἰσχύ-
