4010 6558
192 372 291 426 £25
1304 352 1805 414 COMMENTARIA
1844 350 1911 406 IN
1949 344 2289 407 PSALMOS.
3311 332 3418 386 226

188 502 293 557 νης·
319 486 379 539 οὐ
410 486 515 557 μὴν
540 485 631 538 καὶ
659 483 708 537 oi
748 483 927 552 λέγειν
972 478 1368 553 μεμαθηκότεςο
1411 475 1756 546 ’Υπομένων

1873 477 2002 525 terte
2051 468 2107 523 in
2157 463 2536 521 confusionem
2586 468 2640 515 et
2673 457 3026 531 Opprobrium
3062 439 3418 511 delabentur:

186 543 601 647 ὑὲἐμεικατὸν
650 543 883 644 Rupta-tr.
921 543 1069 625 ‘Avri
1100 543 1324 635 δὲ’τοῦ,
1369 543 1755 638 ἁνομοῧντες,

1873 562 1949 617 ted
1976 576 2086 615 non
2120 558 2342 630 perinde
2370 556 2405 610 ii
2428 556 2522 625 qui
2550 553 2665 607 haec
2690 550 2844 607 effari
2867 549 3195 613 didicerunt,
3229 543 3425 614 Exspe-

181 671 224 721 υἱ
253 634 428 722 λοιποὶ
454 669 548 722 καὶ
578 670 612 739 ἡ
640 634 862 739 πέμπτη
894 666 1122 728 ἕκδοσις,
1166 666 1219 717 ol
1275 634 1759 724 ἀποστατοῦντες

1873 664 2010 706 :tuns
2065 649 2360 720 exspectavi
2414 647 2697 701 Dominum
2718 645 2783 697 ³³.
2831 639 3005 710 llujus
3052 644 3232 691 autem
3277 634 3419 695 loco,

182 724 612 832 ﬁppqvebxaotv:
646 724 1007 828 ouipfog'robq
1055 724 1395 827 παραϐάτας,
1426 751 1519 805 καὶ
1553 750 1626 821 μὴ
1679 748 1759 819 τῷ

1873 746 2041 814 iniqua
2081 750 2310 813 agentes,
2348 738 2539 808 reliqui
2583 739 2903 806 interpretes
2935 745 2998 784 ac
3026 727 3223 795 Quinta
3256 724 3423 780 editio

181 820 429 924 προτέρῳ
460 852 667 905 ἑαυτῶν
700 820 885 921 σκοπῷ
930 820 1262 921 ἐμμένοντας
1300 820 1760 914 καταισχυνθήσε-

1873 838 2157 906 le/icientes
2206 830 2545 902 interpretati
2586 836 2715 885 sunt
2759 846 2771 881 :
2804 839 2914 896 quo
2956 820 3421 893 praevaricatores,

182 911 305 997 σθαι
349 911 781 1015 άποφηνάμενοι.
846 911 975 1013 ’ἰῆς
1002 911 1109 1012 γὰρ
1160 911 1759 999 ἀποστασίαςῆὲαυτῶν

1873 944 2075 986 necnon
2123 942 2218 983 eos
2255 929 2349 997 qui
2381 925 2436 978 in
2467 922 2702 995 pristino
2749 932 2916 988 scopo
2962 930 3026 970 ac
3059 911 3289 969 consilio
3315 922 3423 962 non

183 1035 393 1107 καρπὸν
426 1036 685 1089 ὑπόκενον
714 1033 981 1104 εὑρόντες,
1008 1031 1082 1095 ὡς
1114 1030 1178 1084 ἂν
1220 1026 1473 1097 διακενῆς
1521 1024 1754 1077 ἀποστα-

182 1127 447 1197 τήσαντες
469 1127 563 1180 τοῦ
596 1125 750 1189 Θεοῦ,
784 1121 1353 1194 καταισχυνθήσονται.

1862 1024 2305 1091 perseverarunt,
2332 1014 2539 1086 pudore
2565 1009 2874 1066 alliciendos
2894 1022 3015 1063 esse
3038 1011 3221 1074 aperte
3246 998 3426 1054 decla-

1864 1120 2007 1166 rant.
2032 1110 2327 1179 Postquam
2356 1105 2502 1161 enim
2527 1117 2729 1159 vanum
2756 1100 3079 1168 irritumque
3105 1089 3428 1150 defectionis

182 1236 299 1277 suae
336 1221 571 1277 fructum
615 1218 1090 1292 deprehenderint,
1130 1183 1317 1286 utpote
1345 1211 1439 1284 qui
1471 1209 1675 1265 frustra
1707 1221 1736 1260 a
1777 1203 1890 1260 Deo
1927 1203 2276 1269 desciverint,
2310 1202 2366 1256 in
2399 1199 2659 1272 pudorem
2694 1210 2759 1250 ac
2824 1188 3215 1263 turpitudinem
3274 1183 3428 1239 dela-

182 1314 407 1369 bentur.

262 1426 372 1491 Τὰς
402 1423 579 1492 ὁδούς
606 1441 742 1491 σου,
767 1426 963 1493 Κύριε,
1001 1420 1299 1494 νώρισόν
1325 1435 1447 1489 μοι,
1502 1415 1598 1469 καὶ
1649 1412 1757 1479 τὰς

180 1518 421 1584 τρίϐους
454 1532 567 1571 σου
596 1517 845 1583 διδαξόν
862 1532 957 1586 με.
1018 1512 1345 1582 Ὀδήτησόν
1382 1525 1460 1579 με
1507 1506 1607 1561 ἐπὶ
1644 1505 1759 1573 τὴν

177 1606 474 1674 ἀλήθειάν
494 1625 607 1664 σου
635 1609 736 1664 καὶ
763 1607 1011 1673 ὃίδαξόν
1051 1623 1147 1676 με,
1191 1604 1280 1657 ὅτι
1338 1601 1421 1656 σὺ
1450 1596 1510 1655 εἴ
1542 1601 1575 1653 ὁ
1616 1597 1760 1662 Θεὸς

175 1706 210 1754 ὀ
241 1699 446 1768 Σωτήρ
478 1718 617 1770 μου,
648 1702 747 1755 καὶ
802 1700 877 1755 σὲ
926 1697 1215 1768 ὑπέμεινα
1251 1694 1405 1761 ὅλην·
1456 1690 1572 1759 τὴν
1620 1687 1764 1757 ἡμέ-

174 1807 311 1884 ραν.
333 1791 466 1884 ,Εἰσὶ
492 1792 549 1845 δὲ
579 1793 689 1846 ὁδοὶ
724 1790 817 1845 τοῦ
846 1789 1051 1860 Κυρίου
1082 1789 1137 1841 αἱ
1173 1786 1270 1857 τῆς
1309 1779 1563 1855 προνοίας
1594 1778 1759 1833 αὐτοῦ
1794 1829 1834 1884 Β

173 1881 491 1954 διοικήσεις,
519 1882 639 1937 καθ’
668 1882 735 1946 ἃς
794 1881 864 1954 τὰ
918 1879 1209 1949 σύμπαντα
1253 1872 1598 1945 διακυϐερνᾷ·
1632 1870 1760 1942 περὶ

174 1965 255 2027 ὧν
292 1976 320 2027 ὁ
353 1974 498 2037 θεῖος
552 1972 869 2035 Ἀπόστολος
913 1970 1177 2024 διδάσκων
1226 1966 1429 2034 ἔλεγενο
1468 1963 1535 2017 Ὣ
1570 1960 1762 2027 ,βάθος

178 2066 454 2119 πλούτου
479 2065 818 2134 καίσοφίας
852 2062 950 2116 καὶ
981 2060 1255 2132 γνώσεως
1275 2055 1442 2112 Θεοῦ
1473 2056 1553 2120 ὡς
1583 2053 1760 2118 ἀνεξ-

180 2158 477 2225 spatia-nm
524 2155 596 2210 τὰ
653 2157 908 2226 κρίματα
950 2152 1136 2208 αὑτοῦ
1176 2149 1276 2205 καὶ
1317 2148 1762 2217 ἀνεξιχνίαστοι

182 2250 244 2300 αἱ
279 2246 405 2301 ὁδοί
432 2247 637 2303 αὐτοῦ.
672 2246 827 2299 Οὕτω
870 2245 926 2299 δὲ
980 2243 1071 2298 καὶ
1105 2240 1278 2314 τρίὸοι
1332 2236 1497 2292 αὐτοῦ
1553 2230 1661 2288 εἷεν
1704 2235 1760 2287 ali

184 2338 328 2392 κατὰ
366 2339 530 2410 μέρος
567 2339 859 2408 διοικήσεις
923 2336 1031 2388 τῶν
1082 2334 1238 2396 ὅλων,
1297 2330 1420 2384 καθ’
1458 2328 1525 2392 ἃς
1572 2326 1761 2397 ῶσπερ

184 2429 644 2501 ἐπιπορευόμενος
672 2428 741 2481 τά
767 2445 826 2480 τε
870 2428 989 2481 κατ’
1023 2422 1249 2495 οὐρανὸν
1293 2421 1387 2475 καὶ
1424 2419 1491 2472 τὰ
1519 2417 1611 2471 ἐπὶ
1656 2417 1760 2487 γῆς

185 2524 247 2591 τῇ
282 2523 611 2593 προνοητικῇ
642 2519 885 2590 δυνάμει,
908 2516 1128 2588 τρίϐους
1176 2511 1365 2568 ἑαυτοῦ
1408 2511 1502 2564 καὶ⁵
1536 2510 1762 2581 πορείας

184 2614 297 2676 τοῖς
327 2614 465 2666 νοεῖν
488 2610 799 2682 δυναμένοις
855 2608 1112 2661 δείκνυσι·
1169 2605 1248 2658 διὸ
1290 2602 1428 2657 κατὰ
1468 2601 1561 2653 τὸν
1612 2598 1761 2669 Σύμ-

185 2717 380 2771 μαχον,
412 2700 645 2773 εἴρηται,
698 2698 797 2752 καὶ
830 2696 936 2763 τὰς
977 2695 1217 2763 πορείας
1239 2709 1354 2749 σου
1393 2689 1643 2753 δίδαξόν
1663 2705 1758 2758 με.

186 2791 372 2846 Ταῦτα
400 2792 455 2845 δέ
488 2809 555 2863 με
579 2791 862 2852 διδάσκων,
897 2788 1186 2860 ὲπίστησόν
1209 2804 1274 2858 με
1298 2788 1364 2857 τῇ
1395 2782 1620 2855 ἀληθείᾳ
1645 2799 1761 2846 σου,

185 2884 326 2950 πρὸς
368 2884 429 2938 τὸ
458 2884 533 2956 μὴ
594 2883 919 2954 σφάλλεσθαι
963 2880 1399 2953 ψευδοδοξοῦντα,
1455 2876 1550 2931 καὶ
1601 2876 1766 2946 ἕτερα.

187 2975 305 3029 ἀνθ’
342 2976 540 3050 ἑτέρων
582 2978 639 3031 ἐν
688 2980 755 3048 τῇ
808 2975 917 3029 τῶν
970 2970 1212 3044 φυσικῶν
1247 2968 1450 3042 θεωρίᾳ
1499 2966 1766 3034 δοξάζειν,

188 3067 351 3121 ὁποῖα
380 3067 710 3122 πεπόνθασιν
736 3070 784 3122 οἱ
811 3066 905 3122 σοῦ
928 3064 1022 3120 τοῦ
1065 3062 1201 3118 Θεοῦ
1250 3061 1326 3133 μὴ
1351 3059 1604 3131 τυχόντες
1625 3055 1769 3110 διδα-

189 3157 415 3224 σκάλου,
458 3159 739 3233 λογισμοῖς
760 3160 817 3214 δὲ
851 3159 1065 3231 θνητοῖς
1092 3155 1188 3211 καὶ
1217 3150 1580 3224 ἀνθρωπίνοις
1606 3167 1770 3205 κατα·

190 3249 584 3322 στοχασάμενοι
632 3250 740 3307 τῶν
803 3249 1180 3324 πραγμάτων,
1231 3245 1328 3300 καὶ
1400 3241 1617 3317 μακρὰν
1670 3241 1769 3314 τῆς

190 3336 453 3410 ἀληθείας
489 3335 982 3403 ἰξακοντισθέντες.
1041 3331 1317 3405 Διδαχθεὶς
1343 3328 1401 3384 δὲ
1450 3327 1604 3400 παρὰ
1651 3324 1769 3392 σοῦ,

190 3429 276 3483 ὃτι
310 3430 384 3504 μὴ
416 3430 576 3503 μόνον
609 3429 831 3502 κτίστης
870 3428 967 3483 καὶ
1015 3421 1343 3498 δημιουργὸς
1370 3420 1467 3476 καὶ
1508 3419 1642 3485 Θεός
1669 3435 1770 3491 μου

192 3522 505 3594 τυγχάνεις,
535 3521 670 3577 ἀλλὰ
695 3520 789 3575 καὶ
839 3519 1030 3591 Σωτήρ
1077 3533 1202 3588 μου,
1257 3513 1485 3577 εἰκότως
1535 3510 1612 3566 σὲ
1654 3511 1771 3566 ὐπ-

192 3619 399 3687 έμεινα
418 3614 569 3683 ὅλην
596 3613 713 3682 τὴν
747 3610 995 3681 ἡμέραν,
1019 3608 1262 3662 τουτέστι
1292 3608 1472 3661 πᾶσαν
1499 3604 1598 3677 τὴν
1629 3602 1773 3674 ζωήν

196 3726 323 3779 μου,
359 3703 714 3777 μεμαθηκὼς,
756 3704 840 3756 ὃτι
887 3699 1108 3766 πάντες
1152 3702 1205 3754 ol
1259 3695 1666 3767 ὑπομένοντές
1701 3708 1776 3748 σε

195 3802 268 3854 οὐ
293 3798 379 3869 μὴ
415 3793 954 3866 καταισχυνθῶσιν.

269 3891 581 3959 Μνήσθητι
609 3889 726 3943 τῶν
773 3883 1085 3955 οὶκτιρμῶν
1138 3897 1274 3943 σου,
1307 3879 1506 3949 Κύριε,
1554 3877 1653 3931 καί
1704 3878 1778 3930 τὰ

198 3985 339 4053 ἐλέη
374 3999 510 4047 σου,
538 3982 626 4035 ὅτι
680 3978 798 4035 ἀπὸ
847 3977 954 4031 τοῦ
996 3974 1202 4040 αἰῶνός
1244 3975 1421 4025 εἰσιν.
1466 3968 1778 4039 Ἀμαρτίιις

200 4076 480 4143 νεότητός
507 4092 648 4144 μου,
676 4072 773 4125 καί
820 4068 1066 4139 ἀγνοίας
1084 4083 1204 4134 μου
1232 4062 1317 4133 μὴ
1339 4057 1640 4131 μνησθῇς.
1665 4058 1776 4126 Οὐχ

206 4169 441 4240 ἠγοῦμαι
477 4166 648 4220 ταῦτα
700 4163 778 4235 τῷ
830 4160 991 4214 Δαυῖδ
1042 4158 1292 4211 τοσοῦτον
1340 4151 1619 4224 ἁρμόζειν,
1654 4150 1776 4201 ὅσον

203 4263 313 4323 τοῖς
339 4253 771 4326 ἐξομολογεῖσθαι
821 4252 913 4305 ἐπὶ
958 4250 1072 4311 τοῖς
1102 4245 1365 4316 πρότερον
1389 4241 1777 4312 ἁμαρτήμασιν

202 4352 411 4409 ἑαυτῶν
443 4346 864 4419 διδασκομένοις.
891 4343 964 4397 Οὐ
995 4340 1103 4411 γὰρ
1136 4337 1459 4410 εὑρίσκομεν
1502 4332 1593 4384 τὸν
1618 4327 1779 4382 Δαυῒδ

203 4447 261 4498 ἐν
287 4447 354 4515 τῇ
385 4441 598 4510 νεότητι
626 4433 790 4491 αὑτοῦ
824 4430 1200 4504 ἡμαρτηκότα,
1234 4424 1339 4479 οὐδ’
1368 4426 1425 4477 ὲν
1449 4424 1515 4492 τῇ
1554 4420 1775 4491 παιδικῇ

204 4507 411 4607 ἡλικίαο
447 4507 561 4586 ἀλλ’
584 4530 693 4584 οὐδ’
717 4531 776 4582 ὲν
804 4524 995 4595 ἀγνοίᾳ
1030 4517 1415 4593 γεγενημένον.
1446 4513 1657 4583 Μήποτ’
1683 4507 1775 4565 οὖν
1810 4532 1852 4587 D

205 4602 241 4698 ἦ
273 4602 587 4679 διδασκαλία
612 4620 686 4683 ὡς
718 4618 864 4690 παρὰ
920 4611 1103 4686 ἰατροῦ
1137 4612 1249 4672 τοῖς
1301 4602 1636 4673 νενοσηκόσι,
1679 4603 1775 4655 καὶ

206 4689 267 4771 έν
286 4720 355 4788 τῇ
376 4714 476 4785 τῆς
502 4711 715 4784 ἡλικίας
756 4689 908 4779 ἀκμῇ
961 4704 1108 4767 ἐντὸς
1128 4699 1439 4770 γενομένοις
1477 4691 1610 4747 Θεοῦ
1638 4689 1777 4760 γνώ-

207 4782 368 4873 σεως,
391 4782 731 4877 νεωτερικοῖς
765 4800 1154 4873 ἁμαρτήμασιν
1187 4786 1668 4862 ὲγκαλινδηθεῖσιν,
1698 4782 1777 4837 δί-

209 4920 313 4974 κην
350 4900 640 4972 φαρμάκου
672 4892 1055 4967 παραδέδοταις
1081 4888 1155 4951 ὡς
1198 4884 1263 4938 ἂν
1296 4880 1556 4955 μαθόντες
1590 4878 1779 4948 ἐξομο-

211 4968 452 5062 1,ογοῖντο
470 4968 539 5044 τὰ
568 4990 627 5044 ὲν
656 4984 847 5058 ἀγνοίᾳ
885 4984 1064 5044 αὐτοῖς
1106 4971 1469 5046 πεπλημμελη
1479 4969 1634 5041 μένα,
1658 4968 1784 5021 ἀνα-

214 5058 579 5145 καλύπτοντες
607 5078 685 5151 τῷ
708 5076 846 5148 Θεῷ,
877 5074 971 5129 καὶ
1012 5072 1203 5139 ὥσπερ
1250 5062 1453 5120 παλαιὰ
1491 5058 1781 5151 τραύματα

210 5174 311 5245 τῆς
342 5171 546 5226 ἑαυτῶν
578 5146 753 5241 quia;
774 5146 1209 5235 άπογυμνοῦντες
1250 5153 1418 5224 αὐτῷ,
1455 5146 1697 5221 δεόμενοί
1722 5163 1782 5198 τε

215 5237 414 5329 ἰάσεως
442 5266 536 5319 καὶ
564 5237 855 5333 θεραπείας
911 5256 1090 5325 τυχεῖν
1130 5250 1219 5304 διὰ
1242 5248 1334 5302 τοῦ
1364 5246 1547 5307 ἐλέους
1597 5237 1780 5301 αὐτοῦ,

214 5358 425 5412 ἕνεκεν
450 5359 560 5422 τῆς
597 5348 1001 5425 maremqu
1027 5361 1163 5404 σου,
1201 5343 1395 5409 Κύριε.

293 5445 561 5515 Χρηστὸς
604 5442 704 5497 καὶ
754 5439 932 5504 εὐθὺς
957 5440 988 5491 ὁ
1015 5436 1246 5502 Κύριος,
1278 5431 1375 5484 διὰ
1402 5426 1578 5482 τοῦτο
1607 5440 1784 5492 νομο-

219 5513 461 5607 θετῆἀει
487 5534 930 5607 ἁμαρτάνοντας
956 5529 1024 5581 έν
1053 5525 1186 5589 dea.
1230 5520 1535 5590 Ὀδηγήσει
1582 5513 1788 5583 πραεῖς

217 5635 292 5687 ἐν
314 5630 529 5699 κρίσει,
564 5626 788 5691 διδάξει
826 5618 1032 5691 πραεῖς
1057 5617 1162 5682 τὰς
1183 5614 1361 5677 ὀδοὺς
1393 5607 1598 5665 αὑτοῦ.
1635 5607 1789 5676 Χρη-

298 5793 343 5825 ³⁹
381 5788 526 5845 Psal.
565 5800 728 5841 χχχιι
751 5823 765 5845 ,
795 5782 851 5836 ‘2.
928 5780 972 5813 ³⁸
1014 5777 1172 5831 Rom.
1210 5789 1301 5833 ιι,
1338 5770 1425 5825 55.

1929 1382 2095 1439 Vens.
2132 1383 2183 1437 ὅ.
2227 1382 2352 1436 Vias
2385 1390 2525 1446 tuas,
2567 1379 2811 1439 Domine,
2856 1376 3161 1429 demonstra
3196 1373 3342 1435 mihi,
3377 1379 3427 1426 et

1860 1478 2072 1531 semitas
2115 1485 2235 1529 tuas
2266 1474 2420 1527 edoce
2456 1489 2552 1525 me.
2580 1469 2763 1538 Dirige
2798 1483 2878 1520 nte
2919 1468 2971 1519 in
3010 1465 3225 1519 veritate
3259 1470 3349 1515 tua
3380 1472 3428 1516 et

1860 1570 1986 1623 doce
2010 1585 2108 1631 me,
2138 1568 2263 1638 quia
2294 1575 2349 1619 tu
2384 1582 2437 1619 es
2475 1564 2611 1618 Deus
2636 1560 2884 1617 Salvator
2913 1574 3078 1624 meus,
3115 1566 3164 1611 et
3197 1565 3244 1610 te
3265 1557 3428 1610 susti-

1863 1662 1956 1715 nui
1986 1670 2097 1715 tota
2134 1659 2236 1713 die.
2289 1657 2428 1712 Sunt
2472 1669 2636 1725 porro
2678 1653 2779 1708 via:
2806 1648 3043 1711 Domini,
3080 1646 3429 1718 providentiae

1863 1755 2038 1825 ipsius
2090 1751 2612 1830 administrationes,
2670 1746 2825 1815 queis
2875 1743 3056 1798 omnia
3112 1740 3427 1812 gubernat:

1864 1860 2001 1916 quas
2033 1858 2134 1900 nos
2180 1843 2398 1899 divinus
2445 1840 2636 1895 edocet
2670 1836 2963 1907 Apostolus
2998 1835 3082 1889 his
3121 1832 3303 1888 verbis
3335 1850 3348 1887 :
3388 1830 3430 1885 0

1865 1937 2095 1992 altitudo
2124 1936 2432 1990 divitiarum
2459 1930 2733 2001 sapientia:
2765 1938 2813 1983 et
2850 1928 3083 1983 scientia:
3119 1924 3253 1978 Dei!
3277 1939 3431 1994 quam

1865 2024 2411 2097 incomprehensibilia
2439 2029 2563 2077 sunt
2583 2019 2792 2091 judicia
2824 2018 2939 2087 ejus
2971 2025 3019 2070 et
3052 2013 3432 2085 investigabiles

1866 2124 1964 2175 vita
1999 2118 2113 2187 ejus
2139 2117 2221 2169 ’°.'
2254 2115 2456 2169 Eadem
2491 2126 2620 2168 vero
2663 2109 2875 2165 ratione
2912 2107 3119 2163 semitae
3148 2104 3288 2174 ejus,
3324 2103 3429 2158 sin-

1866 2212 2005 2284 gulae
2036 2208 2416 2265 universorum
2447 2202 2950 2259 administrationes
2981 2197 3204 2259 fuerint,
3237 2195 3433 2266 quibus

1866 2283 2113 2357 coelestia
2143 2305 2469 2366 terrenaque
2496 2309 2595 2348 ceu
2622 2303 2971 2362 percurrens,
3007 2284 3321 2339 hominibus
3353 2283 3421 2337 in-

1868 2389 2162 2460 telligentia
2202 2387 2441 2459 praeditis
2481 2383 2704 2440 semitas
2752 2391 3184 2451 progressusque
3212 2376 3432 2430 demon-

1868 2493 2007 2541 strat
2047 2497 2212 2548 suos;
2247 2478 2626 2549 quamobrem,
2677 2472 2978 2529 secundum
3024 2467 3433 2540 Symmachum,

1868 2576 2088 2639 dicitur,
2123 2582 2172 2628 et
2208 2586 2510 2642 progressus
2546 2576 2662 2621 tuos
2686 2564 2841 2619 edoce
2873 2580 2973 2618 nte.
3000 2560 3114 2615 Hac
3140 2568 3322 2615 autem
3352 2573 3433 2613 me

1868 2668 2121 2725 doctrina
2154 2664 2469 2723 instituens,
2517 2658 2749 2714 veritate
2787 2665 2882 2709 tua
2925 2655 3187 2709 conﬁrma
3224 2668 3339 2718 me;
3370 2666 3434 2707 ne

1870 2760 2022 2815 labar
2056 2756 2209 2812 falsis
2238 2752 2613 2825 opinionibus,
2656 2763 2763 2802 neu
2800 2747 2853 2799 in
2886 2744 3214 2798 naturalium
3258 2757 3436 2797 rerum

1873 2848 2245 2921 speculatione
2278 2844 2383 2899 alia
2414 2841 2679 2897 azstimem
2707 2851 2807 2907 pro
2832 2836 2975 2898 aliis,
3001 2834 3184 2904 qualia
3214 2833 3281 2888 iis
3301 2832 3431 2887 acci-

1872 2927 2071 2997 derunt
2098 2938 2192 3009 qni
2220 2944 2273 2992 te
2305 2935 2415 2989 Deo
2447 2931 2709 3001 magistro
2739 2944 2848 2982 non
2877 2932 3007 2981 sunt
3030 2924 3137 2987 usi,
3175 2922 3267 2976 sed
3299 2937 3442 2976 mor-

1874 3035 2076 3090 talibus
2130 3027 2496 3097 humanisque
2555 3020 2866 3077 ratiociniis
2924 3031 2955 3070 a
3012 3029 3195 3069 rerum
3255 3012 3445 3067 notitia

1875 3129 2223 3188 aberrarunt,
2255 3127 2310 3178 et
2348 3115 2538 3191 procul
2569 3129 2600 3169 a
2629 3112 2860 3169 veritate
2890 3106 3104 3178 disjecti
3140 3111 3290 3161 sunt.
3334 3104 3447 3158 Abs

1872 3228 1927 3277 te
1959 3219 2040 3277 sic
2073 3218 2323 3277 edoctus,
2366 3218 2421 3266 te
2455 3222 2568 3263 non
2608 3210 2915 3260 creatorem
2949 3198 3133 3262 modo,
3192 3193 3446 3263 Opilicem

1871 3312 2065 3378 Deum,
2127 3306 2223 3366 sed
2269 3303 2433 3360 etiam
2469 3300 2814 3356 Servatorem
2850 3307 2971 3349 esse
3012 3303 3213 3352 meum,
3238 3287 3364 3358 jure
3394 3292 3446 3337 te

1870 3402 2102 3461 sustinui
2137 3407 2248 3456 tota
2280 3396 2387 3465 die,
2436 3392 2492 3450 id
2537 3397 2643 3456 est,
2691 3403 2792 3460 per
2825 3393 2998 3442 totum
3029 3383 3157 3438 vitae
3194 3389 3445 3450 tempus,

1871 3510 2075 3570 gnarus
2102 3492 2313 3550 scilicet
2356 3486 2525 3551 illius,
2558 3481 2789 3540 uniuersi
2819 3479 2910 3551 qui
2947 3476 3205 3532 sustinent
3243 3481 3313 3536 te,
3344 3485 3448 3527 non

1874 3585 2281 3660 confundentur.

1946 3856 2115 3911 Vens.
2167 3851 2224 3919 6,
2272 3850 2323 3905 7.
2374 3844 2723 3901 Reminiscere
2768 3832 3168 3893 miserationem:
3212 3838 3444 3884 ιιιωιιωι.

1879 3950 2117 4011 Domine,
2156 3954 2203 3999 et
2251 3935 2741 3996 misericordiarum
2789 3939 3001 3983 tuarum
3034 3939 3151 3995 qua:
3185 3936 3218 3976 α
3257 3922 3445 3975 stt-cute

1877 4050 2021 4095 sunt.
2053 4037 2254 4092 Delicta
2281 4029 2576 4103 juventutis
2615 4040 2742 4080 meae
2770 4029 2820 4076 et
2858 4015 3191 4090 ignorantias
3220 4028 3363 4067 meas
3389 4029 3445 4065 ne

1880 4130 2197 4187 memineris.
2220 4125 2346 4180 Haec
2368 4138 2477 4177 non
2502 4129 2611 4175 tam
2637 4113 2830 4171 Davidi
2860 4122 3162 4181 congruere
3190 4105 3447 4168 arbitror,

1878 4238 2040 4294 quatn
2078 4219 2149 4273 iis
2185 4217 2277 4287 qui
2328 4213 2640 4268 didicerunt
2685 4203 2918 4277 pristina
2949 4206 3171 4271 peccata
3203 4194 3447 4250 conﬁteri

1881 4332 1999 4373 sua.
2032 4313 2151 4367 Non
2173 4309 2318 4367 enim
2352 4305 2660 4376 reperimus
2700 4296 2957 4353 Davidem
2996 4293 3049 4347 in
3085 4288 3447 4345 adolescentia

1882 4423 1980 4465 sua
2008 4419 2183 4475 neque
2208 4404 2261 4457 in
2286 4397 2512 4470 juvenili
2539 4402 2695 4449 aetate
2718 4401 3012 4461 peccasse;
3040 4382 3132 4439 sed
3159 4395 3334 4451 nequc
3358 4395 3445 4449 per

1885 4470 2247 4570 ignorantiam
2274 4488 2593 4559 deliquisse.
2628 4482 2769 4538 Num
2799 4479 2966 4551 igitur
2987 4473 3236 4529 doctrina
3266 4470 3444 4526 istlitet

1881 4560 1983 4647 ceu
2024 4606 2053 4645 a
2092 4586 2306 4643 medico
2343 4582 2525 4653 aegris,
2562 4588 2616 4634 et
2659 4575 2726 4630 iis
2757 4572 2851 4643 qui
2891 4571 2945 4624 in
2978 4567 3155 4623 aetatis
3188 4564 3319 4618 [lore
3359 4560 3448 4615 Dei

1883 4682 2074 4738 notitia
2110 4675 2304 4733 imbuti
2347 4652 2498 4733 sunt,
2534 4675 2697 4735 atque
2740 4664 2796 4717 in
2838 4658 3169 4730 juvenilibus
3215 4652 3443 4723 peccatis

1882 4771 2134 4837 volntati,
2182 4765 2342 4839 quasi
2391 4759 2664 4818 medicina
2714 4752 2912 4809 tradita
2962 4748 3079 4803 est?
3119 4753 3179 4800 ut
3229 4742 3464 4809 eruditi,

1884 4873 2109 4939 peccata
2136 4837 2235 4919 sua
2265 4873 2364 4929 per
2402 4849 2766 4926 ignorantiam
2798 4842 3040 4899 admissa
3070 4837 3449 4900 conﬁteantur,

1887 4931 2114 5032 ipsaque
2162 4954 2273 5009 Deo
2318 4948 2582 5008 revolent,
2628 4959 2693 4998 ac
2731 4950 2989 5008 tanquam
3035 4941 3218 4990 vetera
3263 4931 3449 4986 anima

1888 5022 2002 5110 suae
2028 5022 2253 5104 vulnera
2283 5042 2388 5113 ipsi
2418 5040 2692 5108 detegant,
2721 5028 3049 5087 medicinam
3081 5033 3134 5079 et
3164 5022 3450 5078 incolumi-

1884 5154 2053 5203 tatem
2082 5144 2336 5209 rogantes
2367 5148 2463 5204 per
2490 5125 2923 5186 misericordiam
2945 5121 3088 5192 ejus,
3120 5127 3334 5190 propter
3362 5114 3448 5167 bo-

1888 5239 2109 5293 nitatem
2138 5241 2304 5293 tuam,
2337 5225 2578 5281 Domine.

1963 5412 2132 5469 Vens.
2160 5409 2213 5475 8,
2240 5408 2293 5464 9.
2324 5404 2509 5461 Dulcis
2539 5410 2589 5457 et
2618 5406 2790 5453 rectus
2819 5358 3099 5447 Dontinus.
3126 5392 3335 5453 propter
3365 5380 3460 5432 hoc

1897 5511 2056 5579 legem
2082 5505 2230 5559 dabit
2256 5494 2673 5568 delinquentibus
2710 5491 2766 5543 in
2798 5486 2901 5541 uia.
2926 5480 3128 5547 Diriget
3158 5478 3452 5579 mansuetos

1894 5561 2197 5670 inajudicio,
2224 5561 2425 5650 docebit
2466 5590 2618 5643 mites
2659 5583 2773 5638 vias
2803 5593 2949 5634 suas.
3002 5568 3184 5625 Dulcis
3207 5603 3225 5634 ,
3258 5561 3454 5633 inquit,
