  <div class='ocr_page' id='page_1' title='image "/cluster/home/n/w/nwhite01/storage/ocr_20150623/23/hvd.32044019207711/121.png"; bbox 0 0 4010 6540; ppageno 0'>
   <div class='ocr_carea' id='block_1_1' title="bbox 607 330 706 384">
    <p class='ocr_par' dir='ltr' id='par_1_1' title="bbox 607 330 706 384">
     <span class='ocr_line' id='line_1_1' title="bbox 607 330 706 384; baseline -0.01 0"><span class='ocrx_word' id='word_1_1' title='bbox 607 330 706 384; x_wconf 73' lang='lat'><strong>227</strong></span> 
     </span>
    </p>
   </div>
   <div class='ocr_carea' id='block_1_2' title="bbox 1341 320 3181 382">
    <p class='ocr_par' dir='ltr' id='par_1_2' title="bbox 1341 320 3181 382">
     <span class='ocr_line' id='line_1_2' title="bbox 1341 320 3181 382; baseline -0.003 0"><span class='ocrx_word' id='word_1_2' title='bbox 1341 326 1602 382; x_wconf 83' lang='lat' dir='ltr'><strong>EUSEBII</strong></span> <span class='ocrx_word' id='word_1_3' title='bbox 1639 323 2114 381; x_wconf 74' lang='lat' dir='ltr'><strong>C/ESARIENSIS</strong></span> <span class='ocrx_word' id='word_1_4' title='bbox 2149 321 2298 378; x_wconf 86' lang='lat' dir='ltr'><strong>OPP.</strong></span> <span class='ocrx_word' id='word_1_5' title='bbox 2325 321 2503 376; x_wconf 78' lang='lat' dir='ltr'><strong>PARS</strong></span> <span class='ocrx_word' id='word_1_6' title='bbox 2540 321 2630 379; x_wconf 86' lang='lat' dir='ltr'><strong>Ill.</strong></span> <span class='ocrx_word' id='word_1_7' title='bbox 2673 353 2742 361; x_wconf 94' lang='lat'><strong><em>—</em></strong></span> <span class='ocrx_word' id='word_1_8' title='bbox 2779 320 3181 377; x_wconf 78' lang='lat' dir='ltr'><strong>EXEGETICA.</strong></span> 
     </span>
    </p>
   </div>
   <div class='ocr_carea' id='block_1_3' title="bbox 3759 322 3876 375">
    <p class='ocr_par' dir='ltr' id='par_1_3' title="bbox 3759 322 3876 375">
     <span class='ocr_line' id='line_1_3' title="bbox 3759 322 3876 375; baseline 0 0"><span class='ocrx_word' id='word_1_9' title='bbox 3759 322 3876 375; x_wconf 70' lang='lat'><strong>2&#39;28</strong></span> 
     </span>
    </p>
   </div>
   <div class='ocr_carea' id='block_1_4' title="bbox 607 432 2160 516">
    <p class='ocr_par' dir='ltr' id='par_1_4' title="bbox 607 444 2160 516">
     <span class='ocr_line' id='line_1_4' title="bbox 607 444 2160 516; baseline -0.007 -10"><span class='ocrx_word' id='word_1_10' title='bbox 607 459 658 506; x_wconf 87' lang='lat' dir='ltr'><strong>et</strong></span> <span class='ocrx_word' id='word_1_11' title='bbox 689 458 870 505; x_wconf 90' lang='lat' dir='ltr'><strong>rectus</strong></span> <span class='ocrx_word' id='word_1_12' title='bbox 905 447 1163 504; x_wconf 89' lang='lat' dir='ltr'><strong>Dominus</strong></span> <span class='ocrx_word' id='word_1_13' title='bbox 1197 453 1301 510; x_wconf 85' lang='lat' dir='ltr'><strong>est,</strong></span> <span class='ocrx_word' id='word_1_14' title='bbox 1332 445 1426 516; x_wconf 88' lang='lat' dir='ltr'><strong>qui</strong></span> <span class='ocrx_word' id='word_1_15' title='bbox 1452 445 1619 514; x_wconf 84' lang='lat' dir='ltr'><strong>probe</strong></span> <span class='ocrx_word' id='word_1_16' title='bbox 1658 445 1841 500; x_wconf 86' lang='lat' dir='ltr'><strong>omnia</strong></span> <span class='ocrx_word' id='word_1_17' title='bbox 1867 444 2160 513; x_wconf 74' lang='lat' dir='ltr'><strong>dispensat,</strong></span> 
     </span>
    </p>
   </div>
   <div class='ocr_carea' id='block_1_5' title="bbox 2252 432 3878 516">
    <p class='ocr_par' dir='ltr' id='par_1_5' title="bbox 2269 432 3878 509">
     <span class='ocr_line' id='line_1_5' title="bbox 2269 432 3878 509; baseline -0.001 -18"><span class='ocrx_word' id='word_1_18' title='bbox 2269 439 2393 500; x_wconf 87' lang='grc' dir='ltr'>στός</span> <span class='ocrx_word' id='word_1_19' title='bbox 2423 440 2570 492; x_wconf 78' lang='grc' dir='ltr'>ἐστιν</span> <span class='ocrx_word' id='word_1_20' title='bbox 2612 440 2704 492; x_wconf 65' lang='grc' dir='ltr'><strong>καλ⁵</strong></span> <span class='ocrx_word' id='word_1_21' title='bbox 2769 439 2947 504; x_wconf 72' lang='grc' dir='ltr'>εὑθὶς,</span> <span class='ocrx_word' id='word_1_22' title='bbox 2984 438 3165 509; x_wconf 70' lang='grc' dir='ltr'>φησὶν,</span> <span class='ocrx_word' id='word_1_23' title='bbox 3192 439 3220 491; x_wconf 91' lang='grc' dir='ltr'><strong>ό</strong></span> <span class='ocrx_word' id='word_1_24' title='bbox 3263 436 3484 507; x_wconf 82' lang='grc' dir='ltr'>Κύριος,</span> <span class='ocrx_word' id='word_1_25' title='bbox 3515 432 3574 490; x_wconf 79' lang='grc' dir='ltr'><strong>εὖ</strong></span> <span class='ocrx_word' id='word_1_26' title='bbox 3605 436 3878 491; x_wconf 77' lang='grc' dir='ltr'>διατιθέ-</span> 
     </span>
    </p>
   </div>
   <div class='ocr_carea' id='block_1_6' title="bbox 607 530 2165 608">
    <p class='ocr_par' dir='ltr' id='par_1_6' title="bbox 607 530 2165 608">
     <span class='ocr_line' id='line_1_6' title="bbox 607 530 2165 608; baseline -0.006 -14"><span class='ocrx_word' id='word_1_27' title='bbox 607 549 921 608; x_wconf 88' lang='lat' dir='ltr'><strong>rectamque</strong></span> <span class='ocrx_word' id='word_1_28' title='bbox 952 537 1126 608; x_wconf 92' lang='lat' dir='ltr'><strong>diligit</strong></span> <span class='ocrx_word' id='word_1_29' title='bbox 1154 536 1316 600; x_wconf 87' lang='lat' dir='ltr'><strong>viam,</strong></span> <span class='ocrx_word' id='word_1_30' title='bbox 1348 549 1411 588; x_wconf 88' lang='lat' dir='ltr'><strong>ac</strong></span> <span class='ocrx_word' id='word_1_31' title='bbox 1442 542 1689 588; x_wconf 80' lang='lat' dir='ltr'><strong>tortuosa</strong></span> <span class='ocrx_word' id='word_1_32' title='bbox 1723 533 1778 587; x_wconf 91' lang='lat' dir='ltr'><strong>in</strong></span> <span class='ocrx_word' id='word_1_33' title='bbox 1821 539 2026 587; x_wconf 91' lang='lat' dir='ltr'><strong>rectum</strong></span> <span class='ocrx_word' id='word_1_34' title='bbox 2053 530 2165 584; x_wconf 90' lang='lat' dir='ltr'><strong>cal-</strong></span> 
     </span>
    </p>
   </div>
   <div class='ocr_carea' id='block_1_7' title="bbox 608 626 2161 696">
    <p class='ocr_par' dir='ltr' id='par_1_7' title="bbox 608 626 2161 696">
     <span class='ocr_line' id='line_1_7' title="bbox 608 626 2161 696; baseline -0.008 -12"><span class='ocrx_word' id='word_1_35' title='bbox 608 632 710 686; x_wconf 90' lang='lat' dir='ltr'><strong>lem</strong></span> <span class='ocrx_word' id='word_1_36' title='bbox 738 629 978 684; x_wconf 88' lang='lat' dir='ltr'><strong>deducit.</strong></span> <span class='ocrx_word' id='word_1_37' title='bbox 1007 626 1347 696; x_wconf 83' lang='lat' dir='ltr'><strong>Quapropter</strong></span> <span class='ocrx_word' id='word_1_38' title='bbox 1373 631 1690 692; x_wconf 88' lang='lat' dir='ltr'><strong>peccatores</strong></span> <span class='ocrx_word' id='word_1_39' title='bbox 1721 635 1831 675; x_wconf 88' lang='lat' dir='ltr'><strong>non</strong></span> <span class='ocrx_word' id='word_1_40' title='bbox 1857 628 2161 684; x_wconf 81' lang='lat' dir='ltr'><strong>aversatur,</strong></span> 
     </span>
    </p>
   </div>
   <div class='ocr_carea' id='block_1_8' title="bbox 608 712 2160 791">
    <p class='ocr_par' dir='ltr' id='par_1_8' title="bbox 608 712 2160 791">
     <span class='ocr_line' id='line_1_8' title="bbox 608 712 2160 791; baseline -0.01 -14"><span class='ocrx_word' id='word_1_41' title='bbox 608 738 784 791; x_wconf 87' lang='lat' dir='ltr'><strong>neque</strong></span> <span class='ocrx_word' id='word_1_42' title='bbox 807 719 1029 790; x_wconf 83' lang='lat' dir='ltr'><strong>negligit</strong></span> <span class='ocrx_word' id='word_1_43' title='bbox 1059 718 1257 774; x_wconf 88' lang='lat' dir='ltr'><strong>sinitve</strong></span> <span class='ocrx_word' id='word_1_44' title='bbox 1296 730 1391 769; x_wconf 89' lang='lat' dir='ltr'><strong>eos</strong></span> <span class='ocrx_word' id='word_1_45' title='bbox 1429 713 1668 782; x_wconf 87' lang='lat' dir='ltr'><strong>peccatis</strong></span> <span class='ocrx_word' id='word_1_46' title='bbox 1697 712 1973 782; x_wconf 87' lang='lat' dir='ltr'><strong>corrumpi</strong></span> <span class='ocrx_word' id='word_1_47' title='bbox 2008 712 2122 767; x_wconf 87' lang='lat' dir='ltr'><strong>suis</strong></span> <span class='ocrx_word' id='word_1_48' title='bbox 2149 730 2160 762; x_wconf 91' lang='lat'>:</span> 
     </span>
    </p>
   </div>
   <div class='ocr_carea' id='block_1_9' title="bbox 608 804 2166 882">
    <p class='ocr_par' dir='ltr' id='par_1_9' title="bbox 608 804 2166 882">
     <span class='ocr_line' id='line_1_9' title="bbox 608 804 2166 882; baseline -0.006 -14"><span class='ocrx_word' id='word_1_49' title='bbox 608 814 699 868; x_wconf 90' lang='lat' dir='ltr'><strong>sed</strong></span> <span class='ocrx_word' id='word_1_50' title='bbox 731 812 885 882; x_wconf 88' lang='lat' dir='ltr'><strong>quasi</strong></span> <span class='ocrx_word' id='word_1_51' title='bbox 912 810 1282 880; x_wconf 85' lang='lat' dir='ltr'><strong>perhumanus</strong></span> <span class='ocrx_word' id='word_1_52' title='bbox 1313 808 1596 876; x_wconf 86' lang='lat' dir='ltr'><strong>bonusque</strong></span> <span class='ocrx_word' id='word_1_53' title='bbox 1637 804 1893 860; x_wconf 82' lang='lat' dir='ltr'><strong>Servatur</strong></span> <span class='ocrx_word' id='word_1_54' title='bbox 1923 804 2166 858; x_wconf 80' lang='lat' dir='ltr'><strong>inﬁrmo-</strong></span> 
     </span>
    </p>
   </div>
   <div class='ocr_carea' id='block_1_10' title="bbox 608 895 2162 974">
    <p class='ocr_par' dir='ltr' id='par_1_10' title="bbox 608 895 2162 974">
     <span class='ocr_line' id='line_1_10' title="bbox 608 895 2162 974; baseline -0.006 -17"><span class='ocrx_word' id='word_1_55' title='bbox 608 920 723 958; x_wconf 88' lang='lat' dir='ltr'><strong>rum</strong></span> <span class='ocrx_word' id='word_1_56' title='bbox 788 904 910 974; x_wconf 88' lang='lat' dir='ltr'><strong>plus</strong></span> <span class='ocrx_word' id='word_1_57' title='bbox 973 917 1136 972; x_wconf 85' lang='lat' dir='ltr'><strong>quam</strong></span> <span class='ocrx_word' id='word_1_58' title='bbox 1190 901 1328 954; x_wconf 86' lang='lat' dir='ltr'><strong>bene</strong></span> <span class='ocrx_word' id='word_1_59' title='bbox 1384 897 1699 952; x_wconf 86' lang='lat' dir='ltr'><strong>habentium</strong></span> <span class='ocrx_word' id='word_1_60' title='bbox 1746 909 1931 950; x_wconf 85' lang='lat' dir='ltr'><strong>curam</strong></span> <span class='ocrx_word' id='word_1_61' title='bbox 1990 895 2162 964; x_wconf 81' lang='lat' dir='ltr'><strong>gerit,</strong></span> 
     </span>
    </p>
   </div>
   <div class='ocr_carea' id='block_1_11' title="bbox 606 987 2160 1066">
    <p class='ocr_par' dir='ltr' id='par_1_11' title="bbox 606 987 2160 1066">
     <span class='ocr_line' id='line_1_11' title="bbox 606 987 2160 1066; baseline -0.006 -16"><span class='ocrx_word' id='word_1_62' title='bbox 606 1007 763 1066; x_wconf 83' lang='lat' dir='ltr'><strong>atque</strong></span> <span class='ocrx_word' id='word_1_63' title='bbox 805 996 939 1066; x_wconf 88' lang='lat' dir='ltr'><strong>ipsis</strong></span> <span class='ocrx_word' id='word_1_64' title='bbox 968 996 1138 1064; x_wconf 80' lang='lat' dir='ltr'><strong>legem</strong></span> <span class='ocrx_word' id='word_1_65' title='bbox 1194 994 1320 1056; x_wconf 89' lang='lat' dir='ltr'><strong>dat,</strong></span> <span class='ocrx_word' id='word_1_66' title='bbox 1375 989 1708 1061; x_wconf 72' lang='lat' dir='ltr'><strong>pmnitentiaa</strong></span> <span class='ocrx_word' id='word_1_67' title='bbox 1727 987 1844 1042; x_wconf 85' lang='lat' dir='ltr'><strong>vias</strong></span> <span class='ocrx_word' id='word_1_68' title='bbox 1892 987 2160 1051; x_wconf 87' lang='lat' dir='ltr'><strong>indicans,</strong></span> 
     </span>
    </p>
   </div>
   <div class='ocr_carea' id='block_1_12' title="bbox 604 1081 2164 1161">
    <p class='ocr_par' dir='ltr' id='par_1_12' title="bbox 604 1081 2164 1161">
     <span class='ocr_line' id='line_1_12' title="bbox 604 1081 2164 1161; baseline -0.007 -16"><span class='ocrx_word' id='word_1_69' title='bbox 604 1096 853 1161; x_wconf 75' lang='lat' dir='ltr'><strong>legesque</strong></span> <span class='ocrx_word' id='word_1_70' title='bbox 873 1104 1082 1154; x_wconf 89' lang='lat' dir='ltr'><strong>ponens</strong></span> <span class='ocrx_word' id='word_1_71' title='bbox 1117 1087 1251 1157; x_wconf 86' lang='lat' dir='ltr'><strong>ipsis</strong></span> <span class='ocrx_word' id='word_1_72' title='bbox 1273 1088 1341 1140; x_wconf 89' lang='lat' dir='ltr'><strong>ad</strong></span> <span class='ocrx_word' id='word_1_73' title='bbox 1373 1087 1601 1140; x_wconf 86' lang='lat' dir='ltr'><strong>salutem</strong></span> <span class='ocrx_word' id='word_1_74' title='bbox 1627 1090 2008 1152; x_wconf 83' lang='lat' dir='ltr'><strong>congruentes.</strong></span> <span class='ocrx_word' id='word_1_75' title='bbox 2029 1081 2164 1135; x_wconf 83' lang='lat' dir='ltr'><strong>Nam</strong></span> 
     </span>
    </p>
   </div>
   <div class='ocr_carea' id='block_1_13' title="bbox 603 1174 2160 1252">
    <p class='ocr_par' dir='ltr' id='par_1_13' title="bbox 603 1174 2160 1252">
     <span class='ocr_line' id='line_1_13' title="bbox 603 1174 2160 1252; baseline -0.005 -19"><span class='ocrx_word' id='word_1_76' title='bbox 603 1184 683 1238; x_wconf 89' lang='lat' dir='ltr'><strong>vel</strong></span> <span class='ocrx_word' id='word_1_77' title='bbox 719 1182 787 1238; x_wconf 91' lang='lat' dir='ltr'><strong>iis</strong></span> <span class='ocrx_word' id='word_1_78' title='bbox 815 1183 905 1252; x_wconf 88' lang='lat' dir='ltr'><strong>qui</strong></span> <span class='ocrx_word' id='word_1_79' title='bbox 951 1188 1180 1251; x_wconf 89' lang='lat' dir='ltr'><strong>peccant</strong></span> <span class='ocrx_word' id='word_1_80' title='bbox 1209 1179 1294 1232; x_wconf 85' lang='lat' dir='ltr'><strong>via</strong></span> <span class='ocrx_word' id='word_1_81' title='bbox 1323 1178 1569 1249; x_wconf 67' lang='lat' dir='ltr'><strong>quaedam</strong></span> <span class='ocrx_word' id='word_1_82' title='bbox 1619 1176 1810 1231; x_wconf 71' lang='lat' dir='ltr'><strong>salutis</strong></span> <span class='ocrx_word' id='word_1_83' title='bbox 1836 1174 2160 1237; x_wconf 89' lang='lat' dir='ltr'><strong>ostenditur,</strong></span> 
     </span>
    </p>
   </div>
   <div class='ocr_carea' id='block_1_14' title="bbox 603 1266 2160 1340">
    <p class='ocr_par' dir='ltr' id='par_1_14' title="bbox 603 1266 2160 1340">
     <span class='ocr_line' id='line_1_14' title="bbox 603 1266 2160 1340; baseline -0.004 -15"><span class='ocrx_word' id='word_1_84' title='bbox 603 1274 851 1328; x_wconf 78' lang='lat' dir='ltr'><strong>videlicet</strong></span> <span class='ocrx_word' id='word_1_85' title='bbox 887 1271 1296 1336; x_wconf 86' lang='lat' dir='ltr'><strong>conversionis,</strong></span> <span class='ocrx_word' id='word_1_86' title='bbox 1348 1269 1718 1340; x_wconf 65' lang='lat' dir='ltr'><strong>pcenitenlite,</strong></span> <span class='ocrx_word' id='word_1_87' title='bbox 1770 1266 2160 1329; x_wconf 80' lang='lat' dir='ltr'><strong>confessionis,</strong></span> 
     </span>
    </p>
   </div>
   <div class='ocr_carea' id='block_1_15' title="bbox 603 1357 2159 1436">
    <p class='ocr_par' dir='ltr' id='par_1_15' title="bbox 603 1357 2159 1436">
     <span class='ocr_line' id='line_1_15' title="bbox 603 1357 2159 1436; baseline -0.005 -18"><span class='ocrx_word' id='word_1_88' title='bbox 603 1382 718 1436; x_wconf 76' lang='lat' dir='ltr'><strong>qua:</strong></span> <span class='ocrx_word' id='word_1_89' title='bbox 753 1366 972 1435; x_wconf 79' lang='lat' dir='ltr'><strong>quidem</strong></span> <span class='ocrx_word' id='word_1_90' title='bbox 1018 1365 1121 1417; x_wconf 89' lang='lat' dir='ltr'><strong>alia</strong></span> <span class='ocrx_word' id='word_1_91' title='bbox 1155 1371 1238 1418; x_wconf 92' lang='lat' dir='ltr'><strong>est</strong></span> <span class='ocrx_word' id='word_1_92' title='bbox 1269 1378 1300 1415; x_wconf 90' lang='lat' dir='ltr'><strong>a</strong></span> <span class='ocrx_word' id='word_1_93' title='bbox 1343 1363 1428 1415; x_wconf 88' lang='lat' dir='ltr'><strong>via</strong></span> <span class='ocrx_word' id='word_1_94' title='bbox 1470 1359 1726 1430; x_wconf 80' lang='lat' dir='ltr'><strong>perlectis</strong></span> <span class='ocrx_word' id='word_1_95' title='bbox 1763 1359 1896 1413; x_wconf 88' lang='lat' dir='ltr'><strong>viris</strong></span> <span class='ocrx_word' id='word_1_96' title='bbox 1941 1357 2159 1411; x_wconf 87' lang='lat' dir='ltr'><strong>tradita.</strong></span> 
     </span>
    </p>
   </div>
   <div class='ocr_carea' id='block_1_16' title="bbox 603 1451 2160 1528">
    <p class='ocr_par' dir='ltr' id='par_1_16' title="bbox 603 1451 2160 1528">
     <span class='ocr_line' id='line_1_16' title="bbox 603 1451 2160 1528; baseline -0.006 -16"><span class='ocrx_word' id='word_1_97' title='bbox 603 1460 732 1513; x_wconf 77' lang='lat' dir='ltr'><strong>Nam</strong></span> <span class='ocrx_word' id='word_1_98' title='bbox 756 1475 880 1514; x_wconf 90' lang='lat' dir='ltr'><strong>cum</strong></span> <span class='ocrx_word' id='word_1_99' title='bbox 915 1460 1087 1528; x_wconf 81' lang='lat' dir='ltr'><strong>legem</strong></span> <span class='ocrx_word' id='word_1_100' title='bbox 1112 1457 1205 1511; x_wconf 89' lang='lat' dir='ltr'><strong>dat</strong></span> <span class='ocrx_word' id='word_1_101' title='bbox 1235 1456 1394 1519; x_wconf 91' lang='lat' dir='ltr'><strong>Deus,</strong></span> <span class='ocrx_word' id='word_1_102' title='bbox 1430 1455 1570 1507; x_wconf 85' lang='lat' dir='ltr'><strong>viam</strong></span> <span class='ocrx_word' id='word_1_103' title='bbox 1602 1453 1954 1521; x_wconf 75' lang='lat' dir='ltr'><strong>peccantibus</strong></span> <span class='ocrx_word' id='word_1_104' title='bbox 1978 1451 2160 1512; x_wconf 91' lang='lat' dir='ltr'><strong>aliam,</strong></span> 
     </span>
    </p>
   </div>
   <div class='ocr_carea' id='block_1_17' title="bbox 603 1541 2162 1621">
    <p class='ocr_par' dir='ltr' id='par_1_17' title="bbox 603 1541 2162 1621">
     <span class='ocr_line' id='line_1_17' title="bbox 603 1541 2162 1621; baseline -0.006 -15"><span class='ocrx_word' id='word_1_105' title='bbox 603 1554 759 1606; x_wconf 85' lang='lat' dir='ltr'><strong>aliam</strong></span> <span class='ocrx_word' id='word_1_106' title='bbox 789 1567 818 1606; x_wconf 91' lang='lat' dir='ltr'><strong>a</strong></span> <span class='ocrx_word' id='word_1_107' title='bbox 849 1559 1073 1621; x_wconf 83' lang='lat' dir='ltr'><strong>peccato</strong></span> <span class='ocrx_word' id='word_1_108' title='bbox 1109 1565 1166 1604; x_wconf 87' lang='lat' dir='ltr'><strong>se</strong></span> <span class='ocrx_word' id='word_1_109' title='bbox 1206 1549 1666 1612; x_wconf 87' lang='lat' dir='ltr'><strong>convertentibus,</strong></span> <span class='ocrx_word' id='word_1_110' title='bbox 1701 1547 1860 1600; x_wconf 89' lang='lat' dir='ltr'><strong>aliam</strong></span> <span class='ocrx_word' id='word_1_111' title='bbox 1891 1545 1956 1598; x_wconf 92' lang='lat' dir='ltr'><strong>iis</strong></span> <span class='ocrx_word' id='word_1_112' title='bbox 1980 1542 2071 1613; x_wconf 88' lang='lat' dir='ltr'><strong>qui</strong></span> <span class='ocrx_word' id='word_1_113' title='bbox 2107 1541 2162 1596; x_wconf 91' lang='lat' dir='ltr'><strong>in</strong></span> 
     </span>
    </p>
   </div>
   <div class='ocr_carea' id='block_1_18' title="bbox 602 1637 2164 1716">
    <p class='ocr_par' dir='ltr' id='par_1_18' title="bbox 602 1637 2164 1716">
     <span class='ocr_line' id='line_1_18' title="bbox 602 1637 2164 1716; baseline -0.008 -16"><span class='ocrx_word' id='word_1_114' title='bbox 602 1649 800 1701; x_wconf 87' lang='lat' dir='ltr'><strong>virtute</strong></span> <span class='ocrx_word' id='word_1_115' title='bbox 825 1644 1136 1716; x_wconf 82' lang='lat' dir='ltr'><strong>proﬁciunt,</strong></span> <span class='ocrx_word' id='word_1_116' title='bbox 1167 1645 1324 1698; x_wconf 88' lang='lat' dir='ltr'><strong>aliam</strong></span> <span class='ocrx_word' id='word_1_117' title='bbox 1357 1644 1573 1696; x_wconf 88' lang='lat' dir='ltr'><strong>demum</strong></span> <span class='ocrx_word' id='word_1_118' title='bbox 1605 1637 2017 1711; x_wconf 80' lang='lat' dir='ltr'><strong>perfectioribus</strong></span> <span class='ocrx_word' id='word_1_119' title='bbox 2053 1646 2164 1689; x_wconf 84' lang='lat' dir='ltr'><strong>tra-</strong></span> 
     </span>
    </p>
   </div>
   <div class='ocr_carea' id='block_1_19' title="bbox 602 1729 2163 1812">
    <p class='ocr_par' dir='ltr' id='par_1_19' title="bbox 602 1729 2163 1812">
     <span class='ocr_line' id='line_1_19' title="bbox 602 1729 2163 1812; baseline -0.007 -21"><span class='ocrx_word' id='word_1_120' title='bbox 602 1739 696 1792; x_wconf 83' lang='lat' dir='ltr'><strong>dit.</strong></span> <span class='ocrx_word' id='word_1_121' title='bbox 728 1735 1092 1802; x_wconf 82' lang='lat' dir='ltr'><strong>Quamobrem</strong></span> <span class='ocrx_word' id='word_1_122' title='bbox 1139 1734 1491 1812; x_wconf 82' lang='lat' dir='ltr'><strong>peccantibus</strong></span> <span class='ocrx_word' id='word_1_123' title='bbox 1537 1733 1753 1802; x_wconf 84' lang='lat' dir='ltr'><strong>quidem</strong></span> <span class='ocrx_word' id='word_1_124' title='bbox 1797 1729 1940 1782; x_wconf 89' lang='lat' dir='ltr'><strong>viam</strong></span> <span class='ocrx_word' id='word_1_125' title='bbox 1978 1735 2163 1783; x_wconf 89' lang='lat' dir='ltr'><strong>osten-</strong></span> 
     </span>
    </p>
   </div>
   <div class='ocr_carea' id='block_1_20' title="bbox 602 1825 2164 1896">
    <p class='ocr_par' dir='ltr' id='par_1_20' title="bbox 602 1825 2164 1896">
     <span class='ocr_line' id='line_1_20' title="bbox 602 1825 2164 1896; baseline -0.008 -12"><span class='ocrx_word' id='word_1_126' title='bbox 602 1831 708 1896; x_wconf 80' lang='lat' dir='ltr'><strong>dit;</strong></span> <span class='ocrx_word' id='word_1_127' title='bbox 747 1836 1065 1883; x_wconf 90' lang='lat' dir='ltr'><strong>mansuetos</strong></span> <span class='ocrx_word' id='word_1_128' title='bbox 1118 1841 1240 1880; x_wconf 88' lang='lat' dir='ltr'><strong>cum</strong></span> <span class='ocrx_word' id='word_1_129' title='bbox 1277 1826 1485 1896; x_wconf 87' lang='lat' dir='ltr'><strong>judicio</strong></span> <span class='ocrx_word' id='word_1_130' title='bbox 1549 1825 1779 1894; x_wconf 80' lang='lat' dir='ltr'><strong>diriget,</strong></span> <span class='ocrx_word' id='word_1_131' title='bbox 1826 1834 2164 1890; x_wconf 90' lang='lat' dir='ltr'><strong>eorumque,</strong></span> 
     </span>
    </p>
   </div>
   <div class='ocr_carea' id='block_1_21' title="bbox 601 1917 2164 1995">
    <p class='ocr_par' dir='ltr' id='par_1_21' title="bbox 601 1917 2164 1995">
     <span class='ocr_line' id='line_1_21' title="bbox 601 1917 2164 1995; baseline -0.004 -19"><span class='ocrx_word' id='word_1_132' title='bbox 601 1933 785 1995; x_wconf 77' lang='lat' dir='ltr'><strong>utpote</strong></span> <span class='ocrx_word' id='word_1_133' title='bbox 821 1923 1202 1994; x_wconf 79' lang='lat' dir='ltr'><strong>perfectiorum</strong></span> <span class='ocrx_word' id='word_1_134' title='bbox 1228 1962 1241 1983; x_wconf 93' lang='lat'><strong>,</strong></span> <span class='ocrx_word' id='word_1_135' title='bbox 1288 1937 1475 1974; x_wconf 88' lang='lat' dir='ltr'><strong>curam</strong></span> <span class='ocrx_word' id='word_1_136' title='bbox 1531 1925 1714 1988; x_wconf 80' lang='lat' dir='ltr'><strong>geret:</strong></span> <span class='ocrx_word' id='word_1_137' title='bbox 1759 1932 1929 1988; x_wconf 85' lang='lat' dir='ltr'><strong>quare</strong></span> <span class='ocrx_word' id='word_1_138' title='bbox 1969 1917 2164 1986; x_wconf 86' lang='lat' dir='ltr'><strong>dignos</strong></span> 
     </span>
    </p>
   </div>
   <div class='ocr_carea' id='block_1_22' title="bbox 601 2004 2162 2084">
    <p class='ocr_par' dir='ltr' id='par_1_22' title="bbox 601 2004 2162 2084">
     <span class='ocr_line' id='line_1_22' title="bbox 601 2004 2162 2084; baseline -0.008 -15"><span class='ocrx_word' id='word_1_139' title='bbox 601 2031 691 2069; x_wconf 87' lang='lat' dir='ltr'><strong>eos</strong></span> <span class='ocrx_word' id='word_1_140' title='bbox 727 2014 819 2084; x_wconf 82' lang='lat' dir='ltr'><strong>qui</strong></span> <span class='ocrx_word' id='word_1_141' title='bbox 853 2013 992 2067; x_wconf 86' lang='lat' dir='ltr'><strong>beati</strong></span> <span class='ocrx_word' id='word_1_142' title='bbox 1046 2011 1476 2082; x_wconf 84' lang='lat' dir='ltr'><strong>praedicarentur</strong></span> <span class='ocrx_word' id='word_1_143' title='bbox 1515 2007 1824 2069; x_wconf 80' lang='lat' dir='ltr'><strong>:estimavit,</strong></span> <span class='ocrx_word' id='word_1_144' title='bbox 1862 2004 2162 2060; x_wconf 89' lang='lat' dir='ltr'><strong>secundum</strong></span> 
     </span>
    </p>
   </div>
   <div class='ocr_carea' id='block_1_23' title="bbox 600 2098 2164 2173">
    <p class='ocr_par' dir='ltr' id='par_1_23' title="bbox 600 2098 2164 2173">
     <span class='ocr_line' id='line_1_23' title="bbox 600 2098 2164 2173; baseline -0.008 -13"><span class='ocrx_word' id='word_1_145' title='bbox 600 2107 769 2161; x_wconf 78' lang='lat' dir='ltr'><strong>Illud:</strong></span> <span class='ocrx_word' id='word_1_146' title='bbox 821 2103 974 2160; x_wconf 80' lang='lat' dir='ltr'><strong>Beati</strong></span> <span class='ocrx_word' id='word_1_147' title='bbox 1034 2106 1220 2166; x_wconf 84' lang='lat' dir='ltr'><strong>mites,</strong></span> <span class='ocrx_word' id='word_1_148' title='bbox 1251 2103 1497 2173; x_wconf 87' lang='lat' dir='ltr'><strong>quoniam</strong></span> <span class='ocrx_word' id='word_1_149' title='bbox 1545 2101 1646 2168; x_wconf 89' lang='lat' dir='ltr'><strong>ipsi</strong></span> <span class='ocrx_word' id='word_1_150' title='bbox 1683 2098 2017 2167; x_wconf 81' lang='lat' dir='ltr'><strong>possidebunt</strong></span> <span class='ocrx_word' id='word_1_151' title='bbox 2058 2105 2164 2149; x_wconf 90' lang='lat' dir='ltr'><strong>ter-</strong></span> 
     </span>
    </p>
   </div>
   <div class='ocr_carea' id='block_1_24' title="bbox 601 2189 2162 2252">
    <p class='ocr_par' dir='ltr' id='par_1_24' title="bbox 601 2189 2162 2252">
     <span class='ocr_line' id='line_1_24' title="bbox 601 2189 2162 2252; baseline -0.006 -1"><span class='ocrx_word' id='word_1_152' title='bbox 601 2215 712 2251; x_wconf 87' lang='lat' dir='ltr'><strong>ram</strong></span> <span class='ocrx_word' id='word_1_153' title='bbox 757 2197 822 2252; x_wconf 79' lang='grc'><strong>³⁸.</strong></span> <span class='ocrx_word' id='word_1_154' title='bbox 864 2196 976 2251; x_wconf 81' lang='lat' dir='ltr'><strong>Hos</strong></span> <span class='ocrx_word' id='word_1_155' title='bbox 1023 2197 1188 2249; x_wconf 86' lang='lat' dir='ltr'><strong>etiam</strong></span> <span class='ocrx_word' id='word_1_156' title='bbox 1241 2194 1401 2247; x_wconf 86' lang='lat' dir='ltr'><strong>docet</strong></span> <span class='ocrx_word' id='word_1_157' title='bbox 1426 2194 1544 2246; x_wconf 85' lang='lat' dir='ltr'><strong>vias</strong></span> <span class='ocrx_word' id='word_1_158' title='bbox 1588 2206 1736 2245; x_wconf 92' lang='lat' dir='ltr'><strong>suas.</strong></span> <span class='ocrx_word' id='word_1_159' title='bbox 1790 2189 1932 2245; x_wconf 84' lang='lat' dir='ltr'><strong>Loco</strong></span> <span class='ocrx_word' id='word_1_160' title='bbox 1983 2196 2162 2243; x_wconf 91' lang='lat' dir='ltr'><strong>autem</strong></span> 
     </span>
    </p>
   </div>
   <div class='ocr_carea' id='block_1_25' title="bbox 603 2283 2164 2355">
    <p class='ocr_par' dir='ltr' id='par_1_25' title="bbox 603 2283 2164 2355">
     <span class='ocr_line' id='line_1_25' title="bbox 603 2283 2164 2355; baseline -0.007 -11"><span class='ocrx_word' id='word_1_161' title='bbox 603 2291 770 2355; x_wconf 90' lang='lat' dir='ltr'><strong>illius,</strong></span> <span class='ocrx_word' id='word_1_162' title='bbox 801 2290 912 2343; x_wconf 75' lang='lat' dir='ltr'><strong>vias</strong></span> <span class='ocrx_word' id='word_1_163' title='bbox 944 2303 1068 2342; x_wconf 82' lang='lat' dir='ltr'><strong>suas</strong></span> <span class='ocrx_word' id='word_1_164' title='bbox 1096 2303 1112 2339; x_wconf 90' lang='lat'><strong><em>:</em></strong></span> <span class='ocrx_word' id='word_1_165' title='bbox 1142 2287 1334 2354; x_wconf 81' lang='lat' dir='ltr'><strong>Aquila</strong></span> <span class='ocrx_word' id='word_1_166' title='bbox 1362 2292 1416 2339; x_wconf 90' lang='lat' dir='ltr'><strong>et</strong></span> <span class='ocrx_word' id='word_1_167' title='bbox 1447 2283 1826 2354; x_wconf 81' lang='lat' dir='ltr'><strong>Symmachus,</strong></span> <span class='ocrx_word' id='word_1_168' title='bbox 1851 2285 1988 2336; x_wconf 85' lang='lat' dir='ltr'><strong>viam</strong></span> <span class='ocrx_word' id='word_1_169' title='bbox 2012 2298 2164 2336; x_wconf 78' lang='lat' dir='ltr'><strong>suam</strong></span> 
     </span>
    </p>
   </div>
   <div class='ocr_carea' id='block_1_26' title="bbox 602 2376 2166 2447">
    <p class='ocr_par' dir='ltr' id='par_1_26' title="bbox 602 2376 2166 2447">
     <span class='ocr_line' id='line_1_26' title="bbox 602 2376 2166 2447; baseline -0.005 -11"><span class='ocrx_word' id='word_1_170' title='bbox 602 2383 878 2437; x_wconf 79' lang='lat' dir='ltr'><strong>dixerunt.</strong></span> <span class='ocrx_word' id='word_1_171' title='bbox 916 2380 1051 2434; x_wconf 88' lang='lat' dir='ltr'><strong>Nam</strong></span> <span class='ocrx_word' id='word_1_172' title='bbox 1081 2395 1142 2434; x_wconf 90' lang='lat' dir='ltr'><strong>ea</strong></span> <span class='ocrx_word' id='word_1_173' title='bbox 1178 2379 1292 2447; x_wconf 90' lang='lat' dir='ltr'><strong>ipsa</strong></span> <span class='ocrx_word' id='word_1_174' title='bbox 1316 2377 1402 2429; x_wconf 87' lang='lat' dir='ltr'><strong>via</strong></span> <span class='ocrx_word' id='word_1_175' title='bbox 1446 2376 1696 2430; x_wconf 88' lang='lat' dir='ltr'><strong>Salvator</strong></span> <span class='ocrx_word' id='word_1_176' title='bbox 1728 2376 1973 2439; x_wconf 88' lang='lat' dir='ltr'><strong>incessit,</strong></span> <span class='ocrx_word' id='word_1_177' title='bbox 2004 2383 2166 2445; x_wconf 89' lang='lat' dir='ltr'><strong>prout</strong></span> 
     </span>
    </p>
   </div>
   <div class='ocr_carea' id='block_1_27' title="bbox 602 2464 2164 2537">
    <p class='ocr_par' dir='ltr' id='par_1_27' title="bbox 602 2464 2164 2537">
     <span class='ocr_line' id='line_1_27' title="bbox 602 2464 2164 2537; baseline -0.004 -12"><span class='ocrx_word' id='word_1_178' title='bbox 602 2473 840 2526; x_wconf 85' lang='lat' dir='ltr'><strong>dicitur:</strong></span> <span class='ocrx_word' id='word_1_179' title='bbox 889 2471 1088 2523; x_wconf 81' lang='lat' dir='ltr'><strong>Discite</strong></span> <span class='ocrx_word' id='word_1_180' title='bbox 1135 2486 1166 2521; x_wconf 90' lang='lat' dir='ltr'><strong>a</strong></span> <span class='ocrx_word' id='word_1_181' title='bbox 1209 2485 1289 2521; x_wconf 88' lang='lat' dir='ltr'><strong>me</strong></span> <span class='ocrx_word' id='word_1_182' title='bbox 1333 2468 1458 2537; x_wconf 84' lang='lat' dir='ltr'><strong>quia</strong></span> <span class='ocrx_word' id='word_1_183' title='bbox 1499 2468 1641 2520; x_wconf 84' lang='lat' dir='ltr'><strong>mitis</strong></span> <span class='ocrx_word' id='word_1_184' title='bbox 1691 2483 1809 2520; x_wconf 84' lang='lat' dir='ltr'><strong>sum</strong></span> <span class='ocrx_word' id='word_1_185' title='bbox 1850 2475 1899 2520; x_wconf 85' lang='lat' dir='ltr'><strong>et</strong></span> <span class='ocrx_word' id='word_1_186' title='bbox 1949 2464 2164 2519; x_wconf 83' lang='lat' dir='ltr'><strong>humilis</strong></span> 
     </span>
    </p>
   </div>
   <div class='ocr_carea' id='block_1_28' title="bbox 601 2557 2165 2629">
    <p class='ocr_par' dir='ltr' id='par_1_28' title="bbox 601 2557 2165 2629">
     <span class='ocr_line' id='line_1_28' title="bbox 601 2557 2165 2629; baseline -0.004 -13"><span class='ocrx_word' id='word_1_187' title='bbox 601 2561 753 2616; x_wconf 83' lang='lat' dir='ltr'><strong>corde</strong></span> <span class='ocrx_word' id='word_1_188' title='bbox 776 2562 842 2616; x_wconf 78' lang='grc'><strong>³⁸.</strong></span> <span class='ocrx_word' id='word_1_189' title='bbox 890 2559 1087 2614; x_wconf 86' lang='lat' dir='ltr'><strong>Eadem</strong></span> <span class='ocrx_word' id='word_1_190' title='bbox 1144 2560 1309 2629; x_wconf 82' lang='lat' dir='ltr'><strong>igitur</strong></span> <span class='ocrx_word' id='word_1_191' title='bbox 1367 2560 1485 2627; x_wconf 86' lang='lat' dir='ltr'><strong>ipsa</strong></span> <span class='ocrx_word' id='word_1_192' title='bbox 1540 2558 1626 2611; x_wconf 82' lang='lat' dir='ltr'><strong>via</strong></span> <span class='ocrx_word' id='word_1_193' title='bbox 1686 2558 1806 2612; x_wconf 92' lang='lat' dir='ltr'><strong>illos</strong></span> <span class='ocrx_word' id='word_1_194' title='bbox 1849 2557 2069 2612; x_wconf 90' lang='lat' dir='ltr'><strong>deducit</strong></span> <span class='ocrx_word' id='word_1_195' title='bbox 2111 2563 2165 2612; x_wconf 87' lang='lat' dir='ltr'><strong>et</strong></span> 
     </span>
    </p>
   </div>
   <div class='ocr_carea' id='block_1_29' title="bbox 601 2649 2158 2724">
    <p class='ocr_par' dir='ltr' id='par_1_29' title="bbox 601 2649 2158 2724">
     <span class='ocr_line' id='line_1_29' title="bbox 601 2649 2158 2724; baseline -0.001 -20"><span class='ocrx_word' id='word_1_196' title='bbox 601 2655 755 2724; x_wconf 86' lang='lat' dir='ltr'><strong>quasi</strong></span> <span class='ocrx_word' id='word_1_197' title='bbox 797 2668 957 2707; x_wconf 91' lang='lat' dir='ltr'><strong>manu</strong></span> <span class='ocrx_word' id='word_1_198' title='bbox 993 2651 1200 2721; x_wconf 84' lang='lat' dir='ltr'><strong>dirigit.</strong></span> <span class='ocrx_word' id='word_1_199' title='bbox 1250 2649 1459 2704; x_wconf 82' lang='lat' dir='ltr'><strong>Idcirco</strong></span> <span class='ocrx_word' id='word_1_200' title='bbox 1495 2658 1555 2703; x_wconf 92' lang='lat' dir='ltr'><strong>ut</strong></span> <span class='ocrx_word' id='word_1_201' title='bbox 1598 2650 1817 2718; x_wconf 84' lang='lat' dir='ltr'><strong>sapiens</strong></span> <span class='ocrx_word' id='word_1_202' title='bbox 1867 2650 2158 2720; x_wconf 79' lang='lat' dir='ltr'><strong>legislator,</strong></span> 
     </span>
    </p>
   </div>
   <div class='ocr_carea' id='block_1_30' title="bbox 601 2741 2164 2813">
    <p class='ocr_par' dir='ltr' id='par_1_30' title="bbox 601 2741 2164 2813">
     <span class='ocr_line' id='line_1_30' title="bbox 601 2741 2164 2813; baseline -0.004 -13"><span class='ocrx_word' id='word_1_203' title='bbox 601 2747 758 2800; x_wconf 85' lang='lat' dir='ltr'><strong>aliam</strong></span> <span class='ocrx_word' id='word_1_204' title='bbox 793 2745 1208 2813; x_wconf 87' lang='lat' dir='ltr'><strong>peccatoribus,</strong></span> <span class='ocrx_word' id='word_1_205' title='bbox 1254 2743 1478 2798; x_wconf 89' lang='lat' dir='ltr'><strong>mitibus</strong></span> <span class='ocrx_word' id='word_1_206' title='bbox 1525 2747 1751 2796; x_wconf 85' lang='lat' dir='ltr'><strong>alteram</strong></span> <span class='ocrx_word' id='word_1_207' title='bbox 1793 2741 1936 2795; x_wconf 91' lang='lat' dir='ltr'><strong>viam</strong></span> <span class='ocrx_word' id='word_1_208' title='bbox 1979 2750 2164 2795; x_wconf 88' lang='lat' dir='ltr'><strong>osten-</strong></span> 
     </span>
    </p>
   </div>
   <div class='ocr_carea' id='block_1_31' title="bbox 600 2839 696 2892">
    <p class='ocr_par' dir='ltr' id='par_1_31' title="bbox 600 2839 696 2892">
     <span class='ocr_line' id='line_1_31' title="bbox 600 2839 696 2892; baseline 0.021 -2"><span class='ocrx_word' id='word_1_209' title='bbox 600 2839 696 2892; x_wconf 76' lang='lat' dir='ltr'><strong>dit.</strong></span> 
     </span>
    </p>
   </div>
   <div class='ocr_carea' id='block_1_32' title="bbox 665 3095 2161 3160">
    <p class='ocr_par' dir='ltr' id='par_1_32' title="bbox 665 3095 2161 3160">
     <span class='ocr_line' id='line_1_32' title="bbox 665 3095 2161 3160; baseline -0.004 -6"><span class='ocrx_word' id='word_1_210' title='bbox 665 3099 832 3155; x_wconf 71' lang='lat' dir='ltr'><strong>Vens.</strong></span> <span class='ocrx_word' id='word_1_211' title='bbox 870 3100 958 3155; x_wconf 76' lang='grc'><strong>10.</strong></span> <span class='ocrx_word' id='word_1_212' title='bbox 1005 3097 1270 3153; x_wconf 75' lang='lat' dir='ltr'><strong>Universa:</strong></span> <span class='ocrx_word' id='word_1_213' title='bbox 1308 3098 1404 3152; x_wconf 75' lang='lat' dir='ltr'><strong>via:</strong></span> <span class='ocrx_word' id='word_1_214' title='bbox 1440 3095 1676 3160; x_wconf 85' lang='lat' dir='ltr'><strong>Domini,</strong></span> <span class='ocrx_word' id='word_1_215' title='bbox 1703 3095 2070 3150; x_wconf 69' lang='lat' dir='ltr'><strong>misericordia</strong></span> <span class='ocrx_word' id='word_1_216' title='bbox 2113 3104 2161 3149; x_wconf 88' lang='lat' dir='ltr'><strong>et</strong></span> 
     </span>
    </p>
   </div>
   <div class='ocr_carea' id='block_1_33' title="bbox 599 3189 2162 3263">
    <p class='ocr_par' dir='ltr' id='par_1_33' title="bbox 599 3189 2162 3263">
     <span class='ocr_line' id='line_1_33' title="bbox 599 3189 2162 3263; baseline -0.004 -16"><span class='ocrx_word' id='word_1_217' title='bbox 599 3196 787 3249; x_wconf 71' lang='lat' dir='ltr'><strong>veritas</strong></span> <span class='ocrx_word' id='word_1_218' title='bbox 832 3193 1215 3263; x_wconf 71' lang='lat' dir='ltr'><strong>requirentibus</strong></span> <span class='ocrx_word' id='word_1_219' title='bbox 1246 3199 1610 3245; x_wconf 81' lang='lat' dir='ltr'><strong>testamentum</strong></span> <span class='ocrx_word' id='word_1_220' title='bbox 1639 3189 1752 3259; x_wconf 86' lang='lat' dir='ltr'><strong>ejus</strong></span> <span class='ocrx_word' id='word_1_221' title='bbox 1775 3198 1823 3244; x_wconf 90' lang='lat' dir='ltr'><strong>et</strong></span> <span class='ocrx_word' id='word_1_222' title='bbox 1862 3189 2162 3243; x_wconf 78' lang='lat' dir='ltr'><strong>testimonia</strong></span> 
     </span>
    </p>
   </div>
   <div class='ocr_carea' id='block_1_34' title="bbox 599 3279 2164 3355">
    <p class='ocr_par' dir='ltr' id='par_1_34' title="bbox 599 3279 2164 3355">
     <span class='ocr_line' id='line_1_34' title="bbox 599 3279 2164 3355; baseline -0.006 -15"><span class='ocrx_word' id='word_1_223' title='bbox 599 3287 726 3355; x_wconf 75' lang='lat' dir='ltr'><strong>ejus.</strong></span> <span class='ocrx_word' id='word_1_224' title='bbox 758 3284 961 3347; x_wconf 68' lang='lat' dir='ltr'><strong>Multae,</strong></span> <span class='ocrx_word' id='word_1_225' title='bbox 994 3283 1192 3353; x_wconf 89' lang='lat' dir='ltr'><strong>inquit,</strong></span> <span class='ocrx_word' id='word_1_226' title='bbox 1213 3283 1314 3336; x_wconf 76' lang='lat' dir='ltr'><strong>viae</strong></span> <span class='ocrx_word' id='word_1_227' title='bbox 1343 3282 1557 3336; x_wconf 92' lang='lat' dir='ltr'><strong>Domini</strong></span> <span class='ocrx_word' id='word_1_228' title='bbox 1592 3289 1741 3342; x_wconf 92' lang='lat' dir='ltr'><strong>sunt,</strong></span> <span class='ocrx_word' id='word_1_229' title='bbox 1763 3296 1957 3335; x_wconf 90' lang='lat' dir='ltr'><strong>.verum</strong></span> <span class='ocrx_word' id='word_1_230' title='bbox 1986 3279 2164 3335; x_wconf 87' lang='lat' dir='ltr'><strong>omni-</strong></span> 
     </span>
    </p>
   </div>
   <div class='ocr_carea' id='block_1_35' title="bbox 601 3370 2163 3448">
    <p class='ocr_par' dir='ltr' id='par_1_35' title="bbox 601 3370 2163 3448">
     <span class='ocr_line' id='line_1_35' title="bbox 601 3370 2163 3448; baseline -0.006 -16"><span class='ocrx_word' id='word_1_231' title='bbox 601 3380 702 3433; x_wconf 89' lang='lat' dir='ltr'><strong>bus</strong></span> <span class='ocrx_word' id='word_1_232' title='bbox 737 3376 1021 3448; x_wconf 70' lang='lat' dir='ltr'><strong>prtecurrit</strong></span> <span class='ocrx_word' id='word_1_233' title='bbox 1047 3374 1427 3430; x_wconf 88' lang='lat' dir='ltr'><strong>misericordia</strong></span> <span class='ocrx_word' id='word_1_234' title='bbox 1450 3373 1604 3443; x_wconf 87' lang='lat' dir='ltr'><strong>ejus:</strong></span> <span class='ocrx_word' id='word_1_235' title='bbox 1640 3389 1764 3428; x_wconf 88' lang='lat' dir='ltr'><strong>cum</strong></span> <span class='ocrx_word' id='word_1_236' title='bbox 1785 3370 2163 3428; x_wconf 85' lang='lat' dir='ltr'><strong>misericordia</strong></span> 
     </span>
    </p>
   </div>
   <div class='ocr_carea' id='block_1_36' title="bbox 601 3467 2161 3539">
    <p class='ocr_par' dir='ltr' id='par_1_36' title="bbox 601 3467 2161 3539">
     <span class='ocr_line' id='line_1_36' title="bbox 601 3467 2161 3539; baseline -0.004 -17"><span class='ocrx_word' id='word_1_237' title='bbox 601 3485 764 3539; x_wconf 87' lang='lat' dir='ltr'><strong>porro</strong></span> <span class='ocrx_word' id='word_1_238' title='bbox 803 3468 1005 3524; x_wconf 87' lang='lat' dir='ltr'><strong>veritas</strong></span> <span class='ocrx_word' id='word_1_239' title='bbox 1044 3483 1150 3522; x_wconf 88' lang='lat' dir='ltr'><strong>una</strong></span> <span class='ocrx_word' id='word_1_240' title='bbox 1181 3467 1464 3537; x_wconf 90' lang='lat' dir='ltr'><strong>procedit,</strong></span> <span class='ocrx_word' id='word_1_241' title='bbox 1490 3468 1781 3522; x_wconf 90' lang='lat' dir='ltr'><strong>miseretur</strong></span> <span class='ocrx_word' id='word_1_242' title='bbox 1818 3467 2018 3536; x_wconf 88' lang='lat' dir='ltr'><strong>quippe</strong></span> <span class='ocrx_word' id='word_1_243' title='bbox 2043 3479 2161 3518; x_wconf 89' lang='lat' dir='ltr'><strong>om-</strong></span> 
     </span>
    </p>
   </div>
   <div class='ocr_carea' id='block_1_37' title="bbox 600 3554 2161 3625">
    <p class='ocr_par' dir='ltr' id='par_1_37' title="bbox 600 3554 2161 3625">
     <span class='ocr_line' id='line_1_37' title="bbox 600 3554 2161 3625; baseline -0.003 -15"><span class='ocrx_word' id='word_1_244' title='bbox 600 3558 746 3610; x_wconf 90' lang='lat' dir='ltr'><strong>nium</strong></span> <span class='ocrx_word' id='word_1_245' title='bbox 778 3564 833 3611; x_wconf 90' lang='lat' dir='ltr'><strong>et</strong></span> <span class='ocrx_word' id='word_1_246' title='bbox 869 3555 1004 3610; x_wconf 84' lang='lat' dir='ltr'><strong>nihil</strong></span> <span class='ocrx_word' id='word_1_247' title='bbox 1043 3554 1156 3610; x_wconf 91' lang='lat' dir='ltr'><strong>odit</strong></span> <span class='ocrx_word' id='word_1_248' title='bbox 1178 3570 1365 3609; x_wconf 86' lang='lat' dir='ltr'><strong>eorum</strong></span> <span class='ocrx_word' id='word_1_249' title='bbox 1393 3571 1512 3625; x_wconf 75' lang='lat' dir='ltr'><strong>qua:</strong></span> <span class='ocrx_word' id='word_1_250' title='bbox 1541 3556 1667 3611; x_wconf 82' lang='lat' dir='ltr'><strong>fecit</strong></span> <span class='ocrx_word' id='word_1_251' title='bbox 1689 3555 1734 3586; x_wconf 86' lang='grc'>³³</span> <span class='ocrx_word' id='word_1_252' title='bbox 1762 3574 1773 3608; x_wconf 91' lang='lat'><strong>:</strong></span> <span class='ocrx_word' id='word_1_253' title='bbox 1810 3569 1985 3624; x_wconf 89' lang='lat' dir='ltr'><strong>neque</strong></span> <span class='ocrx_word' id='word_1_254' title='bbox 2016 3554 2161 3608; x_wconf 89' lang='lat' dir='ltr'><strong>enim</strong></span> 
     </span>
    </p>
   </div>
   <div class='ocr_carea' id='block_1_38' title="bbox 600 3645 2163 3718">
    <p class='ocr_par' dir='ltr' id='par_1_38' title="bbox 600 3645 2163 3718">
     <span class='ocr_line' id='line_1_38' title="bbox 600 3645 2163 3718; baseline -0.003 -16"><span class='ocrx_word' id='word_1_255' title='bbox 600 3647 804 3718; x_wconf 85' lang='lat' dir='ltr'><strong>aliquid</strong></span> <span class='ocrx_word' id='word_1_256' title='bbox 835 3647 1244 3717; x_wconf 88' lang='lat' dir='ltr'><strong>condiditquod</strong></span> <span class='ocrx_word' id='word_1_257' title='bbox 1273 3648 1398 3702; x_wconf 92' lang='lat' dir='ltr'><strong>odio</strong></span> <span class='ocrx_word' id='word_1_258' title='bbox 1436 3648 1678 3702; x_wconf 88' lang='lat' dir='ltr'><strong>haberet.</strong></span> <span class='ocrx_word' id='word_1_259' title='bbox 1715 3645 1956 3716; x_wconf 88' lang='lat' dir='ltr'><strong>Singulis</strong></span> <span class='ocrx_word' id='word_1_260' title='bbox 1999 3645 2163 3714; x_wconf 82' lang='lat' dir='ltr'><strong>igitur</strong></span> 
     </span>
    </p>
   </div>
   <div class='ocr_carea' id='block_1_39' title="bbox 598 3737 2162 3805">
    <p class='ocr_par' dir='ltr' id='par_1_39' title="bbox 598 3737 2162 3805">
     <span class='ocr_line' id='line_1_39' title="bbox 598 3737 2162 3805; baseline -0.003 -11"><span class='ocrx_word' id='word_1_261' title='bbox 598 3741 794 3795; x_wconf 68' lang='lat' dir='ltr'><strong>divinae</strong></span> <span class='ocrx_word' id='word_1_262' title='bbox 831 3739 1323 3794; x_wconf 88' lang='lat' dir='ltr'><strong>administrationis</strong></span> <span class='ocrx_word' id='word_1_263' title='bbox 1365 3749 1417 3793; x_wconf 88' lang='lat' dir='ltr'><strong>et</strong></span> <span class='ocrx_word' id='word_1_264' title='bbox 1455 3737 1810 3805; x_wconf 61' lang='lat' dir='ltr'><strong>providentiae</strong></span> <span class='ocrx_word' id='word_1_265' title='bbox 1847 3737 1954 3791; x_wconf 90' lang='lat' dir='ltr'><strong>viis</strong></span> <span class='ocrx_word' id='word_1_266' title='bbox 1999 3738 2162 3791; x_wconf 89' lang='lat' dir='ltr'><strong>mise-</strong></span> 
     </span>
    </p>
   </div>
   <div class='ocr_carea' id='block_1_40' title="bbox 600 3829 2160 3902">
    <p class='ocr_par' dir='ltr' id='par_1_40' title="bbox 600 3829 2160 3902">
     <span class='ocr_line' id='line_1_40' title="bbox 600 3829 2160 3902; baseline -0.001 -18"><span class='ocrx_word' id='word_1_267' title='bbox 600 3832 834 3887; x_wconf 78' lang='lat' dir='ltr'><strong>ricordia</strong></span> <span class='ocrx_word' id='word_1_268' title='bbox 869 3832 1184 3902; x_wconf 69' lang='lat' dir='ltr'><strong>praecurrit.</strong></span> <span class='ocrx_word' id='word_1_269' title='bbox 1236 3831 1669 3885; x_wconf 82' lang='lat' dir='ltr'><strong>misericordiam</strong></span> <span class='ocrx_word' id='word_1_270' title='bbox 1704 3830 1906 3884; x_wconf 86' lang='lat' dir='ltr'><strong>veritas</strong></span> <span class='ocrx_word' id='word_1_271' title='bbox 1965 3829 2160 3883; x_wconf 88' lang='lat' dir='ltr'><strong>subse-</strong></span> 
     </span>
    </p>
   </div>
   <div class='ocr_carea' id='block_1_41' title="bbox 597 3913 2161 3989">
    <p class='ocr_par' dir='ltr' id='par_1_41' title="bbox 597 3913 2161 3989">
     <span class='ocr_line' id='line_1_41' title="bbox 597 3913 2161 3989; baseline -0.001 -16"><span class='ocrx_word' id='word_1_272' title='bbox 597 3913 800 3989; x_wconf 81' lang='lat' dir='ltr'><strong>quitur.</strong></span> <span class='ocrx_word' id='word_1_273' title='bbox 835 3920 905 3974; x_wconf 89' lang='lat' dir='ltr'><strong>lis</strong></span> <span class='ocrx_word' id='word_1_274' title='bbox 937 3930 1117 3974; x_wconf 90' lang='lat' dir='ltr'><strong>autem</strong></span> <span class='ocrx_word' id='word_1_275' title='bbox 1149 3920 1244 3988; x_wconf 93' lang='lat' dir='ltr'><strong>qui</strong></span> <span class='ocrx_word' id='word_1_276' title='bbox 1288 3919 1517 3974; x_wconf 85' lang='lat' dir='ltr'><strong>sollicite</strong></span> <span class='ocrx_word' id='word_1_277' title='bbox 1558 3919 1865 3988; x_wconf 90' lang='lat' dir='ltr'><strong>requirunt,</strong></span> <span class='ocrx_word' id='word_1_278' title='bbox 1905 3917 2161 3988; x_wconf 65' lang='lat' dir='ltr'><strong>quaastio-</strong></span> 
     </span>
    </p>
   </div>
   <div class='ocr_carea' id='block_1_42' title="bbox 598 4009 2159 4078">
    <p class='ocr_par' dir='ltr' id='par_1_42' title="bbox 598 4009 2159 4078">
     <span class='ocr_line' id='line_1_42' title="bbox 598 4009 2159 4078; baseline -0.002 -13"><span class='ocrx_word' id='word_1_279' title='bbox 598 4027 727 4065; x_wconf 89' lang='lat' dir='ltr'><strong>uum</strong></span> <span class='ocrx_word' id='word_1_280' title='bbox 759 4027 942 4065; x_wconf 87' lang='lat' dir='ltr'><strong>veram</strong></span> <span class='ocrx_word' id='word_1_281' title='bbox 974 4013 1222 4065; x_wconf 88' lang='lat' dir='ltr'><strong>notitiam</strong></span> <span class='ocrx_word' id='word_1_282' title='bbox 1255 4012 1635 4066; x_wconf 87' lang='lat' dir='ltr'><strong>subministrat</strong></span> <span class='ocrx_word' id='word_1_283' title='bbox 1655 4009 1838 4078; x_wconf 89' lang='lat' dir='ltr'><strong>quiait</strong></span> <span class='ocrx_word' id='word_1_284' title='bbox 1873 4010 2159 4074; x_wconf 69' lang='lat' dir='ltr'><strong>:Quazrite,</strong></span> 
     </span>
    </p>
   </div>
   <div class='ocr_carea' id='block_1_43' title="bbox 597 4100 2162 4171">
    <p class='ocr_par' dir='ltr' id='par_1_43' title="bbox 597 4100 2162 4171">
     <span class='ocr_line' id='line_1_43' title="bbox 597 4100 2162 4171; baseline -0.003 -13"><span class='ocrx_word' id='word_1_285' title='bbox 597 4112 645 4158; x_wconf 81' lang='lat' dir='ltr'><strong>et</strong></span> <span class='ocrx_word' id='word_1_286' title='bbox 674 4103 966 4165; x_wconf 79' lang='lat' dir='ltr'><strong>invenietis,</strong></span> <span class='ocrx_word' id='word_1_287' title='bbox 984 4105 1212 4171; x_wconf 82' lang='lat' dir='ltr'><strong>pulsate,</strong></span> <span class='ocrx_word' id='word_1_288' title='bbox 1231 4112 1279 4155; x_wconf 86' lang='lat' dir='ltr'><strong>et</strong></span> <span class='ocrx_word' id='word_1_289' title='bbox 1297 4102 1562 4170; x_wconf 84' lang='lat' dir='ltr'><strong>aperietur</strong></span> <span class='ocrx_word' id='word_1_290' title='bbox 1585 4101 1727 4155; x_wconf 83' lang='lat' dir='ltr'><strong>vobis</strong></span> <span class='ocrx_word' id='word_1_291' title='bbox 1751 4101 1816 4153; x_wconf 56' lang='grc' dir='ltr'><strong>δι.</strong></span> <span class='ocrx_word' id='word_1_292' title='bbox 1844 4100 2162 4156; x_wconf 82' lang='lat' dir='ltr'><strong>Testamen-</strong></span> 
     </span>
    </p>
   </div>
   <div class='ocr_carea' id='block_1_44' title="bbox 598 4193 2160 4264">
    <p class='ocr_par' dir='ltr' id='par_1_44' title="bbox 598 4193 2160 4264">
     <span class='ocr_line' id='line_1_44' title="bbox 598 4193 2160 4264; baseline -0.001 -16"><span class='ocrx_word' id='word_1_293' title='bbox 598 4205 712 4248; x_wconf 89' lang='lat' dir='ltr'><strong>tum</strong></span> <span class='ocrx_word' id='word_1_294' title='bbox 749 4209 878 4249; x_wconf 87' lang='lat' dir='ltr'><strong>vero</strong></span> <span class='ocrx_word' id='word_1_295' title='bbox 911 4195 1028 4263; x_wconf 86' lang='lat' dir='ltr'><strong>ejus</strong></span> <span class='ocrx_word' id='word_1_296' title='bbox 1068 4196 1121 4248; x_wconf 90' lang='lat' dir='ltr'><strong>in</strong></span> <span class='ocrx_word' id='word_1_297' title='bbox 1157 4210 1353 4264; x_wconf 81' lang='lat' dir='ltr'><strong>genere</strong></span> <span class='ocrx_word' id='word_1_298' title='bbox 1393 4202 1696 4262; x_wconf 87' lang='lat' dir='ltr'><strong>acceptum,</strong></span> <span class='ocrx_word' id='word_1_299' title='bbox 1733 4202 1958 4247; x_wconf 86' lang='lat' dir='ltr'><strong>vocatur</strong></span> <span class='ocrx_word' id='word_1_300' title='bbox 1983 4193 2160 4247; x_wconf 80' lang='lat' dir='ltr'><strong>omnis</strong></span> 
     </span>
    </p>
   </div>
   <div class='ocr_carea' id='block_1_45' title="bbox 596 4283 2156 4356">
    <p class='ocr_par' dir='ltr' id='par_1_45' title="bbox 596 4283 2156 4356">
     <span class='ocr_line' id='line_1_45' title="bbox 596 4283 2156 4356; baseline -0.001 -15"><span class='ocrx_word' id='word_1_301' title='bbox 596 4286 861 4341; x_wconf 88' lang='lat' dir='ltr'><strong>divinitus</strong></span> <span class='ocrx_word' id='word_1_302' title='bbox 903 4286 1170 4356; x_wconf 85' lang='lat' dir='ltr'><strong>inspirata</strong></span> <span class='ocrx_word' id='word_1_303' title='bbox 1222 4283 1503 4355; x_wconf 89' lang='lat' dir='ltr'><strong>Scriptura</strong></span> <span class='ocrx_word' id='word_1_304' title='bbox 1564 4285 1877 4341; x_wconf 90' lang='lat' dir='ltr'><strong>hominibus</strong></span> <span class='ocrx_word' id='word_1_305' title='bbox 1935 4285 2156 4339; x_wconf 88' lang='lat' dir='ltr'><strong>tradita.</strong></span> 
     </span>
    </p>
   </div>
   <div class='ocr_carea' id='block_1_46' title="bbox 596 4377 2159 4448">
    <p class='ocr_par' dir='ltr' id='par_1_46' title="bbox 596 4377 2159 4448">
     <span class='ocr_line' id='line_1_46' title="bbox 596 4377 2159 4448; baseline 0.001 -16"><span class='ocrx_word' id='word_1_306' title='bbox 596 4378 930 4434; x_wconf 84' lang='lat' dir='ltr'><strong>Testimonia</strong></span> <span class='ocrx_word' id='word_1_307' title='bbox 957 4387 1084 4433; x_wconf 90' lang='lat' dir='ltr'><strong>sunt</strong></span> <span class='ocrx_word' id='word_1_308' title='bbox 1117 4385 1385 4448; x_wconf 88' lang='lat' dir='ltr'><strong>quotquot</strong></span> <span class='ocrx_word' id='word_1_309' title='bbox 1413 4379 1465 4432; x_wconf 94' lang='lat' dir='ltr'><strong>in</strong></span> <span class='ocrx_word' id='word_1_310' title='bbox 1507 4377 1807 4447; x_wconf 88' lang='lat' dir='ltr'><strong>Scripturis</strong></span> <span class='ocrx_word' id='word_1_311' title='bbox 1859 4378 2058 4433; x_wconf 89' lang='lat' dir='ltr'><strong>divinis</strong></span> <span class='ocrx_word' id='word_1_312' title='bbox 2092 4378 2159 4433; x_wconf 82' lang='lat' dir='ltr'><strong>de</strong></span> 
     </span>
    </p>
   </div>
   <div class='ocr_carea' id='block_1_47' title="bbox 2271 528 3877 603">
    <p class='ocr_par' dir='ltr' id='par_1_47' title="bbox 2271 528 3877 603">
     <span class='ocr_line' id='line_1_47' title="bbox 2271 528 3877 603; baseline -0.002 -18"><span class='ocrx_word' id='word_1_313' title='bbox 2271 550 2429 603; x_wconf 86' lang='grc' dir='ltr'>μενος</span> <span class='ocrx_word' id='word_1_314' title='bbox 2455 531 2520 585; x_wconf 75' lang='grc' dir='ltr'>τὰ</span> <span class='ocrx_word' id='word_1_315' title='bbox 2554 531 2752 596; x_wconf 84' lang='grc' dir='ltr'>πάντα,</span> <span class='ocrx_word' id='word_1_316' title='bbox 2801 533 2894 584; x_wconf 69' lang='grc' dir='ltr'><strong>καὶ</strong></span> <span class='ocrx_word' id='word_1_317' title='bbox 2930 531 3026 602; x_wconf 83' lang='grc' dir='ltr'>τὴν</span> <span class='ocrx_word' id='word_1_318' title='bbox 3076 531 3287 585; x_wconf 77' lang='grc' dir='ltr'>εὐθεῖαν</span> <span class='ocrx_word' id='word_1_319' title='bbox 3318 529 3434 584; x_wconf 81' lang='grc' dir='ltr'>ὁδὸν</span> <span class='ocrx_word' id='word_1_320' title='bbox 3479 528 3751 597; x_wconf 79' lang='grc' dir='ltr'>ἀγαπῶν.</span> <span class='ocrx_word' id='word_1_321' title='bbox 3803 531 3877 583; x_wconf 65' lang='grc' dir='ltr'><strong>τᾶ</strong></span> 
     </span>
    </p>
   </div>
   <div class='ocr_carea' id='block_1_48' title="bbox 2266 622 3854 695">
    <p class='ocr_par' dir='ltr' id='par_1_48' title="bbox 2266 622 3854 695">
     <span class='ocr_line' id='line_1_48' title="bbox 2266 622 3854 695; baseline -0.001 -19"><span class='ocrx_word' id='word_1_322' title='bbox 2266 641 2323 676; x_wconf 89' lang='grc' dir='ltr'><strong>τε</strong></span> <span class='ocrx_word' id='word_1_323' title='bbox 2349 623 2534 677; x_wconf 90' lang='grc' dir='ltr'>σκολιὰ</span> <span class='ocrx_word' id='word_1_324' title='bbox 2563 627 2640 687; x_wconf 84' lang='grc' dir='ltr'><strong>είς</strong></span> <span class='ocrx_word' id='word_1_325' title='bbox 2676 622 2886 677; x_wconf 71' lang='grc' dir='ltr'>εὐθεῖαν</span> <span class='ocrx_word' id='word_1_326' title='bbox 2918 623 3084 691; x_wconf 82' lang='grc' dir='ltr'>ἄγων.</span> <span class='ocrx_word' id='word_1_327' title='bbox 3130 623 3230 676; x_wconf 85' lang='grc' dir='ltr'><strong>Διὰ</strong></span> <span class='ocrx_word' id='word_1_328' title='bbox 3258 623 3416 676; x_wconf 78' lang='grc' dir='ltr'>τοῦτο</span> <span class='ocrx_word' id='word_1_329' title='bbox 3442 623 3541 675; x_wconf 86' lang='grc' dir='ltr'><strong>οὑκ</strong></span> <span class='ocrx_word' id='word_1_330' title='bbox 3564 623 3854 695; x_wconf 74' lang='grc' dir='ltr'>ἀποστρέ-</span> 
     </span>
    </p>
   </div>
   <div class='ocr_carea' id='block_1_49' title="bbox 2267 713 3866 788">
    <p class='ocr_par' dir='ltr' id='par_1_49' title="bbox 2267 713 3866 788">
     <span class='ocr_line' id='line_1_49' title="bbox 2267 713 3866 788; baseline -0.003 -19"><span class='ocrx_word' id='word_1_331' title='bbox 2267 734 2445 785; x_wconf 83' lang='grc' dir='ltr'>φεται,</span> <span class='ocrx_word' id='word_1_332' title='bbox 2479 716 2597 769; x_wconf 81' lang='grc' dir='ltr'>οὑδὲ</span> <span class='ocrx_word' id='word_1_333' title='bbox 2628 717 2842 788; x_wconf 76' lang='grc' dir='ltr'>παρορᾷ</span> <span class='ocrx_word' id='word_1_334' title='bbox 2869 716 3287 786; x_wconf 69' lang='grc' dir='ltr'>λαταλιμπάνων</span> <span class='ocrx_word' id='word_1_335' title='bbox 3305 715 3503 778; x_wconf 80' lang='grc' dir='ltr'>αὑτοὺς</span> <span class='ocrx_word' id='word_1_336' title='bbox 3519 713 3866 786; x_wconf 77' lang='grc' dir='ltr'>φθείρεσθαι</span> 
     </span>
    </p>
   </div>
   <div class='ocr_carea' id='block_1_50' title="bbox 2265 802 3864 880">
    <p class='ocr_par' dir='ltr' id='par_1_50' title="bbox 2265 802 3864 880">
     <span class='ocr_line' id='line_1_50' title="bbox 2265 802 3864 880; baseline -0.002 -19"><span class='ocrx_word' id='word_1_337' title='bbox 2265 813 2384 872; x_wconf 86' lang='grc' dir='ltr'>ταῖς</span> <span class='ocrx_word' id='word_1_338' title='bbox 2430 808 2635 862; x_wconf 79' lang='grc' dir='ltr'>ἑαυτῶν</span> <span class='ocrx_word' id='word_1_339' title='bbox 2667 808 2994 880; x_wconf 76' lang='grc' dir='ltr'>ἁμαρτ¹αιςο</span> <span class='ocrx_word' id='word_1_340' title='bbox 3049 808 3160 861; x_wconf 84' lang='grc' dir='ltr'>ἀλλ’</span> <span class='ocrx_word' id='word_1_341' title='bbox 3196 802 3283 860; x_wconf 74' lang='grc' dir='ltr'>οἷα</span> <span class='ocrx_word' id='word_1_342' title='bbox 3328 806 3722 877; x_wconf 83' lang='grc' dir='ltr'>φιλάνθρωπος</span> <span class='ocrx_word' id='word_1_343' title='bbox 3765 807 3864 860; x_wconf 69' lang='grc' dir='ltr'><strong>καὶ</strong></span> 
     </span>
    </p>
   </div>
   <div class='ocr_carea' id='block_1_51' title="bbox 2265 898 3864 971">
    <p class='ocr_par' dir='ltr' id='par_1_51' title="bbox 2265 898 3864 971">
     <span class='ocr_line' id='line_1_51' title="bbox 2265 898 3864 971; baseline -0.003 -19"><span class='ocrx_word' id='word_1_344' title='bbox 2265 899 2465 968; x_wconf 83' lang='grc' dir='ltr'>ἀγαθὸς</span> <span class='ocrx_word' id='word_1_345' title='bbox 2503 899 2690 971; x_wconf 80' lang='grc' dir='ltr'>Σωτὴρ</span> <span class='ocrx_word' id='word_1_346' title='bbox 2734 899 3026 952; x_wconf 78' lang='grc' dir='ltr'><strong>νοσούντων</strong></span> <span class='ocrx_word' id='word_1_347' title='bbox 3063 898 3257 969; x_wconf 84' lang='grc' dir='ltr'>μᾶλλον</span> <span class='ocrx_word' id='word_1_348' title='bbox 3289 898 3322 968; x_wconf 79' lang='grc' dir='ltr'>ἢ</span> <span class='ocrx_word' id='word_1_349' title='bbox 3357 898 3717 966; x_wconf 82' lang='grc' dir='ltr'><strong>ὑγιαινόντων</strong></span> <span class='ocrx_word' id='word_1_350' title='bbox 3757 898 3864 967; x_wconf 72' lang='grc' dir='ltr'><strong>τὴν</strong></span> 
     </span>
    </p>
   </div>
   <div class='ocr_carea' id='block_1_52' title="bbox 2265 990 3861 1063">
    <p class='ocr_par' dir='ltr' id='par_1_52' title="bbox 2265 990 3861 1063">
     <span class='ocr_line' id='line_1_52' title="bbox 2265 990 3861 1063; baseline -0.001 -19"><span class='ocrx_word' id='word_1_351' title='bbox 2265 991 2518 1063; x_wconf 75' lang='grc' dir='ltr'><strong>φροντίδα</strong></span> <span class='ocrx_word' id='word_1_352' title='bbox 2551 995 2813 1045; x_wconf 87' lang='grc' dir='ltr'>ποιεῖται·</span> <span class='ocrx_word' id='word_1_353' title='bbox 2848 992 2943 1044; x_wconf 70' lang='grc' dir='ltr'><strong>καὶ</strong></span> <span class='ocrx_word' id='word_1_354' title='bbox 2969 991 3177 1054; x_wconf 74' lang='grc' dir='ltr'>τούτοις</span> <span class='ocrx_word' id='word_1_355' title='bbox 3215 990 3511 1062; x_wconf 87' lang='grc' dir='ltr'>νομοθετεῖ,</span> <span class='ocrx_word' id='word_1_356' title='bbox 3550 990 3861 1060; x_wconf 70' lang='grc' dir='ltr'>μετανοίας</span> 
     </span>
    </p>
   </div>
   <div class='ocr_carea' id='block_1_53' title="bbox 2263 1080 3860 1152">
    <p class='ocr_par' dir='ltr' id='par_1_53' title="bbox 2263 1080 3860 1152">
     <span class='ocr_line' id='line_1_53' title="bbox 2263 1080 3860 1152; baseline -0.002 -15"><span class='ocrx_word' id='word_1_357' title='bbox 2263 1085 2416 1146; x_wconf 74' lang='grc' dir='ltr'>ὀδοὺς</span> <span class='ocrx_word' id='word_1_358' title='bbox 2449 1084 2764 1147; x_wconf 79' lang='grc' dir='ltr'>ὑποδεικνὺς</span> <span class='ocrx_word' id='word_1_359' title='bbox 2793 1084 2993 1148; x_wconf 84' lang='grc' dir='ltr'>αὐτοῖς,</span> <span class='ocrx_word' id='word_1_360' title='bbox 3018 1083 3108 1136; x_wconf 65' lang='grc' dir='ltr'><strong>κα)⁵</strong></span> <span class='ocrx_word' id='word_1_361' title='bbox 3139 1080 3333 1151; x_wconf 89' lang='grc' dir='ltr'>νόμους</span> <span class='ocrx_word' id='word_1_362' title='bbox 3349 1083 3475 1146; x_wconf 78' lang='grc' dir='ltr'>τοὺς</span> <span class='ocrx_word' id='word_1_363' title='bbox 3498 1081 3860 1152; x_wconf 79' lang='grc' dir='ltr'>ἁρμόζοντας</span> 
     </span>
    </p>
   </div>
   <div class='ocr_carea' id='block_1_54' title="bbox 2264 1172 3858 1246">
    <p class='ocr_par' dir='ltr' id='par_1_54' title="bbox 2264 1172 3858 1246">
     <span class='ocr_line' id='line_1_54' title="bbox 2264 1172 3858 1246; baseline 0.006 -19"><span class='ocrx_word' id='word_1_364' title='bbox 2264 1176 2445 1238; x_wconf 86' lang='grc' dir='ltr'>αὐτοῖς</span> <span class='ocrx_word' id='word_1_365' title='bbox 2473 1177 2610 1246; x_wconf 79' lang='grc' dir='ltr'>πρὸς</span> <span class='ocrx_word' id='word_1_366' title='bbox 2637 1174 2905 1246; x_wconf 82' lang='grc' dir='ltr'>σωτηρίαν</span> <span class='ocrx_word' id='word_1_367' title='bbox 2953 1172 3400 1244; x_wconf 82' lang='grc' dir='ltr'>παρατιθέμενος.</span> <span class='ocrx_word' id='word_1_368' title='bbox 3440 1173 3595 1225; x_wconf 84' lang='grc' dir='ltr'>Ἔστι</span> <span class='ocrx_word' id='word_1_369' title='bbox 3622 1173 3749 1243; x_wconf 84' lang='grc' dir='ltr'>γάρ</span> <span class='ocrx_word' id='word_1_370' title='bbox 3772 1189 3858 1236; x_wconf 78' lang='grc' dir='ltr'><strong>τις</strong></span> 
     </span>
    </p>
   </div>
   <div class='ocr_carea' id='block_1_55' title="bbox 2264 1264 3856 1337">
    <p class='ocr_par' dir='ltr' id='par_1_55' title="bbox 2264 1264 3856 1337">
     <span class='ocr_line' id='line_1_55' title="bbox 2264 1264 3856 1337; baseline -0.003 -17"><span class='ocrx_word' id='word_1_371' title='bbox 2264 1267 2356 1321; x_wconf 70' lang='grc' dir='ltr'><strong>καὶ</strong></span> <span class='ocrx_word' id='word_1_372' title='bbox 2381 1267 2496 1329; x_wconf 79' lang='grc' dir='ltr'>ὁδὸς</span> <span class='ocrx_word' id='word_1_373' title='bbox 2518 1269 2629 1330; x_wconf 87' lang='grc' dir='ltr'>τοῖς</span> <span class='ocrx_word' id='word_1_374' title='bbox 2667 1267 3064 1337; x_wconf 79' lang='grc' dir='ltr'>ἁμαρτάνουσιν</span> <span class='ocrx_word' id='word_1_375' title='bbox 3097 1264 3499 1336; x_wconf 84' lang='grc' dir='ltr'>ὲπιδεδειγμένη</span> <span class='ocrx_word' id='word_1_376' title='bbox 3541 1264 3856 1334; x_wconf 80' lang='grc' dir='ltr'>σωτηρίας,</span> 
     </span>
    </p>
   </div>
   <div class='ocr_carea' id='block_1_56' title="bbox 2262 1351 3853 1426">
    <p class='ocr_par' dir='ltr' id='par_1_56' title="bbox 2262 1351 3853 1426">
     <span class='ocr_line' id='line_1_56' title="bbox 2262 1351 3853 1426; baseline -0.003 -18"><span class='ocrx_word' id='word_1_377' title='bbox 2262 1357 2295 1426; x_wconf 83' lang='grc' dir='ltr'><strong>ή</strong></span> <span class='ocrx_word' id='word_1_378' title='bbox 2326 1355 2428 1426; x_wconf 80' lang='grc' dir='ltr'>τῆς</span> <span class='ocrx_word' id='word_1_379' title='bbox 2455 1355 2785 1426; x_wconf 75' lang='grc' dir='ltr'>ἐπιστροφῆς</span> <span class='ocrx_word' id='word_1_380' title='bbox 2820 1355 2914 1408; x_wconf 69' lang='grc' dir='ltr'><strong>καὶ</strong></span> <span class='ocrx_word' id='word_1_381' title='bbox 2946 1353 3229 1424; x_wconf 75' lang='grc' dir='ltr'>μετανοίας</span> <span class='ocrx_word' id='word_1_382' title='bbox 3258 1352 3350 1405; x_wconf 74' lang='grc' dir='ltr'><strong>καὶ</strong></span> <span class='ocrx_word' id='word_1_383' title='bbox 3373 1351 3853 1422; x_wconf 79' lang='grc' dir='ltr'>ὲξομολογήσεως,</span> 
     </span>
    </p>
   </div>
   <div class='ocr_carea' id='block_1_57' title="bbox 2263 1443 3850 1520">
    <p class='ocr_par' dir='ltr' id='par_1_57' title="bbox 2263 1443 3850 1520">
     <span class='ocr_line' id='line_1_57' title="bbox 2263 1443 3850 1520; baseline -0.003 -20"><span class='ocrx_word' id='word_1_384' title='bbox 2263 1450 2339 1510; x_wconf 84' lang='grc' dir='ltr'>ὼς</span> <span class='ocrx_word' id='word_1_385' title='bbox 2375 1447 2537 1520; x_wconf 80' lang='grc' dir='ltr'>ἑτέρα</span> <span class='ocrx_word' id='word_1_386' title='bbox 2592 1446 2726 1500; x_wconf 81' lang='grc' dir='ltr'>οὖσα</span> <span class='ocrx_word' id='word_1_387' title='bbox 2777 1449 2925 1517; x_wconf 86' lang='grc' dir='ltr'>παρά</span> <span class='ocrx_word' id='word_1_388' title='bbox 2966 1446 3064 1517; x_wconf 81' lang='grc' dir='ltr'><strong>τὴν</strong></span> <span class='ocrx_word' id='word_1_389' title='bbox 3107 1448 3218 1508; x_wconf 82' lang='grc' dir='ltr'>τοῖς</span> <span class='ocrx_word' id='word_1_390' title='bbox 3258 1445 3480 1507; x_wconf 78' lang='grc' dir='ltr'>τελείοις</span> <span class='ocrx_word' id='word_1_391' title='bbox 3522 1443 3850 1514; x_wconf 73' lang='grc' dir='ltr'>δεδομένην.</span> 
     </span>
    </p>
   </div>
   <div class='ocr_carea' id='block_1_58' title="bbox 2264 1535 3852 1612">
    <p class='ocr_par' dir='ltr' id='par_1_58' title="bbox 2264 1535 3852 1612">
     <span class='ocr_line' id='line_1_58' title="bbox 2264 1535 3852 1612; baseline -0.003 -19"><span class='ocrx_word' id='word_1_392' title='bbox 2264 1539 2589 1612; x_wconf 84' lang='grc' dir='ltr'>Νομοθετῶν</span> <span class='ocrx_word' id='word_1_393' title='bbox 2653 1539 2763 1611; x_wconf 83' lang='grc' dir='ltr'>γὰρ</span> <span class='ocrx_word' id='word_1_394' title='bbox 2804 1542 2832 1593; x_wconf 87' lang='grc' dir='ltr'>ὁ</span> <span class='ocrx_word' id='word_1_395' title='bbox 2882 1539 3032 1602; x_wconf 81' lang='grc' dir='ltr'>Θεὸς,</span> <span class='ocrx_word' id='word_1_396' title='bbox 3075 1537 3240 1608; x_wconf 83' lang='grc' dir='ltr'>ἄλλην</span> <span class='ocrx_word' id='word_1_397' title='bbox 3287 1537 3384 1608; x_wconf 85' lang='grc' dir='ltr'><strong>μὲν</strong></span> <span class='ocrx_word' id='word_1_398' title='bbox 3430 1535 3852 1608; x_wconf 73' lang='grc' dir='ltr'>ἁμαρτάνουσιν</span> 
     </span>
    </p>
   </div>
   <div class='ocr_carea' id='block_1_59' title="bbox 2262 1628 3846 1701">
    <p class='ocr_par' dir='ltr' id='par_1_59' title="bbox 2262 1628 3846 1701">
     <span class='ocr_line' id='line_1_59' title="bbox 2262 1628 3846 1701; baseline -0.001 -18"><span class='ocrx_word' id='word_1_399' title='bbox 2262 1631 2380 1684; x_wconf 76' lang='grc' dir='ltr'>ὁδὸν</span> <span class='ocrx_word' id='word_1_400' title='bbox 2407 1631 2692 1693; x_wconf 89' lang='grc' dir='ltr'>δείκνυσιν,</span> <span class='ocrx_word' id='word_1_401' title='bbox 2726 1631 2916 1701; x_wconf 80' lang='grc' dir='ltr'>ἑτέραν</span> <span class='ocrx_word' id='word_1_402' title='bbox 2931 1629 2985 1682; x_wconf 83' lang='grc' dir='ltr'><strong>δὲ</strong></span> <span class='ocrx_word' id='word_1_403' title='bbox 3011 1632 3124 1694; x_wconf 87' lang='grc' dir='ltr'>τοῖς</span> <span class='ocrx_word' id='word_1_404' title='bbox 3151 1629 3562 1700; x_wconf 74' lang='grc' dir='ltr'>ἐπιστρέφουσιν</span> <span class='ocrx_word' id='word_1_405' title='bbox 3579 1628 3638 1693; x_wconf 73' lang='grc' dir='ltr'>ἐξ</span> <span class='ocrx_word' id='word_1_406' title='bbox 3659 1629 3846 1701; x_wconf 78' lang='grc' dir='ltr'>ἁμαρ-</span> 
     </span>
    </p>
   </div>
   <div class='ocr_carea' id='block_1_60' title="bbox 2263 1721 3849 1793">
    <p class='ocr_par' dir='ltr' id='par_1_60' title="bbox 2263 1721 3849 1793">
     <span class='ocr_line' id='line_1_60' title="bbox 2263 1721 3849 1793; baseline -0.003 -17"><span class='ocrx_word' id='word_1_407' title='bbox 2263 1724 2405 1788; x_wconf 86' lang='grc' dir='ltr'>τίας,</span> <span class='ocrx_word' id='word_1_408' title='bbox 2459 1723 2551 1776; x_wconf 75' lang='grc' dir='ltr'><strong>καὶ</strong></span> <span class='ocrx_word' id='word_1_409' title='bbox 2605 1723 2769 1793; x_wconf 81' lang='grc' dir='ltr'>ἄλλην</span> <span class='ocrx_word' id='word_1_410' title='bbox 2801 1722 2960 1775; x_wconf 80' lang='grc' dir='ltr'>πάλιν</span> <span class='ocrx_word' id='word_1_411' title='bbox 2992 1725 3104 1785; x_wconf 86' lang='grc' dir='ltr'>τοῖς</span> <span class='ocrx_word' id='word_1_412' title='bbox 3133 1723 3191 1775; x_wconf 85' lang='grc' dir='ltr'>ὲν</span> <span class='ocrx_word' id='word_1_413' title='bbox 3237 1723 3403 1793; x_wconf 86' lang='grc' dir='ltr'>ἁρετῇ</span> <span class='ocrx_word' id='word_1_414' title='bbox 3441 1721 3849 1792; x_wconf 79' lang='grc' dir='ltr'>προκόπτουσι,</span> 
     </span>
    </p>
   </div>
   <div class='ocr_carea' id='block_1_61' title="bbox 2196 1799 3827 1886">
    <p class='ocr_par' dir='ltr' id='par_1_61' title="bbox 2196 1799 3827 1886">
     <span class='ocr_line' id='line_1_61' title="bbox 2196 1799 3827 1886; baseline -0.001 -18"><span class='ocrx_word' id='word_1_415' title='bbox 2196 1799 2238 1858; x_wconf 73' lang='grc' dir='ltr'><strong>Β</strong></span> <span class='ocrx_word' id='word_1_416' title='bbox 2267 1816 2359 1868; x_wconf 75' lang='grc' dir='ltr'><strong>καὶ</strong></span> <span class='ocrx_word' id='word_1_417' title='bbox 2403 1815 2595 1886; x_wconf 75' lang='grc' dir='ltr'>ἑτέραν</span> <span class='ocrx_word' id='word_1_418' title='bbox 2633 1819 2744 1878; x_wconf 88' lang='grc' dir='ltr'>τοῖς</span> <span class='ocrx_word' id='word_1_419' title='bbox 2799 1814 3167 1886; x_wconf 85' lang='grc' dir='ltr'>τελειοτέροις.</span> <span class='ocrx_word' id='word_1_420' title='bbox 3199 1814 3290 1865; x_wconf 86' lang='grc' dir='ltr'><strong>Διὸ</strong></span> <span class='ocrx_word' id='word_1_421' title='bbox 3319 1816 3431 1876; x_wconf 89' lang='grc' dir='ltr'>τοῖς</span> <span class='ocrx_word' id='word_1_422' title='bbox 3461 1813 3557 1883; x_wconf 85' lang='grc' dir='ltr'><strong>μὲν</strong></span> <span class='ocrx_word' id='word_1_423' title='bbox 3589 1814 3827 1884; x_wconf 78' lang='grc' dir='ltr'>ἁμαρτά</span> 
     </span>
    </p>
   </div>
   <div class='ocr_carea' id='block_1_62' title="bbox 2264 1904 3848 1976">
    <p class='ocr_par' dir='ltr' id='par_1_62' title="bbox 2264 1904 3848 1976">
     <span class='ocr_line' id='line_1_62' title="bbox 2264 1904 3848 1976; baseline -0.004 -16"><span class='ocrx_word' id='word_1_424' title='bbox 2264 1925 2444 1960; x_wconf 87' lang='grc' dir='ltr'>νουσιν</span> <span class='ocrx_word' id='word_1_425' title='bbox 2470 1907 2844 1961; x_wconf 78' lang='grc' dir='ltr'>ὑποδείκνυσιν</span> <span class='ocrx_word' id='word_1_426' title='bbox 2866 1906 2982 1959; x_wconf 85' lang='grc' dir='ltr'>ὁδόν</span> <span class='ocrx_word' id='word_1_427' title='bbox 3006 1924 3018 1936; x_wconf 74' lang='grc' dir='ltr'><strong>ο</strong></span> <span class='ocrx_word' id='word_1_428' title='bbox 3049 1905 3172 1969; x_wconf 75' lang='grc' dir='ltr'>τοὺς</span> <span class='ocrx_word' id='word_1_429' title='bbox 3203 1905 3258 1958; x_wconf 83' lang='grc' dir='ltr'>δὲ</span> <span class='ocrx_word' id='word_1_430' title='bbox 3285 1907 3476 1976; x_wconf 82' lang='grc' dir='ltr'>πραεῖς</span> <span class='ocrx_word' id='word_1_431' title='bbox 3495 1904 3764 1973; x_wconf 72' lang='grc' dir='ltr'>ὁδηγήσει</span> <span class='ocrx_word' id='word_1_432' title='bbox 3794 1907 3848 1956; x_wconf 81' lang='grc' dir='ltr'>ἐν</span> 
     </span>
    </p>
   </div>
   <div class='ocr_carea' id='block_1_63' title="bbox 2264 1994 3847 2074">
    <p class='ocr_par' dir='ltr' id='par_1_63' title="bbox 2264 1994 3847 2074">
     <span class='ocr_line' id='line_1_63' title="bbox 2264 1994 3847 2074; baseline -0.006 -19"><span class='ocrx_word' id='word_1_433' title='bbox 2264 2002 2439 2074; x_wconf 86' lang='grc' dir='ltr'>κρίσει</span> <span class='ocrx_word' id='word_1_434' title='bbox 2484 2001 2838 2071; x_wconf 79' lang='grc' dir='ltr'>κεκριμένως,</span> <span class='ocrx_word' id='word_1_435' title='bbox 2884 1998 2978 2052; x_wconf 71' lang='grc' dir='ltr'><strong>καὶ</strong></span> <span class='ocrx_word' id='word_1_436' title='bbox 3029 1997 3204 2050; x_wconf 80' lang='grc' dir='ltr'>αὐτῶν</span> <span class='ocrx_word' id='word_1_437' title='bbox 3237 1997 3488 2067; x_wconf 85' lang='grc' dir='ltr'>πρόνοιαν</span> <span class='ocrx_word' id='word_1_438' title='bbox 3515 1994 3847 2064; x_wconf 70' lang='grc' dir='ltr'>ποιούμενος</span> 
     </span>
    </p>
   </div>
   <div class='ocr_carea' id='block_1_64' title="bbox 2265 2086 3842 2164">
    <p class='ocr_par' dir='ltr' id='par_1_64' title="bbox 2265 2086 3842 2164">
     <span class='ocr_line' id='line_1_64' title="bbox 2265 2086 3842 2164; baseline -0.006 -17"><span class='ocrx_word' id='word_1_439' title='bbox 2265 2094 2339 2158; x_wconf 84' lang='grc' dir='ltr'>ὡς</span> <span class='ocrx_word' id='word_1_440' title='bbox 2371 2093 2683 2164; x_wconf 82' lang='grc' dir='ltr'>βελτιόνων·</span> <span class='ocrx_word' id='word_1_441' title='bbox 2752 2091 2831 2144; x_wconf 83' lang='grc' dir='ltr'><strong>διὸ</strong></span> <span class='ocrx_word' id='word_1_442' title='bbox 2885 2091 2976 2143; x_wconf 75' lang='grc' dir='ltr'>καὶ</span> <span class='ocrx_word' id='word_1_443' title='bbox 3032 2089 3390 2161; x_wconf 88' lang='grc' dir='ltr'>μακαρισμῶν</span> <span class='ocrx_word' id='word_1_444' title='bbox 3431 2087 3629 2150; x_wconf 77' lang='grc' dir='ltr'>αὑτοὺς</span> <span class='ocrx_word' id='word_1_445' title='bbox 3672 2086 3842 2152; x_wconf 78' lang='grc' dir='ltr'>ἀξιοῖ,</span> 
     </span>
    </p>
   </div>
   <div class='ocr_carea' id='block_1_65' title="bbox 2265 2181 3844 2253">
    <p class='ocr_par' dir='ltr' id='par_1_65' title="bbox 2265 2181 3844 2253">
     <span class='ocr_line' id='line_1_65' title="bbox 2265 2181 3844 2253; baseline -0.007 -12"><span class='ocrx_word' id='word_1_446' title='bbox 2265 2187 2504 2251; x_wconf 78' lang='grc' dir='ltr'>κατὰτὸ,</span> <span class='ocrx_word' id='word_1_447' title='bbox 2542 2185 2826 2253; x_wconf 81' lang='grc' dir='ltr'>Μακάριοι</span> <span class='ocrx_word' id='word_1_448' title='bbox 2875 2186 2930 2237; x_wconf 85' lang='grc' dir='ltr'>οἱ</span> <span class='ocrx_word' id='word_1_449' title='bbox 2967 2182 3190 2251; x_wconf 75' lang='grc' dir='ltr'>πραεῖς,</span> <span class='ocrx_word' id='word_1_450' title='bbox 3226 2181 3313 2235; x_wconf 85' lang='grc' dir='ltr'><strong>ὅτι</strong></span> <span class='ocrx_word' id='word_1_451' title='bbox 3349 2181 3516 2235; x_wconf 80' lang='grc' dir='ltr'>αὐτοὶ</span> <span class='ocrx_word' id='word_1_452' title='bbox 3545 2183 3844 2247; x_wconf 70' lang='grc' dir='ltr'>κληρονο-</span> 
     </span>
    </p>
   </div>
   <div class='ocr_carea' id='block_1_66' title="bbox 2259 2271 3844 2349">
    <p class='ocr_par' dir='ltr' id='par_1_66' title="bbox 2259 2271 3844 2349">
     <span class='ocr_line' id='line_1_66' title="bbox 2259 2271 3844 2349; baseline -0.006 -16"><span class='ocrx_word' id='word_1_453' title='bbox 2259 2279 2530 2349; x_wconf 80' lang='grc' dir='ltr'>μήσουσι</span> <span class='ocrx_word' id='word_1_454' title='bbox 2575 2278 2690 2347; x_wconf 80' lang='grc' dir='ltr'><strong>τὴν</strong></span> <span class='ocrx_word' id='word_1_455' title='bbox 2735 2277 2868 2347; x_wconf 76' lang='grc' dir='ltr'>γῆν.</span> <span class='ocrx_word' id='word_1_456' title='bbox 2905 2275 3138 2339; x_wconf 84' lang='grc' dir='ltr'>Τούτους</span> <span class='ocrx_word' id='word_1_457' title='bbox 3177 2275 3233 2328; x_wconf 81' lang='grc' dir='ltr'>δὲ</span> <span class='ocrx_word' id='word_1_458' title='bbox 3279 2276 3373 2328; x_wconf 80' lang='grc' dir='ltr'>καὶ</span> <span class='ocrx_word' id='word_1_459' title='bbox 3401 2274 3640 2327; x_wconf 84' lang='grc' dir='ltr'>διδάσκει</span> <span class='ocrx_word' id='word_1_460' title='bbox 3681 2271 3844 2334; x_wconf 77' lang='grc' dir='ltr'>ὀδοὺς</span> 
     </span>
    </p>
   </div>
   <div class='ocr_carea' id='block_1_67' title="bbox 2266 2363 3840 2433">
    <p class='ocr_par' dir='ltr' id='par_1_67' title="bbox 2266 2363 3840 2433">
     <span class='ocr_line' id='line_1_67' title="bbox 2266 2363 3840 2433; baseline -0.008 -8"><span class='ocrx_word' id='word_1_461' title='bbox 2266 2371 2450 2425; x_wconf 81' lang='grc' dir='ltr'>αὑτοῦ.</span> <span class='ocrx_word' id='word_1_462' title='bbox 2499 2369 2644 2424; x_wconf 69' lang='grc' dir='ltr'>Ἀντὶ</span> <span class='ocrx_word' id='word_1_463' title='bbox 2688 2369 2743 2423; x_wconf 82' lang='grc' dir='ltr'>δὲ</span> <span class='ocrx_word' id='word_1_464' title='bbox 2787 2367 2900 2433; x_wconf 80' lang='grc' dir='ltr'>τοῦ,</span> <span class='ocrx_word' id='word_1_465' title='bbox 2936 2366 3113 2433; x_wconf 79' lang='grc' dir='ltr'>ὀδοὺς</span> <span class='ocrx_word' id='word_1_466' title='bbox 3145 2366 3350 2428; x_wconf 82' lang='grc' dir='ltr'>αὐτοῦ,</span> <span class='ocrx_word' id='word_1_467' title='bbox 3393 2367 3421 2418; x_wconf 85' lang='grc' dir='ltr'>ὁ</span> <span class='ocrx_word' id='word_1_468' title='bbox 3466 2363 3698 2425; x_wconf 81' lang='grc' dir='ltr'>Ἀκύλας</span> <span class='ocrx_word' id='word_1_469' title='bbox 3743 2365 3840 2414; x_wconf 73' lang='grc' dir='ltr'><strong>καὶ</strong></span> 
     </span>
    </p>
   </div>
   <div class='ocr_carea' id='block_1_68' title="bbox 2265 2456 3839 2534">
    <p class='ocr_par' dir='ltr' id='par_1_68' title="bbox 2265 2456 3839 2534">
     <span class='ocr_line' id='line_1_68' title="bbox 2265 2456 3839 2534; baseline -0.006 -18"><span class='ocrx_word' id='word_1_470' title='bbox 2265 2466 2292 2516; x_wconf 91' lang='grc' dir='ltr'>ὁ</span> <span class='ocrx_word' id='word_1_471' title='bbox 2319 2463 2631 2534; x_wconf 80' lang='grc' dir='ltr'>Σύμμαχος,</span> <span class='ocrx_word' id='word_1_472' title='bbox 2661 2459 3051 2523; x_wconf 72' lang='grc' dir='ltr'>όδόνέαυτοῦ,</span> <span class='ocrx_word' id='word_1_473' title='bbox 3074 2460 3291 2530; x_wconf 77' lang='grc' dir='ltr'>ἔφησεν.</span> <span class='ocrx_word' id='word_1_474' title='bbox 3315 2457 3527 2526; x_wconf 75' lang='grc' dir='ltr'>Ταύτην</span> <span class='ocrx_word' id='word_1_475' title='bbox 3544 2456 3653 2526; x_wconf 79' lang='grc' dir='ltr'>γὰρ</span> <span class='ocrx_word' id='word_1_476' title='bbox 3671 2456 3839 2517; x_wconf 76' lang='grc' dir='ltr'>αὑτὸς</span> 
     </span>
    </p>
   </div>
   <div class='ocr_carea' id='block_1_69' title="bbox 2264 2546 3840 2626">
    <p class='ocr_par' dir='ltr' id='par_1_69' title="bbox 2264 2546 3840 2626">
     <span class='ocr_line' id='line_1_69' title="bbox 2264 2546 3840 2626; baseline -0.006 -17"><span class='ocrx_word' id='word_1_477' title='bbox 2264 2558 2292 2609; x_wconf 87' lang='grc' dir='ltr'>ὁ</span> <span class='ocrx_word' id='word_1_478' title='bbox 2320 2556 2511 2626; x_wconf 80' lang='grc' dir='ltr'>Σωτὴρ</span> <span class='ocrx_word' id='word_1_479' title='bbox 2557 2554 2759 2608; x_wconf 80' lang='grc' dir='ltr'>ὥδευσε</span> <span class='ocrx_word' id='word_1_480' title='bbox 2792 2553 2888 2624; x_wconf 82' lang='grc' dir='ltr'><strong>τὴν</strong></span> <span class='ocrx_word' id='word_1_481' title='bbox 2929 2552 3045 2606; x_wconf 80' lang='grc' dir='ltr'>ὁδὸν</span> <span class='ocrx_word' id='word_1_482' title='bbox 3077 2551 3217 2605; x_wconf 86' lang='grc' dir='ltr'>κατὰ</span> <span class='ocrx_word' id='word_1_483' title='bbox 3244 2551 3303 2604; x_wconf 77' lang='grc' dir='ltr'><strong>τὸ</strong></span> <span class='ocrx_word' id='word_1_484' title='bbox 3337 2548 3655 2619; x_wconf 82' lang='grc' dir='ltr'>λελεγμένον</span> <span class='ocrx_word' id='word_1_485' title='bbox 3683 2563 3696 2578; x_wconf 73' lang='grc'><strong><em>⁵</em></strong></span> <span class='ocrx_word' id='word_1_486' title='bbox 3719 2546 3840 2600; x_wconf 74' lang='grc' dir='ltr'><strong>Μά-</strong></span> 
     </span>
    </p>
   </div>
   <div class='ocr_carea' id='block_1_70' title="bbox 2265 2639 3837 2715">
    <p class='ocr_par' dir='ltr' id='par_1_70' title="bbox 2265 2639 3837 2715">
     <span class='ocr_line' id='line_1_70' title="bbox 2265 2639 3837 2715; baseline -0.005 -16"><span class='ocrx_word' id='word_1_487' title='bbox 2265 2649 2394 2700; x_wconf 84' lang='grc' dir='ltr'>θετε</span> <span class='ocrx_word' id='word_1_488' title='bbox 2421 2646 2522 2699; x_wconf 82' lang='grc' dir='ltr'><strong>ἀπ’</strong></span> <span class='ocrx_word' id='word_1_489' title='bbox 2545 2645 2689 2715; x_wconf 84' lang='grc' dir='ltr'>ἐμοῦ</span> <span class='ocrx_word' id='word_1_490' title='bbox 2724 2643 2811 2697; x_wconf 82' lang='grc' dir='ltr'>ὅτι</span> <span class='ocrx_word' id='word_1_491' title='bbox 2833 2643 3020 2713; x_wconf 80' lang='grc' dir='ltr'>πρᾶός</span> <span class='ocrx_word' id='word_1_492' title='bbox 3044 2648 3159 2714; x_wconf 79' lang='grc' dir='ltr'>ειμι</span> <span class='ocrx_word' id='word_1_493' title='bbox 3181 2644 3277 2696; x_wconf 80' lang='grc' dir='ltr'>καὶ</span> <span class='ocrx_word' id='word_1_494' title='bbox 3294 2641 3569 2707; x_wconf 79' lang='grc' dir='ltr'>ταπεινὸς</span> <span class='ocrx_word' id='word_1_495' title='bbox 3592 2639 3670 2708; x_wconf 78' lang='grc' dir='ltr'>τῇ</span> <span class='ocrx_word' id='word_1_496' title='bbox 3689 2657 3837 2706; x_wconf 82' lang='grc' dir='ltr'>καρ-</span> 
     </span>
    </p>
   </div>
   <div class='ocr_carea' id='block_1_71' title="bbox 2263 2729 3837 2802">
    <p class='ocr_par' dir='ltr' id='par_1_71' title="bbox 2263 2729 3837 2802">
     <span class='ocr_line' id='line_1_71' title="bbox 2263 2729 3837 2802; baseline -0.002 -18"><span class='ocrx_word' id='word_1_497' title='bbox 2263 2732 2383 2801; x_wconf 81' lang='grc' dir='ltr'>δίᾳ.</span> <span class='ocrx_word' id='word_1_498' title='bbox 2410 2733 2567 2786; x_wconf 82' lang='grc' dir='ltr'>Κατὰ</span> <span class='ocrx_word' id='word_1_499' title='bbox 2597 2731 2804 2802; x_wconf 84' lang='grc' dir='ltr'>ταύτην</span> <span class='ocrx_word' id='word_1_500' title='bbox 2827 2729 2918 2786; x_wconf 80' lang='grc' dir='ltr'><strong>οὖν</strong></span> <span class='ocrx_word' id='word_1_501' title='bbox 2968 2733 3112 2802; x_wconf 80' lang='grc' dir='ltr'>ἄγων</span> <span class='ocrx_word' id='word_1_502' title='bbox 3155 2735 3368 2797; x_wconf 81' lang='grc' dir='ltr'>αὐτοὺς,</span> <span class='ocrx_word' id='word_1_503' title='bbox 3420 2730 3608 2802; x_wconf 82' lang='grc' dir='ltr'>ὁδηγδς</span> <span class='ocrx_word' id='word_1_504' title='bbox 3651 2729 3837 2784; x_wconf 74' lang='grc' dir='ltr'>αὐτῶν</span> 
     </span>
    </p>
   </div>
   <div class='ocr_carea' id='block_1_72' title="bbox 2266 2821 3831 2896">
    <p class='ocr_par' dir='ltr' id='par_1_72' title="bbox 2266 2821 3831 2896">
     <span class='ocr_line' id='line_1_72' title="bbox 2266 2821 3831 2896; baseline -0.001 -20"><span class='ocrx_word' id='word_1_505' title='bbox 2266 2824 2358 2878; x_wconf 55' lang='grc' dir='ltr'><strong>καὶ¹</strong></span> <span class='ocrx_word' id='word_1_506' title='bbox 2382 2825 2719 2895; x_wconf 83' lang='grc' dir='ltr'>χειραγωγὺς</span> <span class='ocrx_word' id='word_1_507' title='bbox 2743 2825 2947 2894; x_wconf 89' lang='grc' dir='ltr'>γίνεται</span> <span class='ocrx_word' id='word_1_508' title='bbox 2967 2841 2979 2855; x_wconf 73' lang='grc'><strong><em>⁸</em></strong></span> <span class='ocrx_word' id='word_1_509' title='bbox 3018 2825 3203 2896; x_wconf 84' lang='grc' dir='ltr'>διόπερ</span> <span class='ocrx_word' id='word_1_510' title='bbox 3229 2825 3304 2888; x_wconf 83' lang='grc' dir='ltr'>ὼς</span> <span class='ocrx_word' id='word_1_511' title='bbox 3330 2823 3489 2894; x_wconf 76' lang='grc' dir='ltr'>σοφὸς</span> <span class='ocrx_word' id='word_1_512' title='bbox 3514 2821 3831 2895; x_wconf 77' lang='grc' dir='ltr'>νομοθέτης,</span> 
     </span>
    </p>
   </div>
   <div class='ocr_carea' id='block_1_73' title="bbox 2265 2913 3831 2989">
    <p class='ocr_par' dir='ltr' id='par_1_73' title="bbox 2265 2913 3831 2989">
     <span class='ocr_line' id='line_1_73' title="bbox 2265 2913 3831 2989; baseline -0.004 -17"><span class='ocrx_word' id='word_1_513' title='bbox 2265 2917 2430 2988; x_wconf 81' lang='grc' dir='ltr'>ἄλλην</span> <span class='ocrx_word' id='word_1_514' title='bbox 2461 2919 2560 2989; x_wconf 82' lang='grc' dir='ltr'>μὲν</span> <span class='ocrx_word' id='word_1_515' title='bbox 2604 2919 2720 2972; x_wconf 79' lang='grc' dir='ltr'>ὁδὸν</span> <span class='ocrx_word' id='word_1_516' title='bbox 2773 2918 3102 2972; x_wconf 78' lang='grc' dir='ltr'>ἐπιδείκνυσι</span> <span class='ocrx_word' id='word_1_517' title='bbox 3129 2920 3238 2981; x_wconf 87' lang='grc' dir='ltr'>τοῖς</span> <span class='ocrx_word' id='word_1_518' title='bbox 3257 2917 3676 2988; x_wconf 85' lang='grc' dir='ltr'>ἁμαρτάνουσιν,</span> <span class='ocrx_word' id='word_1_519' title='bbox 3707 2913 3831 2967; x_wconf 79' lang='grc' dir='ltr'>ἑτέ-</span> 
     </span>
    </p>
   </div>
   <div class='ocr_carea' id='block_1_74' title="bbox 2269 3009 2813 3080">
    <p class='ocr_par' dir='ltr' id='par_1_74' title="bbox 2269 3009 2813 3080">
     <span class='ocr_line' id='line_1_74' title="bbox 2269 3009 2813 3080; baseline -0.002 -18"><span class='ocrx_word' id='word_1_520' title='bbox 2269 3025 2367 3079; x_wconf 86' lang='grc' dir='ltr'><strong>ραν</strong></span> <span class='ocrx_word' id='word_1_521' title='bbox 2390 3009 2446 3062; x_wconf 85' lang='grc' dir='ltr'>δὲ</span> <span class='ocrx_word' id='word_1_522' title='bbox 2471 3012 2582 3073; x_wconf 88' lang='grc' dir='ltr'>τοῖς</span> <span class='ocrx_word' id='word_1_523' title='bbox 2601 3010 2813 3080; x_wconf 80' lang='grc' dir='ltr'>πράσις.</span> 
     </span>
    </p>
   </div>
   <div class='ocr_carea' id='block_1_75' title="bbox 2335 3096 3830 3168">
    <p class='ocr_par' dir='ltr' id='par_1_75' title="bbox 2335 3096 3830 3168">
     <span class='ocr_line' id='line_1_75' title="bbox 2335 3096 3830 3168; baseline -0.005 -15"><span class='ocrx_word' id='word_1_524' title='bbox 2335 3099 2532 3154; x_wconf 79' lang='grc' dir='ltr'>Πᾶσαι</span> <span class='ocrx_word' id='word_1_525' title='bbox 2578 3103 2637 3155; x_wconf 85' lang='lat' dir='ltr'><strong>al</strong></span> <span class='ocrx_word' id='word_1_526' title='bbox 2680 3101 2806 3154; x_wconf 78' lang='grc' dir='ltr'>ὁδοὶ</span> <span class='ocrx_word' id='word_1_527' title='bbox 2839 3101 3057 3168; x_wconf 76' lang='lat' dir='ltr'><strong>Kvplov</strong></span> <span class='ocrx_word' id='word_1_528' title='bbox 3093 3100 3266 3166; x_wconf 74' lang='grc' dir='ltr'>ἕλεος</span> <span class='ocrx_word' id='word_1_529' title='bbox 3296 3098 3392 3153; x_wconf 82' lang='grc' dir='ltr'><strong>καί</strong></span> <span class='ocrx_word' id='word_1_530' title='bbox 3433 3096 3679 3164; x_wconf 69' lang='grc' dir='ltr'>ἀλήθεια</span> <span class='ocrx_word' id='word_1_531' title='bbox 3704 3096 3830 3162; x_wconf 82' lang='grc' dir='ltr'>τοῖς</span> 
     </span>
    </p>
   </div>
   <div class='ocr_carea' id='block_1_76' title="bbox 2260 3188 3830 3260">
    <p class='ocr_par' dir='ltr' id='par_1_76' title="bbox 2260 3188 3830 3260">
     <span class='ocr_line' id='line_1_76' title="bbox 2260 3188 3830 3260; baseline -0.003 -17"><span class='ocrx_word' id='word_1_532' title='bbox 2260 3188 2571 3258; x_wconf 82' lang='grc' dir='ltr'>ἐκζητοῦσι</span> <span class='ocrx_word' id='word_1_533' title='bbox 2620 3190 2735 3259; x_wconf 76' lang='grc' dir='ltr'>τὴν</span> <span class='ocrx_word' id='word_1_534' title='bbox 2769 3191 3061 3260; x_wconf 79' lang='grc' dir='ltr'>Διαθήκην</span> <span class='ocrx_word' id='word_1_535' title='bbox 3105 3191 3288 3244; x_wconf 80' lang='grc' dir='ltr'>αὑτοῦ</span> <span class='ocrx_word' id='word_1_536' title='bbox 3319 3190 3415 3244; x_wconf 74' lang='grc' dir='ltr'>καὶ</span> <span class='ocrx_word' id='word_1_537' title='bbox 3451 3190 3522 3243; x_wconf 83' lang='grc' dir='ltr'>τὰ</span> <span class='ocrx_word' id='word_1_538' title='bbox 3538 3189 3830 3258; x_wconf 80' lang='grc' dir='ltr'>μαρτύρια</span> 
     </span>
    </p>
   </div>
   <div class='ocr_carea' id='block_1_77' title="bbox 2262 3280 3829 3354">
    <p class='ocr_par' dir='ltr' id='par_1_77' title="bbox 2262 3280 3829 3354">
     <span class='ocr_line' id='line_1_77' title="bbox 2262 3280 3829 3354; baseline -0.003 -20"><span class='ocrx_word' id='word_1_539' title='bbox 2262 3281 2464 3334; x_wconf 83' lang='grc' dir='ltr'>αὑτοῦ.</span> <span class='ocrx_word' id='word_1_540' title='bbox 2493 3281 2691 3335; x_wconf 75' lang='grc' dir='ltr'>Πολλαὶ</span> <span class='ocrx_word' id='word_1_541' title='bbox 2722 3282 2839 3354; x_wconf 82' lang='grc' dir='ltr'>μὲν,</span> <span class='ocrx_word' id='word_1_542' title='bbox 2876 3282 3058 3353; x_wconf 75' lang='grc' dir='ltr'>φησὶν,</span> <span class='ocrx_word' id='word_1_543' title='bbox 3090 3285 3140 3337; x_wconf 77' lang='grc' dir='ltr'>αἱ</span> <span class='ocrx_word' id='word_1_544' title='bbox 3174 3283 3280 3336; x_wconf 77' lang='grc' dir='ltr'>ὁδοὶ</span> <span class='ocrx_word' id='word_1_545' title='bbox 3305 3282 3398 3336; x_wconf 78' lang='grc' dir='ltr'>τοῦ</span> <span class='ocrx_word' id='word_1_546' title='bbox 3428 3281 3648 3353; x_wconf 84' lang='grc' dir='ltr'>Κυρίου,</span> <span class='ocrx_word' id='word_1_547' title='bbox 3690 3280 3829 3350; x_wconf 73' lang='grc' dir='ltr'>πλὴν</span> 
     </span>
    </p>
   </div>
   <div class='ocr_carea' id='block_1_78' title="bbox 2262 3371 3828 3446">
    <p class='ocr_par' dir='ltr' id='par_1_78' title="bbox 2262 3371 3828 3446">
     <span class='ocr_line' id='line_1_78' title="bbox 2262 3371 3828 3446; baseline -0.001 -22"><span class='ocrx_word' id='word_1_548' title='bbox 2262 3371 2375 3424; x_wconf 85' lang='grc' dir='ltr'>ἀλλ’</span> <span class='ocrx_word' id='word_1_549' title='bbox 2397 3373 2454 3424; x_wconf 84' lang='grc' dir='ltr'>ὲν</span> <span class='ocrx_word' id='word_1_550' title='bbox 2483 3373 2683 3436; x_wconf 81' lang='grc' dir='ltr'>πάσαις</span> <span class='ocrx_word' id='word_1_551' title='bbox 2709 3372 2769 3426; x_wconf 83' lang='grc' dir='ltr'><strong>τὸ</strong></span> <span class='ocrx_word' id='word_1_552' title='bbox 2798 3373 2943 3437; x_wconf 78' lang='grc' dir='ltr'>ἕλεος</span> <span class='ocrx_word' id='word_1_553' title='bbox 2972 3373 3135 3427; x_wconf 81' lang='grc' dir='ltr'>αὑτοῦ</span> <span class='ocrx_word' id='word_1_554' title='bbox 3163 3374 3478 3446; x_wconf 83' lang='grc' dir='ltr'>προτρέχει·</span> <span class='ocrx_word' id='word_1_555' title='bbox 3505 3372 3580 3443; x_wconf 81' lang='grc' dir='ltr'>τῷ</span> <span class='ocrx_word' id='word_1_556' title='bbox 3606 3389 3664 3423; x_wconf 89' lang='grc' dir='ltr'><strong>τε</strong></span> <span class='ocrx_word' id='word_1_557' title='bbox 3688 3371 3828 3424; x_wconf 77' lang='grc' dir='ltr'>ἐλέει</span> 
     </span>
    </p>
   </div>
   <div class='ocr_carea' id='block_1_79' title="bbox 2264 3460 3825 3535">
    <p class='ocr_par' dir='ltr' id='par_1_79' title="bbox 2264 3460 3825 3535">
     <span class='ocr_line' id='line_1_79' title="bbox 2264 3460 3825 3535; baseline 0.001 -26"><span class='ocrx_word' id='word_1_558' title='bbox 2264 3462 2634 3531; x_wconf 81' lang='grc' dir='ltr'>συμπαρορμᾷ</span> <span class='ocrx_word' id='word_1_559' title='bbox 2657 3463 2688 3531; x_wconf 78' lang='grc' dir='ltr'>ἡ</span> <span class='ocrx_word' id='word_1_560' title='bbox 2713 3461 2935 3532; x_wconf 81' lang='grc' dir='ltr'>ἀλήθεια</span> <span class='ocrx_word' id='word_1_561' title='bbox 2959 3479 2972 3493; x_wconf 85' lang='grc'><strong>·</strong></span> <span class='ocrx_word' id='word_1_562' title='bbox 3014 3462 3155 3515; x_wconf 85' lang='grc' dir='ltr'>ὲλεεῖ</span> <span class='ocrx_word' id='word_1_563' title='bbox 3186 3461 3292 3535; x_wconf 82' lang='grc' dir='ltr'>γὰρ</span> <span class='ocrx_word' id='word_1_564' title='bbox 3315 3462 3384 3514; x_wconf 86' lang='grc' dir='ltr'>τὰ</span> <span class='ocrx_word' id='word_1_565' title='bbox 3411 3462 3538 3515; x_wconf 78' lang='grc' dir='ltr'>ὅντα</span> <span class='ocrx_word' id='word_1_566' title='bbox 3559 3461 3652 3514; x_wconf 76' lang='grc' dir='ltr'><strong>καὶ</strong></span> <span class='ocrx_word' id='word_1_567' title='bbox 3673 3460 3825 3513; x_wconf 76' lang='grc' dir='ltr'>οὐδὲν</span> 
     </span>
    </p>
   </div>
   <div class='ocr_carea' id='block_1_80' title="bbox 2263 3546 3825 3624">
    <p class='ocr_par' dir='ltr' id='par_1_80' title="bbox 2263 3546 3825 3624">
     <span class='ocr_line' id='line_1_80' title="bbox 2263 3546 3825 3624; baseline 0.001 -24"><span class='ocrx_word' id='word_1_568' title='bbox 2263 3548 2602 3619; x_wconf 84' lang='grc' dir='ltr'>βδελύσσεται</span> <span class='ocrx_word' id='word_1_569' title='bbox 2662 3546 2735 3605; x_wconf 86' lang='grc' dir='ltr'>ὧν</span> <span class='ocrx_word' id='word_1_570' title='bbox 2770 3552 3048 3622; x_wconf 57' lang='grc' dir='ltr'>ἐποίησεν</span> <span class='ocrx_word' id='word_1_571' title='bbox 3099 3552 3215 3605; x_wconf 79' lang='grc' dir='ltr'>οὑδὲ</span> <span class='ocrx_word' id='word_1_572' title='bbox 3258 3551 3363 3624; x_wconf 80' lang='grc' dir='ltr'>γὰρ</span> <span class='ocrx_word' id='word_1_573' title='bbox 3424 3550 3594 3622; x_wconf 86' lang='grc' dir='ltr'>μισῶν</span> <span class='ocrx_word' id='word_1_574' title='bbox 3615 3567 3665 3602; x_wconf 89' lang='grc' dir='ltr'><strong>τι</strong></span> <span class='ocrx_word' id='word_1_575' title='bbox 3695 3567 3825 3602; x_wconf 79' lang='grc' dir='ltr'>κατ-</span> 
     </span>
    </p>
   </div>
   <div class='ocr_carea' id='block_1_81' title="bbox 2262 3643 3824 3716">
    <p class='ocr_par' dir='ltr' id='par_1_81' title="bbox 2262 3643 3824 3716">
     <span class='ocr_line' id='line_1_81' title="bbox 2262 3643 3824 3716; baseline 0 -20"><span class='ocrx_word' id='word_1_576' title='bbox 2262 3643 2541 3698; x_wconf 87' lang='grc' dir='ltr'>εσκεύασε.</span> <span class='ocrx_word' id='word_1_577' title='bbox 2561 3645 2697 3698; x_wconf 81' lang='grc' dir='ltr'>Καθ’</span> <span class='ocrx_word' id='word_1_578' title='bbox 2721 3647 2954 3716; x_wconf 82' lang='grc' dir='ltr'>ἑκάστην</span> <span class='ocrx_word' id='word_1_579' title='bbox 2969 3647 3144 3700; x_wconf 83' lang='grc' dir='ltr'>τοίνυν</span> <span class='ocrx_word' id='word_1_580' title='bbox 3172 3647 3286 3700; x_wconf 80' lang='grc' dir='ltr'>ὁδὸν</span> <span class='ocrx_word' id='word_1_581' title='bbox 3303 3647 3404 3716; x_wconf 77' lang='grc' dir='ltr'>τῆς</span> <span class='ocrx_word' id='word_1_582' title='bbox 3425 3644 3516 3698; x_wconf 75' lang='grc' dir='ltr'>τοῦ</span> <span class='ocrx_word' id='word_1_583' title='bbox 3538 3643 3668 3698; x_wconf 84' lang='grc' dir='ltr'><strong>Θεοῦ</strong></span> <span class='ocrx_word' id='word_1_584' title='bbox 3696 3645 3824 3697; x_wconf 83' lang='grc' dir='ltr'>διοι-</span> 
     </span>
    </p>
   </div>
   <div class='ocr_carea' id='block_1_82' title="bbox 2262 3739 3822 3812">
    <p class='ocr_par' dir='ltr' id='par_1_82' title="bbox 2262 3739 3822 3812">
     <span class='ocr_line' id='line_1_82' title="bbox 2262 3739 3822 3812; baseline -0.001 -20"><span class='ocrx_word' id='word_1_585' title='bbox 2262 3740 2473 3810; x_wconf 81' lang='grc' dir='ltr'>κήσεὼς</span> <span class='ocrx_word' id='word_1_586' title='bbox 2510 3758 2569 3792; x_wconf 88' lang='grc' dir='ltr'><strong>τε</strong></span> <span class='ocrx_word' id='word_1_587' title='bbox 2610 3741 2702 3794; x_wconf 74' lang='grc' dir='ltr'>καὶ</span> <span class='ocrx_word' id='word_1_588' title='bbox 2749 3742 3001 3812; x_wconf 84' lang='grc' dir='ltr'>προνοίας</span> <span class='ocrx_word' id='word_1_589' title='bbox 3031 3740 3089 3794; x_wconf 86' lang='grc' dir='ltr'>τὺ</span> <span class='ocrx_word' id='word_1_590' title='bbox 3128 3741 3272 3805; x_wconf 81' lang='grc' dir='ltr'>ἕλεος</span> <span class='ocrx_word' id='word_1_591' title='bbox 3315 3740 3479 3794; x_wconf 81' lang='grc' dir='ltr'>αὑτοῦ</span> <span class='ocrx_word' id='word_1_592' title='bbox 3515 3739 3822 3811; x_wconf 82' lang='grc' dir='ltr'>προτρέχει,</span> 
     </span>
    </p>
   </div>
   <div class='ocr_carea' id='block_1_83' title="bbox 2261 3831 3818 3906">
    <p class='ocr_par' dir='ltr' id='par_1_83' title="bbox 2261 3831 3818 3906">
     <span class='ocr_line' id='line_1_83' title="bbox 2261 3831 3818 3906; baseline 0.006 -22"><span class='ocrx_word' id='word_1_593' title='bbox 2261 3831 2450 3886; x_wconf 73' lang='grc' dir='ltr'>ἕπεται</span> <span class='ocrx_word' id='word_1_594' title='bbox 2497 3831 2553 3884; x_wconf 85' lang='grc' dir='ltr'>δὲ</span> <span class='ocrx_word' id='word_1_595' title='bbox 2601 3833 2676 3904; x_wconf 84' lang='grc' dir='ltr'>τῷ</span> <span class='ocrx_word' id='word_1_596' title='bbox 2709 3833 2907 3904; x_wconf 79' lang='grc' dir='ltr'>ὲλέῳὴ</span> <span class='ocrx_word' id='word_1_597' title='bbox 2954 3834 3194 3902; x_wconf 84' lang='grc' dir='ltr'>ἀλήθεια.</span> <span class='ocrx_word' id='word_1_598' title='bbox 3234 3836 3359 3897; x_wconf 87' lang='grc' dir='ltr'>Τοῖς</span> <span class='ocrx_word' id='word_1_599' title='bbox 3406 3833 3450 3886; x_wconf 77' lang='grc' dir='ltr'>δ’</span> <span class='ocrx_word' id='word_1_600' title='bbox 3489 3831 3818 3906; x_wconf 71' lang='grc' dir='ltr'>ἐκζητοῦσιν.</span> 
     </span>
    </p>
   </div>
   <div class='ocr_carea' id='block_1_84' title="bbox 2261 3922 3818 3993">
    <p class='ocr_par' dir='ltr' id='par_1_84' title="bbox 2261 3922 3818 3993">
     <span class='ocr_line' id='line_1_84' title="bbox 2261 3922 3818 3993; baseline -0.001 -18"><span class='ocrx_word' id='word_1_601' title='bbox 2261 3922 2696 3993; x_wconf 81' lang='grc' dir='ltr'>ἀσχολουμένοις,</span> <span class='ocrx_word' id='word_1_602' title='bbox 2743 3925 2771 3976; x_wconf 84' lang='grc' dir='ltr'>ὁ</span> <span class='ocrx_word' id='word_1_603' title='bbox 2811 3923 3009 3977; x_wconf 77' lang='grc' dir='ltr'>εἰπών·</span> <span class='ocrx_word' id='word_1_604' title='bbox 3055 3925 3311 3992; x_wconf 84' lang='grc' dir='ltr'>Ζητεῖτε,</span> <span class='ocrx_word' id='word_1_605' title='bbox 3343 3924 3439 3977; x_wconf 74' lang='grc' dir='ltr'>καὶ</span> <span class='ocrx_word' id='word_1_606' title='bbox 3500 3922 3818 3991; x_wconf 77' lang='grc' dir='ltr'>εὑρήσετε,</span> 
     </span>
    </p>
   </div>
   <div class='ocr_carea' id='block_1_85' title="bbox 2261 4017 3821 4092">
    <p class='ocr_par' dir='ltr' id='par_1_85' title="bbox 2261 4017 3821 4092">
     <span class='ocr_line' id='line_1_85' title="bbox 2261 4017 3821 4092; baseline 0.002 -24"><span class='ocrx_word' id='word_1_607' title='bbox 2261 4017 2520 4083; x_wconf 78' lang='grc' dir='ltr'>κρούετε,</span> <span class='ocrx_word' id='word_1_608' title='bbox 2585 4019 2682 4071; x_wconf 79' lang='grc' dir='ltr'>καὶ</span> <span class='ocrx_word' id='word_1_609' title='bbox 2711 4019 3089 4088; x_wconf 69' lang='grc' dir='ltr'>ἀνοιγήσεται</span> <span class='ocrx_word' id='word_1_610' title='bbox 3109 4019 3268 4090; x_wconf 80' lang='grc' dir='ltr'>ὑμῖν,</span> <span class='ocrx_word' id='word_1_611' title='bbox 3303 4019 3406 4091; x_wconf 77' lang='grc' dir='ltr'><strong>τὴν</strong></span> <span class='ocrx_word' id='word_1_612' title='bbox 3431 4020 3558 4092; x_wconf 77' lang='grc' dir='ltr'>περὶ</span> <span class='ocrx_word' id='word_1_613' title='bbox 3593 4018 3699 4072; x_wconf 87' lang='grc' dir='ltr'><strong>τῶν</strong></span> <span class='ocrx_word' id='word_1_614' title='bbox 3723 4018 3821 4087; x_wconf 77' lang='grc' dir='ltr'><strong>ζη-</strong></span> 
     </span>
    </p>
   </div>
   <div class='ocr_carea' id='block_1_86' title="bbox 2260 4107 3819 4191">
    <p class='ocr_par' dir='ltr' id='par_1_86' title="bbox 2260 4107 3819 4191">
     <span class='ocr_line' id='line_1_86' title="bbox 2260 4107 3819 4191; baseline 0.001 -32"><span class='ocrx_word' id='word_1_615' title='bbox 2260 4107 2536 4178; x_wconf 85' lang='grc' dir='ltr'>τουμένων</span> <span class='ocrx_word' id='word_1_616' title='bbox 2585 4109 2840 4181; x_wconf 78' lang='grc' dir='ltr'>ἀλήθειαν</span> <span class='ocrx_word' id='word_1_617' title='bbox 2898 4113 3276 4191; x_wconf 70' lang='grc' dir='ltr'>παραδίδωσιν.</span> <span class='ocrx_word' id='word_1_618' title='bbox 3305 4111 3545 4182; x_wconf 82' lang='grc' dir='ltr'>Διαθήκη</span> <span class='ocrx_word' id='word_1_619' title='bbox 3574 4110 3629 4164; x_wconf 87' lang='grc' dir='ltr'><strong>δὲ</strong></span> <span class='ocrx_word' id='word_1_620' title='bbox 3656 4110 3819 4162; x_wconf 73' lang='grc' dir='ltr'>αὑτοῦ</span> 
     </span>
    </p>
   </div>
   <div class='ocr_carea' id='block_1_87' title="bbox 2260 4199 3820 4272">
    <p class='ocr_par' dir='ltr' id='par_1_87' title="bbox 2260 4199 3820 4272">
     <span class='ocr_line' id='line_1_87' title="bbox 2260 4199 3820 4272; baseline 0.001 -22"><span class='ocrx_word' id='word_1_621' title='bbox 2260 4199 2488 4265; x_wconf 87' lang='grc' dir='ltr'>γενικῶς</span> <span class='ocrx_word' id='word_1_622' title='bbox 2519 4203 2610 4253; x_wconf 75' lang='grc' dir='ltr'><strong>καὶ</strong></span> <span class='ocrx_word' id='word_1_623' title='bbox 2640 4202 2758 4254; x_wconf 80' lang='grc' dir='ltr'>καθ’</span> <span class='ocrx_word' id='word_1_624' title='bbox 2781 4202 2900 4255; x_wconf 81' lang='grc' dir='ltr'>ὅλου</span> <span class='ocrx_word' id='word_1_625' title='bbox 2937 4202 3245 4272; x_wconf 80' lang='grc' dir='ltr'>ὠνόμασται</span> <span class='ocrx_word' id='word_1_626' title='bbox 3276 4204 3424 4255; x_wconf 82' lang='grc' dir='ltr'>πᾶσα</span> <span class='ocrx_word' id='word_1_627' title='bbox 3457 4204 3489 4272; x_wconf 80' lang='grc' dir='ltr'>ἡ</span> <span class='ocrx_word' id='word_1_628' title='bbox 3520 4199 3820 4271; x_wconf 81' lang='grc' dir='ltr'>ἀνθρώποις</span> 
     </span>
    </p>
   </div>
   <div class='ocr_carea' id='block_1_88' title="bbox 2261 4290 3817 4364">
    <p class='ocr_par' dir='ltr' id='par_1_88' title="bbox 2261 4290 3817 4364">
     <span class='ocr_line' id='line_1_88' title="bbox 2261 4290 3817 4364; baseline 0 -22"><span class='ocrx_word' id='word_1_629' title='bbox 2261 4290 2622 4361; x_wconf 83' lang='grc' dir='ltr'>παραδοθεῖσα</span> <span class='ocrx_word' id='word_1_630' title='bbox 2653 4292 3000 4356; x_wconf 81' lang='grc' dir='ltr'>θεόπνευστος</span> <span class='ocrx_word' id='word_1_631' title='bbox 3021 4293 3230 4364; x_wconf 67' lang='grc' dir='ltr'>Γραφή.</span> <span class='ocrx_word' id='word_1_632' title='bbox 3255 4291 3541 4364; x_wconf 86' lang='grc' dir='ltr'>Μαρτύρια</span> <span class='ocrx_word' id='word_1_633' title='bbox 3569 4291 3624 4343; x_wconf 85' lang='grc' dir='ltr'>δὲ</span> <span class='ocrx_word' id='word_1_634' title='bbox 3659 4290 3817 4343; x_wconf 70' lang='grc' dir='ltr'>αὑτοῦ</span> 
     </span>
    </p>
   </div>
   <div class='ocr_carea' id='block_1_89' title="bbox 2259 4382 3817 4457">
    <p class='ocr_par' dir='ltr' id='par_1_89' title="bbox 2259 4382 3817 4457">
     <span class='ocr_line' id='line_1_89' title="bbox 2259 4382 3817 4457; baseline -0.001 -23"><span class='ocrx_word' id='word_1_635' title='bbox 2259 4382 2515 4452; x_wconf 81' lang='grc' dir='ltr'>τυγχάνει</span> <span class='ocrx_word' id='word_1_636' title='bbox 2551 4385 2668 4455; x_wconf 68' lang='grc' dir='ltr'>ἢτοι</span> <span class='ocrx_word' id='word_1_637' title='bbox 2688 4383 2755 4437; x_wconf 86' lang='grc' dir='ltr'>τὰ</span> <span class='ocrx_word' id='word_1_638' title='bbox 2780 4385 3126 4457; x_wconf 77' lang='grc' dir='ltr'>προφητικῶς</span> <span class='ocrx_word' id='word_1_639' title='bbox 3156 4386 3281 4456; x_wconf 74' lang='grc' dir='ltr'>περὶ</span> <span class='ocrx_word' id='word_1_640' title='bbox 3315 4383 3478 4437; x_wconf 80' lang='grc' dir='ltr'>αὑτοῦ</span> <span class='ocrx_word' id='word_1_641' title='bbox 3519 4385 3575 4435; x_wconf 83' lang='grc' dir='ltr'><strong>ἐν</strong></span> <span class='ocrx_word' id='word_1_642' title='bbox 3614 4385 3678 4452; x_wconf 80' lang='grc' dir='ltr'>τῇ</span> <span class='ocrx_word' id='word_1_643' title='bbox 3703 4383 3817 4452; x_wconf 69' lang='grc' dir='ltr'>θεία</span> 
     </span>
    </p>
   </div>
   <div class='ocr_carea' id='block_1_90' title="bbox 601 4471 2160 4548">
    <p class='ocr_par' dir='ltr' id='par_1_90' title="bbox 601 4471 2154 4541">
     <span class='ocr_line' id='line_1_90' title="bbox 601 4471 2154 4541; baseline -0.001 -15"><span class='ocrx_word' id='word_1_644' title='bbox 601 4473 692 4526; x_wconf 88' lang='lat' dir='ltr'><strong>illo</strong></span> <span class='ocrx_word' id='word_1_645' title='bbox 727 4471 1042 4541; x_wconf 88' lang='lat' dir='ltr'><strong>prophetiee</strong></span> <span class='ocrx_word' id='word_1_646' title='bbox 1093 4471 1378 4532; x_wconf 83' lang='lat' dir='ltr'><strong>feruntur,</strong></span> <span class='ocrx_word' id='word_1_647' title='bbox 1431 4479 1524 4525; x_wconf 91' lang='lat' dir='ltr'><strong>aut</strong></span> <span class='ocrx_word' id='word_1_648' title='bbox 1556 4487 1676 4540; x_wconf 72' lang='lat' dir='ltr'><strong>quae</strong></span> <span class='ocrx_word' id='word_1_649' title='bbox 1705 4472 1774 4526; x_wconf 86' lang='lat' dir='ltr'><strong>ab</strong></span> <span class='ocrx_word' id='word_1_650' title='bbox 1821 4471 1937 4539; x_wconf 87' lang='lat' dir='ltr'><strong>ipso</strong></span> <span class='ocrx_word' id='word_1_651' title='bbox 1967 4472 2034 4525; x_wconf 90' lang='lat' dir='ltr'><strong>iis</strong></span> <span class='ocrx_word' id='word_1_652' title='bbox 2063 4472 2154 4541; x_wconf 90' lang='lat' dir='ltr'><strong>qui</strong></span> 
     </span>
    </p>
   </div>
   <div class='ocr_carea' id='block_1_91' title="bbox 2252 4471 3818 4548">
    <p class='ocr_par' dir='ltr' id='par_1_91' title="bbox 2261 4475 3818 4548">
     <span class='ocr_line' id='line_1_91' title="bbox 2261 4475 3818 4548; baseline -0.003 -18"><span class='ocrx_word' id='word_1_653' title='bbox 2261 4478 2447 4548; x_wconf 79' lang='grc' dir='ltr'>Γραφῇ</span> <span class='ocrx_word' id='word_1_654' title='bbox 2506 4476 2990 4548; x_wconf 82' lang='grc' dir='ltr'>μεμαρτυρημένα,</span> <span class='ocrx_word' id='word_1_655' title='bbox 3048 4477 3080 4548; x_wconf 85' lang='grc' dir='ltr'>ἢ</span> <span class='ocrx_word' id='word_1_656' title='bbox 3134 4475 3202 4529; x_wconf 78' lang='grc' dir='ltr'>τὰ</span> <span class='ocrx_word' id='word_1_657' title='bbox 3248 4476 3388 4529; x_wconf 81' lang='grc' dir='ltr'>κατὰ</span> <span class='ocrx_word' id='word_1_658' title='bbox 3432 4475 3818 4546; x_wconf 87' lang='grc' dir='ltr'>διαμαρτυρίαν</span> 
     </span>
    </p>
   </div>
   <div class='ocr_carea' id='block_1_92' title="bbox 599 4561 2153 4627">
    <p class='ocr_par' dir='ltr' id='par_1_92' title="bbox 599 4561 2153 4627">
     <span class='ocr_line' id='line_1_92' title="bbox 599 4561 2153 4627; baseline -0.002 -8"><span class='ocrx_word' id='word_1_659' title='bbox 599 4566 652 4620; x_wconf 92' lang='lat' dir='ltr'><strong>in</strong></span> <span class='ocrx_word' id='word_1_660' title='bbox 672 4565 834 4620; x_wconf 87' lang='lat' dir='ltr'><strong>rebus</strong></span> <span class='ocrx_word' id='word_1_661' title='bbox 851 4561 1054 4619; x_wconf 78' lang='lat' dir='ltr'><strong>divinis&#39;</strong></span> <span class='ocrx_word' id='word_1_662' title='bbox 1081 4563 1460 4627; x_wconf 87' lang='lat' dir='ltr'><strong>instituuntur,</strong></span> <span class='ocrx_word' id='word_1_663' title='bbox 1480 4563 1859 4619; x_wconf 81' lang='lat' dir='ltr'><strong>testiﬁcatione</strong></span> <span class='ocrx_word' id='word_1_664' title='bbox 1889 4561 2153 4627; x_wconf 90' lang='lat' dir='ltr'><strong>adhibita,</strong></span> 
     </span>
    </p>
   </div>
   <div class='ocr_carea' id='block_1_93' title="bbox 594 4665 1039 4731">
    <p class='ocr_par' dir='ltr' id='par_1_93' title="bbox 594 4665 1039 4731">
     <span class='ocr_line' id='line_1_93' title="bbox 594 4665 1039 4731; baseline -0.002 -16"><span class='ocrx_word' id='word_1_665' title='bbox 594 4666 862 4731; x_wconf 64' lang='lat' dir='ltr'><strong>praecepta</strong></span> <span class='ocrx_word' id='word_1_666' title='bbox 892 4665 1039 4714; x_wconf 87' lang='lat' dir='ltr'><strong>sunt.</strong></span> 
     </span>
    </p>
   </div>
   <div class='ocr_carea' id='block_1_94' title="bbox 662 4767 2158 4839">
    <p class='ocr_par' dir='ltr' id='par_1_94' title="bbox 662 4767 2158 4839">
     <span class='ocr_line' id='line_1_94' title="bbox 662 4767 2158 4839; baseline -0.003 -15"><span class='ocrx_word' id='word_1_667' title='bbox 662 4769 828 4825; x_wconf 72' lang='lat' dir='ltr'><strong>Vens.</strong></span> <span class='ocrx_word' id='word_1_668' title='bbox 858 4770 944 4834; x_wconf 71' lang='grc'><strong>12,</strong></span> <span class='ocrx_word' id='word_1_669' title='bbox 980 4771 1065 4826; x_wconf 73' lang='grc'><strong>15.</strong></span> <span class='ocrx_word' id='word_1_670' title='bbox 1111 4769 1242 4836; x_wconf 82' lang='lat' dir='ltr'><strong>Quis</strong></span> <span class='ocrx_word' id='word_1_671' title='bbox 1275 4779 1351 4823; x_wconf 84' lang='lat' dir='ltr'><strong>est</strong></span> <span class='ocrx_word' id='word_1_672' title='bbox 1377 4768 1527 4822; x_wconf 84' lang='lat' dir='ltr'><strong>homo</strong></span> <span class='ocrx_word' id='word_1_673' title='bbox 1552 4769 1640 4839; x_wconf 84' lang='lat' dir='ltr'><strong>qui</strong></span> <span class='ocrx_word' id='word_1_674' title='bbox 1671 4769 1814 4823; x_wconf 86' lang='lat' dir='ltr'><strong>timet</strong></span> <span class='ocrx_word' id='word_1_675' title='bbox 1839 4767 2158 4823; x_wconf 85' lang='lat' dir='ltr'><strong>Dominum?</strong></span> 
     </span>
    </p>
   </div>
   <div class='ocr_carea' id='block_1_95' title="bbox 592 4860 2155 4932">
    <p class='ocr_par' dir='ltr' id='par_1_95' title="bbox 592 4860 2155 4932">
     <span class='ocr_line' id='line_1_95' title="bbox 592 4860 2155 4932; baseline -0.003 -16"><span class='ocrx_word' id='word_1_676' title='bbox 592 4864 753 4932; x_wconf 84' lang='lat' dir='ltr'><strong>legem</strong></span> <span class='ocrx_word' id='word_1_677' title='bbox 783 4870 976 4915; x_wconf 84' lang='lat' dir='ltr'><strong>statuet</strong></span> <span class='ocrx_word' id='word_1_678' title='bbox 1005 4861 1052 4914; x_wconf 91' lang='lat' dir='ltr'><strong>ei</strong></span> <span class='ocrx_word' id='word_1_679' title='bbox 1075 4861 1128 4913; x_wconf 89' lang='lat' dir='ltr'><strong>in</strong></span> <span class='ocrx_word' id='word_1_680' title='bbox 1160 4862 1271 4920; x_wconf 78' lang='lat' dir='ltr'><strong>via,</strong></span> <span class='ocrx_word' id='word_1_681' title='bbox 1299 4877 1456 4931; x_wconf 87' lang='lat' dir='ltr'><strong>quam</strong></span> <span class='ocrx_word' id='word_1_682' title='bbox 1492 4861 1662 4931; x_wconf 82' lang='lat' dir='ltr'><strong>elegit.</strong></span> <span class='ocrx_word' id='word_1_683' title='bbox 1714 4861 1907 4914; x_wconf 81' lang='lat' dir='ltr'><strong>Anima</strong></span> <span class='ocrx_word' id='word_1_684' title='bbox 1943 4861 2055 4928; x_wconf 84' lang='lat' dir='ltr'><strong>ejus</strong></span> <span class='ocrx_word' id='word_1_685' title='bbox 2101 4860 2155 4912; x_wconf 88' lang='lat' dir='ltr'><strong>in</strong></span> 
     </span>
    </p>
   </div>
   <div class='ocr_carea' id='block_1_96' title="bbox 591 4952 2154 5021">
    <p class='ocr_par' dir='ltr' id='par_1_96' title="bbox 591 4952 2154 5021">
     <span class='ocr_line' id='line_1_96' title="bbox 591 4952 2154 5021; baseline -0.001 -13"><span class='ocrx_word' id='word_1_686' title='bbox 591 4955 738 5008; x_wconf 76' lang='lat' dir='ltr'><strong>bonis</strong></span> <span class='ocrx_word' id='word_1_687' title='bbox 772 4952 1150 5018; x_wconf 86' lang='lat' dir='ltr'><strong>demorabitur,</strong></span> <span class='ocrx_word' id='word_1_688' title='bbox 1173 4963 1220 5006; x_wconf 88' lang='lat' dir='ltr'><strong>et</strong></span> <span class='ocrx_word' id='word_1_689' title='bbox 1243 4969 1415 5006; x_wconf 80' lang='lat' dir='ltr'><strong>semen</strong></span> <span class='ocrx_word' id='word_1_690' title='bbox 1444 4953 1555 5021; x_wconf 85' lang='lat' dir='ltr'><strong>ejus</strong></span> <span class='ocrx_word' id='word_1_691' title='bbox 1584 4952 1913 5006; x_wconf 83' lang='lat' dir='ltr'><strong>luereditabit</strong></span> <span class='ocrx_word' id='word_1_692' title='bbox 1936 4961 2154 5006; x_wconf 89' lang='lat' dir='ltr'><strong>terram.</strong></span> 
     </span>
    </p>
   </div>
   <div class='ocr_carea' id='block_1_97' title="bbox 592 5044 2155 5115">
    <p class='ocr_par' dir='ltr' id='par_1_97' title="bbox 592 5044 2155 5115">
     <span class='ocr_line' id='line_1_97' title="bbox 592 5044 2155 5115; baseline -0.002 -16"><span class='ocrx_word' id='word_1_693' title='bbox 592 5046 813 5112; x_wconf 88' lang='lat' dir='ltr'><strong>Audiat,</strong></span> <span class='ocrx_word' id='word_1_694' title='bbox 849 5047 1055 5114; x_wconf 89' lang='lat' dir='ltr'><strong>inquit.</strong></span> <span class='ocrx_word' id='word_1_695' title='bbox 1085 5045 1332 5115; x_wconf 89' lang='lat' dir='ltr'><strong>quisquis</strong></span> <span class='ocrx_word' id='word_1_696' title='bbox 1363 5045 1515 5100; x_wconf 87' lang='lat' dir='ltr'><strong>timet</strong></span> <span class='ocrx_word' id='word_1_697' title='bbox 1545 5045 1853 5111; x_wconf 90' lang='lat' dir='ltr'><strong>Dominum,</strong></span> <span class='ocrx_word' id='word_1_698' title='bbox 1887 5056 2048 5115; x_wconf 79' lang='lat' dir='ltr'><strong>atque</strong></span> <span class='ocrx_word' id='word_1_699' title='bbox 2100 5044 2155 5097; x_wconf 91' lang='lat' dir='ltr'><strong>in</strong></span> 
     </span>
    </p>
   </div>
   <div class='ocr_carea' id='block_1_98' title="bbox 593 5134 2158 5205">
    <p class='ocr_par' dir='ltr' id='par_1_98' title="bbox 593 5134 2158 5205">
     <span class='ocr_line' id='line_1_98' title="bbox 593 5134 2158 5205; baseline -0.001 -17"><span class='ocrx_word' id='word_1_700' title='bbox 593 5150 723 5198; x_wconf 89' lang='lat' dir='ltr'><strong>una,</strong></span> <span class='ocrx_word' id='word_1_701' title='bbox 759 5149 922 5205; x_wconf 89' lang='lat' dir='ltr'><strong>quam</strong></span> <span class='ocrx_word' id='word_1_702' title='bbox 950 5134 1129 5205; x_wconf 80' lang='lat' dir='ltr'><strong>elegit,</strong></span> <span class='ocrx_word' id='word_1_703' title='bbox 1166 5135 1253 5188; x_wconf 88' lang='lat' dir='ltr'><strong>via</strong></span> <span class='ocrx_word' id='word_1_704' title='bbox 1294 5135 1518 5198; x_wconf 88' lang='lat' dir='ltr'><strong>incedit,</strong></span> <span class='ocrx_word' id='word_1_705' title='bbox 1561 5134 1820 5205; x_wconf 87' lang='lat' dir='ltr'><strong>quidnam</strong></span> <span class='ocrx_word' id='word_1_706' title='bbox 1855 5135 1958 5203; x_wconf 89' lang='lat' dir='ltr'><strong>ipsi</strong></span> <span class='ocrx_word' id='word_1_707' title='bbox 1994 5149 2158 5188; x_wconf 88' lang='lat' dir='ltr'><strong>even-</strong></span> 
     </span>
    </p>
   </div>
   <div class='ocr_carea' id='block_1_99' title="bbox 593 5223 2157 5296">
    <p class='ocr_par' dir='ltr' id='par_1_99' title="bbox 593 5223 2157 5296">
     <span class='ocr_line' id='line_1_99' title="bbox 593 5223 2157 5296; baseline -0.003 -15"><span class='ocrx_word' id='word_1_708' title='bbox 593 5237 776 5282; x_wconf 91' lang='lat' dir='ltr'><strong>turum</strong></span> <span class='ocrx_word' id='word_1_709' title='bbox 810 5227 901 5280; x_wconf 90' lang='lat' dir='ltr'><strong>sit.</strong></span> <span class='ocrx_word' id='word_1_710' title='bbox 936 5225 1000 5278; x_wconf 85' lang='lat' dir='ltr'><strong>Et</strong></span> <span class='ocrx_word' id='word_1_711' title='bbox 1034 5242 1178 5280; x_wconf 89' lang='lat' dir='ltr'><strong>nunc</strong></span> <span class='ocrx_word' id='word_1_712' title='bbox 1213 5226 1428 5296; x_wconf 89' lang='lat' dir='ltr'><strong>quidem</strong></span> <span class='ocrx_word' id='word_1_713' title='bbox 1459 5227 1550 5280; x_wconf 90' lang='lat' dir='ltr'><strong>ille</strong></span> <span class='ocrx_word' id='word_1_714' title='bbox 1585 5226 1742 5280; x_wconf 88' lang='lat' dir='ltr'><strong>malis</strong></span> <span class='ocrx_word' id='word_1_715' title='bbox 1777 5223 2060 5286; x_wconf 84' lang='lat' dir='ltr'><strong>allicietur,</strong></span> <span class='ocrx_word' id='word_1_716' title='bbox 2097 5231 2157 5276; x_wconf 91' lang='lat' dir='ltr'><strong>ut</strong></span> 
     </span>
    </p>
   </div>
   <div class='ocr_carea' id='block_1_100' title="bbox 584 5313 2156 5390">
    <p class='ocr_par' dir='ltr' id='par_1_100' title="bbox 584 5313 2156 5390">
     <span class='ocr_line' id='line_1_100' title="bbox 584 5313 2156 5390; baseline -0.005 -18"><span class='ocrx_word' id='word_1_717' title='bbox 584 5335 692 5390; x_wconf 87' lang='lat' dir='ltr'><strong>par</strong></span> <span class='ocrx_word' id='word_1_718' title='bbox 719 5327 822 5381; x_wconf 88' lang='lat' dir='ltr'><strong>est,</strong></span> <span class='ocrx_word' id='word_1_719' title='bbox 855 5319 1054 5389; x_wconf 90' lang='lat' dir='ltr'><strong>quippe</strong></span> <span class='ocrx_word' id='word_1_720' title='bbox 1084 5319 1176 5389; x_wconf 90' lang='lat' dir='ltr'><strong>qui</strong></span> <span class='ocrx_word' id='word_1_721' title='bbox 1222 5317 1503 5388; x_wconf 83' lang='lat' dir='ltr'><strong>religionis</strong></span> <span class='ocrx_word' id='word_1_722' title='bbox 1548 5331 1612 5369; x_wconf 92' lang='lat' dir='ltr'><strong>ac</strong></span> <span class='ocrx_word' id='word_1_723' title='bbox 1639 5315 1859 5385; x_wconf 89' lang='lat' dir='ltr'><strong>pictatis</strong></span> <span class='ocrx_word' id='word_1_724' title='bbox 1900 5313 2156 5367; x_wconf 89' lang='lat' dir='ltr'><strong>certami-</strong></span> 
     </span>
    </p>
   </div>
   <div class='ocr_carea' id='block_1_101' title="bbox 593 5405 2154 5478">
    <p class='ocr_par' dir='ltr' id='par_1_101' title="bbox 593 5405 2154 5478">
     <span class='ocr_line' id='line_1_101' title="bbox 593 5405 2154 5478; baseline -0.003 -14"><span class='ocrx_word' id='word_1_725' title='bbox 593 5411 757 5464; x_wconf 89' lang='lat' dir='ltr'><strong>nibus</strong></span> <span class='ocrx_word' id='word_1_726' title='bbox 787 5420 1123 5466; x_wconf 79' lang='lat' dir='ltr'><strong>exerceatur.</strong></span> <span class='ocrx_word' id='word_1_727' title='bbox 1171 5413 1241 5466; x_wconf 83' lang='lat' dir='ltr'><strong>At</strong></span> <span class='ocrx_word' id='word_1_728' title='bbox 1271 5411 1375 5467; x_wconf 88' lang='lat' dir='ltr'><strong>erit</strong></span> <span class='ocrx_word' id='word_1_729' title='bbox 1403 5418 1618 5478; x_wconf 91' lang='lat' dir='ltr'><strong>tempus</strong></span> <span class='ocrx_word' id='word_1_730' title='bbox 1659 5421 1766 5476; x_wconf 86' lang='lat' dir='ltr'><strong>quo</strong></span> <span class='ocrx_word' id='word_1_731' title='bbox 1813 5405 1993 5458; x_wconf 86' lang='lat' dir='ltr'><strong>anima</strong></span> <span class='ocrx_word' id='word_1_732' title='bbox 2034 5405 2154 5472; x_wconf 82' lang='lat' dir='ltr'><strong>ejus</strong></span> 
     </span>
    </p>
   </div>
   <div class='ocr_carea' id='block_1_102' title="bbox 594 5497 2153 5573">
    <p class='ocr_par' dir='ltr' id='par_1_102' title="bbox 594 5497 2153 5573">
     <span class='ocr_line' id='line_1_102' title="bbox 594 5497 2153 5573; baseline -0.005 -14"><span class='ocrx_word' id='word_1_733' title='bbox 594 5508 647 5560; x_wconf 88' lang='lat' dir='ltr'><strong>in</strong></span> <span class='ocrx_word' id='word_1_734' title='bbox 682 5503 838 5559; x_wconf 90' lang='lat' dir='ltr'><strong>bonis</strong></span> <span class='ocrx_word' id='word_1_735' title='bbox 879 5504 1281 5560; x_wconf 83' lang='lat' dir='ltr'><strong>demorabitur:</strong></span> <span class='ocrx_word' id='word_1_736' title='bbox 1331 5503 1655 5573; x_wconf 88' lang='lat' dir='ltr'><strong>quibusnam</strong></span> <span class='ocrx_word' id='word_1_737' title='bbox 1719 5499 1771 5551; x_wconf 92' lang='lat' dir='ltr'><strong>in</strong></span> <span class='ocrx_word' id='word_1_738' title='bbox 1831 5497 2009 5559; x_wconf 89' lang='lat' dir='ltr'><strong>bonis,</strong></span> <span class='ocrx_word' id='word_1_739' title='bbox 2048 5497 2153 5552; x_wconf 87' lang='lat' dir='ltr'><strong>nisi</strong></span> 
     </span>
    </p>
   </div>
   <div class='ocr_carea' id='block_1_103' title="bbox 589 5587 2152 5668">
    <p class='ocr_par' dir='ltr' id='par_1_103' title="bbox 589 5587 2152 5668">
     <span class='ocr_line' id='line_1_103' title="bbox 589 5587 2152 5668; baseline -0.008 -16"><span class='ocrx_word' id='word_1_740' title='bbox 589 5599 657 5654; x_wconf 88' lang='lat' dir='ltr'><strong>de</strong></span> <span class='ocrx_word' id='word_1_741' title='bbox 683 5597 882 5668; x_wconf 88' lang='lat' dir='ltr'><strong>quibus</strong></span> <span class='ocrx_word' id='word_1_742' title='bbox 919 5597 1126 5652; x_wconf 79' lang='lat' dir='ltr'><strong>dictant</strong></span> <span class='ocrx_word' id='word_1_743' title='bbox 1165 5605 1283 5652; x_wconf 87' lang='lat' dir='ltr'><strong>est:</strong></span> <span class='ocrx_word' id='word_1_744' title='bbox 1321 5595 1452 5660; x_wconf 73' lang='lat' dir='ltr'><strong>Qum</strong></span> <span class='ocrx_word' id='word_1_745' title='bbox 1485 5591 1666 5646; x_wconf 67' lang='lat' dir='ltr'><strong>oculus</strong></span> <span class='ocrx_word' id='word_1_746' title='bbox 1705 5606 1805 5642; x_wconf 85' lang='lat' dir='ltr'><strong>non</strong></span> <span class='ocrx_word' id='word_1_747' title='bbox 1841 5587 1967 5642; x_wconf 83' lang='lat' dir='ltr'><strong>uidit</strong></span> <span class='ocrx_word' id='word_1_748' title='bbox 2000 5588 2065 5653; x_wconf 77' lang='grc'>³⁸,</span> <span class='ocrx_word' id='word_1_749' title='bbox 2099 5596 2152 5643; x_wconf 90' lang='lat' dir='ltr'><strong>et</strong></span> 
     </span>
    </p>
   </div>
   <div class='ocr_carea' id='block_1_104' title="bbox 661 5745 1721 5812">
    <p class='ocr_par' dir='ltr' id='par_1_104' title="bbox 661 5745 1721 5812">
     <span class='ocr_line' id='line_1_104' title="bbox 661 5745 1721 5812; baseline -0.008 -6"><span class='ocrx_word' id='word_1_750' title='bbox 661 5754 701 5786; x_wconf 79' lang='grc'><strong>³⁸</strong></span> <span class='ocrx_word' id='word_1_751' title='bbox 737 5752 925 5807; x_wconf 65' lang='lat' dir='ltr'><strong>Matth.</strong></span> <span class='ocrx_word' id='word_1_752' title='bbox 963 5769 993 5806; x_wconf 90' lang='lat' dir='ltr'><strong>v</strong></span> <span class='ocrx_word' id='word_1_753' title='bbox 1018 5794 1031 5812; x_wconf 92' lang='lat'><strong>,</strong></span> <span class='ocrx_word' id='word_1_754' title='bbox 1071 5753 1122 5805; x_wconf 73' lang='grc'><strong>4.</strong></span> <span class='ocrx_word' id='word_1_755' title='bbox 1200 5751 1242 5782; x_wconf 71' lang='grc'>³³</span> <span class='ocrx_word' id='word_1_756' title='bbox 1284 5748 1471 5803; x_wconf 65' lang='lat' dir='ltr'><strong>Mzttlh.</strong></span> <span class='ocrx_word' id='word_1_757' title='bbox 1514 5763 1600 5810; x_wconf 72' lang='lat' dir='ltr'><strong>XI,</strong></span> <span class='ocrx_word' id='word_1_758' title='bbox 1634 5745 1721 5800; x_wconf 72' lang='lat'><strong>9.9.</strong></span> 
     </span>
    </p>
   </div>
   <div class='ocr_carea' id='block_1_105' title="bbox 2266 4567 3819 4638">
    <p class='ocr_par' dir='ltr' id='par_1_105' title="bbox 2266 4567 3819 4638">
     <span class='ocr_line' id='line_1_105' title="bbox 2266 4567 3819 4638; baseline -0.003 -15"><span class='ocrx_word' id='word_1_759' title='bbox 2266 4571 2356 4623; x_wconf 81' lang='grc' dir='ltr'>ὑπ’</span> <span class='ocrx_word' id='word_1_760' title='bbox 2401 4567 2567 4622; x_wconf 79' lang='grc' dir='ltr'>αὐτοῦ</span> <span class='ocrx_word' id='word_1_761' title='bbox 2618 4571 2729 4630; x_wconf 83' lang='grc' dir='ltr'>τοῖς</span> <span class='ocrx_word' id='word_1_762' title='bbox 2764 4568 2833 4622; x_wconf 77' lang='grc' dir='ltr'><strong>τὰ</strong></span> <span class='ocrx_word' id='word_1_763' title='bbox 2879 4567 2995 4620; x_wconf 89' lang='grc' dir='ltr'>θεῖα</span> <span class='ocrx_word' id='word_1_764' title='bbox 3047 4567 3451 4638; x_wconf 82' lang='grc' dir='ltr'>παιδευομένοις</span> <span class='ocrx_word' id='word_1_765' title='bbox 3514 4567 3819 4638; x_wconf 80' lang='grc' dir='ltr'>παρηγγελ-</span> 
     </span>
    </p>
   </div>
   <div class='ocr_carea' id='block_1_106' title="bbox 2267 4661 2422 4732">
    <p class='ocr_par' dir='ltr' id='par_1_106' title="bbox 2267 4661 2422 4732">
     <span class='ocr_line' id='line_1_106' title="bbox 2267 4661 2422 4732; baseline -0.013 -18"><span class='ocrx_word' id='word_1_766' title='bbox 2267 4661 2422 4732; x_wconf 84' lang='grc' dir='ltr'>μένα.</span> 
     </span>
    </p>
   </div>
   <div class='ocr_carea' id='block_1_107' title="bbox 2339 4772 3817 4843">
    <p class='ocr_par' dir='ltr' id='par_1_107' title="bbox 2339 4772 3817 4843">
     <span class='ocr_line' id='line_1_107' title="bbox 2339 4772 3817 4843; baseline 0.001 -17"><span class='ocrx_word' id='word_1_767' title='bbox 2339 4773 2432 4838; x_wconf 83' lang='grc' dir='ltr'><strong>Τίς</strong></span> <span class='ocrx_word' id='word_1_768' title='bbox 2463 4773 2634 4826; x_wconf 77' lang='grc' dir='ltr'>ἐστιν</span> <span class='ocrx_word' id='word_1_769' title='bbox 2659 4772 2964 4840; x_wconf 78' lang='grc' dir='ltr'>ἅνθρωπος</span> <span class='ocrx_word' id='word_1_770' title='bbox 2993 4775 3025 4826; x_wconf 85' lang='grc' dir='ltr'><strong>ό</strong></span> <span class='ocrx_word' id='word_1_771' title='bbox 3050 4773 3416 4843; x_wconf 66' lang='grc' dir='ltr'>φοϐούμενος</span> <span class='ocrx_word' id='word_1_772' title='bbox 3441 4773 3548 4827; x_wconf 76' lang='grc' dir='ltr'><strong>τὸν</strong></span> <span class='ocrx_word' id='word_1_773' title='bbox 3570 4774 3817 4840; x_wconf 79' lang='grc' dir='ltr'>Κύριω·;</span> 
     </span>
    </p>
   </div>
   <div class='ocr_carea' id='block_1_108' title="bbox 2261 4857 3814 4934">
    <p class='ocr_par' dir='ltr' id='par_1_108' title="bbox 2261 4857 3814 4934">
     <span class='ocr_line' id='line_1_108' title="bbox 2261 4857 3814 4934; baseline 0.002 -17"><span class='ocrx_word' id='word_1_774' title='bbox 2261 4863 2646 4933; x_wconf 76' lang='grc' dir='ltr'>νομοθετήσει</span> <span class='ocrx_word' id='word_1_775' title='bbox 2675 4862 2833 4927; x_wconf 83' lang='grc' dir='ltr'>αὐτῷ</span> <span class='ocrx_word' id='word_1_776' title='bbox 2851 4862 2920 4915; x_wconf 79' lang='grc' dir='ltr'><strong>ἐν</strong></span> <span class='ocrx_word' id='word_1_777' title='bbox 2943 4861 3078 4927; x_wconf 84' lang='grc' dir='ltr'>ὀδῷ,</span> <span class='ocrx_word' id='word_1_778' title='bbox 3101 4857 3140 4934; x_wconf 84' lang='grc' dir='ltr'><strong><em>ᾖ</em></strong></span> <span class='ocrx_word' id='word_1_779' title='bbox 3171 4863 3505 4930; x_wconf 78' lang='grc' dir='ltr'>ᾐρετίσατο.</span> <span class='ocrx_word' id='word_1_780' title='bbox 3549 4864 3618 4918; x_wconf 84' lang='grc' dir='ltr'><em>Ἦ</em></span> <span class='ocrx_word' id='word_1_781' title='bbox 3650 4861 3814 4930; x_wconf 72' lang='grc' dir='ltr'><strong>ψυχὴ</strong></span> 
     </span>
    </p>
   </div>
   <div class='ocr_carea' id='block_1_109' title="bbox 2258 4952 3818 5023">
    <p class='ocr_par' dir='ltr' id='par_1_109' title="bbox 2258 4952 3818 5023">
     <span class='ocr_line' id='line_1_109' title="bbox 2258 4952 3818 5023; baseline -0.003 -15"><span class='ocrx_word' id='word_1_782' title='bbox 2258 4954 2445 5008; x_wconf 83' lang='grc' dir='ltr'>αὑτοῦ</span> <span class='ocrx_word' id='word_1_783' title='bbox 2475 4955 2546 5007; x_wconf 78' lang='grc' dir='ltr'><strong>ἐν</strong></span> <span class='ocrx_word' id='word_1_784' title='bbox 2579 4954 2818 5023; x_wconf 57' lang='grc' dir='ltr'>ἀγαθοῖς</span> <span class='ocrx_word' id='word_1_785' title='bbox 2867 4952 3322 5021; x_wconf 72' lang='grc' dir='ltr'>αὐλισθήσεται,</span> <span class='ocrx_word' id='word_1_786' title='bbox 3352 4953 3448 5007; x_wconf 80' lang='grc' dir='ltr'><strong>καί</strong></span> <span class='ocrx_word' id='word_1_787' title='bbox 3487 4952 3551 5006; x_wconf 83' lang='grc' dir='ltr'>τὸ</span> <span class='ocrx_word' id='word_1_788' title='bbox 3589 4953 3818 5019; x_wconf 78' lang='grc' dir='ltr'>σπέρμα</span> 
     </span>
    </p>
   </div>
   <div class='ocr_carea' id='block_1_110' title="bbox 2233 5043 3817 5114">
    <p class='ocr_par' dir='ltr' id='par_1_110' title="bbox 2233 5043 3817 5114">
     <span class='ocr_line' id='line_1_110' title="bbox 2233 5043 3817 5114; baseline -0.003 -15"><span class='ocrx_word' id='word_1_789' title='bbox 2233 5045 2445 5101; x_wconf 69' lang='grc' dir='ltr'>ιαὺτοῦ</span> <span class='ocrx_word' id='word_1_790' title='bbox 2488 5045 2930 5114; x_wconf 77' lang='grc' dir='ltr'>κληρονομήσει</span> <span class='ocrx_word' id='word_1_791' title='bbox 2960 5045 3095 5114; x_wconf 73' lang='grc' dir='ltr'>γῆν.</span> <span class='ocrx_word' id='word_1_792' title='bbox 3154 5043 3442 5106; x_wconf 82' lang='grc' dir='ltr'>Ἀκουέτω,</span> <span class='ocrx_word' id='word_1_793' title='bbox 3479 5045 3633 5113; x_wconf 77' lang='grc' dir='ltr'>φησὶ,</span> <span class='ocrx_word' id='word_1_794' title='bbox 3669 5045 3817 5106; x_wconf 74' lang='grc' dir='ltr'>πᾶςό</span> 
     </span>
    </p>
   </div>
   <div class='ocr_carea' id='block_1_111' title="bbox 2261 5135 3817 5208">
    <p class='ocr_par' dir='ltr' id='par_1_111' title="bbox 2261 5135 3817 5208">
     <span class='ocr_line' id='line_1_111' title="bbox 2261 5135 3817 5208; baseline -0.003 -18"><span class='ocrx_word' id='word_1_795' title='bbox 2261 5136 2594 5208; x_wconf 76' lang='grc' dir='ltr'>φοϐούμενος</span> <span class='ocrx_word' id='word_1_796' title='bbox 2641 5137 2731 5189; x_wconf 85' lang='grc' dir='ltr'><strong>τὸν</strong></span> <span class='ocrx_word' id='word_1_797' title='bbox 2774 5137 2997 5207; x_wconf 80' lang='grc' dir='ltr'>Κύριον,</span> <span class='ocrx_word' id='word_1_798' title='bbox 3045 5137 3172 5207; x_wconf 89' lang='grc' dir='ltr'>μίαν</span> <span class='ocrx_word' id='word_1_799' title='bbox 3198 5153 3257 5188; x_wconf 87' lang='grc' dir='ltr'><strong>τε</strong></span> <span class='ocrx_word' id='word_1_800' title='bbox 3278 5135 3390 5188; x_wconf 76' lang='grc' dir='ltr'>ὁδὸν</span> <span class='ocrx_word' id='word_1_801' title='bbox 3418 5135 3483 5206; x_wconf 78' lang='grc' dir='ltr'>ἣν</span> <span class='ocrx_word' id='word_1_802' title='bbox 3541 5135 3606 5189; x_wconf 89' lang='grc' dir='ltr'><strong>ἂν</strong></span> <span class='ocrx_word' id='word_1_803' title='bbox 3654 5135 3817 5187; x_wconf 73' lang='grc' dir='ltr'>ἕλοιτο</span> 
     </span>
    </p>
   </div>
   <div class='ocr_carea' id='block_1_112' title="bbox 2255 5225 3818 5301">
    <p class='ocr_par' dir='ltr' id='par_1_112' title="bbox 2255 5225 3818 5301">
     <span class='ocr_line' id='line_1_112' title="bbox 2255 5225 3818 5301; baseline -0.003 -20"><span class='ocrx_word' id='word_1_804' title='bbox 2255 5228 2728 5301; x_wconf 87' lang='grc' dir='ltr'>διαπορευόμενος,</span> <span class='ocrx_word' id='word_1_805' title='bbox 2762 5225 2814 5278; x_wconf 87' lang='grc' dir='ltr'><strong>τί</strong></span> <span class='ocrx_word' id='word_1_806' title='bbox 2848 5227 3010 5279; x_wconf 86' lang='grc' dir='ltr'>αὑτὸν</span> <span class='ocrx_word' id='word_1_807' title='bbox 3049 5225 3352 5296; x_wconf 83' lang='grc' dir='ltr'>περιμένει.</span> <span class='ocrx_word' id='word_1_808' title='bbox 3389 5226 3503 5278; x_wconf 85' lang='grc' dir='ltr'><strong>Νῦν</strong></span> <span class='ocrx_word' id='word_1_809' title='bbox 3537 5225 3633 5295; x_wconf 82' lang='grc' dir='ltr'><strong>μὲν</strong></span> <span class='ocrx_word' id='word_1_810' title='bbox 3660 5241 3818 5278; x_wconf 82' lang='grc' dir='ltr'>κακο-</span> 
     </span>
    </p>
   </div>
   <div class='ocr_carea' id='block_1_113' title="bbox 2263 5315 3815 5391">
    <p class='ocr_par' dir='ltr' id='par_1_113' title="bbox 2263 5315 3815 5391">
     <span class='ocr_line' id='line_1_113' title="bbox 2263 5315 3815 5391; baseline -0.003 -18"><span class='ocrx_word' id='word_1_811' title='bbox 2263 5320 2515 5391; x_wconf 83' lang='grc' dir='ltr'>παθήσει,</span> <span class='ocrx_word' id='word_1_812' title='bbox 2547 5316 2636 5372; x_wconf 71' lang='grc' dir='ltr'>οἷα</span> <span class='ocrx_word' id='word_1_813' title='bbox 2680 5319 2846 5382; x_wconf 82' lang='grc' dir='ltr'>εἰκὸς,</span> <span class='ocrx_word' id='word_1_814' title='bbox 2896 5315 3363 5388; x_wconf 78' lang='grc' dir='ltr'>ὲγγυμναζόμενος</span> <span class='ocrx_word' id='word_1_815' title='bbox 3383 5320 3492 5380; x_wconf 85' lang='grc' dir='ltr'>τοῖς</span> <span class='ocrx_word' id='word_1_816' title='bbox 3511 5317 3610 5385; x_wconf 83' lang='grc' dir='ltr'><strong>τῆς</strong></span> <span class='ocrx_word' id='word_1_817' title='bbox 3643 5317 3815 5370; x_wconf 87' lang='grc' dir='ltr'>θεοσε-</span> 
     </span>
    </p>
   </div>
   <div class='ocr_carea' id='block_1_114' title="bbox 2261 5406 3816 5479">
    <p class='ocr_par' dir='ltr' id='par_1_114' title="bbox 2261 5406 3816 5479">
     <span class='ocr_line' id='line_1_114' title="bbox 2261 5406 3816 5479; baseline -0.003 -17"><span class='ocrx_word' id='word_1_818' title='bbox 2261 5411 2411 5474; x_wconf 76' lang='grc' dir='ltr'>ϐείας</span> <span class='ocrx_word' id='word_1_819' title='bbox 2435 5410 2614 5473; x_wconf 82' lang='grc' dir='ltr'>ἄθλοις</span> <span class='ocrx_word' id='word_1_820' title='bbox 2635 5427 2648 5440; x_wconf 89' lang='grc'><strong>·</strong></span> <span class='ocrx_word' id='word_1_821' title='bbox 2681 5409 2832 5462; x_wconf 77' lang='grc' dir='ltr'>ἔσται</span> <span class='ocrx_word' id='word_1_822' title='bbox 2861 5409 2916 5462; x_wconf 83' lang='grc' dir='ltr'>δὲ</span> <span class='ocrx_word' id='word_1_823' title='bbox 2953 5408 3141 5479; x_wconf 85' lang='grc' dir='ltr'>καιρὸς</span> <span class='ocrx_word' id='word_1_824' title='bbox 3168 5409 3403 5479; x_wconf 85' lang='grc' dir='ltr'>ὁπηνίκα</span> <span class='ocrx_word' id='word_1_825' title='bbox 3437 5410 3468 5477; x_wconf 81' lang='grc' dir='ltr'><strong>ἡ</strong></span> <span class='ocrx_word' id='word_1_826' title='bbox 3491 5407 3636 5478; x_wconf 73' lang='grc' dir='ltr'>ψυχὴ</span> <span class='ocrx_word' id='word_1_827' title='bbox 3659 5406 3816 5460; x_wconf 78' lang='grc' dir='ltr'>αὑτοῦ</span> 
     </span>
    </p>
   </div>
   <div class='ocr_carea' id='block_1_115' title="bbox 2260 5496 3816 5571">
    <p class='ocr_par' dir='ltr' id='par_1_115' title="bbox 2260 5496 3816 5571">
     <span class='ocr_line' id='line_1_115' title="bbox 2260 5496 3816 5571; baseline -0.004 -18"><span class='ocrx_word' id='word_1_828' title='bbox 2260 5503 2317 5555; x_wconf 82' lang='grc' dir='ltr'>ἐν</span> <span class='ocrx_word' id='word_1_829' title='bbox 2355 5499 2574 5569; x_wconf 84' lang='grc' dir='ltr'>ἀγαθοῖς</span> <span class='ocrx_word' id='word_1_830' title='bbox 2611 5500 2989 5571; x_wconf 82' lang='grc' dir='ltr'>αὑλισθήσεται</span> <span class='ocrx_word' id='word_1_831' title='bbox 3014 5515 3026 5527; x_wconf 76' lang='grc' dir='ltr'><strong>ο</strong></span> <span class='ocrx_word' id='word_1_832' title='bbox 3081 5497 3253 5560; x_wconf 88' lang='grc' dir='ltr'>ποίοις</span> <span class='ocrx_word' id='word_1_833' title='bbox 3283 5497 3339 5549; x_wconf 80' lang='grc' dir='ltr'>δὲ</span> <span class='ocrx_word' id='word_1_834' title='bbox 3371 5497 3592 5564; x_wconf 84' lang='grc' dir='ltr'>ἀγαθοῖς</span> <span class='ocrx_word' id='word_1_835' title='bbox 3629 5496 3661 5566; x_wconf 81' lang='grc' dir='ltr'><strong>ἢ</strong></span> <span class='ocrx_word' id='word_1_836' title='bbox 3695 5496 3816 5567; x_wconf 68' lang='grc' dir='ltr'>περὶ</span> 
     </span>
    </p>
   </div>
   <div class='ocr_carea' id='block_1_116' title="bbox 2259 5584 3816 5663">
    <p class='ocr_par' dir='ltr' id='par_1_116' title="bbox 2259 5584 3816 5663">
     <span class='ocr_line' id='line_1_116' title="bbox 2259 5584 3816 5663; baseline -0.004 -17"><span class='ocrx_word' id='word_1_837' title='bbox 2259 5584 2333 5646; x_wconf 76' lang='grc' dir='ltr'>ὧν</span> <span class='ocrx_word' id='word_1_838' title='bbox 2353 5591 2564 5663; x_wconf 75' lang='grc' dir='ltr'>εἴρηται</span> <span class='ocrx_word' id='word_1_839' title='bbox 2589 5607 2602 5620; x_wconf 83' lang='grc'><em>’</em></span> <span class='ocrx_word' id='word_1_840' title='bbox 2651 5593 2708 5646; x_wconf 83' lang='grc' dir='ltr'>Ἃ</span> <span class='ocrx_word' id='word_1_841' title='bbox 2758 5589 3061 5660; x_wconf 64' lang='grc' dir='ltr'>ὀφθαλμὸς</span> <span class='ocrx_word' id='word_1_842' title='bbox 3089 5591 3200 5644; x_wconf 76' lang='grc' dir='ltr'>οὐκ</span> <span class='ocrx_word' id='word_1_843' title='bbox 3243 5585 3396 5653; x_wconf 81' lang='grc' dir='ltr'>εἶδε,</span> <span class='ocrx_word' id='word_1_844' title='bbox 3439 5589 3530 5642; x_wconf 77' lang='grc' dir='ltr'><strong>καὶ</strong></span> <span class='ocrx_word' id='word_1_845' title='bbox 3563 5587 3630 5640; x_wconf 85' lang='grc' dir='ltr'>τὰ</span> <span class='ocrx_word' id='word_1_846' title='bbox 3663 5587 3816 5658; x_wconf 75' lang='grc' dir='ltr'>ἐξῆςς</span> 
     </span>
    </p>
   </div>
   <div class='ocr_carea' id='block_1_117' title="bbox 1803 5745 3399 5813">
    <p class='ocr_par' dir='ltr' id='par_1_117' title="bbox 1803 5745 3399 5813">
     <span class='ocr_line' id='line_1_117' title="bbox 1803 5745 3399 5813; baseline 0 -14"><span class='ocrx_word' id='word_1_847' title='bbox 1803 5745 1846 5777; x_wconf 69' lang='grc'><strong>’³</strong></span> <span class='ocrx_word' id='word_1_848' title='bbox 1889 5745 2018 5813; x_wconf 86' lang='lat' dir='ltr'><strong>Sap.</strong></span> <span class='ocrx_word' id='word_1_849' title='bbox 2054 5763 2140 5812; x_wconf 70' lang='lat' dir='ltr'><strong>XI,</strong></span> <span class='ocrx_word' id='word_1_850' title='bbox 2179 5745 2269 5803; x_wconf 63' lang='lat'><strong>2‘3.</strong></span> <span class='ocrx_word' id='word_1_851' title='bbox 2347 5748 2392 5780; x_wconf 68' lang='lat'><strong>”</strong></span> <span class='ocrx_word' id='word_1_852' title='bbox 2433 5747 2620 5804; x_wconf 67' lang='lat' dir='ltr'><strong>Matth.</strong></span> <span class='ocrx_word' id='word_1_853' title='bbox 2660 5765 2756 5812; x_wconf 80' lang='lat' dir='ltr'><strong>ru,</strong></span> <span class='ocrx_word' id='word_1_854' title='bbox 2799 5747 2851 5804; x_wconf 87' lang='grc'><strong>7.</strong></span> <span class='ocrx_word' id='word_1_855' title='bbox 2929 5748 2971 5780; x_wconf 79' lang='grc'><strong>³⁸</strong></span> <span class='ocrx_word' id='word_1_856' title='bbox 3014 5746 3031 5799; x_wconf 89' lang='lat' dir='ltr'><strong>l</strong></span> <span class='ocrx_word' id='word_1_857' title='bbox 3065 5746 3193 5802; x_wconf 89' lang='lat' dir='ltr'><strong>Cor.</strong></span> <span class='ocrx_word' id='word_1_858' title='bbox 3231 5760 3267 5800; x_wconf 91' lang='lat' dir='ltr'><strong>ll</strong></span> <span class='ocrx_word' id='word_1_859' title='bbox 3296 5786 3309 5806; x_wconf 88' lang='lat'><strong>.</strong></span> <span class='ocrx_word' id='word_1_860' title='bbox 3348 5747 3399 5799; x_wconf 88' lang='lat'><strong>9.</strong></span> 
     </span>
    </p>
   </div>
  </div>
