4010 6562
269 327 377 382 229

1387 317 1888 374 COMMENTARIA
1926 317 1992 371 IN
2036 313 2368 371 PSALMOS.

3395 314 3501 370 250

254 445 328 497 Τό
353 459 416 511 γε
441 441 538 512 μὲν
566 439 784 510 σπέρμα
809 480 824 504 ,
869 438 1008 509 ὅπερ
1040 436 1366 490 κατεϐάλετο
1414 439 1471 490 ἐν
1497 440 1565 510 τῇ
1598 441 1668 509 γῇ
1701 439 1821 492 καθ’

1926 435 2160 492 caetera?
2210 433 2408 490 Semen
2441 448 2609 504 porro
2640 435 2790 504 ejus,
2835 433 2980 504 quod
3025 433 3077 488 iu
3126 442 3328 488 terram
3370 433 3502 502 jecit

253 536 313 587 ὃν
341 531 680 586 ἐπολιτεύετο
710 530 802 583 ἐπὶ
841 530 942 600 γῆς
987 528 1197 600 χρόνον,
1228 527 1454 591 πολλοὺς
1484 529 1825 602 κληρονομή-

257 642 358 689 σει,
388 621 657 695 σωτηρίας
693 621 863 674 αῐτιον
917 619 1200 690 γινόμενον
1235 619 1468 683 πολλοῖς.
1513 619 1740 692 Σπέρμα
1770 621 1826 674 δὲ

253 716 305 768 τί
333 715 398 769 ἂν
431 713 604 778 εῐποις
642 713 674 784 ἢ
719 712 816 783 τὴν
855 710 1202 764 διδασκαλίαν
1234 711 1326 763 καὶ
1358 711 1486 773 τοὺς
1517 710 1708 779 λόγους
1736 711 1828 764 καὶ

251 807 324 861 τά
375 809 802 880 συγγράμματα,
863 806 894 876 ἢ
949 806 1076 870 τοὺς
1107 804 1246 859 κατά
1292 804 1423 858 Θεὸν
1464 805 1612 876 αὐτῷ
1637 822 1827 876 γεννη-

255 899 449 963 θέντας
490 900 583 953 καὶ
635 897 1066 969 μαθητευθέντας
1092 897 1330 969 ἀνδρας;
1371 896 1438 949 δι’
1462 893 1537 954 ὧν
1567 899 1660 952 καὶ
1690 897 1826 968 μετά

252 992 353 1065 τὴν
368 995 426 1046 ὲν
449 993 672 1060 ἀγαθοῖς
699 993 1000 1046 ἀνάπαυσιν
1044 991 1207 1044 αὐτοῦ
1243 992 1425 1065 μυρίοι
1449 993 1546 1064 τῆς
1576 992 1725 1066 παρά
1749 993 1826 1064 τῷ

252 1083 374 1154 Θεῷ
431 1084 791 1156 κληρονομίας
857 1083 1169 1148 τεύξονται,
1232 1083 1328 1138 ἆτε
1384 1085 1604 1154 ἀγαθῶν
1655 1103 1826 1158 σπερ-

254 1176 443 1246 μάτων
471 1178 718 1248 τυχόντες
770 1177 861 1230 καὶ
915 1176 1250 1249 ὼφελημένοι
1283 1176 1380 1248 τὴν
1409 1176 1588 1232 ἔνθεον
1621 1196 1826 1250 καρπο-

253 1268 468 1341 φορίαν.

324 1360 668 1428 Κραταίωμα
698 1361 910 1428 Κύριος
940 1359 1056 1412 τῶν
1079 1360 1462 1430 φοϐουμένων
1492 1361 1699 1425 αὐτὸν,
1725 1362 1824 1418 καὶ

250 1449 292 1514 ἡ
338 1450 593 1517 ΔιαΟήκη
641 1448 826 1504 αὐτοῦ
880 1449 987 1503 τοῦ
1037 1450 1306 1518 δηλῶσαι
1349 1453 1572 1520 αὐτοῖς.
1627 1454 1682 1506 '0
1727 1455 1824 1524 μὲν

263 1540 511 1605 Ἀκύλας,
533 1543 869 1611 ἀπόρῤητον
890 1545 1111 1612 Κυρίου
1137 1545 1213 1616 (1)
1235 1545 1513 1612 ἐξέδωκενο
1547 1548 1575 1599 ὁ
1596 1548 1652 1601 δέ
1675 1551 1823 1621 Σύμ-

249 1649 442 1702 μαχος,
478 1635 680 1704 ὁμιλία
693 1636 933 1704 Κυρίου’
964 1639 992 1690 ὁ
1010 1637 1066 1690 δὲ
1097 1637 1387 1692 Θεοδοτίων
1408 1639 1503 1692 καὶ
1530 1642 1562 1711 ἡ
1599 1641 1822 1712 πέμπτη

243 1723 474 1790 ἔκδοσις,
500 1725 839 1794 μυστήριον
860 1729 1101 1796 Κυρίου.
1137 1728 1415 1783 Ἐντεῦθεν
1447 1730 1554 1801 γὰρ
1588 1732 1668 1794 εἰς
1701 1749 1823 1784 τοσ-

245 1815 417 1890 αύτην
487 1817 654 1890 ἤλασε
699 1819 1072 1890 μακαριότητα
1118 1820 1148 1872 ὁ
1192 1821 1448 1892 ἀνωτέρω
1513 1822 1829 1893 προλεχθεὶς

244 1909 583 1980 γοὸούμενος
612 1909 816 1980 Κύριον
862 1911 927 1962 ἐκ
959 1909 1052 1963 τοῦ
1097 1909 1312 1980 ὁμιλίαν
1350 1910 1442 1964 τού
1478 1912 1703 1983 Κυρίου,
1736 1914 1829 1966 καὶ

245 2000 562 2071 ἀπόρρητον
594 1999 790 2064 αὑτοῦ,
832 2000 925 2052 καὶ
967 1999 1029 2052 τὸ
1060 2003 1356 2072 μυστήριον
1388 2001 1550 2055 αὑτοῦ
1589 2002 1828 2070 γνωστὸν

248 2087 401 2158 αὐτῴ
420 2089 722 2156 γεγονέναι,
771 2090 866 2142 καὶ
893 2087 962 2141 τὸ.
989 2090 1047 2142 ἐν
1086 2093 1154 2161 τῇ
1198 2091 1441 2164 Διαθήκῃ
1470 2092 1654 2157 αὐτοῦ,
1685 2093 1827 2146 τοῦτ’

249 2180 398 2234 ἐστιν
428 2183 486 2234 ἐν
509 2185 574 2253 τῇ
611 2181 729 2253 θείᾳ
754 2182 964 2254 Γραφῇ,
997 2181 1358 2253 περιεχόμενα
1388 2183 1683 2254 μυστήρια.

326 2276 388 2326 Ol
417 2273 712 2342 ὀφθαλμοί
731 2290 851 2342 μου
877 2270 974 2324 διὰ
1015 2271 1245 2336 παντὸς
1271 2271 1422 2339 πρὸς
1456 2271 1562 2325 τὸν
1586 2273 1822 2340 Κύριον,

250 2365 341 2418 ὅτι
374 2366 558 2431 αὐτὸς
589 2364 886 2420 ἐκσπάσει
916 2365 985 2417 ἐκ
1016 2364 1270 2434 παγίδος
1302 2363 1444 2430 τοὺς
1471 2363 1661 2430 πόδας
1682 2383 1820 2434 μου.

262 2460 623 2528 Ἐπίὸνιεψον
657 2458 750 2512 ἐπ’
776 2457 882 2527 ἐμὲ
907 2458 1004 2512 καὶ
1051 2455 1314 2526 ἐλέησόν
1334 2474 1433 2527 με,
1463 2458 1553 2511 ὅτι
1577 2476 1826 2529 μονογε-

247 2553 362 2621 νὴς
383 2551 480 2606 καὶ
503 2552 738 2621 πτωχός
763 2555 879 2620 ειμι
909 2551 1041 2620 ἐγώ.
1083 2553 1153 2605 Al
1178 2551 1416 2621 θλίψεις
1438 2550 1548 2620 τῆς
1575 2551 1826 2621 καρδίας

240 2661 360 2714 μου
387 2645 881 2713 ἐπληθύνθησαν,
911 2645 979 2697 ἐκ
1001 2643 1118 2698 τῶν
1131 2642 1411 2712 ἀναγκῶν
1425 2661 1546 2712 μου
1572 2643 1825 2715 ἐξάγαγέ

241 2753 336 2806 με.
375 2737 448 2791 Οὐ
482 2735 568 2790 διὰ
588 2736 655 2790 τὰ
679 2734 1076 2808 κατορθώματα
1121 2735 1308 2808 ῶσπερ
1339 2735 1692 2807 ὀφειλομένην
1724 2739 1824 2809 τὴν

249 2829 525 2900 σωτηρίαν
571 2827 718 2898 αύτῷ
741 2845 754 2858 ·
787 2824 904 2881 οἶδα
955 2827 1085 2897 γὰρ,
1126 2828 1230 2893 ὅτι,
1283 2827 1459 2880 πάντα
1498 2829 1729 2900 ποιήσας
1757 2828 1825 2883 τὰ

248 2923 380 2993 παρ’
433 2920 690 2992 ἐμαυτοῦ,
750 2920 830 2973 ἔτι
861 2919 954 2974 τοῦ
987 2919 1080 2973 σοῦ
1119 2920 1300 2984 ἐλέους
1335 2919 1545 2990 δέομαι.
1579 2921 1669 2973 Διὸ
1698 2920 1825 2974 ἐπί-

248 3017 480 3083 ϐλε-ψον
530 3014 623 3066 ἐπ’
669 3013 793 3082 ἐμὲ,
831 3012 930 3066 καὶ
989 3012 1251 3080 ἐλέησόν
1297 3029 1392 3081 με.
1455 3011 1680 3066 Σύνοιδα
1717 3012 1826 3084 γὰρ

246 3105 471 3177 ἐμαυτῷ
518 3105 718 3176 πτωχῷ
751 3105 845 3159 καὶ
895 3104 1184 3175 ἀϐοηθήτῳ
1224 3106 1316 3158 καὶ
1368 3103 1442 3176 μὴ
1496 3105 1826 3175 ἐπαρχοῦντι
1853 3145 1894 3202 C

249 3215 382 3274 τινας
411 3199 703 3272 σωτηρίαν.
751 3198 908 3252 ’ῐδιόν
934 3199 992 3251 τέ
1033 3199 1150 3251 ἐστι
1195 3197 1409 3251 πάντων
1431 3196 1537 3250 τῶν
1563 3196 1824 3267 θεοφιλῶν

247 3294 309 3345 τὸ
334 3292 560 3356 ἑαυτοὺς
598 3290 800 3345 κακοῦν
840 3293 898 3344 ἐν
925 3289 1187 3359 θλίψεσιν,
1210 3291 1267 3342 ἐν
1303 3289 1589 3358 ἀνάγκαις,
1620 3290 1678 3341 ἐν
1709 3305 1826 3342 στε-

246 3385 553 3457 νοχωρίαις,
582 3384 677 3438 καὶ
701 3385 958 3455 διωγμοῖς
976 3400 990 3415 ·
1019 3382 1131 3435 ἀλλ’
1148 3382 1209 3434 ού
1232 3382 1324 3435 καὶ
1347 3379 1598 3450 ἀγνοοῦσι
1629 3380 1688 3434 τὸ
1701 3379 1824 3434 τού-

249 3494 358 3531 των
384 3475 570 3541 τέλος·
607 3477 688 3529 διὸ
734 3477 916 3546 τυχεῖν
971 3473 1138 3526 αὑτοῦ
1202 3473 1352 3544 παρά
1407 3471 1499 3526 τοῦ
1544 3471 1678 3525 Θεοῦ
1716 3472 1824 3525 ἱκε-

246 3569 462 3623 τεύουσι
487 3568 735 3637 λέγοντες
761 3586 773 3598 ·
815 3569 910 3620 Ἐκ
961 3565 1081 3619 τῶν
1125 3563 1402 3634 ἀναγκῶν
1429 3581 1547 3633 μου
1572 3562 1825 3634 ἐξάγαγέ

241 3676 351 3729 με·
384 3658 459 3722 ὼς
487 3659 552 3712 ἂν
579 3657 877 3720 διελθόντες
904 3657 1002 3719 τὰς
1039 3655 1134 3708 τοῦ
1174 3655 1287 3725 βίου
1331 3655 1596 3722 ἀνάγκας,
1622 3655 1720 3718 τὰς
1763 3653 1823 3706 δὲ

249 3751 538 3822 συμφορὰς
589 3751 682 3802 καὶ
737 3749 835 3812 τὰς
894 3747 1262 3818 περιστάσεις,
1302 3748 1474 3799 εἰπεῖν
1503 3763 1630 3799 ποτε
1661 3746 1822 3815 δυνη-

247 3842 390 3894 θεῖεν
413 3859 427 3871 ·
465 3840 793 3909 Διήλθομεν
818 3839 914 3893 διὰ
941 3837 1125 3906 πυρὸς
1150 3837 1248 3892 καὶ
1280 3837 1515 3903 ὕδατος,
1554 3837 1649 3890 καὶ
1682 3835 1823 3903 ἐξή-

247 3944 428 3997 γαγες
460 3927 618 3996 ἡμᾶς
647 3930 736 3992 εἰς
768 3925 1114 3996 ἀναψυχήν·

326 4020 438 4074 Ἴδε
467 4019 583 4088 τὴν
609 4019 973 4072 ταπείνωσιν
1001 4036 1121 4089 μου
1161 4019 1260 4073 καὶ
1316 4019 1422 4073 τόν
1468 4018 1658 4073 κόπον
1679 4035 1819 4088 μου,

245 4112 346 4168 καὶ
407 4112 555 4180 ἁφερ
607 4111 810 4177 πάσας
858 4110 961 4177 τὰς
1001 4111 1289 4180 ἁμαρτίας
1334 4129 1472 4180 μου.
1517 4111 1629 4165 Ἴδε
1683 4109 1823 4179 τοὺς

244 4207 496 4276 ἐχθρούς
516 4222 652 4274 μου,
676 4204 765 4257 ὅτι
782 4204 1273 4271 ἐπληθύνθησαν,
1295 4203 1394 4257 καὶ
1411 4203 1592 4272 μῖσος
1612 4204 1822 4259 ἄδικον

242 4294 549 4365 ἐμίσησαν
579 4311 669 4364 με.
697 4294 982 4358 Φύλαξον
1030 4293 1144 4362 τὴν
1170 4293 1384 4362 ψυχήν
1421 4312 1540 4364 μου
1585 4297 1682 4350 καὶ
1709 4297 1821 4364 ῥῦ-

244 4388 354 4442 σαί
377 4403 485 4458 με’
522 4385 608 4456 μὴ
655 4386 1179 4455 καταισχυνθείην,
1217 4386 1306 4439 ὅτι
1333 4385 1565 4454 ἤλπισα
1591 4387 1688 4441 ἐπὶ
1723 4388 1816 4443 σέ.

1933 532 2062 586 dum
2097 529 2154 583 in
2183 543 2248 583 ea
2291 537 2636 591 versaretur,
2669 527 2871 581 multos
2910 525 3224 582 haereditate
3248 527 3497 596 accipiet,

1931 619 2130 691 quibus
2163 631 2329 674 causa
2355 617 2549 673 salutis
2584 615 2798 672 evadet.
2838 613 3034 670 Semen
3058 631 3185 670 vero
3225 613 3499 686 quodnam

1931 727 2054 766 esse
2085 711 2310 772 dixeris.
2338 709 2445 766 nisi
2473 707 2814 773 doctrinam,
2853 723 3132 765 sermones
3151 749 3165 772 ,
3213 707 3416 778 scripta
3446 715 3501 761 et

1932 804 2184 860 homines
2223 805 2317 876 qui
2368 801 2671 859 secundum
2723 801 2894 857 Deum
2931 801 3033 870 ipsi
3082 801 3195 854 nati
3236 808 3399 870 atque
3432 800 3501 853 ab

1933 910 1998 950 eo
2026 897 2260 952 instituti
2309 896 2472 951 sunt?
2505 894 2613 962 Qui
2647 911 2878 950 numero
2926 909 3078 964 ptene
3123 891 3344 956 inﬁniti,
3377 899 3500 963 post

1932 990 2105 1060 ipsius
2136 989 2178 1044 ir
2244 991 2400 1044 bonis
2430 988 2680 1058 adeptam
2722 987 2987 1058 requiem,
3037 993 3222 1056 utpote
3261 1001 3328 1041 ex
3358 985 3504 1040 bono

1931 1085 2037 1138 orti
2091 1085 2334 1150 semine,
2371 1097 2434 1137 ac
2461 1082 2644 1136 divina
2694 1081 2786 1135 illa
2828 1081 3056 1150 utilique
3096 1079 3200 1134 sibi
3246 1076 3502 1149 prosapia

1931 1176 2222 1247 progeniti,
2254 1173 2620 1230 haereditatem
2645 1190 2674 1228 a
2709 1173 2817 1229 Dco
2845 1182 3270 1242 consequentur.

1999 1353 2166 1408 Vens.
2201 1354 2284 1408 14.
2334 1353 2758 1407 Firmamentum
2789 1361 2866 1406 est
2901 1350 3160 1404 Dominus
3197 1347 3504 1402 timentibus

1929 1462 2068 1510 eum,
2104 1455 2153 1500 et
2212 1454 2580 1500 testamentum
2626 1444 2789 1512 ipsius
2836 1452 2892 1496 ut
2939 1442 3305 1510 manifestatur
3366 1439 3498 1495 illis.

1930 1538 2147 1607 Aquila,
2175 1546 2431 1592 secretum
2448 1536 2682 1599 Domini,
2710 1535 2912 1600 edidit;
2939 1533 3317 1605 Symmachus,
3335 1533 3508 1586 colla-

1929 1631 2108 1699 quium
2146 1629 2390 1692 Domini;
2427 1628 2727 1684 Theodotio
2758 1634 2812 1682 et
2839 1626 3037 1693 Quinta
3070 1625 3259 1690 editio,
3299 1635 3490 1695 myste-

1929 1725 2067 1776 rium
2100 1723 2356 1777 Domini:
2388 1723 2513 1778 inde
2556 1723 2700 1778 enim
2741 1723 2831 1777 ille
2870 1722 3121 1791 superius
3158 1728 3496 1777 memoratus

1861 1804 1905 1864 Β
1929 1815 2024 1886 qui
2052 1816 2206 1870 timet
2231 1815 2536 1879 Dominum,
2565 1814 2633 1869 ad
2663 1825 2867 1869 tantam
2897 1814 3203 1870 felicitatem
3231 1814 3497 1885 pervenit,

1933 1908 2058 1978 quia
2103 1908 2434 1978 colloquium
2483 1907 2716 1974 Domini,
2749 1915 3018 1962 secretum
3074 1922 3139 1962 ac
3183 1908 3506 1978 mysterium

1931 1999 2073 2068 ejus,
2103 2009 2291 2053 notum
2323 1999 2424 2068 ipsi
2455 2009 2592 2062 erat,
2624 2007 2753 2054 nota
2797 1999 2926 2054 item
2959 2016 3022 2053 ea
3055 2015 3175 2069 quae
3217 2000 3272 2054 in
3305 1999 3500 2054 Testa-

1932 2098 2114 2146 mento
2144 2091 2283 2160 ejus,
2305 2090 2357 2145 id
2383 2098 2492 2156 est,
2517 2091 2571 2144 in
2599 2091 2798 2146 divinis
2827 2090 3128 2162 Scripturis
3149 2092 3508 2147 continentur

1930 2183 2208 2253 mysteria.

2006 2271 2170 2328 Vens.
2211 2273 2390 2329 15-17.
2449 2272 2603 2328 Oculi
2630 2275 2730 2328 mei
2800 2291 3000 2343 semper
3067 2274 3136 2328 ad
3191 2273 3501 2340 Dominum,

1927 2367 2175 2434 quoniam
2205 2367 2314 2436 ipse
2347 2367 2526 2422 evellet
2562 2367 2625 2420 de
2667 2367 2851 2437 laqueo
2885 2367 3037 2436 pedes
3082 2384 3242 2423 meos.
3285 2366 3501 2436 Respice

1929 2457 1980 2509 in
2013 2473 2092 2510 me
2131 2468 2176 2510 et
2226 2459 2470 2512 miserere
2518 2460 2640 2521 mei,
2685 2459 2811 2529 quia
2859 2460 3044 2513 unicus
3067 2468 3116 2513 et
3151 2475 3349 2529 pauper
3382 2477 3499 2514 sum

1926 2566 2037 2621 ego.
2082 2549 2471 2606 Tribulationes
2502 2551 2675 2606 cordis
2726 2553 2828 2607 mei
2868 2555 3235 2623 multiplicatae
3265 2563 3408 2619 sunt,
3434 2554 3499 2608 de

1928 2642 2326 2697 necessitatibus
2374 2643 2500 2697 meis
2545 2660 2666 2698 erue
2713 2661 2814 2699 me.
2871 2644 2988 2700 Non
3033 2646 3104 2701 ob
3155 2655 3304 2701 recte
3356 2645 3498 2700 facta

1926 2749 2091 2802 opera
2129 2736 2287 2804 quasi
2321 2735 2560 2791 debitam
2618 2738 2851 2793 salutem
2901 2739 3031 2792 mihi
3084 2740 3336 2810 postulo;
3373 2739 3498 2794 novi

1927 2823 2073 2879 enim
2102 2840 2209 2889 me,
2244 2827 2494 2894 quamvis
2519 2828 2701 2881 omnia
2732 2843 2830 2899 pro
2866 2827 3124 2884 facultate
3154 2831 3377 2900 egerim,
3402 2838 3498 2886 tuo

1929 2923 2112 2972 tamen
2159 2932 2319 2986 egere
2350 2919 2576 2974 auxilio.
2609 2919 2972 2983 Quamobrem
3000 2921 3192 2990 respice
3229 2923 3284 2976 in
3315 2939 3415 2986 me,
3447 2933 3500 2977 et

1929 3009 2172 3063 miserere
2188 3011 2306 3063 mei.
2327 3009 2458 3064 Nam
2477 3025 2562 3065 me
2578 3025 2889 3080 pauperem,
2913 3013 3062 3066 nulla
3078 3013 3271 3067 fultum
3287 3029 3408 3084 ope,
3431 3031 3497 3071 ac

1928 3101 2090 3156 saluti
2111 3101 2244 3156 mihi
2270 3102 2626 3172 procurandae
2650 3101 2910 3172 imparem
2929 3103 3064 3158 scio.
3084 3103 3366 3175 Pmprium
3399 3120 3498 3160 au-

1928 3199 2039 3247 tem
2081 3192 2340 3248 omnibus
2391 3193 2499 3262 piis
2546 3209 2610 3248 ac
2641 3192 2752 3248 Deo
2803 3193 2996 3248 amicis
3040 3194 3174 3250 viris
3226 3204 3329 3259 est,
3375 3211 3498 3252 sese

1925 3285 2183 3340 aerumnis
2215 3285 2469 3356 atiligere,
2508 3287 2563 3341 in
2613 3287 3060 3352 necessitatibus,
3106 3289 3162 3343 in
3200 3291 3493 3358 angustiis,

1926 3379 1981 3433 in
2011 3379 2488 3450 persecutionibus
2513 3380 2759 3447 versari;
2792 3380 2888 3435 sed
2923 3381 3016 3454 qui
3045 3386 3118 3437 sit
3146 3398 3334 3440 eorum
3369 3384 3496 3442 linis

1925 3487 2033 3525 non
2079 3473 2332 3542 ignorant
2376 3487 2592 3542 :quare
2642 3472 2790 3528 illius
2832 3476 3158 3545 assequendi
3208 3491 3338 3547 ergo
3384 3476 3494 3532 Deo

1925 3565 2232 3636 supplicant
2279 3566 2362 3620 his
2393 3565 2607 3628 verbis,
2648 3563 2712 3619 de
2753 3567 3149 3622 necessitatibus
3194 3569 3320 3622 meis
3370 3585 3496 3624 erue

1924 3674 2040 3724 me;
2074 3664 2149 3719 ut,
2177 3659 2448 3728 superatis
2480 3658 2597 3712 vitae
2616 3658 3053 3722 necessitatibus,
3067 3659 3491 3726 calamitatibus,

1923 3749 2217 3812 terumnis,
2261 3749 2446 3803 dicere
2499 3748 2791 3818 aliquando
2836 3749 3087 3819 possint:
3134 3753 3492 3807 Transivimus

1921 3855 2013 3908 per
2061 3841 2230 3910 ignem
2271 3849 2320 3894 et
2369 3855 2594 3909 aquam,
2640 3849 2690 3894 et
2737 3839 2966 3894 eduxisti
3022 3859 3115 3896 nos
3169 3845 3221 3897 in
3271 3845 3490 3915 refrige-

1923 3935 2062 3987 rium
2089 3934 2156 3988 ".

1998 4024 2159 4080 Vnus.
2210 4025 2393 4081 18-20.
2473 4026 2599 4081 i'ide
2661 4028 3010 4082 humilitatem
3071 4045 3240 4083 meam
3293 4040 3343 4083 et
3405 4032 3490 4085 la-

1923 4116 2099 4172 borem
2127 4133 2318 4182 meum,
2337 4128 2385 4171 et
2407 4117 2615 4172 dimitte
2643 4119 2888 4172 universa
2910 4119 3100 4172 delicta
3126 4136 3260 4174 mea.
3277 4119 3494 4190 Respice

1922 4208 2162 4262 inimicos
2196 4224 2336 4262 meos
2389 4209 2639 4278 quoniam
2689 4209 3029 4277 multiplicati
3071 4220 3223 4274 sunt,
3268 4221 3317 4264 et
3369 4211 3491 4265 odio

1920 4303 2099 4372 iniquo
2133 4300 2355 4355 oderunt
2393 4317 2492 4354 me.
2538 4299 2759 4355 Custodi
2802 4302 3034 4355 animam
3069 4318 3237 4356 meam
3289 4313 3336 4356 et
3369 4320 3492 4358 erue

1921 4409 2039 4448 me:
2073 4409 2176 4446 non
2212 4394 2515 4447 erubescam
2539 4393 2787 4460 quoniam
2818 4393 3020 4459 speravi
3049 4392 3104 4445 in
3136 4402 3204 4447 le.
3233 4391 3387 4459 Quod
3419 4395 3489 4448 ad

244 4480 327 4534 Τὰ
355 4481 451 4552 μὲν
483 4480 612 4550 παρ’
644 4479 777 4548 ἐμοῦ
810 4475 1184 4543 σπουδάζεται,
1218 4478 1286 4530 τά
1314 4478 1371 4530 δὲ
1408 4477 1559 4550 παρά
1603 4477 1696 4531 σού
1722 4497 1818 4532 τυ-

1926 4499 2010 4539 me
2063 4491 2295 4554 spectat,
2349 4485 2776 4540 sollicitudinem
2823 4485 2928 4540 mei
2961 4500 3126 4556 gero;
3178 4485 3273 4540 sed
3329 4501 3485 4554 opem

242 4575 358 4642 χεῖν
382 4570 538 4636 ἀξιῶ.
582 4569 720 4638 Ἐγὼ
741 4569 838 4640 μὲν
860 4565 951 4623 οὖν
982 4569 1214 4639 ἐμαυτὸν
1245 4568 1478 4634 κολάζω,
1511 4571 1604 4622 καὶ
1629 4569 1817 4642 ὥσπερ

241 4665 398 4733 δίκην
443 4661 933 4732 είσπρατττόμενος
981 4654 1057 4714 ὧν
1091 4661 1353 4732 πρότερον
1398 4660 1816 4733 ἐπλημμέλησα,

243 4755 478 4828 ἐμαυτὸν
495 4753 735 4825 τιμωροῦ
742 4771 859 4824 μαι,
889 4744 1159 4807 ταπεινῶν
1188 4753 1422 4824 ἐμαυτὸν
1437 4756 1493 4807 ἐν
1505 4754 1693 4818 κόποις
1724 4756 1820 4810 καὶ

243 4848 529 4911 πόνοιςοσὺ
567 4847 651 4912 δὲ,
682 4848 710 4900 ὁ
733 4846 887 4912 Θεὸς,
915 4841 1003 4900 οἷά
1036 4863 1120 4909 τις
1162 4845 1520 4916 ἀγωνοθέτης,
1556 4846 1646 4900 τὸν
1688 4848 1820 4918 ἐμὸν

243 4938 429 5007 ἀγῶνα
441 4937 659 5009 θεωρῶν
679 4938 909 5000 καὶτοὺς
924 4937 1089 5008 ἐμοὺς
1103 4935 1400 5007 καμάτους,
1415 4936 1556 4989 δίδου
1573 4935 1669 5008 τὴν
1689 4937 1820 5006 ἄφε-

245 5047 332 5085 σιν
358 5029 466 5084 τῶν
495 5029 926 5102 ἁμαρτημάτων,
942 5027 1035 5081 καὶ
1073 5024 1460 5097 συγχώρειὸσα
1478 5023 1696 5080 πώποτε
1713 5026 1820 5080 διε-

243 5121 538 5195 πραξάμην
569 5123 628 5176 ἐν
657 5119 970 5193 ἁμαρτίαις.
1014 5118 1172 5172 Ἀλλά
1204 5117 1297 5171 καὶ
1327 5116 1660 5189 θεασάμενος
1691 5119 1819 5182 τοὺς

242 5215 410 5286 ἐμοὺς
437 5215 664 5287 ἐχθροὺς
707 5213 892 5267 ὁπόσοι
917 5212 1068 5276 ὄντες
1099 5210 1472 5274 ἐπεϐούλευον,
1504 5211 1597 5264 καὶ
1626 5211 1701 5276 ὡς
1729 5215 1819 5283 μῖ-

243 5325 337 5372 σος
363 5307 544 5362 ἄδικον
567 5305 837 5378 ἐμίσησαν
864 5321 952 5377 με,
971 5303 1144 5374 φύλαξ
1164 5303 1322 5374 γενοῦ
1337 5302 1436 5374 τῆς
1464 5302 1601 5374 ἐμῆς
1619 5303 1824 5376 ψυχῆς.

313 5463 362 5494 ³⁸
411 5459 556 5518 Psal.
589 5477 693 5516 va
716 5501 732 5526 ,
773 5460 859 5515 12.

315 5619 392 5688 (1)
433 5617 698 5674 llebraica
729 5623 858 5674 sunt
923 5623 1043 5676 mm
1065 5625 1159 5674 TD
1181 5655 1195 5677 ,
1249 5629 1279 5668 a
1313 5613 1655 5688 Theodoreto
1688 5627 1810 5688 _au-

243 5685 356 5744 tem
377 5685 557 5743 lectio
609 5687 921 5759 Symtna_chi
953 5689 1032 5742 sic
1060 5688 1283 5759 allcrtur
1302 5725 1317 5746 ,
1347 5687 1638 5759 μυστήριον
1688 5685 1802 5735 Κυ-

245 5763 386 5835 ρίου.
423 5759 554 5826 Qua:
584 5752 788 5832 pariter
808 5757 1197 5815 Tlteodctionis
1227 5752 1357 5813 esse
1377 5752 1578 5809 ibidem
1615 5752 1805 5809 fertur.

1920 4576 2153 4646 imploro
2180 4583 2348 4630 tuam.
2378 4575 2493 4646 Ego
2521 4577 2740 4645 quidem
2764 4578 3142 4646 memetipsum
3175 4578 3400 4647 castigo,
3434 4587 3490 4632 et

1921 4666 2078 4736 quasi
2134 4667 2462 4738 supplicium
2525 4668 2594 4723 de
2650 4669 2896 4738 pristinis
2948 4669 3162 4724 delictis
3226 4685 3485 4733 sumens,

1922 4760 2162 4815 ulciscor
2193 4760 2498 4830 meipsum,
2552 4775 2639 4814 me
2679 4760 2950 4827 abjectum
3000 4759 3278 4814 laboribus
3324 4768 3489 4832 atque

1923 4849 2182 4904 aerumnis
2218 4850 2514 4904 constituo.
2543 4848 2625 4903 Tu
2647 4866 2796 4913 vero,
2821 4849 2984 4912 Deus.
3016 4865 3116 4906 ceu
3153 4852 3278 4922 quis
3311 4861 3488 4908 certa-

1925 4942 2132 4996 minum
2163 4942 2476 5012 praefectus,
2509 4949 2564 4997 et
2593 4957 2828 5012 pugnam
2859 4950 2913 4998 et
2935 4943 3148 5001 labores
3175 4959 3324 5000 meos
3354 4960 3489 5000 con-

1919 5031 2245 5100 templatus,
2277 5032 2491 5087 veniam
2524 5047 2742 5102 quaeso,
2785 5033 3050 5087 scelerum
3099 5034 3405 5100 concedito,
3434 5043 3488 5091 et

1920 5134 2260 5190 quacunque
2288 5120 2344 5174 in
2383 5123 2625 5191 peccatis
2661 5121 2814 5182 edidi
2858 5122 3138 5176 remittito.
3173 5121 3280 5177 Sed
3320 5123 3484 5178 etiam

1923 5211 2176 5268 inimicos
2227 5227 2376 5268 meos
2409 5213 2783 5283 conspicatus,
2815 5221 2948 5283 quot
2983 5211 3230 5268 videlicet
3258 5229 3486 5268 numero

1919 5303 2148 5360 insidias
2173 5304 2308 5360 mihi
2340 5311 2550 5376 parent,
2586 5311 2640 5360 et
2675 5305 2823 5377 quod
2857 5320 2942 5360 me
2973 5305 3100 5360 odio
3134 5305 3320 5378 iniquo
3364 5319 3482 5376 pcr-

1916 5611 2026 5668 Nos
2050 5607 2319 5668 saniorem
2346 5613 2630 5670 lectionem
2659 5631 2725 5670 ex
2753 5632 2887 5674 mss.
2920 5618 3194 5686 omnibus,
3256 5633 3367 5675 uno
3390 5633 3489 5677 ex-

1915 5692 2100 5754 cepto,
2141 5692 2476 5739 mutuamur.
