4010 6530
483 298 582 349 23l

1197 293 1462 352 EUSEBII
1495 292 1974 350 CESARIENSIS
2006 294 2158 353 OPP.
2199 295 2379 351 PARS
2416 294 2581 353 lll.--
2619 296 3030 355 EXEGETICA.

3637 302 3777 355 232

498 420 827 481 sequantur,
858 418 1047 469 custos
1076 419 1194 467 esto
1225 412 1419 466 animae
1466 426 1619 477 meae,
1661 419 1717 467 et
1764 411 1834 467 ab
1883 412 2067 467 inimi-

2173 414 2262 468 καὶ
2289 414 2449 486 ῥῦσαί
2480 432 2549 486 με
2584 416 2685 486 τῆς
2704 417 2813 470 τῶν
2843 418 3117 489 πολεμίων
3146 416 3457 488 ἐπιϐουλῆς.
3494 417 3773 469 Τοσαῦτα

489 519 684 559 eorum
739 504 956 559 insidiis
999 519 1129 561 erue
1178 519 1283 561 me.
1324 503 1420 559 llis
1466 519 1631 574 porro
1679 510 1880 575 gestis,
1930 507 2058 561 tali-

492 596 706 666 busque
738 598 993 667 precibus
1032 595 1283 659 emissis,
1331 611 1400 650 ne
1448 595 1755 651 confundar
1801 596 2056 668 elllagito.

487 687 626 742 Cum
661 690 804 745 enim
836 697 887 743 te
917 703 1066 758 spem
1100 702 1277 742 meam
1310 688 1711 753 constituerim,
1743 691 1910 757 probe
1944 690 2058 743 scio

492 797 555 835 ac
586 798 904 853 persuasum
936 782 1130 844 habeo,
1166 782 1309 851 quod
1352 799 1476 853 spes
1501 798 1608 838 non
1674 785 1995 839 confundat.

564 873 728 929 Vens.
780 875 842 927 2|
876 914 889 939 ,
937 874 1029 929 2%.
1083 872 1391 928 Innocentes
1449 885 1497 928 et
1548 876 1675 929 recti
1728 876 2060 931 adhaeserunt

495 967 640 1030 mihi,
673 968 795 1036 quia
832 968 1060 1021 sustinui
1107 977 1171 1021 te.
1210 966 1422 1031 Libera,
1458 967 1619 1033 Deus,
1657 966 1830 1022 Israel
1859 984 1923 1022 ea:
1952 984 2065 1023 om-

494 1059 645 1113 nibus
677 1058 1110 1113 tribulationibus
1143 1060 1275 1113 suis.
1308 1059 1423 1115 lloc
1456 1074 1485 1113 a
1519 1076 1605 1115 me
1647 1070 1859 1131 gestum
1901 1076 2062 1131 opus,

493 1165 617 1205 cum
662 1152 871 1206 caeteris
928 1151 1207 1214 collatum,
1261 1167 1618 1223 permagnum
1671 1152 1796 1217 fuit,
1857 1153 2065 1222 tibique

494 1242 605 1298 Deo
636 1252 918 1314 acceptum
945 1261 959 1309 ;
993 1244 1179 1298 multis
1210 1244 1357 1299 enim
1385 1246 1695 1314 exemplum
1740 1246 2063 1311 tolerantiae,

494 1337 618 1391 vita:
660 1335 864 1405 probae,
914 1335 1250 1405 pwnitentiae
1303 1344 1358 1390 et
1415 1335 1782 1392 confessionis
1836 1337 2063 1391 exstiti:

496 1433 826 1495 quapropter
869 1425 1190 1480 innocentes
1225 1434 1276 1479 et
1322 1427 1456 1479 recti
1508 1426 1610 1479 viri
1646 1426 1776 1480 mihi
1813 1442 1910 1481 ceu
1943 1427 2067 1497 glu-

496 1515 610 1569 tine
660 1514 941 1585 conjuncti
985 1516 1351 1579 adhazserunt,
1399 1531 1689 1586 meumque
1732 1518 2067 1571 consortium

496 1606 911 1675 expetiverunt;
938 1607 1087 1660 nulla
1120 1622 1251 1661 sane
1281 1607 1383 1659 alia
1414 1605 1481 1661 de
1515 1622 1702 1671 causa,
1748 1623 1909 1678 quam
1940 1607 2068 1677 quia

504 1699 909 1770 perseverando
939 1699 1198 1764 sustinui,
1231 1707 1285 1752 et
1316 1697 1446 1751 nihil
1472 1714 1577 1751 non
1602 1712 1896 1767 perpessus
1923 1713 2067 1762 sum,

2165 507 2220 560 δὲ
2253 507 2467 578 πράξας
2522 510 2617 563 καὶ
2656 508 2892 563 τοσαῦτα
2917 510 3148 580 δεηθεὶς,
3176 512 3248 581 μὴ
3282 510 3771 580 καταισχυνθῆνσι

2165 599 2319 665 ἀξιῶ.
2354 601 2421 653 Σὲ
2447 601 2555 672 γὰρ
2579 600 2765 654 ἐλπίδα
2810 604 3045 673 ἐμαυτοῦ
3071 604 3315 675 θέμενος,
3352 602 3599 674 ἀκριϐῶς
3631 598 3770 657 οἶδα

2166 692 2259 744 καὶ
2281 691 2605 763 πέπεισμαι,
2631 694 2711 747 ὅτι
2745 696 2779 766 ἡ
2816 694 2968 759 ἐλπὶς
2996 696 3055 748 ού
3088 695 3459 766 καταισχύνει.

2242 878 2476 930 Ἄκακοι
2500 875 2597 929 καὶ
2615 876 2809 943 εὐθεῖς
2838 875 3183 931 ἐκολλῶντό
3195 896 3317 948 μοι,
3340 879 3429 934 ὅτι
3452 881 3765 951 ὑπέμεινά

2166 983 2259 1023 σε.
2314 970 2645 1037 Λύτρωσαι,
2692 972 2725 1022 ό
2767 968 2930 1035 Θεὸς,
2972 970 3079 1023 τὸν
3134 972 3371 1039 Ἰσραὴλ
3414 973 3485 1026 ἐκ
3530 974 3763 1028 πασῶν

2167 1060 2285 1115 τῶν
2305 1062 2570 1130 θλίψεων
2590 1061 2795 1115 αὐτοῦ.
2823 1064 2934 1116 Καὶ
2962 1064 3121 1117 τοῦτό
3150 1082 3238 1136 μοι
3266 1068 3402 1139 πρὸς
3428 1072 3540 1132 τοῖς
3564 1070 3761 1135 ἄλλοις

2169 1152 2552 1224 κατορθώμασι
2608 1154 2753 1222 μέγα
2802 1154 3031 1225 ὑπῆρξε,
3070 1156 3165 1208 καὶ
3196 1158 3278 1211 σοὶ
3306 1158 3383 1229 τῷ
3406 1160 3523 1229 Θεῷ
3556 1161 3717 1230 φίλον
3738 1179 3756 1191 ·

2173 1246 2387 1309 πολλοῖς
2426 1246 2534 1317 γὰρ
2588 1245 2849 1315 ἐγινόμην
2885 1246 3247 1319 ὑπογραμμὸς
3283 1250 3597 1322 καρτερίας,
3632 1252 3758 1321 βίον

2169 1357 2229 1392 τε
2294 1337 2489 1408 σεμνοῦ
2540 1340 2635 1391 καὶ
2676 1340 2962 1409 μετανοίας
3016 1341 3108 1393 καὶ
3156 1341 3625 1413 ἐξομολογήσεωςο
3669 1345 3755 1399 διὸ

2170 1433 2363 1487 ἄκακοι
2394 1431 2581 1503 ἄνδρες
2608 1434 2700 1484 καὶ
2727 1434 2903 1498 εὐθεῑς
2929 1435 3261 1505 συνήπτοντό
3284 1453 3371 1505 μοι
3395 1436 3753 1507 κολλώμενοι,

2171 1523 2264 1576 καὶ
2292 1522 2551 1593 συμϐιοῦν
2576 1522 2871 1589 ἀξιοῦντες,
2898 1525 2961 1578 δι’
2990 1525 3138 1578 οὐδὲν
3168 1525 3354 1597 ἕτερον
3375 1527 3406 1597 ἢ
3428 1528 3508 1581 ὅτι
3538 1530 3751 1600 ὑπέμε-

2172 1635 2260 1671 νον
2285 1617 2587 1689 καρτερῶν,
2628 1618 2721 1671 καὶ
2754 1618 2931 1671 πάντα
2954 1618 3246 1690 ὑπέφερον,
3281 1621 3339 1673 σέ
3378 1620 3473 1691 τὴν
3506 1623 3752 1691 ἐμαυτοῦ

2172 1710 2359 1763 ἐλπίδα
2410 1709 2870 1781 προϐεϐλημένος.
2936 1710 3158 1774 Τούτοις
3219 1711 3421 1767 ἅπασιν
3473 1714 3749 1783 ἐπιλέγει’

496 1791 644 1861 quod
674 1798 727 1845 te
760 1804 907 1859 spem
941 1806 1114 1843 meam
1146 1790 1545 1845 constituerim.
1581 1786 1675 1845 llis
1713 1790 1827 1845 haec
1861 1790 2065 1845 subne-

2173 1805 2493 1872 Λύτρωσαι,
2540 1806 2573 1857 ό
2635 1803 2796 1870 Θεὸς,
2841 1803 2949 1857 τὸν
2994 1802 3230 1871 Ἰσραὴλ
3271 1805 3339 1857 ἐκ
3381 1805 3593 1860 πασῶν
3630 1807 3749 1861 τῶγ

496 1880 843 1946 ctit,Libera,
879 1882 1038 1949 Deus,
1074 1880 1247 1936 Israel
1274 1897 1337 1937 ea:
1366 1881 1606 1937 omnibus
1638 1881 2064 1936 tribulationibus

497 1976 639 2029 suis:
671 1990 791 2029 sese
825 1975 1035 2030 scilicet
1074 1974 1331 2029 lsraclem
1363 1974 1434 2028 ob
1468 1975 1721 2043 superius
1768 1980 2067 2029 memorata

508 2072 661 2135 gesta
688 2073 992 2135 nuncupat.
1023 2062 1172 2119 Talis
1211 2065 1357 2120 enim
1383 2071 1467 2119 est
1494 2065 1746 2133 quisquis
1773 2064 1840 2118 ab
1874 2065 2069 2118 animte

497 2174 611 2213 SlLB
657 2156 971 2212 conditione
1023 2157 1235 2211 Israelis
1270 2170 1469 2209 nomen
1530 2156 1758 2209 obtinet.
1806 2154 1915 2208 Aut
1962 2154 2069 2208 alia

499 2246 729 2313 ratione,
765 2260 887 2299 cum
938 2246 1011 2298 ita
1042 2245 1328 2299 institutus
1361 2245 1453 2308 sit,
1510 2250 1570 2297 ut
1613 2260 1723 2298 non
1770 2244 1856 2299 sui
1896 2244 2068 2299 solius

497 2339 805 2395 custodiam
837 2344 1009 2408 gerat,
1042 2345 1133 2390 aut
1180 2337 1265 2391 sui
1305 2345 1519 2390 tantum
1552 2338 1841 2402 sollicitus,
1883 2354 1982 2408 pro
2010 2353 2070 2394 se

500 2432 619 2488 solo
651 2430 817 2485 Deum
850 2438 1135 2499 precetur;
1162 2437 1284 2497 post
1327 2443 1440 2481 rem
1472 2427 1609 2482 bene
1638 2438 1869 2499 gestam,
1917 2436 2071 2498 post-

500 2537 663 2592 quam
714 2535 812 2574 sua
858 2525 1005 2573 recte
1059 2517 1389 2588 composuit,
1430 2534 1531 2588 pro
1576 2518 1831 2573 universo
1868 2520 2071 2591 p0pulo

501 2610 595 2665 Dei
631 2610 1056 2680 supplicationes
1094 2609 1315 2673 emittit,
1357 2617 1646 2679 rogatque,
1691 2619 1773 2675 ut,
1809 2611 2071 2680 quemad-

502 2704 724 2758 modum
771 2718 830 2757 se
864 2702 1095 2757 antehac
1143 2718 1210 2757 ex
1245 2704 1505 2757 arumnis
1548 2710 1604 2758 et
1650 2705 1916 2776 angustiis
1960 2705 2067 2761 eri-

501 2810 630 2866 pere
677 2794 931 2865 dignatus
979 2803 1083 2857 est,
1132 2792 1186 2846 id
1228 2792 1408 2861 ipsum
1446 2803 1571 2863 agat
1599 2809 1728 2865 erga
1760 2802 1939 2849 totum
1976 2795 2071 2851 Dei

502 2889 784 2963 populum,
835 2889 930 2958 qui
977 2887 1314 2959 intelligendi
1362 2888 1602 2959 quadam
1654 2890 1866 2947 ratione
1903 2890 2072 2949 Israel

504 2990 872 3053 nuncupatur.

904 3091 1230 3148 PSALMUS
1262 3092 1469 3147 DAVID
1493 3092 1660 3149 XXV.

2167 1898 2431 1965 θλίψεων
2452 1897 2638 1951 αὐτοῦ
2658 1915 2670 1927 ·
2701 1899 2817 1968 ἤτοι
2852 1896 3014 1959 αὐτὸς
3032 1896 3225 1949 ἑαυτὸν
3258 1896 3750 1969 ἐξομολογούμενος

2176 1990 2389 2061 Ἰσραὴλ
2416 1990 2695 2062 ὀνομάζων
2726 1991 2814 2044 διὰ
2838 1989 2906 2042 τά
2936 1988 3304 2059 προλεχθέντα
3343 1989 3507 2044 αὑτοῦ
3545 2009 3750 2063 κατορ-

2170 2079 2396 2151 θώματα
2417 2098 2429 2111 ·
2458 2081 2697 2145 τοιοῦτος
2719 2082 2827 2150 γάρ
2864 2082 3009 2133 ἐστιν
3047 2082 3076 2133 ό
3122 2080 3262 2133 κατά
3302 2079 3479 2150 ψυχὴν
3508 2082 3745 2153 Ἰσραήλ.

2172 2170 2245 2223 Ἦ
2278 2170 2471 2234 ἄλλως,
2500 2170 2883 2240 διδασκόμενος
2924 2169 2999 2241 μὴ
3031 2171 3221 2224 ἑαυτὸν
3255 2171 3413 2241 μόνον
3439 2171 3747 2240 φυλάττειν,

2173 2262 2306 2334 μηδέ
2343 2260 2491 2332 αύτῷ
2521 2262 2665 2332 μόνῳ
2711 2260 3050 2325 σπουδάζειν,
3079 2264 3173 2315 καὶ
3203 2262 3331 2331 περὶ
3372 2263 3529 2333 μόνου
3556 2265 3747 2318 ἐαυτοῦ

2169 2358 2260 2409 τὸν
2308 2355 2439 2408 Θεὸν
2493 2354 2752 2407 ἱκετεύειν
2777 2371 2790 2383 ·
2827 2354 2964 2425 μετὰ
2998 2354 3056 2407 δέ
3094 2354 3156 2406 τὸ
3184 2353 3524 2425 κατορθῶσαι
3559 2357 3653 2409 καὶ
3687 2354 3748 2412 εὖ

2169 2444 2237 2498 τά
2266 2445 2386 2498 καθ’
2410 2444 2601 2497 ἐαυτὸν
2642 2443 2937 2509 διαθέσθαι,
2974 2444 3115 2514 ὺπέρ
3142 2442 3237 2496 τοῦ
3273 2445 3471 2507 παντὸς
3497 2444 3628 2498 λαοῦ
3652 2448 3748 2501 τοῦ

2169 2534 2304 2588 Θεοῦ
2355 2535 2453 2598 τὰς
2500 2534 2869 2605 παρακλήσεις
2898 2534 3209 2605 ἀναπέμπει
3234 2552 3247 2565 ’
3304 2535 3532 2588 ἱκετεύει
3567 2554 3649 2601 τε,
3684 2540 3751 2593 ἶν’

2170 2627 2358 2701 ὥσπερ
2384 2629 2638 2701 ἀνωτέρω
2670 2628 2860 2683 ἐαυτὸν
2880 2627 3031 2698 ἠξίου
3065 2629 3325 2701 ρυσθῆναι
3358 2631 3465 2683 ἀπὸ
3488 2632 3597 2684 τῶν
3621 2634 3750 2687 ἐαυ-

2170 2728 2264 2782 τοῦ
2316 2728 2585 2799 θλίψεων,
2630 2729 2771 2783 οῦτω
2824 2730 2919 2783 καὶ
2978 2730 3155 2784 πάντα
3196 2732 3290 2783 τὸν
3319 2730 3416 2784 τοῦ
3449 2729 3586 2784 Θεοῦ
3619 2728 3750 2783 λαὸν

2172 2820 2316 2874 κατά
2346 2820 2583 2875 διάνοιαν
2629 2821 2843 2894 Ἰσραὴλ
2874 2822 3292 2894 ὀνομαζόμενον.

2561 3074 2857 3128 ΨΑΛΜΟΣ
2880 3074 2968 3127 ΤΩ
3001 3073 3201 3127 ΔΑΥΙΔ
3231 3074 3361 3128 κε’.

573 3183 740 3239 Vens.
760 3182 811 3236 l.
834 3180 1031 3235 Judica
1079 3197 1180 3247 me,
1231 3182 1469 3248 Domine,
1509 3183 1757 3251 quoniam
1787 3198 1879 3254 ego
1908 3184 1963 3237 in
1995 3185 2068 3239 in-

2246 3167 2465 3235 Κρῖνόν
2483 3182 2581 3236 με,
2615 3168 2812 3235 Κύριε,
2840 3166 2929 3221 ὅτι
2953 3166 3066 3235 ἐγὼ
3098 3167 3169 3220 ἐν
3203 3166 3423 3235 ἀκακία
3453 3184 3571 3237 μου
3612 3165 3754 3221 ἐπο-

502 3274 745 3331 nocentia
771 3286 887 3326 mea
924 3286 1231 3341 progressus
1263 3286 1402 3334 sum,
1433 3278 1482 3323 et
1511 3271 1567 3324 in
1606 3269 1832 3324 Domino
1861 3286 2075 3340 sperans

504 3364 610 3424 non
626 3364 1002 3422 commovebar.
1024 3363 1279 3419 Fortasse
1306 3362 1579 3434 quispiam
1603 3363 1717 3418 haec
1730 3362 1874 3417 dicta
1887 3362 2077 3420 Davidi

505 3461 751 3519 referens
781 3459 1027 3530 apposite
1057 3457 1278 3521 dixerit,
1306 3457 1489 3528 ipsum
1514 3456 1789 3527 supplices
1814 3454 1926 3512 Deo
1948 3472 2075 3527 pre-

504 3566 599 3611 ces
620 3550 897 3608 ell‘undere
926 3565 1027 3620 pro
1054 3550 1164 3604 vita
1191 3564 1311 3605 sua.
1352 3545 1490 3603 Nam
1517 3563 1643 3604 cum
1680 3558 1908 3605 sanctus
1932 3549 2078 3621 Apo-

508 3644 682 3701 stolus
711 3642 858 3697 dicat
884 3660 898 3697 :
927 3640 1144 3711 Oportet
1164 3641 1397 3711 primum
1424 3640 1658 3695 omnium
1686 3640 1805 3711 ﬁeri
1835 3641 2078 3697 obsecra-

508 3736 692 3799 tiones,
715 3734 1000 3797 orationes,
1018 3732 1418 3802 postulationes,
1440 3733 1735 3803 gratiarum
1749 3733 1981 3788 actiones
1996 3734 2038 3767 ³⁷
2057 3752 2072 3802 ;

507 3841 573 3881 ac
622 3826 881 3897 praedicta
929 3826 985 3880 in
1033 3832 1270 3895 quatuor
1305 3824 1519 3895 species
1562 3824 1927 3890 distribuerit,
1980 3839 2077 3895 par

506 3927 591 3976 est
620 3934 719 3974 nos
753 3933 815 3973 ea
838 3932 958 3988 qua:
986 3916 1041 3970 in
1066 3916 1399 3986 psalmorum
1440 3914 1581 3969 libro
1619 3913 1871 3970 feruntur
1894 3926 2077 3972 mente

509 4009 871 4082 perpendere,
923 4016 1086 4077 atque
1127 4006 1373 4063 indicare
1400 4007 1624 4077 quinam
1676 4022 1868 4063 eorum
1916 4008 2076 4065 obse-

509 4103 805 4164 crationes,
838 4102 931 4172 qui
974 4101 1272 4163 orationes,
1305 4099 1398 4170 qui
1443 4100 1863 4181 postulationes,
1896 4104 2076 4156 maxi-

509 4209 705 4264 meque
746 4194 839 4263 qui
886 4194 1184 4262 gratiarum
1220 4192 1465 4245 actiones
1512 4190 1845 4261 praeferant:
1878 4192 2076 4262 quidve

511 4287 659 4342 aliud
697 4286 765 4340 ab
800 4285 907 4339 alio
940 4283 1175 4349 differat,
1205 4292 1366 4354 atque
1396 4299 1460 4338 ex
1499 4291 1611 4337 toto
1643 4284 1975 4353 psalmorum
2012 4286 2076 4339 li-

510 4380 612 4435 bro
641 4391 805 4448 supra
833 4376 1106 4431 dictorum
1138 4375 1497 4445 proprietates
1527 4375 1785 4446 seligere;
1816 4382 1897 4439 ut,
1923 4376 2073 4431 verbi

510 4486 697 4538 causa,
726 4468 1156 4534 obsecrationes,
1186 4484 1253 4521 ex
1284 4467 1351 4521 iis
1380 4468 1609 4538 psalmis
1640 4468 1732 4538 qui
1773 4468 2075 4522 invocatio-

509 4581 607 4622 nes
651 4573 704 4620 et
761 4562 1185 4633 supplicationes
1245 4561 1704 4631 complectuntur,
1767 4562 1821 4615 in
1876 4562 2074 4632 quibus

507 4666 725 4714 exstant
762 4658 923 4711 etiam
966 4654 1376 4717 confessiones;
1427 4653 1605 4723 qualis
1656 4664 1740 4709 est
1777 4655 2072 4723 vigesimus

508 4756 737 4821 quartus
776 4747 1037 4817 psalmus,
1070 4745 1163 4815 qui
1194 4759 1369 4814 neque
1410 4743 1706 4805 canticum,
1734 4758 1908 4811 neque
1928 4744 2074 4813 psal~

509 4856 653 4905 mus,
688 4854 864 4909 neque
894 4838 1150 4908 hymnus.
1191 4850 1370 4905 neque
1413 4834 1589 4891 simile
1628 4833 1929 4906 quidpiam,
1970 4836 2068 4891 sed

509 4931 697 4986 Davidi
726 4932 905 4987 solum
931 4930 1268 4985 inscribitur.
1299 4928 1588 4985 Orationes
1617 4935 1766 4993 sunt,
1804 4936 2071 4999 quotquot

510 5023 704 5095 psalmi
736 5025 790 5077 in
821 5022 980 5076 titulo
1008 5020 1286 5075 orationes
1316 5020 1606 5085 dicuntur;
1641 5020 1951 5091 cuiusmodi
1991 5029 2074 5076 est

509 5114 754 5169 decimus
784 5122 993 5179 sextus,
1026 5113 1390 5183 octogesimus
1422 5113 1671 5182 quintus,
1702 5112 2073 5182 octogesimus

511 5222 711 5271 nonus,
759 5206 1090 5262 centesimus
1132 5205 1364 5275 primus,
1408 5205 1740 5260 centesimus
1769 5208 2073 5277 quadrage-

512 5300 685 5359 simus
722 5297 953 5369 primus.
1000 5296 1310 5352 Gratiarum
1352 5297 1599 5353 actiones
1644 5307 1793 5363 sunt,
1824 5299 1916 5367 qui
1952 5297 2071 5368 pari

510 5384 725 5446 ratione
753 5404 815 5444 ac
844 5388 1175 5445 centesimus
1206 5388 1480 5444 secundus
1502 5387 1799 5458 conscripti
1834 5396 1984 5450 sunt,
2014 5388 2069 5440 in

511 5498 619 5551 quo
659 5483 739 5537 sic
782 5480 1017 5550 legitur:
1044 5478 1288 5543 Benedic,
1337 5480 1519 5534 anima
1551 5494 1688 5544 mea,
1740 5476 1990 5541 Domino,
2019 5486 2070 5532 et

510 5575 621 5629 noli
675 5572 910 5628 oblivisci
951 5587 1127 5627 omnes
1168 5570 1537 5627 retributiones
1570 5570 1718 5639 ejus,
1763 5575 1818 5623 et
1850 5575 2066 5624 caetera.

580 5730 624 5765 "
664 5728 685 5784 l
718 5728 857 5785 Tim.
895 5747 970 5791 ιι.
1006 5730 1059 5787 l.
1102 5728 1235 5787 Vide
1266 5742 1428 5796 supra
1461 5726 1655 5797 psalm.
1692 5738 1804 5791 vn,
1839 5722 1900 5791 l,
1938 5722 1989 5779 5.

2170 3260 2416 3328 ρεύθην,
2439 3257 2539 3313 καὶ
2559 3257 2657 3311 ἐπὶ
2677 3257 2757 3325 τῷ
2772 3259 2964 3326 Κιφίῳ
2978 3255 3232 3317 ἐλπίζων·
3249 3260 3321 3312 οὐ
3342 3257 3429 3326 μὴ
3448 3255 3753 3313 σαλευθῶ.

2189 3350 2355 3415 Ἰδίως
2390 3350 2456 3405 ἄν
2482 3367 2567 3414 τις
2606 3350 2700 3404 ἐπὶ
2742 3350 2833 3403 τὸν
2859 3348 3021 3403 Δαυῖδ
3068 3349 3351 3419 ἀναφέρων
3373 3350 3499 3413 τοὺς
3529 3366 3755 3421 προκει-

2179 3442 2373 3513 μένους
2399 3441 2611 3511 λόγους,
2634 3441 2775 3495 είποι
2796 3439 2861 3493 ἂν
2882 3441 3130 3511 ἐντυχίαν
3144 3440 3306 3493 αὑτὸν
3324 3440 3591 3494 ποιεῖσθαι
3612 3440 3753 3511 πρὸς

2173 3532 2266 3587 τὸν
2290 3530 2422 3586 Θεὸν
2454 3532 2582 3604 περὶ
2607 3532 2700 3586 τοῦ
2728 3530 2854 3585 ἱδὶου
2887 3530 3021 3602 βίου.
3052 3530 3159 3584 Τοῦ
3176 3531 3284 3604 γὰρ
3306 3530 3452 3603 ἱεροῦ
3492 3531 3751 3585 Ἀποστό-

2174 3621 2269 3676 λου
2299 3623 2597 3695 φήσαντος·
2642 3622 2883 3692 Πρῶτον
2920 3622 3155 3677 πάντων
3181 3624 3276 3677 δεῖ
3293 3623 3586 3678 ποιεῖσθαι
3612 3621 3752 3690 δεή-

2175 3729 2328 3781 σεις,
2378 3715 2755 3785 προσευχὰς,
2790 3716 3126 3783 ἐντεύξεις,
3163 3715 3580 3785 εὐχαριστίας·
3653 3715 3751 3769 καὶ

2174 3806 2437 3871 διελόντος
2480 3808 2550 3863 τὰ
2595 3807 2961 3880 προλεχθέντα
3007 3810 3086 3872 εἱς
3138 3809 3253 3880 εἴδη
3296 3808 3556 3880 τέσσαρα,
3595 3808 3748 3879 ἡμᾶς

2175 3903 2441 3974 προσήκει
2467 3901 2568 3974 τὴν
2598 3901 2834 3957 διάνοιαν
2859 3905 2971 3965 τοίς
3005 3904 3063 3955 ἐν
3087 3905 3153 3973 τῇ
3181 3902 3348 3972 βίϐλῳ
3380 3901 3489 3955 τῶν
3502 3900 3750 3972 Ψαλμῶν

2175 3992 2570 4063 ἐμφερομένοις
2617 3994 2844 4065 ἐφιστᾷν
2886 3993 2977 4046 τὸν
3023 3991 3166 4059 νοῦν,
3221 3992 3749 4064 ἐπισημαινομένους

2174 4083 2317 4148 τίνες
2344 4086 2439 4155 μὲν
2464 4085 2642 4139 αὐτῶν
2681 4086 2997 4157 περιέχουσι
3021 4085 3252 4156 δεήσεις,
3284 4086 3378 4139 καὶ
3404 4085 3548 4149 τίνες
3578 4101 3749 4157 προσ-

2175 4174 2358 4245 ευχάς,
2410 4177 2502 4230 καὶ
2538 4178 2683 4242 τίνες
2726 4178 3014 4243 ἐντεύξεις,
3046 4178 3138 4231 καὶ
3163 4179 3256 4231 ἐπὶ
3298 4180 3432 4232 πᾶσι
3464 4179 3606 4242 τίνες
3657 4180 3748 4233 eb-

2175 4270 2491 4339 χαριστίαςο
2526 4269 2578 4322 τί
2604 4287 2662 4323 τε
2707 4270 2952 4342 διαφέρει
3009 4270 3235 4343 θάτερον
3266 4270 3517 4342 θατέρου,
3557 4271 3748 4324 ἀναλέ-

2174 4360 2365 4429 γεσθαί
2420 4378 2482 4414 τε
2534 4362 2641 4415 ἀπὸ
2682 4364 2860 4433 πάσης
2905 4363 3005 4433 τῆς
3046 4363 3228 4432 βίϐλου
3261 4363 3369 4417 τῶν
3406 4364 3648 4435 Ψαλμῶν
3676 4362 3745 4416 τὰ

2180 4452 2443 4525 ἰδιώματα
2473 4455 2583 4509 τῶν
2608 4457 2913 4527 εἰρημένων
2939 4474 2952 4486 ·
2988 4452 3098 4510 οἷον
3145 4457 3244 4519 τὰς
3277 4458 3374 4528 μὲν
3404 4458 3615 4529 δεήσεις
3638 4456 3745 4511 ἀπὸ

2108 4541 2149 4595 [δ
2177 4547 2285 4600 τῶν
2319 4549 2679 4619 περιεχόντων
2708 4549 3105 4621 παρακλήσεις,
3134 4550 3228 4603 καὶ
3247 4551 3547 4623 ἱκετηρίας,
3582 4554 3638 4604 ἐν
3658 4545 3745 4613 αἷς

2178 4636 2350 4691 δὲααὶ
2373 4638 2785 4710 ἐξομολογήσεις
2823 4640 3077 4711 φέρονται
3102 4657 3116 4671 °
3148 4641 3330 4703 ὁποῖός
3361 4642 3509 4694 ἐστιν
3534 4644 3562 4694 ὁ
3598 4644 3742 4695 εἱκο-

2179 4729 2593 4802 στδςθτέταρτος
2636 4731 2869 4802 ψαλμὺς,
2905 4732 3027 4785 οὔτε
3052 4733 3184 4804 ᾠδὴ,
3214 4732 3337 4786 οῦτε
3362 4733 3594 4804 ψαλμὸς.
3624 4733 3742 4787 οὔτε

2178 4824 2364 4895 ὕμνος,
2397 4825 2521 4879 οὔτε
2548 4843 2600 4879 τι
2639 4826 2907 4880 τοιοῦτον·
2956 4826 3071 4879 ἀλλ’
3107 4826 3293 4891 ἁπλῶς
3326 4826 3402 4898 τῷ
3430 4827 3594 4881 Δαυῒδ
3625 4832 3747 4881 ἐπι-

2175 4922 2577 4993 γεγραμμένος.
2647 4923 2953 4994 Προσευχαὶ
2989 4923 3046 4976 δέ
3096 4925 3255 4988 εἰσιν,
3282 4924 3395 4978 ὅσοι
3425 4926 3483 4978 ἐν
3510 4927 3575 4996 τῇ
3618 4941 3747 4993 προ-

2176 5017 2360 5085 γραφῇ
2416 5014 2731 5085 προσευχῶν
2780 5015 3204 5087 ἐπιγράφουσιν·
3236 5010 3348 5069 οἷον
3384 5019 3413 5071 ὁ
3444 5016 3503 5083 ἐξ
3551 5018 3643 5070 καὶ
3663 5017 3749 5069 δέ-

2175 5120 2358 5167 κατος,
2390 5104 2538 5157 καὶὸ
2568 5104 2921 5175 ὀγδοηκοστὸς
2960 5105 3233 5177 πέμπτος,
3268 5108 3361 5161 καὶ
3393 5108 3746 5179 ὀγδοηκοστὸς

2173 5192 2408 5257 ἔννατος,
2448 5194 2542 5247 καὶ
2586 5194 2875 5259 ἐκατοστδς
2906 5196 3142 5267 πρῶτος,
3178 5199 3589 5261 καὶἐκατοστὺς
3621 5212 3746 5250 τεσ-

2174 5291 2507 5359 σαρακοστὸς
2549 5287 2780 5360 πρῶτος.
2816 5289 3169 5361 Εὑχαριστίαι
3190 5291 3251 5345 δέ
3290 5292 3426 5345 εἱσιν
3458 5293 3506 5344 οἱ
3548 5290 3745 5361 ὁμοίως

2175 5384 2387 5457 ἔχοντες
2400 5384 2477 5455 τῷ
2492 5384 2763 5455 ἑκατοστῷ
2778 5385 3035 5458 δευτέρῳ,
3054 5388 3111 5439 ἐν
3130 5380 3175 5455 ᾧ
3202 5385 3414 5458 εἴρηται
3432 5402 3446 5416 ·
3473 5387 3741 5452 Εὺλότει,

2175 5477 2561 5548 riu-01111101),
2610 5478 2714 5533 τὸν
2767 5481 3007 5548 Κύριον,
3073 5481 3173 5534 καὶ
3206 5479 3292 5549 μὴ
3342 5476 3743 5533 earum-0er

2176 5568 2376 5635 πάσας
2424 5569 2530 5637 τὰς
2561 5571 2996 5638 ἀνταποδόσεις
3056 5571 3244 5627 αὐτοῦ
3263 5611 3278 5638 ,
3334 5572 3427 5625 καὶ
3481 5568 3549 5623 τά
3596 5568 3737 5639 ἑξῆς.
