  <div class='ocr_page' id='page_1' title='image "/cluster/home/n/w/nwhite01/storage/ocr_20150623/23/hvd.32044019207711/124.png"; bbox 0 0 4010 6536; ppageno 0'>
   <div class='ocr_carea' id='block_1_1' title="bbox 264 329 367 382">
    <p class='ocr_par' dir='ltr' id='par_1_1' title="bbox 264 329 367 382">
     <span class='ocr_line' id='line_1_1' title="bbox 264 329 367 382; baseline -0.01 0"><span class='ocrx_word' id='word_1_1' title='bbox 264 329 367 382; x_wconf 70' lang='grc'><strong>253</strong></span> 
     </span>
    </p>
   </div>
   <div class='ocr_carea' id='block_1_2' title="bbox 1386 328 2368 395">
    <p class='ocr_par' dir='ltr' id='par_1_2' title="bbox 1386 328 2368 395">
     <span class='ocr_line' id='line_1_2' title="bbox 1386 328 2368 395; baseline 0.006 -10"><span class='ocrx_word' id='word_1_2' title='bbox 1386 328 1889 395; x_wconf 75' lang='lat' dir='ltr'><strong>COMMENTARIA</strong></span> <span class='ocrx_word' id='word_1_3' title='bbox 1931 335 1997 389; x_wconf 85' lang='lat' dir='ltr'><strong>lN</strong></span> <span class='ocrx_word' id='word_1_4' title='bbox 2035 335 2368 391; x_wconf 70' lang='lat' dir='ltr'><strong>PSALMOS.</strong></span> 
     </span>
    </p>
   </div>
   <div class='ocr_carea' id='block_1_3' title="bbox 3402 340 3511 394">
    <p class='ocr_par' dir='ltr' id='par_1_3' title="bbox 3402 340 3511 394">
     <span class='ocr_line' id='line_1_3' title="bbox 3402 340 3511 394; baseline -0.009 0"><span class='ocrx_word' id='word_1_5' title='bbox 3402 340 3511 394; x_wconf 64' lang='grc'><strong>231</strong></span> 
     </span>
    </p>
   </div>
   <div class='ocr_carea' id='block_1_4' title="bbox 264 442 1823 543">
    <p class='ocr_par' dir='ltr' id='par_1_4' title="bbox 264 442 1804 521">
     <span class='ocr_line' id='line_1_4' title="bbox 264 442 1804 521; baseline 0.005 -25"><span class='ocrx_word' id='word_1_6' title='bbox 264 443 541 510; x_wconf 83' lang='grc' dir='ltr'>Ἔντευξιν</span> <span class='ocrx_word' id='word_1_7' title='bbox 560 445 617 499; x_wconf 82' lang='grc' dir='ltr'><strong>δέ</strong></span> <span class='ocrx_word' id='word_1_8' title='bbox 646 446 891 516; x_wconf 75' lang='grc' dir='ltr'><strong>περιέχει</strong></span> <span class='ocrx_word' id='word_1_9' title='bbox 907 445 936 499; x_wconf 84' lang='grc' dir='ltr'><strong>δ</strong></span> <span class='ocrx_word' id='word_1_10' title='bbox 966 446 1103 516; x_wconf 87' lang='grc' dir='ltr'><strong>μετά</strong></span> <span class='ocrx_word' id='word_1_11' title='bbox 1128 450 1332 518; x_wconf 82' lang='grc' dir='ltr'>χεῖρας,</span> <span class='ocrx_word' id='word_1_12' title='bbox 1353 450 1410 501; x_wconf 88' lang='grc' dir='ltr'><strong>ἐν</strong></span> <span class='ocrx_word' id='word_1_13' title='bbox 1496 450 1804 521; x_wconf 78' lang='grc' dir='ltr'>γέγραπται</span> 
     </span>
    </p>
   </div>
   <div class='ocr_carea' id='block_1_5' title="bbox 1934 442 3516 543">
    <p class='ocr_par' dir='ltr' id='par_1_5' title="bbox 1941 453 3516 530">
     <span class='ocr_line' id='line_1_5' title="bbox 1941 453 3516 530; baseline 0.007 -26"><span class='ocrx_word' id='word_1_14' title='bbox 1941 453 2343 509; x_wconf 86' lang='lat' dir='ltr'><strong>Postulationes</strong></span> <span class='ocrx_word' id='word_1_15' title='bbox 2387 454 2630 510; x_wconf 89' lang='lat' dir='ltr'><strong>continet</strong></span> <span class='ocrx_word' id='word_1_16' title='bbox 2675 470 2916 526; x_wconf 74' lang='lat' dir='ltr'><strong>prtesens</strong></span> <span class='ocrx_word' id='word_1_17' title='bbox 2970 457 3256 527; x_wconf 82' lang='lat' dir='ltr'><strong>psalmus,</strong></span> <span class='ocrx_word' id='word_1_18' title='bbox 3307 458 3516 530; x_wconf 88' lang='lat' dir='ltr'><strong>inquo</strong></span> 
     </span>
    </p>
   </div>
   <div class='ocr_carea' id='block_1_6' title="bbox 258 534 616 604">
    <p class='ocr_par' dir='ltr' id='par_1_6' title="bbox 258 534 616 604">
     <span class='ocr_line' id='line_1_6' title="bbox 258 534 616 604; baseline 0.006 -17"><span class='ocrx_word' id='word_1_19' title='bbox 258 534 480 602; x_wconf 83' lang='grc' dir='ltr'>Κρῖνόν</span> <span class='ocrx_word' id='word_1_20' title='bbox 520 552 616 604; x_wconf 80' lang='grc' dir='ltr'><strong>με,</strong></span> 
     </span>
    </p>
   </div>
   <div class='ocr_carea' id='block_1_7' title="bbox 255 626 916 697">
    <p class='ocr_par' dir='ltr' id='par_1_7' title="bbox 255 626 916 697">
     <span class='ocr_line' id='line_1_7' title="bbox 255 626 916 697; baseline 0 -18"><span class='ocrx_word' id='word_1_21' title='bbox 255 627 497 692; x_wconf 86' lang='grc' dir='ltr'>ρεύθην,</span> <span class='ocrx_word' id='word_1_22' title='bbox 532 626 628 680; x_wconf 71' lang='grc' dir='ltr'><strong>καὶ</strong></span> <span class='ocrx_word' id='word_1_23' title='bbox 668 626 736 680; x_wconf 83' lang='grc' dir='ltr'><strong>τά</strong></span> <span class='ocrx_word' id='word_1_24' title='bbox 769 626 916 697; x_wconf 81' lang='grc' dir='ltr'>ἐξῆς.</span> 
     </span>
    </p>
   </div>
   <div class='ocr_carea' id='block_1_8' title="bbox 344 712 1836 790">
    <p class='ocr_par' dir='ltr' id='par_1_8' title="bbox 344 712 1836 790">
     <span class='ocr_line' id='line_1_8' title="bbox 344 712 1836 790; baseline 0.006 -22"><span class='ocrx_word' id='word_1_25' title='bbox 344 717 520 788; x_wconf 76' lang='grc' dir='ltr'>Ἐρεῖς</span> <span class='ocrx_word' id='word_1_26' title='bbox 551 712 667 781; x_wconf 78' lang='grc' dir='ltr'>οὖν,</span> <span class='ocrx_word' id='word_1_27' title='bbox 719 718 908 789; x_wconf 81' lang='grc' dir='ltr'>ἐπειδὴ</span> <span class='ocrx_word' id='word_1_28' title='bbox 965 717 1135 782; x_wconf 82' lang='grc' dir='ltr'>ὅντως</span> <span class='ocrx_word' id='word_1_29' title='bbox 1173 718 1377 790; x_wconf 75' lang='grc' dir='ltr'>ἤρξατο</span> <span class='ocrx_word' id='word_1_30' title='bbox 1410 723 1440 774; x_wconf 89' lang='grc' dir='ltr'><strong>ό</strong></span> <span class='ocrx_word' id='word_1_31' title='bbox 1477 723 1662 786; x_wconf 83' lang='grc' dir='ltr'>Δαυῒδ,</span> <span class='ocrx_word' id='word_1_32' title='bbox 1692 724 1767 788; x_wconf 83' lang='grc' dir='ltr'>ὼς</span> <span class='ocrx_word' id='word_1_33' title='bbox 1787 725 1836 778; x_wconf 81' lang='lat' dir='ltr'><strong>oi</strong></span> 
     </span>
    </p>
   </div>
   <div class='ocr_carea' id='block_1_9' title="bbox 674 536 1837 610">
    <p class='ocr_par' dir='ltr' id='par_1_9' title="bbox 674 536 1837 610">
     <span class='ocr_line' id='line_1_9' title="bbox 674 536 1837 610; baseline 0.003 -20"><span class='ocrx_word' id='word_1_34' title='bbox 674 537 871 601; x_wconf 83' lang='grc' dir='ltr'>Κύριε,</span> <span class='ocrx_word' id='word_1_35' title='bbox 905 536 998 589; x_wconf 85' lang='grc' dir='ltr'>ὅτι</span> <span class='ocrx_word' id='word_1_36' title='bbox 1051 538 1165 607; x_wconf 70' lang='grc' dir='ltr'><strong>ἐγὼ</strong></span> <span class='ocrx_word' id='word_1_37' title='bbox 1197 539 1268 592; x_wconf 80' lang='grc' dir='ltr'>ἐν</span> <span class='ocrx_word' id='word_1_38' title='bbox 1309 540 1524 607; x_wconf 69' lang='grc' dir='ltr'>ἀκακία</span> <span class='ocrx_word' id='word_1_39' title='bbox 1550 558 1670 610; x_wconf 84' lang='grc' dir='ltr'><strong>μου</strong></span> <span class='ocrx_word' id='word_1_40' title='bbox 1697 542 1837 594; x_wconf 82' lang='grc' dir='ltr'>ἐπο-</span> 
     </span>
    </p>
   </div>
   <div class='ocr_carea' id='block_1_10' title="bbox 1942 547 3514 624">
    <p class='ocr_par' dir='ltr' id='par_1_10' title="bbox 1942 547 3514 624">
     <span class='ocr_line' id='line_1_10' title="bbox 1942 547 3514 624; baseline 0.003 -21"><span class='ocrx_word' id='word_1_41' title='bbox 1942 548 2207 618; x_wconf 87' lang='lat' dir='ltr'><strong>scriptum</strong></span> <span class='ocrx_word' id='word_1_42' title='bbox 2245 558 2327 603; x_wconf 82' lang='lat' dir='ltr'><strong>est</strong></span> <span class='ocrx_word' id='word_1_43' title='bbox 2354 567 2368 603; x_wconf 87' lang='lat'>:</span> <span class='ocrx_word' id='word_1_44' title='bbox 2394 547 2591 603; x_wconf 75' lang='lat' dir='ltr'><strong>Indica</strong></span> <span class='ocrx_word' id='word_1_45' title='bbox 2623 566 2725 616; x_wconf 87' lang='lat' dir='ltr'><strong>me,</strong></span> <span class='ocrx_word' id='word_1_46' title='bbox 2774 550 3022 615; x_wconf 77' lang='lat' dir='ltr'><strong><em>Domine,</em></strong></span> <span class='ocrx_word' id='word_1_47' title='bbox 3051 553 3302 623; x_wconf 83' lang='lat' dir='ltr'><strong>quoniam</strong></span> <span class='ocrx_word' id='word_1_48' title='bbox 3338 569 3433 624; x_wconf 85' lang='lat' dir='ltr'><strong>ego</strong></span> <span class='ocrx_word' id='word_1_49' title='bbox 3457 556 3514 607; x_wconf 83' lang='lat' dir='ltr'><strong>in</strong></span> 
     </span>
    </p>
   </div>
   <div class='ocr_carea' id='block_1_11' title="bbox 1940 641 3022 711">
    <p class='ocr_par' dir='ltr' id='par_1_11' title="bbox 1940 641 3022 711">
     <span class='ocr_line' id='line_1_11' title="bbox 1940 641 3022 711; baseline 0.003 -18"><span class='ocrx_word' id='word_1_50' title='bbox 1940 641 2239 694; x_wconf 72' lang='lat' dir='ltr'><strong>innocentia</strong></span> <span class='ocrx_word' id='word_1_51' title='bbox 2271 657 2386 694; x_wconf 85' lang='lat' dir='ltr'><strong>mea</strong></span> <span class='ocrx_word' id='word_1_52' title='bbox 2407 657 2717 711; x_wconf 78' lang='lat' dir='ltr'><strong>progressus</strong></span> <span class='ocrx_word' id='word_1_53' title='bbox 2744 657 2882 705; x_wconf 77' lang='lat' dir='ltr'><strong>sum,</strong></span> <span class='ocrx_word' id='word_1_54' title='bbox 2917 650 3022 697; x_wconf 91' lang='lat' dir='ltr'><strong>etc.</strong></span> 
     </span>
    </p>
   </div>
   <div class='ocr_carea' id='block_1_12' title="bbox 2010 732 3514 808">
    <p class='ocr_par' dir='ltr' id='par_1_12' title="bbox 2010 732 3514 808">
     <span class='ocr_line' id='line_1_12' title="bbox 2010 732 3514 808; baseline 0.003 -23"><span class='ocrx_word' id='word_1_55' title='bbox 2010 732 2172 789; x_wconf 80' lang='lat' dir='ltr'><strong>Dicas</strong></span> <span class='ocrx_word' id='word_1_56' title='bbox 2197 734 2362 804; x_wconf 87' lang='lat' dir='ltr'><strong>igitur</strong></span> <span class='ocrx_word' id='word_1_57' title='bbox 2388 736 2515 806; x_wconf 86' lang='lat' dir='ltr'><strong>quia</strong></span> <span class='ocrx_word' id='word_1_58' title='bbox 2548 735 2715 790; x_wconf 82' lang='lat' dir='ltr'><strong>David</strong></span> <span class='ocrx_word' id='word_1_59' title='bbox 2757 751 2824 791; x_wconf 91' lang='lat' dir='ltr'><strong>eo</strong></span> <span class='ocrx_word' id='word_1_60' title='bbox 2858 752 2918 791; x_wconf 90' lang='lat' dir='ltr'><strong>se</strong></span> <span class='ocrx_word' id='word_1_61' title='bbox 2951 736 3115 792; x_wconf 90' lang='lat' dir='ltr'><strong>modo</strong></span> <span class='ocrx_word' id='word_1_62' title='bbox 3139 751 3331 808; x_wconf 85' lang='lat' dir='ltr'><strong>gerere</strong></span> <span class='ocrx_word' id='word_1_63' title='bbox 3365 737 3514 791; x_wconf 79' lang='lat' dir='ltr'><strong>ince-</strong></span> 
     </span>
    </p>
   </div>
   <div class='ocr_carea' id='block_1_13' title="bbox 257 808 1823 897">
    <p class='ocr_par' dir='ltr' id='par_1_13' title="bbox 257 808 1823 887">
     <span class='ocr_line' id='line_1_13' title="bbox 257 808 1823 887; baseline 0.005 -26"><span class='ocrx_word' id='word_1_64' title='bbox 257 808 522 878; x_wconf 77' lang='grc' dir='ltr'>θεοφιλεῖς</span> <span class='ocrx_word' id='word_1_65' title='bbox 566 810 758 880; x_wconf 80' lang='grc' dir='ltr'>ἄνδρες</span> <span class='ocrx_word' id='word_1_66' title='bbox 788 812 845 862; x_wconf 89' lang='grc' dir='ltr'><strong>ἐν</strong></span> <span class='ocrx_word' id='word_1_67' title='bbox 896 813 1007 875; x_wconf 85' lang='grc' dir='ltr'>τοῖς</span> <span class='ocrx_word' id='word_1_68' title='bbox 1037 812 1242 865; x_wconf 82' lang='grc' dir='ltr'><strong>ἑαυτῶν</strong></span> <span class='ocrx_word' id='word_1_69' title='bbox 1275 811 1366 865; x_wconf 79' lang='grc' dir='ltr'>τοῦ</span> <span class='ocrx_word' id='word_1_70' title='bbox 1402 813 1518 883; x_wconf 86' lang='grc' dir='ltr'>βίου</span> <span class='ocrx_word' id='word_1_71' title='bbox 1562 815 1823 887; x_wconf 84' lang='grc' dir='ltr'>κατορθώ-</span> 
     </span>
    </p>
   </div>
   <div class='ocr_carea' id='block_1_14' title="bbox 1934 808 3515 897">
    <p class='ocr_par' dir='ltr' id='par_1_14' title="bbox 1940 823 3515 897">
     <span class='ocr_line' id='line_1_14' title="bbox 1940 823 3515 897; baseline 0.002 -21"><span class='ocrx_word' id='word_1_72' title='bbox 1940 823 2038 893; x_wconf 90' lang='lat' dir='ltr'><strong>pit,</strong></span> <span class='ocrx_word' id='word_1_73' title='bbox 2069 824 2356 895; x_wconf 87' lang='lat' dir='ltr'><strong>religiosos</strong></span> <span class='ocrx_word' id='word_1_74' title='bbox 2388 827 2537 882; x_wconf 87' lang='lat' dir='ltr'><strong>viros</strong></span> <span class='ocrx_word' id='word_1_75' title='bbox 2571 826 2625 881; x_wconf 90' lang='lat' dir='ltr'><strong>in</strong></span> <span class='ocrx_word' id='word_1_76' title='bbox 2657 826 2917 896; x_wconf 85' lang='lat' dir='ltr'><strong>operibus</strong></span> <span class='ocrx_word' id='word_1_77' title='bbox 2945 827 3044 883; x_wconf 89' lang='lat' dir='ltr'><strong>abs</strong></span> <span class='ocrx_word' id='word_1_78' title='bbox 3074 843 3134 882; x_wconf 91' lang='lat' dir='ltr'><strong>se</strong></span> <span class='ocrx_word' id='word_1_79' title='bbox 3162 828 3343 889; x_wconf 88' lang='lat' dir='ltr'><strong>editis,</strong></span> <span class='ocrx_word' id='word_1_80' title='bbox 3376 842 3515 897; x_wconf 84' lang='lat' dir='ltr'><strong>quo-</strong></span> 
     </span>
    </p>
   </div>
   <div class='ocr_carea' id='block_1_15' title="bbox 259 897 1836 977">
    <p class='ocr_par' dir='ltr' id='par_1_15' title="bbox 259 897 1836 977">
     <span class='ocr_line' id='line_1_15' title="bbox 259 897 1836 977; baseline 0.004 -25"><span class='ocrx_word' id='word_1_81' title='bbox 259 918 423 970; x_wconf 86' lang='grc' dir='ltr'>μασιν</span> <span class='ocrx_word' id='word_1_82' title='bbox 473 897 621 971; x_wconf 77' lang='grc' dir='ltr'>εἶχόν</span> <span class='ocrx_word' id='word_1_83' title='bbox 661 919 783 955; x_wconf 89' lang='grc' dir='ltr'>τινα</span> <span class='ocrx_word' id='word_1_84' title='bbox 825 903 1275 974; x_wconf 80' lang='grc' dir='ltr'><strong>πλεονεκτήματα</strong></span> <span class='ocrx_word' id='word_1_85' title='bbox 1321 903 1597 977; x_wconf 85' lang='grc' dir='ltr'>ἐξαίρετα.</span> <span class='ocrx_word' id='word_1_86' title='bbox 1647 908 1706 959; x_wconf 82' lang='grc' dir='ltr'><strong>ἐν</strong></span> <span class='ocrx_word' id='word_1_87' title='bbox 1754 903 1836 971; x_wconf 80' lang='grc' dir='ltr'><strong>οἷς</strong></span> 
     </span>
    </p>
   </div>
   <div class='ocr_carea' id='block_1_16' title="bbox 255 990 1835 1066">
    <p class='ocr_par' dir='ltr' id='par_1_16' title="bbox 255 990 1835 1066">
     <span class='ocr_line' id='line_1_16' title="bbox 255 990 1835 1066; baseline 0.006 -23"><span class='ocrx_word' id='word_1_88' title='bbox 255 990 486 1055; x_wconf 76' lang='grc' dir='ltr'>ἕκαστος</span> <span class='ocrx_word' id='word_1_89' title='bbox 532 991 712 1045; x_wconf 88' lang='grc' dir='ltr'>αὐτῶν</span> <span class='ocrx_word' id='word_1_90' title='bbox 763 992 905 1057; x_wconf 83' lang='grc' dir='ltr'>ίδίως</span> <span class='ocrx_word' id='word_1_91' title='bbox 954 994 1265 1066; x_wconf 85' lang='grc' dir='ltr'>διαπρεπὴς</span> <span class='ocrx_word' id='word_1_92' title='bbox 1311 996 1561 1065; x_wconf 79' lang='grc' dir='ltr'>γέγονεν’</span> <span class='ocrx_word' id='word_1_93' title='bbox 1598 992 1708 1051; x_wconf 73' lang='grc' dir='ltr'>οἷον</span> <span class='ocrx_word' id='word_1_94' title='bbox 1757 998 1835 1062; x_wconf 85' lang='grc' dir='ltr'><strong>ὡς</strong></span> 
     </span>
    </p>
   </div>
   <div class='ocr_carea' id='block_1_17' title="bbox 254 1082 1830 1163">
    <p class='ocr_par' dir='ltr' id='par_1_17' title="bbox 254 1082 1830 1163">
     <span class='ocr_line' id='line_1_17' title="bbox 254 1082 1830 1163; baseline 0.01 -30"><span class='ocrx_word' id='word_1_95' title='bbox 254 1082 350 1136; x_wconf 80' lang='grc' dir='ltr'><strong>ἐπὶ</strong></span> <span class='ocrx_word' id='word_1_96' title='bbox 380 1084 834 1155; x_wconf 81' lang='grc' dir='ltr'><strong>παραδείγματος,</strong></span> <span class='ocrx_word' id='word_1_97' title='bbox 894 1088 1092 1158; x_wconf 77' lang='grc' dir='ltr'>Ἰωσὴφ</span> <span class='ocrx_word' id='word_1_98' title='bbox 1132 1088 1191 1140; x_wconf 86' lang='grc' dir='ltr'><strong>ἐν</strong></span> <span class='ocrx_word' id='word_1_99' title='bbox 1224 1090 1571 1163; x_wconf 79' lang='grc' dir='ltr'><strong>σωφροσύνῃ,</strong></span> <span class='ocrx_word' id='word_1_100' title='bbox 1622 1090 1737 1143; x_wconf 70' lang='grc' dir='ltr'><strong>Ἰευό</strong></span> <span class='ocrx_word' id='word_1_101' title='bbox 1765 1094 1830 1163; x_wconf 81' lang='grc' dir='ltr'>τῇ</span> 
     </span>
    </p>
   </div>
   <div class='ocr_carea' id='block_1_18' title="bbox 255 1172 1829 1252">
    <p class='ocr_par' dir='ltr' id='par_1_18' title="bbox 255 1172 1829 1252">
     <span class='ocr_line' id='line_1_18' title="bbox 255 1172 1829 1252; baseline 0.007 -28"><span class='ocrx_word' id='word_1_102' title='bbox 255 1172 362 1225; x_wconf 88' lang='grc' dir='ltr'><strong>τῶν</strong></span> <span class='ocrx_word' id='word_1_103' title='bbox 387 1173 572 1226; x_wconf 88' lang='grc' dir='ltr'>δεινῶν</span> <span class='ocrx_word' id='word_1_104' title='bbox 600 1176 864 1248; x_wconf 80' lang='grc' dir='ltr'>ὑπομονῇ,</span> <span class='ocrx_word' id='word_1_105' title='bbox 892 1176 1140 1250; x_wconf 79' lang='grc' dir='ltr'>Σολομὼν</span> <span class='ocrx_word' id='word_1_106' title='bbox 1167 1180 1226 1233; x_wconf 85' lang='grc' dir='ltr'><strong>ὲν</strong></span> <span class='ocrx_word' id='word_1_107' title='bbox 1249 1179 1411 1250; x_wconf 77' lang='grc' dir='ltr'>σοφίᾳ</span> <span class='ocrx_word' id='word_1_108' title='bbox 1436 1181 1530 1233; x_wconf 81' lang='grc' dir='ltr'><strong>καὶ</strong></span> <span class='ocrx_word' id='word_1_109' title='bbox 1551 1182 1829 1252; x_wconf 80' lang='grc' dir='ltr'>φρονήσει’</span> 
     </span>
    </p>
   </div>
   <div class='ocr_carea' id='block_1_19' title="bbox 268 1263 1833 1342">
    <p class='ocr_par' dir='ltr' id='par_1_19' title="bbox 268 1263 1833 1342">
     <span class='ocr_line' id='line_1_19' title="bbox 268 1263 1833 1342; baseline 0.007 -26"><span class='ocrx_word' id='word_1_110' title='bbox 268 1263 519 1336; x_wconf 75' lang='grc' dir='ltr'>Ἀϐραὰμ</span> <span class='ocrx_word' id='word_1_111' title='bbox 536 1265 622 1320; x_wconf 89' lang='grc' dir='ltr'><strong>διά</strong></span> <span class='ocrx_word' id='word_1_112' title='bbox 649 1268 748 1338; x_wconf 84' lang='grc' dir='ltr'>τῆς</span> <span class='ocrx_word' id='word_1_113' title='bbox 779 1268 1011 1334; x_wconf 79' lang='grc' dir='ltr'>πίστεως</span> <span class='ocrx_word' id='word_1_114' title='bbox 1036 1270 1417 1325; x_wconf 77' lang='grc' dir='ltr'>δεδικαιῶσθαι</span> <span class='ocrx_word' id='word_1_115' title='bbox 1456 1272 1701 1342; x_wconf 69' lang='grc' dir='ltr'>λέγεται*</span> <span class='ocrx_word' id='word_1_116' title='bbox 1736 1274 1833 1328; x_wconf 79' lang='grc' dir='ltr'><strong>καὶ</strong></span> 
     </span>
    </p>
   </div>
   <div class='ocr_carea' id='block_1_20' title="bbox 252 1355 1830 1438">
    <p class='ocr_par' dir='ltr' id='par_1_20' title="bbox 252 1355 1830 1438">
     <span class='ocr_line' id='line_1_20' title="bbox 252 1355 1830 1438; baseline 0.005 -28"><span class='ocrx_word' id='word_1_117' title='bbox 252 1355 412 1421; x_wconf 75' lang='grc' dir='ltr'>ἄλλος</span> <span class='ocrx_word' id='word_1_118' title='bbox 444 1358 603 1411; x_wconf 86' lang='grc' dir='ltr'>πάλιν</span> <span class='ocrx_word' id='word_1_119' title='bbox 642 1362 701 1412; x_wconf 83' lang='grc' dir='ltr'><strong>ἐν</strong></span> <span class='ocrx_word' id='word_1_120' title='bbox 735 1359 880 1431; x_wconf 77' lang='grc' dir='ltr'>ἄλλῳ</span> <span class='ocrx_word' id='word_1_121' title='bbox 933 1361 1134 1434; x_wconf 86' lang='grc' dir='ltr'>άρετῆς</span> <span class='ocrx_word' id='word_1_122' title='bbox 1181 1362 1356 1433; x_wconf 89' lang='grc' dir='ltr'>ἀγῶνι</span> <span class='ocrx_word' id='word_1_123' title='bbox 1404 1366 1830 1438; x_wconf 77' lang='grc' dir='ltr'><strong>μεμαρτύρηται</strong></span> 
     </span>
    </p>
   </div>
   <div class='ocr_carea' id='block_1_21' title="bbox 248 1448 1833 1530">
    <p class='ocr_par' dir='ltr' id='par_1_21' title="bbox 248 1448 1833 1530">
     <span class='ocr_line' id='line_1_21' title="bbox 248 1448 1833 1530; baseline 0.007 -30"><span class='ocrx_word' id='word_1_124' title='bbox 248 1448 575 1520; x_wconf 78' lang='grc' dir='ltr'>διαλάμψας.</span> <span class='ocrx_word' id='word_1_125' title='bbox 624 1451 846 1516; x_wconf 82' lang='grc' dir='ltr'>Τούτοις</span> <span class='ocrx_word' id='word_1_126' title='bbox 890 1448 984 1507; x_wconf 80' lang='grc' dir='ltr'>οὖν</span> <span class='ocrx_word' id='word_1_127' title='bbox 1031 1455 1235 1525; x_wconf 83' lang='grc' dir='ltr'>ὁμοίως</span> <span class='ocrx_word' id='word_1_128' title='bbox 1262 1457 1357 1510; x_wconf 78' lang='grc' dir='ltr'><strong>καὶ</strong></span> <span class='ocrx_word' id='word_1_129' title='bbox 1384 1459 1412 1512; x_wconf 85' lang='grc' dir='ltr'>ὁ</span> <span class='ocrx_word' id='word_1_130' title='bbox 1431 1457 1593 1511; x_wconf 80' lang='grc' dir='ltr'><strong>Δαυῖδ</strong></span> <span class='ocrx_word' id='word_1_131' title='bbox 1620 1457 1833 1530; x_wconf 80' lang='grc' dir='ltr'>ἐξαίρε-</span> 
     </span>
    </p>
   </div>
   <div class='ocr_carea' id='block_1_22' title="bbox 249 1536 1828 1620">
    <p class='ocr_par' dir='ltr' id='par_1_22' title="bbox 249 1536 1828 1620">
     <span class='ocr_line' id='line_1_22' title="bbox 249 1536 1828 1620; baseline 0.011 -34"><span class='ocrx_word' id='word_1_132' title='bbox 249 1551 341 1587; x_wconf 87' lang='grc' dir='ltr'><strong>τον</strong></span> <span class='ocrx_word' id='word_1_133' title='bbox 376 1536 575 1608; x_wconf 85' lang='grc' dir='ltr'>ἀρετὴν</span> <span class='ocrx_word' id='word_1_134' title='bbox 620 1540 960 1612; x_wconf 84' lang='grc' dir='ltr'>κτησάμενος</span> <span class='ocrx_word' id='word_1_135' title='bbox 1010 1544 1424 1617; x_wconf 82' lang='grc' dir='ltr'>ἀναγέγραπται</span> <span class='ocrx_word' id='word_1_136' title='bbox 1450 1548 1549 1620; x_wconf 83' lang='grc' dir='ltr'><strong>τὴν</strong></span> <span class='ocrx_word' id='word_1_137' title='bbox 1576 1547 1828 1613; x_wconf 85' lang='grc' dir='ltr'>ἀνεξικα-</span> 
     </span>
    </p>
   </div>
   <div class='ocr_carea' id='block_1_23' title="bbox 249 1627 1829 1712">
    <p class='ocr_par' dir='ltr' id='par_1_23' title="bbox 249 1627 1829 1712">
     <span class='ocr_line' id='line_1_23' title="bbox 249 1627 1829 1712; baseline 0.01 -33"><span class='ocrx_word' id='word_1_138' title='bbox 249 1627 373 1681; x_wconf 88' lang='grc' dir='ltr'>κίαν</span> <span class='ocrx_word' id='word_1_139' title='bbox 391 1645 404 1657; x_wconf 88' lang='grc'><strong>·</strong></span> <span class='ocrx_word' id='word_1_140' title='bbox 434 1628 501 1681; x_wconf 90' lang='grc' dir='ltr'>δι’</span> <span class='ocrx_word' id='word_1_141' title='bbox 516 1632 583 1701; x_wconf 78' lang='grc' dir='ltr'>ἦν</span> <span class='ocrx_word' id='word_1_142' title='bbox 612 1632 707 1685; x_wconf 76' lang='grc' dir='ltr'><strong>καὶ</strong></span> <span class='ocrx_word' id='word_1_143' title='bbox 736 1633 827 1686; x_wconf 86' lang='grc' dir='ltr'><strong>τὸν</strong></span> <span class='ocrx_word' id='word_1_144' title='bbox 855 1635 1029 1689; x_wconf 84' lang='grc' dir='ltr'>Σαοὺλ</span> <span class='ocrx_word' id='word_1_145' title='bbox 1052 1637 1277 1708; x_wconf 69' lang='grc' dir='ltr'>ἤνεγκε,</span> <span class='ocrx_word' id='word_1_146' title='bbox 1314 1638 1486 1712; x_wconf 88' lang='grc' dir='ltr'>μυρία</span> <span class='ocrx_word' id='word_1_147' title='bbox 1517 1640 1637 1694; x_wconf 84' lang='grc' dir='ltr'>κατ’</span> <span class='ocrx_word' id='word_1_148' title='bbox 1663 1641 1829 1695; x_wconf 78' lang='grc' dir='ltr'>αὐτοῦ</span> 
     </span>
    </p>
   </div>
   <div class='ocr_carea' id='block_1_24' title="bbox 241 1715 1831 1803">
    <p class='ocr_par' dir='ltr' id='par_1_24' title="bbox 241 1715 1831 1803">
     <span class='ocr_line' id='line_1_24' title="bbox 241 1715 1831 1803; baseline 0.011 -34"><span class='ocrx_word' id='word_1_149' title='bbox 241 1715 558 1788; x_wconf 75' lang='grc' dir='ltr'>δεδρακότα,</span> <span class='ocrx_word' id='word_1_150' title='bbox 594 1720 739 1795; x_wconf 77' lang='grc' dir='ltr'>άπερ</span> <span class='ocrx_word' id='word_1_151' title='bbox 772 1723 965 1795; x_wconf 82' lang='grc' dir='ltr'>πράως</span> <span class='ocrx_word' id='word_1_152' title='bbox 1003 1728 1096 1781; x_wconf 74' lang='grc' dir='ltr'><strong>καὶ</strong></span> <span class='ocrx_word' id='word_1_153' title='bbox 1139 1728 1477 1795; x_wconf 80' lang='grc' dir='ltr'>ἀνεξικάκως</span> <span class='ocrx_word' id='word_1_154' title='bbox 1523 1732 1831 1803; x_wconf 76' lang='grc' dir='ltr'>ὑπομείνας</span> 
     </span>
    </p>
   </div>
   <div class='ocr_carea' id='block_1_25' title="bbox 1939 915 3513 990">
    <p class='ocr_par' dir='ltr' id='par_1_25' title="bbox 1939 915 3513 990">
     <span class='ocr_line' id='line_1_25' title="bbox 1939 915 3513 990; baseline 0.003 -22"><span class='ocrx_word' id='word_1_155' title='bbox 1939 915 2064 969; x_wconf 90' lang='lat' dir='ltr'><strong>dam</strong></span> <span class='ocrx_word' id='word_1_156' title='bbox 2098 916 2359 971; x_wconf 89' lang='lat' dir='ltr'><strong>virtutum</strong></span> <span class='ocrx_word' id='word_1_157' title='bbox 2391 933 2588 988; x_wconf 79' lang='lat' dir='ltr'><strong>genere</strong></span> <span class='ocrx_word' id='word_1_158' title='bbox 2619 919 3010 989; x_wconf 69' lang='lat' dir='ltr'><strong>praecelluisse,</strong></span> <span class='ocrx_word' id='word_1_159' title='bbox 3045 919 3102 973; x_wconf 87' lang='lat' dir='ltr'><strong>in</strong></span> <span class='ocrx_word' id='word_1_160' title='bbox 3136 935 3246 990; x_wconf 90' lang='lat' dir='ltr'><strong>quo</strong></span> <span class='ocrx_word' id='word_1_161' title='bbox 3275 920 3513 990; x_wconf 81' lang='lat' dir='ltr'><strong>quisque</strong></span> 
     </span>
    </p>
   </div>
   <div class='ocr_carea' id='block_1_26' title="bbox 1939 1004 3509 1080">
    <p class='ocr_par' dir='ltr' id='par_1_26' title="bbox 1939 1004 3509 1080">
     <span class='ocr_line' id='line_1_26' title="bbox 1939 1004 3509 1080; baseline 0.004 -22"><span class='ocrx_word' id='word_1_162' title='bbox 1939 1004 2183 1074; x_wconf 87' lang='lat' dir='ltr'><strong>ipsorum</strong></span> <span class='ocrx_word' id='word_1_163' title='bbox 2217 1008 2514 1077; x_wconf 64' lang='lat' dir='ltr'><strong>praeclarus</strong></span> <span class='ocrx_word' id='word_1_164' title='bbox 2540 1009 2751 1076; x_wconf 90' lang='lat' dir='ltr'><strong>evasit;</strong></span> <span class='ocrx_word' id='word_1_165' title='bbox 2797 1018 2881 1073; x_wconf 88' lang='lat' dir='ltr'><strong>ut,</strong></span> <span class='ocrx_word' id='word_1_166' title='bbox 2918 1011 3152 1080; x_wconf 85' lang='lat' dir='ltr'><strong>exempli</strong></span> <span class='ocrx_word' id='word_1_167' title='bbox 3190 1026 3380 1074; x_wconf 79' lang='lat' dir='ltr'><strong>causa,</strong></span> <span class='ocrx_word' id='word_1_168' title='bbox 3411 1008 3509 1064; x_wconf 75' lang='lat' dir='ltr'><strong>Jo-</strong></span> 
     </span>
    </p>
   </div>
   <div class='ocr_carea' id='block_1_27' title="bbox 1935 1099 3509 1171">
    <p class='ocr_par' dir='ltr' id='par_1_27' title="bbox 1935 1099 3509 1171">
     <span class='ocr_line' id='line_1_27' title="bbox 1935 1099 3509 1171; baseline 0.003 -17"><span class='ocrx_word' id='word_1_169' title='bbox 1935 1100 2067 1169; x_wconf 90' lang='lat' dir='ltr'><strong>seph</strong></span> <span class='ocrx_word' id='word_1_170' title='bbox 2089 1101 2446 1165; x_wconf 73' lang='lat' dir='ltr'><strong>continentia,</strong></span> <span class='ocrx_word' id='word_1_171' title='bbox 2464 1099 2567 1156; x_wconf 85' lang='lat' dir='ltr'><strong>Job</strong></span> <span class='ocrx_word' id='word_1_172' title='bbox 2589 1102 2846 1171; x_wconf 91' lang='lat' dir='ltr'><strong>patientia</strong></span> <span class='ocrx_word' id='word_1_173' title='bbox 2871 1102 2923 1157; x_wconf 93' lang='lat' dir='ltr'><strong>in</strong></span> <span class='ocrx_word' id='word_1_174' title='bbox 2948 1103 3227 1170; x_wconf 81' lang='lat' dir='ltr'><strong>adversis;</strong></span> <span class='ocrx_word' id='word_1_175' title='bbox 3252 1103 3509 1162; x_wconf 82' lang='lat' dir='ltr'><strong>Salomon</strong></span> 
     </span>
    </p>
   </div>
   <div class='ocr_carea' id='block_1_28' title="bbox 1934 1191 3511 1263">
    <p class='ocr_par' dir='ltr' id='par_1_28' title="bbox 1934 1191 3511 1263">
     <span class='ocr_line' id='line_1_28' title="bbox 1934 1191 3511 1263; baseline 0.003 -16"><span class='ocrx_word' id='word_1_176' title='bbox 1934 1191 2197 1261; x_wconf 80' lang='lat' dir='ltr'><strong>sapientia</strong></span> <span class='ocrx_word' id='word_1_177' title='bbox 2221 1200 2276 1246; x_wconf 90' lang='lat' dir='ltr'><strong>et</strong></span> <span class='ocrx_word' id='word_1_178' title='bbox 2293 1193 2577 1261; x_wconf 83' lang='lat' dir='ltr'><strong>prudentia</strong></span> <span class='ocrx_word' id='word_1_179' title='bbox 2594 1210 2609 1260; x_wconf 92' lang='lat'><strong>;</strong></span> <span class='ocrx_word' id='word_1_180' title='bbox 2629 1194 2899 1248; x_wconf 80' lang='lat' dir='ltr'><strong>Abraham</strong></span> <span class='ocrx_word' id='word_1_181' title='bbox 2922 1194 3026 1249; x_wconf 85' lang='lat' dir='ltr'><strong>iide</strong></span> <span class='ocrx_word' id='word_1_182' title='bbox 3042 1194 3373 1263; x_wconf 81' lang='lat' dir='ltr'><strong>justiﬁcatus</strong></span> <span class='ocrx_word' id='word_1_183' title='bbox 3388 1212 3511 1252; x_wconf 88' lang='lat' dir='ltr'><strong>esse</strong></span> 
     </span>
    </p>
   </div>
   <div class='ocr_carea' id='block_1_29' title="bbox 1931 1283 3506 1343">
    <p class='ocr_par' dir='ltr' id='par_1_29' title="bbox 1931 1283 3506 1343">
     <span class='ocr_line' id='line_1_29' title="bbox 1931 1283 3506 1343; baseline 0.004 -5"><span class='ocrx_word' id='word_1_184' title='bbox 1931 1283 2129 1339; x_wconf 89' lang='lat' dir='ltr'><strong>dicitur</strong></span> <span class='ocrx_word' id='word_1_185' title='bbox 2154 1300 2168 1336; x_wconf 88' lang='lat'><strong>:</strong></span> <span class='ocrx_word' id='word_1_186' title='bbox 2195 1293 2250 1340; x_wconf 88' lang='lat' dir='ltr'><strong>et</strong></span> <span class='ocrx_word' id='word_1_187' title='bbox 2276 1285 2416 1339; x_wconf 81' lang='lat' dir='ltr'><strong>alius</strong></span> <span class='ocrx_word' id='word_1_188' title='bbox 2447 1286 2642 1340; x_wconf 86' lang='lat' dir='ltr'><strong>iterum</strong></span> <span class='ocrx_word' id='word_1_189' title='bbox 2671 1287 2777 1341; x_wconf 87' lang='lat' dir='ltr'><strong>alio</strong></span> <span class='ocrx_word' id='word_1_190' title='bbox 2807 1287 3024 1341; x_wconf 89' lang='lat' dir='ltr'><strong>virtutis</strong></span> <span class='ocrx_word' id='word_1_191' title='bbox 3047 1288 3345 1343; x_wconf 86' lang='lat' dir='ltr'><strong>certamine</strong></span> <span class='ocrx_word' id='word_1_192' title='bbox 3366 1290 3506 1343; x_wconf 89' lang='lat' dir='ltr'><strong>emi-</strong></span> 
     </span>
    </p>
   </div>
   <div class='ocr_carea' id='block_1_30' title="bbox 1931 1375 3510 1451">
    <p class='ocr_par' dir='ltr' id='par_1_30' title="bbox 1931 1375 3510 1451">
     <span class='ocr_line' id='line_1_30' title="bbox 1931 1375 3510 1451; baseline 0.004 -21"><span class='ocrx_word' id='word_1_193' title='bbox 1931 1375 2112 1431; x_wconf 85' lang='lat' dir='ltr'><strong>cuisse</strong></span> <span class='ocrx_word' id='word_1_194' title='bbox 2133 1375 2478 1446; x_wconf 70' lang='lat' dir='ltr'><strong>praedicatur.</strong></span> <span class='ocrx_word' id='word_1_195' title='bbox 2502 1377 2878 1448; x_wconf 76' lang='lat' dir='ltr'><strong>Similiterque</strong></span> <span class='ocrx_word' id='word_1_196' title='bbox 2899 1376 3065 1434; x_wconf 87' lang='lat' dir='ltr'><strong>David</strong></span> <span class='ocrx_word' id='word_1_197' title='bbox 3086 1379 3356 1449; x_wconf 63' lang='lat' dir='ltr'><strong>praecipua</strong></span> <span class='ocrx_word' id='word_1_198' title='bbox 3379 1396 3510 1451; x_wconf 89' lang='lat' dir='ltr'><strong>qua-</strong></span> 
     </span>
    </p>
   </div>
   <div class='ocr_carea' id='block_1_31' title="bbox 1928 1468 3507 1539">
    <p class='ocr_par' dir='ltr' id='par_1_31' title="bbox 1928 1468 3507 1539">
     <span class='ocr_line' id='line_1_31' title="bbox 1928 1468 3507 1539; baseline 0.003 -16"><span class='ocrx_word' id='word_1_199' title='bbox 1928 1468 2052 1523; x_wconf 90' lang='lat' dir='ltr'><strong>dam</strong></span> <span class='ocrx_word' id='word_1_200' title='bbox 2074 1468 2296 1533; x_wconf 86' lang='lat' dir='ltr'><strong>virtute,</strong></span> <span class='ocrx_word' id='word_1_201' title='bbox 2330 1469 2535 1525; x_wconf 90' lang='lat' dir='ltr'><strong>scilicet</strong></span> <span class='ocrx_word' id='word_1_202' title='bbox 2553 1470 2876 1539; x_wconf 87' lang='lat' dir='ltr'><strong>injuriarum</strong></span> <span class='ocrx_word' id='word_1_203' title='bbox 2895 1471 3189 1538; x_wconf 79' lang='lat' dir='ltr'><strong>oblivione,</strong></span> <span class='ocrx_word' id='word_1_204' title='bbox 3212 1472 3507 1528; x_wconf 79' lang='lat' dir='ltr'><strong>emicuisse</strong></span> 
     </span>
    </p>
   </div>
   <div class='ocr_carea' id='block_1_32' title="bbox 1934 1556 3512 1631">
    <p class='ocr_par' dir='ltr' id='par_1_32' title="bbox 1934 1556 3512 1631">
     <span class='ocr_line' id='line_1_32' title="bbox 1934 1556 3512 1631; baseline 0.001 -19"><span class='ocrx_word' id='word_1_205' title='bbox 1934 1557 2144 1627; x_wconf 89' lang='lat' dir='ltr'><strong>scripto</strong></span> <span class='ocrx_word' id='word_1_206' title='bbox 2184 1558 2457 1625; x_wconf 82' lang='lat' dir='ltr'><strong>traditur;</strong></span> <span class='ocrx_word' id='word_1_207' title='bbox 2513 1574 2623 1630; x_wconf 81' lang='lat' dir='ltr'><strong>qua</strong></span> <span class='ocrx_word' id='word_1_208' title='bbox 2654 1556 2878 1614; x_wconf 85' lang='lat' dir='ltr'><strong>Saulem</strong></span> <span class='ocrx_word' id='word_1_209' title='bbox 2907 1559 3185 1630; x_wconf 87' lang='lat' dir='ltr'><strong>patienter</strong></span> <span class='ocrx_word' id='word_1_210' title='bbox 3216 1560 3364 1622; x_wconf 88' lang='lat' dir='ltr'><strong>tulit,</strong></span> <span class='ocrx_word' id='word_1_211' title='bbox 3417 1559 3512 1631; x_wconf 88' lang='lat' dir='ltr'><strong>qui</strong></span> 
     </span>
    </p>
   </div>
   <div class='ocr_carea' id='block_1_33' title="bbox 1933 1651 3511 1724">
    <p class='ocr_par' dir='ltr' id='par_1_33' title="bbox 1933 1651 3511 1724">
     <span class='ocr_line' id='line_1_33' title="bbox 1933 1651 3511 1724; baseline 0.001 -19"><span class='ocrx_word' id='word_1_212' title='bbox 1933 1651 2208 1707; x_wconf 80' lang='lat' dir='ltr'><strong>sexcentis</strong></span> <span class='ocrx_word' id='word_1_213' title='bbox 2232 1666 2355 1706; x_wconf 91' lang='lat' dir='ltr'><strong>eum</strong></span> <span class='ocrx_word' id='word_1_214' title='bbox 2383 1652 2539 1707; x_wconf 87' lang='lat' dir='ltr'><strong>malis</strong></span> <span class='ocrx_word' id='word_1_215' title='bbox 2564 1652 2840 1721; x_wconf 73' lang='lat' dir='ltr'><strong>atiecerat,</strong></span> <span class='ocrx_word' id='word_1_216' title='bbox 2871 1662 2924 1708; x_wconf 89' lang='lat' dir='ltr'><strong>et</strong></span> <span class='ocrx_word' id='word_1_217' title='bbox 2948 1652 3065 1708; x_wconf 83' lang='lat' dir='ltr'><strong>haec</strong></span> <span class='ocrx_word' id='word_1_218' title='bbox 3090 1654 3205 1724; x_wconf 88' lang='lat' dir='ltr'><strong>ipse</strong></span> <span class='ocrx_word' id='word_1_219' title='bbox 3229 1653 3511 1708; x_wconf 81' lang='lat' dir='ltr'><strong>moderate</strong></span> 
     </span>
    </p>
   </div>
   <div class='ocr_carea' id='block_1_34' title="bbox 1936 1741 3511 1816">
    <p class='ocr_par' dir='ltr' id='par_1_34' title="bbox 1936 1741 3511 1816">
     <span class='ocr_line' id='line_1_34' title="bbox 1936 1741 3511 1816; baseline 0.004 -21"><span class='ocrx_word' id='word_1_220' title='bbox 1936 1756 2001 1796; x_wconf 90' lang='lat' dir='ltr'><strong>ac</strong></span> <span class='ocrx_word' id='word_1_221' title='bbox 2040 1741 2160 1798; x_wconf 91' lang='lat' dir='ltr'><strong>sine</strong></span> <span class='ocrx_word' id='word_1_222' title='bbox 2200 1743 2575 1813; x_wconf 82' lang='lat' dir='ltr'><strong>indignatione</strong></span> <span class='ocrx_word' id='word_1_223' title='bbox 2609 1745 2801 1800; x_wconf 89' lang='lat' dir='ltr'><strong>tulisse</strong></span> <span class='ocrx_word' id='word_1_224' title='bbox 2837 1746 2894 1800; x_wconf 89' lang='lat' dir='ltr'><strong>in</strong></span> <span class='ocrx_word' id='word_1_225' title='bbox 2923 1745 3207 1816; x_wconf 85' lang='lat' dir='ltr'><strong>Scriptura</strong></span> <span class='ocrx_word' id='word_1_226' title='bbox 3234 1753 3511 1801; x_wconf 83' lang='lat' dir='ltr'><strong>narratur.</strong></span> 
     </span>
    </p>
   </div>
   <div class='ocr_carea' id='block_1_35' title="bbox 242 1807 1823 1907">
    <p class='ocr_par' dir='ltr' id='par_1_35' title="bbox 242 1807 1823 1895">
     <span class='ocr_line' id='line_1_35' title="bbox 242 1807 1823 1895; baseline 0.012 -36"><span class='ocrx_word' id='word_1_227' title='bbox 242 1807 676 1877; x_wconf 80' lang='grc' dir='ltr'>ἀναγέγραπται.</span> <span class='ocrx_word' id='word_1_228' title='bbox 730 1815 883 1869; x_wconf 79' lang='grc' dir='ltr'>Ἐπεὶ</span> <span class='ocrx_word' id='word_1_229' title='bbox 942 1817 1123 1872; x_wconf 83' lang='grc' dir='ltr'>τοίνυν</span> <span class='ocrx_word' id='word_1_230' title='bbox 1195 1819 1473 1892; x_wconf 77' lang='grc' dir='ltr'>ἐξαίρετος</span> <span class='ocrx_word' id='word_1_231' title='bbox 1550 1818 1619 1894; x_wconf 79' lang='grc' dir='ltr'>ἦν</span> <span class='ocrx_word' id='word_1_232' title='bbox 1690 1823 1823 1895; x_wconf 73' lang='grc' dir='ltr'>αὕτη</span> 
     </span>
    </p>
   </div>
   <div class='ocr_carea' id='block_1_36' title="bbox 1934 1807 3517 1907">
    <p class='ocr_par' dir='ltr' id='par_1_36' title="bbox 1934 1807 3517 1907">
     <span class='ocr_line' id='line_1_36' title="bbox 1934 1807 3517 1907; baseline 0.001 -18"><span class='ocrx_word' id='word_1_233' title='bbox 1934 1831 2075 1900; x_wconf 84' lang='lat' dir='ltr'><strong>Quia</strong></span> <span class='ocrx_word' id='word_1_234' title='bbox 2103 1834 2269 1904; x_wconf 82' lang='lat' dir='ltr'><strong>igitur</strong></span> <span class='ocrx_word' id='word_1_235' title='bbox 2301 1807 2417 1890; x_wconf 70' lang='lat' dir='ltr'><strong>haec</strong></span> <span class='ocrx_word' id='word_1_236' title='bbox 2448 1834 2673 1892; x_wconf 89' lang='lat' dir='ltr'><strong>Davidis</strong></span> <span class='ocrx_word' id='word_1_237' title='bbox 2696 1837 2972 1907; x_wconf 68' lang='lat' dir='ltr'><strong>praecipua</strong></span> <span class='ocrx_word' id='word_1_238' title='bbox 2996 1807 3171 1892; x_wconf 69' lang='lat' dir='ltr'><strong>virtus</strong></span> <span class='ocrx_word' id='word_1_239' title='bbox 3200 1844 3342 1897; x_wconf 85' lang='lat' dir='ltr'><strong>erat,</strong></span> <span class='ocrx_word' id='word_1_240' title='bbox 3368 1850 3517 1891; x_wconf 67' lang='lat' dir='ltr'><strong>nian—</strong></span> 
     </span>
    </p>
   </div>
   <div class='ocr_carea' id='block_1_37' title="bbox 238 1899 1828 1985">
    <p class='ocr_par' dir='ltr' id='par_1_37' title="bbox 238 1899 1828 1985">
     <span class='ocr_line' id='line_1_37' title="bbox 238 1899 1828 1985; baseline 0.013 -34"><span class='ocrx_word' id='word_1_241' title='bbox 238 1899 332 1954; x_wconf 77' lang='grc' dir='ltr'>τοῦ</span> <span class='ocrx_word' id='word_1_242' title='bbox 361 1902 526 1956; x_wconf 78' lang='grc' dir='ltr'>Δαυῒδ</span> <span class='ocrx_word' id='word_1_243' title='bbox 552 1905 743 1978; x_wconf 79' lang='grc' dir='ltr'>ἀρετὴ,</span> <span class='ocrx_word' id='word_1_244' title='bbox 785 1907 931 1978; x_wconf 80' lang='grc' dir='ltr'>λέγω</span> <span class='ocrx_word' id='word_1_245' title='bbox 967 1910 1024 1963; x_wconf 83' lang='grc' dir='ltr'><strong>δὲ</strong></span> <span class='ocrx_word' id='word_1_246' title='bbox 1052 1912 1086 1981; x_wconf 83' lang='grc' dir='ltr'>ἠ</span> <span class='ocrx_word' id='word_1_247' title='bbox 1116 1912 1215 1982; x_wconf 83' lang='grc' dir='ltr'>τῆς</span> <span class='ocrx_word' id='word_1_248' title='bbox 1250 1912 1558 1985; x_wconf 80' lang='grc' dir='ltr'>πραότητος</span> <span class='ocrx_word' id='word_1_249' title='bbox 1584 1917 1680 1970; x_wconf 78' lang='grc' dir='ltr'>καὶ</span> <span class='ocrx_word' id='word_1_250' title='bbox 1726 1933 1828 1971; x_wconf 56' lang='grc' dir='ltr'><strong>ταί</strong></span> 
     </span>
    </p>
   </div>
   <div class='ocr_carea' id='block_1_38' title="bbox 241 1994 1824 2077">
    <p class='ocr_par' dir='ltr' id='par_1_38' title="bbox 241 1994 1824 2077">
     <span class='ocr_line' id='line_1_38' title="bbox 241 1994 1824 2077; baseline 0.011 -34"><span class='ocrx_word' id='word_1_251' title='bbox 241 1994 673 2066; x_wconf 78' lang='grc' dir='ltr'>πεινοφροσύνης</span> <span class='ocrx_word' id='word_1_252' title='bbox 699 1997 796 2050; x_wconf 77' lang='grc' dir='ltr'><strong>καὶ</strong></span> <span class='ocrx_word' id='word_1_253' title='bbox 838 1998 1211 2067; x_wconf 84' lang='grc' dir='ltr'>ἀνεξικακίας,</span> <span class='ocrx_word' id='word_1_254' title='bbox 1259 2002 1431 2059; x_wconf 80' lang='grc' dir='ltr'>ταῦτα</span> <span class='ocrx_word' id='word_1_255' title='bbox 1466 2005 1647 2059; x_wconf 86' lang='grc' dir='ltr'>πάντα</span> <span class='ocrx_word' id='word_1_256' title='bbox 1688 2006 1824 2077; x_wconf 67' lang='grc' dir='ltr'>ὁμοῖῦ</span> 
     </span>
    </p>
   </div>
   <div class='ocr_carea' id='block_1_39' title="bbox 243 2081 1826 2171">
    <p class='ocr_par' dir='ltr' id='par_1_39' title="bbox 243 2081 1826 2171">
     <span class='ocr_line' id='line_1_39' title="bbox 243 2081 1826 2171; baseline 0.012 -39"><span class='ocrx_word' id='word_1_257' title='bbox 243 2081 555 2151; x_wconf 77' lang='grc' dir='ltr'>περιλαϐὼν</span> <span class='ocrx_word' id='word_1_258' title='bbox 585 2085 822 2144; x_wconf 83' lang='grc' dir='ltr'>ἀκακίαν</span> <span class='ocrx_word' id='word_1_259' title='bbox 847 2089 986 2144; x_wconf 87' lang='grc' dir='ltr'><strong>αύτά</strong></span> <span class='ocrx_word' id='word_1_260' title='bbox 1023 2091 1305 2165; x_wconf 74' lang='grc' dir='ltr'>ὠνόμασε·</span> <span class='ocrx_word' id='word_1_261' title='bbox 1343 2097 1437 2149; x_wconf 78' lang='grc' dir='ltr'><strong>καὶ</strong></span> <span class='ocrx_word' id='word_1_262' title='bbox 1461 2096 1537 2160; x_wconf 83' lang='grc' dir='ltr'>ὼς</span> <span class='ocrx_word' id='word_1_263' title='bbox 1564 2098 1622 2151; x_wconf 80' lang='grc' dir='ltr'><strong>ἐν</strong></span> <span class='ocrx_word' id='word_1_264' title='bbox 1652 2098 1826 2171; x_wconf 85' lang='grc' dir='ltr'>τούτῳ</span> 
     </span>
    </p>
   </div>
   <div class='ocr_carea' id='block_1_40' title="bbox 245 2173 1826 2263">
    <p class='ocr_par' dir='ltr' id='par_1_40' title="bbox 245 2173 1826 2263">
     <span class='ocr_line' id='line_1_40' title="bbox 245 2173 1826 2263; baseline 0.015 -38"><span class='ocrx_word' id='word_1_265' title='bbox 245 2173 480 2242; x_wconf 89' lang='grc' dir='ltr'>μάλιστα</span> <span class='ocrx_word' id='word_1_266' title='bbox 514 2177 591 2249; x_wconf 84' lang='grc' dir='ltr'><strong>τῷ</strong></span> <span class='ocrx_word' id='word_1_267' title='bbox 635 2180 791 2252; x_wconf 81' lang='grc' dir='ltr'>μέρει</span> <span class='ocrx_word' id='word_1_268' title='bbox 832 2184 1203 2257; x_wconf 86' lang='grc' dir='ltr'>κατορθώσας,</span> <span class='ocrx_word' id='word_1_269' title='bbox 1232 2190 1291 2244; x_wconf 83' lang='grc' dir='ltr'><strong>ἐν</strong></span> <span class='ocrx_word' id='word_1_270' title='bbox 1316 2193 1383 2261; x_wconf 82' lang='grc' dir='ltr'>τῇ</span> <span class='ocrx_word' id='word_1_271' title='bbox 1417 2192 1555 2263; x_wconf 85' lang='grc' dir='ltr'>πρὸς</span> <span class='ocrx_word' id='word_1_272' title='bbox 1580 2194 1672 2245; x_wconf 86' lang='grc' dir='ltr'><strong>τὸν</strong></span> <span class='ocrx_word' id='word_1_273' title='bbox 1692 2194 1826 2248; x_wconf 83' lang='grc' dir='ltr'>Θεὸν</span> 
     </span>
    </p>
   </div>
   <div class='ocr_carea' id='block_1_41' title="bbox 241 2265 1827 2354">
    <p class='ocr_par' dir='ltr' id='par_1_41' title="bbox 241 2265 1827 2354">
     <span class='ocr_line' id='line_1_41' title="bbox 241 2265 1827 2354; baseline 0.015 -38"><span class='ocrx_word' id='word_1_274' title='bbox 241 2265 481 2333; x_wconf 76' lang='grc' dir='ltr'>ἐντεύξει</span> <span class='ocrx_word' id='word_1_275' title='bbox 499 2270 633 2341; x_wconf 81' lang='grc' dir='ltr'>φησί</span> <span class='ocrx_word' id='word_1_276' title='bbox 650 2288 663 2301; x_wconf 69' lang='grc' dir='ltr'><strong>ο</strong></span> <span class='ocrx_word' id='word_1_277' title='bbox 697 2272 920 2341; x_wconf 84' lang='grc' dir='ltr'>Κρῖνόν</span> <span class='ocrx_word' id='word_1_278' title='bbox 936 2293 1037 2345; x_wconf 82' lang='grc' dir='ltr'><strong>με,</strong></span> <span class='ocrx_word' id='word_1_279' title='bbox 1064 2279 1265 2347; x_wconf 84' lang='grc' dir='ltr'>Κύριε,</span> <span class='ocrx_word' id='word_1_280' title='bbox 1289 2280 1508 2352; x_wconf 51' lang='lat' dir='ltr'><strong>auem</strong></span> <span class='ocrx_word' id='word_1_281' title='bbox 1528 2284 1827 2354; x_wconf 79' lang='grc' dir='ltr'>ἐνάκακίᾳ</span> 
     </span>
    </p>
   </div>
   <div class='ocr_carea' id='block_1_42' title="bbox 238 2359 1825 2445">
    <p class='ocr_par' dir='ltr' id='par_1_42' title="bbox 238 2359 1825 2445">
     <span class='ocr_line' id='line_1_42' title="bbox 238 2359 1825 2445; baseline 0.014 -36"><span class='ocrx_word' id='word_1_282' title='bbox 238 2373 356 2423; x_wconf 79' lang='grc' dir='ltr'><strong>μου</strong></span> <span class='ocrx_word' id='word_1_283' title='bbox 415 2359 763 2430; x_wconf 77' lang='grc' dir='ltr'>ἐπορεύθην.</span> <span class='ocrx_word' id='word_1_284' title='bbox 805 2364 956 2420; x_wconf 76' lang='grc' dir='ltr'>Ἐπεὶ</span> <span class='ocrx_word' id='word_1_285' title='bbox 1002 2368 1059 2423; x_wconf 85' lang='grc' dir='ltr'><strong>δὲ</strong></span> <span class='ocrx_word' id='word_1_286' title='bbox 1102 2370 1247 2441; x_wconf 80' lang='grc' dir='ltr'>μέγα</span> <span class='ocrx_word' id='word_1_287' title='bbox 1293 2373 1423 2445; x_wconf 73' lang='grc' dir='ltr'>περὶ</span> <span class='ocrx_word' id='word_1_288' title='bbox 1463 2375 1659 2429; x_wconf 74' lang='grc' dir='ltr'>ἑαυτοῦ</span> <span class='ocrx_word' id='word_1_289' title='bbox 1694 2377 1825 2430; x_wconf 78' lang='grc' dir='ltr'>άπεο</span> 
     </span>
    </p>
   </div>
   <div class='ocr_carea' id='block_1_43' title="bbox 239 2449 1823 2539">
    <p class='ocr_par' dir='ltr' id='par_1_43' title="bbox 239 2449 1823 2539">
     <span class='ocr_line' id='line_1_43' title="bbox 239 2449 1823 2539; baseline 0.013 -37"><span class='ocrx_word' id='word_1_290' title='bbox 239 2449 467 2519; x_wconf 82' lang='grc' dir='ltr'>φήνατο,</span> <span class='ocrx_word' id='word_1_291' title='bbox 498 2451 685 2525; x_wconf 85' lang='grc' dir='ltr'>ὥσπερ</span> <span class='ocrx_word' id='word_1_292' title='bbox 724 2457 1209 2532; x_wconf 79' lang='grc' dir='ltr'>ὲγκαυχησάμενος</span> <span class='ocrx_word' id='word_1_293' title='bbox 1233 2463 1309 2534; x_wconf 83' lang='grc' dir='ltr'>τῷ</span> <span class='ocrx_word' id='word_1_294' title='bbox 1329 2466 1594 2539; x_wconf 80' lang='grc' dir='ltr'>ἐξαιρέτῳ</span> <span class='ocrx_word' id='word_1_295' title='bbox 1626 2456 1823 2523; x_wconf 77' lang='grc' dir='ltr'>ἑαυτοῦ</span> 
     </span>
    </p>
   </div>
   <div class='ocr_carea' id='block_1_44' title="bbox 238 2541 1824 2635">
    <p class='ocr_par' dir='ltr' id='par_1_44' title="bbox 238 2541 1824 2635">
     <span class='ocr_line' id='line_1_44' title="bbox 238 2541 1824 2635; baseline 0.016 -43"><span class='ocrx_word' id='word_1_296' title='bbox 238 2541 625 2635; x_wconf 67' lang='grc' dir='ltr'>κατορθώματι</span> <span class='ocrx_word' id='word_1_297' title='bbox 649 2545 752 2616; x_wconf 85' lang='grc' dir='ltr'>τῆς</span> <span class='ocrx_word' id='word_1_298' title='bbox 791 2548 1081 2623; x_wconf 86' lang='grc' dir='ltr'>ἀκακίαςῆ</span> <span class='ocrx_word' id='word_1_299' title='bbox 1106 2554 1205 2625; x_wconf 84' lang='grc' dir='ltr'>τῆς</span> <span class='ocrx_word' id='word_1_300' title='bbox 1235 2557 1559 2630; x_wconf 83' lang='grc' dir='ltr'>ἁπλότητος,</span> <span class='ocrx_word' id='word_1_301' title='bbox 1595 2561 1824 2635; x_wconf 82' lang='grc' dir='ltr'>ἐπιλαμ-</span> 
     </span>
    </p>
   </div>
   <div class='ocr_carea' id='block_1_45' title="bbox 235 2632 1819 2728">
    <p class='ocr_par' dir='ltr' id='par_1_45' title="bbox 235 2632 1819 2728">
     <span class='ocr_line' id='line_1_45' title="bbox 235 2632 1819 2728; baseline 0.016 -43"><span class='ocrx_word' id='word_1_302' title='bbox 235 2632 458 2690; x_wconf 75' lang='grc' dir='ltr'>ϐάνεται</span> <span class='ocrx_word' id='word_1_303' title='bbox 482 2638 643 2703; x_wconf 81' lang='grc' dir='ltr'>αὐτὸς</span> <span class='ocrx_word' id='word_1_304' title='bbox 679 2644 872 2698; x_wconf 84' lang='grc' dir='ltr'>ἐαυτοῦ</span> <span class='ocrx_word' id='word_1_305' title='bbox 906 2646 999 2699; x_wconf 75' lang='grc' dir='ltr'><strong>καὶ</strong></span> <span class='ocrx_word' id='word_1_306' title='bbox 1024 2648 1268 2715; x_wconf 77' lang='grc' dir='ltr'>ἐπιλέγει</span> <span class='ocrx_word' id='word_1_307' title='bbox 1290 2651 1607 2722; x_wconf 80' lang='grc' dir='ltr'>ἀναγκαίως</span> <span class='ocrx_word' id='word_1_308' title='bbox 1658 2632 1819 2728; x_wconf 64' lang='grc' dir='ltr'><strong>ιξῆξ·</strong></span> 
     </span>
    </p>
   </div>
   <div class='ocr_carea' id='block_1_46' title="bbox 241 2726 1825 2819">
    <p class='ocr_par' dir='ltr' id='par_1_46' title="bbox 241 2726 1825 2819">
     <span class='ocr_line' id='line_1_46' title="bbox 241 2726 1825 2819; baseline 0.019 -43"><span class='ocrx_word' id='word_1_309' title='bbox 241 2726 351 2819; x_wconf 77' lang='grc' dir='ltr'><strong>Καὶ</strong></span> <span class='ocrx_word' id='word_1_310' title='bbox 368 2728 560 2819; x_wconf 51' lang='lat' dir='ltr'><strong>tiu-tith</strong></span> <span class='ocrx_word' id='word_1_311' title='bbox 577 2736 771 2803; x_wconf 82' lang='grc' dir='ltr'>Κυρίῳ</span> <span class='ocrx_word' id='word_1_312' title='bbox 796 2737 1050 2800; x_wconf 72' lang='grc' dir='ltr'>ἐλπίζων</span> <span class='ocrx_word' id='word_1_313' title='bbox 1063 2743 1134 2795; x_wconf 88' lang='grc' dir='ltr'>οὐ</span> <span class='ocrx_word' id='word_1_314' title='bbox 1149 2742 1236 2811; x_wconf 81' lang='grc' dir='ltr'>μὴ</span> <span class='ocrx_word' id='word_1_315' title='bbox 1257 2744 1598 2816; x_wconf 77' lang='grc' dir='ltr'>ἀσθενήσω.</span> <span class='ocrx_word' id='word_1_316' title='bbox 1632 2726 1825 2819; x_wconf 81' lang='grc' dir='ltr'>Ἀναγ-</span> 
     </span>
    </p>
   </div>
   <div class='ocr_carea' id='block_1_47' title="bbox 236 2816 1821 2910">
    <p class='ocr_par' dir='ltr' id='par_1_47' title="bbox 236 2816 1821 2910">
     <span class='ocr_line' id='line_1_47' title="bbox 236 2816 1821 2910; baseline 0.016 -39"><span class='ocrx_word' id='word_1_317' title='bbox 236 2817 406 2883; x_wconf 89' lang='grc' dir='ltr'>καίως</span> <span class='ocrx_word' id='word_1_318' title='bbox 421 2816 515 2875; x_wconf 76' lang='grc' dir='ltr'><strong>οὖν</strong></span> <span class='ocrx_word' id='word_1_319' title='bbox 534 2826 855 2893; x_wconf 78' lang='grc' dir='ltr'>συνέπλεξεν</span> <span class='ocrx_word' id='word_1_320' title='bbox 869 2832 1057 2886; x_wconf 78' lang='grc' dir='ltr'>ἑαυτὸν</span> <span class='ocrx_word' id='word_1_321' title='bbox 1081 2837 1146 2905; x_wconf 81' lang='grc' dir='ltr'>τῇ</span> <span class='ocrx_word' id='word_1_322' title='bbox 1181 2836 1277 2889; x_wconf 77' lang='grc' dir='ltr'><strong>ἐπὶ</strong></span> <span class='ocrx_word' id='word_1_323' title='bbox 1297 2836 1388 2890; x_wconf 79' lang='grc' dir='ltr'>τὸν</span> <span class='ocrx_word' id='word_1_324' title='bbox 1404 2839 1610 2910; x_wconf 82' lang='grc' dir='ltr'>Κύριον</span> <span class='ocrx_word' id='word_1_325' title='bbox 1624 2816 1821 2909; x_wconf 82' lang='grc' dir='ltr'>ἐλπίδι,</span> 
     </span>
    </p>
   </div>
   <div class='ocr_carea' id='block_1_48' title="bbox 235 2910 1824 3004">
    <p class='ocr_par' dir='ltr' id='par_1_48' title="bbox 235 2910 1824 3004">
     <span class='ocr_line' id='line_1_48' title="bbox 235 2910 1824 3004; baseline 0.018 -42"><span class='ocrx_word' id='word_1_326' title='bbox 235 2910 330 2963; x_wconf 76' lang='grc' dir='ltr'><strong>καὶ</strong></span> <span class='ocrx_word' id='word_1_327' title='bbox 352 2912 546 2967; x_wconf 75' lang='grc' dir='ltr'>ἐαυτοῦ</span> <span class='ocrx_word' id='word_1_328' title='bbox 594 2926 907 2992; x_wconf 85' lang='grc' dir='ltr'>κατηγορεῖ,</span> <span class='ocrx_word' id='word_1_329' title='bbox 942 2925 1018 2988; x_wconf 84' lang='grc' dir='ltr'>ὡς</span> <span class='ocrx_word' id='word_1_330' title='bbox 1043 2924 1341 2997; x_wconf 78' lang='grc' dir='ltr'>δυναμένου</span> <span class='ocrx_word' id='word_1_331' title='bbox 1376 2931 1704 3004; x_wconf 78' lang='grc' dir='ltr'>σαλευθῆναι</span> <span class='ocrx_word' id='word_1_332' title='bbox 1730 2936 1824 2990; x_wconf 75' lang='grc' dir='ltr'>καὶ</span> 
     </span>
    </p>
   </div>
   <div class='ocr_carea' id='block_1_49' title="bbox 236 3003 1823 3092">
    <p class='ocr_par' dir='ltr' id='par_1_49' title="bbox 236 3003 1823 3092">
     <span class='ocr_line' id='line_1_49' title="bbox 236 3003 1823 3092; baseline 0.017 -37"><span class='ocrx_word' id='word_1_333' title='bbox 236 3003 579 3078; x_wconf 75' lang='grc' dir='ltr'>ἐκτραπῆναι</span> <span class='ocrx_word' id='word_1_334' title='bbox 612 3012 705 3064; x_wconf 73' lang='grc' dir='ltr'><strong>καὶ</strong></span> <span class='ocrx_word' id='word_1_335' title='bbox 740 3010 1121 3087; x_wconf 80' lang='grc' dir='ltr'>ἐξασθενῆσαι.</span> <span class='ocrx_word' id='word_1_336' title='bbox 1161 3020 1307 3092; x_wconf 74' lang='grc' dir='ltr'>Πλὴν</span> <span class='ocrx_word' id='word_1_337' title='bbox 1352 3023 1504 3077; x_wconf 78' lang='grc' dir='ltr'>οὐδὲν</span> <span class='ocrx_word' id='word_1_338' title='bbox 1539 3003 1823 3083; x_wconf 85' lang='grc' dir='ltr'>πείσεσθαι</span> 
     </span>
    </p>
   </div>
   <div class='ocr_carea' id='block_1_50' title="bbox 234 3095 1820 3194">
    <p class='ocr_par' dir='ltr' id='par_1_50' title="bbox 234 3095 1820 3194">
     <span class='ocr_line' id='line_1_50' title="bbox 234 3095 1820 3194; baseline 0.016 -46"><span class='ocrx_word' id='word_1_339' title='bbox 234 3095 326 3194; x_wconf 73' lang='grc' dir='ltr'>διὰ</span> <span class='ocrx_word' id='word_1_340' title='bbox 456 3102 535 3165; x_wconf 83' lang='grc' dir='ltr'>εἰς</span> <span class='ocrx_word' id='word_1_341' title='bbox 552 3100 683 3157; x_wconf 86' lang='grc' dir='ltr'>Θεὸν</span> <span class='ocrx_word' id='word_1_342' title='bbox 706 3106 896 3160; x_wconf 80' lang='grc' dir='ltr'>ἐλπίδα</span> <span class='ocrx_word' id='word_1_343' title='bbox 914 3107 1133 3182; x_wconf 71' lang='grc' dir='ltr'>θαρρῶν</span> <span class='ocrx_word' id='word_1_344' title='bbox 1152 3112 1537 3171; x_wconf 71' lang='grc' dir='ltr'>διεϐεϐαιοῦτοο</span> <span class='ocrx_word' id='word_1_345' title='bbox 1559 3118 1674 3189; x_wconf 61' lang='grc' dir='ltr'><strong>⁴ἤδει</strong></span> <span class='ocrx_word' id='word_1_346' title='bbox 1690 3119 1820 3194; x_wconf 81' lang='grc' dir='ltr'>γάρ,</span> 
     </span>
    </p>
   </div>
   <div class='ocr_carea' id='block_1_51' title="bbox 233 3189 1714 3271">
    <p class='ocr_par' dir='ltr' id='par_1_51' title="bbox 233 3189 1714 3271">
     <span class='ocr_line' id='line_1_51' title="bbox 233 3189 1714 3271; baseline 0.016 -30"><span class='ocrx_word' id='word_1_347' title='bbox 233 3189 314 3243; x_wconf 79' lang='grc' dir='ltr'>ὃτι</span> <span class='ocrx_word' id='word_1_348' title='bbox 339 3192 371 3262; x_wconf 79' lang='grc' dir='ltr'>ή</span> <span class='ocrx_word' id='word_1_349' title='bbox 399 3192 552 3258; x_wconf 75' lang='grc' dir='ltr'>ἐλπὶς</span> <span class='ocrx_word' id='word_1_350' title='bbox 570 3197 630 3249; x_wconf 88' lang='grc' dir='ltr'><strong>ού</strong></span> <span class='ocrx_word' id='word_1_351' title='bbox 652 3200 1027 3271; x_wconf 87' lang='grc' dir='ltr'>καταισχύνει,</span> <span class='ocrx_word' id='word_1_352' title='bbox 1067 3204 1205 3259; x_wconf 87' lang='grc' dir='ltr'><strong>κατά</strong></span> <span class='ocrx_word' id='word_1_353' title='bbox 1232 3206 1322 3261; x_wconf 80' lang='grc' dir='ltr'><strong>τὸν</strong></span> <span class='ocrx_word' id='word_1_354' title='bbox 1369 3209 1714 3266; x_wconf 83' lang='grc' dir='ltr'>Ἀπόστολον.</span> 
     </span>
    </p>
   </div>
   <div class='ocr_carea' id='block_1_52' title="bbox 301 3286 1825 3373">
    <p class='ocr_par' dir='ltr' id='par_1_52' title="bbox 301 3286 1825 3373">
     <span class='ocr_line' id='line_1_52' title="bbox 301 3286 1825 3373; baseline 0.016 -37"><span class='ocrx_word' id='word_1_355' title='bbox 301 3286 640 3354; x_wconf 75' lang='grc' dir='ltr'>Δοκίμασόν</span> <span class='ocrx_word' id='word_1_356' title='bbox 662 3308 760 3359; x_wconf 81' lang='grc' dir='ltr'><strong>με,</strong></span> <span class='ocrx_word' id='word_1_357' title='bbox 797 3294 991 3361; x_wconf 79' lang='grc' dir='ltr'>Κύριε,</span> <span class='ocrx_word' id='word_1_358' title='bbox 1031 3298 1129 3350; x_wconf 81' lang='grc' dir='ltr'>καὶ</span> <span class='ocrx_word' id='word_1_359' title='bbox 1161 3299 1455 3367; x_wconf 83' lang='grc' dir='ltr'>πείρασὸν</span> <span class='ocrx_word' id='word_1_360' title='bbox 1484 3320 1563 3371; x_wconf 82' lang='grc' dir='ltr'><strong>με</strong></span> <span class='ocrx_word' id='word_1_361' title='bbox 1582 3320 1596 3333; x_wconf 69' lang='grc' dir='ltr'>σ</span> <span class='ocrx_word' id='word_1_362' title='bbox 1624 3304 1825 3373; x_wconf 81' lang='grc' dir='ltr'>πύρω-</span> 
     </span>
    </p>
   </div>
   <div class='ocr_carea' id='block_1_53' title="bbox 233 3378 1825 3464">
    <p class='ocr_par' dir='ltr' id='par_1_53' title="bbox 233 3378 1825 3464">
     <span class='ocr_line' id='line_1_53' title="bbox 233 3378 1825 3464; baseline 0.016 -37"><span class='ocrx_word' id='word_1_363' title='bbox 233 3388 349 3428; x_wconf 82' lang='grc' dir='ltr'><strong>σον</strong></span> <span class='ocrx_word' id='word_1_364' title='bbox 375 3378 518 3445; x_wconf 88' lang='grc' dir='ltr'>τοὺς</span> <span class='ocrx_word' id='word_1_365' title='bbox 541 3384 799 3451; x_wconf 64' lang='grc' dir='ltr'>νεφρούς</span> <span class='ocrx_word' id='word_1_366' title='bbox 818 3402 938 3453; x_wconf 81' lang='grc' dir='ltr'><strong>μου</strong></span> <span class='ocrx_word' id='word_1_367' title='bbox 972 3388 1071 3441; x_wconf 77' lang='grc' dir='ltr'><strong>καί</strong></span> <span class='ocrx_word' id='word_1_368' title='bbox 1100 3388 1217 3457; x_wconf 78' lang='grc' dir='ltr'>τὴν</span> <span class='ocrx_word' id='word_1_369' title='bbox 1247 3392 1501 3460; x_wconf 77' lang='grc' dir='ltr'>καρδίαν</span> <span class='ocrx_word' id='word_1_370' title='bbox 1531 3412 1679 3464; x_wconf 82' lang='grc' dir='ltr'>μου.</span> <span class='ocrx_word' id='word_1_371' title='bbox 1704 3398 1825 3451; x_wconf 84' lang='grc' dir='ltr'>’Ότι</span> 
     </span>
    </p>
   </div>
   <div class='ocr_carea' id='block_1_54' title="bbox 230 3466 1821 3554">
    <p class='ocr_par' dir='ltr' id='par_1_54' title="bbox 230 3466 1821 3554">
     <span class='ocr_line' id='line_1_54' title="bbox 230 3466 1821 3554; baseline 0.014 -34"><span class='ocrx_word' id='word_1_372' title='bbox 230 3466 300 3520; x_wconf 77' lang='grc' dir='ltr'>τὸ</span> <span class='ocrx_word' id='word_1_373' title='bbox 326 3469 499 3537; x_wconf 77' lang='grc' dir='ltr'>ἔλεός</span> <span class='ocrx_word' id='word_1_374' title='bbox 526 3488 642 3527; x_wconf 80' lang='grc' dir='ltr'>σου</span> <span class='ocrx_word' id='word_1_375' title='bbox 672 3474 988 3531; x_wconf 72' lang='grc' dir='ltr'>κατέναντι</span> <span class='ocrx_word' id='word_1_376' title='bbox 1020 3478 1141 3533; x_wconf 83' lang='grc' dir='ltr'><strong>τῶν</strong></span> <span class='ocrx_word' id='word_1_377' title='bbox 1170 3482 1497 3553; x_wconf 72' lang='grc' dir='ltr'><strong>ὀφθαλμῶν</strong></span> <span class='ocrx_word' id='word_1_378' title='bbox 1521 3504 1644 3554; x_wconf 82' lang='grc' dir='ltr'>μου</span> <span class='ocrx_word' id='word_1_379' title='bbox 1666 3487 1821 3553; x_wconf 81' lang='grc' dir='ltr'>ἐστὶ,</span> 
     </span>
    </p>
   </div>
   <div class='ocr_carea' id='block_1_55' title="bbox 233 3559 1823 3647">
    <p class='ocr_par' dir='ltr' id='par_1_55' title="bbox 233 3559 1823 3647">
     <span class='ocr_line' id='line_1_55' title="bbox 233 3559 1823 3647; baseline 0.014 -37"><span class='ocrx_word' id='word_1_380' title='bbox 233 3559 333 3612; x_wconf 70' lang='grc' dir='ltr'>καὶ</span> <span class='ocrx_word' id='word_1_381' title='bbox 372 3562 757 3632; x_wconf 77' lang='grc' dir='ltr'>εὐηρέστησα</span> <span class='ocrx_word' id='word_1_382' title='bbox 788 3567 859 3619; x_wconf 84' lang='grc' dir='ltr'><strong>ἐν</strong></span> <span class='ocrx_word' id='word_1_383' title='bbox 889 3568 962 3637; x_wconf 78' lang='grc' dir='ltr'>τῇ</span> <span class='ocrx_word' id='word_1_384' title='bbox 991 3571 1244 3639; x_wconf 81' lang='grc' dir='ltr'>ἀληθείᾳ</span> <span class='ocrx_word' id='word_1_385' title='bbox 1272 3590 1409 3628; x_wconf 90' lang='grc' dir='ltr'>σου.</span> <span class='ocrx_word' id='word_1_386' title='bbox 1447 3577 1559 3647; x_wconf 80' lang='grc' dir='ltr'>Ούχ</span> <span class='ocrx_word' id='word_1_387' title='bbox 1589 3578 1665 3642; x_wconf 84' lang='grc' dir='ltr'>ὡς</span> <span class='ocrx_word' id='word_1_388' title='bbox 1687 3579 1823 3633; x_wconf 84' lang='grc' dir='ltr'>ἀλα-</span> 
     </span>
    </p>
   </div>
   <div class='ocr_carea' id='block_1_56' title="bbox 228 3650 1825 3736">
    <p class='ocr_par' dir='ltr' id='par_1_56' title="bbox 228 3650 1825 3736">
     <span class='ocr_line' id='line_1_56' title="bbox 228 3650 1825 3736; baseline 0.013 -33"><span class='ocrx_word' id='word_1_389' title='bbox 228 3650 605 3723; x_wconf 71' lang='grc' dir='ltr'>ζονευόμενος,</span> <span class='ocrx_word' id='word_1_390' title='bbox 633 3656 739 3710; x_wconf 78' lang='grc' dir='ltr'>οὐδ’</span> <span class='ocrx_word' id='word_1_391' title='bbox 768 3660 1124 3730; x_wconf 81' lang='grc' dir='ltr'>ἐπαιρόμενος</span> <span class='ocrx_word' id='word_1_392' title='bbox 1164 3662 1318 3732; x_wconf 82' lang='grc' dir='ltr'>ἔλεγε</span> <span class='ocrx_word' id='word_1_393' title='bbox 1347 3664 1408 3717; x_wconf 85' lang='grc' dir='ltr'><strong>τό</strong></span> <span class='ocrx_word' id='word_1_394' title='bbox 1426 3682 1439 3695; x_wconf 72' lang='grc'><strong><em>⁸</em></strong></span> <span class='ocrx_word' id='word_1_395' title='bbox 1478 3669 1825 3736; x_wconf 81' lang='grc' dir='ltr'>Δοκίμασόν</span> 
     </span>
    </p>
   </div>
   <div class='ocr_carea' id='block_1_57' title="bbox 226 3745 1822 3825">
    <p class='ocr_par' dir='ltr' id='par_1_57' title="bbox 226 3745 1822 3825">
     <span class='ocr_line' id='line_1_57' title="bbox 226 3745 1822 3825; baseline 0.012 -30"><span class='ocrx_word' id='word_1_396' title='bbox 226 3760 324 3813; x_wconf 81' lang='grc' dir='ltr'><strong>με,</strong></span> <span class='ocrx_word' id='word_1_397' title='bbox 359 3745 558 3812; x_wconf 71' lang='grc' dir='ltr'>Κύριε,</span> <span class='ocrx_word' id='word_1_398' title='bbox 598 3748 698 3801; x_wconf 79' lang='grc' dir='ltr'>καὶ</span> <span class='ocrx_word' id='word_1_399' title='bbox 731 3750 1026 3817; x_wconf 78' lang='grc' dir='ltr'>πείρασόν</span> <span class='ocrx_word' id='word_1_400' title='bbox 1060 3770 1172 3821; x_wconf 75' lang='grc' dir='ltr'>με·</span> <span class='ocrx_word' id='word_1_401' title='bbox 1220 3757 1505 3823; x_wconf 66' lang='grc' dir='ltr'>κύρωσον</span> <span class='ocrx_word' id='word_1_402' title='bbox 1548 3759 1691 3825; x_wconf 86' lang='grc' dir='ltr'>τοὺς</span> <span class='ocrx_word' id='word_1_403' title='bbox 1724 3777 1822 3813; x_wconf 60' lang='grc' dir='ltr'>νει</span> 
     </span>
    </p>
   </div>
   <div class='ocr_carea' id='block_1_58' title="bbox 230 3835 1822 3921">
    <p class='ocr_par' dir='ltr' id='par_1_58' title="bbox 230 3835 1822 3921">
     <span class='ocr_line' id='line_1_58' title="bbox 230 3835 1822 3921; baseline 0.014 -21"><span class='ocrx_word' id='word_1_404' title='bbox 230 3835 424 3901; x_wconf 64' lang='grc' dir='ltr'>φρούς</span> <span class='ocrx_word' id='word_1_405' title='bbox 445 3851 565 3903; x_wconf 79' lang='grc' dir='ltr'><strong>μου</strong></span> <span class='ocrx_word' id='word_1_406' title='bbox 599 3837 699 3890; x_wconf 82' lang='grc' dir='ltr'>καὶ</span> <span class='ocrx_word' id='word_1_407' title='bbox 725 3838 842 3906; x_wconf 78' lang='grc' dir='ltr'>τὴν</span> <span class='ocrx_word' id='word_1_408' title='bbox 870 3841 1121 3909; x_wconf 68' lang='grc' dir='ltr'>ναρδιάν</span> <span class='ocrx_word' id='word_1_409' title='bbox 1158 3861 1280 3913; x_wconf 82' lang='grc' dir='ltr'>μου</span> <span class='ocrx_word' id='word_1_410' title='bbox 1299 3859 1314 3874; x_wconf 79' lang='lat'>&#39;</span> <span class='ocrx_word' id='word_1_411' title='bbox 1350 3845 1464 3899; x_wconf 80' lang='grc' dir='ltr'>ἀλλ’</span> <span class='ocrx_word' id='word_1_412' title='bbox 1490 3846 1567 3910; x_wconf 78' lang='grc' dir='ltr'>ὡς</span> <span class='ocrx_word' id='word_1_413' title='bbox 1598 3851 1655 3902; x_wconf 74' lang='grc' dir='ltr'>ἐν</span> <span class='ocrx_word' id='word_1_414' title='bbox 1689 3850 1822 3921; x_wconf 65' lang='grc' dir='ltr'>εί)χῇ</span> 
     </span>
    </p>
   </div>
   <div class='ocr_carea' id='block_1_59' title="bbox 231 3927 1824 4013">
    <p class='ocr_par' dir='ltr' id='par_1_59' title="bbox 231 3927 1824 4013">
     <span class='ocr_line' id='line_1_59' title="bbox 231 3927 1824 4013; baseline 0.012 -36"><span class='ocrx_word' id='word_1_415' title='bbox 231 3927 566 3997; x_wconf 80' lang='grc' dir='ltr'>παρακαλῶν</span> <span class='ocrx_word' id='word_1_416' title='bbox 599 3930 704 3983; x_wconf 82' lang='grc' dir='ltr'><strong>ὑπὸ</strong></span> <span class='ocrx_word' id='word_1_417' title='bbox 732 3931 825 3984; x_wconf 73' lang='grc' dir='ltr'>τοῦ</span> <span class='ocrx_word' id='word_1_418' title='bbox 852 3931 987 3986; x_wconf 82' lang='grc' dir='ltr'>Θεοῦ</span> <span class='ocrx_word' id='word_1_419' title='bbox 1022 3934 1364 4009; x_wconf 79' lang='grc' dir='ltr'>καθαρθῆναι</span> <span class='ocrx_word' id='word_1_420' title='bbox 1397 3937 1487 3992; x_wconf 87' lang='grc' dir='ltr'><strong>διά</strong></span> <span class='ocrx_word' id='word_1_421' title='bbox 1513 3940 1614 4010; x_wconf 87' lang='grc' dir='ltr'>τῆς</span> <span class='ocrx_word' id='word_1_422' title='bbox 1648 3941 1824 4013; x_wconf 84' lang='grc' dir='ltr'>πυρώ-</span> 
     </span>
    </p>
   </div>
   <div class='ocr_carea' id='block_1_60' title="bbox 231 4019 1825 4101">
    <p class='ocr_par' dir='ltr' id='par_1_60' title="bbox 231 4019 1825 4101">
     <span class='ocr_line' id='line_1_60' title="bbox 231 4019 1825 4101; baseline 0.01 -28"><span class='ocrx_word' id='word_1_423' title='bbox 231 4036 392 4082; x_wconf 86' lang='grc' dir='ltr'>σεως,</span> <span class='ocrx_word' id='word_1_424' title='bbox 426 4020 474 4072; x_wconf 87' lang='grc' dir='ltr'><strong>εί</strong></span> <span class='ocrx_word' id='word_1_425' title='bbox 520 4019 690 4076; x_wconf 80' lang='grc' dir='ltr'>δέοιτο</span> <span class='ocrx_word' id='word_1_426' title='bbox 723 4024 1061 4097; x_wconf 87' lang='grc' dir='ltr'>καθάρσεως,</span> <span class='ocrx_word' id='word_1_427' title='bbox 1099 4029 1416 4101; x_wconf 88' lang='grc' dir='ltr'>Παρακαλεί</span> <span class='ocrx_word' id='word_1_428' title='bbox 1455 4032 1633 4086; x_wconf 89' lang='grc' dir='ltr'>τοίνυν</span> <span class='ocrx_word' id='word_1_429' title='bbox 1678 4035 1825 4089; x_wconf 82' lang='grc' dir='ltr'>δοκι-</span> 
     </span>
    </p>
   </div>
   <div class='ocr_carea' id='block_1_61' title="bbox 232 4110 1820 4194">
    <p class='ocr_par' dir='ltr' id='par_1_61' title="bbox 232 4110 1820 4194">
     <span class='ocr_line' id='line_1_61' title="bbox 232 4110 1820 4194; baseline 0.013 -33"><span class='ocrx_word' id='word_1_430' title='bbox 232 4110 509 4181; x_wconf 81' lang='grc' dir='ltr'>μασθῆναι</span> <span class='ocrx_word' id='word_1_431' title='bbox 542 4115 635 4167; x_wconf 75' lang='grc' dir='ltr'><strong>καὶ</strong></span> <span class='ocrx_word' id='word_1_432' title='bbox 681 4117 1042 4189; x_wconf 82' lang='grc' dir='ltr'>πειρασθῆναι</span> <span class='ocrx_word' id='word_1_433' title='bbox 1074 4120 1172 4193; x_wconf 76' lang='grc' dir='ltr'><strong>τὴν</strong></span> <span class='ocrx_word' id='word_1_434' title='bbox 1220 4123 1614 4194; x_wconf 85' lang='grc' dir='ltr'>προλεχθεῖσαν</span> <span class='ocrx_word' id='word_1_435' title='bbox 1654 4128 1820 4182; x_wconf 80' lang='grc' dir='ltr'>αὑτοῦ</span> 
     </span>
    </p>
   </div>
   <div class='ocr_carea' id='block_1_62' title="bbox 229 4204 1821 4291">
    <p class='ocr_par' dir='ltr' id='par_1_62' title="bbox 229 4204 1821 4291">
     <span class='ocr_line' id='line_1_62' title="bbox 229 4204 1821 4291; baseline 0.011 -35"><span class='ocrx_word' id='word_1_436' title='bbox 229 4204 453 4275; x_wconf 75' lang='grc' dir='ltr'>ἀρετὴν,</span> <span class='ocrx_word' id='word_1_437' title='bbox 503 4206 625 4260; x_wconf 81' lang='grc' dir='ltr'>καθ’</span> <span class='ocrx_word' id='word_1_438' title='bbox 670 4208 737 4279; x_wconf 75' lang='grc' dir='ltr'>ἦν</span> <span class='ocrx_word' id='word_1_439' title='bbox 789 4209 1095 4282; x_wconf 71' lang='grc' dir='ltr'>διαπρέψας</span> <span class='ocrx_word' id='word_1_440' title='bbox 1148 4214 1551 4281; x_wconf 81' lang='grc' dir='ltr'>ἀποδέδεικται,</span> <span class='ocrx_word' id='word_1_441' title='bbox 1588 4219 1689 4273; x_wconf 89' lang='grc' dir='ltr'><strong>ούκ</strong></span> <span class='ocrx_word' id='word_1_442' title='bbox 1734 4223 1821 4291; x_wconf 78' lang='grc' dir='ltr'><strong>ἐφ’</strong></span> 
     </span>
    </p>
   </div>
   <div class='ocr_carea' id='block_1_63' title="bbox 229 4298 1821 4382">
    <p class='ocr_par' dir='ltr' id='par_1_63' title="bbox 229 4298 1821 4382">
     <span class='ocr_line' id='line_1_63' title="bbox 229 4298 1821 4382; baseline 0.009 -32"><span class='ocrx_word' id='word_1_443' title='bbox 229 4298 409 4368; x_wconf 82' lang='grc' dir='ltr'>ἐαυτῷ</span> <span class='ocrx_word' id='word_1_444' title='bbox 454 4300 748 4364; x_wconf 83' lang='grc' dir='ltr'>πεποιθὼς,</span> <span class='ocrx_word' id='word_1_445' title='bbox 775 4302 889 4356; x_wconf 87' lang='grc' dir='ltr'>ἀλλ’</span> <span class='ocrx_word' id='word_1_446' title='bbox 928 4305 1020 4360; x_wconf 76' lang='grc' dir='ltr'><strong>ἐπὶ</strong></span> <span class='ocrx_word' id='word_1_447' title='bbox 1052 4304 1128 4376; x_wconf 80' lang='grc' dir='ltr'><strong>τῷ</strong></span> <span class='ocrx_word' id='word_1_448' title='bbox 1171 4306 1263 4360; x_wconf 77' lang='grc' dir='ltr'><strong>τοῦ</strong></span> <span class='ocrx_word' id='word_1_449' title='bbox 1297 4308 1433 4361; x_wconf 75' lang='grc' dir='ltr'>Θεοῦ</span> <span class='ocrx_word' id='word_1_450' title='bbox 1471 4310 1631 4382; x_wconf 82' lang='grc' dir='ltr'>ἐλέῳ.</span> <span class='ocrx_word' id='word_1_451' title='bbox 1664 4311 1821 4365; x_wconf 69' lang='grc' dir='ltr'>Οὕτω</span> 
     </span>
    </p>
   </div>
   <div class='ocr_carea' id='block_1_64' title="bbox 225 4389 1822 4463">
    <p class='ocr_par' dir='ltr' id='par_1_64' title="bbox 225 4389 1822 4463">
     <span class='ocr_line' id='line_1_64' title="bbox 225 4389 1822 4463; baseline 0.011 -22"><span class='ocrx_word' id='word_1_452' title='bbox 225 4389 380 4459; x_wconf 78' lang='grc' dir='ltr'>γοῦν,</span> <span class='ocrx_word' id='word_1_453' title='bbox 416 4392 572 4463; x_wconf 78' lang='grc' dir='ltr'>φησὶ,</span> <span class='ocrx_word' id='word_1_454' title='bbox 592 4393 681 4447; x_wconf 77' lang='grc' dir='ltr'>διὰ</span> <span class='ocrx_word' id='word_1_455' title='bbox 708 4395 909 4458; x_wconf 84' lang='grc' dir='ltr'>παντὸς</span> <span class='ocrx_word' id='word_1_456' title='bbox 957 4397 1016 4449; x_wconf 88' lang='grc' dir='ltr'><strong>σέ</strong></span> <span class='ocrx_word' id='word_1_457' title='bbox 1042 4397 1131 4450; x_wconf 75' lang='grc' dir='ltr'>τὸν</span> <span class='ocrx_word' id='word_1_458' title='bbox 1164 4399 1295 4452; x_wconf 85' lang='grc' dir='ltr'>Θεὸν</span> <span class='ocrx_word' id='word_1_459' title='bbox 1323 4402 1415 4454; x_wconf 76' lang='grc' dir='ltr'><strong>καὶ</strong></span> <span class='ocrx_word' id='word_1_460' title='bbox 1440 4402 1531 4457; x_wconf 84' lang='grc' dir='ltr'><strong>τὸν</strong></span> <span class='ocrx_word' id='word_1_461' title='bbox 1561 4402 1651 4455; x_wconf 84' lang='grc' dir='ltr'><strong>σὸν</strong></span> <span class='ocrx_word' id='word_1_462' title='bbox 1674 4404 1822 4457; x_wconf 76' lang='grc' dir='ltr'>ἔλεον</span> 
     </span>
    </p>
   </div>
   <div class='ocr_carea' id='block_1_65' title="bbox 228 4483 1820 4565">
    <p class='ocr_par' dir='ltr' id='par_1_65' title="bbox 228 4483 1820 4565">
     <span class='ocr_line' id='line_1_65' title="bbox 228 4483 1820 4565; baseline 0.009 -30"><span class='ocrx_word' id='word_1_463' title='bbox 228 4483 337 4554; x_wconf 83' lang='grc' dir='ltr'><strong>πρὸ</strong></span> <span class='ocrx_word' id='word_1_464' title='bbox 364 4484 655 4556; x_wconf 83' lang='grc' dir='ltr'>ὀφθαλμῶν</span> <span class='ocrx_word' id='word_1_465' title='bbox 682 4485 840 4557; x_wconf 78' lang='grc' dir='ltr'>ἔχων,</span> <span class='ocrx_word' id='word_1_466' title='bbox 870 4488 1046 4542; x_wconf 87' lang='grc' dir='ltr'>πάντα</span> <span class='ocrx_word' id='word_1_467' title='bbox 1076 4490 1165 4543; x_wconf 84' lang='grc' dir='ltr'><strong>τὸν</strong></span> <span class='ocrx_word' id='word_1_468' title='bbox 1188 4492 1427 4562; x_wconf 82' lang='grc' dir='ltr'>ἐμαυτοῦ</span> <span class='ocrx_word' id='word_1_469' title='bbox 1455 4494 1569 4565; x_wconf 83' lang='grc' dir='ltr'>βίον</span> <span class='ocrx_word' id='word_1_470' title='bbox 1597 4497 1690 4549; x_wconf 75' lang='grc' dir='ltr'><strong>καὶ</strong></span> <span class='ocrx_word' id='word_1_471' title='bbox 1715 4496 1820 4550; x_wconf 84' lang='grc' dir='ltr'>πά-</span> 
     </span>
    </p>
   </div>
   <div class='ocr_carea' id='block_1_66' title="bbox 1935 1926 3513 1998">
    <p class='ocr_par' dir='ltr' id='par_1_66' title="bbox 1935 1926 3513 1998">
     <span class='ocr_line' id='line_1_66' title="bbox 1935 1926 3513 1998; baseline 0.003 -20"><span class='ocrx_word' id='word_1_472' title='bbox 1935 1926 2171 1987; x_wconf 85' lang='lat' dir='ltr'><strong>suetudo</strong></span> <span class='ocrx_word' id='word_1_473' title='bbox 2204 1942 2421 1998; x_wconf 92' lang='lat' dir='ltr'><strong>nempe,</strong></span> <span class='ocrx_word' id='word_1_474' title='bbox 2452 1927 2756 1997; x_wconf 88' lang='lat' dir='ltr'><strong>humilitas,</strong></span> <span class='ocrx_word' id='word_1_475' title='bbox 2791 1937 2845 1984; x_wconf 91' lang='lat' dir='ltr'><strong>et</strong></span> <span class='ocrx_word' id='word_1_476' title='bbox 2876 1930 3167 1985; x_wconf 88' lang='lat' dir='ltr'><strong>tolerantia</strong></span> <span class='ocrx_word' id='word_1_477' title='bbox 3198 1949 3209 1984; x_wconf 93' lang='lat'><strong>:</strong></span> <span class='ocrx_word' id='word_1_478' title='bbox 3238 1930 3354 1986; x_wconf 67' lang='lat' dir='ltr'><strong>haec</strong></span> <span class='ocrx_word' id='word_1_479' title='bbox 3395 1943 3513 1983; x_wconf 81' lang='lat' dir='ltr'><strong>om-</strong></span> 
     </span>
    </p>
   </div>
   <div class='ocr_carea' id='block_1_67' title="bbox 1937 2018 3517 2089">
    <p class='ocr_par' dir='ltr' id='par_1_67' title="bbox 1937 2018 3517 2089">
     <span class='ocr_line' id='line_1_67' title="bbox 1937 2018 3517 2089; baseline 0.002 -17"><span class='ocrx_word' id='word_1_480' title='bbox 1937 2018 2030 2073; x_wconf 92' lang='lat' dir='ltr'><strong>nia</strong></span> <span class='ocrx_word' id='word_1_481' title='bbox 2075 2034 2182 2073; x_wconf 88' lang='lat' dir='ltr'><strong>una</strong></span> <span class='ocrx_word' id='word_1_482' title='bbox 2215 2019 2610 2089; x_wconf 86' lang='lat' dir='ltr'><strong>complectens,</strong></span> <span class='ocrx_word' id='word_1_483' title='bbox 2654 2020 3031 2077; x_wconf 86' lang='lat' dir='ltr'><strong>innocentiam</strong></span> <span class='ocrx_word' id='word_1_484' title='bbox 3064 2023 3299 2076; x_wconf 84' lang='lat' dir='ltr'><strong>vocavit.</strong></span> <span class='ocrx_word' id='word_1_485' title='bbox 3334 2021 3400 2075; x_wconf 88' lang='lat' dir='ltr'><strong>Et</strong></span> <span class='ocrx_word' id='word_1_486' title='bbox 3428 2028 3517 2075; x_wconf 83' lang='lat' dir='ltr'><strong>ut-</strong></span> 
     </span>
    </p>
   </div>
   <div class='ocr_carea' id='block_1_68' title="bbox 1933 2110 3516 2185">
    <p class='ocr_par' dir='ltr' id='par_1_68' title="bbox 1933 2110 3516 2185">
     <span class='ocr_line' id='line_1_68' title="bbox 1933 2110 3516 2185; baseline 0.004 -22"><span class='ocrx_word' id='word_1_487' title='bbox 1933 2118 2063 2179; x_wconf 91' lang='lat' dir='ltr'><strong>pote</strong></span> <span class='ocrx_word' id='word_1_488' title='bbox 2091 2110 2185 2181; x_wconf 87' lang='lat' dir='ltr'><strong>qui</strong></span> <span class='ocrx_word' id='word_1_489' title='bbox 2218 2111 2322 2166; x_wconf 89' lang='lat' dir='ltr'><strong>hac</strong></span> <span class='ocrx_word' id='word_1_490' title='bbox 2346 2114 2619 2183; x_wconf 66' lang='lat' dir='ltr'><strong>praecipue</strong></span> <span class='ocrx_word' id='word_1_491' title='bbox 2648 2113 2703 2167; x_wconf 92' lang='lat' dir='ltr'><strong>in</strong></span> <span class='ocrx_word' id='word_1_492' title='bbox 2739 2124 2893 2184; x_wconf 87' lang='lat' dir='ltr'><strong>parte</strong></span> <span class='ocrx_word' id='word_1_493' title='bbox 2924 2130 2985 2169; x_wconf 92' lang='lat' dir='ltr'><strong>se</strong></span> <span class='ocrx_word' id='word_1_494' title='bbox 3017 2115 3279 2185; x_wconf 59' lang='lat' dir='ltr'><strong>praeclare</strong></span> <span class='ocrx_word' id='word_1_495' title='bbox 3312 2114 3516 2185; x_wconf 81' lang='lat' dir='ltr'><strong>gessis-</strong></span> 
     </span>
    </p>
   </div>
   <div class='ocr_carea' id='block_1_69' title="bbox 1935 2202 3515 2276">
    <p class='ocr_par' dir='ltr' id='par_1_69' title="bbox 1935 2202 3515 2276">
     <span class='ocr_line' id='line_1_69' title="bbox 1935 2202 3515 2276; baseline -0.001 -17"><span class='ocrx_word' id='word_1_496' title='bbox 1935 2209 2039 2265; x_wconf 83' lang='lat' dir='ltr'><strong>set,</strong></span> <span class='ocrx_word' id='word_1_497' title='bbox 2073 2202 2129 2257; x_wconf 90' lang='lat' dir='ltr'><strong>in</strong></span> <span class='ocrx_word' id='word_1_498' title='bbox 2159 2204 2528 2273; x_wconf 87' lang='lat' dir='ltr'><strong>postulatione</strong></span> <span class='ocrx_word' id='word_1_499' title='bbox 2553 2219 2653 2259; x_wconf 91' lang='lat' dir='ltr'><strong>sua</strong></span> <span class='ocrx_word' id='word_1_500' title='bbox 2680 2205 2755 2259; x_wconf 90' lang='lat' dir='ltr'><strong>ita</strong></span> <span class='ocrx_word' id='word_1_501' title='bbox 2781 2204 2948 2261; x_wconf 87' lang='lat' dir='ltr'><strong>Deum</strong></span> <span class='ocrx_word' id='word_1_502' title='bbox 2981 2204 3515 2276; x_wconf 74' lang='lat' dir='ltr'><strong>compellattludica</strong></span> 
     </span>
    </p>
   </div>
   <div class='ocr_carea' id='block_1_70' title="bbox 1934 2294 3515 2368">
    <p class='ocr_par' dir='ltr' id='par_1_70' title="bbox 1934 2294 3515 2368">
     <span class='ocr_line' id='line_1_70' title="bbox 1934 2294 3515 2368; baseline 0.001 -21"><span class='ocrx_word' id='word_1_503' title='bbox 1934 2310 2035 2361; x_wconf 82' lang='lat' dir='ltr'><strong>me,</strong></span> <span class='ocrx_word' id='word_1_504' title='bbox 2068 2294 2315 2363; x_wconf 80' lang='lat' dir='ltr'><strong>Domine,</strong></span> <span class='ocrx_word' id='word_1_505' title='bbox 2348 2297 2596 2367; x_wconf 83' lang='lat' dir='ltr'><strong>quoniam</strong></span> <span class='ocrx_word' id='word_1_506' title='bbox 2642 2313 2734 2368; x_wconf 86' lang='lat' dir='ltr'><strong>ego</strong></span> <span class='ocrx_word' id='word_1_507' title='bbox 2780 2298 2835 2350; x_wconf 88' lang='lat' dir='ltr'><strong>in</strong></span> <span class='ocrx_word' id='word_1_508' title='bbox 2880 2297 3180 2351; x_wconf 77' lang='lat' dir='ltr'><strong>innocentia</strong></span> <span class='ocrx_word' id='word_1_509' title='bbox 3223 2313 3339 2350; x_wconf 92' lang='lat' dir='ltr'><strong>mea</strong></span> <span class='ocrx_word' id='word_1_510' title='bbox 3390 2312 3515 2365; x_wconf 84' lang='lat' dir='ltr'><strong>pro-</strong></span> 
     </span>
    </p>
   </div>
   <div class='ocr_carea' id='block_1_71' title="bbox 1931 2388 3515 2461">
    <p class='ocr_par' dir='ltr' id='par_1_71' title="bbox 1931 2388 3515 2461">
     <span class='ocr_line' id='line_1_71' title="bbox 1931 2388 3515 2461; baseline 0.004 -22"><span class='ocrx_word' id='word_1_511' title='bbox 1931 2402 2141 2457; x_wconf 73' lang='lat' dir='ltr'><strong>gressus</strong></span> <span class='ocrx_word' id='word_1_512' title='bbox 2173 2406 2310 2443; x_wconf 78' lang='lat' dir='ltr'><strong>sum.</strong></span> <span class='ocrx_word' id='word_1_513' title='bbox 2358 2388 2812 2460; x_wconf 84' lang='lat' dir='ltr'><strong>Quandoquidem</strong></span> <span class='ocrx_word' id='word_1_514' title='bbox 2858 2406 3117 2461; x_wconf 84' lang='lat' dir='ltr'><strong>magnum</strong></span> <span class='ocrx_word' id='word_1_515' title='bbox 3142 2390 3211 2445; x_wconf 87' lang='lat' dir='ltr'><strong>de</strong></span> <span class='ocrx_word' id='word_1_516' title='bbox 3250 2405 3311 2445; x_wconf 91' lang='lat' dir='ltr'><strong>se</strong></span> <span class='ocrx_word' id='word_1_517' title='bbox 3353 2390 3515 2461; x_wconf 83' lang='lat' dir='ltr'><strong>quid-</strong></span> 
     </span>
    </p>
   </div>
   <div class='ocr_carea' id='block_1_72' title="bbox 1932 2481 3514 2554">
    <p class='ocr_par' dir='ltr' id='par_1_72' title="bbox 1932 2481 3514 2554">
     <span class='ocr_line' id='line_1_72' title="bbox 1932 2481 3514 2554; baseline 0.001 -19"><span class='ocrx_word' id='word_1_518' title='bbox 1932 2481 2077 2551; x_wconf 88' lang='lat' dir='ltr'><strong>piam</strong></span> <span class='ocrx_word' id='word_1_519' title='bbox 2114 2484 2519 2552; x_wconf 84' lang='lat' dir='ltr'><strong>pronuntiarat,</strong></span> <span class='ocrx_word' id='word_1_520' title='bbox 2553 2484 2713 2554; x_wconf 84' lang='lat' dir='ltr'><strong>quasi</strong></span> <span class='ocrx_word' id='word_1_521' title='bbox 2741 2483 3113 2552; x_wconf 74' lang='lat' dir='ltr'><strong>iactabundus</strong></span> <span class='ocrx_word' id='word_1_522' title='bbox 3144 2483 3212 2539; x_wconf 89' lang='lat' dir='ltr'><strong>de</strong></span> <span class='ocrx_word' id='word_1_523' title='bbox 3252 2485 3514 2553; x_wconf 68' lang='lat' dir='ltr'><strong>praeclara</strong></span> 
     </span>
    </p>
   </div>
   <div class='ocr_carea' id='block_1_73' title="bbox 1932 2572 3515 2643">
    <p class='ocr_par' dir='ltr' id='par_1_73' title="bbox 1932 2572 3515 2643">
     <span class='ocr_line' id='line_1_73' title="bbox 1932 2572 3515 2643; baseline -0.001 -16"><span class='ocrx_word' id='word_1_524' title='bbox 1932 2586 2035 2627; x_wconf 86' lang='lat' dir='ltr'><strong>sua</strong></span> <span class='ocrx_word' id='word_1_525' title='bbox 2066 2573 2399 2628; x_wconf 70' lang='lat' dir='ltr'><strong>innocentia:</strong></span> <span class='ocrx_word' id='word_1_526' title='bbox 2424 2580 2480 2629; x_wconf 86' lang='lat' dir='ltr'><strong>et</strong></span> <span class='ocrx_word' id='word_1_527' title='bbox 2514 2572 2888 2643; x_wconf 81' lang='lat' dir='ltr'><strong>simplicitatis</strong></span> <span class='ocrx_word' id='word_1_528' title='bbox 2921 2573 3146 2637; x_wconf 88' lang='lat' dir='ltr'><strong>virtute,</strong></span> <span class='ocrx_word' id='word_1_529' title='bbox 3188 2588 3310 2628; x_wconf 83' lang='lat' dir='ltr'><strong>sese</strong></span> <span class='ocrx_word' id='word_1_530' title='bbox 3339 2573 3515 2642; x_wconf 86' lang='lat' dir='ltr'><strong>repri-</strong></span> 
     </span>
    </p>
   </div>
   <div class='ocr_carea' id='block_1_74' title="bbox 1931 2663 3515 2734">
    <p class='ocr_par' dir='ltr' id='par_1_74' title="bbox 1931 2663 3515 2734">
     <span class='ocr_line' id='line_1_74' title="bbox 1931 2663 3515 2734; baseline 0.002 -18"><span class='ocrx_word' id='word_1_531' title='bbox 1931 2663 2033 2717; x_wconf 88' lang='lat' dir='ltr'><strong>mit</strong></span> <span class='ocrx_word' id='word_1_532' title='bbox 2064 2673 2119 2719; x_wconf 90' lang='lat' dir='ltr'><strong>et</strong></span> <span class='ocrx_word' id='word_1_533' title='bbox 2146 2665 2306 2734; x_wconf 88' lang='lat' dir='ltr'><strong>quasi</strong></span> <span class='ocrx_word' id='word_1_534' title='bbox 2342 2665 2670 2723; x_wconf 85' lang='lat' dir='ltr'><strong>necessitate</strong></span> <span class='ocrx_word' id='word_1_535' title='bbox 2701 2664 2963 2719; x_wconf 90' lang='lat' dir='ltr'><strong>inductus</strong></span> <span class='ocrx_word' id='word_1_536' title='bbox 2994 2664 3204 2733; x_wconf 86' lang='lat' dir='ltr'><strong>adjicit,</strong></span> <span class='ocrx_word' id='word_1_537' title='bbox 3239 2673 3287 2717; x_wconf 86' lang='lat' dir='ltr'><strong>et</strong></span> <span class='ocrx_word' id='word_1_538' title='bbox 3318 2666 3373 2717; x_wconf 85' lang='lat' dir='ltr'><strong>in</strong></span> <span class='ocrx_word' id='word_1_539' title='bbox 3403 2663 3515 2719; x_wconf 89' lang='lat' dir='ltr'><strong>Do-</strong></span> 
     </span>
    </p>
   </div>
   <div class='ocr_carea' id='block_1_75' title="bbox 1932 2756 3516 2827">
    <p class='ocr_par' dir='ltr' id='par_1_75' title="bbox 1932 2756 3516 2827">
     <span class='ocr_line' id='line_1_75' title="bbox 1932 2756 3516 2827; baseline 0 -16"><span class='ocrx_word' id='word_1_540' title='bbox 1932 2756 2080 2813; x_wconf 81' lang='lat' dir='ltr'><strong>mino</strong></span> <span class='ocrx_word' id='word_1_541' title='bbox 2118 2772 2337 2825; x_wconf 74' lang='lat' dir='ltr'><strong>sperans</strong></span> <span class='ocrx_word' id='word_1_542' title='bbox 2384 2774 2490 2812; x_wconf 83' lang='lat' dir='ltr'><strong>non</strong></span> <span class='ocrx_word' id='word_1_543' title='bbox 2537 2757 2922 2813; x_wconf 76' lang='lat' dir='ltr'><strong>commovebar.</strong></span> <span class='ocrx_word' id='word_1_544' title='bbox 2971 2757 3299 2813; x_wconf 82' lang='lat' dir='ltr'><strong>Necessario</strong></span> <span class='ocrx_word' id='word_1_545' title='bbox 3348 2756 3516 2827; x_wconf 85' lang='lat' dir='ltr'><strong>igitur</strong></span> 
     </span>
    </p>
   </div>
   <div class='ocr_carea' id='block_1_76' title="bbox 1932 2847 3514 2919">
    <p class='ocr_par' dir='ltr' id='par_1_76' title="bbox 1932 2847 3514 2919">
     <span class='ocr_line' id='line_1_76' title="bbox 1932 2847 3514 2919; baseline -0.004 -12"><span class='ocrx_word' id='word_1_546' title='bbox 1932 2863 2031 2919; x_wconf 81' lang='lat' dir='ltr'><strong>spe</strong></span> <span class='ocrx_word' id='word_1_547' title='bbox 2068 2864 2123 2903; x_wconf 79' lang='lat' dir='ltr'><strong>In</strong></span> <span class='ocrx_word' id='word_1_548' title='bbox 2154 2848 2324 2904; x_wconf 87' lang='lat' dir='ltr'><strong>Deum</strong></span> <span class='ocrx_word' id='word_1_549' title='bbox 2360 2866 2420 2905; x_wconf 86' lang='lat' dir='ltr'><strong>se</strong></span> <span class='ocrx_word' id='word_1_550' title='bbox 2450 2850 2722 2913; x_wconf 88' lang='lat' dir='ltr'><strong>munivit,</strong></span> <span class='ocrx_word' id='word_1_551' title='bbox 2776 2864 3010 2919; x_wconf 88' lang='lat' dir='ltr'><strong>seseque</strong></span> <span class='ocrx_word' id='word_1_552' title='bbox 3042 2849 3278 2914; x_wconf 87' lang='lat' dir='ltr'><strong>incusat,</strong></span> <span class='ocrx_word' id='word_1_553' title='bbox 3314 2855 3372 2900; x_wconf 77' lang='lat' dir='ltr'><strong>ut</strong></span> <span class='ocrx_word' id='word_1_554' title='bbox 3418 2847 3514 2916; x_wconf 91' lang='lat' dir='ltr'><strong>qui</strong></span> 
     </span>
    </p>
   </div>
   <div class='ocr_carea' id='block_1_77' title="bbox 1931 2938 3513 3004">
    <p class='ocr_par' dir='ltr' id='par_1_77' title="bbox 1931 2938 3513 3004">
     <span class='ocr_line' id='line_1_77' title="bbox 1931 2938 3513 3004; baseline -0.001 -10"><span class='ocrx_word' id='word_1_555' title='bbox 1931 2940 2290 3004; x_wconf 85' lang='lat' dir='ltr'><strong>commoveri,</strong></span> <span class='ocrx_word' id='word_1_556' title='bbox 2336 2941 2530 3004; x_wconf 85' lang='lat' dir='ltr'><strong>everti,</strong></span> <span class='ocrx_word' id='word_1_557' title='bbox 2565 2956 2630 2995; x_wconf 90' lang='lat' dir='ltr'><strong>ac</strong></span> <span class='ocrx_word' id='word_1_558' title='bbox 2662 2940 2931 2994; x_wconf 74' lang='lat' dir='ltr'><strong>infirmari</strong></span> <span class='ocrx_word' id='word_1_559' title='bbox 2970 2940 3168 2994; x_wconf 87' lang='lat' dir='ltr'><strong>valeat.</strong></span> <span class='ocrx_word' id='word_1_560' title='bbox 3207 2938 3402 2993; x_wconf 84' lang='lat' dir='ltr'><strong>Verum</strong></span> <span class='ocrx_word' id='word_1_561' title='bbox 3446 2940 3513 2992; x_wconf 76' lang='grc' dir='ltr'><strong>Ιί-</strong></span> 
     </span>
    </p>
   </div>
   <div class='ocr_carea' id='block_1_78' title="bbox 1933 3030 3512 3103">
    <p class='ocr_par' dir='ltr' id='par_1_78' title="bbox 1933 3030 3512 3103">
     <span class='ocr_line' id='line_1_78' title="bbox 1933 3030 3512 3103; baseline -0.003 -16"><span class='ocrx_word' id='word_1_562' title='bbox 1933 3030 2126 3087; x_wconf 80' lang='lat' dir='ltr'><strong>denter</strong></span> <span class='ocrx_word' id='word_1_563' title='bbox 2147 3047 2227 3095; x_wconf 88' lang='lat' dir='ltr'><strong>se,</strong></span> <span class='ocrx_word' id='word_1_564' title='bbox 2261 3033 2335 3088; x_wconf 90' lang='lat' dir='ltr'><strong>ob</strong></span> <span class='ocrx_word' id='word_1_565' title='bbox 2364 3048 2516 3103; x_wconf 82' lang='lat' dir='ltr'><strong>spem</strong></span> <span class='ocrx_word' id='word_1_566' title='bbox 2550 3032 2605 3087; x_wconf 91' lang='lat' dir='ltr'><strong>in</strong></span> <span class='ocrx_word' id='word_1_567' title='bbox 2638 3032 2829 3093; x_wconf 89' lang='lat' dir='ltr'><strong>Deum,</strong></span> <span class='ocrx_word' id='word_1_568' title='bbox 2880 3031 3015 3089; x_wconf 85' lang='lat' dir='ltr'><strong>nihil</strong></span> <span class='ocrx_word' id='word_1_569' title='bbox 3068 3032 3195 3085; x_wconf 87' lang='lat' dir='ltr'><strong>mali</strong></span> <span class='ocrx_word' id='word_1_570' title='bbox 3219 3045 3512 3101; x_wconf 86' lang='lat' dir='ltr'><strong>passurum</strong></span> 
     </span>
    </p>
   </div>
   <div class='ocr_carea' id='block_1_79' title="bbox 1934 3123 3511 3196">
    <p class='ocr_par' dir='ltr' id='par_1_79' title="bbox 1934 3123 3511 3196">
     <span class='ocr_line' id='line_1_79' title="bbox 1934 3123 3511 3196; baseline 0 -18"><span class='ocrx_word' id='word_1_571' title='bbox 1934 3124 2286 3181; x_wconf 84' lang='lat' dir='ltr'><strong>asseverabat</strong></span> <span class='ocrx_word' id='word_1_572' title='bbox 2319 3143 2333 3181; x_wconf 88' lang='lat'><strong>:</strong></span> <span class='ocrx_word' id='word_1_573' title='bbox 2371 3132 2601 3183; x_wconf 82' lang='lat' dir='ltr'><strong>noverat</strong></span> <span class='ocrx_word' id='word_1_574' title='bbox 2624 3123 2771 3180; x_wconf 87' lang='lat' dir='ltr'><strong>enim</strong></span> <span class='ocrx_word' id='word_1_575' title='bbox 2802 3140 2956 3196; x_wconf 85' lang='lat' dir='ltr'><strong>spem</strong></span> <span class='ocrx_word' id='word_1_576' title='bbox 3003 3141 3113 3180; x_wconf 81' lang='lat' dir='ltr'><strong>non</strong></span> <span class='ocrx_word' id='word_1_577' title='bbox 3148 3123 3511 3189; x_wconf 79' lang='lat' dir='ltr'><strong>confundere,</strong></span> 
     </span>
    </p>
   </div>
   <div class='ocr_carea' id='block_1_80' title="bbox 1856 3201 2684 3286">
    <p class='ocr_par' dir='ltr' id='par_1_80' title="bbox 1856 3201 2684 3286">
     <span class='ocr_line' id='line_1_80' title="bbox 1856 3201 2684 3286; baseline -0.004 -13"><span class='ocrx_word' id='word_1_578' title='bbox 1856 3201 1899 3259; x_wconf 62' lang='grc' dir='ltr'><strong>(ἶ</strong></span> <span class='ocrx_word' id='word_1_579' title='bbox 1934 3215 2235 3273; x_wconf 86' lang='lat' dir='ltr'><strong>secundum</strong></span> <span class='ocrx_word' id='word_1_580' title='bbox 2263 3216 2584 3286; x_wconf 88' lang='lat' dir='ltr'><strong>Apostolum</strong></span> <span class='ocrx_word' id='word_1_581' title='bbox 2610 3217 2684 3270; x_wconf 84' lang='grc'><strong>³⁸.</strong></span> 
     </span>
    </p>
   </div>
   <div class='ocr_carea' id='block_1_81' title="bbox 1995 3308 3510 3378">
    <p class='ocr_par' dir='ltr' id='par_1_81' title="bbox 1995 3308 3510 3378">
     <span class='ocr_line' id='line_1_81' title="bbox 1995 3308 3510 3378; baseline -0.001 -15"><span class='ocrx_word' id='word_1_582' title='bbox 1995 3308 2165 3365; x_wconf 75' lang='lat' dir='ltr'><strong>Vens.</strong></span> <span class='ocrx_word' id='word_1_583' title='bbox 2196 3308 2252 3370; x_wconf 70' lang='lat'><strong>2,</strong></span> <span class='ocrx_word' id='word_1_584' title='bbox 2282 3310 2335 3364; x_wconf 77' lang='grc'><strong>5.</strong></span> <span class='ocrx_word' id='word_1_585' title='bbox 2371 3309 2552 3365; x_wconf 86' lang='lat' dir='ltr'><strong>Proba</strong></span> <span class='ocrx_word' id='word_1_586' title='bbox 2573 3327 2674 3375; x_wconf 86' lang='lat' dir='ltr'><strong>me,</strong></span> <span class='ocrx_word' id='word_1_587' title='bbox 2705 3309 2950 3378; x_wconf 83' lang='lat' dir='ltr'><strong>Domine,</strong></span> <span class='ocrx_word' id='word_1_588' title='bbox 2980 3320 3029 3366; x_wconf 87' lang='lat' dir='ltr'><strong>et</strong></span> <span class='ocrx_word' id='word_1_589' title='bbox 3073 3318 3219 3365; x_wconf 84' lang='lat' dir='ltr'><strong>tenta</strong></span> <span class='ocrx_word' id='word_1_590' title='bbox 3255 3326 3335 3365; x_wconf 86' lang='lat' dir='ltr'><strong>me</strong></span> <span class='ocrx_word' id='word_1_591' title='bbox 3362 3326 3380 3364; x_wconf 91' lang='lat'><strong><em>:</em></strong></span> <span class='ocrx_word' id='word_1_592' title='bbox 3413 3324 3510 3363; x_wconf 88' lang='lat' dir='ltr'><strong>ure</strong></span> 
     </span>
    </p>
   </div>
   <div class='ocr_carea' id='block_1_82' title="bbox 1924 3400 3512 3467">
    <p class='ocr_par' dir='ltr' id='par_1_82' title="bbox 1924 3400 3512 3467">
     <span class='ocr_line' id='line_1_82' title="bbox 1924 3400 3512 3467; baseline -0.002 -12"><span class='ocrx_word' id='word_1_593' title='bbox 1924 3418 2073 3457; x_wconf 78' lang='lat' dir='ltr'><strong>renes</strong></span> <span class='ocrx_word' id='word_1_594' title='bbox 2100 3418 2242 3455; x_wconf 68' lang='lat' dir='ltr'><strong>meo:</strong></span> <span class='ocrx_word' id='word_1_595' title='bbox 2281 3410 2332 3455; x_wconf 86' lang='lat' dir='ltr'><strong>et</strong></span> <span class='ocrx_word' id='word_1_596' title='bbox 2364 3419 2456 3457; x_wconf 85' lang='lat' dir='ltr'><strong>cor</strong></span> <span class='ocrx_word' id='word_1_597' title='bbox 2482 3418 2675 3458; x_wconf 84' lang='lat' dir='ltr'><strong>meum.</strong></span> <span class='ocrx_word' id='word_1_598' title='bbox 2707 3400 2974 3467; x_wconf 82' lang='lat' dir='ltr'><strong>Quoniam</strong></span> <span class='ocrx_word' id='word_1_599' title='bbox 3015 3401 3386 3456; x_wconf 78' lang='lat' dir='ltr'><strong>misericordia</strong></span> <span class='ocrx_word' id='word_1_600' title='bbox 3418 3408 3512 3453; x_wconf 85' lang='lat' dir='ltr'><strong>tua</strong></span> 
     </span>
    </p>
   </div>
   <div class='ocr_carea' id='block_1_83' title="bbox 1924 3493 3507 3563">
    <p class='ocr_par' dir='ltr' id='par_1_83' title="bbox 1924 3493 3507 3563">
     <span class='ocr_line' id='line_1_83' title="bbox 1924 3493 3507 3563; baseline -0.001 -17"><span class='ocrx_word' id='word_1_601' title='bbox 1924 3502 2047 3549; x_wconf 82' lang='lat' dir='ltr'><strong>ante</strong></span> <span class='ocrx_word' id='word_1_602' title='bbox 2073 3493 2254 3549; x_wconf 78' lang='lat' dir='ltr'><strong>oculos</strong></span> <span class='ocrx_word' id='word_1_603' title='bbox 2287 3510 2428 3548; x_wconf 69' lang='lat' dir='ltr'><strong>meo:</strong></span> <span class='ocrx_word' id='word_1_604' title='bbox 2456 3504 2556 3558; x_wconf 75' lang='lat' dir='ltr'><strong>est,</strong></span> <span class='ocrx_word' id='word_1_605' title='bbox 2606 3504 2657 3548; x_wconf 86' lang='lat' dir='ltr'><strong>et</strong></span> <span class='ocrx_word' id='word_1_606' title='bbox 2696 3494 2994 3563; x_wconf 82' lang='lat' dir='ltr'><strong>complacui</strong></span> <span class='ocrx_word' id='word_1_607' title='bbox 3043 3494 3099 3547; x_wconf 87' lang='lat' dir='ltr'><strong>in</strong></span> <span class='ocrx_word' id='word_1_608' title='bbox 3140 3493 3358 3548; x_wconf 82' lang='lat' dir='ltr'><strong>ueritate</strong></span> <span class='ocrx_word' id='word_1_609' title='bbox 3392 3501 3507 3545; x_wconf 81' lang='lat' dir='ltr'><strong>tua.</strong></span> 
     </span>
    </p>
   </div>
   <div class='ocr_carea' id='block_1_84' title="bbox 1924 3581 3503 3653">
    <p class='ocr_par' dir='ltr' id='par_1_84' title="bbox 1924 3581 3503 3653">
     <span class='ocr_line' id='line_1_84' title="bbox 1924 3581 3503 3653; baseline -0.001 -16"><span class='ocrx_word' id='word_1_610' title='bbox 1924 3581 2043 3637; x_wconf 88' lang='lat' dir='ltr'><strong>Non</strong></span> <span class='ocrx_word' id='word_1_611' title='bbox 2090 3584 2249 3653; x_wconf 87' lang='lat' dir='ltr'><strong>quasi</strong></span> <span class='ocrx_word' id='word_1_612' title='bbox 2292 3584 2664 3653; x_wconf 82' lang='lat' dir='ltr'><strong>jactabundus</strong></span> <span class='ocrx_word' id='word_1_613' title='bbox 2714 3593 2769 3640; x_wconf 92' lang='lat' dir='ltr'><strong>et</strong></span> <span class='ocrx_word' id='word_1_614' title='bbox 2817 3586 2997 3640; x_wconf 83' lang='lat' dir='ltr'><strong>elatus</strong></span> <span class='ocrx_word' id='word_1_615' title='bbox 3032 3584 3219 3638; x_wconf 89' lang='lat' dir='ltr'><strong>animo</strong></span> <span class='ocrx_word' id='word_1_616' title='bbox 3268 3583 3376 3637; x_wconf 90' lang='lat' dir='ltr'><strong>hoc</strong></span> <span class='ocrx_word' id='word_1_617' title='bbox 3402 3582 3503 3641; x_wconf 88' lang='lat' dir='ltr'><strong>ait,</strong></span> 
     </span>
    </p>
   </div>
   <div class='ocr_carea' id='block_1_85' title="bbox 1925 3676 3511 3740">
    <p class='ocr_par' dir='ltr' id='par_1_85' title="bbox 1925 3676 3511 3740">
     <span class='ocr_line' id='line_1_85' title="bbox 1925 3676 3511 3740; baseline -0.003 -9"><span class='ocrx_word' id='word_1_618' title='bbox 1925 3676 2105 3731; x_wconf 84' lang='lat' dir='ltr'><strong>Proba</strong></span> <span class='ocrx_word' id='word_1_619' title='bbox 2152 3693 2255 3739; x_wconf 90' lang='lat' dir='ltr'><strong>me,</strong></span> <span class='ocrx_word' id='word_1_620' title='bbox 2290 3676 2536 3740; x_wconf 78' lang='lat' dir='ltr'><strong>Domine,</strong></span> <span class='ocrx_word' id='word_1_621' title='bbox 2564 3687 2612 3731; x_wconf 90' lang='lat' dir='ltr'><strong>et</strong></span> <span class='ocrx_word' id='word_1_622' title='bbox 2644 3686 2787 3731; x_wconf 87' lang='lat' dir='ltr'><strong>tenta</strong></span> <span class='ocrx_word' id='word_1_623' title='bbox 2814 3694 2896 3731; x_wconf 87' lang='lat' dir='ltr'><strong>me</strong></span> <span class='ocrx_word' id='word_1_624' title='bbox 2928 3693 2947 3731; x_wconf 90' lang='lat'><strong><em>:</em></strong></span> <span class='ocrx_word' id='word_1_625' title='bbox 2989 3693 3083 3730; x_wconf 80' lang='lat' dir='ltr'><strong>ure</strong></span> <span class='ocrx_word' id='word_1_626' title='bbox 3114 3692 3259 3731; x_wconf 75' lang='lat' dir='ltr'><strong>renes</strong></span> <span class='ocrx_word' id='word_1_627' title='bbox 3286 3691 3428 3729; x_wconf 80' lang='lat' dir='ltr'><strong>meos</strong></span> <span class='ocrx_word' id='word_1_628' title='bbox 3460 3684 3511 3728; x_wconf 87' lang='lat' dir='ltr'><strong>et</strong></span> 
     </span>
    </p>
   </div>
   <div class='ocr_carea' id='block_1_86' title="bbox 1924 3768 3510 3840">
    <p class='ocr_par' dir='ltr' id='par_1_86' title="bbox 1924 3768 3510 3840">
     <span class='ocr_line' id='line_1_86' title="bbox 1924 3768 3510 3840; baseline -0.003 -16"><span class='ocrx_word' id='word_1_629' title='bbox 1924 3787 2016 3825; x_wconf 87' lang='lat' dir='ltr'><strong>cor</strong></span> <span class='ocrx_word' id='word_1_630' title='bbox 2044 3786 2238 3834; x_wconf 86' lang='lat' dir='ltr'><strong>meum,</strong></span> <span class='ocrx_word' id='word_1_631' title='bbox 2277 3770 2371 3825; x_wconf 89' lang='lat' dir='ltr'><strong>sed</strong></span> <span class='ocrx_word' id='word_1_632' title='bbox 2401 3770 2560 3840; x_wconf 89' lang='lat' dir='ltr'><strong>quasi</strong></span> <span class='ocrx_word' id='word_1_633' title='bbox 2614 3771 2669 3824; x_wconf 92' lang='lat' dir='ltr'><strong>in</strong></span> <span class='ocrx_word' id='word_1_634' title='bbox 2723 3770 2975 3825; x_wconf 82' lang='lat' dir='ltr'><strong>oratione</strong></span> <span class='ocrx_word' id='word_1_635' title='bbox 3004 3768 3337 3837; x_wconf 84' lang='lat' dir='ltr'><strong>postulando</strong></span> <span class='ocrx_word' id='word_1_636' title='bbox 3391 3782 3450 3823; x_wconf 90' lang='lat' dir='ltr'><strong>se</strong></span> <span class='ocrx_word' id='word_1_637' title='bbox 3479 3784 3510 3819; x_wconf 80' lang='grc' dir='ltr'><strong>ιι</strong></span> 
     </span>
    </p>
   </div>
   <div class='ocr_carea' id='block_1_87' title="bbox 1927 3858 3511 3933">
    <p class='ocr_par' dir='ltr' id='par_1_87' title="bbox 1927 3858 3511 3933">
     <span class='ocr_line' id='line_1_87' title="bbox 1927 3858 3511 3933; baseline -0.001 -19"><span class='ocrx_word' id='word_1_638' title='bbox 1927 3861 2039 3917; x_wconf 86' lang='lat' dir='ltr'><strong>Deo</strong></span> <span class='ocrx_word' id='word_1_639' title='bbox 2062 3863 2186 3933; x_wconf 82' lang='lat' dir='ltr'><strong>igne</strong></span> <span class='ocrx_word' id='word_1_640' title='bbox 2208 3862 2451 3932; x_wconf 85' lang='lat' dir='ltr'><strong>purgari.</strong></span> <span class='ocrx_word' id='word_1_641' title='bbox 2482 3862 2530 3917; x_wconf 89' lang='lat' dir='ltr'><strong>si</strong></span> <span class='ocrx_word' id='word_1_642' title='bbox 2564 3862 2782 3932; x_wconf 90' lang='lat' dir='ltr'><strong>quidem</strong></span> <span class='ocrx_word' id='word_1_643' title='bbox 2815 3860 3141 3931; x_wconf 83' lang='lat' dir='ltr'><strong>purgatione</strong></span> <span class='ocrx_word' id='word_1_644' title='bbox 3169 3867 3350 3930; x_wconf 82' lang='lat' dir='ltr'><strong>egeat.</strong></span> <span class='ocrx_word' id='word_1_645' title='bbox 3394 3858 3511 3913; x_wconf 81' lang='lat' dir='ltr'><strong>Ro-</strong></span> 
     </span>
    </p>
   </div>
   <div class='ocr_carea' id='block_1_88' title="bbox 1924 3952 3508 4027">
    <p class='ocr_par' dir='ltr' id='par_1_88' title="bbox 1924 3952 3508 4027">
     <span class='ocr_line' id='line_1_88' title="bbox 1924 3952 3508 4027; baseline -0.004 -18"><span class='ocrx_word' id='word_1_646' title='bbox 1924 3965 2017 4027; x_wconf 74' lang='lat' dir='ltr'><strong>gat</strong></span> <span class='ocrx_word' id='word_1_647' title='bbox 2046 3955 2212 4026; x_wconf 83' lang='lat' dir='ltr'><strong>igitur</strong></span> <span class='ocrx_word' id='word_1_648' title='bbox 2245 3953 2466 4026; x_wconf 88' lang='lat' dir='ltr'><strong>probari</strong></span> <span class='ocrx_word' id='word_1_649' title='bbox 2502 3964 2556 4008; x_wconf 89' lang='lat' dir='ltr'><strong>et</strong></span> <span class='ocrx_word' id='word_1_650' title='bbox 2580 3952 2885 4008; x_wconf 83' lang='lat' dir='ltr'><strong>examinari</strong></span> <span class='ocrx_word' id='word_1_651' title='bbox 2935 3967 3101 4022; x_wconf 89' lang='lat' dir='ltr'><strong>supra</strong></span> <span class='ocrx_word' id='word_1_652' title='bbox 3146 3960 3508 4007; x_wconf 87' lang='lat' dir='ltr'><strong>memoratam</strong></span> 
     </span>
    </p>
   </div>
   <div class='ocr_carea' id='block_1_89' title="bbox 1926 4046 3507 4119">
    <p class='ocr_par' dir='ltr' id='par_1_89' title="bbox 1926 4046 3507 4119">
     <span class='ocr_line' id='line_1_89' title="bbox 1926 4046 3507 4119; baseline -0.006 -16"><span class='ocrx_word' id='word_1_653' title='bbox 1926 4063 2085 4103; x_wconf 87' lang='lat' dir='ltr'><strong>suam</strong></span> <span class='ocrx_word' id='word_1_654' title='bbox 2106 4050 2389 4111; x_wconf 84' lang='lat' dir='ltr'><strong>virtutem,</strong></span> <span class='ocrx_word' id='word_1_655' title='bbox 2410 4062 2515 4118; x_wconf 86' lang='lat' dir='ltr'><strong>qua</strong></span> <span class='ocrx_word' id='word_1_656' title='bbox 2542 4046 2840 4117; x_wconf 51' lang='lat' dir='ltr'><strong>praeclarus</strong></span> <span class='ocrx_word' id='word_1_657' title='bbox 2865 4052 3336 4100; x_wconf 88' lang='lat' dir='ltr'><strong>commonstratus</strong></span> <span class='ocrx_word' id='word_1_658' title='bbox 3356 4114 3361 4119; x_wconf 13' lang='grc' dir='ltr'><strong>ξ</strong></span> <span class='ocrx_word' id='word_1_659' title='bbox 3380 4051 3465 4097; x_wconf 89' lang='lat' dir='ltr'><strong>est</strong></span> <span class='ocrx_word' id='word_1_660' title='bbox 3490 4060 3507 4108; x_wconf 86' lang='lat'><strong>;</strong></span> 
     </span>
    </p>
   </div>
   <div class='ocr_carea' id='block_1_90' title="bbox 1925 4134 3511 4208">
    <p class='ocr_par' dir='ltr' id='par_1_90' title="bbox 1925 4134 3511 4208">
     <span class='ocr_line' id='line_1_90' title="bbox 1925 4134 3511 4208; baseline -0.005 -13"><span class='ocrx_word' id='word_1_661' title='bbox 1925 4156 2037 4195; x_wconf 87' lang='lat' dir='ltr'><strong>non</strong></span> <span class='ocrx_word' id='word_1_662' title='bbox 2072 4140 2198 4208; x_wconf 88' lang='lat' dir='ltr'><strong>sibi,</strong></span> <span class='ocrx_word' id='word_1_663' title='bbox 2232 4139 2329 4195; x_wconf 88' lang='lat' dir='ltr'><strong>sed</strong></span> <span class='ocrx_word' id='word_1_664' title='bbox 2374 4139 2469 4194; x_wconf 80' lang='lat' dir='ltr'><strong>Dei</strong></span> <span class='ocrx_word' id='word_1_665' title='bbox 2503 4137 2899 4195; x_wconf 65' lang='lat' dir='ltr'><strong>misericordia:</strong></span> <span class='ocrx_word' id='word_1_666' title='bbox 2949 4136 3214 4192; x_wconf 82' lang='lat' dir='ltr'><strong>conﬁsus.</strong></span> <span class='ocrx_word' id='word_1_667' title='bbox 3271 4134 3368 4199; x_wconf 87' lang='lat' dir='ltr'><strong>ita,</strong></span> <span class='ocrx_word' id='word_1_668' title='bbox 3429 4135 3511 4187; x_wconf 84' lang='lat' dir='ltr'><strong>in-</strong></span> 
     </span>
    </p>
   </div>
   <div class='ocr_carea' id='block_1_91' title="bbox 1925 4228 3509 4303">
    <p class='ocr_par' dir='ltr' id='par_1_91' title="bbox 1925 4228 3509 4303">
     <span class='ocr_line' id='line_1_91' title="bbox 1925 4228 3509 4303; baseline -0.004 -16"><span class='ocrx_word' id='word_1_669' title='bbox 1925 4232 2066 4303; x_wconf 80' lang='lat' dir='ltr'><strong>quit,</strong></span> <span class='ocrx_word' id='word_1_670' title='bbox 2102 4241 2154 4287; x_wconf 91' lang='lat' dir='ltr'><strong>te</strong></span> <span class='ocrx_word' id='word_1_671' title='bbox 2184 4231 2375 4299; x_wconf 82' lang='lat' dir='ltr'><strong>Deum,</strong></span> <span class='ocrx_word' id='word_1_672' title='bbox 2408 4239 2673 4301; x_wconf 88' lang='lat' dir='ltr'><strong>tuamque</strong></span> <span class='ocrx_word' id='word_1_673' title='bbox 2704 4228 3139 4286; x_wconf 85' lang='lat' dir='ltr'><strong>misericordiam</strong></span> <span class='ocrx_word' id='word_1_674' title='bbox 3170 4243 3284 4299; x_wconf 67' lang='lat' dir='ltr'><strong>prae</strong></span> <span class='ocrx_word' id='word_1_675' title='bbox 3329 4228 3509 4281; x_wconf 89' lang='lat' dir='ltr'><strong>oculis</strong></span> 
     </span>
    </p>
   </div>
   <div class='ocr_carea' id='block_1_92' title="bbox 1925 4317 3509 4395">
    <p class='ocr_par' dir='ltr' id='par_1_92' title="bbox 1925 4317 3509 4395">
     <span class='ocr_line' id='line_1_92' title="bbox 1925 4317 3509 4395; baseline -0.004 -17"><span class='ocrx_word' id='word_1_676' title='bbox 1925 4339 2145 4395; x_wconf 88' lang='lat' dir='ltr'><strong>semper</strong></span> <span class='ocrx_word' id='word_1_677' title='bbox 2176 4323 2406 4387; x_wconf 86' lang='lat' dir='ltr'><strong>habens,</strong></span> <span class='ocrx_word' id='word_1_678' title='bbox 2435 4324 2605 4379; x_wconf 89' lang='lat' dir='ltr'><strong>vitam</strong></span> <span class='ocrx_word' id='word_1_679' title='bbox 2635 4338 2811 4377; x_wconf 90' lang='lat' dir='ltr'><strong>meam</strong></span> <span class='ocrx_word' id='word_1_680' title='bbox 2844 4322 3211 4390; x_wconf 86' lang='lat' dir='ltr'><strong>universaque</strong></span> <span class='ocrx_word' id='word_1_681' title='bbox 3236 4333 3402 4388; x_wconf 90' lang='lat' dir='ltr'><strong>opera</strong></span> <span class='ocrx_word' id='word_1_682' title='bbox 3427 4317 3509 4372; x_wconf 89' lang='lat' dir='ltr'><strong>sic</strong></span> 
     </span>
    </p>
   </div>
   <div class='ocr_carea' id='block_1_93' title="bbox 1923 4409 3508 4487">
    <p class='ocr_par' dir='ltr' id='par_1_93' title="bbox 1923 4409 3508 4487">
     <span class='ocr_line' id='line_1_93' title="bbox 1923 4409 3508 4487; baseline -0.004 -16"><span class='ocrx_word' id='word_1_683' title='bbox 1923 4417 2159 4482; x_wconf 83' lang='lat' dir='ltr'><strong>institui,</strong></span> <span class='ocrx_word' id='word_1_684' title='bbox 2208 4426 2266 4472; x_wconf 91' lang='lat' dir='ltr'><strong>ut</strong></span> <span class='ocrx_word' id='word_1_685' title='bbox 2296 4416 2693 4487; x_wconf 88' lang='lat' dir='ltr'><strong>complacerem</strong></span> <span class='ocrx_word' id='word_1_686' title='bbox 2749 4415 2805 4469; x_wconf 91' lang='lat' dir='ltr'><strong>in</strong></span> <span class='ocrx_word' id='word_1_687' title='bbox 2866 4414 3090 4469; x_wconf 81' lang='lat' dir='ltr'><strong>veritate</strong></span> <span class='ocrx_word' id='word_1_688' title='bbox 3150 4420 3262 4467; x_wconf 91' lang='lat' dir='ltr'><strong>tua.</strong></span> <span class='ocrx_word' id='word_1_689' title='bbox 3318 4409 3508 4480; x_wconf 87' lang='lat' dir='ltr'><strong>Neque</strong></span> 
     </span>
    </p>
   </div>
   <div class='ocr_carea' id='block_1_94' title="bbox 1923 4504 3508 4579">
    <p class='ocr_par' dir='ltr' id='par_1_94' title="bbox 1923 4504 3508 4579">
     <span class='ocr_line' id='line_1_94' title="bbox 1923 4504 3508 4579; baseline -0.007 -14"><span class='ocrx_word' id='word_1_690' title='bbox 1923 4511 2069 4565; x_wconf 89' lang='lat' dir='ltr'><strong>enim</strong></span> <span class='ocrx_word' id='word_1_691' title='bbox 2109 4525 2234 4565; x_wconf 88' lang='lat' dir='ltr'><strong>cum</strong></span> <span class='ocrx_word' id='word_1_692' title='bbox 2257 4509 2608 4566; x_wconf 87' lang='lat' dir='ltr'><strong>simulatione</strong></span> <span class='ocrx_word' id='word_1_693' title='bbox 2630 4507 2891 4579; x_wconf 88' lang='lat' dir='ltr'><strong>quadam,</strong></span> <span class='ocrx_word' id='word_1_694' title='bbox 2927 4506 3022 4563; x_wconf 85' lang='lat' dir='ltr'><strong>sed</strong></span> <span class='ocrx_word' id='word_1_695' title='bbox 3051 4508 3106 4561; x_wconf 91' lang='lat' dir='ltr'><strong>in</strong></span> <span class='ocrx_word' id='word_1_696' title='bbox 3138 4504 3370 4559; x_wconf 88' lang='lat' dir='ltr'><strong>veritate</strong></span> <span class='ocrx_word' id='word_1_697' title='bbox 3391 4517 3508 4555; x_wconf 89' lang='lat' dir='ltr'><strong>am-</strong></span> 
     </span>
    </p>
   </div>
   <div class='ocr_carea' id='block_1_95' title="bbox 231 4569 1823 4667">
    <p class='ocr_par' dir='ltr' id='par_1_95' title="bbox 231 4578 1816 4660">
     <span class='ocr_line' id='line_1_95' title="bbox 231 4578 1816 4660; baseline 0.009 -32"><span class='ocrx_word' id='word_1_698' title='bbox 231 4593 331 4640; x_wconf 90' lang='grc' dir='ltr'><strong>σας</strong></span> <span class='ocrx_word' id='word_1_699' title='bbox 362 4594 464 4647; x_wconf 89' lang='grc' dir='ltr'><strong>μου</strong></span> <span class='ocrx_word' id='word_1_700' title='bbox 498 4578 598 4642; x_wconf 84' lang='grc' dir='ltr'>τὰς</span> <span class='ocrx_word' id='word_1_701' title='bbox 624 4578 852 4651; x_wconf 79' lang='grc' dir='ltr'>πράξεις</span> <span class='ocrx_word' id='word_1_702' title='bbox 885 4582 1321 4653; x_wconf 85' lang='grc' dir='ltr'>ἐπαιδαγώγουν,</span> <span class='ocrx_word' id='word_1_703' title='bbox 1351 4585 1425 4649; x_wconf 85' lang='grc' dir='ltr'><strong>ὡς</strong></span> <span class='ocrx_word' id='word_1_704' title='bbox 1458 4587 1816 4660; x_wconf 76' lang='grc' dir='ltr'>εὐαρεστῆσαι</span> 
     </span>
    </p>
   </div>
   <div class='ocr_carea' id='block_1_96' title="bbox 1934 4569 3508 4667">
    <p class='ocr_par' dir='ltr' id='par_1_96' title="bbox 1934 4593 3508 4667">
     <span class='ocr_line' id='line_1_96' title="bbox 1934 4593 3508 4667; baseline -0.008 -12"><span class='ocrx_word' id='word_1_705' title='bbox 1934 4600 2111 4659; x_wconf 87' lang='lat' dir='ltr'><strong>bulavi</strong></span> <span class='ocrx_word' id='word_1_706' title='bbox 2141 4615 2205 4655; x_wconf 89' lang='lat' dir='ltr'><strong>ac</strong></span> <span class='ocrx_word' id='word_1_707' title='bbox 2239 4608 2494 4657; x_wconf 89' lang='lat' dir='ltr'><strong>versatus</strong></span> <span class='ocrx_word' id='word_1_708' title='bbox 2550 4614 2695 4665; x_wconf 88' lang='lat' dir='ltr'><strong>sum,</strong></span> <span class='ocrx_word' id='word_1_709' title='bbox 2751 4597 2960 4667; x_wconf 89' lang='lat' dir='ltr'><strong>unique</strong></span> <span class='ocrx_word' id='word_1_710' title='bbox 2998 4595 3112 4650; x_wconf 90' lang='lat' dir='ltr'><strong>Deo</strong></span> <span class='ocrx_word' id='word_1_711' title='bbox 3141 4593 3358 4664; x_wconf 85' lang='lat' dir='ltr'><strong>placere</strong></span> <span class='ocrx_word' id='word_1_712' title='bbox 3390 4599 3508 4644; x_wconf 88' lang='lat' dir='ltr'><strong>stu-</strong></span> 
     </span>
    </p>
   </div>
   <div class='ocr_carea' id='block_1_97' title="bbox 230 4667 2036 4749">
    <p class='ocr_par' dir='ltr' id='par_1_97' title="bbox 230 4667 2036 4749">
     <span class='ocr_line' id='line_1_97' title="bbox 230 4667 2036 4749; baseline 0.012 -29"><span class='ocrx_word' id='word_1_713' title='bbox 230 4667 288 4721; x_wconf 85' lang='grc' dir='ltr'><strong>ἐν</strong></span> <span class='ocrx_word' id='word_1_714' title='bbox 318 4672 384 4740; x_wconf 85' lang='grc' dir='ltr'>τῇ</span> <span class='ocrx_word' id='word_1_715' title='bbox 414 4670 641 4743; x_wconf 79' lang='grc' dir='ltr'>ἀληθείᾳ</span> <span class='ocrx_word' id='word_1_716' title='bbox 674 4690 789 4726; x_wconf 92' lang='grc' dir='ltr'>σου.</span> <span class='ocrx_word' id='word_1_717' title='bbox 816 4675 889 4727; x_wconf 84' lang='grc' dir='ltr'>Ού</span> <span class='ocrx_word' id='word_1_718' title='bbox 928 4674 1036 4746; x_wconf 76' lang='grc' dir='ltr'>γὰρ</span> <span class='ocrx_word' id='word_1_719' title='bbox 1071 4676 1189 4747; x_wconf 82' lang='grc' dir='ltr'>μεθ’</span> <span class='ocrx_word' id='word_1_720' title='bbox 1219 4677 1581 4749; x_wconf 80' lang='grc' dir='ltr'>ὑποκρίσεως,</span> <span class='ocrx_word' id='word_1_721' title='bbox 1608 4681 1723 4734; x_wconf 76' lang='grc' dir='ltr'>ἀλλ’</span> <span class='ocrx_word' id='word_1_722' title='bbox 1759 4685 1816 4736; x_wconf 82' lang='grc' dir='ltr'><strong>ἐν</strong></span> <span class='ocrx_word' id='word_1_723' title='bbox 1920 4688 2036 4744; x_wconf 77' lang='lat' dir='ltr'><strong>dui.</strong></span> 
     </span>
    </p>
   </div>
   <div class='ocr_carea' id='block_1_98' title="bbox 229 4762 1818 4846">
    <p class='ocr_par' dir='ltr' id='par_1_98' title="bbox 229 4762 1818 4846">
     <span class='ocr_line' id='line_1_98' title="bbox 229 4762 1818 4846; baseline 0.008 -31"><span class='ocrx_word' id='word_1_724' title='bbox 229 4762 459 4834; x_wconf 67' lang='grc' dir='ltr'>ἀληθείᾳ</span> <span class='ocrx_word' id='word_1_725' title='bbox 490 4765 871 4838; x_wconf 85' lang='grc' dir='ltr'>περιεπάτησα</span> <span class='ocrx_word' id='word_1_726' title='bbox 901 4769 994 4821; x_wconf 76' lang='grc' dir='ltr'><strong>καὶ</strong></span> <span class='ocrx_word' id='word_1_727' title='bbox 1026 4769 1393 4841; x_wconf 82' lang='grc' dir='ltr'>ἀνεστράφην,</span> <span class='ocrx_word' id='word_1_728' title='bbox 1428 4772 1575 4844; x_wconf 83' lang='grc' dir='ltr'>μόνῳ</span> <span class='ocrx_word' id='word_1_729' title='bbox 1598 4772 1675 4844; x_wconf 86' lang='grc' dir='ltr'>τῷ</span> <span class='ocrx_word' id='word_1_730' title='bbox 1700 4773 1818 4846; x_wconf 82' lang='grc' dir='ltr'><strong>Θεῴ</strong></span> 
     </span>
    </p>
   </div>
   <div class='ocr_carea' id='block_1_99' title="bbox 229 4856 963 4927">
    <p class='ocr_par' dir='ltr' id='par_1_99' title="bbox 229 4856 963 4927">
     <span class='ocr_line' id='line_1_99' title="bbox 229 4856 963 4927; baseline 0.01 -20"><span class='ocrx_word' id='word_1_731' title='bbox 229 4856 597 4927; x_wconf 82' lang='grc' dir='ltr'>εὐαρεστῆσαι</span> <span class='ocrx_word' id='word_1_732' title='bbox 627 4856 963 4924; x_wconf 79' lang='grc' dir='ltr'>σπουδάζων.</span> 
     </span>
    </p>
   </div>
   <div class='ocr_carea' id='block_1_100' title="bbox 304 4970 1817 5047">
    <p class='ocr_par' dir='ltr' id='par_1_100' title="bbox 304 4970 1817 5047">
     <span class='ocr_line' id='line_1_100' title="bbox 304 4970 1817 5047; baseline 0.009 -27"><span class='ocrx_word' id='word_1_733' title='bbox 304 4970 428 5022; x_wconf 79' lang='grc' dir='ltr'><strong>Οὐκ</strong></span> <span class='ocrx_word' id='word_1_734' title='bbox 454 4970 711 5025; x_wconf 81' lang='grc' dir='ltr'>ἐκάθισα</span> <span class='ocrx_word' id='word_1_735' title='bbox 735 4972 884 5041; x_wconf 81' lang='grc' dir='ltr'>μετὰ</span> <span class='ocrx_word' id='word_1_736' title='bbox 914 4975 1239 5045; x_wconf 80' lang='grc' dir='ltr'>συνεδρίου</span> <span class='ocrx_word' id='word_1_737' title='bbox 1270 4979 1686 5047; x_wconf 80' lang='grc' dir='ltr'>ματαιότητος,</span> <span class='ocrx_word' id='word_1_738' title='bbox 1720 4980 1817 5034; x_wconf 78' lang='grc' dir='ltr'>καὶ</span> 
     </span>
    </p>
   </div>
   <div class='ocr_carea' id='block_1_101' title="bbox 228 5059 1817 5140">
    <p class='ocr_par' dir='ltr' id='par_1_101' title="bbox 228 5059 1817 5140">
     <span class='ocr_line' id='line_1_101' title="bbox 228 5059 1817 5140; baseline 0.01 -29"><span class='ocrx_word' id='word_1_739' title='bbox 228 5059 376 5129; x_wconf 78' lang='grc' dir='ltr'>μετὰ</span> <span class='ocrx_word' id='word_1_740' title='bbox 419 5065 926 5132; x_wconf 77' lang='grc' dir='ltr'>παρανομούντων</span> <span class='ocrx_word' id='word_1_741' title='bbox 962 5069 1033 5123; x_wconf 83' lang='grc' dir='ltr'>οὐ</span> <span class='ocrx_word' id='word_1_742' title='bbox 1070 5067 1158 5138; x_wconf 80' lang='grc' dir='ltr'>μὴ</span> <span class='ocrx_word' id='word_1_743' title='bbox 1199 5071 1469 5127; x_wconf 69' lang='grc' dir='ltr'>εἰσέλθω.</span> <span class='ocrx_word' id='word_1_744' title='bbox 1520 5072 1817 5140; x_wconf 82' lang='grc' dir='ltr'>Ἐμίσησα</span> 
     </span>
    </p>
   </div>
   <div class='ocr_carea' id='block_1_102' title="bbox 224 5152 1816 5232">
    <p class='ocr_par' dir='ltr' id='par_1_102' title="bbox 224 5152 1816 5232">
     <span class='ocr_line' id='line_1_102' title="bbox 224 5152 1816 5232; baseline 0.009 -28"><span class='ocrx_word' id='word_1_745' title='bbox 224 5152 566 5219; x_wconf 77' lang='grc' dir='ltr'>ἐκκλησίαν</span> <span class='ocrx_word' id='word_1_746' title='bbox 602 5158 1116 5227; x_wconf 83' lang='grc' dir='ltr'>πονηρευομένων,</span> <span class='ocrx_word' id='word_1_747' title='bbox 1162 5164 1260 5216; x_wconf 78' lang='grc' dir='ltr'>καὶ</span> <span class='ocrx_word' id='word_1_748' title='bbox 1284 5162 1436 5232; x_wconf 81' lang='grc' dir='ltr'><strong>μετά</strong></span> <span class='ocrx_word' id='word_1_749' title='bbox 1482 5162 1719 5218; x_wconf 76' lang='grc' dir='ltr'>ἀσεϐῶν</span> <span class='ocrx_word' id='word_1_750' title='bbox 1746 5166 1816 5218; x_wconf 87' lang='grc' dir='ltr'>οὐ</span> 
     </span>
    </p>
   </div>
   <div class='ocr_carea' id='block_1_103' title="bbox 221 5242 1817 5326">
    <p class='ocr_par' dir='ltr' id='par_1_103' title="bbox 221 5242 1817 5326">
     <span class='ocr_line' id='line_1_103' title="bbox 221 5242 1817 5326; baseline 0.008 -30"><span class='ocrx_word' id='word_1_751' title='bbox 221 5242 309 5313; x_wconf 77' lang='grc' dir='ltr'>μὴ</span> <span class='ocrx_word' id='word_1_752' title='bbox 346 5245 591 5299; x_wconf 81' lang='grc' dir='ltr'>καθίσω.</span> <span class='ocrx_word' id='word_1_753' title='bbox 626 5247 694 5301; x_wconf 77' lang='lat' dir='ltr'><strong>Ei</strong></span> <span class='ocrx_word' id='word_1_754' title='bbox 718 5264 821 5301; x_wconf 89' lang='grc' dir='ltr'><strong>που</strong></span> <span class='ocrx_word' id='word_1_755' title='bbox 847 5249 1024 5303; x_wconf 91' lang='grc' dir='ltr'>τοίνυν</span> <span class='ocrx_word' id='word_1_756' title='bbox 1060 5255 1387 5326; x_wconf 79' lang='grc' dir='ltr'>συνήρχοντο</span> <span class='ocrx_word' id='word_1_757' title='bbox 1418 5254 1561 5307; x_wconf 83' lang='grc' dir='ltr'>κατὰ</span> <span class='ocrx_word' id='word_1_758' title='bbox 1591 5255 1653 5307; x_wconf 84' lang='grc' dir='ltr'>τὸ</span> <span class='ocrx_word' id='word_1_759' title='bbox 1685 5255 1817 5308; x_wconf 83' lang='grc' dir='ltr'>αὐτὸ</span> 
     </span>
    </p>
   </div>
   <div class='ocr_carea' id='block_1_104' title="bbox 228 5331 1817 5421">
    <p class='ocr_par' dir='ltr' id='par_1_104' title="bbox 228 5331 1817 5421">
     <span class='ocr_line' id='line_1_104' title="bbox 228 5331 1817 5421; baseline 0.008 -35"><span class='ocrx_word' id='word_1_760' title='bbox 228 5331 425 5399; x_wconf 79' lang='grc' dir='ltr'>ἄνδρες</span> <span class='ocrx_word' id='word_1_761' title='bbox 466 5334 528 5387; x_wconf 81' lang='grc' dir='ltr'><strong>ού</strong></span> <span class='ocrx_word' id='word_1_762' title='bbox 575 5336 874 5403; x_wconf 86' lang='grc' dir='ltr'>σπουδαῖοι,</span> <span class='ocrx_word' id='word_1_763' title='bbox 905 5340 1013 5393; x_wconf 76' lang='grc' dir='ltr'>οὐδ’</span> <span class='ocrx_word' id='word_1_764' title='bbox 1043 5342 1137 5396; x_wconf 80' lang='grc' dir='ltr'><strong>ἐπὶ</strong></span> <span class='ocrx_word' id='word_1_765' title='bbox 1177 5345 1488 5413; x_wconf 86' lang='grc' dir='ltr'>σπουδαίοις</span> <span class='ocrx_word' id='word_1_766' title='bbox 1528 5346 1817 5421; x_wconf 84' lang='grc' dir='ltr'>πράγμασι</span> 
     </span>
    </p>
   </div>
   <div class='ocr_carea' id='block_1_105' title="bbox 230 5424 1819 5508">
    <p class='ocr_par' dir='ltr' id='par_1_105' title="bbox 230 5424 1819 5508">
     <span class='ocr_line' id='line_1_105' title="bbox 230 5424 1819 5508; baseline 0.012 -32"><span class='ocrx_word' id='word_1_767' title='bbox 230 5424 678 5497; x_wconf 67' lang='grc' dir='ltr'>υακδρεύυντες,</span> <span class='ocrx_word' id='word_1_768' title='bbox 716 5430 808 5483; x_wconf 78' lang='grc' dir='ltr'>ἐπὶ</span> <span class='ocrx_word' id='word_1_769' title='bbox 854 5433 1105 5501; x_wconf 84' lang='grc' dir='ltr'>ματαίοις</span> <span class='ocrx_word' id='word_1_770' title='bbox 1149 5436 1206 5489; x_wconf 82' lang='grc' dir='ltr'>δὲ</span> <span class='ocrx_word' id='word_1_771' title='bbox 1232 5438 1327 5491; x_wconf 72' lang='grc' dir='ltr'><strong>καὶ</strong></span> <span class='ocrx_word' id='word_1_772' title='bbox 1359 5438 1460 5491; x_wconf 86' lang='grc' dir='ltr'><strong>ούκ</strong></span> <span class='ocrx_word' id='word_1_773' title='bbox 1497 5439 1819 5508; x_wconf 84' lang='grc' dir='ltr'>ἀναγκαίοις</span> 
     </span>
    </p>
   </div>
   <div class='ocr_carea' id='block_1_106' title="bbox 229 5517 1819 5602">
    <p class='ocr_par' dir='ltr' id='par_1_106' title="bbox 229 5517 1819 5602">
     <span class='ocr_line' id='line_1_106' title="bbox 229 5517 1819 5602; baseline 0.008 -32"><span class='ocrx_word' id='word_1_774' title='bbox 229 5517 542 5589; x_wconf 73' lang='grc' dir='ltr'>ποιούμενοι</span> <span class='ocrx_word' id='word_1_775' title='bbox 566 5521 664 5591; x_wconf 86' lang='grc' dir='ltr'><strong>τὴν</strong></span> <span class='ocrx_word' id='word_1_776' title='bbox 685 5522 920 5576; x_wconf 88' lang='grc' dir='ltr'>σύνοδον·</span> <span class='ocrx_word' id='word_1_777' title='bbox 948 5525 1191 5593; x_wconf 85' lang='grc' dir='ltr'>τούτους,</span> <span class='ocrx_word' id='word_1_778' title='bbox 1216 5531 1400 5602; x_wconf 65' lang='grc' dir='ltr'>φησιν,</span> <span class='ocrx_word' id='word_1_779' title='bbox 1430 5530 1651 5602; x_wconf 78' lang='grc' dir='ltr'>ἔφυγον,</span> <span class='ocrx_word' id='word_1_780' title='bbox 1676 5533 1819 5589; x_wconf 84' lang='grc' dir='ltr'>ὥστε</span> 
     </span>
    </p>
   </div>
   <div class='ocr_carea' id='block_1_107' title="bbox 232 5600 1820 5695">
    <p class='ocr_par' dir='ltr' id='par_1_107' title="bbox 232 5600 1820 5695">
     <span class='ocr_line' id='line_1_107' title="bbox 232 5600 1820 5695; baseline 0.011 -35"><span class='ocrx_word' id='word_1_781' title='bbox 232 5610 306 5681; x_wconf 84' lang='grc' dir='ltr'>μὴ</span> <span class='ocrx_word' id='word_1_782' title='bbox 342 5611 881 5683; x_wconf 82' lang='grc' dir='ltr'>συμπεριπλέκεσθαι</span> <span class='ocrx_word' id='word_1_783' title='bbox 923 5616 1101 5672; x_wconf 82' lang='grc' dir='ltr'>αὐτῶν</span> <span class='ocrx_word' id='word_1_784' title='bbox 1145 5622 1212 5691; x_wconf 81' lang='grc' dir='ltr'>τῇ</span> <span class='ocrx_word' id='word_1_785' title='bbox 1268 5600 1610 5695; x_wconf 63' lang='grc' dir='ltr'>ματαιότητι,</span> <span class='ocrx_word' id='word_1_786' title='bbox 1638 5624 1699 5645; x_wconf 83' lang='lat'><strong>&#39;&quot;</strong></span> <span class='ocrx_word' id='word_1_787' title='bbox 1742 5622 1820 5686; x_wconf 86' lang='grc' dir='ltr'>ὼς</span> 
     </span>
    </p>
   </div>
   <div class='ocr_carea' id='block_1_108' title="bbox 301 5764 727 5831">
    <p class='ocr_par' dir='ltr' id='par_1_108' title="bbox 301 5764 727 5831">
     <span class='ocr_line' id='line_1_108' title="bbox 301 5764 727 5831; baseline 0.007 -11"><span class='ocrx_word' id='word_1_788' title='bbox 301 5766 343 5797; x_wconf 77' lang='grc'><strong>³⁸</strong></span> <span class='ocrx_word' id='word_1_789' title='bbox 384 5764 541 5822; x_wconf 82' lang='lat' dir='ltr'><strong>Rom.</strong></span> <span class='ocrx_word' id='word_1_790' title='bbox 579 5784 640 5831; x_wconf 73' lang='grc' dir='ltr'><strong>ν,</strong></span> <span class='ocrx_word' id='word_1_791' title='bbox 675 5768 727 5823; x_wconf 84' lang='lat'><strong>5.</strong></span> 
     </span>
    </p>
   </div>
   <div class='ocr_carea' id='block_1_109' title="bbox 516 5858 1240 5923">
    <p class='ocr_par' dir='ltr' id='par_1_109' title="bbox 516 5858 1240 5923">
     <span class='ocr_line' id='line_1_109' title="bbox 516 5858 1240 5923; baseline 0.001 -4"><span class='ocrx_word' id='word_1_792' title='bbox 516 5858 792 5920; x_wconf 75' lang='grc' dir='ltr'>ΡΑτιιοι.</span> <span class='ocrx_word' id='word_1_793' title='bbox 825 5860 941 5922; x_wconf 84' lang='lat' dir='ltr'><strong>Gn.</strong></span> <span class='ocrx_word' id='word_1_794' title='bbox 997 5858 1240 5923; x_wconf 77' lang='lat' dir='ltr'><strong>XXIII.</strong></span> 
     </span>
    </p>
   </div>
   <div class='ocr_carea' id='block_1_110' title="bbox 1995 4966 3507 5032">
    <p class='ocr_par' dir='ltr' id='par_1_110' title="bbox 1995 4966 3507 5032">
     <span class='ocr_line' id='line_1_110' title="bbox 1995 4966 3507 5032; baseline -0.003 -8"><span class='ocrx_word' id='word_1_795' title='bbox 1995 4968 2165 5026; x_wconf 69' lang='lat' dir='ltr'><strong>Vnus.</strong></span> <span class='ocrx_word' id='word_1_796' title='bbox 2200 4969 2254 5032; x_wconf 66' lang='grc'>4,</span> <span class='ocrx_word' id='word_1_797' title='bbox 2288 4971 2341 5024; x_wconf 80' lang='lat'><strong>5.</strong></span> <span class='ocrx_word' id='word_1_798' title='bbox 2380 4968 2505 5024; x_wconf 87' lang='lat' dir='ltr'><strong>Non</strong></span> <span class='ocrx_word' id='word_1_799' title='bbox 2545 4969 2657 5023; x_wconf 79' lang='lat' dir='ltr'><strong>sedi</strong></span> <span class='ocrx_word' id='word_1_800' title='bbox 2704 4983 2823 5021; x_wconf 73' lang='lat' dir='ltr'><strong>cum</strong></span> <span class='ocrx_word' id='word_1_801' title='bbox 2870 4966 3095 5020; x_wconf 80' lang='lat' dir='ltr'><strong>concilio</strong></span> <span class='ocrx_word' id='word_1_802' title='bbox 3144 4967 3420 5028; x_wconf 72' lang='lat' dir='ltr'><strong>vanitatis.</strong></span> <span class='ocrx_word' id='word_1_803' title='bbox 3454 4975 3507 5021; x_wconf 88' lang='lat' dir='ltr'><strong>et</strong></span> 
     </span>
    </p>
   </div>
   <div class='ocr_carea' id='block_1_111' title="bbox 1926 5058 3508 5134">
    <p class='ocr_par' dir='ltr' id='par_1_111' title="bbox 1926 5058 3508 5134">
     <span class='ocr_line' id='line_1_111' title="bbox 1926 5058 3508 5134; baseline -0.003 -18"><span class='ocrx_word' id='word_1_804' title='bbox 1926 5080 2045 5116; x_wconf 91' lang='lat' dir='ltr'><strong>cum</strong></span> <span class='ocrx_word' id='word_1_805' title='bbox 2071 5064 2255 5134; x_wconf 83' lang='lat' dir='ltr'><strong>iniqua</strong></span> <span class='ocrx_word' id='word_1_806' title='bbox 2294 5062 2592 5133; x_wconf 77' lang='lat' dir='ltr'><strong>gerentibus</strong></span> <span class='ocrx_word' id='word_1_807' title='bbox 2621 5079 2725 5115; x_wconf 85' lang='lat' dir='ltr'><strong>non</strong></span> <span class='ocrx_word' id='word_1_808' title='bbox 2762 5058 3011 5114; x_wconf 84' lang='lat' dir='ltr'><strong>introibo.</strong></span> <span class='ocrx_word' id='word_1_809' title='bbox 3043 5058 3197 5114; x_wconf 84' lang='lat' dir='ltr'><strong>0divi</strong></span> <span class='ocrx_word' id='word_1_810' title='bbox 3227 5060 3508 5114; x_wconf 71' lang='lat' dir='ltr'><strong>ecclesiam</strong></span> 
     </span>
    </p>
   </div>
   <div class='ocr_carea' id='block_1_112' title="bbox 1925 5151 3505 5226">
    <p class='ocr_par' dir='ltr' id='par_1_112' title="bbox 1925 5151 3505 5226">
     <span class='ocr_line' id='line_1_112' title="bbox 1925 5151 3505 5226; baseline -0.003 -17"><span class='ocrx_word' id='word_1_811' title='bbox 1925 5156 2354 5226; x_wconf 76' lang='lat' dir='ltr'><strong>malignantium,</strong></span> <span class='ocrx_word' id='word_1_812' title='bbox 2384 5163 2434 5209; x_wconf 88' lang='lat' dir='ltr'><strong>et</strong></span> <span class='ocrx_word' id='word_1_813' title='bbox 2456 5172 2573 5208; x_wconf 88' lang='lat' dir='ltr'><strong>cum</strong></span> <span class='ocrx_word' id='word_1_814' title='bbox 2595 5153 2770 5224; x_wconf 78' lang='lat' dir='ltr'><strong>impiis</strong></span> <span class='ocrx_word' id='word_1_815' title='bbox 2805 5172 2908 5209; x_wconf 88' lang='lat' dir='ltr'><strong>non</strong></span> <span class='ocrx_word' id='word_1_816' title='bbox 2930 5153 3135 5208; x_wconf 75' lang='lat' dir='ltr'><strong>sedebo.</strong></span> <span class='ocrx_word' id='word_1_817' title='bbox 3175 5151 3361 5207; x_wconf 87' lang='lat' dir='ltr'><strong>Sicubi</strong></span> <span class='ocrx_word' id='word_1_818' title='bbox 3396 5166 3505 5205; x_wconf 89' lang='lat' dir='ltr'><strong>una</strong></span> 
     </span>
    </p>
   </div>
   <div class='ocr_carea' id='block_1_113' title="bbox 1924 5244 3506 5318">
    <p class='ocr_par' dir='ltr' id='par_1_113' title="bbox 1924 5244 3506 5318">
     <span class='ocr_line' id='line_1_113' title="bbox 1924 5244 3506 5318; baseline -0.004 -15"><span class='ocrx_word' id='word_1_819' title='bbox 1924 5248 2282 5303; x_wconf 85' lang='lat' dir='ltr'><strong>convenirent</strong></span> <span class='ocrx_word' id='word_1_820' title='bbox 2300 5248 2403 5301; x_wconf 89' lang='lat' dir='ltr'><strong>viri</strong></span> <span class='ocrx_word' id='word_1_821' title='bbox 2431 5262 2539 5301; x_wconf 89' lang='lat' dir='ltr'><strong>non</strong></span> <span class='ocrx_word' id='word_1_822' title='bbox 2573 5246 2736 5317; x_wconf 80' lang='lat' dir='ltr'><strong>frugi,</strong></span> <span class='ocrx_word' id='word_1_823' title='bbox 2764 5262 2941 5318; x_wconf 86' lang='lat' dir='ltr'><strong>neque</strong></span> <span class='ocrx_word' id='word_1_824' title='bbox 2963 5246 3032 5300; x_wconf 91' lang='lat' dir='ltr'><strong>de</strong></span> <span class='ocrx_word' id='word_1_825' title='bbox 3059 5245 3219 5301; x_wconf 90' lang='lat' dir='ltr'><strong>bonis</strong></span> <span class='ocrx_word' id='word_1_826' title='bbox 3245 5244 3506 5315; x_wconf 78' lang='lat' dir='ltr'><strong>operibus</strong></span> 
     </span>
    </p>
   </div>
   <div class='ocr_carea' id='block_1_114' title="bbox 1925 5341 3502 5412">
    <p class='ocr_par' dir='ltr' id='par_1_114' title="bbox 1925 5341 3502 5412">
     <span class='ocr_line' id='line_1_114' title="bbox 1925 5341 3502 5412; baseline -0.007 -13"><span class='ocrx_word' id='word_1_827' title='bbox 1925 5342 2219 5399; x_wconf 88' lang='lat' dir='ltr'><strong>consilium</strong></span> <span class='ocrx_word' id='word_1_828' title='bbox 2257 5341 2550 5412; x_wconf 80' lang='lat' dir='ltr'><strong>agitantes,</strong></span> <span class='ocrx_word' id='word_1_829' title='bbox 2587 5341 2684 5395; x_wconf 88' lang='lat' dir='ltr'><strong>sed</strong></span> <span class='ocrx_word' id='word_1_830' title='bbox 2708 5341 2776 5395; x_wconf 90' lang='lat' dir='ltr'><strong>de</strong></span> <span class='ocrx_word' id='word_1_831' title='bbox 2802 5341 2961 5395; x_wconf 90' lang='lat' dir='ltr'><strong>vanis</strong></span> <span class='ocrx_word' id='word_1_832' title='bbox 3005 5355 3070 5394; x_wconf 89' lang='lat' dir='ltr'><strong>ac</strong></span> <span class='ocrx_word' id='word_1_833' title='bbox 3100 5354 3211 5394; x_wconf 89' lang='lat' dir='ltr'><strong>non</strong></span> <span class='ocrx_word' id='word_1_834' title='bbox 3244 5350 3502 5393; x_wconf 82' lang='lat' dir='ltr'><strong>necessa-</strong></span> 
     </span>
    </p>
   </div>
   <div class='ocr_carea' id='block_1_115' title="bbox 1924 5429 3500 5504">
    <p class='ocr_par' dir='ltr' id='par_1_115' title="bbox 1924 5429 3500 5504">
     <span class='ocr_line' id='line_1_115' title="bbox 1924 5429 3500 5504; baseline -0.008 -11"><span class='ocrx_word' id='word_1_835' title='bbox 1924 5438 2025 5493; x_wconf 90' lang='lat' dir='ltr'><strong>riis</strong></span> <span class='ocrx_word' id='word_1_836' title='bbox 2052 5437 2219 5493; x_wconf 85' lang='lat' dir='ltr'><strong>rebus</strong></span> <span class='ocrx_word' id='word_1_837' title='bbox 2249 5437 2305 5490; x_wconf 92' lang='lat' dir='ltr'><strong>in</strong></span> <span class='ocrx_word' id='word_1_838' title='bbox 2334 5442 2480 5490; x_wconf 73' lang='lat' dir='ltr'><strong>etetu</strong></span> <span class='ocrx_word' id='word_1_839' title='bbox 2505 5449 2607 5490; x_wconf 86' lang='lat' dir='ltr'><strong>suo</strong></span> <span class='ocrx_word' id='word_1_840' title='bbox 2633 5441 3061 5504; x_wconf 85' lang='lat' dir='ltr'><strong>pertractantes;</strong></span> <span class='ocrx_word' id='word_1_841' title='bbox 3090 5432 3160 5486; x_wconf 89' lang='lat' dir='ltr'><strong>ab</strong></span> <span class='ocrx_word' id='word_1_842' title='bbox 3184 5432 3272 5493; x_wconf 87' lang='lat' dir='ltr'><strong>iis,</strong></span> <span class='ocrx_word' id='word_1_843' title='bbox 3298 5429 3500 5498; x_wconf 84' lang='lat' dir='ltr'><strong>inquit,</strong></span> 
     </span>
    </p>
   </div>
   <div class='ocr_carea' id='block_1_116' title="bbox 1924 5520 3497 5601">
    <p class='ocr_par' dir='ltr' id='par_1_116' title="bbox 1924 5520 3497 5601">
     <span class='ocr_line' id='line_1_116' title="bbox 1924 5520 3497 5601; baseline -0.008 -17"><span class='ocrx_word' id='word_1_844' title='bbox 1924 5530 2285 5601; x_wconf 77' lang='lat' dir='ltr'><strong>refugiebam,</strong></span> <span class='ocrx_word' id='word_1_845' title='bbox 2320 5536 2379 5582; x_wconf 90' lang='lat' dir='ltr'><strong>ut</strong></span> <span class='ocrx_word' id='word_1_846' title='bbox 2406 5544 2478 5582; x_wconf 89' lang='lat' dir='ltr'><strong>ne</strong></span> <span class='ocrx_word' id='word_1_847' title='bbox 2525 5528 2716 5581; x_wconf 86' lang='lat' dir='ltr'><strong>talium</strong></span> <span class='ocrx_word' id='word_1_848' title='bbox 2765 5527 3048 5581; x_wconf 84' lang='lat' dir='ltr'><strong>hominum</strong></span> <span class='ocrx_word' id='word_1_849' title='bbox 3090 5520 3316 5579; x_wconf 87' lang='lat' dir='ltr'><strong>vanitati</strong></span> <span class='ocrx_word' id='word_1_850' title='bbox 3350 5534 3497 5575; x_wconf 74' lang='lat' dir='ltr'><strong>conl-</strong></span> 
     </span>
    </p>
   </div>
   <div class='ocr_carea' id='block_1_117' title="bbox 1926 5611 3505 5691">
    <p class='ocr_par' dir='ltr' id='par_1_117' title="bbox 1926 5611 3505 5691">
     <span class='ocr_line' id='line_1_117' title="bbox 1926 5611 3505 5691; baseline -0.008 -13"><span class='ocrx_word' id='word_1_851' title='bbox 1926 5621 2209 5691; x_wconf 82' lang='lat' dir='ltr'><strong>miscerer,</strong></span> <span class='ocrx_word' id='word_1_852' title='bbox 2240 5623 2306 5643; x_wconf 83' lang='lat'><strong>“‘</strong></span> <span class='ocrx_word' id='word_1_853' title='bbox 2341 5628 2402 5676; x_wconf 89' lang='lat' dir='ltr'><strong>ut</strong></span> <span class='ocrx_word' id='word_1_854' title='bbox 2429 5618 2559 5691; x_wconf 90' lang='lat' dir='ltr'><strong>quid</strong></span> <span class='ocrx_word' id='word_1_855' title='bbox 2594 5627 2789 5687; x_wconf 68' lang='lat' dir='ltr'><strong>praeter</strong></span> <span class='ocrx_word' id='word_1_856' title='bbox 2811 5618 3049 5673; x_wconf 88' lang='lat' dir='ltr'><strong>divinam</strong></span> <span class='ocrx_word' id='word_1_857' title='bbox 3075 5616 3249 5685; x_wconf 83' lang='lat' dir='ltr'><strong>legem</strong></span> <span class='ocrx_word' id='word_1_858' title='bbox 3282 5611 3505 5683; x_wconf 81' lang='lat' dir='ltr'><strong>aggredi</strong></span> 
     </span>
    </p>
   </div>
   <div class='ocr_carea' id='block_1_118' title="bbox 3148 5864 3189 5922">
    <p class='ocr_par' dir='ltr' id='par_1_118' title="bbox 3148 5864 3189 5922">
     <span class='ocr_line' id='line_1_118' title="bbox 3148 5864 3189 5922; baseline 0 0"><span class='ocrx_word' id='word_1_859' title='bbox 3148 5864 3189 5922; x_wconf 82' lang='lat'><strong>8</strong></span> 
     </span>
    </p>
   </div>
  </div>
