4010 6534
545 294 651 352 235
1289 301 1553 356 EUSEBII
1592 299 2069 356 CIESARIENSIS
2107 300 2259 355 OPP.
2303 301 2482 352 PARS
2521 300 2680 357 lll.—-,
2717 300 3123 348 meoe'ttea.
3707 301 3827 350 2ὖὺ

543 417 832 483 auderent,
861 423 1035 478 multo
1068 423 1240 493 magis
1291 425 1361 477 ab
1411 424 1478 479 iis
1510 424 1875 487 deelinabam,
1904 425 2109 480 erroris

2213 424 2304 477 καὶ
2329 422 2475 492 ποιρά
2502 421 2590 474 τὸν
2617 421 2755 472 θεῖον
2780 420 2940 490 νόμον
2974 419 3176 488 τολμᾷν
3203 419 3324 471 τινὰ
3349 418 3480 489 δρᾷν
3506 436 3516 447 ·
3554 420 3649 474 καὶ
3681 421 3823 472 τού-

546 527 657 566 una
687 527 811 567 cum
834 515 901 570 iis
935 515 1328 570 adeundiviam
1352 515 1650 587 refugiens.
1685 517 1840 582 Quod
1867 519 1916 572 si
1938 532 2109 586 quan-

2213 532 2334 577 τους
2399 514 2476 565 ἔτι
2535 511 2731 582 μᾶλλον
2787 510 3006 580 ἔφυγον,
3062 510 3495 581 παραιτούμενος
3536 511 3636 582 τὴν
3691 514 3824 581 ἃμα.

547 602 618 657 do
642 603 881 660 viderem
905 607 1115 676 aliquos
1140 615 1340 662 emtum
1364 617 1610 680 agentes,
1637 610 1730 679 qui
1755 625 1860 663 non
1898 626 1995 679 pro
2021 625 2109 663 va-

2213 608 2391 668 αὐτοῖς
2434 607 2512 668 εἰς
2558 605 2656 674 τὴν
2692 605 2895 673 πλάνην
2944 604 3164 656 εἴσοδον.
3211 605 3320 656 Καὶ
3351 604 3403 656 εἰ
3439 621 3565 656 ποτε
3605 605 3665 657 δὲ
3705 606 3822 657 ἐώ-

546 697 718 752 nitate
759 713 858 753 nec
885 714 982 768 pro
1016 701 1279 769 improbis
1313 703 1573 771 Operibus
1598 704 1978 766 convenirent,
2015 703 2109 758 sed

2216 714 2321 767 ρων
2378 695 2830 765 ὲκκλησιὰζοντάς
2887 711 3070 758 τινας,
3130 696 3220 748 καὶ
3276 695 3376 748 οὐκ
3416 696 3508 748 ἐπὶ
3563 700 3821 765 ματαιό-

549 803 646 858 pro
677 795 856 858 pravis
877 798 928 846 et
958 791 1140 862 impiis
1161 793 1508 863 dogmatibus
1536 796 1589 848 in
1631 795 1865 851 ecclesia
1891 810 2109 865 congre-

2211 804 2370 856 τητος
2410 788 2857 856 συνερχομένους,
2884 785 2998 839 ἀλλ’
3035 786 3140 838 οὐδ’
3185 787 3277 839 ἐπὶ
3329 788 3673 858 παρανόμοις
3721 791 3821 859 ἕρ-

547 891 826 948 garentur,
862 882 963 937 hos
999 884 1289 956 plusquam
1342 901 1505 956 supra
1534 886 1712 942 dictos
1747 886 1875 942 odio
1916 887 2109 956 dignos

2212 897 2365 948 γοις,
2404 879 2518 932 ἀλλ’
2565 880 2659 931 ἐπὶ
2694 881 2951 950 πονηροῖς
2997 880 3091 932 καὶ
3135 880 3357 934 ἀσεϐέσι
3401 880 3692 952 δόγμασιν,
3759 886 3823 935 ὲν

549 973 726 1026 rebar.
759 973 920 1029 Aliud
947 991 1078 1029 vero
1105 991 1135 1030 a
1158 992 1324 1047 supra
1351 979 1666 1034 memoratis
1706 977 1988 1031 hominum
2019 994 2109 1049 ge-

2213 969 2472 1040 ὲκκλησίᾳ
2516 968 2676 1039 δῆθεν
2722 971 3242 1040 συγκροτουμένους.
3310 970 3531 1034 τούτους
3580 972 3648 1043 δὴ
3700 976 3822 1044 μά-

544 1079 647 1118 nus
681 1065 1057 1134 conspicatus,
1102 1068 1395 1136 impiorum
1435 1069 1709 1132 videlicet,
1741 1076 1795 1124 et
1821 1071 1913 1139 qui
1940 1069 2109 1125 Deum

2214 1061 2366 1112 λιστα
2401 1059 2550 1130 παρὰ
2593 1061 2718 1122 τοὺς
2760 1059 3156 1130 προλεχθέντας
3200 1061 3392 1130 μίσους
3421 1061 3606 1125 ἀξίους
3636 1066 3822 1133 ἡγού-

543 1172 650 1209 non
681 1166 932 1221 nossent,
965 1173 1029 1212 ac
1062 1159 1156 1228 qui
1187 1161 1242 1214 in
1265 1175 1452 1215 errore
1481 1169 1533 1216 et
1552 1161 1865 1216 idololatria
1899 1162 2109 1216 voluta-

2216 1168 2342 1221 μην.
2371 1153 2480 1204 Καὶ
2520 1151 2705 1223 ἕτερον
2747 1151 2804 1204 δὲ
2849 1153 3034 1223 τάγμα
3085 1153 3237 1222 παρά
3275 1154 3346 1205 τὰ
3388 1154 3819 1226 προλελεγμένα

543 1257 753 1311 rentur,
787 1249 856 1302 ab
888 1250 952 1304 iis
981 1251 1329 1318 secedebam;
1371 1253 1444 1306 ita
1473 1262 1532 1306 ut
1565 1269 1632 1308 ne
1665 1255 1856 1309 sedere
1890 1255 2109 1324 quidem

2214 1242 2385 1306 εἰδὼς,
2419 1244 2480 1296 τὸ
2511 1244 2618 1296 τῶν
2667 1243 2897 1306 ἀσεϐῶν,
2947 1244 3054 1296 τῶν
3095 1244 3187 1297 τὸν
3233 1244 3366 1298 Θεὸν
3426 1244 3499 1315 μὴ
3549 1247 3813 1312 εἰδότων,

542 1355 667 1394 cum
699 1340 766 1396 iis
799 1341 1019 1407 vellem,
1051 1357 1150 1397 nec
1180 1343 1271 1398 diu
1322 1360 1445 1398 cum
1481 1346 1549 1398 iis
1603 1346 1827 1408 morari,
1877 1361 1945 1401 ne
2003 1363 2109 1416 qua

2213 1335 2676 1408 εἰδωλολατρείαις
2700 1337 2794 1389 καὶ
2819 1335 2993 1408 πλάνῃ
3016 1337 3465 1406 καλινδουμένων,
3487 1337 3816 1409 ἀνεχώρουν

543 1430 676 1484 mihi
707 1446 771 1486 ex
803 1446 995 1486 eorum
1045 1447 1342 1503 congressu
1390 1435 1686 1503 impietatis
1715 1437 1972 1508 contagio
2003 1438 2104 1492 ha:-

2213 1427 2410 1490 αὐτῶν,
2463 1428 2538 1492 ὡς
2589 1429 2723 1500 μηδὲ
2768 1428 3051 1500 βούλεσθαι
3102 1430 3284 1492 αὐτοῖς
3338 1430 3809 1497 συγκαθέζεσθαι,

545 1529 705 1578 reret.
741 1521 920 1587 Quare
943 1524 1069 1577 dico
1106 1543 1118 1577 :
1146 1533 1197 1577 et
1220 1540 1336 1576 cum
1370 1525 1547 1594 impiis
1576 1543 1680 1581 non
1704 1526 1909 1582 sedebo.

2216 1519 2338 1590 μηδ’
2382 1520 2473 1572 ἐπὶ
2523 1520 2655 1574 πολὺ
2695 1522 3083 1594 συγχρονίςειν,
3127 1521 3201 1592 μὴ
3247 1523 3353 1591 ἄρα
3388 1540 3472 1586 τις
3517 1524 3573 1590 ἐξ
3613 1527 3810 1580 αὐτῶν

2213 1613 2420 1682 γένοιτό
2453 1632 2541 1685 μοι
2573 1614 2853 1685 μετάδοσις
2877 1614 3130 1679 ἀσεϐείας
3150 1633 3162 1646 ⁸
3194 1615 3274 1668 διὸ
3300 1616 3441 1686 φημί
3465 1632 3478 1645 °
3502 1617 3609 1670 Καὶ
3643 1620 3811 1687 μετά

612 1827 772 1881 Vens.
850 1828 968 1884 6-8.
1054 1827 1262 1882 Lavabo
1335 1830 1470 1883 inter
1547 1831 1842 1886 innocentes
1922 1846 2110 1886 manus

542 1934 705 1983 meas,
757 1929 810 1973 et
838 1920 1176 1974 circnmdabo
1212 1924 1382 1976 altare
1411 1932 1580 1985 tuum,
1620 1923 1842 1978 Domine
1873 1941 1891 1978 :
1922 1921 1980 1977 ut
2014 1941 2112 1977 au-

541 2013 684 2066 diam
713 2030 883 2067 vocem
933 2015 1132 2078 laudis,
1189 2024 1238 2069 et
1293 2033 1531 2072 enarrem
1566 2019 1807 2071 universa
1837 2016 2109 2070 mirabilia

542 2112 654 2158 tua.
684 2102 932 2169 Domine,
963 2107 1128 2159 dilexi
1162 2106 1402 2160 decorem
1428 2094 1614 2160 domus
1661 2116 1785 2169 τηατ,
1833 2117 1882 2161 et
1938 2109 2109 2161 locum

542 2176 896 2249 habitationis.
922 2197 1106 2267 gloria:
1135 2207 1257 2252 tute.
1294 2197 1350 2251 ln
1387 2199 1622 2252 circuitu
1660 2198 1998 2253 tabernaculi
2029 2199 2108 2254 tui

543 2285 963 2347 obambulando,
1000 2287 1230 2357 hymnos
1281 2289 1596 2342 emittebam
1647 2303 1748 2358 pro
1800 2287 2106 2351 sacriﬁciis,

544 2383 600 2427 ut
635 2375 703 2429 ab
728 2375 1042 2432 hominibus
1078 2393 1108 2433 e
1165 2379 1350 2432 vicino
1387 2381 1580 2448 positis
1618 2381 1981 2448 audirentur,
2035 2380 2108 2435 ita

543 2472 604 2518 ut
635 2480 826 2522 omnes
879 2483 1069 2523 vocem
1118 2484 1293 2522 meam
1326 2478 1378 2525 te
1406 2471 1796 2535 celebrantem,
1856 2486 1921 2525 ac
1947 2486 2109 2527 enar-

543 2564 752 2612 rantem
788 2557 1042 2613 universa
1076 2559 1346 2614 mirabilia
1405 2569 1496 2613 tua
1546 2560 1937 2615 auscultarent.
1973 2560 2108 2614 Nam

542 2649 596 2703 in
626 2647 844 2718 hymnis
896 2648 964 2703 ad
1016 2649 1096 2702 tui
1126 2649 1339 2704 laudem
1387 2653 1752 2718 concinnatis,
1787 2652 2108 2706 admiranda

541 2751 690 2812 gesta
723 2749 815 2796 tua
849 2757 956 2796 una
986 2743 1408 2811 complectebar,
1465 2759 1587 2813 qua:
1634 2745 1853 2814 proavis
1904 2747 2109 2801 nostris

538 2833 856 2888 exhibuisti.
889 2832 1077 2904 Neque
1105 2834 1367 2890 duntaxat
1399 2835 1569 2891 altare
1591 2847 1746 2890 tuum
1780 2837 2106 2904 circuibam,

538 2924 633 2979 sed
663 2932 835 2980 totam
867 2941 1084 2996 quoque
1129 2927 1349 2982 doumm
1407 2937 1556 2981 tuam
1608 2927 1794 2994 dilexi,
1856 2929 2104 2994 Domine,

539 3015 883 3086 maximeque
911 3016 1162 3075 decorem
1201 3016 1346 3086 ejus,
1384 3020 1477 3087 qui
1521 3019 1576 3073 i'n
1621 3018 1728 3089 piis
1757 3021 2108 3092 dogmatibus

2217 1707 2453 1761 ἀσεϐῶν
2480 1709 2551 1762 οὐ
2582 1707 2669 1777 μὴ
2705 1707 2948 1762 καθίσω.

2144 1792 2188 1852 Β
2282 1823 2544 1890 Νίψομαι
2572 1821 2642 1874 ἐν
2690 1820 2901 1886 ἀθώοις
2948 1820 3057 1887 τὰς
3104 1821 3308 1890 χεῖμὶς
3351 1842 3492 1892 μου,
3547 1825 3650 1878 καὶ
3692 1845 3805 1880 κυ-

2211 1910 2426 1965 κλώσω
2457 1912 2523 1965 τὸ
2547 1912 2980 1981 θυσιαστήριόν
3021 1930 3157 1977 σου,
3186 1917 3381 1982 Κύριε,
3404 1915 3509 1968 τοῦ
3533 1917 3804 1972 ἀκοῦσαι

2210 2003 2414 2074 φωνῆς
2437 2004 2744 2070 αἰνέσεως,
2776 2005 2873 2058 καὶ
2904 2005 3304 2076 διηγήσασθαι
3331 2007 3527 2062 πάντα
3559 2011 3630 2063 τὰ
3654 2015 3804 2065 θαυ-

2204 2095 2396 2165 μάσιά
2441 2113 2577 2151 σου.
2629 2099 2828 2165 Κύριε,
2880 2098 3166 2168 ἠγάπησα
3215 2101 3574 2169 εὐπρέπειαν
3613 2104 3795 2159 οἷκον

2210 2205 2347 2251 σου,
2391 2191 2489 2243 καὶ
2522 2193 2708 2244 τόπον
2735 2192 3125 2262 σκηνώματος
3153 2193 3338 2260 δόξης
3377 2211 3515 2248 σου.
3558 2197 3799 2250 κυκλῶν

2213 2297 2306 2332 σου
2340 2280 2402 2333 τὸ
2427 2280 2828 2354 θυσιαστήριον,
2857 2283 3058 2354 ὓμνους
3089 2285 3400 2355 ἀνέπεμπον
3434 2287 3552 2340 ἀντὶ
3575 2288 3791 2352 θυσίας,

2211 2373 2303 2425 καὶ
2326 2373 2424 2442 τὴν
2449 2373 2585 2443 ἐμὴν
2611 2374 2789 2446 φωνὴν
2814 2375 3081 2446 ἀκουστὴν
3108 2377 3323 2428 ἐποίουν
3339 2379 3450 2440 τοῖς
3471 2377 3794 2448 πλησιάζου-

2212 2477 2318 2524 σιν,
2353 2460 2494 2515 ὥστε
2527 2463 2732 2526 πάντας
2759 2463 2977 2516 ἀκούειν
3016 2465 3113 2534 τῆς
3143 2465 3282 2534 ὲμῆς
3322 2464 3505 2533 φωνῆς
3533 2465 3792 2536 αἰνούσης

2212 2570 2271 2607 σε
2319 2554 2410 2606 τὸν
2453 2555 2581 2607 Θεὸν
2624 2557 2720 2608 καὶ
2766 2555 3126 2626 διηγουμένης
3172 2556 3349 2609 πάντα
3392 2554 3461 2608 τὰ
3508 2555 3790 2626 θαυμάσιά

2212 2660 2323 2700 σου.
2381 2645 2468 2699 Ἐν
2499 2646 2606 2717 γὰρ
2639 2649 2751 2710 τοῖς
2809 2649 2886 2710 είς
2920 2648 2978 2700 σὲ
3022 2647 3210 2717 ὕμνοις
3260 2649 3786 2720 συμπαρελάμϐανον

2206 2738 2309 2802 τὰς
2335 2737 2644 2809 θαυμασίας
2677 2756 2770 2791 σου
2805 2739 3049 2810 πράξεις,
3076 2740 3141 2800 ἃς
3169 2740 3415 2806 ἐνεδείξω
3439 2745 3550 2806 τοῖς
3591 2741 3786 2813 ἡμετέο

2217 2848 2329 2902 ροις
2363 2831 2750 2903 προπάτορσιν.
2789 2833 2860 2885 Ού
2914 2833 3072 2902 μόνον
3097 2833 3152 2885 δὲ
3181 2834 3240 2886 τὸ
3286 2833 3664 2906 θυσιαστήριον
3692 2852 3784 2887 σου

2214 2921 2496 2985 ὲκύκλουν,
2543 2921 2676 2975 ἀλλά
2718 2923 2810 2974 καὶ
2857 2922 3034 2974 πάντα
3066 2923 3155 2975 τὸν
3185 2919 3332 2976 οἶκόν
3378 2940 3470 2975 σου
3500 2924 3783 2994 ἠγάπησα.

2210 3013 2381 3084 Κύριε
2404 3031 2417 3044 ·
2456 3015 2550 3068 καὶ
2579 3014 2768 3066 τούτου
2811 3014 3043 3084 μάλιστα
3071 3014 3167 3085 τὴν
3192 3015 3524 3085 εὐπρέπειαν
3551 3014 3788 3087 θεωρουο

539 3113 593 3160 et
629 3106 995 3170 sermonibus,
1027 3122 1241 3162 necnon
1276 3109 1332 3163 in
1357 3108 1622 3165 divinitus
1653 3111 1870 3167 traditis
1917 3113 2109 3166 lectio-

2214 3107 2381 3178 μένην
2409 3108 2465 3159 έν
2491 3105 2738 3159 εύσεὸέσι
2761 3106 2993 3176 δόγμασι
3015 3107 3108 3159 καὶ
3132 3105 3327 3174 λόγοις,
3362 3106 3418 3158 έν
3441 3123 3496 3159 τε
3529 3110 3639 3170 τοῖς
3668 3108 3789 3162 θεο-

543 3197 704 3251 nibus
736 3205 1033 3267 spectatur.
1069 3198 1242 3253 Decor
1291 3207 1473 3254 autem
1516 3201 1717 3256 domus
1769 3202 1863 3257 Dei
1919 3203 2106 3268 fuerit,

543 3288 983 3343 convenientium
1014 3297 1264 3353 ornatus,
1305 3290 1582 3362 inculpata
1620 3293 1752 3359 vita,
1805 3295 2111 3348 multitudi-

541 3378 629 3431 nis
661 3377 938 3441 ltonestas,
984 3389 1290 3435 concentus
1341 3388 1396 3434 et
1442 3381 1735 3436 concordia
1775 3398 2112 3438 concurren-

540 3470 702 3523 tium.
732 3467 836 3524 Sed
871 3471 1129 3540 quoniam
1166 3472 1252 3527 vel
1280 3473 1410 3541 ipsae
1441 3472 1636 3528 domus
1663 3474 1843 3540 sedes,
1871 3476 1941 3529 ob
1962 3491 2114 3530 amo-

541 3561 618 3616 ris
648 3576 776 3632 erga
809 3561 976 3617 Deum
1003 3565 1397 3634 praestantiam,
1429 3565 1702 3633 religiosis
1731 3567 1928 3621 animis
1962 3582 2115 3621 ama-

537 3651 680 3707 biles
735 3659 886 3717 sunt,
933 3654 1144 3708 etiamsi
1187 3653 1418 3710 diversa:
1465 3654 1574 3710 sint
1622 3670 1653 3709 a
1686 3655 1886 3710 tradito
1915 3656 2112 3712 domus

543 3741 636 3797 Dei
669 3744 884 3808 decore,
928 3745 1121 3800 merito
1168 3745 1389 3817 adjecit,
1441 3755 1492 3801 et
1547 3747 1722 3802 (acum
1765 3749 2110 3806 habitationis

541 3837 722 3907 gloria:
752 3847 876 3892 tum.
1863 3847 1870 3854 '

613 3948 777 4004 Vens.
808 3950 897 4014 il,
947 3951 1034 4005 12.
1078 3949 1188 4021 Ego
1232 3963 1410 4008 autent
1457 3954 1513 4007 in
1543 3955 1843 4009 innocentia
1879 3973 1994 4010 mea
2028 3956 2112 4009 in-

540 4053 750 4107 gressus
781 4055 897 4092 sum
938 4055 956 4093 .'
1001 4041 1198 4095 redime
1227 4060 1327 4109 me,
1362 4042 1605 4110 Domine,
1637 4056 1685 4098 et
1715 4047 1959 4099 miserere
1989 4047 2109 4099 mei.

545 4129 643 4183 Pes
670 4146 812 4183 meus
845 4132 985 4184 stetit
1016 4132 1070 4184 in
1106 4131 1325 4198 directo,
1354 4135 1407 4187 in
1436 4135 1673 4190 ecclesiis
1708 4136 2006 4192 benediram
2043 4147 2110 4202 te,

545 4221 784 4275 Domine.
820 4223 1273 4293 Quandoquidem
1315 4226 1483 4295 igitur
1515 4243 1620 4296 qua
1665 4243 1923 4282 mensura
1954 4230 2113 4282 meti-

542 4329 684 4377 mur,
713 4316 1015 4369 remetictur
1042 4317 1212 4378 nobis,
1244 4326 1298 4372 et
1333 4320 1387 4371 in
1414 4335 1523 4388 quo
1541 4320 1752 4389 judicio
1774 4320 2109 4388 iudicamus,

542 4409 594 4462 in
626 4408 815 4463 eodem
836 4408 1208 4478 judicabimur
1233 4411 1313 4477 3°;
1344 4410 1468 4465 ideo
1507 4411 1821 4482 frequenter
1847 4412 2112 4465 innocen-

2211 3197 2499 3260 πνεύστοις
2523 3195 2960 3267 ἀναγνώσμασιν.
2987 3196 3303 3268 Εὑπρέπεια
3325 3197 3380 3248 δὲ
3408 3196 3490 3267 εἴη
3515 3197 3608 3250 τοῦ
3634 3198 3785 3251 οἴκου

2211 3288 2304 3340 τοῦ
2331 3288 2464 3341 Θεοῦ
2499 3290 2592 3342 καὶ⁵
2613 3291 2642 3341 ὁ
2662 3289 2769 3341 τῶν
2797 3289 3200 3359 συνερχομένων
3223 3289 3444 3359 κόσμος,
3481 3289 3509 3341 ὃ
3534 3307 3590 3342 τε
3620 3289 3736 3358 βίος
3758 3293 3788 3344 ό

2213 3379 2576 3450 ἀνεπίληπτος
2601 3380 2695 3433 καὶ⁹
2721 3379 2782 3432 τὸ
2813 3379 3036 3450 κόσμιον
3065 3380 3158 3434 τοῦ
3187 3381 3441 3451 πλήθους,
3468 3382 3562 3433 καὶ
3593 3383 3625 3452 ἠ
3651 3383 3786 3450 ὁμο-

2212 3470 2452 3541 φροσύνη
2509 3471 2619 3526 τῶν
2661 3473 3085 3544 συνερχομένων.
3143 3473 3278 3525 Ἀλλ’
3337 3473 3458 3524 ἐπεὶ
3511 3473 3602 3525 καὶ
3653 3473 3789 3526 αὐτὸ

2212 3567 2407 3636 ἔδαφος
2437 3566 2503 3619 δι’
2530 3567 2833 3640 ὑπερϐολὴν
2859 3568 2958 3638 τῆς
2987 3569 3122 3638 πρὸς
3149 3567 3280 3619 Θεὸν
3313 3566 3534 3636 ἀγάπης
3565 3566 3790 3635 ἀγαπη-

2211 3656 2303 3710 τὸν
2326 3657 2578 3727 τυγχάνει
2599 3658 2718 3720 ταῖς
2752 3656 3016 3725 φιλοθέοις
3053 3655 3271 3725 ψυχαῖς,
3298 3654 3482 3724 ἕτερον
3528 3653 3586 3705 ὃν
3632 3652 3789 3722 παρὰ

2209 3749 2308 3821 τὴν
2339 3749 2687 3803 ἀποδοθεῖσαν
2711 3749 2840 3819 ἡμῖν
2865 3748 3190 3818 εὐπρέπειαν
3213 3744 3306 3798 τοῦ
3329 3746 3480 3798 οἴκου
3504 3743 3594 3796 τοῦ
3622 3742 3786 3806 Θεοῦ,

2211 3841 2432 3905 εἰκότως
2452 3840 2708 3908 ἐπιλέγειο
2733 3839 2841 3893 Καὶ
2859 3836 3432 3905 τόπονσκηνὼματσς
3446 3834 3627 3901 δόξης
3643 3849 3788 3888 σου.

2298 3953 2441 4023 Ἐγὼ
2475 3952 2542 4006 δὲ
2581 3954 2649 4006 ἐν
2678 3952 2896 4018 ἁκακίᾳ
2931 3969 3049 4020 μου
3090 3950 3450 4017 ἐπορεύθην·
3482 3950 3790 4016 λύτρωσαί

2211 4064 2304 4116 με,
2341 4047 2537 4112 Κύριε,
2568 4045 2662 4097 καὶ
2694 4043 2953 4109 ἐλέησόν
2983 4059 3079 4111 με.
3124 4044 3176 4094 Ὀ
3212 4041 3365 4106 ποῦς
3387 4058 3506 4110 μου
3537 4041 3682 4106 ἔστη
3713 4041 3789 4093 ἐν

2213 4140 2509 4204 εὺθὺτητι,
2564 4136 2632 4187 ἐν
2676 4134 3028 4201 ἐκκλησίαις
3071 4134 3386 4202 εὐλογήσω
3433 4149 3528 4195 σε,
3586 4135 3783 4199 Κύριε.

2226 4229 2379 4284 Ἐπεὶ
2404 4229 2581 4280 τοίνυν
2619 4220 2661 4294 ᾧ
2696 4226 2875 4297 μέτρῳ
2902 4217 3790 4292 μετροῦμενἀντιμετρηθήσεται

2218 4315 2378 4383 ἡμῖν,
2404 4315 2496 4367 καὶ
2543 4317 2599 4368 ἐν
2638 4309 2681 4382 ᾧ
2715 4315 2938 4386 κρίματι
2969 4312 3246 4383 κρίνομεν,
3277 4311 3669 4384 κριθησόμεθα,
3697 4311 3791 4364 διὰ

2211 4407 2370 4461 τοῦτο
2414 4405 2650 4477 συνεχῶς
2691 4408 2789 4477 τὴν
2831 4405 3064 4459 ἀκακίαν
3109 4405 3488 4478 προϐάλλεται,
3541 4405 3789 4459 τουτέστι

539 4499 669 4552 tiam
703 4499 976 4569 proponit,
1010 4499 1060 4553 id
1088 4508 1192 4564 est,
1227 4501 1492 4554 malorum
1523 4479 1874 4563 oblivionem,
1900 4502 2109 4555 cttole-

2216 4501 2313 4572 τὴν
2340 4499 2642 4571 ἀμνηστίαν
2679 4499 2885 4563 κακῶν,
2929 4499 3024 4552 καὶ
3055 4499 3152 4568 τὴν
3185 4498 3320 4570 πρὸς
3359 4500 3484 4562 τοὺς
3517 4501 3598 4562 είς
3623 4497 3790 4551 αὑτὸν

541 4594 776 4646 rautiam
823 4593 1412 4664 mansuetudinemque
1442 4609 1569 4664 erga
1603 4610 1698 4648 eos
1731 4595 1824 4664 qui
1880 4595 1934 4648 ia
2002 4593 2114 4648 sei-

541 4700 695 4753 psum
733 4693 1129 4754 peccaverant,
1189 4694 1250 4739 ut
1275 4702 1456 4754 parem
1495 4694 1549 4740 et
1595 4685 1712 4755 ipse
1744 4701 1842 4755 pro
1872 4685 2110 4740 admisso

539 4785 720 4828 errato
755 4773 1146 4845 indulgentiam
1199 4775 1292 4830 Dei
1350 4777 1725 4830 nanciscatur.
1781 4775 1873 4829 Sic
1914 4792 2108 4845 preca-

540 4875 651 4924 tus.
700 4864 887 4919 divino
939 4868 1115 4921 sancti
1150 4877 1205 4921 et
1256 4868 1559 4936 prophetici
1602 4866 1838 4937 Spiritus
1884 4868 2109 4923 numine

539 4955 772 5020 alllatus,
819 4958 892 5010 ita
945 4960 1138 5030 pergit,
1174 4976 1260 5028 pes
1289 4977 1430 5014 meus
1472 4964 1614 5015 stetit
1658 4965 1711 5016 in
1748 4963 1945 5018 directa
1987 4980 2006 5018 :
2055 4965 2108 5016 in

538 5048 769 5103 ecclesiis
801 5049 1098 5105 benedicam
1124 5062 1192 5114 te,
1219 5052 1459 5108 Domine.
1484 5054 1830 5110 Vaticinatur
1849 5057 1995 5112 enim
2025 5072 2106 5120 se,

540 5142 641 5195 etsi
700 5142 934 5210 pedibus
992 5159 1385 5214 nonnunquam
1437 5149 1794 5210 vacillaverit,
1828 5164 1892 5202 ac
1927 5157 2109 5204 motus

540 5247 948 5304 succussusque
983 5235 1167 5299 fuerit.
1194 5253 1471 5307 nunquam
1502 5242 1683 5294 ta'men
1715 5241 1767 5293 in
1807 5240 1891 5294 his
1921 5240 2108 5308 lapsu-

541 5339 682 5396 rum,
735 5325 826 5380 sed
859 5327 1222 5382 constiturum
1276 5331 1328 5381 in
1363 5329 1595 5391 directo,
1644 5339 1808 5399 atque
1860 5329 2105 5383 futurum

539 5431 660 5473 esse
689 5425 746 5470 ut
772 5417 825 5471 in
856 5419 1107 5474 ecclesiis
1128 5419 1410 5474 benedicat
1440 5419 1702 5485 Domino;
1740 5421 1824 5473 his
1855 5435 2109 5490 praenun-

540 5510 680 5566 tians
727 5509 968 5565 futuram
1020 5511 1109 5566 sui
1161 5513 1218 5566 in
1268 5513 1518 5569 ecclesiis
1569 5513 1662 5568 Dei
1720 5514 2037 5569 memoriam
2091 5533 2102 5567 :

608 5717 653 5747 ³³
695 5717 879 5773 Matth.
914 5735 988 5774 vu
1011 5760 1027 5789 ,
1059 5718 1113 5773 2.

2212 4595 2598 4666 ἡμαρτηκότας
2625 4592 2972 4658 ἀνεξικακίαν
2991 4609 3006 4622 ο
3041 4591 3115 4655 ὡς
3138 4590 3202 4644 ἂν
3230 4593 3321 4645 καὶ
3344 4593 3503 4655 αὐτὸς
3535 4593 3632 4662 τῆς
3664 4593 3789 4661 ῐσης

2214 4690 2364 4762 παρά
2389 4690 2483 4743 τοῦ
2529 4690 2662 4743 Θεοῦ
2690 4689 2840 4759 τύχοι
2868 4690 3170 4761 ἀμνηστίας
3200 4691 3289 4742 ἐπὶ
3315 4690 3391 4760 τῷ
3424 4691 3788 4761 σδμδεῆπκάτι

2213 4782 2360 4852 αὐτῷ
2395 4781 2686 4852 σφάλματι.
2717 4781 2826 4834 Καὶ
2866 4781 3036 4834 ταῦτα
3074 4781 3351 4844 ἱκετεύσας
3386 4782 3678 4846 ἐπιθειάζει
3708 4782 3790 4851 τῷ

2211 4872 2353 4942 ἁγίῳ
2387 4872 2478 4923 καὶ
2507 4869 2829 4940 προφητικῷ
2848 4867 3124 4939 Πνεύματι
3159 4867 3330 4936 λέγων
3355 4867 3479 4938 ἑξῆς
3498 4885 3510 4897 ·
3554 4869 3606 4919 '0
3633 4867 3790 4932 ποῦς

2211 4981 2330 5032 μου
2358 4963 2507 5031 ἔστη
2543 4963 2613 5015 ἐν
2647 4963 2941 5028 sacoma,
2987 4961 3058 5014 ἐν
3086 4960 3437 5026 ἐκκλησίαις
3476 4957 3788 5027 εὐλογήσω

2212 5071 2312 5117 σε,
2351 5056 2546 5121 Κύριε.
2581 5052 2919 5125 Προφητεύει
2960 5050 3090 5122 γὰρ,
3129 5051 3231 5114 ὅτι,
3261 5051 3309 5102 εἰ
3341 5050 3433 5103 καί
3468 5067 3597 5102 ποτε
3630 5050 3786 5116 γέγο-

2212 5164 2303 5199 νεν
2329 5149 2387 5200 ὲν
2419 5150 2532 5208 τοῖς
2571 5145 2726 5200 τωσὶν
2761 5143 2924 5196 αὑτοῦ
2961 5143 3121 5205 σάλος
3154 5141 3247 5194 καὶ
3278 5141 3461 5202 κλόνος
3501 5141 3594 5193 καὶ
3638 5139 3786 5207 κίνη-

2217 5256 2334 5302 σις·
2381 5238 2492 5290 ἀλλ’
2526 5236 2585 5288 ού
2631 5239 2876 5287 πεσεῖται
2920 5235 3011 5286 ἐπὶ
3055 5232 3283 5295 τούτοις,
3337 5231 3593 5300 στήσεται
3638 5229 3692 5281 δὲ
3729 5231 3785 5280 ὲν

2216 5331 2488 5399 εὐθύτητι,
2536 5327 2742 5398 μέλλων
2788 5329 2845 5378 έν
2879 5324 3195 5395 ἐκκλησίαις
3228 5323 3466 5390 εὐλογεῖν
3507 5321 3598 5374 τὸν
3635 5321 3783 5382 Θεὸν,

2213 5423 2311 5492 τὴν
2342 5420 2431 5473 διὰ
2463 5419 2650 5472 πασῶν
2676 5418 2782 5470 τῶν
2807 5417 3110 5490 ἐκκλησιῶν
3139 5416 3231 5469 τοῦ
3255 5414 3390 5468 Θεοῦ
3427 5419 3644 5485 μνήμην
3666 5413 3787 5464 ἑαυ-

2213 5511 2308 5566 τοῦ
2341 5513 2805 5582 προαναφωνήσας
2829 5528 2841 5540 ⁸
2885 5512 2965 5573 εἰς
2991 5509 3070 5562 ἔτι
3097 5508 3224 5578 γοῦν
3255 5508 3348 5560 καὶ
3391 5508 3631 5578 σήμερον
3665 5501 3784 5556 καθ’
