4010 6534
273 341 375 398 2'57

1392 341 1890 399 COMMENTARIA
1925 340 1994 396 ΙΝ
2028 339 2363 398 PSALMOS.

3413 341 3520 397 238

273 459 402 530 ὅλης
429 460 527 530 τῆς
570 457 896 530 οἰκουμένης
937 459 996 510 ὲν
1027 459 1146 521 ταῖς
1194 457 1428 530 Χριστοῦ
1466 459 1782 531 ἐκκλησίαις
1822 463 1840 514 ί

1954 474 2079 513 nam
2133 458 2200 513 ad
2255 457 2579 512 hodiernum
2643 471 2816 526 usque
2877 454 3012 511 diem
3073 469 3169 526 per
3207 454 3516 510 universam

274 544 434 604 Aau‘t5
460 549 670 618 εὐλογεῖ
689 549 778 602 τὸν
816 548 1038 620 Κύριον.

805 762 890 815 το
927 761 1124 814 ΔΑγιΔ
1169 763 1312 828 κεῖν.

342 853 558 920 Κύριος
603 855 904 921 φωτισμός
948 871 1089 922 μου,
1140 853 1238 905 καί
1286 853 1485 922 σωτήρ
1535 872 1674 923 μου,
1712 854 1846 906 τίνα

270 944 724 1014 φοϐηθήσομαις
767 943 982 1011 Κύριος
1035 945 1491 1011 ὑπερασπιστὴς
1541 945 1649 1013 τῆς
1698 944 1844 1012 ζωῆς

270 1051 408 1102 μου,
437 1035 556 1089 ἀπὸ
599 1036 760 1102 τινος
801 1034 1116 1099 decidant;
1149 1037 1257 1089 Kal.
1297 1037 1384 1091 διὰ
1417 1037 1573 1091 τοῦτο
1619 1038 1671 1090 τί
1703 1038 1844 1092 διδά-

273 1143 395 1181 σκει
421 1126 483 1179 τὸ
516 1126 738 1198 Πνεῦμα
760 1127 818 1181 τὸ
844 1127 1178 1199 προψητικόν
1200 1145 1215 1194 ;
1247 1129 1433 1193 Ὅπως
1465 1131 1728 1200 προσήκει
1754 1129 1845 1181 τὸν

270 1217 350 1287 τῷ
397 1217 516 1288 Θεῷ
565 1218 919 1289 ἀνακείμενον
961 1219 1301 1290 εὐχαριστεῖν
1343 1219 1509 1291 αὐτῷ,
1545 1219 1637 1274 καὶ
1685 1222 1844 1274 ὁποῖα

272 1307 426 1378 παρὰ
462 1307 554 1360 τοῦ
588 1307 720 1361 Θεοῦ
768 1310 956 1363 αἰτεῖν.
1003 1309 1251 1380 Περιέχει
1288 1311 1344 1364 δὲ
1369 1313 1398 1364 6
1436 1311 1590 1380 λόγος
1623 1313 1836 1382 εὐχαρι-

273 1398 444 1452 στίαν.
481 1399 716 1464 Εἰκότως
757 1401 933 1455 τοίνυν
960 1400 1084 1455 οῦτε
1125 1401 1358 1473 ψαλμδς,
1389 1403 1510 1457 οὔτε
1541 1403 1672 1475 ᾠδὴ,
1716 1403 1839 1457 οὒτε

271 1507 320 1543 τι
355 1490 461 1544 τῶν
505 1493 896 1563 παραπλησίων
940 1494 1374 1566 ἐπιγέγραπταιυ
1419 1497 1631 1563 Κύριος
1663 1514 1838 1565 φωτι-

268 1584 422 1652 σμός
448 1600 566 1651 μου
596 1585 691 1636 καὶ
730 1584 929 1652 σωτήρ
954 1603 1096 1654 μου,
1129 1587 1266 1638 τινα
1291 1585 1737 1656 φοϐηθήσομαω
1782 1587 1839 1640 '0

269 1674 367 1744 μὲν
411 1675 509 1744 τὴν
540 1672 715 1745 ψυχὴν
758 1676 815 1728 ὲν
865 1678 1020 1730 νυκτὶ
1054 1677 1149 1730 καὶ
1189 1679 1362 1748 σκότῳ
1407 1678 1837 1749 καλινδούμενος,

265 1765 362 1819 οὐκ
385 1766 538 1832 εἰδὼς
571 1769 692 1822 ὅποι
728 1768 955 1839 φέρεται
989 1770 1084 1822 καὶ
1110 1771 1258 1832 ὅπως
1285 1770 1638 1840 προσκόπτει,
1673 1772 1840 1842 μυρία

263 1857 410 1910 κακὰ
449 1858 836 1931 φοϐηθήσεται,
882 1861 956 1924 ὡς
995 1860 1062 1913 ἂν
1103 1862 1379 1925 παντελῶς
1430 1862 1840 1933 ἐπισπώμενος·

264 1947 386 2001 ὅθεν
413 1949 587 2002 πάντα
631 1949 794 2019 φόϐον
835 1951 1155 2020 ὑπιδόμενος
1193 1955 1590 2024 καταπτήσσει.
1621 1956 1713 2007 καὶ
1749 1955 1846 2026 τῆς

266 2040 346 2102 εἰς
369 2037 461 2091 τὸν
486 2039 618 2093 Θεὸν
644 2041 931 2110 ὁμολογίας
956 2042 1176 2109 ἔξαρνος
1197 2043 1420 2111 γίνεται.
1453 2045 1510 2096 ’0
1531 2045 1586 2098 δὲ
1615 2045 1713 2116 τῆς
1742 2046 1839 2115 ψυ-

267 2130 372 2199 χῆς
395 2131 522 2194 τοὺς
555 2131 866 2202 ὀφθαλμοὺς
890 2133 996 2186 ὑπὸ
1026 2135 1123 2204 τῆς
1148 2134 1351 2206 Κυρίου
1383 2135 1700 2206 ὲλλάμψεως
1735 2154 1846 2206 φω-

268 2221 476 2288 τισθεὶς
509 2224 724 2296 πρῶτον
768 2227 865 2295 μὲν
893 2228 1143 2280 ἁπάντων
1188 2227 1349 2281 αὑτὸν
1387 2227 1476 2280 τὸν
1509 2229 1672 2281 αὐτοῦ
1714 2230 1846 2300 πρό-

272 2333 442 2386 μαχον
471 2317 564 2370 καὶ
587 2319 809 2390 σωτῆρα
838 2319 1032 2383 ὁπόσος
1054 2320 1136 2383 τίς
1171 2321 1285 2371 ἐστι
1311 2319 1534 2390 θεωρεῖ·
1575 2315 1672 2372 εἶτ’
1699 2320 1843 2390 ἔργῳ

269 2408 620 2478 παραλαϐὼν,
643 2409 718 2472 ὡς
745 2411 774 2462 6
803 2410 910 2462 τῶν
927 2411 1183 2464 ἁπάντων
1207 2410 1472 2479 δεσπότης
1501 2411 1594 2462 καὶ
1615 2410 1838 2482 Κύριος,

269 2497 458 2567 θυρεὸς
496 2499 660 2553 αὐτοῦ
707 2501 802 2553 καὶ
841 2501 1003 2554 ὅπλον
1044 2501 1255 2572 ἄμαχον
1289 2502 1380 2555 καὶ
1431 2503 1842 2574 ὑπερασπιστὴς

267 2589 622 2663 καθέστηκεν,
658 2593 902 2663 ἀτρεμὴς
943 2594 1171 2662 γίνεται,
1217 2595 1318 2648 καῖ’
1352 2595 1446 2648 ἆτε
1484 2596 1610 2659 τοὺς
1642 2596 1840 2664 ὀφθαλ-

273 2681 406 2752 μοὺς
431 2683 527 2752 τῆς
553 2683 728 2754 ψυχῆς
759 2685 1016 2755 ἀτρεμεῖς
1042 2684 1201 2756 ἔχων,
1246 2688 1340 2740 καὶ
1375 2687 1838 2757 πεφωτισμένους,

271 2773 477 2836 πάντας
499 2775 624 2839 τοὺς
649 2775 840 2830 ἑαυτοῦ
869 2776 1115 2848 ἐχθροὺς,
1145 2778 1251 2831 εῖτε
1273 2778 1398 2842 τοὺς
1421 2779 1511 2831 τὸν
1537 2779 1668 2832 Θεὸν
1692 2779 1843 2847 ἀγνο-

265 2864 460 2929 οῦντας
499 2865 835 2938 ἀνθρώπους,
868 2867 979 2921 εἴτε
1027 2868 1127 2930 τὰς
1158 2869 1422 2942 ἀοράτους
1463 2871 1557 2924 καὶ
1601 2870 1842 2942 πονηρὰς

265 2957 543 3027 δυνάμεις,
585 2960 824 3030 ἐρήμους
863 2961 966 3032 ὁρᾷ
1003 2961 1098 3014 τοῦ
1146 2961 1402 3015 τοσούτου
1450 2963 1695 3036 σωτῆρος
1748 2963 1842 3017 καὶ

269 3043 485 3114 βοηθοῦ,
515 3046 611 3100 καὶ
642 3047 716 3110 ὡς
749 3048 851 3117 ἤδη
887 3049 1242 3113 πεπτωκότας
1279 3049 1508 3123 θεωρεῖ·
1543 3052 1622 3105 διὸ
1662 3053 1840 3124 πάσης

1950 557 2152 603 terram
2209 547 2265 602 in
2310 546 2556 602 ecclesiis
2602 545 2809 601 Christi
2870 545 3038 601 David
3089 545 3360 601 benedici:
3409 544 3519 602 Do—

1951 657 2120 696 mmo.

2509 755 2717 810 DAVID
2744 754 2838 810 XX
2851 753 2938 809 Vl.

2022 849 2190 905 Vens.
2229 849 2281 912 1,
2311 848 2366 902 2.
2410 848 2667 902 Dominus
2698 847 3020 901 illuminatio
3048 861 3183 906 mea,
3212 855 3261 900 et
3284 846 3518 900 salvator

1949 959 2115 1001 meus,
2137 958 2286 1011 quem
2313 942 2500 993 timebo
2519 943 2544 995 ?
2583 939 2838 994 Dominus
2866 948 3128 1006 protector
3158 939 3276 992 vita!
3308 953 3455 997 meat,
3487 953 3520 989 a

1947 1052 2048 1104 quo
2074 1031 2382 1101 trepidabo?
2416 1030 2512 1087 His
2543 1045 2707 1101 porro
2736 1029 2868 1100 quid
2901 1027 3138 1099 Spiritus
3169 1027 3519 1098 propheticus

1946 1129 2142 1183 docet?
2175 1127 2460 1194 Quomodo
2487 1134 2736 1197 Oporteat
2773 1126 3046 1180 hominem
3096 1125 3206 1180 Deo
3242 1123 3517 1178 addictum

1949 1221 2048 1287 ipsi
2089 1221 2296 1288 gratias
2351 1235 2534 1290 agere,
2564 1228 2619 1274 et
2648 1218 2828 1289 qualia
2857 1235 2954 1288 par
2981 1218 3053 1272 sit
3081 1218 3150 1271 ab
3178 1217 3299 1287 ipso
3331 1223 3522 1288 postn-

1947 1311 2080 1366 lare.
2113 1311 2212 1366 Hic
2240 1326 2372 1366 sane
2401 1326 2583 1366 sermo
2611 1311 2908 1381 gratiarum
2944 1310 3214 1364 actionem
3253 1308 3517 1364 continet.

1946 1402 2126 1468 Quare
2149 1403 2272 1472 jure
2296 1417 2359 1456 ac
2403 1402 2600 1456 merito
2627 1417 2803 1470 neque
2829 1401 3107 1472 psalmus,
3141 1416 3316 1471 neque
3343 1400 3520 1455 canti-

1944 1511 2092 1557 cum.
2119 1511 2294 1566 neque
2319 1495 2598 1566 quidpiam
2644 1495 2820 1551 simile
2870 1494 3190 1550 inscribitur
3221 1511 3235 1547 :
3263 1492 3519 1547 Dominus

1946 1589 2266 1641 illuminatio
2297 1604 2412 1642 mea
2464 1596 2514 1642 et
2567 1586 2806 1641 salvator
2853 1602 3032 1647 meus,
3083 1602 3235 1655 quem
3289 1583 3522 1639 timebo?

1947 1680 2049 1746 Qui
2073 1683 2125 1734 in
2147 1690 2305 1736 nocte
2333 1695 2397 1734 ac
2436 1680 2680 1735 tenebris
2725 1678 2908 1732 animo
2929 1678 3207 1732 volutatur
3235 1716 3250 1738 ,
3300 1677 3520 1732 nescius

1951 1785 2060 1840 quo
2082 1772 2306 1834 feratur,
2333 1770 2476 1825 etin
2525 1768 2670 1839 quod
2711 1768 3009 1840 impingat,
3070 1778 3325 1824 sexcenta
3379 1767 3520 1822 mala

1953 1862 2310 1932 pertimescit,
2341 1868 2528 1932 utpote
2559 1860 2652 1932 qui
2687 1861 2795 1914 huc
2827 1861 2954 1915 illuc
2981 1860 3197 1936 penitus
3227 1859 3478 1914 trahatur
3500 1877 3531 1928 ςς

1947 1969 2118 2024 quare
2172 1955 2381 2008 nullum
2437 1969 2546 2008 non
2603 1951 2908 2007 formidinis
2961 1967 3134 2024 genus
3186 1954 3518 2024 suspicatus.

1946 2044 2308 2107 exhorrescit,
2337 2052 2500 2114 atque
2553 2042 2955 2098 confessionem
3003 2041 3113 2098 Deo
3165 2044 3416 2116 abnegat.
3449 2043 3521 2099 At

1946 2135 2038 2205 qui
2075 2135 2272 2190 mentis
2302 2135 2478 2190 oculis
2510 2151 2538 2188 a
2568 2133 2780 2188 Domini
2827 2135 3115 2205 splendore
3149 2136 3516 2200 illuminatur,

1947 2224 2374 2294 primo-quidem
2406 2239 2469 2279 ac
2502 2240 2613 2293 prae
2657 2226 2912 2282 omnibus
2960 2234 3414 2297 propugnatorem
3455 2242 3520 2281 ac

1947 2317 2288 2374 Servatorem
2323 2335 2522 2381 suum,
2580 2327 2820 2390 quantus
2847 2320 3096 2376 videlicet
3133 2322 3242 2385 sit,
3275 2330 3520 2376 contem-

1945 2413 2153 2482 platur;
2206 2410 2402 2465 deinde
2435 2426 2564 2466 vero
2599 2422 2886 2482 postquam
2942 2413 3023 2468 vel
3054 2428 3119 2467 ex
3166 2413 3300 2480 ipsis
3348 2413 3517 2482 gestis

1944 2502 2110 2557 rebus
2142 2501 2408 2566 edidicit,
2455 2501 2838 2558 universorum
2889 2502 3174 2559 Dominum
3223 2512 3278 2558 et
3331 2512 3517 2574 patro.

1943 2609 2096 2657 num,
2127 2593 2378 2665 clypeum
2411 2593 2542 2659 sibi,
2588 2602 2920 2650 armaturam
2956 2595 3426 2665 inexpugnabilem
3451 2608 3519 2651 ac

1943 2695 2307 2756 protectorem
2335 2703 2492 2751 esse;
2521 2693 2656 2742 tunc
2707 2686 3020 2742 formidinis
3063 2704 3293 2758 expers,
3325 2703 3389 2744 ac
3428 2693 3519 2743 ut-

1945 2789 2072 2850 pote
2122 2780 2318 2834 mentis
2346 2779 2536 2834 oculos
2586 2779 2890 2849 intrepidos
2946 2780 3388 2849 illuminatosque
3417 2779 3517 2834 ha-

1943 2871 2101 2928 hens.
2137 2885 2325 2924 omnes
2357 2869 2610 2924 inimicos
2665 2884 2830 2936 suos,
2879 2871 2995 2925 sive
3047 2870 3298 2923 homines
3347 2869 3513 2924 Deum

1945 2960 2279 3030 ignorantes,
2319 2961 2431 3015 sive
2462 2960 2763 3017 invisibiles
2797 2962 3169 3032 malignasque
3197 2969 3515 3032 potestates.

1945 3051 2258 3122 hujusmodi
2289 3061 2566 3107 servatore
2617 3053 2971 3122 adjutoreque
3023 3069 3246 3118 vacuos,
3278 3055 3512 3124 aspicit.

265 3135 446 3190 αὐτῶν
494 3137 594 3207 τῆς
631 3138 922 3210 ἐπιϐουλῆς
961 3137 1235 3213 καταγελᾷ
1269 3141 1484 3214 θαρσῶν
1525 3142 1602 3214 τῷ
1647 3145 1840 3198 ἑαυτοῦ

1945 3155 2000 3199 et
2027 3144 2184 3215 quasi
2205 3144 2316 3214 jam
2343 3145 2525 3214 lapsos
2557 3145 2832 3210 intuetur;
2866 3161 3038 3216 quare
3080 3143 3352 3202 defensori
3384 3161 3517 3201 con-

267 3226 570 3299 ὑπερμάχῳ
594 3245 608 3260 ο
654 3228 734 3282 διό
789 3247 982 3301 φησιν·
1027 3232 1088 3284 Ei
1129 3232 1228 3303 μὲν
1269 3233 1342 3305 μή
1383 3251 1474 3305 μοι
1514 3237 1543 3288 6
1588 3233 1841 3299 τοσοῦτος

267 3319 450 3390 παρῆν
501 3319 713 3392 βοηθὸς,
760 3322 1012 3390 φωτίζων
1062 3341 1164 3395 μου
1199 3325 1299 3396 τὴν
1330 3325 1506 3398 ψυχὴν
1538 3329 1631 3382 καί⁵
1672 3329 1841 3400 ὑπερ-

265 3410 510 3475 ασπίζων
548 3429 650 3482 μου
671 3413 768 3484 τῆς
783 3412 950 3484 ζωῆς,
978 3416 1201 3480 εἰκότως
1216 3417 1490 3490 ἐφοϐήθην
1507 3419 1572 3472 ἂν
1599 3419 1706 3486 τὰς
1736 3420 1841 3488 ἀρ-

265 3501 380 3569 χὰς
425 3503 523 3557 καὶ
571 3505 678 3570 τὰς
713 3505 1001 3574 ἐξουσίας
1039 3507 1137 3561 καὶ
1175 3511 1318 3576 τοὺς
1359 3512 1840 3581 κοσμοκράτορας

263 3591 372 3646 τοῦ
423 3593 683 3659 σκότους
737 3596 972 3658 τούτου,
1038 3599 1134 3650 καὶ
1189 3599 1260 3652 τὰ
1309 3604 1678 3670 πνευματικὰ
1713 3592 1840 3672 τῆς

264 3684 578 3748 πονηρίας,
617 3683 742 3746 τούς
786 3703 844 3738 τε
889 3688 994 3740 ὑπὸ
1026 3688 1230 3742 τούτων
1269 3692 1712 3763 ὲνεργουμένους,
1747 3697 1841 3748 καὶ

262 3773 406 3828 κατὰ
429 3773 536 3827 τῶν
560 3775 655 3828 τοῦ
680 3776 814 3830 Θεοῦ
846 3778 1092 3848 ἀθλητῶν
1117 3781 1597 3853 ἐπανισταμένους.
1646 3788 1842 3845 Ἰκανοὶ

260 3866 374 3938 γὰρ
405 3862 544 3937 ἦσαν
570 3860 715 3921 οῦτοι
751 3869 1048 3942 θορυϐῆσαι
1079 3872 1177 3942 τὴν
1200 3873 1378 3944 ψυχήν
1415 3893 1517 3946 μου
1550 3879 1623 3950 μὴ
1655 3897 1842 3948 πεφω-

260 3958 524 4028 τισμένην
547 3975 561 3990 ·
598 3960 719 4014 ἐπεὶ
743 3960 800 4014 δὲ
823 3963 984 4027 αὐτὸς
1015 3965 1044 4016 6
1071 3964 1179 4017 τῶν
1209 3965 1346 4020 ὅλων
1372 3968 1660 4042 δεσπότης,
1692 3973 1721 4025 ό
1749 3972 1840 4026 τοῦ

261 4050 397 4104 Θεοῦ
420 4052 566 4116 Υίὺς,
595 4053 874 4124 φωτισμδς
899 4057 1174 4126 τυγχάνει,
1200 4060 1229 4110 ό
1261 4059 1422 4122 αὐτὸς
1447 4060 1502 4114 δὲ
1543 4063 1634 4115 καὶ
1658 4067 1842 4135 σωτήρ

266 4161 367 4215 μου
405 4145 573 4206 ἐστὶν,
603 4144 828 4208 εἰκότως
853 4148 1083 4218 φήσαιμ’
1109 4147 1192 4210 ἄν,
1231 4147 1371 4203 Τίνα
1395 4152 1841 4222 φοϐηθήσομαω

263 4235 466 4290 υὺδένα
509 4235 618 4308 γὰρ
659 4238 1132 4309 ὲπιστραφήσομαι
1163 4239 1273 4293 τῶν
1294 4242 1562 4296 τοσούτων
1609 4246 1838 4316 ἐχθρῶν,

262 4328 382 4381 οὐδὲ
433 4327 540 4381 ἀπό
581 4346 721 4392 τινος
752 4328 956 4383 τούτων
986 4331 1259 4396 δειλιάσω,
1310 4332 1524 4406 θαρσῶν
1563 4336 1642 4407 τῷ
1673 4339 1844 4411 ὑπερ-

262 4418 503 4486 ασπιστῇ
534 4417 631 4486 τῆς
668 4414 813 4487 ζωῆς
846 4435 968 4488 μου.
1007 4419 1187 4473 ’Πάλιν
1219 4421 1263 4474 δ’
1293 4422 1526 4478 ἐνταῦθα
1557 4429 1837 4498 τηρήσεις,

1945 3235 2079 3290 ﬁsus
2106 3251 2207 3291 suo
2242 3236 2512 3307 quaslibet
2543 3237 2786 3306 ipsorum
2817 3236 3028 3292 deridet
3059 3237 3306 3301 insidias,
3365 3237 3518 3294 ideo-

1943 3345 2049 3400 que
2072 3331 2148 3384 ait
2174 3349 2188 3384 :
2238 3330 2353 3385 Nisi
2390 3331 2522 3384 mihi
2554 3331 2681 3386 talis
2722 3330 2941 3400 ailjntor
2970 3330 3205 3393 adesset,
3234 3331 3513 3385 illumina-

1945 3432 2031 3478 tor
2063 3423 2275 3482 animae,
2309 3438 2374 3477 ac
2408 3431 2686 3494 protector
2713 3424 2856 3485 vitae,
2879 3422 3071 3477 merito
3102 3420 3512 3476 reformidarem

1941 3515 2266 3584 principatus
2312 3525 2362 3567 et
2400 3524 2681 3581 potestates
2737 3524 2786 3567 et
2815 3512 2997 3567 mundi
3021 3522 3244 3568 rectores
3276 3511 3505 3566 tenebra-

1945 3625 2062 3661 rum
2092 3607 2300 3669 harum,
2324 3616 2374 3660 et
2400 3607 2704 3670 spiritualia
2754 3607 3000 3675 nequitia:
3046 3606 3092 3638 “
3115 3647 3130 3669 ,
3174 3620 3388 3660 necnon
3420 3619 3519 3659 eos

1945 3699 2037 3768 qui
2070 3699 2222 3753 hisce
2249 3699 2477 3752 interius
2525 3699 2820 3768 agitantur,
2851 3705 2906 3751 et
2939 3705 3131 3750 contra
3163 3695 3254 3750 Dei
3285 3696 3519 3751 athletas

1945 3793 2255 3860 insurgunt.
2287 3789 2422 3843 Nam
2454 3789 2488 3842 ii
2535 3789 2671 3844 tales
2716 3797 2872 3842 erant
2903 3789 2996 3857 qui
3049 3789 3286 3842 animam
3340 3803 3514 3842 meam

1944 3882 2273 3936 conturbare
2302 3887 2548 3951 possent,
2579 3880 2626 3934 si
2676 3895 2785 3934 non
2839 3879 3138 3934 illuminata
3183 3878 3415 3942 fuisset;
3463 3887 3519 3932 at

1945 3974 2201 4044 quoniam
2237 3973 2351 4042 ipse
2381 3972 2760 4027 universorum
2788 3971 3048 4026 Dominus
3073 3970 3166 4027 Dei
3196 3969 3366 4025 Filius
3393 3971 3519 4024 illu-

1944 4067 2173 4121 minatio
2206 4081 2323 4121 mea
2347 4073 2453 4128 est,
2485 4067 2710 4136 ipseque
2742 4063 3001 4121 Servator
3018 4079 3192 4127 meus,
3212 4065 3338 4133 jure
3362 4063 3518 4119 dixe-

1942 4159 2070 4219 rim,
2098 4157 2264 4224 Quem
2296 4157 2526 4214 timebo?
2559 4155 2634 4211 Ex
2666 4164 2746 4212 tot
2764 4157 2964 4227 quippe
2993 4156 3232 4212 inimicis
3256 4171 3325 4212 ne
3346 4173 3516 4212 unum

1943 4248 2161 4318 quidem
2195 4248 2596 4317 pertimescam,
2629 4263 2807 4318 neque
2853 4248 3088 4317 aliquem
3120 4263 3308 4304 eorum
3341 4248 3518 4304 refor-

1942 4337 2184 4401 midabo,
2209 4340 2501 4407 protectori
2533 4339 2656 4393 vita:
2687 4354 2819 4393 mete
2845 4338 3105 4392 confisus.
3165 4337 3264 4392 Hic
3320 4339 3517 4394 iterum

1942 4432 2202 4487 observes
2234 4431 2416 4492 velim,
2450 4432 2605 4495 illud,
2639 4431 2886 4486 Salvator
2920 4449 3096 4496 meus,
3153 4430 3207 4485 in
3251 4430 3520 4486 Hebraico

262 4505 334 4571 ὡς
388 4507 470 4569 τὸ,
524 4508 723 4576 Σωτήρ
766 4527 904 4578 μου,
963 4512 1022 4564 ὲν
1075 4510 1154 4582 τῷ
1210 4513 1500 4586 Ἐϐραῖκῷ,
1553 4520 1614 4572 τὸ
1666 4521 1838 4591 ὄνομα

1944 4524 2260 4594 exemplari,
2292 4523 2590 4578 Salvatoris
2645 4525 2819 4578 nostri
2868 4523 2996 4578 Jesu
3040 4511 3517 4588 Christiinomen,

264 4597 352 4651 τοῦ
385 4599 638 4671 Σωτῆρος
660 4599 816 4670 ἡμῶν
849 4601 1020 4671 Ἰησοῦ
1046 4604 1279 4674 Χριστοῦ
1314 4608 1495 4672 αὐτοῖς
1523 4613 1837 4685 χαρακτῆρ-

261 4711 346 4747 σιν
389 4694 693 4767 Ἑϐραϊκοῖς
737 4697 998 4767 περιέχει,
1033 4699 1090 4750 ὲν
1131 4693 1212 4762 οἷς
1256 4700 1322 4754 ἄν
1353 4713 1433 4758 τις
1478 4699 1569 4752 τὸν
1603 4702 1840 4768 Ἰησοῦν

261 4787 538 4858 γράψειεν.

341 4880 398 4934 ’0
427 4880 484 4933 δὲ
521 4880 692 4934 ταῦτα
733 4882 904 4950 λέγων
942 4882 1177 4936 διδάσκει
1215 4886 1398 4938 ὁποίου
1434 4888 1714 4961 πειραθεὶς
1741 4889 1837 4942 τοῦ

260 4972 451 5026 ἑαυτοῦ
489 4975 750 5046 σωτῆρος,
784 4975 885 5044 τῆς
918 4975 1026 5027 τῶν
1050 4974 1258 5046 ἐχθρῶν
1285 4978 1574 5049 ἐπιϐουλῆς
1600 4982 1832 5048 κατεγέ-

259 5077 418 5118 λασε·
444 5065 525 5119 διό
558 5083 720 5135 φησιν
744 5085 756 5096 ·
797 5069 898 5122 Ἑν
929 5067 1007 5132 τῷ
1033 5069 1280 5138 ἐγγίζειν
1309 5071 1402 5124 ἐπ’
1433 5071 1540 5136 ἐμὲ
1580 5073 1836 5128 κακοῦνο

259 5175 384 5223 τας,
427 5157 531 5211 τοῦ
573 5159 786 5226 φαγεῖν
827 5161 932 5227 τὰς
977 5161 1210 5230 σάρκας
1254 5181 1395 5232 μου,
1437 5168 1489 5218 οι
1530 5167 1836 5232 θλίϐοντες

257 5249 356 5301 καὶ
393 5251 446 5302 οι
485 5249 691 5318 ἐχθροί
705 5268 844 5317 μου,
872 5253 1038 5306 αὐτοὶ
1064 5253 1414 5321 ἠσθένησαν
1455 5255 1554 5308 καί
1585 5257 1833 5311 ἔπεσαν.

257 5341 318 5392 υἱ
356 5341 454 5411 μὲν
482 5341 706 5395 ἐπίεσάν
743 5360 832 5412 μοι
858 5343 1062 5412 θηρίων
1088 5345 1394 5400 ἀτιθάσσων
1421 5347 1596 5419 δίκην,
1647 5365 1804 5418 μονον
1827 5379 1838 5392 ο

257 5431 377 5501 ουχὶ
411 5436 693 5486 καταπιεῖν
743 5451 809 5503 με
849 5433 1158 5506 βουλόμενοι
1187 5440 1278 5492 καὶ
1312 5439 1480 5503 αὑτάς
1523 5458 1622 5512 μου
1669 5458 1835 5495 κατα-

259 5524 607 5593 μασησασθαι
626 5525 724 5589 τὰς
747 5526 972 5597 σάρκας.
1002 5529 1092 5580 Διὸ
1123 5529 1369 5583 λέλεκται
1413 5531 1564 5602 παρὰ
1584 5531 1662 5603 τῷ
1692 5534 1834 5603 Συμ‹

260 5615 450 5685 μάχιιν
501 5616 603 5669 Ἔν
647 5616 724 5681 τῷ
771 5617 1018 5687 έηέζειν
1057 5620 1150 5673 ἐπ’
1185 5621 1289 5690 ἐμὲ
1334 5625 1702 5694 κακούργους
1748 5627 1834 5692 εἰς

368 5772 411 5802 υ
459 5768 658 5834 Ephes.
694 5789 782 5832 τι,
825 5774 906 5826 12.

1938 4616 2233 4685 ipsissimis
2279 4615 2650 4670 caracteribus
2683 4613 2966 4668 Hebraicis
3017 4613 3342 4681 exprimere,
3361 4613 3519 4681 queis

1942 4722 2139 4762 nomen
2168 4705 2324 4760 Iesus
2358 4704 2706 4760 describitur.

2015 4883 2120 4950 Qui
2160 4883 2275 4936 haec
2328 4881 2603 4950 loquitur,
2651 4885 2872 4934 enarrat
2915 4877 3128 4946 qualem
3183 4885 3516 4933 servatorem

1937 4984 2197 5047 expertus
2220 4973 2568 5030 inimicorum
2596 4972 2827 5028 insidias
2864 4971 3138 5036 deriserit,
3163 4974 3518 5042 quamobrem

1937 5070 2048 5123 ait:
2086 5066 2227 5120 Dum
2256 5067 2572 5136 appropiant
2593 5080 2749 5133 super
2774 5081 2854 5118 me
2896 5075 3135 5118 nocentes
3163 5104 3178 5126 ,
3238 5074 3294 5117 ut
3357 5065 3517 5119 edant

1937 5174 2122 5212 carnes
2154 5171 2330 5220 meas;
2359 5156 2448 5223 qui
2481 5154 2741 5208 tribulam
2774 5170 2856 5208 me
2899 5153 3098 5208 inimici
3131 5154 3253 5220 mei,
3281 5154 3384 5223 ipsi
3435 5154 3519 5205 in-

1940 5251 2140 5317 firmati
2170 5259 2293 5303 sunt
2333 5259 2382 5304 et
2426 5249 2744 5304 ceciderunt.
2790 5245 2871 5302 llli
2901 5246 3119 5318 quidem
3166 5247 3342 5304 instar
3377 5246 3521 5300 fera-

1940 5363 2060 5400 rum
2101 5345 2530 5400 intractabilium
2573 5357 2660 5398 me
2692 5339 2905 5396 adorati
2937 5346 3108 5405 sunt,
3149 5347 3362 5394 tantum
3407 5353 3520 5392 non

1943 5438 2184 5508 aggressi
2216 5445 2274 5492 ut
2292 5436 2618 5492 devorarent
2649 5445 2702 5490 et
2734 5435 2882 5505 ipsas
2911 5448 3106 5488 carnes
3143 5430 3515 5488 comederent.

1943 5531 2122 5598 Quare
2175 5531 2318 5602 apud
2367 5528 2754 5602 Symmachum
2784 5527 2985 5584 dicitur
3014 5545 3028 5580 :
3063 5525 3204 5580 Dum
3243 5525 3519 5595 appropin-

1940 5637 2103 5694 quant
2163 5625 2287 5679 mihi
2335 5623 2662 5692 facinerosi,
2724 5630 2781 5674 ut
2843 5620 3082 5675 devorent
3133 5631 3316 5672 car-ms
3348 5631 3518 5681 meas,
