4010 6532
518 333 627 391 9.59

1265 328 1532 388 EUSEBH
1569 317 2045 384 CESARIENSIS
2083 323 2237 380 ΟΡΡ.
2277 323 2458 379 PARS
2497 325 2582 387 Ill.
2625 358 2693 366 —
2729 323 3138 379 EXEGETICA.

3683 325 3804 377 2ιο

522 451 722 507 Verum
766 448 858 520 qui
914 447 1044 502 talia
1078 456 1267 502 contra
1323 462 1409 501 me
1440 444 1739 500 machinati
1775 451 1938 507 sunt,
1979 456 2079 496 eun

2208 441 2274 493 τὸ
2323 442 2684 512 καταφαγεῖν
2724 442 2829 509 τὰς
2875 440 3106 510 σάρκας
3146 456 3282 508 μου.
3325 437 3463 493 Ἀλλ’
3508 440 3558 493 οἱ
3608 438 3801 492 ταῦτα

518 544 630 613 jam
663 539 900 611 proximi
940 539 1196 595 carnibus
1230 539 1367 595 meis
1402 540 1671 593 instarent
1699 577 1715 602 ,
1771 536 1959 591 nescio
1989 550 2101 605 quo

521 644 683 705 pacto
711 650 831 706 quae
861 636 916 689 in
954 650 1040 689 me
1077 642 1391 705 perpetrare
1434 631 1678 687 meditati
1724 630 1979 693 fuerant,
2033 642 2099 683 ea

521 728 639 798 ipsa
663 727 905 799 perpessi
933 735 1078 783 sunt.
1110 723 1245 781 Nam
1293 741 1401 791 me,
1430 725 1628 795 inquit,
1656 736 1846 781 contra
1881 738 1979 779 eos
2006 723 2095 776 ni-

520 820 597 875 hil
627 819 1009 891 aggrediente,
1040 819 1143 889 ipsi
1183 819 1442 888 inﬁrmati
1474 827 1627 883 sunt,
1680 825 1731 872 et
1776 816 2093 871 ceciderunt.

520 910 832 977 Enimvero,
875 923 935 968 ut
967 920 1151 983 aperte
1182 913 1382 983 liquet,
1418 912 1559 969 lucis
1586 927 1719 967 mea:
1772 910 2098 966 servatoris-

516 1021 620 1074 que
649 1006 753 1060 mei
797 1022 998 1062 arcana
1039 1006 1333 1078 divinaque
1374 1007 1575 1061 virtute
1616 1004 1870 1060 debellati
1905 1011 1960 1059 et
2001 1003 2099 1059 de-

516 1097 657 1165 pulsi
690 1107 851 1164 sunt,
884 1108 945 1154 ut
977 1116 1083 1155 una
1113 1115 1214 1172 ego
1253 1102 1321 1156 ab
1352 1098 1567 1155 insidiis
1597 1113 1787 1154 eorum
1814 1098 2094 1167 eriperer;

514 1191 758 1263 nihilque
787 1194 973 1249 damni
1005 1193 1331 1264 acciperem,
1361 1202 1415 1251 et
1448 1194 1558 1250 illis
1588 1208 1807 1265 quoque
1840 1191 2097 1246 utilitatis

514 1282 791 1352 quidpiam
815 1280 1129 1352 obveniret;
1164 1300 1228 1340 ac
1258 1284 1541 1340 debilitata
1560 1284 1875 1341 eorumdem
1906 1284 2098 1354 nequi-

518 1374 615 1436 tia,
642 1373 696 1427 id
723 1375 916 1431 saltem
946 1375 1087 1431 lucri
1134 1377 1510 1447 perciperent,
1561 1384 1621 1431 ut
1670 1391 1738 1431 ne
1779 1375 1851 1432 ob
1882 1375 2094 1431 illatum

515 1466 648 1520 mihi
702 1466 1125 1535 detrimentum,
1177 1485 1369 1525 eorum
1426 1469 1745 1540 improbitas
1809 1483 2095 1525 accresce-

514 1562 616 1610 ret.
652 1553 709 1609 ln
739 1558 1068 1628 quibusdam
1090 1559 1496 1631 exemplaribus
1529 1560 1891 1617 inscribitur:
1926 1560 2094 1615 Psal-

513 1665 626 1703 mus
659 1649 881 1705 Davidis
909 1654 1216 1725 priusquam
1250 1655 1511 1709 (iniretur.

582 1740 747 1798 Vens.
788 1745 842 1800 4.
892 1742 1063 1799 Unam
1093 1748 1219 1815 petii
1238 1764 1271 1800 α
1298 1747 1524 1800 Domino
1547 1787 1562 1811 ,
1599 1748 1735 1801 hanc
1783 1747 2050 1818 requiram
2071 1787 2088 1812 ,

508 1844 564 1886 ut
598 1835 882 1890 inhabilem
912 1838 967 1891 in
996 1838 1153 1893 domo
1200 1838 1416 1894 Domini
1455 1841 1699 1895 omnibus
1730 1839 1912 1895 diebus
1968 1840 2089 1894 vita:

507 1942 670 1990 mem,
719 1938 778 1981 ut
819 1928 1023 1984 videam
1082 1930 1399 2000 voluptatem
1455 1931 1710 1998 Domini,
1773 1942 1825 1987 et
1882 1932 2087 1987 visitem

508 2016 759 2087 templum
802 2018 939 2089 ejus.
977 2019 1191 2076 Domini
1238 2021 1609 2092 pulchritudo,
1645 2038 1708 2076 ac
1734 2023 1899 2077 decor
1926 2021 2086 2075 volu-

505 2116 773 2181 ptasque,
825 2112 881 2167 in
934 2112 1097 2168 domo
1141 2112 1246 2168 Dei
1278 2114 1657 2184 conspicitur,
1722 2113 1973 2168 videlicet
2028 2112 2084 2167 in

506 2200 748 2258 Ecclesia
780 2203 932 2273 ejus;
993 2204 1155 2275 idque
1188 2214 1409 2275 propter
1440 2204 1703 2260 divinitus
1731 2204 1963 2260 traditas
1982 2220 2086 2289 csa-

504 2306 740 2362 crasque
789 2292 1147 2362 disciplinas,
1203 2293 1401 2362 quibus
1432 2307 1560 2347 vera
1616 2292 1758 2346 inest
1812 2290 2085 2345 sermonis

505 2384 873 2455 pulchritudo,
905 2401 1066 2441 verus
1097 2384 1282 2449 decor,
1310 2385 1363 2439 in
1404 2400 1512 2456 quo
1541 2385 1624 2440 vel
1666 2388 1783 2455 ipse
1814 2382 1958 2439 Deus
1988 2382 2085 2437 de-

504 2475 736 2531 lectatur
776 2492 840 2531 ac
889 2488 1161 2532 versatur.
1193 2476 1381 2548 Neque
1411 2492 1443 2530 a
1475 2491 1603 2532 vero
1635 2475 2007 2540 aberraveris,
2032 2474 2083 2528 si

501 2565 753 2621 decorem
788 2566 942 2621 illum
974 2566 1180 2623 dixeris
1202 2582 1325 2623 esse
1358 2574 1711 2637 temperatam
1740 2565 2083 2635 probamque

503 2658 689 2724 vitam,
726 2673 793 2713 ac
827 2666 1077 2714 sanctum
1129 2660 1438 2715 institutum
1476 2659 1757 2715 hominum
1811 2658 1904 2729 qui
1952 2657 2081 2712 reli-

498 2752 661 2824 gione
692 2767 757 2807 ac
789 2753 991 2823 pietate
1015 2762 1373 2811 exornantur.
1430 2778 1431 2781 η

566 2928 733 2986 Vsus.
775 2931 829 2994 5.
867 2930 922 2986 6.
965 2931 1229 3000 Quoniam
1278 2931 1557 2986 abscondit
1602 2948 1684 2986 me
1728 2932 1783 2986 in
1830 2932 2080 2986 taberna-

498 3024 615 3078 culo
640 3040 660 3079 :
690 3025 743 3077 in
768 3024 852 3079 die
874 3025 1135 3079 malorum
1177 3026 1407 3094 protexit
1446 3041 1526 3078 me
1556 3025 1612 3078 in
1645 3023 1955 3078 abscondito
1991 3034 2077 3078 ta-

2199 536 2321 586 κατ’
2356 534 2487 603 ἐμοῦ
2532 532 2923 603 διανοηθέντες,
2955 531 3049 585 καὶ
3092 530 3192 601 ήδη
3235 530 3461 601 πλησίον
3497 531 3799 600 γενόμενοι

2196 622 2303 676 τῶν
2337 624 2483 694 ἐμῶν
2520 624 2757 694 σαρκῶν,
2795 624 2894 675 οὐκ
2934 619 3028 675 οἷδ’
3057 623 3205 684 ὅπως
3246 620 3389 691 ἆπερ
3421 621 3626 693 πρᾶξαι
3660 624 3798 675 κατ’

2198 716 2333 786 ἐμοῦ
2382 718 2740 789 διανενόηντο,
2787 716 2961 770 ταῦτα
3004 716 3368 770 πεπόνθασινο
3426 714 3608 768 Αὐτοὶ
3648 716 3795 786 γὰρ,

2196 808 2381 879 φησὶν,
2428 809 2811 877 ἠσθένησαν,
2842 809 2940 862 καὶ
2979 808 3229 873 ἔπεσαν,
3283 807 3432 862 οὐδὲν
3475 807 3613 877 ἐμοῦ
3660 796 3801 863 κατ’

2194 901 2372 956 αὐτῶν
2414 903 2776 975 ἐνηργηκότος
2800 918 2814 933 ·
2855 902 2992 955 ἀλλὰ
3032 901 3232 973 δηλαδὴ
3278 901 3372 954 τοῦ
3421 900 3554 971 ἐμοῦ
3604 904 3799 971 φωτὸς

2196 996 2287 1049 καὶ
2324 994 2421 1049 τοῦ
2463 995 2597 1067 ἐμοῦ
2644 996 2884 1067 σωτῆρος
2913 996 3207 1067 ἀπορρήτῳ
3233 995 3326 1048 καὶ
3358 995 3511 1065 θεῖκῇ
3550 994 3799 1065 δυνάμει

2195 1088 2317 1140 κατ’
2360 1086 2540 1140 αὐτῶν
2590 1086 3061 1158 στρατευσαμένου
3113 1087 3206 1139 καὶ
3249 1086 3649 1149 καταϐαλόντος
3692 1086 3799 1138 αὐ-

2193 1176 2339 1238 τοὺς,
2377 1177 2440 1229 ἵν’
2466 1176 2575 1245 ἐγώ
2606 1194 2665 1229 τε
2694 1177 2946 1248 ρυσθείην
2974 1177 3072 1247 τῆς
3114 1176 3293 1230 αὐτῶν
3339 1176 3653 1248 ἐπιϐουλῆς,
3688 1179 3800 1230 καὶ

2198 1267 2364 1337 μηδὲν
2404 1266 2681 1340 βλαϐείην,
2726 1269 2881 1321 αὐτοί
2926 1286 2985 1322 τε
3034 1268 3385 1341 ὡφεληθεῖεν,
3423 1270 3523 1339 τῆς
3568 1271 3796 1324 ἑαυτῶν

2194 1359 2389 1423 κακίας
2420 1358 2895 1430 ἐξασθενήσαντες,
2932 1359 3287 1430 κερδάναντες
3311 1359 3391 1430 τῷ
3425 1360 3497 1432 μὴ
3525 1359 3626 1430 τὴν
3655 1363 3793 1414 ἐαυ-

2192 1451 2301 1506 τῶν
2335 1452 2566 1523 αὐξῆσαι
2606 1452 2907 1525 μοχθηρίαν
2936 1451 3025 1505 διά
3070 1451 3169 1521 τῆς
3201 1454 3320 1505 κατ’
3370 1450 3503 1522 ἐμοῦ
3549 1452 3792 1525 βλάϐης.

2198 1545 2295 1598 Ἔν
2339 1561 2478 1597 τισιν
2521 1544 2947 1616 ἐπιγέγραπται,
2998 1543 3244 1614 Ψαλμὸς
3282 1544 3390 1599 τοῦ
3432 1543 3611 1599 Δαυῒδ
3663 1548 3792 1614 πρὸ

2194 1636 2299 1691 τοῦ
2330 1637 2671 1706 χρία-θῆναι.

2268 1728 2427 1783 Μίαν
2473 1729 2794 1799 ᾐτησάμην
2831 1728 2991 1799 παρὰ
3039 1729 3282 1798 Kvplov,
3334 1730 3561 1797 ταύτην
3604 1728 3767 1801 eam

2192 1821 2389 1889 τήσω·
2428 1822 2536 1877 τοῦ
2581 1822 2881 1877 κατοικεῖν
2918 1839 2996 1893 με
3020 1823 3090 1876 ἐν
3126 1822 3273 1885 οἴκῳ
3317 1824 3538 1891 Κυρίου
3569 1822 3778 1891 πάσας

2192 1914 2300 1982 τὰς
2341 1916 2564 1985 ἡμέρας
2610 1915 2720 1985 τῆς
2763 1916 2911 1985 ζωῆς
2948 1934 3089 1985 μου,
3138 1918 3244 1971 τοῦ
3274 1917 3510 1986 θεωρεῖν
3549 1935 3626 1985 με
3659 1917 3781 1985 τὴν

2193 2010 2561 2078 τερπνότητα
2591 2007 2838 2077 Κυρίου,
2870 2010 2968 2063 καὶ
3002 2008 3469 2064 ἐπισκέπτεσθαι
3493 2009 3598 2062 τὸν
3618 2010 3778 2063 ναὸν

2190 2101 2395 2156 αὐτοῦ.
2423 2101 2633 2165 Κάλλος
2664 2102 2869 2173 Κυρίου
2891 2102 2986 2155 καὶ
3015 2101 3315 2173 εὐπρέπεια
3345 2102 3439 2155 καὶ
3466 2101 3775 2173 τερπνότης

2193 2194 2250 2247 ἐν
2280 2193 2356 2264 τῷ
2398 2196 2532 2264 οἴκῳ
2563 2193 2653 2247 τοῦ
2703 2193 2837 2249 Θεοῦ
2869 2194 3177 2266 θεωρεῖται,
3207 2193 3401 2264 δηλαδὴ
3438 2194 3496 2246 ἐν
3526 2194 3593 2263 τῇ
3641 2193 3773 2246 Ἐκ-

2191 2285 2389 2357 κλησίᾳ
2422 2284 2608 2350 αὐτοῦ,
2653 2285 2740 2339 διὰ
2779 2286 2887 2338 τῶν
2927 2285 3295 2339 θεοπνεύστων
3340 2286 3434 2337 καὶ
3468 2284 3625 2356 ἱερῶν
3663 2302 3771 2353 μα-

2191 2375 2469 2446 θημάτων,
2502 2379 2559 2430 ἐν
2592 2370 2673 2440 οἷς
2702 2376 2762 2429 τὸ
2798 2375 3047 2447 ἀληθινὸν
3078 2375 3171 2429 τοῦ
3205 2375 3361 2442 λόγου
3407 2374 3621 2437 κάλλος.
3673 2378 3766 2428 καὶ

2188 2471 2220 2539 ή
2267 2468 2472 2540 ἀληθὴς
2523 2469 2845 2540 εὐπρέπεια,
2975 2470 3069 2521 κοιλ⁵
3123 2468 3285 2531 αὐτὸς
3331 2468 3688 2539 ἐπιτέρπεται
3730 2474 3757 2524 ὁ

2187 2560 2320 2624 Θεὸς
2348 2561 2441 2614 καὶ
2467 2560 2898 2631 ἐμπλιτεύεται.
2945 2560 3059 2613 Οὐκ
3083 2559 3148 2613 ἂν
3179 2560 3235 2613 δὲ
3280 2559 3543 2630 ἁμάρτοις
3571 2559 3742 2631 εὐπρέ

2188 2672 2349 2709 πειαν
2397 2654 2568 2723 λέγων
2616 2656 2709 2707 καὶ
2755 2654 2845 2707 τὸν
2888 2651 3138 2725 σώφρονα
3178 2653 3273 2707 καὶ
3303 2650 3497 2722 σεμνὸν
3530 2651 3643 2722 βίον
3675 2654 3763 2705 καὶ

2188 2750 2366 2802 πᾶσαν
2404 2747 2501 2820 τὴν
2536 2748 2787 2820 ἐνάρετον
2812 2746 3081 2815 πολιτείαν
3109 2745 3216 2799 τῶν
3255 2747 3312 2798 ἐν
3343 2744 3618 2817 θεοσεϐείᾳ
3646 2745 3759 2799 δια-

2187 2844 2521 2913 πρεπόντων.

2258 2940 2378 2992 Ὅτι
2419 2937 2648 3008 ἔκρυψέ
2691 2953 2769 3007 με
2806 2937 2878 2991 ἐν
2927 2932 3161 3004 σκηνῇ
3208 2933 3279 2988 ἐν
3324 2933 3514 3003 ἡμέρᾳ
3564 2932 3761 2987 κακῶν

2181 3032 2488 3086 ἐσκέπασέ
2527 3049 2604 3101 με
2644 3032 2714 3085 ἐν
2756 3032 3082 3099 ἀποκρύφῳ
3124 3026 3235 3096 τῆς
3272 3024 3510 3093 σκηνῆς
3550 3025 3761 3079 αὐτοῦ.

500 3113 769 3168 bernaculi
798 3116 904 3169 sui.
950 3114 1017 3169 In
1051 3127 1205 3185 petra
1253 3116 1511 3170 exaltavit
1561 3131 1662 3170 me.
1715 3113 1842 3170 Hazc
1889 3114 2079 3170 omnia

2196 3128 2292 3179 Ἐν
2317 3127 2502 3195 πέτρᾳ
2533 3125 2742 3195 ὒψωσέ
2765 3143 2861 3195 με.
2890 3123 3074 3179 Ταῦτά
3104 3139 3191 3194 μοι
3227 3122 3405 3176 πάντα
3436 3119 3710 3191 παρέσχεν
3734 3120 3760 3170 ὅ

498 3206 630 3261 mihi
678 3206 929 3263 Salvator
962 3223 1117 3264 meus
1157 3208 1384 3279 largitus
1416 3216 1535 3273 est,
1582 3208 1709 3261 dum
1760 3209 2077 3277 appropiant

498 3312 653 3366 super
682 3314 762 3352 me
786 3307 1047 3365 nocentes,
1076 3309 1133 3353 ut
1172 3300 1332 3353 edant
1362 3315 1548 3353 carnes
1578 3314 1743 3352 meas.
1783 3295 1891 3367 Ipsi
1924 3311 2080 3351 nam-

497 3406 605 3461 que
626 3391 886 3446 inllrmati
917 3400 1049 3447 sunt
1085 3400 1140 3448 et
1167 3392 1484 3447 ceciderunt
1516 3409 1529 3445 :
1565 3406 1666 3462 ego
1696 3398 1879 3445 autem
1911 3389 1965 3443 in
1994 3396 2079 3441 ta-

498 3483 798 3539 bernaculo
828 3484 1083 3541 habitans
1109 3484 1336 3539 dextera
1383 3485 1504 3555 ejus
1544 3482 1876 3554 contegebar
1899 3522 1913 3546 ,
1948 3481 2077 3551 quia

497 3576 707 3633 scilicet
756 3578 813 3633 in
857 3577 1091 3634 desertis
1147 3577 1282 3633 locis
1316 3584 1447 3632 tunc
1482 3576 1743 3647 temporis
1776 3573 2072 3637 versabar,

494 3670 641 3742 quod
675 3671 919 3726 nondum
948 3672 1181 3727 excitata
1210 3670 1408 3726 domus
1442 3668 1655 3725 Domini
1682 3674 1831 3725 esset
1853 3706 1868 3732 ,
1899 3681 2078 3736 neque

495 3764 758 3834 templum
778 3764 899 3835 elus
929 3771 1187 3821 exstaret.
1220 3760 1325 3819 Sed
1368 3762 1486 3834 ipse
1526 3762 1763 3834 protexit
1789 3776 1876 3815 me
1907 3760 1962 3814 in
1987 3758 2076 3815 die

493 3857 784 3921 malorum,
829 3856 883 3912 id
913 3866 1016 3922 est,
1053 3864 1300 3927 tempore
1330 3856 1776 3927 persecutionum
1809 3862 1864 3909 et
1895 3860 2075 3908 tenta-

493 3949 735 4015 tionum;
793 3964 903 4003 non
945 3949 1053 4003 alio
1102 3949 1155 4003 in
1188 3949 1328 4014 loco,
1362 3962 1525 4018 quam
1558 3947 1611 4001 in
1637 3936 1963 4002 abscondito
1994 3953 2075 4000 ta-

492 4039 775 4094 bernaculi
808 4041 914 4096 sui.
949 4040 1191 4110 Hujusce
1220 4056 1384 4110 perm
1403 4041 1534 4095 dicti
1565 4039 2070 4109 interpretationem

495 4127 837 4184 mutuaberis
888 4144 957 4185 ex
1021 4130 1090 4185 iis
1143 4145 1265 4201 quae
1320 4130 1532 4201 Moyses
1592 4130 1659 4184 de
1718 4130 2073 4185 tabernaculo

492 4219 861 4291 conscripsit,
922 4235 1135 4277 necnon
1185 4222 1253 4277 de
1310 4222 1649 4278 tabernaculi
1703 4220 1911 4277 intimis
1954 4237 2073 4291 par-

490 4312 668 4377 tibus,
701 4328 822 4383 quae
858 4313 1115 4369 omnibus
1142 4314 1695 4381 inaccessae,Sancta
1752 4321 2068 4369 sanctorum

490 4406 848 4461 vocabantur.
924 4404 1050 4461 Haec
1110 4414 1269 4461 erant
1326 4407 1645 4463 abscondita
1706 4404 2065 4461 tabernaculi.

2182 3214 2373 3287 Σωτήρ
2406 3233 2507 3287 μου
2530 3216 2601 3268 ἐν
2625 3214 2704 3281 τῷ
2733 3212 2979 3284 ἐγγίζειν
3004 3210 3096 3267 ἐπ’
3134 3212 3240 3282 ἐμὲ
3267 3210 3628 3275 κακοῦντας,
3655 3208 3759 3263 τοῦ

2179 3308 2393 3377 φαγεῖν
2420 3307 2527 3374 τὰς
2569 3307 2802 3375 σάρκας
2836 3324 2978 3375 μου.
3010 3309 3071 3360 Ol.
3108 3305 3205 3377 μὲν
3236 3306 3344 3374 γὰρ
3374 3303 3635 3373 ἠσθένουν
3664 3302 3758 3355 καὶ

2178 3398 2404 3450 ἔπιπτον
2425 3414 2437 3426 ·
2487 3395 2600 3466 ἐγὼ
2627 3396 2683 3450 δὲ
2726 3397 2830 3449 ὑπὸ
2873 3397 2973 3466 τῆς
3010 3396 3171 3450 αὐτοῦ
3199 3396 3376 3459 δεξιᾶς
3404 3394 3760 3465 ἐκρυπτόμην

2178 3489 2235 3542 ἐν
2263 3491 2434 3558 σκηνῇ
2459 3488 2747 3552 κατοικῶν,
2774 3488 2859 3542 διὰ
2889 3488 2950 3541 τὸ
2976 3490 3034 3541 ἐν
3061 3486 3315 3559 ἐρημίαις
3350 3487 3450 3549 τὰς
3479 3485 3759 3556 διατριϐὰς

2177 3580 2467 3643 ποιεῖσθαι,
2496 3582 2587 3633 καὶ
2613 3580 2688 3652 μὴ
2714 3580 2855 3651 ἔχειν
2882 3580 2999 3633 τότε
3025 3578 3115 3632 τὸν
3140 3574 3289 3632 οἶκον
3315 3576 3408 3630 τοῦ
3437 3576 3591 3638 Θεοῦ,
3620 3576 3761 3645 μηδὲ

2176 3674 2266 3727 τὸν
2298 3674 2423 3728 ναὸν
2461 3673 2647 3727 αὐτοῦ.
2685 3672 2843 3727 Ἀλλὰ
2886 3673 2981 3726 καὶ
3019 3670 3293 3725 ἐσκέπασέ
3340 3687 3409 3741 με
3456 3670 3514 3723 ἐν
3545 3672 3609 3739 τῇ
3643 3667 3762 3723 τῶν

2176 3768 2361 3821 κακῶν
2393 3768 2596 3839 ἡμέρᾳ,
2630 3767 2904 3820 τουτέστιν
2939 3767 2997 3818 ἐν
3023 3764 3198 3836 καιρῷ
3238 3764 3343 3817 τῶν
3374 3762 3625 3833 διωγμῶν
3659 3762 3761 3816 καὶ

2174 3859 2282 3913 τῶν
2314 3862 2681 3932 πειρατηρίων
2699 3878 2713 3890 ·
2742 3861 2842 3914 οὐκ
2870 3857 3102 3929 ἀλλαχοῦ
3132 3874 3256 3921 που,
3282 3856 3395 3909 ἀλλ’
3429 3859 3487 3909 ἐν
3511 3855 3587 3925 τῷ
3612 3856 3754 3907 άποο

2177 3952 2369 4025 κρύφῳ
2396 3953 2498 4022 τῆς
2526 3953 2731 4024 σκηνῆς
2769 3951 2955 4004 αὐτοῦ.
2989 3951 3220 4020 Νοήσεις
3251 3948 3308 4001 δὲ
3336 3948 3397 4001 τὸ
3429 3947 3757 4016 λελεγμένον

2174 4046 2282 4098 ἀπὸ
2308 4046 2415 4099 τῶν
2450 4045 2601 4115 παρὰ
2625 4045 2847 4098 Μωῦσεῖ
2872 4043 2999 4114 περὶ
3029 4041 3129 4111 τῆς
3160 4040 3364 4111 σκηνῆς
3397 4042 3753 4108 ἀναγεγραμε

2177 4137 2374 4207 μένων,
2412 4137 2504 4191 καὶ
2532 4137 2658 4209 περὶ
2697 4136 2806 4188 τῶν
2846 4134 3101 4187 ἐσωτάτω
3139 4133 3240 4204 τῆς
3273 4132 3475 4202 σκηνῆς
3507 4130 3610 4185 τῶν
3636 4132 3751 4192 τοῖς

2176 4231 2341 4283 πᾶσιν
2384 4229 2622 4291 ἀϐάτων,
2658 4228 2802 4298 ἅπερ
2847 4227 3074 4280 ἐκάλουν
3116 4226 3279 4293 Ἅγια
3326 4223 3518 4293 ἁγίων.
3564 4222 3749 4275 Ταῦτα

2172 4322 2281 4393 γάρ
2307 4318 2376 4392 ἦν
2413 4320 2483 4374 τὰ
2529 4320 2825 4390 άπόκρυφα
2861 4318 2958 4389 τῆς
2994 4315 3220 4386 σκηνῆς.
3254 4314 3412 4369 Οὐτω
3449 4316 3625 4367 τοίνυν
3653 4312 3750 4367 καὶ

2174 4416 2231 4467 ἐν
2279 4414 2358 4483 τῷ
2398 4412 2573 4483 καιρῷ
2616 4410 2725 4465 τῶν
2770 4408 3139 4480 πειρατηρίων
3179 4407 3339 4470 αὐτὸς
3382 4408 3510 4477 ἐμὸς
3546 4406 3748 4477 Κύριος

487 4496 583 4555 Sic
638 4499 821 4571 itaque
876 4500 932 4554 in
1002 4507 1247 4571 tempore
1297 4500 1661 4556 tentationum
1694 4540 1710 4563 ,
1785 4500 1903 4569 ipse
1960 4497 2065 4552 Do-

2182 4508 2265 4561 καὶ
2294 4506 2485 4577 Σωτὴρ
2516 4504 2788 4558 ἐσκέπασε
2813 4501 2907 4555 καὶ
2928 4499 3211 4571 ἀπέκρυψέ
3229 4514 3297 4569 με
3320 4498 3380 4551 ἐν
3399 4496 3476 4566 τῷ
3493 4499 3747 4569 ὲσωτάτῳ

489 4596 672 4652 minus
725 4602 780 4651 et
818 4594 1078 4651 Servator
1142 4610 1299 4651 meus
1369 4593 1609 4666 protexit
1669 4608 1757 4647 me
1815 4599 1872 4647 et
1939 4592 2068 4648 abs-

487 4687 676 4743 condit
750 4688 807 4741 in
864 4688 1071 4744 intimis
1147 4688 1489 4744 tabernaculi
1552 4686 1637 4742 sui
1684 4705 1697 4741 :
1753 4703 1863 4741 non
1918 4686 2067 4757 quod

485 4796 676 4835 revera
721 4780 797 4835 ibi
843 4797 929 4837 me
984 4782 1376 4846 collocaverit,
1433 4779 1529 4836 sed
1580 4780 1635 4834 in
1676 4780 1873 4834 anima:
1918 4788 2062 4834 statu

486 4870 853 4938 sanctiﬁcato,
899 4880 954 4929 et
998 4889 1029 4928 a
1081 4875 1255 4929 turbae
1302 4873 1605 4944 frequentia
1652 4880 1959 4944 segregato.
1999 4870 2066 4925 Et

486 4964 624 5029 haec,
660 4965 858 5037 inquit,
890 4966 1025 5020 mibi
1052 4967 1346 5031 obvenere,
1381 4967 1691 5037 usquedum
1722 4967 1840 5021 dies
1884 4969 2061 5020 malo-

484 5073 606 5111 rum
637 5066 1072 5129 perseverarent,
1105 5060 1404 5115 sceundum
1440 5060 1577 5114 illud.
1603 5061 1712 5115 alio
1741 5061 1795 5115 in
1832 5061 1954 5114 loco
1980 5060 2063 5114 di-

483 5157 633 5204 ctum
671 5168 686 5204 :
727 5148 891 5215 Vade,
920 5150 1143 5219 populus
1177 5168 1343 5215 meus,
1377 5152 1518 5204 intra
1568 5152 1623 5205 in
1667 5152 1909 5205 cubicula
1946 5140 2060 5217 tua,

483 5242 670 5296 claude
690 5241 919 5311 januam
959 5250 1127 5307 tuam,
1155 5243 1417 5298 absconde
1448 5244 1711 5298 modicum
1738 5245 1806 5299 ad
1836 5263 2065 5300 momen-

485 5354 617 5397 tum,
652 5335 816 5390 donec
852 5346 1179 5405 pertranseat
1210 5338 1293 5392 ira
1335 5336 1546 5392 Domini
1580 5339 1647 5394 “.
1676 5339 1783 5393 Sed
1812 5355 1936 5395 cum
1976 5355 2061 5394 me

484 5444 589 5480 non
623 5442 839 5498 semper
866 5427 1156 5494 occultari,
1198 5444 1375 5499 neque
1419 5430 1476 5484 in
1514 5429 1838 5485 abscondito
1872 5432 2058 5486 taber-

485 5520 662 5575 naculi
699 5520 783 5574 sui
829 5518 1047 5574 latitare
1076 5519 1258 5584 vellet,
1289 5534 1354 5573 ac
1402 5520 1579 5577 solum
1630 5538 1716 5576 me
1771 5522 2057 5577 utilitatem

480 5625 707 5682 capere;
739 5627 974 5667 cumaue
1018 5611 1355 5670 decrevisset
1399 5629 1485 5670 me
1518 5614 1641 5670 aliis
1675 5630 1892 5686 quoque
1937 5614 2056 5670 fru-

555 5792 593 5821 δ·
638 5790 740 5846 lsa.
780 5808 925 5859 χιιι,
959 5792 1049 5849 9.0.

2172 4598 2270 4668 τῆς
2297 4596 2461 4651 αὐτοῦ
2495 4596 2728 4667 σκηνῆς·
2765 4594 2825 4647 οὐ
2858 4595 3073 4657 πάντως
3102 4595 3160 4645 ἐν
3193 4592 3344 4662 τόπῳ
3370 4594 3499 4662 τοίῳ
3540 4591 3601 4663 δὴ
3646 4609 3749 4644 κα.

2166 4691 2464 4760 ταστήσας,
2495 4686 2609 4740 ἀλλ’
2656 4687 2713 4740 ἐν
2746 4685 2924 4756 ψυχῆς
2948 4685 3279 4738 καταστάσει
3316 4683 3619 4754 ἡγιασμένη
3651 4685 3745 4736 καὶ

2165 4784 2266 4855 τῆς
2310 4784 2419 4837 τῶν
2465 4782 2674 4836 πολλῶν
2721 4780 3026 4850 κοινότητος
3070 4778 3581 4851 ἁποκεχωρισμένῃ.
3635 4778 3743 4831 Καὶ

2165 4877 2360 4941 ταῦτα,
2382 4877 2535 4948 φησὶ,
2555 4876 2683 4947 περὶ
2714 4874 2812 4944 ἐμὲ
2843 4873 3070 4938 ἐγίνετο,
3102 4872 3263 4944 μέχρι
3288 4871 3478 4944 καιροῦ
3514 4871 3612 4939 τῆς
3636 4870 3743 4922 τῶν

2166 4969 2355 5024 κακῶν
2384 4970 2619 5041 ἡμέρας,
2652 4966 2795 5021 κατὰ
2816 4965 2878 5018 τὸ
2916 4965 3238 5035 λελεγμένον
3270 4968 3326 5018 ἐν
3355 4964 3559 5034 ἑτέροις
3580 4980 3594 4993 ·
3626 4962 3742 5015 Βά-

2164 5064 2300 5129 διζε,
2333 5068 2365 5119 ό
2381 5065 2530 5130 ,λαός
2553 5081 2695 5133 μου,
2724 5063 2961 5115 εἴσελθε
2991 5062 3077 5127 είς
3102 5061 3174 5114 τὰ
3204 5058 3410 5129 ταμεῖά
3438 5075 3574 5121 σου,
3600 5056 3741 5109 ἀετό-

2165 5163 2416 5213 κλεισον
2434 5158 2549 5226 τὴν
2576 5158 2762 5225 θύραν
2787 5172 2924 5220 σου,
2946 5156 3313 5224 ἁποκρύϐηθι
3328 5151 3546 5223 μικρὸν
3567 5151 3737 5211 ὅσον,

2162 5252 2274 5317 ἕως
2301 5251 2377 5305 ἂν
2420 5249 2687 5318 παρέλθῃ
2720 5249 2758 5317 ἡ
2788 5247 2933 5318 ὀργὴ
2972 5249 3213 5316 Κυρίου.
3261 5246 3398 5300 Ἀλλ’
3436 5246 3536 5299 οὐκ
3576 5244 3653 5305 είς
3678 5242 3739 5293 τὸ

2164 5344 2422 5407 παντελὲς
2454 5341 2790 5416 κρύπτεσθαι
2824 5360 2890 5413 με
2933 5341 3230 5413 βουληθεὶς,
3257 5340 3364 5392 οὐδ’
3392 5341 3450 5392 ἐν
3496 5335 3573 5407 τῷ
3599 5336 3737 5389 ἀπο⁶

2162 5439 2356 5509 κρύφῳ
2386 5438 2485 5508 τῆς
2518 5436 2723 5507 σκηνῆς
2751 5436 2913 5489 αὐτοῦ
2954 5436 3254 5491 λανθάνειν.
3284 5434 3377 5487 καὶ
3406 5432 3564 5502 μόνον
3590 5430 3735 5497 (inpe-

2161 5530 2389 5595 λεῖσθαι,
2422 5531 2690 5602 χρήσιμον
2718 5529 2772 5582 δὲ
2813 5530 2907 5582 καὶ
2939 5530 3123 5599 ἕτερον
3150 5526 3484 5595 καταστῆναι
3522 5522 3737 5596 κρίνας,

2161 5624 2253 5676 ἐπὶ
2290 5623 2432 5676 τέλει
2473 5622 2574 5686 τῆς
2604 5622 2711 5676 τῶν
2736 5622 2923 5677 κακῶν
2957 5622 3167 5692 ἡμέρας
3197 5622 3267 5673 ἐν
3308 5620 3491 5689 πέτρᾳ
3526 5613 3741 5686 ὕψωσᾶ
