4010 6544
286 391 385 447 ΞΗ

1452 392 1959 449 COMMENTARIA
1998 394 2065 449 IN
2118 392 2463 452 PSALMOS.

3432 404 3538 459 942

284 521 373 572 με.
408 503 472 557 Ἡ
495 502 678 572 πέτρα
707 504 775 557 δὲ
798 501 895 574 ἦν,
929 504 1094 575 φησὶν
1118 506 1148 559 6
1177 505 1513 569 Ἀπόστολος,
1534 509 1567 560 ό
1587 508 1836 574 Χριστός

1967 516 2114 564 ctum
2150 511 2440 564 allaturum
2475 526 2618 574 esse,
2649 518 2838 566 exacta
2865 511 2953 566 die
2977 508 3265 578 malorum,
3304 516 3358 568 in
3390 528 3537 585 petra

294 596 383 646 Ἐν
417 593 525 662 γὰρ
557 594 635 665 τῷ
685 596 848 648 αὑτοῦ
892 595 1055 665 λόγῳ,
1102 597 1191 648 καὶ
1222 600 1285 666 τῇ
1321 595 1486 647 αὐτοῦ
1537 596 1721 666 σοφία,
1767 598 1859 649 καὶ

282 690 345 757 τῇ
386 687 610 757 δυνάμει
643 690 709 757 τῇ
750 688 1002 758 σωτηρίῳ
1034 688 1216 757 ὖψωσέ
1260 705 1327 758 με
1355 689 1383 740 6
1416 688 1581 742 πάλαι
1619 688 1861 760 ἀποκρύ-

280 778 386 847 de;
414 780 471 832 ἐν
500 782 565 849 τῇ
610 782 781 849 σκηνῇ
817 780 1000 844 αὐτοῦ,
1032 780 1123 833 καὶ
1161 782 1439 844 σκεπάσας
1479 783 1536 834 ὲν
1560 781 1860 853 ἀποκρύφῳ

280 871 380 940 τῆς
408 872 613 942 σκηνῆς
640 870 805 925 αὐτοῦ
840 874 895 924 ἐν
923 872 1100 944 ἡμέρᾳ
1137 872 1344 927 κακῶν.
1373 873 1719 945 Παραγαγὼν
1750 874 1859 945 γὰρ

279 963 348 1015 τὰ
388 963 533 1016 κακὰ
578 965 672 1016 καὶ
701 964 790 1017 τὸν
838 965 1027 1036 καιρὸν
1065 965 1173 1017 τῶν
1212 964 1423 1036 ἐχθρῶν
1470 966 1565 1018 καὶ
1597 967 1705 1019 τῶν
1747 965 1859 1019 θλιο

279 1054 487 1109 δόντων
515 1073 581 1125 με
609 1056 901 1127 πολεμίων,
927 1060 1005 1120 εἰς
1046 1056 1219 1111 εὔδιον
1246 1060 1338 1113 καὶ
1366 1062 1634 1131 εἰρηναῖον
1662 1060 1857 1130 λιμένα

280 1144 633 1215 κατέστησεν,
675 1145 895 1214 ἀγαγών
942 1164 998 1201 τε
1042 1149 1120 1211 είς
1172 1148 1233 1201 τὸ
1271 1149 1511 1219 ἐμφανὲς
1550 1150 1640 1202 τὸν
1692 1150 1856 1203 πάλαι

279 1238 741 1308 κρυπταζόμενον,
773 1239 1047 1311 μετέωρον
1067 1241 1237 1311 ἐπῆρε
1258 1242 1351 1293 καὶ
1377 1241 1576 1312 ὑψηλὸν
1605 1240 1852 1313 ἔστησεν,

274 1328 354 1393 ὡς
388 1332 553 1383 πᾶσιν
595 1330 821 1401 ὁρᾶσθαι
850 1332 943 1383 καὶ
982 1331 1135 1404 παρὰ
1172 1336 1285 1396 τοῖς
1328 1335 1462 1387 πᾶσι
1511 1332 1851 1398 δοξάζεσθαι,

273 1421 615 1493 ήδρασμένον
655 1423 749 1477 καί⁵
789 1422 1251 1495 τεθεμελιωμένον
1292 1426 1350 1477 ἐν
1377 1428 1443 1497 τῇ
1478 1426 1718 1497 ἀρῤαγεῖ
1760 1426 1853 1479 καὶ

270 1512 476 1583 ἀσφαλε
486 1514 649 1585 στάτῃ
681 1513 846 1567 αὐτοῦ
876 1515 1072 1586 πέτρᾳ.

335 1734 445 1785 Καὶ
472 1733 590 1788 νῦν
612 1734 823 1803 ῡψ-ωσε
852 1735 1127 1804 κεφαλήν
1149 1754 1268 1804 μου
1305 1736 1397 1789 ἐπ’
1424 1736 1676 1806 ἐχθρούς
1701 1755 1842 1807 μου.

260 1826 496 1897 Νοήσεις
522 1829 821 1901 ἐπιστήσας
842 1830 991 1892 ὅπως
1012 1830 1225 1900 εἴρηται
1250 1829 1400 1901 παρὰ
1423 1829 1500 1900 τῷ
1541 1829 1850 1900 Ἀποστόλῳ

1966 599 2220 654 exaltavit
2251 616 2350 655 me.
2399 599 2564 654 Petra
2604 612 2800 663 autem,
2850 602 3027 672 inquit
3066 603 3381 673 Apostolus,
3422 622 3537 663 erat

1964 689 2207 745 Christus
2242 690 2309 746 δ’.
2347 690 2481 745 Nam
2518 693 2685 747 verbo
2732 690 2855 756 suo,
2900 694 3165 763 sapientia
3213 702 3267 751 et
3311 698 3534 756 salutari

1962 781 2165 838 virtute
2210 798 2310 838 sua
2351 786 2613 840 exaltavit
2643 802 2748 848 me,
2783 787 2873 856 qui
2923 788 3052 841 olim
3084 789 3449 847 absconderat
3481 794 3533 849 iu

1961 876 2318 931 tabernaculo
2346 892 2467 939 suo,
2503 887 2555 932 et
2588 879 2680 948 qui
2716 880 2769 932 in
2799 880 2887 934 die
2932 880 3200 935 malorum
3232 894 3535 952 protexerat

1960 964 2016 1019 in
2047 966 2370 1024 abscondito
2398 970 2736 1024 tabernaculi
2763 970 2869 1025 sui.
2903 970 3040 1025 Cum
3074 978 3215 1029 enim
3244 975 3537 1031 amovisset

1960 1060 2124 1126 mala,
2163 1068 2217 1115 et
2246 1076 2311 1116 ea
2336 1077 2458 1131 qua“:
2492 1069 2738 1132 tempore
2790 1064 3137 1119 inimicorum
3188 1074 3243 1121 et
3295 1066 3535 1123 hostium

1957 1165 2044 1205 me
2071 1151 2478 1206 molestantium
2505 1153 2842 1219 acciderant,
2888 1156 2943 1209 in
2983 1156 3285 1227 tranquillo
3322 1166 3376 1213 et
3416 1160 3536 1228 pla-

1956 1241 2080 1296 cido
2113 1254 2277 1310 portu
2306 1259 2393 1300 me
2426 1247 2712 1302 constituit
2750 1266 2764 1302 :
2799 1263 2991 1318 meque
3024 1250 3151 1304 olim
3206 1250 3533 1314 latitantem,

1955 1331 2010 1386 in
2046 1333 2407 1403 conspicuum
2448 1336 2626 1392 locum
2671 1338 2989 1407 deductum,
3025 1341 3313 1397 sublimem
3338 1343 3531 1407 erexit,

1952 1430 2005 1477 et
2036 1425 2316 1479 excelsum
2350 1428 2563 1489 statuit,
2607 1436 2667 1482 ut
2706 1431 2952 1484 omnium
3008 1433 3328 1502 conspectui
3381 1441 3533 1503 pate-

1953 1530 2091 1578 rem,
2128 1517 2197 1570 ab
2226 1517 2483 1573 omnibus
2515 1519 2792 1584 laudarer,
2829 1528 3016 1592 utpote
3046 1523 3102 1577 in
3135 1524 3450 1581 firmissima
3478 1535 3532 1581 et

1954 1606 2186 1662 infracta
2218 1608 2394 1680 ipsius
2422 1619 2574 1680 petra
2604 1614 2818 1683 positus
2848 1623 2904 1669 et
2934 1614 3215 1671 fundatus.

2024 1720 2094 1775 Et
2114 1740 2251 1777 nunc
2274 1724 2530 1779 exultavit
2552 1735 2709 1796 caput
2731 1744 2901 1782 meum
2927 1745 3080 1797 super
3101 1730 3339 1784 inimicos
3364 1747 3523 1785 meos.

1951 1816 2267 1888 Perpendas
2292 1818 2453 1874 velim
2478 1835 2587 1890 qua
2619 1823 2889 1877 sententia
2922 1824 2992 1880 ab
3020 1824 3283 1894 Apostolo
3311 1825 3528 1882 dicatur

258 1919 341 1972 τό·
383 1921 532 1986 Ἕως
562 1916 633 1975 οὗ
665 1920 729 1973 τὸ
759 1921 1029 1991 σήμερον
1058 1919 1343 1975 καλεῖται.
1383 1920 1539 1974 Οὕτω
1568 1921 1676 1994 γὰρ
1705 1923 1836 1993 ἐρεῖς

1955 1909 2089 1963 illud
2120 1929 2133 1965 :
2163 1909 2340 1964 Donec
2386 1909 2538 1964 hodie
2591 1915 2992 1982 cognominatur
3022 1916 3090 1972 “.
3145 1914 3281 1971 Nam
3336 1918 3524 1974 eadem

259 2013 357 2065 καὶ
395 2013 489 2065 ἐπὶ
525 2012 617 2065 τοῦ
656 2015 921 2083 παρόντος
957 2014 1017 2067 τὸ
1048 2014 1268 2088 διαρκὲς
1295 2013 1388 2068 τοῦ
1421 2015 1614 2086 χρόνου
1645 2014 1846 2087 σημαί-

260 2102 469 2157 νεσθαι.
532 2103 589 2155 Ὁ
629 2102 739 2173 γὰρ
789 2104 881 2157 τοῦ
925 2104 1058 2161 Θεοῦ
1103 2104 1408 2177 ἄνθρωπος,
1455 2105 1523 2159 τὰ
1560 2108 1847 2179 νικητήρια

259 2193 405 2247 κατὰ
436 2194 543 2246 τῶν
575 2193 784 2265 ἐχθρῶν
814 2194 1069 2264 εἰληφὼς,
1118 2197 1204 2249 ἀεὶ
1236 2198 1334 2267 τῆς
1372 2196 1479 2250 τῶν
1514 2197 1722 2269 ἐχθρῶν
1756 2216 1847 2251 κε-

261 2287 438 2358 φαλῆς
486 2288 757 2357 ἀνώτερος
800 2288 1025 2356 γίνεται·
1063 2287 1235 2352 οὕτως
1280 2290 1373 2343 καὶ
1418 2288 1579 2353 αὐτὸς
1619 2292 1647 2343 6
1688 2289 1846 2343 ἐαυῒδ

262 2379 425 2452 μέχρι
466 2379 559 2432 τοῦ
595 2379 857 2452 παρόντος
895 2381 1088 2451 χρόνου
1123 2381 1409 2450 ἐπαίρεται
1458 2381 1553 2435 καὶ
1591 2381 1840 2452 ὑψοῦται,

258 2470 381 2522 καθ’
428 2468 555 2539 ὅλης
608 2471 706 2540 τῆς
757 2471 1085 2543 οἰκουμένης
1133 2471 1390 2543 ᾀδόμενος
1443 2472 1535 2531 καὶ
1570 2472 1843 2545 βοώμενος

258 2558 409 2630 παρὰ
442 2561 573 2612 πᾶσι
606 2562 718 2623 τοῖς
746 2560 944 2623 ἔθνεσι,
981 2563 1075 2616 καὶ
1104 2562 1312 2632 ὕψωταί
1342 2581 1404 2633 γε
1432 2564 1647 2635 ἀληθῶς
1681 2569 1713 2637 ή
1748 2584 1841 2620 κε-

259 2646 401 2718 φαλὴ
423 2647 587 2701 αὑτοῦ
604 2648 698 2702 ἐπὶ
713 2650 839 2713 τοὺς
858 2649 1026 2705 πάλαι
1051 2651 1375 2723 γενομένους
1397 2652 1562 2707 αὐτοῦ
1588 2654 1837 2725 ἐχθροὺς,

256 2738 355 2802 τὰς
396 2740 659 2811 ἀοράτους
694 2741 973 2813 δυνάμεις.
1032 2744 1091 2797 '0
1136 2742 1193 2797 δὲ
1238 2743 1328 2797 τοῦ
1364 2744 1499 2797 Θεοῦ
1534 2746 1837 2819 ἄνθρωπος,

252 2831 443 2886 τοῦτον
476 2832 709 2904 ὑψωθεὶς
740 2834 829 2887 τὸν
856 2836 1076 2908 τρόπον,
1111 2836 1212 2889 οὐκ
1244 2838 1413 2909 ἀργίᾳ
1456 2839 1645 2892 ἐαυτὸν
1671 2840 1839 2908 ίδίδω-

256 2943 362 2990 σιν,
393 2926 514 2980 οὐδὲ
546 2926 809 2999 ἀπραξίᾳ,
841 2928 1060 2982 πλείονα
1083 2929 1139 2983 δὲ
1165 2929 1400 3001 σπουδὴν
1441 2931 1567 3001 περὶ
1606 2930 1704 3002 τὴν
1744 2932 1839 2986 τοῦ

252 3018 390 3071 Θεοῦ
434 3018 689 3091 λατρείαν
738 3020 1000 3091 εἰσφέρει.
1048 3021 1140 3074 Διὸ
1191 3021 1456 3089 ἐπιλέγει·
1497 3022 1841 3078 Ἐκύκλωσα

252 3110 351 3165 καί
376 3110 566 3163 ἔθυσα
588 3112 650 3164 ἐν
682 3110 757 3179 τῇ
778 3111 983 3181 σκηνῇ
1006 3112 1191 3167 αὐτοῦ
1214 3114 1437 3168 θυσίαν
1460 3113 1834 3184 ἀλαλαγμοῦ.

249 3196 419 3257 Αὗται
445 3203 502 3257 δὲ
531 3199 670 3276 ἦσαν
705 3206 761 3258 αἰ
787 3204 873 3258 διὰ
907 3206 1092 3276 φωνῆς
1125 3208 1219 3260 καὶ
1249 3207 1527 3277 θεολογίας
1554 3206 1743 3279 ὕμνων
1774 3225 1834 3263 τε

1951 2018 2180 2074 prorsus
2200 2005 2414 2060 ratione
2449 2004 2504 2059 in
2536 2006 2790 2075 praesenti
2838 2007 3100 2077 temporis
3142 2009 3523 2067 assiduitatem

1949 2096 2251 2168 signiﬁcari
2284 2096 2563 2154 fateberis.
2598 2097 2878 2168 Siquidem
2911 2098 3003 2155 Dei
3035 2100 3199 2156 homo
3226 2102 3321 2172 qui
3352 2103 3527 2159 victo-

1947 2188 2041 2244 riae
2065 2188 2131 2245 de
2157 2188 2395 2245 inimicis
2427 2197 2597 2261 partae
2640 2192 2862 2261 praemia
2891 2193 3123 2263 accepit,
3155 2209 3371 2265 semper
3414 2196 3521 2249 ini-

1944 2282 2216 2337 micorum
2247 2283 2412 2353 capiti
2448 2284 2705 2354 superior
2732 2285 2957 2349 eminet,
2994 2285 3075 2340 sic
3104 2294 3158 2341 et
3193 2286 3309 2357 ipse
3351 2290 3520 2346 David

1944 2387 2119 2442 usque
2151 2373 2219 2427 ad
2271 2387 2508 2443 presens
2547 2380 2767 2443 tempus
2802 2375 3083 2430 extollitur
3128 2388 3182 2431 et
3226 2377 3519 2441 exaltatur,

1942 2479 2041 2534 per
2073 2463 2385 2519 universam
2416 2474 2617 2519 terram
2649 2464 2978 2522 decantatus
3006 2468 3360 2540 omniumque
3385 2486 3520 2541 gen~

1942 2556 2079 2609 tium
2114 2555 2343 2612 vocibus
2376 2555 2707 2627 celebratus,
2739 2564 2793 2610 et
2814 2558 3117 2627 caputeius
3146 2574 3337 2616 revera
3366 2562 3522 2616 exal-

1941 2654 2113 2701 tatum
2163 2654 2249 2703 est
2288 2662 2455 2717 super
2487 2662 2678 2702 omnes
2721 2649 2813 2718 qui
2844 2650 3118 2719 quondam
3156 2651 3367 2708 inimici
3396 2653 3519 2723 ejus

1941 2740 2179 2809 inerant,
2216 2742 2558 2797 adversarias
2594 2742 2858 2796 nimirum
2900 2752 3225 2813 potestates.
3252 2745 3323 2802 At
3352 2746 3520 2802 homo

1940 2830 2035 2889 Dei
2061 2850 2126 2890 ea
2157 2837 2369 2889 ratione
2395 2835 2693 2900 exaltatus,
2729 2850 2839 2888 non
2871 2850 2931 2890 se
2962 2835 3191 2906 ignavia:
3221 2849 3314 2893 aut
3345 2841 3519 2911 segni-

1939 2924 2032 2979 tiei
2056 2924 2243 2989 tradit,
2270 2924 2363 2980 sed
2392 2924 2588 2994 majori
2614 2922 2797 2978 studio
2814 2923 3002 2980 divino
3022 2928 3194 2981 cultui
3224 2928 3513 2987 incumbit.

1938 3013 2121 3081 Quare
2154 3014 2458 3085 subjungit,
2491 3012 2724 3069 Circuivi
2769 3021 2819 3067 et
2853 3014 3126 3069 immolavi
3171 3017 3226 3071 in
3268 3017 3517 3074 taberna-

1936 3108 2058 3163 cula
2093 3107 2207 3177 ejus
2240 3109 2466 3164 hostiam
2507 3111 2871 3181 jubilationis.
2924 3110 3021 3168 Ha:
3052 3128 3187 3168 sane
3219 3118 3377 3167 erant
3412 3111 3511 3166 bo-

1937 3202 2057 3257 stize
2089 3202 2334 3268 vocibus,
2360 3202 2562 3259 divinis
2613 3205 2870 3276 eloquiis,
2921 3204 3161 3277 hymnis,
3208 3204 3508 3276 gratiarum

247 3298 345 3351 καὶ
382 3296 730 3369 εὐχαριστίας
756 3298 1233 3369 ἀναπεμπόμεναι.
1277 3301 1366 3353 Ἐν
1396 3300 1493 3371 μὲν
1515 3296 1610 3355 οὖν
1629 3300 1707 3373 τῷ
1729 3302 1835 3373 πρὸ

1938 3298 2249 3354 actionibus
2277 3300 2514 3355 emissae.
2547 3301 2607 3355 In
2636 3301 2959 3371 pnecedenti
2998 3302 3231 3372 psalmo,
3262 3300 3347 3356 vir
3372 3300 3511 3355 divi-

245 3388 435 3441 τούτου
472 3387 671 3460 ψαλμῷ
724 3390 1061 3461 μελλητικῶς
1113 3392 1421 3447 ἐδιδάσκετο
1472 3392 1649 3462 λέγειν
1691 3392 1720 3444 6
1764 3393 1832 3448 τὰ

1938 3391 2025 3447 nis
2057 3391 2110 3445 in
2145 3392 2308 3449 rebus
2338 3394 2623 3450 institutus
2651 3394 2767 3448 haec
2791 3394 2858 3448 de
2892 3396 3075 3448 futuro
3101 3393 3286 3449 dicere
3314 3391 3513 3448 edoce-

245 3481 367 3533 θεία
395 3481 795 3552 παιδευόμενος·
841 3485 1100 3553 [VIp-opm
1136 3484 1206 3537 ἐν
1242 3483 1453 3551 ἀθώοις
1488 3483 1594 3551 τὰς
1631 3484 1833 3554 χεῖράς

1938 3479 2477 3540 batur:Lavab0inter
2497 3488 2795 3541 innocentes
2818 3503 3005 3541 manus
3030 3503 3195 3550 meas,
3219 3494 3267 3539 et
3288 3486 3512 3538 circum-

237 3591 383 3644 μου,
426 3574 524 3626 καὶ
566 3574 856 3629 κυκλὼσω
889 3575 957 3628 τὸ
1000 3575 1435 3645 θυσιαστήριον
1468 3593 1605 3641 σου,
1630 3578 1827 3644 Κύριε·

242 3664 479 3718 ἐνταῦθα
511 3666 567 3718 δέ
598 3666 674 3729 ὡς
692 3666 792 3737 ἥδη
824 3667 1109 3737 προκύψας
1139 3668 1233 3721 καὶ
1255 3667 1432 3739 τυχὼν
1452 3668 1551 3739 τῆς
1581 3670 1745 3741 εὐχῆς
1770 3668 1830 3722 τὸ

242 3756 597 3827 ἀποτέλεσμα
644 3757 745 3827 τῆς
795 3759 1146 3827 ἐπαγγελίας,
1190 3759 1385 3827 ἐπάγει
1432 3760 1624 3829 λέγων·
1665 3761 1830 3813 Ὲκύ-

241 3854 453 3904 κλωσιι
502 3851 600 3905 καί
642 3851 835 3906 ἔθυσα
871 3853 942 3905 ἐν
991 3851 1064 3922 τῇ
1118 3852 1321 3921 σκηνῇ
1374 3853 1561 3907 αὐτοῦ
1606 3855 1829 3907 θυσίαν

237 3942 622 4012 ἀλαλαγμοῦ·
672 3944 768 3997 καὶ
816 3946 873 3997 ἐν
928 3944 1029 4016 μὲν
1072 3946 1187 4009 τοῖς
1236 3944 1545 4017 ἔμπροσθεν
1586 3944 1821 4014 ἐλέγετο·

247 4033 358 4087 Τοῦ
388 4034 645 4089 ἀκοῦσαι
682 4034 894 4105 φωνὴν
929 4035 1234 4105 αἰνέσεως·
1280 4035 1514 4091 ἐνταῦθα
1545 4034 1624 4088 δέ·
1662 4038 1824 4108 ’ᾼσω

238 4122 339 4181 καὶ
370 4124 547 4194 ψαλῶ
583 4124 664 4192 τῷ
689 4127 901 4195 Κυρίῳ.

310 4260 716 4326 Εἰσὰκουσον,
761 4263 957 4338 Κύριε,
998 4260 1106 4330 τῆς
1139 4262 1345 4331 φωνῆς
1384 4279 1525 4332 μου,
1572 4258 1648 4333 ἧς
1691 4261 1820 4317 ἐκέ-

237 4353 451 4421 κραξα·
496 4355 784 4423 Ἐλέησόν
806 4372 883 4425 με
919 4354 1019 4408 καὶ
1047 4352 1417 4409 είσάκουσόν
1444 4372 1588 4424 μου.
1614 4356 1715 4409 Σοὶ
1744 4350 1821 4408 εἷ-

236 4460 353 4497 πεν
374 4446 411 4513 ἡ
437 4444 647 4513 καρδία
674 4445 1091 4516 μου·Ἐζήτησέ
1122 4462 1196 4500 σε
1228 4446 1295 4499 τὸ
1325 4449 1651 4515 πρόσωπόν
1671 4465 1815 4517 μου·

234 4535 301 4589 τὸ
330 4537 659 4604 πρόσωπόν
694 4552 831 4602 σου,
867 4539 1062 4605 Κύριε,
1102 4536 1351 4607 ζητήσω.
1409 4538 1554 4591 Ἀντὶ
1595 4538 1653 4592 δὲ
1697 4539 1812 4593 τοῦ·

233 4628 334 4682 Σοί
356 4625 525 4682 εἶπεν
543 4630 580 4697 ἡ
608 4630 820 4699 καρδία
843 4648 984 4698 μου,
1020 4629 1301 4699 Ἐζήτησέ
1321 4648 1395 4685 σε
1413 4631 1817 4701 εὐπρόσωπόν
1848 4670 1891 4725 D

224 4740 370 4792 μου,
410 4724 438 4778 6
476 4722 769 4794 Σύμμαχος
804 4723 1132 4795 σαφέστερον
1174 4723 1436 4788 ἐξέδωκεν
1474 4724 1661 4780 εἰπών·
1712 4726 1814 4780 Σοί

1931 3575 2067 3629 dabo
2091 3576 2265 3631 altare
2293 3586 2460 3643 tuum,
2501 3578 2725 3634 Domine
2755 3580 2800 3611 “
2831 3597 2844 3631 :
2886 3579 2975 3634 hic
3001 3594 3151 3641 vero,
3189 3586 3250 3631 ut
3277 3577 3371 3648 qui
3395 3576 3509 3647 jam

1932 3670 2226 3739 profecerit
2249 3681 2303 3725 et
2334 3673 2591 3741 precibus
2616 3675 2885 3743 promissa
2915 3680 3251 3728 consecutus
3272 3672 3364 3739 sit,
3394 3670 3510 3725 hac

1931 3759 2458 3831 loquitur:Circuivi
2505 3775 2553 3817 et
2595 3765 2866 3818 immolavi
2914 3765 2969 3817 in
3019 3762 3355 3817 tabernaculo
3393 3764 3507 3831 ejus

1929 3851 2156 3905 hostiam
2185 3854 2526 3923 jubilatiunis
2559 3869 2577 3907 :
2607 3862 2661 3909 et
2704 3855 2758 3909 in
2793 3855 3065 3925 superiori
3098 3854 3263 3909 etiam
3294 3854 3509 3924 psalmo

1929 3944 2135 3999 dictum
2164 3951 2269 4011 est,
2300 3944 2368 4001 Ut
2398 3945 2617 4000 audiam
2647 3964 2820 4001 vocem
2854 3946 3032 4001 laudis
3064 3947 3143 4011 ⁵⁸;
3191 3945 3282 4001 hic
3322 3952 3504 4001 autem

1925 4036 2149 4104 dicitur,
2164 4032 2398 4092 Cantabo
2421 4049 2471 4093 et
2501 4040 2768 4109 psalmum
2792 4039 2968 4093 dicam
2999 4039 3247 4095 Domino.

1993 4258 2160 4316 Vens.
2214 4262 2369 4317 7-10.
2416 4260 2649 4329 Exaudi,
2696 4261 2938 4323 Domine,
2979 4277 3154 4316 vocem
3182 4277 3373 4324 meam,
3397 4276 3502 4332 qua

1918 4348 2144 4405 clamavi
2159 4350 2227 4404 ad
2247 4360 2296 4406 te
2315 4368 2332 4405 :
2352 4352 2594 4408 miserere
2612 4355 2710 4407 mei
2726 4363 2774 4408 et
2790 4352 2985 4407 exaudi
3004 4368 3103 4407 me.
3126 4350 3246 4406 Tibi
3262 4352 3396 4405 dixit
3412 4369 3503 4406 cor

1919 4458 2111 4507 meum,
2132 4441 2429 4514 Exquisivit
2455 4454 2501 4499 te
2512 4445 2674 4514 [acies
2694 4460 2842 4499 mea:
2863 4444 3050 4513 [aciem
3071 4439 3497 4505 tuam,Domine,

1918 4536 2200 4605 requiram.
2221 4535 2353 4606 Ejus
2376 4537 2515 4600 loco,
2535 4536 2629 4590 tibi
2649 4536 2783 4590 dixit
2808 4553 2899 4590 cor
2928 4551 3121 4601 meum,
3145 4532 3425 4602 exquisivit
3450 4542 3499 4584 te

1920 4629 2082 4699 facies
2120 4646 2257 4693 mea,
2287 4630 2530 4699 apertius
2560 4626 2926 4700 Symmachus
2966 4630 3047 4687 sic
3086 4626 3496 4693 interpretatur.

1920 4722 2015 4775 tibi
2042 4720 2351 4792 loquebatur
2395 4738 2485 4775 cor
2514 4738 2709 4784 meum,
2745 4730 2791 4774 te
2817 4718 3084 4791 quwrebat
3114 4716 3287 4771 vultus
3331 4729 3497 4769 meus.

232 4814 599 4882 προσελάλει
626 4818 664 4883 ἡ
691 4815 906 4884 καρδία
927 4832 1068 4885 μου·
1089 4816 1164 4869 σὲ
1181 4814 1368 4881 ἐζήτει
1392 4816 1457 4870 τὸ
1487 4818 1815 4885 πρόσωπόν

1938 4815 2122 4868 tnimze
2152 4814 2351 4883 quippe
2392 4813 2572 4867 vultus
2603 4820 2997 4882 congruentem
3042 4807 3147 4865 sibi
3198 4804 3497 4878 inspectio-

224 4924 361 4975 μου.
399 4907 471 4959 Τὸ
498 4906 607 4977 γὰρ
634 4906 734 4977 τῆς
760 4906 938 4978 ψυχῆς
974 4907 1266 4978 πρόσωπον
1299 4909 1397 4980 τὴν
1441 4910 1811 4981 ἁρμόττουσαν

1938 4922 2035 4961 lem
2070 4906 2443 4961 desiderabat.
2477 4906 2589 4959 Hoc
2641 4905 2821 4976 ipsum
2850 4903 3065 4975 Moyses
3102 4900 3183 4957 sic
3213 4898 3384 4956 Deum
3419 4898 3500 4953 al-

227 4998 357 5053 θέαν
391 4999 592 5053 ἐπόθει.
626 4999 827 5053 Τούτου
847 5001 903 5054 δέ
922 5002 1015 5054 καὶ
1035 5001 1273 5071 Μωῡςῆς
1298 5017 1427 5054 ποτε
1448 5004 1629 5072 τυχεῖν
1653 5000 1806 5071 ἠξίου

1938 5015 2137 5070 oqueus
2159 4998 2422 5069 consequi
2453 4998 2766 5070 postulabat
2810 5017 2822 5054 :
2867 4995 3001 5051 Ecce
3047 4996 3218 5050 inveni
3266 4994 3487 5066 gratiae

225 5090 399 5159 λέγων
428 5090 506 5161 τῷ
534 5090 670 5161 Θεῷ·
719 5091 864 5146 Ἰδοὺ
900 5093 1130 5161 εὕρηκα
1160 5094 1337 5163 χάριν
1367 5094 1625 5148 ἐνώπιόν
1653 5111 1793 5149 σου·

1905 5093 1962 5146 in
2002 5101 2283 5159 conspectu
2330 5100 2420 5145 tuo
2456 5108 2472 5143 :
2505 5090 2718 5145 ostende
2750 5089 2878 5143 mihi
2915 5090 3159 5157 teipsum,
3200 5097 3248 5141 te
3276 5088 3489 5140 scientir

222 5182 559 5253 ἐμφάνισόν
581 5201 681 5253 μοι
724 5187 1004 5239 σεαυτόν·
1044 5186 1325 5256 γνωστῶς
1363 5186 1468 5240 ἴδω
1508 5201 1602 5240 σε·
1649 5188 1798 5251 ὅπως

1938 5172 2112 5239 ideam
2146 5182 2226 5250 ‘°;
2260 5190 2318 5237 ut
2352 5183 2587 5239 revelata
2619 5181 2757 5237 facie
2796 5183 3027 5252 gloriam
3061 5177 3275 5235 Domini
3316 5179 3467 5232 intuc

223 5276 731 5347 ἀνακεκαλυμμένῳ
758 5277 1031 5348 προσώπῳ
1072 5280 1174 5349 τὴν
1218 5279 1375 5345 δόξαν
1432 5280 1639 5350 Κυρίου
1672 5297 1804 5332 κατ-

220 5368 551 5443 οπτρίζοιτο.
578 5370 670 5422 Διό
702 5386 855 5441 φησι·
880 5370 947 5423 Τὸ
974 5372 1301 5438 πρόσωπόν
1328 5388 1467 5437 σου,
1490 5374 1686 5441 Κύριε.
1716 5371 1809 5440 ζη-

218 5458 405 5525 τήσω·
428 5462 515 5530 μὴ
539 5462 932 5530 ἀποστρέψῃς
950 5463 1013 5515 τὸ
1037 5464 1358 5530 πρόσωπόν
1377 5478 1493 5519 σου
1508 5465 1610 5519 ἀπ’
1634 5463 1800 5533 ἐμοῦ.

220 5552 282 5606 El
312 5553 421 5622 γὰρ
447 5557 528 5617 εἰς
554 5554 721 5623 ἀκρον
746 5553 1039 5625 τελειότης,
1076 5556 1170 5608 καὶ
1199 5557 1232 5626 ή
1268 5556 1407 5610 κατὰ
1432 5556 1566 5611 Θεὸν
1595 5557 1801 5627 ὑστάτη

292 5861 337 5893 δ’
398 5858 572 5916 lCor.
609 5877 662 5927 ι,
693 5862 746 5919 4.
823 5862 869 5896 ⁸³
921 5860 1085 5921 Hebr.
1123 5878 1205 5927 ut,
1254 5863 1335 5918 15.

1447 5861 1492 5894 ⁸⁵
1533 5858 1678 5917 Psal.
1711 5877 1839 5929 xxv,
1870 5860 1923 5915 6.

1912 5286 2082 5332 retur.
2116 5275 2487 5342 Quamobrem
2539 5276 2635 5341 ait,
2676 5276 2868 5344 faciem
2910 5284 3081 5339 tuam,
3116 5272 3365 5337 Domine,
3404 5264 3489 5323 re-

1914 5370 2160 5441 quiram;
2196 5385 2259 5423 ne
2292 5379 2497 5424 avertas
2548 5369 2737 5439 faciem
2783 5380 2925 5423 tuam
2960 5386 2992 5421 a
3023 5384 3125 5423 me.
3158 5363 3215 5422 Si
3243 5366 3389 5421 enim
3425 5364 3491 5418 ad

1866 5465 1879 5475 ⁸
1912 5477 2229 5534 supremum
2255 5462 2518 5533 perfectio
2546 5463 2845 5525 devenerit,
2882 5477 3015 5519 sane
3037 5461 3260 5515 ultimus
3294 5472 3490 5513 secun-

1912 5556 2041 5612 dum
2069 5555 2238 5613 Deum
2268 5554 2545 5627 profatus
2571 5555 2662 5609 ille
2696 5554 2882 5621 fuerit,
2914 5554 3008 5625 qui
3042 5552 3252 5609 scilicet
3291 5548 3359 5605 ad
3390 5545 3485 5604 Dei

2034 5859 2079 5894 "
2122 5858 2252 5918 ibid.
2300 5859 2349 5916 7.
2396 5860 2475 5933 ,δ’
2508 5857 2679 5916 Exod.
2714 5874 2909 5927 xxxiii,
2956 5856 3039 5914 1⁸5.
