4010 6530
537 386 646 444 ἰδ

1284 386 1550 443 EUSEBII
1587 385 2062 443 CAESARIEN‘SIS
2100 381 2250 439 OPP.
2291 379 2470 436 PARS
2505 377 2589 432 ill.
2634 408 2700 416 —
2739 367 3147 426 EXEGETICA.

3689 358 3798 412 εει

542 505 751 562 vultum
775 501 1027 567 deducit,
1058 511 1132 556 tta
1161 510 1217 554 ut
1239 503 1363 571 quis
1389 501 1498 558 Deo
1522 517 1764 574 prtesens
1785 503 1946 565 adsit,
1970 503 2096 571 ejus!

2214 495 2462 566 προκοπὴ
2493 492 2632 560 αὕτη
2658 489 2722 542 ἂν
2748 488 2976 556 γένοιτο,
3001 486 3032 556 ἡ
3063 481 3156 534 ἐπὶ
3181 479 3244 532 τὸ
3267 477 3554 549 πρόσωπον
3578 475 3804 543 ἄγουσα

542 611 648 664 que
669 593 889 650 deitatis
916 594 1084 649 radiis
1111 591 1342 647 fruatur.

611 769 822 826 Gnarus
854 781 1030 827 autem
1063 787 1303 843 persaepe
1349 771 1518 827 Deum
1555 774 1623 826 ab
1661 773 1729 827 iis
1764 773 1857 842 qui
1900 772 2106 825 vultum

539 863 659 932 ejus
680 861 950 917 sustinere
973 878 1078 918 non
1107 863 1311 927 valent,
1339 877 1514 932 neque
1541 863 1596 916 in
1619 877 1846 918 numero
1874 862 2107 915 filiorum

538 957 659 1028 ejus
690 964 1096 1027 computantur,
1136 966 1380 1012 avertere
1425 972 1505 1020 se,
1559 971 1622 1011 ac
1653 965 1804 1025 terga
1850 957 1918 1010 iis
1952 971 2108 1009 mon-

539 1059 733 1113 strare,
762 1048 1221 1120 quemadmodum
1260 1048 1429 1120 Moysi
1463 1048 1597 1102 dixit
1626 1067 1637 1102 :
1679 1046 1885 1101 Videbis
1929 1058 2101 1114 poste-

536 1141 680 1196 riora
710 1159 848 1206 mea,
879 1143 1080 1196 vultum
1123 1127 1298 1195 autem
1345 1157 1512 1194 meum
1563 1157 1890 1210 nequaquam
1938 1140 2106 1208 inspi-

535 1235 639 1288 cies
669 1234 746 1302 ";
781 1245 840 1290 ut
871 1251 938 1290 ne
968 1235 1021 1289 in
1053 1235 1283 1289 similem
1328 1249 1514 1288 casum
1577 1231 1778 1286 incidat
1813 1233 1859 1286 is
1899 1233 1965 1286 de
1997 1247 2106 1302 quo

532 1326 645 1395 jam
683 1344 886 1390 sermo,
930 1328 1016 1384 his
1050 1329 1230 1384 verbis
1265 1328 1534 1398 supplicat
1576 1327 1937 1394 obsecratque
1971 1344 1983 1378 :
2025 1321 2106 1378 Ne

537 1429 743 1475 avertas
791 1421 977 1489 faciem
1009 1428 1154 1473 luant
1196 1437 1227 1472 a
1272 1435 1352 1472 me
1385 1434 1403 1471 :
1445 1434 1506 1471 ne
1560 1416 1790 1469 declines
1849 1417 1902 1468 in
1953 1418 2036 1467 ira
2071 1431 2102 1467 a

536 1527 683 1566 servo
719 1521 827 1565 tuo.
861 1510 1087 1581 Adjutor
1110 1526 1251 1564 meus
1288 1520 1420 1574 esto,
1455 1526 1518 1562 ne
1559 1507 1780 1577 abjicias
1814 1523 1914 1570 me,
1945 1523 2106 1578 neque

531 1601 745 1658 deseras
795 1621 894 1668 me,
936 1603 1077 1659 Deus
1122 1604 1369 1658 Salvator
1417 1620 1581 1657 meus.
1639 1601 1903 1668 Quoniam
1953 1608 2104 1668 pater

534 1710 679 1750 meus
706 1705 755 1749 et
797 1707 962 1750 mater
1009 1713 1125 1750 mea
1170 1696 1556 1766 dereliqtterunt
1591 1711 1690 1755 me,
1721 1692 1975 1746 Dominus
2007 1708 2104 1744 au-

535 1798 636 1843 tem
661 1790 948 1858 assumpsit
985 1807 1086 1845 me.
1117 1788 1195 1844 Ne
1238 1805 1322 1846 me
1366 1803 1581 1844 servum
1613 1797 1788 1850 tuum,
1829 1784 1974 1855 quod
2014 1793 2100 1838 ta-

2207 588 2301 642 τοῦ
2325 584 2482 645 Θεοῦ,
2505 583 2579 645 ὼς
2605 577 2939 651 παρεστάναι
2973 571 3121 643 αὐτῷ
3149 571 3242 624 καὶ
3267 569 3376 622 τῶν
3407 567 3797 640 μαρμαρυγῶκ

2209 679 2305 748 τῆς
2339 673 2504 728 αὑτοῦ
2535 672 2785 741 θεότητος
2814 666 3124 722 ἀπολαύειν.

2281 763 2450 826 Εἰδὼς
2481 763 2560 825 δὲ,
2581 763 2660 814 ὅτι
2683 758 2940 820 πολλάκις
2967 759 2995 809 ὁ
3019 757 3151 818 Θεὸς
3179 754 3286 808 ἀπὸ
3314 751 3422 805 τῶν
3453 753 3528 822 μὴ
3549 751 3785 823 χωρούν

2206 875 2312 912 των
2328 856 2389 909 τὸ
2401 853 2564 908 αὑτοῦ
2581 852 2866 924 πρόσωπον
2885 847 3017 919 μηδὲ
3034 845 3189 911 ἐξιων
3205 845 3329 916 (sic)
3348 844 3428 916 [ἐξ
3440 843 3596 914 υἱῶν]
3615 844 3800 897 αὐτοῖο

2207 951 2394 1012 όντων,
2434 946 2768 1017 ἀποστρέφει
2803 943 3012 1004 ἑαυτὸν,
3047 940 3116 993 τά
3147 940 3290 993 νῶτα
3321 936 3512 992 ἑαυτοῦ
3540 937 3801 1000 δεικνὺς,

2207 1041 2394 1113 ῶσπερ
2425 1037 2520 1093 οὖν
2546 1038 2624 1109 τῷ
2656 1038 2881 1091 Μωῦσεῖ
2909 1035 3110 1103 ἔλεγεν·
3147 1035 3312 1102 Ὀψει
3337 1030 3408 1085 τὰ
3430 1032 3628 1084 ὀπίσω
3639 1048 3798 1099 μου,

2206 1131 2272 1184 τό
2302 1130 2369 1184 δὲ
2398 1129 2721 1198 πρόσωπόν
2743 1145 2860 1196 μου
2897 1127 3008 1179 οὐκ
3045 1122 3372 1193 ὀφθήσεταί
3417 1137 3534 1175 σοι·
3576 1121 3647 1172 ἶν’
3690 1116 3802 1173 οὖν

2209 1223 2283 1294 μὴ
2311 1222 2467 1275 τοῦτο
2501 1219 2663 1274 πάθοι
2699 1219 2728 1270 ὁ
2762 1217 2850 1274 διά
2888 1216 2994 1269 τῶν
3027 1213 3400 1286 προκειμένων
3426 1212 3795 1282 δηλούμενοςν

2208 1313 2436 1367 ἱκετεύει
2488 1313 2581 1366 καὶ
2636 1311 2811 1364 δέεται
2859 1308 3065 1376 λέγων·
3117 1305 3215 1373 Μὴ
3261 1303 3658 1373 ἀποστρέψῃς
3717 1304 3797 1356 τὸ

2205 1405 2528 1474 πρόσωπόν
2564 1418 2679 1457 σου
2727 1402 2829 1455 ἀπ’
2875 1399 3051 1469 ἐμοῦ·
3084 1397 3168 1467 μὴ
3201 1395 3490 1463 ἐκκλίνῃς
3520 1396 3590 1448 ἑν
3631 1395 3794 1464 ὁρτῇ

2205 1496 2321 1550 ἀπὸ
2355 1494 2461 1548 τοῦ
2492 1493 2716 1547 δούλου
2743 1508 2878 1544 σου.
2902 1489 3126 1557 Βοηθός
3148 1504 3265 1556 μου
3293 1486 3492 1557 γενοῦ,
3519 1486 3606 1554 μὴ
3633 1487 3795 1539 ἁπο-

2204 1586 2576 1654 σκορακίσῃς
2614 1601 2711 1653 με,
2758 1581 2854 1635 καὶ
2889 1579 2969 1647 μὴ
2999 1577 3400 1648 ὲτκαταλίπῃς
3421 1592 3516 1645 με,
3565 1578 3597 1628 ό
3633 1575 3793 1642 Θεὸς

2205 1680 2237 1730 ὀ
2268 1675 2470 1744 Σωτήρ
2495 1693 2634 1745 μου.
2667 1675 2784 1727 Ὅτι
2815 1676 2846 1727 ό
2869 1671 3064 1740 πατήρ
3083 1688 3200 1740 μου
3226 1670 3323 1722 καὶ
3355 1669 3392 1736 ἡ
3416 1667 3614 1737 μήτηρ
3659 1686 3791 1736 μου

2202 1769 2553 1837 ἐγκατέλιπέ
2583 1785 2680 1837 με·
2727 1769 2759 1820 ὁ
2800 1765 2868 1818 δὲ
2911 1765 3127 1832 Κύριος
3171 1760 3577 1830 προσελάϐετό
3631 1779 3787 1828 μου.

534 1879 605 1932 lia
634 1895 925 1950 aggressus
956 1881 1080 1941 sim.
1111 1879 1402 1935 averseris.
1445 1876 1629 1947 Neque
1668 1877 1811 1932 enim
1847 1877 1972 1932 licet
2006 1876 2096 1930 ho-

2205 1861 2318 1932 Μὴ,
2349 1862 2432 1915 ὅτι
2459 1860 2681 1914 τοιαῦτα
2707 1858 3031 1930 τετόλμηκα,
3064 1854 3421 1926 ἀποστράφῃς
3452 1871 3517 1924 με
3539 1853 3632 1904 τὸν
3659 1851 3790 1904 δοῦ-

533 1971 664 2026 mini
688 1987 851 2027 carne
873 1971 1061 2026 induto
1079 1970 1392 2040 hujusmodi
1413 1971 1778 2041 dignationem
1801 1968 2098 2040 attingere;

533 2080 701 2135 quare
729 2063 896 2136 Moysi
923 2063 1144 2119 dicebas
1179 2082 1192 2118 :
1231 2062 1401 2117 Nemo
1429 2059 1618 2115 uidebit
1663 2059 1864 2114 vultum
1905 2076 2099 2124 meum,

532 2164 583 2208 et
615 2155 744 2209 vivet
772 2154 838 2209 “.
889 2152 1074 2225 Neque
1104 2154 1249 2209 enim
1296 2152 1514 2206 mortali
1545 2151 1668 2205 vita:
1711 2151 1762 2204 id
1796 2157 2103 2218 competere

535 2245 698 2310 valet,
746 2253 805 2299 ut
839 2247 1048 2301 vultum
1081 2244 1484 2314 contempletur
1526 2252 1700 2297 tuum.
1736 2241 2100 2308 Quamobrem

532 2333 746 2396 udjulOf
781 2345 922 2382 meus
963 2342 1072 2383 esto
1093 2369 1110 2394 ,
1143 2340 1200 2384 ut
1231 2332 1500 2400 postulata
1535 2349 1859 2404 consequar.
1894 2334 1977 2389 Ne
2003 2337 2100 2389 ab-

522 2422 683 2490 jicius
723 2438 824 2485 me,
874 2437 970 2491 pro
1011 2439 1120 2493 quo
1162 2423 1556 2495 Symmachus,
1597 2424 1680 2480 Ne
1725 2427 1935 2496 rejicias
1983 2444 2098 2492 me;

528 2511 724 2580 Aquila
761 2527 910 2577 vero,
945 2511 1030 2567 Ne
1058 2513 1266 2569 deseras
1291 2532 1392 2583 me,
1423 2515 1610 2571 edidit.
1637 2515 1840 2573 Deinde
1867 2519 2050 2586 adjicit
2082 2540 2096 2575 :

534 2603 716 2676 Neque
741 2607 953 2662 deseras
985 2625 1085 2675 me,
1118 2607 1260 2662 Deus
1287 2606 1538 2663 Saluator
1569 2621 1736 2659 meus.
1768 2604 1845 2660 Te
1869 2619 2101 2676 namque

531 2697 906 2766 patrocinante
940 2713 1004 2752 ac
1045 2697 1326 2753 dexteram
1360 2698 1694 2767 porrigente,
1738 2713 1863 2767 spes
1903 2710 1985 2754 est
2011 2715 2100 2755 me

531 2787 670 2841 bona
711 2787 893 2842 omnia
927 2796 1378 2844 consecuturum.
1409 2785 1548 2853 Quia
1581 2787 1766 2842 nullus
1795 2787 1936 2843 alius
1965 2789 2098 2842 mihi

528 2877 744 2947 adjutor
775 2880 930 2936 adest
961 2901 973 2935 :
1006 2896 1183 2951 neque
1217 2881 1362 2934 enim
1390 2880 1572 2950 aliqua
1609 2879 1812 2934 arctior
1852 2879 2100 2934 citarier-

527 2985 654 3038 que,
681 2987 845 3041 quam
894 2973 1067 3043 patris
1118 2983 1174 3028 et
1228 2975 1443 3038 matris,
1493 2973 1842 3028 necessitudo
1892 2972 2096 3040 fuerit;

528 3061 631 3130 ipsi
661 3076 791 3118 vero
819 3062 1228 3133 dereliquerunt
1259 3079 1367 3128 me,
1407 3062 1533 3133 quia
1579 3063 1648 3116 ab
1675 3062 1786 3118 illis
1818 3061 2094 3127 omnibus,

528 3162 586 3206 ut
612 3153 706 3208 tibi
751 3154 853 3209 soli
899 3153 1010 3209 Deo
1039 3169 1310 3216 vacarem,
1352 3154 1573 3208 recessi.
1609 3152 1789 3218 Quare
1835 3153 1931 3209 tibi
1966 3169 2090 3224 gra-

2202 1956 2292 2009 λόν
2324 1973 2436 2009 σου.
2465 1956 2542 2008 Οὐ
2571 1954 2680 2024 γὰρ
2707 1955 2914 2022 ἐφεῖται
2945 1947 3214 2021 ἀνθρώπῳ
3246 1948 3421 2020 σάρκα
3453 1946 3788 2018 περιϐεϐλη-

2211 2045 2359 2116 μένῳ
2384 2045 2491 2098 τῶν
2517 2043 2770 2098 τοιούτων
2791 2039 3086 2106 ἀξιοῦσθαι·
3117 2039 3196 2093 διὸ
3223 2039 3405 2108 ἔλεγες
3428 2036 3504 2108 τῷ
3529 2040 3664 2091 Μωῦ
3675 2042 3781 2092 σεῖ’

2205 2137 2415 2204 Οὐδεὶς
2447 2137 2655 2206 ὄψεται
2703 2135 2768 2188 τό
2815 2135 3142 2204 πρόσωπόν
3179 2150 3319 2202 μου,
3363 2133 3460 2185 καὶ
3509 2130 3779 2198 ζόῖσεται.

2215 2229 2488 2283 ’Δδυνατεῖ
2518 2228 2625 2299 γὰρ
2650 2229 2684 2298 ἡ
2708 2225 2878 2298 θνητὴ
2906 2226 3020 2297 ζωὴ
3047 2225 3182 2297 πρὸς
3202 2223 3298 2296 τὴν
3327 2223 3454 2277 θέαν
3480 2223 3572 2276 τοῦ
3601 2243 3780 2294 προσ-

2198 2319 2350 2374 ώπου
2389 2336 2503 2373 σου·
2538 2319 2617 2372 διὸ
2655 2319 2851 2389 μᾶλλον
2867 2319 3094 2384 ,ϐοηθός
3101 2338 3197 2387 μοι
3228 2318 3411 2374 νενοῦ
3427 2321 3564 2392 πρὸς
3587 2316 3646 2368 τὸ
3682 2332 3781 2370 τυ·-

2199 2412 2312 2479 χεῖν
2343 2407 2453 2462 τῶν
2475 2407 2777 2480 ᾐτημένων.
2810 2405 2905 2474 Μὴ
2937 2405 3428 2473 (incomptus/truc
3443 2422 3538 2474 με·
3566 2405 3687 2459 ἀνθ’
3712 2401 3775 2458 οὗ

2199 2503 2228 2555 ὁ
2273 2502 2599 2572 Σύμμαχος,
2638 2500 2735 2569 Μὴ
2777 2499 3120 2568 ἁπορῤίψῃς
3165 2515 3272 2567 με,
3308 2497 3597 2564 ἐξέδωκεν·
3648 2501 3680 2551 ὀ
3717 2499 3773 2551 δὲ

2213 2594 2483 2657 Ἀκύλας·
2519 2593 2615 2662 Μὴ
2668 2593 2856 2662 ἐάσῃς
2889 2610 2984 2662 με.
3043 2589 3154 2645 Εἶτ’
3203 2590 3474 2659 ἐπιλέγει·
3529 2592 3637 2644 Kal
3683 2591 3773 2660 μὴ

2197 2686 2638 2756 ἐγκαταλείπῃς
2665 2702 2761 2754 με,
2792 2687 2825 2738 d
2860 2682 3003 2750 Θεὸς
3037 2687 3068 2736 ό
3096 2680 3300 2749 Σωτήρ
3332 2699 3469 2752 μου.
3513 2681 3616 2735 Σοῦ
3659 2685 3773 2754 γὰρ

2200 2774 2750 2847 ἀντιλαμϐανομένου,
2806 2774 2898 2827 καὶ
2964 2772 3141 2838 δεξιὰν
3193 2773 3495 2845 ὀρέγοντος,
3551 2773 3774 2825 πάντων

2199 2868 2352 2932 ὲλπὶς
2392 2870 2571 2938 τυχεῖν
2612 2866 2718 2920 τῶν
2751 2865 2990 2935 ἀγαθῶν.
3048 2866 3199 2918 Ἐπεὶ
3239 2865 3427 2936 μηδεὶς
3461 2866 3646 2936 ἕτερός
3677 2883 3769 2935 μοι

2199 2961 2429 3031 πάρεστι
2456 2959 2663 3030 βοηθός·
2696 2959 2803 3011 τῶν
2831 2958 2940 3030 γὰρ
2973 2957 3030 3010 ὲν
3053 2957 3364 3029 ’ἀνθρώποις
3395 2958 3647 3026 ἀναγκῶν
3678 2961 3774 3011 ού-

2195 3054 2302 3118 δεὶς
2323 3053 2388 3108 ἂν
2412 3054 2619 3122 γένοιτο
2639 3053 2843 3124 πατρὸς
2865 3052 2960 3105 καὶ
2989 3052 3192 3123 μητρὸς
3221 3053 3415 3123 μᾶλλον
3441 3069 3617 3124 epos;
3627 3052 3712 3124 ιλή
3719 3070 3768 3114 ς·

2196 3141 2342 3201 οὗτοι
2371 3147 2428 3200 δὲ
2451 3149 2603 3200 αὐτοὶ
2626 3145 3044 3200 καταλελοίπασί
3068 3164 3133 3216 με
3152 3145 3237 3198 διά
3260 3147 3318 3199 τὸ
3347 3147 3561 3199 πάντων
3584 3147 3775 3198 αὐτῶν

528 3243 657 3297 tiam
690 3244 966 3316 proﬁteor,
1005 3246 1134 3315 quia
1174 3245 1242 3298 ab
1289 3245 1545 3300 omnibus
1575 3244 1828 3300 desertus
1871 3259 1934 3299 ac
1974 3245 2096 3299 reli-

2202 3237 2700 3308 ἀνακεχωρηκέναι,
2742 3238 2836 3289 καὶ
2879 3237 2960 3290 σοὶ
3015 3237 3158 3308 μόνῳ
3192 3236 3470 3307 σχολάζειν
3510 3237 3585 3308 τῷ
3625 3237 3770 3308 Θεῷ.

527 3342 668 3398 etus,
705 3336 804 3393 abs
837 3346 889 3393 te
919 3338 1038 3394 solo
1069 3348 1385 3409 assumptus
1412 3357 1554 3395 sum.

602 3512 764 3570 Vens.
803 3516 891 3579 Η,
930 3517 1015 3574 12.
1062 3517 1246 3590 Legem
1294 3533 1426 3588 pone
1479 3518 1606 3572 mihi
1647 3521 1699 3573 in
1741 3522 1825 3574 via
1858 3530 1952 3574 tua
1989 3541 2006 3576 :
2043 3536 2093 3579 et

527 3603 690 3676 dirige
724 3622 804 3661 me
836 3606 890 3660 in
919 3607 1162 3661 semitam
1192 3619 1390 3663 rectam
1418 3618 1630 3679 propter
1665 3610 1905 3664 inimicos
1931 3627 2090 3667 meos.

527 3697 612 3752 Ne
665 3697 952 3754 tradideris
1032 3717 1114 3755 me
1174 3701 1230 3755 in
1291 3703 1497 3757 animas
1558 3701 1923 3758 tribulantium
1993 3723 2092 3772 me,

523 3788 770 3857 quoniam
853 3792 1252 3858 insurrexerunt
1331 3795 1384 3847 in
1462 3813 1542 3849 me
1623 3805 1774 3850 testes
1887 3799 2091 3867 iniqui,

522 3887 573 3932 et
636 3882 856 3934 mentita
928 3892 1006 3936 est
1081 3883 1333 3955 iniquitas
1408 3884 1530 3938 sibi.
1602 3884 1737 3940 Cum
1819 3889 2094 3945 multoties

522 3970 591 4025 de
632 3987 691 4026 se
739 3972 959 4030 divinus
1006 3974 1299 4045 Apostolus
1348 3975 1460 4030 haec
1518 3978 1850 4033 declarasset
1901 3996 1966 4034 ac
2010 3982 2094 4034 di-

524 4060 694 4115 xisset
719 4079 732 4116 :
761 4061 912 4116 Nihil
942 4064 1080 4117 enim
1114 4065 1284 4117 minus
1325 4065 1405 4133 {ui
1445 4065 1508 4118 ab
1541 4067 1608 4119 iis
1644 4069 1735 4137 qui
1775 4079 1896 4122 sunt
1930 4085 2090 4137 supra

517 4146 737 4199 modum
786 4150 1091 4216 apostoli";
1125 4152 1192 4206 iis
1224 4153 1338 4206 haec
1376 4153 1600 4222 adjicit:
1635 4153 1755 4208 Non
1799 4156 1936 4226 quod
1974 4160 2091 4227 jam

523 4239 829 4306 acceperim,
864 4250 956 4293 aut
990 4242 1106 4310 jam
1141 4243 1401 4312 perfectus
1446 4246 1586 4299 sim:
1617 4263 1802 4318 sequor
1833 4259 2006 4302 autem
2047 4252 2093 4303 si

522 4348 624 4403 quo
666 4332 818 4388 modo
861 4336 1293 4402 comprehendam
1311 4338 1357 4368 ⁸⁰
1386 4350 1404 4390 :
1435 4353 1496 4391 ac
1529 4354 1748 4393 rursum
1791 4341 1918 4394 alibi
1945 4361 1958 4395 :
1989 4343 2093 4396 Ca-

516 4425 658 4495 stigo
682 4441 870 4494 corpus
902 4443 1092 4489 meum,
1126 4439 1175 4482 et
1202 4429 1256 4481 in
1285 4430 1584 4483 servitutem
1611 4430 1809 4500 redigo,
1867 4449 1930 4484 ne
1959 4433 2094 4501 forte

520 4532 638 4572 eum
663 4518 784 4574 aliis
809 4519 1220 4589 prtedicaverim,
1243 4522 1350 4591 ipse
1374 4522 1621 4591 reprobus
1649 4523 1925 4591 eﬂiciar“.
1957 4523 2090 4580 Nam

2203 3326 2364 3380 Ὅθεν
2391 3327 2483 3380 καὶ
2510 3327 2668 3398 χάριν
2689 3327 2952 3397 ὁμολογῶ,
2984 3327 3066 3381 ὅτι
3092 3328 3306 3382 πάντων
3335 3328 3537 3401 ἔρημος
3559 3330 3653 3382 καὶ
3677 3347 3774 3382 aea.-

2198 3417 2505 3488 ταλειφθεὶς
2537 3421 2640 3472 ὑπὸ
2669 3419 2761 3472 σοῦ
2795 3419 3189 3492 προσελήφθην.

2270 3511 2689 3581 Νομοθέτησόν
2713 3529 2790 3581 με
2823 3513 2895 3566 ἐν
2925 3513 3000 3581 τῇ
3031 3512 3147 3579 όεῷ
3170 3529 3307 3576 σου,
3338 3512 3435 3566 καί
3463 3513 3774 3582 όδιξγησόν

2194 3623 2269 3676 με
2293 3607 2362 3658 ἐν
2391 3607 2563 3674 τρίϐῳ
2599 3608 2801 3676 εὐθείᾳ
2847 3607 3024 3663 ἕνεκα
3071 3607 3190 3662 τῶν
3217 3609 3458 3678 ’ἐχθρῶν
3499 3630 3636 3680 μου.
3668 3613 3771 3680 Μὴ

2199 3693 2476 3765 παραδῷς
2498 3714 2574 3764 με
2603 3699 2688 3762 εἰς
2725 3697 2928 3766 ψυχὰς
2959 3700 3282 3752 θλιϐόντων
3311 3716 3405 3768 με,
3439 3699 3526 3753 ὅτι
3557 3701 3772 3756 ἐπανέ-

2198 3788 2441 3856 ,στησάν
2459 3807 2561 3859 μοι
2584 3788 2878 3859 μάρτιιρες
2905 3788 3115 3855 ἄδικοι,
3142 3791 3237 3844 καὶ
3257 3791 3556 3859 ἐψεύσατο
3579 3794 3614 3860 ἡ
3644 3793 3770 3846 ἁδι-

2199 3881 2299 3932 κιά
2326 3879 2530 3948 ἑαυτῇ.
2553 3879 2815 3944 Πολλάκις
2844 3899 2908 3933 πε
2921 3883 2970 3952 ρὶ
3003 3881 3195 3934 ἑαυτοῦ
3230 3883 3257 3933 ό
3288 3881 3426 3946 θεῖος
3452 3883 3771 3946 ’Λπόστολος

2198 3971 2416 4038 διδάξας
2451 3972 2546 4024 καὶ
2572 3971 2760 4026 εἰπών·
2794 3973 2984 4026 Οὐδὲν
3014 3973 3121 4042 γὰρ
3151 3974 3450 4042 ὑστέρηκα
3478 3975 3594 4029 τῶν
3615 3977 3768 4044 ὑπὲρ

2198 4065 2340 4117 λίαν
2354 4065 2728 4118 ἀποστόλων·
2754 4065 2959 4128 τούτοις
2981 4067 3150 4136 ἐπῆγε
3177 4065 3366 4134 λέγων⁸
3397 4069 3516 4138 Οὐχ
3540 4067 3622 4121 ὅτι
3647 4067 3766 4136 ἤδη

2198 4156 2421 4211 ἔλαϐον
2450 4157 2487 4224 ἢ
2515 4156 2630 4225 ἤδη
2666 4159 3057 4226 τετελείωμαι·
3086 4157 3273 4212 διώκω
3301 4159 3368 4212 δὲ
3393 4161 3443 4213 εὶ
3473 4161 3566 4214 καὶ
3593 4178 3770 4214 κατα-

2198 4247 2378 4301 λάϐω·
2408 4250 2502 4302 καὶ
2525 4248 2685 4302 πάλιν
2708 4248 2960 4319 ἀλλαχοῦ·
3001 4249 3328 4312 Ὑπωπιάζω
3346 4268 3464 4320 μου
3491 4249 3554 4303 τὸ
3574 4248 3764 4319 σῶμα,

2199 4340 2295 4392 καὶ
2342 4340 2715 4410 δουλαγωγῶ·
2746 4341 2979 4411 μήπως,
3018 4341 3230 4408 ἄλλοις
3266 4342 3547 4411 κηρύξας,
3585 4344 3766 4406 αὐτὸς

2199 4430 2481 4502 ἀδόκιμος
2497 4431 2773 4502 γένωμαι.
2795 4435 2956 4487 ’Ὀσον
2979 4433 3074 4504 μὲν
3097 4432 3204 4503 γὰρ
3222 4433 3295 4495 ὼς
3312 4433 3446 4504 πρὸς
3467 4432 3766 4503 ἀνθρώπων

2202 4522 2509 4593 σύγκρισιν,
2550 4523 2762 4594 συνῄδει
2813 4524 2990 4594 ἑαυτῷ
3031 4524 3416 4595 προκεκοφότι,
3461 4525 3553 4578 καὶ
3580 4525 3678 4594 τὴν
3706 4525 3766 4576 ὲν

519 4619 782 4682 quantum
829 4612 897 4668 ad
941 4613 1222 4668 hominum
1275 4618 1741 4684 comparationem
1773 4616 2088 4670 aestimatio-

2202 4613 2500 4684 ἀνθρώποις
2545 4615 2856 4686 τελειότητα
2903 4615 3234 4685 ἀνειληφὸτι·
3279 4615 3401 4667 ὅσον
3446 4614 3502 4667 δὲ
3553 4615 3644 4667 ἐπὶ
3688 4614 3765 4683 τῷ

519 4715 751 4775 nemque
775 4705 1101 4777 pertinebat,
1138 4720 1198 4762 se
1227 4707 1526 4778 profecisse
1560 4724 1621 4763 ac
1649 4709 1942 4763 humanam
1969 4725 2093 4780 per-

521 4794 806 4858 fectionem
853 4801 1099 4870 attigisse
1154 4800 1257 4855 sibi
1312 4801 1570 4856 conscius
1618 4811 1771 4866 erat;
1827 4808 2089 4871 quantum

519 4896 699 4952 autem
735 4889 804 4942 ad
828 4889 905 4944 rei
934 4892 1240 4954 veritatem,
1276 4909 1334 4948 se
1381 4894 1437 4947 in
1469 4894 1659 4949 multis
1696 4894 1926 4948 deiicere
1955 4894 2094 4948 scie—

517 4978 636 5045 bat,
683 4980 755 5035 ob
800 4981 964 5052 idque
993 4998 1115 5038 sese
1151 4983 1532 5055 imperfectum
1562 4985 1852 5040 fatebatur.
1890 4985 2091 5040 Eadem

519 5086 745 5140 prorsus
777 5081 975 5136 mente,
1009 5073 1056 5130 is
1089 5075 1180 5145 qui
1214 5076 1269 5130 in
1295 5076 1550 5147 praesenti
1580 5077 1841 5146 loquitur,
1877 5076 2092 5141 videtur

517 5164 649 5220 mihi
683 5164 896 5221 debitas
925 5164 1036 5221 Deo
1081 5166 1149 5222 de
1193 5169 1482 5239 praeteritis
1512 5169 1672 5224 bonis
1701 5170 1906 5240 gratias
1935 5176 2087 5223 retu-

515 5257 666 5321 lisse,
700 5272 786 5317 ac.
815 5265 999 5329 utpote
1025 5259 1206 5323 homo,
1234 5259 1566 5315 infirmitatis
1593 5261 1845 5315 humana:
1876 5262 2087 5332 lapsum

515 5349 830 5418 suspicatus
855 5365 999 5407 esse.
1031 5349 1372 5422 Quapmpter
1415 5352 1482 5407 de
1519 5351 1703 5408 futuro
1728 5352 1898 5408 Deum
1930 5368 2092 5421 rega-

517 5441 629 5504 bat,
664 5448 726 5494 ut
759 5440 876 5512 ipse
909 5441 1011 5497 sibi
1040 5443 1318 5513 legislator
1349 5453 1514 5499 esset.
1537 5443 1724 5514 Neque
1755 5445 1899 5498 enim
1932 5443 2086 5508 mihi,

517 5532 714 5602 inquit,
749 5542 876 5590 sunt
909 5535 1103 5606 legalia
1150 5536 1350 5609 Moysis
1401 5539 1555 5594 satis.
1590 5537 1699 5592 Lex
1728 5537 1927 5608 quippe
1974 5537 2086 5602 illa,

518 5642 627 5681 non
662 5613 849 5697 justus,
885 5631 979 5685 sed
1028 5630 1228 5702 iniquis
1271 5635 1326 5684 et
1367 5629 1870 5701 inobsequentibus,
1909 5629 2088 5698 impiis

2194 4705 2403 4776 ἀληθεῖ,
2435 4707 2494 4758 ὲν
2515 4705 2727 4770 πολλοῖς
2750 4705 2957 4760 ἑαυτῶν
2991 4708 3234 4777 ὑστερεῖν
3264 4707 3577 4774 ἐγίνωσκεν,
3602 4705 3764 4775 ἀτελῆ

2192 4815 2251 4850 τε
2291 4793 2430 4850 εἶναι
2461 4797 2651 4851 ἑαυτὸν
2677 4798 2764 4852 διὰ
2793 4797 2936 4851 τοῦθ’
2963 4797 3248 4868 ὡμολόγει.
3279 4797 3464 4869 Ταύτῃ
3499 4817 3587 4870 μαι
3620 4798 3764 4851 δοκεῖ

2153 4958 2155 4961 η
2197 4893 2263 4960 τῇ
2293 4889 2504 4960 διανοίᾳ
2531 4892 2624 4944 καὶ
2647 4892 2689 4946 ,ὁ
2722 4893 2792 4943 τά
2823 4889 3155 4962 προκείμενα
3194 4889 3475 4956 διεξελθὼν
3506 4891 3632 4962 περὶ
3665 4892 3762 4961 μὲν

2190 4981 2301 5034 τῶν
2336 4983 2740 5052 παρῳχηκότων
2779 4981 2876 5052 τὴν
2905 4983 3222 5053 πρέπουσαν
3248 4983 3594 5054 εὐχαριστίαν
3625 4985 3762 5036 ἀποο

2191 5073 2485 5127 δεδωκέναι
2515 5074 2592 5144 τῷ
2618 5073 2756 5144 Θεῷ,
2787 5068 2874 5128 οἶα
2903 5074 2961 5127 δὲ
3004 5074 3285 5146 ἄνθρωπος
3311 5075 3402 5128 τὸν
3429 5074 3636 5128 ὄλισθον
3667 5078 3764 5144 τῆς

2193 5168 2542 5241 ἀνθρωπίνης
2569 5167 2852 5231 ἀσθενείας
2879 5168 3202 5240 ὑφορᾶσθαι.
3239 5169 3331 5221 Διὸ
3360 5169 3489 5241 περὶ
3516 5167 3606 5221 τοῦ
3641 5167 3767 5238 μέλ-

2193 5261 2377 5324 λοντος
2403 5260 2598 5332 χρόνου
2633 5259 2932 5330 παρεκάλει
2953 5260 3044 5312 τὸν
3071 5260 3224 5324 Θεὸν,
3251 5260 3398 5324 ὅπως
3426 5259 3588 5323 αὐτὸς
3620 5258 3782 5340 αύτῷ-

2191 5351 2404 5420 γένοιτο
2441 5351 2757 5422 νομοθέτης.
2803 5352 2875 5405 Οὐ
2922 5351 3029 5424 γὰρ
3072 5353 3311 5423 ἀπαρκεῖ
3356 5370 3467 5422 μοι,
3513 5354 3664 5422 φησι,
3699 5352 3769 5404 τά

2197 5445 2348 5516 παρά
2390 5447 2616 5500 Μωῦσεῖ
2653 5445 2876 5516 νόμιμα·
2909 5445 3141 5508 δικαίοις
3171 5445 3338 5519 γάρ⁶ὁ
3367 5445 3530 5517 νόμος
3563 5448 3768 5508 ἐκεῖνος

2195 5536 2258 5589 οὐ
2281 5536 2688 5607 νενομοθέτητο,
2709 5537 2821 5590 ἀλλ’
2851 5537 3070 5608 ἀνόμοις
3091 5538 3185 5590 καὶ
3211 5537 3619 5601 ἀνυποτάκτοις,
3647 5539 3767 5590 ἀσε-

2198 5625 2316 5678 ϐέσι
2342 5626 2431 5679 καὶ
2465 5627 2805 5698 ἁμαρτωλοῖς
2831 5627 2924 5680 καὶ
2948 5629 3058 5689 τοῖς
3083 5626 3503 5699 παραπλησίοις.
3541 5627 3763 5689 Τούτοις

589 5784 634 5817 ⁸*
676 5784 841 5841 Exod.
878 5802 1068 5854 xx‘illl,
1103 5788 1194 5844 23.
1269 5788 1312 5818 "'
1351 5786 1482 5846 ibid.
1562 5788 1602 5818 ⁸³
1645 5784 1688 5838 ll
1717 5785 1838 5842 Cor.
1877 5801 1972 5853 su,
2010 5785 2094 5838 ll.
2175 5785 2217 5816 '°
2259 5782 2488 5856 Philipp.
2530 5801 2609 5849 In,
2645 5783 2726 5839 l2.
2804 5783 2842 5814 ⁵¹
2889 5781 2906 5834 1
2939 5782 3062 5837 Cor.
3101 5797 3176 5848 ιχ,
3205 5780 3295 5836 27.
