4010 6550
260 413 366 470 245

1424 394 1928 469 COMMENTARIA
1963 412 2031 468 lN
2070 407 2409 468 PSALuos.

3407 404 3514 459 266

261 527 371 601 γὰρ
409 529 437 581 6
458 510 713 598 ⁸Μωῦσῆς
745 524 1074 597 ἐνομοθέτει,
1107 524 1248 579 κατά
1274 524 1373 595 τὴν
1406 526 1840 600 σκληροκαρδίαν

1950 537 1996 586 et
2023 529 2401 600 peccatoribus
2425 525 2602 598 iisque
2632 525 2905 581 similibus
2933 516 3057 581 data
3077 531 3185 584 est.
3210 515 3517 598 istis'quip~

258 620 438 676 αὐτῶν
484 618 920 691 διαταττόμενος.
967 618 1108 689 Ἐγὼ
1147 618 1226 684 δὲ,
1268 620 1453 690 φησὶν,
1487 620 1548 672 οὐ
1577 623 1644 692 τῇ
1673 621 1842 677 Μωῡ-

261 714 399 778 σέως
438 711 727 785 νομοθεσίᾳ
773 708 1119 781 ὑποδέδληκα
1163 711 1416 781 ἐμαυτόν.
1461 711 1552 764 Διὸ
1589 711 1713 765 οὐδὲ
1743 713 1843 786 τὴν

254 806 344 860 διὰ
377 804 533 871 ζώων
557 803 775 875 σφαγῆς
813 804 1001 859 θυσίαν
1028 803 1464 875 ἐπηγγειλάμην,
1495 803 1631 858 ἀλλά
1651 803 1842 859 θυσίαν

256 897 601 970 ἀλαλαγμοῦ,
634 896 944 968 καινότερον
986 895 1189 968 τρόπον
1218 896 1250 966 ἢ
1280 895 1423 949 κατά
1459 895 1531 949 τά
1563 897 1841 961 Μωῦσέως

256 991 486 1064 νόμιμα.
536 989 737 1063 Διόπερ
785 988 922 1057 ἀξιῶ
954 988 1150 1059 καινῆς
1191 987 1514 1059 νομοθεσίας
1556 989 1707 1060 παρά
1745 989 1839 1043 σοῦ

256 1085 464 1155 τυχεῖν.
500 1083 674 1147 Αὐτὸς
704 1077 797 1137 οὖν
821 1080 919 1154 τὴν
947 1081 1045 1154 σὴν
1074 1080 1191 1135 ὁδὸν
1226 1080 1492 1148 ἐπίδειξόν
1529 1098 1638 1153 μοι’
1669 1081 1702 1153 ἢ
1725 1081 1841 1151 ς.θὼ-

257 1191 460 1241 τισον,
497 1175 639 1231 κατά
666 1175 755 1230 τὸν
814 1175 1063 1229 Ἀκύλαν.
1110 1174 1204 1247 Μὴ
1253 1174 1413 1247 μόνον
1459 1174 1516 1229 δὲ
1557 1174 1840 1247 ὑποδείξῃς

263 1268 400 1341 μηδὲ
434 1267 801 1341 νομοθετήσῃς
831 1284 939 1339 μοι,
973 1260 1019 1320 ὦ
1053 1264 1247 1337 Κύριε,
1279 1264 1417 1319 ἀλλά
1446 1266 1541 1319 καὶ
1573 1265 1838 1337 όδήγησόν

262 1377 333 1427 με
361 1360 420 1414 ἐν
438 1357 608 1430 τρίϐῳ
626 1355 831 1430 εὐθείᾳ,
856 1355 993 1428 πρὸς
1014 1354 1077 1409 τὸ
1099 1355 1173 1427 μὴ
1203 1352 1510 1426 προσκόψαι
1532 1353 1669 1424 πρὸς
1690 1351 1838 1406 λίθον

257 1451 349 1506 τὸν
381 1450 516 1504 πόδα
549 1466 670 1521 μου,
704 1447 915 1503 ἕνεκεν
944 1446 1066 1501 τῶν
1091 1445 1324 1516 ἐχθρῶν
1347 1463 1490 1515 μου.
1520 1444 1618 1513 Μὴ
1652 1457 1838 1512 παρα-

255 1542 374 1609 ὃῷς
394 1558 472 1611 με
507 1544 595 1607 είς
638 1539 841 1610 ψυχὰς
885 1540 1214 1594 θλιϐόντων
1238 1554 1335 1607 με.
1366 1537 1445 1590 Δι’
1476 1535 1686 1606 ὁμαλῆς
1727 1532 1836 1604 γὰρ

252 1638 374 1693 ὁδοῦ
412 1639 506 1691 καὶ
538 1636 824 1709 εἰρηνικῆς
860 1635 1009 1699 ὅπως
1045 1634 1315 1706 διαγάγῃς
1355 1648 1423 1703 με
1459 1628 1595 1695 ἀξιῶ
1620 1628 1713 1681 τὸν
1737 1626 1836 1696 τῆς

255 1727 400 1801 ζωῆς
436 1745 538 1800 μου
563 1728 775 1800 χρόνον.
807 1727 883 1781 Ού
920 1725 1031 1799 γάρ
1071 1725 1228 1797 μόνον
1262 1722 1512 1793 πολέμιοι
1538 1718 1835 1789 τυγχάνου-

251 1838 360 1883 σιν,
395 1819 532 1874 ἀλλά
561 1820 654 1873 καὶ
682 1816 1017 1888 συκοφάνται
1043 1815 1219 1871 ἄδικοι
1249 1815 1343 1867 καὶ
1368 1811 1832 1882 ψευδομάρτυρες,

1945 636 2013 693 pe
2042 620 2255 692 Moyses
2275 621 2447 690 legem
2479 618 2706 684 ferebat,
2732 616 2800 672 ad
2831 616 3086 673 duritiem
3118 617 3303 673 cordis
3325 632 3517 673 eorum

1944 711 2430 767 accommodatam.
2464 709 2533 763 At
2559 724 2680 780 ego,
2716 709 2912 779 inquit,
2945 723 3054 763 non
3085 723 3171 763 me
3204 706 3406 779 bloysis
3436 708 3518 763 le-

1943 800 2102 871 gibus
2149 800 2389 858 subdidi.
2434 799 2616 867 Quare
2663 814 2775 855 non
2830 805 3119 854 cruentum
3165 798 3519 866 sacriﬁcium,

1943 890 2038 945 sed
2089 890 2325 946 hostiam
2365 889 2711 960 jubilationis
2750 888 3031 960 pollicitus
3077 903 3221 955 sum,
3269 903 3412 944 novo
3456 902 3523 943 ac

1940 980 2100 1052 longe
2145 980 2362 1036 diverso
2391 995 2422 1033 a
2455 979 2659 1052 Moysis
2704 980 2973 1051 legalibus
3022 979 3156 1036 ritu.
3183 978 3311 1035 Ideo
3354 993 3524 1033 novas

1942 1073 2039 1128 abs
2065 1080 2118 1128 te
2152 1072 2369 1142 postulo
2399 1072 2565 1142 leges.
2595 1071 2679 1127 Tu
2726 1073 2867 1143 ipse,
2898 1086 3107 1143 quaero,
3135 1070 3283 1125 viam
3334 1078 3524 1127 osten-

1940 1165 2041 1220 das
2074 1164 2239 1232 mihi;
2267 1173 2361 1219 aut
2392 1165 2659 1229 illumina,
2698 1164 3002 1220 secundum
3032 1164 3304 1235 Aquilam.
3339 1161 3528 1232 Neque

1941 1258 2119 1312 solum
2153 1257 2413 1313 ostendas
2453 1270 2518 1310 ac
2544 1257 2717 1327 legem
2748 1270 2924 1326 ponas
2956 1256 3114 1321 mihi,
3143 1255 3393 1317 Domine,
3427 1254 3523 1310 sed

1938 1352 2101 1408 etiam
2131 1352 2303 1425 dirige
2333 1366 2419 1407 me
2455 1352 2506 1406 in
2542 1351 2735 1408 semita
2767 1360 2940 1416 recta,
2975 1358 3035 1405 ut
3065 1365 3133 1406 ne
3159 1349 3523 1406 oliendamad

1939 1446 2170 1519 lapidem
2200 1446 2337 1519 pede
2368 1461 2511 1512 meo,
2541 1455 2750 1516 propter
2776 1446 3020 1501 inimicos
3047 1461 3187 1501 meos
3213 1462 3231 1500 :
3264 1462 3326 1501 ne
3351 1445 3525 1500 tradi-

1938 1539 2077 1594 deris
2123 1556 2203 1593 me
2232 1540 2288 1594 in
2317 1539 2527 1593 animas
2559 1537 2929 1592 tribulantium
2945 1554 3045 1593 me.
3080 1536 3183 1592 Per
3210 1537 3426 1608 planam
3458 1551 3524 1591 ac

1935 1632 2216 1701 paciﬁcam
2245 1632 2387 1687 viam
2422 1646 2509 1686 me
2550 1638 2797 1703 tempore
2824 1631 2950 1687 vitae
2978 1646 3113 1685 mete
3153 1629 3397 1685 deducas
3426 1645 3525 1701 po-

1937 1722 2103 1777 stulo.
2130 1719 2247 1777 Non
2279 1723 2455 1778 solum
2484 1723 2629 1778 enim
2664 1722 2894 1782 inimici.
2917 1722 3011 1779 sed
3039 1722 3202 1777 etiam
3236 1721 3407 1792 iniqui
3436 1738 3528 1792 sy-

1936 1814 2223 1886 cophanta:
2267 1821 2320 1870 et
2369 1814 2492 1870 falsi
2527 1822 2696 1871 testes
2722 1816 2953 1881 instant,
2986 1814 3079 1885 qui
3103 1815 3288 1869 omnia
3331 1810 3517 1869 hostili

248 1913 346 1966 καὶ
377 1912 555 1966 πάντα
585 1910 657 1964 τά
686 1908 900 1981 ἐχθρῶν
942 1907 1295 1980 πράττοντες.
1340 1904 1476 1957 Τότε
1523 1902 1580 1956 δέ
1622 1900 1840 1973 ἀληθῶς

1950 1923 2089 1963 more
2122 1923 2333 1963 mecum
2369 1916 2556 1979 agunt.
2585 1906 2741 1963 Tunc
2771 1922 2937 1978 porro
2972 1907 3075 1963 sibi
3105 1922 3235 1963 vere
3261 1907 3528 1962 mentitur

252 2007 422 2077 ἑαυτῇ
454 2003 704 2074 ψεύδεται
746 2004 780 2074 ἡ
808 1999 1013 2064 ἀδικία,
1042 2000 1172 2053 ὅταν
1206 1996 1297 2069 μὴ
1324 1995 1466 2050 κατὰ
1497 1994 1840 2066 πραγμάτων

257 2098 513 2171 φέρηται,
558 2093 689 2166 μηδὲ
714 2091 985 2164 κατισχύῃ
1012 2088 1123 2142 τῶν
1154 2084 1804 2159 ψευδομαρτυρουμένων.

330 2185 600 2241 Πιστεύω
627 2183 732 2238 τοῦ
765 2181 917 2236 ίδεῖν
943 2182 1017 2235 τὰ
1048 2180 1238 2251 ἀγαθὰ
1262 2178 1483 2247 Κυρίου
1505 2178 1575 2231 ἐν
1593 2175 1672 2248 τῇ
1702 2174 1841 2237 ζών-

257 2288 396 2328 των.
436 2272 664 2345 Μήποτε
694 2270 752 2324 δὲ
793 2270 889 2324 καὶ
931 2268 1023 2322 ἐπὶ
1062 2268 1162 2342 τὴν
1187 2266 1445 2339 ἀνωτέρω
1472 2267 1687 2338 αἴτησιν
1709 2266 1840 2319 ἀνα⁴

259 2365 488 2439 πέμπειο
516 2363 698 2435 ἀγαθά
719 2364 927 2436 Κυρίου
965 2363 1140 2432 λέγων
1170 2360 1230 2415 τὸ
1263 2360 1519 2433 ἀνωτέρω
1552 2360 1840 2431 είρημένον

257 2458 551 2532 πρόσωπον
598 2455 784 2520 αὐτοῦ,
837 2455 968 2528 περὶ
1011 2450 1073 2509 οὗ
1119 2454 1347 2524 ἔφασκε·
1396 2452 1470 2507 Τὸ
1514 2453 1842 2521 πρόσωπόν

254 2567 395 2617 σου,
429 2549 629 2618 Κύριε,
674 2545 930 2616 ζητήσω.
966 2545 1065 2615 Μὴ
1099 2543 1494 2614 ἀποστρέψῃς
1521 2544 1588 2599 τό
1610 2545 1843 2613 πρόσω-

254 2641 375 2695 πόν
402 2656 519 2694 σου
561 2639 661 2693 ἀπ’
694 2637 863 2708 ἐμοῦ.
903 2637 995 2691 Διὸ
1029 2636 1173 2691 κατά
1209 2636 1302 2691 τδν
1345 2635 1575 2690 Ἀκύλαν
1603 2635 1841 2707 εἴρηταιθ

268 2733 640 2787 Ἐπίστευσα
662 2730 769 2786 τοῦ
813 2728 963 2784 ίδεῒν
998 2730 1069 2784 ἐν
1099 2725 1298 2800 ἀγαθῷ
1334 2729 1578 2799 Κυρίοιν
1611 2729 1748 2785 κατά
1784 2729 1842 2784 δὲ

253 2824 348 2880 τδν
373 2824 687 2897 Σύμμαχον
725 2823 1076 2876 Ἐπιστευον
1101 2820 1252 2876 ἰδεῖν
1280 2820 1397 2890 τὴν
1448 2821 1840 2891 ἀγαθοσύνην

258 2918 505 2987 Κυρίου.
548 2915 687 2970 Ἀλλ’
716 2906 985 2987 ὄψεταίγε
1010 2912 1106 2969 τοῦ
1121 2914 1327 2986 Κυρίου
1351 2913 1412 2967 τὸ
1434 2913 1726 2986 πρόσωπον
1749 2915 1845 2967 καὶ

256 3008 330 3066 τὰ
360 3006 542 3078 ἀγαθά
582 3004 939 3078 Κυρίου,οὑκ
984 3006 1044 3058 ἐν
1083 3003 1163 3076 τῷ
1204 3001 1469 3075 περιγείῳ
1510 3003 1682 3074 τόπῳ,
1730 3002 1844 3057 ἀλλ’

256 3101 381 3155 ούδέ
413 3103 472 3155 ἐν
513 3097 593 3171 τῷ
630 3098 742 3151 τῶν
776 3097 984 3168 θνητῶν
1016 3095 1224 3169 χωρίῳ,
1256 3095 1370 3149 ἀλλ’
1398 3095 1456 3147 ἐν
1497 3096 1568 3165 γῇ
1606 3092 1843 3160 ζώντων,

1938 1998 2223 2069 iniquitas,
2256 1998 2478 2069 quando
2509 2013 2601 2054 res
2634 1997 2737 2069 ipsi
2784 2013 2897 2055 non
2938 1999 3078 2055 bene
3099 1998 3318 2063 cedunt,
3346 2013 3526 2069 neque

1939 2089 2080 2146 falsa
2108 2091 2428 2146 testimonia
2456 2092 2780 2163 praevalent.

2011 2181 2179 2239 Vens.
2213 2183 2304 2238 15.
2346 2181 2517 2239 Credo
2547 2182 2719 2239 videre
2756 2182 2893 2237 bona
2924 2182 3142 2237 Domini
3173 2183 3229 2237 in
3269 2192 3411 2237 terra
3449 2182 3527 2236 vi.

1941 2275 2189 2329 centium.
2224 2272 2364 2329 Num
2410 2274 2479 2330 ad
2509 2274 2849 2346 superiorem
2880 2274 3304 2345 postulationem
3336 2274 3526 2329 remit-

1938 2368 2025 2432 tit,
2058 2382 2122 2422 ac
2167 2367 2310 2423 bona
2360 2365 2574 2423 Domini
2618 2368 2823 2423 vocitat
2852 2368 3064 2422 vultum
3107 2364 3325 2422 Domini
3357 2380 3524 2436 supra

1940 2465 2322 2522 memoratum,
2356 2458 2425 2514 de
2471 2473 2583 2530 quo
2633 2458 2754 2539 ait;
2800 2457 3014 2513 Vultum
3058 2466 3243 2522 tuum,
3278 2456 3523 2522 Domine.

1941 2550 2225 2620 requiram.
2255 2546 2339 2604 Ne
2363 2556 2572 2603 avertas
2603 2548 2794 2619 faciem
2824 2558 2971 2603 tuam
2995 2565 3029 2604 α
3060 2549 3181 2603 ιιιεῖ
3216 2547 3402 2616 Quare
3437 2563 3527 2604 se-

1939 2640 2179 2697 cundum
2228 2640 2481 2711 Aquilam
2528 2640 2731 2696 dicitur
2759 2659 2773 2695 :
2806 2638 3023 2696 Credidi
3077 2656 3158 2694 me
3207 2640 3528 2695 visurumia

1943 2728 2075 2784 bono
2101 2727 2354 2793 Domini;
2385 2728 2685 2785 secundum
2711 2744 2841 2784 vero
2873 2728 3263 2801 Symmachum
3293 2749 3305 2784 :
3335 2728 3530 2785 Crede-

1943 2822 2066 2877 bam
2094 2821 2267 2877 videre
2314 2821 2600 2877 bonitatem
2652 2822 2884 2877 Domini.
2921 2820 3027 2877 Sed
3071 2821 3276 2877 videbit
3308 2821 3526 2876 Domini

1952 2927 2160 2982 vultum
2202 2935 2257 2981 ct
2290 2924 2431 2981 bona
2475 2924 2724 2990 Domini,
2751 2938 2860 2977 non
2906 2923 2962 2978 in
2999 2930 3212 2979 terreno
3239 2921 3392 2984 loco,
3425 2918 3522 2976 sed

1951 3032 2128 3089 neque
2170 3017 2223 3071 in
2265 3027 2606 3081 mortuorum
2641 3016 2879 3087 regione,
2911 3014 3007 3070 sed
3048 3015 3103 3069 in
3145 3024 3288 3071 terra
3332 3014 3519 3068 viveno

1949 3110 2087 3165 tium
2117 3148 2133 3174 ,
2183 3123 2347 3178 quam
2394 3108 2671 3180 pollicitus
2725 3116 2809 3164 est
2859 3106 3108 3162 Salvator
3152 3106 3239 3163 his
3290 3104 3518 3171 verbis;

259 3194 327 3263 ἢν
364 3192 458 3248 καὶ
504 3191 534 3245 6
576 3190 767 3262 Σωτὴρ
807 3188 1171 3261 ἐπηγγείλατο
1212 3186 1404 3257 λέγων’
1460 3186 1749 3257 Μακάριοι
1789 3192 1843 3243 οἱ

1950 3199 2102 3264 Beati
2133 3201 2305 3269 mites,
2338 3200 2586 3272 quoniam
2618 3200 2719 3270 ipsi
2745 3199 3084 3269 possidebunt
3114 3207 3307 3254 terram
3328 3198 3421 3283 ’τε

261 3284 489 3367 πραεῖς,
518 3282 608 3337 ὅτι
639 3281 809 3336 αὐτοὶ
841 3277 1376 3351 κληρονομήσουσι
1408 3277 1523 3347 τὴν
1544 3276 1679 3349 γῆν.

806 3393 893 3448 ΤΩ
933 3392 1135 3446 ΔΑΥῙΔ
1166 3393 1293 3446 KZ'.

334 3487 490 3557 Πρὸς
538 3486 633 3552 σὲ,
663 3487 860 3556 Κύριε,
890 3483 1270 3553 κεκράξομαι,
1316 3486 1349 3539 ό
1396 3484 1543 3550 Θεός
1581 3498 1721 3553 μου,
1756 3478 1842 3550 μὴ

265 3576 743 3647 παρασιωπήσῃς
772 3577 872 3628 ἀπ’
903 3574 1071 3643 ἐμοῦ,
1103 3572 1338 3643 μήποτε
1368 3571 1846 3643 παρασιωπήσῃς

259 3669 357 3721 ἐπ’
393 3667 543 3736 ἐμοὶ,
589 3665 688 3719 καὶ
732 3662 1169 3734 ὁμοιωθήσομαι
1216 3661 1339 3728 τοῖς
1378 3661 1847 3716 καταϐαίνουσιν

261 3761 354 3825 εις
380 3756 628 3813 λάκκον.
661 3756 775 3810 Οὐκ
809 3752 1224 3824 ἐπιλελησμένοι
1250 3751 1361 3804 τῶν
1389 3749 1696 3822 ἔμπροσθεν
1718 3752 1846 3821 ἡμῖν

264 3848 607 3920 λελεγμένων
651 3845 781 3918 περὶ
816 3843 925 3898 τῶν
960 3842 1090 3898 ἀνευ
1131 3841 1275 3905 τινὸς
1316 3841 1636 3919 προσθήκης
1662 3844 1848 3912 ἐπιγε-

264 3939 603 4014 γραμμένων
631 3934 712 4003 τῷ
758 3933 960 4001 Δαυῒὸ,
1007 3933 1179 4005 ἢτοῦ
1222 3931 1425 3997 Δαυῒδ,
1471 3931 1848 4003 προσθήσομεν

265 4033 494 4095 ἐκείνοις
539 4031 633 4084 ἐπὶ
673 4027 769 4083 τοῦ
814 4026 1080 4101 παρόντος
1127 4024 1226 4098 τὴν
1272 4026 1353 4089 εἰς
1395 4025 1545 4096 ἡμᾶς
1589 4022 1848 4079 ἐλθοῦσαν

266 4122 586 4195 παράδοσιν.
631 4120 770 4175 Φασὶ
815 4118 995 4172 τοίνυν
1055 4116 1325 4188 Ἐϐραίων
1369 4115 1558 4179 παῖδες
1599 4114 1693 4168 ἐπὶ
1740 4114 1848 4167 τῶν

262 4215 520 4287 τοιαύτην
550 4214 783 4285 ἐχόντων
810 4211 1050 4283 γραφὴν,
1090 4210 1202 4270 δεῖν
1240 4207 1559 4287 ἀνατρέχειν
1597 4208 1689 4260 ἐπὶ
1722 4206 1847 4270 τοὺς

263 4305 545 4379 ἀνωτέρω,
588 4305 685 4359 καὶ
725 4306 947 4357 σκοπεῖν
985 4303 1168 4366 ὁποῖος
1205 4296 1272 4373 ἦν
1312 4302 1343 4355 ό
1381 4303 1439 4353 ἐν
1479 4301 1622 4372 ἀρχῇ
1657 4316 1849 4372 προτε-

264 4398 538 4470 ταγμένος
577 4396 791 4468 ψαλμὸς
829 4394 938 4447 τῶν
982 4393 1119 4465 μετά
1163 4391 1358 4457 ταῦτα,
1400 4392 1518 4463 ἢτοι
1567 4390 1848 4455 παντελῶς

265 4490 676 4562 ἁνεπιγράφων,
707 4489 740 4561 ἦ
768 4487 848 4553 τῷ
867 4486 1048 4541 Δαυῒδ
1081 4486 1592 4558 ἐπιγεγραμμένων
1626 4486 1721 4540 καὶ
1746 4504 1848 4559 μα-

2407 3389 2539 3467 lP_Sl
2572 3387 2782 3445 DAVID
2841 3387 3058 3445 xxvu.

2018 3485 2184 3544 Vens.
2220 3488 2272 3554 1,
2296 3485 2351 3540 2.
2392 3484 2476 3539 Ad
2512 3492 2581 3550 te,
2604 3483 2844 3547 Domine,
2890 3480 3156 3549 clamabo,
3192 3479 3335 3534 Deus
3362 3496 3526 3544 meus,

1948 3596 2013 3633 ne
2040 3579 2198 3634 sileas
2224 3595 2255 3631 α
2287 3595 2385 3642 me,
2412 3595 2475 3632 ne
2494 3577 2706 3649 quando
2735 3586 2910 3632 taceas
2942 3592 2975 3630 a
3000 3584 3165 3641 me,et
3192 3573 3531 3637 assimilabor

1949 3666 2377 3724 descendentibus
2402 3668 2457 3720 in
2482 3666 2678 3719 lacum.
2711 3665 2913 3719 Eorum
2943 3679 3064 3736 quae
3109 3663 3364 3732 superius
3392 3661 3533 3716 dixi-

1951 3777 2074 3816 mus
2119 3761 2186 3815 de
2234 3760 2462 3830 psalmis
2485 3758 2577 3829 qui
2619 3759 2737 3814 sine
2762 3757 3137 3812 additamento
3168 3754 3387 3820 Davidi,
3417 3754 3533 3810 sive

1950 3846 2172 3900 Doridis
2213 3842 2610 3913 inscribuntur,
2639 3861 2747 3901 non
2781 3846 3152 3909 immemores,
3182 3845 3290 3899 illis
3320 3845 3374 3898 in
3396 3859 3536 3915 prae-

1951 3938 2090 3993 senti
2119 3937 2491 4004 traditionem,
2530 3952 2652 4009 quae
2688 3937 2755 3993 ad
2793 3951 2895 3993 nos
2930 3952 3106 4007 usque
3132 3936 3402 4011 pervenit,
3435 3935 3533 3990 ad-

1946 4030 2326 4103 jiciemus(i).
2359 4030 2450 4086 Sic
2499 4032 2653 4086 aiunt
2695 4031 2880 4102 itaque
2932 4028 3139 4089 Hebraei
3188 4029 3256 4085 de
3306 4029 3532 4100 psalmis

1950 4122 2042 4193 qui
2077 4122 2238 4177 talem
2262 4120 2556 4194 praeferunt
2584 4122 2996 4195 inscriptionem
3019 4165 3035 4189 ,
3063 4131 3318 4194 oportere
3341 4121 3407 4177 ad
3434 4138 3531 4177 su-

1949 4216 2196 4287 periores
2229 4231 2537 4281 recurrere,
2575 4223 2740 4287 atque
2790 4217 3103 4280 observare,
3130 4217 3354 4288 quinam
3388 4226 3534 4275 esset

1949 4308 2194 4377 psalmus
2225 4306 2318 4378 qui
2350 4307 2568 4379 praeiret
2598 4308 2722 4365 aliis
2745 4308 3235 4381 subsequentibus,
3268 4308 3382 4363 sive
3405 4307 3530 4362 nul-

1949 4397 2056 4454 lam
2098 4414 2327 4470 prorsus
2370 4400 2783 4471 inscriptionem
2828 4400 3150 4465 ferentibus,
3189 4402 3306 4457 sive
3339 4398 3534 4453 Doridi

1948 4491 2229 4559 inscriptis
2245 4531 2259 4557 ,
2284 4501 2445 4563 atque
2467 4504 2687 4564 accepta
2712 4495 2781 4549 ab
2799 4494 2894 4548 illo
2916 4495 3126 4564 psalmo
3153 4491 3532 4562 inscriptione,

267 4581 454 4645 θόντες
481 4580 542 4646 ἐξ
569 4579 782 4637 ἐκείνουΔ
816 4578 915 4648 τὴν
953 4575 1296 4651 προγραφὴν,
1339 4575 1670 4647 ἐφαρμόζειν
1711 4577 1843 4648 αὐτῇ

1953 4586 2282 4641 sententiam
2314 4586 2767 4655 subsequentium
2798 4586 3135 4657 psalmorum
3172 4584 3274 4654 ipsi
3312 4598 3533 4639 accom-

269 4670 367 4725 καὶ
386 4670 495 4723 τῶν
518 4669 656 4741 μετά
676 4667 846 4727 ταῦτα
868 4667 1226 4741 συνημμένων
1250 4666 1349 4739 τὴν
1371 4666 1631 4723 διάνοιαν.
1665 4666 1722 4720 Ὁ
1749 4666 1850 4738 μὲν

268 4758 364 4818 οὖν
392 4761 530 4834 μετὰ
557 4763 768 4840 χεῖρας,
792 4760 872 4833 κζ’
893 4757 988 4822 ὢν,
1019 4758 1222 4830 ταύτην
1246 4758 1358 4830 ἔχει
1379 4758 1478 4830 τὴν
1504 4758 1849 4832 προγραφὴν,

270 4854 366 4909 καὶ
398 4854 428 4907 6
460 4860 551 4918 κς¹
576 4854 673 4907 καὶ
704 4853 732 4905 6
767 4858 844 4907 κε’
875 4851 970 4911 καὶ
1003 4854 1032 4905 ὁ
1061 4849 1168 4904 κδ”
1198 4851 1312 4905 ἀλλ’
1345 4853 1373 4905 6
1401 4858 1488 4921 κγ’
1510 4852 1751 4923 ψαλμὸς
1782 4847 1852 4923 ἦν

272 4942 356 5011 τῷ
376 4943 575 5008 Μυῒό,
625 4944 827 5014 ὁμοίως
861 4944 920 4996 δὲ
961 4944 1054 4996 καὶ
1098 4944 1126 4995 6
1169 4942 1272 4997 κδ’.
1322 4942 1533 4997 Οὐκοῦν
1564 4942 1856 4997 ἀκόλουθόν

268 5038 410 5099 ἐστι,
441 5036 584 5092 κατά
602 5036 699 5110 τὴν
730 5035 1025 5109 Ἐϐραῖκῆν
1046 5036 1366 5109 παράδοσιν,
1392 5035 1629 5100 καὶτοὺς
1652 5034 1848 5106 ἐφεξῆς

267 5129 480 5194 πάντας
508 5129 757 5200 ψαλμοὺς
782 5125 922 5184 εἶναι
952 5129 1374 5202 ὑπολαμϐάνειν,
1408 5128 1507 5193 ὡς,
1549 5128 1688 5184 κατὰ
1727 5127 1850 5182 τοῦ·

267 5236 358 5273 τον
391 5220 483 5273 τὸν
510 5218 690 5288 λόγον,
731 5220 827 5273 καὶ
870 5220 962 5274 τὸν
1006 5220 1143 5291 μετά
1182 5223 1369 5292 χεῖρας
1416 5218 1664 5290 ἡγεῖσθαι
1713 5214 1849 5273 εἶναι

217 5353 244 5383 ,
265 5311 503 5383 ψαλμὸν,
537 5311 861 5383 περιέχοντα
896 5310 1098 5382 δέησιν.

338 5402 510 5458 Τοῦτο
546 5404 657 5475 γὰρ
698 5402 1027 5475 παρίστησιν
1069 5403 1231 5468 αὐτὸς
1272 5404 1476 5475 προῖὼν
1518 5406 1611 5458 καὶ
1651 5404 1845 5475 λέγων⁹

263 5494 655 5553 Ε’ὶσάκουσον
686 5492 794 5562 τῆς
835 5493 1041 5563 φωνῆς
1083 5493 1194 5563 τῆς
1240 5494 1503 5562 δεήσεως
1529 5515 1647 5567 μου
1677 5498 1748 5552 ἐν
1774 5498 1854 5567 τῷ

341 5654 390 5685 ⁸⁸
430 5628 624 5709 Matth.
650 5668 704 5719 ν,
740 5652 795 5707 4.
910 5632 913 5635 ’

1952 4676 2163 4731 modari
2195 4686 2469 4747 oportere.
2502 4675 2752 4733 Praesens
2778 4677 2963 4747 itaque
2991 4677 3235 4748 psalmus
3263 4675 3355 4746 qui
3383 4690 3535 4729 χιιι-ιι

1953 4772 2060 4829 est,
2092 4766 2252 4821 istam
2300 4766 2462 4822 habet
2506 4766 2943 4836 inscriptionem,
2996 4766 3310 4837 pariterque
3364 4782 3490 4822 xxv:
3519 4809 3534 4833 ,

1950 4856 2061 4911 ‘xxv
2088 4863 2145 4910 et
2172 4872 2304 4910 XXIV
2336 4876 2349 4911 :
2383 4856 2478 4911 sed
2514 4873 2647 4911 χχιιι
2679 4856 2919 4927 psalmus
2950 4865 3068 4912 erat
3101 4853 3297 4910 Davidi
3342 4856 3538 4912 inscri-

1957 4953 2104 5020 ptus,
2138 4947 2501 5019 similiterque
2526 4962 2667 5015 xm,
2699 4950 2842 5005 unde
2877 4948 3179 5006 secundum
3210 4947 3535 5006 Hebraicam

1956 5036 2303 5093 traditionem
2356 5053 2699 5109 consequens
2744 5047 2861 5105 est,
2912 5038 3153 5111 reliquos
3201 5056 3391 5097 onmes
3438 5056 3537 5112 pro

1956 5130 2184 5202 psalmis
2234 5129 2302 5184 ad
2358 5129 2604 5186 eamdem
2634 5130 2901 5187 raticnem
2936 5130 3269 5205 reputandos
3300 5146 3442 5193 esse,
3474 5147 3538 5185 ac

1958 5230 2283 5294 praesentem
2313 5222 2567 5278 similiter
2596 5225 2865 5297 psalmum
2913 5226 3345 5297 supplicationes
3388 5241 3539 5281 com-

1959 5315 2307 5386 plectentem.

2030 5408 2170 5464 illud
2211 5425 2309 5481 per
2355 5426 2415 5466 se
2463 5411 2706 5468 declarat
2738 5413 2820 5469 vel
2859 5412 2974 5482 ipse
3018 5411 3288 5482 psalmus,
3317 5409 3447 5465 dum
3483 5408 3538 5463 in

1960 5503 2317 5574 sequentibus
2344 5503 2427 5562 sic
2456 5504 2618 5560 habet
2645 5523 2659 5561 :
2687 5502 2902 5558 Exaudi
2939 5520 3113 5560 vocem
3156 5500 3540 5573 deprecationis

341 5811 422 5880 (l)
460 5811 517 5866 ln
536 5811 807 5888 opusculo
830 5809 1093 5885 Origenis
1117 5828 1146 5867 a
1172 5810 1332 5870 nobis
1354 5812 1665 5884 propediem
1691 5814 1922 5884 edendo,
1959 5816 2104 5888 quod
2173 5817 2241 5873 ab
2270 5813 2604 5887 Hieronymo
2639 5813 2914 5879 laudatur,
2956 5814 3070 5872 hzec
3111 5812 3230 5884 ipsa
3280 5810 3534 5873 Hebreum

274 5899 393 5939 rum
432 5885 651 5938 traditio
680 5882 924 5939 aﬂ'crtur.
