4010 6538
507 337 613 392 247
1228 336 1495 394 EUSEBII
1533 336 2009 395 CESARIENSIS
2048 337 2199 394 OPP.
2242 333 2423 391 PARS
2462 333 2549 389 ιιι.
2589 365 2658 377 -
2697 333 3106 390 EXEGETICA.
3661 335 3784 391 258

506 469 633 510 mete
657 454 785 508 dum
806 469 899 509 ore
923 454 992 508 ad
1024 461 1090 508 te.
1122 452 1296 519 Quam
1323 469 1457 510 vero
1485 462 1721 509 mentem
1747 453 2079 534 deprecatio-

2186 451 2426 506 δέεσθαι
2448 468 2524 521 με
2548 451 2697 519 πρὸς
2717 449 2810 503 σέ.
2837 449 2968 503 Τίνα
2995 451 3052 504 δὲ
3079 449 3320 504 διάνοιαν
3348 451 3598 522 περιέχει
3626 457 3664 504 ὁ
3684 455 3792 522 τῆς

504 549 592 602 nis
617 547 791 605 series
821 547 1093 617 praeferat,
1119 561 1216 616 age
1246 553 1503 602 accurate
1523 528 2079 617 perpendamus-Cla-

2191 543 2433 616 δεήσεως
2458 544 2638 612 λόγος,
2659 543 2792 614 φέρε
2823 543 3264 614 κατανοήσωμεν.
3297 543 3435 615 Βοᾷν
3469 544 3608 614 φησι
3637 546 3792 615 πρὸς

501 653 655 694 mare
681 653 741 693 se
761 636 898 691 dicit
921 637 988 691 ad
1015 636 1322 704 Dominum,
1357 645 1523 708 atque
1545 637 1700 691 illum
1729 646 1789 691 ut
1811 637 2079 708 proprium

2191 635 2414 708 Κύριον,
2443 633 2820 689 ἐπικαλεῖσθαί
2845 651 2902 687 τε
2940 633 3101 686 αὑτὸν
3159 634 3234 697 ὡς
3265 633 3394 688 ἴδιον
3421 632 3585 687 αὑτοῦ
3617 633 3788 688 Θεόν.

500 728 609 785 sibi
650 729 818 785 Deum
846 730 1125 785 invocare.
1159 727 1242 783 Tu
1271 728 1442 794 enim,
1461 728 1559 794 ait,
1583 728 1842 801 dignatus
1865 745 1927 786 es
1958 745 2079 783 nunt

2190 730 2264 782 Σὺ
2297 727 2426 800 γὰρ,
2456 728 2642 799 φησὶν,
2670 727 2698 778 6
2727 724 3070 790 καταξιώσας
3099 725 3234 797 ἐμὸς
3256 724 3596 798 χρηματίσαι
3617 725 3790 788 Θεὸς,

500 821 691 890 cupari
739 818 884 876 Deus
930 834 1107 886 meus,
1133 827 1194 874 ut
1225 819 1644 891 promissionem
1680 821 1830 880 illam
1881 819 2079 876 sanctis

2190 819 2313 874 καθ’
2352 821 2420 892 ἦν
2456 817 2810 891 περιποιῆσαι
2855 817 2993 888 πρὸς
3035 815 3162 880 τοὺς
3203 817 3391 886 ἁγίους
3435 817 3794 885 ἐπαγγελίαν

500 912 634 968 viris
664 911 844 966 datam
877 925 1156 968 assereres
1184 930 1197 968 :
1239 910 1304 965 Et
1337 927 1427 966 ero
1451 911 1666 966 illorum
1696 911 1865 976 Deus,
1899 920 1949 965 et
1984 911 2079 980 ipsi

2189 911 2376 965 εἰπών’
2409 912 2518 966 Kal
2545 911 2756 980 ἔσομαι
2781 908 2979 964 αὐτῶν
3000 908 3166 974 Θεὸς,
3191 909 3291 962 καὶ
3315 909 3486 969 αὐτοὶ
3521 908 3795 962 ἔσονται

500 1007 655 1056 erunt
685 997 813 1051 mihi
839 995 1063 1066 populus
1090 995 1179 1047 δ”.
1206 993 1404 1064 Excipe
1436 994 1849 1064 deprecationem
1881 1005 2072 1057 meam,

2181 1021 2286 1074 μοι
2315 1004 2482 1070 λαός.
2513 1000 2848 1072 Παρὰδεξαί
2869 1019 2987 1072 μου
3016 1000 3132 1069 τὴν
3155 1000 3388 1068 δέησιν.
3419 1000 3530 1054 Καὶ
3548 1000 3642 1070 μὴ
3675 1018 3794 1054 πα-

503 1102 554 1148 et
588 1109 650 1146 ne
691 1091 848 1145 sileas
889 1107 922 1144 a
951 1105 1054 1154 me,
1103 1087 1379 1160 nequando
1425 1098 1597 1142 taceas
1646 1104 1678 1140 a
1710 1103 1811 1151 me,
1857 1093 1907 1140 et
1935 1084 2077 1139 assi-

2179 1086 2583 1164 ρασιωπήσῃς
2631 1094 2734 1148 ἀπ’
2778 1093 2946 1162 ἐμοῦ,
3002 1091 3240 1161 μήποτε
3288 1092 3793 1160 παρασιωπήσῃς

507 1184 734 1239 milabor
773 1181 1204 1237 descendentibus
1245 1181 1299 1234 in
1348 1180 1542 1237 lacum.
1592 1179 1718 1235 Haec
1761 1179 1974 1234 dicebat
2021 1176 2077 1230 in

2186 1187 2287 1242 ἀπ’
2320 1186 2488 1256 ἐμοῦ,
2532 1184 2630 1242 καὶ
2669 1184 3107 1255 ὁμοιωθήσομαι
3139 1173 3275 1250 τοῖς(
3300 1185 3793 1239 καταϐαίνουσιν

506 1275 807 1331 certamine
851 1274 1186 1330 constitutus
1231 1290 1246 1328 :
1288 1287 1358 1328 ne
1403 1273 1472 1328 iis
1517 1273 1610 1342 qui
1663 1280 1789 1342 post
1833 1269 2079 1325 mortalis

2185 1280 2274 1345 εἰς
2310 1276 2558 1332 λάκκον.
2587 1277 2772 1330 Ταῦτα
2799 1276 2843 1330 δ’
2878 1275 3117 1346 ἔφασκεν
3147 1279 3204 1330 έν
3226 1276 3435 1347 ἀγωνίᾳ
3464 1275 3786 1340 καθεστὼς·

508 1367 740 1436 hujusce
772 1367 896 1421 vitae
935 1366 1142 1420 exitum
1188 1365 1244 1420 in
1288 1365 1484 1420 mortis
1517 1364 1695 1419 lacum
1725 1362 2079 1427 descendunt,

2189 1370 2263 1440 μή
2300 1387 2374 1440 πη
2404 1369 2512 1439 ἄρα
2547 1371 2660 1432 τοῖς
2693 1369 2828 1440 μετὰ
2864 1367 2963 1440 τὴν
2997 1367 3254 1422 ἀνάλυσιν
3278 1368 3373 1422 τοῦ
3411 1368 3612 1439 θνητοῦ
3656 1369 3786 1438 βίου

508 1458 706 1514 similis
757 1457 928 1512 ﬁeret.
971 1455 1199 1513 Etiamsi
1252 1457 1398 1512 enim
1453 1457 1508 1512 in
1560 1455 1825 1526 superiori
1866 1454 2079 1524 psalmo

2184 1461 2602 1515 καταϐαίνουσιν
2623 1463 2704 1525 είς
2733 1461 2825 1514 τὸν
2851 1461 2944 1514 τοῦ
2975 1459 3204 1514 Θανάτου
3233 1459 3435 1515 λάκκον
3456 1478 3785 1534 παρομοιω-

499 1542 700 1596 dixerit
733 1559 748 1598 :
776 1539 945 1598 Credo
968 1543 1139 1596 videre
1172 1542 1308 1597 bona
1353 1543 1569 1598 Domini
1614 1546 1670 1598 in
1717 1555 1860 1599 terra
1909 1547 2079 1601 viven-

2184 1552 2324 1624 θείη.
2373 1554 2437 1606 Ei
2468 1552 2578 1626 γάρ
2624 1553 2693 1606 τά
2742 1552 2976 1624 μάλιστα
3022 1554 3080 1606 ὲν
3125 1551 3203 1623 τῷ
3251 1553 3356 1624 πρὸ
3388 1553 3574 1607 τούτου
3615 1554 3784 1624 ἔλεγε

500 1636 632 1687 tium
649 1636 717 1698 5';
735 1641 972 1690 attamen
1004 1643 1065 1690 ut
1096 1635 1260 1690 homo
1284 1636 1462 1691 adhuc
1491 1651 1659 1692 carne
1681 1639 2079 1702 circumdatus,

2180 1645 2400 1717 ψαλμῷ*
2449 1645 2718 1700 Πιστεύω
2745 1646 2849 1699 τοῦ
2868 1644 3017 1699 ἰδεῖν
3040 1645 3111 1700 τὰ
3133 1645 3324 1714 ἀγαθὰ
3354 1646 3574 1714 Κυρίου
3596 1648 3672 1699 ἐν
3691 1645 3781 1717 γῇ

498 1726 570 1780 ob
594 1726 720 1781 vitae
748 1727 1082 1782 debilitatem
1113 1743 1179 1783 ac
1205 1728 1601 1784 volubilitatem
1634 1729 1966 1784 decertabat.
1998 1731 2079 1784 Si-

2188 1735 2446 1798 ζὼντων·
2491 1737 2606 1792 ἀλλ’
2635 1738 2784 1808 ὅμως
2825 1737 2901 1802 ὡς
2937 1737 3244 1811 ἄνθρωπος,
3288 1738 3368 1791 ἔτι
3404 1738 3580 1810 σάρκα
3614 1757 3785 1810 περι-

501 1817 720 1887 quidem
740 1827 793 1874 et
821 1819 935 1890 ipse
959 1819 1254 1890 Apostolus
1283 1821 1624 1888 decertabat,
1650 1837 1717 1876 ne
1739 1823 1862 1878 aliis
1887 1822 2079 1892 praedi-

2187 1829 2456 1900 κείμενος,
2487 1805 2698 1898 ἠγωνία
2726 1828 2813 1882 διὰ
2840 1831 2900 1882 τὸ
2922 1805 3120 1902 σαθρὸν
3152 1830 3247 1883 καὶ
3278 1805 3641 1901 εὐμετάϐολον
3671 1805 3776 1883 τοῦ

499 1924 634 1964 cans
663 1909 780 1978 ipse
810 1912 1073 1981 reprobus
1103 1912 1522 1970 inveniretur“.
1556 1911 1760 1967 Larum
1794 1922 1973 1968 autem
1997 1929 2079 1968 so-

2187 1921 2324 1991 βίου.
2366 1922 2518 1974 Ἐπεὶ
2546 1921 2694 1975 καὶὸ
2727 1921 3046 1985 Ἀπόστολος
3072 1922 3302 1992 ἠγωνία,
3332 1923 3552 1993 μήπως,
3583 1921 3781 1987 ἄλλοις

498 2002 613 2055 lent
641 2001 810 2056 divini
837 2002 959 2058 libri
995 2020 1310 2074 nuncupare
1333 2005 1640 2060 animarum
1662 2003 2002 2060 domicilium
2028 2006 2079 2060 in

2183 2009 2448 2082 κηρύξας,
2479 2010 2640 2073 αὐτὸς
2676 2009 2932 2080 ἀδόκιμος
2960 2009 3202 2081 γένηται.
3235 2011 3449 2064 Λάκκον
3477 2010 3533 2062 δὲ
3567 2009 3778 2062 εἰώθα-

497 2093 737 2160 iuferno,
775 2104 834 2148 ut
882 2111 1081 2152 vocare
1130 2106 1555 2158 consueverunt.
1586 2096 1743 2162 Quod
1769 2099 1932 2152 etiam
1963 2098 2079 2169 ipse

2185 2119 2267 2155 σιν
2289 2104 2337 2154 οἱ
2360 2102 2493 2155 θεῖοι
2519 2101 2666 2169 λόγοι
2695 2101 2982 2172 ὀνομάζειν
3007 2101 3070 2154 τὸ
3099 2101 3207 2155 τῶν
3231 2101 3420 2172 ψυχῶν
3446 2103 3774 2173 οἰκητήριον

496 2185 666 2240 David
700 2185 963 2249 declarat,
997 2187 1127 2242 dum
1166 2204 1274 2242 non
1311 2189 1472 2259 longe
1518 2187 1646 2242 hinc
1693 2188 1748 2242 in
1781 2204 1916 2242 xxxx
1945 2189 2079 2259 psal-

2180 2191 2242 2243 τὸ
2275 2192 2333 2244 ὲν
2371 2189 2448 2261 τῷ
2474 2191 2792 2261 καλουμένῳ
2987 2189 3017 2242 δ
3059 2189 3124 2261 δὴ
3167 2191 3495 2262 παρίστησιν
3537 2189 3704 2252 αὐτὸς
3742 2192 3778 2243 6

499 2291 590 2330 mo
623 2277 750 2329 talia
782 2276 924 2331 fatur
953 2298 966 2332 :
1003 2278 1226 2333 Domine
1274 2279 1415 2333 Deus
1447 2295 1613 2345 meus,
1635 2279 1861 2334 clamavi
1889 2280 1959 2333 ad
2011 2288 2078 2343 te,

2180 2278 2342 2332 Δαυῒδ
2369 2280 2467 2332 οὐκ
2489 2281 2567 2342 εἰς
2590 2279 2805 2351 μακρὰν
2834 2281 2892 2332 ὲν
2917 2277 2995 2349 τῷ
3016 2279 3095 2332 κθ⁹
3119 2278 3320 2350 ψαλμῴ
3354 2280 3548 2347 λέγων·
3586 2281 3773 2347 Κύριε

497 2379 549 2421 et
575 2368 782 2423 sanasti
812 2385 892 2423 me
914 2387 933 2423 :
975 2370 1220 2434 Domine,
1249 2369 1481 2424 eduxisti
1514 2386 1578 2426 ea:
1609 2370 1813 2440 inferno
1843 2371 2079 2424 animam

2185 2365 2216 2419 ὁ
2246 2370 2388 2436 Θεός
2415 2388 2550 2436 μου,
2577 2369 2872 2441 ἐκέκραξα
2903 2370 3052 2438 πρὸς
3085 2371 3180 2435 σὲ,
3210 2372 3306 2425 καὶ
3342 2370 3490 2425 ἰάσω
3509 2389 3612 2440 με·
3642 2373 3769 2425 Κύ-

503 2474 713 2522 meant;
757 2461 976 2515 salvasti
1008 2478 1089 2515 me
1119 2479 1153 2514 a
1180 2461 1608 2516 destendentibus
1646 2463 1701 2516 in
1741 2462 1938 2516 lacum.
1990 2460 2082 2515 Vi-

497 2549 626 2605 den'
653 2552 926 2620 quomodo
951 2552 1139 2608 eodem
1167 2553 1220 2607 in
1251 2555 1371 2608 loco
1399 2552 1670 2608 infernum
1691 2562 1744 2607 et
1768 2555 1944 2607 lacum
1977 2568 2076 2607 una

497 2644 816 2715 copulavit?
862 2643 968 2700 Sed
997 2644 1053 2699 in
1085 2647 1339 2714 praesenti
1375 2645 1594 2717 quidem
1630 2647 1841 2716 psalmo
1873 2647 2079 2701 clamo-

495 2753 610 2792 rem
641 2736 710 2792 ad
735 2735 904 2792 Deum
929 2738 1148 2798 emittit.
1183 2753 1381 2808 rogans
1406 2754 1514 2792 non
1537 2736 1831 2794 assimilari
1853 2737 2078 2795 descen-

495 2829 750 2886 dentibus
789 2830 844 2884 in
874 2830 1086 2895 lacum;
1128 2838 1186 2884 at
1225 2831 1279 2884 in
1314 2847 1457 2886 nono
1489 2839 1546 2886 et
1576 2832 1838 2902 vigesimo
1869 2831 2076 2886 oratio-

413 2960 423 2971 .
496 2937 620 2977 nem
654 2922 756 2978 sibi
806 2923 946 2978 bene
975 2922 1214 2977 cessisse
1256 2924 1603 2986 testiﬁcatur,
1636 2924 1716 2977 sic
1748 2922 1935 2978 aiens:
1966 2921 2075 2977 Do-

501 3015 659 3078 mine,
691 3014 919 3069 clamavi
958 3015 1027 3069 ad
1061 3025 1129 3080 te,
1163 3026 1212 3070 et
1257 3016 1466 3069 sanasti
1506 3031 1623 3081 me;
1666 3015 1885 3070 salvastt'
1923 3032 2003 3070 me
2037 3033 2074 3072 α

493 3097 924 3162 descendentibus
965 3108 1020 3160 in
1059 3107 1318 3162 lacum".
1353 3105 1668 3177 Opportune
1710 3115 1888 3162 autem
1916 3108 2074 3166 lacus
2102 3145 2143 3203 ε

501 3198 705 3252 dicitur
742 3199 1050 3254 animarum
1081 3200 1135 3253 in
1172 3200 1387 3255 inferno
1419 3200 1778 3254 domicilium.
1808 3199 2078 3265 Quemad-

500 3291 724 3345 modum
773 3293 917 3346 enim
950 3293 1100 3348 lacus
1132 3294 1533 3364 receptaculum
1569 3304 1654 3348 est
1682 3307 1948 3366 aquarum
1983 3291 2080 3350 de-

497 3397 666 3452 super
694 3397 758 3436 ae
787 3397 818 3438 e
849 3383 1069 3437 sublimi
1103 3383 1244 3439 istuc
1277 3384 1664 3451 decidentium,
1697 3389 1777 3442 sic
1808 3394 1863 3442 et
1885 3387 2078 3442 mortis

494 3477 670 3547 regio,
705 3476 796 3532 cui
826 3492 1025 3530 nomen
1061 3477 1331 3542 infernus,
1370 3491 1464 3533 eas
1505 3494 1626 3551 quae
1664 3496 1694 3533 a
1727 3480 1976 3549 supernis
2010 3496 2076 3535 ex

497 3569 736 3624 humana
767 3569 879 3624 vita
915 3569 1056 3624 istuc
1087 3569 1349 3625 decidunt
1381 3572 1595 3628 animas
1624 3572 1925 3643 excipiens,
1955 3571 2079 3642 jure

496 3661 658 3716 lacus-
679 3661 1011 3731 appellatur.
1039 3659 1215 3734 Rogat
1236 3661 1421 3735 itaque
1446 3672 1504 3719 ut
1534 3676 1606 3718 ne
1627 3665 1681 3718 in
1717 3673 2076 3719 memoratum

493 3752 673 3806 lacum
706 3767 810 3810 una
848 3767 973 3810 cum
1013 3757 1137 3810 aliis
1171 3755 1512 3812 detrahatur.
1548 3754 1612 3808 Et
1645 3755 1748 3810 hoc
1777 3770 1910 3811 sane
1943 3755 2076 3810 mihi

491 3853 791 3918 continget,
815 3847 911 3913 ait,
936 3848 981 3904 si
1019 3847 1254 3918 reliquis
1279 3847 1593 3902 hominibus
1623 3848 1819 3903 similis
1849 3847 2075 3901 evadam

494 3941 585 4008 qui
629 3940 728 3994 abs
758 3947 812 3993 te
841 3955 948 3993 non
983 3939 1374 4001 exaudinntur,
1403 3938 1548 4008 quod
1581 3947 1666 3993 est
1693 3939 1994 3994 aversionis
2025 3946 2080 3992 et

491 4030 603 4084 odii
637 4031 714 4082 tui
744 4030 982 4100 signum.
1006 4027 1153 4082 Loco
1182 4038 1369 4082 autem
1407 4027 1592 4097 hujus,
1632 4045 1693 4081 ne
1724 4030 1881 4082 sileas
1915 4046 1946 4082 a
1974 4044 2075 4091 me,

495 4119 878 4188 Symmachus,
930 4136 992 4174 ne
1033 4129 1209 4174 taceas
1240 4134 1309 4173 ea:
1344 4136 1444 4183 me,
1483 4121 1685 4188 habet;
1732 4135 1801 4175 ne
1843 4119 1982 4174 forte
2026 4130 2079 4174 te

491 4209 685 4279 procul
727 4225 814 4266 me
858 4211 1201 4282 quiescente,
1247 4211 1446 4266 similis
1487 4211 1590 4265 sim
1621 4210 2077 4266 descendentibus

493 4303 549 4356 in
585 4300 792 4357 lacum.

558 4562 728 4621 Vens.
764 4567 815 4623 5.
859 4567 1123 4635 Quoniam
1155 4585 1258 4624 non
1293 4569 1667 4624 intellexerunt
1702 4585 1859 4638 opera
1889 4570 2070 4625 Domi-
2099 4563 2143 4618 D

491 4658 566 4722 ni,
598 4669 647 4714 et
681 4662 734 4714 in
766 4678 924 4725 opera
969 4678 1224 4715 manuum
1265 4662 1402 4732 ejus,
1434 4660 1672 4716 destrues
1707 4663 1852 4728 illos,
1887 4673 1936 4717 et
1964 4680 2067 4717 non

489 4750 781 4823 mdiﬁcabis
815 4772 922 4812 eos.
968 4752 1145 4827 Opera
1191 4755 1408 4812 Domini
1461 4756 1668 4812 dixeris
1723 4755 2066 4813 conditarum

490 4842 738 4898 omnium
775 4860 956 4900 rerum
998 4848 1388 4910 substantiam,
1424 4863 1588 4918 quam
1616 4864 1681 4903 ex
1711 4863 1819 4903 non
1850 4855 2072 4902 exstan-

493 4934 642 4989 tibus
685 4934 753 4988 ad
793 4937 1170 4993 exsistenliam
1217 4939 1443 4994 deduxit
1475 4940 1856 4994 universorum
1888 4940 2066 5010 opifex

493 5025 636 5080 Deus
668 5043 680 5080 :
709 5042 873 5097 opera
908 5040 1088 5084 autem
1122 5047 1383 5086 manuum
1414 5032 1556 5102 ejus.
1589 5049 1770 5088 rerum
1800 5031 2070 5087 factarum

491 5117 1039 5186 administrationem,
1072 5138 1178 5192 qua
1205 5125 1467 5195 prospicit
1495 5140 1558 5179 ac
1591 5125 1896 5194 dispensat,
1930 5123 2065 5180 Pro-

490 5211 744 5268 videntiae
775 5228 889 5268 suae
918 5214 1215 5272 virtutibus
1245 5232 1346 5274 ceu
1379 5218 1632 5275 manibus
1658 5218 1841 5272 omnia
1871 5217 2073 5289 guber-

490 5321 648 5362 naus.
793 5364 800 5370 ,

574 5397 730 5454 tiens.
763 5397 817 5462 6,
851 5399 906 5454 7.
951 5400 1265 5456 Benedictus
1307 5401 1470 5470 Deus,
1505 5403 1753 5473 quoniam
1792 5400 2063 5455 exaudivit

492 5509 663 5546 vocem
694 5492 1078 5561 deprecationis
1105 5511 1253 5550 mete.
1294 5494 1553 5548 Dominus
1593 5494 1812 5564 adjutor
1840 5509 1983 5547 meus
2017 5501 2066 5546 et

493 5595 755 5657 protector
780 5603 963 5641 meus:
992 5589 1044 5643 in
1079 5588 1193 5657 ipso
1226 5590 1455 5657 speravit
1482 5605 1573 5642 cor
1605 5604 1797 5653 meum,
1839 5595 1888 5640 et
1918 5585 2072 5656 adju-

2171 2478 2284 2529 ριε,
2304 2459 2602 2530 ἀνήγαγες
2621 2460 2691 2525 ἐξ
2714 2461 2862 2528 ᾅδου
2889 2460 3005 2528 τὴν
3030 2461 3242 2530 ψυχήν
3263 2478 3403 2531 μουο
3429 2461 3671 2528 ἐαωσάς
3687 2479 3768 2531 με

2177 2551 2297 2605 ἀπὸ
2331 2550 2448 2604 τῶν
2477 2551 2958 2604 καταϐαινόντων
2980 2552 3068 2616 εἰς
3098 2549 3352 2606 λάκκον.
3406 2551 3569 2622 Ὁρᾷς
3611 2552 3768 2616 ὅπως

2175 2642 2266 2697 τὸν
2293 2642 2428 2714 ᾅδην
2456 2645 2551 2695 καὶ
2583 2641 2672 2696 τὸν
2701 2641 2901 2696 λάκκον
2928 2641 2985 2695 ὲν
3023 2640 3213 2712 ταύτῷ
3239 2641 3326 2695 διὰ
3363 2640 3566 2694 τούτων
3594 2643 3762 2712 συνῆ-

2173 2737 2309 2807 ψεν;
2340 2734 2478 2788 Ἀλλ’
2501 2737 2558 2787 έν
2585 2735 2682 2805 μὲν
2709 2733 2789 2806 τῷ
2814 2733 2954 2804 μετὰ
2973 2736 3163 2805 χεῖρας
3190 2732 3318 2804 βοὰς
3351 2734 3485 2805 πρὸς
3508 2733 3602 2786 τὸν
3625 2730 3767 2786 Θ;ὸν

2173 2829 2308 2900 άφίη
2315 2845 2418 2892 σιν,
2437 2826 2771 2900 παρακαλῶν
2789 2827 2865 2898 μὴ
2878 2826 3208 2898 ὁμοιωθῆναι
3223 2829 3332 2888 τοῖς
3346 2824 3673 2879 καταΰαίνου
3681 2843 3765 2879 σιν

2172 2921 2253 2984 εἰς
2279 2920 2498 2974 λάκκον
2519 2923 2577 2973 έν
2600 2919 2657 2972 δὲ
2675 2917 2752 2989 τῷ
2773 2917 2979 2989 ὲννάτῳ
3003 2918 3098 2972 καῖ.
3123 2919 3350 2990 εἰκοστῷ
3370 2918 3763 2990 κατωρθῶσθαι

2171 3012 2322 3085 αὐτῷ
2343 3012 2411 3067 τά
2429 3013 2528 3082 τῆς
2554 3012 2721 3082 εὐχῆς
2741 3011 2981 3065 διδάσκει
3011 3009 3205 3080 λέγων·
3242 3013 3441 3082 Κύριε,
3467 3012 3765 3081 ἐκέκραξα

2176 3110 2327 3176 πρὸς
2352 3105 2448 3169 σὲ,
2487 3106 2586 3158 καὶ
2615 3104 2766 3160 ἰάσω
2791 3121 2890 3174 με·
2923 3104 3166 3173 ἐσωσάς
3187 3125 3265 3177 με
3287 3107 3404 3161 ἀπὸ
3434 3104 3553 3159 τῶν
3578 3123 3764 3159 κατα-

2177 3199 2501 3254 ϐαινόντων
2535 3200 2623 3264 εις
2650 3196 2904 3255 λάκκον.
2943 3199 3247 3271 Προσφυῶς
3277 3200 3334 3254 δὲ
3379 3199 3578 3263 λάκκος
3625 3199 3765 3252 ὠνό-

2180 3306 2384 3364 μασται
2421 3288 2482 3344 τὸ
2506 3290 2564 3345 ὲν
2592 3289 2671 3362 τῷ
2693 3291 2794 3362 ᾄδῃ
2817 3290 2926 3343 τῶν
2953 3289 3140 3361 ψυχῶν
3163 3291 3494 3363 οἰκητήριον.
3536 3291 3626 3354 Ὠς
3651 3292 3768 3363 γὰρ

2175 3384 2204 3436 6
2239 3382 2440 3444 λάκκος
2472 3382 2678 3453 δοκεῖόν
2717 3384 2834 3435 ἐστι
2872 3383 2979 3435 τῶν
3021 3382 3226 3436 ἄνωθεν
3260 3383 3352 3435 κει.)⁸
3390 3381 3450 3446 ἐξ
3483 3381 3648 3450 ὕψους
3677 3384 3764 3446 εἰς

2177 3472 2336 3526 αὐτὸν
2370 3473 2831 3544 καταφερομένων
2862 3473 3088 3528 ὑδάτων·
3129 3473 3221 3525 τὸν
3247 3474 3409 3527 αὑτὸν
3439 3474 3638 3544 τρόπον
3663 3475 3766 3527 καὶ

2176 3565 2206 3618 6
2233 3563 2327 3618 τοῦ
2357 3563 2588 3619 θανάτου
2617 3566 2815 3637 χῶρος,
2844 3567 2873 3619 6
2904 3565 3239 3638 καλούμενος
3263 3564 3395 3636 ᾅδης
3425 3565 3520 3628 τὰς
3552 3565 3764 3619 ἄνωθεν

2176 3657 2285 3712 ἀπὸ
2314 3657 2408 3711 τοῦ
2437 3656 2545 3711 τῶν
2573 3655 2877 3729 ἀνθρώπων
2917 3657 3034 3728 βίου
3069 3660 3150 3721 είς
3179 3657 3341 3710 αὐτὸν
3382 3657 3766 3728 καταφερομέ-

2177 3766 2273 3813 νας
2297 3749 2475 3820 ψυχάς
2507 3748 2920 3820 ὑποδεχόμενος,
2967 3748 3263 3822 προσφυῶς
3304 3749 3506 3812 λάκκος
3539 3750 3762 3820 ὠνόμα-

2179 3857 2324 3894 σται.
2379 3840 2697 3912 Παρακαλεί
2740 3841 2920 3895 τοίνυν
2965 3842 3040 3912 μὴ
3092 3841 3518 3912 συνελκυεθῆνιιαι
3552 3844 3630 3906 εἰς
3666 3842 3766 3899 τὸν

2177 3933 2542 4004 δεδηλωμένον
2567 3934 2790 3988 λάκκον.
2816 3933 2986 3989 Τοῦτο
3005 3933 3082 3998 δὲ,
3108 3933 3292 4004 φησιν,
3315 3933 3490 3997 ἔσται,
3508 3937 3556 3987 εἰ
3574 3935 3766 4004 ὅμοιος

2179 4025 2438 4096 γενοίμην
2462 4027 2576 4089 τοῖς
2595 4025 2801 4088 λοιποῖς
2825 4021 3132 4097 ἀνθρώποις
3160 4028 3272 4089 τοῖς
3302 4026 3378 4097 μὴ
3409 4029 3767 4097 είσακουομὲ-

2177 4134 2289 4181 νοις
2310 4117 2415 4170 ὑπὸ
2436 4117 2549 4170 σοῦ·
2573 4117 2601 4170 ὃ
2624 4117 2688 4187 δὴ
2713 4120 2938 4187 σημεῖον
2960 4119 3216 4188 τυγχάνει
3234 4119 3334 4188 τῆς
3368 4119 3466 4190 σῆς
3495 4119 3767 4189 ἀποστρο-

2179 4210 2308 4280 φῆς.
2350 4210 2494 4264 Ἀντὶ
2519 4209 2575 4262 δὲ
2611 4209 2728 4262 τοῦ·
2764 4209 2861 4278 Μὴ
2894 4209 3373 4279 παρασιωπήσῃς
3399 4212 3500 4265 ἀπ’
3528 4212 3694 4282 ἐμοῦ,
3729 4216 3765 4266 6

2180 4302 2496 4373 Σύμμαχος,
2513 4302 2599 4372 μὴ
2627 4303 2890 4373 σιγήσῃς
2913 4302 2982 4367 ἐξ
3005 4303 3170 4373 ἐμοῦ,
3197 4304 3348 4374 φησί’
3374 4306 3605 4376 μήποτε,
3630 4306 3763 4375 ἡσυ-

2178 4394 2444 4466 χάσαντός
2473 4412 2566 4448 σου
2591 4395 2792 4450 ἄποθεν
2817 4412 2941 4466 μου,
2971 4395 3222 4467 ὁμοιωθῶ
3253 4399 3365 4462 τοῖς
3395 4397 3761 4451 καταϐαίνου-

2178 4501 2265 4538 σιν
2291 4487 2372 4549 ei;
2396 4485 2617 4540 λάκκον.

2244 4576 2364 4629 Ὅτι
2397 4578 2469 4629 οὺ
2501 4575 2779 4644 συνῆκαν
2803 4580 2892 4644 εἱς
2919 4579 2989 4634 τὰ
3015 4579 3160 4648 ἔργα
3187 4580 3428 4649 Κυρίου,
3456 4580 3554 4636 καὶ
3578 4582 3664 4646 εις
3685 4579 3760 4634 τὰ

2169 4667 2314 4735 ἔργα
2350 4665 2466 4720 τῶν
2497 4667 2714 4736 χειρῶν
2749 4669 2958 4734 αὺτοῦ,
2989 4670 3262 4737 καθελεῒς
3290 4671 3532 4737 αὐτοὺς,
3557 4672 3652 4735 καὶ
3683 4674 3759 4725 οὐ

2164 4756 2251 4826 μὴ
2289 4757 2704 4827 οἱκοδομήσεις
2739 4760 2979 4824 αὐτούς.
3032 4759 3209 4829 Ἔργα
3243 4759 3300 4813 δὲ
3343 4760 3551 4832 Κυρίου
3582 4757 3760 4822 εἴποις

2171 4849 2236 4904 ἂν
2276 4850 2374 4921 τὴν
2419 4850 2527 4903 τῶν
2556 4851 2798 4922 γενητῶν
2831 4853 3047 4905 πάντων
3081 4852 3398 4917 ὑπόστασιν,
3438 4853 3560 4906 καθ’
3589 4852 3656 4922 ἣν
3697 4853 3755 4917 ἐξ

2172 4942 2274 4994 οὐκ
2297 4941 2467 4995 ὄντων
2498 4944 2578 5006 είς
2623 4943 2684 4995 τὸ
2724 4939 2860 4996 εἶναι
2905 4943 2973 4996 τὰ
3013 4944 3189 4997 πάντα
3220 4946 3539 5016 παρήγαγεν
3579 4945 3608 4996 ὁ
3645 4942 3755 4995 τῶν

2176 5032 2392 5087 πάντων
2413 5033 2642 5105 ποιητὴς
2671 5034 2821 5098 Θεός·
2855 5035 2991 5107 ἔργα
3021 5035 3077 5088 δὲ
3102 5037 3301 5107 χειρῶν
3331 5036 3491 5090 αὐτοῦ
3523 5033 3619 5105 τὴν
3647 5035 3751 5086 τῶν

2174 5125 2481 5195 γενομένων
2525 5125 2810 5197 διοίκησιν,
2865 5127 2985 5181 καθ’
3033 5129 3100 5200 ἢν
3149 5133 3366 5201 προνοεί
3411 5129 3505 5182 καὶ
3557 5127 3731 5181 διέπει

2174 5216 2416 5288 ὡσπερεὶ
2454 5217 2612 5288 χερσὶ
2647 5220 2769 5280 ταῖς
2818 5218 3011 5272 ἑαυτοῦ
3058 5225 3446 5294 προνοητικαῖς
3492 5221 3731 5292 δυνάμεσ

2173 5307 2541 5380 διακυϐερνῶν
2568 5308 2636 5361 τὰ
2661 5310 2859 5365 πάντα.

2246 5399 2589 5469 Εὐλογητὸς
2629 5404 2662 5455 ὀ
2701 5403 2864 5471 Θεὸς,
2909 5403 2998 5459 ὅτι
3038 5408 3365 5475 εὶσήκο.σε
3408 5406 3518 5476 τῆς
3548 5405 3754 5478 φωνῆς

2175 5489 2282 5562 τῆς
2307 5491 2572 5561 δεήσεώς
2602 5513 2740 5566 μου.
2787 5499 3003 5566 Κύριος
3039 5485 3267 5566 ,ϐοηθός
3291 5518 3411 5569 μου
3445 5501 3542 5553 καὶ
3571 5503 3752 5564 ὑπερ-

2172 5584 2483 5655 ασπιστής
2519 5605 2658 5657 μου·
2693 5589 2788 5642 ἐπ’
2815 5589 2974 5657 αὑτῷ
3003 5590 3270 5660 ἤλπισεν
3299 5593 3336 5661 ἡ
3375 5591 3585 5660 καρδιά
3606 5606 3743 5667 μοι,

565 5768 632 5800 ’ν
660 5767 770 5826 Jcr.
806 5786 904 5838 \‘ll,
928 5769 1015 5824 ‘25.
1094 5767 1316 5825 "T531.
1359 5785 1506 5834 xxvr,
1541 5764 1627 5819 i3.
1706 5765 1749 5796 "
1781 5763 1802 5819 l
1829 5767 1956 5822 Cor.
1985 5782 2062 5833 Ix,
2099 5765 2187 5823 27.
2271 5770 2315 5802 "
2343 5767 2483 5826 Psal.
2516 5785 2665 5841 xxn',
2693 5774 2746 5828 εί.
