4010 6530
268 364 374 419 949

1429 358 1934 417 COMMENTARIA
1974 359 2039 413 lN
2079 358 2418 417 PSALMOS.

3432 364 3537 423 250

268 478 369 531 καὶ
394 474 751 545 ἐϐοηθήθην.
785 436 895 529 Kal
924 475 1219 528 ἀνέθαλεν
1250 474 1287 541 ἠ
1317 472 1473 541 σάρξ
1497 490 1636 541 μου,
1667 470 1765 525 καὶ
1784 471 1838 523 ea

1958 481 2041 526 tus
2079 488 2217 526 sum.
2259 469 2330 525 Et
2360 471 2598 539 reﬂoruit
2630 489 2755 527 caro
2788 492 2923 539 mea,
2956 484 3095 530 eteo:
3124 477 3392 531 uoluntate
3421 494 3535 532 mea

266 569 598 639 θελήματος
617 586 737 637 μου
762 564 1278 636 ἐξομολογήσομαι
1304 562 1483 629 αὐτῷ.
1522 564 1579 616 '0
1611 562 1844 633 ἀψευδὴς

269 662 422 725 Θεὸς,
468 659 829 730 πιστούμενος
879 656 1073 711 ἑαυτοῦ
1122 656 1221 720 τὰς
1269 654 1625 727 ὑποσχέσεις,
1670 655 1738 709 δι’
1771 648 1844 707 ὧν

270 751 603 823 ἐπήγγελται
637 750 829 818 λέγων’
862 751 985 803 Ἔτι
1019 748 1357 813 λαλοῦντός
1382 762 1496 800 σου
1522 744 1652 814 ἐρᾶν
1691 744 1846 800 Ἰδοὺ

270 843 526 911 πάρειμι⁹
558 841 633 904 ὼς
660 842 826 909 ἐγγὺς
855 838 1025 903 ἑστὼς
1053 839 1159 893 τῶν
1188 837 1445 909 καθαρῶς
1473 837 1633 891 αὑτὸν
1652 838 1845 890 ἐπικα-

269 934 570 1004 λουμένων,
610 932 704 987 καὶ
745 932 819 996 ὼς
857 933 917 985 οὐ
956 932 1143 1004 πόῤῥω
1180 931 1461 1002 τυγχάνων
1484 930 1577 983 τοῦ
1603 928 1672 981 τὰ
1702 946 1846 1001 πρα-

268 1024 465 1093 χθέντα
515 1023 925 1097 [προλεχθέντα]
986 1022 1299 1093 δεηθέντος,
1360 1024 1595 1094 ἐπήκοον
1656 1022 1846 1075 ἑαυτὸν

268 1116 513 1186 παρέσχε
544 1119 663 1180 ταῖς
706 1115 1115 1187 προλεχθείσαις
1148 1114 1469 1185 ἱκετηρίαις.
1514 1109 1626 1166 Εἴθ’
1658 1113 1845 1184 ὥσπερ

270 1211 493 1280 σημεῖον
538 1208 720 1262 δίδωσι
769 1209 857 1262 διὰ
905 1207 997 1261 τοῦ
1045 1206 1383 1279 προφητικοῦ
1426 1205 1737 1276 πνεύματος
1776 1208 1841 1276 τῇ

266 1304 361 1356 τοῦ
382 1303 661 1374 δεηθέντος
678 1303 845 1374 ψυχῇ,
882 1297 1013 1372 περὶ
1047 1300 1141 1353 τοῦ
1174 1298 1524 1371 εἰσηκοῦσθαι
1553 1298 1744 1368 αύτήν.
1780 1296 1845 1350 Ἦ

264 1395 343 1459 δὲ,
399 1394 816 1465 συναισθομένη,
869 1393 1194 1464 μεταϐάλλει
1249 1392 1347 1462 μὲν
1394 1390 1493 1454 τὰς
1540 1388 1845 1460 ἱκετηρίους

265 1489 448 1557 φωνὰς
494 1490 574 1551 είς
612 1487 982 1559 εὐχαριστίαν,
1031 1484 1327 1554 ἐγνωκέναι
1370 1482 1426 1536 δὲ
1466 1482 1717 1553 ὁμολογεῖ
1745 1481 1845 1553 τὴν

261 1577 562 1648 γενομένην
609 1578 745 1647 αὐτῇ
797 1575 1137 1647 εὐεργεσίαν·
1172 1575 1252 1628 διό
1285 1591 1466 1646 φησιν·
1496 1572 1844 1642 Εὐλογητὸς

259 1670 494 1737 Κύριος,
542 1668 631 1722 ὅτι
664 1668 991 1736 είσήκουσε
1032 1666 1144 1736 τῆς
1182 1664 1385 1736 φωνῆς
1428 1664 1538 1735 τῆς
1579 1664 1845 1731 δεήσεως

254 1777 391 1830 μου·
447 1762 665 1829 Κύριος
710 1762 943 1829 ,ϐοηθός
961 1779 1080 1829 μου
1130 1760 1227 1812 καὶ
1273 1757 1667 1824 ὑπασπιστής
1700 1775 1840 1827 μου,

1949 562 2236 631 conﬁtebor
2278 564 2346 616 ei.
2399 561 2543 617 Deus
2586 563 2858 618 mendacii
2904 581 3121 637 expers,
3161 575 3220 621 ut
3262 568 3534 637 promissa

1949 667 2048 705 sua
2070 653 2355 707 conﬁrmet
2373 652 2460 707 his
2482 652 2666 709 verbis
2691 670 2975 724 expressa,
3010 658 3194 711 Adhuc
3218 667 3264 711 te
3296 658 3535 729 loquente

1948 741 2150 798 dicant:
2182 741 2315 796 Ecce
2345 741 2533 797 adsum
2563 744 2635 809 ⁸⁸,
2666 752 2854 813 utpote
2875 747 2968 815 qui
3000 763 3166 818 prope
3189 750 3259 803 sit
3283 750 3535 804 omnibus

1948 833 2042 901 qui
2066 847 2126 887 se
2151 848 2290 903 puro
2313 833 2479 889 corde
2503 835 2786 899 invocant,
2817 844 2871 890 et
2890 852 3002 891 non
3032 840 3225 907 procul
3250 840 3322 895 sit
3351 855 3417 894 eo
3439 840 3533 909 qui

1950 940 2115 995 supra
2149 925 2295 981 dicto
2329 929 2438 982 ritu
2470 928 2778 999 supplicat;
2803 930 3105 998 prtemissis
3136 932 3532 1002 deprecationi-

1948 1018 2050 1074 bus
2101 1034 2160 1074 se
2207 1021 2504 1090 propitium
2562 1021 2829 1075 exhibuit.
2862 1020 3070 1079 Deinde
3116 1039 3247 1079 vero
3278 1041 3375 1095 per
3400 1041 3530 1096 pro-

1946 1110 2220 1180 pheticum
2270 1112 2523 1181 spiritum
2576 1113 2912 1183 supplicanti
2955 1114 3152 1170 animae
3185 1131 3283 1170 ceu
3319 1117 3531 1187 signum

1946 1201 2061 1267 dat,
2091 1218 2201 1273 quo
2232 1218 2291 1258 se
2320 1204 2635 1259 exauditam
2667 1205 2839 1262 fuisse
2873 1209 3104 1262 noverit.
3139 1207 3236 1261 llla
3266 1224 3394 1263 vero
3417 1209 3531 1263 haec

1947 1293 2414 1363 animadvertens,
2447 1296 2723 1367 supplices
2750 1313 2912 1352 voces
2943 1297 2998 1351 in
3025 1299 3325 1369 gratiarum
3360 1301 3530 1353 actio-

1945 1402 2069 1441 nem
2100 1387 2392 1451 convertit,
2438 1402 2503 1442 ac
2550 1387 2876 1443 beneﬁcium
2931 1388 3037 1444 sibi
3069 1389 3330 1443 collatum
3365 1405 3527 1461 agno-

1946 1493 2101 1533 scere
2126 1493 2185 1533 se
2208 1479 2520 1533 conﬁtetur.
2554 1478 2920 1544 Quamobrem
2954 1480 3053 1545 ait,
3083 1479 3397 1535 Benedictus
3420 1481 3529 1536 Do-

1947 1569 2145 1634 minus,
2194 1570 2443 1640 quoniam
2475 1570 2743 1625 exaudivit
2779 1587 2949 1624 vocem
2967 1569 3345 1639 deprecationis
3382 1589 3527 1627 mete.

1948 1661 2205 1715 Dominus
2256 1662 2472 1731 adjutor
2505 1678 2649 1715 meus
2702 1672 2749 1715 et
2794 1672 3061 1730 protector
3105 1679 3249 1717 meus
3283 1678 3300 1715 :
3333 1664 3387 1716 in
3421 1664 3530 1733 ipso

1949 1756 2175 1822 speravit
2211 1771 2301 1808 cor
2331 1772 2524 1818 meum,
2556 1764 2604 1808 et
2632 1755 2847 1823 adjutus
2889 1773 3026 1809 sum.
3067 1753 3346 1811 Sentiebat
3385 1758 3529 1812 enim

255 1852 349 1905 ἐπ’
390 1851 553 1922 αὐτῷ
604 1852 870 1920 ἤλπισεν
923 1855 963 1921 ἠ
1021 1850 1237 1919 καρδία
1278 1868 1421 1919 μου,
1461 1849 1560 1903 καὶ
1597 1848 1838 1916 ἐϐοηθή-

1946 1845 2226 1902 dexteram
2258 1845 2351 1901 Dei
2378 1854 2685 1916 porrectam
2714 1847 2839 1911 sibi,
2863 1848 3170 1917 patrocinio
3202 1863 3346 1911 esse,
3379 1855 3438 1901 ut
3465 1863 3531 1902 ne

253 1946 390 2010 θην.
427 1942 731 2014 Συνῄσθετο
758 1942 865 2015 γὰρ
898 1943 997 2012 τῆς
1032 1940 1209 2007 δεξιᾶς
1235 1940 1330 1992 τοῦ
1354 1939 1487 1992 Θεοῦ
1520 1939 1840 2012 ὲκταθείσης

260 2033 455 2107 μέχρις
489 2033 659 2103 αὐτῆς
692 2034 785 2086 καὶ
823 2031 1366 2103 ἀντιλαμϐανομένης
1406 2031 1577 2102 αὐτῆς
1609 2031 1745 2103 πρὸς
1782 2032 1844 2085 τὸ

258 2124 338 2195 μὴ
380 2123 812 2195 καθελκυσθῆναι
863 2124 943 2187 εἰς
990 2123 1084 2175 τὸν
1125 2122 1434 2193 δηλωθέντα
1473 2122 1694 2178 λάκκον.
1754 2123 1843 2189 Ἐξ

260 2215 710 2287 ὑπερϐαλλούσης
749 2216 807 2269 δὲ
851 2217 1026 2288 χαρᾶς
1069 2218 1098 2269 6
1135 2216 1419 2286 προφήτης
1448 2215 1508 2268 ού
1539 2216 1636 2286 τήν
1665 2216 1840 2288 ψυχὴν

260 2308 444 2380 μόνον,
479 2308 613 2361 ἀλλὰ
641 2310 735 2361 καὶ
759 2309 857 2379 τὴν
876 2309 1053 2379 σάρκα
1077 2306 1241 2361 αὐτοῦ
1271 2307 1405 2377 φησὶ
1428 2307 1720 2377 γεγηθέναι
1745 2307 1840 2360 καὶ

257 2388 595 2455 ἀνανεῶσθαι
625 2399 713 2453 διὰ
739 2401 839 2471 τὴν
874 2400 966 2452 καὶ
1006 2398 1154 2469 αὐτῷ
1182 2397 1392 2469 σώματι
1424 2398 1840 2469 ἐπηγγελμένην

256 2492 465 2564 ἀγαθὴν
501 2492 692 2546 ἐλπίδα
726 2492 867 2546 κατὰ
896 2492 993 2562 τὴν
1020 2490 1129 2544 τῶν
1164 2489 1374 2563 νεκρῶν
1412 2491 1729 2544 ἀνάστασιν·
1760 2489 1839 2543 διὸ

255 2584 511 2653 ἐπιλέγειο
548 2585 659 2638 Kal
721 2584 1020 2639 (ἐνέϐαλεν
1045 2584 1084 2651 ἡ
1111 2582 1270 2651 σάρξ
1297 2600 1451 2652 μου·
1493 2577 1575 2645 οἷς
1612 2584 1838 2635 ἐπισυν-

255 2673 430 2727 άπτει*
450 2675 557 2728 Kal
572 2675 640 2728 ἐκ
656 2673 987 2743 θελήματος
992 2691 1110 2743 μου
1121 2671 1630 2741 ἐξομολογήσομαι
1657 2670 1836 2738 αὐτῷ·

254 2769 389 2839 ὅπερ
407 2769 591 2839 ὅμοιον
619 2763 756 2820 εἶναι
778 2784 867 2837 μοι
884 2766 1032 2820 δοκεῖ
1056 2764 1154 2836 τῷ·
1198 2765 1518 2830 Ἑκουσίως
1536 2766 1699 2818 θύσω
1715 2779 1836 2817 σοι.

260 2860 408 2913 Ἀντὶ
446 2858 505 2912 δὲ
547 2857 664 2923 τοῦ,
711 2857 809 2912 καὶ
849 2857 1147 2911 ἁνέθαλεν
1189 2858 1228 2925 ἠ
1277 2854 1435 2925 σάρξ
1488 2872 1628 2924 μου,
1668 2856 1697 2908 6
1738 2854 1838 2925 μὲν

253 2950 569 3022 Σύμμαχος,
634 2951 917 3019 ἆνθησαι,
967 2950 1151 3021 φησὶν,
1200 2950 1237 3017 ἠ
1283 2948 1495 3017 καρδία
1539 2962 1688 3015 μουο
1720 2948 1748 2999 6
1779 2946 1837 3001 δὲ

260 3042 509 3107 Ἀκύλας,
545 3041 940 3113 ἐγαυριάσατο
971 3044 1008 3110 ή
1052 3041 1267 3109 καρδία
1319 3058 1440 3109 μου
1459 3056 1473 3070 ·
1502 3040 1530 3091 6
1558 3038 1615 3091 δὲ
1646 3038 1837 3093 Θεοδο-

257 3136 405 3200 ιίων,
443 3136 540 3190 καὶ
586 3135 881 3190 ἀνέθαλεν
920 3136 959 3203 ἡ
1007 3134 1222 3202 καρδία
1258 3149 1410 3203 μουο
1447 3134 1480 3204 ἡ
1515 3132 1573 3185 δὲ
1606 3131 1835 3202 πέμπτη

1947 1938 2002 1993 in
2034 1946 2395 1994 memoratum
2422 1940 2600 1993 lacum
2628 1937 3033 1993 detruderetur.
3060 1937 3135 1992 Ex
3161 1939 3343 2009 gaudii
3367 1954 3530 2008 porro

1947 2029 2286 2085 vehementia
2303 2029 2577 2100 Propheta
2600 2045 2707 2084 non
2733 2031 2969 2084 animam
2990 2038 3224 2097 tantum,
3251 2030 3344 2085 sed
3367 2031 3529 2085 etiam

1943 2135 2162 2176 carnem
2195 2136 2349 2175 suam
2381 2122 2624 2190 gavisam
2665 2129 2720 2176 et
2749 2129 3067 2176 renovatam
3108 2137 3233 2177 esse
3269 2122 3528 2178 testifica-

1944 2223 2054 2277 tur,
2088 2214 2159 2267 ob
2196 2229 2349 2283 spem
2390 2213 2539 2266 illam
2582 2214 2780 2269 bonam
2815 2213 2898 2269 vel
2949 2214 3051 2283 ipsi
3100 2215 3319 2285 corpori
3356 2214 3412 2268 in
3442 2230 3524 2268 re-

1943 2306 2289 2360 surrectione
2341 2313 2685 2360 mortuorum
2741 2305 2990 2373 factam;
3023 2323 3194 2376 quare
3225 2306 3433 2369 subdit,
3477 2317 3527 2361 et

1942 2397 2181 2465 reﬂoruit
2215 2413 2341 2451 caro
2370 2415 2485 2451 mea
2516 2415 2534 2451 :
2568 2399 2768 2468 quibus
2802 2407 2857 2455 et
2880 2399 3152 2469 adjunxit,
3176 2408 3227 2453 et
3248 2416 3315 2453 ea:
3342 2399 3529 2454 volun—

1942 2500 2047 2543 tate
2084 2506 2197 2544 mea
2234 2490 2523 2561 conﬁtebor
2554 2492 2624 2546 ei.
2661 2490 2821 2558 Quod
2868 2492 3002 2546 mihi
3053 2507 3313 2563 perquam
3350 2493 3529 2547 simile

1940 2581 2158 2635 videtur
2196 2581 2372 2638 huic:
2416 2582 2725 2638 Voluntarie
2772 2584 3090 2653 sacriﬁcabo
3145 2584 3239 2637 tibi
3259 2584 3326 2639 ⁵⁷.
3383 2582 3528 2639 Loco

1941 2674 2290 2729 autem'dicti
2332 2675 2504 2741 illius,
2555 2685 2602 2730 et
2640 2677 2882 2745 reﬂoruit
2928 2694 3053 2730 caro
3102 2694 3237 2745 mea,
3280 2677 3528 2747 Symma-

1939 2767 2099 2830 chus,
2128 2768 2405 2837 eﬁloresce,
2436 2768 2635 2839 inquit,
2668 2786 2759 2823 cor
2783 2786 2983 2833 meum;
3009 2771 3202 2839 Aquila
3238 2785 3387 2835 vero,
3413 2767 3528 2838 glo-

1939 2860 2138 2912 riatum
2159 2869 2235 2913 est
2286 2876 2377 2913 cor
2428 2877 2629 2924 meum;
2683 2860 3007 2924 Tlieodozio,
3050 2870 3101 2913 et
3144 2860 3382 2928 reﬂoruit
3432 2876 3523 2912 cor

1940 2967 2144 3013 meum;
2180 2951 2372 3020 quinta
2406 2951 2594 3014 editio,
2622 2951 2931 3005 roboratum
2957 2963 3031 3005 est
3055 2969 3145 3005 cor
3168 2968 3359 3005 meum.
3389 2950 3528 3004 Rur-

1940 3058 2172 3113 sumque
2201 3042 2350 3097 illius
2382 3044 2522 3107 loco,
2563 3059 2628 3097 ea:
2660 3043 2928 3098 voluntate
2970 3060 3085 3098 mea
3123 3042 3408 3113 conﬁtebor
3435 3044 3483 3096 ei
3504 3084 3518 3108 ,

1941 3133 2326 3206 Symmachus,
2362 3136 2418 3188 in
2446 3137 2670 3190 canticis
2706 3137 2832 3190 meis
2865 3136 3137 3190 celebrabo
3170 3138 3363 3205 ipsum,
3404 3136 3523 3189 edi-

251 3195 479 3293 ἔκδοσις,
518 3229 849 3297 ἐκρατύνθη
904 3195 957 3296 ἡ.
978 3195 1191 3296 καρδία
1211 3195 1352 3295 μου.
1384 3195 1497 3278 Καὶ
1526 3195 1694 3279 πάλιν
1717 3195 1837 3278 ἀντι

1943 3195 2053 3292 dit;
2084 3225 2281 3295 Aquila
2316 3241 2465 3289 vero,
2500 3235 2550 3280 et
2582 3243 2614 3278 a
2640 3229 2848 3280 cantico
2888 3244 2998 3281 meo
3029 3226 3319 3297 conﬁtebor
3346 3227 3414 3280 ei.

253 3322 365 3386 τοῦ,
414 3323 483 3376 ἐκ
525 3323 858 3393 θελήματός
895 3340 1014 3393 μου
1053 3319 1576 3391 ἐξομολογήσομαι
1645 3320 1827 3387 αὐτῷ,
1885 3322 1914 3373 6
1950 3322 2050 3392 μὲν
2078 3322 2392 3393 Σύμμαχος·
2426 3322 2536 3376 Kal
2565 3323 2635 3376 ἐν
2668 3323 2847 3389 ᾠδαῖς
2882 3341 3003 3393 μου
3029 3323 3283 3394 ὑμνήσω
3314 3322 3522 3387 αὑτὸν.

251 3415 531 3481 ἐξέδωκενο
561 3417 588 3469 ὁ
613 3415 668 3469 δὲ
710 3415 941 3479 Ἀκύλας
958 3455 970 3479 ,
997 3416 1096 3471 καὶ
1123 3414 1242 3469 ἀπὸ
1272 3413 1538 3483 ᾆσματός
1558 3431 1677 3483 μου
1702 3413 2219 3487 ἐξομολογησομαί
2249 3414 2429 3480 αὐτῷ.

318 3508 534 3575 Κύριος
570 3508 909 3577 κραταίωμα
940 3507 1046 3562 τοῦ
1084 3505 1240 3561 ,λαοῦ
1273 3507 1481 3572 αὑτοῦ,
1514 3506 1609 3560 καὶ
1650 3508 1834 3574 ὑπερ-

248 3600 557 3668 ασπιστὴς
578 3600 695 3654 τῶν
722 3602 1028 3669 σωτηρίων
1052 3603 1158 3655 τοῦ
1188 3602 1447 3669 Χριστοῦ
1474 3601 1661 3655 αὐτοῦ
1679 3602 1830 3654 ἐστι.

249 3694 447 3765 Σαφῶς
474 3689 569 3747 οὖν
591 3695 648 3746 ὲν
672 3693 885 3756 τούτοις
904 3694 997 3746 τοῦ
1028 3694 1265 3765 Χριστοῦ
1300 3694 1395 3748 καὶ
1418 3693 1525 3746 τῶν
1557 3693 1647 3746 ὑπ’
1669 3693 1833 3746 αὐτοῦ

249 3785 578 3857 σωζομένων
610 3785 1018 3857 ἐμνημόνευσεν
1047 3788 1080 3857 ή
1113 3785 1439 3857 προφητεία,
1476 3786 1749 3856 εὐκαίρως
1777 3784 1836 3849 ἐξ

249 3880 369 3943 ἑνὸς
392 3878 488 3931 τοῦ
521 3878 681 3931 Δαυῒδ
710 3878 838 3941 τοὺς
868 3877 1077 3940 πάντας
1117 3876 1592 3949 χαρακτηρίσασα.
1625 3877 1835 3948 Ὥσπερ

249 3972 382 4045 γὰρ,
421 3973 606 4042 φησιν,
646 3972 852 4024 ἐκεῖνον
883 3969 1142 4040 δεηθέντα
1169 3968 1393 4033 ἔσωσεν,
1420 3968 1615 4033 οὕτως,
1649 3970 1833 4040 φησὶν,

252 4065 347 4119 καὶ
378 4062 576 4127 παντὸς
601 4063 696 4116 τοῦ
733 4063 865 4116 ἰδίου
894 4061 1027 4115 λαοῦ
1058 4061 1387 4134 κραταίωμα
1410 4060 1582 4114 ἔσται.

322 4155 534 4209 Σῶσον
561 4154 667 4208 τὸν
697 4157 851 4209 λαόν
878 4170 1015 4217 σου,
1047 4153 1145 4206 καὶ
1174 4153 1518 4222 εὐλόγησον
1547 4150 1663 4220 τὴν
1689 4154 1837 4221 κλη-

250 4247 537 4315 ρονομίαν
556 4262 693 4308 σου,
718 4245 813 4298 καὶ
832 4244 935 4297 ποί
931 4260 1127 4313 μανον
1141 4242 1362 4307 αὐτοὺς
1377 4242 1474 4296 καὶ
1490 4242 1717 4311 ἐπαρον
1732 4245 1841 4296 αὺ-

249 4336 393 4403 τοὺς
415 4336 524 4402 ἓως
540 4336 647 4389 τοῦ
671 4334 907 4401 αἰῶνος.
929 4334 1064 4386 Ποία
1078 4334 1136 4388 δὲ
1151 4331 1244 4387 τοῦ
1262 4333 1499 4404 Χριστοῦ
1520 4335 1553 4404 ἡ
1576 4333 1677 4405 κλη
1688 4350 1837 4405 ρονο-

255 4430 353 4501 μία
398 4428 667 4481 δείκνυται
707 4429 766 4479 ὲν
798 4426 876 4497 τῷ
904 4426 1143 4497 δευτέρῳ
1157 4424 1387 4497 ψαλμῷ·
1425 4426 1681 4493 Αίτησιιι
1703 4426 1833 4498 γὰρ,

252 4522 437 4592 φησιν,
452 4520 549 4574 καὶ
570 4518 741 4573 δώσω
759 4533 857 4572 σοι
869 4517 1013 4592 ἔθνη
1028 4517 1145 4587 τὴν
1164 4518 1573 4587 κληρονομίαν
1594 4518 1835 4584 σου,καί

254 4588 369 4681 την
388 4612 763 4683 κατάσχεσίν
793 4625 910 4665 σου
944 4588 1016 4665 ta
1046 4611 1275 4679 πέρατα
1295 4610 1405 4679 τῆς
1417 4610 1548 4681 γῆς.
1572 4612 1686 4664 Ούκ
1699 4610 1765 4665 ἂν
1781 4610 1837 4663 δὲ

253 4706 521 4778 ἁμάρτοις
549 4706 644 4759 καὶ
675 4704 802 4768 τοὺς
834 4705 892 4757 ὲν
922 4704 1000 4774 τῷ
1033 4704 1283 4776 προτέρῳ
1312 4702 1427 4774 λαῴ
1457 4702 1721 4773 θεοφιλεῖς
1741 4704 1836 4756 καὶ

2011 3507 2178 3565 Vens.
2210 3508 2263 3563 8.
2296 3509 2554 3563 Dominus
2587 3508 2847 3578 fortitudo
2877 3509 3044 3578 plebis
3081 3526 3215 3574 suae,
3255 3524 3305 3564 et
3344 3522 3523 3580 prote-

1939 3610 2053 3654 ctor
2081 3601 2439 3655 salvationum
2479 3600 2679 3655 Christi
2709 3603 2792 3655 sui
2822 3613 2920 3655 est.
2953 3600 3051 3655 llic
3077 3613 3262 3671 aperte
3291 3604 3524 3672 prophe-

1940 3693 2011 3746 tia
2046 3692 2325 3748 Christum
2356 3701 2409 3747 et
2447 3709 2543 3747 eos
2570 3693 2664 3762 qui
2696 3693 2844 3746 illius
2877 3708 2979 3761 ope
3010 3692 3244 3747 salutem
3275 3694 3525 3750 obtinent

1940 3787 2283 3848 memoravit,
2317 3793 2733 3855 opportuneque
2774 3799 2868 3854 per
2912 3800 3079 3838 unum
3114 3784 3369 3840 Davidem
3401 3787 3525 3841 uni-

1938 3895 2130 3933 versos
2179 3879 2455 3947 exprimit.
2506 3876 2661 3931 Sicut
2698 3877 2865 3938 enim,
2908 3877 3108 3945 inquit,
3139 3877 3521 3946 deprecantem

1940 3973 2117 4041 ipsum
2165 3971 2423 4033 servavit,
2459 3970 2535 4023 ita
2574 3973 2741 4024 totius
2773 3968 2879 4023 sibi
2914 3969 3116 4039 preprii
3147 3969 3333 4039 populi
3369 3969 3525 4025 forti-

1940 4064 2072 4117 tudo
2101 4062 2228 4118 erit.

2010 4155 2175 4213 Vens.
2208 4155 2261 4209 9.
2311 4154 2529 4209 Salvum
2574 4152 2660 4223 fac
2706 4153 2958 4222 populum
2994 4162 3165 4217 tuum,
3219 4163 3269 4207 et
3304 4153 3519 4209 benedic

1938 4246 2237 4299 Ita’reditati
2268 4254 2393 4308 tuat,
2425 4255 2473 4297 et
2499 4260 2654 4314 pasce
2681 4260 2768 4297 eos
2803 4253 2853 4298 et
2877 4244 3071 4298 extolle
3103 4245 3224 4299 illo:
3256 4261 3420 4316 usque
3464 4247 3520 4300 in

1938 4353 2212 4395 wternum.
2240 4337 2499 4405 Quanam
2532 4339 2604 4391 sit
2632 4335 2837 4391 Christi
2870 4336 3161 4392 haereditas
3192 4338 3245 4391 in
3275 4338 3520 4393 secundo

1939 4433 2148 4504 psalmo
2191 4431 2530 4495 declaratur;
2565 4444 2715 4493 nam,
2763 4428 2990 4482 Postulo
3030 4446 3065 4482 a
3098 4446 3198 4491 me,
3245 4429 3442 4499 inquit,
3468 4440 3519 4484 et

1937 4525 2074 4578 dabo
2106 4524 2200 4578 tibi
2246 4532 2421 4594 gentes
2454 4520 2815 4575 [nereditatem
2853 4531 3021 4582 tuam,
3058 4531 3107 4575 et
3140 4522 3519 4588 possessionem

1939 4629 2085 4671 tuam
2137 4616 2386 4671 terminos
2437 4624 2593 4668 terra:
2614 4615 2678 4666 ⁵⁸.
2718 4612 2905 4682 Neque
2933 4628 2962 4665 a
2992 4628 3120 4667 vero
3150 4613 3515 4676 aberraveris,

1939 4709 1986 4763 si
2020 4708 2306 4778 religiosos
2338 4707 2463 4761 illos
2492 4707 2545 4759 in
2580 4705 2747 4774 priori
2780 4704 2980 4773 populo
3005 4704 3174 4765 Viros,
3200 4703 3517 4772 prophetas,

256 4798 535 4869 προφήτας
571 4795 667 4849 καὶ
700 4795 941 4860 δικαίους
979 4795 1179 4867 ἄνδρας
1214 4796 1316 4866 τῆς
1348 4795 1443 4849 τοῦ
1477 4797 1712 4868 Χριστοῦ
1741 4815 1834 4865 γε·

1943 4810 1992 4854 et
2021 4801 2225 4869 justos,
2258 4797 2326 4851 ad
2360 4797 2566 4851 Christi
2604 4794 2972 4849 haereditatem
3005 4794 3336 4864 pertinuisse
3366 4794 3520 4859 dixe-

252 4888 469 4956 γονέναι
508 4887 872 4959 κληρονομίας
908 4887 1097 4950 εἰπὼν,
1133 4889 1228 4941 καὶ
1262 4887 1369 4941 τῶν
1399 4891 1708 4958 σωτηρίων
1738 4891 1837 4943 αύ-

251 4975 347 5031 τοῦ
401 4977 817 5048 μετεσχηκέναι.
847 4977 981 5031 otes
1003 4978 1112 5051 γὰρ
1140 4980 1208 5033 τὰ
1244 4979 1421 5050 πλήθη
1448 4981 1686 5045 καὶτοὺς
1708 4982 1839 5034 ἀνα-

252 5070 383 5139 ξίως
417 5072 829 5144 παραϐαλόντας
858 5075 921 5143 τῇ
963 5072 1259 5145 Ἐκκλησία
1286 5071 1380 5126 τοῦ
1406 5073 1543 5126 Θεοῦ
1572 5076 1838 5147 προσήκει

250 5165 380 5220 λαὸν
413 5166 736 5235 ἀποφαίνειν
769 5164 956 5228 αὐτοῦ,
991 5164 1105 5217 ἀλλ’
1143 5165 1176 5236 ἢ
1211 5165 1387 5235 μόνως
1420 5166 1546 5229 τοὺς
1578 5167 1837 5237 ἀρεσκόν-

249 5275 362 5322 τως
390 5257 539 5328 αῦτῷ
572 5256 842 5328 βιοῦντας,
886 5258 1013 5326 περὶ
1045 5250 1121 5309 ὧν
1158 5256 1301 5310 εἴποι
1343 5257 1437 5311 ἄν’
1468 5258 1578 5312 Kal
1619 5259 1832 5329 ἔσομαι

250 5347 454 5404 αὐτῶν
487 5347 651 5415 Θεὸς,
695 5346 792 5401 καὶ
825 5345 992 5400 αὐτοὶ
1027 5347 1273 5401 ἔσονταί
1296 5365 1397 5415 μοι
1426 5351 1596 5415 λαός.
1620 5376 1687 5386 ——
1724 5350 1833 5403 Kal

252 5440 553 5509 ποίμανσν
596 5439 838 5506 αὐτοὺς,
898 5439 993 5492 καὶ
1037 5438 1267 5507 ἑπαρον
1308 5439 1418 5506 ἕως
1453 5440 1558 5495 τοῦ
1596 5440 1830 5508 αἰῶνος.

255 5531 540 5603 Ποιμαίνει
558 5532 616 5585 δὲ
637 5532 831 5595 αὐτοὺς
858 5529 1112 5594 ἐνταῦθα,
1138 5531 1236 5602 τὴν
1264 5530 1438 5601 ψυχὴν
1476 5531 1641 5584 αὑτοῦ
1663 5531 1832 5595 τιθεὶς

254 5624 399 5696 ὑπὲρ
429 5622 628 5690 αὐτῶν,
659 5624 732 5687 ὥς
762 5641 925 5695 φησιν
960 5623 1417 5692 ὲνἙύαγγελίοις·
1464 5623 1516 5676 '0
1550 5624 1769 5694 ποιμὴν
1799 5627 1831 5677 ό

1937 4893 2035 4955 ris,
2064 4899 2226 4960 atque
2257 4889 2613 4943 salvationum
2641 4886 2763 4956 ejus
2788 4885 3083 4956 participes
3110 4885 3299 4942 fuisse.
3332 4886 3520 4959 Neque

1893 5056 1905 5066 ‘
1937 4982 2343 5038 multitudinem
2390 4981 2596 5052 populi,
2646 4995 2711 5035 ac
2742 4994 2837 5035 eos
2873 4980 2965 5048 qui
2999 4978 3225 5051 indigne
3257 4978 3520 5037 Ecclesia:
3550 4999 3555 5004 '

1935 5075 2031 5130 Dei
2083 5082 2461 5139 accesserunt,
2519 5072 2780 5143 populum
2836 5073 2958 5143 ejus
3012 5073 3372 5143 pronuntiare
3422 5090 3523 5143 par

1936 5169 2068 5232 fuit;
2099 5168 2193 5224 sed
2227 5168 2405 5223 solum
2440 5182 2535 5223 eos
2578 5166 2668 5236 qui
2721 5167 2825 5239 ipsi
2861 5165 3145 5238 probatam
3178 5173 3232 5220 et
3263 5166 3518 5235 placitam

1935 5260 2103 5314 vitam
2144 5258 2441 5320 duxerunt,
2468 5260 2536 5315 de
2564 5259 2768 5330 quibus
2802 5259 2921 5329 ipse
2951 5257 3152 5313 dixerit
3185 5276 3198 5312 :
3235 5256 3347 5310 Ero
3394 5256 3517 5308 illo-

1940 5372 2057 5410 rum
2074 5354 2236 5419 Deus,
2256 5364 2303 5408 et
2330 5353 2431 5422 ipsi
2451 5362 2606 5408 erunt
2618 5353 2744 5408 mihi
2757 5352 2983 5423 populus
3002 5353 3145 5406 ".—
3163 5350 3231 5404 Et
3251 5365 3408 5419 pasce
3428 5364 3512 5402 eos

1941 5458 1989 5502 et
2012 5448 2206 5502 extolle
2236 5446 2360 5500 illos
2392 5462 2554 5516 usque
2592 5447 2646 5500 in
2677 5456 2947 5500 wternum.
2982 5442 3083 5497 Hic
3115 5450 3296 5496 autem
3339 5439 3523 5509 pascit

1940 5539 2083 5603 illos,
2107 5538 2199 5608 qui
2226 5537 2467 5591 animam
2502 5552 2657 5593 suam
2692 5551 2791 5607 pro
2818 5536 2885 5590 iis
2911 5534 3115 5605 posuit,
3159 5541 3217 5586 ut
3246 5531 3301 5584 in
3336 5529 3517 5585 Evan-

1938 5625 2093 5695 geliis
2134 5624 2252 5679 ait:
2284 5624 2463 5680 Bonus
2514 5634 2698 5696 pastor
2747 5626 2980 5679 animam
3020 5638 3171 5676 suam
3225 5621 3371 5690 ponit
3418 5636 3514 5691 pro

362 5778 410 5811 "
440 5777 544 5836 lsa.
576 5794 730 5844 LVIII,
756 5779 808 5835 9.
871 5781 913 5813 ⁸⁷
942 5778 1090 5837 Psal.
1117 5795 1235 5846 LIII,
1264 5778 1314 5833 8.
1393 5780 1438 5811 ³⁸
1462 5777 1605 5836 Psal.
1644 5796 1701 5847 ιι,
1734 5783 1786 5836 8.

1943 5778 2134 5836 lerem.
2168 5796 2265 5850 vn,
2293 5780 2385 5836 25.
