4010 6526
266 383 376 439 253

1400 386 1898 442 COMMENTARIA
1942 389 2008 442 IN
2048 390 2378 448 PSALMOS.

3398 400 3514 457 εει

265 503 331 554 δι’
359 493 434 555 ὧν
467 504 499 574 ή
533 501 722 573 κλῆσις
772 504 880 555 τῶν
914 503 1082 557 ἐθνῶν
1113 503 1353 573 φαίνεται
1387 506 1818 578 κατωρθωμένη·

1931 507 2169 577 gentium
2211 517 2569 562 vocationem.
2624 505 2732 563 Eos
2770 508 2979 564 scilicet
3013 509 3101 563 hic
3157 515 3400 580 psalmus
3425 516 3517 581 ju-

262 589 341 658 οἷς
366 595 395 646 6
421 593 558 664 μετὰ
581 597 770 666 χεῖρας
798 593 955 661 λόγος
976 595 1300 666 προστάττει
1333 595 1516 666 φέρειν
1543 597 1620 668 τῷ
1647 599 1833 670 Κυρίῳ

262 689 475 760 πρῶτον
518 688 618 758 μὲν
653 689 907 743 ἁπάντων
950 691 1096 752 υἱοὺς
1130 689 1322 760 κριῶν,
1358 690 1473 742 ἀλλ’
1504 690 1566 742 ού
1613 690 1829 762 κριούς⁸

263 779 556 851 ὲπειδήπερ
582 779 717 850 πρὸς
746 778 844 851 τὴν
884 779 940 846 ἐξ
971 779 1137 834 ἐθνῶν
1173 779 1499 852 Ἐκκλησίαν
1542 780 1756 848 ἐλέγετο
1774 783 1832 834 ὲν

259 871 337 943 τῷ
366 872 782 944 τεσσαρακοστῷ
805 873 1048 944 τετάρτῳ
1075 871 1272 942 ψαλμῷ
1291 889 1303 901 ·
1351 873 1500 926 Ἀντί
1520 872 1637 926 τῶν
1655 872 1832 925 πατέ-

250 981 378 1030 ρων
404 982 520 1018 σου
559 963 934 1034 ἐγενήθησαν
967 965 1088 1018 υἱοί
1129 981 1266 1018 σου.
1316 965 1439 1017 Τῶν
1475 964 1531 1018 δὲ
1578 965 1830 1036 πατέρων

258 1056 429 1130 λήθην
447 1059 769 1132 ποιήσασθαι
788 1057 1223 1130 παρεκελεύσατο
1235 1057 1372 1129 αὐτῇ
1393 1058 1421 1109 6
1444 1057 1600 1126 λόγος
1618 1055 1788 1110 είπών
1812 1071 1826 1088 ⁸

263 1156 574 1218 Ἄκουσον,
630 1154 897 1222 θύγατερ,
960 1151 1057 1205 καὶ
1089 1151 1197 1216 ἴδε,
1227 1150 1326 1204 καὶ
1367 1150 1580 1204 κλῖνον
1627 1149 1693 1204 τὸ
1720 1145 1825 1216 οὖς

260 1263 395 1309 σου,
423 1247 518 1299 καὶ
564 1245 850 1300 ἐπιλάθου
893 1245 998 1299 τοῦ
1022 1243 1174 1299 λαοῦ
1212 1261 1350 1309 σου,
1387 1243 1485 1297 καὶ
1517 1243 1623 1297 τοῦ
1655 1244 1828 1296 οἷκου

261 1339 365 1392 τοῦ
391 1341 614 1406 πατρός
631 1354 778 1392 σου·
813 1337 912 1391 καὶ
933 1335 1288 1406 ἐπιθυμήσει
1325 1339 1357 1389 ό
1379 1335 1682 1401 ,βασιλεὺς
1717 1334 1827 1389 τοῦ

258 1430 524 1496 κάλλους
575 1445 718 1483 σου·
749 1429 835 1482 ὅτι
869 1429 1046 1494 αὑτός
1073 1429 1204 1481 ἐστι
1232 1429 1446 1496 Κύριός
1473 1443 1609 1480 σου.
1641 1424 1825 1480 Ταῦτα

255 1520 363 1591 γὰρ
391 1520 512 1573 οὐδὲ
547 1521 682 1590 πρὸς
715 1519 881 1590 ἄλλην
925 1518 956 1589 ἢ
985 1518 1120 1588 πρὸς
1149 1517 1316 1588 μόνην
1347 1515 1445 1586 τὴν
1497 1513 1824 1586 Ἐκκλησίαν

253 1613 345 1666 τοῦ
395 1611 633 1682 Χριστοῦ
675 1614 922 1682 ἐλέγετοο
959 1609 1350 1681 παραινοῦντος
1380 1609 1515 1679 αὐτῇ
1554 1606 1649 1660 τοῦ
1679 1607 1823 1661 θείου

250 1703 564 1776 Πνεύματος
603 1705 771 1776 λήθην
827 1703 1154 1776 ποιήσασθαι
1197 1701 1292 1756 τοῦ
1343 1701 1609 1773 προτέρου
1652 1699 1825 1769 αὐτῆς

245 1795 372 1849 λαοῦ
399 1837 414 1858 ,
487 1797 580 1850 καὶ
646 1795 741 1850 τοῦ
775 1795 926 1850 οἴκου
962 1795 1056 1848 τοῦ
1123 1791 1332 1866 πατρὸς
1383 1793 1555 1864 αὐτῆς
1589 1792 1678 1846 διά
1727 1792 1824 1863 τὴν

1935 598 2025 653 bet
2052 601 2266 662 aﬂ'erre,
2301 600 2477 670 primo
2502 598 2719 670 quidem
2753 609 2807 655 et
2829 609 2954 656 ante
2975 602 3157 656 omnia
3203 602 3345 657 ﬁlios
3367 605 3513 658 arie-

1936 700 2072 753 tum,
2103 705 2212 745 non
2274 693 2496 756 arietes,
2528 691 2789 760 quoniam
2845 693 2900 746 in
2937 694 3148 763 psalmo
3205 694 3511 764 quadrage-

1933 782 2075 836 simo
2107 793 2306 852 quarto
2338 781 2596 838 Ecclesia:
2623 799 2689 838 ex
2745 785 3002 853 gentibus
3040 796 3244 840 coacta:
3269 785 3508 840 dicitur:

1932 867 2042 922 Pro
2057 870 2296 937 patribus
2314 871 2417 924 tuis
2432 872 2544 924 nati
2576 881 2698 925 sunt
2727 871 2822 925 tibi
2856 874 2959 942 ﬁlii
2972 873 3037 928 “.
3060 873 3356 946 Eidemque
3375 892 3513 946 pra:-

1930 960 2133 1029 cipitur
2168 969 2228 1013 ut
2261 969 2477 1031 patrum
2504 977 2729 1017 suorum
2756 963 3118 1019 obliviscatur
3150 965 3236 1020 his
3279 967 3461 1021 verbis
3496 985 3511 1021 :

1929 1049 2090 1116 Audi,
2120 1051 2259 1120 ﬁlia,
2290 1063 2340 1105 et
2369 1052 2504 1118 vide,
2540 1061 2591 1106 et
2632 1052 2835 1107 inclina
2867 1071 3051 1109 aurem
3112 1065 3280 1123 tuam,
3304 1066 3354 1111 et
3378 1057 3513 1112 obli-

1929 1143 2121 1197 viscere
2151 1144 2403 1213 populum
2433 1155 2604 1209 tuum,
2627 1154 2676 1198 et
2697 1145 2912 1199 domum
2941 1148 3108 1214 patris
3144 1149 3262 1202 tui:
3299 1155 3348 1198 et
3391 1165 3513 1204 con-

1928 1236 2155 1303 cupiscet
2185 1235 2296 1290 Rea:
2341 1236 2580 1292 decorem
2631 1247 2798 1302 tuum,
2851 1240 2975 1309 quia
3006 1241 3115 1309 ipse
3145 1251 3223 1295 est
3253 1239 3512 1297 Dominus

1929 1335 2048 1380 tuus
2077 1328 2144 1382 ⁸⁸.
2179 1325 2305 1383 [hec
2358 1329 2503 1383 enim
2546 1345 2653 1383 non
2684 1330 2776 1383 alii
2803 1345 2968 1399 quam
3015 1330 3220 1386 Christi
3255 1331 3512 1388 Ecclesia:

1925 1420 2072 1474 dicta
2102 1429 2252 1484 sunt,
2280 1421 2604 1478 cohortante
2631 1423 2779 1476 illam
2806 1421 3015 1494 Spiritu
3051 1424 3262 1489 divino,
3287 1435 3346 1480 ut
3371 1427 3511 1482 obli-

1924 1513 2170 1569 viscatur
2202 1514 2440 1584 priorem
2474 1516 2734 1585 populum
2761 1531 2923 1570 suum
2971 1527 3027 1570 et
3065 1515 3287 1571 domum
3337 1519 3510 1588 patris

1926 1604 2012 1658 sui
2040 1622 2056 1670 ;
2097 1605 2356 1658 nimirum
2383 1606 2452 1660 ob
2478 1606 2862 1676 multiplicium
2893 1606 3122 1663 deorum
3156 1623 3423 1677 errorem,
3446 1626 3510 1664 ac

1925 1703 2142 1766 patrum
2176 1710 2400 1750 suorum
2436 1697 2900 1766 superstitionem.
2956 1697 3164 1754 Deinde
3194 1701 3325 1771 quia
3352 1700 3504 1756 illam

1926 1795 2110 1856 patres
2137 1785 2387 1841 oblivisci
2421 1788 2830 1857 suosjusserat,
2863 1791 3179 1846 necessario
3222 1791 3386 1847 infert
3419 1793 3507 1850 his

249 1889 503 1944 πολύθεον
527 1889 755 1960 πλάνην,
792 1889 887 1942 καὶ
919 1889 1016 1959 τὴν
1047 1887 1155 1940 τῶν
1199 1887 1448 1956 πατέρων
1466 1884 1635 1955 αὐτῆς
1656 1884 1818 1937 δεισι-

1927 1880 2152 1934 verbis:
2192 1877 2301 1932 Pro
2343 1880 2588 1948 patribus
2640 1883 2744 1936 tuis
2780 1885 2895 1935 nati
2918 1893 3040 1936 sunt
3094 1883 3189 1937 tibi
3240 1886 3360 1954 ﬁlii.
3396 1884 3508 1942 Hos

246 1977 550 2049 δαιμονίαν.
616 1976 730 2032 Εἶτ’
761 1977 949 2049 ἐπειδὴ
984 1977 1092 2032 τῶν
1151 1977 1402 2048 πατέρων
1464 1974 1821 2029 ἐπιλαθέσθαι

248 2072 386 2142 αὐτῇ
447 2069 923 2142 παρεκελεύσατο,
983 2068 1295 2139 ἀναγκαίως
1357 2068 1550 2136 ἐπάγει
1610 2066 1818 2135 λέγων⁸

261 2163 409 2216 Ἀντί
439 2161 557 2216 τῶν
611 2160 882 2230 πατέρων
909 2178 1023 2215 σου
1045 2160 1420 2230 ἐγενήθησαν
1445 2160 1499 2210 οἱ
1531 2156 1649 2210 vlo!
1685 2172 1820 2209 σου.

246 2256 482 2320 Τούτους
535 2258 682 2320 υἱοὺς
718 2255 888 2328 κριῶν
934 2254 1025 2307 διὰ
1059 2254 1122 2306 τὸ
1155 2253 1345 2319 ἄλογον
1374 2247 1654 2302 ἀποκαλεῖ.
1710 2241 1823 2298 Εἶτ’

245 2348 482 2417 ἐπιλέγει
501 2364 514 2378 ·
561 2348 874 2418 Ἐνέγκατε
917 2343 996 2412 τῷ
1025 2345 1221 2412 Kvplcp
1253 2341 1443 2406 δόξαν
1473 2339 1569 2394 καὶ
1611 2335 1787 2407 τιμήν
1806 2353 1819 2366 ο

241 2437 270 2490 δ
300 2437 364 2509 δὴ
414 2440 626 2509 νοήσεις
666 2438 773 2491 ἀπὸ
820 2437 920 2507 τῆς
962 2435 1055 2490 τοῦ
1079 2436 1326 2506 Σωτῆρος
1350 2431 1505 2505 ἡμῶν
1539 2431 1675 2502 πρὸς
1698 2429 1824 2492 τοὺς

1929 1969 2068 2026 ﬁlios
2094 1971 2323 2024 arietum
2351 1980 2510 2027 vocat
2550 1973 2622 2028 ob
2679 1974 2910 2029 rationis
2974 1974 3268 2030 defectum.
3313 1978 3509 2034 Postea

1926 2059 2264 2129 subjungitj:
2314 2061 2515 2130 A/ferte
2576 2055 2806 2118 Domino
2853 2069 3080 2138 gloriam
3137 2080 3186 2124 et
3239 2073 3505 2124 honorem.

1923 2149 2097 2219 Cujus
2124 2152 2449 2206 sententiam
2481 2169 2544 2208 ex
2571 2154 2675 2209 hoc
2709 2154 3010 2216 Salvatoris
3042 2163 3219 2217 nostri
3243 2165 3308 2217 ad
3341 2163 3509 2217 disci-

1925 2243 2083 2310 pulos
2111 2243 2316 2296 monito
2344 2242 2616 2314 intelligas
2641 2265 2654 2299 :
2686 2245 2919 2304 Luceant
2949 2269 3107 2322 opera
3132 2265 3301 2308 vestra
3326 2271 3506 2308 coram

1923 2331 2242 2399 hominibus,
2271 2345 2326 2387 ut
2352 2334 2579 2390 videntes
2615 2338 2751 2394 bona
2780 2358 2936 2410 opera
2984 2354 3173 2411 uestra,
3209 2347 3505 2418 gloriﬁcent

1928 2423 2143 2480 Patrem
2165 2435 2390 2480 uestrum
2419 2427 2510 2498 qui
2527 2429 2580 2482 in
2607 2432 2750 2486 caelis
2780 2444 2857 2488 est
2891 2436 2956 2488 “.

241 2527 492 2603 μαθητὰς
515 2527 983 2600 παρακελεύσεως,
1017 2525 1085 2580 δι’
1114 2521 1182 2597 ἧς
1212 2526 1468 2595 παραινεῖ
1509 2521 1682 2590 λέγων
1717 2519 1899 2580 αὐτοῖς
1921 2533 1934 2546 ⁶
1965 2515 2268 2586 Λαμψάτω
2298 2519 2369 2573 τὰ
2431 2522 2575 2594 ἔργα
2607 2523 2774 2592 ὑμῶν
2833 2525 3177 2596 ἔμπροσθεν
3233 2528 3352 2582 τῶν
3401 2531 3506 2584 ἀν-

238 2619 508 2688 θρώπων,
538 2619 717 2685 ὅπως.
751 2619 1088 2684 ,βλέποντες
1114 2621 1187 2671 τὰ
1212 2617 1369 2671 καλὰ
1409 2615 1576 2685 ὑμῶν
1605 2615 1770 2684 ἔργα,
1809 2605 2117 2675 δοξάσωσι
2172 2610 2278 2666 τὸν
2306 2613 2539 2682 Πατέρα
2564 2614 2735 2684 ὑμῶν
2772 2614 2880 2669 τὸν
2933 2617 3003 2671 ἐν
3036 2618 3170 2684 τοῖς
3205 2619 3500 2686 οὐρανοῖς.

310 2713 424 2766 Καὶ
467 2713 645 2784 τρίτον
693 2711 773 2765 ἔτι
827 2714 961 2785 πρὸς
1001 2713 1230 2776 τούτοις,
1264 2709 1448 2781 φέρειν
1501 2706 1579 2778 τῷ
1625 2706 1817 2779 Κυρίῳ

235 2803 567 2875 προστάττει
623 2803 926 2875 συμφώνως
963 2807 992 2857 6
1033 2803 1169 2874 μετὰ
1200 2805 1386 2874 χεῖρας
1405 2801 1638 2871 ψαλμὺς,
1670 2799 1764 2852 καὶ
1788 2799 1817 2850 δ

231 2892 592 2963 ἐνενηκοστὸς
643 2893 908 2963 πέμπτος,
956 2891 1109 2955 δόξαν
1156 2889 1381 2960 ὀνόματι
1421 2886 1605 2940 αὑτοῦ.
1659 2883 1818 2954 Αύτῷ

232 2984 333 3054 μὲν
363 2983 481 3055 γὰρ
543 2982 924 3054 προσφέρομεν
949 2981 1107 3044 δόξαν
1135 2981 1221 3034 διὰ
1258 2978 1540 3049 δογμάτων
1572 2974 1817 3048 ἐρρωμέ-

225 3093 368 3131 νων·
416 3075 556 3129 ὰλλὰ
600 3077 694 3129 καὶ
743 3075 906 3146 τιμὴν
945 3074 1094 3146 αὐτῷ
1141 3070 1540 3145 προσφέρομεν,
1589 3067 1816 3138 πειθαρ-

1997 2706 2078 2761 Ad
2115 2707 2230 2761 hate
2260 2706 2446 2771 tertio,
2489 2723 2732 2775 praesens
2790 2710 3059 2778 psalmus,
3116 2714 3207 2766 cui
3237 2720 3506 2767 consonat

1917 2806 2310 2877 nonagesimus
2333 2805 2580 2875 quintus,
2616 2805 2864 2875 praecipit
2889 2806 3084 2861 aﬂ‘erre
3117 2807 3351 2862 Domino
3383 2808 3503 2878 glo-

1917 2902 2058 2955 riam
2102 2899 2310 2954 nomini
2365 2898 2506 2968 ejus.
2561 2897 2668 2967 Ipsi
2738 2914 2995 2968 namque,
3055 2915 3151 2969 per
3199 2899 3502 2954 doctrinam

1921 3007 2136 3056 sanam,
2175 2990 2403 3061 gloriam
2464 2988 2780 3054 aﬁ‘erimus;
2821 2989 2915 3043 sed
2974 2997 3030 3044 et
3072 2989 3336 3044 honorem
3397 2989 3504 3060 ipsi

1921 3083 2224 3145 afferimus,
2255 3079 2300 3136 si
2325 3079 2453 3134 huic
2480 3079 2599 3149 cjus
2623 3087 2897 3148 prmi-opto
2916 3094 3205 3148 pareamus
3237 3098 3250 3134 :
3289 3079 3504 3134 Honora

222 3169 463 3242 γοῦντες
521 3169 900 3239 προστάγματι
939 3167 1190 3236 λέγοντι’
1246 3166 1389 3235 Τίμα
1439 3162 1546 3216 τὸν
1598 3160 1816 3228 Κύριον

1924 3174 2207 3230 Dominum
2238 3173 2302 3228 de
2337 3174 2442 3226 tuis
2470 3171 2632 3240 iustis
2671 3170 2965 3234 laboribus,
3012 3181 3060 3226 et
3085 3172 3351 3240 primitias
3375 3173 3505 3242 oﬁ'cr

217 3265 340 3319 ἀπὸ
385 3259 531 3317 σ’ὧν
574 3261 818 3314 δικαίων
845 3262 1065 3324 πόνων,
1095 3257 1191 3312 καὶ
1211 3257 1483 3327 ἀπάρχου
1510 3253 1670 3321 αὐτῷ
1695 3252 1814 3308 ἀπὸ

217 3356 350 3410 σῶν
388 3355 651 3424 καρπῶν
680 3355 1088 3420 δικαιοσύνης.
1139 3351 1230 3422 Τῷ
1278 3351 1336 3404 δὲ
1387 3349 1610 3420 ὀνόματι
1649 3343 1814 3400 αὑτοῦ

221 3446 384 3512 δόξαν
425 3445 828 3515 περιάπτομεν,
891 3442 1108 3495 ἐπειδὰν
1139 3441 1330 3513 λάμπῃ
1382 3440 1536 3510 ήμῶν
1567 3437 1635 3492 τά
1678 3436 1814 3507 ἔργα

223 3539 547 3612 ἔμπροσθεν
610 3539 718 3592 τῶν
770 3537 1106 3608 ἀνθρώπων
1141 3535 1280 3589 ὥστε
1333 3533 1575 3606 ὁρῶντας
1618 3531 1814 3595 αὐτοὺς

220 3626 475 3694 δοξάζειν
533 3626 624 3678 τὸν
675 3625 894 3695 Πατέρα
948 3625 1104 3694 ήμῶν
1157 3625 1246 3677 τὸν
1285 3627 1344 3677 ἐν
1389 3626 1502 3686 τοῖς
1545 3623 1811 3694 οὐρανοῖς.

224 3721 423 3782 Ὅπως
438 3718 500 3770 δὲ
522 3718 672 3788 παρά
698 3719 810 3780 τοῖς
840 3717 1016 3769 ἔθνεσι
1042 3716 1103 3768 τὸ
1122 3716 1291 3785 ὄνομα
1319 3715 1483 3769 αὐτοῦ
1510 3713 1813 3779 δοξάζεται,

220 3811 315 3864 καὶ
345 3812 375 3863 6
429 3808 526 3863 διὰ
570 3808 664 3861 τοῦ
699 3811 976 3881 προφήτου
1026 3808 1320 3879 παρίστησι
1386 3806 1540 3874 λόγος
1589 3806 1722 3876 πρὸς
1754 3805 1816 3858 τὸ

231 3898 513 3953 Ἰουδαίων
574 3897 731 3960 ’ἔθνος
805 3898 1218 3967 ἀποτεινόμενος
1271 3897 1365 3949 καὶ
1441 3895 1645 3964 λέγων·
1695 3897 1814 3948 Οὐκ

217 3989 351 4046 ἐστι
394 4007 526 4058 μου
571 3988 800 4058 θέλημα
852 3989 922 4042 ἐν
968 3989 1130 4058 ὑμῖν.
1170 3988 1332 4058 ,λέγει
1401 3989 1616 4056 Κύριος
1662 4002 1814 4041 παν-

215 4081 551 4151 τοκράτωρ,
599 4082 696 4134 καὶ
756 4082 977 4136 θυσίαν
1017 4083 1088 4136 οὐ
1132 4079 1535 4150 προσδέξομαι
1585 4081 1654 4134 ἐκ
1698 4079 1817 4134 τῶν

220 4175 435 4243 χειρῶν
481 4172 686 4242 ὑμῶν’
723 4173 871 4227 διότι
929 4175 1045 4228 ἀπὸ
1098 4173 1408 4228 ἀνατολῶν
1441 4175 1620 4242 ἡλίου
1637 4174 1815 4244 μέχρι

217 4262 475 4335 δυσμῶν
495 4265 861 4328 δεδόξασται
888 4265 954 4319 τὸ
977 4265 1165 4335 ὄνομά
1179 4284 1298 4335 μου
1329 4266 1398 4318 ἐν
1426 4265 1548 4331 τοῖς
1572 4265 1776 4320 ἔθνεσι
1796 4283 1808 4295 ·

218 4362 316 4413 καὶ
339 4361 413 4413 ἐν
426 4359 616 4413 παντὶ
643 4361 802 4426 τόπῳ
847 4360 1109 4428 θυμίαμα
1151 4357 1552 4428 προσφέρεται
1575 4357 1654 4424 τῷ
1679 4359 1804 4411 ord-

1918 3271 2016 3338 ipsi
2045 3268 2109 3322 de
2142 3267 2245 3321 tuis
2266 3265 2497 3336 justitia!
2518 3263 2778 3332 fructibus
2805 3264 2878 3317 ⁸⁷.
2934 3262 3153 3318 Nemini
3179 3273 3360 3318 autem
3383 3265 3504 3332 ejus

1917 3360 2146 3432 gloriam
2171 3357 2548 3418 conciliamus,
2567 3354 2611 3410 si
2630 3355 2850 3426 quando
2882 3355 3099 3410 luceant
3120 3371 3286 3426 opera
3315 3365 3503 3411 nostra

1915 3467 2101 3507 coram
2134 3449 2486 3516 hominibus,
2519 3449 2594 3501 ita
2650 3457 2711 3502 ut
2762 3447 3010 3501 videntes
3045 3447 3147 3517 ipsi
3199 3448 3504 3516 gloriﬁcent

1917 3542 2132 3596 Patrem
2165 3548 2416 3595 nostrum
2437 3540 2530 3608 qui
2556 3541 2609 3592 in
2641 3538 2797 3592 caelis
2830 3545 2934 3591 est.
2969 3537 3092 3603 Quo
3126 3550 3286 3608 pacto
3322 3549 3504 3593 autem

1916 3633 2080 3687 etiam
2113 3633 2255 3701 apud
2312 3641 2504 3701 gentes
2533 3630 2742 3684 nomini
2806 3629 2928 3696 ejus
2981 3629 3156 3698 gloria
3207 3629 3499 3693 referatur,

1919 3723 2007 3776 hic
2037 3722 2311 3792 propheta:
2344 3737 2522 3776 sermo
2557 3721 2816 3784 declarat,
2853 3722 2945 3790 qui
2974 3719 3257 3774 Iudaicam
3288 3732 3502 3791 gentem

1918 3814 2162 3882 respicit,
2203 3820 2252 3866 et
2291 3815 2370 3866 sic
2403 3812 2564 3866 habet
2597 3827 2610 3862 :
2646 3810 2770 3864 Non
2804 3822 2882 3864 est
2904 3811 3145 3864 voluntas
3183 3827 3297 3863 mea
3327 3812 3381 3862 in
3412 3827 3500 3863 ro-

1919 3903 2020 3965 bis,
2055 3902 2183 3956 dicit
2251 3901 2503 3955 Dominus
2555 3903 2907 3969 omnipotens,
2953 3911 3002 3954 et
3035 3901 3362 3971 sacriﬁcium
3399 3918 3502 3954 non

1919 3996 2172 4062 accipiam
2197 3994 2259 4048 de
2280 3994 2522 4048 manibus
2551 3997 2768 4056 vestris;
2790 3993 2854 4047 ab
2883 4002 3000 4048 ortu
3021 3994 3158 4048 enim
3190 3993 3318 4048 solis
3342 4009 3504 4064 usque

1918 4088 1988 4140 ad
2023 4104 2268 4140 occasum
2305 4087 2666 4158 gloriﬁcatum
2693 4095 2772 4140 est
2824 4103 3009 4140 nomen
3041 4101 3211 4138 meum
3249 4086 3302 4138 in
3329 4084 3502 4154 genti-

1919 4183 2044 4243 bus,
2079 4190 2126 4233 et
2159 4181 2209 4232 in
2235 4181 2381 4232 onmi
2410 4180 2524 4232 loco
2565 4178 2863 4249 thymiama
2880 4178 3098 4246 offertur
3129 4177 3332 4230 nomini
3362 4191 3496 4239 meo,

1916 4284 1964 4326 et
2007 4273 2329 4342 sacriﬁcium
2387 4271 2660 4324 mundum.
2704 4271 2843 4336 Quia
2887 4286 3138 4340 maguum
3193 4279 3270 4322 est
3313 4283 3500 4321 nomen

1919 4380 2086 4416 meum
2119 4363 2172 4415 in
2203 4361 2438 4432 gentibus
2467 4378 2484 4415 :
2514 4372 2562 4414 et
2595 4377 2682 4414 vos
2707 4360 2974 4430 polluistis
3010 4359 3144 4412 illud
3166 4360 3231 4412 ⁶⁸.
3273 4357 3355 4411 Ad
3385 4357 3500 4411 haec

212 4452 357 4520 ματι
379 4470 505 4522 μου
535 4451 640 4504 καὶ
669 4451 850 4504 θυσία
881 4451 1127 4520 καθαρά·
1157 4451 1302 4505 διότι
1336 4451 1492 4520 μέγα
1528 4451 1592 4504 τὸ
1628 4451 1814 4520 ὄνομά

1924 4455 2098 4510 munia
2131 4455 2189 4519 ii,
2214 4455 2304 4522 qui
2344 4453 2436 4506 lilii
2475 4451 2568 4507 Dei
2600 4468 2724 4507 esse
2756 4452 3125 4514 declarantur,
3157 4451 3367 4504 scilicet
3405 4448 3498 4502 ﬁlii

210 4563 330 4614 μου
350 4546 423 4599 ἐν
442 4545 573 4611 τοῖς
598 4543 846 4598 ἔθνεσιν
866 4561 878 4574 ·
913 4543 1073 4612 ὑμεῖς
1105 4543 1172 4597 δὲ
1198 4543 1611 4610 ,βεϐηλοῦντες
1643 4544 1811 4597 αὐτό.

218 4639 361 4710 Πρὸς
392 4638 617 4700 τούτοις
669 4636 870 4690 ἅπασιν
902 4637 952 4689 oi
983 4635 1315 4706 δηλωθέντες
1357 4637 1465 4688 υἱοὶ
1509 4636 1602 4689 τοῦ
1654 4635 1812 4700 Θεοῦ,

215 4730 246 4800 ἥ
282 4730 388 4784 υίοὶ
425 4731 537 4783 τῶν
569 4727 748 4800 κριῶν
794 4727 1106 4783 κελεύονται
1167 4733 1491 4800 προσκυνεῖν
1520 4727 1598 4798 τῷ
1626 4728 1816 4800 Κυρίῳ

211 4822 272 4873 ὲν
303 4820 442 4892 αὐλῇ
465 4821 604 4891 ἁγία
642 4818 806 4872 αὑτοῦ
859 4820 932 4872 Ού
956 4821 1064 4890 γάρ
1090 4819 1194 4886 ἔξω
1215 4821 1313 4891 τῆς
1340 4819 1509 4889 αὐλῆς
1545 4819 1813 4889 βούλεται,

211 4911 334 4964 οὐδὲ
360 4909 884 4982 άνακεχωρημένως
929 4908 1227 4972 ἱδιάζοντας
1274 4912 1599 4979 προσκυνεῖν
1644 4908 1814 4978 αὐτῷ,

216 5001 329 5055 ἀλλ’
359 5003 726 5062 ἀπαντῶντας
747 5002 827 5065 είς
859 5002 958 5071 τὴν
1001 5001 1326 5072 Ἐκκλησίαν
1358 5001 1542 5054 αὐτοῦ.
1588 5001 1732 5052 Ἀντὶ
1757 5000 1813 5052 δὲ

213 5098 330 5159 τοῦ,
382 5098 456 5150 ἐν
484 5093 651 5164 αὺλῇ
679 5095 820 5164 ἀγίςι
849 5096 1056 5157 αὑτοῦ,
1095 5098 1123 5148 ὀ
1166 5097 1263 5166 μὲν
1301 5093 1550 5157 Ἀκύλας,
1578 5095 1646 5145 ἐν
1688 5093 1813 5146 δια-

214 5192 469 5258 πρεπείᾳ
512 5189 881 5260 ἡγιασμένη,
926 5187 1218 5252 ἐξέδωκεν·
1243 5190 1270 5240 ό
1293 5187 1349 5239 δὲ
1383 5187 1697 5258 Σύμμαχος,
1744 5187 1814 5239 ἐν

169 5326 173 5331 .
214 5283 570 5353 διαπρεπείᾳ
596 5281 761 5352 ἀγιῃ.
804 5280 1185 5352 Βούλεταιγάρ
1227 5283 1372 5352 ἡμᾶς
1404 5284 1432 5334 ὁ
1484 5282 1636 5348 λόγος
1674 5281 1811 5351 μετὰ

1917 4546 2171 4607 arietum,
2204 4544 2466 4610 iubentur
2495 4544 2726 4597 adorare
2748 4541 3040 4596 Dominum
3064 4540 3118 4593 in
3147 4539 3270 4592 aula
3307 4545 3499 4591 sancta

1916 4639 2057 4707 ejus.
2093 4637 2170 4709 (ι)
2196 4636 2313 4690 Νοη
2349 4637 2464 4689 vult
2495 4635 2644 4690 enim
2700 4641 2854 4688 extra
2892 4634 3096 4695 aulam,
3132 4645 3309 4700 neque
3337 4631 3390 4683 in
3414 4645 3500 4684 se-

1919 4744 2101 4791 cessu,
2132 4735 2226 4780 aut
2268 4733 2509 4780 semotus
2567 4724 2800 4776 adorare
2843 4723 3059 4790 ipsum;
3093 4719 3186 4774 sed
3241 4717 3501 4773 accedere

1915 4821 2069 4890 jubet
2092 4819 2158 4872 ad
2194 4817 2493 4871 Ecclesiam
2513 4831 2688 4871 suam.
2730 4811 2874 4867 Loco
2899 4822 3077 4866 autem
3099 4810 3266 4874 illius,
3294 4811 3349 4863 in
3373 4810 3500 4864 aula

1920 4921 2106 4967 sancta
2137 4911 2250 4980 ejus
2270 4951 2284 4973 ,
2327 4909 2544 4978 Aquila,
2575 4907 2830 4960 indecore
2857 4905 3225 4974 sanctiﬁcata;
3251 4902 3500 4974 Symma-

1925 5005 2063 5058 chus
2097 5018 2248 5064 vero,
2279 5002 2330 5054 in
2352 5000 2536 5054 decore
2588 5010 2794 5062 sancto,
2831 4996 3024 5052 edidit.
3059 4995 3184 5049 Vult
3210 4997 3354 5050 enim
3395 5011 3500 5051 nos

1926 5112 2052 5150 cum
2097 5095 2282 5150 debito
2325 5102 2547 5156 ornatu,
2585 5108 2648 5146 ac
2682 5091 2792 5146 Deo
2843 5090 3042 5144 dilecta
3071 5087 3284 5158 justitia
3315 5087 3504 5141 adora-

1925 5189 2132 5241 tionem
2169 5201 2447 5256 peragere,
2485 5183 2763 5239 sanctitati
2793 5195 3020 5253 prorsus
3068 5179 3280 5234 deditos
3313 5193 3376 5231 ac
3404 5177 3500 5231 dc-

1919 5281 2054 5334 cori.

214 5383 309 5437 τοῦ
345 5383 656 5454 πρέποντος
699 5379 924 5448 κόσμου,
959 5380 1052 5432 καὶ
1093 5378 1190 5448 τῆς
1210 5378 1430 5449 τῷΘεῴ
1474 5374 1803 5449 προσφιλοῦς
1875 5376 2222 5448 δικαιοσύνης
2285 5375 2382 5447 τὴν
2437 5373 2809 5445 προσκύνησιν
2875 5368 3167 5433 ποιεῖσθαι,
3210 5367 3361 5427 ὅλους
3403 5364 3501 5417 αύ-

218 5477 344 5550 τοὺς
361 5478 433 5529 ’ὲν
461 5472 731 5545 ἁγιασμῷ
756 5471 1079 5542 γενομένους
1108 5471 1201 5524 καὶ
1229 5473 1284 5525 ἐν
1314 5470 1634 5544 εὐπρεπείᾳ.

325 5693 368 5723 ⁸³
427 5691 575 5748 Psal.
634 5703 782 5750 XLIV,
830 5686 912 5740 Π.
989 5684 1033 5714 ⁸⁸⁸
1075 5683 1204 5738 ibid.
1239 5682 1319 5735 ll.

1398 5681 1441 5711 ⁶⁶
1475 5679 1660 5735 Matth.
1689 5697 1741 5745 v,
1799 5677 1883 5735 ιϐ.
1961 5680 2003 5709 ⁸⁷
2046 5677 2210 5734 Prov.
2248 5693 2334 5740 ιιι,
2360 5677 2413 5732 9.

2493 5676 2536 5707 ⁵⁸
2575 5671 2805 5728 Malach.
2835 5687 2872 5737 ι,
2907 5665 3113 5723 10-12.

292 5876 367 5949 (Ι)
391 5873 632 5948 “ipsum
660 5869 771 5926 fere
803 5869 1034 5927 Basilius
1072 5867 1223 5922 dixit.
1252 5881 1356 5936 qua
1382 5864 1447 5919 de
1497 5879 1550 5920 re
1586 5862 1636 5916 iu
1665 5859 1980 5934 praefatione
2009 5859 2228 5915 videsis.
