4010 6566
552 360 662 417 255

1296 361 1568 418 EUSEBll
1607 363 2090 422 CIESARIENSIS
2126 365 2276 422 OPP.
2316 367 2494 423 PARS
2534 369 2623 425 lll.
2663 401 2733 411 —
2773 369 3175 427 EXEGETICA.

3706 377 3839 433 256

618 468 788 525 Vens.
828 472 882 526 5.
929 471 1043 526 Vox
1083 471 1295 526 Domini
1338 491 1494 543 super
1543 492 1744 545 aquas,
1788 476 1930 532 Deus
1963 481 2098 550 maje

2204 537 2206 544 ,
2303 482 2474 550 Φωνὴ
2506 485 2726 552 Κυρίου
2756 485 2856 537 ἐπὶ
2892 484 3011 539 τῶν
3050 485 3300 550 ὑδάτων.
3331 493 3366 543 ό
3399 490 3543 555 Θεὸς
3572 487 3686 558 τῆς
3713 492 3836 545 δό-

545 563 704 617 statis
739 563 1007 625 intonuit;
1050 562 1307 617 Dominus
1343 581 1498 634 super
1537 584 1700 636 aquas
1736 569 1953 624 multas.
1987 569 2124 636 Quia

545 672 673 712 eum
709 657 764 710 in
794 657 996 714 vertice
1021 655 1255 711 Carmeli
1290 673 1385 710 aer
1414 673 1642 713 serenus
1672 668 1838 724 esset,
1871 661 2126 717 audiebat

544 765 735 806 vocem
776 765 1041 821 aquarum
1077 749 1394 803 multarum.
1439 749 1517 804 Ac
1556 751 1603 806 si
1641 753 1764 822 quis
1811 754 2122 808 summatim

545 843 730 896 omnia
762 842 981 912 colligat
1012 857 1133 911 quae
1165 841 1220 894 in
1262 839 1448 897 Veteri
1491 841 1842 899 Testamento
1868 845 1934 900 de
1966 847 2122 917 aquis

541 935 818 998 feruntur,
853 933 901 989 is
934 949 1070 988 sane
1108 931 1316 988 videbit
1360 935 1527 989 illud:
1563 935 1794 1003 Spiritus
1837 936 1936 990 Dei
1987 939 2124 1006 fere-

539 1027 698 1081 batur
720 1042 877 1094 super
907 1043 1104 1096 aquam
1128 1026 1172 1056 ⁶⁹
1196 1043 1210 1093 ;
1243 1034 1296 1080 et
1319 1027 1450 1081 illud
1478 1047 1491 1082 :
1520 1027 1763 1082 Educant
1791 1046 1943 1100 aqua:
1961 1033 2122 1100 repti-

537 1118 613 1173 lia
645 1119 950 1172 animarum
979 1118 1286 1181 viventium,
1309 1126 1360 1171 et
1394 1118 1634 1172 volatilia
1656 1120 1732 1185 7°;
1763 1135 1828 1176 ea
1870 1121 1998 1176 item
2026 1122 2120 1177 de-

527 1210 836 1282 prehendet
883 1226 1006 1281 quae
1055 1212 1112 1264 in
1166 1210 1374 1265 diluvio
1421 1221 1571 1282 gesta
1629 1219 1792 1274 sunt.
1841 1213 2118 1282 quomodo

527 1300 811 1365 videlicet,
846 1315 972 1354 cum
1003 1300 1191 1356 omnia
1218 1301 1378 1370 aquis
1411 1301 1698 1355 submersa
1725 1308 1930 1364 essent,
1967 1301 2117 1356 solus

524 1390 642 1448 Noe
681 1407 808 1447 cum
837 1392 907 1447 iis
938 1392 1032 1464 qui
1068 1392 1127 1447 in
1157 1408 1285 1446 area
1317 1398 1477 1447 erant
1509 1393 1694 1447 salvus
1737 1393 2009 1456 evaserit,
2052 1408 2116 1446 ea

525 1483 702 1538 etiam
728 1498 852 1554 qua:
883 1483 940 1538 in
966 1482 1226 1555 Egypto,
1263 1492 1317 1537 et
1348 1483 1402 1536 in
1438 1485 1576 1537 mari
1607 1483 1813 1548 liubro,
1837 1492 1889 1539 et
1914 1500 2035 1552 quae
2059 1483 2115 1538 in

523 1571 808 1642 Jordane,
856 1591 964 1646 qua
999 1577 1212 1632 ratione
1247 1575 1340 1630 ﬁlii
1386 1575 1552 1631 Israel
1586 1575 1736 1631 sicco
1769 1576 1905 1646 pede
1934 1585 2116 1633 trans-

529 1667 715 1723 ierint.

605 1757 776 1816 V'Ens.
813 1759 868 1813 4.
919 1759 1032 1814 Voa:
1057 1759 1274 1814 Domini
1309 1761 1363 1814 in
1398 1760 1608 1815 uirtute.
1636 1759 1771 1814 Nam
1803 1760 1898 1831 qui
1928 1761 2112 1816 omnia

2231 575 2341 643 ξης
2408 577 2764 646 ἐϐρόντησε·
2820 580 3033 646 Κύριος
3088 581 3189 633 ἐπὶ
3247 581 3484 636 ὑδάτων
3536 583 3836 642 πολλῶν.

2230 670 2370 732 Ὄτι,
2403 669 2618 740 αἰθρίας
2669 670 2834 742 οὔσης
2902 673 2994 726 ἐπὶ
3029 674 3126 747 τὴν
3159 676 3401 747 κορυφὴν
3445 675 3538 728 τοῦ
3572 677 3835 749 Καρμής

2224 760 2338 825 λου,
2371 762 2535 832 ἤκουε
2579 764 2762 836 φωνὴν
2823 765 3029 819 ὑδάτων
3064 766 3294 820 πολλῶν.
3327 769 3439 822 Kai
3476 768 3634 834 ὅλως,
3682 787 3834 823 συν-

2223 853 2445 922 αγαγών
2470 872 2552 918 τις
2581 855 2649 909 τὰ
2666 857 2722 909 ὲν
2737 859 2803 927 τῇ
2831 857 3040 930 Παλαιᾷ
3067 859 3194 932 περί
3225 860 3431 914 ὑδάτων
3463 861 3836 932 ἀναγεγραμ-

2227 943 2384 1015 μένα,
2441 946 2534 999 xui
2580 948 2656 1011 ὡς
2705 948 2787 1012 τὸ,
2839 949 3082 1018 Πνεῦμα
3121 950 3228 1003 τοῦ
3279 951 3428 1004 Θεοῦ
3481 952 3832 1021 ἐπεφέρετο

2221 1037 2419 1090 ἐπάνω
2446 1039 2553 1092 τοῦ
2586 1040 2832 1107 ὕδατος·
2877 1042 2971 1095 καὶ
3002 1042 3062 1096 τό
3082 1059 3095 1073 ⁶
3116 1043 3474 1113 Ἐξαταγέτω
3513 1045 3585 1098 τὰ
3613 1045 3829 1099 ὕδατα

2220 1128 2436 1196 ἑρπετὰ
2468 1130 2685 1200 ψυχῶν
2728 1130 2928 1193 ζωσῶν
2958 1133 3055 1187 καί
3089 1135 3328 1189 πετεινὰ
3374 1138 3706 1206 πετόμεναο
3741 1139 3828 1192 τά

2220 1235 2277 1271 τε
2313 1221 2370 1273 ὲν
2397 1220 2475 1291 τῷ
2506 1222 2895 1294 κατακλυσμῷ,
2924 1225 3019 1289 ὡς,
3066 1227 3320 1280 ἁπάντων
3347 1228 3700 1300 ὑποϐρυχίων
3724 1247 3822 1298 γι-

2219 1312 2476 1382 νομένων,
2507 1314 2664 1384 μόνος
2695 1317 2724 1367 ὁ
2764 1316 2885 1369 Νῶε
2933 1319 3026 1370 xai
3067 1320 3116 1372 οἰ
3168 1320 3264 1372 σὺν
3305 1319 3454 1389 αὑτῷ
3485 1320 3821 1385 διεσώζοντο

2219 1400 2275 1451 ἑν
2304 1404 2369 1472 τῇ
2403 1401 2651 1473 κιϐωτῷ·
2683 1405 2778 1458 xui
2806 1405 2874 1458 τὰ
2916 1407 3008 1459 ἑπί
3038 1407 3134 1478 τῆς
3167 1407 3464 1476 Αἰγύπτου,
3495 1411 3591 1462 xui
3633 1410 3709 1464 τὰ
3748 1413 3820 1464 ὲν

2216 1493 2281 1562 τῇ
2323 1491 2557 1564 Ἐρυθρᾷ
2599 1494 2863 1568 θαλάσσῃ,
2891 1499 2984 1550 καὶ
3032 1497 3098 1551 τὰ
3140 1501 3198 1551 ἑν
3239 1499 3317 1570 τῷ
3355 1500 3616 1574 Ἰορδάνῃ,
3650 1503 3816 1567 ὅπως

2217 1582 2434 1654 ἀϐρόχῳ
2470 1583 2589 1638 ποδὶ
2614 1585 2925 1641 διεϐίϐασαν
2953 1589 3002 1640 οἰ
3031 1589 3135 1641 υἰοὶ
3179 1589 3412 1660 Ἰσραὴλ,
3442 1589 3654 1659 ὄψεται.

2287 1761 2458 1830 Φωνὴ
2487 1763 2707 1829 Kvplov
2745 1763 2814 1816 ἐν
2840 1765 3025 1833 ἰσχύϊ.
3065 1765 3123 1818 ’0
3153 1764 3262 1836 γὰρ
3299 1765 3476 1819 πάντα
3507 1766 3714 1838 ἰσχύων
3747 1770 3812 1822 ὲν

527 1856 713 1920 potest
757 1849 812 1904 in
861 1849 1085 1904 Christo
1134 1851 1226 1920 qui
1279 1864 1338 1904 se
1387 1847 1699 1912 confortat,
1753 1848 1802 1903 is
1843 1858 2098 1919 prmeeptt

2215 1852 2292 1924 τῷ
2339 1855 2720 1926 ἑνδυναμοῦντι
2763 1856 2922 1910 αὑτὸν
2967 1858 3206 1930 Χριστῷ,
3263 1853 3418 1923 οὗτος
3464 1861 3653 1913 ἀκούει
3688 1863 3808 1916 τῶν

531 1940 748 1997 Domini
781 1943 956 2007 audit,
999 1950 1053 1998 et
1078 1958 1140 1996 ea
1179 1942 1520 2022 exsequitur.
1565 1940 1682 1996 Vox
1722 1956 1853 2012 ergo
1896 1939 2112 1994 Domini

526 2049 637 2089 non
667 2035 719 2088 in
746 2034 913 2088 debili
941 2048 1004 2089 ac
1030 2034 1211 2089 soluta
1249 2034 1453 2098 anima,
1488 2033 1584 2088 sed
1625 2033 1680 2086 in
1721 2033 1945 2088 robusta
1993 2047 2114 2102 quae

525 2128 736 2183 naviter
789 2127 993 2181 bonum
1035 2134 1311 2197 operatur.
1380 2125 1494 2180 Vox
1546 2124 1760 2178 Domini
1807 2126 1862 2178 in
1908 2125 2114 2194 magni-

526 2220 761 2288 ﬁcentia.
793 2217 911 2272 Non
961 2233 1058 2288 per
1085 2232 1148 2272 ea
1182 2218 1358 2273 solum
1381 2256 1396 2282 ,
1450 2217 1650 2286 inquit,
1687 2231 1807 2285 qua:
1833 2214 1904 2271 de
1953 2214 2112 2284 aquis

525 2306 675 2362 dicta
702 2309 862 2363 nobis
896 2317 1044 2372 sunt,
1067 2323 1169 2362 vox
1203 2307 1420 2360 Domini
1453 2306 1761 2362 declaratur
1781 2349 1796 2373 ,
1820 2305 1914 2360 sed
1943 2305 2107 2360 etiam

527 2417 626 2474 per
658 2403 914 2457 virtutem
954 2409 1009 2456 et
1060 2400 1522 2473 magniﬁcentiam
1558 2401 1700 2470 ejus,
1737 2415 1900 2470 quam
1931 2400 2108 2455 oculis

527 2493 935 2565 deprehendere
969 2501 1171 2564 potest,
1203 2491 1460 2564 quisquis
1506 2491 1797 2547 confertim
1842 2493 2105 2546 mundum

526 2597 700 2644 totum
727 2603 1190 2660 quaquaversum,
1211 2595 1265 2642 et
1296 2597 1481 2658 partes
1515 2586 1635 2655 ejus
1666 2585 1944 2656 sigillatim
1975 2600 2106 2641 con-

517 2680 846 2751 templatur,
882 2693 1099 2734 necnon
1158 2677 1590 2732 inenarrabilem
1645 2676 2101 2746 magnitudinem,

522 2771 850 2828 ineﬂ'abilem
882 2768 1373 2842 pulchritudinem,
1402 2783 1465 2822 ac
1495 2767 1666 2822 multa
1691 2768 1954 2822 varietate
1979 2783 2104 2839 spe-

519 2861 799 2927 ctabilem,
824 2878 946 2934 qua:
970 2861 1106 2927 ipsis
1130 2862 1294 2924 inest,
1323 2859 1672 2930 sapientiam.
1692 2859 1822 2926 Quae
1843 2861 2098 2915 nimirum

518 2963 848 3026 potestatem
870 2954 1240 3024 virtutemque
1268 2953 1649 3006 universorum
1673 2951 1885 3022 opiﬁcis
1915 2960 2100 3022 aperte

515 3053 976 3102 commonstrant.
1009 3045 1147 3101 llinc
1179 3053 1265 3102 est
1291 3044 1436 3116 quod
1481 3060 1762 3100 sermones
1797 3046 2097 3116 prOphetici

2217 1945 2442 2000 ἐντολῶν
2471 1948 2696 2019 Κυρίου,
2729 1949 2823 2001 xui
2853 1953 3015 2003 ποιεῖ.
3049 1950 3205 2022 Φωνὴ
3244 1947 3336 2004 οὖν
3366 1953 3570 2022 Κυρίου
3596 1953 3705 2006 οὐκ
3747 1957 3808 2008 ὲν

2215 2044 2280 2113 τῇ
2334 2040 2551 2094 ἀσθενεῖ
2589 2043 2684 2095 xui
2730 2041 2996 2116 λελυμένῃ
3040 2045 3207 2115 ψυχῇ,
3234 2044 3346 2098 ἀλλ’
3389 2047 3446 2098 ὲν
3475 2049 3540 2116 τῇ
3589 2047 3807 2118 εὺτὸνῳ

2217 2135 2449 2209 ἰσχυρῶς
2492 2137 2936 2208 κατεργαζομένη
2979 2137 3040 2190 τὸ
3074 2136 3296 2205 ἀγαθόν.
3345 2137 3515 2205 Φωνὴ
3567 2140 3804 2205 Κυρίου

2209 2227 2281 2280 ἐν
2317 2229 2820 2298 μεγαὶοπρεπείᾳ.
2853 2230 2926 2281 Ού
2970 2227 3056 2281 διὰ
3084 2230 3282 2300 μόνων,
3319 2230 3471 2298 φησί,
3499 2232 3608 2283 τῶν
3634 2233 3799 2304 εἰρηο

2215 2319 2389 2388 μένων
2412 2320 2541 2389 ἡμῖν
2567 2320 2697 2389 περὶ
2727 2319 2932 2372 ὑδάτων
2964 2321 2995 2390 ἡ
3028 2319 3177 2391 φωνὴ
3205 2321 3532 2392 παρίσταται
3556 2321 3652 2375 τοῦ
3683 2325 3802 2376 Κυ-

2212 2410 2358 2480 ρίου·
2399 2409 2533 2463 ἀλλὰ
2565 2411 2660 2463 xui
2692 2410 2780 2464 διὰ
2808 2411 2907 2481 τῆς
2938 2411 3118 2482 ἰσχύος
3151 2411 3316 2465 αὑτοῦ
3351 2415 3445 2465 καὶ
3483 2413 3582 2482 τῆς
3616 2431 3798 2484 μεγα-

2207 2501 2559 2574 λοπρεπείας,
2589 2502 2657 2573 ῆν
2691 2502 2836 2556 ἐστιν
2875 2503 3170 2575 ὀφθαλμοῖς
3202 2504 3533 2574 κατανοῆσαι
3575 2506 3798 2577 ἀθρόως

2207 2593 2296 2646 τὸν
2327 2591 2616 2664 σύμπαντα
2645 2594 2847 2665 κόσμον
2880 2596 3170 2667 ἀπείρατα,
3215 2595 3360 2660 ἰδίως
3402 2615 3460 2650 τε
3491 2597 3559 2650 τὰ
3595 2598 3795 2652 τούτου

2208 2685 2349 2757 μέρη
2393 2685 2748 2758 θεασάμενον,
2773 2689 2841 2741 τά
2864 2705 2924 2740 τε
2955 2687 3156 2760 μεγέθη
3202 2689 3271 2742 τὰ
3295 2689 3660 2761 ἀνεκδιήγητα
3694 2693 3794 2747 καὶ

2204 2777 2273 2831 τὰ
2317 2778 2667 2850 ἀνέκφραστα
2709 2780 2900 2851 κάλλη,
2949 2781 3050 2850 τήν
3094 2797 3152 2832 τε
3191 2782 3248 2833 ἑν
3288 2781 3468 2845 αὐτοῖς
3498 2783 3792 2854 ὁρωμένην

2203 2869 2581 2925 πολυποίκιλον
2639 2873 2864 2942 σοφίανο
2909 2871 2945 2926 ἃ.
2992 2873 3056 2942 δὴ
3095 2873 3350 2942 τυγχάνει
3401 2876 3790 2945 παραστατικὰ

2200 2960 2300 3031 τῆς
2331 2961 2424 3015 τοῦ
2472 2964 2882 3034 συστησαμένου
2927 2962 2993 3016 τὰ
3042 2963 3218 3017 πάντα
3261 2963 3541 3035 δυνάμεώς
3585 2981 3646 3018 τε
3691 2971 3788 3021 κ·ιί

2203 3049 2402 3119 ἰσχύος.
2432 3050 2625 3104 ΙἘνθεν
2653 3053 2701 3104 οἱ
2729 3052 3054 3124 προφητικοὶ
3080 3051 3224 3120 λόγοι
3246 3052 3344 3124 τὴν
3375 3053 3652 3124 θεολογίαν
3673 3058 3790 3111 ἀπὸ

519 3139 613 3196 Dei
649 3139 937 3195 scientiam
975 3153 1006 3192 a
1041 3139 1417 3210 magnitudine
1449 3152 1674 3207 operum
1713 3137 1832 3206 ejus
1864 3138 2095 3193 mutuati

519 3232 620 3251 -2--.
686 3229 1049 3251 n-_---.-l...-..-
1080 3227 1220 3251 ---με
1262 3226 1545 3251 1,.--.υιξηηι
1585 3226 1786 3251 aut”...
1827 3235 1902 3251 Α...
1929 3246 1940 3251 -
1997 3227 2064 3251 n-

2204 3140 2296 3211 τῆς
2323 3140 2724 3214 μεγαλουργίας
2756 3143 2920 3197 αὐτοῦ
2955 3143 3393 3216 παρελάμϐανον.
3441 3146 3533 3199 Διὸ
3563 3147 3786 3218 εἴρηται

513 3232 646 3286 sint.
686 3229 1052 3297 Quamobrem
1079 3227 1221 3299 apud
1254 3226 1546 3282 Jeremiam
1583 3226 1789 3281 dictum
1823 3235 1942 3282 est:
1985 3227 2096 3282 Do-

516 3325 690 3378 minus
718 3323 809 3394 qui
851 3323 975 3394 fecit
1008 3331 1204 3376 terram
1237 3321 1290 3374 in
1325 3317 1636 3388 fortitudine
1668 3336 1766 3374 sua
1791 3321 1858 3387 ⁷³,
1895 3332 1948 3376 et
1989 3336 2094 3376 ca:-

514 3423 632 3472 tera
641 3458 654 3471 .

584 3506 753 3561 Vens.
789 3505 844 3568 5,
874 3505 926 3559 ϐ.
973 3504 1087 3558 V0.1:
1129 3501 1348 3556 Domini
1382 3499 1762 3571 confringentis
1791 3502 1973 3555 cedros
1998 3515 2016 3553 :
2042 3509 2093 3554 et

511 3599 805 3670 confringet
832 3598 1090 3652 Dominus
1126 3595 1306 3650 cedros
1334 3593 1546 3658 Libani,
1577 3604 1626 3648 et
1657 3596 1969 3648 comminuet
2002 3612 2090 3651 eas

512 3703 767 3761 tanquam
823 3691 1046 3745 vitulum
1098 3688 1322 3752 Libani,
1375 3697 1426 3743 et
1477 3687 1699 3742 dilectus
1756 3689 2090 3758 quemadmo-

510 3802 637 3842 aum
680 3785 825 3855 filius
873 3783 1230 3838 unicornium.
1278 3781 1394 3836 Hoc
1441 3781 1571 3837 item
1625 3781 1786 3835 modo
1821 3783 2091 3853 interpre-

511 3878 646 3932 teris
673 3895 687 3932 :
722 3891 818 3946 per
848 3876 1078 3931 vitulum
1105 3873 1321 3936 Libani,
1347 3873 1516 3926 ﬁlium
1550 3873 1913 3936 unicornium,
1941 3874 2089 3928 vide-

510 3975 603 4021 tur
625 3964 1059 4036 Hierosolymam
1095 3962 1366 4026 indicare,
1399 3970 1564 4032 atque
1585 3963 1738 4016 illum
1766 3961 1973 4032 pridem
2002 3962 2087 4017 di-

508 4060 710 4115 lectum
743 4057 913 4111 ﬁlium
940 4055 1312 4110 unicornium.
1339 4054 1475 4109 Nam
1507 4070 1573 4111 ex
1605 4056 1813 4110 sanctis
1837 4055 2082 4125 patribus

506 4151 617 4208 orti
655 4157 806 4213 sunt,
853 4151 948 4219 qui
992 4148 1122 4202 olim
1175 4146 1471 4201 unicornes
1512 4146 1912 4210 vocitabantur,
1956 4148 2083 4217 quia

505 4258 618 4297 uno
646 4240 757 4295 Deo
790 4239 959 4295 veluti
991 4254 1162 4292 cornu
1195 4245 1325 4292 sunt
1360 4236 1445 4292 usi
1474 4256 1487 4290 :
1525 4251 1631 4306 qua
1666 4236 1733 4292 de
1781 4252 1839 4292 re
1879 4237 2080 4308 gloria-

505 4333 708 4388 bantur
749 4329 837 4384 bis
875 4328 1096 4384 verbis:
1149 4325 1212 4379 In
1256 4335 1304 4380 te
1328 4326 1566 4379 inimicos
1621 4335 1828 4380 nostros
1861 4327 2082 4380 ventila-

505 4423 676 4475 bimus
708 4435 871 4473 cornu
893 4419 964 4473 ⁷⁸.
989 4417 1233 4483 Quorum
1265 4417 1359 4470 ﬁlii
1396 4417 1562 4482 fuere,
1590 4417 1758 4472 duces
1787 4415 1979 4470 S.:rion
2013 4433 2078 4472 ex

2199 3233 2350 3305 παρὰ
2378 3234 2455 3306 τῷ
2489 3233 2727 3308 Ἱερεμίᾳ
2747 3253 2760 3265 °
2799 3237 3013 3304 Κύριος
3055 3239 3087 3290 ό
3129 3235 3388 3305 ποιήσας
3424 3237 3539 3307 τὴν
3566 3238 3682 3310 γῆν
3709 3241 3784 3294 ἐν

2196 3321 2476 3395 τῇλσχύῖ
2501 3327 2710 3392 αὐτοῦ,
2752 3327 2845 3380 καὶ
2879 3326 2947 3380 τὰ
2976 3325 3124 3398 ἑξῆς.

2263 3505 2435 3574 Φωνὴ
2476 3508 2699 3576 Κυρίου
2733 3507 3165 3575 συντρίϐοντος
3204 3505 3487 3574 κέδρους’
3533 3509 3778 3576 συντρι-

2192 3597 2292 3664 ψει
2343 3598 2561 3665 Κύριος
2600 3596 2707 3663 τὰς
2745 3597 2998 3664 κέδρους
3051 3596 3158 3650 τοῦ
3202 3596 3488 3650 Λιϐάνουο
3531 3597 3631 3649 καί
3668 3601 3777 3651 λε-

2191 3687 2408 3740 πτυνεῖ
2444 3685 2632 3753 αὑτὰς
2660 3689 2740 3753 ὡς
2773 3687 2879 3740 τὸν
2910 3688 3151 3756 μόσχον
3193 3688 3298 3742 τοῦ
3341 3687 3602 3742 Λιϐάνου
3645 3688 3776 3760 (sic)

2189 3777 2288 3830 καὶ
2329 3782 2362 3832 ὁ
2400 3778 2786 3848 ἠγαπημένος
2817 3780 2897 3845 ὡς
2929 3779 3060 3847 υίὸς
3084 3779 3528 3850 μονοκερώτων.
3567 3781 3639 3833 Ἣ
3676 3782 3774 3838 καὶ

2188 3867 2390 3931 οὓτωςο
2421 3869 2636 3940 Μόσχον
2680 3869 2823 3922 ἔοικε
2869 3869 3122 3936 Λιϐάνου,
3166 3871 3254 3923 τὸν
3301 3871 3415 3925 υἰὺν
3467 3872 3772 3946 μονοκερώο

2187 3975 2316 4024 των,
2348 3957 2444 4029 τὴν
2481 3959 2835 4031 Ἰερουσαλὴμ
2862 3960 3062 4030 λέγειν,
3099 3962 3193 4014 xui
3231 3961 3321 4014 τὸν
3348 3961 3514 4016 πάλαι
3545 3965 3771 4035 ἠγαπη-

2191 4047 2348 4116 μένον
2382 4047 2494 4100 υἰδν
2539 4049 2944 4120 μονοκερὼτων.
2996 4050 3148 4102 Ἐπεὶ
3197 4051 3446 4122 πατέρων
3479 4052 3770 4120 γεγόνασιν

2187 4139 2378 4208 ἁγίων,
2422 4141 2618 4204 οἵτινες
2665 4140 2912 4209 ἐλέγοντο
2961 4142 3349 4213 μονοκέρωτες,
3381 4143 3471 4197 διὰ
3512 4144 3572 4197 τὸ
3618 4145 3770 4217 μόνῳ

2185 4229 2303 4300 Θεῷ
2341 4231 2530 4302 κέρατι
2557 4231 2878 4302 κεχρῆσθαι,
2905 4233 2980 4296 ὡς
3006 4235 3091 4287 ἐπ’
3117 4233 3262 4304 αὐτῷ
3287 4235 3643 4306 σεμνύνεσθαι
3668 4239 3767 4293 καὶ

2183 4323 2382 4392 λέγειν·
2429 4325 2524 4375 Ἐν
2556 4323 2658 4377 σοὶ
2685 4323 2826 4390 τοὺς
2865 4325 3119 4394 ἐχθροὺς
3147 4327 3315 4395 ἡμῶν
3355 4329 3762 4398 κερατιοῦμεν.

2183 4409 2282 4467 ’Ὧν
2315 4416 2420 4468 υἱοί
2466 4415 2751 4484 γεγόνασιν
2783 4417 2832 4468 οἰ
2868 4416 3157 4487 ἡγούμενοι
3197 4416 3305 4471 τῶν
3350 4420 3413 4471 ὲκ
3460 4421 3763 4491 περιτομῆς

500 4511 949 4573 circumcisione,
984 4511 1065 4564 sic
1090 4513 1234 4563 enim
1269 4509 1323 4562 in
1363 4510 1486 4563 aliis
1515 4508 1849 4564 editionibus
1878 4525 2079 4564 vocan-

2204 4509 2394 4580 Ξαρίων
2422 4509 2496 4580 (ι)
2525 4508 2756 4562 ἐνταῦθα
2777 4511 3099 4581 κεκλημένοι
3122 4512 3261 4566 κατὰ
3293 4512 3392 4576 τὰς
3419 4514 3582 4577 ἄλλας
3609 4517 3762 4568 ἐκδό-

502 4615 614 4670 tur,
649 4621 758 4675 qua
799 4618 931 4658 voce
975 4603 1231 4672 principes
1265 4603 1664 4670 signiﬁcantur.
1712 4603 1818 4659 Eos
1851 4604 2080 4658 commi-

2204 4617 2322 4663 ςεις,
2353 4601 2380 4652 ὃ
2416 4601 2781 4672 ἑρμηνεύεται
2805 4600 3112 4670 ἄρχοντες,
3135 4601 3227 4666 οὓς
3251 4604 3445 4675 ἀπειλῇ
3475 4605 3762 4678 συνέτριψε

503 4698 727 4753 natione
762 4695 1022 4750 contrivit
1056 4709 1175 4759 sua,
1210 4710 1318 4749 una
1353 4712 1477 4750 eum
1504 4695 1876 4766 Hierosolyma
1912 4712 2073 4766 quam

499 4789 733 4844 vitulum
767 4794 822 4842 et
880 4786 1150 4841 Libanum
1202 4793 1503 4856 nuncupat.
1567 4785 1622 4841 ld
1686 4787 1830 4840 enim
1891 4795 2076 4855 aperte

502 4877 754 4934 Ezechiel
776 4878 1039 4948 prepbeta
1067 4878 1394 4950 signiﬁcavit
1416 4878 1501 4933 his
1525 4878 1738 4932 verbis:
1761 4875 1889 4931 llwc
1910 4877 2073 4930 dicit:

499 4970 695 5042 Aquila
715 4969 934 5041 grandis
958 4989 1272 5043 magnarum
1295 4972 1524 5036 alarum,
1550 4971 1701 5040 longo
1723 4969 2071 5023 membrorum

498 5063 684 5128 ductu,
725 5063 879 5131 plena
930 5063 1217 5134 unguibus,
1263 5064 1576 5131 ductumque
1623 5060 1773 5113 habet
1818 5070 1872 5112 ut
1905 5061 2074 5128 ingre-

497 5155 682 5209 diatur
706 5157 759 5209 in
791 5155 1072 5221 Libanum,
1098 5165 1146 5209 et
1175 5156 1295 5209 tulit
1319 5155 1513 5209 selecto
1544 5152 1706 5218 cedri,
1738 5150 2069 5205 summitates

500 5246 766 5320 frondium
798 5257 1128 5312 tenerorum,
1174 5257 1223 5301 et
1252 5245 1442 5298 detulit
1477 5261 1539 5298 ea
1573 5245 1626 5296 in
1667 5253 1863 5295 terram
1908 5239 2072 5294 Chal-

495 5339 733 5396 da'orum
778 5339 1080 5414 [Chanaan]
1125 5341 1189 5394 ⁷³.
1252 5337 1384 5404 Qua:
1437 5338 1553 5406 ipse
1601 5335 1654 5388 in
1719 5333 2068 5402 sequentibus

497 5431 886 5502 interpretatur
933 5431 1166 5486 dicens:
1216 5429 1350 5482 Cum
1393 5425 1589 5480 venerit
1636 5423 1746 5477 Rex
1780 5423 2066 5493 Babylonis

564 5587 608 5619 “
634 5587 831 5644 Genes.
865 5602 905 5654 ι,
932 5586 987 5640 2.

2188 4689 2325 4761 μετὰ
2352 4690 2453 4760 τῆς
2496 4691 2872 4764 Ἰερουσαλὴμ,
2897 4693 2963 4764 ἣν
2994 4693 3190 4764 μόσχον
3225 4693 3326 4764 ἔφη
3369 4696 3463 4749 καὶ
3505 4696 3756 4752 Λίϐανον.

2184 4782 2378 4852 Σαφῶς
2408 4783 2516 4855 γὰρ
2552 4784 2812 4855 Ἰεςεκιὴλ
2850 4785 2878 4836 ὁ
2909 4787 3195 4859 προφήτης
3237 4787 3394 4841 τοῦτο
3441 4789 3757 4860 παρέστησε

2181 4875 2390 4945 φήσαςο
2439 4875 2582 4930 Τάδε
2625 4876 2824 4944 λέγει’
2879 4878 2932 4929 '0
2970 4878 3144 4943 ἀετὸς
3192 4882 3225 4932 ὁ
3265 4880 3454 4949 μέγας
3492 4883 3528 4951 ῤ
3573 4895 3755 4949 μεγα..

2177 4966 2566 5036 λοπτέρυγος,
2609 4972 2640 5021 ὀ
2665 4967 2896 5037 μακρὸς
2930 4968 3003 5037 τῇ
3045 4969 3302 5035 ἐκτάσει,
3339 4971 3576 5040 πλήρης
3625 4973 3753 5024 ὀνύ-

2179 5075 2302 5125 χων
2330 5057 2396 5124 ὂς
2421 5059 2544 5127 ἕχει
2576 5059 2642 5112 τὸ
2673 5059 2871 5128 ἤγνημα
2902 5061 3199 5114 εἰσελθεῖν
3223 5064 3309 5128 εἰς
3337 5062 3445 5114 τὸν
3470 5063 3751 5124 Λίϐανον,

2178 5150 2276 5203 καί
2310 5150 2486 5204 ἔλαϐε
2523 5149 2596 5203 τὰ
2621 5150 2904 5205 meum
2948 5151 3055 5219 τῆς
3088 5152 3322 5220 κέδρου,
3357 5154 3428 5207 τὰ
3455 5153 3607 5222 ἄκρα
3642 5153 3752 5220 τῆς

2177 5244 2575 5310 ἁπαλότητος,
2619 5242 2718 5296 καὶ
2775 5243 3030 5314 ἤνεγκεν
3082 5244 3234 5299 αὐτὰ
3290 5248 3378 5310 εἰς
3429 5245 3546 5315 γῆν
3598 5249 3751 5299 Kal-

2175 5331 2384 5385 δαίων
2412 5332 2447 5386 ἃ
2475 5335 2569 5386 xui
2591 5332 2678 5387 διὰ
2704 5334 2812 5387 τῶν
2841 5334 2966 5405 ἑξῆς
2992 5337 3304 5407 ἡρμήνευσε
3332 5335 3507 5406 λέγων
3531 5353 3546 5369 ο
3576 5339 3751 5389 Ὅταν

2175 5424 2322 5493 ἔλθῃ
2348 5425 2649 5492 ,ϐασιλεὺς
2675 5427 3033 5495 Βαϐυλῶνος
3059 5429 3160 5482 ἐπὶ
3207 5429 3614 5500 Ἰερουσαλὴμ,
3651 5429 3749 5482 καὶ

1087 5585 1134 5615 ἰθ
1166 5580 1298 5637 ibid.
1330 5580 1421 5634 20.
1499 5578 1543 5608 '”
1596 5576 1795 5632 Jerem.
1825 5593 1878 5642 κ,
1904 5577 1990 5632 ιιῖ.
2065 5579 2098 5610 ⁷⁵

2204 5579 2286 5632 ml.
2321 5596 2471 5646 mnu,
2503 5582 2554 5636 6.
2634 5580 2679 5614 ⁷³
2709 5580 2907 5637 Ezech.
2933 5598 3069 5647 xvu,
3100 5583 3153 5639 5.

563 5743 639 5813 (ι)
673 5742 791 5798 Vox
814 5743 1046 5813 Σαρίων.
1068 5738 1345 5817 a_reliqu_i_s
1374 5739 1777 5817 interpretibus
1807 5755 2087 5810 expressa,
2129 5755 2190 5795 ex
2229 5741 2496 5800 llebraico
2551 5743 2734 5802 Sirion
2783 5741 3033 5801 confecta
3070 5748 3153 5800 est
3178 5757 3193 5809 ;
3221 5740 3574 5817 Septuaginta
3616 5756 3745 5801 vero

487 5809 822 5886 Interpretes
855 5809 1228 5884 ἠγαπημένον,
1253 5809 1521 5875 dilectum,
1549 5809 1895 5866 transtulere.
