4010 6540
258 380 363 434 ίὶῖἰἹ

259 588 387 658 τῆς.
441 588 676 652 Τούτους
715 589 824 660 γὰρ
864 589 1151 643 ἐπίλεπτα
1200 586 1293 639 καὶ
1338 589 1491 658 ἄκρα
1540 590 1841 660 κέκληκεν

256 681 660 749 ἁπαλότητος.
706 683 922 752 Μόσχον
954 681 1011 734 δὲ
1052 681 1222 752 αὐτῆς
1267 698 1398 753 φησι
1443 684 1504 736 τὸ
1547 683 1841 754 θυσιαστή-

262 788 394 843 ριον,
426 774 484 825 ὲν
509 769 553 841 ᾧ
584 774 815 845 μόσχους
846 775 939 827 καὶ
969 774 1158 839 θυσίας
1184 774 1449 845 ἀνέφερον
1471 794 1483 806 ·
1511 776 1546 830 ἃ
1574 776 1637 848 δὴ
1666 778 1842 831 πάντα

260 866 645 937 συντέτριπται
688 866 827 936 μετά
842 866 1123 937 Σαρίων,ὃ
1156 868 1303 922 ἐστιν
1334 868 1630 939 ἀρχόντων.
1653 869 1838 934 Οὕτως

256 949 349 1006 οἷν
379 973 513 1025 φησι
546 956 822 1028 συντρίψει
854 958 946 1010 καὶ
987 958 1114 1021 τοὺς
1149 959 1206 1011 ἐν
1254 961 1365 1021 τοῖς
1394 958 1601 1023 λοιποῖς
1634 959 1840 1013 ἔθνεσιν

254 1046 491 1111 ἀσεϐεῖς,
532 1050 658 1111 τοὺς
686 1048 1077 1119 ἐπαιρομένους
1102 1048 1178 1113 ὡς
1205 1050 1304 1113 τὰς
1350 1050 1575 1123 κέδρους
1606 1050 1699 1105 τοῦ
1736 1052 1831 1105 Λι-

256 1140 286 1191 6
300 1140 420 1192 ἅνου
430 1181 443 1194 .

327 1229 498 1299 Φωνὴ
530 1230 747 1299 Κυρίου
792 1232 1195 1298 συσσείοντος
1224 1232 1467 1303 ἔρημον,
1509 1235 1837 1289 συσσείσει

257 1323 471 1390 Κύριος
511 1323 625 1392 τὴν
662 1326 884 1394 ἔρημον
929 1322 1150 1391 Κάὃης.
1197 1326 1435 1397 Ἀληθῶς
1478 1327 1584 1398 γὰρ
1629 1330 1661 1400 ἡ
1698 1328 1840 1400 σύμ-

256 1434 403 1469 πασα
434 1415 539 1469 τῶν
573 1416 874 1489 ἀνθρώπων
907 1420 1220 1490 οἰκουμένη,
1253 1419 1456 1491 ἕρημος
1483 1417 1618 1474 οὖσα
1642 1421 1835 1492 πρότε-

257 1527 346 1579 ρον
378 1508 510 1563 Θεοῦ
538 1512 788 1578 γνώσεως
815 1513 908 1566 καὶ
932 1512 1234 1577 εὐσεϐείας,
1273 1512 1589 1584 συνεσείσθη
1625 1512 1712 1567 διὰ
1738 1511 1832 1566 τοῦ

250 1603 600 1671 εὖαγγελικοῦ
635 1608 1009 1677 κηρύγματος,
1053 1606 1127 1671 ῶς
1162 1606 1487 1677 μεταϐαλεῖν
1526 1607 1695 1677 αὐτὴν
1726 1608 1834 1659 ἀπὸ

250 1696 447 1759 κακίας
493 1698 572 1759 εἰς
603 1697 823 1769 ἀρετὴν,
874 1699 968 1752 καὶ⁵
997 1699 1105 1753 ἀπὸ
1137 1698 1359 1767 ἀγνοίας
1399 1700 1477 1762 είς
1522 1700 1835 1771 ἐπιστήμην

248 1784 416 1839 θείαν.
446 1786 672 1856 Γέγονεν
707 1785 798 1843 οὖν
828 1790 886 1857 ἐξ
917 1792 1124 1861 ἐρήμου
1159 1789 1472 1861 οἰκουμένη.

316 1967 489 2036 Φωνὴ
546 1972 768 2038 Κυρίου
832 1968 1324 2038 καταρτιζομένου
1379 1967 1667 2038 ἐλάφους,
1730 1968 1829 2022 καὶ

244 2057 629 2126 ἀποκαλύψει
670 2059 952 2127 δρυμοὺς.
984 2058 1079 2112 καὶ
1122 2060 1191 2111 ἐν
1231 2057 1309 2124 τῷ
1340 2059 1464 2125 ναῷ
1494 2060 1680 2113 αὑτοῦ
1711 2060 1830 2125 πᾶς

245 2166 337 2214 τις
382 2150 545 2219 λέγει
597 2151 803 2215 δόξαν.
857 2153 1117 2221 Ἐλάφους
1148 2152 1277 2223 γὰρ.
1320 2153 1504 2224 φησὶν,
1553 2156 1581 2206 ὁ
1626 2153 1829 2223 Κύριος

247 2243 719 2313 καταρτισάμενος
743 2261 755 2272 ·
788 2242 925 2307 ζῶον
973 2244 1271 2316 φιλέρημον
1303 2244 1615 2313 ὀφιοκτόνον
1642 2262 1699 2297 τε
1736 2246 1829 2298 καὶ

247 2335 608 2406 κερασφόρον,
648 2336 740 2389 καὶ
787 2336 927 2389 κατά
961 2337 1051 2389 τὸν
1101 2337 1263 2407 νόμον
1325 2337 1587 2408 καθαρὸν,
1636 2337 1696 2390 ὃν
1744 2337 1829 2403 ἐξ·

246 2420 495 2491 ἐπεμψεν
513 2425 591 2487 εἰς
612 2425 709 2495 τὴν
729 2425 1166 2496 προδηλωθεῖσαν
1198 2426 1422 2498 ἔρημον.
1452 2429 1514 2481 Οἱ
1540 2428 1595 2481 δὲ
1623 2428 1826 2499 ταύτην

242 2512 627 2585 διαδραμόντες
657 2516 783 2578 τοὺς
814 2518 872 2568 ἐν
904 2518 1038 2588 αὐτῇ
1074 2518 1227 2586 ὅφεις
1259 2522 1372 2583 τοῖς
1416 2521 1623 2574 ἑαυτῶν
1665 2540 1826 2579 κατε-

240 2605 493 2677 πάτησαν
525 2607 667 2670 ποσὶ,
699 2608 877 2661 πάντα
924 2626 983 2661 τε
1014 2609 1082 2663 τὰ
1114 2612 1170 2663 ἐν
1198 2613 1261 2681 τῇ
1290 2612 1481 2683 ἐρήμῳ
1522 2613 1700 2667 Ξοϐόλα
1733 2614 1829 2687 θη-

245 2695 333 2768 ρία
365 2697 582 2769 μακρὰν
620 2698 905 2770 ἀπήλασαν
930 2718 942 2730 ·
972 2693 1045 2756 ὧν
1086 2701 1407 2765 ἐλαθέντων,
1444 2705 1828 2777 ἀπεκαλύφθη-

242 2804 341 2842 σαν
372 2792 419 2843 οἱ
452 2790 684 2861 δρυμοί·
719 2793 826 2847 Καὶ
867 2794 936 2846 ἐν
977 2793 1057 2859 τῷ
1093 2792 1216 2858 ναῷ
1251 2793 1369 2861 πᾶς
1402 2815 1491 2862 τις
1529 2798 1691 2868 λέγει
1725 2799 1825 2852 δό-

240 2879 375 2944 ξαν.
423 2882 632 2954 Σφόδρα
658 2885 902 2956 ἀκριϐῶς
931 2885 1144 2957 εἴρηται
1164 2904 1176 2916 ο
1210 2888 1315 2940 Καὶ
1348 2888 1417 2940 ἐν
1448 2887 1527 2953 τῷ
1570 2889 1693 2954 ναῷ
1724 2893 1828 2943 αὐ-

239 2970 347 3024 τοῦ
393 2970 512 3037 πᾶς
549 2991 637 3040 τις
677 2978 843 3043 λέγει
897 2976 1118 3051 δόξαν·
1164 2977 1347 3029 οὐκέτι
1398 2977 1506 3049 γὰρ
1560 2978 1824 3044 Ἰουδαῖοι,

239 3062 359 3115 οὐδὲ
379 3066 407 3116 ὁ
435 3067 499 3117 ἐκ
531 3066 836 3137 περιτομῆς
874 3067 1023 3132 λαὸς,
1062 3068 1196 3121 ἀλλά
1226 3070 1332 3132 πᾶς
1356 3086 1440 3132 τις
1484 3071 1512 3123 ὁ
1545 3070 1603 3135 ἐξ
1649 3072 1826 3125 ἀπάν-

240 3170 345 3207 των
372 3155 479 3208 τῶν
515 3156 683 3210 ἐθνῶν
707 3159 1079 3231 ἐπιστραφείς.
1113 3161 1328 3228 Κύριος
1369 3160 1553 3230 ἰσχὺν
1582 3162 1661 3228 τῷ
1694 3161 1824 3228 λαῷ

238 3248 424 3300 αὑτοῦ
460 3247 669 3303 δώσει’
703 3252 919 3320 Κύριος
964 3251 1287 3321 εὑλογήσει
1321 3251 1425 3305 τὸν
1449 3250 1605 3305 λαὸν
1635 3252 1823 3307 αὐτοῦ

238 3340 308 3391 ἐν
333 3340 560 3410 εἰρήνῃ.

766 3433 1060 3487 ΨΑΛΜΟΣ
1095 3433 1273 3487 ΩΔΠΣ

238 3523 376 3575 ΤΟΥ
398 3523 868 3579 ΕΓΚΔΙΜΣΜΟΥ
893 3528 1028 3580 ΤΟΥ
1054 3528 1265 3582 ΟΙΚΟΥ
1291 3528 1432 3584 ΤΟΥ
1460 3529 1662 3583 ΔΑΥΙΔ
1689 3529 1816 3585 ΚΘ’.

308 3653 449 3707 Ἀλλ’
484 3655 627 3709 εἴποι
662 3657 747 3721 τίς
790 3658 855 3711 ἂν
893 3658 1032 3730 πρὸς
1073 3660 1252 3726 τοῦτο,
1281 3660 1355 3725 ὼς
1389 3662 1645 3733 οὐδεμίαν
1679 3664 1822 3716 οἰκο-

1392 378 1900 435 ΟΟΜΜΕΝΤΑΜΑ
1942 380 2009 435 IN
2049 376 2387 436 PSALMOS.

256 495 513 567 λήψεται
539 498 645 551 τὸν
675 494 941 558 βασιλέα
970 494 1160 566 αὐτῆς
1196 499 1293 552 καὶ
1320 497 1423 551 τὸν
1451 499 1713 568 ἄρχοντα
1737 502 1824 553 αὺ-

1944 501 1998 553 in
2042 498 2341 553 Jerusalem
2369 541 2382 565 ,

3410 385 3521 441 253

2458 506 2690 552 assumet
2747 515 2917 569 regem
2980 517 3094 567 ejus
3125 510 3173 555 et
3228 502 3518 573 principem

1944 592 2058 662 ejus
2083 592 2224 645 ’θ’-⁸⁸.
2242 590 2352 646 llos
2379 592 2570 645 selecto
2594 600 2769 658 vocat,
2798 602 2848 647 et
2871 595 3198 647 summitates
3246 595 3519 664 frondium

1945 694 2246 739 tenerorum
2297 686 2437 754 ejus.
2468 684 2712 738 Vitulum
2748 692 2932 739 autem
2960 686 3102 756 ejus,
3132 687 3300 742 altare
3334 696 3515 751 vocat,

1944 778 1998 831 in
2028 794 2136 847 quo
2160 778 2360 832 vitulos
2391 785 2443 832 et
2485 777 2753 832 sacriﬁcia
2784 777 3104 833 offerebant.
3141 779 3272 845 Quae
3310 781 3514 843 omnia.

1942 889 2049 927 una
2080 889 2203 927 cum
2241 870 2413 926 Sariis
2436 910 2449 934 ,
2485 869 2536 923 id
2578 879 2662 925 est
2710 869 3055 940 principibus
3100 870 3241 939 ejus,
3279 872 3549 926 contrita'

1941 979 2091 1019 sunt.
2127 963 2223 1028 Ita,
2262 963 2461 1033 inquit,
2506 970 2828 1017 caaterarum
2866 963 3105 1032 gentium
3145 963 3346 1033 impios
3385 978 3517 1019 cou-

1940 1061 2101 1119 teret,
2135 1054 2225 1125 qui
2259 1054 2433 1109 instar
2464 1053 2757 1108 cedrorum
2791 1050 2982 1107 Libani
3019 1053 3390 1124 erigebantur.

2012 1234 2177 1291 Vens.
2207 1234 2260 1290 8.
2321 1232 2435 1287 Vox
2484 1232 2702 1287 Domini
2750 1232 3093 1287 concutientis
3133 1232 3418 1296 desertum,
3466 1241 3517 1287 et

1939 1327 2277 1383 eommovebit
2327 1324 2588 1381 Dominus
2633 1327 2898 1381 desertum
2953 1326 3143 1381 Gades.
3182 1324 3322 1381 Vere
3369 1334 3516 1381 totus

1937 1423 2087 1477 orbis
2122 1422 2425 1483 hominum,
2447 1436 2571 1474 cum
2602 1429 2728 1475 ante
2758 1418 2853 1474 Dei
2882 1420 3193 1490 cognitione
3229 1434 3291 1473 ac
3319 1418 3519 1490 pietate

1935 1525 2143 1565 vacuus
2172 1518 2222 1565 et
2268 1509 2518 1565 desertus
2553 1518 2733 1573 esset,
2768 1525 2866 1578 per
2904 1510 3274 1579 evangelicam
3318 1509 3515 1579 praedi-

1936 1603 2208 1655 cationem
2245 1610 2556 1655 commotus
2591 1608 2711 1664 est,
2764 1600 2838 1653 ita
2874 1611 2929 1655 ut
2960 1616 2990 1655 a
3031 1601 3275 1671 nequitia
3304 1601 3370 1655 ad
3400 1601 3514 1656 vir-

1936 1704 2108 1748 tutem
2131 1736 2144 1758 ,
2183 1693 2251 1746 ab
2295 1693 2603 1762 ignorantia
2639 1691 2705 1745 ad
2730 1693 3012 1747 scientiam
3052 1692 3290 1745 divinam
3326 1698 3511 1745 trans-

1939 1794 2163 1839 mearet.
2212 1783 2290 1837 Ex
2325 1784 2542 1839 deserto
2587 1784 2753 1856 igitur
2786 1784 3065 1840 habitatus
3094 1784 3244 1839 orbis
3285 1783 3512 1840 effectus

1862 1876 1903 1930 B
1933 1884 2034 1931 est.

2006 1966 2171 2022 Vens.
2207 1966 2390 2021 9-H.
2444 1965 2557 2019 νοω
2584 1965 2796 2018 Domini
2829 1966 3181 2033 pra’parantis
3224 1982 3419 2029 cervos,
3462 1976 3513 2021 et

1932 2057 2179 2111 reuelabit
2222 2058 2507 2121 condensa,
2540 2066 2587 2110 et
2624 2057 2678 2109 in
2730 2056 2924 2126 templo
2966 2056 3079 2125 ejus
3124 2072 3302 2110 omnes
3340 2057 3511 2111 dicent

1930 2152 2179 2221 gloriam.
2216 2149 2350 2204 Nam
2399 2149 2695 2213 Dominus,
2732 2149 2944 2219 inquit,
2982 2165 3173 2204 cervos
3220 2158 3509 2219 praeparat.

1930 2242 2028 2295 Est
2054 2242 2255 2297 animal
2292 2241 2605 2296 solitudinis
2635 2255 2851 2303 amans,
2892 2242 3240 2310 serpentibus
3269 2241 3508 2301 exitiale.

1928 2342 1982 2389 et
2013 2342 2326 2397 cornutum,
2362 2343 2525 2403 atque
2570 2332 2870 2387 secundum
2906 2333 3076 2403 legem
3107 2334 3370 2387 mundum
3403 2342 3508 2397 est,

1928 2438 1993 2477 ac
2027 2423 2081 2476 in
2107 2422 2427 2493 praedictum
2457 2422 2735 2477 desertum
2762 2421 3023 2477 emissum
3062 2422 3183 2477 fuit.
3210 2422 3314 2489 Qui
3347 2439 3513 2493 porro

1927 2512 2205 2569 desertum
2239 2513 2556 2582 hujusmodi
2586 2520 2939 2584 percurrunt,
2974 2522 3258 2583 serpentes
3281 2514 3515 2585 pedibus

1929 2607 2045 2661 suis
2076 2614 2387 2676 proterunt,
2412 2606 2709 2675 omniaque
2760 2615 3028 2660 venenata
3071 2607 3124 2659 in
3175 2621 3359 2661 eremo
3388 2608 3510 2660 ani—

1931 2700 2094 2753 malia
2156 2699 2347 2769 procul
2398 2697 2645 2769 abigunt.
2704 2697 2915 2763 Quibus
2964 2697 3209 2767 depulsis
3271 2698 3511 2752 revelata

1930 2803 2059 2848 sunt
2094 2801 2386 2861 querceta,
2419 2799 2469 2844 et
2498 2792 2552 2843 in
2598 2792 2789 2855 templo
2825 2790 2940 2859 ejus
2981 2807 3159 2843 omnes
3197 2789 3370 2843 dicent
3392 2788 3511 2859 glo-

1930 2884 2085 2935 riam.
2125 2882 2350 2935 Summa
2384 2889 2533 2936 certe
2585 2883 2940 2934 accuratione
2985 2880 3191 2934 dictum
3220 2888 3325 2943 est,
3374 2892 3425 2936 et
3455 2884 3510 2936 in

1932 2975 2120 3043 templo
2148 2974 2263 3043 ejus
2298 2964 2475 3027 omnes
2512 2972 2685 3026 dicent
2714 2972 2976 3042 gloriam;
3009 2988 3115 3026 non
3143 2974 3287 3028 enim
3312 2972 3506 3039 Judaei,

1929 3082 2106 3137 neque
2152 3066 2386 3135 populus
2417 3081 2482 3119 ex
2519 3063 2975 3129 circumcisione,
3019 3065 3115 3122 sed
3155 3066 3403 3136 quisquis
3442 3084 3508 3121 ex

1929 3158 2186 3213 omnibus
2217 3157 2472 3229 gentibus
2507 3171 2812 3212 conversus
2842 3164 2946 3213 est.
2978 3156 3233 3212 Dominus
3265 3159 3507 3214 virtutem

1929 3250 2118 3319 populo
2154 3266 2251 3304 suo
2282 3247 2469 3312 dabit;
2502 3247 2765 3302 Dominus
2796 3247 3059 3303 benedicet
3105 3250 3295 3319 populo
3323 3267 3418 3305 suo
3452 3251 3507 3304 in

1928 3359 2073 3414 pace.
2383 3431 2712 3488 PSALMUS
2752 3431 3028 3489 CANTICI

2030 3529 2083 3583 1.
2112 3528 2177 3582 ΙΝ
2206 3525 2666 3581 DEDICATIONE
2705 3525 2943 3581 DOMUS
2979 3524 3187 3580 DAVID
3212 3524 3401 3579 XXIX.

1996 3660 2104 3716 Sed
2139 3660 2376 3715 fortasse
2396 3659 2670 3730 quispiam
2694 3658 2765 3712 ad
2786 3659 2902 3713 haec
2930 3658 3152 3723 dixerit,
3190 3657 3337 3729 quod
3377 3658 3504 3713 uul-

234 3745 407 3816 δομῆς
435 3747 583 3799 οἴκου
613 3747 645 3818 ἢ
670 3748 797 3801 ναοῦ
832 3752 1067 3803 ποιεῖται
1102 3751 1322 3822 μνήμην
1347 3768 1360 3783 ο
1396 3751 1514 3805 οὐδέ
1547 3770 1631 3816 τις
1666 3753 1820 3821 λόγος

1933 3758 2029 3808 lam
2059 3755 2147 3809 hic
2178 3759 2471 3807 structura:
2510 3752 2707 3805 domus
2754 3750 2871 3806 sive
2913 3752 3101 3821 templi
3148 3750 3311 3805 iaciat
3345 3765 3502 3804 men~

234 3837 385 3890 ἐστὶν
424 3838 482 3890 ὲν
516 3839 595 3909 τῷ
637 3839 837 3911 ψαλμῷ
876 3841 1173 3911 δυνάμενος
1212 3843 1475 3914 ἁρμόζειν
1523 3846 1819 3912 ἐγκαινίοις

1933 3846 2125 3900 tionem
2164 3863 2177 3898 :
2238 3858 2338 3898 nec
2370 3842 2653 3911 quidpiam
2688 3840 2743 3895 in
2779 3841 2990 3910 psalmo
3019 3841 3323 3911 reperiatur
3354 3840 3503 3911 quod

234 3928 405 3994 οἴκου,
467 3931 542 3995 ὡς
596 3933 812 4003 νομίσαι
875 3934 997 3988 τινὰ
1064 3935 1157 3987 ἐπὶ
1224 3936 1563 4007 ἐγκαινισμῷ
1612 3936 1707 3989 τοῦ
1761 3940 1820 3991 ἐν

1933 3937 2093 4008 possit
2122 3935 2455 3990 dedieatioui
2486 3934 2685 3989 domus
2716 3944 3048 4003 competere,
3082 3941 3142 3988 ut
3191 3934 3317 4003 quis
3349 3943 3507 4005 puta-

246 4019 635 4092 Ίεροσολύμοις
658 4022 766 4076 νεὼ
790 4024 881 4077 τὸν
909 4024 1269 4096 προκείμενον
1296 4024 1511 4096 ψαλμὸν
1541 4028 1813 4098 εἰρῆσθαι.

1933 4024 2059 4077 verit
2104 4022 2171 4076 de
2210 4022 2395 4093 templi
2441 4020 2923 4093 llierosolymitani
2981 4022 3326 4078 dedicatione
3360 4024 3509 4080 hunc

248 4110 385 4163 Ἀλλ’
425 4114 548 4165 ἐπεὶ
579 4114 1032 4187 προγέγραπται,
1067 4114 1241 4188 ᾨδῆς
1287 4117 1678 4187 ἐγκαινισμοῦ
1710 4119 1816 4173 τοῦ

1933 4112 2187 4181 psalmum
2216 4112 2628 4180 pronuntiatum
2660 4109 2851 4167 fuisse.
2887 4109 3087 4166 Verum
3118 4114 3380 4182 quoniam
3416 4114 3499 4169 iu-

233 4203 440 4259 οικου⁶
498 4208 691 4260 σκόπει
740 4210 947 4279 μήποτε
1003 4209 1151 4263 οἶκον
1195 4209 1427 4264 ἐνταῦθα
1472 4212 1571 4283 τὴν
1618 4212 1814 4266 ἑαυτοῦ

1933 4203 2217 4259 scribitur:
2249 4202 2501 4257 Psalmus
2548 4203 2744 4256 cantici
2800 4203 2856 4256 in
2909 4201 3241 4256 dedicatione
3271 4203 3496 4272 domus,

233 4290 729 4365 ψυχὴνάὶνίττεται
750 4314 762 4328 ·
806 4299 864 4351 ἐν
960 4299 1022 4351 τὸ
1054 4299 1193 4353 θεῖον
1225 4299 1466 4372 Πνεῦμα,
1501 4301 1576 4365 ὡς
1612 4304 1669 4355 ἐν
1700 4302 1813 4372 ναῷ

1933 4296 2069 4362 nihi,
2096 4310 2305 4365 quaeso,
2326 4295 2665 4358 consideres,
2691 4310 2822 4349 num
2844 4294 2933 4349 hic
2958 4309 3055 4364 per
3076 4294 3320 4357 domum,
3345 4312 3502 4351 suam

234 4387 458 4456 οἰκῆσάν
504 4404 655 4452 ποτε,
696 4388 873 4460 καιρῷ
904 4407 1008 4443 τινι
1048 4390 1253 4461 ἔρημον
1285 4394 1454 4462 αὐτὴν
1495 4393 1809 4447 καταλέλοι-

1937 4403 2090 4459 psam
2135 4386 2372 4440 animam
2409 4385 2699 4441 adumbret
2741 4405 2754 4439 :
2812 4385 2866 4438 in
2921 4399 3029 4455 qua
3079 4400 3204 4440 cum
3260 4384 3503 4456 Spiritus

233 4494 355 4541 πεν,
417 4479 775 4551 ἀναχωρῆσαν
828 4481 914 4534 διὰ
973 4481 1071 4553 τὴν
1131 4483 1613 4554 πλημμεληθεῖσαν
1662 4486 1809 4557 αὑτῷ

1933 4486 2149 4532 sanctus
2180 4492 2280 4532 ceu
2311 4477 2363 4530 iu
2395 4475 2600 4545 templo
2653 4473 2949 4543 aliquando
2980 4473 3302 4535 habitasset,
3359 4488 3501 4542 quo-

233 4568 375 4623 κατά
419 4570 511 4623 τὸν
549 4571 752 4641 Οὐρίαν
796 4573 888 4625 καὶ
934 4573 1032 4644 τὴν
1078 4573 1267 4627 τούτου
1308 4578 1543 4643 γυναῖκα
1585 4576 1817 4648 πρᾶξιν·

1933 4568 2049 4623 dam
2072 4575 2319 4637 tempore
2347 4567 2620 4621 desertam
2652 4580 2770 4619 eam
2805 4563 3043 4633 reliquit,
3079 4572 3244 4630 atque
3269 4563 3498 4616 recessit

231 4654 299 4706 δι’
332 4656 397 4725 ἣν
430 4656 523 4709 καὶ
556 4658 716 4728 μέχρι
749 4658 840 4711 τοῦ
886 4659 1117 4715 θανάτου
1170 4663 1502 4735 κατελήλυθε
1524 4705 1538 4729 ,
1586 4666 1654 4719 τὰ
1707 4668 1813 4738 πρὸ

232 4745 458 4800 θάνατον
498 4749 856 4820 ἀμαρτήσας’
905 4752 1133 4823 δυνάμει
1181 4754 1237 4806 δέ
1282 4755 1403 4808 τότε
1457 4757 1553 4809 καὶ
1598 4758 1678 4820 εἰς
1722 4758 1812 4811 τὸν

230 4838 468 4902 λάκκον,
519 4841 613 4895 καὶ
665 4844 743 4904 εἰς
784 4842 876 4895 τὸν
919 4843 1053 4915 ᾅδην
1101 4845 1441 4917 κατηνέχθη,
1498 4848 1703 4920 κατέϐη
1752 4865 1811 4902 τε

229 4930 445 5001 ἀληθῶς
473 4933 552 4995 είς
579 4932 873 5004 διαφθοράν
892 4952 903 4964 ·
952 4934 1029 4998 ῶς
1060 4934 1148 4988 διὰ
1193 4936 1368 4991 ταῦτα
1402 4937 1619 5008 θρήνοις
1647 4938 1811 4992 αὑτὸν

230 5024 525 5095 σχολάσαι,
580 5026 784 5080 σάκκον
834 5044 894 5081 τε
954 5028 1073 5082 ἀντὶ
1103 5028 1204 5099 τῆς
1250 5029 1532 5101 βασιλικῆς
1585 5030 1813 5101 ἐσθῆτος

230 5115 642 5188 περιϐαλέσθαι.
688 5117 828 5170 Ἀλλ’
874 5119 1061 5190 ἐπειδὴ
1113 5119 1389 5189 ἀξιόλογον
1440 5121 1814 5193 ἐνδειξάμενος

224 5205 541 5277 μετάνοιαν,
577 5209 767 5261 ἑαυτόν
812 5226 872 5262 τε
908 5210 1144 5272 κολάσας
1191 5212 1285 5264 καὶ
1333 5214 1811 5284 τιμωρησάμενος,

223 5297 431 5360 ἱκανῶς
455 5316 514 5353 τε
542 5301 954 5371 ἐγκαρτερήσας
983 5303 1102 5363 ταῖς
1133 5302 1606 5375 ὲξομολογήσεσιν,
1640 5307 1812 5375 ἐπαγ-

223 5388 415 5456 γελίαν
456 5390 703 5458 ἀφέσεως
746 5391 848 5461 τῆς
896 5391 1166 5462 ἁμαρτίας
1218 5394 1445 5465 εἴληφε,
1490 5395 1578 5449 διὰ
1622 5396 1715 5449 τοῦ
1748 5398 1812 5449 ἐκ

228 5480 547 5551 σπέρματος
571 5480 734 5536 αὑτοῦ
764 5483 1221 5554 προελευσομένου
1240 5486 1497 5557 Χριστοῦ,
1528 5487 1810 5558 μέλλοντος

227 5572 324 5624 καὶ
356 5572 545 5644 μέχρις
592 5574 720 5645 ᾅδου
764 5575 1196 5647 καταϐήσεσθαι·
1242 5578 1467 5641 εἰκότως
1500 5580 1597 5650 τῆς
1643 5597 1810 5651 κατη-

227 5664 386 5731 φείας
434 5664 768 5734 μεταϐαλὼν,
803 5668 897 5720 καὶ¹
928 5668 1027 5737 τῆς
1057 5669 1140 5737 ἐφ’
1168 5662 1249 5731 οἷς
1286 5670 1582 5741 ἐτόλμησεν
1615 5672 1805 5743 ἐξομο-

227 5756 535 5825 λογήσεως,
577 5758 924 5828 εὐχαριστίαν
967 5760 1281 5831 ἀναπέμπει
1326 5762 1403 5831 τῷ
1444 5762 1564 5832 Θεῷ
1595 5763 1799 5833 λέγων·

309 5905 422 5949 ’³ου
450 5908 640 5966 Ezeclt.
676 5929 805 5975 xvtt,
836 5913 919 5969 1⁸2.

1919 4664 1989 4716 ob
2020 4669 2294 4733 patratum
2327 4660 2381 4715 in
2410 4657 2597 4714 Ut'iam
2628 4663 2681 4710 et
2705 4670 2928 4709 uxorem
2955 4654 3076 4723 ejus
3099 4654 3347 4720 facinus;
3375 4654 3502 4710 ideo

1920 4757 1987 4810 ad
2022 4763 2251 4809 mortem
2288 4769 2462 4823 usque
2510 4750 2769 4819 delapsus
2819 4757 2923 4815 est,
2968 4748 3096 4818 quia
3154 4748 3221 4801 ad
3264 4757 3503 4804 mortem

1919 4855 2277 4918 peccaverat;
2333 4846 2442 4899 imo
2487 4844 2701 4899 ratione
2746 4842 2980 4912 quadam
3014 4856 3187 4910 usque
3216 4841 3283 4895 ad
3315 4842 3497 4897 lacum

1919 4948 1973 4994 et
2007 4938 2075 4993 ad
2123 4938 2394 4993 infernum
2427 4937 2700 4991 deductus
2730 4941 2835 4995 est,
2876 4947 2940 4985 ac
2989 4931 3169 5001 reipsa
3212 4932 3499 4989 descendit

1922 5034 1976 5085 in
2013 5030 2459 5099 corruptionem;
2496 5027 2571 5080 ita
2607 5034 2664 5079 ut
2696 5040 2759 5080 ea
2787 5023 2853 5079 de
2882 5038 3047 5078 causa
3074 5022 3288 5079 fletibus
3318 5039 3377 5079 se
3401 5025 3497 5081 deo

1917 5122 2079 5184 derit,
2108 5136 2170 5174 ac
2201 5135 2302 5190 pro
2340 5120 2484 5189 regia
2517 5125 2668 5174 veste
2704 5132 2924 5171 saccqu
2974 5116 3231 5172 induerit.
3264 5120 3333 5171 At
3368 5121 3497 5190 quia

1918 5224 2212 5285 postquam
2244 5213 2465 5281 dignam
2524 5212 2774 5266 exhibuit
2828 5210 3229 5280 pwnitentiam,
3277 5226 3340 5265 ac
3375 5226 3497 5266 sese

1916 5305 2202 5375 castigavit
2233 5312 2395 5374 atque
2428 5304 2665 5374 punivit,
2699 5302 3135 5372 cougruentique
3166 5310 3410 5370 tempore
3440 5302 3493 5355 in

1916 5398 2359 5454 confessionibus
2388 5397 2781 5467 perseveravit,
2834 5394 3147 5450 remittendi
3208 5393 3313 5447 sibi
3363 5406 3490 5463 ρεσε-

1915 5492 2021 5545 cati
2052 5491 2473 5561 promissionem
2527 5496 2723 5544 nactus
2764 5494 2869 5551 est,
2902 5502 2997 5555 per
3030 5484 3309 5539 Christum
3340 5482 3487 5536 scili‘

1915 5589 2000 5637 cet
2056 5598 2121 5637 ex
2175 5582 2295 5651 ejus
2349 5579 2558 5636 semine
2606 5577 2985 5647 proditurum,
3014 5582 3067 5628 et
3109 5573 3176 5627 ad
3211 5571 3489 5627 infernum

1916 5688 2089 5742 usque
2122 5672 2553 5734 descensurum;
2582 5668 2711 5738 jure
2756 5684 2786 5720 a
2821 5665 3043 5720 tristitia
3077 5672 3131 5718 et
3157 5680 3184 5715 a
3218 5662 3491 5719 scelerum

1912 5764 2258 5819 confessione
2313 5761 2640 5825 translatus,
2673 5760 2880 5831 gratias
2915 5756 3025 5828 agit
3082 5754 3211 5817 Deo,
3247 5754 3442 5809 dicens.
3467 5772 3487 5789 ο
