  <div class='ocr_page' id='page_1' title='image "/cluster/home/n/w/nwhite01/storage/ocr_20150623/23/hvd.32044019207711/137.png"; bbox 0 0 4010 6552; ppageno 0'>
   <div class='ocr_carea' id='block_1_1' title="bbox 523 330 629 386">
    <p class='ocr_par' dir='ltr' id='par_1_1' title="bbox 523 330 629 386">
     <span class='ocr_line' id='line_1_1' title="bbox 523 330 629 386; baseline 0 0"><span class='ocrx_word' id='word_1_1' title='bbox 523 330 629 386; x_wconf 71' lang='grc'><strong><em>253</em></strong></span> 
     </span>
    </p>
   </div>
   <div class='ocr_carea' id='block_1_2' title="bbox 1058 323 2103 382">
    <p class='ocr_par' dir='ltr' id='par_1_2' title="bbox 1058 323 2103 382">
     <span class='ocr_line' id='line_1_2' title="bbox 1058 323 2103 382; baseline -0.004 -1"><span class='ocrx_word' id='word_1_2' title='bbox 1058 323 1325 382; x_wconf 62' lang='lat' dir='ltr'><strong><em>EUSEM</em></strong></span> <span class='ocrx_word' id='word_1_3' title='bbox 1362 323 1841 380; x_wconf 58' lang='lat' dir='ltr'><strong><em>CESAMENSIS</em></strong></span> <span class='ocrx_word' id='word_1_4' title='bbox 1877 324 2028 378; x_wconf 81' lang='lat' dir='ltr'><strong><em>OPP.</em></strong></span> <span class='ocrx_word' id='word_1_5' title='bbox 2088 326 2103 377; x_wconf 88' lang='grc' dir='ltr'><strong>Ι</strong></span> 
     </span>
    </p>
   </div>
   <div class='ocr_carea' id='block_1_3' title="bbox 2209 323 2956 382">
    <p class='ocr_par' dir='ltr' id='par_1_3' title="bbox 2209 324 2956 381">
     <span class='ocr_line' id='line_1_3' title="bbox 2209 324 2956 381; baseline 0.003 -3"><span class='ocrx_word' id='word_1_6' title='bbox 2209 327 2268 380; x_wconf 72' lang='grc' dir='ltr'>ιδ</span> <span class='ocrx_word' id='word_1_7' title='bbox 2331 324 2507 381; x_wconf 84' lang='lat' dir='ltr'><strong><em>lll.-—</em></strong></span> <span class='ocrx_word' id='word_1_8' title='bbox 2547 324 2956 381; x_wconf 70' lang='lat' dir='ltr'><strong><em>EXEUETIL‘A.</em></strong></span> 
     </span>
    </p>
   </div>
   <div class='ocr_carea' id='block_1_4' title="bbox 3665 330 3795 381">
    <p class='ocr_par' dir='ltr' id='par_1_4' title="bbox 3665 330 3795 381">
     <span class='ocr_line' id='line_1_4' title="bbox 3665 330 3795 381; baseline 0.008 -1"><span class='ocrx_word' id='word_1_9' title='bbox 3665 330 3795 381; x_wconf 66' lang='lat'><strong><em>200</em></strong></span> 
     </span>
    </p>
   </div>
   <div class='ocr_carea' id='block_1_5' title="bbox 527 436 2103 513">
    <p class='ocr_par' dir='ltr' id='par_1_5' title="bbox 527 437 2103 506">
     <span class='ocr_line' id='line_1_5' title="bbox 527 437 2103 506; baseline -0.005 -10"><span class='ocrx_word' id='word_1_10' title='bbox 527 438 776 505; x_wconf 83' lang='lat' dir='ltr'><strong><em>Domine,</em></strong></span> <span class='ocrx_word' id='word_1_11' title='bbox 819 441 1048 493; x_wconf 77' lang='lat' dir='ltr'><strong><em>eduxiin</em></strong></span> <span class='ocrx_word' id='word_1_12' title='bbox 1076 439 1141 491; x_wconf 85' lang='lat' dir='ltr'><strong><em>ab</em></strong></span> <span class='ocrx_word' id='word_1_13' title='bbox 1171 437 1373 506; x_wconf 76' lang='lat' dir='ltr'><strong><em>inferno</em></strong></span> <span class='ocrx_word' id='word_1_14' title='bbox 1405 438 1640 490; x_wconf 77' lang='lat' dir='ltr'><strong><em>animans</em></strong></span> <span class='ocrx_word' id='word_1_15' title='bbox 1662 453 1854 500; x_wconf 75' lang='lat' dir='ltr'><strong><em>meum.</em></strong></span> <span class='ocrx_word' id='word_1_16' title='bbox 1881 437 2103 493; x_wconf 63' lang='lat' dir='ltr'><strong><em>calcasti</em></strong></span> 
     </span>
    </p>
   </div>
   <div class='ocr_carea' id='block_1_6' title="bbox 2209 436 3793 513">
    <p class='ocr_par' dir='ltr' id='par_1_6' title="bbox 2209 436 3793 506">
     <span class='ocr_line' id='line_1_6' title="bbox 2209 436 3793 506; baseline 0.001 -14"><span class='ocrx_word' id='word_1_17' title='bbox 2209 439 2398 505; x_wconf 81' lang='grc' dir='ltr'>Κύριε,</span> <span class='ocrx_word' id='word_1_18' title='bbox 2417 436 2712 505; x_wconf 74' lang='grc' dir='ltr'><strong><em>ἀνήγαγες</em></strong></span> <span class='ocrx_word' id='word_1_19' title='bbox 2739 436 2806 500; x_wconf 79' lang='grc' dir='ltr'><strong><em>ἐξ</em></strong></span> <span class='ocrx_word' id='word_1_20' title='bbox 2831 436 2978 504; x_wconf 83' lang='grc' dir='ltr'><strong><em>ᾅδου</em></strong></span> <span class='ocrx_word' id='word_1_21' title='bbox 2997 436 3109 505; x_wconf 78' lang='grc' dir='ltr'><em>τὴν</em></span> <span class='ocrx_word' id='word_1_22' title='bbox 3131 436 3342 506; x_wconf 66' lang='grc' dir='ltr'><em>ψυχήν</em></span> <span class='ocrx_word' id='word_1_23' title='bbox 3363 454 3502 505; x_wconf 85' lang='grc' dir='ltr'><strong><em>μου.</em></strong></span> <span class='ocrx_word' id='word_1_24' title='bbox 3531 438 3793 505; x_wconf 79' lang='grc' dir='ltr'>ἕσωσὰς</span> 
     </span>
    </p>
   </div>
   <div class='ocr_carea' id='block_1_7' title="bbox 529 530 2102 598">
    <p class='ocr_par' dir='ltr' id='par_1_7' title="bbox 529 530 2102 598">
     <span class='ocr_line' id='line_1_7' title="bbox 529 530 2102 598; baseline -0.003 -9"><span class='ocrx_word' id='word_1_25' title='bbox 529 549 612 589; x_wconf 84' lang='lat' dir='ltr'><strong><em>me</em></strong></span> <span class='ocrx_word' id='word_1_26' title='bbox 635 550 670 588; x_wconf 85' lang='grc' dir='ltr'>α</span> <span class='ocrx_word' id='word_1_27' title='bbox 699 532 1125 588; x_wconf 75' lang='lat' dir='ltr'><strong><em>descendentibus</em></strong></span> <span class='ocrx_word' id='word_1_28' title='bbox 1154 532 1207 583; x_wconf 89' lang='lat' dir='ltr'><strong><em>in</em></strong></span> <span class='ocrx_word' id='word_1_29' title='bbox 1244 530 1416 582; x_wconf 88' lang='lat' dir='ltr'><strong><em>lacum</em></strong></span> <span class='ocrx_word' id='word_1_30' title='bbox 1443 546 1462 582; x_wconf 91' lang='lat'><strong><em>:</em></strong></span> <span class='ocrx_word' id='word_1_31' title='bbox 1499 531 1813 598; x_wconf 89' lang='lat' dir='ltr'><strong><em>luctumque</em></strong></span> <span class='ocrx_word' id='word_1_32' title='bbox 1847 546 2008 584; x_wconf 83' lang='lat' dir='ltr'><strong><em>suum</em></strong></span> <span class='ocrx_word' id='word_1_33' title='bbox 2041 532 2102 584; x_wconf 88' lang='lat' dir='ltr'><strong><em>in</em></strong></span> 
     </span>
    </p>
   </div>
   <div class='ocr_carea' id='block_1_8' title="bbox 532 621 2099 680">
    <p class='ocr_par' dir='ltr' id='par_1_8' title="bbox 532 621 2099 680">
     <span class='ocr_line' id='line_1_8' title="bbox 532 621 2099 680; baseline -0.003 -2"><span class='ocrx_word' id='word_1_34' title='bbox 532 626 776 679; x_wconf 68' lang='lat' dir='ltr'><strong><em>laetitiam</em></strong></span> <span class='ocrx_word' id='word_1_35' title='bbox 806 641 1022 680; x_wconf 77' lang='lat' dir='ltr'><strong><em>versum</em></strong></span> <span class='ocrx_word' id='word_1_36' title='bbox 1063 623 1148 676; x_wconf 89' lang='lat' dir='ltr'><strong><em>bis</em></strong></span> <span class='ocrx_word' id='word_1_37' title='bbox 1173 623 1356 676; x_wconf 80' lang='lat' dir='ltr'><strong><em>verbis</em></strong></span> <span class='ocrx_word' id='word_1_38' title='bbox 1389 622 1750 675; x_wconf 81' lang='lat' dir='ltr'><strong><em>testiﬁcatur:</em></strong></span> <span class='ocrx_word' id='word_1_39' title='bbox 1782 621 2099 675; x_wconf 73' lang='lat' dir='ltr'><strong><em>Convertisti</em></strong></span> 
     </span>
    </p>
   </div>
   <div class='ocr_carea' id='block_1_9' title="bbox 529 712 2099 784">
    <p class='ocr_par' dir='ltr' id='par_1_9' title="bbox 529 712 2099 784">
     <span class='ocr_line' id='line_1_9' title="bbox 529 712 2099 784; baseline 0 -18"><span class='ocrx_word' id='word_1_40' title='bbox 529 717 797 784; x_wconf 80' lang='lat' dir='ltr'><strong><em>planctum</em></strong></span> <span class='ocrx_word' id='word_1_41' title='bbox 821 731 989 769; x_wconf 79' lang='lat' dir='ltr'><strong><em>nteant</em></strong></span> <span class='ocrx_word' id='word_1_42' title='bbox 1020 715 1071 766; x_wconf 91' lang='lat' dir='ltr'><strong><em>in</em></strong></span> <span class='ocrx_word' id='word_1_43' title='bbox 1100 712 1355 782; x_wconf 82' lang='lat' dir='ltr'><strong><em>gaudium</em></strong></span> <span class='ocrx_word' id='word_1_44' title='bbox 1387 713 1538 775; x_wconf 81' lang='lat' dir='ltr'><strong><em>mihi,</em></strong></span> <span class='ocrx_word' id='word_1_45' title='bbox 1564 713 1866 765; x_wconf 87' lang='lat' dir='ltr'><strong><em>conscidisti</em></strong></span> <span class='ocrx_word' id='word_1_46' title='bbox 1889 730 2099 766; x_wconf 85' lang='lat' dir='ltr'><strong><em>saccum</em></strong></span> 
     </span>
    </p>
   </div>
   <div class='ocr_carea' id='block_1_10' title="bbox 532 803 2098 874">
    <p class='ocr_par' dir='ltr' id='par_1_10' title="bbox 532 803 2098 874">
     <span class='ocr_line' id='line_1_10' title="bbox 532 803 2098 874; baseline -0.002 -12"><span class='ocrx_word' id='word_1_47' title='bbox 532 825 701 862; x_wconf 89' lang='lat' dir='ltr'><strong><em>meum</em></strong></span> <span class='ocrx_word' id='word_1_48' title='bbox 732 819 780 862; x_wconf 90' lang='lat' dir='ltr'><strong><em>et</em></strong></span> <span class='ocrx_word' id='word_1_49' title='bbox 822 805 1213 860; x_wconf 86' lang='lat' dir='ltr'><strong><em>circumdedisti</em></strong></span> <span class='ocrx_word' id='word_1_50' title='bbox 1261 822 1341 858; x_wconf 88' lang='lat' dir='ltr'><strong><em>me</em></strong></span> <span class='ocrx_word' id='word_1_51' title='bbox 1391 805 1599 859; x_wconf 74' lang='lat' dir='ltr'><strong><em>laztitia.</em></strong></span> <span class='ocrx_word' id='word_1_52' title='bbox 1645 803 1780 859; x_wconf 91' lang='lat' dir='ltr'><strong><em>Cum</em></strong></span> <span class='ocrx_word' id='word_1_53' title='bbox 1814 805 1981 874; x_wconf 84' lang='lat' dir='ltr'><strong><em>igitur</em></strong></span> <span class='ocrx_word' id='word_1_54' title='bbox 2009 804 2098 859; x_wconf 92' lang='lat' dir='ltr'><strong><em>hic</em></strong></span> 
     </span>
    </p>
   </div>
   <div class='ocr_carea' id='block_1_11' title="bbox 531 895 2099 962">
    <p class='ocr_par' dir='ltr' id='par_1_11' title="bbox 531 895 2099 962">
     <span class='ocr_line' id='line_1_11' title="bbox 531 895 2099 962; baseline -0.003 -10"><span class='ocrx_word' id='word_1_55' title='bbox 531 898 773 962; x_wconf 90' lang='lat' dir='ltr'><strong><em>domum,</em></strong></span> <span class='ocrx_word' id='word_1_56' title='bbox 817 897 1041 950; x_wconf 84' lang='lat' dir='ltr'><strong><em>Davidis</em></strong></span> <span class='ocrx_word' id='word_1_57' title='bbox 1067 897 1304 950; x_wconf 88' lang='lat' dir='ltr'><strong><em>animam</em></strong></span> <span class='ocrx_word' id='word_1_58' title='bbox 1335 895 1579 949; x_wconf 89' lang='lat' dir='ltr'><strong><em>indicare</em></strong></span> <span class='ocrx_word' id='word_1_59' title='bbox 1609 902 2099 950; x_wconf 87' lang='lat' dir='ltr'><strong><em>commonstratum</em></strong></span> 
     </span>
    </p>
   </div>
   <div class='ocr_carea' id='block_1_12' title="bbox 531 983 2100 1056">
    <p class='ocr_par' dir='ltr' id='par_1_12' title="bbox 531 983 2100 1056">
     <span class='ocr_line' id='line_1_12' title="bbox 531 983 2100 1056; baseline -0.003 -13"><span class='ocrx_word' id='word_1_60' title='bbox 531 991 638 1052; x_wconf 78' lang='lat' dir='ltr'><strong><em>sit,</em></strong></span> <span class='ocrx_word' id='word_1_61' title='bbox 674 988 903 1056; x_wconf 82' lang='lat' dir='ltr'><strong><em>hujusce</em></strong></span> <span class='ocrx_word' id='word_1_62' title='bbox 949 986 1148 1042; x_wconf 90' lang='lat' dir='ltr'><strong><em>domus</em></strong></span> <span class='ocrx_word' id='word_1_63' title='bbox 1183 985 1517 1041; x_wconf 89' lang='lat' dir='ltr'><strong><em>dedicationi</em></strong></span> <span class='ocrx_word' id='word_1_64' title='bbox 1555 1000 1675 1054; x_wconf 66' lang='lat' dir='ltr'><strong>qua:</strong></span> <span class='ocrx_word' id='word_1_65' title='bbox 1711 984 1800 1038; x_wconf 88' lang='lat' dir='ltr'><strong><em>hic</em></strong></span> <span class='ocrx_word' id='word_1_66' title='bbox 1841 983 2100 1039; x_wconf 90' lang='lat' dir='ltr'><strong><em>dicuntur</em></strong></span> 
     </span>
    </p>
   </div>
   <div class='ocr_carea' id='block_1_13' title="bbox 531 1080 942 1149">
    <p class='ocr_par' dir='ltr' id='par_1_13' title="bbox 531 1080 942 1149">
     <span class='ocr_line' id='line_1_13' title="bbox 531 1080 942 1149; baseline 0.005 -17"><span class='ocrx_word' id='word_1_67' title='bbox 531 1080 764 1149; x_wconf 86' lang='lat' dir='ltr'><strong><em>aptanda</em></strong></span> <span class='ocrx_word' id='word_1_68' title='bbox 793 1085 942 1134; x_wconf 88' lang='lat' dir='ltr'><strong><em>sunt.</em></strong></span> 
     </span>
    </p>
   </div>
   <div class='ocr_carea' id='block_1_14' title="bbox 605 1254 2100 1326">
    <p class='ocr_par' dir='ltr' id='par_1_14' title="bbox 605 1254 2100 1326">
     <span class='ocr_line' id='line_1_14' title="bbox 605 1254 2100 1326; baseline 0.001 -16"><span class='ocrx_word' id='word_1_69' title='bbox 605 1256 765 1312; x_wconf 75' lang='lat' dir='ltr'><strong><em>Vens.</em></strong></span> <span class='ocrx_word' id='word_1_70' title='bbox 798 1258 854 1321; x_wconf 73' lang='grc'>2,</span> <span class='ocrx_word' id='word_1_71' title='bbox 884 1257 938 1312; x_wconf 79' lang='grc'><strong><em>5.</em></strong></span> <span class='ocrx_word' id='word_1_72' title='bbox 984 1255 1250 1310; x_wconf 78' lang='lat' dir='ltr'><strong><em>Exaltabo</em></strong></span> <span class='ocrx_word' id='word_1_73' title='bbox 1284 1265 1351 1321; x_wconf 88' lang='lat' dir='ltr'><strong><em>te,</em></strong></span> <span class='ocrx_word' id='word_1_74' title='bbox 1381 1254 1620 1322; x_wconf 82' lang='lat' dir='ltr'><strong><em>Domine,</em></strong></span> <span class='ocrx_word' id='word_1_75' title='bbox 1644 1257 1894 1326; x_wconf 84' lang='lat' dir='ltr'><strong><em>quoniam</em></strong></span> <span class='ocrx_word' id='word_1_76' title='bbox 1921 1273 2100 1311; x_wconf 85' lang='lat' dir='ltr'><strong><em>susce-</em></strong></span> 
     </span>
    </p>
   </div>
   <div class='ocr_carea' id='block_1_15' title="bbox 527 1345 2099 1416">
    <p class='ocr_par' dir='ltr' id='par_1_15' title="bbox 527 1345 2099 1416">
     <span class='ocr_line' id='line_1_15' title="bbox 527 1345 2099 1416; baseline -0.002 -17"><span class='ocrx_word' id='word_1_77' title='bbox 527 1348 655 1416; x_wconf 85' lang='lat' dir='ltr'><strong><em>pisti</em></strong></span> <span class='ocrx_word' id='word_1_78' title='bbox 679 1363 780 1408; x_wconf 90' lang='lat' dir='ltr'><strong><em>me,</em></strong></span> <span class='ocrx_word' id='word_1_79' title='bbox 808 1363 899 1399; x_wconf 90' lang='lat' dir='ltr'><strong><em>nec</em></strong></span> <span class='ocrx_word' id='word_1_80' title='bbox 928 1345 1199 1400; x_wconf 85' lang='lat' dir='ltr'><strong><em>delectasti</em></strong></span> <span class='ocrx_word' id='word_1_81' title='bbox 1233 1346 1478 1398; x_wconf 88' lang='lat' dir='ltr'><strong><em>inimicos</em></strong></span> <span class='ocrx_word' id='word_1_82' title='bbox 1515 1363 1654 1399; x_wconf 89' lang='lat' dir='ltr'><strong><em>meos</em></strong></span> <span class='ocrx_word' id='word_1_83' title='bbox 1680 1361 1834 1414; x_wconf 80' lang='lat' dir='ltr'><strong><em>super</em></strong></span> <span class='ocrx_word' id='word_1_84' title='bbox 1862 1363 1962 1400; x_wconf 91' lang='lat' dir='ltr'><strong><em>me.</em></strong></span> <span class='ocrx_word' id='word_1_85' title='bbox 1987 1345 2099 1399; x_wconf 86' lang='lat' dir='ltr'><strong><em>Do-</em></strong></span> 
     </span>
    </p>
   </div>
   <div class='ocr_carea' id='block_1_16' title="bbox 529 1437 2101 1503">
    <p class='ocr_par' dir='ltr' id='par_1_16' title="bbox 529 1437 2101 1503">
     <span class='ocr_line' id='line_1_16' title="bbox 529 1437 2101 1503; baseline -0.003 -10"><span class='ocrx_word' id='word_1_86' title='bbox 529 1441 668 1493; x_wconf 87' lang='lat' dir='ltr'><strong><em>mine</em></strong></span> <span class='ocrx_word' id='word_1_87' title='bbox 713 1440 847 1493; x_wconf 87' lang='lat' dir='ltr'><strong><em>Deus</em></strong></span> <span class='ocrx_word' id='word_1_88' title='bbox 874 1456 1039 1503; x_wconf 88' lang='lat' dir='ltr'><strong><em>meus,</em></strong></span> <span class='ocrx_word' id='word_1_89' title='bbox 1075 1440 1303 1492; x_wconf 83' lang='lat' dir='ltr'><strong><em>clamavi</em></strong></span> <span class='ocrx_word' id='word_1_90' title='bbox 1333 1437 1401 1490; x_wconf 87' lang='lat' dir='ltr'><strong><em>ad</em></strong></span> <span class='ocrx_word' id='word_1_91' title='bbox 1437 1448 1502 1502; x_wconf 90' lang='lat' dir='ltr'><strong><em>te,</em></strong></span> <span class='ocrx_word' id='word_1_92' title='bbox 1536 1447 1584 1491; x_wconf 90' lang='lat' dir='ltr'><strong><em>et</em></strong></span> <span class='ocrx_word' id='word_1_93' title='bbox 1614 1439 1822 1492; x_wconf 81' lang='lat' dir='ltr'><strong><em>sanasti</em></strong></span> <span class='ocrx_word' id='word_1_94' title='bbox 1858 1455 1955 1492; x_wconf 88' lang='lat' dir='ltr'><strong><em>me.</em></strong></span> <span class='ocrx_word' id='word_1_95' title='bbox 1993 1438 2101 1491; x_wconf 86' lang='lat' dir='ltr'><strong><em>Do-</em></strong></span> 
     </span>
    </p>
   </div>
   <div class='ocr_carea' id='block_1_17' title="bbox 529 1530 2102 1598">
    <p class='ocr_par' dir='ltr' id='par_1_17' title="bbox 529 1530 2102 1598">
     <span class='ocr_line' id='line_1_17' title="bbox 529 1530 2102 1598; baseline -0.001 -14"><span class='ocrx_word' id='word_1_96' title='bbox 529 1532 688 1592; x_wconf 87' lang='lat' dir='ltr'><strong><em>mine,</em></strong></span> <span class='ocrx_word' id='word_1_97' title='bbox 715 1531 946 1584; x_wconf 80' lang='lat' dir='ltr'><strong><em>eduxisti</em></strong></span> <span class='ocrx_word' id='word_1_98' title='bbox 979 1531 1042 1583; x_wconf 92' lang='lat' dir='ltr'><strong><em>ab</em></strong></span> <span class='ocrx_word' id='word_1_99' title='bbox 1076 1532 1279 1598; x_wconf 69' lang='lat' dir='ltr'><strong><em>inferno</em></strong></span> <span class='ocrx_word' id='word_1_100' title='bbox 1305 1531 1536 1582; x_wconf 86' lang='lat' dir='ltr'><strong><em>animam</em></strong></span> <span class='ocrx_word' id='word_1_101' title='bbox 1565 1547 1754 1594; x_wconf 84' lang='lat' dir='ltr'><strong><em>nteant,</em></strong></span> <span class='ocrx_word' id='word_1_102' title='bbox 1785 1530 2102 1583; x_wconf 77' lang='lat' dir='ltr'><strong><em>salvastime</em></strong></span> 
     </span>
    </p>
   </div>
   <div class='ocr_carea' id='block_1_18' title="bbox 530 1620 2101 1692">
    <p class='ocr_par' dir='ltr' id='par_1_18' title="bbox 530 1620 2101 1692">
     <span class='ocr_line' id='line_1_18' title="bbox 530 1620 2101 1692; baseline -0.001 -16"><span class='ocrx_word' id='word_1_103' title='bbox 530 1621 1013 1676; x_wconf 79' lang='lat' dir='ltr'><strong><em>adescendentibus</em></strong></span> <span class='ocrx_word' id='word_1_104' title='bbox 1044 1624 1099 1675; x_wconf 88' lang='lat' dir='ltr'><strong><em>in</em></strong></span> <span class='ocrx_word' id='word_1_105' title='bbox 1131 1625 1324 1676; x_wconf 89' lang='lat' dir='ltr'><strong><em>lacum.</em></strong></span> <span class='ocrx_word' id='word_1_106' title='bbox 1379 1620 1502 1675; x_wconf 76' lang='lat' dir='ltr'><strong><em>U286</em></strong></span> <span class='ocrx_word' id='word_1_107' title='bbox 1551 1620 1718 1674; x_wconf 87' lang='lat' dir='ltr'><strong><em>David</em></strong></span> <span class='ocrx_word' id='word_1_108' title='bbox 1755 1622 1808 1675; x_wconf 91' lang='lat' dir='ltr'><strong>in</strong></span> <span class='ocrx_word' id='word_1_109' title='bbox 1845 1623 2101 1692; x_wconf 65' lang='lat' dir='ltr'><strong><em>praesenti</em></strong></span> 
     </span>
    </p>
   </div>
   <div class='ocr_carea' id='block_1_19' title="bbox 530 1715 2101 1786">
    <p class='ocr_par' dir='ltr' id='par_1_19' title="bbox 530 1715 2101 1786">
     <span class='ocr_line' id='line_1_19' title="bbox 530 1715 2101 1786; baseline -0.001 -18"><span class='ocrx_word' id='word_1_110' title='bbox 530 1716 742 1786; x_wconf 80' lang='lat' dir='ltr'><strong><em>psalmo</em></strong></span> <span class='ocrx_word' id='word_1_111' title='bbox 776 1717 944 1778; x_wconf 83' lang='lat' dir='ltr'><strong><em>dicit;</em></strong></span> <span class='ocrx_word' id='word_1_112' title='bbox 983 1717 1037 1769; x_wconf 92' lang='lat' dir='ltr'><strong><em>in</em></strong></span> <span class='ocrx_word' id='word_1_113' title='bbox 1069 1717 1332 1785; x_wconf 86' lang='lat' dir='ltr'><strong><em>vigesimo</em></strong></span> <span class='ocrx_word' id='word_1_114' title='bbox 1381 1715 1615 1786; x_wconf 89' lang='lat' dir='ltr'><strong><em>septimo</em></strong></span> <span class='ocrx_word' id='word_1_115' title='bbox 1648 1723 1852 1778; x_wconf 88' lang='lat' dir='ltr'><strong><em>autem,</em></strong></span> <span class='ocrx_word' id='word_1_116' title='bbox 1884 1715 1956 1768; x_wconf 90' lang='lat' dir='ltr'><strong><em>ita</em></strong></span> <span class='ocrx_word' id='word_1_117' title='bbox 1987 1719 2101 1769; x_wconf 89' lang='lat' dir='ltr'><strong><em>cla-</em></strong></span> 
     </span>
    </p>
   </div>
   <div class='ocr_carea' id='block_1_20' title="bbox 2197 528 3794 600">
    <p class='ocr_par' dir='ltr' id='par_1_20' title="bbox 2197 528 3794 600">
     <span class='ocr_line' id='line_1_20' title="bbox 2197 528 3794 600; baseline -0.001 -17"><span class='ocrx_word' id='word_1_118' title='bbox 2197 547 2274 599; x_wconf 80' lang='grc' dir='ltr'><strong><em>με</em></strong></span> <span class='ocrx_word' id='word_1_119' title='bbox 2300 529 2416 583; x_wconf 77' lang='grc' dir='ltr'><strong><em>ἀπὸ</em></strong></span> <span class='ocrx_word' id='word_1_120' title='bbox 2454 528 2572 581; x_wconf 84' lang='grc' dir='ltr'><em>τῶν</em></span> <span class='ocrx_word' id='word_1_121' title='bbox 2603 530 3078 582; x_wconf 72' lang='grc' dir='ltr'><em>καταϐαινόντων</em></span> <span class='ocrx_word' id='word_1_122' title='bbox 3116 532 3202 594; x_wconf 71' lang='lat' dir='ltr'><strong><em>sic</em></strong></span> <span class='ocrx_word' id='word_1_123' title='bbox 3243 530 3493 590; x_wconf 72' lang='grc' dir='ltr'><em>λάκκον,</em></span> <span class='ocrx_word' id='word_1_124' title='bbox 3544 529 3794 600; x_wconf 79' lang='grc' dir='ltr'>μεταϐε-</span> 
     </span>
    </p>
   </div>
   <div class='ocr_carea' id='block_1_21' title="bbox 2202 619 3794 694">
    <p class='ocr_par' dir='ltr' id='par_1_21' title="bbox 2202 619 3794 694">
     <span class='ocr_line' id='line_1_21' title="bbox 2202 619 3794 694; baseline 0.001 -21"><span class='ocrx_word' id='word_1_125' title='bbox 2202 620 2429 692; x_wconf 77' lang='grc' dir='ltr'>ϐλῆσθαί</span> <span class='ocrx_word' id='word_1_126' title='bbox 2481 638 2541 674; x_wconf 81' lang='grc' dir='ltr'><strong><em>τε</em></strong></span> <span class='ocrx_word' id='word_1_127' title='bbox 2587 620 2735 690; x_wconf 72' lang='grc' dir='ltr'>αὐτῷ</span> <span class='ocrx_word' id='word_1_128' title='bbox 2780 619 2849 672; x_wconf 74' lang='grc' dir='ltr'><strong><em>τὰ</em></strong></span> <span class='ocrx_word' id='word_1_129' title='bbox 2891 619 2982 672; x_wconf 86' lang='grc' dir='ltr'><strong><em>τοῦ</em></strong></span> <span class='ocrx_word' id='word_1_130' title='bbox 3033 621 3258 685; x_wconf 81' lang='grc' dir='ltr'>πένθους</span> <span class='ocrx_word' id='word_1_131' title='bbox 3305 624 3384 683; x_wconf 75' lang='grc' dir='ltr'><strong><em>εἰς</em></strong></span> <span class='ocrx_word' id='word_1_132' title='bbox 3435 622 3794 694; x_wconf 68' lang='grc' dir='ltr'>εὐφροσύνην</span> 
     </span>
    </p>
   </div>
   <div class='ocr_carea' id='block_1_22' title="bbox 2204 706 3796 784">
    <p class='ocr_par' dir='ltr' id='par_1_22' title="bbox 2204 706 3796 784">
     <span class='ocr_line' id='line_1_22' title="bbox 2204 706 3796 784; baseline 0.003 -21"><span class='ocrx_word' id='word_1_133' title='bbox 2204 712 2456 784; x_wconf 80' lang='grc' dir='ltr'>σημαίνει</span> <span class='ocrx_word' id='word_1_134' title='bbox 2488 712 2580 764; x_wconf 73' lang='grc' dir='ltr'>καὶ</span> <span class='ocrx_word' id='word_1_135' title='bbox 2611 713 2678 765; x_wconf 80' lang='grc' dir='ltr'><strong><em>δι’</em></strong></span> <span class='ocrx_word' id='word_1_136' title='bbox 2699 706 2772 764; x_wconf 80' lang='grc' dir='ltr'>ὧν</span> <span class='ocrx_word' id='word_1_137' title='bbox 2805 712 2995 782; x_wconf 74' lang='grc' dir='ltr'>φησίνο</span> <span class='ocrx_word' id='word_1_138' title='bbox 3026 714 3358 780; x_wconf 68' lang='grc' dir='ltr'>Ἕστρεψας</span> <span class='ocrx_word' id='word_1_139' title='bbox 3390 711 3496 765; x_wconf 75' lang='grc' dir='ltr'><em>τὸν</em></span> <span class='ocrx_word' id='word_1_140' title='bbox 3518 712 3796 768; x_wconf 78' lang='grc' dir='ltr'><strong><em>κοπετὸν</em></strong></span> 
     </span>
    </p>
   </div>
   <div class='ocr_carea' id='block_1_23' title="bbox 2201 802 3792 874">
    <p class='ocr_par' dir='ltr' id='par_1_23' title="bbox 2201 802 3792 874">
     <span class='ocr_line' id='line_1_23' title="bbox 2201 802 3792 874; baseline -0.003 -16"><span class='ocrx_word' id='word_1_141' title='bbox 2201 807 2289 871; x_wconf 81' lang='grc' dir='ltr'><strong><em>είς</em></strong></span> <span class='ocrx_word' id='word_1_142' title='bbox 2343 804 2535 874; x_wconf 84' lang='grc' dir='ltr'><em>χαρὰν</em></span> <span class='ocrx_word' id='word_1_143' title='bbox 2589 804 2752 872; x_wconf 78' lang='grc' dir='ltr'>ἐμοί·</span> <span class='ocrx_word' id='word_1_144' title='bbox 2803 802 3116 872; x_wconf 72' lang='grc' dir='ltr'>διέρρηξας</span> <span class='ocrx_word' id='word_1_145' title='bbox 3173 807 3278 857; x_wconf 75' lang='grc' dir='ltr'><em>τὸν</em></span> <span class='ocrx_word' id='word_1_146' title='bbox 3336 803 3572 857; x_wconf 73' lang='grc' dir='ltr'>σάκκον</span> <span class='ocrx_word' id='word_1_147' title='bbox 3631 823 3792 874; x_wconf 76' lang='grc' dir='ltr'>μου,</span> 
     </span>
    </p>
   </div>
   <div class='ocr_carea' id='block_1_24' title="bbox 2203 893 3798 967">
    <p class='ocr_par' dir='ltr' id='par_1_24' title="bbox 2203 893 3798 967">
     <span class='ocr_line' id='line_1_24' title="bbox 2203 893 3798 967; baseline 0.001 -18"><span class='ocrx_word' id='word_1_148' title='bbox 2203 897 2299 950; x_wconf 80' lang='grc' dir='ltr'><em>καί</em></span> <span class='ocrx_word' id='word_1_149' title='bbox 2334 893 2690 965; x_wconf 79' lang='grc' dir='ltr'>περιέζωσάς</span> <span class='ocrx_word' id='word_1_150' title='bbox 2723 912 2801 964; x_wconf 78' lang='grc' dir='ltr'>με</span> <span class='ocrx_word' id='word_1_151' title='bbox 2839 897 3243 964; x_wconf 54' lang='grc' dir='ltr'>εὐφροσύνην.</span> <span class='ocrx_word' id='word_1_152' title='bbox 3281 895 3635 967; x_wconf 79' lang='grc' dir='ltr'>Δεδειγμένου</span> <span class='ocrx_word' id='word_1_153' title='bbox 3669 899 3798 950; x_wconf 81' lang='grc' dir='ltr'>τοί-</span> 
     </span>
    </p>
   </div>
   <div class='ocr_carea' id='block_1_25' title="bbox 2202 985 3797 1060">
    <p class='ocr_par' dir='ltr' id='par_1_25' title="bbox 2202 985 3797 1060">
     <span class='ocr_line' id='line_1_25' title="bbox 2202 985 3797 1060; baseline -0.001 -18"><span class='ocrx_word' id='word_1_154' title='bbox 2202 1007 2297 1042; x_wconf 85' lang='grc' dir='ltr'><em>νυν</em></span> <span class='ocrx_word' id='word_1_155' title='bbox 2330 987 2422 1041; x_wconf 87' lang='grc' dir='ltr'><strong><em>τοῦ</em></strong></span> <span class='ocrx_word' id='word_1_156' title='bbox 2465 987 2613 1040; x_wconf 77' lang='grc' dir='ltr'>οἴκου</span> <span class='ocrx_word' id='word_1_157' title='bbox 2643 987 2741 1057; x_wconf 76' lang='grc' dir='ltr'>τῆς</span> <span class='ocrx_word' id='word_1_158' title='bbox 2779 985 2871 1039; x_wconf 87' lang='grc' dir='ltr'><strong><em>τοῦ</em></strong></span> <span class='ocrx_word' id='word_1_159' title='bbox 2907 986 3065 1038; x_wconf 76' lang='grc' dir='ltr'><strong><em>Δαυῖδ</em></strong></span> <span class='ocrx_word' id='word_1_160' title='bbox 3096 987 3290 1058; x_wconf 72' lang='grc' dir='ltr'>ψυχῆς,</span> <span class='ocrx_word' id='word_1_161' title='bbox 3328 987 3436 1060; x_wconf 83' lang='grc' dir='ltr'>ἄρα</span> <span class='ocrx_word' id='word_1_162' title='bbox 3475 987 3552 1058; x_wconf 82' lang='grc' dir='ltr'>τῷ</span> <span class='ocrx_word' id='word_1_163' title='bbox 3584 991 3797 1056; x_wconf 72' lang='grc' dir='ltr'>ἐγκαι-</span> 
     </span>
    </p>
   </div>
   <div class='ocr_carea' id='block_1_26' title="bbox 2203 1076 3797 1151">
    <p class='ocr_par' dir='ltr' id='par_1_26' title="bbox 2203 1076 3797 1151">
     <span class='ocr_line' id='line_1_26' title="bbox 2203 1076 3797 1151; baseline -0.003 -18"><span class='ocrx_word' id='word_1_164' title='bbox 2203 1079 2379 1151; x_wconf 82' lang='grc' dir='ltr'>νισμῷ</span> <span class='ocrx_word' id='word_1_165' title='bbox 2431 1078 2523 1132; x_wconf 88' lang='grc' dir='ltr'><strong><em>τοῦ</em></strong></span> <span class='ocrx_word' id='word_1_166' title='bbox 2572 1077 2807 1131; x_wconf 81' lang='grc' dir='ltr'>τοιούτου</span> <span class='ocrx_word' id='word_1_167' title='bbox 2856 1076 3005 1130; x_wconf 68' lang='grc' dir='ltr'>οἴκου</span> <span class='ocrx_word' id='word_1_168' title='bbox 3062 1077 3390 1148; x_wconf 72' lang='grc' dir='ltr'><strong><em>ἐφαρμόζειν</em></strong></span> <span class='ocrx_word' id='word_1_169' title='bbox 3441 1077 3508 1130; x_wconf 74' lang='grc' dir='ltr'>τὰ</span> <span class='ocrx_word' id='word_1_170' title='bbox 3555 1077 3797 1150; x_wconf 82' lang='grc' dir='ltr'>προκεί-</span> 
     </span>
    </p>
   </div>
   <div class='ocr_carea' id='block_1_27' title="bbox 2207 1189 2363 1243">
    <p class='ocr_par' dir='ltr' id='par_1_27' title="bbox 2207 1189 2363 1243">
     <span class='ocr_line' id='line_1_27' title="bbox 2207 1189 2363 1243; baseline -0.013 -19"><span class='ocrx_word' id='word_1_171' title='bbox 2207 1189 2363 1243; x_wconf 88' lang='grc' dir='ltr'>μενα.</span> 
     </span>
    </p>
   </div>
   <div class='ocr_carea' id='block_1_28' title="bbox 2284 1258 3810 1330">
    <p class='ocr_par' dir='ltr' id='par_1_28' title="bbox 2284 1258 3810 1330">
     <span class='ocr_line' id='line_1_28' title="bbox 2284 1258 3810 1330; baseline 0.001 -16"><span class='ocrx_word' id='word_1_172' title='bbox 2284 1259 2536 1330; x_wconf 74' lang='grc' dir='ltr'>’Υψιώσω</span> <span class='ocrx_word' id='word_1_173' title='bbox 2568 1279 2661 1324; x_wconf 90' lang='grc' dir='ltr'><strong><em>σε,</em></strong></span> <span class='ocrx_word' id='word_1_174' title='bbox 2703 1262 2898 1328; x_wconf 78' lang='grc' dir='ltr'>Κύριε,</span> <span class='ocrx_word' id='word_1_175' title='bbox 2938 1260 3025 1312; x_wconf 76' lang='grc' dir='ltr'><strong><em>ὅτι</em></strong></span> <span class='ocrx_word' id='word_1_176' title='bbox 3060 1258 3354 1325; x_wconf 73' lang='grc' dir='ltr'><strong><em>ὑπέλαϐές</em></strong></span> <span class='ocrx_word' id='word_1_177' title='bbox 3379 1276 3488 1328; x_wconf 81' lang='grc' dir='ltr'>με,</span> <span class='ocrx_word' id='word_1_178' title='bbox 3532 1259 3630 1312; x_wconf 70' lang='grc' dir='ltr'><em>καὶ</em></span> <span class='ocrx_word' id='word_1_179' title='bbox 3667 1261 3810 1319; x_wconf 20' lang='grc' dir='ltr'>οὐκ,</span> 
     </span>
    </p>
   </div>
   <div class='ocr_carea' id='block_1_29' title="bbox 2201 1351 3798 1422">
    <p class='ocr_par' dir='ltr' id='par_1_29' title="bbox 2201 1351 3798 1422">
     <span class='ocr_line' id='line_1_29' title="bbox 2201 1351 3798 1422; baseline -0.001 -15"><span class='ocrx_word' id='word_1_180' title='bbox 2201 1354 2512 1422; x_wconf 62' lang='grc' dir='ltr'><strong><em>ηὔφρανας</em></strong></span> <span class='ocrx_word' id='word_1_181' title='bbox 2560 1352 2699 1417; x_wconf 76' lang='grc' dir='ltr'>τοὺς</span> <span class='ocrx_word' id='word_1_182' title='bbox 2750 1353 3001 1419; x_wconf 77' lang='grc' dir='ltr'>ἐχθρούς</span> <span class='ocrx_word' id='word_1_183' title='bbox 3047 1370 3165 1420; x_wconf 78' lang='grc' dir='ltr'><strong><em>μου</em></strong></span> <span class='ocrx_word' id='word_1_184' title='bbox 3221 1352 3314 1403; x_wconf 75' lang='grc' dir='ltr'><strong><em>ἐπ’</em></strong></span> <span class='ocrx_word' id='word_1_185' title='bbox 3359 1351 3506 1414; x_wconf 76' lang='grc' dir='ltr'>ἐμοί.</span> <span class='ocrx_word' id='word_1_186' title='bbox 3541 1351 3798 1418; x_wconf 75' lang='grc' dir='ltr'>Κύριεό</span> 
     </span>
    </p>
   </div>
   <div class='ocr_carea' id='block_1_30' title="bbox 2207 1442 3796 1515">
    <p class='ocr_par' dir='ltr' id='par_1_30' title="bbox 2207 1442 3796 1515">
     <span class='ocr_line' id='line_1_30' title="bbox 2207 1442 3796 1515; baseline -0.003 -15"><span class='ocrx_word' id='word_1_187' title='bbox 2207 1447 2348 1511; x_wconf 83' lang='grc' dir='ltr'>Θεός</span> <span class='ocrx_word' id='word_1_188' title='bbox 2375 1463 2514 1515; x_wconf 80' lang='grc' dir='ltr'>μου,</span> <span class='ocrx_word' id='word_1_189' title='bbox 2549 1443 2843 1510; x_wconf 76' lang='grc' dir='ltr'><em>ἐκέκραξα</em></span> <span class='ocrx_word' id='word_1_190' title='bbox 2888 1443 3036 1510; x_wconf 73' lang='grc' dir='ltr'><strong><em>πρὸς</em></strong></span> <span class='ocrx_word' id='word_1_191' title='bbox 3067 1443 3172 1501; x_wconf 85' lang='grc' dir='ltr'><strong><em>σὲ.</em></strong></span> <span class='ocrx_word' id='word_1_192' title='bbox 3209 1445 3305 1496; x_wconf 77' lang='grc' dir='ltr'><em>καὶ</em></span> <span class='ocrx_word' id='word_1_193' title='bbox 3349 1442 3494 1495; x_wconf 73' lang='grc' dir='ltr'>ἰάσω</span> <span class='ocrx_word' id='word_1_194' title='bbox 3515 1460 3639 1511; x_wconf 81' lang='grc' dir='ltr'>μοι.</span> <span class='ocrx_word' id='word_1_195' title='bbox 3669 1444 3796 1497; x_wconf 80' lang='grc' dir='ltr'><strong><em>Κύ-</em></strong></span> 
     </span>
    </p>
   </div>
   <div class='ocr_carea' id='block_1_31' title="bbox 2197 1534 3796 1608">
    <p class='ocr_par' dir='ltr' id='par_1_31' title="bbox 2197 1534 3796 1608">
     <span class='ocr_line' id='line_1_31' title="bbox 2197 1534 3796 1608; baseline -0.003 -16"><span class='ocrx_word' id='word_1_196' title='bbox 2197 1556 2309 1607; x_wconf 86' lang='grc' dir='ltr'>ριε,</span> <span class='ocrx_word' id='word_1_197' title='bbox 2353 1537 2649 1608; x_wconf 65' lang='grc' dir='ltr'>ἀνήγαγες</span> <span class='ocrx_word' id='word_1_198' title='bbox 2679 1537 2747 1602; x_wconf 79' lang='grc' dir='ltr'><strong><em>ἐξ</em></strong></span> <span class='ocrx_word' id='word_1_199' title='bbox 2787 1536 2934 1604; x_wconf 80' lang='grc' dir='ltr'><strong><em>ᾅδου</em></strong></span> <span class='ocrx_word' id='word_1_200' title='bbox 2973 1536 3085 1603; x_wconf 74' lang='grc' dir='ltr'><em>τὴν</em></span> <span class='ocrx_word' id='word_1_201' title='bbox 3119 1535 3328 1604; x_wconf 68' lang='grc' dir='ltr'><em>ψυχήν</em></span> <span class='ocrx_word' id='word_1_202' title='bbox 3353 1553 3492 1603; x_wconf 76' lang='grc' dir='ltr'>μου,</span> <span class='ocrx_word' id='word_1_203' title='bbox 3535 1534 3796 1600; x_wconf 77' lang='grc' dir='ltr'>ἐσωσάς</span> 
     </span>
    </p>
   </div>
   <div class='ocr_carea' id='block_1_32' title="bbox 2200 1626 3793 1700">
    <p class='ocr_par' dir='ltr' id='par_1_32' title="bbox 2200 1626 3793 1700">
     <span class='ocr_line' id='line_1_32' title="bbox 2200 1626 3793 1700; baseline -0.003 -18"><span class='ocrx_word' id='word_1_204' title='bbox 2200 1649 2276 1700; x_wconf 83' lang='grc' dir='ltr'>με</span> <span class='ocrx_word' id='word_1_205' title='bbox 2311 1630 2426 1683; x_wconf 77' lang='grc' dir='ltr'><strong><em>ἀπὸ</em></strong></span> <span class='ocrx_word' id='word_1_206' title='bbox 2476 1628 2595 1682; x_wconf 84' lang='grc' dir='ltr'><em>τῶν</em></span> <span class='ocrx_word' id='word_1_207' title='bbox 2636 1629 3111 1681; x_wconf 75' lang='grc' dir='ltr'><em>καταϐαινόντων</em></span> <span class='ocrx_word' id='word_1_208' title='bbox 3154 1630 3240 1692; x_wconf 82' lang='grc' dir='ltr'>εἰς</span> <span class='ocrx_word' id='word_1_209' title='bbox 3282 1626 3530 1680; x_wconf 75' lang='grc' dir='ltr'><em>λάκκον.</em></span> <span class='ocrx_word' id='word_1_210' title='bbox 3592 1626 3793 1679; x_wconf 75' lang='grc' dir='ltr'>Ταῦτα</span> 
     </span>
    </p>
   </div>
   <div class='ocr_carea' id='block_1_33' title="bbox 2211 1717 3793 1794">
    <p class='ocr_par' dir='ltr' id='par_1_33' title="bbox 2211 1717 3793 1794">
     <span class='ocr_line' id='line_1_33' title="bbox 2211 1717 3793 1794; baseline -0.003 -20"><span class='ocrx_word' id='word_1_211' title='bbox 2211 1723 2308 1794; x_wconf 82' lang='grc' dir='ltr'><strong><em>μὲν</em></strong></span> <span class='ocrx_word' id='word_1_212' title='bbox 2340 1723 2368 1773; x_wconf 99' lang='lat'><strong><em>6</em></strong></span> <span class='ocrx_word' id='word_1_213' title='bbox 2393 1721 2552 1775; x_wconf 77' lang='grc' dir='ltr'><strong><em>Δαυῖδ</em></strong></span> <span class='ocrx_word' id='word_1_214' title='bbox 2589 1721 2676 1774; x_wconf 66' lang='grc' dir='ltr'>διὰ</span> <span class='ocrx_word' id='word_1_215' title='bbox 2714 1720 2806 1773; x_wconf 87' lang='grc' dir='ltr'><strong><em>τοῦ</em></strong></span> <span class='ocrx_word' id='word_1_216' title='bbox 2855 1717 2992 1790; x_wconf 77' lang='grc' dir='ltr'>μετὰ</span> <span class='ocrx_word' id='word_1_217' title='bbox 3031 1721 3215 1790; x_wconf 82' lang='grc' dir='ltr'>χεῖρας</span> <span class='ocrx_word' id='word_1_218' title='bbox 3257 1718 3469 1788; x_wconf 70' lang='grc' dir='ltr'>ψαλμοῦ</span> <span class='ocrx_word' id='word_1_219' title='bbox 3498 1718 3684 1785; x_wconf 75' lang='grc' dir='ltr'>λέγει’</span> <span class='ocrx_word' id='word_1_220' title='bbox 3725 1719 3793 1770; x_wconf 79' lang='grc' dir='ltr'>ὲν</span> 
     </span>
    </p>
   </div>
   <div class='ocr_carea' id='block_1_34' title="bbox 531 1806 2103 1886">
    <p class='ocr_par' dir='ltr' id='par_1_34' title="bbox 531 1806 2103 1876">
     <span class='ocr_line' id='line_1_34' title="bbox 531 1806 2103 1876; baseline -0.001 -17"><span class='ocrx_word' id='word_1_221' title='bbox 531 1807 714 1860; x_wconf 86' lang='lat' dir='ltr'><strong><em>mabat</em></strong></span> <span class='ocrx_word' id='word_1_222' title='bbox 746 1808 860 1876; x_wconf 83' lang='lat' dir='ltr'><strong><em>ipse</em></strong></span> <span class='ocrx_word' id='word_1_223' title='bbox 886 1827 898 1861; x_wconf 89' lang='lat'>:</span> <span class='ocrx_word' id='word_1_224' title='bbox 928 1807 1017 1859; x_wconf 76' lang='lat' dir='ltr'><strong><em>Ad</em></strong></span> <span class='ocrx_word' id='word_1_225' title='bbox 1047 1819 1114 1870; x_wconf 89' lang='lat' dir='ltr'><strong><em>te,</em></strong></span> <span class='ocrx_word' id='word_1_226' title='bbox 1143 1806 1380 1871; x_wconf 79' lang='lat' dir='ltr'><strong><em>Domine,</em></strong></span> <span class='ocrx_word' id='word_1_227' title='bbox 1402 1806 1663 1872; x_wconf 85' lang='lat' dir='ltr'><strong><em>clamabo,</em></strong></span> <span class='ocrx_word' id='word_1_228' title='bbox 1693 1807 1833 1862; x_wconf 85' lang='lat' dir='ltr'><strong><em>Deus</em></strong></span> <span class='ocrx_word' id='word_1_229' title='bbox 1858 1823 2022 1869; x_wconf 87' lang='lat' dir='ltr'><strong><em>meus,</em></strong></span> <span class='ocrx_word' id='word_1_230' title='bbox 2046 1824 2103 1858; x_wconf 66' lang='lat' dir='ltr'><strong><em>re</em></strong></span> 
     </span>
    </p>
   </div>
   <div class='ocr_carea' id='block_1_35' title="bbox 2209 1806 3790 1886">
    <p class='ocr_par' dir='ltr' id='par_1_35' title="bbox 2209 1808 3790 1886">
     <span class='ocr_line' id='line_1_35' title="bbox 2209 1808 3790 1886; baseline -0.004 -18"><span class='ocrx_word' id='word_1_231' title='bbox 2209 1815 2263 1868; x_wconf 76' lang='grc' dir='ltr'><strong><em>δὲ</em></strong></span> <span class='ocrx_word' id='word_1_232' title='bbox 2308 1814 2384 1886; x_wconf 78' lang='grc' dir='ltr'>τῷ</span> <span class='ocrx_word' id='word_1_233' title='bbox 2422 1813 2652 1883; x_wconf 80' lang='grc' dir='ltr'>εἰκοστῷ</span> <span class='ocrx_word' id='word_1_234' title='bbox 2686 1812 2897 1882; x_wconf 81' lang='grc' dir='ltr'>ἑϐδόμῳ</span> <span class='ocrx_word' id='word_1_235' title='bbox 2933 1810 3131 1882; x_wconf 76' lang='grc' dir='ltr'>ψαλμῷ</span> <span class='ocrx_word' id='word_1_236' title='bbox 3175 1813 3204 1862; x_wconf 88' lang='grc' dir='ltr'>ὁ</span> <span class='ocrx_word' id='word_1_237' title='bbox 3236 1811 3394 1870; x_wconf 74' lang='grc' dir='ltr'>αὐτὸς</span> <span class='ocrx_word' id='word_1_238' title='bbox 3423 1809 3551 1862; x_wconf 80' lang='grc' dir='ltr'>ἐϐόα</span> <span class='ocrx_word' id='word_1_239' title='bbox 3581 1808 3790 1877; x_wconf 77' lang='grc' dir='ltr'>λέγων·</span> 
     </span>
    </p>
   </div>
   <div class='ocr_carea' id='block_1_36' title="bbox 529 1899 2102 1970">
    <p class='ocr_par' dir='ltr' id='par_1_36' title="bbox 529 1899 2102 1970">
     <span class='ocr_line' id='line_1_36' title="bbox 529 1899 2102 1970; baseline 0.001 -18"><span class='ocrx_word' id='word_1_240' title='bbox 529 1899 688 1953; x_wconf 83' lang='lat' dir='ltr'><strong><em>sileas</em></strong></span> <span class='ocrx_word' id='word_1_241' title='bbox 729 1917 759 1952; x_wconf 94' lang='lat' dir='ltr'><strong><em>a</em></strong></span> <span class='ocrx_word' id='word_1_242' title='bbox 804 1918 900 1964; x_wconf 88' lang='lat' dir='ltr'><strong><em>me,</em></strong></span> <span class='ocrx_word' id='word_1_243' title='bbox 930 1919 992 1954; x_wconf 90' lang='lat' dir='ltr'><strong><em>ne</em></strong></span> <span class='ocrx_word' id='word_1_244' title='bbox 1025 1899 1232 1970; x_wconf 80' lang='lat' dir='ltr'><strong><em>quando</em></strong></span> <span class='ocrx_word' id='word_1_245' title='bbox 1265 1910 1441 1956; x_wconf 77' lang='lat' dir='ltr'><strong><em>taceas</em></strong></span> <span class='ocrx_word' id='word_1_246' title='bbox 1483 1919 1518 1954; x_wconf 92' lang='lat' dir='ltr'><strong><em>a</em></strong></span> <span class='ocrx_word' id='word_1_247' title='bbox 1547 1919 1646 1966; x_wconf 89' lang='lat' dir='ltr'><strong><em>me,</em></strong></span> <span class='ocrx_word' id='word_1_248' title='bbox 1678 1911 1726 1955; x_wconf 89' lang='lat' dir='ltr'><strong><em>et</em></strong></span> <span class='ocrx_word' id='word_1_249' title='bbox 1761 1900 2102 1955; x_wconf 84' lang='lat' dir='ltr'><strong><em>assimitubor</em></strong></span> 
     </span>
    </p>
   </div>
   <div class='ocr_carea' id='block_1_37' title="bbox 529 1991 2104 2065">
    <p class='ocr_par' dir='ltr' id='par_1_37' title="bbox 529 1991 2104 2065">
     <span class='ocr_line' id='line_1_37' title="bbox 529 1991 2104 2065; baseline 0.001 -20"><span class='ocrx_word' id='word_1_250' title='bbox 529 1991 957 2048; x_wconf 78' lang='lat' dir='ltr'><strong><em>descendentibus</em></strong></span> <span class='ocrx_word' id='word_1_251' title='bbox 1004 1996 1058 2048; x_wconf 89' lang='lat' dir='ltr'><strong><em>in</em></strong></span> <span class='ocrx_word' id='word_1_252' title='bbox 1089 1995 1285 2049; x_wconf 85' lang='lat' dir='ltr'><strong><em>lacum.</em></strong></span> <span class='ocrx_word' id='word_1_253' title='bbox 1321 1993 1426 2049; x_wconf 87' lang='lat' dir='ltr'><strong><em>Sed</em></strong></span> <span class='ocrx_word' id='word_1_254' title='bbox 1459 1997 1587 2065; x_wconf 90' lang='lat' dir='ltr'><strong>quia</strong></span> <span class='ocrx_word' id='word_1_255' title='bbox 1619 1996 1693 2050; x_wconf 90' lang='lat' dir='ltr'><strong>ibi</strong></span> <span class='ocrx_word' id='word_1_256' title='bbox 1725 1996 1805 2050; x_wconf 73' lang='lat' dir='ltr'><strong><em>sic</em></strong></span> <span class='ocrx_word' id='word_1_257' title='bbox 1837 1997 2104 2064; x_wconf 88' lang='lat' dir='ltr'><strong><em>precaba-</em></strong></span> 
     </span>
    </p>
   </div>
   <div class='ocr_carea' id='block_1_38' title="bbox 529 2085 2102 2156">
    <p class='ocr_par' dir='ltr' id='par_1_38' title="bbox 529 2085 2102 2156">
     <span class='ocr_line' id='line_1_38' title="bbox 529 2085 2102 2156; baseline 0.003 -18"><span class='ocrx_word' id='word_1_258' title='bbox 529 2094 640 2151; x_wconf 91' lang='lat' dir='ltr'><strong><em>tur,</em></strong></span> <span class='ocrx_word' id='word_1_259' title='bbox 671 2085 761 2138; x_wconf 89' lang='lat' dir='ltr'><strong><em>hic</em></strong></span> <span class='ocrx_word' id='word_1_260' title='bbox 791 2087 999 2156; x_wconf 79' lang='lat' dir='ltr'><strong><em>gratias</em></strong></span> <span class='ocrx_word' id='word_1_261' title='bbox 1031 2087 1141 2156; x_wconf 87' lang='lat' dir='ltr'><strong><em>agit</em></strong></span> <span class='ocrx_word' id='word_1_262' title='bbox 1189 2094 1250 2140; x_wconf 88' lang='lat' dir='ltr'><strong><em>ut</em></strong></span> <span class='ocrx_word' id='word_1_263' title='bbox 1293 2087 1556 2143; x_wconf 85' lang='lat' dir='ltr'><strong><em>detrusus</em></strong></span> <span class='ocrx_word' id='word_1_264' title='bbox 1595 2097 1721 2141; x_wconf 82' lang='lat' dir='ltr'><strong><em>ante</em></strong></span> <span class='ocrx_word' id='word_1_265' title='bbox 1753 2095 1808 2140; x_wconf 91' lang='lat' dir='ltr'><strong><em>et</em></strong></span> <span class='ocrx_word' id='word_1_266' title='bbox 1845 2087 2102 2156; x_wconf 87' lang='lat' dir='ltr'><strong><em>delapsus</em></strong></span> 
     </span>
    </p>
   </div>
   <div class='ocr_carea' id='block_1_39' title="bbox 530 2177 2104 2248">
    <p class='ocr_par' dir='ltr' id='par_1_39' title="bbox 530 2177 2104 2248">
     <span class='ocr_line' id='line_1_39' title="bbox 530 2177 2104 2248; baseline 0.001 -17"><span class='ocrx_word' id='word_1_267' title='bbox 530 2178 586 2231; x_wconf 91' lang='lat' dir='ltr'><strong><em>in</em></strong></span> <span class='ocrx_word' id='word_1_268' title='bbox 613 2179 812 2242; x_wconf 86' lang='lat' dir='ltr'><strong><em>lacum,</em></strong></span> <span class='ocrx_word' id='word_1_269' title='bbox 851 2180 943 2231; x_wconf 88' lang='lat' dir='ltr'><strong><em>sed</em></strong></span> <span class='ocrx_word' id='word_1_270' title='bbox 974 2177 1086 2245; x_wconf 79' lang='lat' dir='ltr'><strong><em>jam</em></strong></span> <span class='ocrx_word' id='word_1_271' title='bbox 1119 2178 1378 2232; x_wconf 89' lang='lat' dir='ltr'><strong><em>reductus</em></strong></span> <span class='ocrx_word' id='word_1_272' title='bbox 1402 2186 1453 2233; x_wconf 90' lang='lat' dir='ltr'><strong><em>et</em></strong></span> <span class='ocrx_word' id='word_1_273' title='bbox 1487 2186 1678 2233; x_wconf 89' lang='lat' dir='ltr'><strong><em>erutus</em></strong></span> <span class='ocrx_word' id='word_1_274' title='bbox 1707 2194 1774 2232; x_wconf 84' lang='lat' dir='ltr'><strong><em>ex</em></strong></span> <span class='ocrx_word' id='word_1_275' title='bbox 1808 2193 1894 2241; x_wconf 91' lang='lat' dir='ltr'><strong><em>eo,</em></strong></span> <span class='ocrx_word' id='word_1_276' title='bbox 1925 2194 2104 2248; x_wconf 91' lang='lat' dir='ltr'><strong><em>neque</em></strong></span> 
     </span>
    </p>
   </div>
   <div class='ocr_carea' id='block_1_40' title="bbox 529 2269 2100 2339">
    <p class='ocr_par' dir='ltr' id='par_1_40' title="bbox 529 2269 2100 2339">
     <span class='ocr_line' id='line_1_40' title="bbox 529 2269 2100 2339; baseline 0 -15"><span class='ocrx_word' id='word_1_277' title='bbox 529 2269 730 2324; x_wconf 85' lang='lat' dir='ltr'><strong>similia</strong></span> <span class='ocrx_word' id='word_1_278' title='bbox 766 2284 962 2337; x_wconf 87' lang='lat' dir='ltr'><strong><em>passus</em></strong></span> <span class='ocrx_word' id='word_1_279' title='bbox 995 2270 1061 2324; x_wconf 89' lang='lat' dir='ltr'><strong><em>iis</em></strong></span> <span class='ocrx_word' id='word_1_280' title='bbox 1091 2270 1184 2339; x_wconf 90' lang='lat' dir='ltr'><strong><em>qui</em></strong></span> <span class='ocrx_word' id='word_1_281' title='bbox 1221 2285 1343 2324; x_wconf 90' lang='lat' dir='ltr'><strong><em>cum</em></strong></span> <span class='ocrx_word' id='word_1_282' title='bbox 1373 2270 1425 2322; x_wconf 91' lang='lat' dir='ltr'><strong><em>in</em></strong></span> <span class='ocrx_word' id='word_1_283' title='bbox 1458 2269 1634 2338; x_wconf 91' lang='lat' dir='ltr'><strong><em>ipsum</em></strong></span> <span class='ocrx_word' id='word_1_284' title='bbox 1665 2270 2100 2331; x_wconf 88' lang='lat' dir='ltr'><strong><em>descendissent,</em></strong></span> 
     </span>
    </p>
   </div>
   <div class='ocr_carea' id='block_1_41' title="bbox 529 2358 2103 2430">
    <p class='ocr_par' dir='ltr' id='par_1_41' title="bbox 529 2358 2103 2430">
     <span class='ocr_line' id='line_1_41' title="bbox 529 2358 2103 2430; baseline -0.001 -16"><span class='ocrx_word' id='word_1_285' title='bbox 529 2373 812 2429; x_wconf 90' lang='lat' dir='ltr'><strong><em>nunquam</em></strong></span> <span class='ocrx_word' id='word_1_286' title='bbox 842 2359 967 2414; x_wconf 91' lang='lat' dir='ltr'><strong><em>inde</em></strong></span> <span class='ocrx_word' id='word_1_287' title='bbox 1005 2370 1192 2430; x_wconf 89' lang='lat' dir='ltr'><strong><em>postea</em></strong></span> <span class='ocrx_word' id='word_1_288' title='bbox 1248 2368 1613 2414; x_wconf 74' lang='lat' dir='ltr'><strong><em>emerserunt.</em></strong></span> <span class='ocrx_word' id='word_1_289' title='bbox 1649 2358 1784 2412; x_wconf 85' lang='lat' dir='ltr'><strong><em>Nam</em></strong></span> <span class='ocrx_word' id='word_1_290' title='bbox 1815 2377 1938 2414; x_wconf 88' lang='lat' dir='ltr'><strong><em>cum</em></strong></span> <span class='ocrx_word' id='word_1_291' title='bbox 1991 2362 2103 2430; x_wconf 82' lang='lat' dir='ltr'><strong><em>pri-</em></strong></span> 
     </span>
    </p>
   </div>
   <div class='ocr_carea' id='block_1_42' title="bbox 531 2453 2102 2522">
    <p class='ocr_par' dir='ltr' id='par_1_42' title="bbox 531 2453 2102 2522">
     <span class='ocr_line' id='line_1_42' title="bbox 531 2453 2102 2522; baseline -0.001 -15"><span class='ocrx_word' id='word_1_292' title='bbox 531 2455 636 2509; x_wconf 85' lang='lat' dir='ltr'><strong><em>mis</em></strong></span> <span class='ocrx_word' id='word_1_293' title='bbox 671 2454 888 2508; x_wconf 89' lang='lat' dir='ltr'><strong><em>beatum</em></strong></span> <span class='ocrx_word' id='word_1_294' title='bbox 915 2461 999 2508; x_wconf 88' lang='lat' dir='ltr'><strong><em>est</em></strong></span> <span class='ocrx_word' id='word_1_295' title='bbox 1030 2469 1137 2506; x_wconf 91' lang='lat' dir='ltr'><strong><em>non</em></strong></span> <span class='ocrx_word' id='word_1_296' title='bbox 1162 2467 1425 2522; x_wconf 83' lang='lat' dir='ltr'><strong><em>peccare;</em></strong></span> <span class='ocrx_word' id='word_1_297' title='bbox 1463 2461 1517 2506; x_wconf 89' lang='lat' dir='ltr'><strong><em>at</em></strong></span> <span class='ocrx_word' id='word_1_298' title='bbox 1549 2454 1677 2522; x_wconf 87' lang='lat' dir='ltr'><strong>quia</strong></span> <span class='ocrx_word' id='word_1_299' title='bbox 1716 2453 1968 2506; x_wconf 73' lang='lat' dir='ltr'><strong><em>humana:</em></strong></span> <span class='ocrx_word' id='word_1_300' title='bbox 2003 2467 2102 2506; x_wconf 89' lang='lat' dir='ltr'><strong><em>na-</em></strong></span> 
     </span>
    </p>
   </div>
   <div class='ocr_carea' id='block_1_43' title="bbox 530 2545 2105 2617">
    <p class='ocr_par' dir='ltr' id='par_1_43' title="bbox 530 2545 2105 2617">
     <span class='ocr_line' id='line_1_43' title="bbox 530 2545 2105 2617; baseline 0.001 -19"><span class='ocrx_word' id='word_1_301' title='bbox 530 2555 669 2599; x_wconf 71' lang='lat' dir='ltr'><strong><em>tura:</em></strong></span> <span class='ocrx_word' id='word_1_302' title='bbox 699 2545 989 2600; x_wconf 79' lang='lat' dir='ltr'><strong><em>inﬁrmitas</em></strong></span> <span class='ocrx_word' id='word_1_303' title='bbox 1016 2547 1260 2617; x_wconf 87' lang='lat' dir='ltr'><strong><em>peccatis</em></strong></span> <span class='ocrx_word' id='word_1_304' title='bbox 1301 2545 1582 2614; x_wconf 80' lang='lat' dir='ltr'><strong><em>subjacet;</em></strong></span> <span class='ocrx_word' id='word_1_305' title='bbox 1640 2545 1938 2601; x_wconf 82' lang='lat' dir='ltr'><strong><em>secundam</em></strong></span> <span class='ocrx_word' id='word_1_306' title='bbox 1980 2545 2105 2616; x_wconf 89' lang='lat' dir='ltr'><strong>quis</strong></span> 
     </span>
    </p>
   </div>
   <div class='ocr_carea' id='block_1_44' title="bbox 532 2638 2102 2710">
    <p class='ocr_par' dir='ltr' id='par_1_44' title="bbox 532 2638 2102 2710">
     <span class='ocr_line' id='line_1_44' title="bbox 532 2638 2102 2710; baseline -0.001 -16"><span class='ocrx_word' id='word_1_307' title='bbox 532 2640 932 2710; x_wconf 83' lang='lat' dir='ltr'><strong><em>navigationem</em></strong></span> <span class='ocrx_word' id='word_1_308' title='bbox 963 2655 1085 2694; x_wconf 90' lang='lat' dir='ltr'><strong><em>esse</em></strong></span> <span class='ocrx_word' id='word_1_309' title='bbox 1117 2639 1342 2701; x_wconf 76' lang='lat' dir='ltr'><strong><em>dixerit,</em></strong></span> <span class='ocrx_word' id='word_1_310' title='bbox 1383 2638 1451 2691; x_wconf 90' lang='lat' dir='ltr'><strong><em>ad</em></strong></span> <span class='ocrx_word' id='word_1_311' title='bbox 1494 2639 1696 2693; x_wconf 91' lang='lat' dir='ltr'><strong><em>bonum</em></strong></span> <span class='ocrx_word' id='word_1_312' title='bbox 1733 2655 1792 2694; x_wconf 88' lang='lat' dir='ltr'><strong><em>se</em></strong></span> <span class='ocrx_word' id='word_1_313' title='bbox 1821 2653 2102 2702; x_wconf 87' lang='lat' dir='ltr'><strong><em>revocare,</em></strong></span> 
     </span>
    </p>
   </div>
   <div class='ocr_carea' id='block_1_45' title="bbox 531 2732 2104 2804">
    <p class='ocr_par' dir='ltr' id='par_1_45' title="bbox 531 2732 2104 2804">
     <span class='ocr_line' id='line_1_45' title="bbox 531 2732 2104 2804; baseline 0 -18"><span class='ocrx_word' id='word_1_314' title='bbox 531 2747 596 2788; x_wconf 84' lang='lat' dir='ltr'><strong><em>ac</em></strong></span> <span class='ocrx_word' id='word_1_315' title='bbox 620 2740 742 2804; x_wconf 90' lang='lat' dir='ltr'><strong><em>post</em></strong></span> <span class='ocrx_word' id='word_1_316' title='bbox 769 2733 1021 2786; x_wconf 88' lang='lat' dir='ltr'><strong><em>morbum</em></strong></span> <span class='ocrx_word' id='word_1_317' title='bbox 1053 2747 1174 2788; x_wconf 90' lang='lat' dir='ltr'><strong><em>sese</em></strong></span> <span class='ocrx_word' id='word_1_318' title='bbox 1197 2732 1493 2787; x_wconf 86' lang='lat' dir='ltr'><strong><em>restituere</em></strong></span> <span class='ocrx_word' id='word_1_319' title='bbox 1523 2745 1587 2785; x_wconf 88' lang='lat' dir='ltr'><strong><em>ac</em></strong></span> <span class='ocrx_word' id='word_1_320' title='bbox 1619 2732 1926 2787; x_wconf 84' lang='lat' dir='ltr'><strong><em>naturalem</em></strong></span> <span class='ocrx_word' id='word_1_321' title='bbox 1958 2733 2104 2786; x_wconf 89' lang='lat' dir='ltr'><strong><em>reci-</em></strong></span> 
     </span>
    </p>
   </div>
   <div class='ocr_carea' id='block_1_46' title="bbox 529 2827 990 2899">
    <p class='ocr_par' dir='ltr' id='par_1_46' title="bbox 529 2827 990 2899">
     <span class='ocr_line' id='line_1_46' title="bbox 529 2827 990 2899; baseline -0.004 -17"><span class='ocrx_word' id='word_1_322' title='bbox 529 2842 659 2899; x_wconf 86' lang='lat' dir='ltr'><strong><em>pere</em></strong></span> <span class='ocrx_word' id='word_1_323' title='bbox 681 2827 990 2883; x_wconf 87' lang='lat' dir='ltr'><strong><em>sanitatem.</em></strong></span> 
     </span>
    </p>
   </div>
   <div class='ocr_carea' id='block_1_47' title="bbox 597 3089 2108 3158">
    <p class='ocr_par' dir='ltr' id='par_1_47' title="bbox 597 3089 2108 3158">
     <span class='ocr_line' id='line_1_47' title="bbox 597 3089 2108 3158; baseline -0.003 -12"><span class='ocrx_word' id='word_1_324' title='bbox 597 3092 763 3148; x_wconf 74' lang='lat' dir='ltr'><strong><em>Vsns.</em></strong></span> <span class='ocrx_word' id='word_1_325' title='bbox 793 3093 847 3158; x_wconf 83' lang='lat'><strong><em>5,</em></strong></span> <span class='ocrx_word' id='word_1_326' title='bbox 883 3091 937 3146; x_wconf 86' lang='lat'><strong><em>6.</em></strong></span> <span class='ocrx_word' id='word_1_327' title='bbox 985 3091 1208 3146; x_wconf 86' lang='lat' dir='ltr'><strong><em>Psallite</em></strong></span> <span class='ocrx_word' id='word_1_328' title='bbox 1242 3091 1484 3155; x_wconf 89' lang='lat' dir='ltr'><strong><em>Domino,</em></strong></span> <span class='ocrx_word' id='word_1_329' title='bbox 1516 3090 1686 3144; x_wconf 79' lang='lat' dir='ltr'><strong><em>sancti</em></strong></span> <span class='ocrx_word' id='word_1_330' title='bbox 1735 3089 1869 3158; x_wconf 87' lang='lat' dir='ltr'><strong><em>ejus,</em></strong></span> <span class='ocrx_word' id='word_1_331' title='bbox 1910 3097 1958 3142; x_wconf 87' lang='lat' dir='ltr'><strong><em>et</em></strong></span> <span class='ocrx_word' id='word_1_332' title='bbox 1988 3105 2108 3142; x_wconf 85' lang='lat' dir='ltr'><strong><em>con-</em></strong></span> 
     </span>
    </p>
   </div>
   <div class='ocr_carea' id='block_1_48' title="bbox 535 3178 2106 3248">
    <p class='ocr_par' dir='ltr' id='par_1_48' title="bbox 535 3178 2106 3248">
     <span class='ocr_line' id='line_1_48' title="bbox 535 3178 2106 3248; baseline -0.004 -13"><span class='ocrx_word' id='word_1_333' title='bbox 535 3183 752 3236; x_wconf 69' lang='lat' dir='ltr'><strong><em>ﬁtemini</em></strong></span> <span class='ocrx_word' id='word_1_334' title='bbox 810 3181 1078 3234; x_wconf 76' lang='lat' dir='ltr'><strong><em>memoria:</em></strong></span> <span class='ocrx_word' id='word_1_335' title='bbox 1137 3182 1444 3234; x_wconf 86' lang='lat' dir='ltr'><strong><em>sanctitatis</em></strong></span> <span class='ocrx_word' id='word_1_336' title='bbox 1498 3179 1634 3248; x_wconf 86' lang='lat' dir='ltr'><strong><em>ejus.</em></strong></span> <span class='ocrx_word' id='word_1_337' title='bbox 1700 3178 1965 3244; x_wconf 79' lang='lat' dir='ltr'><strong><em>Quoniam</em></strong></span> <span class='ocrx_word' id='word_1_338' title='bbox 2020 3178 2106 3229; x_wconf 91' lang='lat' dir='ltr'><strong><em>ira</em></strong></span> 
     </span>
    </p>
   </div>
   <div class='ocr_carea' id='block_1_49' title="bbox 530 3267 2108 3343">
    <p class='ocr_par' dir='ltr' id='par_1_49' title="bbox 530 3267 2108 3343">
     <span class='ocr_line' id='line_1_49' title="bbox 530 3267 2108 3343; baseline -0.004 -16"><span class='ocrx_word' id='word_1_339' title='bbox 530 3275 586 3327; x_wconf 89' lang='lat' dir='ltr'><strong><em>in</em></strong></span> <span class='ocrx_word' id='word_1_340' title='bbox 639 3273 1001 3343; x_wconf 85' lang='lat' dir='ltr'><strong><em>indignatione</em></strong></span> <span class='ocrx_word' id='word_1_341' title='bbox 1051 3271 1188 3341; x_wconf 85' lang='lat' dir='ltr'><strong><em>ejus,</em></strong></span> <span class='ocrx_word' id='word_1_342' title='bbox 1258 3280 1307 3324; x_wconf 87' lang='lat' dir='ltr'><strong><em>et</em></strong></span> <span class='ocrx_word' id='word_1_343' title='bbox 1368 3272 1475 3324; x_wconf 88' lang='lat' dir='ltr'><strong><em>vita</em></strong></span> <span class='ocrx_word' id='word_1_344' title='bbox 1531 3272 1589 3322; x_wconf 88' lang='lat' dir='ltr'><strong><em>in</em></strong></span> <span class='ocrx_word' id='word_1_345' title='bbox 1638 3269 1909 3323; x_wconf 85' lang='lat' dir='ltr'><strong><em>voluntate</em></strong></span> <span class='ocrx_word' id='word_1_346' title='bbox 1967 3267 2108 3338; x_wconf 80' lang='lat' dir='ltr'><strong><em>ejus.</em></strong></span> 
     </span>
    </p>
   </div>
   <div class='ocr_carea' id='block_1_50' title="bbox 537 3361 2109 3435">
    <p class='ocr_par' dir='ltr' id='par_1_50' title="bbox 537 3361 2109 3435">
     <span class='ocr_line' id='line_1_50' title="bbox 537 3361 2109 3435; baseline -0.004 -17"><span class='ocrx_word' id='word_1_347' title='bbox 537 3363 715 3435; x_wconf 71' lang='lat' dir='ltr'><strong><em>Rogat</em></strong></span> <span class='ocrx_word' id='word_1_348' title='bbox 763 3371 823 3418; x_wconf 91' lang='lat' dir='ltr'><strong><em>ut</em></strong></span> <span class='ocrx_word' id='word_1_349' title='bbox 873 3363 978 3420; x_wconf 86' lang='lat' dir='ltr'><strong>sibi</strong></span> <span class='ocrx_word' id='word_1_350' title='bbox 1036 3362 1320 3433; x_wconf 77' lang='lat' dir='ltr'><strong><em>poenitenti</em></strong></span> <span class='ocrx_word' id='word_1_351' title='bbox 1378 3361 1850 3431; x_wconf 82' lang='lat' dir='ltr'><strong><em>congratulentur.</em></strong></span> <span class='ocrx_word' id='word_1_352' title='bbox 1891 3367 1944 3414; x_wconf 89' lang='lat' dir='ltr'><strong><em>et</em></strong></span> <span class='ocrx_word' id='word_1_353' title='bbox 1979 3373 2109 3412; x_wconf 87' lang='lat' dir='ltr'><strong><em>con-</em></strong></span> 
     </span>
    </p>
   </div>
   <div class='ocr_carea' id='block_1_51' title="bbox 533 3449 2106 3524">
    <p class='ocr_par' dir='ltr' id='par_1_51' title="bbox 533 3449 2106 3524">
     <span class='ocr_line' id='line_1_51' title="bbox 533 3449 2106 3524; baseline -0.005 -14"><span class='ocrx_word' id='word_1_354' title='bbox 533 3456 814 3519; x_wconf 82' lang='lat' dir='ltr'><strong><em>ﬁteantur,</em></strong></span> <span class='ocrx_word' id='word_1_355' title='bbox 858 3455 911 3509; x_wconf 89' lang='lat' dir='ltr'><strong><em>id</em></strong></span> <span class='ocrx_word' id='word_1_356' title='bbox 959 3462 1064 3516; x_wconf 89' lang='lat' dir='ltr'><strong><em>est,</em></strong></span> <span class='ocrx_word' id='word_1_357' title='bbox 1113 3452 1319 3524; x_wconf 83' lang='lat' dir='ltr'><strong><em>gratias</em></strong></span> <span class='ocrx_word' id='word_1_358' title='bbox 1366 3461 1530 3521; x_wconf 80' lang='lat' dir='ltr'><strong><em>agant</em></strong></span> <span class='ocrx_word' id='word_1_359' title='bbox 1560 3449 1835 3504; x_wconf 69' lang='lat' dir='ltr'><strong><em>memoria:</em></strong></span> <span class='ocrx_word' id='word_1_360' title='bbox 1896 3449 2106 3504; x_wconf 85' lang='lat' dir='ltr'><strong><em>sancti-</em></strong></span> 
     </span>
    </p>
   </div>
   <div class='ocr_carea' id='block_1_52' title="bbox 531 3540 2104 3617">
    <p class='ocr_par' dir='ltr' id='par_1_52' title="bbox 531 3540 2104 3617">
     <span class='ocr_line' id='line_1_52' title="bbox 531 3540 2104 3617; baseline -0.006 -16"><span class='ocrx_word' id='word_1_361' title='bbox 531 3549 663 3602; x_wconf 90' lang='lat' dir='ltr'><strong>tatis</strong></span> <span class='ocrx_word' id='word_1_362' title='bbox 692 3547 853 3617; x_wconf 79' lang='lat' dir='ltr'><strong><em>ejus;</em></strong></span> <span class='ocrx_word' id='word_1_363' title='bbox 907 3559 971 3599; x_wconf 91' lang='lat' dir='ltr'><strong><em>ac</em></strong></span> <span class='ocrx_word' id='word_1_364' title='bbox 1022 3544 1068 3598; x_wconf 88' lang='lat' dir='ltr'><strong><em>si</em></strong></span> <span class='ocrx_word' id='word_1_365' title='bbox 1102 3543 1332 3603; x_wconf 88' lang='lat' dir='ltr'><strong><em>diceret,</em></strong></span> <span class='ocrx_word' id='word_1_366' title='bbox 1378 3549 1438 3594; x_wconf 87' lang='lat' dir='ltr'><strong><em>ut</em></strong></span> <span class='ocrx_word' id='word_1_367' title='bbox 1473 3540 1791 3595; x_wconf 88' lang='lat' dir='ltr'><strong><em>memoriam</em></strong></span> <span class='ocrx_word' id='word_1_368' title='bbox 1823 3540 2104 3602; x_wconf 79' lang='lat' dir='ltr'><strong><em>refricent,</em></strong></span> 
     </span>
    </p>
   </div>
   <div class='ocr_carea' id='block_1_53' title="bbox 531 3631 2106 3710">
    <p class='ocr_par' dir='ltr' id='par_1_53' title="bbox 531 3631 2106 3710">
     <span class='ocr_line' id='line_1_53' title="bbox 531 3631 2106 3710; baseline -0.008 -14"><span class='ocrx_word' id='word_1_369' title='bbox 531 3655 710 3710; x_wconf 89' lang='lat' dir='ltr'><strong><em>neque</em></strong></span> <span class='ocrx_word' id='word_1_370' title='bbox 753 3637 1154 3692; x_wconf 89' lang='lat' dir='ltr'><strong><em>obliviscantur</em></strong></span> <span class='ocrx_word' id='word_1_371' title='bbox 1186 3635 1454 3689; x_wconf 89' lang='lat' dir='ltr'><strong><em>bonorum</em></strong></span> <span class='ocrx_word' id='word_1_372' title='bbox 1500 3648 1622 3703; x_wconf 78' lang='lat' dir='ltr'><strong><em>quae</em></strong></span> <span class='ocrx_word' id='word_1_373' title='bbox 1652 3632 1970 3686; x_wconf 88' lang='lat' dir='ltr'><strong><em>hominibus</em></strong></span> <span class='ocrx_word' id='word_1_374' title='bbox 2002 3631 2106 3684; x_wconf 89' lang='lat' dir='ltr'><strong><em>Do-</em></strong></span> 
     </span>
    </p>
   </div>
   <div class='ocr_carea' id='block_1_54' title="bbox 532 3726 2109 3798">
    <p class='ocr_par' dir='ltr' id='par_1_54' title="bbox 532 3726 2109 3798">
     <span class='ocr_line' id='line_1_54' title="bbox 532 3726 2109 3798; baseline -0.008 -10"><span class='ocrx_word' id='word_1_375' title='bbox 532 3735 716 3788; x_wconf 88' lang='lat' dir='ltr'><strong><em>minus</em></strong></span> <span class='ocrx_word' id='word_1_376' title='bbox 756 3729 1212 3784; x_wconf 72' lang='lat' dir='ltr'><strong><em>subministravit.</em></strong></span> <span class='ocrx_word' id='word_1_377' title='bbox 1246 3726 1384 3782; x_wconf 89' lang='lat' dir='ltr'><strong><em>Cum</em></strong></span> <span class='ocrx_word' id='word_1_378' title='bbox 1427 3726 1619 3798; x_wconf 86' lang='lat' dir='ltr'><strong><em>primis</em></strong></span> <span class='ocrx_word' id='word_1_379' title='bbox 1673 3734 1853 3778; x_wconf 89' lang='lat' dir='ltr'><strong><em>autem</em></strong></span> <span class='ocrx_word' id='word_1_380' title='bbox 1889 3739 1987 3794; x_wconf 90' lang='lat' dir='ltr'><strong><em>par</em></strong></span> <span class='ocrx_word' id='word_1_381' title='bbox 2024 3731 2109 3778; x_wconf 90' lang='lat' dir='ltr'><strong><em>est</em></strong></span> 
     </span>
    </p>
   </div>
   <div class='ocr_carea' id='block_1_55' title="bbox 531 3814 2109 3895">
    <p class='ocr_par' dir='ltr' id='par_1_55' title="bbox 531 3814 2109 3895">
     <span class='ocr_line' id='line_1_55' title="bbox 531 3814 2109 3895; baseline -0.007 -18"><span class='ocrx_word' id='word_1_382' title='bbox 531 3823 830 3895; x_wconf 71' lang='lat' dir='ltr'><strong><em>gratiarum</em></strong></span> <span class='ocrx_word' id='word_1_383' title='bbox 891 3820 1202 3874; x_wconf 85' lang='lat' dir='ltr'><strong><em>actionibus</em></strong></span> <span class='ocrx_word' id='word_1_384' title='bbox 1254 3819 1535 3881; x_wconf 89' lang='lat' dir='ltr'><strong><em>insistere,</em></strong></span> <span class='ocrx_word' id='word_1_385' title='bbox 1591 3830 1863 3870; x_wconf 86' lang='lat' dir='ltr'><strong><em>memores</em></strong></span> <span class='ocrx_word' id='word_1_386' title='bbox 1910 3814 2109 3868; x_wconf 66' lang='lat' dir='ltr'><strong><em>divina:</em></strong></span> 
     </span>
    </p>
   </div>
   <div class='ocr_carea' id='block_1_56' title="bbox 533 3907 2108 3984">
    <p class='ocr_par' dir='ltr' id='par_1_56' title="bbox 533 3907 2108 3984">
     <span class='ocr_line' id='line_1_56' title="bbox 533 3907 2108 3984; baseline -0.007 -15"><span class='ocrx_word' id='word_1_387' title='bbox 533 3912 908 3984; x_wconf 80' lang='lat' dir='ltr'><strong><em>benignitatis,</em></strong></span> <span class='ocrx_word' id='word_1_388' title='bbox 944 3927 1065 3981; x_wconf 75' lang='lat' dir='ltr'><strong><em>utne</em></strong></span> <span class='ocrx_word' id='word_1_389' title='bbox 1103 3917 1254 3963; x_wconf 90' lang='lat' dir='ltr'><strong><em>tanta</em></strong></span> <span class='ocrx_word' id='word_1_390' title='bbox 1289 3916 1394 3972; x_wconf 90' lang='lat' dir='ltr'><strong><em>est,</em></strong></span> <span class='ocrx_word' id='word_1_391' title='bbox 1430 3919 1488 3962; x_wconf 89' lang='lat' dir='ltr'><strong><em>ut</em></strong></span> <span class='ocrx_word' id='word_1_392' title='bbox 1517 3922 1796 3978; x_wconf 84' lang='lat' dir='ltr'><strong><em>nunquam</em></strong></span> <span class='ocrx_word' id='word_1_393' title='bbox 1838 3907 1967 3960; x_wconf 84' lang='lat' dir='ltr'><strong><em>velit</em></strong></span> <span class='ocrx_word' id='word_1_394' title='bbox 1998 3921 2108 3959; x_wconf 88' lang='lat' dir='ltr'><strong><em>ma-</em></strong></span> 
     </span>
    </p>
   </div>
   <div class='ocr_carea' id='block_1_57' title="bbox 532 3999 2109 4068">
    <p class='ocr_par' dir='ltr' id='par_1_57' title="bbox 532 3999 2109 4068">
     <span class='ocr_line' id='line_1_57' title="bbox 532 3999 2109 4068; baseline -0.006 -9"><span class='ocrx_word' id='word_1_395' title='bbox 532 4005 645 4060; x_wconf 91' lang='lat' dir='ltr'><strong><em>lum</em></strong></span> <span class='ocrx_word' id='word_1_396' title='bbox 673 4004 990 4058; x_wconf 85' lang='lat' dir='ltr'><strong><em>hominibus</em></strong></span> <span class='ocrx_word' id='word_1_397' title='bbox 1019 4002 1301 4055; x_wconf 83' lang='lat' dir='ltr'><strong><em>obvenire.</em></strong></span> <span class='ocrx_word' id='word_1_398' title='bbox 1344 3999 1501 4066; x_wconf 83' lang='lat' dir='ltr'><strong><em>Quod</em></strong></span> <span class='ocrx_word' id='word_1_399' title='bbox 1532 4001 1579 4055; x_wconf 91' lang='lat' dir='ltr'><strong><em>si</em></strong></span> <span class='ocrx_word' id='word_1_400' title='bbox 1605 4000 1890 4068; x_wconf 83' lang='lat' dir='ltr'><strong><em>contingat</em></strong></span> <span class='ocrx_word' id='word_1_401' title='bbox 1917 4011 2109 4067; x_wconf 86' lang='lat' dir='ltr'><strong><em>quem-</em></strong></span> 
     </span>
    </p>
   </div>
   <div class='ocr_carea' id='block_1_58' title="bbox 532 4091 2107 4168">
    <p class='ocr_par' dir='ltr' id='par_1_58' title="bbox 532 4091 2107 4168">
     <span class='ocr_line' id='line_1_58' title="bbox 532 4091 2107 4168; baseline -0.006 -18"><span class='ocrx_word' id='word_1_402' title='bbox 532 4098 678 4168; x_wconf 88' lang='lat' dir='ltr'><strong><em>piam</em></strong></span> <span class='ocrx_word' id='word_1_403' title='bbox 701 4097 772 4150; x_wconf 90' lang='lat' dir='ltr'><strong><em>ob</em></strong></span> <span class='ocrx_word' id='word_1_404' title='bbox 795 4094 1074 4164; x_wconf 85' lang='lat' dir='ltr'><strong><em>propriam</em></strong></span> <span class='ocrx_word' id='word_1_405' title='bbox 1105 4092 1510 4162; x_wconf 87' lang='lat' dir='ltr'><strong><em>improbitatem</em></strong></span> <span class='ocrx_word' id='word_1_406' title='bbox 1539 4091 1902 4161; x_wconf 87' lang='lat' dir='ltr'><strong><em>castigatione</em></strong></span> <span class='ocrx_word' id='word_1_407' title='bbox 1927 4103 2107 4159; x_wconf 79' lang='lat' dir='ltr'><strong><em>egere,</em></strong></span> 
     </span>
    </p>
   </div>
   <div class='ocr_carea' id='block_1_59' title="bbox 533 4182 2106 4260">
    <p class='ocr_par' dir='ltr' id='par_1_59' title="bbox 533 4182 2106 4260">
     <span class='ocr_line' id='line_1_59' title="bbox 533 4182 2106 4260; baseline -0.004 -18"><span class='ocrx_word' id='word_1_408' title='bbox 533 4189 651 4260; x_wconf 89' lang='lat' dir='ltr'><strong><em>ipse</em></strong></span> <span class='ocrx_word' id='word_1_409' title='bbox 681 4188 785 4243; x_wconf 89' lang='lat' dir='ltr'><strong><em>sibi</em></strong></span> <span class='ocrx_word' id='word_1_410' title='bbox 813 4189 946 4240; x_wconf 88' lang='lat' dir='ltr'><strong><em>iram</em></strong></span> <span class='ocrx_word' id='word_1_411' title='bbox 973 4184 1368 4254; x_wconf 85' lang='lat' dir='ltr'><strong><em>indignationis</em></strong></span> <span class='ocrx_word' id='word_1_412' title='bbox 1398 4191 1680 4254; x_wconf 88' lang='lat' dir='ltr'><strong><em>procurat.</em></strong></span> <span class='ocrx_word' id='word_1_413' title='bbox 1706 4182 1867 4237; x_wconf 88' lang='lat' dir='ltr'><strong><em>Certe</em></strong></span> <span class='ocrx_word' id='word_1_414' title='bbox 1908 4183 2106 4236; x_wconf 77' lang='lat' dir='ltr'><strong><em>volun-</em></strong></span> 
     </span>
    </p>
   </div>
   <div class='ocr_carea' id='block_1_60' title="bbox 539 4273 2105 4342">
    <p class='ocr_par' dir='ltr' id='par_1_60' title="bbox 539 4273 2105 4342">
     <span class='ocr_line' id='line_1_60' title="bbox 539 4273 2105 4342; baseline -0.003 -9"><span class='ocrx_word' id='word_1_415' title='bbox 539 4290 627 4334; x_wconf 91' lang='lat' dir='ltr'><strong><em>tas</em></strong></span> <span class='ocrx_word' id='word_1_416' title='bbox 654 4277 747 4334; x_wconf 88' lang='lat' dir='ltr'><strong><em>Dei</em></strong></span> <span class='ocrx_word' id='word_1_417' title='bbox 782 4294 892 4332; x_wconf 89' lang='lat' dir='ltr'><strong><em>nou</em></strong></span> <span class='ocrx_word' id='word_1_418' title='bbox 927 4286 1159 4332; x_wconf 87' lang='lat' dir='ltr'><strong><em>mortem</em></strong></span> <span class='ocrx_word' id='word_1_419' title='bbox 1181 4275 1519 4334; x_wconf 84' lang='lat' dir='ltr'><strong><em>hominibus,</em></strong></span> <span class='ocrx_word' id='word_1_420' title='bbox 1544 4274 1639 4329; x_wconf 89' lang='lat' dir='ltr'><strong><em>sed</em></strong></span> <span class='ocrx_word' id='word_1_421' title='bbox 1673 4273 1838 4326; x_wconf 85' lang='lat' dir='ltr'><strong><em>vitam</em></strong></span> <span class='ocrx_word' id='word_1_422' title='bbox 1881 4274 2105 4342; x_wconf 80' lang='lat' dir='ltr'><strong><em>expetit.</em></strong></span> 
     </span>
    </p>
   </div>
   <div class='ocr_carea' id='block_1_61' title="bbox 537 4365 2108 4440">
    <p class='ocr_par' dir='ltr' id='par_1_61' title="bbox 537 4365 2108 4440">
     <span class='ocr_line' id='line_1_61' title="bbox 537 4365 2108 4440; baseline -0.005 -14"><span class='ocrx_word' id='word_1_423' title='bbox 537 4373 721 4440; x_wconf 86' lang='lat' dir='ltr'><strong><em>Quare</em></strong></span> <span class='ocrx_word' id='word_1_424' title='bbox 751 4373 859 4427; x_wconf 89' lang='lat' dir='ltr'><strong><em>alio</em></strong></span> <span class='ocrx_word' id='word_1_425' title='bbox 885 4373 938 4426; x_wconf 92' lang='lat' dir='ltr'><strong><em>in</em></strong></span> <span class='ocrx_word' id='word_1_426' title='bbox 971 4374 1091 4428; x_wconf 90' lang='lat' dir='ltr'><strong><em>loco</em></strong></span> <span class='ocrx_word' id='word_1_427' title='bbox 1126 4372 1328 4426; x_wconf 88' lang='lat' dir='ltr'><strong><em>dicitur</em></strong></span> <span class='ocrx_word' id='word_1_428' title='bbox 1361 4387 1374 4422; x_wconf 90' lang='lat'><strong>:</strong></span> <span class='ocrx_word' id='word_1_429' title='bbox 1417 4368 1542 4421; x_wconf 78' lang='lat' dir='ltr'><strong><em>Vivo</em></strong></span> <span class='ocrx_word' id='word_1_430' title='bbox 1583 4383 1699 4437; x_wconf 83' lang='lat' dir='ltr'><strong><em>ego,</em></strong></span> <span class='ocrx_word' id='word_1_431' title='bbox 1746 4365 1874 4419; x_wconf 84' lang='lat' dir='ltr'><strong><em>dicit</em></strong></span> <span class='ocrx_word' id='word_1_432' title='bbox 1927 4366 2108 4426; x_wconf 86' lang='lat' dir='ltr'><strong><em>Domi-</em></strong></span> 
     </span>
    </p>
   </div>
   <div class='ocr_carea' id='block_1_62' title="bbox 2204 1899 3792 1972">
    <p class='ocr_par' dir='ltr' id='par_1_62' title="bbox 2204 1899 3792 1972">
     <span class='ocr_line' id='line_1_62' title="bbox 2204 1899 3792 1972; baseline -0.006 -14"><span class='ocrx_word' id='word_1_433' title='bbox 2204 1906 2356 1972; x_wconf 75' lang='grc' dir='ltr'><strong><em>Πρὸς</em></strong></span> <span class='ocrx_word' id='word_1_434' title='bbox 2407 1903 2517 1963; x_wconf 85' lang='grc' dir='ltr'>σὲ,</span> <span class='ocrx_word' id='word_1_435' title='bbox 2562 1905 2757 1971; x_wconf 78' lang='grc' dir='ltr'>Κύριε,</span> <span class='ocrx_word' id='word_1_436' title='bbox 2797 1900 3182 1970; x_wconf 74' lang='grc' dir='ltr'>κεκράξομαι,</span> <span class='ocrx_word' id='word_1_437' title='bbox 3235 1903 3267 1954; x_wconf 73' lang='grc' dir='ltr'><em>ὁ</em></span> <span class='ocrx_word' id='word_1_438' title='bbox 3313 1901 3457 1964; x_wconf 82' lang='grc' dir='ltr'>Θεός</span> <span class='ocrx_word' id='word_1_439' title='bbox 3498 1917 3656 1969; x_wconf 83' lang='grc' dir='ltr'>μου,</span> <span class='ocrx_word' id='word_1_440' title='bbox 3698 1899 3792 1969; x_wconf 69' lang='grc' dir='ltr'><strong><em>μὴ</em></strong></span> 
     </span>
    </p>
   </div>
   <div class='ocr_carea' id='block_1_63' title="bbox 2203 1990 3794 2064">
    <p class='ocr_par' dir='ltr' id='par_1_63' title="bbox 2203 1990 3794 2064">
     <span class='ocr_line' id='line_1_63' title="bbox 2203 1990 3794 2064; baseline -0.003 -16"><span class='ocrx_word' id='word_1_441' title='bbox 2203 1995 2682 2064; x_wconf 76' lang='grc' dir='ltr'>παρασιωπήσῃς</span> <span class='ocrx_word' id='word_1_442' title='bbox 2715 1995 2816 2049; x_wconf 79' lang='grc' dir='ltr'><strong><em>ἀπ’</em></strong></span> <span class='ocrx_word' id='word_1_443' title='bbox 2850 1993 3016 2064; x_wconf 80' lang='grc' dir='ltr'>ἐμοῦ,</span> <span class='ocrx_word' id='word_1_444' title='bbox 3041 1992 3273 2063; x_wconf 77' lang='grc' dir='ltr'>μήποτε</span> <span class='ocrx_word' id='word_1_445' title='bbox 3305 1990 3794 2059; x_wconf 74' lang='grc' dir='ltr'>παρασιωπήσῃς</span> 
     </span>
    </p>
   </div>
   <div class='ocr_carea' id='block_1_64' title="bbox 2202 2082 3795 2158">
    <p class='ocr_par' dir='ltr' id='par_1_64' title="bbox 2202 2082 3795 2158">
     <span class='ocr_line' id='line_1_64' title="bbox 2202 2082 3795 2158; baseline -0.006 -15"><span class='ocrx_word' id='word_1_446' title='bbox 2202 2089 2302 2143; x_wconf 76' lang='grc' dir='ltr'><strong><em>ἀπ’</em></strong></span> <span class='ocrx_word' id='word_1_447' title='bbox 2337 2089 2518 2158; x_wconf 82' lang='grc' dir='ltr'><strong><em>ἐμοῦ,</em></strong></span> <span class='ocrx_word' id='word_1_448' title='bbox 2555 2090 2654 2140; x_wconf 87' lang='grc' dir='ltr'><em>καὶ</em></span> <span class='ocrx_word' id='word_1_449' title='bbox 2689 2087 3127 2156; x_wconf 71' lang='grc' dir='ltr'>όμοιωθήσομαι</span> <span class='ocrx_word' id='word_1_450' title='bbox 3159 2084 3279 2148; x_wconf 77' lang='grc' dir='ltr'>τοῖς</span> <span class='ocrx_word' id='word_1_451' title='bbox 3314 2082 3795 2137; x_wconf 76' lang='grc' dir='ltr'>καταϐαίνουσιν</span> 
     </span>
    </p>
   </div>
   <div class='ocr_carea' id='block_1_65' title="bbox 2202 2174 3794 2250">
    <p class='ocr_par' dir='ltr' id='par_1_65' title="bbox 2202 2174 3794 2250">
     <span class='ocr_line' id='line_1_65' title="bbox 2202 2174 3794 2250; baseline -0.004 -14"><span class='ocrx_word' id='word_1_452' title='bbox 2202 2185 2290 2248; x_wconf 78' lang='grc' dir='ltr'>εἰς</span> <span class='ocrx_word' id='word_1_453' title='bbox 2318 2181 2565 2236; x_wconf 76' lang='grc' dir='ltr'><em>λάκκον.</em></span> <span class='ocrx_word' id='word_1_454' title='bbox 2614 2180 2751 2233; x_wconf 81' lang='grc' dir='ltr'>Ἀλλ’</span> <span class='ocrx_word' id='word_1_455' title='bbox 2785 2181 2911 2232; x_wconf 69' lang='grc' dir='ltr'>ἐπεὶ</span> <span class='ocrx_word' id='word_1_456' title='bbox 2947 2179 3044 2250; x_wconf 80' lang='grc' dir='ltr'><strong><em>μὲν</em></strong></span> <span class='ocrx_word' id='word_1_457' title='bbox 3077 2178 3248 2230; x_wconf 85' lang='grc' dir='ltr'>ταῦτα</span> <span class='ocrx_word' id='word_1_458' title='bbox 3285 2175 3509 2246; x_wconf 76' lang='grc' dir='ltr'>ηῦχετοο</span> <span class='ocrx_word' id='word_1_459' title='bbox 3548 2174 3794 2229; x_wconf 75' lang='grc' dir='ltr'>ἐνταῦθα.</span> 
     </span>
    </p>
   </div>
   <div class='ocr_carea' id='block_1_66' title="bbox 2203 2264 3794 2346">
    <p class='ocr_par' dir='ltr' id='par_1_66' title="bbox 2203 2264 3794 2346">
     <span class='ocr_line' id='line_1_66' title="bbox 2203 2264 3794 2346; baseline -0.007 -19"><span class='ocrx_word' id='word_1_460' title='bbox 2203 2274 2260 2328; x_wconf 79' lang='grc' dir='ltr'>δὲ</span> <span class='ocrx_word' id='word_1_461' title='bbox 2277 2276 2585 2346; x_wconf 80' lang='grc' dir='ltr'>εὐχαριστεῖ</span> <span class='ocrx_word' id='word_1_462' title='bbox 2607 2273 2681 2336; x_wconf 80' lang='grc' dir='ltr'>ὡς</span> <span class='ocrx_word' id='word_1_463' title='bbox 2705 2271 3050 2341; x_wconf 70' lang='grc' dir='ltr'>κατενεχθεὶς</span> <span class='ocrx_word' id='word_1_464' title='bbox 3069 2271 3326 2342; x_wconf 83' lang='grc' dir='ltr'>πρότερον</span> <span class='ocrx_word' id='word_1_465' title='bbox 3347 2269 3438 2321; x_wconf 75' lang='grc' dir='ltr'><strong><em>καὶ</em></strong></span> <span class='ocrx_word' id='word_1_466' title='bbox 3458 2264 3794 2320; x_wconf 65' lang='grc' dir='ltr'>καταπεσὼν</span> 
     </span>
    </p>
   </div>
   <div class='ocr_carea' id='block_1_67' title="bbox 2205 2358 3794 2434">
    <p class='ocr_par' dir='ltr' id='par_1_67' title="bbox 2205 2358 3794 2434">
     <span class='ocr_line' id='line_1_67' title="bbox 2205 2358 3794 2434; baseline -0.006 -16"><span class='ocrx_word' id='word_1_467' title='bbox 2205 2367 2284 2430; x_wconf 81' lang='grc' dir='ltr'><strong><em>εἰς</em></strong></span> <span class='ocrx_word' id='word_1_468' title='bbox 2315 2366 2407 2418; x_wconf 77' lang='grc' dir='ltr'>τὸν</span> <span class='ocrx_word' id='word_1_469' title='bbox 2440 2365 2659 2426; x_wconf 79' lang='grc' dir='ltr'><em>λάκκον,</em></span> <span class='ocrx_word' id='word_1_470' title='bbox 2682 2363 2988 2434; x_wconf 74' lang='grc' dir='ltr'><strong><em>ἀνενεχθεὶς</em></strong></span> <span class='ocrx_word' id='word_1_471' title='bbox 3015 2363 3072 2415; x_wconf 79' lang='grc' dir='ltr'><strong><em>δὲ</em></strong></span> <span class='ocrx_word' id='word_1_472' title='bbox 3096 2361 3255 2416; x_wconf 78' lang='grc' dir='ltr'>πάλιν</span> <span class='ocrx_word' id='word_1_473' title='bbox 3282 2360 3376 2414; x_wconf 77' lang='grc' dir='ltr'><strong><em>καὶ</em></strong></span> <span class='ocrx_word' id='word_1_474' title='bbox 3397 2358 3699 2422; x_wconf 74' lang='grc' dir='ltr'><strong><em>ἀνασωθεὶς</em></strong></span> <span class='ocrx_word' id='word_1_475' title='bbox 3729 2358 3794 2424; x_wconf 74' lang='grc' dir='ltr'><strong><em>ἐξ</em></strong></span> 
     </span>
    </p>
   </div>
   <div class='ocr_carea' id='block_1_68' title="bbox 2205 2448 3794 2526">
    <p class='ocr_par' dir='ltr' id='par_1_68' title="bbox 2205 2448 3794 2526">
     <span class='ocr_line' id='line_1_68' title="bbox 2205 2448 3794 2526; baseline -0.007 -17"><span class='ocrx_word' id='word_1_476' title='bbox 2205 2455 2390 2519; x_wconf 83' lang='grc' dir='ltr'>αὑτοῦ,</span> <span class='ocrx_word' id='word_1_477' title='bbox 2421 2456 2515 2510; x_wconf 77' lang='grc' dir='ltr'><strong><em>καὶ</em></strong></span> <span class='ocrx_word' id='word_1_478' title='bbox 2545 2455 2619 2526; x_wconf 83' lang='grc' dir='ltr'>μὴ</span> <span class='ocrx_word' id='word_1_479' title='bbox 2647 2453 2820 2522; x_wconf 68' lang='grc' dir='ltr'>ταῦτα</span> <span class='ocrx_word' id='word_1_480' title='bbox 2853 2452 3042 2506; x_wconf 85' lang='grc' dir='ltr'>παθὼν</span> <span class='ocrx_word' id='word_1_481' title='bbox 3073 2455 3182 2515; x_wconf 81' lang='grc' dir='ltr'>τοῖς</span> <span class='ocrx_word' id='word_1_482' title='bbox 3217 2449 3652 2519; x_wconf 83' lang='grc' dir='ltr'>καταϐεϐηκόσιν</span> <span class='ocrx_word' id='word_1_483' title='bbox 3689 2448 3794 2518; x_wconf 74' lang='grc' dir='ltr'><strong><em>μὲν</em></strong></span> 
     </span>
    </p>
   </div>
   <div class='ocr_carea' id='block_1_69' title="bbox 2205 2539 3792 2616">
    <p class='ocr_par' dir='ltr' id='par_1_69' title="bbox 2205 2539 3792 2616">
     <span class='ocr_line' id='line_1_69' title="bbox 2205 2539 3792 2616; baseline -0.007 -16"><span class='ocrx_word' id='word_1_484' title='bbox 2205 2551 2284 2610; x_wconf 77' lang='grc' dir='ltr'>είς</span> <span class='ocrx_word' id='word_1_485' title='bbox 2321 2546 2503 2609; x_wconf 80' lang='grc' dir='ltr'>αὑτὸν,</span> <span class='ocrx_word' id='word_1_486' title='bbox 2554 2545 2628 2616; x_wconf 82' lang='grc' dir='ltr'>μὴ</span> <span class='ocrx_word' id='word_1_487' title='bbox 2674 2543 3041 2614; x_wconf 87' lang='grc' dir='ltr'>ἀναϐεϐηκόσι</span> <span class='ocrx_word' id='word_1_488' title='bbox 3086 2541 3172 2595; x_wconf 83' lang='grc' dir='ltr'><strong><em>δέ·</em></strong></span> <span class='ocrx_word' id='word_1_489' title='bbox 3210 2539 3634 2612; x_wconf 77' lang='grc' dir='ltr'><strong><em>προηγουμένως</em></strong></span> <span class='ocrx_word' id='word_1_490' title='bbox 3679 2539 3792 2609; x_wconf 77' lang='grc' dir='ltr'>γὰρ</span> 
     </span>
    </p>
   </div>
   <div class='ocr_carea' id='block_1_70' title="bbox 2210 2630 3792 2712">
    <p class='ocr_par' dir='ltr' id='par_1_70' title="bbox 2210 2630 3792 2712">
     <span class='ocr_line' id='line_1_70' title="bbox 2210 2630 3792 2712; baseline -0.006 -21"><span class='ocrx_word' id='word_1_491' title='bbox 2210 2638 2478 2708; x_wconf 77' lang='grc' dir='ltr'>μακάριον</span> <span class='ocrx_word' id='word_1_492' title='bbox 2517 2637 2577 2689; x_wconf 80' lang='grc' dir='ltr'><strong><em>τὸ</em></strong></span> <span class='ocrx_word' id='word_1_493' title='bbox 2619 2636 2693 2706; x_wconf 81' lang='grc' dir='ltr'>μὴ</span> <span class='ocrx_word' id='word_1_494' title='bbox 2734 2636 3036 2706; x_wconf 72' lang='grc' dir='ltr'>ἁμαρτεῖνο</span> <span class='ocrx_word' id='word_1_495' title='bbox 3087 2632 3274 2703; x_wconf 76' lang='grc' dir='ltr'>ἐπειδὴ</span> <span class='ocrx_word' id='word_1_496' title='bbox 3387 2630 3637 2684; x_wconf 80' lang='grc' dir='ltr'>ἀσθένεια</span> <span class='ocrx_word' id='word_1_497' title='bbox 3686 2630 3792 2700; x_wconf 77' lang='grc' dir='ltr'>τῆς</span> 
     </span>
    </p>
   </div>
   <div class='ocr_carea' id='block_1_71' title="bbox 2206 2722 3791 2799">
    <p class='ocr_par' dir='ltr' id='par_1_71' title="bbox 2206 2722 3791 2799">
     <span class='ocr_line' id='line_1_71' title="bbox 2206 2722 3791 2799; baseline -0.006 -17"><span class='ocrx_word' id='word_1_498' title='bbox 2206 2729 2553 2799; x_wconf 80' lang='grc' dir='ltr'><strong><em>ἀνθρωπίνης</em></strong></span> <span class='ocrx_word' id='word_1_499' title='bbox 2581 2729 2794 2798; x_wconf 78' lang='grc' dir='ltr'>φύσεως</span> <span class='ocrx_word' id='word_1_500' title='bbox 2823 2727 3030 2789; x_wconf 78' lang='grc' dir='ltr'>τούτοις</span> <span class='ocrx_word' id='word_1_501' title='bbox 3076 2725 3377 2787; x_wconf 78' lang='grc' dir='ltr'>ὑπόκειται,</span> <span class='ocrx_word' id='word_1_502' title='bbox 3407 2722 3684 2793; x_wconf 78' lang='grc' dir='ltr'>δεύτερος,</span> <span class='ocrx_word' id='word_1_503' title='bbox 3713 2722 3791 2785; x_wconf 76' lang='grc' dir='ltr'>ὡς</span> 
     </span>
    </p>
   </div>
   <div class='ocr_carea' id='block_1_72' title="bbox 2205 2811 3791 2884">
    <p class='ocr_par' dir='ltr' id='par_1_72' title="bbox 2205 2811 3791 2884">
     <span class='ocr_line' id='line_1_72' title="bbox 2205 2811 3791 2884; baseline -0.006 -12"><span class='ocrx_word' id='word_1_504' title='bbox 2205 2817 2272 2872; x_wconf 82' lang='grc' dir='ltr'><strong><em>ἂν</em></strong></span> <span class='ocrx_word' id='word_1_505' title='bbox 2298 2819 2440 2871; x_wconf 79' lang='grc' dir='ltr'>εἴποι</span> <span class='ocrx_word' id='word_1_506' title='bbox 2467 2835 2570 2881; x_wconf 81' lang='grc' dir='ltr'>τις,</span> <span class='ocrx_word' id='word_1_507' title='bbox 2599 2817 2765 2880; x_wconf 80' lang='grc' dir='ltr'>πλοῦς</span> <span class='ocrx_word' id='word_1_508' title='bbox 2791 2817 2850 2870; x_wconf 83' lang='grc' dir='ltr'><strong><em>τὸ</em></strong></span> <span class='ocrx_word' id='word_1_509' title='bbox 2880 2815 3213 2870; x_wconf 82' lang='grc' dir='ltr'>ἀναπαλὲσαι</span> <span class='ocrx_word' id='word_1_510' title='bbox 3241 2814 3361 2884; x_wconf 84' lang='lat' dir='ltr'><strong><em>(sie)</em></strong></span> <span class='ocrx_word' id='word_1_511' title='bbox 3392 2812 3574 2875; x_wconf 78' lang='grc' dir='ltr'>καλὸν,</span> <span class='ocrx_word' id='word_1_512' title='bbox 3606 2813 3706 2864; x_wconf 66' lang='grc' dir='ltr'><strong><em>καὶ</em></strong></span> <span class='ocrx_word' id='word_1_513' title='bbox 3730 2811 3791 2862; x_wconf 72' lang='grc' dir='ltr'>τὸ</span> 
     </span>
    </p>
   </div>
   <div class='ocr_carea' id='block_1_73' title="bbox 2206 2902 3788 2981">
    <p class='ocr_par' dir='ltr' id='par_1_73' title="bbox 2206 2902 3788 2981">
     <span class='ocr_line' id='line_1_73' title="bbox 2206 2902 3788 2981; baseline -0.007 -17"><span class='ocrx_word' id='word_1_514' title='bbox 2206 2910 2494 2965; x_wconf 79' lang='grc' dir='ltr'>ἀναλαϐεῖν</span> <span class='ocrx_word' id='word_1_515' title='bbox 2519 2910 2713 2962; x_wconf 79' lang='grc' dir='ltr'>ταύτὸν</span> <span class='ocrx_word' id='word_1_516' title='bbox 2737 2907 2877 2981; x_wconf 75' lang='grc' dir='ltr'>μετὰ</span> <span class='ocrx_word' id='word_1_517' title='bbox 2903 2908 3000 2979; x_wconf 76' lang='grc' dir='ltr'>τὴν</span> <span class='ocrx_word' id='word_1_518' title='bbox 3025 2906 3200 2968; x_wconf 82' lang='grc' dir='ltr'>νόσον,</span> <span class='ocrx_word' id='word_1_519' title='bbox 3228 2906 3320 2959; x_wconf 76' lang='grc' dir='ltr'><strong><em>καὶ</em></strong></span> <span class='ocrx_word' id='word_1_520' title='bbox 3343 2905 3438 2976; x_wconf 76' lang='grc' dir='ltr'><strong><em>τὴν</em></strong></span> <span class='ocrx_word' id='word_1_521' title='bbox 3464 2903 3603 2958; x_wconf 82' lang='grc' dir='ltr'>κατὰ</span> <span class='ocrx_word' id='word_1_522' title='bbox 3626 2902 3788 2971; x_wconf 75' lang='grc' dir='ltr'>φύσιν</span> 
     </span>
    </p>
   </div>
   <div class='ocr_carea' id='block_1_74' title="bbox 2208 3002 2726 3071">
    <p class='ocr_par' dir='ltr' id='par_1_74' title="bbox 2208 3002 2726 3071">
     <span class='ocr_line' id='line_1_74' title="bbox 2208 3002 2726 3071; baseline -0.006 -14"><span class='ocrx_word' id='word_1_523' title='bbox 2208 3003 2497 3057; x_wconf 84' lang='grc' dir='ltr'>ἀπολαϐεῖν</span> <span class='ocrx_word' id='word_1_524' title='bbox 2521 3002 2726 3071; x_wconf 79' lang='grc' dir='ltr'>ὑγείαν.</span> 
     </span>
    </p>
   </div>
   <div class='ocr_carea' id='block_1_75' title="bbox 2284 3091 3788 3164">
    <p class='ocr_par' dir='ltr' id='par_1_75' title="bbox 2284 3091 3788 3164">
     <span class='ocr_line' id='line_1_75' title="bbox 2284 3091 3788 3164; baseline -0.005 -13"><span class='ocrx_word' id='word_1_525' title='bbox 2284 3095 2523 3151; x_wconf 74' lang='grc' dir='ltr'>Ψάλατε</span> <span class='ocrx_word' id='word_1_526' title='bbox 2554 3097 2634 3163; x_wconf 86' lang='grc' dir='ltr'><strong><em>τῷ</em></strong></span> <span class='ocrx_word' id='word_1_527' title='bbox 2663 3096 2858 3164; x_wconf 85' lang='grc' dir='ltr'>Κυρίῳ</span> <span class='ocrx_word' id='word_1_528' title='bbox 2897 3099 2952 3150; x_wconf 77' lang='grc' dir='ltr'>οἱ</span> <span class='ocrx_word' id='word_1_529' title='bbox 2988 3095 3144 3150; x_wconf 84' lang='grc' dir='ltr'>ὅσιοι</span> <span class='ocrx_word' id='word_1_530' title='bbox 3189 3092 3405 3156; x_wconf 84' lang='grc' dir='ltr'>αὑτοῦ,</span> <span class='ocrx_word' id='word_1_531' title='bbox 3442 3091 3539 3145; x_wconf 82' lang='grc' dir='ltr'><em>καὶ</em></span> <span class='ocrx_word' id='word_1_532' title='bbox 3573 3091 3788 3160; x_wconf 79' lang='grc' dir='ltr'>ἐξομο-</span> 
     </span>
    </p>
   </div>
   <div class='ocr_carea' id='block_1_76' title="bbox 2208 3185 3788 3264">
    <p class='ocr_par' dir='ltr' id='par_1_76' title="bbox 2208 3185 3788 3264">
     <span class='ocr_line' id='line_1_76' title="bbox 2208 3185 3788 3264; baseline -0.008 -16"><span class='ocrx_word' id='word_1_533' title='bbox 2208 3193 2485 3264; x_wconf 75' lang='grc' dir='ltr'>λογεῖσθε</span> <span class='ocrx_word' id='word_1_534' title='bbox 2517 3191 2590 3259; x_wconf 80' lang='grc' dir='ltr'><strong><em>τῇ</em></strong></span> <span class='ocrx_word' id='word_1_535' title='bbox 2627 3191 2834 3261; x_wconf 80' lang='grc' dir='ltr'><strong><em>μνήμῃ</em></strong></span> <span class='ocrx_word' id='word_1_536' title='bbox 2869 3190 2981 3259; x_wconf 85' lang='grc' dir='ltr'><strong><em>τῆς</em></strong></span> <span class='ocrx_word' id='word_1_537' title='bbox 3037 3189 3380 3260; x_wconf 78' lang='grc' dir='ltr'><strong><em>ἁγιωσύνης</em></strong></span> <span class='ocrx_word' id='word_1_538' title='bbox 3413 3185 3621 3239; x_wconf 82' lang='grc' dir='ltr'>αὐτοῦ.</span> <span class='ocrx_word' id='word_1_539' title='bbox 3665 3185 3788 3237; x_wconf 84' lang='grc' dir='ltr'><strong><em>Ὅτι</em></strong></span> 
     </span>
    </p>
   </div>
   <div class='ocr_carea' id='block_1_77' title="bbox 2207 3276 3788 3354">
    <p class='ocr_par' dir='ltr' id='par_1_77' title="bbox 2207 3276 3788 3354">
     <span class='ocr_line' id='line_1_77' title="bbox 2207 3276 3788 3354; baseline -0.006 -16"><span class='ocrx_word' id='word_1_540' title='bbox 2207 3285 2352 3354; x_wconf 75' lang='grc' dir='ltr'><strong><em>ὀργὴ</em></strong></span> <span class='ocrx_word' id='word_1_541' title='bbox 2385 3286 2454 3337; x_wconf 85' lang='grc' dir='ltr'><em>ἐν</em></span> <span class='ocrx_word' id='word_1_542' title='bbox 2484 3283 2564 3349; x_wconf 84' lang='grc' dir='ltr'><strong><em>τῷ</em></strong></span> <span class='ocrx_word' id='word_1_543' title='bbox 2589 3282 2752 3352; x_wconf 79' lang='grc' dir='ltr'><strong><em>θυμῷ</em></strong></span> <span class='ocrx_word' id='word_1_544' title='bbox 2781 3283 2990 3348; x_wconf 83' lang='grc' dir='ltr'>αὑτοῦ,</span> <span class='ocrx_word' id='word_1_545' title='bbox 3024 3282 3124 3335; x_wconf 79' lang='grc' dir='ltr'><strong><em>καὶ</em></strong></span> <span class='ocrx_word' id='word_1_546' title='bbox 3153 3279 3263 3348; x_wconf 77' lang='grc' dir='ltr'>ζωὴ</span> <span class='ocrx_word' id='word_1_547' title='bbox 3295 3279 3365 3333; x_wconf 84' lang='grc' dir='ltr'><em>ἐν</em></span> <span class='ocrx_word' id='word_1_548' title='bbox 3394 3277 3473 3343; x_wconf 85' lang='grc' dir='ltr'><strong><em>τῷ</em></strong></span> <span class='ocrx_word' id='word_1_549' title='bbox 3499 3276 3788 3346; x_wconf 76' lang='grc' dir='ltr'><strong><em>θελήματι</em></strong></span> 
     </span>
    </p>
   </div>
   <div class='ocr_carea' id='block_1_78' title="bbox 2205 3370 3790 3446">
    <p class='ocr_par' dir='ltr' id='par_1_78' title="bbox 2205 3370 3790 3446">
     <span class='ocr_line' id='line_1_78' title="bbox 2205 3370 3790 3446; baseline -0.006 -16"><span class='ocrx_word' id='word_1_550' title='bbox 2205 3377 2414 3433; x_wconf 80' lang='grc' dir='ltr'>αὐτοῦ.</span> <span class='ocrx_word' id='word_1_551' title='bbox 2461 3375 2782 3446; x_wconf 87' lang='grc' dir='ltr'>Συγχαίρειν</span> <span class='ocrx_word' id='word_1_552' title='bbox 2813 3375 2961 3446; x_wconf 83' lang='grc' dir='ltr'>αὐτῷ</span> <span class='ocrx_word' id='word_1_553' title='bbox 2997 3375 3412 3445; x_wconf 82' lang='grc' dir='ltr'>μετανοήσαντι,</span> <span class='ocrx_word' id='word_1_554' title='bbox 3454 3373 3549 3424; x_wconf 74' lang='grc' dir='ltr'>καὶ</span> <span class='ocrx_word' id='word_1_555' title='bbox 3595 3370 3790 3441; x_wconf 71' lang='grc' dir='ltr'>ἐξομο-</span> 
     </span>
    </p>
   </div>
   <div class='ocr_carea' id='block_1_79' title="bbox 2207 3461 3792 3538">
    <p class='ocr_par' dir='ltr' id='par_1_79' title="bbox 2207 3461 3792 3538">
     <span class='ocr_line' id='line_1_79' title="bbox 2207 3461 3792 3538; baseline -0.006 -16"><span class='ocrx_word' id='word_1_556' title='bbox 2207 3468 2480 3538; x_wconf 84' lang='grc' dir='ltr'>λογεῖσθαι</span> <span class='ocrx_word' id='word_1_557' title='bbox 2508 3507 2524 3530; x_wconf 93' lang='grc'><strong><em>,</em></strong></span> <span class='ocrx_word' id='word_1_558' title='bbox 2583 3466 2858 3521; x_wconf 78' lang='grc' dir='ltr'>τουτέστιν</span> <span class='ocrx_word' id='word_1_559' title='bbox 2919 3465 3259 3536; x_wconf 77' lang='grc' dir='ltr'>εὐχαριστεῖν</span> <span class='ocrx_word' id='word_1_560' title='bbox 3309 3466 3376 3533; x_wconf 81' lang='grc' dir='ltr'>τῇ</span> <span class='ocrx_word' id='word_1_561' title='bbox 3437 3463 3624 3533; x_wconf 77' lang='grc' dir='ltr'>μνήμῃ</span> <span class='ocrx_word' id='word_1_562' title='bbox 3687 3461 3792 3532; x_wconf 75' lang='grc' dir='ltr'>τῆς</span> 
     </span>
    </p>
   </div>
   <div class='ocr_carea' id='block_1_80' title="bbox 2207 3554 3790 3628">
    <p class='ocr_par' dir='ltr' id='par_1_80' title="bbox 2207 3554 3790 3628">
     <span class='ocr_line' id='line_1_80' title="bbox 2207 3554 3790 3628; baseline -0.003 -16"><span class='ocrx_word' id='word_1_563' title='bbox 2207 3557 2516 3628; x_wconf 76' lang='grc' dir='ltr'>ἁγιωσύνης</span> <span class='ocrx_word' id='word_1_564' title='bbox 2550 3555 2740 3611; x_wconf 80' lang='grc' dir='ltr'>αὐτοῦ’</span> <span class='ocrx_word' id='word_1_565' title='bbox 2793 3555 2914 3609; x_wconf 73' lang='grc' dir='ltr'>ἀντὶ</span> <span class='ocrx_word' id='word_1_566' title='bbox 2957 3556 3072 3620; x_wconf 90' lang='grc' dir='ltr'>τοῦ,</span> <span class='ocrx_word' id='word_1_567' title='bbox 3107 3555 3206 3625; x_wconf 77' lang='grc' dir='ltr'><strong><em>τὴν</em></strong></span> <span class='ocrx_word' id='word_1_568' title='bbox 3242 3556 3459 3626; x_wconf 79' lang='grc' dir='ltr'>μνήμην</span> <span class='ocrx_word' id='word_1_569' title='bbox 3491 3554 3790 3617; x_wconf 74' lang='grc' dir='ltr'>ἀναζωπυ-</span> 
     </span>
    </p>
   </div>
   <div class='ocr_carea' id='block_1_81' title="bbox 2213 3643 3792 3724">
    <p class='ocr_par' dir='ltr' id='par_1_81' title="bbox 2213 3643 3792 3724">
     <span class='ocr_line' id='line_1_81' title="bbox 2213 3643 3792 3724; baseline -0.004 -20"><span class='ocrx_word' id='word_1_570' title='bbox 2213 3651 2450 3724; x_wconf 81' lang='grc' dir='ltr'>ροῦντες,</span> <span class='ocrx_word' id='word_1_571' title='bbox 2486 3648 2605 3720; x_wconf 82' lang='grc' dir='ltr'>μηδ’</span> <span class='ocrx_word' id='word_1_572' title='bbox 2637 3647 3114 3717; x_wconf 78' lang='grc' dir='ltr'>ἐπιλανθανόμενοι</span> <span class='ocrx_word' id='word_1_573' title='bbox 3141 3646 3249 3699; x_wconf 83' lang='grc' dir='ltr'><strong><em>τῶν</em></strong></span> <span class='ocrx_word' id='word_1_574' title='bbox 3281 3645 3429 3716; x_wconf 82' lang='grc' dir='ltr'><strong><em>παρὰ</em></strong></span> <span class='ocrx_word' id='word_1_575' title='bbox 3463 3643 3555 3698; x_wconf 85' lang='grc' dir='ltr'><strong><em>τοῦ</em></strong></span> <span class='ocrx_word' id='word_1_576' title='bbox 3578 3645 3792 3716; x_wconf 81' lang='grc' dir='ltr'>Κυρίου</span> 
     </span>
    </p>
   </div>
   <div class='ocr_carea' id='block_1_82' title="bbox 2209 3739 3794 3817">
    <p class='ocr_par' dir='ltr' id='par_1_82' title="bbox 2209 3739 3794 3817">
     <span class='ocr_line' id='line_1_82' title="bbox 2209 3739 3794 3817; baseline -0.004 -20"><span class='ocrx_word' id='word_1_577' title='bbox 2209 3746 2626 3817; x_wconf 72' lang='grc' dir='ltr'>χορηγουμένων</span> <span class='ocrx_word' id='word_1_578' title='bbox 2659 3743 2966 3815; x_wconf 82' lang='grc' dir='ltr'>ἀνθρώποις</span> <span class='ocrx_word' id='word_1_579' title='bbox 2990 3741 3228 3810; x_wconf 78' lang='grc' dir='ltr'>ἀγαθῶν.</span> <span class='ocrx_word' id='word_1_580' title='bbox 3248 3741 3498 3795; x_wconf 80' lang='grc' dir='ltr'>Μάλιστα</span> <span class='ocrx_word' id='word_1_581' title='bbox 3527 3739 3585 3793; x_wconf 80' lang='grc' dir='ltr'><strong><em>δὲ</em></strong></span> <span class='ocrx_word' id='word_1_582' title='bbox 3618 3757 3794 3811; x_wconf 78' lang='grc' dir='ltr'>προσ-</span> 
     </span>
    </p>
   </div>
   <div class='ocr_carea' id='block_1_83' title="bbox 2210 3833 3793 3910">
    <p class='ocr_par' dir='ltr' id='par_1_83' title="bbox 2210 3833 3793 3910">
     <span class='ocr_line' id='line_1_83' title="bbox 2210 3833 3793 3910; baseline -0.004 -19"><span class='ocrx_word' id='word_1_583' title='bbox 2210 3843 2332 3908; x_wconf 75' lang='grc' dir='ltr'>ήκει</span> <span class='ocrx_word' id='word_1_584' title='bbox 2397 3839 2494 3909; x_wconf 82' lang='grc' dir='ltr'><strong><em>τὴν</em></strong></span> <span class='ocrx_word' id='word_1_585' title='bbox 2527 3837 2874 3910; x_wconf 84' lang='grc' dir='ltr'>εὐχαριστίαν</span> <span class='ocrx_word' id='word_1_586' title='bbox 2919 3835 3227 3898; x_wconf 84' lang='grc' dir='ltr'>ἐπιτείνειν,</span> <span class='ocrx_word' id='word_1_587' title='bbox 3267 3833 3644 3905; x_wconf 82' lang='grc' dir='ltr'>μεμνημένους</span> <span class='ocrx_word' id='word_1_588' title='bbox 3690 3834 3793 3903; x_wconf 80' lang='grc' dir='ltr'><strong><em>τῆς</em></strong></span> 
     </span>
    </p>
   </div>
   <div class='ocr_carea' id='block_1_84' title="bbox 2208 3921 3793 3998">
    <p class='ocr_par' dir='ltr' id='par_1_84' title="bbox 2208 3921 3793 3998">
     <span class='ocr_line' id='line_1_84' title="bbox 2208 3921 3793 3998; baseline -0.004 -20"><span class='ocrx_word' id='word_1_589' title='bbox 2208 3925 2299 3978; x_wconf 86' lang='grc' dir='ltr'><strong><em>τοῦ</em></strong></span> <span class='ocrx_word' id='word_1_590' title='bbox 2330 3926 2464 3979; x_wconf 83' lang='grc' dir='ltr'>Θεοῦ</span> <span class='ocrx_word' id='word_1_591' title='bbox 2493 3926 2923 3998; x_wconf 79' lang='grc' dir='ltr'>φιλανθρωπίας,</span> <span class='ocrx_word' id='word_1_592' title='bbox 2967 3925 3090 3994; x_wconf 73' lang='grc' dir='ltr'>ἥτις</span> <span class='ocrx_word' id='word_1_593' title='bbox 3129 3923 3367 3994; x_wconf 83' lang='grc' dir='ltr'>τοσαύτη</span> <span class='ocrx_word' id='word_1_594' title='bbox 3399 3921 3674 3992; x_wconf 76' lang='grc' dir='ltr'>τυγχάνει,</span> <span class='ocrx_word' id='word_1_595' title='bbox 3713 3921 3793 3982; x_wconf 79' lang='grc' dir='ltr'><strong><em>ὡς</em></strong></span> 
     </span>
    </p>
   </div>
   <div class='ocr_carea' id='block_1_85' title="bbox 2213 4013 3792 4089">
    <p class='ocr_par' dir='ltr' id='par_1_85' title="bbox 2213 4013 3792 4089">
     <span class='ocr_line' id='line_1_85' title="bbox 2213 4013 3792 4089; baseline -0.005 -18"><span class='ocrx_word' id='word_1_596' title='bbox 2213 4018 2481 4089; x_wconf 77' lang='grc' dir='ltr'>μηδέποτε</span> <span class='ocrx_word' id='word_1_597' title='bbox 2528 4017 2811 4086; x_wconf 79' lang='grc' dir='ltr'>βούλεσθαί</span> <span class='ocrx_word' id='word_1_598' title='bbox 2844 4035 2895 4069; x_wconf 86' lang='grc' dir='ltr'><strong><em>τι</em></strong></span> <span class='ocrx_word' id='word_1_599' title='bbox 2937 4016 3106 4070; x_wconf 83' lang='grc' dir='ltr'>κακὸν</span> <span class='ocrx_word' id='word_1_600' title='bbox 3143 4015 3470 4087; x_wconf 79' lang='grc' dir='ltr'>ἀνθρώποις.</span> <span class='ocrx_word' id='word_1_601' title='bbox 3513 4015 3575 4067; x_wconf 81' lang='lat' dir='ltr'><strong><em>Ei</em></strong></span> <span class='ocrx_word' id='word_1_602' title='bbox 3603 4013 3660 4066; x_wconf 76' lang='grc' dir='ltr'><strong><em>δὲ</em></strong></span> <span class='ocrx_word' id='word_1_603' title='bbox 3692 4013 3792 4065; x_wconf 82' lang='grc' dir='ltr'><strong><em>καί</em></strong></span> 
     </span>
    </p>
   </div>
   <div class='ocr_carea' id='block_1_86' title="bbox 2209 4104 3793 4180">
    <p class='ocr_par' dir='ltr' id='par_1_86' title="bbox 2209 4104 3793 4180">
     <span class='ocr_line' id='line_1_86' title="bbox 2209 4104 3793 4180; baseline -0.004 -18"><span class='ocrx_word' id='word_1_604' title='bbox 2209 4111 2341 4163; x_wconf 77' lang='grc' dir='ltr'>ποτε</span> <span class='ocrx_word' id='word_1_605' title='bbox 2397 4128 2482 4173; x_wconf 81' lang='grc' dir='ltr'>τις</span> <span class='ocrx_word' id='word_1_606' title='bbox 2529 4109 2617 4162; x_wconf 83' lang='grc' dir='ltr'>διὰ</span> <span class='ocrx_word' id='word_1_607' title='bbox 2677 4108 2774 4180; x_wconf 81' lang='grc' dir='ltr'>τὴν</span> <span class='ocrx_word' id='word_1_608' title='bbox 2822 4109 3028 4162; x_wconf 77' lang='grc' dir='ltr'>οἰκείαν</span> <span class='ocrx_word' id='word_1_609' title='bbox 3087 4106 3387 4178; x_wconf 85' lang='grc' dir='ltr'>μοχθηρίαν</span> <span class='ocrx_word' id='word_1_610' title='bbox 3455 4104 3793 4176; x_wconf 61' lang='grc' dir='ltr'>ἐπιστροφῆς</span> 
     </span>
    </p>
   </div>
   <div class='ocr_carea' id='block_1_87' title="bbox 2206 4196 3792 4273">
    <p class='ocr_par' dir='ltr' id='par_1_87' title="bbox 2206 4196 3792 4273">
     <span class='ocr_line' id='line_1_87' title="bbox 2206 4196 3792 4273; baseline -0.002 -20"><span class='ocrx_word' id='word_1_611' title='bbox 2206 4200 2424 4273; x_wconf 86' lang='grc' dir='ltr'>δεηθείη</span> <span class='ocrx_word' id='word_1_612' title='bbox 2451 4241 2466 4265; x_wconf 97' lang='grc'><strong><em>,</em></strong></span> <span class='ocrx_word' id='word_1_613' title='bbox 2530 4201 2694 4265; x_wconf 81' lang='grc' dir='ltr'>αὐτὸς</span> <span class='ocrx_word' id='word_1_614' title='bbox 2761 4201 2858 4271; x_wconf 84' lang='grc' dir='ltr'><strong><em>μὲν</em></strong></span> <span class='ocrx_word' id='word_1_615' title='bbox 2918 4199 3094 4270; x_wconf 81' lang='grc' dir='ltr'>ἑαυτῷ</span> <span class='ocrx_word' id='word_1_616' title='bbox 3155 4196 3552 4262; x_wconf 75' lang='grc' dir='ltr'>κατασκευάζει</span> <span class='ocrx_word' id='word_1_617' title='bbox 3615 4196 3792 4266; x_wconf 78' lang='grc' dir='ltr'>θυμὸν</span> 
     </span>
    </p>
   </div>
   <div class='ocr_carea' id='block_1_88' title="bbox 2207 4290 3793 4365">
    <p class='ocr_par' dir='ltr' id='par_1_88' title="bbox 2207 4290 3793 4365">
     <span class='ocr_line' id='line_1_88' title="bbox 2207 4290 3793 4365; baseline -0.003 -19"><span class='ocrx_word' id='word_1_618' title='bbox 2207 4293 2410 4365; x_wconf 76' lang='grc' dir='ltr'>ὀργῆςο</span> <span class='ocrx_word' id='word_1_619' title='bbox 2451 4292 2512 4346; x_wconf 78' lang='grc' dir='ltr'><strong><em>τό</em></strong></span> <span class='ocrx_word' id='word_1_620' title='bbox 2543 4309 2606 4361; x_wconf 87' lang='grc' dir='ltr'><strong><em>γε</em></strong></span> <span class='ocrx_word' id='word_1_621' title='bbox 2638 4292 2744 4364; x_wconf 84' lang='grc' dir='ltr'>μὴν</span> <span class='ocrx_word' id='word_1_622' title='bbox 2779 4291 2990 4362; x_wconf 83' lang='grc' dir='ltr'>θέλημα</span> <span class='ocrx_word' id='word_1_623' title='bbox 3019 4290 3110 4344; x_wconf 85' lang='grc' dir='ltr'><strong><em>τοῦ</em></strong></span> <span class='ocrx_word' id='word_1_624' title='bbox 3144 4290 3280 4344; x_wconf 82' lang='grc' dir='ltr'>Θεοῦ</span> <span class='ocrx_word' id='word_1_625' title='bbox 3303 4331 3317 4354; x_wconf 92' lang='grc'><strong><em>,</em></strong></span> <span class='ocrx_word' id='word_1_626' title='bbox 3361 4292 3569 4362; x_wconf 80' lang='grc' dir='ltr'>μήποτε</span> <span class='ocrx_word' id='word_1_627' title='bbox 3603 4290 3793 4360; x_wconf 73' lang='grc' dir='ltr'>βούλεο</span> 
     </span>
    </p>
   </div>
   <div class='ocr_carea' id='block_1_89' title="bbox 2207 4381 3792 4456">
    <p class='ocr_par' dir='ltr' id='par_1_89' title="bbox 2207 4381 3792 4456">
     <span class='ocr_line' id='line_1_89' title="bbox 2207 4381 3792 4456; baseline -0.004 -17"><span class='ocrx_word' id='word_1_628' title='bbox 2207 4387 2327 4440; x_wconf 88' lang='grc' dir='ltr'>σθαι</span> <span class='ocrx_word' id='word_1_629' title='bbox 2373 4385 2598 4440; x_wconf 86' lang='grc' dir='ltr'>θάνατον</span> <span class='ocrx_word' id='word_1_630' title='bbox 2645 4384 2936 4456; x_wconf 82' lang='grc' dir='ltr'>ἀνθρώπῳ,</span> <span class='ocrx_word' id='word_1_631' title='bbox 2983 4382 3118 4436; x_wconf 85' lang='grc' dir='ltr'>ἀλλὰ</span> <span class='ocrx_word' id='word_1_632' title='bbox 3163 4383 3329 4453; x_wconf 79' lang='grc' dir='ltr'>ζωήν.</span> <span class='ocrx_word' id='word_1_633' title='bbox 3375 4382 3464 4434; x_wconf 87' lang='grc' dir='ltr'>Διὸ</span> <span class='ocrx_word' id='word_1_634' title='bbox 3493 4384 3549 4434; x_wconf 85' lang='grc' dir='ltr'>ὲν</span> <span class='ocrx_word' id='word_1_635' title='bbox 3581 4381 3792 4451; x_wconf 79' lang='grc' dir='ltr'>ἑτέροις</span> 
     </span>
    </p>
   </div>
   <div class='ocr_carea' id='block_1_90' title="bbox 533 4457 2103 4548">
    <p class='ocr_par' dir='ltr' id='par_1_90' title="bbox 533 4457 2103 4532">
     <span class='ocr_line' id='line_1_90' title="bbox 533 4457 2103 4532; baseline -0.006 -13"><span class='ocrx_word' id='word_1_636' title='bbox 533 4483 652 4530; x_wconf 87' lang='lat' dir='ltr'><strong><em>nus,</em></strong></span> <span class='ocrx_word' id='word_1_637' title='bbox 688 4466 808 4519; x_wconf 88' lang='lat' dir='ltr'><strong><em>nolo</em></strong></span> <span class='ocrx_word' id='word_1_638' title='bbox 836 4474 1055 4518; x_wconf 88' lang='lat' dir='ltr'><strong><em>mortem</em></strong></span> <span class='ocrx_word' id='word_1_639' title='bbox 1085 4461 1399 4532; x_wconf 85' lang='lat' dir='ltr'><strong><em>peccatoris,</em></strong></span> <span class='ocrx_word' id='word_1_640' title='bbox 1432 4458 1520 4512; x_wconf 86' lang='lat' dir='ltr'><strong><em>sed</em></strong></span> <span class='ocrx_word' id='word_1_641' title='bbox 1547 4459 1720 4527; x_wconf 83' lang='lat' dir='ltr'><strong><em>potius</em></strong></span> <span class='ocrx_word' id='word_1_642' title='bbox 1744 4457 2103 4524; x_wconf 65' lang='lat' dir='ltr'><strong><em>paenitentiam</em></strong></span> 
     </span>
    </p>
   </div>
   <div class='ocr_carea' id='block_1_91' title="bbox 2209 4457 3794 4548">
    <p class='ocr_par' dir='ltr' id='par_1_91' title="bbox 2209 4471 3794 4548">
     <span class='ocr_line' id='line_1_91' title="bbox 2209 4471 3794 4548; baseline -0.005 -16"><span class='ocrx_word' id='word_1_643' title='bbox 2209 4479 2422 4548; x_wconf 83' lang='grc' dir='ltr'>λέγεται</span> <span class='ocrx_word' id='word_1_644' title='bbox 2441 4495 2453 4506; x_wconf 76' lang='lat'>&#39;</span> <span class='ocrx_word' id='word_1_645' title='bbox 2489 4477 2581 4531; x_wconf 85' lang='grc' dir='ltr'><strong><em>Ζῶ</em></strong></span> <span class='ocrx_word' id='word_1_646' title='bbox 2611 4475 2745 4546; x_wconf 68' lang='grc' dir='ltr'>ἐγὼ,</span> <span class='ocrx_word' id='word_1_647' title='bbox 2777 4475 2938 4545; x_wconf 75' lang='grc' dir='ltr'>λέγει</span> <span class='ocrx_word' id='word_1_648' title='bbox 2971 4476 3184 4542; x_wconf 83' lang='grc' dir='ltr'>Κύριος</span> <span class='ocrx_word' id='word_1_649' title='bbox 3203 4490 3216 4503; x_wconf 80' lang='grc'><strong>’</strong></span> <span class='ocrx_word' id='word_1_650' title='bbox 3251 4475 3323 4527; x_wconf 85' lang='grc' dir='ltr'>οὺ</span> <span class='ocrx_word' id='word_1_651' title='bbox 3351 4473 3651 4541; x_wconf 76' lang='grc' dir='ltr'>,Βούλομαι</span> <span class='ocrx_word' id='word_1_652' title='bbox 3677 4471 3794 4524; x_wconf 77' lang='grc' dir='ltr'><em>τὸν</em></span> 
     </span>
    </p>
   </div>
   <div class='ocr_carea' id='block_1_92' title="bbox 530 4547 2105 4626">
    <p class='ocr_par' dir='ltr' id='par_1_92' title="bbox 530 4547 2105 4626">
     <span class='ocr_line' id='line_1_92' title="bbox 530 4547 2105 4626; baseline -0.006 -14"><span class='ocrx_word' id='word_1_653' title='bbox 530 4557 643 4626; x_wconf 88' lang='lat' dir='ltr'><strong><em>ejus</em></strong></span> <span class='ocrx_word' id='word_1_654' title='bbox 667 4557 734 4612; x_wconf 72' lang='lat'><strong><em>“.</em></strong></span> <span class='ocrx_word' id='word_1_655' title='bbox 765 4556 968 4612; x_wconf 84' lang='lat' dir='ltr'><strong><em>Eodem</em></strong></span> <span class='ocrx_word' id='word_1_656' title='bbox 1000 4570 1220 4626; x_wconf 92' lang='lat' dir='ltr'><strong><em>quoque</em></strong></span> <span class='ocrx_word' id='word_1_657' title='bbox 1265 4552 1426 4606; x_wconf 89' lang='lat' dir='ltr'><strong><em>modo</em></strong></span> <span class='ocrx_word' id='word_1_658' title='bbox 1458 4547 1546 4606; x_wconf 88' lang='lat' dir='ltr'><strong><em>hic</em></strong></span> <span class='ocrx_word' id='word_1_659' title='bbox 1592 4551 1799 4606; x_wconf 90' lang='lat' dir='ltr'><strong><em>dictum</em></strong></span> <span class='ocrx_word' id='word_1_660' title='bbox 1837 4559 1941 4615; x_wconf 91' lang='lat' dir='ltr'><strong><em>est,</em></strong></span> <span class='ocrx_word' id='word_1_661' title='bbox 1985 4549 2105 4603; x_wconf 86' lang='lat' dir='ltr'><strong><em>Vita</em></strong></span> 
     </span>
    </p>
   </div>
   <div class='ocr_carea' id='block_1_93' title="bbox 531 4645 2102 4718">
    <p class='ocr_par' dir='ltr' id='par_1_93' title="bbox 531 4645 2102 4718">
     <span class='ocr_line' id='line_1_93' title="bbox 531 4645 2102 4718; baseline -0.001 -16"><span class='ocrx_word' id='word_1_662' title='bbox 531 4650 586 4704; x_wconf 82' lang='lat' dir='ltr'><strong><em>in</em></strong></span> <span class='ocrx_word' id='word_1_663' title='bbox 613 4649 880 4703; x_wconf 85' lang='lat' dir='ltr'><strong><em>voluntate</em></strong></span> <span class='ocrx_word' id='word_1_664' title='bbox 909 4649 1057 4718; x_wconf 88' lang='lat' dir='ltr'><strong><em>ejus;</em></strong></span> <span class='ocrx_word' id='word_1_665' title='bbox 1092 4663 1202 4702; x_wconf 88' lang='lat' dir='ltr'><strong><em>non</em></strong></span> <span class='ocrx_word' id='word_1_666' title='bbox 1231 4647 1376 4702; x_wconf 91' lang='lat' dir='ltr'><strong><em>enim</em></strong></span> <span class='ocrx_word' id='word_1_667' title='bbox 1422 4647 1506 4699; x_wconf 89' lang='lat' dir='ltr'><strong><em>ira</em></strong></span> <span class='ocrx_word' id='word_1_668' title='bbox 1548 4646 1603 4698; x_wconf 90' lang='lat' dir='ltr'><strong><em>in</em></strong></span> <span class='ocrx_word' id='word_1_669' title='bbox 1655 4645 1922 4698; x_wconf 90' lang='lat' dir='ltr'><strong><em>voluntate</em></strong></span> <span class='ocrx_word' id='word_1_670' title='bbox 1966 4645 2102 4713; x_wconf 86' lang='lat' dir='ltr'><strong><em>ejus.</em></strong></span> 
     </span>
    </p>
   </div>
   <div class='ocr_carea' id='block_1_94' title="bbox 533 4739 2102 4811">
    <p class='ocr_par' dir='ltr' id='par_1_94' title="bbox 533 4739 2102 4811">
     <span class='ocr_line' id='line_1_94' title="bbox 533 4739 2102 4811; baseline -0.002 -16"><span class='ocrx_word' id='word_1_671' title='bbox 533 4739 678 4796; x_wconf 89' lang='lat' dir='ltr'><strong><em>Sane</em></strong></span> <span class='ocrx_word' id='word_1_672' title='bbox 713 4749 911 4811; x_wconf 65' lang='lat' dir='ltr'><strong><em>praeter</em></strong></span> <span class='ocrx_word' id='word_1_673' title='bbox 943 4739 1035 4794; x_wconf 85' lang='lat' dir='ltr'><strong><em>Dei</em></strong></span> <span class='ocrx_word' id='word_1_674' title='bbox 1068 4739 1410 4810; x_wconf 90' lang='lat' dir='ltr'><strong><em>propositum</em></strong></span> <span class='ocrx_word' id='word_1_675' title='bbox 1444 4753 1507 4792; x_wconf 90' lang='lat' dir='ltr'><strong><em>ac</em></strong></span> <span class='ocrx_word' id='word_1_676' title='bbox 1542 4747 1738 4808; x_wconf 65' lang='lat' dir='ltr'><strong><em>praeter</em></strong></span> <span class='ocrx_word' id='word_1_677' title='bbox 1767 4739 2102 4792; x_wconf 86' lang='lat' dir='ltr'><strong><em>voluntatem</em></strong></span> 
     </span>
    </p>
   </div>
   <div class='ocr_carea' id='block_1_95' title="bbox 531 4830 2098 4902">
    <p class='ocr_par' dir='ltr' id='par_1_95' title="bbox 531 4830 2098 4902">
     <span class='ocr_line' id='line_1_95' title="bbox 531 4830 2098 4902; baseline -0.004 -15"><span class='ocrx_word' id='word_1_678' title='bbox 531 4833 653 4902; x_wconf 88' lang='lat' dir='ltr'><strong><em>ejus</em></strong></span> <span class='ocrx_word' id='word_1_679' title='bbox 706 4833 1059 4902; x_wconf 89' lang='lat' dir='ltr'><strong><em>peccantibus</em></strong></span> <span class='ocrx_word' id='word_1_680' title='bbox 1110 4830 1413 4901; x_wconf 85' lang='lat' dir='ltr'><strong><em>indignatio</em></strong></span> <span class='ocrx_word' id='word_1_681' title='bbox 1459 4840 1513 4885; x_wconf 92' lang='lat' dir='ltr'><strong><em>et</em></strong></span> <span class='ocrx_word' id='word_1_682' title='bbox 1550 4831 1630 4883; x_wconf 90' lang='lat' dir='ltr'><strong><em>ira</em></strong></span> <span class='ocrx_word' id='word_1_683' title='bbox 1673 4838 2098 4900; x_wconf 81' lang='lat' dir='ltr'><strong><em>praeparantur:</em></strong></span> 
     </span>
    </p>
   </div>
   <div class='ocr_carea' id='block_1_96' title="bbox 532 4922 2101 4997">
    <p class='ocr_par' dir='ltr' id='par_1_96' title="bbox 532 4922 2101 4997">
     <span class='ocr_line' id='line_1_96' title="bbox 532 4922 2101 4997; baseline -0.003 -17"><span class='ocrx_word' id='word_1_684' title='bbox 532 4925 679 4997; x_wconf 87' lang='lat' dir='ltr'><strong><em>quod</em></strong></span> <span class='ocrx_word' id='word_1_685' title='bbox 717 4927 788 4978; x_wconf 89' lang='lat' dir='ltr'><strong><em>ita</em></strong></span> <span class='ocrx_word' id='word_1_686' title='bbox 819 4925 1060 4979; x_wconf 80' lang='lat' dir='ltr'><strong><em>declarat</em></strong></span> <span class='ocrx_word' id='word_1_687' title='bbox 1104 4924 1399 4993; x_wconf 88' lang='lat' dir='ltr'><strong><em>Apostolus</em></strong></span> <span class='ocrx_word' id='word_1_688' title='bbox 1439 4941 1452 4978; x_wconf 88' lang='lat'><strong>:</strong></span> <span class='ocrx_word' id='word_1_689' title='bbox 1491 4924 1570 4974; x_wconf 79' lang='lat' dir='ltr'><strong><em>An</em></strong></span> <span class='ocrx_word' id='word_1_690' title='bbox 1601 4923 1814 4976; x_wconf 85' lang='lat' dir='ltr'><strong><em>divitias</em></strong></span> <span class='ocrx_word' id='word_1_691' title='bbox 1850 4922 2101 4975; x_wconf 83' lang='lat' dir='ltr'><strong><em>bonitatis</em></strong></span> 
     </span>
    </p>
   </div>
   <div class='ocr_carea' id='block_1_97' title="bbox 529 5007 2103 5088">
    <p class='ocr_par' dir='ltr' id='par_1_97' title="bbox 529 5007 2103 5088">
     <span class='ocr_line' id='line_1_97' title="bbox 529 5007 2103 5088; baseline -0.005 -16"><span class='ocrx_word' id='word_1_692' title='bbox 529 5019 668 5088; x_wconf 86' lang='lat' dir='ltr'><strong><em>ejus,</em></strong></span> <span class='ocrx_word' id='word_1_693' title='bbox 701 5029 750 5071; x_wconf 89' lang='lat' dir='ltr'><strong><em>et</em></strong></span> <span class='ocrx_word' id='word_1_694' title='bbox 779 5018 1046 5085; x_wconf 75' lang='lat' dir='ltr'><strong><em>patientia:</em></strong></span> <span class='ocrx_word' id='word_1_695' title='bbox 1067 5027 1114 5070; x_wconf 91' lang='lat' dir='ltr'><strong><em>et</em></strong></span> <span class='ocrx_word' id='word_1_696' title='bbox 1146 5007 1567 5086; x_wconf 69' lang='lat' dir='ltr'><strong><em>longanimitatis</em></strong></span> <span class='ocrx_word' id='word_1_697' title='bbox 1596 5015 1923 5068; x_wconf 85' lang='lat' dir='ltr'><strong><em>contemnis?</em></strong></span> <span class='ocrx_word' id='word_1_698' title='bbox 1952 5014 2103 5084; x_wconf 86' lang='lat' dir='ltr'><strong><em>igno-</em></strong></span> 
     </span>
    </p>
   </div>
   <div class='ocr_carea' id='block_1_98' title="bbox 531 5103 2104 5180">
    <p class='ocr_par' dir='ltr' id='par_1_98' title="bbox 531 5103 2104 5180">
     <span class='ocr_line' id='line_1_98' title="bbox 531 5103 2104 5180; baseline -0.006 -16"><span class='ocrx_word' id='word_1_699' title='bbox 531 5128 658 5164; x_wconf 86' lang='lat' dir='ltr'><strong><em>rans</em></strong></span> <span class='ocrx_word' id='word_1_700' title='bbox 692 5111 939 5180; x_wconf 83' lang='lat' dir='ltr'><strong><em>quoniam</em></strong></span> <span class='ocrx_word' id='word_1_701' title='bbox 971 5110 1262 5180; x_wconf 76' lang='lat' dir='ltr'><strong><em>benignitas</em></strong></span> <span class='ocrx_word' id='word_1_702' title='bbox 1296 5108 1389 5162; x_wconf 90' lang='lat' dir='ltr'><strong><em>Dei</em></strong></span> <span class='ocrx_word' id='word_1_703' title='bbox 1426 5107 1494 5160; x_wconf 92' lang='lat' dir='ltr'><strong><em>ad</em></strong></span> <span class='ocrx_word' id='word_1_704' title='bbox 1520 5107 1879 5176; x_wconf 78' lang='lat' dir='ltr'><strong><em>paenitentiam</em></strong></span> <span class='ocrx_word' id='word_1_705' title='bbox 1929 5113 1977 5157; x_wconf 88' lang='lat' dir='ltr'><strong><em>te</em></strong></span> <span class='ocrx_word' id='word_1_706' title='bbox 2007 5103 2104 5156; x_wconf 88' lang='lat' dir='ltr'><strong><em>ad-</em></strong></span> 
     </span>
    </p>
   </div>
   <div class='ocr_carea' id='block_1_99' title="bbox 529 5197 2101 5261">
    <p class='ocr_par' dir='ltr' id='par_1_99' title="bbox 529 5197 2101 5261">
     <span class='ocr_line' id='line_1_99' title="bbox 529 5197 2101 5261; baseline -0.004 -5"><span class='ocrx_word' id='word_1_707' title='bbox 529 5203 699 5257; x_wconf 83' lang='lat' dir='ltr'><strong><em>ducit.</em></strong></span> <span class='ocrx_word' id='word_1_708' title='bbox 733 5201 1028 5257; x_wconf 83' lang='lat' dir='ltr'><strong><em>Secundum</em></strong></span> <span class='ocrx_word' id='word_1_709' title='bbox 1051 5212 1225 5255; x_wconf 86' lang='lat' dir='ltr'><strong><em>autem</em></strong></span> <span class='ocrx_word' id='word_1_710' title='bbox 1249 5202 1506 5255; x_wconf 84' lang='lat' dir='ltr'><strong><em>duritiam</em></strong></span> <span class='ocrx_word' id='word_1_711' title='bbox 1538 5210 1682 5252; x_wconf 89' lang='lat' dir='ltr'><strong><em>tuam</em></strong></span> <span class='ocrx_word' id='word_1_712' title='bbox 1705 5207 1752 5252; x_wconf 90' lang='lat' dir='ltr'><strong><em>et</em></strong></span> <span class='ocrx_word' id='word_1_713' title='bbox 1776 5197 2101 5261; x_wconf 78' lang='lat' dir='ltr'><strong><em>impwnitens</em></strong></span> 
     </span>
    </p>
   </div>
   <div class='ocr_carea' id='block_1_100' title="bbox 532 5287 2102 5356">
    <p class='ocr_par' dir='ltr' id='par_1_100' title="bbox 532 5287 2102 5356">
     <span class='ocr_line' id='line_1_100' title="bbox 532 5287 2102 5356; baseline -0.006 -8"><span class='ocrx_word' id='word_1_714' title='bbox 532 5311 642 5356; x_wconf 91' lang='lat' dir='ltr'><strong><em>cor,</em></strong></span> <span class='ocrx_word' id='word_1_715' title='bbox 662 5294 993 5347; x_wconf 73' lang='lat' dir='ltr'><strong><em>tltesaurizas</em></strong></span> <span class='ocrx_word' id='word_1_716' title='bbox 1009 5293 1100 5346; x_wconf 87' lang='lat' dir='ltr'><strong><em>tibi</em></strong></span> <span class='ocrx_word' id='word_1_717' title='bbox 1118 5294 1253 5346; x_wconf 88' lang='lat' dir='ltr'><strong><em>irant</em></strong></span> <span class='ocrx_word' id='word_1_718' title='bbox 1268 5293 1319 5345; x_wconf 89' lang='lat' dir='ltr'><strong><em>in</em></strong></span> <span class='ocrx_word' id='word_1_719' title='bbox 1339 5293 1422 5346; x_wconf 90' lang='lat' dir='ltr'><strong><em>die</em></strong></span> <span class='ocrx_word' id='word_1_720' title='bbox 1441 5292 1536 5345; x_wconf 83' lang='lat' dir='ltr'><strong><em>ira:</em></strong></span> <span class='ocrx_word' id='word_1_721' title='bbox 1553 5300 1601 5344; x_wconf 89' lang='lat' dir='ltr'><strong><em>et</em></strong></span> <span class='ocrx_word' id='word_1_722' title='bbox 1624 5287 2102 5355; x_wconf 84' lang='lat' dir='ltr'><strong><em>revelationisjusti</em></strong></span> 
     </span>
    </p>
   </div>
   <div class='ocr_carea' id='block_1_101' title="bbox 532 5378 2099 5454">
    <p class='ocr_par' dir='ltr' id='par_1_101' title="bbox 532 5378 2099 5454">
     <span class='ocr_line' id='line_1_101' title="bbox 532 5378 2099 5454; baseline -0.004 -15"><span class='ocrx_word' id='word_1_723' title='bbox 532 5387 718 5450; x_wconf 81' lang='lat' dir='ltr'><strong><em>iudicii</em></strong></span> <span class='ocrx_word' id='word_1_724' title='bbox 730 5385 825 5438; x_wconf 88' lang='lat' dir='ltr'><strong><em>Dei</em></strong></span> <span class='ocrx_word' id='word_1_725' title='bbox 834 5427 845 5447; x_wconf 87' lang='lat'><strong><em>,</em></strong></span> <span class='ocrx_word' id='word_1_726' title='bbox 860 5386 948 5454; x_wconf 84' lang='lat' dir='ltr'><strong><em>qui</em></strong></span> <span class='ocrx_word' id='word_1_727' title='bbox 963 5384 1138 5438; x_wconf 86' lang='lat' dir='ltr'><strong><em>reddet</em></strong></span> <span class='ocrx_word' id='word_1_728' title='bbox 1156 5385 1432 5451; x_wconf 82' lang='lat' dir='ltr'><strong><em>unicuique</em></strong></span> <span class='ocrx_word' id='word_1_729' title='bbox 1445 5380 1724 5436; x_wconf 84' lang='lat' dir='ltr'><strong><em>secundum</em></strong></span> <span class='ocrx_word' id='word_1_730' title='bbox 1740 5395 1897 5447; x_wconf 88' lang='lat' dir='ltr'><strong><em>opera</em></strong></span> <span class='ocrx_word' id='word_1_731' title='bbox 1915 5378 2099 5446; x_wconf 73' lang='lat' dir='ltr'><strong><em>eius“.</em></strong></span> 
     </span>
    </p>
   </div>
   <div class='ocr_carea' id='block_1_102' title="bbox 2213 4562 3791 4637">
    <p class='ocr_par' dir='ltr' id='par_1_102' title="bbox 2213 4562 3791 4637">
     <span class='ocr_line' id='line_1_102' title="bbox 2213 4562 3791 4637; baseline -0.007 -12"><span class='ocrx_word' id='word_1_732' title='bbox 2213 4569 2472 4625; x_wconf 81' lang='grc' dir='ltr'><em>θάνατον</em></span> <span class='ocrx_word' id='word_1_733' title='bbox 2512 4569 2617 4622; x_wconf 85' lang='grc' dir='ltr'><strong><em>τοῦ</em></strong></span> <span class='ocrx_word' id='word_1_734' title='bbox 2650 4566 3002 4637; x_wconf 78' lang='grc' dir='ltr'>ἀμαρτωλοῦ</span> <span class='ocrx_word' id='word_1_735' title='bbox 3048 4567 3128 4631; x_wconf 86' lang='grc' dir='ltr'>ὡς</span> <span class='ocrx_word' id='word_1_736' title='bbox 3174 4563 3290 4632; x_wconf 80' lang='grc' dir='ltr'><em>τὴν</em></span> <span class='ocrx_word' id='word_1_737' title='bbox 3323 4562 3646 4633; x_wconf 80' lang='grc' dir='ltr'><em>μετάνοιαν</em></span> <span class='ocrx_word' id='word_1_738' title='bbox 3680 4564 3791 4615; x_wconf 82' lang='grc' dir='ltr'><strong><em>αὑ·-</em></strong></span> 
     </span>
    </p>
   </div>
   <div class='ocr_carea' id='block_1_103' title="bbox 2212 4651 3790 4729">
    <p class='ocr_par' dir='ltr' id='par_1_103' title="bbox 2212 4651 3790 4729">
     <span class='ocr_line' id='line_1_103' title="bbox 2212 4651 3790 4729; baseline -0.005 -15"><span class='ocrx_word' id='word_1_739' title='bbox 2212 4659 2338 4715; x_wconf 85' lang='grc' dir='ltr'>τοῦ.</span> <span class='ocrx_word' id='word_1_740' title='bbox 2393 4659 2548 4714; x_wconf 77' lang='grc' dir='ltr'>Οὕτω</span> <span class='ocrx_word' id='word_1_741' title='bbox 2576 4660 2706 4729; x_wconf 84' lang='grc' dir='ltr'>γοῦν</span> <span class='ocrx_word' id='word_1_742' title='bbox 2739 4659 2833 4712; x_wconf 76' lang='grc' dir='ltr'><strong><em>καὶ</em></strong></span> <span class='ocrx_word' id='word_1_743' title='bbox 2867 4657 3100 4712; x_wconf 73' lang='grc' dir='ltr'>ἐνταῦθα</span> <span class='ocrx_word' id='word_1_744' title='bbox 3132 4657 3401 4710; x_wconf 81' lang='grc' dir='ltr'>λέλεκται·</span> <span class='ocrx_word' id='word_1_745' title='bbox 3449 4654 3577 4723; x_wconf 82' lang='grc' dir='ltr'><strong><em>Ζωὴ</em></strong></span> <span class='ocrx_word' id='word_1_746' title='bbox 3609 4654 3677 4707; x_wconf 85' lang='grc' dir='ltr'><em>ἐν</em></span> <span class='ocrx_word' id='word_1_747' title='bbox 3704 4651 3790 4720; x_wconf 86' lang='grc' dir='ltr'><strong><em>τῷ</em></strong></span> 
     </span>
    </p>
   </div>
   <div class='ocr_carea' id='block_1_104' title="bbox 2211 4745 3789 4820">
    <p class='ocr_par' dir='ltr' id='par_1_104' title="bbox 2211 4745 3789 4820">
     <span class='ocr_line' id='line_1_104' title="bbox 2211 4745 3789 4820; baseline -0.005 -14"><span class='ocrx_word' id='word_1_748' title='bbox 2211 4751 2493 4820; x_wconf 65' lang='grc' dir='ltr'><strong><em>θελήματι</em></strong></span> <span class='ocrx_word' id='word_1_749' title='bbox 2542 4751 2756 4804; x_wconf 77' lang='grc' dir='ltr'>αὐτοῦ’</span> <span class='ocrx_word' id='word_1_750' title='bbox 2812 4751 2871 4804; x_wconf 81' lang='grc' dir='ltr'>οὐ</span> <span class='ocrx_word' id='word_1_751' title='bbox 2920 4749 3030 4820; x_wconf 76' lang='grc' dir='ltr'>γὰρ</span> <span class='ocrx_word' id='word_1_752' title='bbox 3085 4749 3230 4820; x_wconf 74' lang='grc' dir='ltr'><strong><em>ὀργὴ</em></strong></span> <span class='ocrx_word' id='word_1_753' title='bbox 3275 4749 3344 4801; x_wconf 84' lang='grc' dir='ltr'><em>ἐν</em></span> <span class='ocrx_word' id='word_1_754' title='bbox 3381 4747 3462 4813; x_wconf 81' lang='grc' dir='ltr'><strong><em>τῷ</em></strong></span> <span class='ocrx_word' id='word_1_755' title='bbox 3502 4745 3789 4814; x_wconf 77' lang='grc' dir='ltr'>θελήματι</span> 
     </span>
    </p>
   </div>
   <div class='ocr_carea' id='block_1_105' title="bbox 2209 4838 3789 4913">
    <p class='ocr_par' dir='ltr' id='par_1_105' title="bbox 2209 4838 3789 4913">
     <span class='ocr_line' id='line_1_105' title="bbox 2209 4838 3789 4913; baseline -0.004 -17"><span class='ocrx_word' id='word_1_756' title='bbox 2209 4843 2414 4896; x_wconf 84' lang='grc' dir='ltr'>αὐτοῦ.</span> <span class='ocrx_word' id='word_1_757' title='bbox 2485 4841 2642 4912; x_wconf 75' lang='grc' dir='ltr'>Παρὰ</span> <span class='ocrx_word' id='word_1_758' title='bbox 2706 4841 3022 4913; x_wconf 83' lang='grc' dir='ltr'>προαίρεσιν</span> <span class='ocrx_word' id='word_1_759' title='bbox 3079 4840 3136 4892; x_wconf 81' lang='grc' dir='ltr'>δὲ</span> <span class='ocrx_word' id='word_1_760' title='bbox 3189 4839 3323 4892; x_wconf 83' lang='grc' dir='ltr'>Θεοῦ</span> <span class='ocrx_word' id='word_1_761' title='bbox 3379 4839 3472 4893; x_wconf 78' lang='grc' dir='ltr'>καὶ</span> <span class='ocrx_word' id='word_1_762' title='bbox 3521 4838 3672 4908; x_wconf 76' lang='grc' dir='ltr'>παρὰ</span> <span class='ocrx_word' id='word_1_763' title='bbox 3724 4839 3789 4890; x_wconf 78' lang='grc' dir='ltr'>τὸ</span> 
     </span>
    </p>
   </div>
   <div class='ocr_carea' id='block_1_106' title="bbox 2213 4929 3788 5005">
    <p class='ocr_par' dir='ltr' id='par_1_106' title="bbox 2213 4929 3788 5005">
     <span class='ocr_line' id='line_1_106' title="bbox 2213 4929 3788 5005; baseline -0.002 -18"><span class='ocrx_word' id='word_1_764' title='bbox 2213 4935 2460 5005; x_wconf 78' lang='grc' dir='ltr'>βούλημα</span> <span class='ocrx_word' id='word_1_765' title='bbox 2510 4935 2676 4988; x_wconf 83' lang='grc' dir='ltr'>αὑτοῦ</span> <span class='ocrx_word' id='word_1_766' title='bbox 2731 4937 2844 4997; x_wconf 84' lang='grc' dir='ltr'>τοῖς</span> <span class='ocrx_word' id='word_1_767' title='bbox 2893 4933 3266 5005; x_wconf 80' lang='grc' dir='ltr'>ἁμαρτάνουσι</span> <span class='ocrx_word' id='word_1_768' title='bbox 3325 4929 3788 4994; x_wconf 80' lang='grc' dir='ltr'>κατασκευάζεται</span> 
     </span>
    </p>
   </div>
   <div class='ocr_carea' id='block_1_107' title="bbox 2211 5020 3790 5097">
    <p class='ocr_par' dir='ltr' id='par_1_107' title="bbox 2211 5020 3790 5097">
     <span class='ocr_line' id='line_1_107' title="bbox 2211 5020 3790 5097; baseline -0.001 -21"><span class='ocrx_word' id='word_1_769' title='bbox 2211 5023 2382 5093; x_wconf 67' lang='grc' dir='ltr'>θυμὸς</span> <span class='ocrx_word' id='word_1_770' title='bbox 2435 5023 2528 5076; x_wconf 72' lang='grc' dir='ltr'>καὶ</span> <span class='ocrx_word' id='word_1_771' title='bbox 2584 5024 2750 5095; x_wconf 81' lang='grc' dir='ltr'>ὀργή·</span> <span class='ocrx_word' id='word_1_772' title='bbox 2812 5024 2840 5076; x_wconf 82' lang='grc' dir='ltr'>ὃ</span> <span class='ocrx_word' id='word_1_773' title='bbox 2887 5024 2951 5095; x_wconf 81' lang='grc' dir='ltr'><strong><em>δὴ</em></strong></span> <span class='ocrx_word' id='word_1_774' title='bbox 3002 5025 3332 5097; x_wconf 86' lang='grc' dir='ltr'>παρίστησιν</span> <span class='ocrx_word' id='word_1_775' title='bbox 3383 5024 3412 5076; x_wconf 91' lang='lat'><strong><em>6</em></strong></span> <span class='ocrx_word' id='word_1_776' title='bbox 3469 5020 3790 5086; x_wconf 77' lang='grc' dir='ltr'>’Δπόστολος</span> 
     </span>
    </p>
   </div>
   <div class='ocr_carea' id='block_1_108' title="bbox 2213 5111 3786 5185">
    <p class='ocr_par' dir='ltr' id='par_1_108' title="bbox 2213 5111 3786 5185">
     <span class='ocr_line' id='line_1_108' title="bbox 2213 5111 3786 5185; baseline -0.003 -17"><span class='ocrx_word' id='word_1_777' title='bbox 2213 5117 2388 5184; x_wconf 79' lang='grc' dir='ltr'>φήσας</span> <span class='ocrx_word' id='word_1_778' title='bbox 2410 5131 2422 5144; x_wconf 81' lang='grc'><em>’</em></span> <span class='ocrx_word' id='word_1_779' title='bbox 2461 5116 2530 5166; x_wconf 86' lang='grc' dir='ltr'><strong>Ἦ</strong></span> <span class='ocrx_word' id='word_1_780' title='bbox 2557 5115 2662 5168; x_wconf 87' lang='grc' dir='ltr'><strong><em>τοῦ</em></strong></span> <span class='ocrx_word' id='word_1_781' title='bbox 2695 5117 2963 5170; x_wconf 78' lang='grc' dir='ltr'>πλούτου</span> <span class='ocrx_word' id='word_1_782' title='bbox 2997 5116 3108 5184; x_wconf 76' lang='grc' dir='ltr'><strong><em>τῆς</em></strong></span> <span class='ocrx_word' id='word_1_783' title='bbox 3132 5115 3543 5185; x_wconf 79' lang='grc' dir='ltr'>χρηστότητος</span> <span class='ocrx_word' id='word_1_784' title='bbox 3577 5111 3786 5175; x_wconf 85' lang='grc' dir='ltr'>αὐτοῦ,</span> 
     </span>
    </p>
   </div>
   <div class='ocr_carea' id='block_1_109' title="bbox 2212 5203 3790 5275">
    <p class='ocr_par' dir='ltr' id='par_1_109' title="bbox 2212 5203 3790 5275">
     <span class='ocr_line' id='line_1_109' title="bbox 2212 5203 3790 5275; baseline -0.001 -20"><span class='ocrx_word' id='word_1_785' title='bbox 2212 5203 2310 5255; x_wconf 78' lang='grc' dir='ltr'><strong><em>καὶ</em></strong></span> <span class='ocrx_word' id='word_1_786' title='bbox 2349 5203 2458 5270; x_wconf 78' lang='grc' dir='ltr'><strong><em>τῆς</em></strong></span> <span class='ocrx_word' id='word_1_787' title='bbox 2488 5203 2720 5272; x_wconf 82' lang='grc' dir='ltr'><em>ἀνοχῆς</em></span> <span class='ocrx_word' id='word_1_788' title='bbox 2765 5206 2862 5258; x_wconf 78' lang='grc' dir='ltr'><em>καὶ</em></span> <span class='ocrx_word' id='word_1_789' title='bbox 2904 5204 3010 5273; x_wconf 75' lang='grc' dir='ltr'><strong><em>τῆς</em></strong></span> <span class='ocrx_word' id='word_1_790' title='bbox 3041 5205 3453 5275; x_wconf 83' lang='grc' dir='ltr'>μακροθυμίας</span> <span class='ocrx_word' id='word_1_791' title='bbox 3493 5219 3790 5271; x_wconf 59' lang='grc' dir='ltr'><em>καταφρο-</em></span> 
     </span>
    </p>
   </div>
   <div class='ocr_carea' id='block_1_110' title="bbox 2210 5291 3793 5364">
    <p class='ocr_par' dir='ltr' id='par_1_110' title="bbox 2210 5291 3793 5364">
     <span class='ocr_line' id='line_1_110' title="bbox 2210 5291 3793 5364; baseline 0 -20"><span class='ocrx_word' id='word_1_792' title='bbox 2210 5291 2370 5358; x_wconf 81' lang='grc' dir='ltr'>νεῖς;</span> <span class='ocrx_word' id='word_1_793' title='bbox 2431 5291 2685 5362; x_wconf 73' lang='grc' dir='ltr'>ἀγνοῶν,</span> <span class='ocrx_word' id='word_1_794' title='bbox 2740 5294 2830 5348; x_wconf 84' lang='grc' dir='ltr'><strong><em>ὅτι</em></strong></span> <span class='ocrx_word' id='word_1_795' title='bbox 2885 5295 2950 5348; x_wconf 82' lang='grc' dir='ltr'><strong><em>τὸ</em></strong></span> <span class='ocrx_word' id='word_1_796' title='bbox 3005 5295 3272 5364; x_wconf 75' lang='grc' dir='ltr'>χρηστὸν</span> <span class='ocrx_word' id='word_1_797' title='bbox 3330 5295 3433 5348; x_wconf 82' lang='grc' dir='ltr'><strong><em>τοῦ</em></strong></span> <span class='ocrx_word' id='word_1_798' title='bbox 3493 5292 3640 5346; x_wconf 85' lang='grc' dir='ltr'>Θεοῦ</span> <span class='ocrx_word' id='word_1_799' title='bbox 3699 5294 3793 5358; x_wconf 69' lang='lat' dir='ltr'><strong><em>sic</em></strong></span> 
     </span>
    </p>
   </div>
   <div class='ocr_carea' id='block_1_111' title="bbox 2201 5380 3792 5452">
    <p class='ocr_par' dir='ltr' id='par_1_111' title="bbox 2201 5380 3792 5452">
     <span class='ocr_line' id='line_1_111' title="bbox 2201 5380 3792 5452; baseline 0.003 -20"><span class='ocrx_word' id='word_1_800' title='bbox 2201 5381 2527 5450; x_wconf 81' lang='grc' dir='ltr'><strong><em>μετάνοιάν</em></strong></span> <span class='ocrx_word' id='word_1_801' title='bbox 2557 5399 2630 5436; x_wconf 84' lang='grc' dir='ltr'><strong><em>σε</em></strong></span> <span class='ocrx_word' id='word_1_802' title='bbox 2657 5382 2800 5452; x_wconf 77' lang='grc' dir='ltr'>ἄγει.</span> <span class='ocrx_word' id='word_1_803' title='bbox 2832 5385 2993 5438; x_wconf 80' lang='grc' dir='ltr'><strong><em>Κατὰ</em></strong></span> <span class='ocrx_word' id='word_1_804' title='bbox 3023 5384 3091 5436; x_wconf 78' lang='grc' dir='ltr'><strong><em>δὲ</em></strong></span> <span class='ocrx_word' id='word_1_805' title='bbox 3120 5385 3233 5452; x_wconf 84' lang='grc' dir='ltr'><strong><em>τὴν</em></strong></span> <span class='ocrx_word' id='word_1_806' title='bbox 3261 5380 3645 5451; x_wconf 78' lang='grc' dir='ltr'>σκληρότητά</span> <span class='ocrx_word' id='word_1_807' title='bbox 3669 5395 3792 5437; x_wconf 82' lang='grc' dir='ltr'>σου</span> 
     </span>
    </p>
   </div>
   <div class='ocr_carea' id='block_1_112' title="bbox 531 5472 3795 5552">
    <p class='ocr_par' dir='ltr' id='par_1_112' title="bbox 531 5472 3795 5552">
     <span class='ocr_line' id='line_1_112' title="bbox 531 5472 3795 5552; baseline -0.004 -14"><span class='ocrx_word' id='word_1_808' title='bbox 531 5485 628 5539; x_wconf 72' lang='grc' dir='ltr'><em>καὶ</em></span> <span class='ocrx_word' id='word_1_809' title='bbox 680 5482 1083 5552; x_wconf 82' lang='grc' dir='ltr'>ἀμετανόητον</span> <span class='ocrx_word' id='word_1_810' title='bbox 1129 5479 1412 5547; x_wconf 76' lang='grc' dir='ltr'><em>καρδίαν,</em></span> <span class='ocrx_word' id='word_1_811' title='bbox 1478 5473 1856 5542; x_wconf 77' lang='grc' dir='ltr'>θησαυρίζεις</span> <span class='ocrx_word' id='word_1_812' title='bbox 1905 5472 2139 5539; x_wconf 84' lang='grc' dir='ltr'>σεαυτῷ</span> <span class='ocrx_word' id='word_1_813' title='bbox 2192 5475 2380 5542; x_wconf 79' lang='grc' dir='ltr'><em>ὀργὴν</em></span> <span class='ocrx_word' id='word_1_814' title='bbox 2430 5477 2500 5529; x_wconf 83' lang='grc' dir='ltr'><em>ἐν</em></span> <span class='ocrx_word' id='word_1_815' title='bbox 2550 5477 2740 5547; x_wconf 74' lang='grc' dir='ltr'><strong><em>ἡμέρᾳ</em></strong></span> <span class='ocrx_word' id='word_1_816' title='bbox 2793 5479 2975 5549; x_wconf 74' lang='grc' dir='ltr'>ὀργῆς</span> <span class='ocrx_word' id='word_1_817' title='bbox 3032 5481 3132 5534; x_wconf 77' lang='grc' dir='ltr'><strong><em>καὶ</em></strong></span> <span class='ocrx_word' id='word_1_818' title='bbox 3191 5479 3626 5549; x_wconf 66' lang='grc' dir='ltr'><strong><em>ἀποκαλύψεως</em></strong></span> <span class='ocrx_word' id='word_1_819' title='bbox 3686 5473 3795 5533; x_wconf 65' lang='grc' dir='ltr'><em>καὶ</em></span> 
     </span>
    </p>
   </div>
   <div class='ocr_carea' id='block_1_113' title="bbox 531 5566 2798 5642">
    <p class='ocr_par' dir='ltr' id='par_1_113' title="bbox 531 5566 2798 5642">
     <span class='ocr_line' id='line_1_113' title="bbox 531 5566 2798 5642; baseline -0.01 -9"><span class='ocrx_word' id='word_1_820' title='bbox 531 5575 964 5642; x_wconf 80' lang='grc' dir='ltr'>δικαιοκρισίας</span> <span class='ocrx_word' id='word_1_821' title='bbox 1011 5572 1114 5625; x_wconf 88' lang='grc' dir='ltr'><strong><em>τοῦ</em></strong></span> <span class='ocrx_word' id='word_1_822' title='bbox 1171 5571 1354 5634; x_wconf 86' lang='grc' dir='ltr'>Θεοῦ,</span> <span class='ocrx_word' id='word_1_823' title='bbox 1402 5570 1470 5632; x_wconf 83' lang='grc' dir='ltr'>ὃς</span> <span class='ocrx_word' id='word_1_824' title='bbox 1516 5568 1814 5622; x_wconf 81' lang='grc' dir='ltr'>ἀποδώσει</span> <span class='ocrx_word' id='word_1_825' title='bbox 1873 5566 2105 5630; x_wconf 78' lang='grc' dir='ltr'><strong><em>ἑκάστῳ</em></strong></span> <span class='ocrx_word' id='word_1_826' title='bbox 2141 5569 2290 5622; x_wconf 80' lang='grc' dir='ltr'><em>κατὰ</em></span> <span class='ocrx_word' id='word_1_827' title='bbox 2328 5569 2398 5622; x_wconf 88' lang='grc' dir='ltr'><em>τὰ</em></span> <span class='ocrx_word' id='word_1_828' title='bbox 2429 5569 2571 5639; x_wconf 76' lang='grc' dir='ltr'>ἔργα</span> <span class='ocrx_word' id='word_1_829' title='bbox 2595 5572 2798 5626; x_wconf 67' lang='grc' dir='ltr'><strong><em>αὑτοῦ,</em></strong></span> 
     </span>
    </p>
   </div>
   <div class='ocr_carea' id='block_1_114' title="bbox 601 5743 1800 5814">
    <p class='ocr_par' dir='ltr' id='par_1_114' title="bbox 601 5743 1800 5814">
     <span class='ocr_line' id='line_1_114' title="bbox 601 5743 1800 5814; baseline 0.002 -7"><span class='ocrx_word' id='word_1_830' title='bbox 601 5756 649 5789; x_wconf 69' lang='grc'><strong><em>⁸⁸</em></strong></span> <span class='ocrx_word' id='word_1_831' title='bbox 687 5753 882 5810; x_wconf 78' lang='lat' dir='ltr'><strong><em>Ezech.</em></strong></span> <span class='ocrx_word' id='word_1_832' title='bbox 926 5767 1092 5814; x_wconf 71' lang='lat' dir='ltr'><strong><em>xvnt,</em></strong></span> <span class='ocrx_word' id='word_1_833' title='bbox 1123 5748 1210 5804; x_wconf 67' lang='lat'><strong><em>93.</em></strong></span> <span class='ocrx_word' id='word_1_834' title='bbox 1290 5745 1334 5778; x_wconf 76' lang='lat'><strong>“</strong></span> <span class='ocrx_word' id='word_1_835' title='bbox 1377 5743 1530 5799; x_wconf 65' lang='lat' dir='ltr'><strong><em>“0m-</em></strong></span> <span class='ocrx_word' id='word_1_836' title='bbox 1571 5759 1606 5798; x_wconf 81' lang='grc' dir='ltr'>ιι</span> <span class='ocrx_word' id='word_1_837' title='bbox 1632 5786 1644 5810; x_wconf 76' lang='lat'><em>.</em></span> <span class='ocrx_word' id='word_1_838' title='bbox 1684 5744 1800 5799; x_wconf 65' lang='lat'><strong><em>4-6-</em></strong></span> 
     </span>
    </p>
   </div>
  </div>
