4010 6558
260 337 358 393 261

1379 333 1880 392 COMMENTARIA
1917 334 1985 391 IN
2023 334 2367 391 PSALMOS.

3392 334 3498 393 26!

337 453 477 523 Ἐγὼ
513 453 581 508 δὲ
613 453 752 507 εἶπα
792 454 863 507 ἐν
904 453 978 521 τῇ
1015 454 1263 521 εὐθηνίᾳ
1300 472 1438 524 μου·
1479 458 1562 510 Οὐ
1589 454 1676 525 μὴ
1714 470 1823 509 σα-

1999 452 2163 510 Vsns.
2200 455 2255 518 7,
2281 455 2334 509 8.
2381 452 2491 523 Ego
2528 460 2704 506 autem
2739 452 2854 505 dixi
2884 452 2939 507 in
2973 448 3301 507 abundantia
3345 466 3482 505 mea.

258 544 447 602 λευΘῶ
475 546 562 612 εις
589 546 696 598 τὸν
723 544 923 599 αἰῶνα.
951 547 1159 600 Δικαιοῖ
1182 545 1280 616 τὴν
1302 547 1480 618 κρίσιν
1509 547 1599 601 τοῦ
1624 547 1824 618 Κυρίου

258 635 528 706 ὁμολογῶν
576 635 737 687 πόθεν
783 634 932 705 αὑτῷ
966 634 1310 705 συμϐέϐηκεν
1353 635 1385 706 ἡ
1426 636 1660 699 πτῶσιςο
1706 636 1826 690 δέον

262 727 366 799 γὰρ
404 726 612 779 ἑστῶτα
643 726 701 778 ἐν
739 729 807 796 τῇ
844 724 994 796 παρὰ
1030 723 1107 795 τῷ
1135 725 1252 796 θεῷ
1285 726 1471 780 στάσει
1516 727 1825 798 μεμνῆσθαι

260 816 346 870 τοῦ
384 816 681 885 φάσκοντος
721 815 880 884 λόγου
900 832 912 845 ·
949 816 1002 868 '0
1023 815 1217 869 δοκῶν
1247 815 1516 880 ἑστάναι,
1545 816 1825 881 ,ϐλεπέτω

258 907 339 975 μὴ
389 905 584 976 πέσῃ,
636 907 917 977 ὁμολογεῖν
963 925 1023 960 τε
1046 906 1121 977 τῷ
1161 906 1279 978 Θεῷ
1323 908 1483 978 χάριν
1536 907 1676 980 ὑπὲρ
1728 909 1827 980 τῆς

264 998 525 1061 στάσεως.
571 999 629 1051 '0
655 998 731 1062 δὲ,
783 1000 883 1052 οὑκ
928 999 1101 1071 ὀρθῶς
1154 1000 1528 1072 λογισάμενος,
1553 1002 1704 1073 παρά
1730 1003 1828 1074 τὴν

264 1089 426 1142 αὑτοῦ
461 1091 657 1162 ἀρετὴν
697 1093 755 1145 ἐν
789 1093 901 1155 τοῖς
933 1092 1237 1156 καλλίστοις
1283 1093 1505 1148 ἑστάναι
1546 1093 1824 1165 ἐνόμιζεν·

266 1181 527 1250 ἀπέφαινὲ
559 1198 616 1235 τε
651 1183 839 1237 ἑαυτὸν
871 1184 964 1236 καὶ
1004 1184 1270 1256 ἄτρεπτον
1302 1186 1395 1239 καὶ
1433 1185 1825 1258 ἀμετάϐλητον.

264 1273 542 1339 Κύριε,ἐγ
583 1270 663 1337 τῷ
695 1270 981 1341 θελήματι
1017 1289 1134 1326 σου
1166 1273 1474 1343 παρέσχου
1508 1274 1588 1340 τῷ
1619 1275 1829 1330 κάλλει

259 1383 377 1436 μου
425 1365 695 1434 δύναμιν.
760 1365 909 1419 Ἐπεὶ
961 1365 1134 1419 ταῦτα
1184 1366 1255 1419 τὰ
1310 1369 1683 1439 προειρημένα
1730 1370 1830 1421 οὑκ

263 1450 438 1522 ὀρθῶς
482 1451 781 1519 ἐλογίζετο,
826 1452 995 1520 ἔγνω,
1029 1454 1110 1506 ὅτι
1144 1454 1176 1524 ἡ
1213 1454 1400 1519 στάσις
1432 1456 1593 1509 αὑτοῦ
1624 1459 1828 1527 ἐκείνη,

266 1543 356 1595 καὶ
395 1544 427 1612 ἡ
461 1541 680 1611 εὑθηνία
717 1542 811 1597 καὶ
840 1542 900 1596 τὸ
937 1545 1137 1616 προσὸν
1162 1546 1310 1616 αὑτῷ
1341 1546 1461 1600 τότε
1509 1548 1701 1612 κάλλος
1733 1549 1832 1602 οὑκ

261 1627 327 1705 ἦν
365 1634 423 1700 ἐξ
460 1634 645 1700 αὑτοῦ,
679 1635 798 1689 οὑδὲ
837 1636 988 1709 παρά
1014 1638 1111 1709 τὴν
1145 1639 1335 1692 ἑαυτοῦ
1379 1640 1557 1693 αἰτίαν
1588 1641 1831 1711 ὑπῆρχεν

256 1725 424 1796 αὑτῷ.
470 1726 563 1779 Διὸ
594 1728 1082 1800 ἐξομολογούμενος
1128 1731 1303 1785 ταῦτά
1354 1750 1517 1803 φησιν
1560 1733 1704 1805 ἔργῳ
1734 1736 1831 1805 τὴν

1930 545 2053 599 Non
2087 545 2329 600 movebar
2362 545 2414 598 in
2447 553 2725 598 mternum.
2751 541 3027 599 Iudicium
3056 541 3263 599 Domini
3283 542 3495 613 justum

1927 652 2050 692 esse
2082 636 2425 705 comprobat,
2453 634 2583 688 dum
2618 632 2914 688 conﬁtetur
2956 632 3097 689 unde
3151 632 3259 689 sibi
3309 634 3501 704 lapsus

1927 728 2155 781 venerit.
2191 724 2345 795 Opus
2375 727 2520 780 enim
2548 734 2631 779 est
2651 739 2799 785 eum.
2835 725 2930 794 qui
2960 739 3145 779 coram
3200 722 3310 778 Deo
3337 737 3478 777 con-

1928 820 2095 885 sistit,
2131 818 2453 873 meminisse
2484 816 2649 886 hujus
2672 817 2827 881 dicti,
2857 816 2961 882 Qui
2992 814 3196 870 videtur
3218 826 3385 878 stare,
3419 815 3501 870 ui-

1926 910 2050 965 deat
2074 928 2137 966 ne
2165 910 2323 965 cadat
2370 910 2440 976 ",
2496 923 2559 963 ac
2607 908 2836 962 Domino
2870 908 3102 979 gratiam
3134 907 3201 962 de
3236 916 3380 962 statu
3406 906 3503 961 illo

1927 1001 2191 1071 proﬁteri.
2226 1004 2296 1055 At
2320 1001 2411 1055 ille
2450 1014 2559 1053 non
2587 999 2723 1054 bene
2762 1014 2946 1054 secum
2975 1009 3259 1068 reputans,
3294 1012 3359 1052 ex
3395 1011 3497 1052 sua

1928 1098 2129 1152 virtute
2161 1113 2219 1151 se
2246 1100 2300 1150 in
2335 1094 2615 1166 praeclaris
2638 1100 2785 1148 stare
2808 1092 3110 1146 arbitratus
3132 1098 3216 1147 est
3231 1131 3246 1155 ,
3272 1104 3504 1159 seseque

1928 1188 2347 1251 immutabilem,
2378 1185 2821 1254 immobilemque
2843 1182 3157 1238 declaravit.
3191 1181 3503 1243 Domine,“

1928 1282 2196 1335 voluntate
2230 1290 2322 1333 tua
2350 1277 2651 1347 prastitisti
2700 1276 2878 1331 decori
2908 1292 3020 1330 meo
3060 1276 3328 1330 virtutem.
3361 1272 3503 1338 Quia

1930 1374 2186 1442 superius
2240 1378 2537 1424 memorata
2587 1383 2695 1422 non
2750 1374 2904 1421 recte
2932 1365 3322 1426 :estimaverat,
3355 1362 3508 1418 novit

1929 1464 2146 1517 tandem
2176 1468 2379 1516 statum
2426 1459 2600 1523 illum,
2629 1458 2967 1520 felicitatem,
3014 1472 3077 1511 ac
3102 1456 3356 1511 decorem
3391 1467 3507 1524 quo

1932 1561 2062 1605 tunc
2099 1551 2363 1621 fulgebat,
2402 1565 2510 1604 non
2539 1565 2604 1604 ex
2634 1564 2714 1609 se,
2738 1562 2995 1618 nequese
3025 1554 3249 1601 auctore
3279 1543 3383 1600 sibi
3405 1542 3506 1598 ad-

1936 1641 2126 1695 fuisse.
2155 1640 2501 1710 Quapropter
2532 1653 2656 1692 cum
2681 1653 2744 1692 ex
2779 1652 2838 1691 re
2868 1638 2985 1707 ipsa
3028 1634 3365 1690 inﬁrmitatis
3394 1648 3511 1690 sua

1934 1731 2369 1802 experimentum
2419 1732 2680 1800 cepisset,
2738 1728 2853 1783 haec
2893 1727 3209 1787 conﬁtetur,
3272 1726 3508 1782 dicens:

262 1820 454 1888 πεῖραν
515 1820 846 1891 παραλαϐὼν
910 1823 1008 1892 τῆς
1056 1822 1251 1875 ἑαυτοῦ
1302 1804 1622 1887 ἀσθενείας·
1678 1804 1830 1879 Ἆπέ-

1943 1823 2191 1876 Avertisti
2223 1822 2412 1889 [aciem
2444 1830 2591 1874 tuam
2634 1838 2667 1874 a
2715 1836 2815 1883 tne,
2850 1827 2900 1873 et
2935 1819 3109 1889 factus
3150 1833 3268 1872 sum
3295 1826 3510 1871 contur-

257 1910 526 1976 στρεψας
553 1907 620 1961 δέ
649 1926 765 1963 σου
801 1909 866 1963 τὸ
898 1913 1238 1977 πρόσωπον,
1284 1912 1381 1965 καὶ
1422 1913 1714 1982 ἐγενήθην
1749 1932 1831 1968 ιε-

259 1997 642 2068 ταραγμένος.
681 2001 753 2053 Σὺ
788 2000 886 2070 μὲν
908 2001 1015 2073 γὰρ
1041 2001 1193 2054 οὐδὲν
1233 2002 1390 2056 πλέον
1419 2004 1678 2076 ἔπραξας,
1712 2006 1836 2059 οὑτε

259 2082 436 2153 ὦσας,
470 2090 593 2143 οὔτε
622 2093 919 2156 κατέϐαλες
938 2109 950 2121 ⁸
993 2094 1123 2148 αὑτὸ
1154 2095 1210 2148 δὲ
1238 2095 1394 2149 τοῦτο
1449 2097 1539 2152 διὰ
1567 2098 1667 2169 τὴν
1696 2098 1835 2170 ἐμὴν

263 2181 630 2252 μεγαλαυχίαν
664 2185 1043 2256 μεμονωμένον
1075 2204 1140 2257 με
1177 2188 1386 2252 εἴασας,
1424 2190 1517 2243 καὶ
1551 2191 1649 2260 τῆς
1682 2194 1833 2263 παρὰ

261 2272 355 2326 σοῦ
390 2273 645 2346 βοηθείας
686 2276 908 2347 ἔρημον.
970 2278 1369 2348 Ἄπέστρεψας
1408 2280 1473 2334 τὸ
1513 2283 1836 2349 πρόσωπόν

259 2380 374 2417 σου
396 2381 409 2394 '
445 2364 552 2433 ἐγὼ
588 2366 642 2418 δὲ
680 2370 1017 2439 παραχρῆμα
1065 2370 1392 2443 ὴλεγχόμην.
1436 2372 1533 2425 καὶ
1556 2374 1835 2443 ἐγινᾴιην

261 2455 718 2525 τεταραγμένος,
743 2459 1060 2513 ὑποπίπτων
1109 2465 1218 2525 τοῖς
1267 2464 1419 2534 ἐμοῖς
1451 2464 1829 2535 ἁμαρτήμασι,

260 2545 353 2599 καί⁵
379 2550 490 2611 τοῖς
522 2551 672 2620 ἐμοῖς
699 2551 932 2622 ἐχθροῖς.

330 2639 486 2707 Πρὸς
540 2641 649 2704 σὲ,
703 2645 897 2710 Κύριε,
934 2644 1322 2715 κεκράξομαι,
1376 2647 1475 2701 καὶ
1529 2648 1679 2716 πρὸς
1725 2647 1832 2701 τὸν

262 2732 409 2785 Θεόν
433 2751 551 2802 μου
579 2733 964 2805 δενρθήονομαι.
1018 2738 1111 2803 Τίς
1138 2737 1390 2807 ὠφέλεια
1418 2740 1488 2793 ἐν
1517 2740 1595 2805 τῷ
1629 2741 1832 2809 αἵματί

253 2842 395 2893 μου,
431 2825 503 2878 ἐν
539 2826 617 2892 τῷ
657 2827 984 2895 καταϐῆνιιί
1023 2848 1099 2899 με
1142 2833 1228 2896 εἰς
1272 2831 1632 2901 διαφθοράν-ς
1673 2834 1830 2887 Κατά

258 2914 315 2968 δὲ
350 2916 439 2969 τὸν
464 2915 774 2989 Σύμμαχον·
792 2920 893 2975 Ἐν
912 2920 1034 2988 τοῖς
1049 2923 1252 2987 κακοῖς
1264 2927 1583 2993 γενόμενος
1594 2922 1825 2995 ἔλεγον

258 3007 415 3076 Πρὸς
452 3008 547 3073 σὲ,
577 3012 773 3077 Κύριε,
815 3011 1050 3077 βοήσω,
1106 3013 1206 3066 καί
1252 3029 1326 3067 σε
1374 3013 1481 3067 τὸν
1524 3014 1830 3082 δεσπότην

253 3117 373 3167 μου
424 3101 710 3154 Ικετεύσω
734 3118 749 3131 ·
805 3102 863 3155 τί
912 3101 1122 3171 κέρδος
1177 3103 1247 3156 ἐν
1302 3102 1381 3168 τῷ
1430 3104 1632 3173 αῖματί
1674 3122 1824 3175 μου,

259 3186 717 3258 κατενεχθέντος
760 3209 879 3259 μου
930 3195 1019 3257 εἰς
1059 3192 1424 3260 διαφθοράν;
1479 3193 1574 3261 Mi)
1628 3195 1829 3265 ἐξομο-

257 3281 584 3353 λογήσεται
614 3297 714 3338 σοι
747 3285 934 3351 κόνις,
975 3285 1014 3354 ἢ
1048 3286 1378 3357 ἀπαγγελεῖ
1402 3287 1515 3355 τὴν
1544 3288 1832 3356 ἀλήθειάν

255 3387 413 3438 σου;
451 3371 635 3429 Ταῦτα
679 3377 773 3429 καὶ
812 3375 882 3428 τὰ
921 3375 1129 3440 τούτοις
1176 3376 1528 3449 παραπλήσια
1585 3378 1829 3443 ἱκετεύω,

259 3460 501 3517 κάτωθεν
532 3465 777 3536 κραυγὰς
806 3465 984 3535 ἀφιεὶς
1015 3466 1121 3519 ἀπὺ
1152 3466 1245 3519 τοῦ
1278 3466 1578 3538 βαθυτάτου
1605 3467 1828 3531 λάκκου,

259 3553 563 3626 πυθόμενος
605 3556 679 3619 ὡς
732 3557 881 3628 παρά
928 3557 1247 3611 διδασκάλου
1298 3559 1485 3629 μαθεῖν
1541 3560 1688 3633 παρά
1737 3560 1829 3615 σοῦ

255 3644 353 3699 τοῦ
380 3645 535 3700 Θεοῦ.
586 3648 681 3711 Τίς
724 3647 959 3716 ὠφέλεια
984 3648 1192 3717 γίνεται
1227 3649 1407 3720 ῆέμοὶ
1446 3651 1479 3722 ἦ
1517 3653 1724 3723 ἑτέροις
1768 3653 1833 3705 ἐκ

254 3735 353 3791 τοῦ
387 3737 521 3808 ἐμοῦ
554 3740 816 3808 αῖματος;
859 3741 932 3792 Ἢ
974 3741 1025 3793 τί
1064 3741 1224 3793 πλέον
1255 3740 1559 3811 ἀνθρώποις
1601 3742 1833 3814 ὑπάρξει

256 3829 324 3881 ἐκ
352 3828 445 3881 τοῦ
474 3830 570 3899 ἐμὲ
594 3829 765 3883 ἐλθεῖν
788 3833 867 3894 εἰς
893 3831 1221 3905 διαφθοράν;
1258 3833 1471 3905 Ἐτέρου
1513 3834 1611 3905 μὲν
1640 3835 1745 3905 γὰρ
1775 3837 1832 3888 ἐν

255 3919 337 3991 τῷ
381 3920 571 3991 αἵματι
616 3922 846 3994 ὑπάρξει
889 3923 1055 3995 πολλή
1098 3942 1181 3988 τις
1219 3924 1309 3978 καὶ
1358 3924 1565 3996 μεγάλη
1600 3925 1833 3994 ὠφέλεια

256 4012 338 4084 τῷ
366 4013 528 4066 παντὶ
567 4015 789 4088 κόσμῳ·
825 4016 1043 4072 ἐπειδὰν
1088 4020 1117 4071 6
1146 4018 1237 4081 σὸς
1267 4017 1439 4090 ἀμνὸς
1477 4019 1506 4070 6
1534 4019 1703 4089 αἴρων
1737 4018 1833 4088 τὴν

255 4104 533 4176 ἁμαρτίαν
585 4105 677 4160 τοῦ
729 4107 932 4179 κόσμου
957 4149 973 4172 ,
1024 4109 1099 4173 ὡς
1153 4108 1423 4180 πρόϐατον
1478 4108 1571 4161 ἐπὶ
1622 4107 1833 4179 σφαγὴν

256 4195 425 4261 ἔλθοι,
451 4200 545 4252 καὶ
590 4200 665 4264 ὡς
691 4201 861 4271 ἀμνὸς
886 4203 1127 4256 ἐναντίον
1156 4202 1250 4255 τοῦ
1281 4202 1560 4273 κείραντος
1600 4202 1829 4267 ἄφωνος.

257 4288 461 4342 Τούτου
512 4289 620 4361 γὰρ
679 4290 758 4361 τῷ
809 4293 996 4362 αἵματι
1067 4292 1443 4363 ἀπολύτρωσις
1506 4293 1598 4345 καὶ
1648 4290 1833 4344 κακῶν

256 4380 541 4453 ἐλευθερία
559 4384 689 4437 πᾶσι
707 4386 820 4446 τοῖς
835 4384 901 4437 δι’
917 4382 1081 4437 αὑτοῦ
1105 4382 1501 4453 σωθησομένοις
1522 4384 1829 4454 γενήσεται.

1944 1914 2119 1969 batus.
2155 1912 2236 1966 Tu
2268 1913 2487 1983 quidem
2519 1912 2656 1965 nihil
2697 1910 2929 1965 ulterius
2970 1909 3221 1972 eiiecisti,
3255 1923 3363 1962 non
3410 1910 3510 1962 iut-

1941 2007 2129 2077 pulisti
2177 2021 2353 2075 neque
2387 2005 2636 2074 deiecisti
2668 2019 2793 2070 me;
2841 2003 2895 2057 id
2946 2010 3153 2061 tantmn
3186 2001 3508 2071 praestitisti.

1943 2106 2002 2150 ut
2032 2112 2118 2150 me
2151 2103 2371 2166 propter
2421 2092 2793 2162 arrogantiam
2840 2106 3017 2145 meam
3069 2092 3270 2155 soluat,
3304 2098 3509 2159 tuaque

1940 2205 2043 2258 ope
2074 2203 2307 2241 vacuum
2361 2187 2647 2241 descreres
2685 2203 2698 2238 :
2750 2183 3001 2237 Avertisti
3036 2183 3226 2252 facient
3258 2192 3427 2247 tuam,
3454 2191 3513 2237 ιι

1938 2295 2038 2349 (ξεο
2063 2278 2356 2333 confestim
2381 2278 2690 2340 convictus,
2717 2275 2892 2344 {actus
2920 2292 3038 2328 sum
3062 2274 3430 2340 conturbatus,
3453 2275 3512 2329 in

1938 2379 2159 2442 peccata
2191 2387 2309 2427 mea
2341 2372 2551 2441 lapsus,
2589 2376 2643 2426 et
2676 2366 2915 2423 inimicis
2943 2367 3080 2425 meis
3117 2367 3369 2422 traditus.

2004 2652 2172 2707 Vens.
2199 2652 2254 2717 9,
2282 2652 2367 2706 i0.
2408 2649 2490 2704 Ad
2534 2660 2600 2713 te,
2628 2649 2865 2713 Domine,
2896 2649 3158 2715 clamabo,
3181 2655 3232 2702 et
3257 2646 3326 2700 ad
3347 2645 3515 2700 Detur.

1935 2760 2105 2797 meum
2149 2742 2483 2812 deprecabar.
2527 2741 2657 2807 Qua:
2708 2740 2913 2794 utilitas
2968 2741 3022 2794 in
3074 2740 3326 2809 sanguine
3372 2751 3509 2798 meo,

1933 2839 2058 2885 dum
2100 2833 2354 2887 descendo
2380 2833 2434 2885 in
2465 2833 2887 2901 corruptionem?
2917 2829 3227 2884 Secundum
3262 2826 3495 2898 Symmao

1934 2925 2095 2978 chum
2141 2936 2359 2978 autem:
2392 2922 2523 2978 Cum
2566 2924 2619 2976 in
2669 2923 2825 2975 malis
2870 2938 3034 2975 essent
3061 2961 3075 2985 ,
3122 2920 3237 2972 dixi
3270 2934 3289 2973 :
3323 2917 3403 2970 Ad
3435 2928 3505 2979 te.

1936 3016 2175 3079 Domine,
2206 3014 2467 3076 clamabo,
2496 3022 2543 3067 et
2571 3022 2616 3066 te
2649 3012 2929 3066 Dominum
2968 3026 3137 3064 meum
3166 3007 3506 3078 deprecabor.

1935 3108 2091 3177 Quod
2121 3110 2324 3162 lucrum
2356 3108 2406 3160 in
2436 3105 2688 3176 sanguine
2723 3120 2856 3165 meo,
2903 3119 2983 3157 me
3025 3102 3202 3156 delato
3238 3102 3291 3155 in
3327 3114 3514 3154 com.—

1928 3198 2195 3264 ptionem?
2243 3192 2495 3264 Nunquid
2538 3192 2872 3261 conﬁtebitur
2915 3190 3010 3243 tibi
3054 3189 3245 3258 pulvis,
3278 3196 3369 3241 aut
3416 3203 3515 3240 att-

1932 3287 2193 3343 nttntiabit
2234 3288 2500 3340 ceritatem
2530 3286 2714 3339 tuam?
2744 3282 2868 3337 litec
2893 3290 2947 3337 et
2981 3281 3068 3337 his
3091 3279 3289 3335 similia
3320 3278 3516 3349 depre-

1931 3398 2048 3445 cor,
2077 3397 2141 3437 ex
2171 3379 2375 3435 intimis
2416 3394 2481 3433 ac
2519 3394 2584 3433 ex
2633 3376 3067 3449 profundissimo
3097 3374 3219 3428 lacu
3246 3372 3514 3428 clamores

1931 3473 2207 3537 emittens,
2231 3471 2613 3539 sciscitorque,
2644 3477 2702 3523 ut
2737 3484 2767 3523 a
2798 3476 2851 3521 te
2873 3466 3005 3531 Deo,
3036 3482 3134 3522 ceu
3166 3480 3197 3519 a
3229 3464 3511 3535 magistro.

1932 3565 2185 3617 edocear.
2212 3560 2342 3627 Qua:
2367 3560 2570 3614 utilitas
2593 3568 2686 3613 aut
2714 3557 2849 3611 mihi
2878 3564 2973 3611 aut
2998 3556 3119 3611 aliis
3141 3571 3206 3610 ex
3240 3553 3513 3625 sanguine

1934 3672 2055 3709 meo
2084 3654 2401 3710 confertur?
2444 3652 2551 3707 Aut
2586 3651 2716 3722 quid
2748 3652 2982 3721 amplius
3028 3649 3340 3704 hominibus
3369 3646 3517 3702 acci-

1936 3748 2027 3801 det
2059 3746 2258 3817 [boni],
2288 3762 2336 3799 ει
2367 3744 2701 3799 descendere
2727 3744 2783 3796 in
2809 3739 3249 3812 corruptionem?
3275 3740 3341 3791 At
3367 3738 3514 3796 enim

1939 3838 1993 3891 in
2024 3838 2249 3891 alterius
2284 3836 2547 3905 sanguine
2595 3833 2763 3887 multa
2807 3846 3108 3901 magnaque
3152 3828 3361 3883 utilitas
3392 3842 3516 3882 unt-

1935 3943 2096 3983 verso
2123 3926 2326 3981 mundo
2350 3925 2605 3990 accedet;
2638 3923 2857 3992 quando
2879 3923 3066 3992 Agnus
3089 3926 3215 3973 tuus
3247 3919 3340 3991 qui
3372 3916 3515 3972 tollit

1936 4028 2217 4090 peccaturo
2254 4015 2442 4071 mundi
2467 4016 2535 4080 ⁸⁷,
2567 4015 2721 4085 quasi
2758 4014 2877 4068 ovis
2910 4014 2975 4067 ad
3007 4011 3397 4083 jugulalionem
3426 4024 3514 4062 ve-

1934 4110 2068 4171 niet,
2094 4116 2148 4161 et
2179 4115 2435 4176 tanquam
2466 4120 2638 4175 agnus
2662 4119 2845 4158 coram
2868 4100 3124 4156 tondente
3155 4116 3213 4155 se
3240 4100 3357 4155 sine
3376 4113 3509 4153 voco

1933 4198 2039 4253 erit
2059 4197 2127 4252 ⁸⁸.
2162 4195 2294 4250 Nam
2328 4211 2396 4251 ex
2420 4195 2583 4265 hujus
2616 4194 2879 4263 sanguine
2912 4191 3208 4262 redemptio
3227 4198 3281 4246 et
3301 4190 3508 4259 ereptio

1928 4306 1966 4344 »α
2001 4291 2158 4346 malis
2186 4291 2254 4344 iis
2282 4289 2407 4353 erit,
2439 4287 2532 4359 qui
2582 4303 2675 4358 per
2720 4302 2842 4342 eum
2883 4287 3111 4347 salutem
3160 4282 3506 4339 consecuturi

1936 4395 2083 4440 sunt.
2134 4382 2437 4449 Quinetiam
2491 4381 2788 4436 descensus
2829 4379 2952 4447 ejus
2990 4378 3057 4432 ad
3095 4392 3189 4432 eos
3216 4390 3389 4445 usque
3416 4373 3511 4443 qui

272 4471 433 4525 Ἀλλά
485 4473 578 4527 καὶ
620 4475 653 4545 ἡ
708 4476 1008 4539 κατάϐασις
1052 4475 1262 4528 ἐκείνου
1296 4476 1330 4545 ἡ
1363 4474 1528 4546 μέχρι
1566 4473 1674 4528 τῶν
1703 4473 1820 4526 δια-

1934 4479 1982 4533 in
2011 4482 2362 4547 corruptione
2393 4481 2447 4529 et
2493 4474 2547 4527 in
2582 4480 2755 4527 morte
2786 4478 3094 4529 versantur,
3128 4467 3313 4521 multis
3345 4478 3513 4519 causa

256 4565 594 4639 φθαρέντων,
632 4569 726 4621 καὶ
754 4570 810 4621 ἐν
843 4569 1054 4637 θανάτῳ
1080 4568 1405 4639 γενομένων,
1436 4568 1647 4631 πολλοῖς
1679 4567 1833 4620 αίτία

255 4657 536 4729 σωτηρίας
579 4656 751 4711 ἔσται.
786 4658 984 4722 Πολλὸς
1011 4658 1118 4731 γὰρ
1157 4659 1284 4730 χοῦς
1326 4659 1419 4712 καὶ
1459 4657 1627 4730 πολλὴ
1679 4657 1829 4722 κόνις

251 4750 367 4804 τῶν
395 4749 560 4802 πάλαι
599 4751 691 4802 καὶ
721 4750 990 4822 σαρκίνων
1030 4752 1122 4805 καὶ
1144 4750 1342 4821 χοῖκῶν
1401 4748 1701 4823 ἀνθρώπων
1746 4747 1831 4813 ἐξ·

252 4841 648 4912 ομολογήσεταί
685 4860 792 4895 σοι·
820 4842 869 4895 οἳ
911 4844 1004 4897 καὶ
1031 4844 1122 4895 ἐπὶ
1165 4843 1226 4896 τὸ
1267 4846 1512 4915 κρεῖττον
1562 4840 1832 4912 μεταϐλη-

253 4932 461 4996 θέντες,
511 4932 879 5001 ἀπαγγελοῦσι
927 4934 1026 5004 τὴν
1073 4932 1328 5004 ἀλήθειάν
1381 4949 1496 4986 σου.
1543 4932 1689 5002 Μήτι
1734 4927 1827 4983 οὖν

514 5024 539 5037 ο

251 5026 351 5079 καὶ
384 5027 442 5078 ἐν
472 5024 549 5095 τῷ
591 5026 708 5097 ἐμῷ
746 5026 938 5097 αἵματι
973 5026 1127 5080 ἔσται
1159 5043 1211 5079 τι
1246 5023 1485 5079 τοιοῦτον
1521 5024 1724 5093 ἀγαθὸν
1752 5023 1831 5093 τῷ

249 5120 479 5189 κῦσμῳς
548 5118 580 5190 ἧ
639 5118 1049 5187 ὡφεληθὴσεταί
1105 5136 1188 5182 τις
1239 5116 1373 5188 ἐμοῦ
1428 5116 1845 5187 κατασυρέντος-

247 5210 360 5261 ὑπὸ
390 5206 485 5262 τοῦ
513 5208 741 5262 θανάτου
766 5226 781 5276 ;
814 5210 847 5279 ἢ
880 5208 1008 5280 χοῦς
1038 5210 1131 5262 καὶ
1162 5209 1190 5259 6
1216 5209 1321 5261 ἀπὸ
1351 5207 1445 5261 τοῦ
1480 5206 1573 5277 χοῦ
1606 5206 1830 5276 ληφθεὶς

248 5300 348 5354 καὶ
383 5300 618 5369 γεγονὼς
652 5301 954 5371 ἅνθρωπος,
992 5300 1348 5371 μεταϐληθεὶς
1373 5299 1484 5353 άπὸ
1516 5297 1607 5351 τοῦ
1642 5296 1825 5368 χοϊκοῦ

246 5393 345 5445 καὶ
372 5393 657 5463 γενόμενος
705 5394 1085 5464 πνευματικὸς,
1115 5392 1416 5461 ἀπαγγελεῖ
1446 5390 1544 5463 τὴν
1570 5390 1826 5463 ἀλήθειάν

248 5501 387 5548 σονς
446 5485 604 5539 Ἀλλά
648 5488 755 5557 γὰρ
795 5485 949 5538 οὐδὲν
988 5484 1139 5539 ἔσται
1182 5484 1241 5548 ἐξ
1275 5482 1405 5554 ἐμοῦ
1435 5481 1703 5536 τοιοῦτον
1746 5483 1826 5537 διὸ

247 5574 484 5629 ἱκετεύω
550 5578 624 5649 μὴ
679 5577 1011 5650 ὁμοιωθῆναι
1084 5580 1194 5640 τοῖς
1269 5575 1681 5631 καταϐαίνουσιν
1742 5581 1825 5642 εις

249 5672 275 5717 λ
286 5674 473 5722 ακκον.

321 5786 370 5817 ⁸*
410 5786 430 5841 l
469 5787 596 5841 Cor.
634 5802 700 5852 ι,
740 5787 828 5841 12.
900 5787 943 5820 ⁸⁷
982 5785 1141 5842 Joau.
1184 5802 1230 5852 I,
1266 5786 1353 5841 ‘29.
1433 5785 1479 5817 ⁸⁸
1505 5784 1610 5841 lsa.
1637 5799 1754 5851 uti,
1785 5782 1840 5838 7.

1932 4571 2128 4627 salutis
2173 4568 2297 4623 erit.
2359 4566 2540 4620 Pulvis
2582 4565 2727 4618 enim
2780 4562 2984 4615 multus
3032 4561 3308 4627 multaque
3343 4563 3510 4620 terra,

1934 4663 2217 4717 hominum
2258 4658 2465 4715 scilicet
2506 4657 2635 4711 olim
2683 4653 2984 4708 carnalium
3037 4664 3101 4704 ac
3151 4657 3510 4710 terrenorum,

1934 4754 2281 4810 confitebitur
2302 4751 2398 4806 tibi
2423 4769 2436 4803 :
2460 4748 2555 4819 qui
2579 4746 2632 4799 in
2657 4745 2933 4799 meliorem
2956 4740 3097 4795 versi
3120 4738 3509 4798 conditionem.

1935 4846 2338 4901 annuntiabunt
2393 4841 2674 4896 veritatem
2727 4843 2894 4889 tuam.
2947 4830 3202 4902 Nunquid
3246 4830 3410 4902 igitur
3458 4830 3504 4883 in

1936 4936 2202 5007 sanguine
2248 4949 2368 4989 meo
2417 4933 2523 4987 tale
2568 4929 2845 5001 quidpiam
2891 4927 3093 4981 bonum
3134 4921 3337 4977 mundo
3373 4922 3514 4976 erit?

1934 5029 2017 5082 Att
2046 5028 2169 5096 quis
2204 5024 2491 5079 utilitatem
2540 5021 2669 5075 hinc
2719 5018 2980 5090 percipiet
3004 5056 3019 5077 .
3064 5016 3110 5070 si
3146 5028 3245 5084 ego
3275 5027 3304 5065 a
3338 5022 3512 5066 morte

1934 5110 2225 5174 detrahar?
2262 5116 2344 5169 An
2392 5115 2568 5185 pulvis
2595 5123 2649 5167 et
2681 5112 2775 5183 qui
2802 5126 2868 5166 ex
2903 5110 3123 5181 pulvere
3153 5114 3405 5175 sumptus
3436 5104 3513 5155 fa-

1934 5222 2057 5267 ctus
2083 5218 2167 5266 est
2196 5210 2378 5269 homo,
2409 5222 2474 5262 ex
2515 5213 2733 5259 terreno
2775 5206 3142 5256 commutatus
3172 5197 3228 5250 in
3254 5193 3511 5267 spiritua-

1935 5305 2061 5365 lem.
2095 5297 2439 5356 annuntiabit
2471 5298 2745 5351 veritatem
2776 5293 2960 5348 tuam?
2987 5290 3132 5345 Nihil
3161 5303 3293 5343 sane
3320 5285 3510 5353 hujus-

1934 5397 2080 5452 modi
2109 5412 2176 5451 ex
2212 5411 2297 5451 me
2323 5392 2579 5464 prodibit.
2616 5389 2983 5457 Quamobrem
3019 5397 3153 5455 rogo
3204 5396 3273 5435 ne
3317 5375 3510 5435 similis

1939 5487 2061 5542 liam
2089 5484 2550 5543 descendentibus
2578 5483 2634 5538 iu
2663 5485 2863 5538 lacum.
