4010 6530
478 342 586 401 9.63

1183 334 1450 391 EUSEBII
1488 329 1967 387 CAESARIENSIS
2004 327 2154 383 OPP.
2197 322 2378 378 PARS
2414 322 2500 377 lll.
2543 353 2611 362 --
2646 317 3055 375 EXEGETICA.

3640 313 3759 367 28-h

548 452 713 507 Vens.
777 449 964 505 "-15.
997 450 1210 503 Audiuit
1256 450 1528 512 Dominus,
1588 456 1638 502 et
1699 449 1941 500 misertus
1986 453 2065 498 est

2241 443 2496 494 Ἤκουσε
2530 440 2785 506 Κύριος,
2817 434 2912 488 καὶ
2940 429 3167 502 ήλέησέ
3200 445 3276 497 με
3296 443 3310 457 ·
3369 428 3580 496 Κύριος
3612 427 3758 499 ἐτε-

477 546 599 608 mei,
647 543 898 596 Dominus
945 542 1117 610 factus
1171 551 1247 594 est
1291 541 1506 610 adjutor
1546 556 1711 594 meus.
1783 537 2052 592 Converti-

476 637 546 690 sti
602 635 871 703 planctum
939 650 1108 705 meum
1169 633 1221 684 in
1265 633 1515 701 gaudium
1551 631 1676 684 mihi
1707 645 1724 682 :
1752 628 2055 682 conscidisti

479 745 690 783 saccum
718 745 910 788 meum,
941 735 990 780 et
1022 726 1414 779 circumdedisti
1443 741 1522 777 me
1548 725 1756 778 lwtitia.
1786 722 1922 776 Cum
1953 722 2054 780 sic.

479 820 677 890 inquit,
717 819 1060 889 deprecarer,
1092 817 1184 887 qui
1232 831 1340 869 mm
1396 814 1580 883 procul
1628 819 1713 868 est
1756 811 1824 865 ab
1866 811 1933 866 iis
1964 810 2057 880 qui

481 930 617 987 pure
656 929 719 968 ac
765 912 996 967 ﬁdeliter
1023 911 1277 964 invocant
1309 909 1506 978 ipsum,
1541 905 1800 960 Dominus
1833 904 2053 966 audivit,

480 1005 547 1058 de
577 1018 684 1072 quo
718 1002 921 1056 dictum
953 1011 1034 1054 cst
1061 1018 1072 1053 :
1107 998 1278 1064 Prope
1305 1006 1380 1049 est
1417 994 1673 1048 Dominus
1703 990 1944 1044 omnibus
1975 990 2058 1042 in-

479 1093 781 1147 vocantibus
806 1109 920 1146 eum
969 1092 1023 1144 in
1063 1091 1279 1143 ueritate
1305 1089 1390 1142 '9:
1423 1096 1477 1141 et
1508 1095 1792 1156 postquam
1829 1081 2056 1143 audivit,

480 1188 721 1240 misertus
754 1194 830 1238 est
862 1183 982 1240 mei.
1019 1196 1082 1234 ac
1130 1194 1284 1234 suam
1329 1194 1454 1245 erga
1500 1192 1584 1232 me
1627 1174 2056 1229 misericordiam

479 1293 642 1348 opere
669 1273 1043 1345 comprobavit
1073 1291 1084 1325 :
1119 1271 1293 1340 factus
1328 1278 1406 1323 est
1445 1263 1588 1319 cuitu
1627 1265 1842 1333 adjutor
1890 1281 2054 1318 meus.

479 1371 773 1439 Postquam
825 1381 929 1420 nos
985 1365 1136 1418 bisve
1189 1363 1457 1416 allocuth
1497 1370 1580 1414 est
1610 1358 1813 1420 verbis,
1852 1365 1906 1411 et
1938 1371 2059 1426 qure

481 1462 584 1518 sibi
620 1458 932 1514 acciderant
974 1455 1268 1509 enarravit.
1305 1467 1499 1506 rursus
1548 1451 1844 1520 gratiarum
1889 1448 2059 1501 actio—

479 1569 602 1610 nem
629 1552 694 1606 ad
732 1553 907 1621 ipsum
942 1548 1109 1602 Deum
1155 1547 1442 1609 convertit,
1478 1543 1738 1598 beneﬁcia
1792 1542 1894 1596 sibi
1940 1541 2055 1595 col-

481 1648 588 1699 lata
620 1655 967 1698 enumerans.
1007 1637 1164 1699 Nam,
1197 1637 1394 1706 inquit,
1422 1645 1478 1688 tu
1524 1634 1628 1688 mei
1677 1633 1934 1687 misertus
1973 1646 2055 1693 es,

480 1746 533 1791 et
563 1736 739 1789 factus
778 1747 837 1787 es
859 1731 1075 1799 adiutor
1103 1744 1289 1793 meus;
1327 1735 1489 1796 atque
1532 1726 1612 1780 sic
1637 1734 1847 1779 veteres
1883 1725 2059 1793 lacry-

2155 533 2308 599 νήθη
2351 532 2578 599 ,ϐοηθός
2613 547 2751 598 μου.
2800 527 3137 593 Ἕστρεψας
3183 522 3289 576 τὸν
3330 523 3589 575 κοπετόν
3626 537 3764 591 μου

2155 631 2242 694 εἰς
2283 629 2477 695 χαρὰν
2506 623 2656 693 ἐμοὶ,
2705 618 3020 688 διέρῤηξας
3059 616 3168 669 τὸν
3211 613 3444 669 σάκκον
3473 629 3613 680 μου,
3648 611 3761 664 καὶ

2157 717 2512 788 περώζωσάς
2532 734 2610 786 με
2629 714 3035 783 εὐφροσύνην.
3055 709 3262 770 Ταῦτα,
3283 705 3438 775 φησὶ,
3464 700 3767 774 δεηθέντος

2161 831 2283 884 μου,
2312 815 2341 866 ὁ
2367 811 2442 883 μὴ
2475 809 2689 882 μακρὰν
2716 805 2967 876 ἀφεστὼς
2994 803 3100 857 τῶν
3133 799 3388 870 καθαρῶς
3417 798 3510 852 καὶ
3538 794 3767 858 πιστῶς

2157 901 2603 971 ἐπικαλουμένων
2640 896 2806 952 αὑτὸν
2831 896 3034 966 Κύριος
3056 892 3311 961 ἤκουσε,
3344 887 3472 958 περὶ
3504 881 3564 939 οὗ
3595 886 3766 956 εἴρη-

2157 1013 2280 1050 ται’
2343 994 2552 1063 Ἐγηοὺς
2601 993 2818 1059 Κύριος
2863 986 3014 1043 πᾶσι
3058 985 3186 1050 τοῖς
3246 980 3767 1048 ἐπικαλουμένοις

2158 1088 2345 1142 αὑτὸν
2388 1086 2458 1138 ἐν
2499 1083 2772 1152 ἀληθεία
2822 1079 2917 1133 καὶ
2963 1077 3203 1138 ἀκούσας
3245 1073 3476 1140 ἠλέησέ
3514 1088 3615 1140 με.
3661 1073 3769 1124 καὶ

2159 1179 2318 1250 ἔργον
2363 1177 2670 1242 ὲτπδείξατο
2719 1171 2812 1225 τοῦ
2866 1172 2946 1234 εἰς
2972 1170 3072 1240 ἐμὲ
3105 1169 3310 1222 οἴκτουο
3333 1164 3590 1236 ἐγενήθη
3639 1165 3763 1232 γὰρ

2153 1272 2383 1337 ,βοηθός
2401 1287 2540 1338 μου.
2567 1268 2752 1321 Ταῦτα
2782 1266 2856 1328 ὡς
2886 1263 3022 1334 πρὸς
3051 1263 3200 1334 ἡμᾶς
3218 1257 3539 1328 διαλεχθεὶς,
3563 1255 3662 1308 καὶ
3689 1253 3770 1306 τὰ

2163 1360 2549 1432 συμϐεϐηκότα
2589 1358 2738 1428 αὐτῷ
2774 1355 2994 1419 διδάξας
3017 1355 3186 1425 ἡμᾶς,
3219 1349 3551 1421 ἀποστρέφει
3588 1346 3770 1399 πάλιν

2159 1453 2258 1524 τὴν
2285 1451 2634 1523 εὐχαριστίαν
2667 1449 2758 1502 ἐπ’
2788 1447 2948 1501 αὐτὸν
2981 1446 3133 1509 Θεὸν,
3163 1445 3262 1507 τὰς
3291 1443 3369 1505 είς
3397 1440 3558 1494 αὑτὸν
3600 1439 3771 1508 εὐερο

2160 1545 2350 1613 γεσίας
2379 1542 2610 1608 διεξιών,
2653 1541 2920 1612 Ἡλέησας
2954 1539 3065 1610 γάρ
3100 1555 3165 1608 με
3207 1537 3294 1599 σὺ,
3325 1534 3481 1604 φησὶ,
3527 1533 3626 1586 καὶ
3658 1531 3768 1598 γέ-

2160 1650 2324 1702 γονας
2373 1631 2566 1702 βοηθός
2610 1646 2746 1702 μου·
2791 1628 2934 1682 οὕτω
2981 1644 3044 1680 τε
3094 1624 3389 1697 μετέϐαλες
3439 1624 3508 1676 τὰ
3545 1621 3770 1673 παλαια

2167 1744 2268 1796 μου
2307 1726 2538 1796 δάκρυα,
2573 1724 2669 1776 καὶ
2699 1723 2827 1785 τοὺς
2867 1720 3100 1794 θρήνους
3139 1717 3236 1771 καὶ
3276 1722 3366 1770 τὸν
3407 1712 3642 1768 κοπετὸν
3674 1713 3769 1774 είς

480 1843 621 1894 mas,
655 1821 1090 1884 lamentationes,
1141 1821 1417 1889 planctum
1469 1818 1522 1871 in
1574 1816 1767 1879 risum,
1803 1812 2057 1880 gaudium

2172 1820 2373 1888 γέλωτα
2395 1819 2489 1872 καὶ
2518 1817 2715 1888 χαρὰν,
2750 1815 2844 1869 καὶ
2880 1813 3218 1883 ἀγαλλίασιν,
3253 1806 3634 1878 ἐπαληθεύσας
3663 1805 3768 1857 τὸν

479 1927 535 1973 ct
584 1915 1001 1972 exsultationem
1041 1911 1410 1966 commutasti.
1460 1908 1536 1962 lta
1586 1923 1767 1962 veram
1809 1917 2061 1972 compro-

481 2012 619 2066 bast':
670 2010 815 2064 illam
869 2006 1281 2067 beatitudinem,
1317 2018 1437 2072 qua
1477 2002 1568 2056 diu
1622 2007 1809 2070 postea
1840 1998 1906 2052 de
1931 1996 2062 2050 ﬁen-

480 2105 626 2160 tibus
655 2119 716 2157 ac
742 2102 1052 2173 lugentibus
1081 2097 1277 2150 tradita
1307 2105 1390 2150 est
1423 2114 1434 2149 :
1465 2094 1618 2147 Beati
1644 2093 1732 2157 qui
1755 2092 1902 2160 ﬂent,
1932 2105 2063 2158 quo-

483 2201 627 2270 niam
659 2197 894 2250 ridebunt
919 2196 994 2253 ’°;
1026 2193 1164 2246 beati
1190 2192 1278 2262 qui
1309 2190 1501 2260 lugent,
1533 2187 1780 2257 quoniam
1811 2184 1907 2253 ipsi
1936 2199 2063 2236 cou-

482 2290 796 2345 solabuntur
826 2288 893 2340 ".
931 2285 1014 2340 Me
1057 2299 1216 2338 sai-co
1243 2281 1466 2346 exuisti,
1502 2280 1591 2349 qui
1624 2279 1804 2331 luctus
1847 2277 2061 2344 signum

482 2388 620 2443 erat,
657 2379 711 2432 in
742 2394 850 2448 quo
882 2392 968 2431 me
1017 2375 1336 2444 allligebam,
1369 2380 1423 2426 et
1466 2370 1684 2440 cingulo
1721 2368 1918 2421 Izetitiae
1960 2366 2062 2418 cir-

482 2471 830 2526 cumcinxisli
873 2484 977 2522 me.
1009 2467 1133 2520 H330
1165 2479 1327 2534 porro
1349 2463 1530 2516 omnia
1586 2461 1715 2514 mibi
1761 2457 2058 2528 prtebuisti,

484 2572 544 2619 ut
577 2563 745 2626 πονεῖ
776 2562 874 2615 tibi
921 2574 1029 2614 non
1061 2556 1347 2611 confessus
1382 2569 1582 2614 essem,
1616 2563 1756 2606 terra
1797 2560 1846 2604 et
1887 2550 2062 2620 pulvis

483 2669 842 2718 remanerem,
872 2662 929 2707 ut
977 2660 1150 2706 cantet
1188 2646 1280 2702 tibi
1328 2648 1499 2718 gloria
1551 2662 1682 2698 mea.
1723 2642 1856 2696 Nam
1896 2643 1940 2696 si
1973 2643 2066 2695 de-

484 2748 816 2805 scendissem
876 2747 933 2800 in
988 2743 1431 2812 corruptionem,
1479 2739 1628 2792 nulla
1675 2736 1802 2789 hinc
1859 2735 2065 2788 utilitas

483 2843 570 2898 vel
602 2841 734 2896 mihi
765 2841 846 2896 vel
873 2839 995 2894 aliis
1046 2843 1308 2891 eventura
1354 2840 1491 2888 erat.
1535 2830 1645 2900 Ego
1689 2843 1924 2896 namque
1957 2827 2064 2879 vita

486 2937 576 2992 illa
615 2952 736 3007 qua:
777 2950 844 2990 ex
892 2943 943 2989 te
979 2930 1222 3003 procedit
1271 2926 1569 2998 privandus
1613 2939 1785 2988 eram,
1817 2921 1907 2974 alii
1939 2934 2066 2974 vero

488 3046 583 3100 per
610 3045 693 3084 me
718 3030 946 3084 salutem
976 3023 1199 3078 minime
1229 3019 1373 3075 nacti
1403 3025 1604 3073 essent.

557 3121 625 3174 At
655 3119 874 3190 quando
910 3127 965 3171 tu
1000 3113 1301 3169 convertisti
1339 3109 1606 3180 planctum
1638 3121 1806 3160 meum
1842 3105 1896 3157 in
1935 3119 2067 3173 gau-

2163 1906 2389 1978 ὓστερόν
2421 1923 2554 1959 ποτε
2578 1903 2839 1975 λεχθέντα
2871 1900 3218 1974 μακαρισμὸν
3253 1895 3512 1968 περὶτῶν
3537 1893 3768 1947 κλαιόν-

2162 2015 2268 2051 των
2293 1996 2385 2049 xui.
2413 1994 2773 2056 πενθούντων,
2805 1991 2948 2046 κατὰ
2970 1991 3029 2043 τό
3047 2007 3060 2020 ·
3104 1987 3394 2056 Μακάριοι
3432 1988 3486 2038 οὶ
3513 1985 3768 2038 κλαίον-

2161 2108 2280 2156 τες,
2311 2089 2399 2142 ὅτι
2433 2086 2797 2158 γελάσονται
2817 2102 2830 2116 ·
2855 2083 2952 2138 καὶ
2977 2081 3255 2153 μακάριοι
3285 2084 3338 2134 ot
3370 2077 3763 2144 πενθοῦντες,

2163 2183 2250 2234 ὅτι
2287 2177 2883 2248 παρακληθήσονται.
2936 2174 3017 2228 Τὰ
3050 2172 3294 2244 σύμϐολα
3333 2169 3464 2239 γοῦν
3501 2168 3595 2222 τοῦ
3629 2169 3766 2221 πέν-

2163 2272 2289 2334 θους
2338 2270 2612 2332 ἀπέδυσας
2647 2286 2748 2340 με,
2798 2268 2894 2323 τὸν
2942 2266 3178 2327 σάκκον,
3229 2267 3289 2317 ὲν
3337 2257 3382 2331 ᾧ
3422 2260 3766 2316 κακοπαθῶν

2165 2366 2398 2437 ἐμαυτὸν
2425 2363 2828 2436 ἐτιμωρούμην,
2866 2363 2958 2414 καὶ
2992 2358 3241 2431 ζὼσματι
3287 2350 3624 2428 εὐφροσύνης
3662 2373 3767 2407 πε-

2168 2459 2430 2531 ριέζωσάς
2477 2475 2565 2528 με.
2618 2455 2728 2510 Καὶ
2753 2455 2929 2508 ταῦτα
2956 2453 3133 2507 πάντα
3181 2470 3271 2524 μοι
3317 2449 3618 2522 παρέσχου,
3670 2447 3766 2500 ἵνα

2169 2551 2242 2623 μὴ
2284 2551 2565 2621 ἁπομείνω
2610 2549 2756 2612 κόνις
2790 2549 2884 2602 καὶ
2916 2542 3046 2618 χοῦς
3093 2549 3121 2601 ὁ
3163 2547 3238 2618 μὴ
3269 2541 3766 2615 ὲξομολογούμενὸς

2168 2660 2271 2708 σοι,
2312 2643 2424 2696 ἀλλ’
2455 2644 2556 2695 ἵνα
2587 2641 2800 2710 ψὰλλῃ
2840 2657 2937 2694 σοι
2967 2641 3006 2708 ἡ
3037 2638 3186 2702 δόξα
3207 2655 3347 2707 μου.
3393 2636 3482 2688 Ἐν
3519 2634 3615 2705 μὲν
3649 2631 3766 2703 γὰρ

2165 2735 2243 2806 τῷ
2277 2733 2580 2805 καταϐῆναι
2619 2750 2685 2803 με
2719 2734 2798 2796 εἱς
2826 2730 3124 2802 διαφθορὰν
3160 2729 3386 2800 οὐδεμία
3415 2745 3498 2790 τις
3521 2721 3588 2796 ἦν
3611 2723 3766 2793 ῶφέ-

2165 2827 2286 2880 λεια
2311 2824 2420 2878 οὔτ’
2451 2824 2576 2895 ἐμοὶ
2601 2823 2725 2876 οὔτε
2747 2824 2974 2895 ἑτέροις.
3021 2819 3165 2890 Ἐγὼ
3195 2833 3265 2873 τε“
3288 2819 3398 2890 γὰρ
3424 2813 3767 2888 ἀπεστερού-

2171 2936 2277 2990 μην
2301 2918 2400 2989 τῆς
2425 2917 2576 2988 παρὰ
2610 2915 2704 2970 σοῦ
2729 2915 2896 2986 ζωῆς,
2926 2915 3076 2969 ἄλλοι
3101 2932 3159 2968 τε
3187 2912 3439 2984 οὐδαμῶς
3466 2910 3764 2981 ἐτύγχανον

2166 3009 2267 3079 τῆς
2297 3009 2363 3061 δι’
2394 3008 2528 3080 ἐμοῦ
2564 3009 2855 3080 σωτηρίας.

2251 3102 2339 3152 Ἐν
2368 3100 2424 3153 δὲ
2452 3100 2530 3172 τῷ
2549 3099 2951 3170 μεταϐάλλειν
2983 3113 3058 3153 σε
3086 3097 3193 3151 τὸν
3220 3096 3482 3150 κοπετόν
3502 3111 3620 3165 μου
3673 3095 3766 3160 εὶς

485 3211 632 3264 dium
679 3209 828 3271 mihi,
860 3216 914 3262 et
942 3205 1160 3277 quando
1206 3199 1514 3255 conscidisti
1560 3211 1771 3249 saccum
1805 3209 1975 3246 meum
2019 3201 2067 3244 et

2172 3192 2364 3262 χαρὰν
2397 3191 2547 3260 ἐμοὶ,
2585 3192 2680 3244 καὶ
2722 3193 2780 3244 ὲν
2812 3190 2890 3262 τῷ
2929 3187 3246 3258 διαρῤῆξαί
3277 3204 3352 3241 σε
3391 3187 3498 3241 τὸν
3528 3185 3770 3239 σάκκον

486 3300 879 3356 circumdedisti
928 3315 1006 3351 me
1051 3295 1260 3355 lwtitia.
1289 3307 1397 3346 non
1447 3288 1658 3344 modica
1710 3284 1834 3339 inde
1864 3283 2069 3336 utilitas

488 3393 721 3448 accessit
752 3412 765 3446 :
800 3407 925 3445 nam
957 3390 1186 3461 pristina
1222 3391 1443 3453 recepta
1473 3381 1668 3452 gloria,
1695 3393 1789 3449 per
1819 3393 1938 3431 eam
1973 3375 2070 3429 tibi

488 3485 721 3541 cantabo
746 3497 799 3539 et
823 3484 1048 3555 psallam
1071 3523 1084 3546 ,
1115 3496 1220 3535 non
1261 3493 1423 3549 prava
1454 3476 1670 3546 quidem
1711 3469 2067 3528 conscientia,

490 3579 585 3633 sed
618 3577 800 3632 ﬁdenti
842 3592 904 3629 ac
945 3590 1078 3645 pura
1131 3580 1331 3628 mente.
1381 3571 1504 3624 ldeo
1534 3569 1629 3630 ait,
1667 3564 1732 3618 Ut
1776 3572 1947 3618 cantet
1980 3561 2073 3614 tibi

488 3671 659 3742 gloria
691 3685 825 3732 mea,
866 3677 915 3721 et
961 3684 1064 3720 non
1111 3675 1448 3734 compungar.
1497 3661 1574 3714 lla
1627 3671 1791 3729 porro
1824 3669 2074 3724 persevc-

489 3764 624 3818 rabo
658 3777 754 3832 per
781 3774 942 3815 omne
993 3757 1274 3822 saeculum,
1303 3753 1604 3810 conﬁtebor
1658 3749 1782 3812 tibi,
1835 3755 1889 3801 et
1941 3760 1970 3798 a
2023 3752 2074 3797 te

493 3854 623 3908 mihi
659 3867 874 3920 semper
915 3851 1112 3904 collata
1145 3847 1408 3902 beneﬁcia
1455 3840 1916 3899 commemorabo.
1969 3835 2072 3888 Do-

489 3948 662 4000 minus
691 3945 865 4015 factus
894 3952 972 3998 est
1007 3941 1222 4011 adjutor
1249 3956 1412 3993 meus.
1456 3934 1764 3990 Notandum
1799 3944 1962 4000 porro
1991 3935 2075 3981 est

493 4039 646 4098 illud,
672 4035 845 4105 [actus
868 4043 966 4098 est,
999 4047 1106 4086 non
1148 4044 1362 4099 semper
1396 4033 1674 4094 acceptam
1711 4018 2073 4075 substantiam

492 4128 840 4202 signiﬁcare;
889 4126 982 4181 sed
1020 4123 1347 4196 quandoque
1387 4121 1552 4173 etiam
1609 4115 1853 4170 habitum
1882 4125 2076 4181 quem-

492 4226 640 4277 dam.
672 4219 860 4275 Sicubi
897 4219 1064 4289 igitur
1107 4217 1160 4270 id
1197 4214 1264 4268 de
1313 4211 1598 4266 Salvatore
1638 4207 1873 4269 dicatur,
1920 4202 2070 4255 babi-

493 4324 608 4368 tum
639 4313 706 4368 ad
736 4326 850 4368 rem
881 4311 1144 4379 aliquam,
1178 4322 1285 4360 non
1323 4301 1686 4359 substantiam
1733 4296 1953 4359 factam,
1999 4293 2076 4347 si-

493 4404 731 4477 gniﬁcat.
789 4400 1104 4458 Convertisti
1167 4397 1437 4467 planctum
1495 4407 1667 4446 meum
1716 4389 1769 4442 in
1821 4388 2074 4458 gaudium

495 4499 643 4552 mihi.
675 4496 788 4552 Vox
821 4497 933 4558 illa,
967 4494 1209 4564 planctus
1246 4490 1383 4562 [sive
1427 4487 1602 4540 tunsio
1648 4481 1918 4553 pectoris],
1948 4495 2075 4535 sen-

497 4609 617 4648 sum
651 4589 921 4661 signiﬁcat
953 4607 966 4641 :
995 4586 1138 4658 quod
1165 4585 1247 4638 vel
1272 4585 1388 4652 ipsa
1419 4596 1477 4635 re
1509 4578 1840 4637 declaratur,
1882 4587 2078 4626 manus

498 4685 697 4754 quippe
742 4688 930 4752 pectus
977 4677 1234 4731 tundunt.
1281 4673 1384 4739 Qui
1430 4672 1594 4741 igitur
1633 4671 1686 4723 in
1733 4666 2078 4738 propriorum

501 4783 850 4846 peccatorum
882 4786 1047 4826 sensu
1079 4775 1351 4829 versatur,
1389 4779 1454 4818 ac
1487 4778 1581 4833 per
1627 4759 1937 4831 spirituales
1972 4771 2083 4808 ma-

503 4883 606 4922 nus
636 4882 759 4921 cum
808 4864 1047 4919 efﬁcacia
1095 4876 1315 4916 sensum
1358 4857 1560 4914 excitat
1599 4870 1789 4915 suum,
1824 4853 1870 4906 is
1901 4859 2081 4902 trans-

502 4963 642 5015 latus
693 4975 724 5012 a
775 4959 946 5020 luctu,
980 4953 1258 5026 gaudium,
1316 4950 1554 5020 Spiritus
1599 4946 1774 5002 sancti
1815 4943 2078 5004 fructum,

499 5053 747 5123 accipiet.
785 5049 919 5104 Illud
959 5062 1145 5118 porro.
1184 5042 1507 5104 convertisti,
1539 5039 1896 5094 mutationem
1929 5034 2076 5086 illam

501 5163 564 5203 ex
597 5146 817 5215 planctu
843 5149 895 5195 ct
923 5142 1069 5193 luctu
1103 5138 1158 5191 in
1201 5136 1440 5191 laetitiam
1473 5133 1714 5188 declarat
1743 5149 1757 5198 ;
1804 5125 1936 5182 illud
1983 5125 2080 5180 dc-

503 5252 673 5300 mum,
707 5252 807 5288 non
837 5247 1173 5301 compungar,
1207 5229 1258 5283 id
1288 5236 1391 5293 est,
1435 5242 1542 5279 non
1577 5223 1798 5277 mutabo
1834 5218 2082 5290 proposi-

505 5339 641 5383 tum.
671 5325 852 5382 Gloria
896 5325 988 5379 illa
1019 5321 1292 5377 cantatrix
1325 5319 1446 5390 ejus
1476 5316 1567 5387 qui
1613 5316 1694 5370 sic
1736 5313 1904 5367 Deum
1952 5309 2082 5364 aifa-

505 5430 615 5485 tur,
654 5427 863 5474 rectum
894 5417 1018 5470 vita:
1069 5412 1377 5468 institutum
1419 5417 1502 5463 est
1551 5413 1605 5460 et
1646 5402 1885 5474 cognitio
1923 5416 2078 5471 pura.

507 5509 727 5564 Domine
766 5506 906 5560 Deus
956 5521 1123 5568 meus,
1165 5503 1220 5555 in
1268 5510 1521 5554 aeternum
1563 5493 1850 5565 conﬁtebor
1879 5493 1989 5545 tibi.
2022 5491 2080 5545 1d

505 5610 608 5666 cst,
632 5614 731 5670 pro
758 5597 1015 5653 omnibus
1044 5607 1165 5665 quae
1187 5587 1536 5660 contigerint,
1562 5601 1670 5642 non
1700 5584 1862 5640 modo
1889 5583 2082 5654 jucun-

584 5780 628 5814 η
669 5778 810 5836 Psal.
845 5794 1026 5845 οκιιγ,
1063 5777 1154 5832 l8.
1229 5775 1277 5807 ’°
1317 5771 1449 5828 Luc.
1489 5785 1561 5837 γι,
1595 5769 1687 5826 21.

2165 3303 2285 3353 μου
2319 3284 2418 3337 καί
2449 3283 2760 3356 περιζώσαι
2786 3283 3193 3351 εὐφροσύνην,
3231 3283 3330 3353 οὐχ
3361 3283 3394 3352 ἡ
3419 3279 3657 3351 τυχοῦσα
3684 3297 3770 3349 γε·

2171 3377 2395 3446 γένηται
2414 3376 2651 3446 ὠφέλεια
2668 3394 2681 3405 ·
2710 3376 3001 3430 ἀπολαϐὼν
3029 3376 3138 3448 γὰρ
3163 3375 3262 3446 τὴν
3293 3373 3564 3445 προτέραν
3592 3374 3769 3444 ἐμαυ-

2169 3468 2263 3521 τοῦ
2289 3468 2467 3534 δόξαν,
2500 3467 2588 3521 διὰ
2605 3468 2812 3539 ταύτης
2842 3486 2922 3522 σοι
2948 3467 3124 3538 ψαλῶ,
3141 3468 3236 3522 καὶ
3262 3466 3416 3538 ψαλῶ
3446 3483 3526 3519 σοι
3541 3466 3602 3518 ού
3627 3466 3774 3536 μετᾶ

2171 3577 2315 3623 τινος
2345 3559 2556 3631 φαύλης
2592 3561 2972 3632 συνειδήσεως,
3004 3560 3139 3614 ἀλλὰ
3198 3560 3337 3631 μετὰ
3384 3560 3773 3630 πεπαρρησία-

2175 3651 2380 3722 σμένης
2413 3652 2505 3704 καὶ
2539 3651 2789 3723 καθαρᾶς
2836 3650 3092 3714 διανοίας.
3125 3652 3215 3704 Διό
3243 3667 3434 3721 φησιν·
3470 3651 3660 3713 Ὅπως
3695 3647 3774 3700 ἂν

2172 3744 2386 3814 ﬁdem?)
2439 3762 2537 3798 σοι
2584 3746 2621 3811 ἡ
2666 3743 2819 3808 δόξα
2867 3760 3008 3812 μου,
3054 3742 3153 3796 καὶ
3195 3744 3266 3796 οὐ
3305 3741 3392 3810 μὴ
3432 3739 3773 3807 autumnali).

2175 3836 2331 3889 Οῦτω
2357 3855 2416 3889 τε
2441 3836 2736 3889 διατελὲσω
2769 3836 2849 3898 εἰς
2877 3834 2970 3887 τὸν
3005 3833 3300 3904 σύμπαντα
3333 3832 3536 3892 αἰῶνα,
3573 3829 3776 3898 ἐξομο-

2174 3925 2496 3998 λογούμενος
2529 3944 2643 3988 σοι,
2687 3925 2781 3978 καὶ
2818 3925 2917 3986 τὰς
2953 3923 3050 3986 σὰς
3089 3923 3177 3975 διὰ
3213 3921 3413 3984 παντὸς
3447 3919 3778 3989 εὐεργεσίας

2174 4021 2274 4083 τὰς
2305 4021 2383 4078 εἰς
2414 4017 2512 4087 ἐμὲ
2541 4015 2772 4079 διεξιών.
2808 4016 3024 4082 Κύριος
3068 4012 3322 4084 ἐγενήθη
3358 4012 3590 4079 ,βοηθός
3621 4027 3775 4079 μου.

2177 4110 2541 4181 Σημειωτέον,
2601 4109 2684 4160 ὅτι
2733 4106 2813 4167 τὸ,
2870 4104 3146 4175 ἐγενήθη,
3199 4103 3302 4156 οὐκ
3361 4102 3450 4154 ἀεὶ
3512 4100 3780 4154 ούσίωσιν

2180 4201 2452 4271 σημαίνει·
2473 4197 2587 4250 ἀλλ’
2619 4195 2729 4248 ἔσθ’
2759 4197 2845 4248 ὅτε
2877 4195 2972 4248 καὶ
2998 4194 3134 4264 πρός
3160 4209 3280 4246 τινα
3313 4192 3514 4262 σχέσιν.
3546 4188 3616 4242 Εἴ
3636 4207 3777 4242 ποτε

2176 4289 2269 4344 οὖν
2326 4292 2420 4344 καὶ
2466 4291 2559 4342 ἐπὶ
2605 4287 2698 4341 τοῦ
2741 4288 2995 4359 Σωτῆρος
3051 4285 3272 4357 τοιαύτη
3329 4285 3539 4352 γένοιτο
3589 4283 3777 4352 φωνὴ,

2183 4383 2366 4452 σχέσιν
2391 4383 2526 4454 πρός
2557 4400 2610 4435 τι
2649 4381 2743 4434 καὶ
2775 4381 2896 4451 οὐχὶ
2929 4379 3183 4432 ούσίωσιν
3219 4376 3491 4447 σημαίνει.
3529 4374 3782 4439 Ἔστρε-

2181 4481 2304 4546 ψας
2338 4473 2444 4527 τὸν
2480 4477 2738 4527 κοπετόν
2772 4489 2893 4540 μου
2925 4472 3013 4536 εις
3055 4467 3249 4538 χαρὰν
3286 4467 3437 4538 ἐμοί.
3474 4467 3560 4529 Ἢ,
3593 4478 3783 4520 κοπε-

2183 4571 2314 4635 τὸς,
2344 4567 2527 4637 φωνὴ,
2559 4567 2658 4637 τὴν
2693 4563 3045 4634 συναίσθησιν
3093 4561 3371 4632 σημαίνει,
3402 4560 3478 4621 ὡς
3505 4557 3600 4609 καὶ
3627 4556 3779 4627 αὑτὴ

2185 4663 2218 4731 ἡ
2257 4658 2452 4732 πρᾶξις
2483 4658 2811 4729 παρίστησι,
2839 4655 2947 4708 τῶν
2980 4653 3178 4725 χειρῶν
3212 4653 3275 4705 τὸ
3307 4649 3500 4721 στῆθος
3539 4665 3781 4701 κοπτού-

2187 4754 2315 4806 σῶν.
2394 4751 2452 4803 Ὁ
2510 4745 2602 4803 οὖν
2651 4749 2710 4800 ὲν
2763 4746 3112 4817 συναισθήσει
3165 4745 3308 4798 ἰδίων
3357 4740 3782 4814 ἁμαρτημάτων

2184 4842 2445 4913 γεγονὼς,
2489 4841 2584 4895 καὶ
2618 4838 2987 4912 ὲνεργητικῶς
3032 4838 3120 4890 διὰ
3149 4835 3348 4908 χειρῶν
3384 4832 3781 4904 πνευματικῶν

2185 4936 2282 5007 τὴν
2317 4933 2568 5004 αἴσθησιν
2617 4931 2783 4985 αὑτοῦ
2817 4929 3124 5002 διεγείρας,
3173 4925 3490 4999 μεταϐαλὼν
3531 4925 3639 4978 ἀπὸ
3673 4923 3778 4976 τοῦ

2179 5023 2567 5096 ὀλοφύρεσθαι,
2604 5020 2778 5092 χαρὰν
2803 5021 2894 5074 τὸν
2921 5021 3133 5092 καρπὸν
3169 5019 3263 5073 τοῦ
3295 5018 3606 5087 Πνεύματος
3638 5017 3782 5068 ἁνα-

2179 5118 2426 5189 λήψεται.
2462 5115 2556 5178 Τὸ,
2592 5112 2926 5180 ἕστρεψας,
2983 5112 3134 5182 δηλοῖ
3166 5112 3264 5182 τὴν
3299 5113 3362 5163 ὲκ
3423 5108 3518 5162 τοῦ
3565 5108 3777 5160 κόπτε-

2189 5211 2311 5264 σθαι
2361 5211 2456 5264 καὶ
2503 5208 2788 5263 λυπεῖσθαι
2817 5208 2896 5270 είς
2953 5207 3129 5278 χαρὰν
3181 5202 3514 5276 μεταϐολήνο
3571 5201 3639 5253 τὸ
3687 5198 3778 5260 δὲ,

2185 5309 2256 5360 οὐ
2277 5305 2362 5374 μὴ
2395 5301 2742 5371 κατανυγῶ,
2777 5303 2836 5354 οὐ
2882 5301 2956 5373 μὴ
3014 5298 3296 5370 μεταγνῶ,
3337 5296 3489 5367 φησί.
3541 5292 3676 5357 Δόξα
3715 5291 3780 5343 δὲ

2186 5398 2464 5468 ψάλλουσα
2489 5393 2582 5447 τοῦ
2615 5393 2789 5447 ταῦτα
2818 5394 3066 5462 λέγοντος
3095 5390 3174 5461 τῷ
3199 5387 3488 5462 Θεῷ,ὀρθὴ
3528 5383 3779 5439 πολιτεία

2189 5491 2282 5543 καὶ
2308 5486 2506 5557 γνῶσις
2538 5488 2685 5539 ἐστιν
2717 5486 3032 5558 εἰλικρινής.
3062 5485 3239 5552 Κύριε
3286 5484 3318 5535 ό
3351 5479 3493 5545 Θεός
3513 5493 3652 5546 μου,
3683 5475 3780 5539 εἰς

2191 5583 2297 5636 τὸν
2323 5578 2506 5635 αἰῶνα
2530 5577 3052 5650 ἐξομολογήσομαί
3075 5590 3173 5630 σοι
3194 5591 3208 5606 ο
3240 5574 3362 5628 ἀντὶ
3381 5571 3494 5633 τοῦ,
3517 5567 3608 5621 ἐπὶ
3634 5565 3779 5621 πᾶσι

1763 5769 1808 5803 ⁸⁸
1847 5766 2040 5826 Matth.
2086 5782 2146 5832 v,
2180 5765 2230 5820 5.
