4010 6580
571 445 674 506 Εδῗ

1267 448 1541 504 EUSEBII
1583 445 2058 506 CIESARIENSIS
2097 447 2247 504 OPP.
2281 447 2458 504 PARS
2516 449 2699 506 lll.—'
2730 449 3139 508 EXEGETICA.

577 565 800 621 laetabor
837 565 894 618 in
929 562 1293 619 misericordia
1339 573 1451 619 tua.
1494 563 1687 619 Merito
1736 563 1938 618 laetaris
1965 563 2032 618 de
2057 578 2119 618 ve

2256 569 2540 635 λιάσομαι
2588 566 2687 619 καὶ
2731 567 3219 637 εὐφρανθήσομαι
3258 565 3354 620 ἐπὶ
3387 565 3468 632 τῷ
3504 563 3664 620 ἐλέει
3707 581 3858 622 σου-

574 658 755 716 ritatis
804 656 1161 719 amatoribus,
1195 655 1427 725 illosque
1482 655 1756 721 admittis;
1790 653 1911 708 ideo
1942 653 2148 708 dictum

572 761 677 817 est,
721 751 979 805 Veritates
1011 747 1554 818 requiritDominus;
1599 748 1722 804 illos
1762 763 1891 804 vero
1921 748 2011 818 qui
2056 764 2151 802 va-

571 847 794 903 nitatem
856 849 1156 906 sectantur,
1205 847 1395 912 utpote
1447 841 1538 910 qui
1573 839 1918 895 mendacium
1954 855 2149 897 conse-

568 943 804 998 ctentur,
843 933 1154 990 adversaris
1199 940 1253 988 et
1294 932 1484 988 odisti.
1545 931 1772 988 Vanitas
1811 934 2014 1004 quippe
2063 940 2149 988 est

566 1029 709 1101 quod
741 1027 1022 1084 mendacio
1054 1028 1272 1097 plenum
1302 1042 1315 1078 :
1356 1041 1528 1097 quare
1569 1027 1651 1082 sic
1680 1027 1941 1082 admones
1973 1046 1984 1080 :
2018 1025 2149 1080 Filii

564 1122 834 1177 hominum
865 1132 1132 1192 usquequo
1159 1120 1308 1190 gravi
1342 1120 1517 1183 corde,
1550 1131 1610 1172 ut
1637 1119 1761 1190 quid
1791 1119 2016 1190 diligitis
2056 1135 2148 1173 va-

563 1218 784 1272 nitatem
814 1225 862 1269 et
889 1214 1130 1285 quwritis
1157 1215 1486 1268 mendacium
1505 1214 1593 1267 9’?
1626 1213 1738 1285 Ego
1761 1229 1893 1268 vero
1931 1229 1960 1267 a
1989 1214 2146 1269 vanis

562 1308 731 1363 rebus
761 1321 1010 1369 aversus,
1053 1306 1109 1360 in
1150 1313 1202 1362 te
1243 1307 1361 1361 solo
1385 1305 1616 1360 Domino
1646 1321 1766 1361 meo
1797 1322 1948 1375 spem
1985 1321 2148 1376 repo.

564 1400 674 1466 sui,
707 1415 878 1471 quare
914 1398 1134 1454 conﬁdo
1165 1414 1275 1454 non
1327 1398 1531 1454 frustra
1562 1397 1660 1451 tibi
1697 1399 1963 1468 m‘eipsum
1991 1415 2144 1452 com—

564 1493 804 1549 misisse.
850 1490 986 1546 Nam
1023 1491 1148 1548 linis
1188 1491 1302 1562 spei
1342 1491 1394 1546 in
1436 1499 1488 1546 te
1535 1489 1714 1561 posita
1768 1501 1846 1546 est
1882 1490 2144 1561 gaudium

564 1590 618 1635 et
659 1582 866 1636 lzetitia.

636 1672 803 1728 Ve’ns.
837 1675 890 1729 9.
929 1673 1195 1741 Quoniam
1248 1675 1522 1745 respexisli
1561 1674 1910 1730 humilitatem
1950 1690 2139 1740 meam,

559 1766 785 1820 salvasti
827 1768 891 1820 de
924 1767 1323 1822 necessitatibus
1367 1769 1601 1821 animam
1647 1783 1854 1830 meam;
1890 1783 1980 1821 nec
2013 1783 2141 1820 con-

557 1858 770 1912 clusisti
814 1877 894 1912 me
942 1860 996 1912 in
1042 1859 1284 1914 manibus
1338 1861 1585 1924 inimici;
1632 1861 1871 1915 statuislt
1921 1861 1973 1913 in
2026 1860 2138 1913 loco

556 1952 791 2019 spatioso
821 1950 973 2020 pedes
1021 1969 1181 2008 meos.
1239 1951 1358 2007 Jam
1404 1953 1541 2008 alias
1577 1952 1864 2024 respexisti
1913 1951 2134 2005 humili-

559 2051 725 2099 tatem
771 2058 944 2098 meam
977 2063 990 2098 :
1030 2058 1092 2098 ac
1127 2045 1452 2114 plerumque
1483 2043 1664 2098 anima
1698 2058 1818 2097 mea
1858 2042 1911 2095 in
1943 2057 2131 2096 neces-

555 2134 747 2190 sitates
786 2135 853 2188 ab
899 2135 1135 2190 inimicis
1180 2135 1283 2191 sibi
1337 2135 1590 2191 inductas
1636 2135 1889 2206 delapsa,
1937 2148 2131 2202 meque

552 2226 692 2281 nihil
717 2226 862 2281 aliud
890 2234 1082 2298 agente
1105 2243 1266 2297 quam
1299 2238 1358 2282 ut
1383 2229 1725 2283 humiliarem
1758 2239 1812 2282 et
1840 2227 2128 2298 atiligerem

553 2333 660 2383 me,
691 2319 760 2374 ob
788 2319 1020 2375 emissas
1055 2321 1121 2373 ad
1163 2327 1215 2375 te
1241 2319 1406 2374 Deum
1444 2337 1622 2376 meum
1657 2336 1868 2391 preces,
1915 2330 1972 2374 tu
2015 2322 2129 2390 ipse

549 2427 707 2467 meus
757 2420 1131 2483 propugnator
1183 2428 1248 2466 ae
1296 2422 1592 2481 protector,
1644 2427 1730 2466 me
1782 2427 2126 2482 nequaquam

548 2504 877 2576 despiciens,
910 2505 1005 2561 sed
1041 2505 1401 2560 humilitatem
1426 2507 1740 2578 approbans
1778 2522 1975 2570 meam,
2013 2508 2126 2561 sal-

546 2597 684 2651 vasti
715 2595 779 2650 de
807 2596 1204 2650 necessitatibus
1246 2597 1482 2650 animam
1516 2613 1707 2659 meam,
1743 2614 1834 2650 nec
1859 2597 2122 2652 conclusi-

544 2691 617 2744 sti
641 2706 720 2744 me
749 2690 804 2743 in
831 2689 1074 2743 manibus
1129 2690 1367 2754 inimici;
1411 2705 1474 2744 ac
1523 2698 1718 2760 praeter
1758 2691 2124 2760 exspectatio-

542 2797 667 2838 nem
699 2797 785 2837 me
819 2783 874 2837 in
909 2783 1117 2839 retibus
1168 2783 1281 2853 jam
1322 2783 1662 2848 devolutum,
1695 2792 1747 2838 et
1773 2782 2120 2838 inimicorum

541 2873 799 2928 manibus
841 2873 1127 2940 traditum,
1165 2875 1416 2945 eripuisti
1448 2874 1820 2943 remisistique
1863 2874 2117 2938 liberum,

539 2965 706 3036 pedes
743 2982 896 3022 meos
939 2967 996 3020 in
1035 2967 1330 3023 latitudine
1371 2982 1435 3022 ac
1476 2968 1531 3021 in
1561 2967 1682 3021 loco
1712 2967 1954 3037 spatioso
1987 2982 2120 3021 con-

539 3057 808 3121 stituisti,
864 3059 1155 3128 soluteque
1210 3058 1339 3112 mihi
1399 3060 1766 3122 concessisti,
1802 3061 2119 3130 ubicunque

536 3151 728 3206 vellem
757 3151 1085 3207 incederem.
1111 3151 1169 3204 In
1195 3152 1425 3207 historia
1450 3167 1614 3222 porro
1637 3164 1912 3214 narratur,
1941 3153 2116 3222 ipsum

2253 659 2498 722 Εἰκότως
2526 659 2736 731 χαίρεις
2766 661 2862 731 μὲν
2891 662 3004 723 τοῖς
3032 661 3131 732 τῆς
3158 659 3414 730 ἀληθείας
3441 658 3732 728 ὲρασταῖς,
3760 660 3858 712 καὶ

2255 753 2480 816 τούτους
2514 752 2827 826 προσίεσαν
2859 753 2938 806 διὸ
2963 751 3244 806 λέλεκται·
3286 753 3584 820 Ἀληθείας
3612 749 3864 820 ἐκζητεῖ

2252 846 2500 914 Κύριος·
2544 846 2671 908 τοὺς
2705 846 2761 898 δὲ
2795 847 2890 918 τὴν
2927 846 3262 917 ματαιότητα
3302 845 3666 916 περιέποντας
3701 845 3856 896 εἰκό-

2254 955 2363 1002 τως
2395 938 2680 1010 ἀποτρέπῃ
2713 938 2805 991 καὶ
2833 940 3029 1008 μισεῖς,
3063 936 3139 1000 ὼς
3167 935 3232 990 ἂν
3259 936 3320 989 τὸ
3348 934 3540 1006 ψεῦδος
3571 934 3856 1006 μεταδιώ-

2254 1046 2470 1093 κοντας.
2500 1029 2814 1100 Ματαιότης
2833 1029 2941 1101 γὰρ
2961 1029 3022 1082 τὸ
3051 1027 3278 1098 ψεύδους
3304 1027 3471 1098 γέμον
3490 1044 3503 1056 ·
3531 1027 3614 1080 διὸ
3645 1043 3853 1098 παραυ·

2252 1123 2364 1184 νεῖς
2396 1120 2594 1189 λέγων’
2638 1120 2755 1174 Υἱοὶ
2793 1118 3138 1187 ἀνθρώπων,
3184 1119 3295 1184 ἕως
3342 1120 3487 1172 πότε
3526 1117 3850 1187 ,βαρυκάρ-

2247 1213 2398 1276 deos;
2439 1214 2540 1266 ἵνα
2583 1213 2640 1266 τί
2692 1210 2958 1281 ἀγαπᾶτε
2991 1212 3377 1280 ματαιότητα,
3419 1210 3516 1263 καὶ
3563 1209 3850 1277 ζητεῖσθε

2249 1303 2512 1372 ψεῦδοω
2550 1304 2690 1374 Ἐγὼ
2734 1304 2811 1368 δὲ,
2843 1304 3209 1376 ἀποστραφεὶς
3255 1302 3324 1356 τὰ
3379 1302 3603 1373 μάταια,
3639 1302 3742 1354 ἐπὶ
3789 1305 3847 1357 σὲ

2255 1396 2414 1465 μόνον
2465 1396 2557 1449 τὸν
2604 1396 2838 1468 ἐμαυτοῦ
2874 1397 3075 1468 Κύριον
3108 1396 3343 1468 ἤλπισαο
3376 1395 3455 1448 διὸ
3501 1395 3844 1467 πέπεισμαι,

2247 1487 2344 1539 οὐκ
2398 1489 2518 1558 εἰκῇ
2560 1505 2644 1541 σοι
2699 1489 2935 1559 ἐμαυτὸν
2964 1486 3406 1559 παρατεθειίσθαι.
3445 1485 3518 1539 Τὸ
3541 1486 3656 1558 γὰρ
3681 1488 3845 1551 τέλος

2245 1579 2345 1650 τῆς
2372 1583 2452 1643 εις
2479 1580 2537 1633 σὲ
2566 1580 2781 1645 ἐλπίδος
2811 1580 2952 1652 χαρά
2981 1581 3076 1634 καὶ
3114 1580 3437 1651 εὐφροσύνη.

2317 1673 2437 1726 Ὅτι
2473 1673 2706 1740 ἐπε-ἴδες
2743 1672 2862 1742 τὴν
2902 1673 3268 1727 ταπείνωσίν
3304 1690 3444 1741 μου,
3473 1671 3723 1739 ἔσωσας
3769 1674 3840 1726 ἐκ

2244 1766 2366 1822 τῶν
2391 1765 2670 1836 ἀναγκῶν
2696 1765 2812 1835 τὴν
2837 1765 3050 1834 ψυχήν
3071 1783 3214 1834 μου.
3245 1764 3354 1819 Kal
3401 1767 3473 1819 οὐ
3511 1766 3840 1820 συνέκλει-

2241 1859 2359 1926 σάς
2381 1877 2458 1929 με
2485 1861 2571 1924 εἱς
2603 1858 2802 1929 χεῖρας
2824 1857 3080 1927 ἐχθρῶν
3115 1857 3384 1926 ἕστησας
3411 1857 3482 1911 ἐν
3503 1857 3836 1927 εὐρυχώρῳ

2239 1952 2382 2018 τοὺς
2412 1951 2601 2018 πόδας
2624 1950 2914 2022 μου.¹Ἠδη
2945 1951 3038 2004 καὶ
3067 1948 3253 2002 ἄλλοτε
3282 1949 3488 2013 ὲπεῖδες
3510 1951 3610 2022 τὴν
3632 1951 3834 2004 ταπεί-

2238 2045 2402 2099 νωσίν
2438 2063 2536 2116 μου
2558 2062 2571 2074 ⁸
2609 2044 2868 2107 πολλάκις
2899 2060 2958 2096 τε
2994 2042 3392 2115 περιπεσούσης
3418 2042 3516 2113 τῆς
3547 2043 3694 2112 ἐμῆς
3718 2043 3831 2111 ψυ-

2237 2138 2337 2208 χῆς
2371 2138 2636 2206 ἀνάγκαις
2668 2139 2788 2200 ταῖς
2818 2136 2922 2189 ὑπὸ
2956 2134 3063 2188 τῶν
3094 2133 3301 2206 ἐχθρῶν
3333 2133 3703 2197 ἐπιτεθείσαις
3721 2135 3827 2188 αὒ-

2235 2234 2322 2302 τῇ,
2350 2229 2483 2301 ἐμοῦ
2526 2246 2584 2282 τε
2624 2229 2787 2299 μηδὲν
2813 2227 2976 2281 πλέον
3012 2226 3340 2297 πράττοντος
3369 2225 3402 2297 ἢ
3429 2225 3826 2289 ταπεινοῦντος

2235 2323 2470 2395 ἐμαυτὸν
2496 2322 2590 2376 καλ⁸
2615 2321 2907 2384 κακοῦντος
2930 2321 3017 2374 διὰ
3047 2320 3157 2374 τῶν
3189 2318 3327 2392 πρὸς
3347 2317 3407 2372 σὲ
3428 2318 3517 2372 τὸν
3545 2317 3682 2371 Θεὸν
3708 2321 3825 2374 ἱκε-

2233 2417 2456 2488 τηρίων,
2490 2417 2552 2467 σὺ
2588 2414 2746 2476 αὐτὸς
2786 2415 2814 2466 6
2848 2413 2978 2483 ἐμὸς
3009 2413 3324 2484 ὑπέρμαχος
3363 2411 3456 2465 καὶ
3500 2411 3820 2482 ὑπερασπι-

2234 2509 2384 2579 στὴς,
2410 2508 2482 2579 μὴ
2507 2504 2912 2578 ἀντιπαρελθών
2941 2523 3030 2577 με,
3055 2505 3451 2576 ἀποδεξάμενος
3471 2503 3526 2556 δὲ
3555 2503 3654 2575 τὴν
3678 2504 3821 2576 ἐμὴν

2231 2601 2576 2664 ταπείνωσιν,
2608 2600 2846 2664 ἔσωσας
2869 2599 2938 2652 ἐκ
2968 2597 3085 2652 τῶν
3117 2596 3398 2667 ἀναγκῶν
3439 2596 3560 2665 τὴν
3600 2596 3824 2665 ψυχήν

2224 2713 2364 2763 μου,
2401 2693 2500 2747 καὶ
2540 2694 2611 2746 οὐ
2656 2690 3060 2758 συνέκλεισάς
3084 2708 3164 2761 με
3201 2694 3288 2757 εἰς
3319 2689 3519 2759 xci-pag-
3547 2688 3817 2757 ἐχθρῶν·

2230 2785 2547 2857 παραδόξως
2595 2768 2653 2836 δὲ
2707 2800 2773 2854 με
2820 2781 2952 2835 εἴσω
2983 2781 3212 2835 δικτύων
3243 2781 3341 2852 ἤδη
3371 2780 3689 2850 γενόμενον,
3725 2780 3821 2831 καὶ

2227 2881 2346 2940 ταῖς
2374 2894 2434 2947 χε
2442 2877 2531 2948 poi.
2559 2873 2664 2928 τῶν
2693 2874 2902 2946 ἐχθρῶν
2926 2872 3357 2944 παραδεδομένον
3387 2870 3640 2942 ἀρπάσας
3671 2869 3820 2922 ἐλεύ-

2227 2971 2383 3043 θερον
2419 2971 2643 3041 ἀνῆκας,
2678 2970 2772 3022 καὶ
2801 2969 2926 3031 τοὺς
2961 2967 3128 3030 πόδας
3163 2983 3263 3038 μου
3298 2966 3355 3017 ὲν
3385 2963 3690 3034 πλατύτητι
3725 2968 3820 3016 καὶ

2226 3062 2536 3135 εὐρυχωρίᾳ.
2567 3060 2925 3131 κατέστησας,
2965 3059 3323 3130 συγχωρήσας
3352 3056 3547 3126 ἄφετόν
3599 3073 3670 3126 με
3717 3055 3818 3125 βα-

2225 3156 2387 3220 δίζειν
2423 3157 2546 3208 ὅποι
2574 3156 2668 3208 καὶ
2699 3153 2978 3224 βούλομαι.
3011 3151 3264 3205 Διδάσκει
3291 3149 3347 3202 δὲ
3383 3149 3477 3202 καὶ
3507 3150 3540 3220 ἡ
3573 3150 3816 3221 ἱστορία,

537 3259 680 3314 saepe
706 3259 737 3297 a
756 3243 918 3299 Saule
939 3245 1363 3315 deprehensum,
1387 3252 1438 3299 et
1464 3245 1758 3314 aliquando
1781 3244 1833 3298 in
1858 3246 2118 3314 spelunca

2233 3249 2328 3311 ὅτι,
2365 3247 2626 3309 πολλάκις
2657 3245 3021 3314 καταληφθεὶς
3050 3243 3156 3297 ὑπὸ
3200 3242 3294 3295 τοῦ
3337 3241 3528 3304 Σαοὺλ,
3561 3241 3658 3295 καὶ
3690 3243 3819 3311 μὲν-

538 3332 837 3397 inclusum,
887 3348 1084 3388 manus
1125 3333 1246 3403 ejus
1293 3333 1551 3403 effugisse
1599 3353 1612 3388 :
1660 3343 1715 3388 et
1749 3335 1887 3389 alias
1937 3334 2120 3390 aGet-

536 3425 694 3480 thaais
737 3439 794 3480 se
831 3432 1012 3480 mente
1042 3434 1262 3496 captum
1307 3425 1620 3481 simulando
1669 3427 1916 3496 elapsum
1975 3443 2118 3483 esse.

607 3600 771 3658 Vens.
819 3602 906 3657 10.
954 3601 1206 3658 Miserere
1253 3605 1375 3668 mei,
1429 3603 1667 3669 Domine,
1724 3605 1973 3675 quoniam
2025 3607 2122 3660 tri-

535 3695 732 3751 bulor:
775 3696 1118 3751 conturbatus
1153 3708 1230 3752 est
1266 3699 1322 3751 in
1373 3700 1456 3751 ira
1503 3698 1687 3752 oculus
1735 3715 1902 3762 meus,
1940 3699 2120 3752 anima

531 3803 648 3844 mea
695 3799 746 3844 et
790 3800 966 3844 venter
1010 3808 1172 3845 meus.
1222 3789 1409 3862 Rogo,
1449 3791 1663 3860 inquit,
1729 3805 1794 3845 ac
1853 3790 2120 3861 deprecor

529 3883 637 3937 mei
687 3889 747 3938 ut
794 3884 1129 3947 miserearis,
1185 3886 1435 3954 quoniam
1482 3884 1741 3948 tribulor;
1783 3885 1944 3954 cujus
1996 3885 2118 3940 loco

530 3974 751 4044 Aquila,
796 3975 1064 4042 Quoniam
1096 3986 1375 4046 angustum
1411 3977 1558 4029 mihi.
1599 3975 1701 4030 Tui
1733 3978 1876 4031 enim
1907 3985 1960 4032 et
1988 3992 2116 4047 pro-

529 4067 827 4122 missorum
867 4077 1086 4124 tuorum
1131 4083 1296 4126 causa
1354 4069 1408 4122 in
1453 4077 1686 4138 angusta
1729 4077 1783 4122 et
1832 4076 1984 4123 arcta
2027 4069 2116 4123 via

528 4157 748 4216 incedo.
799 4161 868 4214 At
909 4160 1105 4215 animae
1148 4177 1282 4217 mea:
1321 4162 1535 4226 oculus,
1582 4161 1812 4231 ipsaque
1853 4177 2010 4217 mens
2051 4177 2116 4217 ac

531 4250 616 4306 vis
647 4251 1015 4306 ratiocinandi
1055 4253 1276 4307 turbata
1307 4261 1388 4308 est
1420 4253 1474 4307 in
1509 4254 1608 4307 ira.
1645 4252 1752 4308 Pro
1785 4268 1894 4324 quo
1918 4252 2115 4324 Aquila

534 4344 966 4415 dicit:Squaluit
1000 4347 1057 4399 in
1091 4346 1456 4416 indignatione
1501 4345 1686 4400 oculus
1735 4361 1917 4409 meus;
1956 4344 2114 4418 Sym-

528 4437 758 4494 machus
791 4453 941 4505 vero,
976 4438 1244 4493 Turbatus
1288 4448 1364 4494 est
1398 4454 1508 4509 pne
1534 4438 1896 4509 indignatione
1929 4439 2111 4494 oculus

526 4547 694 4586 meus.
732 4529 867 4585 Nam
919 4547 1046 4586 cum
1099 4531 1564 4604 indignationem,
1615 4532 1829 4602 inquit,
1878 4540 1933 4587 et
1973 4533 2110 4586 iram

2231 3355 2311 3392 τοι
2346 3338 2440 3392 καὶ
2469 3340 2522 3389 ὲν
2552 3337 2628 3407 τῷ
2660 3336 2906 3405 σπηλαίῳ
2938 3331 3299 3405 καθειρχθεὶς,
3332 3331 3430 3394 τὰς
3457 3328 3666 3382 ἐκείνου
3702 3333 3818 3399 χεῖ-

2237 3446 2333 3503 ρας
2362 3431 2606 3499 διέᾳυγε,
2643 3430 2739 3482 καὶ
2768 3427 2952 3482 ἄλλοτε
2974 3428 3099 3488 τοὺς
3119 3423 3406 3487 Γετθαίους
3422 3421 3820 3495 παραπληξίαν

2232 3523 2728 3594 σχηματισάμενος.

2313 3615 2598 3682 Ἐλέησόν
2624 3634 2720 3683 με,
2753 3616 2947 3683 Κύριε,
2975 3614 3065 3667 ὅτι
3091 3613 3381 3681 θλίϐομαι·
3423 3608 3726 3678 ἐταράχθη
3747 3607 3819 3658 ἐν

2227 3706 2391 3775 θυμῷ
2417 3710 2450 3759 ό
2478 3709 2783 3776 ὀφθαλμός
2808 3724 2949 3774 μου,
2975 3705 3012 3773 1}
3043 3702 3213 3773 ψυχή
3232 3720 3372 3772 μου,
3395 3702 3490 3755 καὶ
3519 3702 3556 3764 ἡ
3583 3695 3816 3765 γαστήρ

2218 3801 2652 3871 μου.’1κετεύω,
2684 3801 2838 3870 φησι,
2870 3800 2964 3853 καὶ
2987 3799 3177 3868 δέομαι
3208 3795 3517 3865 ἐλεηθῆναι,
3551 3788 3642 3842 ὅτι
3681 3789 3820 3843 θλί-

2227 3899 2397 3964 ϐομαι
2421 3909 2435 3924 ⁸
2467 3893 2582 3948 ἀνθ’
2613 3889 2672 3948 οὗ
2697 3895 2724 3946 6
2769 3892 3000 3954 Ἀκύλας
3028 3908 3100 3960 φη
3111 3889 3192 3941 σίν
3212 3905 3225 3917 ο
3251 3888 3369 3939 Ὅτι
3403 3880 3626 3936 στενὸν
3651 3880 3815 3950 ἐμοί.

2225 3989 2334 4060 Τὴν
2384 3989 2492 4060 γάρ
2541 3989 2732 4061 στενὴν
2761 3989 2854 4041 καὶ
2895 3985 3259 4058 τεθλιμμένην
3286 3980 3455 4036 ὁδεύω
3481 3977 3568 4031 διὰ
3603 3975 3684 4037 σὲ,
3719 3976 3818 4029 καὶ

2221 4081 2321 4145 τὰς
2361 4081 2458 4145 σὰς
2500 4081 2850 4150 ἐπαγγελίας.
2870 4078 3029 4132 Ἀλλά
3058 4076 3153 4130 καὶ
3182 4078 3210 4129 6
3240 4076 3340 4146 τῆς
3363 4071 3540 4143 ψυχῆς
3573 4087 3676 4139 μου
3710 4069 3817 4138 ἀφ’

2225 4173 2447 4246 θαλμὸς,
2477 4174 2637 4237 αὐτὸς
2664 4176 2692 4227 6
2720 4172 2845 4236 νοῦς
2874 4173 2970 4226 καὶ
2993 4171 3054 4223 τὺ
3083 4172 3140 4224 ὲν
3176 4168 3300 4239 ἐμοὶ
3326 4161 3651 4233 λογιστικὸν,
3682 4161 3818 4214 ἐτα-

2227 4265 2403 4338 ράχθη
2462 4268 2520 4320 ὲν
2580 4265 2773 4338 θυμῷ·
2831 4265 2946 4318 ἀνθ’
2982 4255 3044 4317 οὗ
3093 4265 3122 4316 6
3179 4261 3278 4333 μὲν
3319 4257 3548 4319 Ἀκύλας
3599 4254 3813 4324 φησίν·

2213 4357 2510 4428 Ηὺχμώθη
2538 4357 2624 4411 ’ἐν
2668 4353 3052 4426 παροργισμῷ
3105 4356 3138 4407 ὁ
3164 4348 3470 4420 ὀφθαλμός
3494 4363 3612 4416 μου
3637 4359 3650 4372 “
3693 4344 3727 4395 ὁ
3759 4343 3816 4395 δὲ

2220 4451 2514 4521 Σύμμαχος
2534 4466 2548 4481 ο
2597 4448 2885 4514 Ἐθολὼοη
2919 4447 3018 4500 διὰ
3053 4439 3468 4513 παροργισμὸν
3499 4436 3816 4507 ὀφθαλμός

2214 4546 2490 4613 μου.Ὃτε
2535 4542 2642 4612 γὰρ
2687 4539 3034 4614 παρώργισα,
3069 4536 3222 4606 φησι,
3253 4532 3346 4588 καὶ
3387 4528 3555 4601 θυμὸν
3582 4524 3815 4597 ἐμαυτῴ

524 4619 658 4674 mihi
715 4622 1024 4690 concitari,
1077 4637 1249 4678 ausus
1296 4637 1360 4678 ea
1405 4634 1720 4695 perpetrare
1752 4639 1874 4694 qum
1925 4623 2110 4680 furore

2233 4639 2510 4708 ὲπήγειρα,
2543 4633 2820 4704 τολμήσας
2844 4625 3246 4701 διαπράξασθαι
3273 4625 3343 4679 τὰ
3373 4619 3547 4694 θυμοῦ
3589 4619 3684 4673 καὶ
3718 4620 3816 4689 ὀρ-

524 4724 578 4766 et
622 4713 702 4767 ira
745 4714 910 4786 digna
957 4723 1116 4784 sunt,
1166 4724 1301 4773 tunc
1338 4717 1624 4784 confusio,
1668 4719 2017 4775 conturbatio
2054 4727 2110 4774 et

525 4807 747 4874 squalor
803 4810 1190 4867 rationabilem
1246 4812 1442 4868 anima:
1487 4813 1596 4868 vim
1636 4817 1947 4887 occupavit.
2000 4814 2107 4871 Sed

526 4897 690 4951 etiam
727 4899 908 4956 anima
935 4917 1055 4958 mea
1085 4911 1139 4959 et
1167 4912 1358 4961 venter
1391 4921 1548 4963 meus
1586 4908 1704 4978 ipse
1744 4906 2106 4963 conturbatus

525 5003 590 5043 ac
640 4992 904 5051 confusus
958 5005 1042 5054 est
1108 4999 1164 5054 in
1207 5008 1454 5073 tempore
1505 5001 1899 5074 indignationis
1947 5018 2101 5059 meae.

526 5079 995 5146 Quemadmodum
1026 5106 1155 5147 vero
1189 5094 1386 5149 animae
1414 5095 1634 5150 oculum
1666 5111 1765 5166 per
1787 5096 2106 5150 translatio-

525 5187 649 5226 nem
685 5189 714 5228 a
738 5179 925 5233 sensili
970 5183 1130 5239 oculo
1162 5186 1518 5260 intelligimus
1540 5227 1555 5253 ,
1600 5187 1681 5244 sic
1711 5194 1956 5244 ventrem
1987 5187 2106 5256 ejus

521 5281 869 5340 nequaquam
916 5275 1102 5332 labare
1160 5279 1205 5335 si
1249 5282 1360 5335 vim
1410 5282 1689 5337 memoria:
1725 5282 2000 5352 accipias;
2049 5282 2106 5335 in

520 5371 627 5426 qua
661 5375 758 5414 ceu
796 5363 850 5416 in
879 5376 1088 5436 ventre,
1117 5370 1273 5427 cibos
1307 5386 1501 5428 omnes
1543 5388 1575 5426 ει
1606 5374 1959 5428 sermonibus
1985 5386 2108 5442 per-

520 5463 709 5521 ceptos
740 5470 1005 5525 reponere
1051 5468 1462 5524 consuevimus.
1504 5467 1876 5534 Quamobrem
1905 5466 2107 5522 alicubi

518 5542 723 5602 dicitur
749 5568 761 5601 :
790 5550 1034 5618 Benedic,
1070 5558 1250 5610 anima
1270 5575 1407 5623 mea,
1437 5557 1682 5620 Domino,
1712 5568 1762 5612 et
1784 5560 1964 5613 omnia
1992 5574 2108 5628 qua:

518 5645 664 5698 intra
712 5663 791 5701 nte
833 5658 975 5715 sunt,
1002 5651 1206 5703 nomini
1258 5660 1446 5704 sancto
1493 5651 1610 5719 ejus
1634 5651 1722 5705 νιν.
1769 5650 1835 5704 Et
1858 5651 2109 5705 Salvator

521 5739 596 5795 ait
624 5757 637 5795 :
673 5738 776 5806 Qui
819 5740 1003 5794 biberit
1038 5755 1104 5794 ex
1135 5758 1274 5810 aqua
1300 5757 1459 5810 quam
1483 5757 1576 5811 ego
1603 5740 1741 5797 dabo
1787 5743 1855 5810 ei,
1886 5743 2110 5811 ﬂumina

589 5916 634 5947 ’³
676 5915 819 5973 Psal.
857 5933 943 5985 Iv,
982 5918 1036 5973 5.
1116 5918 1186 5950 η’
1219 5917 1368 5978 Psal.
1411 5934 1525 5992 cu,
1563 5923 1614 5978 1.

2215 4729 2320 4798 γῆς
2351 4725 2500 4790 ἄξια,
2529 4726 2590 4778 τὸ
2634 4723 2934 4794 τηνικαῦτα
2981 4721 3245 4791 σύγχυσις
3294 4717 3391 4770 καὶ⁹
3442 4713 3667 4774 Θόλωσις
3717 4709 3812 4762 καὶ

2214 4819 2426 4891 αὐχμὸς
2472 4819 2532 4871 τὸ
2579 4815 2887 4886 λογιστικὸν
2929 4815 3028 4885 τῆς
3073 4812 3214 4884 ἐμῆς
3246 4809 3426 4880 ψυχῆς
3459 4803 3806 4891 κατείληφεν..

2228 4888 2391 4966 Ἀλλά
2425 4911 2518 4965 καὶ
2545 4913 2577 4983 ἡ
2603 4910 2746 4981 ψυχή
2790 4925 2911 4980 μου,
2941 4907 3096 4979 φησὶ,
3126 4902 3271 4961 καὶή
3308 4889 3514 4983 γαστήρ
3549 4905 3672 4983 Pol-tt
3710 4888 3810 4939 καὶ

2210 5005 2347 5079 αὐτὴ
2372 4979 3023 5075 ὲθολώθηκαὶὲταράχοη
3053 4984 3193 5079 κατά
3207 4985 3298 5079 τὸν
3319 4981 3512 5079 ’καιρὸν
3537 4979 3810 5079 τοῦιπαρ-

2215 5071 2484 5168 οργίσμοῢ
2543 5071 2893 5160 μου.”Ωσπερ
2920 5082 2974 5134 δὲ
2999 5077 3272 5148 ὀφθαλμὸν
3303 5074 3481 5144 ψυχῆς
3521 5071 3664 5125 κατὰ
3686 5088 3808 5168 ῌμε-

2214 5163 2458 5257 ταφορὰν
2509 5181 2606 5235 τοῦ
2654 5176 2912 5246 αἰσθητοῦ
2964 5170 3240 5242 ὀφθαλμοῦ
3268 5169 3624 5237 νενοήκαμεν,
3656 5163 3808 5216 οὕτω

2216 5254 2312 5333 καί
2360 5254 2458 5348 τὴν
2493 5271 2738 5343 γαστέρα
2769 5267 2939 5337 αὐτῆς
2967 5266 3066 5318 οὐκ
3091 5263 3154 5317 ἂν
3183 5260 3447 5331 ἁμάρτοις
3485 5255 3656 5348 εἰπὼν
3696 5254 3808 5348 τὴν

2215 5346 2444 5441 δύναμιν
2483 5366 2580 5438 τὴν
2629 5358 2988 5436 μνημονικὴν,
3019 5358 3075 5409 ἐν
3194 5352 3380 5422 ὥσπερ
3415 5352 3471 5403 ἐν
3495 5347 3673 5441 κοιλίᾳ
3700 5346 3806 5441 καὶ

2216 5439 2415 5534 γαστρὶ
2441 5459 2620 5522 πάσας
2668 5457 2766 5518 τὰς
2813 5452 2900 5507 διά
2937 5450 3109 5518 λόγων
3150 5445 3353 5518 τροφὰς
3383 5439 3803 5534 ὲναποτίθεσθαι

2217 5532 2394 5608 έῖωθέ.
2431 5549 2521 5604 Διὸ
2570 5547 2816 5604 λέλεκταί
2871 5560 3004 5598 πουο
3046 5540 3316 5606 Εὐλότει,
3352 5537 3390 5601 ἡ
3440 5532 3607 5602 ψυχή
3646 5547 3799 5600 μου,

2217 5649 2324 5703 τὸν
2351 5647 2589 5716 Κύριον,
2621 5644 2716 5698 καὶ
2743 5641 2941 5695 πάντα
2968 5637 3039 5690 τὰ
3059 5633 3230 5698 ἐντός
3267 5647 3386 5699 μου
3411 5627 3475 5680 τὸ
3509 5626 3694 5693 ὄνομα
3726 5627 3802 5676 τὸ

2219 5741 2390 5811 ἅγιον
2412 5737 2618 5795 αὑτοῦ.
2657 5734 2768 5790 Καὶ
2794 5735 2821 5786 6
2848 5730 3039 5800 Σωτὴρ
3063 5727 3148 5780 δέ·
3191 5727 3286 5788 Ὃς
3318 5721 3393 5775 ἂν
3433 5719 3538 5787 πίῃ
3575 5718 3643 5770 ἐκ
3684 5717 3798 5770 τοῦ

3967 2001 3971 2008 ι
