4010 6538
249 402 358 466 269

1379 414 1887 477 COMMENTARIA
1922 421 1991 477 IN
2030 417 2366 478 PSALMOS.

3368 431 3483 489 ‘270

248 526 486 595 ὕδατος,
515 525 587 588 οὗ
614 531 731 604 ἐγὼ
761 531 934 589 δώσω
966 518 1146 601 αὐτῷ,
1175 540 1425 608 ποταμοὶ
1465 541 1534 593 ἐκ
1566 541 1676 608 τῆς
1704 559 1781 597 uel

1884 554 1897 604 ι
1927 542 1989 596 de
2029 552 2206 598 ventre
2250 543 2364 612 ejus
2398 548 2559 611 [luent
2604 558 2753 614 aqua?
2789 540 2932 608 vim,
2976 545 3212 601 salientis
3243 545 3297 601 in
3328 547 3483 601 vitam

260 619 385 686 llac
431 623 615 677 αὑτοῦ
655 626 994 693 ῥεύσουσιν
1034 628 1250 696 ὕδατος
1288 629 1519 700 ζῶντος,
1570 636 1781 703 ἀλλομε

1922 643 2175 687 ωιενηαηι
2211 633 2277 689 9⁵.
2334 632 2433 687 llic
2497 634 2680 703 itaque
2744 634 3123 691 reminiscendi
3174 636 3310 700 vim,
3369 637 3482 691 sive

244 728 355 766 νου
386 717 473 780 εἰς
498 715 652 785 ζωὴν
668 716 926 772 αἰώνιον.
960 720 1252 774 Κάνταῦθα
1285 723 1459 776 τοίνυν
1487 724 1584 795 τὴν
1614 744 1781 797 μνημε

1920 724 2081 777 etiam
2119 722 2417 792 principem
2454 722 2651 776 animm
2690 726 2917 793 partem,
2953 733 3190 779 ventrem
3228 722 3482 780 Servator

242 805 396 877 νικὴν
426 807 675 873 δύναμιν,
710 811 743 882 ἢ
780 812 875 864 καὶ
904 813 1034 866 αὑτὸ
1060 814 1120 867 τὸ
1150 815 1471 884 ἡγεμονικὸν
1496 816 1594 886 τῆς
1620 817 1816 889 ψυχῆς,

240 899 447 954 κοιλίαν
472 901 751 973 ὠνόμασεν
782 906 811 957 ό
840 905 1047 977 Σωτήρ.
1083 906 1346 971 Θολωθεὶς
1384 892 1559 962 τοίνυν
1587 909 1675 963 τὸν
1717 913 1815 981 όφ-

240 991 445 1063 θαλμὸν
473 994 574 1064 τῆς
598 994 794 1066 ψυχῆς,
818 996 910 1049 καὶ
938 996 1037 1068 τὴν
1065 997 1304 1069 γαστέρα
1331 997 1428 1069 τὴν
1456 1000 1817 1072 παραδεδομέ-

236 1100 357 1156 νην,
391 1086 601 1159 ἰατρείᾳ
629 1089 721 1141 καὶ
754 1088 1018 1160 θεραπείᾳ
1060 1090 1295 1159 ἐμαυτὸν
1336 1095 1612 1163 παρεῖχον,
1654 1094 1812 1167 ὀδύνῃ

233 1176 330 1229 καὶ
364 1181 800 1249 στεναγμοῖς,καὶ
829 1180 1072 1252 πτωχείᾳ
1099 1182 1422 1254 παραδιδοὺς
1450 1183 1539 1237 τὸν
1570 1186 1808 1255 ἐμαυτοῦ

236 1266 372 1336 βίον,
401 1269 585 1341 ῶσπερ
616 1272 704 1326 διά
731 1290 891 1325 τινων
921 1272 1132 1326 κύκλων
1164 1274 1561 1346 ἰατρευόμενος.
1582 1277 1725 1331 Ἀντὶ
1752 1278 1808 1331 δὲ

229 1359 460 1423 τοῢ,ἐν
490 1364 745 1432 πτωχείᾳ
788 1365 826 1430 ἠ
874 1365 1052 1433 ἰσχύς
1089 1383 1230 1433 μου,
1268 1366 1365 1419 καὶ
1399 1366 1470 1420 τὰ
1502 1368 1651 1422 ὀστᾶ
1687 1388 1806 1439 μου

225 1452 679 1523 ἐταράχθησαν
713 1458 1044 1528 σαφέστερον
1070 1459 1098 1510 ὁ
1130 1459 1422 1531 Σύμμαχος
1464 1462 1806 1533 ἡρμήνευσεν

223 1544 393 1598 εἰπών
418 1564 430 1576 ·
460 1550 562 1601 Διά
590 1549 1002 1617 τὴν-’κάκωσίν
1025 1567 1144 1618 μου
1168 1552 1206 1619 ἠ
1243 1553 1421 1622 ἰσχύς
1452 1571 1570 1622 μου
1605 1554 1704 1606 καὶ
1732 1554 1805 1608 τὰ

207 1634 372 1690 -ὀστᾶ
397 1654 518 1705 μου
545 1640 944 1707 ηὑρωτίασαν.
981 1641 1137 1696 Οὕτω
1167 1642 1295 1715 γάρ,
1350 1645 1532 1715 φησὶν,
1569 1646 1803 1716 ἐμαυτὸν

216 1723 468 1791 ἐκάκουν,
500 1727 575 1791 ὡς
600 1728 686 1782 διὰ
708 1731 806 1802 τὴν
836 1733 1143 1805 ὑπερϐολὴν
1168 1734 1270 1804 τῆς
1301 1734 1596 1815 κακώσεως
1620 1737 1802 1803 ἐξατο-

214 1814 378 1884 νῆσαί
432 1835 533 1887 μου
585 1821 679 1872 καὶ
722 1822 1080 1895 ἐξασθενῆσαι
1114 1825 1212 1895 τὴν
1244 1827 1414 1896 ἰσχὺν,
1440 1827 1534 1879 καὶ¹
1570 1827 1708 1881 αὐτὰ
1734 1828 1801 1883 τὰ

1920 813 2279 883 nuncupavit.
2312 816 2447 867 Cum
2486 829 2616 884 ergo
2662 823 2715 868 et
2749 816 2952 870 mentis
2988 816 3161 875 oculis
3192 825 3245 872 et
3272 825 3477 883 ventre,

1918 905 1984 957 de
2014 920 2124 972 quo
2165 903 2273 972 jam
2310 902 2575 965 diximus,
2613 905 2970 961 conturbatus
3016 922 3224 974 essem,
3260 906 3480 962 medela:

1915 1013 2002 1051 me
2058 1004 2219 1067 atque
2273 995 2550 1050 curationi
2606 995 2847 1063 tradidi;
2904 997 3111 1062 dolori,
3168 999 3479 1068 gemitibus,

1913 1088 2141 1157 egestati
2170 1088 2336 1141 vitam
2386 1086 2569 1141 addixi
2628 1102 2831 1151 meam,
2866 1102 2966 1143 ceu
3010 1090 3242 1159 quadam
3289 1091 3481 1145 circui-

1917 1181 2063 1234 tione
2102 1196 2234 1235 usus
2267 1180 2333 1234 ad
2370 1181 2600 1234 salutem
2638 1181 3086 1250 recuperandam.
3118 1174 3224 1237 Pro
3258 1184 3351 1237 illo
3384 1200 3479 1237 au-

1910 1280 2037 1332 tem,
2099 1266 2164 1324 In
2203 1276 2510 1340 paupertate
2552 1272 2716 1324 virtus
2762 1289 2897 1339 mea,
2941 1284 2990 1326 et
3042 1290 3163 1327 ossa
3199 1291 3312 1327 mea
3352 1290 3477 1328 ιω(-

1912 1362 2128 1415 tnrbala
2179 1370 2333 1426 sunt,
2382 1364 2624 1432 apertius
2677 1362 3036 1433 Symmachus
3090 1366 3475 1435 interpretatus

1907 1460 1991 1507 est
2032 1452 2117 1508 his
2166 1452 2385 1519 verbis,
2427 1452 2645 1520 Propter
2701 1454 3028 1523 aﬂlictioncm
3073 1472 3272 1519 meam,
3307 1457 3474 1511 virtus

1907 1561 2023 1597 mea
2071 1553 2119 1597 et
2165 1560 2283 1597 ossa
2330 1560 2444 1596 mea
2491 1553 2824 1610 putruerunt.
2876 1542 2952 1597 Ila
2990 1562 3074 1600 me
3108 1545 3473 1611 macerabam,

1907 1634 2104 1704 inquit,
2135 1642 2194 1688 ut
2223 1648 2444 1705 propter
2473 1635 2779 1690 afllictionis
2805 1636 2912 1690 vim
2933 1677 2947 1700 ,
2978 1637 3153 1691 virtus
3186 1654 3305 1693 mea
3339 1637 3475 1693 defi-

1905 1736 2052 1781 ceret
2086 1735 2147 1779 ac
2178 1727 2563 1786 iuﬁrmaretur.
2595 1736 2756 1797 atque
2778 1728 2895 1797 ipsa
2927 1733 3121 1783 anima:
3164 1744 3308 1795 ossa,
3344 1730 3476 1799 ipsa:

1904 1817 2213 1883 facultates,
2260 1818 2460 1886 quibus
2495 1820 2623 1872 olim
2673 1819 2902 1873 viriliter
2950 1822 3204 1891 agebam,
3249 1838 3476 1891 compu.

206 1906 310 1977 τῆς
332 1907 509 1978 ψυχῆς
546 1928 647 1980 μου
676 1913 858 1975 ὀστέα,
890 1916 981 1968 καί
1003 1915 1103 1979 τὰς
1131 1916 1388 1986 δυνάμεις
1417 1919 1474 1970 ἐν
1508 1913 1596 1982 αἷς
1630 1921 1781 1973 πάλου

1896 1914 2223 1975 trescerent;
2278 1909 2392 1963 sive
2422 1908 2724 1964 secundum
2772 1910 3046 1978 Aquilam.
3089 1911 3153 1963 Et
3202 1929 3323 1965 ossa
3358 1929 3473 1966 mea

204 1996 543 2070 ἠνδριζόμην
574 2004 955 2075 ηὑρωτίασανο
998 2007 1030 2077 ἢ
1074 2008 1215 2061 κατὰ
1261 2010 1352 2063 τὸν
1390 2012 1645 2065 Ἀκύλαν·
1686 2013 1793 2066 Καὶ

202 2087 283 2140 τὰ
310 2090 462 2144 ὀστᾶ
484 2110 604 2160 μου
637 2094 940 2164 ηὺχμώθη.
969 2098 1156 2154 Ταῦτα
1177 2101 1233 2154 δὲ
1264 2104 1532 2171 ἀναγκαῖα
1566 2105 1700 2175 πρὸς
1721 2105 1797 2157 δι-

203 2177 504 2236 δασκαλίαν
532 2185 627 2238 καὶ
654 2187 1014 2259 ὑπογραμμὸν
1041 2191 1150 2245 τῶν
1179 2195 1427 2263 ἀφέσεως
1458 2200 1638 2266 τυχεῖν
1674 2198 1796 2266 βου-

203 2268 453 2341 λομένων
483 2274 589 2327 τῶν
616 2278 833 2330 οἰκείων
863 2279 1368 2355 πλημμελημάτων.

275 2360 443 2427 Παρὰ
480 2362 710 2431 πάντας
736 2364 877 2432 τοὺς
910 2368 1161 2439 ἐχθρούς
1186 2392 1305 2441 μου
1329 2375 1625 2443 ἐγενήθην
1646 2378 1794 2431 ὄνει-

196 2447 331 2516 δος,
356 2452 457 2505 καὶ
483 2454 607 2521 τοῖς
630 2458 858 2527 γείτοσί
884 2480 1003 2531 μου
1033 2465 1295 2533 σφόδρα,
1334 2466 1431 2519 καὶ
1464 2470 1646 2536 φόϐος
1668 2472 1793 2538 τοῖς

193 2544 494 2611 γνωστοῖς
528 2565 663 2616 μου.
714 2554 779 2605 Οἱ
808 2555 1166 2622 θεωροῦντές
1186 2575 1263 2625 με
1292 2558 1407 2623 ἔξω
1440 2561 1667 2631 ἔφυγον
1688 2564 1789 2616 ἀπ’

189 2630 345 2699 ἐμοῦ
363 2649 378 2663 ·
415 2636 769 2721 ἐπελήσθην
792 2643 935 2697 ὡσεὶ
966 2646 1181 2714 νεκρὸς
1210 2649 1327 2702 ἀπὸ
1367 2630 1615 2717 καρδίας
1635 2669 1647 2680 ·
1672 2653 1796 2721 eye-

186 2723 393 2793 νήθην
413 2729 555 2784 ὡσεὶ
605 2734 828 2802 σκεῦος
855 2738 1192 2805 ἀπολωλός.
1227 2741 1412 2795 Ταῦτα
1444 2744 1789 2815 ἁναφέρομεν

187 2815 283 2868 ἐπὶ
329 2817 427 2870 τὸν
474 2822 664 2893 καιρὸν
692 2824 786 2877 τοῦ
821 2826 1024 2892 πάθους
1056 2829 1151 2881 τοῦ
1185 2830 1435 2903 Σωτῆρος
1478 2833 1655 2902 ἡμῶν,
1689 2836 1790 2907 ἁρ-

187 2907 346 2976 μόζοι
376 2908 449 2964 ἂν
481 2912 572 2965 ὑπ’
602 2914 766 2968 αὐτοῦ
792 2917 1066 2986 λέγεσθαι,
1095 2921 1182 2973 ὅτε
1229 2924 1275 2974 οί
1316 2923 1500 2993 ἐχθροὶ
1548 2925 1787 2996 ἀνηρτη-

183 2998 347 3068 μένον
395 3002 638 3073 ὁρῶντες
680 3007 843 3060 αὑτὸν
874 3009 1217 3074 ἐπετώθαζον
1247 3013 1615 3077 ὀνειδίζοντες,
1646 3014 1789 3068 κατὰ

175 3089 249 3143 τὰ
280 3095 655 3165 γεγραμμένα
700 3098 758 3149 ἐν
802 3100 913 3162 τοῖς
944 3100 1326 3169 Εὑαγγελίοις·
1363 3103 1499 3155 οἵτε
1530 3105 1783 3173 γνωστοὶ,

173 3186 270 3239 καὶ
302 3187 353 3239 οί
394 3186 669 3258 μαθηταὶ,
689 3191 782 3243 καὶ
810 3192 970 3261 φίλοι,
996 3194 1145 3265 φόϐῳ
1176 3196 1559 3262 ὑποπεσόντες,
1588 3199 1785 3270 ἀνεχώ-

1901 2006 2246 2055 exaruerunt.
2290 1998 2416 2051 Haec
2452 2012 2619 2066 porro
2655 2007 2784 2052 sunt
2818 1998 2904 2063 iis,
2940 2001 3029 2068 qui
3066 2000 3332 2054 scelerum
3378 2017 3471 2055 su-

1899 2107 2058 2145 orum
2117 2089 2336 2143 veniam
2384 2089 2655 2158 consequi
2684 2097 2997 2160 perOptant,
3031 2091 3095 2145 ad
3127 2089 3470 2159 disciplinam

1896 2190 1947 2238 et
1979 2181 2280 2251 exemplum
2315 2181 2644 2236 necessaria.

1965 2369 2136 2437 Vens.
2191 2381 2381 2437 12-”.
2418 2382 2592 2452 Super
2623 2394 2803 2439 Omnes
2869 2385 3112 2440 inimicos
3177 2404 3319 2442 meos
3381 2389 3466 2457 [ac

1893 2480 2007 2524 ctus
2046 2488 2161 2524 sum
2204 2472 2539 2541 opprobrium
2570 2484 2618 2528 et
2646 2475 2828 2529 vicinis
2872 2478 2998 2530 meis
3034 2476 3200 2542 valde,
3228 2487 3277 2532 et
3309 2479 3467 2533 timor

1893 2565 2030 2617 notis
2062 2565 2209 2617 meis.
2265 2556 2370 2631 Qui
2410 2552 2651 2620 videbant
2685 2585 2783 2632 me,
2817 2556 2963 2638 foras
2997 2570 3243 2639 fugerunt
3289 2587 3320 2623 a
3348 2584 3464 2624 me:

1892 2657 2139 2711 oblivioni
2180 2657 2337 2711 datus
2369 2675 2486 2712 sum
2522 2668 2772 2730 tanquam
2800 2670 3039 2715 mortuus
3083 2678 3115 2715 a
3143 2658 3316 2717 corde.
3350 2660 3464 2715 Fa-

1892 2760 2005 2803 ctus
2050 2765 2166 2803 sum
2211 2760 2460 2820 tanquam
2504 2768 2595 2805 vas
2640 2752 2923 2819 perditum.
2975 2751 3101 2807 Haec
3142 2752 3210 2808 ad
3248 2760 3462 2823 tempus

1892 2843 2163 2911 passionis
2197 2840 2500 2897 Salvatoris
2531 2846 2706 2899 nostri
2749 2838 3057 2905 referimUs.
3093 2861 3213 2915 quae
3242 2846 3309 2900 ab
3342 2849 3463 2915 ipso

1891 2939 2257 3000 congruenter
2282 2930 2429 2985 dicta
2478 2928 2699 2995 fuerint,
2733 2933 2952 3003 quando
2982 2933 3187 2987 inimici
3229 2942 3462 3003 snspen-

1891 3038 2011 3078 sum
2042 3022 2289 3078 videntes
2324 3013 2625 3079 irridebant
2653 3040 2800 3089 eum,
2836 3024 3145 3094 opprobriis
3178 3024 3461 3081 incessem

1890 3123 2002 3178 tes,
2050 3121 2109 3168 ut
2149 3116 2204 3169 in
2234 3114 2544 3186 Evangeliis
2592 3116 2853 3186 scriptum
2898 3123 2980 3172 est
3017 3135 3029 3170 :
3074 3131 3138 3172 ac
3169 3116 3281 3171 noti
3315 3116 3457 3186 ejus.

1889 3207 2141 3278 discipuli
2175 3218 2228 3264 et
2259 3208 2441 3275 amici,
2474 3216 2619 3264 metu
2670 3210 2907 3279 correpti
2955 3208 3303 3273 recedebant,
3336 3211 3460 3280 ipso

172 3294 301 3347 ρουν
349 3279 787 3346 καταλείποντες
824 3284 984 3337 αὑτόν
1006 3303 1019 3315 ο
1057 3286 1145 3339 ὅτε
1178 3288 1271 3340 καὶ
1319 3290 1347 3341 ὀ
1390 3293 1777 3364 πρωτοστάτης

1884 3301 2107 3367 relicto;
2154 3300 2374 3370 quando
2434 3301 2482 3355 is
2537 3301 2631 3370 qui
2683 3299 3079 3370 discipulorum
3125 3300 3245 3369 ejus
3290 3279 3456 3355 choro

170 3370 265 3422 τοῦ
298 3370 476 3443 χοροῦ
517 3372 625 3426 τῶν
657 3374 822 3443 αὑτοῦ
850 3377 1104 3450 μαθητῶν
1130 3381 1359 3452 ἤρνηται
1385 3384 1546 3437 αὑτὸν
1572 3385 1771 3456 τρίτον.

1884 3401 2136 3461 praeerat,
2173 3400 2256 3446 ter
2288 3391 2466 3462 ipsum
2518 3392 2758 3463 negavit.
2805 3388 2960 3445 Tunc
3008 3407 3141 3447 sane
3187 3381 3454 3447 oblivion‘i

174 3460 313 3555 Τότε
341 3464 403 3517 δὲ
425 3466 527 3518 καὶ
552 3460 833 3551 ᾁπελήσθη
856 3469 988 3523 ὡσεὶ
1015 3474 1206 3544 νεκρὸς
1226 3475 1334 3528 ἀπὸ
1358 3477 1584 3547 καρδίας
1600 3497 1612 3509 ·
1639 3479 1775 3533 ἀλλὰ

1884 3483 2036 3539 datus
2068 3492 2154 3539 est
2188 3494 2450 3555 tanquam
2506 3495 2758 3540 mortuus
2806 3499 2835 3537 a
2871 3474 3073 3548 corde;
3132 3483 3240 3538 imo
3286 3485 3454 3539 etiam

175 3552 270 3642 καὶ
318 3555 589 3628 ἐνομίσθη
635 3561 917 3627 γεγονέναι
947 3562 1023 3627 ὡς
1068 3564 1261 3629 σκεῦος
1295 3568 1591 3633 ἀπολωλός.
1627 3571 1774 3642 Πλὴν

177 3640 318 3695 ἀλλὰ
344 3646 446 3700 καὶ
482 3646 657 3701 ταῦτα
681 3651 773 3703 ἐπὶ
804 3652 895 3704 τὸν
922 3654 978 3705 ἐν
1006 3652 1084 3723 τῷ
1111 3654 1311 3727 ψαλμῷ
1342 3640 1771 3731 ἐξομολογούμε-

176 3749 267 3785 νον
296 3735 691 3808 ἀναφερόμενα
714 3742 1156 3814 ὑπερϐάλλουσαν
1177 3749 1341 3803 αὑτοῦ
1370 3752 1663 3824 παρίστησι
1685 3755 1775 3807 κά-

174 3840 367 3878 κωσιν.
400 3826 565 3880 Οὕτω
618 3829 725 3902 γὰρ
750 3833 938 3887 ἑαυτὸν
968 3834 1243 3907 ἐξέτηκεν,
1274 3838 1349 3902 ὡς
1373 3841 1640 3894 ἐκλείπειν
1674 3844 1773 3912 μὲν

174 3916 335 3970 αὐτοῦ
392 3919 452 3971 ἐν
502 3918 666 3993 ὀδύνῃ
700 3924 797 3994 τὴν
830 3922 996 3997 ζωὴν,
1030 3922 1122 3981 καὶ
1171 3928 1264 4001 ἐτη
1315 3932 1374 3984 ἐν
1426 3924 1769 4004 στεναγμοῖς,

172 4006 468 4096 άσθενῆσαι
499 4009 564 4063 δὲ
596 4012 652 4065 ἐν
677 4016 919 4089 πτωχείᾳ
948 4019 1045 4090 τὴν
1073 4021 1248 4091 ἰσχὺν,
1271 4024 1365 4075 καὶ
1394 4024 1462 4076 τά
1484 4025 1644 4078 ὀστέα
1671 4027 1771 4096 τῆς

170 4095 345 4171 ψυχῆς
398 4100 573 4155 αὑτοῦ
622 4107 990 4179 ταραχθῆναι·
1035 4112 1120 4181 ἐφ’
1151 4109 1231 4176 οἷς
1277 4115 1368 4167 καὶ
1416 4116 1639 4184 ἐγελᾶτο
1669 4117 1772 4171 ὑπὸ

172 4191 278 4245 τῶν
307 4193 543 4265 ἐχθρῶν,
576 4194 653 4260 ὡς
681 4199 801 4269 εἰκῆ
835 4203 929 4254 καὶ
958 4203 1134 4275 μάτην
1168 4207 1360 4260 ἑαυτὸν
1388 4210 1766 4263 κατακόπτων.

176 4280 249 4333 υὺ
281 4282 441 4351 μόνον
464 4283 521 4336 δὲ
560 4286 714 4355 παρὰ
740 4291 857 4352 τοῖς
892 4291 1107 4363 ἐχθροῖς
1141 4296 1351 4362 ἐγίνετο
1383 4297 1602 4361 ὄνειδος,
1634 4298 1769 4352 ἀλλὰ

174 4374 267 4426 καὶ
300 4374 455 4447 παρὰ
480 4380 600 4439 τοῖς
630 4378 863 4445 γείτοσιν
894 4382 1059 4435 αὑτοῦ
1096 4387 1207 4447 τοῖς
1241 4386 1473 4455 μάλιστα
1503 4389 1664 4441 αὑτὸν
1694 4391 1769 4441 εί-

170 4461 299 4529 δόσι,
335 4466 426 4520 διὰ
457 4467 519 4520 τὸ
550 4465 786 4535 ἔγγιστα
823 4472 1008 4524 οἰκεῖν.
1060 4465 1216 4526 Οὗτοι
1247 4474 1374 4546 γὰρ,
1403 4475 1635 4548 ὁρῶντες
1667 4478 1767 4531 αὑ-

170 4553 257 4609 τὸν
290 4559 712 4631 κατατρύχοντα
738 4561 796 4615 ἐν
824 4565 888 4633 τῇ
920 4564 1055 4634 πρὸς
1078 4564 1169 4618 τὸν
1199 4566 1331 4619 Θεὸν
1366 4567 1764 4642 ἐξομολογήσει,

1873 3580 2135 3646 tanquam
2189 3591 2288 3630 vas
2343 3573 2617 3645 perditum
2682 3581 2968 3644 reputatus
3018 3575 3121 3628 est.
3183 3574 3452 3629 Ceterum

1873 3664 1987 3719 haec
2020 3667 2065 3720 si
2099 3665 2167 3720 ad
2199 3681 2325 3719 eum
2349 3666 2441 3735 qui
2478 3665 2529 3717 in
2558 3666 2769 3734 psalmo
2802 3660 3094 3719 confitetur
3126 3663 3452 3731 referantur,

1874 3765 2171 3811 extremam
2206 3758 2325 3825 ejus
2355 3758 2634 3811 miseriam
2673 3768 2725 3811 et
2753 3756 3099 3812 afﬂictionem
3146 3756 3449 3811 declarant.

1873 3848 1952 3901 Ita
1984 3850 2126 3901 enim
2164 3863 2287 3903 sese
2319 3848 2635 3911 maceravit,
2666 3854 2725 3902 ut
2753 3848 3012 3903 deficeret
3043 3846 3097 3901 in
3125 3847 3313 3902 dolore
3337 3848 3450 3900 vita

1874 3939 2027 4007 ejus,
2069 3946 2123 3993 et
2171 3940 2297 3993 anni
2345 3940 2466 4008 ejus
2514 3940 2566 3993 in
2625 3940 2952 4010 gemitibus,
3001 3940 3177 3994 virtus
3222 3939 3342 4008 ejus
3391 3938 3448 3993 in

1875 4040 2190 4099 paupertate
2236 4030 2626 4096 infirmaretur,
2667 4040 2723 4086 et
2754 4048 2877 4087 ossa
2927 4034 3122 4085 animm
3163 4026 3282 4101 ejus
3314 4046 3449 4085 con-

1875 4123 2255 4188 turbarentur;
2298 4139 2405 4193 qua
2454 4124 2508 4177 in
2553 4140 2610 4179 re
2680 4125 2746 4179 ab
2777 4124 3013 4179 inimicis
3053 4140 3271 4193 quoque
3300 4124 3449 4179 deri-

1871 4215 2123 4277 debatur,
2152 4216 2311 4285 quasi
2356 4217 2408 4270 in
2432 4232 2631 4270 vanum
2664 4232 2727 4271 ac
2765 4216 2966 4271 frustra
2998 4234 3118 4273 sese
3161 4214 3442 4287 afﬂigeret.

1872 4306 1986 4361 Non
2019 4308 2179 4361 modo
2213 4317 2390 4362 autem
2423 4308 2661 4362 inimicis
2707 4308 2759 4361 in
2795 4308 3146 4378 cpprobrium
3196 4306 3319 4370 fuit,
3348 4305 3443 4360 sed

1870 4399 2035 4453 etiam
2069 4400 2286 4466 vicinis,
2317 4401 2410 4471 qui
2440 4401 2585 4471 quod
2617 4400 2864 4470 proxime
2897 4402 3225 4463 habitarent,
3263 4402 3444 4470 ipsum

1870 4491 2037 4558 probe
2082 4500 2397 4546 noverant.-
2434 4491 2543 4562 Ipsi
2587 4508 2822 4563 namque
2870 4492 3116 4547 videntes
3172 4492 3324 4545 illum
3386 4492 3441 4543 in

1870 4581 2216 4638 confessione
2266 4583 2333 4636 ad
2367 4582 2534 4638 Deum
2592 4585 2793 4638 emissa
2858 4597 2980 4637 sese
3042 4587 3432 4642 macerantem,

169 4649 473 4717 κατεγέλων
520 4651 697 4705 αὑτοῦ
748 4653 842 4706 καὶ
881 4654 1174 4720 ὠνείδιζον.
1207 4659 1268 4709 Οἱ
1300 4658 1357 4710 δὲ
1398 4661 1765 4731 προσήκοντες

1890 4671 2169 4726 rridebant
2216 4688 2340 4727 eum
2361 4679 2415 4726 et
2464 4674 2774 4742 opprobriis
2826 4672 3145 4727 onerabant.
3209 4670 3437 4743 Cognati

171 4735 312 4806 αὐτῷ
356 4747 652 4815 συγγενεῖς
696 4745 789 4798 καὶ
831 4746 974 4814 φίλοι
1006 4748 1101 4801 καὶ
1129 4749 1441 4817 ἐφοϐοῦντο,
1474 4752 1549 4815 ὡς
1580 4771 1760 4825 μεμη-

170 4826 293 4880 νότα
339 4832 434 4883 καὶ
482 4839 580 4896 τὰς
637 4838 839 4908 φρένας
887 4839 1252 4913 ἐξεστηκόταο
1288 4842 1429 4896 Eme
1456 4845 1757 4916 ἀναχωρεῖν

172 4920 262 4973 καὶ
286 4923 505 4993 φεύγειν
537 4925 596 4991 ἐξ
627 4924 814 4987 αὐτοῦ,
835 4932 1313 4999 ἀπογινώσκοντας
1337 4936 1501 4989 αὑτοῦ
1526 4938 1622 5009 τὴν
1649 4957 1756 4991 σω-

174 5013 383 5085 τηρίαν,
428 5015 602 5087 λήθην
636 5032 698 5067 τε
733 5015 895 5068 αὑτοῦ
932 5026 1201 5077 ποιεῖσθαι
1249 5025 1384 5080 ὡσεὶ
1426 5028 1518 5079 καὶ
1560 5028 1753 5099 νεκροῦ

174 5104 268 5176 ἤδη
300 5108 611 5179 γενομένου,
644 5107 743 5161 καὶ
772 5107 846 5171 ὡς
871 5110 999 5180 περὶ
1032 5110 1257 5177 σκεύους
1284 5116 1623 5183 ἀπολωλότος
1643 5121 1755 5173 δια-

175 5192 396 5247 κεῖσθαι.
431 5194 618 5249 Ταῦτα
674 5194 851 5248 πάντα
903 5198 1224 5254 πεπονθέναι
1278 5202 1535 5273 ἔφασκεν,
1566 5208 1756 5263 ἑαυτὸν

176 5285 351 5337 κακῶν
376 5285 763 5357 ἐξομολογήσει
792 5288 886 5339 καὶ
918 5292 1191 5364 μετανοίᾳ.
1212 5295 1349 5349 Ἀλλ’
1372 5298 1478 5351 οἵδε
1512 5301 1630 5370 μὲν,
1649 5320 1754 5373 φη-

178 5372 248 5436 σὶ,
280 5377 505 5431 τοιοῦτοι
530 5380 788 5447 γεγόνασι
819 5382 944 5452 περὶ
973 5384 1092 5452 ἐμέ.
1112 5385 1251 5454 Ἐγὼ
1284 5389 1340 5442 δὲ
1373 5392 1471 5445 οὑκ
1508 5394 1634 5447 ἄνευ
1665 5372 1755 5447 λό-

177 5480 268 5557 γου
294 5468 459 5533 οὕτως
476 5471 714 5541 ἐμαυτὸν
738 5467 891 5543 ἦγον,
915 5474 1028 5527 ἀλλ’
1047 5478 1342 5555 ἐπειδήπερ
1366 5485 1561 5554 ἤκουον
1588 5487 1754 5557 ψόγον

177 5556 375 5613 πολλῶν
405 5564 811 5635 παροικούντων
840 5567 1117 5632 κυκλόθεν,
1145 5572 1194 5623 οί
1215 5573 1333 5626 τότε
1371 5556 1747 5650 συναιρόμενοι

180 5643 266 5700 ἐπὶ
286 5650 343 5701 τὸ
367 5652 493 5704 αὑτὸ
517 5653 703 5707 λαϐεῖν
726 5654 822 5726 τὴν
842 5655 1018 5729 ψυχήν
1042 5677 1143 5729 μου
1164 5643 1550 5735 ἑνεθυμοῦντοί
1569 5643 1617 5723 oi
1638 5672 1746 5742 γάρ

247 5830 294 5862 ’⁸
329 5832 485 5895 Joan.
521 5855 596 5894 vn
620 5878 635 5903 ,
666 5838 752 5892 58.

1866 4778 1993 4817 vero
2027 4771 2080 4817 et
2108 4764 2300 4827 amici,
2336 4764 2429 4833 qui
2456 4765 2636 4835 ipsum
2664 4764 2957 4820 convenire
2995 4764 3262 4827 solebant,
3293 4772 3437 4819 metu

1866 4853 2140 4921 perterriti
2173 4862 2350 4915 erant,
2392 4868 2456 4906 ac
2490 4853 2535 4908 si
2567 4870 2691 4908 eum
2747 4853 3113 4908 insanientem
3162 4868 3226 4908 ac
3257 4862 3439 4909 mente

1862 4944 2157 4997 alienatum
2202 4926 2507 5009 vidissent;
2547 4946 2618 4998 ita
2656 4955 2711 4998 ut
2745 4938 2814 4999 de
2857 4945 3033 5000 salute
3074 4946 3194 5014 ejus
3239 4945 3437 5015 despe-

1863 5041 2049 5090 rantes
2082 5034 2403 5089 secederent
2445 5044 2499 5091 et
2530 5036 2852 5105 aufugerent
2874 5076 2888 5099 ,
2954 5036 3237 5106 ipsumque
3265 5035 3431 5091 veluti

1853 5126 1965 5196 jam
2017 5135 2290 5182 mortuum
2335 5129 2597 5184 oblivioni
2644 5129 2864 5194 darent,
2919 5144 2983 5183 ac
3032 5117 3289 5199 tanquam
3335 5145 3430 5184 vas

1857 5218 2126 5288 perditum
2156 5220 2439 5276 haberent.
2475 5221 2600 5277 Hth
2628 5222 2810 5276 omnia
2839 5237 3155 5292 perpessum
3189 5237 3247 5277 se
3277 5222 3430 5276 testi‘

1859 5308 2052 5365 ﬁcatur
2076 5350 2089 5373 ,
2125 5312 2254 5365 dum
2289 5329 2347 5366 se
2382 5315 2438 5367 in
2474 5314 2820 5369 confessione
2852 5323 2906 5370 et
2934 5317 3249 5384 poenitentia
3297 5314 3431 5370 ami-

1859 5409 2026 5469 geret.
2070 5399 2173 5455 Sed
2210 5402 2287 5455 illi
2318 5404 2560 5473 quidem,
2598 5405 2695 5467 ait,
2737 5406 2819 5459 sic
2859 5420 2987 5475 erga
3028 5420 3113 5459 me
3157 5420 3216 5459 se
3244 5420 3430 5474 gesse-

1858 5502 2004 5548 runt.
2044 5494 2155 5566 Ego
2184 5512 2315 5552 vero
2348 5512 2456 5552 non
2488 5497 2608 5553 sine
2639 5498 2872 5553 consilio
2905 5506 2957 5551 et
2987 5496 3195 5551 ratione
3230 5513 3316 5550 me
3347 5497 3429 5553 sic

1854 5599 2014 5656 agere
2038 5589 2292 5659 putabam
2325 5604 2337 5639 :
2370 5589 2466 5645 sed
2494 5591 2621 5659 quia
2654 5589 2938 5644 audiebam
2972 5586 3427 5657 vituperationem

1853 5679 2149 5735 multorum
2178 5682 2634 5738 commorantium
2672 5680 2727 5735 in
2756 5679 3014 5745 circuitu,
3039 5678 3129 5749 qui
3160 5686 3289 5732 tunc
3318 5690 3426 5733 uua
