4010 6596
555 473 652 529 971

1243 471 1510 527 EL’SEBII
1546 471 2024 530 CESARIENSlS
2059 474 2210 531 OPP.
2251 471 2430 530 PARS
2466 473 2554 528 lli.
2583 504 2652 513 —
2686 473 3082 528 EXEGE'i'lGA.

3687 481 3796 532 272

558 593 954 648 conveniebant
997 606 1060 645 eo
1089 589 1337 653 consilio,
1371 601 1428 646 ut
1455 593 1692 648 animam
1747 610 1923 649 meam
1979 596 2120 649 acci-

2227 593 2448 665 ἀφανείς
2497 593 2589 646 καὶ
2635 592 2854 662 ἀόρατοι
2900 589 3100 660 ἐχθροὶ,
3141 587 3523 658 περιπεσόντος
3569 604 3676 660 μου
3727 591 3790 660 τῇ

559 691 780 754 perent;
831 699 953 740 nam
991 683 1190 738 occulti
1237 689 1290 739 et
1331 683 1632 740 invisibiles
1679 687 1906 750 inimici,
1949 703 2032 740 me
2065 687 2118 740 in

559 787 841 848 peccatum
873 777 1117 846 lapso.in
1159 794 1327 833 unum
1375 781 1691 850 congregati
1735 789 1864 836 sunt
1909 789 1968 835 ut
2002 781 2121 834 ani-

559 885 702 924 mam
747 883 918 922 meam
951 877 1248 937 raperent;
1299 871 1419 925 izleo
1469 886 1660 926 eorum
1709 871 1938 926 insidias
1991 873 2120 927 sub-

559 959 838 1024 odoratus,
869 959 970 1013 tale
1005 959 1070 1014 de
1103 975 1188 1015 me
1222 962 1549 1031 supplicium
1586 964 1833 1031 sumpsi;
1873 963 2120 1032 cogitans

559 1065 688 1104 num
741 1049 879 1103 forte
909 1049 1069 1114 Deus,
1118 1063 1410 1122 conspecta
1457 1053 1770 1124 hujusmodi
1819 1053 2122 1123 abjectione

555 1157 698 1206 mea,
727 1141 1100 1198 misericordia
1131 1153 1311 1198 motus
1340 1160 1426 1199 me
1455 1145 1787 1201 liberaturus
1814 1155 1978 1202 esset.

559 1291 562 1294 ,
627 1232 794 1312 Vsus.
828 1232 1027 1298 15,16.
1074 1232 1184 1303 Ego
1217 1243 1392 1288 autem
1435 1235 1492 1287 in
1534 1244 1582 1288 te
1613 1237 1836 1304 speravi,
1877 1235 2122 1300 Domine;

559 1325 711 1404 dixi:
737 1326 874 1381 Deus
909 1343 1050 1380 meus
1081 1341 1138 1380 es
1171 1336 1247 1390 tu,
1283 1328 1336 1381 in
1367 1327 1608 1382 manibus
1650 1330 1752 1382 tuis
1785 1340 1948 1383 sortes
1975 1346 2117 1384 mete.

561 1417 688 1472 llaac
721 1417 974 1482 inimicis,
1011 1417 1205 1487 inquit,
1239 1427 1429 1472 contra
1462 1435 1548 1474 me
1581 1420 1951 1484 molientibus,
1981 1422 2034 1476 in
2069 1429 2122 1475 te

559 1509 1066 1581 speravi,Domine;
1098 1509 1337 1580 dixique,
1369 1519 1420 1566 te
1453 1511 1629 1567 solum
1653 1513 1784 1567 mibi
1819 1513 2120 1582 adjutorem

559 1599 803 1655 sufﬁcere
833 1619 846 1655 :
879 1616 1024 1664 nam,
1061 1599 1196 1654 Deus
1245 1617 1387 1654 meus
1421 1619 1474 1656 es
1523 1611 1600 1666 tu,
1641 1605 1694 1658 in
1725 1607 1972 1661 manibus
2017 1610 2120 1663 tuis

559 1703 726 1746 sortes
749 1708 894 1746 mete.
913 1690 1017 1744 Pro
1043 1706 1150 1761 quo
1171 1699 1284 1744 tum
1304 1691 1566 1746 llcbraica
1591 1696 1770 1760 lectio,
1791 1707 1901 1751 tum
1927 1700 2120 1769 reliqui

559 1780 907 1850 interpretes,
941 1792 1172 1851 tempora
1220 1799 1352 1844 mea,
1373 1783 1680 1842 ediderunt.
1727 1787 1950 1844 Etiamsi
1977 1793 2120 1846 cnim

557 1874 762 1929 inimici
796 1875 908 1945 jam
947 1874 1182 1930 maxime
1215 1875 1426 1932 viribus
1461 1879 1698 1944 valeant,
1744 1881 1900 1950 quasi
1932 1883 2123 1938 adver-

2226 685 2488 758 ἁμαρτία,
2519 685 2903 738 συνετάσσοντο
2947 682 3084 752 πρὶς
3131 680 3408 752 ἀλλήλους,
3445 681 3592 743 ὅπως
3639 679 3794 750 διαρο

2225 779 2438 832 πάσωσι
2483 777 2582 848 τὴν
2631 777 2768 846 ἐμὴν
2819 775 3016 844 ψυχήν.
3071 773 3266 842 Διόπερ
3294 771 3422 840 ἐγὼ,
3455 773 3554 842 τῆς
3591 771 3796 825 τούτων

2225 868 2510 938 ἐπιϐουλῆς
2541 865 2972 937 συναισθόμενος,
2999 867 3062 934 τῇ
3090 863 3328 934 τοσαύτῃ
3352 863 3584 932 ἐμαυτὸν
3615 861 3796 915 ἐπεδί-

2225 958 2346 1011 δουν
2383 956 2639 1028 τιμωρίᾳ,
2671 954 2724 1007 εί
2759 971 2874 1018 πως
2903 953 3008 1024 ἄρα
3045 955 3072 1004 ό
3101 953 3232 1014 Θεὸς
3263 951 3352 1005 διὰ
3391 951 3486 1022 τὴν
3529 949 3798 1022 τοσαύτην

2230 1067 2330 1119 μου
2373 1049 2694 1102 ταπείνωσιν
2746 1045 2984 1116 ἐλεήσειέ
3031 1061 3098 1114 με
3153 1045 3245 1096 καὶ
3293 1042 3514 1114 ῥύσαιτο
3559 1042 3656 1112 τῆς
3687 1043 3800 1096 τῶν

2227 1139 2436 1211 ἐχθρῶν
2465 1137 2772 1210 ἐπιϐουλῆς.

2311 1232 2448 1300 Ἐγὼ
2479 1229 2546 1282 δὲ
2579 1230 2674 1283 ἐπὶ
2717 1231 2815 1282 σοὶ
2847 1229 3102 1296 ἤλπισα,
3129 1229 3303 1294 Κύριε
3323 1243 3336 1256 ·
3379 1227 3514 1280 εἶπα
3533 1243 3546 1256 '
3573 1227 3656 1281 Σὺ
3680 1222 3742 1280 εἶ
3765 1229 3800 1280 δ

2230 1322 2374 1388 Θεός
2393 1340 2532 1390 μου,
2561 1321 2632 1375 ἐν
2659 1321 2784 1386 ταῖς
2811 1323 2983 1390 χερσί
3003 1335 3117 1374 σου
3145 1324 3198 1374 οἱ
3225 1320 3437 1389 κλῆροι
3455 1338 3592 1390 μου,
3613 1321 3804 1374 Ταῦτα

2224 1415 2332 1466 τῶν
2359 1413 2568 1485 ἐχθρῶν
2603 1431 2724 1484 μου,
2752 1415 2903 1484 φησὶ,
2938 1413 3332 1484 βουλευομένων
3365 1415 3482 1468 κατ’
3521 1414 3680 1485 ἐμοῦ,
3704 1415 3800 1469 ἐπὶ

2229 1505 2286 1556 σὲ
2321 1505 2540 1576 ἤλπισα,
2572 1503 2776 1575 Κύριε»
2819 1502 3000 1571 ἔλεγόν
3041 1503 3102 1556 τέ
3151 1520 3210 1555 σε
3263 1503 3420 1573 μόνον
3465 1503 3658 1574 βοηθόν
3707 1521 3800 1574 μοι

2227 1598 2493 1668 ἀπαρκεῖν
2513 1613 2524 1624 ·
2561 1597 2702 1662 Θεὸς
2735 1595 2848 1662 γάρ
2883 1613 2998 1664 μου
3023 1587 3082 1648 εἴ
3100 1596 3202 1657 σὺ,
3225 1595 3294 1648 ἐν
3321 1595 3445 1661 ταῖς
3474 1597 3652 1664 χερσί
3681 1613 3802 1650 σου

2227 1691 2280 1740 οἱ
2310 1686 2522 1756 κλῆροι
2543 1705 2661 1755 μου
2681 1704 2693 1718 ⁸
2737 1685 2855 1740 ἀνθ’
2881 1679 2964 1749 οὗ,
2995 1689 3048 1740 oi
3081 1685 3272 1753 καιροί
3299 1703 3438 1754 μου,
3465 1687 3498 1754 ὴ
3535 1685 3800 1756 Ἑϐραῖκὴ

2227 1781 2529 1850 ἀνάγνωσις
2567 1779 2660 1832 καὶ
2687 1781 2737 1832 οἱ
2767 1780 2940 1833 λοιποὶ
2969 1779 3296 1850 ὲρμηνευταὶ
3323 1775 3702 1831 ἐκδεὸὡκασιν.
3735 1779 3802 1831 ΕΞ

2227 1873 2336 1944 γὰρ
2385 1873 2478 1926 καὶ
2523 1871 2590 1926 τὰ
2647 1873 2879 1943 μάλιστα
2920 1871 3014 1924 νῦν
3063 1875 3110 1924 οἱ
3158 1872 3340 1942 ἐχθροὶ
3393 1870 3800 1940 κατισχύουσιν,

559 1981 679 2019 sum
724 1980 812 2020 me
845 1967 987 2019 nacti
1022 1975 1386 2036 opportunum
1430 1975 1681 2038 tempus;
1727 1978 1782 2024 at
1821 1971 1950 2025 mibi
1986 1981 2120 2027 tem-

2227 1963 2411 2036 ὥσπερ
2437 1963 2624 2036 καιρὸν
2653 1963 2864 2036 ἔχοντες
2893 1966 3008 2018 κατ’
3039 1963 3194 2034 ἐμοῦ,
3229 1963 3342 2016 ἀλλ’
3377 1965 3426 2016 oi
3457 1962 3580 2032 ἐμοὶ
3617 1965 3802 2033 καιροὶ

555 2071 687 2127 pora
736 2071 854 2112 mea
905 2057 960 2111 in
1006 2059 1257 2113 manibus
1308 2058 1421 2115 tuis
1468 2068 1748 2116 reservata
1806 2071 1978 2118 sunt:
2011 2079 2122 2134 quo

556 2155 800 2218 tempore
863 2155 1038 2205 sortes
1089 2165 1242 2206 meas
1301 2165 1468 2220 penes
1527 2158 1582 2207 te
1641 2153 1911 2223 repositas
1963 2155 2115 2210 novi.

557 2237 917 2304 Quamobrem
944 2241 1070 2310 jure
1101 2242 1357 2313 supplico
1388 2243 1732 2314 postuloque,
1771 2262 1855 2301 me
1897 2245 1952 2300 in
1985 2263 2120 2316 pra:-

559 2331 700 2384 senti
760 2331 828 2385 ab
883 2333 1120 2387 inimicis
1173 2343 1227 2388 et
1283 2348 1312 2386 a
1357 2335 1807 2405 persequentibus
1853 2352 1945 2392 me
1988 2337 2121 2392 libe-

559 2435 620 2474 ra
629 2437 692 2475 Ιί.

647 2511 807 2567 Vens.
889 2511 1078 2567 17-19.
1155 2511 1378 2568 Illustra
1456 2515 1644 2582 [aciem
1727 2523 1871 2567 luam
1962 2531 2118 2583 super

556 2621 758 2658 servum
793 2613 958 2672 tuum,
989 2605 1192 2660 salvum
1228 2624 1308 2660 me
1350 2607 1436 2676 {ac
1483 2607 1536 2659 in
1579 2605 1942 2662 misericordia
1993 2617 2119 2660 tua:

559 2695 818 2760 Domine,
881 2714 985 2752 non
1033 2697 1370 2768 confundor,
1445 2699 1698 2771 quoniam
1758 2700 1990 2754 invocavi
2049 2708 2115 2754 te.

557 2789 1021 2856 Quemadmodum
1059 2793 1274 2848 oriente
1314 2793 1429 2848 sole
1465 2793 1704 2848 tenebrae
1742 2792 2118 2862 dissipantur,

557 2881 659 2938 £th
693 2893 837 2938 terra
887 2884 1176 2948 absconso,
1227 2885 1408 2937 omnia
1443 2901 1552 2939 nox
1589 2891 1851 2953 occupat,
1883 2891 2120 2953 tuncque

552 2988 618 3024 ex
650 2971 887 3026 latibulis
929 2973 1044 3028 suis
1087 2973 1363 3043 prodeunt
1407 2975 1536 3034 ferte
1575 2982 1852 3044 agrestes,
1907 2974 2120 3044 virique

552 3065 786 3133 operarii
838 3065 1180 3134 iniquitatis;
1235 3066 1344 3130 ita,
1397 3065 1506 3122 Deo
1556 3080 1768 3129 averso,
1832 3066 2120 3136 insurgunt

556 3154 747 3208 anima:
775 3153 991 3218 hostes,
1024 3155 1306 3226 ipsamque
1353 3157 1756 3210 incursionibus
1799 3156 2117 3220 molestant;

553 3243 675 3312 ipso
725 3251 900 3297 autem
939 3244 1167 3300 Deitatis
1210 3261 1323 3301 sua:
1375 3247 1556 3301 lumen
1608 3248 1919 3310 emittente,
1975 3245 2119 3316 quod

2221 2057 2624 2128 πεφυλαγμένοι
2669 2057 2803 2110 εἰσὶν
2827 2058 2885 2110 ὲν
2919 2058 3038 2119 ταῖς
3076 2058 3194 2118 σαῖς
3225 2055 3410 2125 χερσίν
3433 2072 3446 2085 ’
3477 2056 3534 2107 ὲν
3561 2051 3644 2117 οἷς
3673 2070 3802 2108 και-

2223 2154 2336 2222 ροῖς
2365 2149 2458 2202 καὶ
2485 2149 2608 2211 τοὺς
2635 2148 2870 2218 ἐμαυτοῦ
2901 2147 3139 2218 κλήρους
3166 2142 3282 2200 οἶδα
3313 2146 3460 2218 παρὰ
3493 2147 3574 2198 σοὶ
3595 2149 3806 2214 φυλατ-

2221 2241 2426 2294 τεσθαι.
2458 2240 2548 2292 Διὸ
2572 2239 2795 2304 εἰκότως
2833 2239 3057 2292 ἱκετεύω
3105 2238 3197 2291 καὶ
3231 2237 3416 2307 δέομαι
3448 2237 3538 2289 ἐπὶ
3567 2235 3665 2290 τοῦ
3695 2256 3802 2290 πα-

2224 2333 2404 2404 ρόντος
2424 2331 2681 2402 ρυσθῆναι
2699 2333 2760 2383 ὲκ
2785 2331 2892 2382 τῶν
2915 2329 3120 2400 ἐχθρῶν
3151 2345 3250 2398 μου
3283 2329 3376 2381 καὶ
3405 2330 3468 2380 ὲκ
3493 2327 3598 2380 τῶν
3629 2346 3802 2381 κατα-

2219 2423 2525 2476 διωκόντων
2555 2439 2640 2492 με.

2305 2513 2626 2581 Ἐπίφανον
2661 2513 2726 2566 τὸ
2773 2514 3096 2580 πρόσωπόν
3128 2529 3243 2567 σου
3289 2513 3384 2566 ἐπὶ
3433 2515 3538 2566 τὸν
3573 2513 3804 2568 δοῦλόν

2221 2619 2335 2657 σου
2402 2602 2610 2657 σῶσόν
2650 2620 2726 2672 με
2763 2604 2833 2656 ἐν
2871 2603 3024 2657 ἐλέει
3061 2619 3176 2658 σου
3198 2621 3212 2633 ’
3249 2607 3444 2672 Κύριε,
3471 2605 3556 2674 μὴ
3599 2621 3804 2659 καται-

2221 2696 2582 2764 σχυνϐείην,
2635 2697 2722 2748 ὅτι
2765 2695 3224 2764 ἐπεκαλεσάμην
3269 2713 3362 2749 σε.
3391 2697 3597 2766 Ὥσπερ
3649 2695 3806 2767 ἡλίου

2221 2787 2599 2851 ἀνατείλαντος
2632 2787 2816 2840 λύεται
2865 2779 2925 2841 τὸ
2973 2791 3160 2852 σκότος
3180 2805 3194 2820 ’
3226 2789 3330 2841 ὑπὸ
3357 2789 3458 2858 γῆν
3485 2789 3542 2840 δὲ
3571 2788 3804 2858 γενομέ-

2221 2899 2334 2946 νου,
2368 2884 2464 2950 νῦξ
2499 2883 2852 2954 διαλαμϐάνει
2885 2883 2945 2936 τὸ
2979 2887 3085 2936 πᾶν
3105 2901 3118 2914 ο
3152 2882 3371 2954 προῖασξ
3403 2899 3460 2934 τε
3489 2883 3552 2933 ἐκ
3577 2881 3690 2934 τῶν
3723 2884 3804 2934 oi-

2219 2963 2385 3028 κείων
2414 2975 2760 3030 καταδύσεων
2799 2977 2965 3047 θῆρες
3002 2975 3182 3046 ἄγριοι
3215 2975 3306 3028 καὶ
3339 2974 3528 3051 ἄνδρες
3559 2989 3808 3044 κακουρ-

2221 3066 2343 3134 γίας
2375 3066 2636 3138 ἐργάται·
2664 3068 2853 3132 οὕτως,
2887 3066 3356 3136 ἀποστρεφομένου
3392 3065 3490 3135 μὲν
3523 3064 3615 3117 τοῦ
3644 3065 3806 3126 Θεοῦ.

2221 3159 2268 3208 oi
2297 3157 2394 3227 τῆς
2421 3156 2600 3227 ψυχῆς
2627 3157 2808 3229 ἐχθροὶ
2844 3157 3226 3210 ἐπανίστανται
3255 3157 3348 3208 καὶ
3377 3156 3810 3225 κατατρέχουσιν

2221 3248 2419 3319 αὐτῆς
2447 3249 2849 3319 ἐπιλάμψαντος
2875 3249 2932 3301 δὲ
2954 3247 3116 3301 αὑτοῦ
3139 3247 3197 3300 τὸ
3220 3247 3332 3316 φῶς
3361 3247 3460 3318 τῆς
3487 3247 3658 3300 αὑτοῦ
3689 3247 3808 3301 026‘-

555 3337 764 3388 vuttum
789 3334 880 3389 Dei
905 3333 1186 3406 Scriptura
1217 3353 1414 3393 vocare
1455 3340 1759 3404 consuevit,
1797 3347 1929 3393 tunc
1963 3353 2119 3394 aver-

2227 3357 2401 3409 τητος,
2432 3341 2568 3411 ὅπερ
2595 3341 2882 3412 πρόσωπον
2899 3339 3030 3392 Θεοῦ
3062 3339 3346 3408 ὀνομάζειν
3371 3337 3560 3390 εἴωθεν
3587 3340 3622 3408 ἡ
3657 3340 3806 3410 Γρα-

557 3435 748 3482 tuntur
770 3436 823 3482 et
853 3427 1032 3499 fugam
1082 3429 1290 3484 faciunt
1319 3445 1512 3484 omnes
1545 3432 1639 3500 qui
1671 3431 1846 3484 amica
1880 3431 2122 3488 tenebris

557 3531 722 3586 opera
753 3527 1086 3590 perpetrant.
1125 3519 1480 3594 acgquidquid
1511 3520 1620 3574 Deo
1667 3523 2004 3575 contrarium
2037 3531 2123 3577 est

561 3609 878 3680 dissipatur.
927 3609 1110 3677 Quare
1148 3627 1239 3680 qu1
1285 3614 1463 3682 primo
1497 3611 1861 3667 conﬁtebatur
1899 3613 2119 3671 dicens:

563 3698 787 3754 Illustra
843 3701 1034 3770 faciem
1087 3712 1234 3754 tuam
1289 3719 1448 3772 super
1500 3721 1706 3758 servum
1773 3713 1964 3772 tuum,
2010 3704 2124 3775 jam

561 3804 804 3854 rursum,
839 3791 956 3846 Non
983 3801 1205 3862 propter
1249 3809 1413 3864 opera
1461 3810 1602 3858 mea,
1643 3795 1841 3864 inquit,
1867 3795 1964 3852 sed
1998 3812 2124 3867 pro-

557 3891 678 3950 pter
723 3883 1153 3938 misericordiam
1201 3895 1347 3939 tuam
1383 3886 1612 3940 salutem
1671 3888 1917 3944 nancisci
1967 3903 2120 3960 rogo;

559 3982 720 4044 atque
773 3974 965 4028 iterum
1001 3994 1014 4030 :
1049 3975 1316 4040 Quoniam
1373 3984 1426 4029 te
1479 3977 1758 4041 invocavi,
1809 3979 2010 4048 inquit,-
2055 3995 2124 4033 ne

561 4065 866 4119 coniundar
894 4067 1022 4136 quia
1055 4067 1270 4136 speravi
1305 4065 1356 4119 in
1389 4074 1460 4120 te.
1490 4065 1701 4120 Etenim
1733 4068 1918 4138 impiis
1947 4070 2039 4138 qui
2075 4079 2126 4124 te

559 4155 728 4212 Deum
761 4173 868 4212 non
903 4167 1109 4212 norunt
1127 4157 1478 4226 opprobrium
1507 4158 1754 4213 debetur.
1789 4159 2126 4230 Quapropter

557 4249 652 4313 ait,
675 4249 1000 4304 Erubescat”
1033 4250 1181 4318 impii
1212 4261 1260 4302 et
1289 4249 1618 4303 deducantur
1641 4252 1693 4304 in
1717 4251 2012 4321 infernum;
2043 4255 2123 4308 vel

556 4342 856 4396 secundum
895 4343 1142 4411 Aquilam
1195 4349 1248 4395 et
1290 4340 1694 4412 Symmachum,
1729 4343 1932 4398 Sileant
1961 4345 2014 4396 in
2045 4346 2127 4396 iu-

555 4434 724 4503 {erno.
765 4432 828 4486 Et
857 4435 966 4502 jam
991 4433 1212 4502 quidem
1244 4433 1322 4486 illi
1357 4433 1654 4502 loquuntur
1685 4437 1853 4489 muita
1887 4436 2036 4502 ausi;
2071 4443 2126 4490 at

553 4539 678 4577 cum
723 4523 776 4577 in
808 4531 1198 4592 congruentem
1251 4523 1356 4577 sibi
1404 4525 1584 4578 locum
1632 4527 1846 4582 deducti
1903 4527 2123 4592 fuerint,

2224 3431 2319 3502 φὴ,
2353 3432 2751 3502 ἀποτρέπονται
2783 3431 2877 3501 μὲν
2901 3430 2995 3483 καὶ
3023 3431 3392 3500 ἀποφεύγουσι
3427 3429 3627 3492 πάντες
3657 3431 3710 3483 οἱ
3741 3431 3814 3482 τὰ

2225 3523 2355 3592 φίλα
2381 3521 2474 3575 τοῦ
2506 3522 2728 3585 σκότους
2766 3521 2900 3593 ἔργα
2944 3521 3416 3594 διαπραττόμενοι,
3438 3509 3726 3574 διαλύεται
3751 3519 3810 3573 δὲ

2225 3617 2334 3670 πᾶν
2363 3615 2422 3668 τὸ
2451 3615 2690 3669 ἐναντίον
2721 3615 2798 3685 τῷ
2829 3613 2966 3685 Θεῷ.
2999 3615 3088 3666 Διὸ
3123 3614 3480 3685 παρακαλεῖὸ
3505 3614 3575 3666 τι
3607 3615 3810 3684 πρῶτα

2225 3705 2755 3777 ἐξομολογησάμενος
2789 3706 3043 3774 φάσκων·
3093 3706 3423 3773 Ἐπίφανον
3463 3703 3530 3755 τὸ
3609 3705 3812 3768 πρόσ-

2224 3797 2389 3850 ωπόν
2411 3811 2525 3848 σου
2557 3799 2642 3861 είς
2670 3798 2778 3850 τὸν
2802 3795 3025 3850 δοῦλόν
3067 3811 3208 3848 σου·
3261 3797 3350 3848 καὶ
3385 3796 3570 3848 πάλιν⁸
3609 3794 3692 3846 Ού
3723 3793 3814 3848 διὰ

2224 3896 2321 3952 τὰς
2351 3889 2490 3957 ἐμὰς
2524 3889 2768 3960 πράξεις,
2804 3891 2957 3960 φησι,
2985 3888 3073 3941 διὰ
3115 3889 3170 3941 δὲ
3204 3889 3262 3940 τὸ
3297 3887 3388 3940 σὸν
3424 3887 3568 3949 ἔλεος
3619 3886 3814 3957 σωθῆο

2225 3997 2312 4032 ναι
2347 3980 2514 4045 ἀξιῶ·
2571 3981 2664 4034 καὶ
2711 3977 2900 4044 αὖθις·
2945 3981 3093 4033 Ἐπεὶ
3137 3980 3196 4033 δέ
3251 3997 3308 4032 σε
3360 3977 3812 4048 ὲπεκαλεσὰμην,

2227 4073 2380 4142 φησὶ,
2413 4071 2486 4143 μὴ
2533 4071 3004 4144 καταισχυνθείην,
3039 4073 3118 4124 ὅτι
3157 4072 3251 4124 ἐπὶ
3297 4073 3378 4124 σοὶ
3421 4070 3640 4140 ἤλπισα.
3681 4069 3816 4132 Tsi;

2229 4161 2326 4230 μὲν
2355 4161 2462 4231 γὰρ
2497 4161 2736 4226 ἀσεϐέσι,
2763 4165 2876 4224 τοῖς
2902 4163 2960 4214 σὲ
2993 4161 3081 4214 τὸν
3112 4160 3242 4214 Θεὸν
3265 4161 3364 4214 οὐκ
3392 4159 3818 4229 ἐπισταμένοις,

2228 4251 2454 4322 αἰσχύνη
2502 4251 2698 4321 πρέπει
2724 4269 2736 4282 ·
2785 4251 2864 4304 διό
2914 4269 3076 4322 φησιν
3101 4269 3114 4282 °
3145 4251 3631 4321 Αἱσχυνθείησαν
3659 4252 3790 4304 (Ec-'8

2228 4341 2350 4407 ϐεῖς
2375 4341 2471 4394 καὶ
2501 4342 2942 4410 καταχθείησαν
2967 4345 3052 4408 είς
3080 4343 3226 4409 ᾅδου
3245 4361 3259 4374 ·
3292 4343 3324 4412 ἣ
3359 4341 3496 4394 κατὰ
3519 4343 3610 4394 τὸν
3639 4343 3824 4394 ’Δκζ-

2228 4431 2326 4484 λαν
2347 4435 2440 4485 καὶ
2468 4433 2556 4485 τὸν
2586 4433 2876 4503 Σύμμαχον
2898 4452 2909 4464 ’
2946 4435 3348 4488 Σιωπάτωσαν
3376 4438 3462 4500 εὶς
3491 4433 3668 4501 ᾅδην.
3696 4437 3826 4488 Νῦν

2238 4523 2338 4591 μὲν
2365 4521 2472 4594 γὰρ
2503 4522 2720 4574 λαλοῦσι
2761 4521 2930 4574 πολλὰ
2963 4522 3299 4592 τολμῶντες·
3335 4521 3550 4575 ἐπειδὰν
3597 4522 3654 4574 δὲ
3709 4540 3820 4576 κα·-

553 4623 683 4668 tunc
735 4615 1058 4684 arrogantia:
1119 4615 1278 4668 tinem
1338 4615 1573 4684 facient,
1619 4627 1749 4673 tunc
1806 4621 1946 4674 labia
2001 4623 2120 4687 illa,

2232 4613 2498 4683 ταχθῶσιν
2542 4617 2620 4676 είς
2663 4615 2721 4666 τὸ
2760 4615 3085 4685 κατάλληλον
3113 4613 3294 4676 αὐτοῖς
3321 4613 3533 4684 χωρίον,
3561 4613 3623 4664 τὸ
3653 4629 3822 4682 τηνι-

552 4723 672 4777 quae
700 4707 754 4760 in
787 4707 1039 4776 praesenti
1072 4721 1194 4759 cum
1224 4708 1476 4776 superbia
1503 4719 1692 4764 contra
1715 4711 1924 4779 justum
1951 4713 2126 4768 virum

553 4801 724 4852 multa
771 4797 1079 4868 proferunt,
1137 4807 1286 4852 muta
1332 4809 1526 4868 erunt;
1583 4810 1713 4856 tunc
1754 4804 2123 4874 dejustorum

555 4890 834 4942 hominum
869 4889 1126 4959 despectu
1160 4891 1294 4944 ultio
1328 4902 1591 4966 sumetur.

629 5147 793 5206 Vens.
823 5150 914 5215 20,
947 5151 1036 5206 9-1.
1065 5153 1234 5219 Quam
1270 5171 1460 5224 magna
1493 5156 1778 5210 ntultitudo
1824 5157 2117 5210 dulcedinis

557 5249 682 5304 tum,
713 5239 952 5306 Domine,
985 5261 1142 5314 quam
1172 5248 1495 5302 abscondisti
1527 5250 1827 5303 timentibus
1860 5261 1906 5302 te
1925 5251 1944 5301 !
1999 5249 2120 5303 Per-

556 5332 727 5400 fecisti
753 5333 825 5386 eis
860 5335 949 5403 qui
981 5347 1192 5403 sperant
1220 5339 1274 5391 in
1297 5347 1343 5391 te
1375 5339 1424 5391 in
1454 5352 1732 5408 conspectu
1759 5342 1994 5410 filiorum
2025 5342 2118 5395 ho-

556 5429 774 5481 minum.
811 5429 1106 5484 Abscondes
1155 5447 1241 5484 eos
1293 5433 1348 5484 in
1399 5431 1706 5486 abscondito
1739 5434 1894 5502 faciei
1939 5443 2043 5486 tute
2085 5453 2118 5488 α

563 5517 957 5574 conturbatione
989 5521 1278 5576 hominum.
1338 5523 1586 5593 Protcgcs
1627 5541 1712 5577 eos
1767 5525 1821 5576 in
1872 5524 2118 5578 taberna-

555 5609 729 5661 cuioa
765 5613 1178 5667 contradictione
1229 5614 1558 5682 linguarum.
1619 5612 1833 5676 lstbmc,
1882 5615 1976 5677 ait,
2021 5614 2118 5669 de-

556 5709 808 5767 precatus
842 5720 982 5764 sum.
1027 5715 1082 5758 ut
1111 5707 1356 5760 illustres
1395 5704 1586 5758 faciem
1616 5715 1764 5758 tuam
1797 5721 1962 5776 super
1997 5723 2116 5762 ser-

559 5806 686 5844 vum
740 5801 913 5859 tuum,
965 5803 1017 5849 et
1067 5805 1126 5848 ut
1175 5797 1406 5850 salutem
1445 5795 1818 5850 misericordia
1851 5807 1944 5850 tua
1987 5815 2122 5852 nan-

561 5883 756 5947 ciscar.
782 5895 834 5941 et
864 5903 931 5942 ne
959 5887 1268 5944 confundar
1293 5888 1555 5957 quoniam
1591 5889 1836 5944 invocavi
1881 5900 1954 5954 te,
1980 5907 2114 5944 con-

2233 4707 2408 4759 καῦτα
2431 4705 2726 4758 παύσονται
2747 4707 2846 4776 τῆς
2870 4706 3233 4777 μεγαλαυχίας
3251 4726 3266 4738 ·
3289 4707 3410 4758 τότε
3437 4705 3492 4756 δὲ
3519 4707 3611 4756 καὶ
3629 4705 3816 4758 ἅλαλσ

2228 4798 2516 4866 γενήσεται
2555 4796 2624 4849 τὰ
2656 4797 2748 4849 ἐπὶ
2785 4797 2879 4849 τοῦ
2907 4799 3168 4868 παρόντες
3204 4795 3370 4850 πολλὰ
3415 4795 3554 4848 κατὰ
3595 4795 3696 4844 τιῦ
3727 4792 3814 4844 δι-

2228 4887 2381 4939 καίου
2429 4886 2770 4956 φθεγγόμενοι
2803 4888 2954 4958 χείλη
2992 4887 3106 4957 μεθ’
3137 4887 3534 4958 ὑπερηφανί-ιις’
3573 4879 3704 4931 τότε
3757 4881 3818 4934 δὲ

2230 4981 2324 5033 καὶ
2353 4979 2766 5050 ὲκδικηθήσεται
2798 4981 2945 5031 πᾶσα
2975 4981 3006 5049 ἡ
3039 4979 3176 5032 κατὰ
3211 4970 3317 5022 τῶν
3342 4969 3560 5023 δικαίων
3588 4969 3818 5036 ὲξουδέσ

2225 5088 2404 5133 νωσις.

2308 5160 2398 5223 Ὡς
2423 5155 2578 5209 πολὺ
2614 5155 2677 5207 τὸ
2707 5152 2940 5221 πλῆθος
2963 5151 3070 5220 τῆς
3101 5154 3506 5220 χρηστότητός
3527 5168 3664 5220 σου,
3685 5159 3820 5210 Κύ-

2216 5268 2331 5320 ριε,
2458 5249 2724 5315 ἔκρυψας
2748 5245 2871 5310 τοῖς
2894 5245 3284 5315 φοϐουμένοις·
3307 5245 3416 5299 σε]
3442 5246 3820 5315 Ἐξετργὰσω

2225 5342 2347 5406 τοῖς
2380 5337 2725 5398 ἐλπίζουσιν
2764 5337 2860 5390 ἐπὶ
2908 5336 2981 5390 σὲ
3009 5337 3284 5391 ἐναντίον
3329 5335 3446 5389 τῶν
3477 5337 3622 5390 υἱῶν
3677 5340 3820 5392 τῶν

2226 5431 2566 5499 ἀνθρώπων.
2631 5429 3052 5496 Κατακρύιίοεις
3097 5429 3316 5492 αὐτοὺς
3355 5429 3424 5479 ἐν
3467 5427 3820 5497 ἀποκρύφῳ

2227 5523 2331 5576 τοῦ
2389 5520 2706 5590 προσώπου
2771 5537 2887 5574 σου
2947 5519 3065 5573 ἀπὸ
3129 5519 3388 5589 ταραχῆς
3445 5520 3814 5588 ἀνθρώ-των.

2225 5613 2556 5680 Σκεπάσεις
2610 5611 2830 5678 αὐτοὺς
2887 5613 2957 5665 ἐν
3011 5610 3224 5678 σκηνῇ.
3277 5611 3390 5665 ἀπὸ
3447 5612 3818 5680 ἀντιλογίας

2225 5705 2741 5775 γλωσσῶν.Ταῦτα,
2761 5703 2942 5773 φησιν,
2965 5703 3229 5765 ἱκέτευσα,
3256 5703 3514 5770 ἐπιφᾶναι
3533 5703 3592 5755 τὸ
3619 5703 3818 5775 πρόσ-

2229 5800 2374 5852 ωπόν
2406 5815 2496 5850 σου
2553 5799 2644 5850 ἐπὶ
2675 5797 2764 5850 τὸν
2799 5794 2982 5848 δοῦλόν
3011 5812 3124 5858 σου,
3159 5797 3250 5847 καὶ
3283 5794 3517 5864 σωθῆναι
3543 5793 3618 5863 τῷ
3650 5795 3822 5848 ἐλέει

2233 5908 2324 5944 σου
2351 5890 2423 5962 μὴ
2449 5887 2823 5959 καταισχῦναι,
2849 5889 2930 5942 ὅτι
2958 5887 3368 5958 ὲπεκαλεσάμην
3389 5903 3469 5950 σε,
3493 5887 3820 5956 πεπεισμέν-
