4010 6524
271 355 378 412 275

1390 354 1899 427 ,COMMENTARIA
1936 352 2002 409 IN
2032 349 2376 407 PSALMOS.

3389 347 3522 404 27L

272 492 381 540 νος,
404 471 479 538 ὡς
505 476 538 546 ἡ
568 470 633 544 σὴ
660 468 960 542 χρηστότης
987 468 1153 539 mili;
1181 486 1261 533 τις
1286 471 1378 523 καὶ
1408 471 1607 537 ica-:0;
1634 468 1820 539 τυγχά-

1940 463 2074 519 fisus
2110 461 2582 517 mansuetudinem
2634 468 2782 515 tuam
2813 475 3060 532 magnam
3091 467 3143 516 et
3173 456 3525 513 ineﬂabilem.

273 584 374 630 νει,
407 565 632 620 πλούτου
653 564 710 617 δέ
736 562 894 631 γέμει
924 560 1137 614 πολλοῦ.
1163 562 1251 613 Διὸ
1278 561 1368 613 καὶ
1394 561 1541 632 παρὰ
1572 560 1647 631 τῷ
1675 561 1832 613 Ἀπο-

275 658 445 730 στόλῳ
476 657 686 727 εἴρηται
705 672 719 685 ’
757 655 826 709 Ἢ
864 650 969 706 τοῦ
1001 652 1264 706 πλούτου
1294 650 1403 720 τῆς
1430 651 1834 720 χρηστότητος

271 748 454 807 αὑτοῦ
482 747 579 802 καὶ
620 744 727 814 τῆς
755 743 980 812 ἀνοχῆς
1010 743 1107 796 καὶ
1146 742 1257 811 τῆς
1279 744 1683 812 μακροθυμίας
1730 760 1834 796 κα-

270 840 618 911 ταφρονεῖς-ς
676 836 832 891 Ἀλλὰ
885 836 978 890 νῦν
1024 837 1121 907 μὲν
1158 836 1219 888 ού
1266 836 1377 897 τοῖς
1415 835 1546 889 πᾶσι
1596 834 1831 905 φανεράν

272 936 443 997 ποιεῖς
458 931 553 1004 τὴν
570 928 911 1002 χρηστότητά
927 946 1019 982 σου
1035 946 1048 958 ·
1072 927 1333 999 κρύπτεις
1346 926 1401 979 δὲ
1431 926 1600 998 αὐτὴν
1629 925 1721 980 καὶ
1737 944 1830 978 τας

273 1022 435 1097 μιεύη
455 1022 736 1093 φυλάττων
756 1024 868 1085 τοῖς
889 1020 1051 1091 φοὸου
1059 1019 1239 1091 μένοις
1270 1035 1349 1071 σε.
1368 1018 1516 1071 Ἐπεὶ
1536 1018 1629 1071 καὶ
1657 1016 1831 1088 ἐξειρο

268 1114 426 1184 γάσω
452 1115 620 1186 αὐτὴν
644 1115 723 1177 εἰς
753 1113 882 1166 αὐτὸ
900 1110 1087 1165 τοῦτο·
1109 1110 1249 1179 λέγω
1275 1108 1427 1173 δὶείς
1456 1110 1517 1162 τὸ
1538 1113 1649 1173 τοῖς
1674 1108 1827 1162 sane.

271 1205 454 1272 ζουσιν
488 1208 577 1261 ἐπὶ
615 1207 673 1260 σέ
715 1208 1011 1278 παρασχεῖν
1055 1202 1259 1274 αὐτὴν,
1323 1202 1415 1255 καὶ
1469 1202 1722 1274 παρέξεις
1764 1218 1828 1270 γε

269 1299 440 1371 αὐτὴν
485 1290 622 1353 κατὰ
675 1297 862 1368 καιρὸν
904 1296 1009 1368 πρὸ
1041 1295 1149 1348 τῶν
1194 1293 1486 1365 ὀφθαλμῶν
1538 1294 1644 1348 τῶν
1699 1294 1828 1347 υἱῶν

266 1389 376 1449 τῶν
407 1388 727 1460 ἀνθρώπων,
753 1388 891 1441 ὥστε
932 1387 1138 1450 πάντας
1169 1384 1294 1438 ἰδεῖν
1326 1386 1421 1458 τὴν
1465 1385 1563 1453 σὴν
1599 1384 1829 1457 χρηστό-

267 1494 423 1548 τητα,
451 1478 625 1549 καιρῷ
653 1479 752 1548 τῆς
769 1476 875 1531 τῶν
908 1475 1127 1547 ἀγαθῶν
1155 1475 1386 1547 ἀμοιϐῆς
1414 1475 1695 1547 διδομένην
1716 1478 1827 1545 τοῖς

268 1569 469 1634 ἀξίοις*
513 1568 700 1641 διόπερ
729 1569 822 1622 καὶ
863 1571 922 1620 ἐν
961 1568 1038 1639 τῷ
1071 1567 1172 1639 βίῳ
1208 1567 1307 1631 τάς
1342 1584 1422 1620 σοι
1468 1567 1829 1637 ἀνακειμένας

261 1659 438 1729 ψυχὰς
466 1660 607 1714 κατὰ
626 1662 754 1725 τοὺς
773 1659 881 1714 τῶν
906 1661 1276 1735 πειρατηρίων
1303 1661 1524 1731 καιροὺς
1551 1659 1648 1730 τῆς
1676 1658 1827 1731 παρὰ

264 1752 461 1804 σαυτοῦ
493 1751 699 1823 σκέπης
722 1752 990 1819 καταξιῶν
1018 1751 1409 1824 ἀποκρύπτεις,
1443 1752 1701 1823 ῥυόμενος
1726 1751 1823 1804 αύ-

1935 570 2076 618 esse,
2123 569 2187 608 ac
2232 554 2438 609 divitiis
2484 553 2673 607 multis
2729 551 3014 607 refertam.
3063 551 3242 618 Quare
3285 549 3525 609 dictum.

1929 645 1999 701 ab
2029 646 2292 717 Apostolo
2336 645 2439 700 fuit
2479 663 2493 701 ε
2526 646 2612 698 An
2652 645 2863 699 divitias
2905 644 3150 699 bonitatis
3174 641 3286 706 eius
3319 650 3367 695 et
3394 655 3494 710 ρο·
3520 684 3532 690 -

1933 739 2129 793 tientia:
2180 750 2231 793 et
2296 738 2712 809 Ionganimitatis
2760 737 3051 792 contemnis
3070 736 3163 790 "1’
3212 733 3318 790 Sed
3374 733 3515 803 jam.‘

1930 830 2151 901 quidem
2177 845 2287 884 non
2323 830 2580 885 omnibus
2619 827 2920 884 bonitatem
2959 836 3104 881 tuam
3145 814 3488 881 manifestam

1930 922 2093 987 facis,
2136 922 2228 978 sed
2270 922 2515 977 occultas
2545 935 2661 975 eam
2711 927 2765 975 et
2822 918 3096 983 recondis,
3137 915 3490 986 custodisque

1929 1013 2250 1068 timentibus
2275 1021 2347 1070 te.
2386 1011 2524 1079 Quia
2555 1027 2684 1067 vero
2716 1011 2782 1065 ad
2815 1026 2935 1066 eam
2966 1011 3141 1082 ipsam
3173 1024 3285 1064 rem
3315 1005 3491 1078 perfe-

1928 1104 2222 1167 cistieam,
2258 1104 2312 1158 id
2362 1112 2467 1166 est,
2519 1112 2577 1157 ut
2636 1102 2998 1173 sperantibus
3028 1102 3081 1155 in
3134 1111 3187 1157 te
3237 1100 3488 1171 largiare,

1930 1196 2281 1267 praebeasque
2311 1197 2483 1266 ipsam
2534 1206 2847 1266 opportuno
2894 1202 3139 1264 tempore
3180 1208 3290 1263 prae
3318 1192 3491 1265 oculis

1929 1286 2162 1340 ﬁliorum
2207 1286 2509 1349 hominum,
2554 1286 2630 1340 ita
2662 1292 2724 1338 ut
2753 1299 2942 1339 omnes
2978 1284 3280 1339 bonitatem
3313 1283 3492 1352 suspi-

1928 1381 2078 1434 ciant
2117 1386 2287 1442 tuam,
2324 1385 2568 1449 tempore
2616 1375 3079 1432 remunerationis
3108 1375 3377 1431 honorum
3409 1372 3492 1427 die

1926 1470 2049 1540 guis
2091 1470 2442 1531 attributam;
2496 1469 2618 1524 ideo
2661 1469 2717 1523 in
2747 1468 2848 1522 hac
2890 1468 2998 1522 vita
3043 1464 3254 1520 animas
3282 1463 3380 1520 tibi
3402 1464 3492 1518 ad-

1927 1562 2122 1629 dictas,
2149 1562 2506 1616 tentationum
2538 1569 2787 1629 tempore
2811 1568 2902 1615 tua
2933 1559 3270 1631 protectione
3297 1557 3490 1627 dignas

1927 1652 2157 1717 habens,
2189 1653 2507 1715 abscondis,
2560 1653 2874 1723 liberasque
2930 1651 3054 1706 illas
3102 1665 3132 1704 a
3190 1644 3491 1704 conturba-

1930 1744 2079 1800 tioue
2109 1745 2419 1810 hominum,
2480 1761 2545 1800 ac
2597 1746 2707 1801 sub
2734 1760 2895 1799 manu
2944 1752 3037 1796 tua
3074 1742 3222 1797 velut
3263 1739 3366 1796 sub
3410 1749 3492 1795 tea

258 1842 385 1907 τοὺς
424 1842 532 1898 ἀπὸ
562 1816 807 1916 ταραχῆς
842 1816 1287 1916 ἀνθρώπωνξκαὶ
1315 1816 1503 1916 ὥσπερ
1543 1816 1609 1896 ’ἐν
1653 1843 1820 1918 σκέπῃ

1932 1836 2111 1906 gmine
2159 1837 2396 1908 quodam
2431 1837 2671 1909 protegis
2714 1851 2809 1891 eas
2841 1851 2872 1888 a
2902 1832 3340 1889 contradictione
3385 1832 3491 1885 lin-

261 1933 367 1986 ὑπ’)
400 1934 498 2007 τὴν
549 1935 747 1989 σαυτοῦ
779 1938 937 2006 χεῖρα
972 1933 1259 1997 σκεπάζων
1290 1934 1486 1998 αὐτοὺς
1533 1934 1640 1988 ἀπὸ
1686 1935 1830 1988 ἀντι-

257 2020 447 2088 λογίας
474 2023 755 2091 γλωσσῶν,
774 2024 908 2096 πρὸς
931 2024 989 2076 τ’)
1019 2024 1183 2095 μηδὲν
1200 2023 1669 2078 καταϐλάπτεσθαι
1695 2026 1827 2097 μήτε

261 2112 371 2166 ὑπὸ
402 2114 510 2165 τῶν
548 2113 728 2184 λόγοις
754 2116 950 2178 αὐτοὺς
976 2116 1517 2187 καταπολεμούντων,
1557 2118 1691 2189 μήτε
1725 2118 1829 2171 ὑπὸ

256 2203 372 2258 τῶν
398 2205 466 2258 δι’
499 2205 674 2279 ἔργων
715 2206 815 2271 τάς
853 2207 969 2262 κατ’
1001 2208 1178 2261 αὐτῶν
1222 2207 1470 2281 μηχανὰς
1503 2210 1831 2276 συσκευαζφ

339 2315 462 2351 νων.

339 2315 462 2351 νων.

259 2314 672 2460 μεΕὺλογητὸς
698 2394 930 2461 Κύριος,
954 2390 1042 2445 ὅτι
1080 2362 1504 2461 ἐθαυμάσίωσε
1542 2393 1607 2448 τὸ
1655 2394 1824 2459 ἕλεος

249 2478 447 2535 αὐτοῦ
475 2482 543 2534 ἐν
578 2483 750 2536 πόλει
788 2483 1089 2552 περιοχῆς.
1122 2482 1222 2537 Διὰ
1254 2484 1519 2541 τοσούτων
1557 2485 1655 2557 τὴν
1687 2486 1824 2558 πρὸς

249 2569 349 2624 τὸν
380 2572 511 2625 Θεὸν
549 2572 785 2638 ἔντευξιν
835 2575 1198 2646 πεποιημένος
1242 2579 1270 2631 6
1311 2576 1819 2649 ἐξομολογούμενος,

243 2662 347 2715 ἐπὶ
375 2664 612 2734 χρηστὸν
658 2665 988 2745 περιγράφει
1019 2667 1170 2733 τέλος
1214 2669 1305 2722 τὸν
1357 2668 1547 2738 λόγον,
1587 2668 1822 2737 εὐλογῶν

238 2751 340 2805 τὸν
376 2753 545 2820 Θεὸν,
582 2755 673 2809 ὅτι
713 2756 1140 2828 ἐθαυμάστωσε
1196 2759 1264 2814 τὸ
1305 2762 1478 2829 ἕλεος
1529 2763 1714 2817 αὐτοῦ
1752 2765 1822 2819 ἐν

234 2844 425 2898 πόλει
443 2846 747 2916 περιοχῆς’
772 2849 907 2920 ὅπερ
922 2849 950 2909 ὀ
962 2850 1254 2923 Σύμμαχος
1267 2854 1605 2927 ήρμήνευσεν
1626 2854 1819 2919 οὕτως·

233 2937 597 3006 Εὐλογητὸς
629 2940 839 3007 Κύριος
863 2943 895 2994 ό
930 2942 1292 3011 παραδείξας
1333 2944 1399 2997 τὸ
1434 2944 1606 3012 ἕλεος
1635 2946 1820 3002 αὑτοῦ

229 3027 393 3097 ἐμοὶ,
431 3028 515 3095 ὠς
544 3029 614 3084 ἐν
641 3032 811 3084 πόλει
855 3034 1393 3105 περιπεφραγμένῃ.
1425 3038 1501 3088 Δι’
1530 3036 1663 3107 ἐμοῦ
1688 3036 1817 3109 γὰρ,

231 3120 432 3218 φησὶν,
473 3122 501 3175 ὁ
538 3121 670 3218 Θεὸς
714 3123 991 3196 ἐδοξάσθη,
1020 3127 1122 3191 ὅτι,
1151 3126 1356 3199 μυρίων
1394 3128 1480 3183 ἐπ’
1517 3130 1617 3201 ἐμὲ
1663 3129 1820 3183 πολε·
1846 3160 1889 3218 c

227 3213 376 3283 μίων
422 3213 745 3268 συστάντων
768 3256 783 3280 ,
838 3220 931 3271 καὶ
974 3218 1128 3291 δίκην
1185 3220 1425 3293 μεγάλης
1472 3222 1676 3285 πόλεως
1718 3223 1819 3295 τὴν

223 3305 374 3375 ἐμὴν
400 3304 596 3377 ψυχὴν
628 3306 933 3380 πολιορκεῖν
958 3311 1393 3381 πεπειραμένων,
1416 3314 1443 3366 ὀ
1470 3313 1599 3385 ἐμὸς
1623 3312 1815 3384 φύλαξ,

225 3396 499 3468 φραγμὸν
532 3416 622 3469 μοι
652 3400 980 3471 περιϐαλὼν,
1011 3404 1072 3456 τὸ
1117 3403 1262 3468 ἔλεος
1304 3404 1467 3465 αὑτοῦ
1509 3405 1818 3477 θαυμαστὸν

227 3484 466 3551 ἔδειξεν,
503 3486 646 3542 οὕτω
680 3507 747 3561 με
784 3490 961 3557 σώσας
993 3494 1123 3547 ὡσεὶ
1162 3496 1253 3549 καὶ
1286 3496 1436 3550 πόλιν
1464 3497 1632 3568 τείχει
1665 3516 1817 3571 περι-

224 3572 591 3646 ϐεϐλημένην
654 3577 853 3649 ὀχυρῷ.
906 3581 1153 3646 Τοιοῦτος
1203 3583 1257 3636 δέ
1306 3603 1394 3657 μοι
1447 3587 1674 3657 γέγονας
1694 3592 1757 3645 σὺ
1787 3594 1817 3645 ὀ

223 3661 366 3734 ἐμὸς
402 3665 635 3754 Κύριος,
662 3669 895 3738 ὁπηνίκα
921 3672 1081 3736 αὐτὸς
1109 3674 1339 3744 ἐμαυτὸν
1365 3680 1635 3732 ταπεινῶν
1666 3681 1724 3733 ἐν
1747 3684 1814 3754 τῇ

221 3753 513 3828 γενομένῃ
552 3772 642 3826 μοι
669 3757 943 3824 ἐκστάσει,
983 3763 1041 3815 ἐν
1164 3763 1459 3834 ἐταράχθη
1483 3768 1553 3820 ἐν
1589 3769 1752 3839 θυμῷ
1784 3775 1818 3826 d

223 3845 553 3917 ὀφθαλμός
564 3866 684 3917 μου
702 3850 800 3905 καὶ
820 3852 859 3919 ἠ
888 3853 1055 3923 ψυχή
1083 3872 1221 3923 μου,
1244 3856 1343 3911 καὶ
1368 3861 1404 3927 ἡ
1432 3861 1658 3931 γαστήρ
1675 3882 1812 3932 μου.

219 3937 339 3991 οὒκ
381 3939 713 4011 ἐπετρίϐην,
750 3942 864 3996 ἀλλ’
896 3945 1208 4000 ἐταπείνουν
1251 3950 1503 4019 ἐμαυτὸν,
1536 3953 1610 4016 ῶς
1649 3956 1818 4027 ἀπορο

221 4028 419 4120 ριφεὶς
442 4029 573 4120 άπὸ-
597 4030 706 4120 τῶν
750 4033 857 4087 σῶν
883 4034 1175 4108 ὀφθαλμῶν
1208 4038 1294 4095 διὰ
1337 4042 1435 4113 τὴν
1465 4044 1603 4115 ἐμὴν
1632 4048 1814 4120 ἁμαρ-

217 4118 365 4171 τίαν.
409 4118 587 4172 Ἀλλά
609 4119 780 4176 ταῦτα
806 4123 915 4192 ἐγὼ
950 4126 1047 4196 μὲν
1081 4127 1262 4195 ελεγον
1297 4118 1809 4206 ἐξομολογούμενοςο

223 4210 288 4298 σὺ
321 4210 381 4264 δέ
415 4211 810 4283 φιλάνθρωπος
840 4232 932 4269 και
970 4218 1171 4287 ἀγαθὸς
1201 4222 1353 4288 Θεὸς,
1378 4226 1478 4280 οὐκ
1504 4227 1812 4298 ἀπέρριψας

216 4297 311 4352 τὸν
341 4300 440 4354 σὺν
472 4301 720 4372 οἰκέτην,
752 4303 886 4358 ἀλλὰ
912 4307 1052 4362 κατὰ
1090 4310 1188 4382 τὴν
1220 4314 1544 4382 ἐπαγγελίαν
1580 4297 1676 4388 τὴν
1704 4297 1810 4387 φά-

220 4403 498 4444 σκουσαν·
542 4391 728 4445 Ὅταν
753 4394 1164 4466 ἀποστραφεὶς
1178 4402 1494 4472 στενάξῃς,
1527 4408 1659 4460 τότε
1696 4422 1810 4461 σω-

1929 1942 2181 1997 guarum,
2212 1933 2270 1981 ut
2300 1928 2435 1982 nihil
2468 1928 2735 1983 laedantur
2764 1928 2845 1983 vel
2872 1928 3027 1981 abiis
3059 1926 3152 1996 qui
3179 1926 3327 1997 ipsas
3370 1939 3491 1980 ver-

1930 2018 2015 2073 bis
2041 2019 2381 2090 impugnant,
2423 2021 2508 2074 vel
2556 2019 2626 2075 ab
2673 2019 2743 2074 iis
2790 2019 2884 2089 qui
2917 2018 3198 2073 machinas
3228 2030 3358 2073 suas
3387 2013 3487 2078 ade

1929 2127 2122 2169 versus
2153 2112 2276 2168 illas
2305 2113 2606 2171 instruunt.

1996 2396 2161 2454 Vens.
2192 2399 2283 2455 22.
2303 2399 2617 2455 Benedictus
2646 2400 2922 2466 Dominus,
2943 2400 3192 2472 quoniam
3221 2399 3491 2468 miri/ica—

1924 2490 1995 2543 vit
2017 2490 2430 2545 misericordiam
2452 2509 2604 2546 suam
2633 2494 2685 2546 in
2713 2493 2920 2547 civitate
2963 2486 3305 2547 munitionis.
3339 2488 3494 2544 Post-

1924 2596 2086 2651 quam
2117 2581 2430 2638 confitendo
2464 2588 2547 2639 tot
2574 2584 2757 2640 verbis
2778 2583 2947 2640 Deum
2979 2582 3346 2653 compellavit,
3377 2596 3491 2637 ser-

1922 2688 2139 2728 monem
2189 2689 2349 2730 suum
2385 2683 2695 2746 opportuno
2726 2685 2782 2730 et
2824 2676 2967 2730 bono
2995 2673 3227 2729 termino
3254 2673 3507 2737 claudit,

1922 2762 2298 2845 benedicendo
2334 2765 2529 2830 Deum,
2562 2768 2813 2836 quoniam
2850 2765 3154 2834 miriﬁcavit
3188 2763 3489 2817 misericor-

1921 2855 2067 2908 diam
2096 2872 2248 2911 suam
2301 2857 2359 2911 in
2407 2858 2617 2913 civitate
2678 2857 2986 2910 munitionis
3005 2854 3195 2926 :‘quod
3247 2853 3488 2923 Symma-

1921 2946 2058 3002 chus
2090 2949 2170 3002 sic
2191 2949 2584 3021 interpretatus
2610 2957 2691 3004 est
2711 2970 2734 3013 ε,
2759 2948 3068 3003 Benedictus
3094 2947 3374 3010 Dominus,
3398 2945 3488 3016 qui

1922 3038 2146 3093 ostendit
2168 3040 2297 3095 mihi
2315 3040 2732 3096 misericordiam
2768 3057 2942 3106 suam,
2973 3039 3129 3110 quasi
3168 3039 3223 3092 in
3272 3037 3486 3091 civitate

1922 3131 2147 3188 munita.
2190 3131 2295 3187 Per
2323 3148 2409 3188 me
2438 3132 2657 3203 quippe,
2699 3133 2797 3196 ait,
2829 3129 2974 3187 Deus
3001 3128 3339 3201 gloriﬁcatus
3380 3138 3485 3191 est,

1920 3218 2048 3288 quia
2075 3222 2470 3292 propemodum
2515 3222 2746 3279 infinitis
2781 3221 3028 3278 collectis
3070 3220 3341 3282 hostibus,
3367 3218 3487 3271 ani-

1920 3325 2175 3382 mamque
2230 3328 2404 3370 meam
2458 3329 2559 3371 ceu
2614 3328 2870 3385 magnam
2914 3312 3191 3369 civitatem
3237 3310 3491 3367 obsidere

1919 3405 2273 3469 conantibus,
2305 3414 2491 3462 custos
2520 3407 2610 3462 ille
2657 3423 2811 3463 meus
2841 3413 2996 3475 septo
3032 3421 3121 3461 me
3150 3404 3486 3460 circummu-

1918 3497 2097 3565 niens,
2153 3500 2587 3555 misericordiam
2646 3515 2801 3556 suam
2864 3498 3168 3555 mirabilem
3216 3496 3484 3560 exhibuit,

1919 3596 2081 3659 atque
2112 3592 2188 3645 ita
2219 3606 2304 3646 me
2332 3593 2572 3647 servavit
2606 3590 2829 3662 perinde
2859 3599 3022 3664 atque
3059 3590 3337 3645 civitatem
3372 3587 3487 3642 for-

1917 3679 2131 3736 tissimo
2185 3696 2344 3736 muro
2371 3682 2598 3749 :circum
2648 3682 2993 3737 instructam.
3029 3679 3179 3736 Talis
3225 3695 3353 3751 erga
3398 3692 3490 3735 ma

1918 3768 2094 3836 fuisti,
2125 3771 2355 3831 Domine
2400 3773 2495 3837 mi,
2537 3773 2759 3843 quando
2793 3772 3170 3843 memetipsum
3202 3771 3485 3826 humiliari

1918 3863 1976 3918 in
2009 3879 2241 3919 excessu
2282 3864 2483 3919 mentis
2518 3880 2673 3929 meae,
2713 3879 2821 3935 quo
2858 3863 3202 3921 conturbatus
3233 3871 3311 3917 est
3334 3862 3485 3916 inira

1917 3955 2099 4013 oculus
2151 3971 2319 4021 meus,
2367 3956 2549 4010 anima
2603 3973 2721 4011 mea
2766 3964 2818 4016 et
2867 3968 3043 4011 venter
3083 3972 3251 4012 meus.
3299 3953 3505 4027 Nequa

1916 4054 2048 4102 tunc
2100 4047 2523 4118 procrastinavi,
2580 4047 2677 4126 sed
2732 4048 3116 4118 memetipsum
3175 4046 3484 4111 humiliavi,

1913 4138 2073 4209 quasi
2115 4126 2324 4209 peccati
2356 4141 2463 4196 mei
2509 4155 2676 4195 causa
2706 4140 2988 4210 projectus
3021 4140 3093 4198 ab
3118 4141 3295 4196 oculis
3343 4137 3477 4196 tuis.

1913 4230 1980 4287 Et
2018 4230 2132 4284 lunc
2169 4230 2391 4301 quidem
2422 4230 2733 4286 confitendo
2757 4230 2871 4286 dixi
2898 4250 2912 4286 :
2940 4229 3022 4285 Tu
3056 4247 3182 4287 vero
3209 4230 3482 4285 humanus

1911 4322 2199 4393 bonusque
2233 4326 2395 4387 Deus,
2424 4339 2511 4380 me
2542 4324 2906 4381 domesticum
2938 4331 3091 4378 tuum
3132 4337 3238 4377 non
3271 4320 3480 4392 abjeci-

1912 4416 1982 4471 Sti
2004 4459 2019 4482 ,
2055 4416 2150 4472 sed
2179 4413 2481 4473 secundum
2509 4418 2926 4487 promissionem
2960 4418 3141 4482 istam,
3175 4413 3310 4471 Cum
3355 4431 3481 4468 con-

216 4479 652 4577 θήρῃ-ταῦτα.
686 4485 821 4555 ἐμοῦ
875 4487 1122 4557 λέγοντος
1172 4494 1531 4565 εἰσήκουσας,
1574 4500 1667 4553 καὶ
1719 4499 1805 4553 διὰ

1921 4522 2085 4562 versus
2118 4507 2454 4577 ingemueris,
2482 4518 2605 4561 tunc
2631 4508 2856 4564 salutem
2879 4506 3132 4562 obtinebis
3149 4506 3219 4569 ’⁸,
3249 4519 3335 4559 me
3364 4504 3481 4558 haec

213 4569 375 4625 τοῦτο
406 4571 899 4644 ἐθαυμάστωσας
923 4577 990 4631 τὸ
1026 4580 1199 4647 ἔλεός
1237 4599 1352 4637 σου
1382 4583 1509 4654 ἐμοὶ
1536 4586 1607 4639 ἐν
1636 4589 1809 4641 πόλει

211 4664 531 4735 περιοχῆς.

600 4777 698 4830 ΤΩ
735 4778 931 4834 ΔΑΥΙΔ
956 4783 1305 4840 ΣΥΝΕΣΕΩΣ
1338 4787 1461 4841 AA'.

283 4865 585 4934 Μακάριοι
614 4860 711 4921 ὧν
741 4871 1052 4940 ἀφέθησαν
1075 4879 1134 4929 αἱ
1157 4877 1412 4948 ἀνομίαι,
1432 4883 1528 4935 καὶ
1552 4876 1640 4938 ὧν
1667 4884 1804 4940 ἐπε-ι

216 4954 638 5024 καλύφθησαν
682 4962 742 5010 al
775 4960 1067 5030 ἁμαρτίαι.
1100 4965 1277 5021 Πολλὰ
1316 4969 1571 5035 κακώσας
1618 4974 1808 5028 ἑαυτὸν

219 5044 311 5099 ἐπὶ
335 5044 414 5117 τῷ
446 5047 828 5119 συμϐεϐηκότι
856 5052 1284 5128 πλημμελήματι
1313 5061 1342 5112 ὀ
1376 5060 1556 5129 Δαυῒδ,
1588 5064 1682 5116 καὶ
1709 5064 1806 5129 τὰς

216 5136 307 5192 διὰ
334 5139 432 5192 τοῦ
454 5140 796 5212 τριακοστοῦ
832 5145 1012 5210 φωνὰς
1046 5150 1362 5221 προέμενος,
1392 5154 1688 5226 φροντίζων
1714 5160 1806 5212 καὶ

218 5230 469 5299 ἀγωνιῶν
487 5231 590 5305 τὴν
604 5232 704 5287 τοῦ
721 5232 854 5288 Θεοῦ
875 5237 1074 5308 κρίσιν,
1092 5240 1176 5311 ἐφ’
1192 5236 1272 5308 οἷς
1294 5244 1455 5311 αὐτὸς
1476 5248 1651 5321 ἐαυτῷ
1677 5267 1801 5303 συν-

219 5321 469 5390 εγνώκει’
488 5320 612 5378 εἶτα
632 5323 717 5395 τῷ
728 5325 1003 5397 Πνεύματι
1023 5331 1099 5402 τῷ
1120 5334 1258 5403 ἁγίῳ
1275 5337 1366 5390 καὶ
1393 5342 1459 5411 τῇ
1485 5340 1708 5413 δυνάμει
1733 5346 1800 5415 τῇ

220 5418 532 5489 προφητικῇ
566 5415 671 5488 τὴν
704 5415 791 5470 διά
823 5417 923 5489 τῆς
963 5425 1227 5495 σωτηρίου
1259 5429 1477 5500 χάριτος
1509 5432 1802 5502 μέλλουσαν

219 5504 436 5563 ἔσεσθαι
466 5510 643 5563 πᾶσιν
688 5507 997 5582 ἀνθρώποις
1031 5515 1377 5590 συγχώρησιν
1414 5521 1521 5576 τῶν
1554 5524 1802 5597 ἁμαρτη-

226 5599 409 5677 μάτων
452 5600 741 5671 ἐπιγνοὺς,
790 5601 882 5656 καὶ
921 5602 996 5669 ὡς
1026 5606 1076 5658 oi
1121 5606 1180 5675 ἐξ
1216 5607 1383 5665 ἐθνῶν
1422 5613 1800 5697 εἰδωλολάτραι

292 5778 340 5813 ⁸³
376 5778 538 5840 Rern.
578 5796 651 5847 ιι,
689 5779 746 5835 4.
821 5781 869 5815 ³⁸
904 5780 1103 5841 Ezech.
1137 5802 1347 5856 χχχιιι,
1381 5789 1470 5849 12..

1913 4596 2181 4654 dicentem
2206 4600 2499 4664 exaudisti,
2541 4607 2597 4655 et
2625 4610 2912 4670 propterea
2940 4597 3243 4667 miriﬁcasti
3272 4594 3480 4651 miseri-

1910 4690 2149 4745 cordiam
2185 4701 2330 4746 tuam
2365 4691 2492 4745 mihi
2518 4692 2575 4745 in
2610 4692 2819 4746 civitate
2844 4688 3174 4744 munitionis.

2142 4799 2269 4859 lPSl
2307 4800 2515 4857 DAVID
2551 4798 3028 4856 INTELLECTUS
3063 4795 3257 4855 XXXI.

1982 4891 2150 4948 Vens.
2195 4893 2247 4948 1.
2281 4892 2433 4948 Beati
2461 4908 2682 4963 quorum
2725 4895 2959 4947 remissa:
2987 4898 3108 4945 sunt
3153 4885 3485 4958 iniquitates,

1912 4993 1961 5038 et
2011 4999 2234 5054 quorum
2270 4991 2405 5038 tecta
2456 4992 2578 5038 sunt
2621 4991 2859 5054 peccata.
2911 4981 3207 5052 Postquam
3246 4992 3344 5050 pro
3376 4977 3473 5032 ad-

1913 5076 2082 5132 misso
2115 5077 2322 5133 scelere
2354 5092 2476 5133 sese
2503 5075 2676 5132 David
2712 5076 2944 5131 multum
2969 5074 3255 5138 amixerat,
3285 5083 3473 5126 voces-

1908 5182 2016 5236 que
2060 5167 2114 5220 in
2149 5166 2359 5238 psalmo
2401 5167 2679 5223 tricesimo
2724 5167 2934 5239 positas
2983 5165 3265 5232 emiserat,
3299 5161 3366 5219 de
3388 5160 3476 5231 ju-

1909 5258 2054 5312 dicio
2085 5256 2175 5312 Dei
2213 5274 2311 5329 pro
2345 5259 2413 5314 iis
2441 5274 2682 5330 quorum
2718 5258 2824 5315 sibi
2857 5258 3114 5313 conscius
3156 5260 3275 5311 erat
3321 5250 3475 5309 solli-

1909 5348 2090 5415 citas;
2118 5364 2323 5421 gnarus
2345 5350 2475 5404 item
2498 5365 2565 5405 ex
2598 5348 2802 5420 Spiritu
2824 5354 3017 5404 sancto
3048 5355 3210 5416 atque
3247 5359 3310 5400 ex
3342 5357 3470 5413 pro-

1906 5441 2121 5511 phetica
2151 5442 2244 5497 illa
2291 5443 2515 5510 virtute,
2549 5443 2893 5500 remissionis
2941 5447 3291 5514 peccatorum
3341 5448 3463 5504 qum

1906 5548 2001 5603 per
2028 5533 2318 5590 salutarem
2345 5536 2575 5606 gratiam
2599 5535 2913 5592 hominibus
2935 5528 3280 5591 concedenda
3313 5532 3462 5581 erat:

1906 5638 2108 5694 gnarus
2140 5624 2270 5682 item
2306 5625 2620 5685 idololatras
2673 5635 2727 5686 et
2761 5625 2950 5685 atheos
2996 5618 3267 5679 sexcentis
3309 5612 3472 5675 malis
