4010 6530
566 389 672 451 275
1284 388 1555 448 EUSEBII
1589 387 2064 448 CESABIENSIS
2101 383 2254 441 OPP.
2294 381 2473 438 PARS
2511 380 2599 438 Ill.
2637 411 2709 423 —
2738 381 3141 438 EXEGETICA.
3728 385 3853 440 276

558 490 943 580 complicatos,
975 509 1265 579 aliquando
1296 510 1510 568 veniam
1544 519 1894 582 peccatorum
1929 525 2026 580 per
2053 509 2095 562 la

2202 507 2329 568 ,καὶ
2373 505 2543 568 ἄθεοι,
2599 504 2813 576 μυρίοις
2867 507 3054 567 κακοῖς
3103 503 3556 574 ὲμπεπαρμένοι,
3607 503 3848 575 ἀθρόας

558 616 786 660 vacrum
811 603 1238 673 regenerationis
1267 602 1560 658 confertim
1593 614 2009 670 consecuturos,
2039 603 2090 655 hi

2235 601 2364 654 ποτὲ
2397 598 2676 664 τεύξονται
2712 599 2960 668 ἀφέσεως
3006 596 3287 669 ἁμαρτιῶν
3325 597 3412 651 διὰ
3444 595 3679 668 λουτροῦ
3721 613 3843 650 πα-

2227 689 2586 760 λιγγενεσίας,
2603 689 3030 762 τρισμακαρίους
3050 688 3271 751 τούτους
3294 688 3693 757 ἀποφαίνειδιὰ
3717 689 3841 741 τῶν

2229 785 2622 856 προκειμένων.
2693 783 3006 856 Ὀδυρμοῖς,
3057 784 3255 855 φησὶν,
3290 782 3400 852 ἐγὼ
3441 783 3534 836 καὶ
3580 783 3838 857 δακρύει

2227 876 2472 947 θαμινοῖς
2507 876 2595 930 διὰ
2635 875 2734 947 τὴν
2767 875 3039 947 ἁμαρτίαν
3085 873 3500 946 προστετηκὼς,
3536 876 3633 928 καὶ
3676 893 3834 928 παν-

2224 969 2488 1039 τοδαπαῖς
2514 970 2821 1040 συμφοραῖς
2849 965 3052 1038 ταύτης
3082 966 3241 1038 χάριν
3274 963 3606 1036 περιπεσὼν,
3636 964 3832 1035 ζηλω-

2222 1063 2349 1126 τοὺς
2395 1061 2634 1124 ἐκείνους
2673 1061 2766 1116 καὶ
2813 1058 3115 1132 μακαρίους
3165 1057 3458 1122 ἀποκαλῶ,
3506 1060 3635 1121 τοὺς
3681 1059 3828 1111 ἀτα-

2223 1152 2517 1226 λαιπώρως
2542 1156 2608 1224 τῇ
2636 1151 2731 1205 τοῦ
2787 1150 2923 1208 Θεοῦ
2973 1151 3353 1223 φιλανθρωπίᾳ
3397 1151 3504 1205 τῶν
3549 1152 3826 1222 ἁμαρτη-

2226 1245 2410 1315 μάτων
2449 1245 2773 1314 δεξαμένους
2813 1243 2910 1313 τὴν
2960 1242 3174 1312 ἄφεσιν.
3219 1244 3463 1314 Τοσαύτη
3514 1241 3627 1314 γὰρ
3683 1244 3826 1314 περὶ

2221 1337 2419 1399 αὐτοὺς
2440 1336 2636 1410 χρῆται
2668 1334 2972 1406 φιλοτιμίᾳ,
3004 1335 3080 1399 ὡς
3112 1336 3188 1406 μὴ
3222 1336 3381 1406 μόνον
3410 1337 3649 1405 ἀφεῖναι,
3674 1334 3824 1389 ἀλλά

2221 1429 2316 1481 καὶ
2361 1411 2600 1498 καλύψαι
2646 1427 2744 1492 τὰς
2777 1428 3088 1500 ἁμαρτίας,
3129 1431 3222 1482 καὶ
3256 1429 3389 1502 μηδὲ
3435 1429 3553 1500 ῖχνη
3598 1428 3822 1484 τούτων

2221 1521 2592 1575 καταλείπειν.

2293 1613 2594 1682 Μακάριος
2639 1612 2794 1682 ἀνὴρ
2834 1603 2882 1678 ᾧ
2946 1613 3017 1666 οὐ
3067 1610 3155 1682 μὴ
3221 1611 3535 1681 λογίσηται
3588 1612 3822 1679 Κύριος

2219 1705 2533 1774 ἁμαρτίαν,
2567 1702 2707 1758 οὺδέ
2734 1688 2907 1757 ἐστιν
2927 1703 2996 1758 ἐν
3020 1702 3100 1770 τῷ
3129 1705 3376 1778 στόματι
3398 1702 3582 1756 αὑτοῦ
3604 1703 3824 1768 δόλος.

2218 1798 2298 1851 Τά
2338 1797 2435 1868 μὲν
2465 1795 2877 1868 προλελεγμένα
2922 1795 3151 1865 γενικῶς
3183 1796 3422 1880 εἴρηται,
3447 1794 3540 1849 καὶ
3567 1795 3819 1849 καθόλου

556 691 718 749 dictis
754 694 975 749 eosdem
1021 701 1102 750 ter
1133 693 1324 750 beatos
1353 694 1634 765 praedicat.
1685 694 2012 760 Gemitibus,
2044 696 2128 749 in-

553 786 692 854 quit,
725 793 780 840 et
809 785 1069 856 lacrymis
1113 785 1500 856 frequentibus
1531 789 1742 859 peccati
1774 803 1942 844 causa
1989 803 2125 843 con-

557 879 862 942 tabescens,
895 887 950 932 et
994 877 1142 933 illius
1173 893 1305 949 ergo
1347 880 1402 934 in
1455 879 1820 936 adversitates
1876 881 2126 936 innume-

554 982 645 1022 ras
691 967 970 1039 delapsus,
1023 971 1375 1028 aemulatione
1427 971 1628 1042 dignos
1665 988 1760 1026 eos
1822 987 1886 1026 ac
1934 972 2125 1030 beatos

551 1059 813 1129 pradico,
843 1061 938 1130 qui
969 1061 1089 1116 sine
1135 1062 1378 1119 miseriis
1407 1063 1749 1133 hujusmodi,
1782 1079 1878 1133 per
1908 1063 2001 1119 Dei
2032 1066 2121 1118 be~

551 1151 898 1221 nignitatem,
941 1154 1322 1210 remissionem
1368 1162 1720 1224 peccatorum
1771 1164 2119 1225 acceperunt.

549 1242 728 1298 Tanto
762 1244 965 1316 quippe
995 1261 1123 1318 erga
1150 1246 1274 1303 illos
1296 1247 1480 1301 studio
1511 1256 1563 1302 et
1585 1248 1909 1303 liberalitate
1928 1250 2117 1311 utitur,

549 1343 608 1390 ut
632 1350 745 1391 non
778 1337 955 1396 solum
999 1338 1263 1406 remittat,
1294 1339 1391 1394 sed
1416 1339 1584 1394 etiam
1617 1347 1763 1409 tegat
1787 1355 1976 1394 eorum
2004 1355 2123 1410 pec-

548 1435 690 1494 cata,
728 1434 788 1482 ut
822 1443 892 1490 ne
920 1429 1211 1500 vestigium
1240 1429 1462 1500 quidem
1494 1445 1686 1486 eorum
1713 1429 1994 1486 residuum
2024 1432 2115 1491 sit.

621 1609 783 1669 VERS.
813 1612 869 1669 2.
893 1613 1091 1672 Beatus
1125 1616 1204 1668 vir
1233 1617 1320 1680 cui
1355 1632 1460 1670 non
1492 1617 1830 1686 imputaverit
1856 1616 2117 1670 Dominus

539 1713 836 1770 peccatum,
886 1722 978 1760 nec
1013 1717 1091 1763 est
1120 1707 1175 1760 in
1204 1724 1293 1776 ore
1337 1707 1451 1776 ejus
1484 1707 1660 1772 dolus.
1709 1707 1840 1774 Quae
1863 1708 2116 1778 superius

539 1795 688 1858 dicta
714 1805 864 1863 sunt,
903 1799 1202 1869 generatim
1229 1800 1548 1867 efferuntur,
1587 1808 1750 1873 atque
1778 1817 1970 1857 omnes
1997 1817 2115 1855 om-

537 1886 670 1950 nino
713 1867 1016 1959 respici—unt
1069 1892 1164 1963 qui
1212 1908 1308 1963 per
1344 1893 1579 1964 gratiam
1615 1867 1967 1962 peccatorum
2009 1907 2095 1947 ve-

2215 1867 2344 1959 περὶ
2379 1867 2598 1942 πάντων
2638 1886 2746 1941 τῶν
2790 1888 3094 1957 μελλόντων
3128 1867 3372 1959 ἀφέσεως
3405 1887 3692 1959 ἁμαρτιῶν
3723 1887 3818 1940 διὸ

537 1978 682 2043 niam
709 1983 924 2050 nacturi
958 1992 1123 2052 sunt;
1178 1994 1232 2040 at
1274 2000 1396 2056 quae
1433 1985 1491 2040 in
1523 1984 1781 2056 prmsenti
1819 1984 2102 2050 dicuntur,

534 2085 645 2140 quo
690 2073 797 2127 ritu
841 2075 1099 2132 remissio
1146 2078 1485 2132 concedatur
1545 2076 1790 2132 declarat
1850 2076 1938 2132 his
1985 2091 2108 2134 vers-

535 2160 650 2217 bis:
695 2161 796 2218 Cui
831 2182 937 2220 non
969 2167 1308 2237 imputaverit
1339 2169 1595 2222 Dominus
1628 2177 1920 2237 peccatum.
1967 2167 2106 2221 Nam

533 2264 816 2324 peccatum
848 2259 1017 2314 semel
1052 2269 1452 2331 perpetratum,
1482 2261 1601 2319 fleri
1624 2277 1735 2316 non
1777 2276 1938 2331 posse
1969 2261 2104 2330 quin

530 2345 834 2407 admissum
868 2347 1035 2421 fuerit
1083 2351 1394 2423 significat:
1452 2355 1548 2410 sed
1595 2369 1762 2425 penes
1811 2352 2102 2408 Dominum

526 2452 672 2501 esse,
706 2445 765 2492 ut
792 2439 849 2505 in
871 2440 1181 2507 rationibus
1223 2444 1340 2500 suis
1369 2446 1616 2518 peccanti
1649 2444 1860 2512 facinus
1889 2445 1974 2500 vel
1998 2445 2103 2498 im-

529 2537 686 2602 putet
717 2530 801 2586 vel
830 2547 941 2588 non
964 2534 1214 2615 imputet,
1252 2552 1316 2593 ac
1357 2539 1571 2604 veniam
1601 2546 1656 2594 et
1702 2537 2100 2609 indulgentiam

525 2621 814 2678 concedat.
858 2622 1062 2682 Verum
1108 2628 1238 2699 quia
1287 2637 1558 2700 quotquot
1591 2629 1972 2697 remissionem
2004 2629 2100 2684 de-

523 2709 799 2781 lictorum,
827 2733 950 2788 quae
994 2735 1090 2790 per
1133 2719 1467 2791 baptismum
1515 2722 1698 2788 datur,
1733 2721 1956 2786 adeunt,
2002 2737 2099 2792 per

521 2803 928 2863 confessionem
976 2810 1030 2872 in
1067 2809 1414 2874 Salvatorem
1464 2813 1748 2879 emissam,
1786 2828 1884 2889 per
1935 2812 2096 2872 fidem

521 2893 579 2959 in
609 2898 989 2968 universorum
1019 2901 1210 2969 Deum,
1243 2919 1308 2959 ac
1336 2921 1432 2976 per
1460 2905 1865 2961 confessionem
1917 2905 2096 2960 since-

519 3001 662 3058 ram,
717 2992 931 3059 veniam
980 3003 1429 3065 ςοιιεειιιιιιηιυη
1457 3004 1825 3067 congruenter
1849 3003 1903 3050 et
1935 3010 2096 3049 accu-

519 3089 637 3136 rate
659 3081 955 3140 admodum
990 3087 1270 3157 adjicitur,
1306 3086 1419 3144 Nec
1442 3091 1600 3154 estin
1632 3106 1722 3146 ore
1742 3089 1856 3159 ejus
1899 3088 2052 3144 dolus
2074 3128 2089 3154 ,

2211 1980 2312 2050 τῆς
2354 1979 2577 2052 χάριτος
2620 1981 2941 2051 τυγχάνειν·
2971 1981 3040 2034 τὰ
3083 1981 3140 2035 δὲ
3175 1981 3541 2057 προσκείμενα
3581 1981 3746 2044 ὅπως
3775 1983 3814 2058 ἡ,

2209 2072 2402 2142 ἄφεσις
2434 2072 2633 2126 δίδοται
2657 2073 2954 2144 παρίστησι
2978 2072 3063 2126 διὰ
3094 2072 3216 2126 τοῦ·
3257 2069 3338 2129 Οὖ
3361 2073 3446 2143 μὴ
3474 2073 3811 2142 λογίσηται

2205 2163 2425 2230 Κύριος
2467 2163 2779 2231 ἁμαρτίαν.
2813 2163 2996 2227 ’Ἂπαξ
3048 2164 3147 2234 μὲν
3198 2164 3306 2238 γὰρ
3360 2162 3660 2241 γενομένην
3699 2164 3810 2236 τὴν

2206 2253 2581 2325 παραχθεῖσαν
2641 2254 2912 2326 ἁμαρτίαν
2951 2255 3210 2325 ἀγένητον
3262 2255 3336 2326 μὴ
3373 2254 3632 2310 δύνασθαι
3655 2251 3806 2310 εἶναι

2204 2344 2387 2419 δηλοῖ·
2429 2346 2518 2398 τόν
2549 2363 2612 2414 γε
2644 2346 2741 2417 μὲν
2775 2346 2979 2419 Κύριον
3009 2346 3100 2400 τὸν
3134 2344 3378 2410 ἐξουσίαν
3406 2346 3594 2422 ἔχοντα
3629 2348 3686 2400 ἐν
3716 2349 3802 2418 τῷ

2204 2437 2498 2509 λογοθεσίῳ
2536 2437 2846 2507 λογίζεσθαι
2897 2438 2975 2510 τῷ
3022 2438 3400 2510 ἡμαρτηκότι,
3454 2439 3593 2511 ῆμὴ
3646 2440 3800 2506 λογε-

2203 2528 2393 2594 ζεσθαι
2425 2529 2485 2582 τὸ
2534 2531 2944 2602 πεπραγμένον,
2982 2529 3115 2583 ἀλλά
3170 2533 3472 2603 συγχωρεῖν
3520 2532 3796 2586 ποιεῖσθαι

2199 2619 2298 2692 τὴν
2335 2621 2546 2689 ἄφεσιν.
2579 2621 2688 2672 Καὶ
2724 2621 3021 2694 ἐπειδήπερ
3052 2621 3281 2686 ἕκαστος
3313 2623 3419 2676 τῶν
3453 2623 3794 2695 προσιόντων

2198 2711 2266 2781 τῇ
2324 2708 2413 2762 διά
2475 2710 2570 2764 τοῦ
2631 2710 3006 2787 βαπτίσματος
3055 2713 3372 2786 δωρουμένη
3431 2715 3788 2784 συγχωρήσει

2198 2791 2267 2853 δι⁶
2301 2802 2590 2873 ὁμολογίας
2622 2803 2722 2874 τῆς
2772 2806 2852 2866 είς
2897 2805 2986 2858 τὸν
3021 2806 3282 2879 Σωτῆρα,
3323 2806 3422 2876 τῆς
3455 2823 3518 2874 γε
3567 2808 3650 2870 είς
3690 2806 3788 2860 τὸν

2197 2892 2305 2962 τῶν
2340 2894 2477 2948 ὅλων
2509 2896 2639 2950 Θεὸν
2676 2898 2932 2962 πίστεως,
2961 2900 3054 2952 καὶ
3077 2899 3143 2952 δι’
3178 2897 3617 2971 ὲξομολογήσεως
3653 2901 3788 2953 είλι-

2197 2987 2446 3064 κρινοῦς,
2477 2989 2578 3060 τῆς
2612 2989 2860 3058 ἀφέσεως
2910 2990 3190 3058 τεύξεται·
3235 2991 3437 3064 σφόδρα
3478 2991 3724 3063 ἀκριϐῶς
3751 2995 3783 3046 ό

2194 3077 2351 3146 λόγος
2387 3080 2713 3152 προστίθησι
2767 3081 2865 3154 την
2901 3083 3210 3152 φάσκουσαν
3249 3083 3595 3156 προσθήκην·
3638 3088 3783 3140 οὐδ’

518 3184 633 3246 aut,
660 3178 715 3230 in
755 3179 948 3249 spiritu
994 3181 1108 3250 ejus
1150 3181 1342 3245 dolus:
1389 3199 1515 3238 nam
1563 3192 1798 3256 utroque
1839 3185 2002 3240 modo
2035 3185 2091 3240 in

2202 3171 2371 3226 ἔστιν
2401 3172 2471 3226 ἐν
2504 3171 2584 3239 τῷ
2609 3174 2859 3243 στόματι
2889 3175 3075 3229 αὐτοῦ
3092 3175 3289 3242 δόλος,
3317 3176 3372 3247 ἢ,
3402 3177 3472 3230 ἐν
3498 3175 3576 3242 τῷ
3596 3177 3784 3242 strati:-

518 3267 752 3334 lectione
773 3271 965 3328 fertur.
1019 3273 1118 3328 Hic
1147 3275 1293 3336 enim
1323 3276 1540 3342 beatus,
1566 3279 1659 3349 qui
1708 3279 1906 3348 spiritu
1948 3293 2088 3348 puro

2202 3282 2332 3334 ματι
2361 3267 2547 3320 αὑτοῦ
2590 3266 2804 3334 δόλος·
2847 3269 3121 3341 ἑκατέρως
3165 3268 3274 3341 γὰρ
3322 3269 3543 3341 φέρεται
3594 3271 3653 3322 ὲν
3702 3269 3786 3340 τῷ

517 3376 584 3416 ac
614 3377 708 3429 ore
739 3365 923 3419 veraci
951 3365 1358 3424 confessionem
1389 3370 1523 3435 edit,
1565 3386 1835 3441 vocesque
1885 3371 2094 3442 profert

516 3453 575 3506 in
608 3454 826 3518 lavacro
874 3462 1308 3530 regenerationis
1359 3465 1574 3522 solitas.
1620 3465 1778 3532 Quod
1822 3469 1866 3530 si
1900 3468 1955 3521 in
1990 3483 2087 3522 ore

515 3546 658 3617 ejus,
682 3551 767 3605 vel
794 3551 849 3606 in
874 3553 1092 3623 Spiritu,
1124 3557 1209 3616 vel
1243 3556 1299 3611 in
1341 3559 1523 3612 anima
1556 3557 1715 3613 dolus
1757 3559 2087 3629 inveniatur,

517 3649 706 3713 utpote
727 3645 820 3714 qui
846 3647 1086 3718 seipsum
1116 3648 1394 3720 deceperit
1423 3650 1499 3704 ita
1529 3658 1589 3704 ut
1616 3651 1831 3706 veniam
1855 3667 1964 3722 non
1991 3653 2090 3706 ob-

513 3732 713 3802 tineat;
743 3751 843 3790 sua
867 3738 1091 3808 insuper
1129 3741 1272 3794 mala
1304 3739 1620 3810 adaugebit,
1655 3756 1781 3796 cum
1823 3741 2088 3811 majorem

513 3822 618 3884 sibi
657 3826 796 3884 iram
822 3829 877 3883 in
909 3830 997 3886 die
1025 3831 1122 3898 ira
1167 3833 1599 3898 coacervaverit.

580 4089 750 4154 Vens.
789 4092 843 4158 5,
874 4095 928 4150 4.
972 4097 1234 4162 Quoniam
1271 4099 1447 4164 tacui,
1503 4099 1918 4164 inveteraverunt
1962 4119 2088 4160 ossa

507 4203 646 4250 mea,
675 4187 798 4241 dum
834 4188 1122 4245 clamarem
1153 4202 1261 4246 tota
1294 4192 1398 4259 die,
1427 4203 1531 4248 etc.
1580 4192 1658 4248 Illi
1689 4194 1906 4264 quidem
1943 4195 2086 4254 beati

507 4285 657 4341 sunt,
681 4295 818 4350 quos
848 4281 902 4336 in
949 4284 1143 4353 spiritu
1171 4300 1506 4355 cognoscens
1536 4285 1726 4345 beatos
1772 4288 2084 4357 przedicavi.

509 4365 621 4440 Ego
654 4385 781 4426 vero
819 4383 1104 4446 postquam
1161 4375 1493 4431 clamoribus
1532 4384 1594 4433 et
1646 4378 2086 4437 confessionibus

504 4466 735 4519 multum
793 4465 1166 4522 laboraveram
1193 4507 1208 4531 ,
1256 4468 1582 4539 defatigatus
1617 4471 1781 4527 tacui.
1833 4470 1941 4526 Pro
1974 4489 2083 4544 quo

2194 3357 2605 3431 ἀναγνώσματι.
2632 3355 2798 3424 Οὗτος
2831 3361 2938 3433 γὰρ
2973 3361 3262 3434 μακάριος,
3297 3364 3325 3414 ὁ
3357 3360 3582 3432 καθαρῷ
3613 3361 3784 3414 πνεύ-

2197 3469 2327 3522 ματι
2372 3451 2472 3524 τὴν
2513 3452 2898 3525 ἐξομολόγησιν
2951 3438 3302 3527 ποιούμενος,
3339 3456 3433 3508 καὶ
3474 3455 3573 3518 τὰς
3608 3456 3669 3508 ὲν
3699 3453 3782 3524 τῷ

2193 3541 2400 3614 λουτρῷ
2425 3542 2524 3611 τῆς
2555 3543 2976 3616 παλιγγενεσίας
3006 3543 3188 3612 φωνὰς
3223 3544 3683 3616 προσφερόμενος.
3713 3544 3780 3596 Εἰ

2191 3631 2235 3684 δ’
2285 3629 2532 3703 εὑρεθείη
2566 3633 2623 3685 ὲν
2674 3630 2750 3702 τῷ
2801 3632 3026 3702 στόματι
3074 3632 3236 3686 αὑτοῦ
3272 3634 3450 3697 δόλος,
3497 3634 3528 3704 ἦ
3580 3634 3637 3686 έν
3694 3632 3773 3702 τῷ

2192 3720 2463 3792 πνεύματι
2497 3729 2591 3780 καὶ
2634 3725 2702 3793 τῇ
2751 3723 2932 3794 ψυχῇ,
2965 3723 3039 3786 ὡς
3082 3725 3364 3795 ἀπατήσας
3411 3725 3601 3777 ἑαυτὸν
3633 3723 3773 3793 πρὸς

2188 3812 2250 3865 τὸ
2272 3813 2345 3888 μὴ
2380 3817 2558 3884 τυχεῖν
2587 3814 2685 3884 τῆς
2709 3805 2976 3882 ἀφέσεως,
3001 3813 3082 3867 έτι
3115 3815 3209 3870 καὶ
3237 3814 3458 3886 αὐξήσει
3481 3815 3548 3868 τὰ
3575 3815 3771 3868 ἑαυτοῦ

2190 3906 2335 3957 κακά
2382 3905 2760 3976 ἐπισωρηεύσας
2805 3905 2926 3958 καθ’
2979 3905 3172 3959 ἑαυτοῦ
3221 3906 3439 3959 πλείονα
3496 3906 3662 3976 ὀργὴν
3713 3909 3771 3960 έν

2189 3995 2372 4066 ἡμέρτξι
2399 3996 2590 4066 ὀργῆς.

2261 4108 2380 4160 Ὅτι
2407 4106 3031 4178 ἐσίγησα,ἑπαλαιώθη
3063 4107 3135 4161 τὰ
3172 4107 3324 4164 ὀστᾶ
3345 4127 3485 4179 μου,
3517 4109 3633 4164 ἀπὸ
3653 4111 3771 4166 τοῦ

2190 4191 2420 4261 κράζειν
2442 4211 2518 4262 με
2543 4194 2694 4264 ὅλην
2720 4195 2834 4264 τὴν
2863 4197 3110 4267 ἡμέραν,
3141 4217 3194 4254 κ.
3225 4218 3276 4254 τ.
3309 4200 3360 4256 λ.
3398 4202 3622 4255 Ἐκεῖνοι
3654 4204 3761 4273 μέν

2189 4282 2296 4342 εἰσι
2346 4284 2624 4360 μακάριοι,
2659 4285 2752 4348 οὓς
2785 4285 2861 4356 τῷ
2899 4287 3168 4359 πνεύματι
3220 4291 3382 4358 γνοὺς
3421 4291 3760 4362 ὲμακάρισα·

2189 4371 2300 4440 ὲγὼ
2345 4372 2400 4425 δὲ
2441 4375 2610 4432 πολλὰ
2641 4379 2907 4440 κοπιάσας
2937 4380 2996 4432 ἐν
3025 4382 3147 4443 ταῖς
3173 4381 3309 4451 πρὸς
3330 4382 3420 4435 τὸν
3448 4382 3579 4435 Θεὸν
3607 4382 3767 4452 βοαῖς

2189 4462 2284 4516 καὶ
2311 4465 2774 4540 ὲξομολογήσεσιν,
2811 4469 3098 4541 ἀπέκαμον
3123 4472 3216 4526 καὶ
3258 4473 3516 4544 ἐσίγησαο
3541 4474 3656 4527 ἀνθ’
3698 4471 3765 4530 οὗ

505 4552 904 4626 Symmachus,
959 4559 1223 4626 Quoniam
1279 4560 1441 4627 silui;
1499 4561 1802 4627 Theodotio
1858 4575 2082 4636 autem,

2202 4553 2216 4606 5
2254 4555 2353 4625 μὲν
2390 4556 2702 4628 Σύμμαχος,
2735 4560 2853 4613 Ὅτι
2883 4562 3261 4633 άπεσίγησαο
3293 4565 3322 4616 ό
3364 4564 3419 4617 δὲ
3445 4565 3762 4636 Θεοδοτίων,

501 4641 766 4709 Quoniam
797 4645 1054 4714 laboravi,
1080 4649 1417 4722 interpretati
1445 4661 1591 4706 sunt.
1625 4651 1733 4716 Pro
1756 4655 1847 4710 illo
1873 4664 2076 4724 autem,

499 4732 624 4788 dum
650 4735 958 4802 clamarem,
991 4736 1352 4810 Symmachus
1372 4783 1386 4808 ,
1413 4739 1552 4809 Dum
1592 4743 1917 4802 lamentarer
1967 4760 2079 4806 tota

499 4824 613 4890 die,
649 4826 838 4884 edidit.
891 4827 1334 4884 lnvetcraverunt
1366 4840 1546 4888 autem
1577 4835 1700 4903 ejus,
1743 4852 1867 4893 ossa
1889 4879 1902 4902 ,
1941 4856 2076 4902 con-

497 4916 625 4970 trita
671 4920 879 4975 scilicet
923 4935 989 4974 ex
1027 4921 1288 4976 continua
1337 4921 1430 4977 iila
1460 4926 1749 4984 afllictione
1792 4946 1898 5006 qua
1928 4947 1987 4987 se
2020 4935 2077 4989 in

497 5008 842 5066 confessione
897 5011 1195 5065 maceravit
1227 5032 1239 5067 :
1294 5014 1366 5069 ibi
1397 5030 1632 5087 namque
1665 5020 1809 5088 vires
1839 5023 2034 5079 animae
2055 5066 2072 5092 ,

495 5116 615 5170 qua:
635 5117 760 5157 ossa
787 5101 1062 5168 dicuntur,
1082 5103 1540 5177 defatigabantur.
1561 5109 1742 5177 Quare
1771 5117 2072 5171 secundum

495 5191 746 5262 Aquilam
780 5192 1003 5258 dicitur,
1034 5194 1297 5261 Quoniam
1325 5200 1581 5268 obmutui,
1605 5207 1833 5260 contrita
1856 5207 2072 5276 fuerunt

493 5300 616 5336 ossa
647 5299 762 5336 mea
804 5284 859 5339 in
898 5288 1070 5362 rugitu
1103 5306 1254 5355 meo;
1311 5294 1609 5350 secundum
1641 5297 2026 5369 Symmachum
2051 5341 2069 5369 ,

493 5378 760 5445 Quoniam
783 5379 930 5443 silui,
964 5382 1381 5440 inveteraverunt
1421 5404 1543 5443 ossa
1585 5405 1701 5442 mea
1733 5431 1746 5455 ,
1795 5391 1923 5445 dum
1953 5393 2070 5448 cla-

493 5483 692 5523 marem
720 5477 828 5523 tota
857 5470 958 5528 die.
998 5472 1116 5528 Non
1145 5475 1211 5530 ad
1246 5492 1414 5530 unum
1453 5493 1718 5544 mensem,
1746 5480 1840 5535 sed
1890 5483 2070 5538 omni-

494 5559 595 5621 bus
633 5559 824 5616 diebus
854 5577 975 5620 sese
1005 5567 1316 5622 macerabat
1344 5584 1406 5622 ac
1433 5568 1782 5640 defatigabat.

566 5737 732 5798 Vsus.
765 5745 817 5800 5.
841 5743 1098 5800 Delicium
1123 5765 1291 5801 meum
1323 5749 1588 5817 cognitum
1619 5749 1740 5818 feci,
1769 5763 1819 5805 et
1853 5753 2066 5823 injusti-

494 5836 621 5907 (iam
665 5855 832 5896 meam
864 5857 963 5896 non
1005 5841 1272 5896 abscondi.
1317 5841 1478 5896 Dixi:
1526 5841 1828 5922 Conﬁtcbor
1876 5844 2062 5902 adver-

2189 4644 2309 4698 Ὅτι
2333 4646 2662 4712 ἐκοπίασα,
2700 4651 3068 4723 ήρμήνευσαν.
3108 4655 3252 4708 Ἀντὶ
3287 4655 3343 4708 δὲ
3381 4658 3481 4718 τοῦ,
3505 4657 3623 4711 ἀπὸ
3653 4660 3764 4714 τοῦ

2186 4737 2420 4804 κράζειν
2451 4758 2547 4809 με,
2593 4741 2725 4795 Ἀπὸ
2762 4743 2870 4798 τοῦ
2909 4745 3228 4814 ὀδύρεσθαί
3265 4766 3341 4818 με
3373 4751 3578 4806 πᾶσαν
3610 4753 3759 4819 7W-

2180 4846 2328 4896 ραν,
2370 4830 2665 4886 ἐκδέδωκεν
2710 4836 2738 4888 ὁ
2769 4835 3082 4908 Σύμμαχος.
3111 4839 3457 4913 Ἐπαλαιώθη
3488 4843 3542 4894 δὲ
3587 4841 3760 4894 αὑτοῦ

2184 4922 2252 4976 τὰ
2277 4923 2408 4977 ὀστᾶ
2451 4926 2841 4998 συντριϐόμεναι
2871 4932 2936 4984 ὲκ
2968 4932 3069 5002 τῆς
3105 4932 3304 5003 πολλῆς
3337 4931 3628 4997 κακώσεως
3653 4934 3762 5003 τῆς

2187 5015 2326 5069 κατὰ
2357 5017 2454 5088 τὴν
2486 5018 2866 5091 ἐξομολόγησιν
2898 5023 3047 5093 αύτῷ
3071 5025 3464 5096 γεγενημένης
3507 5028 3563 5079 ὲν
3659 5027 3762 5080 καὶ

2183 5108 2282 5187 τὰς
2312 5107 2566 5180 δυνάμεις
2604 5112 2702 5182 τῆς
2731 5113 2908 5184 ψυχῆς
2953 5114 3116 5168 ὀστέα
3171 5115 3574 5188 ὀνομαζομένας
3620 5134 3758 5171 κατ-

2183 5200 2386 5258 επὸνει.
2417 5202 2507 5255 Διὸ
2535 5203 2673 5257 κατά
2703 5204 2792 5257 τὸν
2819 5205 3049 5259 Ἀκύλαν
3079 5208 3320 5279 εἴρηταιο
3352 5208 3468 5260 Ὀτι
3495 5208 3760 5277 ἐχώρει).

2182 5305 2287 5358 σα,
2319 5296 2628 5364 κατετρίόη
2660 5297 2732 5350 τὰ
2779 5297 2928 5353 ὀστᾶ
2967 5317 3088 5369 μου
3130 5299 3200 5352 ἐν
3233 5298 3577 5369 ,ϐρυχήματί
3597 5318 3720 5369 μου
3735 5317 3759 5346 ο.

2184 5385 2326 5439 κατά
2371 5386 2428 5441 δὲ
2474 5387 2565 5454 τὸν
2611 5388 2940 5470 Σύμμαχον,
2975 5392 3096 5445 Ὅτι
3136 5391 3569 5463 ἀπεσιώπησα,
3608 5392 3760 5444 ἐπα-

2181 5475 2404 5548 λαιώθη
2441 5478 2513 5534 τὰ
2539 5480 2692 5548 ὀστᾶ
2723 5500 2863 5553 μου,
2904 5483 3022 5537 ἀπὸ
3058 5482 3166 5536 τοῦ
3197 5483 3513 5552 ὀδύρεσθαι
3547 5481 3758 5536 πᾶσαν

2184 5569 2430 5639 ἡμέραν.
2459 5575 2591 5642 υύδέ
2620 5575 2778 5649 μέχρι
2814 5576 2998 5648 μηνὸς,
3037 5577 3173 5632 ἀλλά
3207 5576 3385 5640 πάσας
3417 5577 3514 5640 τὰς
3541 5575 3754 5647 ἡμέρας

2183 5663 2511 5734 κατέτρυχεν
2544 5668 2736 5720 ἑαυτὸν
2762 5670 2854 5722 καὶ
2887 5671 3194 5724 κατεπόνει.

2249 5755 2370 5825 Τὴν
2399 5757 2690 5826 ἁμαρτίαν
2723 5777 2842 5828 μου
2865 5758 3174 5828 irrumat),
3203 5759 3304 5814 καὶ
3339 5759 3452 5828 τὴν
3486 5761 3741 5828 ἀνομίαν

2165 5867 2281 5924 μου
2312 5851 2421 5904 οὐκ
2444 5850 2741 5922 ἐκάλυψα.
2775 5849 2956 5907 Εἴπαο
3007 5852 3400 5920 Ἐξαγορεύσω
3433 5855 3558 5908 κατ’
3589 5854 3731 5925 ἐμοῦ
