4010 6578
305 347 414 405 277

1425 353 1928 410 COMMENTAR-IA
1964 354 2032 409 IN
2068 354 2406 416 PSALMOS.

3440 356 3544 415 278

295 466 412 537 τὴν
453 469 707 541 ἀνομίαν
723 489 844 542 μου
883 471 964 539 τῷ
992 473 1206 542 Κυρίῳ,
1239 475 1336 527 καὶ
1371 475 1452 528 σὺ
1485 461 1727 544 ἀφῆκας
1757 476 1835 544 τὴ

1937 523 1944 542 ι
1974 493 2090 530 sum
2117 493 2197 531 me
2235 478 2551 547 injustitiam
2583 478 3064 544 meamDomino,et
3087 487 3141 534 tu
3163 476 3412 533 remisisti
3441 479 3536 532 im-

295 560 572 616 ἀσέσειαν
610 562 724 631 τῆς
754 564 1001 633 καρδίας
1035 583 1173 635 μου.
1217 565 1549 634 Ald-{bulam
1589 566 1770 619 Ἀλλοι
1809 567 1869 620 δὲ

293 654 377 718 ού,
399 653 516 723 τὴν
533 655 816 710 ἀσέϐειαν
837 655 945 724 τῆς
975 655 1241 724 καρδίας,
1271 656 1427 720 ἀλλὰ,
1450 659 1564 725 τὴν
1587 657 1866 713 ἀσέϐειαν

291 745 404 814 τῆς
434 750 722 818 ἁμαρτίας
749 767 888 818 μου,
926 748 1186 813 ἐξέθεντο.
1223 751 1365 803 Ἀντὶ
1400 750 1455 803 δὲ
1486 751 1676 805 τούτου
1704 753 1865 825 ἀκρι-

291 836 544 911 ϐέστερον
567 843 596 893 δ
636 841 929 910 Σύμμαχος
967 841 1313 910 ἡρμήνευσεν
1373 840 1574 895 είπών·
1627 843 1751 897 Ἵνα
1782 843 1864 898 σὺ

286 927 521 999 ἀφέλῃς
559 931 673 999 τὴν
711 933 998 1000 ἁμαρτίαν
1018 949 1157 1000 μου.
1207 933 1346 986 Τάδε
1401 932 1530 1006 γὰρ,
1583 935 1739 1004 φησὶ,
1769 937 1862 989 καὶ

284 1020 413 1074 τάδε
439 1021 847 1095 διεπραξάμην,
881 1025 968 1078 ἵνα
1009 1025 1133 1079 τάδε
1175 1043 1265 1097 μοι
1284 1024 1568 1094 γένωνται.
1609 1027 1724 1080 υὺκ
1761 1027 1861 1099 ἥδη

284 1113 601 1186 τετυχηκὼς
641 1115 741 1184 τῆς
772 1115 1039 1186 ἀφέσεως,
1075 1116 1190 1170 ἀλλ’
1241 1116 1317 1180 ὡς
1359 1116 1537 1171 πάντα
1584 1118 1859 1187 πράττων,

285 1202 373 1256 ἵνα
403 1204 574 1275 αὐτῆς
601 1206 737 1279 τύχῃ
757 1247 770 1269 ,
804 1207 954 1260 ταῦτ’
992 1207 1144 1277 ἔλεγε
1201 1207 1341 1262 κατὰ
1384 1208 1475 1263 τὸν
1525 1209 1817 1281 Σύμμαχον
1843 1249 1856 1264 .

283 1295 396 1349 Καὶ
436 1296 615 1367 ἔχεταί
647 1317 708 1368 γε
761 1299 917 1368 λόγου
949 1303 988 1372 ἡ
1034 1300 1257 1373 τοιαύτη
1308 1302 1598 1372 ἑρμηνείαο
1647 1305 1694 1355 εἰ
1751 1302 1860 1374 γὰρ

281 1385 502 1459 ἐτέρους
549 1390 910 1462 ἐμακάριζεν,
939 1388 1014 1449 ὧν
1052 1391 1333 1464 ἀφέθησαν
1387 1394 1447 1446 αἱ
1502 1393 1752 1464 ἀνομίαι,
1784 1394 1859 1458 ὼς

283 1477 508 1549 μηδέπω
527 1482 684 1546 αὐτὸς
712 1482 1028 1555 τετυχηκὼς
1048 1485 1147 1554 τῆς
1176 1484 1442 1554 ἀφέσεως,
1479 1485 1606 1549 πῶς.
1627 1485 1859 1539 ἐνταῦθα

277 1570 498 1626 ἐδύνατο
524 1573 696 1642 λέγειν
722 1593 734 1606 '
768 1576 875 1630 Καὶ
907 1576 989 1630 σὺ
1022 1576 1266 1646 ἀφῆκας
1299 1577 1412 1646 τὴν
1439 1577 1717 1632 ἀσέϐειαν
1748 1577 1858 1646 τῆς

271 1660 562 1731 ἁμαρτίας
593 1682 747 1734 you;
780 1667 980 1737 Διόπερ
1017 1668 1158 1722 κατὰ
1189 1668 1279 1722 τὸν
1314 1668 1605 1740 Σύμμαχον
1641 1671 1858 1741 ἀκριϐέ-

271 1771 458 1827 στερον
483 1759 732 1831 εἰρῆσθαί
759 1779 904 1833 φημι
933 1763 1015 1828 τὸ,
1049 1765 1177 1818 Ἵνα
1201 1764 1282 1819 σὺ
1317 1763 1689 1833 ἀφέλῃς-τὴν
1716 1764 1856 1818 ἀσέι

267 1844 436 1898 ὅειαν
460 1845 569 1914 τῆς
608 1850 896 1919 ἁμαρτίας
925 1870 1065 1923 μου.

353 1937 522 2006 ’Υπὲρ
569 1942 790 2010 ταύτης
825 1943 1226 2012 προσεύξεται
1269 1961 1367 1999 σοι
1408 1945 1526 2014 πᾶς
1572 1947 1740 2014 ὅσιος
1784 1949 1854 2001 ἐν

268 2029 457 2098 καιρῷ
505 2031 747 2101 εὐθέτῳ.
801 2036 978 2104 Πλὴν
1031 2037 1101 2090 ἐν
1149 2039 1552 2109 κατακλυσμῷ
1618 2040 1854 2095 ὑδάτων

265 2122 518 2177 πολλῶν
549 2127 698 2193 πρὸς
725 2128 912 2182 αὐτὸν
938 2131 1051 2184 οὐκ
1095 2131 1382 2201 ἑγγιοῦσι.
1417 2132 1516 2186 Διά
1547 2133 1703 2188 τοῦτο
1743 2136 1850 2199 πᾶς

269 2213 415 2278 ὅσιος
449 2216 749 2290 ὑπόδειγμα
781 2220 960 2275 λαϐὼν
993 2225 1056 2276 ἐκ
1087 2223 1196 2278 τῶν
1229 2227 1351 2279 κατ’
1380 2227 1482 2297 ἐμὲ
1523 2230 1848 2301 πεπραγμέι

267 2321 374 2361 νων
402 2307 784 2380 προθυμότατα
818 2313 909 2365 καὶ
942 2314 1223 2386 εὐθαρσῶς
1244 2318 1642 2385 προσεύξεται
1659 2336 1779 2381 σοι,
1797 2322 1852 2375 εἴ

267 2411 395 2449 ποτε
425 2399 615 2469 καιρὸς
655 2402 815 2455 αὑτὸν
845 2403 981 2475 καλῇ
1015 2405 1107 2457 ἐπὶ
1145 2405 1245 2478 τὴν
1287 2408 1481 2477 ὁμοίαν
1519 2411 1642 2481 ἐμοὶ
1673 2429 1844 2481 προσ-

261 2485 430 2559 ευχὴν
458 2489 650 2548 ἐλθεῖν.
681 2493 1128 2566 Προσευξαμένου
1152 2499 1208 2551 δὲ
1235 2500 1402 2554 αὑτοῦ
1440 2503 1578 2557 κατὰ
1606 2505 1669 2557 τὸ
1709 2506 1842 2560 ὑπόε

259 2579 460 2652 δειγμα
494 2583 552 2637 τὸ
583 2586 734 2656 ἐμὸν,
764 2589 859 2642 καὶ
901 2589 1065 2644 αὑτοῦ
1100 2593 1446 2660 ὲπακούσεις,
1489 2597 1745 2669 παρέξεις
1781 2617 1842 2654 τε

259 2673 410 2745 αὐτῷ
441 2676 536 2748 τὴν
583 2680 735 2753 παρὰ
776 2683 870 2735 σοῦ
909 2686 1178 2758 σωτηρίαν
1203 2726 1218 2751 ,
1272 2688 1413 2743 ὥστε
1472 2691 1636 2762 μηδὲν
1678 2692 1841 2748 αὑτὸν

262 2763 549 2838 βλαϐῆναι,
566 2769 666 2824 κᾶν
703 2773 870 2843 μυρία
897 2776 1302 2843 κατακλύζοντα
1336 2780 1502 2835 ὖδατα
1528 2785 1650 2836 κατ’
1674 2785 1838 2838 αὐτοῦ

261 2856 523 2930 φέρηται.
560 2860 646 2926 Ὠς
674 2862 782 2935 γὰρ
807 2865 898 2917 ἐπὶ
929 2867 1134 2938 πέτραν
1165 2871 1523 2943 οἰκοδομήσας
1552 2875 1715 2928 αὐτοῦ
1742 2877 1840 2949 τὴν

256 2950 476 3016 οίκίαν,
532 2955 628 3008 καὶ
659 2955 752 3009 ἐπὶ
802 2957 862 3010 σὲ
911 2959 1002 3012 τὸν
1040 2960 1212 3031 μέγαν
1265 2965 1492 3036 Σωτῆρα
1528 2967 1838 3037 ἀναρτήσας

251 3042 452 3098 ἑαυτοῦ
483 3045 582 3111 τὰς
607 3048 850 3114 ἐλπίδας,
886 3050 1135 3117 ἄπτωτος
1173 3055 1267 3107 καὶ
1306 3055 1518 3127 ἑδραῖος
1541 3061 1722 3128 μενεῖο
1750 3057 1837 3113 διὰ

247 3135 353 3207 γὰρ
377 3135 487 3208 τὴν
541 3139 640 3211 σὴν
691 3141 938 3214 φυλακὴν
971 3145 1092 3198 οὐδὲ
1142 3146 1439 3218 πλησιάσαι
1494 3149 1675 3221 αύτῷ,
1714 3151 1835 3204 οὐδὲ

245 3227 413 3297 ἐγγὺς
466 3231 716 3298 γενέσθαι
749 3233 1056 3306 δυνήσεται.
1105 3237 1217 3290 Καὶ
1248 3238 1452 3310 ταύτην
1494 3255 1558 3308 γε
1590 3227 1688 3312 τὴν
1717 3239 1834 3294 διά-

243 3338 386 3377 νοιαν
434 3324 466 3395 ἡ
512 3323 605 3376 τοῦ
657 3326 952 3398 Συμμάχου
1002 3329 1346 3401 παρέστησεν
1392 3331 1691 3402 ἑρμηνεία,
1728 3333 1834 3404 φή-

251 3429 418 3476 σασα·
455 3415 604 3485 Περὶ
637 3419 852 3473 τούτου
890 3422 1291 3489 προσεύξεται
1325 3423 1444 3490 πᾶς
1491 3423 1680 3490 ὅσιος,
1713 3426 1834 3480 ἀντὶ

251 3501 363 3566 τοῦ,
393 3504 496 3558 Διὰ
546 3504 704 3560 τοῦτο
755 3509 1114 3580 προσεύξεται
1145 3514 1254 3577 πᾶς
1305 3514 1449 3577 ὅσιός
1500 3531 1580 3568 σοι
1642 3517 1832 3587 καιρὸν

255 3594 446 3667 εὑρὼν,
476 3595 622 3650 ὥστε
671 3601 1030 3666 ἐπικλύζοντα
1074 3604 1238 3659 ὕδατα
1271 3607 1440 3660 πολλὰ
1486 3608 1621 3680 πρὸς
1670 3610 1838 3663 αὐτὸν.

256 3682 330 3755 μὴ
356 3687 591 3754 ἐγγίσαι.
628 3689 753 3743 Ἐὰν
792 3691 848 3744 δὲ
888 3693 1027 3746 κατὰ
1060 3696 1187 3759 τοὺς
1231 3697 1633 3769 Ἐὁδομήκοντα
1669 3698 1832 3770 λέγη-

251 3792 371 3831 ται·
411 3779 469 3832 Ὺ
466 3779 582 3848 πὲρ
609 3783 829 3850 ταύτης
861 3786 1254 3852 προσεύξεται
1297 3788 1421 3855 πᾶς.
1449 3789 1636 3856 ὅσιος,
1668 3790 1818 3862 ἐροῦο

254 3885 369 3938 μεν,
396 3873 498 3939 ὅτι,
529 3873 682 3943 ὑπὲρ
711 3876 955 3946 ταύτης,
971 3878 1170 3951 δηλαδὴ
1190 3879 1291 3950 τῆς
1316 3881 1562 3949 ἀφέσεως
1579 3884 1678 3955 τῆς
1705 3885 1828 3954 ἐμοὶ

249 3963 565 4034 γενομένης.
618 3964 718 4018 Διά
768 3966 876 4038 γὰρ
910 3967 1000 4022 τὸν
1036 3969 1128 4022 σὺν
1168 3969 1318 4024 ἔλεον
1350 3972 1444 4024 καὶ
1475 3971 1574 4043 τὴν
1616 3975 1696 4036 εἰς
1724 3974 1826 4045 ἐμὲ

247 4053 541 4126 γενομένην
594 4055 1004 4128 φιλανθρωπίαν
1042 4061 1149 4123 πᾶς
1199 4061 1343 4124 ὅσιος
1391 4060 1610 4127 εὔελπις
1649 4062 1821 4131 ἐσται,

248 4141 348 4196 τῶν
372 4146 574 4216 ὁμοίων
613 4147 762 4218 παρά
795 4148 888 4202 σοῦ
923 4154 1136 4221 τυχεῖν·
1178 4154 1231 4206 et
1252 4171 1381 4207 ποτε
1407 4155 1556 4226 αὐτῷ
1591 4157 1821 4225 γένοιτο,

249 4231 321 4296 ὡς
350 4235 620 4309 ἀνθρώπῳ
651 4239 832 4310 σάρκα
862 4242 1253 4314 περικειμένῳ,
1283 4244 1489 4299 τοιοῦτό
1518 4264 1570 4299 τι
1600 4247 1822 4320 σφάλμα

253 4325 339 4378 καὶ
368 4331 550 4402 καιρὸς
575 4330 830 4402 δεόμενος
855 4332 1048 4403 ὁμοίας
1086 4333 1210 4404 ἐμοὶ⁵
1253 4335 1691 4411 ἐξομολογήσεως
1725 4345 1819 4397 καὶ

252 4424 563 4495 προσευχῆς.

1966 569 2212 637 pietatem
2252 569 2425 623 cordis
2457 571 2577 626 mei.
2621 569 2957 639 Diapsalma.
2989 570 3114 632 Alii,
3147 585 3253 624 non
3289 570 3548 637 impietas

1968 668 2068 712 tem
2089 660 2291 722 cordis,
2317 659 2412 715 sed
2432 661 2745 728 impietatem
2780 660 2976 730 peccati
3009 659 3113 713 mei
3147 665 3556 728 exposuerunt-

1967 751 2072 806 Pro
2090 768 2198 822 quo
2214 753 2524 808 accuratius
2543 751 2900 824 Symmachus
2927 751 3315 820 interpretatus
3347 757 3430 804 est
3451 747 3555 802 his.

1965 844 2246 909 \'erbis,Ut
2265 856 2327 898 tu
2341 845 2574 914 auferres
2600 852 2870 912 peccatum
2887 859 3075 896 meum.
3096 840 3239 905 Haac,
3264 841 3458 911 inquit,
3481 850 3536 896 et

1965 937 2079 993 haec
2103 937 2227 1002 feci,
2248 948 2304 992 ut
2327 939 2440 993 hac
2465 938 2596 992 mihi
2618 937 2959 994 obvenirent.
2986 934 3104 990 Non
3133 934 3277 990 enim
3305 934 3414 1003 jam
3434 931 3536 986 mi-

1964 1030 2321 1085 sericordiam
2351 1036 2680 1086 consecutus
2700 1070 2714 1092 ,
2759 1029 2854 1084 sed
2895 1029 3040 1082 velut
3073 1026 3250 1081 omnia
3283 1039 3448 1095 agens
3476 1030 3535 1078 ut

1959 1130 2406 1191 consequeretur,
2432 1123 2546 1177 haec
2573 1123 2785 1178 dicebat
2803 1123 3098 1178 secundum
3127 1119 3528 1192 Symmachum.

1963 1211 2027 1266 Et
2055 1229 2185 1268 sane
2215 1214 2529 1283 hujusmodi—
2556 1215 2928 1284 interpretatio
2959 1221 3102 1269 recte
3125 1214 3379 1269 cohaeret.
3399 1211 3532 1268 Nam

1960 1305 2004 1358 si
2031 1305 2188 1368 alios,
2221 1316 2280 1359 ut
2309 1306 2524 1361 veniam
2556 1307 2858 1376 iniquitatis
2890 1314 3246 1371 consecutos,
3298 1305 3372 1359 ita
3403 1304 3531 1358 bea-

1961 1405 2044 1452 tos
2075 1398 2440 1467 praedicasset,
2473 1400 2628 1469 quasi
2659 1399 2774 1468 ipse
2799 1399 3039 1454 nondum
3069 1405 3398 1453 consecutus
3443 1409 3528 1452 es-

1957 1498 2059 1550 set,
2095 1490 2370 1560 quomodo
2404 1492 2490 1546 hic
2522 1491 2710 1546 dicere
2733 1493 2906 1560 potuit.
2934 1489 3034 1545 :Et
3067 1500 3121 1545 tu
3153 1491 3400 1546 remisisti
3429 1490 3531 1543 im-

1954 1579 2195 1645 pietatem
2251 1581 2456 1648 peccati
2498 1583 2639 1637 mei?
2697 1579 2876 1646 Quare
2923 1581 3234 1636 accuratius
3291 1579 3535 1650 Symma-

1958 1669 2120 1724 chum
2152 1674 2379 1728 vertisse
2412 1673 2536 1728 dico
2593 1674 2697 1728 hoc
2725 1684 2920 1746 pacto:
2959 1674 3027 1727 Ut
3077 1683 3130 1726 tu
3163 1672 3396 1742 auferres
3438 1672 3536 1723 im-

1955 1760 2198 1827 pietatem
2230 1762 2427 1831 peccati
2456 1763 2579 1817 mei.

2032 1931 2198 1988 Vens.
2241 1932 2293 1989 6.
2337 1934 2444 1990 Pro
2468 1935 2564 1990 hac
2617 1935 2788 1990 orabit
2839 1936 2907 1990 ad
2934 1945 2980 1992 te
3019 1937 3187 1990 omnis
3217 1945 3432 1992 sanctus
3469 1934 3528 1995 iit

1957 2036 2184 2096 tempore
2213 2040 2523 2098 opportuno.
2566 2030 2939 2087 Verumtamen
2970 2033 3023 2085 in
3046 2031 3525 2100 diluviaaquarutn

1957 2122 2246 2177 multarum
2278 2123 2347 2176 ad
2382 2141 2497 2178 eum
2551 2141 2654 2178 non
2684 2124 3143 2194 approximabunt.
3188 2122 3526 2192 Quapropter

1952 2214 2129 2270 omnis
2157 2224 2400 2279 sanctus,
2445 2226 2667 2286 sumpto
2705 2232 2771 2272 ex
2824 2216 2896 2272 iis
2929 2231 3049 2285 quae
3091 2230 3218 2286 erga
3247 2228 3333 2268 me
3371 2219 3526 2282 gesta.

1949 2312 2077 2361 sunt
2107 2307 2374 2376 exemplo,
2414 2307 2668 2362 alacriter
2695 2321 2759 2362 ac
2790 2305 3016 2360 ﬁdenter
3049 2305 3117 2358 ad
3146 2315 3193 2358 te
3226 2302 3431 2365 orabit;
3473 2301 3520 2360 si

1947 2397 2165 2468 quando
2198 2397 2375 2467 ipsum
2408 2399 2472 2452 ad
2507 2399 2737 2453 similem
2788 2413 2923 2454 mea:
2954 2397 3259 2451 orationem
3306 2402 3518 2464 tempus

1945 2492 2205 2548 evocarit.
2271 2492 2370 2546 Illo
2411 2500 2589 2548 autem
2639 2494 2705 2549 ad
2757 2493 2862 2548 mei
2920 2493 3226 2562 exemplum
3287 2497 3514 2548 orante.

1949 2584 2124 2654 ipsum
2148 2602 2365 2656 quoque
2393 2595 2448 2641 tu
2476 2587 2758 2651 exaudics,
2780 2587 3010 2643 salutem
3043 2586 3187 2644 illam
3215 2599 3334 2655 qua:
3366 2599 3430 2638 ex
3465 2589 3519 2633 te

1945 2679 2204 2748 procedit:
2234 2680 2321 2734 illi-
2360 2681 2658 2749 imperties,
2685 2680 2760 2734 ita
2801 2679 3029 2734 utnihil
3065 2679 3303 2749 patiatur
3347 2676 3512 2730 detri-

1945 2771 2133 2836 menti,
2169 2772 2382 2827 etiamsi
2417 2772 2640 2826 inﬁnitae
2672 2778 3018 2841 erumpentes
3053 2783 3207 2839 aquze
3239 2768 3294 2822 in
3338 2766 3517 2836 ipsum

1944 2862 2208 2918 fer-antur.
2245 2862 2378 2916 Nam
2403 2879 2526 2916 cum
2561 2863 2708 2917 velut
2737 2862 2791 2916 in
2827 2870 2980 2932 petra
3010 2862 3229 2916 domum
3259 2858 3514 2912 fundaveq

1941 2955 2014 3008 rit
2048 2969 2202 3008 suam
2226 2995 2241 3019 ,
2277 2971 2538 3026 spemque
2579 2970 2735 3008 suam
2791 2954 2844 3008 in
2891 2962 2944 3009 te
2990 2967 3186 3023 magno
3221 2951 3523 3018 ‘Salvatore

1942 3045 2266 3115 reposuerit,
2299 3047 2454 3115 lapsu
2491 3060 2701 3099 vacuus
2737 3051 2790 3099 et
2821 3043 3010 3098 ﬁrmus
3050 3043 3353 3098 consistet:
3390 3054 3543 3108 nam~

1943 3139 2018 3192 tui
2047 3139 2294 3194 custodia
2352 3139 2487 3193 fulto
2509 3179 2524 3203 ,
2586 3153 2654 3192 ne
2706 3137 3139 3208 appropinquare
3168 3135 3388 3205 quidem
3423 3141 3512 3186 aut

1863 3199 2089 3298 cjuxta
2145 3229 2407 3285 accedere
2466 3238 2744 3301 poterunt.
2797 3228 2969 3295 Quam
3026 3227 3156 3281 item
3189 3223 3512 3292 sententiam

1937 3319 2250 3392 Symmachi
2301 3323 2675 3394 interpretatio
2725 3321 2989 3383 declarat,
3022 3335 3144 3390 quae
3201 3320 3279 3374 sic
3313 3317 3508 3382 habet,

1933 3413 2012 3474 De
2035 3413 2144 3468 hac.
2166 3431 2222 3469 re
2247 3416 2424 3470 orabit
2459 3415 2629 3469 ontnis
2657 3424 2872 3468 sanctus
2893 3453 2908 3477 ,
2953 3412 3098 3468 illius
3123 3411 3263 3476 loco,
3287 3412 3512 3480 Propter

1933 3507 2058 3573 hoc,
2124 3509 2191 3563 ad
2244 3516 2298 3564 te
2336 3509 2514 3564 orabit
2559 3507 2737 3563 omnis
2795 3514 3040 3573 sanctus,
3069 3521 3192 3564 cum
3246 3505 3510 3566 intenerit

1933 3611 2178 3670 tempus.
2213 3601 2289 3655 ita
2348 3608 2406 3653 ut
2450 3599 2790 3654 exundantes
2827 3613 2980 3668 aquae
3029 3598 3212 3651 multa:
3269 3596 3336 3649 ad
3387 3611 3510 3650 eum

1931 3707 2041 3746 non
2071 3692 2352 3746 accedant.
2396 3691 2551 3757 Quod
2591 3691 2637 3744 si
2668 3689 2964 3745 secundum
3001 3687 3142 3752 LXX
3177 3687 3510 3756 Interpretes

1931 3783 2176 3848 dicatur,
2211 3782 2320 3836 Pro
2351 3785 2449 3836 hac
2479 3782 2648 3836 orabit
2680 3782 2849 3836 omnis
2883 3791 3097 3839 sanctus
3119 3819 3133 3843 ,
3175 3792 3274 3832 nos
3307 3778 3386 3832 sic
3414 3792 3511 3830 ex-

1929 3876 2273 3946 plicabimus,
2301 3891 2395 3944 pro
2421 3873 2540 3940 hac,
2566 3873 2817 3928 videlicet
2833 3870 3157 3927 remissione
3180 3868 3312 3922 mihi
3341 3866 3508 3922 facta.

1929 3967 2062 4022 Nam
2097 3978 2319 4039 propter
2372 3965 2804 4020 misericordiam
2860 3970 3044 4027 tuam,
3077 3967 3132 4015 et
3181 3967 3333 4027 tuum
3379 3973 3508 4027 erga

1925 4062 2176 4118 homines
2213 4076 2452 4118 amorem
2473 4060 2602 4118 mihi
2635 4057 2960 4120 exhibitum.
2993 4054 3172 4110 omnis
3200 4058 3425 4108 sanctus
3448 4050 3508 4110 in

1926 4169 2078 4225 Spem
2122 4154 2304 4210 veniet
2348 4169 2406 4210 se
2455 4151 2655 4214 similia
2701 4149 2797 4204 abs
2842 4156 2898 4205 te
2945 4151 3403 4208 consecuturum,
3455 4143 3506 4199 si

1923 4245 2140 4316 quando
2181 4246 2308 4313 sibi,
2344 4253 2531 4315 utpote
2567 4242 2774 4300 homini
2801 4256 2966 4296 carne
2995 4239 3208 4305 induto,
3242 4237 3503 4301 delictum

1922 4346 2085 4408 atque
2110 4346 2329 4410 tempus
2354 4339 2535 4396 simile
2573 4338 2892 4406 contingat,
2925 4347 3035 4405 quo
3064 4331 3252 4388 itidem
3287 4327 3504 4388 confes-

1921 4430 2074 4486 sione
2100 4437 2156 4484 et
2189 4430 2436 4485 oratione
2468 4445 2606 4500 opus
2644 4427 2865 4482 habeat.

313 4511 556 4567 Συνετιῶ
614 4528 688 4566 σε
735 4513 834 4568 καὶ
873 4515 1138 4585 συμϐιϐὧ
1179 4530 1254 4570 σε
1281 4517 1351 4570 ἐν
1395 4518 1510 4584 ὀδῷ
1547 4521 1731 4591 ταύτῃ
1772 4515 1813 4594 ᾖ

1990 4521 2157 4579 Vens.
2211 4523 2263 4579 8.
2310 4522 2647 4580 Intellectum
2681 4521 2774 4574 tibi
2805 4519 2942 4573 dabo
2975 4527 3025 4572 et
3057 4517 3319 4570 instruam
3366 4521 3414 4565 te
3445 4511 3500 4564 in

253 4603 498 4675 τορεύσῃ
517 4623 531 4638 ·
552 4608 881 4676 ἐπιστηριῶ
903 4609 1002 4663 ἐπὶ
1036 4609 1110 4664 σὲ
1138 4611 1281 4678 τοὺς
1307 4613 1650 4680 ὀφθαλμούς
1670 4633 1809 4683 μου.

258 4690 316 4745 Γδ
342 4693 626 4768 λεγόμενον
672 4700 762 4754 διὰ
806 4700 898 4754 τοῦ
953 4695 1277 4774 προῲήτουο-
1309 4705 1432 4758 Ἔτι
1474 4707 1813 4776 λαλοῦντός

251 4794 374 4850 σου,
409 4786 539 4854 ἐρῶ·
578 4789 732 4844 Ἰδοὺ
760 4791 1018 4860 πάρειμι,
1058 4795 1152 4846 καὶ
1186 4794 1279 4847 ἐπὶ
1300 4793 1394 4848 τοῦ
1445 4796 1608 4850 Δαυῖδ
1641 4797 1812 4870 ἐπλη-

255 4872 414 4940 ρεῦτο.
438 4881 574 4936 Διότι
609 4882 906 4954 εὐχομένου
933 4886 1027 4939 καὶ
1049 4885 1148 4956 τὴν
1165 4887 1258 4958 δέη
1268 4905 1349 4941 σιν
1372 4888 1805 4961 ἀναπέμποντος,

1918 4615 1999 4670 via
2035 4614 2133 4670 hac
2166 4633 2268 4686 qua
2291 4616 2585 4687 gradieris:
2613 4613 2838 4684 ﬁrmabo
2868 4627 3023 4681 super
3048 4621 3095 4662 te
3125 4607 3304 4662 oculos
3333 4621 3495 4659 meos.

1916 4708 2072 4775 Quod
2102 4710 2183 4766 sic
2214 4725 2245 4763 a
2273 4710 2539 4780 propheta
2571 4709 2778 4768 dictum
2800 4716 2918 4770 est,
2953 4702 3140 4757 Adhuc
3177 4709 3223 4753 te
3260 4699 3497 4768 loquente

1913 4800 2086 4856 dicam
2113 4819 2132 4856 :
2165 4802 2298 4857 Ecce
2327 4803 2516 4860 adsum
2547 4801 2592 4833 '7
2613 4841 2628 4865 ,
2676 4804 2733 4856 in
2761 4798 2964 4852 Davide
2993 4794 3338 4866 implebatur.
3374 4789 3496 4862 Ipso

1912 4908 2148 4965 namque
2178 4902 2368 4950 orante
2401 4909 2465 4948 ac
2490 4891 2943 4962 supplicationem
2971 4887 3269 4951 emittente,
3319 4881 3492 4953 Spiri-

255 4965 306 5018 τὸ
325 4969 533 5044 Πνεῦμα
556 4976 618 5029 τὸ
646 4975 787 5029 θεῖον
816 4979 1160 5051 ἀποκρίσεως
1211 4980 1371 5035 αὐτὸν
1399 4982 1560 5048 ἀξιοῖ,
1586 4983 1805 5057 θαρσεῖν

1939 5004 2000 5042 us
2028 4987 2250 5040 divinus
2283 4985 2384 5055 ipsi
2412 4982 2745 5054 respondere
2785 4981 3062 5050 dignatus,
3100 4976 3236 5031 bene
3269 4986 3490 5042 sperare

259 5057 392 5131 αύτῷ
429 5069 947 5141 παρακελευόμενον.
984 5071 1127 5141 Ἐγὼ
1154 5074 1262 5146 γάρ
1293 5089 1388 5138 σε,
1433 5075 1618 5147 φησὶν,
1654 5093 1806 5132 συν-

259 5150 376 5242 ετιῶ
411 5159 506 5212 καὶ
547 5162 812 5233 συμϐιϐῶ
853 5179 956 5218 σε·
1004 5165 1121 5219 ἀνθ’
1155 5161 1227 5221 οὗ.
1255 5169 1284 5220 ὁ
1325 5168 1557 5234 Ἀκύλας
1604 5172 1800 5242 φησίν’

267 5239 661 5318 Ἐπιστημὼσω
692 5270 765 5308 σε
794 5256 891 5309 καὶ
929 5259 1177 5325 φωτίσω.
1205 5277 1279 5314 σε
1309 5262 1379 5315 ἐν
1409 5261 1526 5327 ὀδῷ
1554 5239 1737 5332 ταύτῃ
1764 5259 1804 5336 ᾗ

263 5337 502 5409 πορεύσῃ
522 5360 535 5373 ·
567 5345 594 5396 ὁ
619 5346 675 5399 δὲ
703 5346 994 5416 Σύμμαχος
1016 5365 1035 5387 ·η
1072 5353 1376 5410 Συνετίσω
1410 5371 1483 5406 σε
1524 5354 1620 5408 καὶ
1653 5357 1802 5409 ὐπο-

264 5416 415 5518 ξείξω
453 5447 545 5485 σοι
587 5435 730 5489 ὁδὸν
773 5435 854 5504 ἢν
877 5437 1167 5506 ὀδεύσεις.
1221 5443 1644 5512 Ἐπαγγέλλεται
1695 5445 1801 5518 γὰρ

267 5508 407 5617 δεῖξαι
435 5522 572 5594 αὐτῷ
596 5528 684 5582 τὸν
713 5530 966 5583 εἰπόνταο
1007 5530 1149 5600 Ἐγώ
1188 5535 1304 5602 ειμι
1332 5508 1559 5602 acccc.
1595 5508 1722 5591 Ἧν²
1742 5508 1800 5591 δὲ.

268 5613 397 5671 toto;
424 5613 450 5663 ὁ
479 5615 567 5668 τοῦ
605 5618 736 5681 Θεοῦ
780 5621 971 5692 Λόγος,
999 5623 1028 5674 ό
1056 5624 1182 5688 τοὺς
1219 5623 1500 5693 ὁδεύοντας
1525 5629 1672 5700 ἄγων
1706 5630 1798 5692 ἐπὶ

356 5783 396 5817 ’⁷
435 5789 531 5842 lsa.
565 5808 710 5864 ινιιι,
741 5799 792 5856 9.
893 5803 936 5836 ⁸⁸
975 5803 1132 5856 Joan.
1173 5821 1279 5871 xw,
1327 5806 1377 5857 6¹

1908 5079 2085 5151 jubet.
2111 5076 2221 5148 Ego
2250 5076 2418 5139 enim,
2450 5073 2659 5146 inquit,
2685 5071 3006 5127 intellectum
3031 5067 3125 5121 tibi
3159 5065 3295 5118 dabo
3325 5072 3374 5116 et
3412 5061 3491 5116 in-

1913 5181 2117 5227 struant
2161 5178 2227 5223 te.
2263 5167 2368 5222 Pro
2394 5183 2504 5238 quo
2534 5165 2762 5236 Aquila,
2815 5161 3074 5218 Scientem
3128 5168 3176 5212 te
3207 5157 3404 5228 faciam
3435 5162 3488 5207 et

1912 5261 2222 5318 illuminabo
2255 5271 2302 5316 te
2340 5261 2394 5314 in
2418 5261 2503 5315 via
2541 5261 2640 5313 hac
2665 5274 2768 5326 qua
2801 5255 3094 5328 gradieris;
3123 5248 3486 5324 Symmachus

1910 5372 2060 5421 vero,
2087 5355 2401 5410 Prudentem
2424 5363 2472 5408 te
2501 5353 2698 5424 faciam
2720 5362 2770 5408 et
2800 5349 3070 5405 ostendam
3093 5346 3188 5399 tibi
3214 5345 3348 5398 uiam
3381 5357 3487 5411 qua

1911 5445 2146 5500 incedas.
2199 5445 2496 5501 Pollicetur
2553 5447 2696 5501 enim
2744 5438 3158 5499 monstrandam
3207 5433 3311 5506 ipsi
3360 5448 3484 5488 esse

1908 5541 2050 5596 viam
2082 5540 2148 5595 ab
2171 5555 2237 5594 eo
2267 5540 2360 5611 qui
2386 5539 2542 5603 dixit,
2563 5538 2668 5609 Ego
2690 5553 2807 5592 sum
2829 5535 2912 5590 via
2934 5533 3000 5588 θ’.
3026 5531 3126 5585 Hic
3146 5536 3327 5581 autem
3365 5533 3484 5588 erat

1911 5631 2008 5688 Dei
2036 5629 2297 5701 Verbum,
2331 5633 2474 5708 quod
2502 5633 2602 5688 iter
2624 5637 2848 5704 agentes
2877 5627 2942 5684 ad
2975 5635 3058 5680 ter
3089 5621 3297 5679 felicem
3319 5617 3504 5692 ﬁnem,
