4010 6526
511 303 616 364 979

1173 302 1442 358 EUSEBII
1477 305 1954 362 CESARIENSIS
1991 293 2146 366 OP'P.
2183 310 2364 364 PARS
2397 311 2488 366 lli.
2531 339 2598 352 —-
2635 312 3043 386 EXEGETICA.

3661 320 3784 378 2’30

510 425 627 478 sive
659 418 730 476 ad
761 418 978 474 Patrem
1023 417 1264 474 deducit.
1319 418 1468 474 Loco
1505 429 1690 486 autem
1735 422 1912 488 illius,
1959 422 2082 477 Fir-

2191 425 2338 490 τέλος
2367 426 2426 478 τὸ
2445 429 2862 498 τρισμακάριον,
2895 429 2988 484 τὸν
3033 429 3226 484 ἑαυτοῦ
3255 429 3490 503 Πατέρα.
3531 433 3782 490 lvi-.16;

513 514 668 570 σιοὺο
697 529 854 583 super
882 521 928 566 te
955 511 1132 566 oculos
1155 527 1314 576 meos,
1341 510 1706 583 Symmachus
1729 515 1910 581 habet,
1943 515 2083 571 Con-

513 605 724 664 sultabo
743 605 808 658 de
835 617 884 659 te
905 605 1054 658 oculo
1085 619 1220 658 meo.
1246 603 1384 670 Quia
1415 607 1562 660 enim
1591 608 1730 661 oculi
1758 607 1970 662 Domini
1995 626 2086 664 su—

505 715 600 767 per
634 699 834 768 justas,
867 707 918 752 et
945 713 1098 752 aures
1131 703 1245 766 ejus
1287 697 1357 752 ad
1389 715 1564 767 preces
1633 717 1811 756 eorum
1837 703 1922 768 ";
1965 720 2082 760 me-

511 795 618 850 rito
655 808 780 850 eum
827 791 920 862 qui
965 791 1094 846 talia
1151 799 1402 861 precatus
1457 801 1582 856 est,
1635 793 1798 848 oculo
1831 795 2086 865 dignatur

513 900 645 950 suo,
697 891 758 950 ut
787 883 956 939 radiis
997 883 1104 938 illis
1149 899 1215 936 ex
1259 884 1447 938 divino
1477 886 1638 940 oculo
1686 887 1904 942 emissis
1957 889 2074 942 illu-

511 983 712 1034 stratus
737 981 952 1036 mente,
981 971 1124 1026 viam
1167 981 1356 1026 cernat
1389 973 1492 1028 sibi
1525 975 1870 1044 promissam.
1905 976 2084 1043 Quare

510 1067 652 1122 oculi
687 1065 902 1120 Domini
935 1079 1042 1118 non
1075 1081 1240 1136 super
1267 1081 1457 1121 omnes
1483 1107 1497 1130 ,
1557 1067 1652 1122 sed
1705 1084 1861 1136 super
1905 1069 2082 1138 justo:

510 1167 753 1223 tantum;
789 1173 916 1211 nam
943 1157 1012 1212 ab
1041 1157 1224 1227 impiis
1253 1157 1444 1212 oculos
1485 1173 1616 1212 suos
1655 1159 1866 1213 avertit.

2184 519 2300 582 τοῦ,
2351 519 2700 589 Ἐπιστηριῶ
2745 522 2844 576 ἐπὶ
2885 522 2960 576 σὲ
3003 522 3148 590 τοὺς
3213 525 3560 594 ὀφθαλμούς
3619 545 3778 596 μου,

2184 613 2214 666 ό
2253 614 2580 683 Σύμμαχος,
2623 615 3072 684 Βουλεύσομαι,
3125 617 3289 687 φησὶ,
3339 618 3468 685 περὶ
3513 615 3637 670 σοῦ
3691 617 3784 684 τῷ

2186 705 2472 773 ὀφθαλμῷ
2500 724 2640 775 μου.
2679 707 2896 778 Ἐπειδὴ
2939 708 3048 779 γὰρ
3079 709 3370 778 ὀφθαλμοὶ
3409 711 3632 778 Κιψίου
3669 711 3780 767 ἐπὶ

2187 797 2482 863 δικαίους,
2511 799 2610 852 καὶ
2637 795 2756 854 ὦτα
2785 801 2970 854 αὑτοῦ
3003 804 3090 867 εις
3120 801 3332 868 δέησιν
3349 802 3546 857 αὐτῶν
3569 823 3584 836 ’
3621 804 3784 858 εἰκό-

2189 907 2296 954 τως
2321 891 2410 943 τὸν
2443 891 2678 946 τοσαῦτα
2701 894 2972 964 ηὒγμὲνον
3002 893 3246 954 καταειοῖ
3265 895 3358 948 τοῦ
3401 897 3528 950 ἰδίου
3563 895 3780 966 ὀφθαλ-

2191 982 2315 1052 μοῦ,
2347 984 2516 1048 ὅπως,
2551 985 2616 1038 ἐκ
2649 985 2757 1038 τῶν
2811 987 3152 1055 φωτιστικῶν
3189 986 3366 1042 αὐτῶν
3413 987 3520 1042 τῶν
3555 989 3620 1041 ἐκ
3675 987 3782 1044 τοῦ

2189 1073 2336 1127 θείου
2361 1077 2638 1148 ὀφθαλμοῦ
2667 1081 3032 1150 πεμπομένων
3059 1079 3346 1148 φωτισθεὶς
3375 1081 3472 1150 τὴν
3501 1082 3784 1146 διάνοιαν,

2187 1167 2284 1238 τὴν
2322 1169 2438 1222 ὁδὸν
2483 1170 2741 1242 θεάσηται
2783 1172 2882 1242 τὴν
2917 1173 3330 1243 ἐπηγγελμένην
3359 1172 3522 1244 αὐτῷ.
3567 1172 3786 1245 Διόπερ

511 1245 770 1324 ξφθαλμιοὶ
811 1251 1019 1322 Κυρίου
1065 1253 1166 1304 οὐκ
1207 1252 1300 1304 ἐπὶ
1335 1253 1564 1316 πάντας,
1615 1251 1728 1305 ἀλλ’
1763 1251 1862 1305 ἐπὶ
1901 1253 2094 1322 μόνους
2133 1260 2275 1327 τοὺς
2320 1261 2590 1330 δικαίους
2617 1282 2631 1294 ·
2667 1265 2776 1318 ἀπὸ
2825 1265 2934 1336 γὰρ
2995 1265 3106 1319 τῶν
3161 1265 3372 1320 ἀσεϐῶν
3427 1267 3782 1334 ἀποστρέφει

513 1345 630 1420 τοὺς
661 1343 858 1397 ἑαυτοῦ
893 1344 1225 1414 ὀφθαλμούς.

577 1437 744 1495 Vatis.
779 1441 865 1494 Η.
893 1440 1174 1495 ιωιαηιὶηἱ
1203 1443 1256 1494 in
1285 1440 1506 1494 Domino
1535 1451 1583 1494 et
1623 1443 1902 1506 uanitate,
1927 1445 2086 1512 justi,

512 1541 556 1588 at
585 1533 912 1604 gloriamini,
943 1551 1118 1588 omnes
1147 1537 1276 1587 recti
1315 1533 1488 1588 corde.
1523 1533 1817 1604 Postquam
1847 1551 2090 1605 respon-

511 1623 720 1680 sionem
747 1624 813 1678 ad
849 1634 1160 1694 precantem
1201 1639 1384 1680 sermo
1413 1625 1708 1692 conclusit,
1751 1635 1874 1695 post
1921 1642 2086 1697 supra

511 1715 780 1776 dictorum
833 1716 1256 1786 promissionem
1285 1757 1300 1782 ,
1349 1716 1416 1770 ad
1469 1732 1760 1772 commune
1803 1719 2084 1773 hominum

2265 1447 2654 1516 Εὐφράνθητε
2697 1447 2796 1501 ἐπὶ
2821 1451 3040 1517 Κύριον
3089 1450 3186 1503 καὶ
3241 1451 3636 1519 ἀγαλλιᾶσθε,
3689 1455 3784 1508 δί-

2195 1555 2372 1600 καιοι,
2401 1539 2496 1592 καὶ
2527 1540 2856 1609 καυχᾶσθε,
2887 1541 3108 1607 πάντες
3133 1545 3186 1595 οἱ
3214 1541 3406 1608 εὐθεῖς
3435 1541 3508 1610 τῇ
3527 1543 3780 1614 καρδίᾳ,

2193 1629 2544 1700 Περιγράψας
2575 1631 2604 1682 ὁ
2645 1629 2800 1698 λόγος
2843 1632 2942 1702 τὴν
2971 1631 3108 1702 πρὸς
3157 1631 3250 1686 τὸν
3293 1632 3588 1702 εὐξάμενον
3629 1636 3776 1688 ἀπό-

2191 1735 2402 1789 κρισιν,
2441 1721 2904 1791 ἐπαγγειλάμενος
2945 1738 3003 1774 τε
3043 1720 3190 1792 αὐτῷ
3228 1721 3296 1774 τά
3337 1723 3780 1793 προλελεγμένα,

511 1823 682 1878 genus
709 1823 892 1862 sermo
929 1807 1259 1862 transfertur
1289 1828 1302 1863 :
1335 1810 1462 1878 quia
1494 1810 1564 1863 ob
1595 1811 1702 1862 vim
1737 1811 1942 1864 amoris
1967 1811 2082 1864 vult

2195 1809 2505 1880 μεταϐαίνει
2557 1810 2648 1862 ἐπὶ
2708 1811 2770 1862 τὺ
2829 1811 3006 1862 κοινὸν
3057 1810 3164 1863 τῶν
3221 1809 3522 1880 ἀνθρώπων
3579 1811 3782 1878 γένος,

511 1911 702 1953 omnes
733 1899 962 1953 salutem
1005 1898 1273 1952 obtinere.
1317 1898 1546 1970 Ipseque
1589 1900 1754 1954 David
1793 1909 2084 1969 postquam

511 1989 906 2046 confessionem
944 2007 1098 2045 suam
1143 1993 1401 2054 absolvit,
1437 1993 1580 2048 felici
1619 1995 1980 2063 responsione
2022 2009 2086 2049 ac

511 2083 900 2152 pollicitatione
931 2083 1189 2148 donatus,
1225 2099 1290 2137 ex
1317 2085 1382 2138 \‘i
1415 2085 1598 2154 gaudii
1649 2087 1875 2155 reliquis
1921 2086 2086 2140 etiam

511 2175 825 2231 limninibus
867 2177 1060 2232 istlimc
1101 2177 1469 2230 emolumenta
1522 2179 1816 2234 conciliare
1865 2177 2084 2248 satagit.

513 2266 792 2326 Lmlmnini
843 2269 895 2322 in
937 2269 1164 2322 Domino
1199 2277 1246 2324 et
1283 2269 1566 2334 exsultate,
1595 2271 1752 2339 justi,
1805 2280 1854 2323 et
1887 2271 2088 2340 gloria-

511 2360 665 2422 mini,
701 2375 878 2412 omnes
927 2359 1058 2413 recti
1101 2359 1275 2414 corde.
1327 2358 1790 2424 Quemadmodum
1835 2369 2088 2428 peccato-

511 2465 631 2503 rnu
675 2449 854 2502 ordini
891 2449 956 2502 ad
994 2450 1277 2504 sinistram
1325 2450 1524 2518 posito,
1560 2459 1952 2520 congruentem
1991 2451 2088 2506 de-

511 2541 590 2606 dit
619 2540 1068 2602 admonitionem,
1101 2541 1409 2610 exemplum
1443 2556 1564 2594 sese
1597 2542 1844 2610 pne-licus
1889 2542 1954 2596 iis
1993 2541 2085 2610 qui

510 2649 540 2690 τι
577 2635 815 2704 peccatis
857 2643 1290 2702 convertuntur;
1339 2635 1420 2687 sic
1461 2635 1622 2696 etiam
1666 2633 1831 2702 justis
1867 2635 2086 2704 propria

510 2729 611 2784 sibi
647 2745 711 2785 ac
737 2729 1118 2784 convenientia
1159 2729 1448 2785 annuntiat
1481 2729 1532 2781 in
1563 2728 1814 2797 prmsenti
1838 2767 1852 2790 ,
1885 2729 2084 2780 cohor-

508 2827 633 2884 taus
669 2821 792 2876 illos
835 2829 894 2875 ut
925 2823 992 2876 de
1026 2822 1173 2878 nulla
1215 2829 1555 2876 terrenarum
1603 2835 1785 2874 rerum
1813 2821 2082 2884 laetentur,

507 2913 602 2978 sed
637 2915 704 2969 de
727 2912 956 2969 Domino
985 2915 1272 2984 magnifice
1305 2915 1567 2976 sentiant,
1600 2920 1654 2967 et
1679 2912 1745 2967 de
1769 2919 1920 2966 tanto
1943 2913 2086 2966 bono

507 3010 779 3090 gaudeant
811 3017 866 3064 et
907 3009 1202 3064 exsultent.
1239 3006 1350 3062 Sed
1393 3007 1582 3068 etiam,
1615 3006 1706 3075 qui
1732 3005 2001 3073 gloriatur
2029 3006 2084 3058 in

507 3103 732 3158 Domino
762 3103 1038 3174 glorietur,
1085 3101 1160 3154 ait
1191 3100 1486 3170 Apostolus
1513 3099 1550 3149 ¹.
1579 3095 1710 3152 Jure
1757 3097 1940 3166 itaque
1981 3097 2086 3150 hoc

2189 1903 2254 1956 δι’
2287 1904 2590 1976 ὑπερϐολὴν
2621 1903 3030 1974 φιλανθρωπίας
3064 1905 3272 1966 πάντας
3305 1903 3626 1974 βουλόμενος
3671 1923 3786 1958 σω-

2191 1997 2494 2066 θῆναι.Καὶ
2517 1997 2676 2060 αὐτὸς
2707 1997 2762 2050 δὲ
2793 1997 2822 2048 ὁ
2851 1996 3030 2058 Δαυῖδ,
3061 1995 3420 2068 προσδιελθὼν
3447 1995 3544 2066 τὴν
3575 1995 3784 2052 ἑαυτοῦ

2191 2087 2596 2159 ἐξομολόγησιν,
2633 2089 2816 2150 αἰσίας
2850 2105 2908 2139 τε
2939 2087 3286 2156 ἀποκρίσεως
3311 2087 3404 2138 καὶ
3435 2087 3786 2156 ἐπαγγελίας

2191 2178 2564 2242 καταξιωθεὶς,
2585 2178 2640 2244 ἐξ
2661 2177 2894 2250 ὑπερϐα)
2905 2177 2994 2229 λού
3007 2195 3101 2248 της
3123 2179 3294 2249 χαρᾶς
3317 2179 3410 2230 καὶ
3431 2180 3540 2240 τοῖς
3561 2178 3786 2244 λοιποῖς

2191 2271 2500 2343 ἀνθρώποις
2533 2270 2782 2342 προξενεῖ
2819 2269 2886 2322 τά
2923 2269 3020 2338 τῆς
3059 2269 3345 2338 ὠφελείας.
3377 2271 3786 2339 Εὐφράνθητε

2190 2361 2286 2416 ἐπὶ
2325 2363 2544 2428 Κύριον
2574 2360 2672 2413 καὶ
2715 2357 3111 2428 ἀγαλλιᾶσθε,
3153 2358 3384 2420 δίκαιοι,
3417 2359 3514 2410 καὶ
3544 2357 3784 2426 καυχᾶ-

2191 2455 2301 2507 σθε
2334 2451 2556 2516 πάντες
2589 2453 2641 2504 οι
2675 2449 2868 2516 εὐθεῖς
2907 2448 2982 2517 τῇ
3017 2449 3250 2518 καρδίᾳ.
3298 2449 3508 2519 Ὥσπερ
3531 2447 3613 2518 τῷ
3652 2450 3782 2520 ἀρι-

2193 2543 2366 2617 στερῷ
2397 2545 2636 2613 τάγματι
2659 2543 2768 2596 τῶν
2801 2540 3140 2614 ἁμαρτωλῶν
3159 2540 3228 2594 τὰ
3257 2540 3566 2610 κατάλληλα
3593 2541 3782 2611 παρῄ-

2190 2654 2364 2700 νεσεν,
2389 2637 2578 2690 ἑαυτὸν
2612 2637 2914 2704 ὑπόδειγμα
2937 2633 3230 2704 παρασχὼν
3263 2635 3372 2696 τοῖς
3393 2632 3452 2697 ἐξ
3483 2633 3782 2702 ἁμαρτιῶν

2191 2730 2608 2800 ἐπιστρέφουσιν
2627 2746 2640 2758 ·
2671 2729 2811 2781 οὕτω
2846 2728 2941 2781 καὶ
2975 2730 3088 2790 τοῖς
3115 2727 3344 2789 δικαίοις
3364 2727 3433 2778 τά
3466 2727 3648 2778 οἰκεῖα
3675 2725 3780 2778 καὶ

2191 2823 2370 2886 αὐτοῖς
2407 2821 2640 2891 ἁρμόδια
2661 2819 3068 2888 εὐαγγελίζεται
3101 2821 3186 2874 διά
3223 2820 3332 2873 τῶν
3367 2820 3776 2892 προκειμένων,

2191 2913 2470 2984 παραινῶν
2503 2913 2685 2976 αὐτοῖς
2734 2913 2824 2964 ἐπὶ
2861 2912 3046 2982 μηδενὶ
3083 2911 3180 2984 μὲν
3213 2913 3320 2966 τῶν
3353 2911 3636 2984 κοσμικῶν
3683 2911 3779 2964 εὗ-

2191 3005 2534 3076 φραίνεσθαι,
2581 3007 2672 3058 ἐπὶ
2713 3006 2768 3058 δὲ
2811 3005 2900 3057 τὸν
2935 3005 3134 3076 Κύριον
3197 3005 3336 3076 μέγα
3375 3005 3622 3076 φρονεῖν,
3674 3001 3778 3056 καὶ

2193 3100 2276 3152 ἐπ’
2307 3096 2454 3168 αὐτῷ
2478 3097 2622 3168 μόνῳ
2645 3096 3049 3169 εὐφραίνεσθαι,
3071 3099 3280 3170 χαίρειν
3301 3115 3358 3150 τε
3383 3098 3478 3151 καὶ
3505 3095 3777 3165 ἀγαλλιᾷν

507 3195 630 3250 loco
660 3195 830 3250 tutius
853 3193 1126 3249 sermonis
1170 3191 1328 3244 linem
1363 3189 1490 3244 facit
1525 3189 1611 3244 liis
1644 3189 1846 3252 verbis,
1882 3186 1950 3240 Et
1971 3187 2082 3258 glo-

2191 3191 2278 3244 ὲπὶ
2327 3191 2405 3262 τῷ
2437 3190 2676 3261 τοσούτῳ
2719 3189 2926 3260 ἀγαθῷ.
2969 3189 3130 3242 Ἀλλὰ
3173 3192 3266 3244 καὶ
3317 3193 3350 3244 ό
3385 3187 3776 3256 καυχώμενος

507 3287 726 3341 riamini
754 3287 808 3340 in
841 3286 956 3350 illo,
1001 3301 1176 3338 omnes
1227 3285 1354 3336 recti
1388 3281 1542 3336 corde
1568 3297 1586 3334 :
1617 3295 1791 3349 neque
1822 3279 1889 3334 de
1929 3281 2083 3340 vobis

507 3379 644 3448 ipsis
673 3377 959 3448 magnifice
988 3375 1260 3434 sentiatis.
1295 3375 1392 3430 sed
1449 3373 1516 3428 de
1571 3373 1692 3442 ipso
1727 3370 1956 3426 Domino
1989 3371 2083 3441 qui

507 3470 664 3526 vobis
691 3469 914 3526 virtutis
945 3469 1124 3524 omnis
1155 3475 1348 3522 auctor
1387 3465 1507 3520 fuit.

2187 3283 2257 3336 ἐν
2281 3283 2474 3351 Κυρίῳ
2507 3282 2848 3351 καυχάσθω,
2867 3283 3007 3336 κατά
3033 3282 3124 3335 τὸν
3165 3281 3498 3335 ’Λπόστολον.
3529 3281 3776 3342 Εἰκότως

2189 3369 2280 3426 οὖν
2312 3375 2406 3426 καὶ
2445 3373 2676 3426 ἐνταῦθα
2715 3373 2773 3426 τὸ
2809 3374 3180 3446 συμπέρασμα
3225 3371 3319 3426 τοῦ
3369 3371 3563 3434 παντὸς
3605 3371 3776 3439 λόγου

2189 3461 2642 3535 ὲπισφραγίζεται
2671 3464 2860 3531 λέγων·
2879 3463 2983 3518 Καὶ
3009 3461 3314 3534 καυχᾶσθε
3333 3463 3403 3516 ἐν
3420 3461 3597 3528 αὐτῷ,
3617 3461 3782 3516 πάνυ

505 3579 602 3629 τες
627 3565 684 3616 οἱ
709 3561 901 3628 εὐθεῖς
931 3560 1006 3632 τῇ
1041 3560 1287 3630 καρδίᾳ·
1330 3559 1404 3632 μὴ
1438 3559 1547 3633 γὰρ
1580 3561 1664 3630 ἐφ’
1701 3559 1911 3621 ἑαυτοῖς
1946 3557 2086 3630 μέγα
2125 3561 2362 3632 φρονεῖν,
2395 3556 2510 3612 ἀλλ’
2537 3559 2622 3609 ἐπ’
2653 3556 2800 3630 αὐτῴ
2826 3557 2904 3628 τῷ
2947 3558 3126 3626 πάσης
3156 3558 3282 3628 ὑμῖν
3345 3556 3546 3628 ἀρετῆς
3609 3554 3778 3628 αἰτίῳ

505 3653 782 3732 γενομένῳ
805 3655 884 3708 Κυ
894 3654 1014 3725 ρίῳ.

873 3769 1196 3828 PSALMUS
1234 3769 1443 3825 DAVID
1481 3769 1698 3824 XXXII.

578 3865 888 3922 Secundum
917 3864 1236 3920 llcbraicam
1268 3864 1558 3918 lectionem
1583 3871 1633 3916 et
1668 3861 1964 3917 secundum
1991 3875 2080 3914 re-

505 3958 686 4028 liquos
729 3959 1053 4030 interpretes
1103 3957 1462 4028 inscriptione
1507 3963 1656 4011 caret
1689 3955 1776 4010 hic
1815 3955 2077 4026 psalmus,

507 4049 846 4118 multamque
887 4063 1011 4102 cum
1049 4045 1375 4118 praecedenti
1431 4045 1845 4101 consonantiam
1898 4045 2078 4098 habet.

507 4137 646 4196 Cum
675 4139 819 4202 enim
867 4137 920 4192 in
955 4137 1058 4192 fine
1111 4137 1256 4194 illius
1289 4139 1538 4202 dixisset,
1565 4135 1847 4192 ιιιίιιηιὶιιί
1881 4137 1935 4188 in
1979 4133 2085 4186 Du-

507 4231 673 4294 mino,
695 4239 745 4284 et
763 4229 1202 4304 exsultate,jnsti,
1229 4229 1296 4284 ab
1326 4229 1516 4284 iisdem
1544 4227 1712 4284 ferme
1737 4229 1920 4284 verbis
1947 4241 2082 4296 pra:-

510 4331 722 4386 sentem
764 4323 998 4388 orditur,
1029 4321 1195 4379 Vnus.
1229 4324 1252 4377 1
1291 4343 1303 4378 :
1344 4321 1644 4386 Exsultate,
1670 4323 1829 4393 justi.
1873 4323 1928 4374 in
1976 4319 2084 4374 Do-

511 4417 677 4476 mino.
713 4398 1046 4486 Videturque
1073 4415 1205 4469 mihi
1236 4397 1296 4470 ea
1329 4431 1452 4486 quae
1483 4415 1535 4469 in
1561 4415 1815 4485 prmsenti
1847 4413 2082 4482 prophe-

2562 3761 2856 3816 ΨᾹΛΜΟΣ
2893 3761 2982 3814 ΤΩ
3023 3760 3222 3812 ΔΑΥΙΔ
3260 3759 3382 3814 AB'.

2255 3855 2414 3910 Κατὰ
2469 3854 2566 3926 τὴν
2619 3853 2913 3926 Ἑϐραϊκὴν
2963 3853 3268 3920 ἀνάγνωσιν
3311 3851 3406 3904 καὶ
3444 3850 3586 3906 κατά
3639 3853 3774 3918 τοὺς

2186 3949 2406 4011 λοιποὺς
2441 3945 2780 4018 έρμηνευτάς
2835 3945 3205 4015 ἀνεπίγραφος
3254 3945 3400 3998 ἐστιν
3447 3947 3476 3998 ὀ
3517 3943 3774 4017 ψαλμός·

2189 4041 2391 4114 πολλὴν
2447 4040 2504 4091 δὲ
2545 4038 2704 4101 σώζει
2771 4037 3092 4092 ἀκολουθίαν
3134 4037 3270 4108 πρὸς
3299 4037 3390 4090 τὸν
3433 4038 3538 4108 πρὸ
3571 4037 3770 4094 αὑτοῦ.

2187 4132 2474 4204 Προειπὼν
2506 4133 2614 4202 γὰρ
2643 4131 2782 4184 κατά
2816 4130 2876 4183 τὸ
2919 4130 3070 4193 τέλος
3100 4130 3305 4184 ἐκείνου
3331 4147 3344 4161 ·
3375 4133 3776 4200 Εὐφράνθητε

2187 4227 2287 4280 ἐπὶ
2329 4227 2544 4292 Κύριον
2591 4223 2691 4277 καὶ
2740 4222 3143 4292 ἀγαλλιᾶσθε,
3177 4221 3430 4278 δίκαιοι.
3482 4223 3772 4292 μονονουχὶ

2187 4318 2357 4387 αὐτῆς
2393 4315 2590 4388 ἤρξατο
2621 4315 2717 4384 τῆς
2755 4314 2950 4380 λέξεως
2995 4313 3088 4366 τοῦ
3139 4314 3518 4392 προκειμένου,
3546 4315 3766 4384 φήσαςο

2201 4407 2603 4478 Ἄταλνιιᾶσθε,
2655 4405 2890 4470 δίκαιοι,
2934 4405 3005 4460 ἐν
3055 4407 3268 4474 Κυρίῳ.
3315 4405 3425 4458 Καί
3479 4423 3566 4476 μοι
3615 4405 3774 4460 δοκεῖ

507 4505 615 4562 tice
646 4505 924 4571 dicuntur,
957 4507 1021 4564 ad
1071 4520 1363 4577 personam
1410 4521 1601 4561 eorum
1653 4505 1745 4574 qui
1795 4520 1850 4557 in
1881 4516 2082 4571 praece-

2191 4499 2540 4574 προφητικῶς
2585 4497 2652 4554 τὰ
2693 4497 2958 4568 λεγόμενα
2991 4497 3080 4551 διά
3110 4497 3217 4550 τῶν
3257 4497 3632 4569 προκειμένων
3685 4499 3768 4560 είς

507 4598 655 4654 denti
689 4599 900 4670 psalmo
947 4599 1262 4654 indicantur
1295 4597 1522 4661 referri,
1575 4597 1877 4652 secundum
1913 4593 2079 4648 illud:

505 4687 660 4750 Beati
701 4709 922 4762 quorum
956 4693 1190 4746 remissm
1224 4699 1345 4746 sunt
1391 4689 1718 4760 iniquitates,
1765 4695 1813 4740 et
1861 4701 2080 4755 quorum

508 4789 644 4848 tecta
672 4793 792 4836 sunt
816 4791 1048 4852 peccata.
1087 4781 1222 4836 Nam
1266 4781 1329 4836 ad
1386 4795 1481 4834 eos
1515 4779 1606 4848 qui
1655 4793 1750 4848 per
1782 4777 2080 4830 salutarem

506 4874 742 4948 gratiam
783 4875 1162 4930 remissionem
1211 4881 1564 4944 peccatorum
1598 4869 1878 4924 consecuti
1927 4877 2076 4938 sunt,

505 4965 562 5020 id
599 4965 888 5020 vociferari
923 4965 1158 5033 videtur,
1201 4965 1500 5032 Exsultate,
1541 4962 1701 5032 justi,
1727 4963 1778 5014 in
1831 4961 2076 5019 Domino.

503 5053 628 5120 Non
675 5057 1108 5128 vobismelipsis,
1161 5073 1269 5112 non
1321 5057 1576 5125 cuiquam
1611 5055 1952 5109 saecularium
1989 5071 2082 5111 re-

507 5163 652 5213 rum,
695 5147 792 5208 sed
825 5147 1059 5208 Domino
1089 5149 1305 5211 confisi,
1351 5148 1406 5200 in
1442 5147 1560 5216 ipso
1592 5145 1908 5217 dignitatem
1939 5163 2080 5218 prte-

507 5241 765 5306 ferentes,
799 5241 852 5298 in
891 5244 1010 5315 ipso
1041 5243 1361 5314 gloriantes,
1391 5239 1663 5294 exsultate
1693 5257 1809 5304 vos,
1851 5257 1884 5296 o
1915 5243 2080 5308 beati,

505 5347 740 5406 quorum
771 5335 1013 5392 remissa:
1045 5341 1174 5388 sunt
1208 5325 1636 5400 iniquitates,'et
1675 5349 1902 5404 quorum
1935 5342 2077 5390 tecta

507 5435 638 5484 sunt
665 5439 905 5498 peccata.
959 5429 1143 5488 Rectos
1191 5431 1391 5498 quippe
1429 5444 1642 5494 omnes,
1693 5426 1891 5497 inquit,
1937 5427 2078 5480 decet

507 5515 606 5578 Dei
649 5519 1009 5584 collaudatio;
1047 5520 1345 5575 secundum
1401 5519 1652 5592 Aquilam
1709 5537 1874 5584 vero,
1909 5519 2080 5574 Rectis

507 5611 727 5680 pulchra
755 5621 832 5667 est
860 5612 1114 5666 cantatio.
1143 5609 1281 5678 Quia
1307 5611 1452 5668 enim
1479 5627 1587 5668 non
1618 5613 1900 5684 speciosus
1929 5612 2084 5686 hymo

589 5765 630 5800 ⁸⁸
658 5765 804 5830 Psal.
843 5781 1059 5832 xxxiii,
1097 5765 1178 5822 16.
1260 5765 1436 5824 'lCor.
1475 5783 1526 5836 ι,
1561 5768 1648 5824 5i.

2189 4596 2478 4668 πρόσωπον
2538 4592 2958 4664 ἀναπέμπεσθαι
3003 4592 3112 4645 τῶν
3161 4593 3220 4644 ὲν
3271 4591 3348 4662 τῷ
3411 4591 3516 4656 πρὸ
3571 4590 3764 4644 τούτου

2187 4685 2384 4756 ψαλμῷ
2411 4683 2777 4756 δηλωθέντων,
2815 4681 2954 4735 κατά
2985 4681 3064 4746 τὸ,
3101 4681 3387 4749 Μακάριοι
3426 4675 3512 4734 ὧν
3541 4679 3770 4748 εἰρέθη-

2187 4795 2308 4834 σαν
2336 4781 2394 4832 αὶ
2423 4777 2678 4845 ἀνομίαι,
2714 4775 2810 4828 καὶ
2839 4769 2925 4827 ὧν
2955 4775 3466 4842 ἐπεκαλύφθησαν
3493 4773 3552 4823 αὶ
3581 4769 3768 4838 ἀμαρέ

2185 4874 2324 4926 τίαι.
2365 4873 2452 4934 Ὠς
2490 4870 2596 4941 γὰρ
2629 4870 2764 4939 πρὸς
2805 4867 3044 4930 ἐκείνους
3078 4867 3200 4928 τοὺς
3251 4863 3614 4934 τετυχηκότας
3665 4863 3764 4940 τῆς

2186 4964 2431 5033 ἀφέσεως
2457 4961 2564 5014 τῶν
2607 4959 3021 5031 ἁμαρτημάτων
3055 4957 3142 5010 διὰ
3175 4957 3274 5026 τῆς
3305 4954 3569 5028 σωτηρίου
3603 4953 3764 5026 χάρι-

2185 5073 2276 5120 τος
2308 5057 2666 5123 ἀναφωνεῖται
2699 5052 2780 5114 τὸ,
2827 5047 3238 5119 ’Λγιινίλιᾶο-θε,
3273 5047 3512 5108 δίκαιοι,
3549 5046 3619 5098 ἐν
3643 5049 3766 5100 Κυ-

2179 5151 2310 5219 ρίῳ.
2347 5148 2436 5218 Μὴ
2467 5147 2575 5218 γὰρ
2614 5147 2696 5214 ἐφ’
2744 5142 3012 5214 ἑαυτοῖςῆ
3063 5141 3154 5194 ὲπί
3195 5158 3249 5194 τι
3291 5139 3397 5194 τῶν
3448 5137 3762 5210 κοσμικῶν,

2187 5243 2301 5298 ἀλλ’
2336 5241 2425 5293 ἐπὶ
2455 5239 2532 5310 τῷ
2565 5239 2750 5309 Κυρίῳ
2780 5235 3126 5298 πεποιθότες,
3155 5235 3246 5286 καὶ
3267 5231 3352 5284 ἐπ’
3387 5229 3532 5300 αὐτῷ
3561 5245 3763 5299 σεμνυ-

2183 5335 2394 5405 νόμενοι
2421 5333 2511 5384 καὶ
2537 5333 2592 5383 ἐν
2615 5329 2762 5400 αὐτῷ
2785 5327 3147 5399 καυχώμενοι,
3170 5319 3498 5393 ἀγαλλιᾶσθε
3521 5321 3680 5391 ὑμεῖς
3709 5317 3762 5372 οἱ

2189 5426 2466 5500 μακάριοι,
2503 5417 2578 5477 ὧν
2615 5422 2890 5494 ἀφέθησαν
2941 5422 2995 5474 αἱ
3030 5419 3272 5489 ἀνομίαι,
3305 5417 3398 5472 καὶ
3438 5409 3513 5468 ὧν
3559 5416 3762 5466 ἐπεκαο

2185 5521 2462 5592 λύφθησαν
2497 5521 2552 5573 αἱ
2605 5519 2888 5591 ἁμαρτίαι.
2924 5517 3140 5585 Πρέπει
3183 5515 3321 5587 γὰρ,
3381 5510 3542 5582 φησὶ,
3593 5509 3760 5563 πᾶσιν

2187 5610 2312 5678 τοῖς
2332 5611 2620 5682 caesam}
2661 5614 2745 5678 εις
2771 5611 2878 5664 τὸν
2922 5608 3069 5663 Θεὸν
3095 5608 3348 5672 αῖνεσις.
3384 5600 3540 5658 Κατὰ
3581 5599 3638 5654 δὲ
3663 5598 3760 5654 τὸν
