4010 6534
205 352 299 408 281

1323 360 1826 421 COMMENTARIA
1864 368 1935 423 IN
1973 370 2312 429 PSALMOS.

3333 381 3442 437 282

216 467 464 532 Ἀκύλαν,
501 470 621 537 Τοῖς
668 472 912 527 είοθέσιν
948 473 1256 542 ὡραιοῦται
1300 477 1579 547 ῦμνησις.
1624 482 1745 536 Ἐπε

1847 541 1849 549 ,
1877 503 1980 541 nus
2008 498 2093 544 est
2122 489 2177 543 in
2201 505 2295 544 ore
2324 490 2647 560 peccatoris,
2687 491 2813 561 jure
2843 507 2957 555 eos,
2986 491 3078 562 qui
3097 508 3228 561 pura
3260 507 3439 547 mente

203 560 310 629 γάρ
342 560 437 630 οὐχ
469 561 668 632 ὡραῖος
711 563 877 634 ὖμνος
907 567 963 617 ὲν
997 566 1224 636 στόματι
1257 568 1603 641 ἀμαρτωλοῦ,
1633 574 1776 628 εἰκός

200 668 308 714 τως
339 657 449 716 τοῖς
473 654 718 726 καθαρὰς
751 656 986 721 διανοίας
1012 661 1105 711 καὶ
1134 660 1349 732 καθαρά
1380 663 1533 735 χείλη
1579 683 1775 739 κεκτη-

203 744 383 815 μένοις
413 746 733 819 εὐπρέπειὴ
768 749 861 803 τοῦ
890 750 1023 803 Θεοῦ
1058 751 1279 816 αῖνεσις.

285 838 773 910 Ἐξομολογεῖσθε
805 843 884 908 τῷ
928 846 1122 913 Κυρίῳ
1159 847 1228 899 ἐν
1256 846 1483 915 κιθάρᾳ,
1511 851 1580 903 ἐν
1609 855 1769 920 ψαλ-

197 932 376 999 τηρίῳ
402 932 737 1001 δεκαχόρδῳ
762 936 993 1003 ψάλατε
1020 937 1197 1003 αὐτῷ.
1234 941 1391 993 Κατά
1424 943 1643 1015 πρώτην
1674 947 1767 1000 τοῦ

196 1025 363 1094 νόμου
386 1027 681 1098 παράδοσιν
698 1030 1187 1101 γεγραμμένα.Καὶ
1208 1034 1235 1085 6
1254 1033 1351 1096 τὰς
1368 1033 1473 1086 ἔσω
1488 1034 1651 1088 δὲκαὶ
1673 1035 1769 1099 τὰς

195 1114 302 1179 ἔξω
319 1117 598 1187 αἰσθήσεις
618 1118 856 1189 καθαράς
873 1121 965 1173 καὶ
986 1122 1305 1191 ἀμέμπτους
1323 1122 1599 1190 φυλάττων
1616 1127 1672 1177 ἐν
1691 1126 1769 1177 δε-

196 1206 447 1277 καχόρδῳ
467 1208 637 1279 ψαλτη
646 1210 741 1278 ρίῳ
752 1209 939 1278 ψάλλει
958 1211 1033 1282 τῷ
1046 1212 1180 1283 Θεῴ-
1193 1215 1409 1282 ’ᾼσοτε
1432 1215 1588 1281 αὐτῷ
1603 1210 1768 1284 ᾆσμα

195 1299 423 1351 καινόν.
460 1300 531 1351 Τὸ
571 1301 665 1369 μὲν
711 1302 935 1355 παλαιόν
965 1299 1117 1373 ᾆσμα
1147 1305 1235 1357 διὰ
1267 1307 1499 1369 παλαιᾶς
1531 1308 1765 1379 κιθάρας

194 1390 289 1440 καὶ
310 1389 537 1445 παλαιοῦ
558 1392 875 1464 ψαλτηρίου,
901 1394 1006 1447 τῶν
1039 1396 1259 1467 ἀψύχων
1291 1400 1554 1469 ὀργάνων,
1577 1399 1763 1471 ὥσπερ

191 1478 280 1533 διὰ
304 1482 579 1551 συμϐόλων
608 1486 700 1537 καὶ
747 1487 968 1539 εἰκόνων
1002 1489 1369 1552 ἐσπουδάζετο
1408 1491 1485 1561 τῷ
1511 1494 1762 1563 προτέρῳ

190 1570 334 1642 λαῷ·
368 1574 427 1626 τὸ
469 1575 525 1627 δὲ
556 1577 737 1629 καινὸν
778 1575 928 1649 ᾆσμα
975 1581 1471 1653 μεγαλοφυέστερον
1509 1586 1606 1637 καὶ
1648 1584 1763 1637 θεο-

188 1665 556 1737 πρεπέστερον
588 1668 675 1721 διὰ
706 1669 938 1741 κιθάρας
972 1670 1171 1742 ζώσης,
1209 1676 1301 1725 καὶ
1322 1674 1409 1727 διὰ
1452 1674 1544 1727 τοῦ
1570 1676 1761 1729 ἀποδο-

186 1752 367 1819 Θέντος
393 1757 715 1829 δεκαχόρδου
757 1761 1056 1833 ψαλτηρίου
1089 1765 1469 1833 ἀναπέμπεται
1514 1766 1592 1835 τῷ
1620 1767 1753 1836 Θεῷ.

1875 587 1929 634 et
1963 596 2100 650 puro
2126 581 2291 637 corde
2327 590 2476 646 sunt,
2512 584 2666 639 decet
2696 583 2792 639 Dei
2823 584 3168 641 collaudatio.

1939 838 2110 895 Vsus.
2153 840 2208 906 2,
2259 842 2312 897 ’5.
2353 841 2687 911 Conﬁtenzini
2735 842 2961 898 Domino
3010 845 3063 897 in
3117 846 3339 917 cithara,
3379 846 3435 903 in

1867 932 2119 1001 psalterio
2146 933 2318 987 decem
2341 934 2655 989 chordarum
2680 938 2891 1004 psallite
2920 938 3016 989 illi.
3048 936 3433 1008 [Instrumenta

1868 1026 2096 1098 scilicet]
2131 1027 2429 1081 secundum
2468 1030 2694 1097 primam
2745 1030 2878 1098 legis
2914 1031 3253 1084 traditionem
3292 1032 3433 1088 scrio

1868 1125 1975 1187 pta.
2010 1118 2269 1189 Quisquis
2312 1136 2435 1173 cum
2485 1121 2794 1185 interiores,
2827 1132 2939 1175 tum
2972 1126 3269 1180 exterioms
3303 1141 3430 1181 sen-

1866 1225 1981 1275 sus,
2018 1226 2181 1279 puros
2226 1213 2643 1282 inculpatosque
2694 1223 2897 1277 servat,
2948 1216 3001 1268 in
3039 1217 3296 1284 psalterio
3337 1218 3430 1273 de.

1864 1313 1983 1354 cem
2033 1302 2357 1357 chordarum
2407 1306 2590 1374 psallit
2632 1304 2761 1359 Deo.
2810 1304 3035 1360 Caritate
3072 1310 3118 1361 ei
3167 1310 3428 1362 canticum

1862 1405 2072 1446 novum.
2104 1392 2390 1447 Canticum
2433 1402 2589 1449 vetus
2615 1397 2836 1466 antiqua
2869 1399 3077 1451 cithara
3120 1407 3173 1453 et
3205 1402 3427 1471 antiquo

1862 1483 2120 1552 psalterio
2143 1493 2419 1550 cantatur,
2442 1487 2823 1565 instrumentis
2851 1490 3061 1544 scilicet
3089 1492 3424 1558 inaniiuatis,

1861 1576 2019 1645 quasi
2052 1578 2313 1647 Symbolis
2337 1587 2391 1633 et
2432 1580 2758 1649 imaginibus
2790 1584 2989 1652 quibus
3028 1584 3179 1653 prior
3208 1585 3295 1638 ille
3328 1600 3427 1654 po-

1860 1668 2021 1735 pulus
2048 1668 2319 1724 studebat.
2353 1670 2422 1723 At
2452 1686 2649 1725 novum
2680 1675 2953 1727 canticum
2986 1675 3424 1745 magniﬁcentius

1861 1774 1922 1811 ac
1954 1758 2061 1813 Deo
2096 1760 2333 1830 dignius,
2376 1762 2585 1817 cithara
2629 1767 2841 1821 vivente
2872 1783 2934 1821 ac
2984 1779 3287 1823 memorato
3330 1769 3425 1824 illo

180 1846 395 1913 Καλῶς
434 1848 661 1916 desistam
689 1853 757 1903 ἐν
788 1853 1137 1922 ἀλαλαῃαῷ.
1182 1852 1349 1918 Οὗτος
1391 1859 1419 1908 6
1448 1856 1745 1926 ἀλαλαγμός

1860 1850 2200 1904 decacbordo
2232 1849 2513 1921 psalterio,
2564 1854 2673 1909 Deo
2711 1858 2993 1911 emittitur.
3034 1858 3169 1912 Bene
3212 1860 3425 1926 psallite

178 1939 295 1990 ἐστι
331 1941 622 2008 μυστικός·
653 1942 731 1994 διὸ
770 1943 985 2013 εἴρηταί
1029 1962 1165 1997 που·
1200 1947 1499 2014 Μακάριος
1540 1951 1572 2000 ό
1610 1949 1758 2015 λαὸς

179 2030 213 2079 d
240 2028 549 2095 γινώσκων
595 2034 967 2103 ἀλαλαγμόν.
1008 2038 1166 2092 Ἀλλὰ
1199 2041 1292 2093 καὶ
1333 2042 1453 2094 ἀντὶ
1498 2042 1631 2111 βοῶν
1666 2044 1757 2097 καὶ

185 2118 423 2188 μόσχων,
467 2124 561 2175 καὶ
624 2124 728 2177 τῶν
779 2125 845 2179 δι’
880 2129 1108 2197 αἵματος
1141 2131 1359 2195 θυσιῶν,
1395 2133 1583 2196 θυσίας
1628 2134 1757 2188 ἀλα-

216 2211 396 2280 αγμοῦ
439 2214 861 2269 κατατεθυκέναι
907 2219 1070 2289 φησὶν
1103 2223 1131 2273 ὁ
1165 2220 1363 2274 είπών·
1406 2224 1755 2277 Ἐκύκλωσα

177 2301 279 2352 καὶ
319 2302 507 2357 ἔθυσα
553 2305 622 2359 ἐν
642 2305 715 2374 τῇ
758 2308 961 2377 σκηνῇ
1001 2312 1187 2365 αὐτοῦ
1222 2314 1441 2366 θυσίαν
1491 2315 1753 2385 ἀλαλαγ-

168 2409 311 2461 μου.

252 2484 379 2537 Ὅτι
412 2486 592 2553 εὐθὺς
622 2491 654 2541 d
685 2490 865 2558 λόγος
892 2492 996 2545 τοῦ
1035 2495 1276 2561 Κυρίου,
1313 2497 1407 2550 καὶ
1442 2496 1636 2551 πάντα
1678 2499 1752 2553 τὰ

169 2574 315 2643 ἔργα
347 2578 532 2631 αὑτοῦ
568 2579 639 2631 ἐν
675 2581 895 2634 πίστει.
948 2584 1163 2652 Ἀγαπᾷ
1194 2587 1617 2657 ἐλεημοσύνην
1649 2592 1747 2643 καὶ

169 2666 375 2730 κρίσιν
394 2684 406 2695 ·
436 2667 541 2720 τοῦ
565 2669 775 2736 ἐλέους
804 2674 1022 2739 Κυρίου
1056 2676 1297 2745 πλήρης
1327 2681 1364 2747 η
1394 2679 1489 2748 γῆ.
1512 2684 1607 2736 νΤά
1652 2685 1748 2754 μὲν

166 2756 271 2825 τῆς
320 2757 426 2810 τῶν
462 2758 630 2813 ὄντων
673 2764 1029 2835 καταλήψεως
1072 2767 1160 2820 διὰ
1200 2770 1435 2835 πίστεως
1477 2775 1606 2844 ἡμῖν
1639 2795 1746 2845 χω-

170 2850 354 2920 ρείτω,
390 2852 457 2904 τὰ
495 2853 549 2906 δὲ
606 2854 696 2907 τοῦ
740 2860 1043 2928 πρακτικοῦ
1081 2860 1196 2930 βίου
1242 2863 1332 2916 διὰ
1383 2865 1747 2937 ὲλεημοσύνης

168 2943 265 2995 καὶ
299 2944 550 3014 κρίσεως.
580 2949 765 3002 Ταῦτα
791 2952 900 3023 γὰρ
932 2953 1122 3025 ἀγαπᾷ
1149 2957 1177 3006 6
1216 2956 1377 3020 εὐθὺς
1412 2958 1503 3010 τοῦ
1542 2961 1745 3029 Κυρίου

164 3030 324 3100 λόγος
353 3051 365 3064 '
398 3035 490 3089 ἅτε
540 3043 818 3110 κριτικοὺς
856 3046 1005 3115 ἡμᾶς
1052 3049 1463 3113 κατασκευάσας
1493 3052 1584 3103 καὶ
1632 3052 1747 3105 δια-

165 3128 447 3193 κριτικοὺς
474 3129 568 3182 τοῦ
599 3148 657 3183 τε
686 3134 850 3186 καλοῦ
904 3138 999 3190 καὶ
1027 3138 1120 3191 τοῦ
1168 3140 1434 3193 ἐναντίου.
1482 3142 1571 3195 Διὸ
1624 3144 1745 3213 βού-

1858 1942 1910 1993 in
1953 1942 2292 2008 jubilatione.
2354 1943 2478 1999 Haec
2518 1947 2773 2013 jubilatio
2820 1952 3049 2020 mystica
3095 1958 3179 2006 est
3212 1971 3223 2005 :
3253 1967 3424 2021 quare

1856 2034 2060 2088 dictum
2095 2037 2292 2091 alicubi
2326 2038 2463 2093 fuit:
2500 2039 2691 2093 Beatus
2721 2042 2943 2109 populus
2977 2043 3064 2111 qui
3097 2046 3193 2096 scit
3227 2043 3423 2106 iubila-

1857 2125 2109 2182 tionem'.
2147 2125 2259 2181 lmo
2300 2144 2429 2183 vero
2468 2130 2654 2193 boum,
2698 2133 3015 2195 vitulorum,
3042 2141 3421 2187 cruentorum-

1854 2230 1959 2284 que
1996 2218 2391 2272 sacriﬁciorum
2421 2221 2562 2285 loco,
2590 2222 2824 2274 hostiam
2852 2223 3197 2292 jubilationis
3226 2224 3420 2278 immo-

1852 2309 1995 2364 lasse
2032 2311 2107 2364 ait
2156 2312 2246 2366 ille
2273 2332 2285 2367 ε
2311 2312 2541 2369 Circuivi
2582 2324 2631 2368 et
2678 2316 2947 2370 immolavi
2981 2318 3033 2371 in
3079 2319 3417 2374 tabernaculo

1848 2398 1963 2467 ejus
1997 2399 2222 2461 hostiam
2245 2401 2581 2470 jubilationis
2601 2404 2641 2459 ³.

1921 2488 2087 2547 Vsus.
2116 2493 2169 2555 4,
2212 2493 2265 2547 5.
2310 2492 2447 2558 Quia
2477 2506 2673 2549 rectam
2722 2508 2801 2551 est
2842 2499 3050 2552 verbum
3085 2500 3319 2565 Domini,
3365 2508 3421 2558 et

1850 2582 2026 2633 omnia
2069 2598 2226 2650 opera
2255 2583 2367 2651 ejus
2407 2585 2458 2636 in
2498 2584 2620 2653 ﬁde.
2674 2586 2859 2657 Diligit
2908 2590 3327 2643 misericordiam
3366 2601 3417 2645 et

1840 2670 2103 2737 judicium
2129 2688 2148 2725 :
2182 2673 2545 2728 misericordia
2568 2675 2782 2729 Domini
2807 2678 2963 2743 plena
2990 2689 3064 2732 est
3099 2690 3257 2733 terra.
3288 2682 3418 2747 Quae

1848 2764 2234 2832 cogitationem
2264 2780 2327 2818 ac
2355 2770 2898 2837 comprehensionem
2927 2787 3108 2823 rerum
3144 2780 3415 2839 spectant,

1848 2870 1943 2923 per
1972 2855 2127 2910 ﬁdem
2172 2858 2332 2912 nobis
2366 2859 2684 2927 tradantur;
2738 2877 2860 2927 qua:
2902 2870 3081 2917 autem
3119 2864 3416 2932 practicam

1845 2950 2033 3012 vitam,
2078 2964 2176 3017 per
2222 2950 2655 3005 misericordiam
2700 2954 3069 3022 etjudicium.
3103 2954 3228 3009 Haec
3271 2956 3415 3010 enim

1846 3038 2022 3109 diligit
2068 3047 2275 3093 rectum
2320 3042 2453 3096 illud
2487 3044 2712 3096 verbum
2738 3042 2983 3108 Domini,
3035 3053 3219 3115 utpote
3268 3046 3416 3116 quod

1844 3132 2003 3186 nobis
2054 3133 2458 3188 internosceudi
2491 3136 2600 3188 vim
2641 3136 2918 3202 indiderit,
2954 3153 3018 3191 ac
3067 3139 3415 3199 discernendi

161 3215 313 3269 λεται
346 3220 493 3289 ἡμᾶς
541 3224 705 3294 μηδὲν
740 3227 981 3298 ἀκρίτως
1027 3231 1307 3302 πράττειν,
1352 3234 1486 3303 μηδὲ
1534 3235 1741 3304 ἀλόγως

1847 3222 1985 3277 inter
2008 3223 2209 3277 bonum
2241 3232 2295 3278 et
2325 3228 2634 3295 oppositum
2677 3228 2844 3283 illius.
2885 3228 3251 3294 Quamobrem
3301 3232 3416 3288 vult

161 3309 426 3379 φέρεσθαι
472 3317 589 3378 ταῖς
631 3316 687 3383 ἐξ
730 3319 908 3372 αὐτῶν
949 3324 1174 3393 ὁρμαῖς,
1226 3326 1565 3395 κεκριμένως
1614 3330 1741 3399 περὶ

159 3400 273 3452 τῶν
308 3406 592 3473 πρακτέων
644 3408 1033 3477 βουλεύεσθαι,
1090 3415 1184 3468 καὶ
1221 3418 1356 3485 πρός
1410 3434 1473 3485 γε
1524 3418 1741 3473 πάντων

154 3490 547 3562 ἐλεημονικοὺς
605 3494 781 3563 εἶναι,
837 3506 1275 3574 συγνωμονικοὺς
1326 3506 1381 3558 δὲ
1435 3508 1571 3577 πρὸς
1616 3510 1741 3572 τοὺς

157 3583 575 3654 ἁμαρτάνοντας
603 3593 975 3661 γιγνομένους,
1007 3596 1308 3665 συμπαθεῖς
1346 3597 1401 3649 δὲ
1432 3597 1524 3649 καὶ
1556 3598 1741 3666 φιλαν-

153 3676 415 3747 Θρώπους
450 3681 584 3751 πρὸς
613 3683 738 3745 τοὺς
764 3684 913 3738 ἐλέου
942 3688 1249 3760 δεομένους.

244 3768 328 3832 Τῷ
354 3772 512 3841 λόγῳ
535 3774 641 3826 τοῦ
672 3778 896 3844 Κιιοίου
923 3783 974 3831 οἱ
1003 3780 1243 3847 οὐρανοὶ
1271 3781 1737 3848 ἐστερεώθησαν,

150 3865 259 3916 καὶ
288 3864 367 3930 τῷ
395 3869 684 3937 πνεύματι
712 3871 817 3923 τοῦ
844 3874 1141 3940 στόματος
1163 3872 1348 3925 αὑτοῦ
1375 3870 1543 3925 πᾶσα
1575 3875 1611 3941 ὴ
1635 3872 1738 3924 δύ-

148 3971 335 4023 ναμις
391 3958 608 4012 αὐτῶν.
659 3960 749 4031 Τῷ
803 3958 896 4015 οὖν
955 3961 1130 4033 llath
1171 3964 1321 4015 πᾶσα
1366 3964 1399 4032 ἡ
1433 3962 1657 4034 δύναμις
1703 3965 1736 4033 ἡ

149 4048 551 4118 ὑπερουράνιος
603 4051 940 4123 ὲστερεώθη·
987 4053 1232 4106 τουτέστι
1278 4052 1340 4104 τὸ
1386 4050 1600 4105 εὔτονον
1646 4054 1739 4105 καὶ

152 4139 377 4209 βέϐαιον
410 4143 503 4195 καὶ
534 4144 724 4213 πάγιον
753 4146 809 4197 ὲν
837 4143 1115 4215 ἁγιασμῷ,
1150 4146 1243 4197 καὶ
1279 4146 1428 4218 πάσῃ
1454 4146 1737 4219 πρεπούσῃ

146 4242 277 4301 ταῖς
312 4239 480 4308 ἱεραῖς
518 4235 806 4305 δυνάμεσιν
835 4237 1025 4307 ἀρετῇ,
1072 4238 1137 4289 ἐκ
1169 4236 1269 4305 τῆς
1294 4236 1384 4289 τοῦ
1426 4236 1737 4307 Πνεῦματος

150 4329 477 4400 ἐπικουρίας
505 4328 736 4398 ἔχουσιν.
792 4327 1007 4380 Ἐνθάδε
1051 4328 1148 4398 μὲν
1181 4324 1273 4381 οὖν
1318 4330 1553 4398 πνεῦμα
1605 4332 1737 4383 στό-

141 4439 339 4493 ματος
368 4420 552 4474 αὐτοῦ
579 4420 1009 4489 ἀναγέγραπται.
1044 4420 1365 4491 Εὑρήσομεν
1403 4420 1458 4473 δὲ
1500 4421 1732 4491 ἀλλαχοῦ

147 4514 248 4566 καὶ
291 4513 447 4581 λόγον
496 4512 760 4583 στόματος
792 4511 956 4563 αὑτοῦ
1007 4511 1317 4581 εἰρημένον,
1376 4512 1461 4563 ἵνα
1502 4512 1666 4583 νοηθῇ
1704 4514 1731 4565 6

147 4604 344 4674 Σωτὴρ
382 4606 477 4657 καὶ
508 4604 569 4656 τὸ
615 4604 767 4671 ἆγιον
804 4602 967 4655 αὑτοῦ
1022 4602 1266 4671 Πνεῦμα.
1326 4603 1635 4672 Ἀμφότερα
1674 4604 1731 4657 δὲ

149 4700 495 4765 συνήργησεν
533 4695 589 4745 ὲν
637 4696 702 4763 τῇ
740 4692 911 4744 κτίσει
948 4690 1057 4743 τῶν
1095 4690 1341 4760 οὐρανῶν
1373 4692 1469 4743 καὶ
1514 4692 1622 4743 τῶν
1674 4694 1731 4745 ἐν

149 4787 337 4847 αὐτοῖς
364 4784 641 4854 δυνάμεων
662 4798 677 4813 ⁶
709 4782 799 4835 διὰ
830 4780 987 4835 τοῦτο
1028 4783 1243 4853 εἴρηται
1265 4798 1277 4809 ·
1321 4781 1403 4846 Τῷ
1428 4783 1586 4851 λόγῳ
1620 4786 1734 4837 Κυ-

142 4875 286 4943 ρίου
326 4876 380 4927 οὶ
408 4874 649 4941 οὐρανοὶ
687 4873 1164 4941 ἐστερεώθησαν,
1200 4872 1300 4925 καὶ
1330 4871 1410 4937 τῷ
1443 4874 1734 4941 πνεύματι

148 4965 258 5019 τοῦ
308 4967 603 5035 στόματος
652 4965 839 5019 αὐτοῦ
900 4965 1069 5019 πᾶσα
1124 4968 1163 5033 ἡ
1213 4964 1464 5035 δύναμις
1514 4962 1728 5018 αὐτῶν.

149 5058 315 5115 Οὐδὲν
343 5057 449 5130 γὰρ
475 5057 754 5125 ἁγιάζεται
794 5058 866 5127 μὴ
892 5060 956 5128 τῇ
988 5058 1256 5129 παρουσίᾳ
1280 5057 1370 5110 τοῦ
1391 5058 1721 5129 Πνεύματος.

163 5150 433 5218 Ἀγγέλων
460 5150 589 5219 γοῦν
633 5150 730 5220 τὴν
764 5150 861 5218 μὲν
896 5151 974 5211 είς
1000 5149 1061 5202 τὸ
1104 5145 1242 5203 εἶναι
1284 5149 1516 5220 πάροδον
1563 5149 1591 5200 6
1629 5151 1725 5221 ’δη-

154 5242 413 5315 μιουργὸς
437 5242 626 5310 Λόγος,
654 5245 681 5294 6
706 5241 933 5311 ποιητὴς
961 5241 1067 5296 τῶν
1090 5242 1249 5305 ὅλων,
1281 5241 1566 5313 παρείχετο
1584 5260 1597 5272 °
1634 5242 1724 5297 τὸν

149 5336 421 5404 ἀγιασμὸν
442 5334 496 5388 δὲ
518 5336 699 5399 αὐτοῖς
720 5334 777 5386 τὸ
807 5334 1029 5404 Πνεῦμα
1053 5335 1114 5387 τὸ
1147 5336 1299 5403 ἅγιον
1322 5336 1685 5407 συνεπέφερεν
1705 5353 1717 5366 ·

148 5429 211 5480 οὐ
239 5425 349 5496 γὰρ
376 5426 558 5495 νήπιοι
594 5424 902 5487 κτισθέντες
931 5425 979 5478 ol
1002 5424 1249 5492 ἄγγελοι.

220 5516 535 5584 Φοϐηθήτω
576 5517 684 5570 τὸν
729 5517 947 5584 Κύριον
964 5515 1131 5573 πᾶσα
1168 5518 1206 5583 ἡ
1260 5516 1357 5585 γῆ·
1392 5516 1493 5570 ἀπ’
1536 5516 1721 5571 αὑτοῦ

150 5610 216 5662 δὲ
243 5608 715 5676 σαλευθνήτωσαν
773 5608 997 5676 πάντες
1042 5612 1096 5663 οἱ
1154 5608 1575 5671 κατοικοῦντες
1607 5609 1721 5678 τὴν

222 5793 241 5841 1'.
283 5787 427 5845 Psal.
466 5802 743 5854 usum,
778 5786 865 5844 16.
944 5788 961 5817 ³
1002 5786 1146 5843 Psal.
1185 5801 1346 5851 xxvi,
1382 5783 1434 5841 6.

1844 3330 1944 3371 nos
1978 3316 2113 3369 nihil
2147 3318 2264 3371 sine
2288 3318 2499 3387 judicio
2544 3335 2723 3389 agere,
2756 3337 2935 3390 neque
2966 3322 3416 3380 irrationabiliter

1844 3406 2159 3477 impetuque
2186 3411 2407 3479 preprio
2444 3413 2594 3475 ferri,
2628 3413 2693 3467 de
2718 3414 2940 3482 agendis
2969 3414 3266 3484 prudenter
3284 3430 3416 3472 con—

1843 3501 2041 3567 sulere,
2087 3517 2150 3556 ac
2200 3519 2310 3573 pra:
2342 3505 2619 3567 omnibus,
2670 3506 3054 3563 misericordes
3093 3524 3235 3572 esse,
3280 3524 3412 3580 pec-

1842 3602 1963 3647 cata
1996 3595 2048 3647 in
2080 3610 2182 3648 nos
2215 3594 2456 3651 admissa
2490 3597 2650 3651 facile
2682 3600 3011 3661 condonare,
3038 3600 3325 3656 condolere
3348 3616 3413 3656 ac

1840 3686 2001 3741 mites
2031 3702 2153 3741 esse
2179 3704 2303 3757 erga
2336 3704 2436 3743 eos
2464 3689 2558 3757 qui
2588 3688 2960 3743 misericordia
3002 3700 3182 3760 egent.

1914 3775 2076 3830 Vens.
2110 3778 2161 3831 6.
2216 3778 2380 3831 Verbo
2405 3778 2618 3831 Domini
2661 3780 2778 3831 caeli
2808 3782 3013 3849 ﬁrmati
3046 3792 3189 3842 sunt,
3220 3791 3269 3835 et
3301 3784 3412 3852 spi-

1840 3869 1948 3921 ritu
1979 3870 2084 3921 oris
2107 3869 2219 3937 ejus
2243 3870 2411 3923 omnis
2438 3870 2600 3922 virtus
2624 3886 2825 3923 eorum.
2852 3872 2897 3923 A
2923 3870 3083 3926 Patre
3109 3873 3275 3941 igitur
3296 3890 3409 3929 om-

1840 3962 1927 4015 nis
1955 3961 2131 4015 virtus
2155 3960 2399 4015 caelestis
2436 3960 2652 4014 ﬁrmata
2695 3971 2799 4024 est.
2834 3964 2888 4017 id
2917 3972 3001 4019 est
3029 3964 3278 4030 ﬁrmitas,
3311 3982 3406 4022 so-

1838 4053 2044 4117 liditas,
2074 4054 2453 4124 stabilitasque
2485 4054 2542 4108 in
2576 4056 3008 4121 sanctiﬁcatione
3043 4072 3107 4113 ac
3132 4060 3279 4113 omni
3313 4074 3407 4116 sa-

1838 4144 1949 4198 cris
1996 4144 2358 4213 potestatibus
2404 4146 2751 4203 convenienti
2803 4149 3005 4204 virtute
3058 4165 3124 4205 ex
3167 4150 3406 4221 Spiritus

1838 4235 2044 4293 auxilio
2076 4235 2202 4290 data
2245 4244 2348 4291 est.
2383 4234 2483 4290 Hic
2516 4252 2682 4307 porro
2708 4239 2928 4307 spiritus
2974 4242 3080 4295 oris
3108 4243 3221 4310 ejus
3263 4243 3404 4298 scri-

1835 4333 1985 4397 ptum
2024 4332 2126 4380 est.
2168 4325 2312 4380 Alibi
2342 4342 2560 4397 quoque
2612 4331 2851 4396 reperire
2899 4338 2983 4384 est
3012 4331 3239 4385 verbum
3288 4332 3404 4387 oris

1836 4416 1973 4484 ejus,
2006 4423 2066 4469 ut
2112 4416 2198 4471 bis
2249 4417 2585 4488 intelligatur
2634 4418 2886 4474 Salvator
2928 4430 2981 4474 et
3030 4430 3255 4476 sanctus
3283 4422 3404 4491 ejus

1838 4505 2072 4575 Spiritus
2111 4516 2372 4577 :uterque
2413 4523 2577 4577 porro
2625 4508 2678 4561 in
2728 4508 3004 4562 creatione
3039 4509 3301 4563 cmlorum
3348 4516 3405 4562 et

1833 4608 2164 4668 potestatum
2194 4616 2383 4654 eorum
2410 4608 2737 4670 coeperatus
2765 4607 2866 4653 est.
2903 4598 3028 4652 ldeo
3064 4599 3267 4652 dictum
3295 4605 3401 4661 est,

1847 4690 2009 4744 Verbo
2044 4692 2255 4746 Domini
2293 4692 2409 4745 σιείὶ
2437 4693 2639 4762 ﬁrmati
2668 4701 2811 4753 sunt,
2851 4699 2899 4743 et
2936 4690 3129 4758 spiritu
3154 4690 3259 4742 oris
3288 4689 3401 4757 ejus

1834 4786 2001 4839 omnis
2032 4785 2197 4839 virtus
2229 4800 2431 4839 eorum.
2468 4782 2615 4835 Nihil
2650 4782 2797 4835 enim
2833 4781 2951 4835 sine
2987 4779 3223 4850 Spiritus
3261 4794 3403 4849 pra:-

1833 4879 2011 4931 sentia
2066 4876 2459 4931 sanctiﬁcatur.
2507 4875 2728 4944 Angelis
2770 4874 2937 4944 igitur
2986 4874 3276 4927 transitum
3329 4870 3396 4926 ad

1834 4970 2179 5025 existentiam
2220 4976 2437 5022 creator
2468 4966 2707 5021 Verbum
2734 4966 2983 5037 praebuit,
3016 4964 3393 5019 universorum

1829 5063 2011 5132 Opifex
2040 5081 2052 5115 :
2093 5058 2580 5116 sanctiﬁcationem
2613 5074 2740 5113 vero
2772 5057 2962 5113 eodem
3002 5063 3243 5126 tempore
3273 5051 3394 5125 Spi-

1830 5154 1970 5209 ritus
1998 5162 2222 5209 sanctus
2252 5151 2477 5220 indidit;
2508 5166 2618 5207 non
2649 5151 2792 5207 enim
2816 5148 3053 5205 infantes
3088 5147 3257 5205 creati
3295 5160 3394 5203 an-

1827 5248 1930 5321 geli
1967 5256 2113 5303 sunt.

1896 5514 2063 5571 Vsus.
2098 5515 2151 5578 8,
2183 5513 2235 5568 9.
2281 5514 2483 5567 Timeat
2507 5511 2787 5566 Dominum
2827 5508 2995 5561 omnis
3028 5518 3167 5557 terra
3194 5516 3213 5555 :
3241 5498 3305 5554 ab
3326 5512 3387 5551 co

1827 5618 2001 5664 autem
2028 5616 2449 5663 rummoreantur
2470 5621 2644 5658 omnes
2670 5600 3019 5656 inhabitantes
3051 5594 3245 5649 orbem.
3276 5589 3383 5646 Ad.
