4010 6594
605 366 713 423 883

1262 366 1530 423 EUSEBH
1569 366 2046 423 CESARIENSIS
2084 366 2233 425 OPP.
2274 368 2454 426 PARS
2489 369 2575 426 Ill.
2617 402 2686 412 —
2713 370 3119 429 EXEGETICA.

3735 379 3838 437 281

605 485 825 541 modum
851 495 1267 558 consequenter,
1296 496 1582 557 postquam
1610 502 1805 558 magna
1828 487 1922 542 Dei
1950 488 2126 558 Opiﬁci

2233 538 2240 549 ,
2264 490 2641 559 οἰκουμένην.
2674 490 2884 563 Σφόδρα
2907 491 2963 544 δὲ
2991 489 3300 555 ἀκολούθως
3330 491 3428 555 τὰς
3453 492 3546 546 τοῦ
3573 493 3715 549 Θεοῦ
3745 517 3835 568 με-

605 577 918 641 dcclaravit,
945 594 1007 634 ac
1037 586 1244 633 tantum
1270 594 1378 633 non
1400 579 1470 633 eb
1492 580 1680 634 oculos
1701 582 1902 651 posuit,
1928 589 2163 650 quantus

606 670 679 725 sit
708 670 796 725 ille
826 671 1015 724 talium
1060 686 1238 726 rerum
1287 672 1537 726 conditor
1588 672 1887 740 Dominus;
1937 689 2059 728 eum
2091 675 2161 727 ti-

604 776 753 816 mere
795 761 1066 830 praecepit.
1114 761 1522 832 Annuntiatquc
1553 780 1663 818 non
1697 765 1835 818 ultra
1870 765 2028 820 idolis
2061 766 2160 820 ad-

602 851 895 907 hibendum
948 854 1209 918 animum,
1246 872 1355 909 non
1408 856 1683 912 daemonas
1711 858 1969 913 colendos
2016 874 2157 923 esse,

602 946 699 1000 sed
743 952 1015 999 tantarum
1052 964 1233 1001 rerum
1268 966 1439 1003 unum
1481 952 1746 1020 opiticem.
1798 952 1944 1008 Illius
1979 962 2159 1008 autem

599 1034 737 1099 loco,
757 1047 1197 1101 commoveantur,
1226 1038 1583 1110 Symmachus
1614 1053 1944 1097 revereantur
1966 1045 2154 1099 edidit.

596 1123 697 1180 llic
742 1125 1034 1198 intelligas,
1087 1145 1195 1199 quo
1226 1140 1385 1200 pacto
1418 1132 1656 1186 futurum
1702 1143 1816 1189 erat
1868 1144 1926 1189 ut
1975 1136 2043 1191 ab
2092 1151 2158 1191 eo

595 1230 1069 1276 commoverentur
1139 1239 1328 1279 omnes
1392 1227 1758 1282 inhabitantes
1825 1228 2049 1292 orbem,
2110 1228 2155 1284 si

595 1310 777 1363 animo
805 1314 1109 1383 perpendas
1157 1331 1262 1383 qua
1316 1318 1526 1372 ratione
1576 1334 1673 1387 per
1719 1317 2154 1389 praedicationem

590 1403 957 1471 cvangelicam
981 1413 1033 1457 ct
1079 1406 1373 1461 salutarem
1421 1408 1727 1464 doctrinam
1778 1412 1831 1465 in
1880 1420 1996 1466 toto
2024 1412 2153 1467 orbe

592 1487 848 1551 Ecclesiae
877 1492 988 1548 Deo
1022 1497 1330 1552 constitutae
1362 1500 1493 1564 sint,
1527 1516 1687 1557 aures
1718 1504 1960 1557 omnium
1990 1506 2153 1558 verbo

591 1582 850 1652 repletae,
902 1586 1251 1658 universique
1310 1590 1557 1647 homines
1606 1593 1696 1646 illa
1751 1600 1901 1647 tanta
1952 1595 2152 1649 virtute

588 1674 868 1740 commoti,
908 1691 971 1730 ac
1004 1680 1195 1731 mutati
1228 1695 1259 1733 a
1287 1682 1519 1750 pristino
1547 1683 1811 1737 idolorum
1846 1700 2049 1749 errore,
2083 1685 2149 1738 ad

586 1783 726 1820 verae
753 1770 970 1837 pietatis
994 1772 1467 1827 commonitionem
1495 1775 1856 1829 accesserint:
1886 1777 2147 1842 Quoniam

2266 579 2595 651 γαλουργίας
2653 583 3024 653 παραστήσας,
3064 583 3158 635 καὶ
3199 585 3475 655 μονονουχὶ
3536 585 3834 658 ὀφθαλμοῖς

2264 670 2530 737 ἐπιδείξας
2562 673 2818 742 ὁπηλίκος
2840 675 2984 726 ἐστὶν
3013 674 3041 725 ὁ
3066 673 3173 726 τῶν
3198 674 3452 728 τοιούτων
3499 675 3833 749 δημιουργὸς

2261 762 2482 835 Κύριος,
2519 764 2947 835 παρακελεύεται
2999 765 3183 818 τοῦτον
3242 765 3540 834 φοϐεῖσθαι.
3590 769 3832 839 Εύαγγε-

2261 852 2464 916 λίζεται
2490 854 2545 906 δὲ
2579 854 2812 919 εἰδώλοις
2849 858 3044 926 μηκέτι
3077 857 3363 928 προσέχειν
3380 860 3469 914 τὸν
3500 860 3650 926 νοῦν,
3692 866 3831 935 μήτε

2258 944 2515 1017 δαίμονας
2544 946 2810 1011 σέϐεσθαι,
2842 947 2977 1001 ἀλλά
3002 949 3092 1004 τὸν
3115 950 3378 1003 τοσούτων
3402 955 3653 1024 ποιητήν.
3684 956 3833 1011 Ἀντὶ

2258 1035 2313 1089 δέ
2339 1036 2453 1101 τοῦ,
2488 1038 2977 1105 σαλευθήτωσαν,
3004 1042 3031 1092 ὁ
3073 1042 3384 1113 Σύμμαχος,
3428 1046 3832 1102 εὐλαϐείσθω-

2258 1143 2397 1190 σαν,
2454 1128 2699 1193 ἐξέδωκε.
2741 1130 2976 1200 Νοήσεις
3015 1132 3160 1196 ὅπως
3224 1133 3443 1203 ἔμελλον
3496 1135 3830 1194 σαλεύεσθαι

2256 1219 2351 1271 ἀπ’
2382 1219 2543 1272 αὑτοῦ
2574 1220 2771 1284 πάντες
2804 1222 2852 1273 οἱ
2900 1224 3273 1289 κατοικοῦντες
3334 1225 3430 1297 τὴν
3473 1230 3830 1302 οἰκουμένην,

2255 1308 2551 1379 ἐπιστήσας
2570 1308 2668 1379 τὴν
2708 1309 2962 1375 διάνοιαν,
3009 1310 3084 1374 ὡς
3136 1311 3227 1365 ἐπὶ
3266 1312 3342 1382 τῷ
3404 1314 3726 1383 κηρύγματι
3755 1317 3833 1387 τῷ

2254 1398 2586 1469 εὐαγγελικῷ
2615 1401 2709 1453 καὶ
2730 1404 2794 1471 τῇ
2827 1402 3076 1473 σωτηρίῳ
3100 1402 3405 1474 διδασκαλίᾳ
3434 1402 3552 1456 καθ’
3568 1404 3705 1473 ὅλης
3732 1410 3833 1476 τῆς

2252 1491 2571 1561 οἰκουμένης
2604 1492 2917 1563 Ἐκκλησίαι
2949 1494 3026 1563 τῷ
3045 1494 3160 1564 Θεῴ
3188 1494 3535 1565 συνέστησαν
3566 1497 3733 1550 πᾶσά
3773 1516 3831 1551 τε

2252 1583 2385 1654 ἀκοὴ
2416 1583 2700 1656 ἐπληρώθη
2724 1584 2816 1638 τοῦ
2852 1584 3032 1653 λόγου,
3068 1588 3160 1638 καὶ
3195 1587 3394 1649 πάντες
3419 1586 3703 1657 ἄνθρωποι
3734 1592 3832 1643 ἐπὶ

2248 1678 2314 1745 τῇ
2342 1676 2577 1748 τοσαύτῃ
2606 1676 2830 1747 δυνάμει
2890 1676 3215 1746 κεκίνηνται,
3254 1678 3685 1747 μεταϐάλλοντες
3719 1682 3831 1736 ἀπὸ

2250 1771 2346 1837 τῆς
2403 1768 2672 1838 προτέρας
2737 1768 2863 1838 περὶ
2927 1768 2994 1821 τά
3055 1768 3244 1823 εἴδωλα
3294 1770 3518 1842 πλάνης,
3591 1773 3695 1826 καὶ
3747 1776 3829 1838 εἰς

586 1858 694 1925 ipse
721 1859 876 1926 dixit,
911 1871 959 1915 et
1009 1863 1152 1931 facta
1186 1874 1345 1931 sunt;
1395 1866 1502 1934 ipse
1551 1866 1841 1933 mandavit,
1888 1878 1936 1922 et
1964 1880 2128 1922 creati

2246 1859 2548 1929 ὑπόμνησιν
2575 1859 2815 1923 ἐλθόντες
2835 1860 2931 1931 τῆς
2953 1860 3181 1930 ἀληθοῦς
3213 1861 3509 1925 εὐσεϐείας·
3545 1864 3687 1917 Ὅτι
3716 1867 3827 1920 αὑ·

582 1963 721 2006 sunL

640 2131 805 2188 Vens.
837 2135 918 2189 10.
950 2135 1203 2190 Dominus
1233 2137 1456 2205 dissipat
1515 2138 1737 2192 consilia
1772 2141 2022 2209 gentium,
2059 2158 2142 2194 re-

577 2224 765 2293 probat
814 2236 988 2279 autem
1043 2229 1382 2298 cogitationes
1415 2229 1744 2296 populorum,
1797 2239 1844 2283 et
1899 2231 2142 2298 reprobat

576 2316 801 2370 consilia
838 2319 1152 2387 principum.
1195 2318 1333 2385 Quia
1380 2319 1599 2375 videbat
1636 2322 1861 2391 spiritus
1909 2324 2142 2393 prophe-

576 2410 721 2464 ticus
746 2408 987 2464 futurum
1010 2425 1150 2476 esse,
1180 2418 1240 2464 ut
1261 2413 1726 2480 persecutionibus
1753 2414 2140 2469 atilictarentur

576 2501 612 2555 ii
644 2502 740 2569 qui
771 2517 801 2554 a
835 2502 1015 2571 prisca
1078 2503 1167 2557 illa
1232 2505 1614 2571 superstitione
1656 2508 1924 2561 recessuri
1958 2516 2135 2573 erant,

573 2599 629 2647 et
657 2594 952 2648 multorum
982 2595 1209 2649 deorum
1241 2611 1484 2649 errorem
1535 2599 1854 2663 aversaturi,
1909 2608 1966 2652 ut
2018 2616 2137 2655 sese

572 2685 639 2738 ad
677 2686 1053 2741 universorum
1080 2686 1366 2741 Dominum
1389 2697 1800 2755 converterent;
1826 2692 2134 2747 necessario

571 2777 816 2846 praecipit
840 2778 941 2842 eis,
976 2778 1067 2848 qui
1107 2794 1288 2832 rerum
1317 2779 1557 2832 omnium
1588 2781 1833 2848 Opificem
1864 2783 2131 2849 noverint,

569 2878 628 2923 nt
657 2869 934 2925 immissos
969 2884 998 2921 a
1039 2870 1292 2941 gentibus
1323 2870 1377 2923 in
1423 2870 1739 2926 infidelitate
1782 2888 2135 2942 perseverans

567 2962 715 3016 tibus
750 2972 1006 3026 terrores,
1058 2978 1354 3033 eorumque
1400 2966 1576 3019 minas
1605 2981 1712 3019 non
1755 2966 2128 3023 reformident.

566 3052 717 3108 Licet
746 3054 891 3109 enim
926 3054 1134 3109 infinita
1166 3062 1355 3110 contra
1388 3071 1484 3111 vos
1530 3058 1821 3111 moliantur
1849 3077 1861 3125 ;
1900 3069 1952 3112 at
1995 3061 2131 3114 nihil

564 3145 623 3197 in
669 3146 837 3199 vestri
866 3147 1160 3214 perniciem
1186 3148 1409 3216 exsequi
1433 3148 1708 3203 valebunt.
1748 3151 1867 3220 Ipse
1897 3167 2131 3222 namque

2247 1951 2347 2016 τὸς
2378 1948 2527 2015 εἷπε,
2551 1953 2649 2005 καὶ
2683 1950 3070 2021 ἐγενήθησαν·
3114 1952 3299 2019 αὐτὸς
3329 1954 3690 2021 ἐνετείλατο,
3720 1957 3823 2010 καί

2246 2041 2633 2110 ἐκτίσθησαν.

2316 2136 2528 2202 Κύριος
2553 2135 2915 2197 διασηδάζει
2950 2137 3182 2203 ,ϐουλὰς
3230 2138 3449 2203 ἐθνῶν,
3518 2138 3728 2193 ἀθετεῖ
3754 2137 3823 2192 δὲ

2245 2226 2574 2295 λογισμοὺς
2620 2228 2803 2292 λαῶν,
2869 2230 2966 2283 καὶ
3035 2229 3231 2284 ἀθετεῖ
3290 2228 3523 2294 ,βουλὰς
3587 2229 3816 2297 ἀρχόν-

2244 2336 2381 2371 των.
2428 2320 2575 2371 Ἐπεὶ
2630 2320 2870 2392 συνεώρα
2920 2320 2982 2373 τὸ
3039 2322 3371 2393 προφητικὸν
3424 2319 3643 2391 πνεῦμα
3686 2320 3815 2389 μὲλ-

2227 2408 2430 2471 -λοντας
2458 2409 2777 2475 ἐξάπτεσθαι
2836 2412 3105 2482 διωγμοὺς
3154 2412 3291 2465 κατά
3322 2411 3428 2463 τῶν
3460 2412 3813 2481 ἀναχωροῦν.

2241 2518 2348 2553 των
2378 2501 2474 2572 μὲν
2494 2503 2590 2572 τῆς
2618 2503 2883 2573 προτέρας
2904 2502 3316 2574 δεισιδαιμονίας
3344 2504 3439 2556 καὶ
3462 2505 3637 2557 ἀποστ
3647 2521 3812 2573 perpo-

2245 2587 2419 2655 μένων
2439 2588 2538 2659 τὴν
2582 2589 2836 2642 πολύθεον
2887 2590 3112 2661 πλάνην,
3146 2591 3237 2644 ἐπὶ
3290 2592 3347 2644 δὲ
3386 2592 3474 2645 τὸν
3523 2593 3633 2645 τῶν
3671 2593 3809 2647 ὅλων

2240 2678 2441 2749 Κύριον
2469 2683 2919 2750 ἐπιστρεφόντων,
2968 2682 3275 2751 ἀναγκαίως
3319 2683 3426 2737 τῶν
3469 2686 3525 2736 ἐν
3574 2686 3810 2756 ἀπιστία

2243 2771 2535 2841 μεινάντων
2573 2772 2739 2826 ἐθνῶν
2798 2775 2922 2837 τοὺς
2952 2774 3144 2843 φόϐους
3174 2776 3266 2827 καὶ
3317 2774 3415 2837 τὰς
3463 2775 3696 2839 ἀπειλὰς
3731 2778 3807 2848 μὴ

2238 2863 2460 2916 δεδιέναι
2494 2863 2917 2934 παρακελεύεται
2950 2868 3059 2929 τοῖς
3093 2866 3199 2919 τῶν
3256 2866 3390 2919 ὅλων
3422 2867 3650 2937 ποιητὴν
3677 2871 3807 2921 ἐπε-

2237 2956 2520 3024 γνωκόσιν.
2554 2954 2668 3008 Κᾶν
2705 2955 2811 3028 γὰρ
2846 2956 3013 3027 μυρία
3040 2956 3161 3010 καθ’
3198 2957 3347 3027 ὑμῶν
3379 2957 3807 3011 ἐπιϐουλεύσων-

2236 3064 2342 3099 ται·
2373 3046 2484 3099 ἀλλ’
2515 3047 2687 3113 οὐδὲν,
2722 3048 2903 3119 φησὶν,
2938 3047 3209 3118 ίσχύσουσι
3237 3048 3354 3100 καθ’
3381 3047 3532 3119 ὑμῶν
3570 3050 3805 3121 ἐνεργῆ-

2238 3154 2348 3191 σαι.
2380 3138 2550 3201 Αὐτὸς
2583 3138 2690 3209 γὰρ
2722 3140 2749 3190 ό
2795 3140 3010 3192 πάντων
3039 3139 3365 3209 δημιουργὸς
3394 3141 3485 3193 καὶ
3512 3132 3805 3209 Κύριος,ᾧ

565 3237 812 3289 omnium
846 3236 1026 3307 opifex
1068 3245 1119 3292 et
1169 3237 1451 3302 Dominus,
1487 3241 1554 3294 ad
1581 3257 1740 3310 quem
1784 3243 2125 3313 confugistis,

2233 3230 2623 3299 προσεφύγετε,
2681 3229 2779 3293 τὰς
2811 3231 2930 3283 καθ’
2958 3231 3107 3300 ὑμῶν
3154 3231 3440 3294 ἐπιϐουλὰς
3495 3231 3602 3289 τῶν
3632 3232 3808 3286 ἐθνῶν

566 3325 797 3381 insidias
830 3343 860 3380 a
890 3328 1144 3403 gentibus
1172 3346 1235 3383 ac
1271 3330 1578 3388 infidelibus
1612 3336 1823 3403 populis
1852 3338 2004 3392 vobis
2036 3354 2129 3407 pa-

563 3424 732 3480 ratas,
788 3424 841 3471 et
894 3419 1251 3489 cogitationes
1302 3436 1490 3475 eorum
1537 3424 1691 3479 vobis
1740 3426 1999 3482 adversas
2048 3428 2127 3482 vel

561 3518 703 3567 nutu
754 3509 870 3564 solo
927 3510 1249 3579 dissipabit:
1301 3520 1355 3567 et
1411 3513 1705 3584 siquando
1763 3518 2031 3586 principes
2065 3532 2128 3572 ac

559 3618 715 3674 reges
770 3604 926 3659 vobis
981 3617 1356 3673 succenseant,
1412 3616 1466 3661 at
1514 3608 1561 3663 is
1603 3610 1830 3663 consilia
1882 3610 2124 3678 ipsorum

557 3693 715 3750 irrita
764 3692 944 3759 faciet,
981 3697 1268 3766 solumque
1297 3698 1416 3767 ejus
1452 3699 1739 3753 consilium
1774 3699 1826 3751 in
1861 3708 2123 3754 aeternum

555 3787 815 3842 manebit.
848 3787 1136 3844 Enimvero
1165 3791 1521 3861 cogitationes
1563 3792 1840 3861 sapientiae
1870 3794 1987 3862 ejus
2016 3811 2122 3849 non

553 3880 779 3951 perinde
818 3889 981 3951 atque
1010 3883 1369 3953 cogitationes
1399 3884 1679 3938 hominum
1727 3885 1893 3939 irrita:
1921 3896 2080 3940 erunt
2105 3906 2118 3942 :

552 3969 647 4024 sed
670 3970 878 4040 judicia
908 3972 1028 4040 ejus
1062 3982 1380 4042 permanent
1412 3975 1467 4028 in
1502 3976 1904 4044 generationem
1950 3986 2001 4032 et
2031 3994 2125 4048 ge-

552 4062 910 4115 nerationem.
944 4062 1313 4133 Cogitationes
1347 4067 1545 4136 quippe
1578 4083 1707 4122 suas
1748 4078 1992 4123 reservat
2027 4071 2123 4123 ho-

551 4153 792 4207 minibus
820 4169 878 4208 se
906 4154 1124 4224 dignis;
1156 4166 1207 4210 et
1236 4158 1362 4226 quia
1395 4158 1451 4211 in
1486 4160 1713 4228 singulis
1755 4163 2120 4230 generationi-

550 4244 656 4300 bus
711 4254 763 4299 et
819 4244 1105 4299 hominum
1161 4248 1646 4313 successionibus,
1702 4250 1921 4320 quidam
1969 4254 2117 4324 digni

550 4335 943 4405 reperiuntur,
1007 4337 1129 4407 jure
1177 4354 1240 4392 ac
1295 4341 1489 4395 merito
1552 4342 1756 4397 eisdem
1831 4346 2115 4413 cogitatio-

549 4443 645 4483 nes
700 4443 925 4484 servans
989 4445 1149 4495 suas,
1210 4433 1359 4503 ipsas
1422 4433 1475 4487 in
1556 4435 1936 4505 generationes
1992 4453 2112 4491 om-

548 4532 646 4572 nes
678 4518 953 4584 producit.
988 4519 1052 4574 Et
1107 4520 1223 4575 haec
1254 4538 1386 4578 sane
1446 4524 1575 4578 olim
1637 4527 1945 4597 prophetice
1972 4545 2112 4599 prae—

546 4610 691 4664 dicta
743 4618 899 4676 sunt,
936 4612 1180 4682 ipsisque
1235 4614 1399 4671 rebus
1445 4617 1611 4687 gestis
1667 4635 1767 4674 nos
1816 4620 2110 4678 verborum

544 4710 799 4757 eventum
828 4688 1164 4773 excepimus.
1199 4706 1415 4779 Quanta
1439 4710 1584 4763 enim
1616 4711 1876 4769 adversus
1918 4714 2109 4772 Eccle-

544 4794 682 4847 siam
733 4795 854 4865 ejus
903 4797 1203 4852 machinati
1263 4799 1411 4863 sint,
1464 4803 1653 4871 quales
1700 4808 2107 4874 persecutiones

543 4885 921 4951 excitaverint,
959 4888 1266 4957 cujusmodi
1287 4889 1514 4948 consilia
1537 4903 1726 4949 contra
1758 4912 1857 4951 nos
1886 4900 2111 4953 inierint

543 4975 818 5045 principes
852 4978 1016 5047 hujus
1047 4982 1252 5046 saeculi,
1303 4998 1401 5053 pro
1436 4986 1512 5039 rei
1560 4988 1821 5056 gravitate
1862 4991 2105 5044 enarrari

542 5066 771 5134 nequit:
805 5084 981 5138 neque
1012 5074 1280 5127 recenseri
1312 5060 1420 5144 Quo
1462 5086 1620 5145 pacto
1655 5078 1767 5132 lucc
1798 5082 1978 5141 omnia
2010 5098 2105 5150 per

542 5155 803 5211 virtutem
834 5157 928 5213 Dei
961 5159 1224 5232 dissipata
1261 5155 1461 5221 fueiint
1486 5185 1500 5234 ;
1528 5184 1705 5238 neque
1730 5179 1889 5225 aetate
1916 5182 2103 5227 nostra

541 5248 906 5315 solummodo,
944 5254 1036 5307 sed
1067 5270 1165 5324 per
1208 5257 1451 5328 singulas
1480 5262 1856 5329 generationes
1901 5277 1931 5315 a
1965 5273 2107 5317 tem-.7

538 5354 670 5409 pore
694 5340 862 5396 divini
893 5342 1188 5403 Salvatoris
1218 5351 1393 5404 nostri
1418 5350 1684 5407 adventus
1724 5353 1945 5423 impleta
1967 5356 2095 5410 sint.

607 5430 772 5489 Vens.
810 5434 878 5488 12
907 5435 1044 5491 -15.
1109 5438 1277 5494 Beata
1340 5458 1463 5512 gens
1512 5442 1659 5512 cujus
1714 5454 1791 5498 est
1840 5445 2098 5503 Dominus

536 5522 677 5578 Deus
736 5526 869 5595 ejus,
936 5531 1156 5599 populus
1208 5550 1359 5603 quem
1418 5534 1573 5604 elegit
1632 5538 1685 5590 in
1732 5538 2093 5597 [nereditatem

534 5614 656 5666 sibi.
694 5615 830 5671 Olim
865 5620 1085 5689 quidem
1114 5638 1241 5692 pars
1290 5632 1452 5694 atque
1483 5626 1767 5684 haereditas
1810 5632 1928 5701 ejus
1978 5643 2096 5689 erat

534 5702 699 5759 lsrael
734 5725 747 5761 :
797 5725 983 5764 verum
1014 5714 1140 5782 quia
1172 5713 1226 5766 id
1266 5714 1355 5770 ille
1386 5719 1742 5787 contempsit,
1792 5723 1857 5776 ad
1906 5732 2093 5793 gentes

531 5798 705 5872 gratia
742 5804 1059 5857 transmissa
1108 5810 1211 5859 est.
1245 5803 1321 5859 De
1373 5807 1496 5863 coelo
1546 5812 1765 5883 respexit
1810 5813 2087 5886 Dominus,

2140 4568 2189 4629 D

2233 3320 2461 3374 καὶτῶν
2514 3322 2754 3375 ἀπίστων
2788 3321 2949 3388 λαῶν,
2997 3323 3118 3385 τοὺς
3158 3322 3280 3375 καθ’
3311 3322 3460 3393 ὑμῶν
3504 3321 3809 3393 λογισμοὺς

2228 3411 2308 3467 ἐνὶ
2342 3410 2566 3480 νεύματι
2594 3410 2948 3469 διασκεδάσει.
2984 3414 3045 3466 Εἰ
3098 3412 3153 3465 δέ
3208 3413 3300 3465 καὶ
3353 3412 3609 3483 ἄρχοντές
3673 3431 3807 3467 ποτε

2228 3502 2323 3553 καὶ
2357 3500 2592 3570 βασιλεῖς
2627 3502 2867 3572 μέλλοιεν
2916 3504 3032 3556 καθ’
3069 3502 3220 3573 ὑμῶν
3267 3502 3614 3568 ἐξάπτεσθαι,
3668 3504 3808 3560 ἀλλὰ

2228 3594 2319 3646 καὶ
2348 3592 2547 3644 τούτων
2579 3592 2827 3665 ἀθετήσει
2852 3593 3059 3664 βουλάς
3096 3596 3354 3666 κρατήσει
3387 3595 3441 3649 δὲ
3467 3595 3601 3667 μόνη
3639 3599 3675 3667 ἡ
3706 3598 3811 3649 αὑ-

2224 3683 2316 3736 τοῦ
2350 3683 2509 3753 βουλὴ
2534 3687 2611 3747 εἰς
2655 3685 2743 3738 τὸν
2775 3686 2964 3739 αἰῶνα.
3026 3685 3181 3737 Ἀλλὰ
3234 3686 3327 3737 καὶ
3371 3686 3470 3755 τῆς
3522 3686 3722 3753 σοφίας
3752 3689 3807 3741 οἱ

2224 3775 2471 3846 λογισμοὶ
2494 3774 2782 3846 αὐτοῦηούχ
2818 3777 3017 3846 ὁμοίως
3069 3780 3181 3840 τοῖς
3230 3777 3506 3847 λογισμοῖς
3556 3776 3671 3829 τῶν
3709 3780 3807 3832 ἀν·-

2225 3868 2463 3941 θρώπων¹
2484 3871 2850 3942 ἀθετήσονται·
2878 3871 3250 3942 παραμένουσι
3277 3872 3331 3923 δέ
3352 3870 3543 3924 ἐαυτοῦ
3580 3873 3804 3942 κρίσεις

2222 3966 2302 4027 εἰς
2332 3965 2522 4032 γενεὰν
2553 3965 2646 4017 καὶ
2680 3965 2889 4032 γενεάν.
2917 3964 3175 4017 Φυλάττει
3198 3964 3307 4036 γὰρ
3339 3966 3463 4027 τοὺς
3487 3964 3655 4016 αὑτοῦ
3715 3966 3803 4019 λος

2220 4057 2450 4126 γισμοὺς
2477 4058 2587 4118 τοῖς
2614 4056 2805 4109 ἑαυτοῦ
2831 4055 3019 4120 ἀξίοις
3056 4058 3149 4109 καὶ
3174 4057 3467 4128 ἐπειδήπερ
3509 4055 3630 4109 καθ’
3661 4059 3803 4111 ἐκά-

2221 4165 2350 4218 στην
2372 4148 2561 4216 γενεὰν
2587 4149 2681 4207 καὶ
2705 4149 2949 4220 διαδοχὴν
2971 4147 3269 4219 ἀνθρώπων
3291 4148 3628 4220 εὑρίσκονταί
3644 4166 3803 4214 τινες

2218 4240 2379 4306 ἄξιοι,
2414 4242 2637 4304 εἰκότως
2685 4241 2891 4306 τούτοις
2940 4243 3123 4305 αὐτοῖς
3166 4241 3431 4312 διατηρῶν
3464 4242 3589 4304 τοὺς
3619 4241 3798 4296 αὑτοῦ

2215 4330 2525 4402 λογισμοὺς,
2554 4336 2631 4397 είς
2648 4332 2835 4400 γενεὰν
2852 4334 2945 4386 καὶ
2971 4331 3161 4401 γενεὰν
3195 4332 3390 4395 αὐτοὺς
3416 4333 3795 4401 παρεκτείνει.

2214 4423 2323 4474 Καὶ
2348 4424 2515 4475 ταῦτα
2544 4424 2638 4494 μὲν
2673 4424 2836 4476 πάλαι
2862 4422 3181 4495 προελὲγετο
3210 4421 3578 4495 προφητικῶς
3605 4422 3798 4492 ἔργοις

2212 4516 2268 4569 δὲ
2301 4516 2482 4579 αὐτοῖς
2510 4515 2606 4586 τὴν
2638 4516 2859 4569 ἔκϐασιν
2887 4516 2994 4570 τῶν
3022 4517 3196 4583 λόγων
3241 4518 3401 4586 ἡμεῖς
3435 4513 3793 4586 παρειλήφα-

2215 4625 2334 4679 μεν.
2370 4609 2505 4662 Ὅσα
2538 4609 2644 4679 γὰρ
2680 4611 3089 4681 ἐμηχανήσαντο
3126 4608 3267 4661 κατά
3316 4610 3415 4678 τῆς
3455 4606 3795 4675 Ἐκκλησίας

2209 4700 2394 4763 αὐτοῦ,
2430 4701 2523 4755 καὶ
2550 4701 2764 4764 ὁποίους
2794 4702 2911 4754 καθ’
2946 4700 3100 4771 ἡμῶν
3148 4700 3446 4770 ἐπήγειραν
3482 4698 3790 4767 διωγμοὺς,

2207 4793 2395 4857 ὁποίας
2417 4811 2475 4846 τε
2510 4793 2701 4864 βουλὰς
2729 4794 3111 4849 ἐϐουλεύσαντο
3168 4794 3219 4847 οἱ
3271 4793 3529 4864 ἄρχοντες
3558 4791 3649 4844 τοῦ
3706 4795 3792 4845 αἰ-

2206 4888 2341 4949 ῶνος
2358 4885 2544 4938 τούτου
2571 4885 2691 4937 καθ’
2721 4886 2893 4955 ἡμῶν,
2922 4886 3020 4938 οὐκ
3073 4884 3216 4938 ἔστιν
3250 4883 3483 4948 ἐπαξίως
3512 4882 3787 4952 διηγήσα-

2208 4977 2349 5030 σθαιο
2389 4978 2479 5029 καὶ
2505 4978 2579 5040 ὼς
2612 4976 2785 5030 ταῦτα
2816 4977 2990 5029 πάντα
3027 4976 3160 5029 Θεοῦ
3202 4977 3427 5046 δυνάμει
3471 4974 3784 5029 διεσκεδάν·⁵

2203 5086 2378 5122 νυντο’
2414 5071 2504 5122 καὶ
2529 5071 2603 5132 ὡς
2625 5070 2724 5122 οὑκ
2766 5071 2847 5136 ἐφ’
2879 5068 3033 5139 ήμῶν
3070 5069 3247 5139 μόνον,
3302 5068 3437 5121 ἀλλά
3489 5068 3608 5121 καθ’
3637 5068 3781 5120 ἑκά⁸

2204 5177 2335 5231 στην
2359 5160 2549 5228 γενεὰν
2573 5160 2752 5231 ἔργοις
2775 5160 2947 5215 ταῦτα
2972 5161 3270 5232 ἐπληροῦτο
3303 5162 3409 5214 ἀπὸ
3429 5160 3535 5214 τῶν
3564 5160 3782 5230 χρόνων

2200 5254 2299 5324 τῆς
2322 5252 2417 5306 τοῦ
2446 5253 2693 5324 Σωτῆρος
2721 5252 3033 5321 θεοφανείας
3063 5252 3363 5324 ἀρξάμενα.

2267 5450 2571 5521 Μακάριον
2598 5451 2663 5506 τὸ
2697 5453 2870 5519 ἔθνος
2902 5449 2973 5507 οὗ
3026 5453 3197 5507 ἐστιν
3223 5457 3256 5507 ὁ
3306 5454 3519 5521 Κύριος
3542 5458 3575 5508 ὀ
3621 5455 3780 5522 Θεὸς

2196 5543 2412 5607 αὐτοῦ,
2467 5544 2617 5611 λαὸς
2686 5544 2758 5599 ὃν
2824 5542 3143 5608 ἐξελέξατο
3201 5546 3289 5609 εις
3358 5545 3780 5612 κληρονομίαν

2194 5632 2402 5699 ἐαυτῷ.
2442 5634 2613 5688 Πάλαι
2640 5636 2736 5706 μὲν
2768 5636 2876 5707 γὰρ
2906 5631 2973 5706 ἧν
3011 5634 3224 5706 Ἰσραὴλ
3279 5639 3443 5709 μερὶς
3488 5636 3578 5691 καὶ
3634 5633 3779 5704 κλη-

2196 5724 2419 5795 ρονομία
2447 5726 2628 5779 αὐτοῦ·
2681 5726 2795 5779 ἀλλ’
2827 5728 2948 5779 ἐπεὶ
3000 5727 3228 5798 ἠθέτησε
3286 5728 3679 5799 μεταϐέϐληται
3734 5728 3773 5797 ἡ

2192 5818 2349 5889 χάρις
2382 5818 2472 5871 ἐπὶ
2495 5816 2561 5871 τὰ
2590 5817 2734 5888 ἔθνη.
2782 5818 2883 5885 Ἐξ
2923 5821 3180 5889 οὐρανοῦ
3215 5822 3545 5890 ἐπέὀῖῖεψεν
3577 5824 3610 5874 ὀ
3641 5820 3773 5873 Κύ-‹
