4010 6538
217 369 327 430 285

1330 359 1826 420 COMMENTARIA
1866 358 1935 416 IN
1971 360 2307 419 PSALMOS.

3340 365 3447 423 288

208 502 360 557 ριος,
389 486 509 541 εἶδε
536 484 765 553 πάντας
786 484 929 552 τοὺς
955 485 1121 551 υἱοὺς
1150 484 1267 538 τῶν
1311 483 1648 551 ἀνθρώπων.
1685 480 1764 545 Ἐξ

1883 481 2012 535 vidit
2057 498 2237 537 omnes
2278 482 2417 551 filios
2450 482 2741 537 hominum.
2805 483 2883 538 De
2913 493 3209 554 prwparato
3238 485 3446 540 habita-

214 578 454 648 ἑτοίμου
514 579 967 647 κατοικητηρίου
1041 576 1223 632 αὐτοῦ
1292 575 1624 643 ἐπέϐλεψεν
1682 572 1780 626 ἐπὶ

214 669 447 736 πάντας
470 672 609 739 τοὺς
632 671 1058 736 κατοικοῦντας
1086 669 1202 737 τὴν
1253 668 1387 737 γῆν.
1423 668 1486 721 '0
1541 666 1782 731 πλάσας

213 766 554 836 καταμόνας
591 765 698 830 τὰς
740 764 985 832 καρδίας
1049 761 1265 825 αὐτῶν,
1303 764 1334 815 ό
1391 760 1622 825 συνιεὶς
1682 758 1782 812 ἐπὶ

212 857 411 911 πάντα
438 857 510 910 τὰ
536 842 681 925 ἔργα
713 856 927 910 αὐτῶν.
972 855 1085 908 Ἵνα
1136 852 1351 923 γνῶμεν
1406 851 1523 914 πῶς
1572 850 1778 921 ὑπέστη

210 946 273 999 τὸ
298 946 729 1018 μακαριζόμενον
762 946 930 1010 ἔθνος,
970 945 1063 997 καὶ
1114 943 1275 996 πόθεν
1333 941 1520 1013 εἴληφε
1554 939 1651 1010 τὴν
1683 938 1778 991 σύ-

214 1053 402 1091 στασιν
435 1040 463 1091 6
489 1038 613 1099 λαὸς
640 1037 697 1090 ὃν
739 1034 1013 1103 ἐξελέξατο
1056 1037 1133 1098 εἰς
1175 1034 1537 1107 κληρονομίαν
1581 1038 1776 1109 ἐαυτῷ,

211 1126 520 1193 ἀκολούθως
544 1128 796 1192 διδάσκει,
825 1128 898 1191 ὼς
926 1128 1031 1199 ἄρα
1064 1127 1226 1190 αὐτὸς
1272 1130 1300 1180 6
1352 1128 1553 1201 Κύριος
1573 1132 1779 1195 πάντας

211 1219 339 1281 τοὺς
374 1219 522 1282 υἱοὺς
540 1218 643 1271 τῶν
671 1217 965 1289 ἀνθρώπων
988 1220 1112 1281 τοὺς
1140 1221 1522 1285 κατοικοῦντας
1550 1222 1646 1294 τὴν
1674 1224 1777 1293 γῆν

210 1310 663 1381 ἐπισκεψάμενος,
708 1309 767 1375 ἐξ
796 1311 1045 1364 ἁπάντων
1070 1310 1275 1363 τούτων
1325 1316 1686 1385 συνεστήσατο
1716 1317 1776 1369 τὸ

208 1401 501 1473 προλεχθέν
549 1402 718 1466 ἔθνος,
778 1403 870 1455 καὶ
915 1402 1003 1455 τὸν
1050 1404 1444 1475 προειρημένον
1496 1406 1656 1472 λαὸν,
1712 1409 1772 1460 οὐ

202 1494 468 1558 διακόνοις
489 1496 691 1568 ἑτέροις
711 1496 1063 1567 κεχρημένος.
1102 1498 1244 1549 Ἀντὶ
1271 1497 1326 1549 δέ
1349 1497 1461 1550 ’ποῦ’
1489 1498 1589 1562 Ἐξ
1620 1500 1771 1553 ἑτοί»

195 1602 316 1653 μου
367 1584 819 1653 κατοικητηρίου
865 1583 1071 1647 αὐτοῦ,
1120 1586 1148 1637 6
1203 1584 1299 1654 μέν
1343 1584 1593 1649 Ἀκύλας,
1655 1584 1773 1638 ἀπὸ

198 1673 574 1743 ἐδράσματος
627 1675 916 1744 καθέδρας
977 1676 1187 1739 αὐτοῦ,
1236 1679 1601 1747 ἡρμήνευσεν⁹
1649 1679 1678 1729 6
1717 1676 1775 1729 δὲ

197 1765 511 1837 Σύμμαχος,
545 1766 662 1821 ἀπὸ
688 1767 865 1837 ἕδρας
884 1769 1190 1834 κατοικίας
1211 1769 1397 1822 αὐτοῦ
1420 1768 1771 1838 ἐπέϐλεψεν.

208 1832 353 1908 ’0-δέ
375 1832 549 1925 Ᾱόγος
576 1832 765 1910 αὐτοῦ*
787 1857 884 1928 τὴν
920 1832 1189 1927 σωτηρίαν
1213 1856 1497 1909 διεκονεῖτο
1526 1832 1769 1919 τοίςϋσω-
1807 1832 1849 1887 Β

192 1944 462 2017 ξομένοιςο
532 1948 880 2001 Ἀπέστειλε
926 1947 1035 2019 γὰρ
1062 1948 1170 2001 τόν
1207 1950 1393 2017 λόγον
1435 1947 1619 2002 αὐτοῦ
1672 1948 1769 2001 καὶ

194 2036 409 2091 ἰάσατο
441 2039 683 2105 αὐτοὺς,
715 2040 812 2093 καὶ
838 2041 1127 2107 ἐρῤὐσατο
1155 2040 1372 2107 αὐτοὺς
1393 2040 1460 2093 ἐκ
1489 2038 1605 2092 τῶν
1645 2038 1769 2092 δια-

195 2127 435 2195 φθορῶν
459 2127 675 2181 αὐτῶν.
710 2129 806 2182 Διὰ
838 2129 889 2182 τί
915 2128 971 2180 δέ
1001 2128 1059 2193 ἐξ
1089 2129 1327 2201 οὐρανοῦ,
1352 2128 1611 2197 ἐπέϐλεψε
1652 2128 1769 2181 Κύ-

197 2238 335 2292 ριος,
367 2221 462 2273 καὶ
490 2220 543 2273 τί
564 2220 626 2273 τὸ
646 2221 816 2274 αἴτιον
837 2220 928 2273 τοῦ
955 2220 1287 2287 καταξιῶσαι
1316 2222 1414 2292 τῆς
1434 2220 1624 2275 ἐαυτοῦ
1647 2222 1770 2274 ἐπι-

194 2314 405 2382 σκοπῆς
435 2314 645 2376 πάντας
672 2313 798 2375 τοὺς
821 2314 969 2376 υἱοὺς
1007 2313 1114 2366 τῶν
1148 2314 1467 2386 ἀνθρώπων,
1502 2315 1767 2386 παρίστη-

194 2417 279 2452 σιν
308 2400 436 2470 ἐξῆς
476 2400 666 2468 λέγων’
716 2399 777 2453 '0
826 2399 1068 2467 πλάσας
1116 2404 1455 2471 καταμόνας
1486 2404 1593 2469 τὰς
1623 2422 1765 2472 καρη

188 2490 325 2555 δίας
347 2490 565 2544 αὐτῶν·
596 2489 712 2543 ἀνθ’
739 2485 798 2544 οὗ
827 2492 855 2543 6
911 2491 1203 2561 Σύμμαχός
1249 2510 1429 2563 φησιν·
1476 2495 1537 2546 Ὀ
1566 2494 1762 2549 πλάσ-

186 2598 318 2635 σων
351 2583 689 2651 καταμόνας
711 2581 977 2650 ἑκάστην
1011 2583 1260 2650 καρδίαν
1299 2582 1516 2643 αὐτῶν.
1561 2585 1624 2637 El
1665 2586 1761 2656 μὲν

186 2672 297 2743 γὰρ
319 2674 517 2744 ὁμοίως
540 2676 653 2737 τοῖς
711 2674 925 2743 ἀλόγοις
983 2672 1140 2738 ζώοις
1170 2676 1263 2728 καὶ
1306 2676 1395 2728 τὸν
1425 2675 1761 2747 ἀνθρώπινον

184 2764 313 2819 νοῦν
342 2766 562 2837 ὑφίστη,
597 2766 746 2819 οὐδὲν
794 2763 863 2838 ἦν
915 2767 1208 2835 ἀναγκαῖον
1255 2767 1567 2821 ἐπιϐλέπειν
1600 2770 1761 2823 αὑτὸν

183 2856 281 2910 ἐπὶ
311 2874 435 2920 τους
454 2859 602 2922 υἱοὺς
650 2857 757 2909 τῶν
814 2856 1134 2929 ἀνθρώπων
1191 2860 1430 2932 ἀπήρκει
1456 2860 1563 2933 γὰρ
1586 2863 1618 2931 ἡ
1640 2863 1763 2915 καθι

181 2950 307 3004 ὅλου
338 2951 562 3023 πρόνοια
591 2952 805 3006 πάντων
836 2949 895 3017 ἐξ
956 2951 1069 3004 ἴσου
1120 2954 1513 3024 προνοουμένηυ
1544 2955 1660 3008 νυνὶ
1682 2955 1758 3019 δὲ,

180 3042 481 3115 ἐπειδήπερ
505 3041 780 3115 ἐξαίρετός
806 3061 888 3107 τις
917 3043 1073 3097 οὐσία
1116 3043 1402 3116 ἀνθρώπου
1431 3044 1597 3115 ψυχὴ,
1642 3047 1761 3098 ἐπεὶ

179 3135 314 3205 περὶ
395 3134 556 3204 μόνου
639 3133 924 3205 ἀνθρώπου
1004 3135 1416 3207 μεμαρτύρηται
1483 3134 1754 3207 εἰρηκὼς’

1883 573 2001 624 culo
2040 588 2136 626 suo
2170 573 2394 641 respexit
2428 587 2583 640 super
2609 590 2784 627 omnes
2817 575 2908 644 qui
2945 574 3182 628 habitant
3225 584 3445 637 terram.

1884 661 1989 727 Qui
2036 663 2191 732 ﬁnxit
2235 664 2514 733 sigillatim
2568 663 2733 718 corda
2783 681 2965 720 eorum
2995 708 3009 732 ,
3064 667 3153 736 qui
3199 666 3446 736 intelligit

1883 750 2061 802 omnia
2102 766 2260 819 opera
2312 768 2513 807 eorum.
2562 751 2633 808 Ut
2681 753 2919 808 sciamus
2949 770 3057 825 quo
3087 764 3246 825 pacto
3289 770 3444 827 gens,

1882 855 2002 910 qua:
2049 842 2206 897 beata
2252 844 2599 914 praedicatur,
2637 846 2934 903 constituta
2976 846 3159 911 fuerit,
3207 856 3261 902 et
3306 848 3450 907 unde

1880 934 2143 991 collectus
2172 934 2338 991 fuerit
2361 937 2595 1007 populus
2630 937 2724 993 ille
2750 954 2912 1008 quem
2949 937 3111 1008 elegit
3138 938 3195 992 in
3216 937 3448 997 haeredi-

1882 1031 2052 1079 tatem
2084 1027 2189 1081 sibi
2214 1044 2229 1094 ;
2262 1036 2665 1099 consequenter
2692 1028 2872 1094 docet,
2914 1030 3006 1100 qui
3036 1030 3151 1099 ipse
3188 1029 3449 1084 Dominus

1879 1131 2004 1171 cum
2054 1132 2245 1175 omnes
2298 1120 2443 1177 ﬁlios
2496 1121 2777 1174 hominum
2827 1121 2918 1191 qui
2965 1120 3213 1176 habitant
3246 1128 3449 1174 terram

1877 1210 2197 1279 respiceret,
2226 1227 2292 1266 ex
2338 1213 2407 1267 iis
2453 1212 2708 1269 omnibus
2751 1214 3067 1282 pradictam
3096 1222 3311 1285 gentem
3343 1212 3448 1268 sibi

1878 1298 2153 1369 selegerit,
2189 1316 2403 1355 necnon
2432 1313 2796 1357 memoratum
2835 1303 3129 1372 populum,
3167 1317 3277 1360 non
3326 1302 3449 1357 aliis

1877 1406 2040 1461 quam
2078 1394 2331 1463 superius
2356 1410 2490 1450 usus
2524 1396 2818 1459 ministris.
2862 1394 2969 1450 Pro
3002 1396 3096 1453 illo
3129 1403 3333 1461 autem,
3368 1395 3448 1451 De

1873 1494 2172 1552 prwparato
2218 1486 2520 1542 habitacula
2570 1504 2703 1554 suo,
2748 1490 2967 1559 Aquila,
3016 1508 3049 1545 a
3090 1492 3446 1547 stabilimenta

1875 1576 2013 1631 sedis
2048 1594 2179 1642 suae,
2207 1579 2596 1650 interpretatus
2624 1590 2708 1638 est
2736 1600 2751 1649 ;
2803 1582 3162 1654 Symmachus
3186 1594 3387 1653 autem,
3413 1605 3448 1643 a

1875 1666 1995 1721 sede
2022 1666 2367 1723 habitationis
2402 1687 2513 1725 sua:
2544 1673 2790 1740 respexit.
2828 1671 3066 1729 Verbum
3096 1683 3278 1730 autem
3326 1678 3447 1747 ejus

1878 1758 2109 1811 salutem
2135 1758 2203 1812 iis
2232 1759 2324 1827 qui
2352 1762 2631 1829 accepturi
2654 1770 2809 1816 erant
2841 1763 3289 1831 administrabat;
3319 1783 3447 1822 nam

1876 1844 2019 1897 misit
2046 1844 2255 1898 verbum
2286 1863 2440 1909 suum
2482 1859 2532 1902 et
2561 1852 2767 1903 sanavit
2798 1869 2905 1917 eos,
2953 1863 3003 1907 et
3030 1856 3219 1923 eripuit
3263 1872 3350 1910 eos
3383 1855 3449 1910 de

1876 1937 2265 1993 interition‘ibus
2294 1956 2477 1993 eorum
2500 1940 2543 1995 ⁸.
2579 1940 2691 2000 Cur
2726 1955 2907 1999 autem
2939 1945 3005 2001 de
3039 1949 3179 2003 cmlo
3205 1949 3447 2019 respexit

1875 2027 2161 2095 Dominus,
2195 2040 2250 2087 et
2281 2048 2402 2103 quae
2435 2048 2603 2092 causa
2681 2036 2846 2092 fuerit
2878 2040 3022 2108 quod
3069 2056 3259 2098 omnes
3306 2043 3447 2098 ﬁlios

1876 2120 2156 2179 hominum
2183 2123 2505 2182 visitatione
2529 2143 2628 2182 sua
2650 2128 2990 2198 dignaretur,
3019 2132 3260 2188 declarat
3290 2135 3446 2190 dein—

1872 2228 2002 2285 ceps
2037 2216 2123 2270 his
2166 2217 2382 2272 verbis:
2428 2218 2533 2283 Qui
2558 2221 2714 2288 ﬁnxit
2743 2222 3021 2292 sigillatim
3054 2225 3217 2279 corda
3238 2241 3443 2291 eorum;

1870 2323 1969 2378 pro
1980 2324 2088 2378 quo
2103 2308 2461 2380 Symmachus
2476 2312 2656 2376 habet,
2675 2314 2779 2381 Qui
2791 2316 2941 2385 ﬁngit
2959 2319 3234 2387 sigillatim
3255 2335 3445 2377 unum-

1868 2398 2103 2467 quodque
2130 2415 2220 2451 cor
2243 2416 2445 2457 eorum.
2472 2402 2528 2456 Si
2556 2403 2705 2457 enim
2728 2405 3024 2460 humanam
3053 2419 3288 2464 mentem
3318 2409 3437 2479 pari

1869 2499 2030 2560 atque
2062 2493 2315 2549 animalia
2348 2495 2507 2550 bruta
2536 2497 2746 2553 ratione
2776 2500 3175 2567 constituisset,
3215 2519 3443 2560 necesse

1867 2582 2113 2652 profecto
2134 2600 2244 2639 non
2263 2595 2381 2641 erat
2401 2588 2575 2657 ipsum
2608 2591 2880 2660 reSpicere
2909 2608 3072 2663 super
3102 2595 3241 2650 tilios
3263 2595 3443 2649 homi-

1867 2690 2033 2741 num;
2086 2676 2355 2732 sulliceret
2393 2679 2537 2733 enim
2583 2681 2912 2736 universalis
2941 2683 3029 2736 illa
3082 2685 3440 2753 providentia,

1868 2765 2120 2820 omnibus
2171 2768 2455 2835 aequaliter
2492 2770 2857 2839 prospiciens.
2897 2774 3055 2827 Nunc
3099 2784 3280 2830 autem
3314 2777 3441 2845 quia

1868 2856 2182 2925 praecellens
2206 2858 2455 2927 quaadam
2492 2860 2799 2916 substantia
2833 2871 2918 2917 est
2953 2865 3133 2918 anima
3182 2865 3440 2932 hominis,

1866 2947 2305 3017 quandoquidem
2326 2950 2392 3005 de
2413 2951 2531 3005 solo
2546 2952 2764 3006 homine
2782 2952 3116 3009 declaratum
3137 2940 3443 3021 est,Facia-

1868 3055 1982 3092 mus
2010 3039 2267 3095 hominem
2287 3044 2354 3095 ad
2378 3044 2659 3114 imaginem
2676 3053 2725 3098 et
2747 3047 3145 3102 similitudinem
3173 3058 3447 3104 nostram:

1866 3140 1915 3183 et
1947 3130 2070 3199 fecit
2102 3131 2241 3186 Deus
2266 3132 2560 3191 hominem:
2587 3136 2655 3189 ad
2676 3137 3056 3209 imaginemDei
3080 3142 3201 3210 fecit
3219 3142 3445 3203 illum';

177 3193 535 3298 Πόιήσωμεν
571 3193 882 3296 ἄνθρωπον
923 3193 1050 3279 κατ’
1077 3193 1282 3280 εἰκόνα
1314 3193 1623 3295 ’ἡμετέραν
1661 3193 1759 3280 καὶ

1869 3222 1989 3292 jure
2040 3223 2296 3295 imaginis
2344 3228 2435 3282 ille
2503 3243 2615 3283 suae
2656 3230 3049 3299 providentiam
3100 3249 3335 3304 gerens,
3380 3234 3446 3291 de

177 3321 315 3372 καθ’
367 3320 667 3387 ὁμοίωσινο
720 3318 816 3371 καὶ
871 3317 1159 3385 ἐποίησεν
1201 3320 1234 3370 ό
1266 3317 1482 3384 Κύριος
1529 3316 1635 3370 τὸν
1661 3317 1762 3371 ἄν-

177 3413 433 3478 θρωπον
453 3409 579 3462 κατ’
600 3408 803 3462 εἰκόνα
818 3407 963 3461 Θεοῦ
979 3407 1267 3473 ἐποίησεν
1290 3409 1495 3461 αὐτόν’
1513 3408 1757 3474 εἰκότως,

175 3501 254 3565 ὡς
282 3500 348 3555 ἂν
373 3504 472 3572 τῆς
506 3499 694 3554 ἑαυτοῦ
729 3501 933 3563 εἰκόνος
963 3499 1227 3571 προνοῶν,
1254 3501 1322 3564 ἐξ
1340 3500 1597 3568 οὐρανοῦ
1627 3500 1760 3554 ἐπέ-

177 3594 371 3660 ϐλεψε
402 3590 499 3644 καὶ
542 3586 662 3642 εἶδε
711 3588 941 3656 πάντας
980 3590 1121 3655 τοὺς
1170 3592 1339 3656 υἱοὺς
1370 3590 1489 3643 τῶν
1537 3592 1758 3659 ἀνθρώ-

174 3696 333 3736 πων.
376 3682 441 3732 '0
497 3680 560 3751 δὴ
609 3679 878 3750 παριστὰς
923 3682 951 3733 6
1003 3679 1194 3751 παρὼν
1236 3680 1392 3748 λόγος
1444 3681 1625 3751 φησίνο
1698 3682 1759 3734 '0

174 3771 482 3827 πλάσσων
518 3773 856 3839 καταμόνας
882 3771 991 3836 τὰς
1041 3771 1287 3839 καρδίας
1332 3771 1549 3825 αὐτῶνθ
1595 3790 1760 3824 κατα-

180 3866 352 3937 μόνας
383 3865 439 3918 δὲ
482 3864 694 3935 εἴρηται
738 3864 857 3917 ἀντὶ
909 3863 1033 3931 τοῦ,
1089 3865 1484 3935 ἀφωρισμένως
1522 3865 1669 3935 παρὰ
1691 3865 1758 3919 τὰ

174 3957 344 4011 λοιπὰ
366 3957 500 4021 ζῶα.
523 3957 769 4027 Καρδίας
795 3957 849 4009 δὲ
872 3956 1043 4026 λέγων
1076 3959 1200 4020 τοὺς
1228 3957 1517 4028 λογισμοὺς
1545 3957 1754 4029 ἐδήλου,

176 4052 277 4105 καὶ
303 4051 384 4104 ὅτι
410 4050 805 4121 ἀφωρισμένως
829 4049 1058 4112 ἕκαστος
1106 4048 1391 4120 ἄνθρωπος
1431 4048 1618 4120 ὥσπερ
1661 4066 1757 4104 τα-

180 4146 354 4217 μιεῖον
384 4143 876 4214 ἀποκεκλεισμένον
906 4139 1135 4211 ἔχειξτὴν
1162 4140 1355 4192 ἑαυτοῦ
1388 4139 1644 4204 διάνοιαν,
1680 4140 1754 4205 ὼς

179 4239 387 4312 μηδένα
412 4239 667 4294 δύνασθαι
698 4239 914 4309 ἐτέρους
966 4233 1401 4306 καταλαμϐάνειν
1439 4232 1749 4304 λογισμούς.

177 4332 393 4398 Οὐδεὶς
421 4331 571 4402 γοῦν
622 4330 785 4384 οἶδεν
812 4327 1137 4397 ἀνθρώπιον
1173 4328 1247 4381 τὰ
1275 4326 1380 4380 τοῦ
1415 4324 1750 4393 ἀνθρώπου,

177 4428 231 4479 el
252 4425 338 4495 μὴ
358 4425 425 4478 τὸ
450 4425 685 4493 πνεῦμα
720 4422 825 4476 τοῦ
857 4419 1170 4490 ἀνθρώπου
1226 4418 1291 4473 τὸ
1330 4420 1399 4473 ὲν
1426 4418 1604 4484 αὐτῷ.
1661 4418 1752 4472 Διὸ

1868 3321 1994 3371 οωιο
2030 3319 2254 3386 respexit
2300 3327 2349 3373 et
2394 3318 2523 3373 vidit
2561 3336 2741 3375 omnes
2771 3323 2912 3391 ﬁlios
2962 3323 3253 3381 hominum.
3286 3326 3444 3392 Quod

1868 3408 1955 3463 his
2016 3410 2198 3466 verbis
2256 3410 2315 3465 in
2370 3413 2629 3482 praesenti
2675 3417 3082 3484 pronuntiatur,
3140 3417 3244 3483 Qui
3288 3420 3443 3490 ﬁngit

1866 3501 2144 3571 sigillatim
2190 3503 2351 3559 corda
2386 3521 2605 3571 eorum;
2654 3506 2923 3576 sigillatim
2948 3508 3153 3564 dictum
3183 3518 3264 3565 est
3286 3512 3443 3581 quasi

1867 3593 2160 3662 separatim
2203 3602 2256 3647 et
2295 3609 2544 3649 seorsum
2584 3610 2615 3648 a
2656 3596 2883 3666 reliquis
2911 3598 3259 3655 animalibus.
3302 3600 3442 3656 Dum

1866 3688 2046 3735 autem
2078 3682 2244 3738 corda
2280 3693 2626 3747 memoraret,
2671 3686 3028 3755 cogitationes
3078 3689 3437 3757 signiﬁcavit:

1866 3773 1994 3842 quia
2061 3773 2288 3841 quilibet
2335 3773 2497 3827 homo
2543 3790 2791 3837 seorsum
2838 3785 3073 3835 mentem
3134 3795 3288 3833 suam
3339 3795 3440 3836 ceu

1864 3863 2269 3931 receptaculum
2329 3864 2608 3942 occlusam
2664 3866 2862 3931 habet,
2912 3874 2969 3921 ut
3007 3884 3166 3923 nemo
3214 3871 3441 3927 alterius

1864 3956 2228 4026 cogitationes
2296 3957 2701 4028 deprehendere
2767 3944 2962 4016 valeat.
3025 3960 3223 4019 Nullus
3276 3965 3439 4034 igitur

1863 4045 2132 4100 hominum
2159 4049 2302 4103 novit
2329 4066 2445 4120 qute
2472 4059 2597 4104 sunt
2622 4049 2871 4115 hominis,
2893 4054 2998 4113 nisi
3031 4056 3247 4122 spiritus
3274 4056 3441 4111 homi-

1863 4141 1945 4195 nis
1976 4142 2065 4211 qui
2089 4151 2165 4194 est
2190 4145 2244 4195 in
2271 4144 2379 4211 ipso
2403 4146 2444 4197 ⁸.
2463 4142 2642 4209 Quare
2667 4143 2734 4198 de
2765 4145 2883 4200 solo
2918 4145 3197 4204 Salvatore
3225 4157 3435 4216 nostro,

1862 4236 1930 4290 ad
1963 4237 2384 4292 declarationem
2405 4238 2525 4306 ejus
2541 4236 2791 4305 Deitatis,
2820 4240 3124 4307 dicebatur,
3149 4242 3271 4312 Ipse
3297 4247 3437 4300 enim

1862 4329 2058 4382 sciebat
2087 4328 2212 4399 quid
2252 4338 2383 4383 esset
2429 4331 2483 4383 in
2519 4332 2806 4399 homine";
2846 4347 2909 4387 ac
2935 4350 3157 4395 rursum
3192 4355 3203 4390 :
3251 4334 3435 4392 Sciens

1858 4422 2201 4492 cogitationes
2249 4422 2463 4475 illorum
2483 4424 2524 4476 ⁸.
2555 4421 2670 4477 Ηοο
2702 4424 2829 4479 item
2860 4425 2917 4479 in
2944 4428 3198 4495 praesenti
3253 4428 3437 4484 deela-

176 4518 309 4590 περὶ
340 4518 499 4589 μόνον
529 4515 621 4570 τοῦ
656 4517 906 4586 Σωτῆρος
943 4516 975 4585 ὴ
987 4513 1101 4583 μῶν
1142 4514 1226 4610 εἰς
1268 4511 1625 4610 παράστασιν.
1651 4510 1752 4583 τῆς

1869 4521 1975 4568 rat:
2004 4521 2123 4583 post
2160 4513 2294 4568 illud
2327 4514 2497 4579 enim,
2522 4513 2627 4581 Qui
2649 4516 2807 4584 ﬁnxit
2837 4517 3114 4587 sigillatim
3146 4519 3308 4572 corda
3345 4534 3434 4573 eo-

176 4606 342 4664 αὑτοῦ
390 4607 641 4677 Θεότητος
671 4604 904 4671 ἐλέγετο’
935 4602 1127 4667 Αὐτὸς
1164 4600 1276 4671 γὰρ
1327 4600 1459 4671 ᾔδει
1499 4603 1554 4655 τί
1586 4598 1663 4671 ἦν
1684 4602 1754 4656 ἐν

176 4697 257 4764 τῷ
292 4697 598 4766 ἀνθρώπῳ·
652 4695 748 4749 uoti.
801 4692 983 4749 πάλινο
1045 4690 1234 4757 Εἰδὼς
1257 4691 1326 4744 δὲ
1367 4691 1512 4759 τοὺς
1548 4692 1752 4745 dialo—

176 4791 428 4865 τισμοὺς
459 4788 678 4844 αὐτῶν.
708 4788 879 4847 Τοῦτο
903 4788 960 4841 δὲ
992 4787 1087 4840 καὶ
1120 4788 1176 4838 ἐν
1202 4788 1315 4849 τοῖς
1368 4786 1754 4857 προκειμένοις

181 4884 526 4957 ηρίσταταιο
564 4883 703 4955 μετὰ
750 4881 856 4953 γὰρ
899 4880 980 4933 τόο
1029 4879 1091 4932 '0
1136 4877 1381 4943 πλάσας
1415 4879 1755 4947 καταμόνας

178 4976 279 5042 τὰς
303 4974 551 5044 καρδίας
569 4973 788 5038 αὐτῶν,
817 4973 1085 5043 συνῆπται
1111 4971 1189 5023 τόο
1223 4971 1284 5023 '0
1314 4970 1545 5035 συνιεὶς
1558 4969 1754 5025 πάντα

1860 4619 1976 4657 rum
1996 4644 2010 4668 ,
2048 4602 2267 4657 additur
2290 4603 2412 4667 hoc,
2446 4602 2549 4669 Qui
2574 4603 2820 4675 intelligit
2837 4607 3018 4660 omnia
3046 4621 3201 4674 opera
3228 4600 3428 4664 eorum.

1861 4694 1981 4764 Ipse
2008 4708 2244 4763 namque
2274 4693 2423 4748 solus
2453 4694 2705 4765 intelligit
2731 4711 2796 4751 ex
2831 4696 3137 4765 cujusmodi
3166 4699 3433 4755 electione

1859 4783 2162 4839 voluntatis
2210 4784 2493 4838 hominum
2552 4799 2718 4854 opera
2775 4786 3029 4851 edantur,
3081 4802 3205 4845 cum
3250 4790 3431 4846 nullus

1860 4878 2000 4933 alius
2043 4877 2342 4947 intelligere
2380 4883 2544 4946 queat
2573 4893 2639 4931 ex
2673 4878 2981 4948 cujusmodi
3022 4881 3323 4955 proposito,
3364 4897 3432 4937 ex

1859 4988 1969 5043 quo
1995 4979 2143 5024 motu
2167 4967 2467 5023 voluntatis
2488 4968 2669 5036 quivis
2700 4969 2980 5024 hominum
3008 4983 3130 5042 agat
3150 4986 3268 5041 quae
3294 4971 3424 5041 agit.

177 5068 247 5123 τὰ
264 5065 408 5136 ἔργα
431 5064 651 5119 αὐτῶν.
681 5063 856 5127 Μόνος
882 5062 989 5132 γὰρ
1016 5061 1175 5124 αὐτὸς
1206 5061 1449 5131 συνίησιν
1481 5061 1539 5129 ἐξ
1570 5065 1760 5131 ὁποίας
1795 5062 2168 5139 προαιρέσεως
2195 5058 2265 5124 τά
2292 5058 2401 5111 τῶν
2424 5057 2727 5130 ἀνθρώπων
2754 5060 2889 5135 ἔργα
2935 5063 3282 5129 ἐπιτελεῖται,
3321 5080 3430 5137 μη-

177 5157 322 5220 δενὸς
344 5156 504 5211 ἄλλου
531 5154 830 5227 δυναμένου
860 5154 1093 5207 συνιέναι
1125 5153 1253 5224 ποία
1278 5153 1532 5225 προθέσει
1557 5156 1651 5207 καὶ
1679 5160 1841 5232 ὁποία
1870 5158 2014 5228 ὁρμῇ
2039 5153 2264 5214 ἕκαστος
2288 5149 2395 5204 τῶν
2422 5149 2723 5223 ἀνθρώπων
2752 5154 2977 5223 πράττει
2998 5156 3034 5210 ἂ
3069 5156 3317 5229 πράττει.

248 5256 331 5309 Οὐ
362 5250 603 5314 σώζεται
642 5249 940 5316 ,βασιλεὺς
964 5249 1061 5302 διὰ
1085 5248 1328 5320 πολλὴν
1348 5251 1623 5321 δύναμιν,
1646 5254 1747 5310 καὶ

178 5349 345 5420 γίγας
398 5348 469 5400 οὐ
511 5343 847 5411 σωθήσεται
900 5343 970 5395 ἐν
1004 5341 1218 5411 πλήθει
1270 5345 1484 5412 ἰσχύος
1535 5346 1743 5401 αὑτοῦ.

182 5437 419 5507 11¹¹ευδὴς
442 5439 627 5504 ἵππος
658 5439 745 5504 εὶς
774 5435 1092 5503 σωτηρίαν
1132 5436 1201 5489 ἐν
1234 5435 1301 5489 δὲ
1321 5437 1538 5505 πλήθει
1562 5440 1747 5494 δυνά-

172 5546 326 5601 μεως
368 5528 552 5583 αὑτοῦ
608 5530 680 5583 οὐ
737 5524 1093 5593 σωθήσεται.
1156 5524 1302 5579 Ἰδοὺ
1353 5531 1405 5583 οὶ
1455 5530 1750 5600 ὀφθαλμοὶ

172 5624 395 5692 Κυρίου
441 5622 539 5676 ἐπὶ
560 5620 701 5688 τοὺς
723 5618 1132 5692 φοϐουμένους
1165 5619 1371 5685 αὐτὸν,
1406 5622 1546 5689 τοὺς
1580 5623 1749 5679 ἐλπί-

1922 5250 2091 5305 Vsns.
2124 5245 2240 5303 16-
2274 5246 2361 5302 l9.
2393 5245 2517 5301 Non
2563 5249 2855 5313 salvabitur
2898 5266 2991 5303 rex
3051 5268 3146 5322 per
3203 5253 3427 5307 multam

1850 5349 2126 5408 virtutem,
2179 5351 2228 5396 et
2258 5341 2404 5410 gigas
2479 5357 2583 5396 non
2632 5340 2928 5396 salvabitur
2978 5343 3031 5395 in
3092 5343 3426 5397 multitudine

1854 5440 2060 5496 virtutis
2086 5452 2215 5490 suae.
2244 5433 2444 5488 Fallax
2466 5450 2626 5504 equus
2650 5432 2718 5486 ad
2740 5432 2966 5487 salutem
2985 5474 2999 5498 ,
3023 5434 3075 5487 in
3099 5433 3425 5489 abundantia

1856 5542 2031 5586 autem
2054 5527 2260 5583 rirtutis
2285 5541 2396 5581 sum
2418 5543 2519 5581 non
2543 5523 2857 5580 salvabitur.
2885 5523 3019 5581 Ecce
3044 5525 3182 5577 oculi
3211 5524 3423 5579 Domini

1857 5639 2011 5693 super
2043 5629 2324 5676 metuentes
2349 5636 2495 5689 eum,
2528 5627 2577 5673 et
2608 5618 2660 5671 in
2688 5618 2763 5673 eis
2793 5619 2882 5689 qui
2906 5626 3117 5689 sperant
3140 5633 3293 5688 super
3320 5618 3423 5675 mi-

262 5826 281 5860 ‘
304 5826 449 5886 Psal.
480 5843 605 5901 ενι,
630 5828 722 5887 ‘20.
798 5829 819 5863 ⁵
859 5826 1055 5887 Cenes.
1095 5839 1134 5892 ι,
1169 5824 1261 5895 26,
1297 5825 1387 5883 27.
1468 5826 1487 5857 ⁸
1527 5823 1571 5880 ll
1609 5823 1743 5882 Cor.

1894 5822 1983 5881 il.
2061 5823 2080 5856 ⁷
2118 5820 2276 5880 Joan.
2312 5837 2350 5880 ιι
2375 5861 2391 5894 ,
2428 5822 2517 5878 25.
2598 5823 2619 5856 ⁸
2662 5821 2796 5879 Luc.
2828 5834 2918 5890 vi,
2954 5820 3009 5878 8.
