4010 6540
578 357 684 414 28³1

1199 343 1466 405 EUSEBII
1503 337 1974 400 CESARiENSlS
2007 336 2158 393 OPP.
2198 334 2380 390 PARS
2443 334 2528 390 IIl.
2567 364 2638 376 —
2675 334 3086 392 EIEGETICA.

3703 331 3830 386 288

581 467 868 527 sericordia
899 481 1037 536 ejus,
1079 471 1135 521 ut
1168 471 1324 515 eruat
1357 477 1391 512 a
1415 465 1582 510 morte
1616 455 1820 510 animas
1848 467 2025 506 eorum
2045 489 2060 514 ,
2089 459 2138 502 et

2263 447 2446 514 breue
2467 448 2565 502 ἐπὶ
2591 448 2668 502 τὸ·
2689 448 2861 514 ἕλεος
2889 447 3096 514 αὑτοῦ,
3122 448 3426 516 ῥύσασθαι
3447 445 3514 500 ἐκ
3555 446 3850 503 θανάτου

582 568 695 621 atat
731 579 818 618 eos
856 563 909 614 in
951 560 1112 628 fame.
1151 553 1344 608 lsthzec
1381 547 1823 620 supradictorum
1865 543 2148 598 sententia:

581 656 872 710 cohaerent.
907 649 1098 704 Sermo
1125 659 1360 714 namque
1391 647 1677 713 postquam
1721 651 1912 692 omnes
1953 633 2047 704 qui
2090 633 2145 688 in

581 755 726 802 terra
755 751 880 800 sunt
913 741 1161 796 homines
1207 737 1276 793 ad
1323 736 1417 792 Dei
1447 735 1698 789 timorem
1733 730 1986 800 superius
2019 741 2150 780 evo-

581 840 724 894 cavit
751 837 837 892 his
866 833 1073 895 verbis,
1097 831 1302 885 Timeat
1336 827 1614 882 Dominum
1642 823 1808 882 omnis
1842 831 2020 884 terra;
2055 817 2150 873 de-

581 931 706 986 inde
750 936 810 984 ut
859 927 1072 980 animos
1125 922 1386 982 adderet,
1431 934 1499 974 ne
1541 917 1722 971 animo
1763 914 2056 970 deficerent
2086 925 2150 965 ac

579 1021 1000 1085 reformidarent
1027 1014 1440 1087 persecutiones
1466 1010 1795 1065 obventuras
1815 1049 1828 1074 ,
1856 1012 1980 1059 ante
2009 1002 2152 1072 adje-

580 1125 758 1182 cerat,
787 1114 1044 1168 Dominus
1070 1111 1294 1178 dissipat
1318 1105 1542 1162 consilia
1564 1102 1794 1173 gentium
1812 1140 1827 1164 ,
1849 1106 1903 1154 et
1928 1106 2146 1152 caetera.

579 1209 767 1263 Eidem
803 1207 965 1277 igitur
996 1201 1282 1258 sententia:
1311 1197 1576 1253 insistens
1607 1194 1660 1248 in
1693 1193 1946 1263 superius
1976 1189 2151 1243 allatis

582 1304 656 1358 ait
687 1347 698 1356 .
732 1297 1033 1363 Confidite,
1061 1309 1158 1352 vos
1192 1308 1385 1348 omnes
1423 1289 1489 1344 ad
1523 1303 1662 1360 quos
1696 1299 1874 1340 sermo
1897 1282 2149 1337 vertitur.

583 1396 641 1452 Si
691 1396 875 1464 itaque
919 1391 987 1446 ad
1035 1389 1183 1443 hunc
1228 1387 1478 1440 timorem
1533 1377 1914 1438 accesseritis,
1966 1375 2153 1431 oculos

581 1490 702 1560 ejus
746 1487 967 1556 vimque
999 1481 1150 1540 illius
1184 1476 1560 1549 perspicacem
1591 1473 1746 1528 vobis
1775 1468 2152 1540 providentem

582 1559 901 1634 obtinebitis
925 1616 939 1640 ,
977 1587 1099 1644 quae
1141 1585 1238 1626 vos
1268 1569 1337 1622 ab
1365 1565 1622 1622 omnibus
1658 1561 1894 1618 inimicis
1923 1576 1986 1615 ac
2023 1559 2156 1613 insi-

581 1673 886 1730 diatoribus
917 1667 1194 1723 liberabit.
1227 1663 1362 1718 Ecce
1393 1673 1630 1730 namque
1663 1653 1800 1709 oculi
1831 1651 2040 1706 Domini
2065 1665 2157 1704 su-

578 1783 670 1836 per
703 1772 990 1819 metuentes
1021 1777 1140 1815 eum
1163 1798 1178 1822 ,
1211 1757 1300 1828 qui
1333 1760 1545 1823 sperant
1594 1763 1750 1818 super
1790 1741 2153 1800 misericordia

2247 540 2353 605 τὰς
2375 539 2580 609 ψυχὰς
2605 540 2822 602 αὐτῶν,
2847 541 2944 594 καὶ
2973 539 3282 608 διαθρέψαι
3307 538 3528 603 αὐτοὺς
3548 538 3620 591 ἐν
3647 539 3848 608 λιμῷ.

2251 633 2472 702 Ἔχεται
2507 634 2604 701 τῆς
2631 631 2736 684 τῶν
2763 631 3200 704 προλελεγμένων
3241 630 3476 694 διανοίας
3495 631 3568 684 τὰ
3599 632 3850 702 προκεί-

2253 741 2405 794 μενα.
2434 723 2778 792 Συγκαλέσας
2801 723 2905 794 γὰρ
2925 726 2952 776 ὁ
2984 723 3140 792 λόγος
3178 725 3381 788 πάντας
3409 727 3534 788 τοὺς
3599 725 3706 778 ὲπί
3741 730 3854 800 γῆς

2251 817 2568 888 ἀνθρώπους
2621 817 2714 870 ἐπὶ
2761 819 2849 872 τὸν
2879 819 3041 888 φόϐον
3077 817 3170 871 τοῦ
3203 819 3336 872 Θεοῦ
3363 819 3448 872 διὰ
3489 819 3586 872 τοῦ
3641 839 3856 888 προει-

2251 912 2390 962 πεῖν·
2421 909 2730 976 Φοϐηθήτω
2764 911 2870 964 τὸν
2914 911 3131 978 Κύριον
3157 909 3323 964 πᾶσα
3347 913 3384 980 ἡ
3425 911 3522 980 γῆ·
3579 877 3714 966 εἶτα
3745 931 3858 966 πα-

2253 1002 2596 1078 Ραθαρῤύνας
2629 1003 2702 1074 μὴ
2735 1003 2970 1073 ἀγωνιᾷν
3007 1003 3138 1073 μηδὲ
3199 1003 3474 1072 φοϐεῖσθαι
3535 1006 3676 1068 τοὺς
3715 1006 3854 1076 μέλ-

2251 1095 2439 1160 λοντας
2477 1093 2863 1148 ἐπανίστασθαι
2927 1096 3107 1158 αὐτοῖς
3154 1095 3445 1166 διωγμοὺς,
3479 1099 3704 1170 συνῆψε
3765 1101 3858 1156 διὰ

2251 1189 2359 1243 τῶν
2399 1187 2704 1260 ἔμπροσθεν
2768 1187 2850 1240 τό·
2909 1189 3121 1255 Κύριος
3169 1189 3538 1250 διασκεδάζει
3588 1193 3854 1258 ,βουλὰς

2253 1279 2462 1342 ἐθνῶν,
2493 1280 2587 1333 καὶ
2615 1277 2680 1330 τὰ
2703 1275 2850 1346 ἑξῆς.
2885 1277 2996 1346 Τῆς
3025 1273 3116 1330 οὖν
3149 1279 3318 1348 αὐτῆς
3369 1280 3612 1344 διανοίας
3647 1283 3858 1353 ἐχόμε-

2254 1393 2342 1438 νος
2368 1377 2460 1427 καὶ
2493 1374 2578 1428 διὰ
2607 1374 2716 1426 τῶν
2745 1375 3116 1445 προκειμένων
3169 1375 3319 1444 φησί·
3355 1375 3648 1448 Θαρσεῖτε.
3713 1377 3858 1430 πὰν-

2255 1485 2343 1531 τες
2369 1468 2522 1538 ὑμεῖς
2551 1468 2686 1538 πρὸς
2718 1467 2856 1530 οὒςὸ
2876 1467 3048 1536 λόγος.
3081 1469 3141 1521 Ei
3191 1467 3321 1536 γοῦν
3377 1469 3746 1540 προσελθοιτε

2257 1559 2418 1614 αὑτοῦ
2452 1561 2618 1630 φόϐῳ,
2643 1560 2792 1624 ἕξετε
2811 1561 2935 1622 τοὺς
2957 1560 3118 1613 αὐτοῦ
3148 1561 3456 1631 ὀφθαλμοὺς
3483 1561 3578 1616 κοιλ¹
3603 1565 3718 1632 τὴν
3751 1565 3860 1618 διο-

2261 1649 2483 1720 ρατικὴν
2511 1648 2673 1702 αὑτοῦ
2693 1649 2918 1720 δύναμιν
2953 1651 3352 1704 ἐπισκοποῦσαν
3379 1651 3542 1714 ὑμᾶς,
3580 1655 3686 1706 καὶ
3723 1655 3862 1708 τεάν-

2257 1759 2362 1794 των
2389 1740 2596 1812 ἐχθρῶν
2625 1743 2718 1794 καὶ
2772 1741 3068 1796 ἐπιίὶούλων
3124 1744 3412 1815 ρυομένην.
3463 1743 3626 1798 Ἰδοὺ
3651 1746 3778 1817 γὰρ
3811 1750 3862 1802 οε

579 1857 733 1928 ejus,
781 1865 839 1908 ut
882 1863 1030 1906 eruat
1083 1869 1115 1905 a
1158 1857 1326 1904 morte
1375 1845 1582 1899 animas
1623 1854 1824 1895 eorum.
1867 1834 2000 1888 Nam
2035 1833 2156 1889 sine

2263 1834 2801 1928 denudent-limior)
2850 1833 2950 1887 ἐπὶ
3001 1835 3142 1902 τοὺς
3190 1837 3607 1906 φοϐουμένους
3636 1839 3860 1898 αὐτὸν,

580 1947 757 2002 oculis
783 1945 879 2000 Dei
911 1943 1058 1997 nulla
1091 1939 1284 1996 salutis
1325 1951 1456 2007 spes
1501 1941 1619 1998 est,
1661 1946 1730 1985 ne
1773 1927 1992 2000 quidem
2037 1925 2148 1994 regi

581 2040 639 2096 in
673 2038 896 2093 militari
926 2040 1194 2106 potestate
1231 2029 1416 2084 fidenti
1446 2045 1462 2095 ;
1495 2041 1611 2082 non
1653 2021 1860 2094 giganti
1904 2021 1960 2073 in
2003 2017 2149 2072 mul-

581 2129 817 2184 titudine
870 2125 1086 2182 virtutis
1125 2131 1178 2179 et
1225 2117 1563 2176 fortitudinis
1612 2111 1992 2184 superhienti;
2041 2123 2150 2162 non

585 2237 729 2292 equo
785 2217 1060 2274 velocitati
1119 2213 1320 2285 pedum
1379 2206 1697 2264 confidenti.
1773 2203 1900 2258 Haec
1955 2202 2156 2271 quippe

583 2310 768 2366 omnia
798 2307 1047 2376 decipere
1078 2305 1293 2366 solent,
1331 2301 1518 2354 I'allere
1552 2299 1681 2352 item
1728 2301 1782 2350 et
1823 2295 1878 2346 in
1909 2293 2154 2346 eri-orem

584 2401 843 2459 inducere
873 2413 966 2454 eos
995 2395 1087 2467 qui
1137 2397 1192 2449 in
1239 2393 1430 2448 iisdem
1473 2405 1624 2460 spem
1663 2387 1884 2440 habent.
1921 2382 2026 2438 Sed
2055 2397 2154 2436 vos

583 2493 840 2552 confidite
867 2491 960 2562 qui
989 2487 1277 2542 Dominum
1306 2481 1572 2538 invocatis
1596 2521 1612 2541 ,
1642 2479 1871 2548 ejusque
1906 2473 2154 2528 timorem

585 2581 980 2652 assumpsistis.
1011 2578 1252 2634 Coxisilia
1279 2574 1522 2646 gentium
1551 2587 1619 2626 ne
1645 2567 2012 2624 reformidetis
2036 2579 2158 2634 qua:

585 2674 850 2730 Dominus
911 2671 1184 2742 dissipat,
1244 2681 1346 2722 nec
1405 2661 1769 2734 cogitationes
1827 2659 2154 2729 populorum

582 2783 706 2840 quze
747 2782 778 2820 a
826 2768 936 2820 Deo
986 2763 1154 2818 irritae
1195 2758 1528 2821 efﬁciuntur,
1579 2769 1681 2809 nec
1717 2751 1950 2810 consilia
2007 2750 2158 2820 prin-

583 2864 765 2927 cipum
823 2871 944 2927 qua:
1007 2853 1124 2923 ipse
1184 2849 1494 2910 subvertit,
1555 2846 1666 2899 imo
1732 2857 1910 2914 neque
1975 2853 2158 2910 regem

583 2948 769 3005 ntatiui
811 2946 1036 3001 militari
1085 2941 1370 3004 innixum,
1415 2951 1594 3006 neque
1638 2935 1909 3004 gigantem
1943 2931 2160 2986 fortitu-

583 3043 708 3098 dine
739 3056 804 3096 ac
831 3040 1043 3096 viribus
1073 3033 1356 3105 corporeis
1382 3037 1703 3086 tumentem.
1731 3027 1794 3080 Et
1817 3041 1940 3078 cum
1968 3027 2162 3092 ingens

582 3133 898 3206 praesidium
918 3171 934 3197 ,
966 3129 1220 3184 videlicet
1245 3123 1602 3196 providentiae
1631 3122 1804 3190 ipsius
1833 3117 2023 3172 oculos
2057 3115 2156 3168 ob-

2257 1924 2397 1988 τοὺς
2423 1923 2772 1990 ἐλπίζοντας
2823 1925 2920 1978 ἐπὶ
2979 1925 3044 1978 τὸ
3087 1925 3258 1991 ἕλεος
3289 1924 3496 1988 αὐτοῦ,
3529 1927 3864 1992 ῥύσασθαι

2258 2018 2324 2070 ἐκ
2357 2017 2614 2071 θανάτου
2649 2017 2755 2084 τὰς
2779 2017 2984 2086 ψυχὰς
3039 2017 3255 2072 αὐτῶν.
3309 2020 3440 2090 Λίχα
3499 2019 3616 2090 γὰρ
3673 2023 3862 2074 αὐτῶν

2259 2109 2366 2162 τῶν
2397 2109 2490 2162 τοῦ
2517 2109 2650 2162 Θεοῦ
2685 2109 2976 2181 ὀφθαλμῶν
3031 2112 3130 2167 οὐκ
3175 2111 3321 2163 ἐστιν
3374 2111 3505 2182 ἄλλη
3573 2116 3866 2188 mastgia;

2262 2204 2434 2267 ἐλπὶς,
2461 2203 2584 2256 οὔτε
2617 2203 2825 2274 βασιλεῖ
2861 2207 3220 2276 στρατιωτικῇ
3257 2204 3481 2274 δυνάμει
3531 2205 3862 2276 θαρροζντι,

2262 2295 2384 2350 οὔτε
2418 2296 2635 2364 γίγαντι
2669 2297 2760 2348 ἐπὶ
2794 2295 2982 2367 πλήθει
3027 2295 3309 2365 δυνάμεως
3342 2297 3436 2348 καὶ
3501 2297 3698 2366 ἰσχύος
3731 2317 3864 2366 γαυ-

2268 2389 2532 2459 ρουμένῳ,
2562 2385 2684 2440 οὔτε
2721 2387 2869 2456 ἵππῳ
2904 2386 3078 2440 ποδῶν
3105 2387 3343 2456 ὠκύτητι
3370 2387 3696 2458 θαρροῦντι.
3727 2391 3864 2443 Πάν-

2264 2497 2331 2534 τα
2361 2479 2468 2551 γὰρ
2496 2479 2670 2532 ταῦτα
2703 2477 3062 2547 διαψεύδεται,
3097 2477 3318 2546 σφάλλει
3373 2477 3465 2528 καὶ
3505 2477 3698 2549 πλανᾷ
3739 2483 3862 2542 τοὺς
3951 2477 3954 2496 ⁵

2265 2573 2351 2624 ἐπ’
2383 2571 2564 2633 αὐτοῖς
2615 2568 2929 2640 ἢλπικότας.
2979 2569 3115 2620 Ἀλλ’
3165 2569 3322 2638 ὑμεῖς
3371 2567 3657 2640 θαρσεῖτε,
3689 2571 3746 2621 οἱ
3775 2571 3860 2622 τὸν

2265 2660 2466 2731 Κύριον
2489 2658 2892 2721 ἐπικαλοῦντες,
2923 2658 3015 2710 καὶ
3046 2657 3137 2710 τὸν
3177 2654 3340 2708 αὑτοῦ
3369 2655 3534 2725 φόϐον
3563 2655 3860 2725 ἀνειληφό-

2265 2771 2374 2818 τες.
2405 2754 2515 2808 Καὶ
2541 2754 2677 2824 μήτε
2703 2750 2894 2822 βουλὰς
2927 2749 3096 2803 ὲθνῶν
3153 2748 3424 2820 φοϐεῖσθε,
3459 2749 3526 2814 ἃς
3581 2751 3613 2802 ὁ
3651 2749 3858 2821 Rupta;

2265 2845 2699 2907 διασκεδάννυσι,
2749 2844 2887 2914 μήτε
2915 2841 3206 2911 λογισμοὺς
3245 2839 3409 2902 λαῶν,
3459 2837 3551 2901 οὒς
3583 2841 3616 2891 ὁ
3651 2839 3856 2910 Κύριος

2268 2939 2465 3000 ἀθετεῖ,
2512 2937 2646 3010 μήτε
2678 2933 2871 3004 βουλὰς
2897 2933 3192 3004 ἀρχόντων,
3236 2932 3300 2996 ἃς
3326 2931 3486 2994 αὐτὸς
3527 2932 3850 3003 ἀνατρέπει.

2281 3027 2437 3082 Ἀλλὰ
2469 3027 2604 3098 μηδὲ
2641 3025 2860 3096 βασιλέα
2891 3023 3080 3095 πλήθει
3129 3023 3522 3095 στρατιωτικῆς
3567 3021 3856 3090 δυνάμεως

2270 3117 2566 3172 πεποιθότα
2591 3114 3058 3186 καταπλήττεσθε,
3099 3113 3230 3184 μηδὲ
3285 3114 3516 3181 γίγαντα
3576 3112 3730 3181 ἰσχύϊ
3769 3113 3854 3164 καὶ

583 3225 838 3288 tineatis,
873 3225 930 3278 in
957 3223 1078 3294 ipso
1104 3221 1223 3276 solo
1254 3225 1309 3273 et
1345 3217 1400 3270 in
1433 3213 1818 3269 misericordia
1847 3209 1968 3279 ejus
2006 3222 2158 3276 Spem

2265 3210 2402 3281 ἀλκῇ
2451 3207 2702 3280 σώματος
2755 3206 3112 3277 τυφούμενον.
3166 3206 3422 3275 Ἔχοντες
3463 3204 3521 3258 δὲ
3575 3205 3728 3272 μέγα
3763 3223 3856 3272 φν-

584 3319 832 3385 reponite
859 3324 1098 3374 vestram
1120 3352 1134 3377 ,
1171 3321 1226 3364 ut
1261 3317 1414 3365 eruat
1451 3324 1483 3362 a
1517 3315 1684 3376 morte
1715 3304 1920 3357 animas
1953 3315 2158 3354 eorum.

587 3409 736 3465 Mors
765 3416 945 3462 autem
979 3405 1174 3458 animae
1217 3401 1380 3456 fuerit
1421 3399 1517 3457 Dei
1559 3397 1879 3468 abnegatio,
1931 3390 2162 3448 defectio

587 3505 746 3575 plena
767 3541 782 3566 ,
810 3508 864 3557 et
893 3507 1118 3570 peccata
1146 3496 1211 3551 ad
1243 3503 1475 3550 mortem
1549 3491 1622 3546 ita
1653 3499 1714 3544 ut
1745 3488 1788 3544 si
1823 3483 2040 3557 quando
2071 3499 2164 3538 ac-

587 3595 766 3663 cidat,
803 3603 862 3648 ut
902 3593 1238 3664 sperantium
1287 3589 1342 3642 in
1393 3586 1562 3642 Deum
1607 3597 1838 3654 corpora
1883 3574 2162 3634 communi

587 3685 786 3751 morti,
831 3686 902 3740 ob
945 3685 1064 3754 ejus
1109 3679 1486 3738 testimonium
1535 3675 1862 3736 tradantur,
1913 3678 1969 3726 at
2019 3667 2164 3722 oculi

586 3779 682 3836 Dei
712 3780 924 3834 animas
955 3793 1146 3834 eorum
1174 3781 1434 3830 curantes
1461 3787 1492 3826 a
1524 3775 1701 3824 morte
1747 3768 1898 3839 ipsos
1940 3763 2162 3832 eripue-

587 3881 736 3928 runt.
765 3871 952 3947 Neque
985 3870 1040 3924 id
1074 3867 1420 3935 solummodo
1453 3870 1716 3936 praastant
1748 3878 1762 3926 ;
1796 3858 1894 3914 sed
1925 3867 1984 3912 ut
2013 3858 2164 3912 alant

587 3981 682 4021 eos
711 3965 767 4018 in
803 3965 944 4019 fame
969 4004 984 4028 ,
1021 3959 1431 4032 providentiam
1465 3956 1688 4010 habent.
1727 3951 2008 4021 Siquidem
2041 3962 2168 4018 per-

589 4057 935 4113 secutionum
983 4062 1260 4126 tempore,
1306 4065 1414 4121 quo
1459 4050 1781 4119 plerumque
1819 4043 2068 4100 doctrina
2113 4049 2167 4095 et

589 4151 900 4206 divinarum
949 4147 1362 4217 Scripturarum
1412 4143 1678 4198 lectiones
1729 4137 2162 4211 praapediuntur,

589 4243 811 4313 rarique
844 4245 1143 4298 occurrunt
1183 4238 1274 4307 qui
1320 4234 1638 4306 spirituales
1681 4233 1832 4288 cibos
1876 4229 2164 4283 animabus

591 4335 876 4389 hominum
919 4331 1282 4402 impertiant;
1331 4337 1572 4383 attamen
1620 4323 1766 4380 oculi
1798 4323 2047 4386 Domini,
2079 4321 2165 4375 di-

591 4425 702 4482 vini
735 4423 974 4496 Spiritus
1015 4423 1224 4476 inﬂuxu
1245 4461 1258 4486 ,
1308 4420 1557 4490 ipsorum
1591 4417 1801 4474 animas
1833 4413 1984 4468 alunt
2009 4419 2063 4466 et
2093 4410 2163 4463 ab

589 4519 710 4588 ipso
739 4515 848 4570 Deo
875 4514 1158 4570 institutas
1189 4511 1434 4567 efficiunt
1460 4550 1474 4576 ,
1503 4509 1577 4562 ita
1609 4517 1668 4562 ut
1697 4508 1836 4563 citra
1865 4507 2162 4560 humanam

2265 3302 2554 3372 λακτήριον
2603 3301 2728 3363 τοὺς
2783 3299 2883 3368 τῆς
2917 3297 3170 3368 προνοίας
3205 3296 3365 3350 αὐτοῦ
3397 3295 3742 3364 ὀφθαλμοὺς,
3775 3297 3856 3348 ἐπ’

2264 3388 2424 3450 αὑτὸν
2450 3385 2696 3450 ἐλπίζετε
2735 3387 2892 3456 μόνον
2923 3387 3017 3440 καὶ
3043 3386 3133 3438 ἐπὶ
3177 3385 3237 3440 τὸ
3266 3385 3413 3448 ἕλεος
3439 3383 3630 3446 αὐτοῦ,
3679 3387 3772 3451 είς
3797 3387 3858 3438 τὸ

2256 3479 2564 3547 ῥύσασθαι
2601 3477 2670 3530 ἐκ
2693 3475 2954 3531 θανάτου
2987 3475 3097 3541 τὰς
3123 3475 3328 3544 ψυχὰς
3359 3473 3578 3532 αὐτῶν.
3609 3477 3860 3540 θάνατος

2266 3573 2312 3636 δ’
2334 3572 2400 3625 ἂν
2439 3572 2522 3642 εἴη
2543 3570 2722 3642 ψυχῆς
2759 3571 2792 3640 ἡ
2844 3569 3071 3640 ἄρνησις
3104 3568 3198 3622 τοῦ
3223 3567 3356 3620 Θεοῦ
3391 3568 3484 3620 καὶ
3513 3569 3545 3638 ἡ
3583 3569 3860 3640 παντελὴς

2265 3664 2590 3728 ἀποστασία,
2608 3663 2700 3718 καὶ
2731 3664 2785 3716 αἱ
2841 3661 2976 3733 πρὸς
3003 3660 3230 3714 θάνατον
3247 3660 3528 3730 ἁμαρτίαν
3549 3660 3724 3725 (fama,
3759 3662 3860 3714 κᾶν

2269 3757 2445 3828 συμϐῇ
2477 3775 2604 3811 ποτε
2636 3755 2742 3810 τῶν
2775 3755 3100 3819 ἐλπιζόντων
3127 3753 3222 3807 ἐπὶ
3255 3753 3344 3805 τὸν
3378 3752 3582 3822 Κύριον
3635 3755 3712 3808 τὰ

2270 3867 2414 3920 ματα
2435 3849 2646 3919 θανάτῳ
2673 3845 3060 3918 παραδίδοσθαι
3091 3845 3166 3916 τῷ
3205 3844 3368 3914 κοινῷ
3401 3843 3488 3898 διὰ
3517 3844 3617 3914 τὴν
3658 3849 3743 3910 εἰς
3763 3850 3860 3901 αὖ·

2265 3943 2356 3996 τὸν
2393 3942 2716 4014 μαρτυρίαν,
2741 3940 2852 4006 ἀλλ’
2878 3941 2927 3993 οἱ
2955 3938 3222 4014 ὀφθαλμοὶ
3243 3937 3406 3990 αὑτοῦ
3433 3937 3521 3990 τοῦ
3543 3941 3860 4008 κρείττονος

2267 4036 2686 4108 ἐπιμεληθέντες
2717 4035 2816 4098 τὰς
2845 4033 3024 4106 ψυχὰς
3061 4033 3238 4088 αὐτῶν
3263 4032 3562 4104 ἐρρύσαντο
3597 4035 3666 4087 ἐκ
3699 4035 3862 4090 θανα-

2265 4147 2380 4184 του.
2413 4132 2486 4182 Οὐ
2525 4129 2684 4200 μόνον
2711 4127 2766 4182 δὲ
2796 4127 2953 4180 τοῦτο
2987 4125 3249 4190 ποιοῦσιν,
3302 4125 3434 4180 ἀλλὰ
3468 4127 3560 4178 καὶ
3609 4127 3714 4180 τοῦ
3745 4129 3864 4182 δια-

2267 4221 2461 4294 θρέψαι
2489 4221 2684 4288 αὐτοὺς
2713 4221 2770 4272 ὲν
2793 4217 2936 4288 λιμῷ
2969 4217 3223 4290 πρόνοιαν
3276 4217 3574 4270 ποιοῦνται.
3616 4218 3716 4272 Ἐν
3753 4223 3858 4291 γὰρ

2263 4317 2376 4377 amt;
2407 4315 2617 4384 καιροῖς
2641 4311 2748 4364 τῶν
2805 4309 3078 4380 διωγμῶν,
3109 4307 3228 4364 καθ’
3249 4307 3342 4372 οὓς
3393 4308 3654 4374 πολλάκις
3685 4313 3860 4366 κεκώ-

2264 4406 2448 4458 λυνται
2484 4405 2580 4475 μὲν
2619 4405 2674 4464 αί
2732 4403 3070 4458 διδασκαλίαι
3105 4403 3288 4457 καὶτὰ
3319 4401 3428 4454 τῶν
3476 4401 3860 4458 θεοπνεύστων

2267 4495 2499 4568 Γραφῶν
2531 4492 2954 4563 ἀναγνώσματα,
3009 4489 3258 4554 σπανίζει
3285 4491 3343 4544 δὲ
3370 4493 3398 4544 ὁ
3423 4489 3520 4554 τὰς
3549 4507 3860 4563 πνευματι-

593 4611 758 4666 ullam
801 4607 1184 4678 disciplinam,
1236 4619 1436 4660 arcana
1487 4604 1719 4674 quadam
1749 4601 1947 4654 virtute
1979 4593 2159 4650 nutri-

2271 4591 2370 4652 κάς
2399 4588 2606 4659 τροφὰς
2653 4590 2772 4649 ταῖς
2807 4585 2916 4640 τῶν
2953 4585 3254 4657 ἀνθρώπων
3311 4583 3580 4647 διαδιδοὺς
3631 4585 3858 4656 ψυχαῖς,

595 4715 774 4757 antur.

2267 4685 2418 4755 ὅμως
2448 4685 2495 4735 οἱ
2523 4681 2788 4752 ὀφθαλμοὶ
2815 4680 2907 4734 τοῦ
2933 4679 3138 4751 Κυρίου
3167 4681 3234 4750 τῇ
3261 4679 3352 4732 τοῦ
3375 4679 3519 4732 θείου
3535 4679 3861 4749 Πνεύματος

531 4871 534 4874 _
589 4801 840 4871 ὶπιρροῇ,
874 4795 1198 4853 καὶτούτων
1254 4795 1352 4860 τὰς
1395 4793 1571 4866 ψυχὰς
1635 4791 1978 4863 διατρέφουσι
2031 4783 2402 4844 θεοδιδάκτους
2460 4779 2656 4842 αὐτοὺς
2689 4775 3139 4849 ἀπεργαζόμενοι,
3203 4775 3278 4836 ὡς
3307 4775 3402 4828 καὶ
3433 4775 3558 4838 ἄνευ
3607 4775 3712 4846 τῆς
3773 4779 3868 4830 civ-1

594 4891 824 4964 θρώπων
857 4890 1202 4954 διδασκαλίας
1227 4889 1525 4960 ἀπορρήτῳ
1555 4887 1780 4956 δυνάμει
1832 4879 2150 4954 τρέφεσθαι.

901 5065 961 5124 IN
999 5065 1328 5130 PSALMUM
1371 5063 1577 5120 DAVID
1615 5060 1854 5132 XXXIII,

599 5227 651 5284 1.
704 5226 929 5294 Quando
967 5225 1262 5282 immutaoit
1301 5225 1504 5280 vultum
1543 5239 1698 5277 suum
1735 5237 1915 5275 coram
1953 5217 2168 5278 Abime-

922 5298 1064 5364 lech,
1102 5307 1150 5352 et
1188 5297 1394 5352 dimisit
1431 5311 1549 5349 eum
1585 5303 1634 5352 et
1674 5294 1830 5346 abiit.

667 5455 898 5524 Quidam
944 5452 1206 5528 suspicati
1251 5459 1381 5508 sunt
1438 5449 1585 5503 illam
1633 5445 1920 5517 praesentis
1963 5443 2170 5513 psalmi
2241 5517 2244 5524 Ι

599 5551 1010 5620 inscriptionem
1033 5587 1047 5612 ,
1081 5545 1368 5602 historiam
1399 5540 1672 5609 respicere
1691 5577 1705 5602 ,
1735 5551 1841 5606 qua
1869 5534 2044 5588 fertur
2075 5533 2172 5588 Da-

599 5647 775 5700 videm
805 5659 835 5697 a
865 5641 1004 5696 facie
1029 5639 1213 5696 Saulis
1239 5637 1540 5706 fugientem
1564 5671 1578 5696 ,
1611 5629 1678 5683 ad
1705 5627 1951 5684 Anchum
1985 5641 2168 5698 regem

599 5737 736 5792 Geth
773 5736 1109 5798 accessisse,
1141 5729 1362 5800 quando
1397 5725 1667 5779 insaniam
1703 5721 1974 5778 simulans
2013 5719 2170 5790 quasi

600 5839 856 5910 tympano
889 5827 1140 5902 pulsabat
1173 5823 1239 5879 ad
1273 5827 1460 5894 portas
1493 5818 1673 5884 urbis,
1709 5827 1762 5872 et
1791 5815 2168 5878 defea'ebatur,

2509 5050 2619 5106 ΕΙΣ
2651 5049 2788 5106 ΤΟΝ
2815 5047 3116 5103 ΨΑΛΜΟΝ
3146 5045 3231 5100 ΤΩ
3263 5046 3462 5108 ΔΑΥῘᾼ
3489 5045 3610 5098 AI”.

2289 5215 2497 5270 Ὁπότε
2541 5209 2843 5277 ἠλλοίωσε
2881 5205 2948 5259 τὸ
3006 5207 3328 5277 πρόσωπον
3374 5201 3562 5258 αὑτοῦ
3601 5203 3864 5258 ἐνώπιον

2326 5272 2652 5352 Ἀϐιμέλεχ,
2685 5279 2782 5333 καὶ
2814 5277 3123 5342 ἀπέλυσεν
3155 5275 3342 5329 αὑτὸν
3377 5275 3474 5327 καὶ
3522 5272 3826 5342 ἀπῆλθεν.

2361 5435 2655 5492 ’Υπὲλαϐὁν
2707 5451 2850 5497 τινες
2904 5433 3001 5504 τὴν
3077 5431 3170 5485 τοῦ
3224 5428 3584 5502 προκειμένου
3638 5429 3860 5501 ψαλμοῦ

2279 5527 2602 5602 προγραφὴν
2633 5527 2847 5596 ἐκείνην
2875 5523 3157 5596 σημαίνειν
3207 5523 3304 5594 τὴν
3363 5523 3624 5593 ἱστορίαν,
3672 5523 3746 5575 δι’
3773 5521 3859 5595 ἧς,

2280 5619 2493 5689 φεύγων
2525 5616 2684 5670 Δαυῒδ
2715 5615 2822 5669 ἀπὸ
2855 5612 3142 5684 προσώπου
3157 5613 3348 5677 Σαοὺλ,
3374 5613 3692 5684 ἐληλυθέναι
3727 5615 3860 5684 πρεξς

2292 5712 2514 5782 Ἀγχοῦς
2541 5709 2760 5780 βασιλέα
2772 5707 2871 5758 Γὲο
2890 5705 3318 5776 ἀναγέγραπται·
3347 5707 3432 5759 ὅτε
3463 5705 3660 5775 μανίαν
3691 5723 3860 5778 προτ-

2281 5807 2522 5878 ποιηθεὶς
2574 5799 2938 5874 ὲτυμπάνιζεν
2965 5799 3056 5854 ἐπὶ
3105 5801 3226 5862 ταῖς
3271 5798 3592 5875 θύραις-τῆς
3629 5797 3860 5864 πόλεως,
