4010 6540
193 432 300 489 280

1320 406 1821 480 COMMENTARIA
1857 415 1925 473 1N
1959 408 2299 473 PSALMOS.

3320 414 3428 469 290

196 554 289 606 καὶ
317 549 677 622 παρεφέρετο,
713 548 807 602 καλ⁵
831 547 1045 611 ἔπιπτε,
1096 548 1190 601 καὶ
1219 548 1475 618 κατέρρει
1514 544 1583 599 τά
1612 544 1762 598 σιελα

1878 547 1922 596 et
1953 538 2272 605 decidebat,
2310 534 2363 593 et
2396 532 2709 594 deﬂuebant
2742 535 2926 593 salivae
2956 534 3076 604 ejus
3108 534 3165 589 in
3197 532 3427 589 barbam

194 642 356 696 αὐτοῦ
384 642 476 695 ἐπὶ
505 642 596 695 τὸν
618 639 852 710 πώγωνα
871 640 1055 694 αὑτοῦ·
1075 639 1202 693 ὥστ’
1218 638 1389 692 εἰπεῖν
1416 637 1509 691 τὸν
1536 635 1763 707 Ἀγχοῦς

194 734 332 807 πρὸς
363 736 488 799 τοὺς
537 734 729 797 παῖδας
787 731 972 787 αὐτοῦ·
1015 732 1215 804 ’Ἄνδρα
1266 731 1561 803 ἐπίληπτον
1595 730 1680 783 ἵνα
1710 728 1765 782 τί

195 830 516 901 clamarem
576 826 711 900 πρὸς
759 825 863 897 μέ;
918 824 1054 877 Ἀλλ’
1105 826 1186 879 ὅτι
1239 824 1337 896 μὲν
1390 822 1650 894 ἠλλοεωσε
1705 812 1768 875 τὸ

197 918 486 991 πρόσωπον
518 917 702 983 αὑτοῦ,
752 916 989 988 ἥκουσαν
1016 917 1063 969 οἱ
1126 913 1371 968 τοιοῦτοι·
1424 915 1505 968 ὅτι
1566 914 1611 968 δ’
1641 912 1767 985 ὲξῆς

199 1009 488 1079 συνῆπται,
519 1008 795 1063 ἐναντιον
834 1007 1159 1077 Ἀϐιμέλεχ,
1189 1004 1404 1060 δοκοῦσί
1432 1022 1522 1077 μοι
1551 1020 1768 1079 παρεωιι

199 1101 447 1173 ρακέναι.
495 1101 554 1154 'O
587 1100 683 1171 μὲν
708 1096 799 1153 οὖν
842 1098 1067 1171 Ἀγχοῦς
1092 1098 1201 1152 τῶν
1229 1098 1540 1167 ἀλλοφύλων
1566 1094 1634 1169 ἦν
1665 1097 1766 1169 βα-

198 1188 381 1255 σιλεὺς
430 1189 539 1243 τῶν
587 1189 975 1243 κατοικούντων
1005 1188 1103 1261 τὴν
1150 1188 1273 1241 Γέθ·
1304 1189 1333 1241 ὁ
1382 1188 1441 1241 δὲ
1482 1188 1767 1260 Ἀὗιμέλεχ

200 1281 380 1353 ἱερεὺς
418 1280 511 1335 τοῦ
548 1281 683 1335 Θεοῦ
739 1280 1153 1353 μνημονεύεται·
1211 1280 1348 1353 πρὸς
1377 1280 1435 1333 ὃν
1483 1280 1576 1334 καὶ
1605 1274 1767 1335 αὑτὸν

198 1373 472 1446 ἐληλυθὼς
518 1377 546 1429 ὁ
577 1374 738 1429 Δαυῖδ
783 1375 889 1448 πρὸ
916 1374 1016 1446 τῆς
1058 1375 1357 1447 παρουσίας
1385 1376 1483 1446 τῆς
1510 1374 1646 1449 πρὸς
1676 1374 1767 1429 τὸν

210 1464 437 1536 Ἀγχοῦς
470 1466 777 1536 ἱστορεῖταιο
814 1467 958 1536 λέγει
985 1466 1093 1539 γὰρ
1123 1470 1156 1539 ἠ
1190 1468 1379 1539 Γραφή
1402 1485 1415 1498 ·
1450 1466 1560 1523 Καὶ
1601 1466 1769 1537 ἔρχε-

196 1571 292 1609 ται
324 1559 357 1609 ὀ
383 1556 561 1610 Δαυῒδ
589 1560 675 1624 εἰς
698 1558 854 1612 Nalm
881 1559 1029 1627 πρὸς
1086 1558 1399 1630 Ἀχιμέλεχ
1430 1559 1538 1614 τὸν
1590 1558 1766 1627 ἱερέα,

196 1646 295 1699 καὶ
323 1645 541 1716 ἐξέστη
594 1649 904 1720 Ἀχιμέλεχ
930 1648 1005 1720 τῇ
1028 1649 1362 1717 ἀπαντήσει
1402 1648 1606 1705 αὐτοῦ’
1670 1649 1772 1703 xal

193 1739 364 1794 εἶπεν
391 1739 569 1805 αὐτῷ’
595 1742 654 1794 Τί
681 1741 769 1795 ὅτι
801 1743 880 1796 σὺ
908 1743 1096 1812 μόνος
1116 1742 1211 1795 καὶ
1242 1742 1440 1808 οὐδεὶς
1458 1742 1608 1812 μετὰ
1631 1742 1771 1807 σοῦ;

193 1832 305 1885 Kal
355 1828 487 1887 εἷπε
507 1834 687 1888 Δαυΐὸ
722 1834 802 1901 τῷ
836 1835 992 1904 ἱερεῖ·
1067 1835 1131 1889 '0
1165 1835 1467 1901 ,βασιλεὺς
1497 1835 1775 1891 ἐντέταλ-

1864 632 2040 703 ipsius
2070 649 2085 699 ;
2120 631 2193 685 ita
2232 637 2293 685 ut
2326 630 2533 685 diceret
2566 628 2793 684 Anchus
2827 628 3010 698 pueris
3043 626 3160 683 suis
3194 645 3207 681 :
3248 624 3428 692 Quare

1862 724 2041 779 virum
2069 722 2331 793 epilepsia
2358 728 2668 791 correptum
2693 719 2760 774 ad
2780 735 2863 775 me
2882 717 3264 774 introduxistis
3285 717 3306 771 ?
3326 715 3431 772 Ve-

1863 830 1987 870 rum
2011 815 2091 870 illi
2118 813 2186 868 ad
2215 813 2272 869 id
2300 814 2478 869 solum
2506 813 2859 869 attenderunt
2886 811 3033 883 quod
3062 809 3431 865 immutaverit

1862 909 2072 964 Vultum
2098 922 2256 963 suum
2283 925 2299 973 ;
2326 906 2421 962 sed
2446 904 2698 960 videntur
2721 904 2853 959 mihi
2878 903 2933 959 id
2960 902 3263 975 neglexisse
3286 900 3431 971 quod

1865 1018 1992 1056 mox
2036 1001 2307 1071 sequitur,
2352 1014 2534 1054 coram
2580 996 2903 1052 Abimeleclt.
2928 998 2997 1052 At
3019 995 3163 1049 enim
3208 993 3431 1047 Anchus

1866 1093 2299 1164 alienigenarum
2322 1090 2552 1146 Getbam
2597 1088 2949 1144 incolentium
3002 1102 3097 1142 rex
3123 1092 3278 1153 erat;
3306 1083 3436 1140 Abi-

1865 1186 2074 1243 melech
2102 1200 2233 1241 vero
2262 1184 2521 1241 sacerdos
2541 1180 2636 1238 Dei
2670 1181 2838 1238 fuisse
2865 1185 3198 1235 memoratur
3226 1193 3242 1232 :
3271 1190 3433 1247 quem

1864 1278 2009 1334 item
2031 1276 2200 1333 David
2232 1274 2466 1340 adiisse,
2502 1283 2793 1343 antequam
2822 1272 2937 1345 regi
2979 1269 3205 1326 Auchus
3254 1284 3313 1324 se
3362 1266 3438 1322 si-

1866 1377 2071 1434 steret,
2123 1376 2452 1436 enarratur;
2505 1368 2582 1422 ait
2608 1366 2811 1437 quippe
2842 1364 3168 1436 Scriptura:
3203 1360 3272 1415 Et
3299 1360 3439 1416 venit
3475 1414 3484 1431 ,

1866 1460 2039 1516 David
2073 1462 2127 1515 in
2159 1459 2369 1515 Nobam
2403 1459 2471 1513 ad
2497 1455 2828 1512 Achimelech
2866 1454 3228 1516 sacerdotem,
3261 1462 3311 1507 et
3345 1450 3439 1506 ob-

1870 1552 2070 1622 stupuit
2117 1550 2443 1607 Achimelech
2487 1549 2552 1605 de
2603 1564 2827 1603 occursu
2870 1548 3027 1618 ejus;
3063 1556 3111 1601 et
3158 1545 3295 1599 dixit
3343 1546 3437 1598 ei:

1874 1648 2054 1716 Quare
2080 1655 2136 1701 tu
2160 1648 2306 1702 solus
2335 1656 2385 1701 et
2413 1625 2591 1701 nullus
2619 1655 2694 1700 est
2725 1654 2892 1701 tecum
2918 1647 2943 1701 ?
2971 1643 3039 1697 Et
3067 1644 3143 1696 ait
3167 1642 3338 1696 David
3366 1638 3436 1694 ad

1874 1740 2243 1796 sacerdotem:
2276 1737 2387 1792 Rex
2424 1738 2669 1807 prwcepit
2705 1735 2834 1789 milii
2870 1749 3161 1789 sermonem
3200 1730 3350 1785 hodie
3387 1739 3437 1783 et

1874 1833 2013 1888 dixit
2040 1832 2168 1887 mihi
2196 1848 2214 1887 :
2246 1830 2416 1887 Nemo
2445 1831 2579 1884 sciat
2608 1842 2717 1883 rem
2744 1837 2954 1897 propter
2978 1844 3135 1898 quam
3160 1842 3252 1896 ego
3286 1826 3437 1878 mitto

192 1924 291 1977 ται
315 1941 416 1993 μοι
438 1925 604 1992 ῥῆμα
626 1924 892 1995 σήμερον
910 1926 1007 1980 καὶ
1034 1921 1165 1980 εἶπέ
1186 1943 1304 1996 μοι·
1323 1926 1548 1995 Μηδεὶς
1573 1925 1772 1997 γνώτω

1878 1938 1922 1983 te
1940 1968 1955 1993 ,
1981 1937 2029 1983 et
2053 1926 2117 1981 de
2142 1943 2247 1998 qua
2274 1924 2494 1996 prazcepi
2537 1922 2631 1977 tibi
2653 1937 2672 1987 ;
2700 1930 2749 1976 et
2775 1921 2951 1990 pueris
2981 1920 3293 1988 testiﬁcatus
3321 1931 3437 1969 sum

194 2015 265 2069 τὸ
295 2013 461 2085 ῥῆμα
496 2015 629 2085 περὶ
678 2013 749 2072 οὗ
807 2015 923 2087 ἐγὼ
977 2015 1335 2071 ἀποστέλλω
1359 2031 1452 2083 σε,
1488 2018 1771 2089 καὶ’ὐπὲρ

198 2102 274 2164 οὗ
307 2108 663 2177 ὲντέταλμαί
719 2123 839 2173 σοι,
901 2110 998 2164 καὶ
1030 2109 1154 2176 τοῖς
1209 2108 1540 2179 παιδαρίοις
1576 2109 1773 2181 διαμε-

192 2202 573 2271 μαρτύρημαι
623 2203 694 2256 ἐν
739 2202 819 2269 τῷ
846 2202 1006 2270 τόπῳ
1036 2203 1118 2269 τῷ
1173 2201 1475 2274 λεγομένῳ
1503 2202 1649 2258 Θεοῦ
1678 2204 1775 2258 πί·-

199 2310 356 2361 στις.
380 2295 491 2348 Kal
519 2294 637 2349 νῦν
660 2294 717 2349 ετ
737 2297 896 2349 εἰσιν
917 2294 1036 2350 ὑπὸ
1091 2295 1206 2364 τὴν
1256 2294 1425 2365 χεῖρά
1446 2311 1562 2349 σου
1586 2293 1769 2364 ἄρτοι,

198 2383 309 2451 δὸς
334 2387 421 2452 εις
441 2385 645 2456 χεῖράς
669 2404 790 2455 μου
831 2387 898 2441 τὸ
938 2386 1201 2457 εὑρεθέν.
1242 2388 1351 2442 Kal
1391 2389 1684 2457 ἀπεκρίθη
1739 2390 1773 2442 ό

198 2474 395 2542 ἱερεὺς
417 2474 498 2542 τῷ
536 2476 735 2545 Δαυῒδ,
764 2478 864 2532 καὶ
896 2473 1086 2532 εἶπεν
1121 2480 1241 2533 Οὐκ
1270 2479 1431 2534 εἰσὶν
1455 2479 1621 2548 ἄρτοι
1663 2477 1773 2543 ,βέ-

198 2567 370 2633 ὄηλοι
392 2567 507 2621 ὐπύ
540 2568 655 2638 τὴν
678 2567 847 2639 χεῖρά
863 2587 1006 2640 μου,
1038 2570 1127 2625 ὅτι
1157 2571 1293 2626 ἀλλ’
1327 2571 1368 2640 ἢ
1411 2571 1577 2641 ἄρτοι
1618 2572 1774 2643 ἅγιοι

198 2660 381 2712 εἰσιν·
421 2662 474 2713 el
516 2661 944 2733 πεφυλαγμένα
1000 2663 1074 2717 τὰ
1121 2658 1401 2733 παιδάριά
1443 2664 1615 2719 ἐστιν
1654 2664 1773 2720 ἀπὸ

200 2749 505 2820 γυναικὸς,
547 2752 647 2806 καὶ
711 2751 947 2823 φάγετε.
982 2755 1091 2810 Kal
1144 2755 1433 2825 ἀπεκρίθη
1458 2756 1640 2811 Δαυῒδ
1695 2756 1777 2824 τῷ

199 2840 363 2912 ἱερεῖ,
387 2841 484 2896 καὶ
502 2839 671 2897 εἴπεν
690 2839 867 2911 αὐτῷ·
898 2846 1050 2900 Ἀλλ’
1072 2846 1188 2901 ἀπὸ
1204 2846 1486 2917 γυναικὸς
1508 2847 1777 2920 ἀποσχή-

195 2935 352 3002 [teda
373 2932 547 3003 ἐχθὲς
570 2934 668 2988 καὶ
694 2934 900 3003 τρίτην
925 2933 1171 3004 ἡμέραν·
1195 2936 1266 2990 ἐν
1310 2934 1390 3003 τῷ
1415 2936 1680 3002 ἐξελθεῖν
1701 2954 1779 3008 με

202 3028 292 3093 εἰς
312 3024 455 3079 ὁδὸν
473 3024 680 3096 γέγονε
710 3025 781 3080 τὰ
807 3026 1084 3096 παιδάρια
1111 3027 1463 3098 ήγνισμένα·
1499 3030 1598 3083 καὶ
1625 3030 1777 3099 αὕτη

202 3118 245 3186 ἡ
275 3116 413 3183 ὁδὸς
437 3115 721 3185 ,βέϐηλοςο
757 3117 911 3171 διότι
938 3117 1207 3187 σήμερον
1227 3118 1655 3188 ἀγιασθήσεται
1683 3118 1781 3175 διὰ

203 3205 279 3261 τὰ
299 3208 488 3276 σκεύη
533 3225 673 3278 μου.
722 3209 831 3263 Kal
898 3208 1119 3262 ἔδωκεν
1167 3206 1327 3274 αὐτῷ
1382 3207 1696 3278 Ἀχιμέλεχ
1747 3210 1780 3263 ό

1871 2021 1926 2075 in
1961 2020 2074 2075 loco
2104 2020 2194 2090 qui
2222 2018 2439 2083 dicitur,
2474 2014 2570 2069 Dei
2603 2012 2756 2084 ﬁdes.
2782 2011 2942 2066 Nunc
2964 2013 3088 2082 ergo
3122 2011 3169 2064 si
3201 2008 3306 2063 sint
3342 2006 3438 2061 sub

1872 2129 2032 2167 manu
2067 2121 2159 2165 tua
2185 2125 2344 2179 panes
2370 2148 2384 2171 ,
2413 2106 2485 2161 da
2515 2107 2570 2160 in
2605 2121 2792 2159 manus
2826 2120 2970 2159 meas
3003 2101 3141 2174 quod
3176 2112 3437 2170 repertum

1872 2204 2055 2270 fuerit.
2093 2202 2163 2257 Et
2196 2198 2508 2270 respondens
2539 2195 2788 2253 sacerdos
2819 2195 3013 2250 Davidi
3042 2196 3117 2248 ait
3152 2193 3235 2247 illi
3260 2206 3280 2247 :
3313 2188 3438 2244 Non

1872 2304 1995 2348 sunt
2032 2308 2192 2362 panes
2232 2291 2360 2346 laici
2398 2288 2492 2344 sub
2531 2303 2692 2343 manu
2731 2303 2879 2353 mea,
2918 2285 3008 2340 sed
3043 2293 3246 2338 tantum
3278 2297 3441 2351 panes

1872 2386 2078 2454 sancti,
2119 2385 2167 2439 si
2204 2384 2570 2439 abstinuerunt
2615 2380 2767 2449 pueri
2815 2395 2849 2433 a
2890 2375 3236 2441 mulieribus,
3267 2388 3440 2428 come-

1872 2475 2000 2531 dite.
2031 2475 2095 2529 Et
2124 2475 2390 2545 respondit
2419 2471 2589 2528 David
2612 2471 2908 2535 sacerdoti,
2935 2477 2984 2525 et
3010 2468 3144 2523 dixit
3171 2469 3258 2522 ei:
3289 2464 3442 2520 Certe

1873 2585 1909 2622 α
1938 2566 2243 2622 mulieribus
2276 2565 2632 2621 continuimus
2663 2580 2759 2619 nos
2794 2561 2858 2616 ab
2890 2562 3002 2616 lteri
3032 2569 3081 2615 et
3111 2557 3304 2613 nudius
3338 2565 3444 2610 ter‘

1874 2660 2012 2724 tius,
2035 2658 2244 2730 quando
2269 2657 2462 2728 egressi
2488 2672 2671 2712 sumus
2700 2657 2754 2709 in
2779 2655 2917 2709 viam
2939 2696 2954 2717 ,
2982 2662 3031 2707 et
3059 2652 3271 2723 {uerunt
3293 2648 3446 2719 pueri
3536 2715 3549 2731 ⁸

1874 2751 2196 2819 sanctiﬁcati
2218 2766 2236 2804 :
2265 2765 2423 2818 porro
2453 2749 2535 2804 via
2562 2748 2674 2802 hate
2702 2746 2905 2815 polluta
2935 2753 3013 2800 est
3038 2760 3056 2808 ;
3084 2743 3173 2799 sed
3204 2744 3318 2813 ipsa
3346 2742 3441 2795 lio-

1875 2840 1960 2895 die
1974 2838 2607 2910 sanctiﬁcabiturpropter
2632 2854 2759 2891 uasa
2786 2853 2920 2890 mea.
2948 2834 3012 2889 Et
3041 2834 3183 2888 dedit
3209 2834 3257 2888 ei
3285 2831 3444 2885 Aelii—

1877 2931 2074 2988 meleclt
2101 2931 2344 2986 sacerdos
2370 2947 2527 3002 panes
2553 2929 2926 3000 propositionis
2948 2967 2962 2993 ,
2988 2943 3147 2998 neque
3166 2926 3300 2980 enim
3331 2929 3447 2977 erat

1879 3026 1953 3081 ibi
1980 3027 2166 3096 panis,
2198 3026 2301 3079 nisi
2333 3033 2537 3078 tantum
2566 3038 2728 3092 panes
2759 3020 2946 3089 faciei,
2976 3020 3067 3090 qui
3104 3017 3296 3073 sublati
3332 3016 3453 3086 fuc-

1881 3124 2003 3168 rant
2028 3131 2060 3167 a
2091 3113 2226 3182 facie
2249 3113 2463 3168 Domini
2484 3152 2498 3177 ,
2524 3120 2582 3165 ut
2609 3118 2888 3181 poneretur
2909 3109 3062 3179 panis
3090 3106 3316 3169 calidus,
3345 3118 3451 3172 qua

1881 3208 1966 3262 die
1997 3208 2196 3277 accepit
2225 3224 2311 3262 eos
2344 3208 2387 3260 ’.

205 3297 396 3366 ἱερεὺς
422 3299 564 3366 τοὺς
609 3299 831 3369 ἄρτους
866 3298 977 3369 τῆς
1009 3301 1367 3368 προθέσεως·
1419 3299 1509 3354 ὅτι
1563 3302 1675 3355 οὐκ
1716 3296 1795 3371 ἦν
1830 3299 2030 3369 ἄρτος,
2062 3290 2201 3354 ἀλλ’
2223 3300 2262 3368 ἣ
2289 3298 2450 3368 ἄρτοι
2477 3298 2585 3354 τοῦ
2607 3298 2931 3368 προσώπου
2964 3296 3018 3350 οἱ
3083 3295 3450 3365 ἀφῃρημένοι

202 3395 276 3449 ἐκ
297 3397 617 3466 προσώπου
642 3398 861 3467 Κυρίου
884 3397 994 3453 τοῦ
1034 3398 1433 3469 παρατεθῆναι
1465 3399 1646 3469 ἄρτον
1683 3400 1919 3470 θερμὸν,
1944 3394 1984 3472 ᾖ
2027 3398 2218 3470 ἡμέρᾳ
2241 3398 2456 3455 ἐλαϐεν
2474 3400 2715 3464 αὐτούς.

279 3487 465 3543 Ταῦτα
508 3490 604 3566 μὲν
650 3485 744 3543 οὖν
782 3491 816 3561 ὴ
854 3492 984 3561 περὶ
1027 3490 1124 3545 τοῦ
1192 3491 1478 3563 Ἀχιμέλεχ
1526 3492 1777 3564 διήγησις

1950 3493 2077 3549 llaec
2113 3492 2277 3547 habet
2315 3491 2558 3545 narratio
2596 3490 2689 3544 illa
2724 3486 2793 3543 de
2830 3484 3204 3541 Achimelech.
3244 3482 3451 3541 Deinde

204 3581 472 3655 περιέχει·
527 3580 653 3651 ἑξῆς
702 3581 760 3634 δὲ
808 3582 1075 3651 συνῆπται
1122 3582 1197 3647 ὡς
1227 3585 1425 3654 ἀνέστη
1476 3584 1639 3639 Δαυῒδ
1685 3588 1779 3640 κα)⁸

203 3676 410 3744 ἐερυγεν
433 3675 490 3726 ὲν
517 3677 583 3745 τῇ
614 3673 798 3744 ἡμέρᾳ
831 3675 1032 3746 ἐκείνῃ
1093 3674 1189 3728 τοῦ
1214 3692 1274 3729 τε
1315 3677 1600 3748 Ἀχιμέλεχ
1654 3677 1783 3730 ἁνα-

203 3767 482 3840 χωρήσας,
508 3761 639 3836 ἦλθε
684 3764 820 3837 πρὸς
856 3765 1082 3837 Ἀγχοῦς
1128 3766 1349 3837 βασιλέα
1409 3768 1447 3819 Γ
1452 3766 1532 3820 έθ.
1592 3768 1648 3821 ’0
1685 3768 1783 3839 μὲν
1838 3760 1844 3767 ’

205 3857 303 3914 οὖν
332 3876 413 3923 τις
444 3859 576 3931 ἐρεῖ,
606 3856 728 3910 ἐπεὶ
792 3857 865 3929 μὴ
934 3859 1227 3930 ἐμφέρεται
1261 3860 1319 3911 ὲν
1346 3861 1413 3930 τῇ
1476 3859 1686 3931 ἱστορίᾳ
1715 3862 1780 3931 τῇ

178 3950 354 4004 ’κατὰ
370 3948 462 4002 τὸν
518 3948 804 4019 Ἀχιμέλεχ
846 3964 864 3998 ι
898 3946 1195 4011 ἀλλοιώσας
1237 3948 1299 4002 τὸ
1348 3949 1637 4021 πρόσωπον
1690 3938 1785 4004 αύ-

156 4044 163 4048 ’
205 4041 307 4096 ⁴τοῦ
337 4044 365 4095 ὁ
396 4041 573 4107 Δαυῒδ,
613 4062 632 4095 ›
671 4043 810 4096 κατά
844 4040 1064 4111 σφάλμα
1112 4041 1322 4096 κεῖσθαι
1368 4043 1429 4096 τὸ
1460 4044 1629 4112 ὄνομα
1688 4040 1783 4096 τοῦ

222 4132 509 4205 ’Δϐιμὲλεχ
543 4135 663 4188 ἀντὶ
708 4133 802 4187 τοῦ
852 4132 1114 4204 ὀνόματος
1159 4132 1405 4204 Ἀγχούς·
1462 4131 1646 4201 σαφῶς
1675 4132 1785 4205 γὰρ

207 4225 307 4278 ἰπὶ
329 4224 421 4278 τοῦ
446 4225 669 4298 Ἀγχοῦς
700 4226 930 4299 εἴρηται·
950 4239 970 4275 ι
987 4223 1280 4289 ἀλλοιώσας
1298 4225 1359 4279 τὸ
1382 4233 1671 4296 πρόσωπον
1697 4225 1783 4279 αύ-

207 4319 333 4383 τοῦ,
362 4336 380 4369 ›
402 4319 487 4372 ὅτε
517 4319 609 4371 καὶ
639 4316 708 4372 τὰ
740 4316 891 4372 σίελα
910 4316 1073 4372 αὑτοῦ
1099 4318 1353 4390 κατέρρει
1375 4317 1468 4370 καὶ
1492 4317 1788 4388 ἐτυμπάνι-

211 4410 328 4476 ζεν.
367 4412 566 4483 Ἔργον
585 4410 643 4463 δὲ
676 4409 901 4481 Θρασὺν,
929 4410 1024 4465 καὶ
1062 4408 1330 4482 προπετὲς
1362 4404 1500 4463 εἶναι
1552 4411 1786 4482 ἠγοῦμαι

210 4498 279 4553 τδ
306 4497 679 4569 ἀποφήνασθαι
733 4495 936 4567 τολμᾷν
966 4496 1066 4567 τὴν
1099 4494 1248 4548 Θείαν
1291 4494 1510 4567 Γραεξὴν
1541 4498 1788 4569 ἡμαρτῆ-

216 4594 363 4656 aliut,
392 4591 485 4644 καὶ
508 4587 760 4642 τοσοῦτον
788 4588 1060 4660 περιέχειν
1089 4587 1334 4658 σφάλμα,
1378 4588 1454 4652 ὡς
1481 4588 1602 4641 ἀντὶ
1636 4588 1792 4643 ἀλλο-

1882 3585 2142 3655 adjicitur
2193 3599 2304 3653 quo
2346 3589 2507 3654 pacto
2546 3581 2716 3637 David
2768 3580 3071 3637 surrexerit
3120 3586 3175 3632 et
3204 3576 3453 3648 effugerit

1878 3678 1976 3733 illa
2009 3677 2130 3741 die,
2178 3691 2415 3745 cumque
2458 3675 2528 3729 ab
2582 3672 2932 3728 Achimelech
2985 3670 3352 3734 discessisset,
3383 3670 3452 3725 ad

1882 3769 2106 3823 Auchus
2118 3781 2299 3836 regem
2321 3766 2459 3821 Geth
2483 3765 2798 3820 accesserit.
2819 3764 2970 3819 Dicet
2987 3762 3123 3818 forte
3141 3762 3411 3832 quispiam
3432 3776 3450 3813 ι

1886 3864 2021 3918 Cum
2053 3862 2108 3915 in
2135 3859 2364 3914 historia
2392 3859 2458 3913 de
2490 3856 2837 3913 Achimelech
2864 3871 2973 3910 non
3000 3855 3208 3910 feratur
3237 3872 3255 3905 ι
3286 3853 3446 3906 Davi-

1884 3956 2006 4011 dem
2034 3954 2351 4008 immutasse
2384 3950 2589 4005 vultum
2617 3964 2798 4013 suum,
2827 3968 2846 4001 ι
2868 3948 3025 4018 lapsu
3064 3945 3322 4018 graphice
3353 3959 3457 4000 no-

1883 4062 2010 4102 men
2040 4043 2389 4100 Achimelech
2419 4057 2522 4113 pro
2550 4042 2770 4097 nomine
2808 4040 3035 4096 Anchus
3062 4037 3299 4109 positum
3321 4047 3406 4093 est
3432 4048 3448 4094 :'

1885 4139 2032 4194 clare
2062 4137 2209 4194 enim
2256 4136 2314 4191 in
2360 4134 2590 4191 historia
2627 4133 2849 4190 Anchus
2897 4133 3102 4189 dicitur
3137 4133 3455 4202 immutasse

1884 4232 2097 4287 vultum
2144 4245 2326 4297 suum,
2374 4227 2594 4299 quando
2636 4228 2820 4283 saliva:
2868 4227 2988 4297 ejus
3037 4225 3371 4290 dimuebant,
3404 4233 3458 4279 et

1885 4322 2044 4393 quasi
2072 4329 2332 4394 tympano
2358 4320 2631 4392 pulsabat.
2664 4319 2733 4373 At
2756 4334 2857 4390 ego
2877 4318 3056 4372 audax
3079 4318 3454 4374 temerarium-

1887 4431 1995 4487 que
2026 4414 2236 4470 facinus
2263 4414 2504 4468 arbitror
2535 4427 2679 4477 esse,
2711 4413 3069 4482 pronuntiare
3120 4410 3461 4467 conﬁdenter

1886 4508 2126 4564 divinam
2154 4506 2491 4577 Scripturam
2516 4506 2724 4574 lapsam
2743 4518 2885 4568 esse,
2905 4512 2959 4559 et
2980 4504 3085 4558 tale
3105 4503 3293 4557 vitium
3319 4516 3455 4573 pra:-

1890 4598 2051 4663 ferre,
2085 4605 2145 4652 ut
2181 4613 2280 4667 pro
2310 4598 2428 4652 viro
2473 4596 2779 4665 alienigena
2820 4596 3077 4651 sacerdos
3111 4594 3324 4648 Domini
3358 4609 3459 4662 po-

215 4681 384 4752 φύλου
415 4680 604 4752 ἀνδρὸς
635 4679 781 4751 ἱερέα
847 4679 980 4733 Θεοῦ
1013 4678 1379 4752 παρενθείναν
1442 4679 1676 4750 μάλιστα
1701 4681 1780 4734 ὅτε

1890 4698 2091 4756 natur;
2129 4703 2255 4743 cum
2299 4688 2537 4742 maxime
2568 4685 2834 4741 chraica
2868 4685 3107 4740 lectio.et
3136 4684 3328 4754 reliqui
3375 4684 3459 4738 in-

210 4776 314 4831 καὶ
336 4775 371 4845 ἡ
412 4773 672 4844 Ἑϐραῖκὴ
703 4772 1005 4841 ἀνάγνωσις
1038 4774 1134 4825 καὶ
1164 4774 1210 4825 οἱ
1254 4772 1430 4825 λοιποὶ
1459 4772 1780 4843 ἑρμηνευταῖ

1891 4787 2161 4851 tcrpretes
2207 4795 2396 4835 omnes
2436 4778 2764 4833 Achimelech
2824 4776 3231 4832 circumferant.
3271 4775 3461 4832 Restat

216 4868 420 4931 πάντες
442 4866 531 4919 τὸν
568 4863 853 4935 Ἀχιμέλεχ
871 4863 1228 4935 περιέχουσιν.
1265 4862 1473 4917 Οὐκοῦν
1499 4863 1780 4918 ἀκόλουθον

1892 4872 2082 4943 igitur,
2112 4872 2331 4943 quando
2382 4872 2670 4942 inscriptio
2696 4885 2823 4925 vera
2855 4868 3079 4939 profert,
3114 4878 3171 4924 ut
3204 4870 3459 4941 exquira-

217 4958 289 5014 ἂν
312 4960 418 5030 εἴη,
444 4955 810 5029 ἀληθευούσης
839 4956 939 5026 τῆς
971 4956 1313 5027 προγραφῆς,
1344 4955 1623 5027 ἐπιζητεῖν
1673 4954 1791 5021 πῶς

218 5051 317 5106 καὶ
345 5050 473 5104 πότε
515 5048 813 5115 ἠλλοίωσε
875 5049 940 5102 τὸ
999 5049 1319 5117 πρόσωπον
1366 5048 1552 5103 αὑτοῦ
1614 5029 1800 5109 Δαυῒὸί

217 5142 498 5198 ἐναντίον
559 5142 884 5213 Ἀϐιμέλεχ,
932 5143 1031 5196 καὶ
1091 5138 1403 5197 ἀπέλυσεν
1449 5143 1653 5209 αὐτὸν,
1693 5144 1794 5198 καὶ

219 5235 476 5305 ἀπῆλθε.
505 5236 659 5290 Δοκεῖ
683 5235 744 5304 δή
770 5252 858 5306 μοι
887 5236 950 5288 ὲκ
973 5235 1070 5306 τῆς
1099 5235 1453 5308 παραθέσεως
1468 5236 1574 5291 τῶν
1595 5232 1796 5293 λοιπῶν

222 5326 574 5401 ἓρμηνευτῶν
598 5326 782 5389 λύσεις
826 5325 1170 5397 εὑρίσκεσθαι
1197 5326 1291 5380 τοῦ
1336 5325 1690 5401 ζητουμένου.
1735 5328 1793 5381 ’0

226 5421 327 5492 μὲν
356 5418 465 5491 γὰρ
508 5417 738 5483 Ἀκύλας
773 5417 867 5470 καὶ
895 5418 929 5490 ἡ
961 5417 1182 5489 πέμπτη
1214 5418 1421 5484 ἔκδυσις
1464 5419 1652 5473 τοῦτον
1688 5423 1791 5492 ηρ-

226 5484 502 5584 μηνεῦσαν
523 5511 614 5565 τὸν
641 5511 859 5584 τρόπον’
898 5484 1007 5564 ibi}
1036 5484 1226 5563 ‘Aavib‘
1256 5510 1354 5565 ὅτε
1402 5484 1811 5582 ﬁnalibus-rbi

224 5605 417 5677 γεῦμα
451 5604 637 5659 αὐτοῦ
679 5607 766 5670 εἰς
813 5603 1136 5672 πρόσωπον
1173 5598 1498 5674 Ἀϐιμέλεχ,
1534 5605 1633 5658 καὶ
1664 5598 1809 5668 ἐξὲξ

227 5700 414 5752 δαῖεν
430 5697 635 5761 αὐτὸν.
698 5696 795 5751 καὶ
840 5695 1093 5766 ἀπῆλθε.
1143 5696 1369 5768 Μήποτε
1395 5695 1504 5768 γὰρ
1548 5696 1637 5752 διὰ
1669 5698 1794 5761 τοὺς

304 5880 327 5912 ⁸
362 5877 384 5931 ι
419 5876 550 5950 Reg.
589 5876 837 5946 und—6.

1887 4980 2018 5019 mus
2039 4963 2312 5035 quomodo
2338 4971 2392 5019 et
2421 4962 2641 5032 quando
2663 4960 2831 5017 David
2862 4961 3062 5016 vultum
3084 4976 3237 5017 suum
3264 4966 3458 5015 immu-
3492 5026 3499 5039 .

1893 5058 2022 5110 tavit
2052 5072 2231 5110 coram
2278 5054 2597 5121 Abimelech,
2633 5065 2682 5109 et
2719 5055 2919 5109 dimisit
2948 5072 3084 5118 eum,
3110 5066 3159 5111 et
3183 5057 3333 5112 abiit.
3365 5054 3461 5111 Vio

1895 5148 2056 5204 detur
2078 5163 2211 5204 sane
2244 5147 2375 5202 mihi
2413 5164 2481 5203 ex
2505 5156 2825 5203 eaetcrorum
2856 5149 3206 5219 interpretum
3241 5164 3461 5219 compa-

1895 5240 2108 5296 ratione
2162 5239 2376 5308 (ιιιωείιὶ
2408 5240 2707 5294 solutiones
2733 5239 3237 5309 suppeditari.Nam
3264 5240 3459 5313 Aquila

1896 5341 1947 5388 et
1979 5333 2167 5403 quinta
2197 5333 2363 5388 editio
2390 5332 2494 5388 boc
2519 5341 2678 5402 pacto
2713 5333 3052 5405 interpretati
3093 5342 3220 5391 sunt
3250 5350 3263 5387 :
3300 5334 3462 5388 Davi-

1894 5422 1977 5478 dis
2005 5424 2215 5497 quando
2265 5424 2561 5477 immutavit
2588 5433 2799 5494 gustum
2840 5442 2993 5479 suum
3025 5426 3094 5479 ad
3122 5425 3307 5495 [aciem
3328 5424 3459 5477 Abi-

1893 5514 2111 5579 melecli,
2172 5523 2223 5569 et
2283 5514 2432 5583 ejecit
2474 5529 2617 5578 eum,
2675 5524 2724 5569 et
2799 5514 2952 5571 abiit.
3028 5514 3191 5570 Forte
3239 5526 3458 5586 propter

1894 5622 2065 5679 panes
2096 5605 2509 5677 propositionis,
2537 5622 2678 5677 quos
2727 5621 2853 5662 cum
2896 5608 3195 5678 accepisset
3226 5606 3296 5662 ab
3331 5606 3461 5662 Abi-

1892 5697 2126 5763 mclecb,
2160 5696 2395 5765 comedit
2429 5697 2547 5769 ipse
2598 5703 2653 5752 et
2694 5696 2848 5767 pueri
2882 5698 2973 5767 qui
3019 5711 3142 5751 cum
3175 5711 3241 5753 eo
3280 5703 3457 5763 erant,
