4010 6538
590 414 692 476 291

1274 409 1542 470 EUSEBII
1574 400 2239 466 CAESARIENSIS'OPP.
2280 396 2460 456 PARS
2519 380 2693 451 11L;—
2727 374 3127 447 EXEGETICL

3760 380 3884 435 29?.

592 533 917 589 immutasse
965 532 1162 587 dicithr
1197 539 1414 602 gustum
1444 546 1602 585 suum
1640 529 1707 584 ad
1733 526 1926 582 faciem
1949 523 2163 579 Abime-

2270 520 2466 591 ἄρτους
2484 516 2583 586 τῆς
2617 511 2943 584 προθέσεως,
2965 507 3060 571 οὓς
3088 502 3264 559 λαϐὼν
3293 501 3445 574 παρὰ
3472 499 3567 554 τοῦ
3620 499 3881 571 ’Δδιμέ-

595 626 744 682 lech.
776 626 912 681 Cum
937 625 1080 680 enim
1120 624 1514 679 sanctiﬁcatum
1549 623 1730 676 cibum
1759 617 2073 679 comederit,
2100 630 2164 670 ac

596 718 965 774 sacerdotales
997 733 1186 787 panes,
1214 717 1413 786 quibus
1436 714 1658 770 nonnisi
1703 712 1834 769 solis
1864 707 2162 766 sacerdoti-

594 810 699 866 bus
728 811 802 864 uti
843 809 1057 874 licebat,
1101 808 1405 862 immulavit
1445 815 1662 877 gustum
1708 818 1889 860 suum.
1918 800 2166 871 Symma—

594 901 731 956 chus
759 916 887 955 vero
922 916 1044 954 cum
1070 900 1223 961 dicit,
1262 898 1477 952 Davidis
1520 896 1728 969 quando
1762 892 2166 964 transformat/it

593 1008 789 1048 morem
821 1010 974 1047 suum
1010 1009 1186 1045 coram
1219 991 1535 1056 Abimelech,
1572 991 1734 1044 alium
1768 1004 1989 1045 sensum
2035 988 2166 1043 sub-

587 1088 729 1158 jicit,
759 1088 887 1142 dum
933 1088 1006 1141 ait
1032 1102 1239 1141 morem
1283 1084 1506 1140 Davidis
1552 1084 1897 1138 immutatum
1931 1082 1986 1135 in
2029 1097 2162 1136 con-

592 1189 783 1251 spectu
815 1179 1157 1234 Abimelech:
1204 1178 1331 1247 quia
1378 1176 1589 1231 scilicet
1626 1174 1995 1243 interrogatus
2044 1187 2165 1241 quae

592 1288 760 1330 causa
792 1279 1055 1342 susceptae
1082 1271 1181 1325 viae
1223 1270 1326 1323 sibi
1355 1276 1522 1331 esset,
1564 1267 1826 1321 mentitus
1853 1272 1958 1328 est,
1986 1279 2049 1318 ac
2076 1278 2165 1318 sa-

592 1368 868 1423 cerdotem
906 1365 1129 1420 fefellit:
1166 1364 1403 1417 alienum
1434 1360 1635 1431 quippe
1667 1359 1883 1413 Davidis
1922 1357 2163 1411 moribus

592 1467 709 1515 erat
742 1457 958 1513 fallacia
990 1457 1091 1519 uti,
1149 1470 1257 1525 qua
1306 1460 1487 1507 tamen
1521 1433 1670 1507 usus
1688 1466 1753 1505 eo
1791 1458 2034 1519 tempore
2062 1448 2165 1500 im-

590 1550 821 1603 mutavit
846 1563 1049 1615 morem
1085 1561 1269 1611 suum,
1311 1544 1609 1617 secundum
1644 1541 2045 1614 Symmachum.
2084 1538 2163 1592 Ex

591 1640 752 1696 dictis
796 1653 959 1709 porro
995 1640 1167 1707 ipsam
1225 1651 1445 1707 quoque
1498 1634 1853 1704 Septuaginta
1904 1632 2163 1685 Virorum

590 1732 1093 1803 interpretationem
1127 1730 1370 1784 historiae
1392 1727 1725 1784 Abimelechi
1750 1725 2005 1795 adaptare
2033 1725 2164 1779 lice-

591 1823 692 1888 bit,
720 1837 841 1892 qum
871 1828 1059 1875 narrat
1104 1819 1359 1875 Davidem
1402 1819 1721 1873 immutasse
1748 1818 1956 1871 vultum
2003 1830 2161 1869 suum

2264 612 2379 681 λεχ,
2409 608 2609 678 ἔφαγεν
2654 603 2812 666 αὐτὸς
2841 602 2935 655 καὶ
2972 600 3039 653 τά
3096 596 3356 667 παιδάρια
3401 593 3469 647 τὰ
3502 592 3629 664 μετ’
3664 593 3877 653 αὑτοῦ,

2263 701 2616 775 ἡλλοιωκέναι
2644 697 2860 766 λέγεται
2913 696 2975 747 τὸ
3000 690 3180 761 γεῦμα
3223 686 3387 743 αὑτοῦ
3434 687 3514 749 είς
3546 685 3880 757 πρόσωπον

2278 795 2583 866 Ἀϐιμέλεχ.
2612 789 2975 861 Ἠγιασμένης
3002 785 3109 856 γάρ
3131 782 3334 855 τροφῆς
3351 778 3739 849 γευσάμενος,
3776 776 3880 829 καὶ

2262 888 2370 941 τῶν
2399 888 2577 959 ἀρτων
2600 885 2705 937 τῶν
2762 878 3067 950 ἱερατικῶν,
3101 871 3182 939 οἷς
3213 874 3313 927 οὐκ
3355 872 3481 942 ἐξῆν
3527 869 3878 942 χρήσασθαι

2263 981 2312 1033 εί
2344 979 2418 1051 μὴ
2447 978 2623 1049 μόνοις
2656 978 2767 1039 τοῖς
2797 968 3322 1044 ίερεῦσιν,ἡλλοίωσε
3347 965 3407 1019 τὸ
3437 964 3535 1033 γεῦ
3546 982 3628 1035 μα
3667 962 3873 1017 αὑτοῦ.
3966 972 3967 997 ‘

2276 1073 2334 1126 '0
2357 1073 2412 1125 δὲ
2433 1072 2724 1142 Σύμμαχος
2753 1064 2940 1120 εἰπών·
2975 1063 3085 1118 Τοῦ
3119 1060 3296 1115 Δαυῒδ
3335 1059 3514 1113 ὁπότε
3555 1059 3875 1125 μετεμὸρ-
3966 1090 3967 1093 η

2263 1180 2428 1234 φωσε
2458 1162 2563 1216 τὸν
2590 1162 2812 1229 τρόπον
2853 1158 2961 1212 τὸν
2991 1154 3208 1209 ἑαυτοῦ
3248 1152 3597 1221 ἔμπροσθεν
3630 1149 3877 1218 Ἀειμὲ-

2262 1262 2395 1327 λεχ,
2438 1256 2627 1325 ἑτέραν
2674 1254 2908 1307 διάνοιαν
2952 1246 3310 1315 ὑποϐέϐληκε,
3363 1242 3455 1295 τὸν
3501 1241 3735 1312 τρόπον
3781 1240 3874 1291 τώ

2263 1350 2426 1403 Δαυῖδ
2452 1346 2772 1418 ἠλλοιῶσθαι
2826 1345 3001 1413 φήσας
3036 1336 3341 1411 ἔμπροσθεν
3411 1332 3757 1403 Ἀϐιμέλεχ,
3792 1333 3874 1385 διὰ

2262 1445 2342 1508 τὸ,
2371 1412 2704 1515 ἐρωτηθέντα
2735 1437 2817 1499 τίς
2844 1434 2929 1503 εἴη
2956 1431 3102 1501 αὐτῷ
3136 1433 3168 1500 ἠ
3225 1428 3369 1482 αἰτία
3402 1426 3502 1495 τῆς
3530 1424 3699 1483 ὁδοῦ.
3742 1424 3875 1493 ψεύ-
3966 1412 3967 1461 ἶ

2266 1534 2459 1590 σασθαι
2487 1534 2581 1585 καὶ
2610 1523 3078 1602 παραλογίσασθαι
3106 1523 3195 1574 τὸν
3230 1519 3399 1591 ἱερέα·
3421 1515 3733 1602 ἀλλότριον
3769 1516 3873 1602 γὰρ

2263 1622 2330 1697 ἦν
2361 1624 2452 1679 τοῦ
2495 1622 2696 1694 τρόπου
2744 1617 2837 1671 τοῦ
2880 1612 3042 1668 Δαυῖδ
3097 1612 3157 1664 τὸ
3201 1610 3386 1681 ἀπάτῃ
3444 1600 3870 1676 κεχρῆσθαι,ᾖ
3966 1644 3967 1697 ἢ

2264 1720 2383 1774 κατ’
2406 1720 2607 1771 ἐκεῖνον
2655 1713 2745 1767 τὸν
2805 1710 2995 1782 καιρὸν
3042 1704 3404 1779 χρησάμενος,
3457 1699 3751 1769 ἠλλοίωσε
3782 1700 3871 1751 τὸν

2263 1814 2459 1885 τρόπον
2490 1808 2675 1872 αὐτοῦ,
2701 1805 2843 1861 κατά
2872 1804 2964 1857 τὸν
2995 1802 3307 1872 Σύμμαχον.
3354 1797 3447 1848 Ἐκ
3466 1794 3522 1885 δέ
3552 1787 3675 1845 τῶν
3718 1796 3871 1865 aim-

592 1930 777 1969 coram
822 1911 1156 1976 Abimelech,
1192 1911 1321 1981 quia
1363 1924 1473 1964 non
1519 1908 1621 1978 ipsi
1651 1923 1836 1962 veram
1879 1899 2015 1977 fugae
2048 1921 2161 1961 sua:

2268 1882 2442 1976 μένων
2466 1902 2560 1954 καὶ
2592 1900 2689 1970 τὴν
2712 1896 2820 1951 τῶν
2854 1892 3254 1963 Ἐϐδομήκοντα
3285 1882 3582 1957 ἑρμηνείαν
3609 1884 3872 1953 ἐφαρμό-

591 2022 816 2061 causam
868 2005 1263 2068 declaraverat,
1318 2001 1411 2057 sed
1452 1999 1718 2055 fefellerat
1765 2014 1888 2053 eum
1917 1998 2021 2051 alia
2061 2012 2160 2068 pro

594 2101 717 2155 aliis
750 2102 1001 2165 locutus;
1037 2100 1111 2150 ita
1138 2104 1196 2150 ut
1246 2096 1410 2150 etiam
1451 2094 1687 2149 Goliathi
1713 2092 1970 2147 frameam
2002 2091 2071 2145 ab
2097 2105 2163 2145 eo

595 2189 883 2259 acceperit,
921 2187 1131 2257 ipsique
1175 2185 1438 2256 perniciei
1464 2198 1632 2239 causa
1680 2183 1862 2237 fuerit.
1908 2182 2022 2237 Sub
2049 2182 2164 2236 haec

596 2281 739 2336 enim
764 2278 893 2334 Saul
914 2296 1036 2334 cum
1062 2294 1175 2334 rem
1209 2286 1415 2350 gestam
1445 2277 1743 2341 didicisset,
1774 2276 1925 2331 misit
1952 2276 2047 2345 qui
2066 2290 2161 2329 oc-

595 2373 837 2427 ciderent
863 2371 1176 2427 Abimelech
1201 2378 1255 2426 et
1286 2385 1473 2425 omnes
1508 2368 1821 2424 sacerdotes
1850 2367 2085 2431 Domini,
2110 2373 2166 2421 et

592 2463 803 2520 Nobam
842 2465 1118 2520 civitatem
1162 2464 1506 2520 sacerdotum
1557 2463 1847 2532 percussit.
1893 2461 2164 2530 Gestaque

593 2557 710 2614 hanc
759 2559 942 2614 omnia
992 2565 1140 2623 sunt,
1192 2557 1320 2628 quia
1370 2556 1541 2615 David
1590 2556 1897 2612 immutavit
1941 2554 2164 2609 modum

594 2668 775 2720 suum,
823 2660 917 2706 aut
945 2640 1153 2707 vultum
1188 2667 1345 2706 suum
1404 2650 1459 2703 in
1503 2657 1799 2720 conspectu
1828 2646 2160 2702 Abimelech.

591 2739 904 2814 Regnorum
960 2740 1239 2813 Scriptura
1276 2741 1607 2795 Achimetech
1642 2741 1837 2806 habet;
1871 2756 1941 2795 ne
1974 2755 2041 2794 ex
2075 2739 2166 2792 lit-

592 2839 723 2888 terae
768 2834 1195 2888 commutatione
1244 2832 1514 2902 quispiam
1561 2839 1891 2887 moveatur:
1941 2845 2066 2883 nam
2098 2845 2164 2884 ex

591 2942 653 2983 ea
676 2942 797 2997 qua:
822 2926 1109 2981 intercedit
1138 2928 1280 2981 inter
1304 2926 1511 2981 litteras
1542 2923 1670 2978 Beth
1702 2930 1756 2978 et
1782 2920 1947 2992 Caph,
1979 2929 2039 2976 ut
2060 2920 2167 2976 He-

592 3019 720 3073 braei
767 3028 987 3079 vocant.
1029 3017 1405 3084 similitudine,
1454 3016 1668 3071 diverse
1708 3028 1906 3068 nomen
1960 3012 2165 3066 editum

593 3109 696 3164 fuit
726 3128 739 3163 :
770 3108 1040 3180 siquidem
1077 3124 1184 3162 una
1206 3107 1504 3177 eademque
1536 3105 1648 3160 fere
1673 3103 1905 3158 duorum
1931 3103 2167 3158 elemen-

591 3208 774 3263 torum
808 3198 1000 3269 ﬁgura,
1029 3197 1352 3253 brevissimo
1379 3196 1533 3266 apice
1562 3195 1738 3250 solum
1769 3193 2159 3263 distinguente.

592 3292 653 3346 in
709 3289 1017 3360 Evangeliis
1090 3303 1253 3358 porro
1309 3287 1540 3357 hujusce
1605 3285 1849 3341 historiae
1903 3284 2163 3339 Davidem

594 3383 894 3453 spectantis
941 3381 1191 3436 Salvator
1236 3380 1483 3436 meminit
1532 3380 1616 3434 his
1657 3379 1835 3433 verbis
1864 3397 1877 3432 :
1906 3376 2032 3432 Non
2084 3377 2162 3431 te-

592 3476 746 3545 gistis
783 3472 906 3542 quid
931 3473 1112 3543 fecerit
1150 3472 1339 3536 David,
1370 3472 1579 3542 quando
1611 3472 1817 3533 esuriit,
1853 3480 1901 3524 et
1930 3472 2019 3541 qui
2045 3487 2163 3525 cum

590 3580 651 3619 co
681 3574 873 3619 erant:
898 3563 1153 3633 quomodo
1180 3565 1397 3618 intravit
1427 3565 1481 3618 in
1521 3563 1733 3618 domum
1767 3563 1885 3629 Dei,
1915 3572 1965 3618 et
1995 3580 2157 3633 partes

590 3658 963 3727 propositionis
986 3656 1229 3722 comedit,
1270 3674 1399 3728 quos
1444 3675 1547 3712 non
1578 3658 1763 3712 licebat
1793 3659 1841 3712 ei
1871 3656 2042 3721 edere,
2075 3674 2164 3711 nc-

589 3763 689 3818 que
721 3750 786 3802 iis
815 3750 904 3818 qui
932 3765 1052 3802 cum
1084 3766 1143 3803 eo
1175 3758 1346 3815 erant,
1378 3750 1481 3803 nisi
1523 3749 1654 3803 solis
1698 3748 2058 3804 sacerdotibus
2083 3749 2165 3802 ‘°?

593 3837 708 3894 Hoc
733 3839 787 3894 in
811 3839 1102 3910 Ev‘angelio
1149 3840 1449 3896 secundum
1477 3839 1789 3896 Matthaeum
1823 3841 2028 3896 dictum
2058 3847 2161 3895 est.

590 3931 727 3987 Cum
760 3939 940 3987 autem
988 3933 1045 3986 in
1098 3930 1393 4002 Evangelio
1443 3932 1743 3987 secundum
1798 3931 2040 3987 Marcum
2090 3930 2163 3983 ita

592 4024 834 4078 locutum
867 4022 1204 4078 Salvatorem
1247 4038 1369 4079 esse
1404 4025 1717 4080 scribatur:
1758 4022 2047 4093 Nunquam
2095 4020 2166 4075 le-

593 4117 744 4187 gistis
786 4117 911 4187 quid
952 4117 1130 4185 fecerit
1176 4116 1369 4183 David,
1415 4117 1624 4188 quando
1674 4117 2040 4170 necessitatem
2078 4113 2168 4167 Ita-

595 4207 729 4274 buit,
752 4218 801 4261 et
832 4209 1016 4261 esuriit
1072 4210 1179 4278 ipse
1214 4219 1265 4265 et
1302 4210 1391 4279 qui
1421 4226 1538 4262 cum
1581 4226 1640 4263 eo
1678 4211 1872 4262 erant?
1905 4205 2166 4277 quomodo

595 4299 830 4368 introivit
864 4300 917 4352 in
947 4298 1159 4352 domum
1188 4298 1286 4353 Dei
1324 4299 1417 4353 sub
1449 4298 1707 4352 Abiathar
1730 4298 1962 4367 principe
1992 4313 2166 4350 sacer-

595 4389 801 4455 dotum,
834 4399 885 4445 et
921 4408 1081 4461 panes
1135 4392 1508 4461 propositionis
1557 4390 1892 4444 manducavit
1921 4390 1999 4442 “?
2041 4389 2164 4458 quis

596 4498 707 4538 non
736 4482 904 4536 animi
941 4483 1171 4552 pendeat
1203 4490 1497 4552 quaeratve,
1533 4496 1639 4550 qua
1677 4481 1887 4533 ratione
1917 4479 2005 4533 hic
2038 4476 2165 4534 Ser-

2264 2014 2376 2060 σεις
2403 1998 2469 2066 τῇ
2522 1991 2664 2047 κατὰ
2710 1988 2800 2043 τὸν
2843 1984 3129 2055 Ἀϐιμέλεχ
3184 1979 3411 2051 ἱστορίᾳ,
3465 1977 3709 2048 φησάσῃ
3780 1976 3869 2044 i3).-

2260 2088 2542 2142 λοιωκέναι
2566 2085 2656 2138 τὸν
2707 2080 2867 2136 Δαυῒδ
2912 2080 2971 2132 τὸ
3029 2077 3317 2149 πρόσωπον
3371 2070 3567 2125 ἑαυτοῦ
3620 2069 3863 2123 ἐνώπιον

2274 2178 2581 2249 Ἀϐιμέλεχ,
2608 2172 2696 2227 διὰ
2737 2173 2797 2225 τὸ
2833 2172 2906 2242 μὴ
2970 2167 3300 2237 ἀπαγγεῖλαι
3336 2162 3500 2233 ,αὐτῷ
3539 2162 3644 2214 τὸν
3679 2160 3864 2231 ἀληθῆ

2261 2269 2417 2338 λόγον
2472 2268 2572 2337 τῆς
2624 2262 2815 2319 ἑαυτοῦ
2871 2262 3067 2332 φυγῆς,
3130 2253 3609 2329 παραλογίσασθαι
3651 2254 3717 2307 δὲ
3777 2255 3863 2306 καὶ

2263 2360 2424 2431 ἕτερα
2452 2357 2568 2412 ἀνθ’
2601 2355 2803 2426 ἐτέρων
2837 2355 3031 2405 εἰπεῖν’
3052 2350 3127 2413 ὡς
3154 2349 3245 2401 καὶ
3288 2347 3385 2418 τὴν
3429 2345 3719 2417 ῥομφαίαν
3770 2342 3861 2396 τοῦ

2264 2448 2455 2503 Γολιάθ
2485 2448 2611 2519 παρ’
2641 2445 2803 2501 αὑτοῦ
2852 2441 3128 2508 δέξασθαι,
3178 2439 3428 2509 γενέσθαι
3484 2454 3547 2490 τε
3581 2436 3750 2507 αὐτῷ
3784 2436 3862 2488 αἶ-

2262 2560 2374 2596 τιον
2399 2542 2692 2604 ἀπωλείας.
2716 2537 2918 2593 Μαθὼν
2949 2536 3057 2608 γὰρ
3087 2534 3224 2607 μετὰ
3248 2533 3416 2588 ταῦτα
3446 2531 3629 2587 Σαοὺλ
3657 2533 3732 2585 τὰ
3769 2549 3863 2584 πε-

2264 2633 2573 2706 πραγμένα,
2604 2629 2825 2701 πέμψας
2860 2629 3066 2682 ἀνεῖλεν
3126 2624 3284 2678 αὐτόν
3324 2641 3383 2677 τε
3427 2622 3519 2677 τὸν
3558 2623 3858 2693 Ἀϐιμέλεχ

2264 2730 2356 2782 καὶ
2396 2728 2603 2788 πάντας
2652 2726 2779 2786 τοὺς
2828 2724 2989 2794 ἱερεῖς
3020 2718 3112 2773 τοῦ
3147 2719 3353 2789 Κυρίου
3404 2716 3497 2770 καὶ
3521 2716 3627 2784 τὴν
3674 2716 3856 2768 Ναϐὰν

2263 2822 2363 2893 τὴν
2394 2818 2547 2873 πόλιν
2572 2816 2679 2872 τῶν
2727 2814 2915 2887 ἱερέων
2971 2812 3227 2878 ἐπάταξε.
3284 2810 3394 2865 Καὶ
3435 2808 3617 2862 ταῦτα
3678 2810 3855 2862 πάντα
3958 2876 3959 2881 η

2266 2915 2598 2987 πέπρακται,
2629 2910 2761 2964 διότι
2780 2907 3037 2979 ὴλλοίωσε
3064 2905 3225 2959 Δαυῖδ
3268 2904 3359 2957 τὸν
3385 2902 3587 2973 τρόπον
3624 2902 3799 2955 αὐτοῦ
3826 2900 3853 2969 ἦ

2265 3008 2326 3062 τὸ
2355 3007 2643 3079 πρόσωπον
2675 3001 2839 3056 αὐτοῦ
2889 2998 3117 3053 ἐνώπιον
3148 2996 3451 3068 Ἀϐιμέλεχ.
3492 2994 3701 3047 Ἠτῶν
3756 2994 3855 3045 Βα-

2267 3097 2482 3154 σιλειῶν
2502 3096 2691 3168 Γραφὴ
2727 3092 3030 3163 Ἀχιμέλεχ
3076 3090 3339 3162 περιέχει·
3376 3087 3691 3157 ὲναλλαγῆς
3714 3104 3853 3139 στοι-

2269 3192 2413 3264 χείου
2434 3188 2751 3260 γενομένης,
2788 3184 2939 3237 οὐδὲν
2973 3185 3054 3237 δεῖ
3101 3179 3385 3235 κινεῖσθαι·
3434 3177 3586 3249 παρὰ
3618 3179 3736 3249 γὰρ
3764 3177 3855 3247 τὴν

2264 3282 2555 3354 ὁμοιότητα
2587 3278 2682 3332 τοῦ
2725 3276 2987 3348 στοιχείου
3010 3268 3103 3328 τοῦ
3136 3273 3262 3341 ,ϐὴο
3286 3272 3411 3344 παρ’
3442 3269 3727 3343 Ἑϐραίοις
3765 3287 3857 3323 κα-

2263 3373 2522 3445 λουμένου
2565 3372 2658 3425 καὶ
2699 3370 2792 3423 τοῦ
2834 3370 2957 3439 χὰφ
3011 3366 3281 3437 διαφόρως
3311 3363 3526 3433 ἐξεδόθη
3580 3361 3853 3433 τοῦνομα·

2267 3467 2448 3537 σχεδὸν
2466 3466 2573 3539 γὰρ
2598 3465 2656 3519 ἓν
2689 3465 2782 3518 καὶ
2817 3463 3011 3517 ταυτόν
3059 3463 3174 3513 ἐστι
3201 3459 3270 3512 τὰ
3298 3458 3389 3511 δύο
3414 3458 3687 3527 στοιχεῖα,
3724 3456 3856 3528 βρα-

2264 3559 2499 3630 χυτάτης
2529 3558 2754 3632 κεραίας
2785 3558 2951 3629 μόνης
2974 3553 3419 3623 ὲναλλαττούσης.
3453 3551 3758 3622 Μέμνηται
3803 3551 3856 3604 δὲ

2264 3650 2357 3703 καί⁸
2394 3651 2422 3702 ὁ
2454 3649 2644 3720 Σωτὴρ
2672 3651 2729 3701 ὲν
2761 3651 2873 3711 τοῖς
2903 3645 3254 3715 Εὐαγγελίοις
3309 3643 3412 3714 τῆς
3472 3644 3857 3713 προκειμένης

2264 3742 2405 3795 κατά
2437 3742 2529 3795 τοῦ
2563 3740 2723 3794 Δαυῖδ
2757 3740 2991 3811 ἱστορίας
3044 3738 3236 3807 λέγων·
3287 3739 3409 3791 Οὐκ
3447 3736 3759 3805 ἀνέγνωτε
3802 3736 3857 3788 τι

2263 3834 2513 3901 ἐποίησε
2542 3831 2741 3895 Δαυῒδ,
2771 3831 2868 3884 ὅτε
2910 3830 3195 3883 ἐπείνασε
3230 3828 3325 3881 καὶ
3356 3830 3411 3880 οἱ
3457 3828 3588 3895 μετ’
3635 3827 3851 3881 αὐτοῦ’

2264 3925 2343 3989 ὼς
2369 3923 2654 3991 εἰσῆλθεν
2699 3924 2785 3988 εἰς
2837 3920 2945 3974 τὸν
2984 3916 3152 3974 οἷκον
3178 3918 3284 3972 τοῦ
3319 3915 3487 3980 Θεοῦ,
3541 3916 3645 3969 καί
3715 3916 3853 3981 τοὺς

2263 4016 2479 4083 ἄρτους
2507 4014 2616 4082 τῆς
2644 4012 2976 4081 προθέσεως
2999 4012 3241 4081 ἔφαγεν,
3269 4010 3376 4076 οὓς
3422 4011 3534 4063 οὐκ
3574 4007 3734 4071 ἐξὸν
3779 4006 3852 4079 ἦν

2262 4106 2475 4176 φαγεῖν
2504 4106 2647 4159 οὐδὲ
2692 4104 2816 4171 τοῖς
2867 4105 2995 4175 μετ’
3030 4103 3238 4167 αὐτοῦ,
3267 4105 3321 4156 εὶ
3358 4100 3443 4171 μὴ
3466 4101 3691 4170 μόνοις
3730 4103 3850 4167 τοῖς

2265 4198 2522 4266 tepebat;
2550 4197 2718 4250 Τοῦτο
2750 4196 2845 4267 μὲν
2873 4193 2965 4249 οὖν
2997 4198 3055 4252 ἓν
3086 4195 3161 4266 τῷ
3187 4198 3326 4249 κατὰ
3354 4193 3636 4247 Ματθαὶρν
3662 4194 3849 4261 Εὐαγ-

2264 4290 2426 4362 γελίῳ
2458 4292 2691 4362 εἴρηται.
2722 4291 2873 4343 Ἐπεὶ
2910 4290 2965 4343 δὲ
2995 4290 3051 4341 ὲν
3096 4288 3172 4359 τῷ
3205 4287 3344 4341 κατὰ
3386 4286 3620 4356 Μάρκον
3664 4287 3844 4352 Εὐαγ-

2265 4382 2430 4453 γελίῳ
2468 4382 2878 4455 ἀναγέγραπται
2921 4383 2948 4434 ό
2988 4380 3177 4451 Σωτὴρ
3220 4377 3486 4451 εἰρηκώς·
3536 4376 3843 4431 Οὐδέποτε

2267 4475 2561 4544 ἀνέγνωτε
2587 4475 2644 4527 τί
2671 4475 2917 4542 ἐποίησε
2949 4471 3148 4535 Δαυῖδ,
3185 4471 3281 4524 ὅτε
3306 4470 3515 4539 χρείαν
3538 4467 3721 4535 ἔσχε,
3749 4469 3842 4521 καὶ

594 4582 751 4629 valor
782 4590 888 4628 non
934 4574 1291 4638 Abimelechi,
1343 4572 1439 4628 sed
1488 4570 1796 4627 Abiatharis
1832 4571 2161 4625 mentionem

2268 4566 2586 4619 ἐπείνασεν
2608 4563 2789 4630 αὐτὸς
2810 4563 2905 4617 καὶ
2932 4567 2983 4617 οἱ
3002 4562 3128 4632 μετ’
3150 4559 3333 4615 αὑτοῦ
3356 4576 3374 4623 ;
3402 4558 3526 4623 πῶς
3549 4558 3842 4626 εἰσῆλθεν

594 4665 829 4722 fecerit?
860 4666 941 4721 Ad
978 4681 1140 4736 quam
1178 4681 1290 4719 rem
1338 4664 1477 4718 forte
1505 4664 1628 4731 quis
1660 4661 1986 4731 respondeat
2008 4661 2165 4716 bino-

593 4758 796 4812 minem
844 4756 1255 4812 Abimelechum
1289 4753 1482 4817 fuisse,
1519 4753 1593 4805 ita
1636 4759 1696 4806 ut
1742 4752 1789 4806 is
1836 4751 1952 4821 ipse
2000 4751 2166 4806 fuerit

593 4846 688 4915 qui
736 4846 1014 4900 Abiathar.
1068 4845 1134 4899 Et
1165 4858 1300 4897 sane
1328 4850 1473 4896 mox
1518 4842 1637 4910 ejus
1692 4839 1852 4905 filius,
1901 4839 2165 4894 Abiathar

594 4936 775 4991 dictus
804 4937 858 4990 in
882 4937 1021 4992 libro
1049 4936 1361 5005 Regnorum
1394 4932 1563 4987 fertur
1591 4933 1718 5003 :qui
1743 4932 1892 4988 solus
1922 4947 1951 4986 a
1979 4946 2165 4986 sacer-

594 5030 783 5085 dotum
808 5031 954 5099 ciede
1004 5031 1249 5099 elapsus,
1289 5041 1412 5081 cum
1454 5025 1655 5081 Davide
1697 5034 1835 5081 erat.
1873 5026 2028 5080 Alius
2058 5024 2166 5079 for-

594 5134 741 5177 tasse
768 5123 984 5186 dixerit,
1028 5123 1083 5175 in
1118 5120 1347 5174 historia
1376 5117 1782 5172 Abimelechum
1827 5125 1884 5171 ut
1905 5116 2161 5172 sacerdo-

595 5224 703 5271 tem
738 5214 1055 5281 memorari;
1091 5221 1146 5267 at
1199 5211 1301 5265 hoc
1356 5211 1475 5265 loco
1532 5209 1869 5266 Salvatorem
1929 5210 2158 5273 dixisse,

594 5310 951 5364 Abiatharum
980 5320 1045 5360 eo
1084 5311 1327 5372 tempore
1358 5302 1526 5359 fuisse
1572 5304 1873 5373 principem
1906 5302 2165 5358 sacerdo—

597 5413 711 5455 tum
746 5419 759 5453 :
795 5397 1063 5457 Introivit,
1094 5394 1189 5457 ait,
1224 5392 1394 5447 David
1426 5397 1481 5447 in
1506 5393 1719 5448 domum
1753 5394 1850 5448 Dei
1880 5394 1973 5448 sub
1999 5393 2164 5446 Abiu-

596 5495 717 5548 tlzar
750 5489 983 5561 principe
1022 5486 1372 5541 sacerdotum.
1410 5486 1551 5542 Sane
1582 5503 1710 5543 vero
1736 5487 1963 5542 historia
1993 5500 2164 5541 caesos

594 5582 944 5644 Achimelech
976 5587 1030 5636 et
1059 5579 1368 5634 sacerdotes
1396 5595 1425 5633 a
1459 5577 1621 5633 Saule
1664 5594 1999 5647 memorans,
2030 5578 2166 5633 nihil

669 5858 713 5939 ἑο
754 5852 940 5910 Matth.
976 5866 1082 5919 ιιι,
1120 5850 1233 5918 5,45.
1267 5852 1354 5927 _”
1398 5847 1561 5904 Marc.
1602 5864 1670 5915 ιι,
1706 5845 1797 5913 25,
1825 5844 1915 5901 26.

2270 4662 2356 4725 εὶς
2381 4658 2488 4711 τὸν
2518 4655 2681 4711 οἷκον
2726 4656 2830 4709 τοῦ
2874 4654 3016 4710 Θεοῦ
3056 4654 3153 4707 ἐπὶ
3184 4653 3450 4719 Ἀϐιάθαρ
3492 4651 3602 4704 τοῦ
3641 4652 3843 4719 ἀρχιε-

2267 4750 2437 4821 ρέως,
2468 4748 2565 4803 καὶ
2600 4748 2739 4813 τοὺς
2769 4747 2982 4816 ἄρτους
3015 4746 3121 4813 τῆς
3148 4745 3476 4812 προθέσεως
3504 4743 3735 4810 ἔφαγες
3773 4743 3846 4803 τίς

2271 4842 2373 4894 οὐκ
2402 4840 2467 4895 ἂν
2498 4840 2808 4910 ἀπορήσειε,
2839 4837 2953 4900 πῶς
2978 4840 3005 4890 ὁ
3028 4837 3215 4906 Σωτὴρ
3239 4834 3468 4889 ἐνταῦθα
3492 4834 3552 4885 οὐ
3576 4833 3676 4885 τοῦ
3701 4832 3847 4885 Ἀϐι-

2281 4931 2467 5002 μέλεχ,
2501 4930 2636 4982 ἀλλὰ
2681 4927 2771 4981 τοῦ
2807 4926 3067 4997 Ἀϐιάθαρ
3116 4925 3415 4995 μέμνηταις
3461 4923 3609 4993 Πρὸς
3653 4922 3681 4972 ὃ
3711 4925 3851 4974 εἴποι

2274 5040 2358 5086 τις
2384 5022 2450 5075 ἂν
2471 5020 2734 5090 διώνυμον
2758 5018 3077 5089 γεγενῆσθαι
3105 5019 3193 5070 τὸν
3216 5015 3521 5086 Ἀϐιμέλεχ,
3550 5014 3685 5065 ὥστ’
3713 5010 3849 5066 εἶναι

2277 5114 2367 5167 τὸν
2400 5113 2559 5166 αὐτὸν
2586 5111 2663 5178 τῷ
2694 5110 2972 5180 ’Λϐιάθαμ
3003 5107 3207 5161 Αὐτίκα
3238 5106 3366 5175 γοῦν
3407 5104 3502 5157 καὶ
3544 5103 3663 5166 υἱὸς
3706 5102 3852 5167 αὐτῷ

2276 5202 2535 5273 Ἀϐιάθαρ
2587 5197 2917 5269 κεκλημένος
2947 5193 3241 5265 ἐμφέρεται
3280 5193 3343 5261 τῇ
3376 5189 3565 5261 Γραφῇ
3594 5186 3709 5238 τῶν
3741 5186 3845 5237 Βα-

2266 5294 2495 5350 σιλειῶν·
2530 5293 2608 5356 ὃς,
2635 5288 2908 5358 διαφυγὼν
2936 5285 3041 5339 ἀπὸ
3074 5283 3178 5336 τῶν
3203 5279 3596 5352 ἀναιρεθέντων
3654 5276 3846 5346 ἱερέων

2270 5390 2446 5461 μόνος,
2476 5386 2553 5458 τῷ
2590 5384 2750 5437 Δαυῖδ
2800 5381 2987 5450 συνῆν.
3027 5378 3217 5441 ’Ἄλλος
3266 5376 3309 5427 δ’
3336 5373 3401 5427 ἂν
3429 5372 3572 5424 εἴποι
3604 5368 3699 5421 τοῦ
3751 5369 3845 5438 μὲν

2280 5480 2565 5549 Ἀϐιμέλεχ
2586 5477 2681 5548 τὴν
2711 5474 2944 5545 ἱστορίαν
2985 5472 3059 5536 ὡς
3115 5468 3300 5541 ἱερέως
3345 5461 3727 5536 μνημονεύειν·
3762 5463 3845 5512 ἐν·-

2268 5570 2441 5626 ταῦθα
2470 5570 2526 5624 δὲ
2559 5570 2647 5624 τὸν
2673 5566 2899 5637 Σωτῆρα
2944 5564 3033 5617 τὸν
3078 5559 3339 5631 Ἀϐιάθαρ
3360 5554 3626 5628 ἀρχιερέα
3647 5551 3843 5623 τυγχάν-
