4010 6526
181 411 286 468 293

1296 391 1794 454 COMMENTARIA
1825 392 1891 448 IN
1931 393 2268 451 PSALMOS.

3309 389 3414 446 εοι

182 549 290 585 νειν
329 529 447 583 κατ’
482 527 656 581 ἐκεῖνο
674 522 870 595 καιροῦ
898 520 1085 592 φῆσαι.
1109 517 1369 586 Εἱσῆλθε
1398 513 1528 588 γὰρ,
1562 513 1744 585 φησὶν,

1868 513 1916 568 le
1954 514 2216 582 principis
2247 509 2588 567 sacerdotum
2610 516 2743 564 nece
2781 506 3037 563 narravit.
3060 503 3126 560 Et
3153 505 3266 561 haec
3293 508 3414 578 qui-

183 622 360 677 Δαυῒδ
391 623 485 688 εἰς·
509 619 613 674 τὸν
646 615 814 673 οἷκον
842 615 948 669 τοῦ
988 611 1134 667 Θεοῦ
1183 609 1283 664 ἐπὶ
1345 607 1604 676 Ἀϐιάθαρ
1639 606 1746 661 τοῦ

1854 605 1976 660 dem
2006 604 2164 658 nobis
2193 603 2259 658 de
2284 602 2479 672 psalmi
2509 601 2671 654 titulo
2715 599 2859 654 dicta
2893 599 3024 654 sint.

182 715 516 786 ἀρχιερέως.
554 713 664 768 Καὶ
703 711 949 781 φαίνεται
978 710 1010 779 ἡ
1041 707 1147 759 τῶν
1174 702 1423 776 ἱστοριῶν
1458 701 1663 773 γραφὴ,
1721 699 1812 754 τὸν
1863 699 2151 770 Ἀχιμέλεχ
2183 698 2276 751 καὶ
2309 698 2434 760 τοὺς
2473 697 2636 766 ἱερεῖς
2668 693 2760 747 τοῦ
2793 693 2924 748 Θεοῦ
2983 692 3282 765 ἀνῃρῆσθαι
3313 693 3416 764 φή-

186 781 586 863 σασαγύπὸντοῦ
653 802 845 868 Σαοὺλ,
907 800 1167 873 ἀρχιερέα
1203 796 1544 872 ἀνῃρημένον
1576 797 1674 866 οὐχ
1735 795 2082 865 ίστορὴσασα.
2120 792 2305 846 Ταῦτα
2365 791 2460 862 μὲν
2510 785 2602 843 οὖν
2634 781 2763 860 ἡμῖν
2808 791 2886 852 εἰς
2936 787 3034 859 τὴν
3061 787 3154 840 τοῦ
3202 783 3415 857 ψαλμοῦ

184 905 506 978 προγραφὴν
538 901 790 974 εἰρήσθω.

253 996 583 1067 Εὐλογήσω
635 995 742 1049 τὸν
803 994 1017 1062 Κύριον
1061 992 1130 1045 ὲν
1196 988 1372 1043 παντὶ
1413 985 1614 1056 καιρῷ,
1659 984 1758 1038 διὰ

183 1090 413 1155 παντὸς
442 1091 479 1157 ἡ
504 1089 733 1153 αἵνεσις
781 1086 964 1140 αὐτοῦ
991 1084 1059 1137 ἐν
1079 1082 1157 1148 τῷ
1202 1081 1453 1150 στόματί
1479 1097 1616 1149 μου.
1650 1079 1757 1132 Εὑδ-

183 1179 458 1251 χαριστῶν
483 1179 511 1230 ὁ
542 1176 702 1231 Δαυῖδ
736 1179 819 1246 ἐφ’
859 1171 939 1239 οἷς
965 1172 1167 1244 ἠξιώθη
1220 1172 1424 1243 τροφῆς
1453 1168 1756 1244 ἱερατικῆς,

183 1274 304 1326 Οὐκ
335 1273 424 1326 ἐπὶ
452 1271 544 1325 τοῦ
601 1271 884 1342 παρόντος,
943 1270 1093 1338 φησὶ,
1138 1265 1316 1338 μόνον,
1367 1265 1502 1318 ἀλλά
1551 1263 1646 1317 καὶ
1673 1261 1758 1315 διὰ

182 1363 368 1433 πάσης
401 1363 496 1433 τῆς
519 1364 662 1433 ζωῆς
687 1361 913 1430 χάριτας
941 1354 1217 1428 ὁμολογῶν
1264 1353 1358 1407 καὶ
1398 1352 1632 1422 εὐλογῶν
1660 1352 1756 1406 αὐ-

178 1451 276 1504 τὸν
310 1451 614 1504 διατελέ-σω·
651 1450 772 1502 οὐδὲ
803 1443 1260 1516 ἀπολειφθήσεται
1286 1461 1414 1498 ποτε
1465 1443 1527 1497 τὸ
1583 1442 1757 1512 στόμα

190 1562 290 1615 μου
343 1547 441 1615 τῆς
470 1547 548 1606 εἰς
576 1543 736 1597 αὑτὸν
770 1541 1044 1603 αἰνέσεως.
1089 1537 1234 1590 ’Λντὶ
1283 1535 1390 1607 γὰρ
1438 1533 1625 1596 θυσίας
1664 1533 1758 1586 καὶ

184 1634 646 1704 ὁλοκαυτωμάτων
678 1617 1045 1702 πεπαίδευμαι
1066 1630 1165 1697 τὴν
1192 1628 1279 1681 διὰ
1313 1625 1532 1697 χειλέων
1563 1623 1758 1695 προσά-

181 1742 299 1793 γειν
327 1724 474 1795 αὐτῷ
507 1723 714 1777 Θυσίαν.

1923 976 2086 1031 Vsus.
2118 975 2170 1028 2.
2215 975 2527 1030 Benedicam
2559 975 2842 1030 Dominum
2896 975 2947 1028 in
2976 976 3119 1028 omni
3169 984 3414 1046 tempore,

1853 1086 2055 1139 semper
2109 1069 2225 1123 laus
2277 1068 2392 1139 ejus
2431 1069 2483 1121 in
2525 1085 2614 1122 ore
2667 1085 2800 1121 meo.
2842 1065 3059 1122 Gratias
3110 1068 3220 1138 agit
3251 1067 3420 1123 David

1854 1162 1998 1232 quod
2030 1159 2354 1215 sacerdotali
2399 1160 2522 1213 cibo
2565 1158 2819 1228 dignatus
2849 1156 2956 1211 sit:
2983 1157 3092 1210 Nec
3132 1158 3306 1211 solum
3359 1159 3416 1211 in

1854 1253 2132 1326 praesenti,
2156 1252 2252 1315 ait,
2280 1251 2372 1306 sed
2399 1266 2493 1320 per
2522 1258 2692 1303 totum
2715 1249 2838 1302 vitae
2863 1249 3192 1302 curriculum
3216 1249 3420 1319 gratias

1855 1343 2148 1400 confitendi
2175 1357 2238 1396 ac
2264 1341 2619 1396 benedicendi
2645 1341 2806 1394 finem
2834 1354 2941 1393 non
2973 1338 3168 1392 faciam
3201 1357 3213 1392 :
3244 1354 3422 1407 neque
3463 1393 3471 1406 ,

1854 1453 1917 1493 os
1965 1452 2146 1492 meum
2200 1434 2358 1490 laude
2391 1434 2510 1504 ejus
2572 1448 2805 1486 vacuum
2859 1446 3094 1501 unquam
3127 1432 3248 1486 erit.
3284 1430 3421 1484 Nam

1854 1528 2136 1584 institutus
2158 1528 2227 1580 ita
2261 1526 2358 1588 fui,
2384 1535 2442 1580 ut
2470 1525 2862 1580 sacrificiorum
2899 1532 2950 1578 et
2980 1522 3422 1578 holocaustorum

1853 1621 1993 1688 vice,
2023 1620 2185 1676 labiis
2215 1619 2317 1690 ipsi
2349 1620 2582 1675 hostiam
2616 1619 2860 1675 offeram.

265 1791 479 1884 Ἐπειδῆ
510 1812 618 1884 γὰρ
650 1810 903 1882 φεύγοντι
939 1827 1028 1881 μοι
1055 1807 1226 1870 οὐδεὶς
1258 1805 1446 1876 βοηθὸς
1475 1805 1753 1873 πάρεστιν,

1929 1793 2376 1863 Quandoquidem
2429 1793 2653 1863 fugienti
2701 1791 2835 1846 mihi
2892 1792 3076 1847 nullus
3131 1792 3424 1862 opitulator

179 1905 301 1958 οὐδέ
326 1921 411 1968 τις
439 1903 763 1975 καταφυγὴ,
797 1903 917 1956 οὐδὲ
944 1900 1211 1970 ἀσφάλεια
1228 1914 1241 1929 ·
1274 1899 1431 1968 μόνον
1461 1897 1517 1949 δὲ
1537 1896 1626 1949 τὸν
1650 1893 1760 1946 Κύ-

1861 1884 2035 1945 adest,
2070 1881 2282 1935 nullum
2313 1879 2590 1950 ellugium,
2631 1881 2897 1935 securitas
2932 1881 3113 1946 nulla;
3139 1881 3424 1949 solumque

182 2014 300 2067 ριον
331 1969 700 2066 φυλακτήριον
716 1969 1004 2062 ⁷ἐπάγομαι
1164 1987 1400 2060 ἐμαυτοῦ
1433 1987 1630 2057 ψυχῆς,
1665 1983 1760 2038 καὶ

1868 1970 2149 2027 Dominum
2174 1969 2367 2023 anima:
2401 1984 2531 2022 mea:
2561 1969 2870 2038 praesidium
2898 1969 3105 2038 paravi,
3131 1977 3290 2038 atque
3320 1969 3425 2039 ipsi

180 2060 270 2138 iis
306 2060 476 2154 αυτῷ,
518 2060 630 2137 ἀλλ’
667 2085 765 2136 οὐκ
796 2060 886 2136 ἐπὶ
911 2060 1030 2144 ταῖς
1076 2060 1233 2152 ἐμαῖς
1261 2076 1696 2147 δικαιοπραγίαις
1725 2075 1758 2144 ἡ

1868 2063 1985 2130 soli,
2016 2078 2125 2117 non
2169 2069 2318 2116 recte
2354 2060 2512 2114 factis
2549 2061 2719 2125 meis,
2763 2060 2988 2114 confidit
3035 2061 3215 2114 anima
3269 2076 3424 2127 mea;

178 2177 331 2246 ψυχή
358 2149 455 2246 μου
478 2174 684 2246 θαρρεῖ·
725 2175 964 2236 εἰκότως,
983 2171 1082 2224 ἐπὶ
1112 2149 1203 2236 ⁷τῷ
1219 2170 1410 2238 Κυρίῳ
1460 2165 1754 2234 καυχήσε-

1868 2153 1979 2222 iure
2018 2169 2150 2209 sane
2213 2153 2269 2205 in
2308 2151 2532 2205 Domino
2587 2149 2892 2203 laudabitur
2932 2151 3110 2203 anima
3145 2165 3294 2204 mea:
3326 2167 3424 2202 au-

358 2241 530 2336 :yi'vxif
546 2241 664 2334 ,μου
685 2282 697 2295 ·
723 2264 1156 2318 ἀκουσάτωσαν
1173 2259 1378 2328 πραεῖς
1401 2258 1495 2312 καὶ
1513 2259 1760 2324 εὐφραν-

1868 2243 2008 2298 diam
2032 2246 2290 2299 mansueti
2321 2253 2371 2297 et
2403 2243 2662 2298 la'tentur.
2688 2241 2879 2312 Meque
2909 2243 2962 2295 in
2987 2243 3291 2312 exemplum
3321 2241 3425 2296 sibi

183 2325 488 2429 θήτωσῖανῑ
516 2325 688 2429 ..Ἐμὲ
734 2359 790 2410 δὲ
831 2356 1084 2418 λαϐόντες
1123 2325 1422 2422 ὑπόδειγμα
1467 2351 1663 2412 πάντες
1708 2348 1757 2400 οἱ

1868 2339 2226 2407 prominentes
2269 2334 2538 2389 mansueti
2583 2349 2792 2396 omnes,
2828 2325 3060 2388 humiles
3091 2347 3152 2386 ac
3196 2333 3428 2388 modesti

183 2421 352 2525 πρᾶοι
391 2453 483 2506 καὶ
515 2421 758 2504 ταπεινοὶ
790 2447 884 2501 καὶ
910 2447 1168 2507 ἐπιεικεῖς
1187 2443 1275 2496 διὰ
1295 2421 1390 2514 την
1414 2444 1492 2505 είς
1517 2441 1606 2494 τὸν
1627 2440 1757 2493 Θεὸν

1868 2428 1997 2506 viri,
2037 2429 2106 2483 ob
2153 2428 2407 2497 pietatem
2457 2441 2585 2498 erga
2626 2425 2793 2481 Deum
2827 2440 2981 2480 suam
3009 2467 3025 2492 ,
3070 2421 3344 2480 confidant
3374 2431 3430 2481 et

180 2545 471 2616 εὐλάϐειαν
491 2587 506 2611 ,
535 2541 911 2615 θαρῤείτωσαν
929 2540 1022 2591 καὶ
1049 2536 1151 2608 πλη
1162 2534 1472 2607 ρούσθωσαν
1498 2530 1761 2603 εὐφροσύ-

178 2655 281 2707 νης
304 2676 319 2699 ,
353 2637 422 2688 τὰ
462 2635 552 2688 ἴσα
587 2651 672 2705 μοι
707 2631 1210 2707 προσδοκήσαντες,
1255 2627 1349 2680 καὶ
1376 2624 1534 2678 αὑτὸν
1570 2622 1759 2676 ἐλπίδα

177 2696 275 2782 τδῖ
298 2696 502 2799 Κύριον
519 2696 763 2797 θέμενοι..
799 2723 949 2776 Ἐπεὶ
965 2696 1020 2775 δὲ
1043 2696 1135 2774 κᾶι
1160 2720 1256 2790 τὴν
1281 2716 1548 2790 ῥομφαίαν
1571 2714 1757 2768 roma

176 2819 274 2872 τοῦ
298 2818 599 2887 ἀλλοφύλου
618 2815 766 2888 παρὰ
783 2814 861 2885 τῷ
890 2812 1176 2882 Ἀὅιμὲλεχ
1190 2808 1368 2863 λαϐὼν
1393 2807 1556 2879 ἀπῄει
1575 2823 1589 2836 ο
1624 2804 1760 2858 Ἀλλ’

175 2914 285 2967 οὐδ’
314 2913 616 2983 ὲπὶτούτῳ,
641 2910 792 2982 φησὶ,
824 2909 1187 2978 καυχήσομαι,
1215 2904 1330 2957 ἀλλ’
1351 2903 1442 2955 ἐπὶ
1454 2901 1532 2972 τῷ
1553 2900 1759 2970 Κυρίῳ,

174 3006 243 3060 δι’
277 3005 338 3059 ὃν
371 3004 583 3075 ταύτην
611 3002 928 3073 ἐκτησάμην
956 2999 1054 3070 τὴν
1095 2995 1401 3068 ῥομφαίαν·
1433 2993 1508 3055 ὼς
1545 2991 1636 3044 καὶ
1674 2989 1763 3043 τὸν

177 3101 332 3175 ἱερέα
356 3102 538 3154 εἰπεῖν
557 3097 706 3168 αὐτῷ
728 3115 741 3127 ·
775 3095 920 3150 Ἰδοὺ
945 3095 982 3162 ὴ
1005 3092 1272 3162 ῥομφαία
1292 3087 1516 3143 romae
1541 3085 1646 3139 τοῦ
1669 3087 1764 3137 Φι-

1861 2520 2060 2591 gaudio
2107 2521 2491 2585 cumulentur,
2541 2519 2695 2587 paria
2747 2534 2962 2575 mecum
3024 2526 3425 2589 exspectantes,

1863 2612 2151 2682 ipsumque
2206 2611 2498 2665 Dominum
2557 2611 2661 2664 sibi
2725 2611 2778 2664 in
2843 2626 2991 2681 spem
3039 2617 3426 2680 proponentes.

1864 2699 2132 2767 Quoniam
2181 2715 2311 2754 vero
2355 2707 2645 2769 postquam
2689 2691 2928 2769 gladium
2973 2700 3286 2769 alienigena:
3322 2697 3431 2776 (ξο-

1863 2791 1996 2845 liath
2041 2791 2108 2845 ab
2136 2789 2488 2844 Abimeleclio
2548 2798 2864 2858 acceperat,
2909 2789 3163 2844 discessit
3203 2802 3424 2858 :neque

1865 2882 1919 2935 in
1945 2882 2270 2950 lioc,inquit,
2292 2880 2586 2950 gloriabor,
2609 2879 2704 2933 sed
2733 2879 2786 2931 in
2806 2878 3051 2942 Domino,
3078 2878 3233 2947 cujus
3267 2879 3433 2933 bene-

1866 2973 1990 3028 ficio
2030 2973 2176 3027 hunc
2226 2972 2464 3042 gladium
2508 2979 2703 3025 nactus
2756 2985 2918 3033 sum;
2957 2965 3026 3022 ita
3079 2977 3136 3023 ut
3186 2970 3269 3024 vel
3317 2970 3434 3039 ipse

1867 3066 2124 3122 sacerdos
2173 3064 2254 3119 sic
2299 3079 2421 3118 eum
2457 3063 2851 3132 compellaret;
2905 3060 3038 3114 Ecce
3079 3059 3289 3129 gladius
3330 3059 3436 3115 Go-

172 3153 466 3248 λιοταίου
489 3234 503 3258 ,
545 3190 617 3244 ὂν
640 3153 942 3254 ἐπάταξας
1172 3179 1406 3236 κοιλάδι
1445 3178 1594 3244 Ἠλᾷ
1617 3217 1632 3241 ,
1664 3176 1762 3230 καὶ

1868 3157 1998 3211 ιὶιιιιΙι
2020 3155 2341 3218 ΡΙιὶίὶδιΙιωὶ,
2368 3171 2518 3225 quem
2562 3155 2871 3224 percussisti
2897 3155 2950 3207 in
2980 3155 3114 3209 valle
3136 3153 3258 3217 Ela,
3292 3155 3436 3207 invo-

169 3286 324 3354 αὐτὴ
349 3280 758 3351 ἑνειλημμέθη
788 3277 1010 3348 ίματίῳ.
1045 3278 1113 3330 El
1137 3274 1365 3339 ταύτην
1388 3268 1586 3338 λήψῃ,
1616 3283 1763 3322 σαυ-

131 3388 136 3394 ·
172 3376 254 3441 τῷ
273 3375 434 3430 λάϐε
452 3413 466 3438 ,
499 3372 586 3426 ὅτι
613 3375 724 3426 οὐκ
753 3371 923 3425 ἐστιν
941 3366 1112 3436 ἑτέρα
1138 3363 1325 3434 παρὲξ
1351 3359 1559 3429 αὐτῆς.
1603 3357 1761 3411 Ὥστε

179 3466 386 3520 τούτων
417 3465 728 3519 ἀκούσαντα
754 3461 844 3515 τὸν
876 3458 1037 3514 Δαυῒδ
1067 3459 1270 3510 εἰπεῖν·
1328 3455 1430 3508 Ἐν
1457 3450 1537 3516 τῷ
1567 3449 1763 3517 Κυρίῳ

178 3558 646 3625 ἐπαινεθήσεται
676 3558 714 3624 ἡ
751 3552 920 3623 ψυχή
938 3569 1076 3622 μου.
1109 3548 1367 3616 Μεγάλην
1395 3544 1550 3610 δόξαν
1573 3543 1763 3614 ἔφερεν

179 3653 363 3707 ἐκεῖνο
390 3652 453 3704 τὸ
481 3651 608 3722 δόρυ
629 3650 707 3719 τῷ
727 3645 886 3700 Δαυῖδ
905 3685 920 3708 ,
949 3643 1219 3715 παιδαρίῳ
1249 3642 1344 3712 μὲν
1368 3639 1478 3692 ὄντι
1499 3677 1515 3704 ,
1548 3636 1642 3689 καὶ
1670 3652 1767 3705 μη·
1849 3690 1851 3692 ,

177 3745 236 3799 δὲ
271 3745 468 3816 φέρειν
515 3742 654 3795 ὅπλα
683 3738 949 3809 πολεμικὰ
979 3733 1321 3804 ἐπισταμένῳ
1341 3772 1356 3796 ,
1388 3729 1568 3782 πίστει
1611 3726 1669 3779 δὲ
1697 3727 1762 3796 τῇ

180 3839 262 3901 εἰς
291 3836 430 3889 Θεὸν
466 3831 966 3902 καταγωνισαμένῳ
993 3827 1083 3881 τὸν
1119 3823 1310 3878 renato
1337 3863 1352 3885 ,
1385 3821 1460 3883 ὡς
1491 3819 1578 3872 διὰ
1610 3817 1767 3870 τοῦτο

181 3929 300 3981 ἀντὶ
345 3927 700 3996 ἀναθήματος
737 3923 836 3994 τὴν
865 3917 1134 3991 ῥομφαίαν
1178 3915 1344 3987 μόνην
1387 3911 1603 3979 ἐκείνην
1633 3909 1765 3961 ἀνα-

182 4021 395 4074 κεῖσθαι
425 4021 484 4072 ἐν
515 4016 594 4085 τῷ
627 4013 758 4086 ἱερῷ
778 4029 792 4042 ⁶
843 4012 872 4064 ὂ
895 4011 959 4082 δὴ
992 4009 1086 4062 καὶ
1117 4005 1499 4075 ἐπεσημήνατο
1526 4001 1703 4070 φήσας
1739 3999 1767 4049 ὁ

184 4111 393 4176 ἱερεύς·
429 4106 546 4162 Καὶ
585 4108 696 4159 οὐκ
729 4105 899 4158 ἐστιν
927 4100 1105 4168 ἄλλη.
1168 4097 1303 4150 Οὐδὲ
1326 4095 1434 4166 γὰρ
1462 4093 1589 4164 ἐξῆν
1618 4093 1673 4143 ὲν
1700 4092 1764 4160 τῇ

187 4203 357 4272 σκηνῇ
410 4197 507 4252 τοῦ
557 4195 693 4250 Θεοῦ
728 4194 868 4247 ὅπλα
899 4189 1167 4260 πολεμικὰ
1204 4184 1556 4240 ἀποτίθεσθαι
1579 4199 1592 4212 °
1635 4181 1767 4252 μόνη

185 4291 238 4345 δὲ
267 4291 449 4362 ἐκείνη
486 4292 568 4353 εἰς
606 4289 823 4359 μνήμην
866 4282 959 4337 τοῦ
1000 4280 1162 4334 Δαυῒδ
1189 4279 1287 4349 τῆς
1318 4276 1459 4331 κατὰ
1487 4274 1582 4328 τοῦ
1611 4273 1766 4327 ἀλλο-

187 4383 350 4452 φύλου
385 4383 545 4452 νίκης
577 4379 824 4434 ἀνέκειτο
844 4415 858 4439 ,
889 4372 1092 4427 ὡσανεὶ
1113 4371 1523 4442 εὐχαριστήριον
1550 4367 1769 4420 ἀποκει-

191 4475 322 4547 μένη
349 4476 426 4546 τῷ
453 4475 556 4546 τὴν
587 4472 744 4542 νίκην
769 4468 917 4539 αὐτῷ
943 4463 1304 4538 δεδωρημένῳ
1333 4459 1411 4530 τῷ
1439 4457 1574 4528 Θεῷ.

251 4567 652 4636 Μεγαλύνατε
679 4562 786 4616 τὸν
807 4561 1026 4628 Κύριον
1055 4557 1175 4611 σὺν
1198 4553 1325 4624 ἐμοὶ
1347 4593 1361 4615 ,
1393 4550 1490 4604 καὶ
1519 4547 1773 4617 ὺψώσω-

183 4676 295 4728 μεν
323 4659 388 4713 τὸ
422 4659 623 4728 ὄνομα
651 4655 836 4708 αὑτοῦ
867 4652 967 4706 ἐπὶ
991 4651 1057 4704 τὸ
1080 4649 1245 4703 αὑτό.
1285 4646 1348 4699 Οἱ
1375 4645 1485 4715 γὰρ
1514 4642 1578 4694 δι’
1600 4641 1774 4712 ἔργων

187 4751 294 4803 καὶ,
314 4751 429 4820 βίου
458 4749 556 4804 τοῦ
603 4748 725 4801 κατ’
759 4745 956 4817 ἀρετὴν
995 4743 1091 4814 τὴν
1124 4743 1180 4794 ὲν
1229 4741 1438 4800 ἑαυτοῖς
1470 4735 1654 4789 εἰκόνα
1681 4733 1773 4786 τοῦ

188 4840 319 4895 Θεοῦ
346 4841 712 4913 κοσμοῦντες,
743 4837 904 4890 αὑτὸν
930 4834 1207 4900 δοξάζουσι
1232 4832 1324 4885 καὶ
1353 4829 1595 4900 ὑψοῧσιν.
1626 4824 1779 4889 Ἐξε-

189 4932 409 5000 ζήτησα
439 4935 546 4988 τὸν
569 4932 801 4998 Κύριον
830 4928 928 4982 καὶ
953 4924 1259 4995 ἐπήκουσέ
1290 4940 1428 4993 μου.
1496 4916 1648 4994 Ἐπεὶ
1676 4914 1774 4986 τῷ,

186 5026 511 5095 ἐξεζήτησα
533 5068 549 5094 ,
583 5023 661 5078 τὸ
679 5061 693 5087 ,
734 5018 1039 5087 ἐπήκουσέ
1062 5036 1179 5088 μου
1199 5055 1215 5081 ,
1243 5010 1597 5083 ἀνταπεδόθη.

262 5199 449 5270 Οὗτος
482 5206 514 5258 ὁ
543 5196 786 5267 πτωχὸς
817 5193 1133 5261 ἐκέκραεε,
1171 5192 1267 5247 καὶ
1299 5193 1332 5246 ὁ
1369 5189 1582 5258 Κύριος
1607 5183 1776 5251 simi-

203 5309 427 5349 κουσεν
449 5293 642 5349 αὺτοῦ
659 5331 673 5355 ,
703 5288 800 5342 καὶ
822 5287 890 5339 ἐκ
913 5284 1123 5340 πασῶν
1142 5285 1260 5338 τῶν
1284 5284 1549 5351 θλίψεων
1593 5274 1780 5332 αὐτοῦ

206 5385 436 5440 ἔσωσεν
453 5385 665 5439 αὐτόν.
700 5377 864 5432 Πάλιν
886 5377 1074 5430 ἑαυτὸν
1092 5415 1107 5436 ,
1123 5375 1196 5438 ὡς
1216 5375 1309 5427 καὶ
1330 5375 1386 5426 ἐν
1407 5374 1518 5433 τοῖς
1539 5369 1781 5441 ἐμπροσ-

211 5476 297 5528 θεν
322 5517 336 5541 ,
379 5471 743 5547 ὑπογραμμὸν
784 5469 1010 5540 παρέχει
1047 5467 1144 5536 τῆς
1182 5464 1380 5534 ἐτέρων
1417 5452 1779 5520 διδασκαλίας.

211 5567 426 5637 Πτωχδν
455 5567 564 5639 γὰρ
593 5562 786 5618 ἑαυτὸν
820 5559 987 5613 εἰπὼν
1025 5558 1112 5610 διὰ
1139 5556 1237 5626 τὴν
1262 5555 1362 5623 τῆς
1391 5553 1566 5623 ψυχῆς
1588 5546 1782 5603 ἑαυτοῦ

213 5661 530 5713 ταπείνωσιν
547 5658 643 5711 καὶ
666 5650 1021 5726 μετριοσύνην
1040 5689 1055 5714 ,
1073 5648 1147 5712 ὡς
1169 5664 1235 5700 πε
1245 5646 1295 5718 pl
1313 5645 1495 5715 ἐτέρου
1517 5641 1644 5714 περὶ
1663 5637 1786 5693 ἑαυ-

295 5842 334 5874 "
376 5840 390 5892 1
429 5842 558 5911 nrg.
597 5850 724 5897 ua,
762 5832 816 5888 9.

1871 3249 2010 3303 lutus
2045 3257 2198 3302 veste.
2230 3245 2290 3302 Si
2318 3246 2452 3299 hunc
2480 3246 2553 3298 vis
2588 3240 2790 3306 tollere,
2825 3236 2950 3299 tolle
2978 3245 3091 3312 tibi,
3118 3246 3243 3315 quia
3257 3245 3436 3300 nullus

1869 3339 2007 3392 alius
2031 3338 2114 3391 hic
2139 3345 2217 3391 est
2244 3343 2435 3401 pra’ler
2451 3336 2622 3402 ipsum
2645 3334 2710 3389 “.
2744 3331 2840 3388 His
2866 3334 3050 3403 itaque
3077 3334 3300 3398 auditis,
3333 3333 3438 3386 Da-

1866 3430 1958 3487 vid
1988 3431 2092 3485 ait:
2124 3428 2188 3482 1η
2223 3427 2445 3482 Domino
2475 3417 2782 3480 laudabitur
2816 3425 2996 3478 anima
3028 3442 3162 3480 mea.
3189 3422 3438 3496 Magnam

1869 3531 2018 3578 certe
2051 3521 2239 3574 Davidi
2288 3520 2514 3590 gloriam
2547 3519 2772 3588 parabat
2822 3517 2913 3572 ille
2954 3513 3198 3588 gladius;
3231 3518 3436 3588 quippe

1871 3613 1966 3684 qui
2006 3611 2268 3682 puerulus
2300 3625 2424 3666 cum
2460 3615 2628 3670 esset,
2674 3607 3106 3676 bellicorumque
3158 3621 3439 3660 armorum

1872 3704 2180 3775 imperitus,
2218 3701 2322 3756 fide
2360 3701 2416 3754 in
2451 3698 2620 3753 Deum
2668 3697 2913 3751 munitus
2953 3696 3167 3750 Goliath
3203 3697 3436 3758 devicit;

1872 3800 1947 3850 ita
1971 3803 2030 3849 ut
2053 3811 2117 3850 ea
2144 3795 2210 3849 de
2241 3806 2410 3847 causa
2444 3786 2656 3844 donarii
2682 3788 2802 3841 loco
2833 3787 2984 3843 solus
3013 3789 3103 3842 ille
3133 3787 3342 3857 gladius
3383 3785 3440 3839 in

1874 3903 2033 3944 sacro
2073 3885 2347 3955 repositus
2397 3889 2589 3937 esset:
2636 3879 2781 3951 quod
2828 3880 3005 3949 ipsum
3057 3876 3312 3932 Sacerdos
3354 3876 3441 3929 bis

1872 3978 2056 4035 verbis
2087 3975 2366 4038 indicavit,
2401 3987 2452 4026 et
2486 3972 2663 4027 nullus
2701 3971 2840 4026 alius
2868 3977 2967 4025 est.
2997 3968 3182 4038 Neque
3215 3969 3357 4022 enim
3386 3968 3441 4023 in

1873 4069 2228 4126 tabernaculo
2258 4067 2351 4123 Dei
2388 4068 2586 4121 licebat
2618 4081 2769 4119 arma
2797 4064 2990 4119 bellica
3023 4062 3310 4131 deponere.
3344 4059 3443 4115 llic

1875 4174 2057 4218 autem
2093 4163 2244 4217 solus
2284 4161 2338 4214 in
2378 4159 2697 4215 memoriam
2741 4164 3026 4228 reportatae
3057 4169 3086 4207 a
3128 4152 3329 4208 Davide
3376 4152 3444 4206 de

1875 4255 2182 4326 alienigena
2213 4253 2455 4308 victoria:
2492 4252 2765 4321 repositus
2798 4256 2937 4312 erat,
2970 4247 3126 4318 quasi
3166 4245 3220 4298 in
3243 4246 3445 4316 gratia-

1876 4365 2000 4403 rum
2033 4347 2302 4402 actionem
2337 4345 2449 4399 Deo
2479 4346 2570 4415 qui
2597 4343 2879 4398 victoriam
2907 4341 3009 4412 ipsi
3039 4337 3280 4398 dederat.

1803 4535 1849 4590 D
1948 4525 2116 4581 Vsus.
2149 4515 2202 4579 3.
2231 4522 2574 4593 Magnificate
2606 4515 2890 4573 Dominum
2922 4527 3139 4579 mecum,
3166 4521 3215 4565 et
3250 4509 3448 4564 exalte-

1882 4638 1998 4676 mus
2019 4635 2206 4674 nomen
2240 4617 2352 4685 ejus
2387 4617 2441 4667 in
2487 4611 2738 4681 idipsum.
2781 4609 2914 4662 Nam
2947 4607 3038 4676 qui
3089 4604 3345 4674 operibus
3382 4613 3448 4654 ac

1881 4716 1991 4769 vita
2021 4727 2142 4766 cum
2181 4709 2376 4763 virtute
2423 4718 2543 4759 acta
2575 4701 2866 4772 imaginem
2921 4698 3015 4752 Dei
3043 4697 3099 4750 in
3129 4710 3186 4750 se
3210 4693 3444 4763 positam

1883 4812 2171 4868 exornant,
2196 4802 2233 4855 ii
2263 4815 2393 4856 sane
2424 4798 2600 4867 ipsum
2629 4793 2802 4864 gloria
2845 4789 3084 4845 alliciunt
3103 4794 3156 4841 et
3185 4783 3445 4840 exaltant.

1886 4897 2161 4970 Exquisivi
2196 4893 2474 4946 Dominum
2497 4897 2545 4942 et
2577 4880 2846 4940 exaudivit
2878 4898 2977 4935 me.
3011 4877 3286 4949 Siquidem
3320 4873 3449 4928 huic

1883 4965 2042 5052 voci,
2081 4983 2373 5056 exquisivi,
2439 4978 2528 5032 illa
2589 4975 2831 5030 vicissim
2883 4969 3125 5035 additur,
3182 4965 3449 5022 exaudivit

1886 5099 1985 5137 me.
3227 5079 3230 5082 ’

1961 5169 2126 5224 Vens.
2166 5164 2282 5221 6-8.
2336 5155 2444 5218 Istc
2491 5172 2691 5229 pauper
2749 5152 3030 5218 clamavit,
3085 5158 3136 5205 et
3195 5148 3450 5202 Dominus

1881 5261 2144 5320 exaudivit
2194 5274 2334 5320 eum,
2381 5263 2428 5308 et
2469 5251 2532 5305 de
2572 5248 2813 5303 omnibus
2867 5239 3294 5298 tribulationibus
3335 5239 3449 5306 ejus

1885 5353 2106 5410 saluauit
2137 5366 2272 5404 cum.
2307 5346 2404 5400 llic
2439 5357 2682 5405 rursum,
2725 5338 2802 5392 uti
2837 5335 3110 5405 superius,
3142 5329 3447 5396 exemplum

1887 5443 2190 5516 disciplinae
2219 5455 2339 5496 sese
2367 5437 2488 5490 aliis
2515 5431 2781 5505 perhibet.
2805 5428 2941 5483 Cum
2973 5441 3032 5480 se
3061 5435 3292 5516 namque
3319 5432 3450 5516 pau-

1888 5508 2072 5610 perem
2119 5534 2191 5588 ob
2234 5532 2429 5586 animae
2467 5541 2579 5583 suae
2626 5521 2985 5578 humilitatem
3034 5529 3098 5568 ac
3130 5508 3449 5567 modestiam

1891 5599 2154 5694 declarat,
2191 5625 2259 5682 de
2294 5622 2494 5695 seipse
2533 5617 2694 5688 quasi
2733 5614 2801 5669 de
2829 5612 2933 5666 alio
2963 5609 3103 5663 hanc
3145 5599 3454 5658 doctrinam
