4010 6534
579 406 692 465 293

1253 398 1522 457 EUSEBEI
1556 371 2034 454 CAESARIENSIS
2071 387 2222 445 opp.
2264 385 2444 442 rans
2481 383 2568 440 ιη.
2608 413 2679 425 -
2713 379 3122 438 EXEGETICA.

3763 380 3880 434 Ξῠεῖ

581 529 792 584 tradit:
835 524 942 578 Iste
965 536 1160 592 pauper
1198 520 1468 581 tlamarit,
1505 525 1554 570 et
1596 515 1853 568 Dominus
1891 508 2160 566 exaudivit

2271 505 2355 558 τοῦ
2393 502 2633 557 διδάσκει
2658 501 2830 569 λέγων
2849 517 2862 529 ·
2894 495 3081 564 Οὗτος
3108 500 3140 550 ὁ
3169 496 3402 565 πτωχὸς
3437 496 3746 565 ἐκέκραξε
3773 503 3878 551 καὶ

582 639 725 678 eum.
760 619 826 672 At
858 633 944 680 ne,
996 614 1189 684 inquit,
1241 609 1626 673 arbitremini,
1668 623 1753 661 me
1799 603 2018 675 quidem
2066 601 2161 671 qui

584 730 684 786 pro
715 727 838 783 rege
882 725 944 763 ac
978 707 1221 762 universi
1278 704 1460 775 p0puli
1502 702 1748 772 principe
1790 698 2030 760 habeor,
2067 691 2164 748 sed

586 810 767 863 animo
798 805 868 859 ob
933 802 1027 857 Dei
1084 809 1287 855 metum
1339 812 1547 868 pauper
1590 810 1750 856 sum,
1801 790 1978 846 solum
2035 787 2163 841 talia

583 906 969 962 consecutum;
996 894 1277 949 enimvero
1301 890 1469 960 probe
1492 892 1829 957 compertum
1853 893 1956 944 est,
1984 881 2162 951 ipsum

585 993 872 1047 Dominum
909 988 1001 1057 qui
1049 1000 1294 1056 praesens
1352 981 1609 1035 omnibus
1655 985 1759 1040 est,
1807 974 2017 1029 similes
2055 972 2163 1026 mei

583 1098 882 1156 pauperes,
916 1079 1170 1134 videlicet
1205 1077 1459 1130 timentes
1507 1071 1700 1135 Deum,
1751 1066 2160 1122 citauditurum.

584 1175 804 1231 Gustate
863 1182 912 1227 et
965 1171 1130 1225 ridete
1190 1167 1440 1238 quoniam
1493 1163 1669 1216 suavis
1731 1168 1808 1214 est
1864 1157 2162 1211 Dominus:

585 1270 766 1323 beatus
801 1266 878 1320 vir
911 1264 1001 1335 qui
1033 1269 1208 1330 sperat
1253 1261 1308 1312 in
1339 1275 1419 1311 eo.
1459 1254 1724 1324 Quisquis
1753 1251 1822 1306 ob
1867 1248 2162 1321 perfectam

584 1369 638 1417 et
669 1357 1065 1414 indeﬁcientem
1100 1354 1155 1406 in
1208 1350 1378 1404 Deum
1413 1365 1564 1418 spem
1595 1347 1676 1400 vir
1697 1344 1936 1410 exsistit,
1971 1343 2163 1397 beatus

584 1461 690 1509 est.
727 1449 911 1520 Neque
955 1447 1053 1502 abs
1093 1461 1152 1499 re
1196 1442 1405 1511 Aquila:
1438 1435 1876 1507 interpretationi
1924 1446 2163 1502 praesens

584 1544 789 1600 dictum
826 1540 951 1611 quis
998 1535 1288 1608 aptaverit.
1324 1532 1385 1586 ln
1418 1531 1578 1584 titulo
1609 1528 1809 1598 quippe
1860 1523 2163 1580 secundum

583 1634 837 1705 Aquilam
869 1632 1074 1685 dictum
1127 1633 1253 1681 est:
1311 1621 1552 1685 Davidis,
1613 1617 1824 1690 quando
1866 1615 2165 1670 immutavit

584 1739 796 1801 gustum
827 1738 981 1778 suum
1029 1729 1149 1773 ante
1194 1716 1383 1786 faciem
1442 1709 1760 1765 Abimelech.
1811 1707 1950 1774 Quia
2003 1708 2166 1777 igitur

587 1798 723 1887 ipse,
759 1829 882 1868 cum
930 1823 1098 1882 panes
1149 1805 1539 1878 propositionis
1580 1799 1929 1862 comedisset,
1969 1798 2165 1850 iuuan-

2265 600 2298 650 ὁ
2336 598 2549 664 Κύριος
2577 593 2943 659 εὶσήκουσεν
2972 589 3180 644 αὑτοῦ.
3229 589 3386 642 Ἀλλὰ
3421 591 3496 660 μὴ
3526 589 3657 659 ἐμὲ,
3707 591 3873 660 φησι,

2268 688 2425 760 μόνον
2447 685 2799 758 τετυχηκέναι
2822 683 3185 754 νομίζετε,τδν
3206 681 3563 752 νομιζόμενον
3590 680 3706 751 μὲν
3733 678 3876 734 εἶναι
3972 739 3973 744 η

2267 777 2487 851 βασιλέα
2517 778 2612 830 καὶ
2641 776 2876 846 ἄρχοντα
2901 773 2994 826 τοῦ
3030 772 3230 836 παντὸς
3262 771 3478 836 ἔθνους,
3506 773 3578 841 τῇ
3613 771 3682 824 δὲ
3718 772 3874 842 ψυχῇ

2264 867 2610 939 πτωχεύοντα
2645 867 2730 918 διὰ
2759 865 2848 918 τὸν
2869 863 2962 917 τοῦ
2999 862 3134 916 Θεοῦ
3173 863 3365 932 φόϐον·
3400 861 3654 933 ἀκριϐῶς
3689 863 3756 916 δὲ
3789 881 3874 932 γι-

2263 960 2532 1015 νώσκεται
2554 1000 2568 1020 ,
2593 960 2674 1012 ὅτι
2702 960 2730 1011 ὁ
2764 958 2925 1019 αὐτὸς
2948 956 3151 1027 Κύριος
3176 956 3270 1008 καὶ⁸
3300 953 3488 1026 παρὼν
3513 955 3629 1008 τῶν
3654 957 3872 1026 ὁμοίως
3965 977 3970 1014 τ

2264 1055 2386 1125 ἐμοὶ
2413 1051 2642 1122 πτωχῶν
2666 1091 2680 1116 ,
2714 1051 2857 1118 λέγω
2885 1049 2940 1102 δὲ
2965 1049 3073 1102 τῶν
3101 1047 3446 1117 φοϐουμένων
3474 1046 3678 1109 αὑτὸν,
3717 1051 3870 1100 εἱσα-

2265 1145 2532 1199 κούσεται.
2563 1143 2878 1195 Γεύσασθε
2903 1139 3002 1194 καὶ
3045 1137 3200 1192 ἴδετε
3249 1137 3337 1191 ὅτι
3366 1137 3645 1206 χρηστὸς
3681 1142 3722 1192 ό
3761 1141 3874 1192 Κύ-

2256 1254 2406 1306 ριος·
2435 1234 2724 1306 μακάριος
2747 1232 2903 1300 ἀνὴρ
2922 1232 2989 1298 ὃς
3009 1231 3228 1291 ἐλπίζει
3253 1231 3349 1306 ἐπί
3365 1230 3575 1283 αὐτόν’
3616 1230 3680 1284 '0
3696 1231 3795 1284 διὰ
3815 1230 3872 1285 τὸ

2264 1331 2479 1394 τελείως
2503 1331 2595 1382 καὶ
2623 1327 2918 1388 ἁνελλιπῶς
2949 1323 3188 1388 ἐλπίζειν
3218 1326 3308 1378 ἐπὶ
3340 1322 3471 1377 Θεὸν
3505 1323 3661 1394 ἀνὴρ
3691 1326 3873 1396 ὑπάρ-

2265 1443 2374 1496 χων
2409 1423 2676 1495 μακάριός
2707 1423 2873 1474 ἐστιν.
2923 1420 3034 1472 Ούκ
3063 1417 3365 1480 ἀπεικότως
3392 1417 3455 1470 ἄν
3487 1433 3573 1478 τις
3609 1419 3872 1488 ἐφαρμό-

2267 1535 2408 1571 σειεν
2431 1520 2496 1588 τῇ
2522 1514 2662 1569 κατὰ
2688 1514 2778 1567 τὸν
2814 1512 3042 1565 Ἀκύλαν
3070 1510 3335 1582 ἑρμηνείᾳ
3356 1509 3450 1580 τὴν
3478 1511 3871 1580 προκειμένην

2264 1610 2434 1676 λέξιν·
2459 1609 2686 1678 ἐπείπερ
2712 1608 2768 1658 ἐν
2794 1607 2859 1675 τῇ
2885 1605 3173 1674 προγραφῇ
3197 1601 3336 1654 κατὰ
3359 1600 3447 1652 τὸν
3479 1599 3736 1653 Ἀκύλαν
3763 1602 3873 1654 ἐλέ-

2266 1718 2417 1771 γετο·
2457 1699 2568 1754 Τοῦ
2587 1697 2787 1761 Δαυῒδ,
2814 1697 2911 1750 ὅτε
2933 1695 3233 1763 ἠλλοίωσε
3253 1693 3316 1746 τὸ
3343 1693 3530 1764 γεῦμα
3549 1692 3770 1746 αὐτοῦ
3792 1697 3872 1760 εὶς

2266 1797 2590 1863 πρόσωπον
2631 1789 2956 1860 Ἀϐιμέλεχ.
2993 1786 3145 1840 Ἐπεὶ
3177 1786 3353 1840 τοίνυν
3387 1786 3571 1850 αὐτὸς,
3610 1787 3739 1839 τῶν
3774 1787 3870 1858 ipe

587 1908 721 1963 tavit
755 1913 983 1976 gustum
1035 1916 1216 1963 suum,
1253 1915 1316 1952 ac
1366 1913 1430 1952 ex
1481 1903 1645 1966 gustu
1677 1892 1872 1947 deinde
1924 1889 2164 1944 divinam

2271 1907 2374 1943 των
2406 1889 2502 1958 τῆς
2531 1885 2842 1957 προθέσεως
2884 1878 3200 1953 μεταλαϐὼν
3220 1921 3236 1946 ,
3287 1879 3549 1948 quam“
3581 1881 3651 1932 τὸ
3681 1881 3872 1952 γεῦμα

588 2002 693 2059 sibi
738 2002 995 2052 virtutem
1049 1994 1302 2047 collatam
1351 1989 1521 2043 fuisse
1549 1986 1757 2052 sensit;
1808 1983 2034 2044 idcirco,
2081 1995 2168 2035 se-

587 2092 828 2150 cundum
859 2087 1010 2151 illud,
1038 2086 1242 2156 Absque
1271 2083 1394 2138 dolo
1435 2081 1628 2150 accepi,
1656 2079 1769 2133 sine
1801 2075 1997 2130 invidia
2023 2090 2168 2127 com-

588 2180 899 2247 munico”,
951 2179 1020 2233 ad
1069 2169 1412 2232 consimilem
1477 2181 1697 2244 gustum
1753 2165 2167 2242 percipiendum

589 2279 728 2332 alios
773 2274 1033 2329 festinare
1073 2271 1415 2332 cohortatur,
1451 2277 1614 2336 atque
1666 2263 1881 2335 precari
1911 2269 1971 2316 ut
2027 2275 2168 2330 pane

587 2370 712 2426 vita!
759 2368 1015 2422 alantur:
1080 2363 1241 2432 cujus
1293 2359 1602 2432 symbolum
1655 2371 1720 2411 ac
1787 2355 1966 2426 imago
2010 2359 2169 2406 erant

590 2478 761 2533 panes
793 2461 870 2515 illi
901 2455 1295 2531 propositionis
1347 2468 1444 2523 per
1493 2449 1697 2522 Moysis
1726 2449 1898 2519 legem
1953 2445 2165 2501 statuti.

593 2553 773 2620 Quare
805 2551 975 2606 David
1025 2564 1150 2604 cum
1193 2546 1522 2616 intelligeret
1577 2541 1737 2612 cujus
1795 2541 1975 2608 imago
2023 2543 2170 2592 esset

595 2645 752 2716 panis
786 2643 874 2695 ille
923 2635 1336 2710 propositionis,
1372 2649 1480 2688 non
1506 2632 1574 2686 ad
1616 2643 1940 2699 corporeum
1974 2640 2167 2696 panem

593 2743 653 2790 ut
692 2732 1052 2797 accedamus;
1087 2727 1181 2784 sed
1232 2727 1296 2780 ad
1339 2740 1534 2795 panem
1588 2721 1681 2792 qui
1725 2734 1990 2788 corporeo
2039 2716 2169 2772 sub-

592 2827 887 2890 iudicatnr,
938 2838 1040 2878 nos
1098 2827 1383 2892 provocat.
1417 2815 1529 2870 Nos
1563 2817 1728 2885 igitur
1779 2813 1872 2882 qui
1907 2811 1961 2865 in
2010 2811 2168 2865 terris

589 2931 898 2982 versamur,
935 2915 1092 2985 panis
1140 2922 1192 2967 et
1225 2910 1388 2964 Verbi
1426 2909 1518 2980 qui
1550 2907 1617 2962 de
1672 2906 1813 2960 cmlo
1863 2903 2166 2968 descendit,

588 3023 652 3062 ac
690 3007 1045 3076 semetipsum
1103 3000 1408 3060 exinanivit
1441 3008 1494 3054 et
1527 2995 1832 3067 depressit,
1873 2993 2169 3066 participes

589 3097 870 3153 cilicimur.
913 3096 1020 3162 Qui
1057 3110 1188 3149 vero
1217 3100 1346 3147 sunt
1379 3092 1436 3145 in
1465 3105 1634 3159 regno
1685 3088 1972 3149 ccelorum,
2008 3085 2170 3154 pleno

592 3190 687 3243 illo
715 3205 778 3244 ac
808 3187 1052 3258 perfecto
1075 3191 1325 3246 utuntur,
1355 3180 1474 3250 ejus
1511 3179 1798 3234 divinitate
1840 3175 2084 3240 enutriti,
2115 3180 2169 3229 et

593 3279 876 3350 sapientia:
927 3273 1488 3344 contemplationibus
1535 3270 1798 3323 fruentes.
1834 3267 1958 3322 Haec
2005 3267 2168 3322 etiam

593 3387 698 3428 nos
744 3369 1040 3441 aliquando
1092 3363 1376 3422 obtinendi
1424 3377 1576 3432 spem
1637 3361 1841 3415 habere
1892 3359 2166 3421 convenit,

592 3463 950 3536 quamobrem
998 3459 1204 3514 dictum
1256 3463 1385 3512 est:
1452 3453 1642 3507 Beatus
1715 3453 1792 3506 vir
1855 3451 1945 3522 qui
1996 3457 2170 3520 sperat

596 3558 648 3610 Σί
679 3571 761 3610 eo.

668 3646 834 3702 Vens.
872 3643 926 3700 9.
979 3641 1176 3697 Timete
1223 3639 1531 3704 Dominum,
1576 3654 1751 3692 omnes
1800 3636 1972 3690 sancti
2023 3635 2167 3705 ejus,

593 3741 844 3812 quoniam
879 3754 981 3792 non
1009 3745 1086 3791 est
1115 3736 1292 3804 inopia
1325 3733 1630 3788 timentibus
1660 3747 1798 3784 eum.
1827 3729 1950 3784 llmc
1987 3728 2172 3783 omnia

596 3835 764 3889 David
811 3834 878 3887 ad
930 3831 1163 3885 aliorum
1213 3829 1507 3882 utilitatem
1573 3824 1968 3882 sententiarum
2018 3835 2171 3876 more

597 3926 826 3996 profert,
862 3937 1097 3994 quorum
1155 3920 1307 3990 prior
1350 3919 1466 3988 ipse
1501 3918 1707 3986 potitus
1753 3921 1891 3978 erat,
1952 3911 2170 3982 quando

596 4016 892 4086 exquisivit
965 4012 1282 4074 Dominum,
1351 4025 1415 4063 ac
1460 4009 1756 4079 propitium
1817 4014 2013 4060 nactus
2065 4011 2168 4059 est.

595 4105 852 4174 Prmcipit
881 4104 1064 4172 itaque
1117 4100 1325 4158 sanctis
1359 4099 1476 4162 Dei,
1521 4106 1580 4152 ut
1629 4098 1877 4152 timorem
1911 4098 2030 4164 ejus
2061 4110 2173 4165 prae

595 4198 773 4254 oculis
801 4197 1038 4250 habeant
1071 4214 1084 4249 :
1125 4195 1193 4248 ab
1248 4194 1343 4248 illo
1375 4194 1576 4262 quippe
1610 4193 1802 4243 timore
1842 4189 2018 4242 sancti
2057 4186 2171 4241 elli-

597 4289 856 4354 ciuntur;
888 4287 1010 4341 ideo
1040 4285 1148 4339 alio
1179 4285 1234 4338 in
1266 4283 1476 4354 psalmo
1499 4281 1725 4343 dictum,
1751 4278 1934 4332 Timor
1959 4277 2171 4330 Domini

597 4393 777 4438 castus
820 4381 894 4448 ",
941 4381 1220 4440 videlicet,
1274 4386 1457 4433 castos
1506 4375 1764 4431 eliiciens.
1829 4373 2171 4442 Quapropter

597 4475 782 4530 divina
817 4474 904 4529 lex
939 4473 1014 4527 ait
1041 4491 1054 4526 :
1097 4471 1282 4526 Sancti
1314 4471 1481 4535 eritis,
1510 4468 1757 4538 quoniam
1788 4482 1879 4536 ego
1919 4464 2167 4517 Dominus

2269 1981 2434 2037 αὐτοῦ
2457 2021 2471 2044 ,
2506 1976 2605 2032 εἶτ’
2638 1978 2744 2031 ἀπὸ
2765 1978 2864 2048 τῆς
2890 1975 3130 2045 γεύσεως
3157 1972 3352 2045 ᾔσθετο
3378 1973 3674 2043 δυνάμεως
3721 1975 3872 2038 θείας

2267 2071 2665 2148 χορηγηθείσης
2690 2068 2840 2139 αὐτῷ
2857 2085 2871 2098 ο
2897 2067 3086 2122 τούτου
3115 2069 3274 2138 χάριν
3302 2065 3442 2121 κατὰ
3457 2065 3519 2118 τό
3539 2081 3551 2095 ·
3598 2066 3866 2132 uacum

2267 2171 2507 2230 ἔλαϐον,
2536 2167 2807 2234 ἀφθόνως
2830 2163 3238 2234 μεταδίδομαι,
3272 2160 3582 2234 παρακαλεῖ
3618 2161 3724 2213 καὶ
3756 2162 3866 2213 ἐτέ-

2271 2276 2398 2331 ρους
2422 2257 2672 2311 σπεύδειν
2704 2257 2796 2310 ὲπὶ
2814 2257 2913 2328 τὴν
2941 2255 3132 2326 ὁμοίαν
3157 2253 3306 2324 αύτῷ
3333 2252 3520 2321 γεῦσιν
3541 2289 3556 2313 ,
3592 2252 3864 2316 εὖξασθαὶ

2267 2368 2327 2403 τε
2356 2350 2627 2422 τραφῆναι
2659 2347 2738 2418 τῷ
2762 2347 2911 2420 ἄρτῳ
2934 2348 3031 2418 τῆς
3059 2347 3206 2416 ζωῆς
3224 2363 3238 2377 ο
3269 2340 3330 2400 οὗ
3354 2343 3625 2415 σύμϐολον
3660 2345 3762 2396 καὶ
3793 2348 3860 2396 εξ-

2269 2441 2379 2495 κὼν
2400 2442 2690 2511 ἐτύγχανον
2711 2441 2760 2493 οἱ
2783 2439 2870 2493 διὰ
2891 2439 3168 2503 Μωῦσέως
3189 2437 3512 2509 νενομοθετη
3523 2437 3683 2506 μένοι
3708 2437 3861 2508 ἄρτοι

2270 2537 2367 2607 τῆς
2399 2534 2725 2606 προθέσεως.
2762 2534 2960 2605 Διόπερ
2987 2534 3015 2585 6
3041 2533 3202 2586 Δαυῖδ
3225 2571 3240 2596 ,
3271 2532 3469 2602 νοήσας
3504 2529 3660 2592 τίνος
3690 2526 3764 2599 ἦν
3792 2532 3860 2580 εἰ·

2270 2629 2381 2682 κὼν
2419 2631 2446 2680 6
2477 2629 2574 2698 τῆς
2605 2627 2913 2699 προθέσεως
2942 2628 3101 2698 ἄρτος
3120 2667 3135 2692 ,
3166 2627 3264 2679 οὐκ
3290 2625 3381 2676 ἐπὶ
3412 2622 3502 2676 τὸν
3538 2623 3858 2693 σωματικὸν

2273 2720 2520 2774 σπεύδειν
2554 2720 2872 2792 προτρέπει,
2904 2719 3016 2770 ἀλλ’
3041 2719 3132 2770 ἐπὶ
3154 2717 3244 2770 τὸν
3269 2717 3332 2769 δι’
3351 2713 3515 2769 αὐτοῦ
3538 2715 3667 2767 νοού
3677 2732 3853 2784 μενον.

2282 2816 2468 2885 Ἡμεῖς
2497 2814 2594 2884 μὲν
2620 2809 2712 2866 οὖν
2743 2814 2790 2865 οἱ
2816 2812 2909 2864 ἐπὶ
2942 2813 3042 2882 γῆς
3075 2813 3137 2864 ὲκ
3165 2811 3256 2863 τοῦ
3281 2807 3510 2881 ούρανοῦ
3541 2807 3855 2876 καταϐεϐη-

2270 2905 2425 2968 κότος
2470 2903 2564 2956 τοῦ
2609 2904 2773 2974 ἄρτου
2819 2903 2912 2955 καὶ
2957 2900 3050 2954 τοῦ
3088 2901 3260 2968 Λόγου
3297 2898 3638 2961 κενώσαντος
3669 2898 3855 2952 taurina

2271 2999 2365 3052 καὶ
2397 2997 2789 3069 σμικρύναντος
2819 2994 3331 3066 μεταλαμϐάνομενσ
3360 2994 3413 3044 οἱ
3441 2991 3496 3044 δέ
3522 2992 3578 3043 ἐν
3601 2994 3675 3062 τῇ
3711 2991 3856 3060 βασι-

2269 3090 2388 3161 λείᾳ
2425 3089 2534 3142 τῶν
2564 3089 2806 3161 οὐρανῶν
2837 3088 3076 3159 πλήρους
3109 3086 3273 3140 αὑτοῦ
3307 3085 3401 3138 καὶ
3442 3083 3652 3137 τελείου
3694 3101 3855 3154 μετα-

2195 3210 2237 3267 C
2271 3183 2603 3253 λαμϐάνουσι
2628 3223 2642 3247 ,
2685 3183 3011 3253 τρεφόμενοι
3043 3178 3206 3232 αὐτοῦ
3237 3181 3302 3249 τῇ
3335 3177 3549 3246 θεότητι
3571 3216 3585 3238 ,
3619 3179 3722 3230 καὶ
3755 3178 3856 3228 τῶν

2270 3275 2370 3344 τῆς
2401 3273 2591 3341 σοφίας
2622 3272 2994 3344 Θεωρημάτων
3026 3270 3423 3334 ἀπολαύοντες,
3473 3261 3547 3324 ὧν
3580 3271 3682 3323 καὶ
3711 3273 3856 3341 ἡμᾶς

2268 3364 2445 3436 καιρῴ
2463 3381 2590 3417 ποτε
2609 3368 2890 3434 μετασχεῖν
2913 3363 3152 3427 ἐλπίζειν
3176 3365 3459 3434 προσήκει,
3478 3362 3558 3415 διὸ
3573 3361 3858 3416 λέλεκταιο

2266 3454 2570 3525 Μακάριος
2601 3456 2756 3524 ἀνὴρ
2782 3455 2850 3522 ὃς
2872 3455 3094 3516 ἐλπίζει
3119 3455 3213 3508 ἐπ’
3237 3458 3441 3510 αὐτόν.

2341 3635 2640 3703 Φοϐήθητε
2667 3633 2773 3688 τὸν
2800 3633 3019 3701 Κύριον
3038 3669 3054 3695 ,
3099 3629 3321 3696 πάντες
3363 3631 3416 3682 οἱ
3447 3627 3601 3696 ἅγιοι
3645 3630 3796 3681 αὐτ(
3809 3628 3861 3695 ὗ,

2271 3730 2359 3783 ὅτι
2385 3731 2496 3783 οὐκ
2525 3728 2698 3781 ἔστιν
2723 3725 3031 3793 ὑστέρημα
3068 3722 3190 3787 τοῖς
3219 3719 3613 3790 φοϐουμένοις
3645 3723 3862 3776 αἰτεῖν.

2272 3821 2455 3875 Πάντα
2479 3819 2653 3874 ταῦτα
2681 3813 2972 3888 γνωμικῶς
2999 3817 3028 3868 6
3053 3813 3214 3867 Δαυῒδ
3245 3815 3324 3876 εἰς
3353 3811 3448 3882 τὴν
3477 3811 3690 3883 ἐτέρων
3722 3814 3863 3880 ὠςέ-

2270 3915 2418 3968 λειαν
2452 3912 2806 3985 προφέρεται,
2842 3908 2999 3971 αὐτὸς
3028 3907 3289 3978 πρότερον
3315 3903 3629 3968 ἀπολαύσας
3654 3907 3858 3967 αὐτῶν,

2270 4009 2359 4061 ὅτε
2378 4047 2392 4071 ν
2434 4008 2741 4076 ἐκζητήσας
2767 4002 2858 4055 τὸν
2886 4000 3088 4071 Κύριον
3109 4039 3124 4063 ,
3165 3999 3400 4069 ἐπηκόου
3428 3997 3594 4051 αὑτοῦ
3621 3999 3861 4068 τετύχηο

2272 4115 2355 4151 κει
2379 4095 2821 4166 Παρακελεύεται
2853 4093 3030 4147 τοίνυν
3062 4092 3154 4146 τὸν
3184 4091 3347 4160 φόϐον
3378 4089 3471 4142 τοῦ
3502 4090 3720 4159 Κυρίου
3759 4090 3861 4161 7:96

2271 4188 2563 4259 ὀφθαλμῶν
2586 4186 2826 4240 τίθεσθαι
2849 4187 2974 4246 τοὺς
2999 4184 3186 4253 ἁγίους
3213 4181 3375 4235 αὑτοῦ
3394 4199 3406 4211 ·
3433 4181 3534 4233 ὑπὸ
3557 4181 3668 4251 γὰρ
3695 4180 3860 4234 αὑτοῦ

2271 4283 2366 4337 τοῦ
2398 4281 2562 4352 φόϐου
2591 4279 2737 4348 ἆγιοι
2766 4276 3177 4332 ἀνατελοῦνται’
3209 4274 3288 4326 διὸ
3311 4274 3560 4326 λέλεκται
3590 4275 3648 4327 ἐν
3687 4275 3860 4346 ἑτέρῳ

2269 4374 2487 4447 ψαλμῷ·
2523 4374 2584 4426 '0
2604 4373 2786 4442 φόϐος
2803 4370 3025 4437 Κυρίου
3044 4367 3247 4437 ἁγνὸς,
3268 4368 3387 4420 ἀντὶ
3406 4365 3521 4429 τοῦ,
3543 4367 3858 4434 ἁγνοὶ-ποιᾷ.

2272 4468 2362 4520 Διὸ
2389 4467 2481 4520 καὶ
2505 4469 2532 4519 6
2559 4465 2700 4526 θεῖος
2726 4464 2888 4532 νόμος
2917 4460 3080 4532 φησίν
3098 4477 3110 4490 ·
3141 4461 3331 4526 ’Ἅγιοι
3362 4459 3597 4520 ἔσεσθε,
3631 4459 3726 4512 ὅτι
3751 4460 3862 4529 ἐγὼ

597 4566 738 4622 Deus
772 4574 937 4620 vester
962 4573 1176 4618 sanctus
1208 4578 1326 4616 sum
1352 4561 1416 4615 ‘5.
1447 4562 1622 4628 Atque
1646 4557 1860 4628 signum
1889 4553 2019 4608 illud
2054 4553 2167 4608 evi-

2271 4560 2484 4628 Κύριος
2519 4560 2551 4610 ό
2591 4556 2736 4620 Θεὸς
2771 4552 2937 4623 ὑμῶν
2973 4554 3156 4622 ἅγιος.
3220 4551 3329 4603 Καὶ
3371 4554 3590 4621 σημεῖον
3625 4552 3727 4604 τοῦ
3771 4571 3863 4620 φο-

598 4660 733 4714 dens
768 4658 930 4713 fuerit
975 4656 1191 4711 timoris
1226 4653 1465 4716 Domini,
1510 4651 1556 4707 si
1599 4650 1723 4720 quis
1761 4663 1790 4701 a
1831 4646 2084 4701 sordibus
2119 4651 2174 4698 ct

598 4752 781 4822 pravis
824 4750 1084 4822 operibus
1117 4761 1290 4818 purus
1343 4752 1396 4799 ct
1432 4759 1634 4799 vacuus
1691 4739 1894 4804 fuerit,
1944 4751 2173 4806 seseque

600 4851 853 4897 sanetum
892 4856 1122 4910 corpore
1157 4855 1219 4892 ac
1253 4837 1449 4907 spiritu
1478 4833 1796 4889 servaverit.
1830 4829 2172 4883 Timentibus

601 4949 765 5004 porro
792 4933 982 4997 Deum,
1016 4932 1108 5001 qui
1142 4947 1233 5000 per
1256 4931 1373 4998 ejus
1402 4935 1604 4981 metum
1642 4924 1815 4980 sancti
1845 4921 2170 4982 clliciuntur,

603 5025 739 5078 nihil
771 5038 1009 5094 unquam
1035 5022 1229 5085 deerit,
1254 5028 1438 5090 utpote
1467 5019 1559 5087 qui
1589 5015 1809 5070 divitias
1847 5025 2072 5081 magnas
2106 5023 2169 5062 ac

601 5117 920 5172 thesaurum
950 5114 1210 5186 optimum
1255 5113 1308 5166 in
1364 5112 1484 5182 ipso
1528 5109 1722 5163 timore
1764 5103 1982 5160 Domini
2017 5117 2166 5172 repe-

599 5210 792 5266 rerint.

1103 5315 1379 5373 D.\VlDlS
1416 5313 1655 5370 XXXIV.

672 5411 835 5469 Vsus.
884 5411 998 5467 1-5.
1036 5409 1255 5476 Judica,
1285 5408 1524 5470 Domine,
1572 5412 1811 5458 nocentes
1863 5415 1962 5467 me,
2000 5414 2167 5468 expu-

599 5527 703 5580 gna
725 5512 1088 5580 impugnantes
1117 5523 1216 5561 me.
1249 5500 1584 5572 Appreltende
1630 5516 1784 5553 arma
1823 5509 1872 5551 et
1912 5505 2117 5550 scutum
2147 5509 2165 5547 :

599 5613 649 5657 et
674 5619 896 5672 exsurge
921 5602 975 5655 in
1008 5598 1337 5668 adjutorium
1389 5594 1538 5647 mihi.
1572 5590 1796 5659 Eﬂ‘unde
1827 5591 2085 5659 frameam
2114 5596 2165 5639 et

601 5695 849 5748 conclude
870 5692 1119 5746 adversus
1142 5706 1228 5743 eos
1252 5688 1339 5758 qui
1367 5691 1745 5755 persequuntur
1773 5698 1869 5735 me.
1891 5680 2161 5747 Quoniam

2273 4645 2486 4699 δεῖσθαι
2518 4643 2610 4696 τὸν
2641 4642 2844 4712 Κύριον
2876 4640 3020 4693 τοῦτ’
3058 4640 3124 4693 ἂν
3152 4639 3362 4707 γένοιτο
3382 4679 3397 4702 ,
3437 4641 3495 4693 τὸ
3529 4640 3862 4712 καθαρεύειν

2278 4736 2374 4805 μὲν
2402 4732 2580 4804 πάσης
2603 4730 2871 4803 ῥυπαρίας
2893 4729 2985 4782 καὶ
3013 4730 3240 4800 αἰσχρᾶς
3265 4728 3514 4799 πράξεως
3531 4769 3543 4792 ,
3563 4729 3861 4796 φυλάττειν

2273 4829 2329 4880 δὲ
2357 4828 2552 4888 αὑτοὺς
2581 4823 2770 4892 ἁγίους
2806 4823 2898 4875 καὶ
2936 4819 3149 4891 σώματι
3180 4822 3272 4872 καὶ
3305 4819 3591 4888 πνεύματι.
3647 4819 3781 4882 Τοῖς
3805 4819 3858 4870 δὲ

2273 4921 2362 4972 τὸν
2415 4917 2617 4988 Κύριον
2653 4914 3040 4984 φοϐουμένοις,
3093 4911 3186 4965 καὶ
3215 4910 3302 4964 διὰ
3351 4910 3440 4963 τὸν
3487 4909 3653 4962 αὐτοῦ
3691 4911 3860 4978 φόϐον

2276 5012 2628 5085 ἡγιασμένοις
2651 5051 2666 5076 ,
2723 5011 2872 5064 οὐδὲν
2913 5008 2978 5062 ἂν
3011 5007 3174 5078 δεήσῃ
3222 5005 3296 5068 ὡς
3325 5004 3390 5058 ἂν
3426 5004 3595 5074 μέγαν
3628 5002 3862 5057 πλοῦτον

2277 5107 2370 5160 καὶ
2403 5101 2671 5177 θησαυρὸν
2701 5100 2902 5170 ἀγαθὸν
2926 5100 2982 5152 ὲν
3007 5097 3154 5169 αύτῷ
3181 5095 3258 5168 τῷ
3287 5096 3435 5165 φόϐῳ
3464 5093 3668 5164 Κυρίου
3690 5096 3861 5166 εὑρη-

2278 5199 2450 5252 κόσιν.

2791 5299 2928 5355 ΤΟΥ
2967 5297 3162 5354 ΔΑΥΙΔ
3195 5298 3312 5350 AA"

2345 5400 2633 5460 Δίκασον,
2669 5397 2867 5463 Κύριε,
2902 5395 3044 5460 τοὺς
3071 5388 3430 5456 ἀδικοῦντάς
3457 5404 3565 5458 με,
3591 5386 3858 5454 πολέμτν

2275 5509 2388 5548 σον
2419 5491 2557 5557 τοὺς
2589 5485 3003 5558 πολεμοῦντὰς
3030 5503 3124 5555 με.
3165 5481 3483 5550 Ἐπιλαϐοῦ
3523 5480 3717 5533 ὅπλου
3754 5481 3851 5534 καὶ

2272 5583 2483 5652 θυρεοῦ
2506 5602 2519 5613 ·
2559 5583 2656 5636 καὶ
2682 5581 2976 5647 ἀνάστηθι
3016 5581 3103 5644 εὶς
3134 5574 3422 5643 βοήθειάν
3440 5591 3561 5643 μοι.
3593 5573 3854 5639 Ἤκχεεν

2266 5674 2589 5744 ῥομφαίαν,
2613 5672 2710 5728 καὶ
2743 5673 3112 5741 σύγκλεισον
3141 5664 3489 5731 ἐξεναντίας
3521 5661 3639 5714 τῶν
3669 5677 3850 5714 κειται

682 5848 724 5879 ⁸⁸
763 5847 890 5918 Sap.
933 5860 1039 5910 vu,
1082 5844 1168 5900 15.
1204 5926 1208 5930 ι
1245 5843 1287 5875 ιδ
1330 5839 1477 5898 Psal.
1512 5854 1681 5904 xvul,
1720 5837 1804 5892 l0.
1885 5835 1928 5866 ”
1970 5833 2146 5888 chit.
2187 5846 2262 5898 xl,
2309 5830 2398 5885 45.
