4010 6534
262 375 372 433 297

1400 366 1901 430 COMMENTARIA
1945 368 2013 429 IN
2051 370 2173 427 PSA
2182 368 2386 428 LMOS.

3408 364 3516 427 του

257 488 593 545 διωκόντων
616 506 713 560 με.
754 488 910 543 Ἐπεὶ
935 480 1030 543 καὶ
1048 490 1105 542 ὲν
1135 487 1215 559 τῷ
1244 487 1687 560 ἰεζεκιὴλπολλά
1715 503 1817 558 περ

1950 489 2005 544 in
2052 485 2337 544 Ezechiele
2389 484 2555 539 multa
2602 482 2666 541 de
2695 483 2901 540 framea
2937 481 3085 540 dicta
3134 490 3304 549 sunt;
3358 499 3515 548 nam,

257 578 528 651 ῥομφαίας
553 577 799 651 εἴρηται·
849 578 1137 648 Ῥομεραία
1158 578 1265 648 γὰρ
1284 617 1299 641 ,
1329 578 1463 649 φησὶ
1486 617 1502 641 ,
1544 578 1830 645 ῥομφαία,

254 668 591 742 ᾶεεγὲρθητι
605 710 620 734 ,
638 671 737 725 καί
753 669 906 740 φάγε
919 665 1062 739 αἷμα
1087 667 1460 739 τραυματιῶν
1479 687 1491 700 ·
1521 670 1613 722 καὶ
1639 669 1797 723 πάλιν
1813 686 1826 698 °

256 761 344 832 Γῆ
380 763 489 818 ἐὰν
519 760 752 832 ἁμάρτῃ
779 770 902 831 μοι,
939 761 1038 816 καὶ
1065 758 1383 816 ἀποστελῶ
1405 761 1709 829 ῥομφαίαν
1736 761 1830 813 ἐπ’

252 855 445 931 αὑτήν
459 872 472 887 ·
499 855 673 910 πάντα
695 854 752 908 δὲ
773 853 944 910 ταῦτα
957 854 1098 909 κατά
1113 854 1211 925 τῆς
1232 857 1289 908 ὲν
1312 852 1617 924 ἀνθρώποις
1634 853 1831 918 κακίας

254 948 548 1020 ἐπαφίησιν
566 988 582 1013 ,
608 948 683 1013 ὡς
702 946 903 1019 ἀγαθὸς
922 987 938 1012 ,
970 947 1106 1020 πρὸς
1125 946 1391 1016 ὠφέλειαν
1421 944 1527 998 τῶν
1550 946 1640 999 ὑπ’
1662 945 1831 1017 αὐτῆς

253 1039 676 1111 κεκρατημένων
695 1056 708 1071 ο
741 1038 862 1093 ἐπεὶ
892 1039 983 1093 καὶ⁸
1012 1038 1264 1110 πολέμων
1300 1034 1459 1101 σώζει
1509 1037 1610 1106 (I),
1641 1036 1828 1109 ὥσπερ

256 1130 437 1203 ἰατρὸς
456 1172 471 1196 ,
500 1132 711 1204 τέμνων
746 1133 839 1187 καὶ
872 1132 1040 1186 καίων
1072 1132 1140 1185 τὰ
1157 1130 1458 1185 πεπονθότα
1472 1131 1561 1183 τοῦ
1578 1129 1828 1202 σώματος

253 1223 390 1294 πρὸς
406 1223 696 1295 θεραπείαν
724 1224 950 1288 παντός·
976 1223 1184 1287 τούτοις
1200 1220 1449 1294 ὲπιςςέρει
1474 1222 1644 1291 λέγων
1669 1224 1794 1295 ἑξῆς
1810 1241 1823 1253 ⁸

251 1310 440 1369 Εἶπον
474 1313 548 1384 τῇ
576 1315 745 1384 ψυχῇ
769 1333 918 1386 μου’
962 1316 1228 1383 Σωτηρία
1254 1332 1371 1369 σου
1400 1314 1513 1384 ἐγώ
1541 1318 1656 1386 εἰμι
1674 1335 1687 1347 ·
1740 1334 1829 1369 πι-

251 1407 454 1461 στεύων
485 1409 579 1461 καὶ
604 1408 847 1480 ἀκριϐῶς
876 1406 1239 1478 πεπεισμένος
1265 1447 1280 1471 ,
1315 1408 1396 1460 ὄτι
1445 1408 1505 1461 τὸ
1537 1408 1826 1480 λεγόμενον

250 1499 353 1552 ὑπὸ
380 1499 468 1553 τοῦ
493 1500 626 1553 Θεοῦ
656 1499 754 1554 οὐκ
778 1501 962 1573 ἀργῶς
990 1500 1237 1571 πρόεισιν
1256 1541 1271 1565 ,
1307 1500 1419 1555 ἀλλ’
1443 1504 1523 1565 εἰς
1549 1502 1709 1573 ἔργον
1736 1504 1828 1555 ἐκ·

247 1586 418 1642 ϐαίνει
446 1590 661 1656 πάντως
680 1590 740 1645 τὸ
762 1592 1073 1664 λεγόμενον.
1108 1594 1213 1646 Καὶ
1238 1594 1295 1645 ἐν
1323 1592 1498 1662 τούτῳ
1517 1593 1575 1646 δὲ
1602 1592 1698 1664 τὴν
1728 1594 1825 1664 μὲν

243 1678 438 1734 ἑαυτοῦ
471 1683 687 1753 ἠρνεῖτο
721 1684 991 1755 σωτηρίαν
1012 1721 1026 1746 ,
1051 1685 1144 1736 καὶ
1176 1684 1274 1755 τὴν
1307 1683 1501 1737 ἑαυτοῦ
1536 1688 1826 1756 παρῃτεῖτο

242 1769 420 1843 ζωὴν,
454 1774 551 1845 τὴν
589 1776 646 1829 δὲ
677 1776 772 1829 τοῦ
804 1777 1009 1846 Κυρίου
1043 1776 1315 1846 σωτηρίαν
1348 1778 1413 1846 τῇ
1448 1776 1641 1829 ἑαυτοῦ
1679 1777 1822 1847 ψυχῇ

1943 578 2200 644 Framea,
2234 578 2430 647 inquit,
2468 577 2672 646 framea
2723 576 3005 641 suscitare,
3051 585 3101 630 et
3136 574 3346 630 comede
3382 590 3514 630 sau-

1940 674 2148 743 guinem
2194 668 2587 724 vulneratorum
2621 666 2695 734 ¹⁶;
2750 682 2815 721 ac
2863 682 3117 722 rursum:
3179 667 3341 723 Terra
3391 681 3513 721 cum

1939 766 2226 834 peccaverit
2258 764 2409 828 mihi,
2437 763 2598 817 etiam
2627 762 2914 817 immittam
2948 761 3206 831 frameam
3235 759 3511 814 coutrait-

1938 856 2047 910 tam
2071 856 2145 922 ιτς
2180 858 2295 910 haec
2328 863 2509 911 autem
2543 855 2724 910 omnia
2750 856 3017 911 adversus
3047 853 3307 907 malitiam
3334 852 3512 907 homi‘

1937 965 2093 1014 num,
2127 957 2313 1020 utpote
2341 950 2543 1011 bonus,
2576 949 2643 1004 ad
2675 949 2965 1003 utilitatem
3006 962 3197 1002 eorum
3230 946 3375 1017 quia
3398 945 3513 999 fra-

1938 1052 2056 1091 mea
2092 1037 2182 1092 illa
2205 1045 2567 1107 occupantur,
2602 1037 2803 1092 emittit
2836 1056 2852 1092 :
2889 1037 3144 1107 quoniam
3176 1037 3304 1090 item
3336 1051 3366 1090 a
3395 1036 3513 1092 hel-

1936 1128 2005 1183 lis
2034 1137 2213 1183 servat
2245 1138 2297 1184 et
2327 1138 2509 1185 tuetur
2546 1128 2706 1198 quasi
2759 1129 3027 1195 medicus,
3054 1127 3303 1198 corporis
3338 1143 3511 1183 mem-

1934 1216 2031 1270 bra
2066 1218 2208 1272 male
2239 1216 2453 1281 affecta,
2492 1218 2559 1271 ad
2584 1219 2756 1275 totius
2785 1218 3217 1273 incolumitath
3250 1231 3511 1274 resecan‘s

1932 1315 1988 1362 et
2016 1309 2289 1378 adurens;
2323 1310 2444 1364 ideo
2476 1310 2529 1363 itt
2566 1311 2925 1380 sequentibus
2958 1308 3124 1364 infert
3149 1328 3162 1363 :
3184 1308 3282 1363 Die
3314 1308 3508 1363 anima;

1933 1416 2061 1455 mete
2090 1418 2107 1455 :
2140 1400 2301 1456 Salus
2343 1413 2433 1457 tua
2474 1421 2566 1475 ego
2606 1420 2745 1469 sunt,
2778 1405 3011 1459 credens
3043 1404 3255 1460 scilicet
3286 1419 3352 1458 ac
3386 1417 3511 1472 pcr-

1933 1508 2156 1549 suasum
2195 1495 2353 1565 plane
2384 1497 2613 1560 habens,
2643 1496 2866 1554 effatum
2903 1497 3034 1551 illud
3086 1496 3180 1553 Dei
3218 1511 3329 1552 non
3390 1496 3509 1550 fru-

1934 1592 2048 1639 stra
2074 1586 2343 1653 prolatum
2379 1604 2520 1653 esse,
2551 1589 2647 1644 sed
2666 1604 2832 1660 opere
2860 1603 2924 1644 ac
2964 1605 3023 1645 re
3062 1597 3214 1660 gesta
3261 1604 3509 1660 compro-

1932 1676 2072 1730 bari.
2105 1678 2281 1748 Atque
2312 1695 2373 1733 ea
2407 1681 2627 1750 quidem
2670 1682 2725 1735 in
2770 1697 2831 1737 re
2881 1681 3113 1737 salutem
3153 1698 3315 1752 quam
3347 1698 3415 1737 cx
3448 1697 3510 1737 se

1934 1770 2097 1824 habet
2146 1770 2468 1841 abnegabat,
2512 1775 2792 1844 vitantque
2833 1776 3108 1845 propriam
3157 1774 3505 1845 repudiabat,

241 1863 567 1936 Χαρισθῆναι
596 1865 794 1938 ηὔχετο
812 1907 828 1932 ,
861 1870 1012 1932 ὅπως
1043 1864 1135 1922 καὶ
1166 1868 1326 1931 αὐτὸς
1361 1867 1473 1938 ἔχοι
1500 1867 1708 1936 λέγειν·
1737 1865 1817 1919 Ζιί

1932 1875 1996 1914 ac
2026 1859 2242 1916 Domini
2272 1864 2503 1917 salutem
2530 1866 2725 1920 anima:
2746 1867 2984 1922 conferri
3008 1883 3121 1923 sua:
3143 1868 3502 1938 precabatur;

240 1953 310 2009 es
334 1957 535 2012 οὐκέτι
562 1958 709 2029 ἐγὼ,
743 1960 811 2028 ζῇ
836 1959 902 2013 δὲ
930 1961 1000 2012 ἐν
1030 1957 1161 2027 ἐμοὶ
1184 1960 1459 2025 Χριστός.
1514 1959 1684 2021 Αὐτὸς
1716 1957 1823 2031 γάρ

243 2043 391 2099 ἐστιν
414 2049 448 2118 ἡ
476 2049 719 2131 σωῃρία
751 2049 938 2121 ἡμῶνο
964 2048 1120 2103 τοῦτο
1144 2049 1272 2117 γοῦν
1298 2046 1428 2102 αὐτὸ
1454 2048 1703 2120 σημαίνει
1729 2049 1824 2104 καὶ

184 2148 187 2151 ‘
243 2136 278 2208 ἡ
305 2136 400 2191 τοῦ
437 2139 613 2211 Ἰησοῦ
648 2138 909 2212 ὀνόματος
938 2140 1222 2214 ἑρμηνεία.

312 2312 831 2383 Αἰσχυνθητωσαν
846 2315 943 2368 καὶ
959 2314 1427 2382 ἐντραπιὲτωσαν
1441 2320 1493 2370 οἱ
1512 2314 1821 2383 ζητοῦιτες

239 2398 358 2468 τὴν
400 2401 611 2471 ψυχήν
646 2422 786 2473 μου.
845 2404 1042 2457 Τούτου
1077 2405 1219 2477 γὰρ,
1260 2407 1425 2477 φησὶ,
1472 2405 1677 2485 Κύριε,
1715 2406 1819 2458 ὑπὸ

241 2489 335 2544 σοῦ
374 2491 704 2561 γενομένου,
756 2493 850 2547 καὶ
898 2494 1303 2559 ἐπακούσαντὸς
1344 2514 1445 2567 μου
1494 2497 1590 2567 τῆς
1630 2496 1815 2567 εὐχῆς,

236 2582 686 2655 αἱσχυνθήσονται
705 2587 799 2638 καὶ
819 2588 1248 2659 ἐντραπήσονται
1265 2590 1338 2651 ώς
1360 2590 1532 2660 μάτην
1550 2590 1821 2661 ἐπιχειρή-

242 2691 434 2739 σαντες
453 2693 466 2705 ·
485 2675 567 2730 διὸ
595 2677 688 2730 καὶ
721 2678 990 2750 ἀπέτυχον
1017 2679 1109 2733 τοῦ
1140 2680 1593 2751 σπουδαζομένου.
1645 2682 1816 2733 Ἀπο-

236 2763 773 2833 στραφήτωσανεὶς
795 2766 866 2820 τὰ
882 2768 1073 2821 ὀπίσω
1096 2768 1819 2838 καὶκαταισχυνθιξτωσαν

236 2858 294 2910 οἱ
319 2856 687 2927 λογιζόμενοί
708 2876 809 2928 μοι
833 2859 1007 2914 κακά.
1041 2860 1235 2914 Οὐκέτι
1260 2862 1368 2934 γὰρ
1400 2864 1685 2933 στήσονται
1712 2864 1818 2934 πρὸ

235 2946 529 3019 προσώπου
566 2964 700 3021 μου·
741 2949 886 3004 νῶτα
915 2951 970 3004 δὲ
1007 2951 1189 3017 δόντες
1227 2954 1684 3025 παραχωρήσουσί
1722 2972 1813 3026 μοι

232 3040 305 3094 τὰ
334 3043 640 3114 νικητήρια.
677 3041 980 3112 Φεύγοντας
1007 3044 1063 3096 δὲ
1094 3042 1288 3108 αὐτοὺς
1316 3047 1410 3098 καὶ
1440 3048 1520 3109 είς
1548 3045 1615 3099 τὰ
1645 3046 1818 3100 ὀπίσω

230 3133 545 3205 χωροῦντας
558 3134 987 3208 διασκορπισμὸς
1003 3136 1694 3209 λήψεταιΓει-ηθὴτωσαν
1709 3139 1816 3211 γὰρ

1932 1956 1990 2003 ut
2034 1950 2151 2020 ipse
2204 1968 2421 2022 quoque
2454 1954 2635 2009 dicere
2680 1966 2867 2026 posset
2921 1976 2935 2012 :
3002 1958 3129 2012 Vivo
3164 1957 3506 2026 autem,jam

1930 2055 2034 2093 non
2064 2056 2193 2111 ego;
2253 2044 2372 2095 vivit
2408 2060 2525 2098 vero
2552 2045 2601 2097 in
2635 2062 2713 2099 nte
2745 2044 2988 2102 Christus
3018 2048 3081 2101 ¹⁸.
3117 2049 3235 2118 Ipse
3270 2062 3506 2116 namque

1928 2139 2011 2188 est
2048 2134 2197 2189 salus
2236 2144 2428 2190 nostra
2463 2155 2476 2189 :
2514 2136 2754 2206 idipsum
2798 2155 2964 2209 porro
2997 2140 3078 2194 vel
3112 2141 3230 2210 ipsa
3266 2140 3504 2194 nominis

1926 2221 2056 2277 Iesu
2080 2223 2481 2293 significatione
2516 2225 2811 2282 indicatur.

2000 2311 2164 2370 Vens.
2220 2315 2338 2371 4-8.
2402 2315 2812 2385 Confundantur
2865 2330 2916 2374 et
2966 2333 3299 2376 ret'ercantur
3353 2337 3500 2392 qua:-

1926 2418 2094 2462 rentes
2136 2410 2367 2462 animant
2405 2427 2595 2465 nteant.
2646 2410 2740 2467 IIis
2797 2412 2982 2479 rebus,
3032 2414 3278 2479 Domine,
3333 2415 3414 2470 sic
3468 2428 3502 2470 a

1927 2506 1979 2552 te
2008 2501 2199 2570 gestis,
2241 2510 2527 2571 postquam
2562 2503 3001 2573 deprecationem
3037 2522 3208 2560 meam
3241 2506 3500 2562 exaurlie-

1925 2592 2022 2656 ris,
2060 2593 2465 2647 confundentur
2496 2594 2571 2649 illi
2609 2611 2673 2649 ac
2704 2596 2911 2666 pudore
2940 2596 3265 2661 allicientur,
3302 2606 3360 2651 ut
3382 2598 3500 2653 fru-

1926 2688 2037 2734 stra
2074 2697 2187 2735 rem
2219 2685 2461 2754 aggressi
2496 2703 2509 2739 :
2546 2688 2899 2754 quamobrem
2931 2702 2960 2739 a
2992 2703 3159 2757 scopo
3187 2688 3321 2756 lapsi
3346 2697 3497 2743 sunt.

1925 2772 2245 2827 Acertanlur
2280 2785 2568 2829 retrorsum
2597 2788 2647 2831 et
2682 2778 2991 2832 erubescant
3034 2780 3325 2849 cogitantes
3371 2780 3502 2834 ntiltt'

1925 2864 2091 2919 mala.
2124 2864 2240 2920 Non
2262 2867 2400 2920 ultra
2423 2867 2565 2922 enim
2593 2870 2897 2923 consistent
2915 2878 3039 2924 ante
3070 2870 3262 2926 faciem
3286 2887 3458 2925 meam
3483 2892 3496 2926 :

1926 2954 2019 3008 sed
2051 2961 2203 3024 terga
2235 2956 2451 3017 dantes.
2485 2958 2680 3011 cedent
2712 2959 2843 3011 mihi
2876 2960 3179 3014 victoriam.
3228 2960 3333 3031 Ipsi
3376 2976 3501 3016 vero

1926 3044 2196 3115 fugientes
2245 3061 2309 3100 ac
2354 3055 2500 3102 retro
2551 3047 2810 3103 cedentes
2843 3049 3282 3119 dissipabuntur.
3333 3049 3499 3104 Fiant

1926 3144 2179 3206 tanquam
2207 3137 2379 3207 pulvis
2432 3142 2550 3191 ante
2584 3137 2777 3207 facient
2825 3140 2982 3203 venti,
3021 3151 3070 3194 et
3121 3142 3336 3211 angelus
3390 3141 3497 3197 D0-

230 3224 379 3278 ὠσεὶ
422 3225 572 3295 χοῦς
609 3226 759 3281 κατὰ
804 3228 1130 3297 πρόσωπον
1162 3230 1386 3301 ἀνέμου
1419 3230 1517 3285 καὶ
1563 3230 1816 3302 ἅγγελος

1923 3229 2051 3281 mini
2079 3240 2357 3284 coarctans
2403 3247 2512 3294 eos,
2568 3247 2634 3286 ne
2678 3233 2819 3287 ultra
2876 3233 2997 3288 illos
3049 3234 3370 3305 congregari
3404 3245 3496 3289 attt

227 3316 453 3383 Κυρίου
482 3318 771 3374 ἐκθλίϐων
802 3322 1057 3389 αὐτοὺς,
1110 3323 1245 3395 μηδὲ
1279 3322 1644 3397 συναχθῆναι,
1682 3325 1815 3397 μηδὲ

227 3408 665 3482 παλινδῳμῆσαι
704 3415 1031 3487 συγχωρῶν,
1061 3418 1090 3470 ὁ
1126 3414 1171 3470 δ’
1206 3416 1366 3480 αὐτὸς
1391 3416 1698 3487 ἐπιμενέτω
1719 3420 1813 3471 ὲκ-

226 3498 432 3555 θλίὸων
456 3503 680 3570 αὐτοὺς,
710 3506 955 3562 τουτέστι
977 3508 1240 3575 κολάζων.
1276 3507 1593 3578 Γενηθήτω
1610 3511 1647 3578 η
1675 3508 1814 3575 ὁδὸς

223 3591 435 3647 αὐτῶν
463 3598 682 3663 σκότος
709 3599 807 3652 καὶ
839 3601 1161 3669 ὀλίσθημα,
1189 3602 1288 3655 καὶ
1318 3600 1569 3672 ἄγγελος
1592 3600 1813 3668 Κιιρίου

1923 3318 2119 3371 reverti
2157 3319 2318 3379 sinat,
2352 3320 2445 3374 sed
2484 3320 2649 3375 instet
2680 3321 2795 3391 ipse
2829 3334 3140 3386 coarctans,
3175 3324 3226 3377 id
3258 3333 3344 3379 est
3394 3340 3497 3395 pu-

1921 3411 2081 3465 nicns
2103 3411 2245 3466 illos.
2280 3409 2406 3465 Fiat
2439 3414 2520 3467 via
2548 3412 2766 3468 illorum
2794 3415 3019 3468 tenebrte
3047 3424 3096 3469 et
3130 3415 3414 3479 lubricam,
3445 3426 3494 3472 et

1921 3503 2138 3575 angelus
2177 3502 2395 3557 Domini
2415 3521 2725 3578 persequens
2760 3523 2868 3561 eos.
2906 3505 3061 3561 Viam
3091 3508 3385 3578 impiorum
3418 3510 3494 3563 vi-

1920 3601 2031 3648 tam
2066 3610 2289 3664 pravam
2318 3604 2621 3667 nuncupat,
2656 3612 2762 3667 qua
2794 3598 2871 3651 illi
2903 3599 2988 3651 via
3021 3598 3367 3655 incedebant.

221 3684 613 3742 καταδιώκων
630 3691 871 3757 αὐτούς.
904 3690 1051 3745 Ὀδὸν
1066 3693 1276 3747 ἀσεϐῶν
1290 3694 1381 3747 τὸν
1400 3693 1671 3765 μοχθηρὸν
1695 3694 1809 3762 βίον
1842 3686 2130 3758 ὀνομάζει,
2163 3689 2284 3741 καθ’
2314 3688 2373 3742 ὃν
2404 3689 2501 3761 τὴν
2537 3690 2761 3761 πορείαν
2792 3692 3135 3762 ἐποιήσαντο.

306 3777 437 3830 Ὀτι
485 3774 712 3846 δωρεὰν
759 3779 1036 3848 ἐκρυψάν
1061 3799 1161 3849 μοι
1199 3782 1525 3852 διαφθορὰν
1563 3780 1813 3853 παγίδος

220 3867 450 3924 αὐτῶν.
511 3869 649 3924 Ἀνθ’
678 3864 739 3926 οὗ
766 3874 795 3925 ὁ
823 3870 1119 3944 Σύμμαχος
1148 3872 1407 3938 ἐξέδωκεν
1437 3871 1611 3937 οὕτως
1633 3890 1646 3903 ·
1684 3873 1814 3925 Ὅτι

221 3962 508 4029 ἀναιτίως
536 3961 923 4033 κατέκρυψάν
940 3983 1041 4035 μοι
1075 3965 1404 4036 διαφθορὰν
1427 3966 1682 4038 δικτύων
1709 3968 1814 4021 αὐ-

220 4050 367 4109 τῶν.
395 4050 576 4124 Μηδὲν
608 4055 716 4127 γὰρ
747 4056 837 4109 ὑπ’
865 4054 998 4128 ἐμοῦ
1022 4057 1459 4129 προπεπονθότες
1486 4058 1692 4131 δωρεὰν
1720 4058 1813 4112 καὶ

221 4146 488 4210 ἀναιτίως
514 4146 869 4203 ἐπεϐούλευον
901 4167 991 4220 μοι
1025 4149 1358 4222 κρύπτοντες
1388 4150 1591 4219 παγίδα
1610 4191 1624 4215 ,
1659 4150 1726 4204 δι’
1744 4145 1814 4222 ἧς

223 4238 354 4310 ἐμοὶ
375 4237 668 4312 διαφθορὰν
693 4239 1113 4306 κατεσκεύαζον.
1138 4243 1201 4295 Εἰ
1224 4240 1316 4295 καὶ
1341 4241 1409 4296 τὰ
1441 4241 1674 4313 μάλιστα
1702 4241 1809 4315 γὰρ

222 4330 447 4385 ἐδόκουν
467 4332 531 4386 δι’
553 4333 649 4387 ἀνθ
659 4331 854 4406 ρώπων
873 4351 939 4406 με
965 4333 1219 4406 πολεμεῖν
1239 4376 1253 4401 ,
1273 4335 1389 4406 ιἦτοι
1408 4334 1494 4388 διὰ
1508 4333 1600 4389 τοῦ
1617 4335 1809 4400 Σαοὺλ,

222 4423 260 4496 ἥ
291 4418 474 4477 urar
498 4421 699 4495 ἐτέρων
718 4465 732 4489 ,
765 4424 878 4478 ἀλλ’
902 4424 1001 4479 οὐκ
1027 4424 1252 4496 ἠγνόουν
1274 4423 1384 4493 ἐγὼ
1403 4425 1501 4496 τῆς
1521 4425 1613 4478 τοῦ
1638 4426 1810 4480 Σαοὺλ

1994 3774 2259 3840 Quoniam
2306 3777 2472 3847 gratis
2514 3778 2901 3831 absconderant
2951 3779 3079 3830 mihi
3123 3779 3390 3831 interitum
3423 3779 3493 3832 la-

1920 3868 2040 3939 quei
2067 3869 2168 3922 sui.
2196 3866 2303 3921 Pro
2335 3884 2444 3938 quo
2497 3865 2861 3940 Symmachus
2891 3870 2971 3923 sic
3004 3868 3195 3932 edidit,
3228 3868 3497 3932 Quoniam

1919 3966 2033 4013 sine
2066 3975 2230 4012 causa
2266 3958 2651 4013 absconderant
2685 3958 2811 4012 mihi
2838 3958 3108 4012 interitum
3148 3958 3335 4014 retium
3368 3976 3496 4014 suo.

1919 4065 2058 4104 rum.
2090 4048 2251 4103 Nullo
2292 4050 2493 4120 quippe
2528 4066 2557 4103 a
2602 4066 2688 4105 me
2737 4049 2915 4106 allecti
2961 4048 3185 4115 damno,
3236 4051 3407 4121 gratis
3440 4058 3494 4105 et

1920 4143 2039 4198 sine
2083 4158 2251 4198 causa
2307 4142 2712 4198 abscondentes
2760 4144 3037 4214 laqueum,
3090 4141 3496 4199 insidiabantur

1919 4234 2074 4297 mihi,
2116 4250 2227 4305 quo
2269 4235 2399 4289 mihi
2440 4234 2723 4290 interitum
2759 4242 3037 4305 pararent.
3082 4234 3311 4292 Etiamsi
3347 4238 3495 4292 enim

1916 4326 2267 4392 videbantur,
2323 4328 2437 4382 sive
2495 4327 2697 4389 Saulis,
2756 4328 2871 4382 sive
2918 4326 3149 4382 aliorum
3211 4328 3495 4383 hominum

1918 4432 2081 4487 opera
2114 4419 2435 4489 impugnare
2477 4434 2592 4485 me;
2656 4427 2705 4472 at
2753 4434 2861 4472 non
2920 4419 3239 4490 ignorabam
3269 4436 3370 4492 ego
3399 4420 3495 4491 qui

224 4512 561 4584 ζηλοτυπίας
585 4516 709 4579 τοὺς
735 4513 939 4582 αἰτίους
971 4516 1064 4571 καὶ
1093 4514 1200 4568 τῶν
1228 4514 1427 4570 λοιπῶν
1458 4515 1664 4588 ἐχθρῶν
1685 4514 1810 4578 τοὺς

1923 4507 2068 4563 Sauli
2105 4509 2325 4565 invidia:
2358 4518 2635 4575 auctores,
2665 4521 2720 4566 et
2747 4512 2842 4582 qui
2870 4512 3209 4583 reliquorum
3251 4513 3494 4567 hostium

226 4603 533 4668 ὑποϐολεῖς.
561 4594 577 4616 ’
598 4604 778 4659 Ἀλλοι
810 4605 918 4678 γὰρ
950 4602 1089 4678 ἦσαν
1120 4608 1168 4662 οἱ
1202 4606 1298 4670 τὰς
1333 4604 1537 4660 ἑαυτῶν
1578 4603 1811 4674 παγίδας

226 4694 566 4769 κρύπτοντες
604 4697 696 4750 καὶ
722 4698 819 4769 τὴν
856 4697 1033 4769 ψυχήν
1069 4715 1169 4769 μου
1198 4696 1505 4769 διαφθεῖραι
1540 4696 1811 4768 πειρώμε-

226 4802 312 4842 νοι
330 4825 346 4851 ,
369 4785 417 4839 οἳ
448 4786 543 4839 καὶ
564 4784 765 4856 μάτην
794 4787 1114 4842 ὠνείδισαν
1139 4785 1250 4856 τὴν
1275 4786 1487 4858 ψυχήν
1507 4802 1654 4857 μουο
1691 4786 1808 4841 ἀνθ’

224 4868 286 4933 οὗ
311 4875 340 4927 ὀ
360 4874 655 4948 Σύμμαχος
686 4876 943 4943 ἐξέδωκεν
963 4895 975 4907 ·
1013 4879 1313 4944 Ἀναιτίως
1341 4875 1667 4944 ὑπώρυξαν
1694 4875 1810 4944 τὴν

223 4965 440 5036 ψυχήν
465 4984 603 5036 μου.
655 4967 838 5021 Πάντα
866 4968 974 5039 γὰρ
1006 4968 1293 5040 ἔπραττον,
1320 4968 1590 5038 ἐκστῆσαι
1619 4966 1803 5038 βουλό-

228 5071 380 5128 μενοι
409 5056 574 5112 αὐτοῦ
597 5059 694 5132 τὴν
721 5059 898 5143 ψυχὴν
922 5060 1022 5131 τῆς
1046 5061 1457 5131 ἐνυπαρχούσης
1481 5059 1618 5130 αὐτῇ
1645 5058 1807 5130 πραό-

224 5161 387 5219 τητος
419 5148 512 5200 καὶ
539 5148 916 5216 ἀνεξικακίας,
945 5152 1037 5203 καὶ
1065 5151 1216 5214 ὅπως
1235 5191 1249 5215 ,
1283 5147 1592 5221 πληρωθεὶς
1628 5147 1803 5219 θυμοῦ

225 5238 321 5292 καὶ
351 5237 551 5310 ὀργῆς,
584 5242 677 5294 ἐπὶ
703 5240 800 5312 τὴν
830 5242 1039 5312 ἄμυναν
1072 5241 1214 5295 ἔλθοι
1234 5282 1249 5300 .
1285 5242 1377 5295 καὶ
1415 5241 1587 5313 δράσῃ
1619 5257 1672 5294 τι
1699 5258 1802 5295 κα-

226 5328 325 5383 κδν
348 5330 441 5384 τὸν
470 5330 660 5390 Σαούλ.
712 5331 897 5387 Ταῦτα
933 5334 1032 5405 μὲν
1054 5330 1147 5391 οὖν
1174 5336 1301 5406 περὶ
1331 5332 1440 5387 τῶν
1474 5332 1685 5387 πολλῶν
1715 5334 1805 5405 ὲχ-

227 5420 408 5493 θρῶν·
469 5423 681 5496 περὶδὲ
722 5424 816 5479 τοῦ
864 5427 921 5479 ὲν
962 5427 1147 5491 αὐτοῖς
1186 5426 1484 5500 κορυφαίου
1525 5426 1800 5495 ὲπιλέγει’

239 5511 485 5568 Ἐλθέτω
508 5512 668 5581 αὐτῷ
699 5516 880 5587 παγίς
905 5515 986 5584 ῆν
1012 5519 1084 5570 οὐ
1113 5517 1389 5586 γινώσκει
1409 5558 1423 5581 ,
1452 5516 1550 5570 καί
1583 5518 1622 5585 η
1652 5516 1804 5583 θήρα

227 5598 307 5670 ἢν
325 5604 552 5675 ἔκρυψε
572 5602 921 5663 conamina
941 5608 1146 5675 αὐτὸν,
1172 5610 1268 5663 καὶ
1290 5609 1362 5663 ἐν
1384 5608 1459 5678 τῇ
1481 5609 1682 5679 παγίδι
1703 5622 1805 5663 πεί

295 5743 342 5776 ¹⁶
379 5743 577 5801 Ezecb.
609 5760 725 5811 nt,
758 5746 812 5803 9.
892 5749 932 5779 ¹⁷
974 5747 1139 5804 Zacb.
1177 5764 1301 5814 xm,
1336 5748 1386 5804 7.
1462 5749 1505 5782 ⁸⁸
1544 5750 1664 5804 Gal.
1705 5765 1767 5814 tt,
1800 5748 1891 5806 20.

1917 4602 2119 4654 occulti
2152 4601 2485 4671 impulsores
2515 4611 2726 4661 essent.
2760 4604 2868 4658 Alii
2914 4619 3154 4664 namque
3195 4613 3353 4659 erant
3400 4603 3495 4673 qni

1915 4690 2142 4760 laqueos
2186 4693 2611 4760 absconderant,
2667 4702 2724 4747 et
2772 4694 3009 4749 animam
3058 4695 3286 4767 perdere
3315 4701 3493 4747 m'eatn

1914 4784 2259 4849 molirentur,
2306 4786 2402 4856 qui
2449 4785 2614 4840 etiam
2666 4800 2984 4855 supervacue
3041 4789 3494 4855 exprobrauerunt

1914 4874 2145 4928 animant
2179 4892 2350 4929 meam
2378 4892 2397 4930 :
2432 4892 2530 4947 pro
2563 4893 2673 4947 quo
2716 4876 3082 4949 Symmachus
3132 4877 3325 4940 edidit.
3380 4877 3494 4932 sine

1912 4980 2076 5018 causa
2101 4967 2432 5035 stt/foderunt
2475 4969 2712 5023 animam
2745 4984 2934 5022 meam.
2970 4968 3114 5038 Nihil
3144 4970 3347 5041 quippe
3383 4984 3494 5024 non

1911 5058 2165 5128 agebant,
2205 5068 2260 5113 ut
2309 5061 2547 5115 animam
2582 5061 2702 5130 ejus
2738 5063 2807 5118 ab
2838 5061 3005 5117 insita
3044 5062 3139 5118 illa
3171 5068 3494 5116 mansuetu-

1911 5148 2039 5204 dine
2078 5157 2132 5205 et
2186 5150 2513 5221 iniuriarum
2548 5151 2826 5208 oblivione
2856 5153 3235 5215 deturbarent,
3265 5167 3376 5223 quo
3408 5153 3493 5206 ira

1906 5240 2201 5312 furoreque
2222 5246 2417 5313 plenus
2441 5245 2507 5299 ad
2543 5244 2840 5300 vindictam
2875 5261 2934 5301 se
2967 5253 3228 5308 verteret,
3252 5254 3305 5299 et
3331 5241 3488 5299 Sauli

1904 5336 2184 5407 quidpiam
2218 5338 2348 5392 mali
2372 5336 2619 5395 inferret.
2668 5338 2797 5395 Haec
2827 5340 2894 5395 de
2918 5340 3106 5395 multis
3139 5338 3374 5393 inimicis
3404 5335 3489 5389 die

1903 5433 1991 5481 cta
2027 5445 2041 5481 :
2079 5427 2146 5484 de
2180 5428 2397 5484 illorum
2444 5439 2627 5486 autem
2666 5432 2911 5502 principe
2960 5431 3074 5485 haec
3121 5428 3347 5497 adjicit:
3391 5425 3487 5478 Ve-

1905 5518 2018 5572 niat
2045 5518 2128 5572 illi
2162 5519 2379 5592 laqueus
2412 5537 2565 5592 quem
2596 5523 2829 5593 ignorat,
2883 5530 2935 5576 et
2963 5522 3139 5588 captio
3168 5534 3323 5588 quam
3360 5514 3487 5569 abs-

1904 5611 2081 5666 condit
2114 5613 2470 5683 apprehendat
2507 5631 2648 5681 eum,
2678 5627 2728 5670 et
2759 5617 2813 5670 in
2848 5616 3094 5685 laqueum
3133 5621 3291 5667 caaat
3323 5610 3376 5666 in
3400 5615 3483 5681 ip-

294 5834 374 5909 (t)
400 5837 536 5906 Quis
562 5854 675 5895 non
698 5841 842 5910 videt
865 5843 1151 5915 legendum
1176 5858 1300 5899 esse
1329 5845 1912 5919 no).:p&iv,Latineque
1944 5847 2285 5905 reddendum
2322 5865 2335 5904 :
2371 5848 2534 5904 etiam
2574 5848 2895 5919 impugnans
2927 5847 3146 5904 salvat?

550 5933 821 5998 Ριτιιοι..
868 5937 986 5999 Gtt.
1034 5937 1270 6003 XXIII.

3086 5944 3162 6004 10
