  <div class='ocr_page' id='page_1' title='image "/cluster/home/n/w/nwhite01/storage/ocr_20150623/23/hvd.32044019207711/157.png"; bbox 0 0 4010 6530; ppageno 0'>
   <div class='ocr_carea' id='block_1_1' title="bbox 495 358 601 419">
    <p class='ocr_par' dir='ltr' id='par_1_1' title="bbox 495 358 601 419">
     <span class='ocr_line' id='line_1_1' title="bbox 495 358 601 419; baseline 0 -1"><span class='ocrx_word' id='word_1_1' title='bbox 495 358 601 419; x_wconf 59' lang='grc' dir='ltr'><strong>είς</strong></span> 
     </span>
    </p>
   </div>
   <div class='ocr_carea' id='block_1_2' title="bbox 1182 352 3027 416">
    <p class='ocr_par' dir='ltr' id='par_1_2' title="bbox 1182 352 3027 416">
     <span class='ocr_line' id='line_1_2' title="bbox 1182 352 3027 416; baseline 0 -1"><span class='ocrx_word' id='word_1_2' title='bbox 1182 358 1448 415; x_wconf 78' lang='lat' dir='ltr'><strong>ECSEBII</strong></span> <span class='ocrx_word' id='word_1_3' title='bbox 1482 354 1963 412; x_wconf 61' lang='lat' dir='ltr'><strong>CESARIENSlS</strong></span> <span class='ocrx_word' id='word_1_4' title='bbox 1994 352 2145 409; x_wconf 82' lang='lat' dir='ltr'><strong>OPP.</strong></span> <span class='ocrx_word' id='word_1_5' title='bbox 2178 352 2359 410; x_wconf 78' lang='lat' dir='ltr'><strong>PARS</strong></span> <span class='ocrx_word' id='word_1_6' title='bbox 2395 356 2483 415; x_wconf 84' lang='lat' dir='ltr'><strong>Ill.</strong></span> <span class='ocrx_word' id='word_1_7' title='bbox 2515 390 2583 399; x_wconf 90' lang='lat'><strong><em>—</em></strong></span> <span class='ocrx_word' id='word_1_8' title='bbox 2623 358 3027 416; x_wconf 71' lang='lat' dir='ltr'><strong>EXEGETICA.</strong></span> 
     </span>
    </p>
   </div>
   <div class='ocr_carea' id='block_1_3' title="bbox 3654 359 3788 417">
    <p class='ocr_par' dir='ltr' id='par_1_3' title="bbox 3654 359 3788 417">
     <span class='ocr_line' id='line_1_3' title="bbox 3654 359 3788 417; baseline 0 0"><span class='ocrx_word' id='word_1_9' title='bbox 3654 359 3788 417; x_wconf 73' lang='lat'><strong>300</strong></span> 
     </span>
    </p>
   </div>
   <div class='ocr_carea' id='block_1_4' title="bbox 496 475 2070 549">
    <p class='ocr_par' dir='ltr' id='par_1_4' title="bbox 496 475 2070 549">
     <span class='ocr_line' id='line_1_4' title="bbox 496 475 2070 549; baseline -0.001 -17"><span class='ocrx_word' id='word_1_10' title='bbox 496 494 635 533; x_wconf 78' lang='lat' dir='ltr'><strong>sum.</strong></span> <span class='ocrx_word' id='word_1_11' title='bbox 670 475 797 532; x_wconf 82' lang='lat' dir='ltr'><strong>llaec</strong></span> <span class='ocrx_word' id='word_1_12' title='bbox 849 479 1007 549; x_wconf 89' lang='lat' dir='ltr'><strong>quasi</strong></span> <span class='ocrx_word' id='word_1_13' title='bbox 1057 478 1333 549; x_wconf 89' lang='lat' dir='ltr'><strong>precando</strong></span> <span class='ocrx_word' id='word_1_14' title='bbox 1364 493 1393 533; x_wconf 91' lang='lat' dir='ltr'><strong>a</strong></span> <span class='ocrx_word' id='word_1_15' title='bbox 1423 478 1627 535; x_wconf 87' lang='lat' dir='ltr'><strong>Davide</strong></span> <span class='ocrx_word' id='word_1_16' title='bbox 1657 479 1889 549; x_wconf 90' lang='lat' dir='ltr'><strong>prolata,</strong></span> <span class='ocrx_word' id='word_1_17' title='bbox 1926 476 2070 531; x_wconf 80' lang='lat' dir='ltr'><strong>futu-</strong></span> 
     </span>
    </p>
   </div>
   <div class='ocr_carea' id='block_1_5' title="bbox 2172 475 3786 549">
    <p class='ocr_par' dir='ltr' id='par_1_5' title="bbox 2176 476 3786 549">
     <span class='ocr_line' id='line_1_5' title="bbox 2176 476 3786 549; baseline 0 -18"><span class='ocrx_word' id='word_1_18' title='bbox 2176 476 2365 531; x_wconf 81' lang='grc' dir='ltr'>σεῖται</span> <span class='ocrx_word' id='word_1_19' title='bbox 2398 478 2468 531; x_wconf 80' lang='grc' dir='ltr'>ἐν</span> <span class='ocrx_word' id='word_1_20' title='bbox 2492 479 2665 547; x_wconf 78' lang='grc' dir='ltr'>αὐτῇ.</span> <span class='ocrx_word' id='word_1_21' title='bbox 2717 480 2902 533; x_wconf 78' lang='grc' dir='ltr'>Ταῦτα</span> <span class='ocrx_word' id='word_1_22' title='bbox 2929 478 2985 531; x_wconf 83' lang='grc' dir='ltr'>δὲ</span> <span class='ocrx_word' id='word_1_23' title='bbox 3014 477 3204 549; x_wconf 79' lang='grc' dir='ltr'>ὥσπερ</span> <span class='ocrx_word' id='word_1_24' title='bbox 3233 476 3290 529; x_wconf 84' lang='grc' dir='ltr'>ὲν</span> <span class='ocrx_word' id='word_1_25' title='bbox 3316 478 3447 549; x_wconf 75' lang='grc' dir='ltr'>εὐχῇ</span> <span class='ocrx_word' id='word_1_26' title='bbox 3479 478 3559 549; x_wconf 83' lang='grc' dir='ltr'>τῷ</span> <span class='ocrx_word' id='word_1_27' title='bbox 3593 478 3786 531; x_wconf 75' lang='grc' dir='ltr'>Δαυῖδ</span> 
     </span>
    </p>
   </div>
   <div class='ocr_carea' id='block_1_6' title="bbox 498 571 2072 643">
    <p class='ocr_par' dir='ltr' id='par_1_6' title="bbox 498 571 2072 643">
     <span class='ocr_line' id='line_1_6' title="bbox 498 571 2072 643; baseline -0.001 -19"><span class='ocrx_word' id='word_1_28' title='bbox 498 585 685 625; x_wconf 82' lang='lat' dir='ltr'><strong>rerum</strong></span> <span class='ocrx_word' id='word_1_29' title='bbox 737 571 1039 641; x_wconf 62' lang='lat' dir='ltr'><strong>praenuntia</strong></span> <span class='ocrx_word' id='word_1_30' title='bbox 1094 579 1273 637; x_wconf 89' lang='lat' dir='ltr'><strong>erant,</strong></span> <span class='ocrx_word' id='word_1_31' title='bbox 1332 580 1386 627; x_wconf 92' lang='lat' dir='ltr'><strong>et</strong></span> <span class='ocrx_word' id='word_1_32' title='bbox 1442 587 1562 643; x_wconf 73' lang='lat' dir='ltr'><strong>quze</strong></span> <span class='ocrx_word' id='word_1_33' title='bbox 1609 578 1870 627; x_wconf 76' lang='lat' dir='ltr'><strong>eventura</strong></span> <span class='ocrx_word' id='word_1_34' title='bbox 1915 575 2072 625; x_wconf 91' lang='lat' dir='ltr'><strong>erant</strong></span> 
     </span>
    </p>
   </div>
   <div class='ocr_carea' id='block_1_7' title="bbox 498 662 2075 735">
    <p class='ocr_par' dir='ltr' id='par_1_7' title="bbox 498 662 2075 735">
     <span class='ocr_line' id='line_1_7' title="bbox 498 662 2075 735; baseline -0.001 -17"><span class='ocrx_word' id='word_1_35' title='bbox 498 662 1216 733; x_wconf 67' lang='lat' dir='ltr'><strong>pmpbetice&#39;declarabant.</strong></span> <span class='ocrx_word' id='word_1_36' title='bbox 1248 662 1627 735; x_wconf 76' lang='lat' dir='ltr'><strong>Similiterque</strong></span> <span class='ocrx_word' id='word_1_37' title='bbox 1659 664 1912 733; x_wconf 86' lang='lat' dir='ltr'><strong>superius</strong></span> <span class='ocrx_word' id='word_1_38' title='bbox 1945 677 2075 732; x_wconf 89' lang='lat' dir='ltr'><strong>pro-</strong></span> 
     </span>
    </p>
   </div>
   <div class='ocr_carea' id='block_1_8' title="bbox 497 755 2072 827">
    <p class='ocr_par' dir='ltr' id='par_1_8' title="bbox 497 755 2072 827">
     <span class='ocr_line' id='line_1_8' title="bbox 497 755 2072 827; baseline 0 -17"><span class='ocrx_word' id='word_1_39' title='bbox 497 755 713 827; x_wconf 82' lang='lat' dir='ltr'><strong>phetice</strong></span> <span class='ocrx_word' id='word_1_40' title='bbox 746 756 951 810; x_wconf 86' lang='lat' dir='ltr'><strong>dictum</strong></span> <span class='ocrx_word' id='word_1_41' title='bbox 984 764 1097 811; x_wconf 80' lang='lat' dir='ltr'><strong>est:</strong></span> <span class='ocrx_word' id='word_1_42' title='bbox 1138 756 1468 812; x_wconf 85' lang='lat' dir='ltr'><strong>Erubescant</strong></span> <span class='ocrx_word' id='word_1_43' title='bbox 1498 767 1547 811; x_wconf 86' lang='lat' dir='ltr'><strong>el</strong></span> <span class='ocrx_word' id='word_1_44' title='bbox 1576 756 1992 827; x_wconf 76' lang='lat' dir='ltr'><strong>confundantur,</strong></span> <span class='ocrx_word' id='word_1_45' title='bbox 2018 756 2072 810; x_wconf 89' lang='lat' dir='ltr'><strong>id</strong></span> 
     </span>
    </p>
   </div>
   <div class='ocr_carea' id='block_1_9' title="bbox 493 846 2070 913">
    <p class='ocr_par' dir='ltr' id='par_1_9' title="bbox 493 846 2070 913">
     <span class='ocr_line' id='line_1_9' title="bbox 493 846 2070 913; baseline 0.001 -12"><span class='ocrx_word' id='word_1_46' title='bbox 493 853 599 909; x_wconf 86' lang='lat' dir='ltr'><strong>est,</strong></span> <span class='ocrx_word' id='word_1_47' title='bbox 630 846 955 901; x_wconf 90' lang='lat' dir='ltr'><strong>erubescent</strong></span> <span class='ocrx_word' id='word_1_48' title='bbox 987 855 1041 901; x_wconf 91' lang='lat' dir='ltr'><strong>et</strong></span> <span class='ocrx_word' id='word_1_49' title='bbox 1074 846 1481 903; x_wconf 82' lang='lat' dir='ltr'><strong>confundentur</strong></span> <span class='ocrx_word' id='word_1_50' title='bbox 1501 851 1603 913; x_wconf 73' lang='lat' dir='ltr'><strong>;fac</strong></span> <span class='ocrx_word' id='word_1_51' title='bbox 1631 865 1852 904; x_wconf 85' lang='lat' dir='ltr'><strong>rursum</strong></span> <span class='ocrx_word' id='word_1_52' title='bbox 1877 848 2070 903; x_wconf 78' lang='lat' dir='ltr'><strong>:Aver-</strong></span> 
     </span>
    </p>
   </div>
   <div class='ocr_carea' id='block_1_10' title="bbox 494 937 2074 1011">
    <p class='ocr_par' dir='ltr' id='par_1_10' title="bbox 494 937 2074 1011">
     <span class='ocr_line' id='line_1_10' title="bbox 494 937 2074 1011; baseline 0.004 -20"><span class='ocrx_word' id='word_1_53' title='bbox 494 947 676 992; x_wconf 79' lang='lat' dir='ltr'><strong>tantur</strong></span> <span class='ocrx_word' id='word_1_54' title='bbox 702 947 753 991; x_wconf 83' lang='lat' dir='ltr'><strong>et</strong></span> <span class='ocrx_word' id='word_1_55' title='bbox 780 937 1275 1005; x_wconf 69' lang='lat' dir='ltr'><strong>confundantur,&#39;-et</strong></span> <span class='ocrx_word' id='word_1_56' title='bbox 1310 941 1446 1009; x_wconf 83' lang='lat' dir='ltr'><strong>ﬁant</strong></span> <span class='ocrx_word' id='word_1_57' title='bbox 1473 950 1723 1011; x_wconf 85' lang='lat' dir='ltr'><strong>tanquam</strong></span> <span class='ocrx_word' id='word_1_58' title='bbox 1746 940 1937 1010; x_wconf 78' lang='lat' dir='ltr'><strong>pulvis,</strong></span> <span class='ocrx_word' id='word_1_59' title='bbox 1968 941 2074 997; x_wconf 89' lang='lat' dir='ltr'><strong>hoc</strong></span> 
     </span>
    </p>
   </div>
   <div class='ocr_carea' id='block_1_11' title="bbox 491 1030 2072 1104">
    <p class='ocr_par' dir='ltr' id='par_1_11' title="bbox 491 1030 2072 1104">
     <span class='ocr_line' id='line_1_11' title="bbox 491 1030 2072 1104; baseline 0.002 -19"><span class='ocrx_word' id='word_1_60' title='bbox 491 1039 596 1093; x_wconf 86' lang='lat' dir='ltr'><strong>est,</strong></span> <span class='ocrx_word' id='word_1_61' title='bbox 626 1038 943 1085; x_wconf 86' lang='lat' dir='ltr'><strong>avertentur</strong></span> <span class='ocrx_word' id='word_1_62' title='bbox 976 1039 1031 1087; x_wconf 87' lang='lat' dir='ltr'><strong>et</strong></span> <span class='ocrx_word' id='word_1_63' title='bbox 1073 1030 1502 1097; x_wconf 90' lang='lat' dir='ltr'><strong>confundentur,</strong></span> <span class='ocrx_word' id='word_1_64' title='bbox 1539 1044 1594 1089; x_wconf 91' lang='lat' dir='ltr'><strong>et</strong></span> <span class='ocrx_word' id='word_1_65' title='bbox 1646 1034 1777 1089; x_wconf 82' lang='lat' dir='ltr'><strong>ﬁent</strong></span> <span class='ocrx_word' id='word_1_66' title='bbox 1810 1042 2072 1104; x_wconf 82' lang='lat' dir='ltr'><strong>tanquam</strong></span> 
     </span>
    </p>
   </div>
   <div class='ocr_carea' id='block_1_12' title="bbox 490 1121 2073 1198">
    <p class='ocr_par' dir='ltr' id='par_1_12' title="bbox 490 1121 2073 1198">
     <span class='ocr_line' id='line_1_12' title="bbox 490 1121 2073 1198; baseline 0.003 -22"><span class='ocrx_word' id='word_1_67' title='bbox 490 1123 690 1193; x_wconf 80' lang='lat' dir='ltr'><strong>pulvis.</strong></span> <span class='ocrx_word' id='word_1_68' title='bbox 718 1121 856 1179; x_wconf 86' lang='lat' dir='ltr'><strong>Nam</strong></span> <span class='ocrx_word' id='word_1_69' title='bbox 885 1139 1007 1196; x_wconf 65' lang='lat' dir='ltr'><strong>quae</strong></span> <span class='ocrx_word' id='word_1_70' title='bbox 1033 1125 1271 1181; x_wconf 89' lang='lat' dir='ltr'><strong>inimicis</strong></span> <span class='ocrx_word' id='word_1_71' title='bbox 1299 1136 1563 1183; x_wconf 78' lang='lat' dir='ltr'><strong>eventura</strong></span> <span class='ocrx_word' id='word_1_72' title='bbox 1614 1136 1771 1182; x_wconf 87' lang='lat' dir='ltr'><strong>erant</strong></span> <span class='ocrx_word' id='word_1_73' title='bbox 1815 1142 2073 1198; x_wconf 69' lang='lat' dir='ltr'><strong>praenun-</strong></span> 
     </span>
    </p>
   </div>
   <div class='ocr_carea' id='block_1_13' title="bbox 487 1214 2072 1290">
    <p class='ocr_par' dir='ltr' id='par_1_13' title="bbox 487 1214 2072 1290">
     <span class='ocr_line' id='line_1_13' title="bbox 487 1214 2072 1290; baseline 0.001 -18"><span class='ocrx_word' id='word_1_74' title='bbox 487 1214 683 1272; x_wconf 69' lang='lat' dir='ltr'><strong>tiabat.</strong></span> <span class='ocrx_word' id='word_1_75' title='bbox 723 1215 842 1271; x_wconf 87' lang='lat' dir='ltr'><strong>Erit</strong></span> <span class='ocrx_word' id='word_1_76' title='bbox 873 1219 986 1287; x_wconf 83' lang='lat' dir='ltr'><strong>&#39;qui</strong></span> <span class='ocrx_word' id='word_1_77' title='bbox 1034 1218 1357 1283; x_wconf 84' lang='lat' dir='ltr'><strong>arbitretur,</strong></span> <span class='ocrx_word' id='word_1_78' title='bbox 1406 1219 1476 1275; x_wconf 91' lang='lat' dir='ltr'><strong>de</strong></span> <span class='ocrx_word' id='word_1_79' title='bbox 1522 1217 1690 1276; x_wconf 86' lang='lat' dir='ltr'><strong>Saule</strong></span> <span class='ocrx_word' id='word_1_80' title='bbox 1715 1220 1829 1275; x_wconf 68' lang='lat' dir='ltr'><strong>haec</strong></span> <span class='ocrx_word' id='word_1_81' title='bbox 1860 1221 2072 1290; x_wconf 88' lang='lat' dir='ltr'><strong>prolata</strong></span> 
     </span>
    </p>
   </div>
   <div class='ocr_carea' id='block_1_14' title="bbox 491 1309 2069 1386">
    <p class='ocr_par' dir='ltr' id='par_1_14' title="bbox 491 1309 2069 1386">
     <span class='ocr_line' id='line_1_14' title="bbox 491 1309 2069 1386; baseline 0.004 -23"><span class='ocrx_word' id='word_1_82' title='bbox 491 1325 636 1374; x_wconf 90' lang='lat' dir='ltr'><strong>esse,</strong></span> <span class='ocrx_word' id='word_1_83' title='bbox 674 1309 802 1379; x_wconf 85' lang='lat' dir='ltr'><strong>quia</strong></span> <span class='ocrx_word' id='word_1_84' title='bbox 834 1310 979 1365; x_wconf 88' lang='lat' dir='ltr'><strong>haud</strong></span> <span class='ocrx_word' id='word_1_85' title='bbox 1022 1310 1117 1365; x_wconf 91' lang='lat' dir='ltr'><strong>diu</strong></span> <span class='ocrx_word' id='word_1_86' title='bbox 1152 1318 1344 1381; x_wconf 88' lang='lat' dir='ltr'><strong>postea</strong></span> <span class='ocrx_word' id='word_1_87' title='bbox 1376 1312 1483 1366; x_wconf 90' lang='lat' dir='ltr'><strong>hoc</strong></span> <span class='ocrx_word' id='word_1_88' title='bbox 1522 1313 1626 1382; x_wconf 90' lang='lat' dir='ltr'><strong>ipsi</strong></span> <span class='ocrx_word' id='word_1_89' title='bbox 1659 1313 1787 1367; x_wconf 92' lang='lat' dir='ltr'><strong>mali</strong></span> <span class='ocrx_word' id='word_1_90' title='bbox 1822 1316 2069 1386; x_wconf 87' lang='lat' dir='ltr'><strong>contigit.</strong></span> 
     </span>
    </p>
   </div>
   <div class='ocr_carea' id='block_1_15' title="bbox 494 1404 2073 1476">
    <p class='ocr_par' dir='ltr' id='par_1_15' title="bbox 494 1404 2073 1476">
     <span class='ocr_line' id='line_1_15' title="bbox 494 1404 2073 1476; baseline 0.004 -19"><span class='ocrx_word' id='word_1_91' title='bbox 494 1406 563 1458; x_wconf 79' lang='lat' dir='ltr'><strong>At</strong></span> <span class='ocrx_word' id='word_1_92' title='bbox 590 1419 689 1459; x_wconf 90' lang='lat' dir='ltr'><strong>nos</strong></span> <span class='ocrx_word' id='word_1_93' title='bbox 716 1416 906 1460; x_wconf 88' lang='lat' dir='ltr'><strong>eorum</strong></span> <span class='ocrx_word' id='word_1_94' title='bbox 938 1415 1060 1475; x_wconf 86' lang='lat' dir='ltr'><strong>quae</strong></span> <span class='ocrx_word' id='word_1_95' title='bbox 1094 1404 1256 1459; x_wconf 76' lang='lat' dir='ltr'><strong>initio</strong></span> <span class='ocrx_word' id='word_1_96' title='bbox 1282 1406 1477 1476; x_wconf 82' lang='lat' dir='ltr'><strong>psalmi</strong></span> <span class='ocrx_word' id='word_1_97' title='bbox 1510 1405 1655 1461; x_wconf 91' lang='lat' dir='ltr'><strong>dicta</strong></span> <span class='ocrx_word' id='word_1_98' title='bbox 1686 1417 1814 1463; x_wconf 91' lang='lat' dir='ltr'><strong>sunt</strong></span> <span class='ocrx_word' id='word_1_99' title='bbox 1865 1425 2073 1465; x_wconf 86' lang='lat' dir='ltr'><strong>memo-</strong></span> 
     </span>
    </p>
   </div>
   <div class='ocr_carea' id='block_1_16' title="bbox 493 1498 2071 1570">
    <p class='ocr_par' dir='ltr' id='par_1_16' title="bbox 493 1498 2071 1570">
     <span class='ocr_line' id='line_1_16' title="bbox 493 1498 2071 1570; baseline 0.001 -15"><span class='ocrx_word' id='word_1_100' title='bbox 493 1512 605 1563; x_wconf 79' lang='lat' dir='ltr'><strong>res,</strong></span> <span class='ocrx_word' id='word_1_101' title='bbox 635 1499 749 1554; x_wconf 85' lang='lat' dir='ltr'><strong>haec</strong></span> <span class='ocrx_word' id='word_1_102' title='bbox 774 1499 890 1570; x_wconf 89' lang='lat' dir='ltr'><strong>ipsa</strong></span> <span class='ocrx_word' id='word_1_103' title='bbox 916 1498 983 1553; x_wconf 91' lang='lat' dir='ltr'><strong>de</strong></span> <span class='ocrx_word' id='word_1_104' title='bbox 1012 1498 1250 1568; x_wconf 79' lang='lat' dir='ltr'><strong>quodam</strong></span> <span class='ocrx_word' id='word_1_105' title='bbox 1284 1514 1353 1554; x_wconf 74' lang='lat' dir='ltr'><strong>ex</strong></span> <span class='ocrx_word' id='word_1_106' title='bbox 1398 1499 1780 1569; x_wconf 87' lang='lat' dir='ltr'><strong>spiritualibus</strong></span> <span class='ocrx_word' id='word_1_107' title='bbox 1811 1501 2071 1569; x_wconf 90' lang='lat' dir='ltr'><strong>inimicis,</strong></span> 
     </span>
    </p>
   </div>
   <div class='ocr_carea' id='block_1_17' title="bbox 492 1590 2068 1664">
    <p class='ocr_par' dir='ltr' id='par_1_17' title="bbox 492 1590 2068 1664">
     <span class='ocr_line' id='line_1_17' title="bbox 492 1590 2068 1664; baseline 0.003 -17"><span class='ocrx_word' id='word_1_108' title='bbox 492 1593 587 1664; x_wconf 86' lang='lat' dir='ltr'><strong>qui</strong></span> <span class='ocrx_word' id='word_1_109' title='bbox 619 1593 674 1648; x_wconf 92' lang='lat' dir='ltr'><strong>in</strong></span> <span class='ocrx_word' id='word_1_110' title='bbox 708 1592 914 1647; x_wconf 83' lang='lat' dir='ltr'><strong>malitia</strong></span> <span class='ocrx_word' id='word_1_111' title='bbox 945 1590 1217 1647; x_wconf 80' lang='lat' dir='ltr'><strong>valentior</strong></span> <span class='ocrx_word' id='word_1_112' title='bbox 1239 1600 1410 1657; x_wconf 87' lang='lat' dir='ltr'><strong>esset,</strong></span> <span class='ocrx_word' id='word_1_113' title='bbox 1442 1593 1701 1649; x_wconf 80' lang='lat' dir='ltr'><strong>nimirum</strong></span> <span class='ocrx_word' id='word_1_114' title='bbox 1734 1593 1801 1650; x_wconf 92' lang='lat' dir='ltr'><strong>de</strong></span> <span class='ocrx_word' id='word_1_115' title='bbox 1829 1595 2068 1661; x_wconf 85' lang='lat' dir='ltr'><strong>diabolo,</strong></span> 
     </span>
    </p>
   </div>
   <div class='ocr_carea' id='block_1_18' title="bbox 494 1684 1175 1754">
    <p class='ocr_par' dir='ltr' id='par_1_18' title="bbox 494 1684 1175 1754">
     <span class='ocr_line' id='line_1_18' title="bbox 494 1684 1175 1754; baseline 0.001 -16"><span class='ocrx_word' id='word_1_116' title='bbox 494 1684 549 1740; x_wconf 90' lang='lat' dir='ltr'><strong>id</strong></span> <span class='ocrx_word' id='word_1_117' title='bbox 581 1685 787 1739; x_wconf 90' lang='lat' dir='ltr'><strong>dictum</strong></span> <span class='ocrx_word' id='word_1_118' title='bbox 823 1684 1175 1754; x_wconf 83' lang='lat' dir='ltr'><strong>accipiemus.</strong></span> 
     </span>
    </p>
   </div>
   <div class='ocr_carea' id='block_1_19' title="bbox 2100 1816 2151 1876">
    <p class='ocr_par' dir='ltr' id='par_1_19' title="bbox 2100 1816 2151 1876">
     <span class='ocr_line' id='line_1_19' title="bbox 2100 1816 2151 1876; baseline 0 0"><span class='ocrx_word' id='word_1_119' title='bbox 2100 1816 2151 1876; x_wconf 80' lang='grc' dir='ltr'><strong>Β</strong></span> 
     </span>
    </p>
   </div>
   <div class='ocr_carea' id='block_1_20' title="bbox 563 1867 2067 1938">
    <p class='ocr_par' dir='ltr' id='par_1_20' title="bbox 563 1867 2067 1938">
     <span class='ocr_line' id='line_1_20' title="bbox 563 1867 2067 1938; baseline 0.002 -15"><span class='ocrx_word' id='word_1_120' title='bbox 563 1867 731 1923; x_wconf 67' lang='lat' dir='ltr'><strong>Vens.</strong></span> <span class='ocrx_word' id='word_1_121' title='bbox 763 1868 818 1929; x_wconf 88' lang='lat'><strong>9.</strong></span> <span class='ocrx_word' id='word_1_122' title='bbox 855 1869 944 1925; x_wconf 79' lang='grc'><strong>10.</strong></span> <span class='ocrx_word' id='word_1_123' title='bbox 988 1868 1180 1923; x_wconf 89' lang='lat' dir='ltr'><strong>Omnia</strong></span> <span class='ocrx_word' id='word_1_124' title='bbox 1212 1880 1341 1923; x_wconf 83' lang='lat' dir='ltr'><strong>&#39;ossa</strong></span> <span class='ocrx_word' id='word_1_125' title='bbox 1377 1884 1492 1925; x_wconf 81' lang='lat' dir='ltr'><strong>mea</strong></span> <span class='ocrx_word' id='word_1_126' title='bbox 1549 1872 1723 1925; x_wconf 86' lang='lat' dir='ltr'><strong>dicent</strong></span> <span class='ocrx_word' id='word_1_127' title='bbox 1756 1889 1773 1926; x_wconf 91' lang='lat'><strong><em>:</em></strong></span> <span class='ocrx_word' id='word_1_128' title='bbox 1823 1868 2067 1938; x_wconf 79' lang='lat' dir='ltr'><strong>Domine,</strong></span> 
     </span>
    </p>
   </div>
   <div class='ocr_carea' id='block_1_21' title="bbox 490 1963 2070 2035">
    <p class='ocr_par' dir='ltr' id='par_1_21' title="bbox 490 1963 2070 2035">
     <span class='ocr_line' id='line_1_21' title="bbox 490 1963 2070 2035; baseline 0.004 -19"><span class='ocrx_word' id='word_1_129' title='bbox 490 1964 606 2032; x_wconf 85' lang='lat' dir='ltr'><strong>quis</strong></span> <span class='ocrx_word' id='word_1_130' title='bbox 632 1963 825 2017; x_wconf 85' lang='lat' dir='ltr'><strong>similis</strong></span> <span class='ocrx_word' id='word_1_131' title='bbox 858 1963 998 2018; x_wconf 89' lang='lat' dir='ltr'><strong>tibi?</strong></span> <span class='ocrx_word' id='word_1_132' title='bbox 1034 1963 1277 2034; x_wconf 77' lang='lat' dir='ltr'><strong>Eripieiis</strong></span> <span class='ocrx_word' id='word_1_133' title='bbox 1326 1966 1532 2034; x_wconf 80' lang='lat' dir='ltr'><strong>inopem</strong></span> <span class='ocrx_word' id='word_1_134' title='bbox 1571 1966 1633 2020; x_wconf 83' lang='lat' dir='ltr'><strong>de</strong></span> <span class='ocrx_word' id='word_1_135' title='bbox 1676 1983 1835 2019; x_wconf 84' lang='lat' dir='ltr'><strong>manu</strong></span> <span class='ocrx_word' id='word_1_136' title='bbox 1878 1966 2070 2035; x_wconf 80' lang='lat' dir='ltr'><strong>[ortio-</strong></span> 
     </span>
    </p>
   </div>
   <div class='ocr_carea' id='block_1_22' title="bbox 492 2058 2066 2127">
    <p class='ocr_par' dir='ltr' id='par_1_22' title="bbox 492 2058 2066 2127">
     <span class='ocr_line' id='line_1_22' title="bbox 492 2058 2066 2127; baseline 0.004 -18"><span class='ocrx_word' id='word_1_137' title='bbox 492 2071 611 2109; x_wconf 84' lang='lat' dir='ltr'><strong>rum</strong></span> <span class='ocrx_word' id='word_1_138' title='bbox 650 2072 732 2118; x_wconf 86' lang='lat' dir='ltr'><strong>eo,</strong></span> <span class='ocrx_word' id='word_1_139' title='bbox 772 2072 988 2126; x_wconf 87' lang='lat' dir='ltr'><strong>egenum</strong></span> <span class='ocrx_word' id='word_1_140' title='bbox 1034 2069 1087 2110; x_wconf 84' lang='lat' dir='ltr'><strong>et</strong></span> <span class='ocrx_word' id='word_1_141' title='bbox 1136 2068 1421 2127; x_wconf 83' lang='lat' dir='ltr'><strong>pauperem</strong></span> <span class='ocrx_word' id='word_1_142' title='bbox 1457 2077 1490 2112; x_wconf 91' lang='lat' dir='ltr'><strong>a</strong></span> <span class='ocrx_word' id='word_1_143' title='bbox 1538 2058 1905 2126; x_wconf 81' lang='lat' dir='ltr'><strong>diripientilms</strong></span> <span class='ocrx_word' id='word_1_144' title='bbox 1928 2076 2066 2115; x_wconf 88' lang='lat' dir='ltr'><strong>eum.</strong></span> 
     </span>
    </p>
   </div>
   <div class='ocr_carea' id='block_1_23' title="bbox 492 2145 2071 2221">
    <p class='ocr_par' dir='ltr' id='par_1_23' title="bbox 492 2145 2071 2221">
     <span class='ocr_line' id='line_1_23' title="bbox 492 2145 2071 2221; baseline 0.001 -18"><span class='ocrx_word' id='word_1_145' title='bbox 492 2145 631 2203; x_wconf 89' lang='lat' dir='ltr'><strong>Ossa</strong></span> <span class='ocrx_word' id='word_1_146' title='bbox 665 2148 860 2202; x_wconf 72' lang='lat' dir='ltr'><strong>animze</strong></span> <span class='ocrx_word' id='word_1_147' title='bbox 891 2156 1019 2203; x_wconf 91' lang='lat' dir='ltr'><strong>sunt</strong></span> <span class='ocrx_word' id='word_1_148' title='bbox 1051 2149 1290 2205; x_wconf 86' lang='lat' dir='ltr'><strong>virtutes</strong></span> <span class='ocrx_word' id='word_1_149' title='bbox 1321 2150 1443 2219; x_wconf 88' lang='lat' dir='ltr'><strong>ejus</strong></span> <span class='ocrx_word' id='word_1_150' title='bbox 1477 2149 1836 2221; x_wconf 81' lang='lat' dir='ltr'><strong>intelligendi,</strong></span> <span class='ocrx_word' id='word_1_151' title='bbox 1867 2153 1946 2205; x_wconf 90' lang='lat' dir='ltr'><strong>uti</strong></span> <span class='ocrx_word' id='word_1_152' title='bbox 1977 2166 2071 2205; x_wconf 90' lang='lat' dir='ltr'><strong>su-</strong></span> 
     </span>
    </p>
   </div>
   <div class='ocr_carea' id='block_1_24' title="bbox 492 2240 2072 2314">
    <p class='ocr_par' dir='ltr' id='par_1_24' title="bbox 492 2240 2072 2314">
     <span class='ocr_line' id='line_1_24' title="bbox 492 2240 2072 2314; baseline 0.004 -21"><span class='ocrx_word' id='word_1_153' title='bbox 492 2240 679 2310; x_wconf 85' lang='lat' dir='ltr'><strong>perius</strong></span> <span class='ocrx_word' id='word_1_154' title='bbox 712 2240 918 2295; x_wconf 89' lang='lat' dir='ltr'><strong>dictum</strong></span> <span class='ocrx_word' id='word_1_155' title='bbox 944 2248 1048 2297; x_wconf 90' lang='lat' dir='ltr'><strong>est.</strong></span> <span class='ocrx_word' id='word_1_156' title='bbox 1104 2241 1239 2312; x_wconf 73' lang='lat' dir='ltr'><strong>Ipsa:</strong></span> <span class='ocrx_word' id='word_1_157' title='bbox 1269 2259 1399 2299; x_wconf 88' lang='lat' dir='ltr'><strong>vero</strong></span> <span class='ocrx_word' id='word_1_158' title='bbox 1431 2248 1551 2313; x_wconf 82' lang='lat' dir='ltr'><strong>ejus</strong></span> <span class='ocrx_word' id='word_1_159' title='bbox 1602 2245 1893 2314; x_wconf 73' lang='lat' dir='ltr'><strong>prazsentia</strong></span> <span class='ocrx_word' id='word_1_160' title='bbox 1945 2245 2072 2299; x_wconf 88' lang='lat' dir='ltr'><strong>illu-</strong></span> 
     </span>
    </p>
   </div>
   <div class='ocr_carea' id='block_1_25' title="bbox 491 2331 2069 2407">
    <p class='ocr_par' dir='ltr' id='par_1_25' title="bbox 491 2331 2069 2407">
     <span class='ocr_line' id='line_1_25' title="bbox 491 2331 2069 2407; baseline 0.004 -22"><span class='ocrx_word' id='word_1_161' title='bbox 491 2338 696 2395; x_wconf 60' lang='lat' dir='ltr'><strong>strata,</strong></span> <span class='ocrx_word' id='word_1_162' title='bbox 730 2331 916 2387; x_wconf 89' lang='lat' dir='ltr'><strong>dicent</strong></span> <span class='ocrx_word' id='word_1_163' title='bbox 949 2350 963 2387; x_wconf 91' lang='lat'><strong>:</strong></span> <span class='ocrx_word' id='word_1_164' title='bbox 994 2333 1233 2400; x_wconf 88' lang='lat' dir='ltr'><strong>Domine,</strong></span> <span class='ocrx_word' id='word_1_165' title='bbox 1263 2337 1379 2407; x_wconf 85' lang='lat' dir='ltr'><strong>quis</strong></span> <span class='ocrx_word' id='word_1_166' title='bbox 1403 2334 1593 2390; x_wconf 85' lang='lat' dir='ltr'><strong>similis</strong></span> <span class='ocrx_word' id='word_1_167' title='bbox 1620 2336 1713 2389; x_wconf 83' lang='lat' dir='ltr'><strong>tibi</strong></span> <span class='ocrx_word' id='word_1_168' title='bbox 1734 2334 1758 2393; x_wconf 86' lang='lat'><strong><em>?</em></strong></span> <span class='ocrx_word' id='word_1_169' title='bbox 1778 2335 1892 2391; x_wconf 81' lang='lat' dir='ltr'><strong>Nisi</strong></span> <span class='ocrx_word' id='word_1_170' title='bbox 1924 2337 2069 2392; x_wconf 89' lang='lat' dir='ltr'><strong>enim</strong></span> 
     </span>
    </p>
   </div>
   <div class='ocr_carea' id='block_1_26' title="bbox 491 2423 2069 2499">
    <p class='ocr_par' dir='ltr' id='par_1_26' title="bbox 491 2423 2069 2499">
     <span class='ocr_line' id='line_1_26' title="bbox 491 2423 2069 2499; baseline 0.008 -26"><span class='ocrx_word' id='word_1_171' title='bbox 491 2432 548 2475; x_wconf 87' lang='lat' dir='ltr'><strong>tu</strong></span> <span class='ocrx_word' id='word_1_172' title='bbox 581 2438 754 2493; x_wconf 84' lang='lat' dir='ltr'><strong>egeno</strong></span> <span class='ocrx_word' id='word_1_173' title='bbox 786 2423 1080 2489; x_wconf 83' lang='lat' dir='ltr'><strong>adfuisses,</strong></span> <span class='ocrx_word' id='word_1_174' title='bbox 1114 2427 1221 2482; x_wconf 89' lang='lat' dir='ltr'><strong>nisi</strong></span> <span class='ocrx_word' id='word_1_175' title='bbox 1246 2428 1427 2498; x_wconf 91' lang='lat' dir='ltr'><strong>ipsum</strong></span> <span class='ocrx_word' id='word_1_176' title='bbox 1456 2428 1661 2483; x_wconf 80' lang='lat' dir='ltr'><strong>auxilio</strong></span> <span class='ocrx_word' id='word_1_177' title='bbox 1691 2428 1949 2499; x_wconf 89' lang='lat' dir='ltr'><strong>dignatus</strong></span> <span class='ocrx_word' id='word_1_178' title='bbox 1979 2444 2069 2485; x_wconf 90' lang='lat' dir='ltr'><strong>es-</strong></span> 
     </span>
    </p>
   </div>
   <div class='ocr_carea' id='block_1_27' title="bbox 489 2515 2069 2588">
    <p class='ocr_par' dir='ltr' id='par_1_27' title="bbox 489 2515 2069 2588">
     <span class='ocr_line' id='line_1_27' title="bbox 489 2515 2069 2588; baseline 0.004 -22"><span class='ocrx_word' id='word_1_179' title='bbox 489 2528 580 2567; x_wconf 82' lang='lat' dir='ltr'><strong>ses</strong></span> <span class='ocrx_word' id='word_1_180' title='bbox 651 2522 765 2577; x_wconf 91' lang='lat' dir='ltr'><strong>tuo,</strong></span> <span class='ocrx_word' id='word_1_181' title='bbox 815 2515 978 2584; x_wconf 88' lang='lat' dir='ltr'><strong>quis,</strong></span> <span class='ocrx_word' id='word_1_182' title='bbox 1035 2532 1262 2586; x_wconf 62' lang='lat' dir='ltr'><strong>quaiso,</strong></span> <span class='ocrx_word' id='word_1_183' title='bbox 1310 2526 1657 2588; x_wconf 68' lang='lat' dir='ltr'><strong>quantus‘rjue</strong></span> <span class='ocrx_word' id='word_1_184' title='bbox 1714 2519 1804 2574; x_wconf 90' lang='lat' dir='ltr'><strong>ille</strong></span> <span class='ocrx_word' id='word_1_185' title='bbox 1856 2519 2069 2585; x_wconf 83' lang='lat' dir='ltr'><strong>homo,</strong></span> 
     </span>
    </p>
   </div>
   <div class='ocr_carea' id='block_1_28' title="bbox 486 2604 2072 2682">
    <p class='ocr_par' dir='ltr' id='par_1_28' title="bbox 486 2604 2072 2682">
     <span class='ocr_line' id='line_1_28' title="bbox 486 2604 2072 2682; baseline 0.004 -24"><span class='ocrx_word' id='word_1_186' title='bbox 486 2604 581 2673; x_wconf 86' lang='lat' dir='ltr'><strong>qui</strong></span> <span class='ocrx_word' id='word_1_187' title='bbox 622 2606 771 2661; x_wconf 78' lang='lat' dir='ltr'><strong>Solus</strong></span> <span class='ocrx_word' id='word_1_188' title='bbox 817 2616 896 2661; x_wconf 92' lang='lat' dir='ltr'><strong>tot</strong></span> <span class='ocrx_word' id='word_1_189' title='bbox 941 2607 1221 2678; x_wconf 89' lang='lat' dir='ltr'><strong>tantisque</strong></span> <span class='ocrx_word' id='word_1_190' title='bbox 1268 2609 1510 2665; x_wconf 91' lang='lat' dir='ltr'><strong>inimicis</strong></span> <span class='ocrx_word' id='word_1_191' title='bbox 1552 2610 1791 2665; x_wconf 79' lang='lat' dir='ltr'><strong>conferri</strong></span> <span class='ocrx_word' id='word_1_192' title='bbox 1836 2613 2072 2682; x_wconf 80' lang='lat' dir='ltr'><strong>posset?</strong></span> 
     </span>
    </p>
   </div>
   <div class='ocr_carea' id='block_1_29' title="bbox 486 2698 2069 2770">
    <p class='ocr_par' dir='ltr' id='par_1_29' title="bbox 486 2698 2069 2770">
     <span class='ocr_line' id='line_1_29' title="bbox 486 2698 2069 2770; baseline 0.006 -20"><span class='ocrx_word' id='word_1_193' title='bbox 486 2698 532 2750; x_wconf 84' lang='grc' dir='ltr'><strong>Α</strong></span> <span class='ocrx_word' id='word_1_194' title='bbox 560 2698 709 2752; x_wconf 86' lang='lat' dir='ltr'><strong>nuda</strong></span> <span class='ocrx_word' id='word_1_195' title='bbox 738 2707 793 2753; x_wconf 90' lang='lat' dir='ltr'><strong>et</strong></span> <span class='ocrx_word' id='word_1_196' title='bbox 826 2699 1065 2770; x_wconf 86' lang='lat' dir='ltr'><strong>simplici</strong></span> <span class='ocrx_word' id='word_1_197' title='bbox 1092 2717 1274 2756; x_wconf 90' lang='lat' dir='ltr'><strong>rerum</strong></span> <span class='ocrx_word' id='word_1_198' title='bbox 1309 2703 1537 2759; x_wconf 83' lang='lat' dir='ltr'><strong>historia</strong></span> <span class='ocrx_word' id='word_1_199' title='bbox 1572 2704 1704 2759; x_wconf 90' lang='lat' dir='ltr'><strong>dicti</strong></span> <span class='ocrx_word' id='word_1_200' title='bbox 1739 2707 2069 2760; x_wconf 88' lang='lat' dir='ltr'><strong>sententiam</strong></span> 
     </span>
    </p>
   </div>
   <div class='ocr_carea' id='block_1_30' title="bbox 487 2790 2070 2868">
    <p class='ocr_par' dir='ltr' id='par_1_30' title="bbox 487 2790 2070 2868">
     <span class='ocr_line' id='line_1_30' title="bbox 487 2790 2070 2868; baseline 0.006 -26"><span class='ocrx_word' id='word_1_201' title='bbox 487 2790 777 2861; x_wconf 62' lang='lat' dir='ltr'><strong>mrcipies,</strong></span> <span class='ocrx_word' id='word_1_202' title='bbox 810 2793 856 2847; x_wconf 90' lang='lat' dir='ltr'><strong>si</strong></span> <span class='ocrx_word' id='word_1_203' title='bbox 909 2795 1172 2849; x_wconf 86' lang='lat' dir='ltr'><strong>memoria</strong></span> <span class='ocrx_word' id='word_1_204' title='bbox 1223 2804 1460 2866; x_wconf 89' lang='lat' dir='ltr'><strong>repetas,</strong></span> <span class='ocrx_word' id='word_1_205' title='bbox 1524 2813 1634 2868; x_wconf 91' lang='lat' dir='ltr'><strong>quo</strong></span> <span class='ocrx_word' id='word_1_206' title='bbox 1686 2802 1847 2867; x_wconf 84' lang='lat' dir='ltr'><strong>pacto</strong></span> <span class='ocrx_word' id='word_1_207' title='bbox 1898 2796 2070 2851; x_wconf 87' lang='lat' dir='ltr'><strong>David</strong></span> 
     </span>
    </p>
   </div>
   <div class='ocr_carea' id='block_1_31' title="bbox 484 2882 2071 2960">
    <p class='ocr_par' dir='ltr' id='par_1_31' title="bbox 484 2882 2071 2960">
     <span class='ocr_line' id='line_1_31' title="bbox 484 2882 2071 2960; baseline 0.006 -24"><span class='ocrx_word' id='word_1_208' title='bbox 484 2882 615 2937; x_wconf 92' lang='lat' dir='ltr'><strong>dum</strong></span> <span class='ocrx_word' id='word_1_209' title='bbox 652 2883 880 2954; x_wconf 83' lang='lat' dir='ltr'><strong>fugeret,</strong></span> <span class='ocrx_word' id='word_1_210' title='bbox 935 2886 1004 2941; x_wconf 81' lang='lat' dir='ltr'><strong>ad</strong></span> <span class='ocrx_word' id='word_1_211' title='bbox 1039 2893 1248 2941; x_wconf 85' lang='lat' dir='ltr'><strong>tantam</strong></span> <span class='ocrx_word' id='word_1_212' title='bbox 1305 2888 1543 2960; x_wconf 90' lang='lat' dir='ltr'><strong>inopiam</strong></span> <span class='ocrx_word' id='word_1_213' title='bbox 1576 2889 1836 2945; x_wconf 88' lang='lat' dir='ltr'><strong>redactus</strong></span> <span class='ocrx_word' id='word_1_214' title='bbox 1872 2897 1975 2954; x_wconf 90' lang='lat' dir='ltr'><strong>est,</strong></span> <span class='ocrx_word' id='word_1_215' title='bbox 2010 2898 2071 2945; x_wconf 92' lang='lat' dir='ltr'><strong>ut</strong></span> 
     </span>
    </p>
   </div>
   <div class='ocr_carea' id='block_1_32' title="bbox 482 2979 2069 3047">
    <p class='ocr_par' dir='ltr' id='par_1_32' title="bbox 482 2979 2069 3047">
     <span class='ocr_line' id='line_1_32' title="bbox 482 2979 2069 3047; baseline 0.004 -17"><span class='ocrx_word' id='word_1_216' title='bbox 482 2990 624 3046; x_wconf 89' lang='lat' dir='ltr'><strong>pane</strong></span> <span class='ocrx_word' id='word_1_217' title='bbox 658 2993 723 3032; x_wconf 87' lang='lat' dir='ltr'><strong>ac</strong></span> <span class='ocrx_word' id='word_1_218' title='bbox 752 2979 1086 3037; x_wconf 85' lang='lat' dir='ltr'><strong>necessariis</strong></span> <span class='ocrx_word' id='word_1_219' title='bbox 1125 2983 1401 3038; x_wconf 89' lang='lat' dir='ltr'><strong>alimentis</strong></span> <span class='ocrx_word' id='word_1_220' title='bbox 1433 2991 1684 3047; x_wconf 87' lang='lat' dir='ltr'><strong>careret;</strong></span> <span class='ocrx_word' id='word_1_221' title='bbox 1727 2998 1792 3037; x_wconf 91' lang='lat' dir='ltr'><strong>ac</strong></span> <span class='ocrx_word' id='word_1_222' title='bbox 1823 2980 2069 3039; x_wconf 88' lang='lat' dir='ltr'><strong>necessi-</strong></span> 
     </span>
    </p>
   </div>
   <div class='ocr_carea' id='block_1_33' title="bbox 482 3075 2068 3145">
    <p class='ocr_par' dir='ltr' id='par_1_33' title="bbox 482 3075 2068 3145">
     <span class='ocr_line' id='line_1_33' title="bbox 482 3075 2068 3145; baseline 0.004 -22"><span class='ocrx_word' id='word_1_223' title='bbox 482 3078 598 3127; x_wconf 87' lang='lat' dir='ltr'><strong>tate</strong></span> <span class='ocrx_word' id='word_1_224' title='bbox 626 3080 851 3127; x_wconf 89' lang='lat' dir='ltr'><strong>coactus</strong></span> <span class='ocrx_word' id='word_1_225' title='bbox 893 3086 1065 3143; x_wconf 89' lang='lat' dir='ltr'><strong>panes</strong></span> <span class='ocrx_word' id='word_1_226' title='bbox 1112 3075 1508 3145; x_wconf 89' lang='lat' dir='ltr'><strong>propositionis</strong></span> <span class='ocrx_word' id='word_1_227' title='bbox 1558 3075 1846 3130; x_wconf 87' lang='lat' dir='ltr'><strong>comedere</strong></span> <span class='ocrx_word' id='word_1_228' title='bbox 1898 3076 2068 3129; x_wconf 82' lang='lat' dir='ltr'><strong>aude-</strong></span> 
     </span>
    </p>
   </div>
   <div class='ocr_carea' id='block_1_34' title="bbox 2174 569 3783 645">
    <p class='ocr_par' dir='ltr' id='par_1_34' title="bbox 2174 569 3783 645">
     <span class='ocr_line' id='line_1_34' title="bbox 2174 569 3783 645; baseline 0 -21"><span class='ocrx_word' id='word_1_229' title='bbox 2174 574 2438 644; x_wconf 82' lang='grc' dir='ltr'>εἰρημένα</span> <span class='ocrx_word' id='word_1_230' title='bbox 2464 572 2762 645; x_wconf 84' lang='grc' dir='ltr'><strong>μελλόντων</strong></span> <span class='ocrx_word' id='word_1_231' title='bbox 2780 569 2847 644; x_wconf 79' lang='grc' dir='ltr'>ἦν</span> <span class='ocrx_word' id='word_1_232' title='bbox 2868 570 3303 643; x_wconf 83' lang='grc' dir='ltr'>προαγορευτικὰ</span> <span class='ocrx_word' id='word_1_233' title='bbox 3322 612 3337 635; x_wconf 94' lang='grc'><strong>,</strong></span> <span class='ocrx_word' id='word_1_234' title='bbox 3362 572 3455 625; x_wconf 73' lang='grc' dir='ltr'><strong>καὶ</strong></span> <span class='ocrx_word' id='word_1_235' title='bbox 3475 587 3539 624; x_wconf 92' lang='grc' dir='ltr'><strong>συ</strong></span> <span class='ocrx_word' id='word_1_236' title='bbox 3547 570 3783 643; x_wconf 56' lang='lat' dir='ltr'><strong>p.611“-</strong></span> 
     </span>
    </p>
   </div>
   <div class='ocr_carea' id='block_1_35' title="bbox 2178 664 3785 737">
    <p class='ocr_par' dir='ltr' id='par_1_35' title="bbox 2178 664 3785 737">
     <span class='ocr_line' id='line_1_35' title="bbox 2178 664 3785 737; baseline -0.001 -18"><span class='ocrx_word' id='word_1_237' title='bbox 2178 667 2353 737; x_wconf 80' lang='grc' dir='ltr'>μένων</span> <span class='ocrx_word' id='word_1_238' title='bbox 2386 666 2717 737; x_wconf 87' lang='grc' dir='ltr'>προφητικά.</span> <span class='ocrx_word' id='word_1_239' title='bbox 2752 664 2907 719; x_wconf 75' lang='grc' dir='ltr'>Οὕτω</span> <span class='ocrx_word' id='word_1_240' title='bbox 2937 664 3065 733; x_wconf 81' lang='grc' dir='ltr'>γοῦν</span> <span class='ocrx_word' id='word_1_241' title='bbox 3094 665 3187 717; x_wconf 76' lang='grc' dir='ltr'><strong>καὶ</strong></span> <span class='ocrx_word' id='word_1_242' title='bbox 3212 665 3464 736; x_wconf 80' lang='grc' dir='ltr'><strong>ἀνωτέρω</strong></span> <span class='ocrx_word' id='word_1_243' title='bbox 3491 681 3785 735; x_wconf 77' lang='grc' dir='ltr'>προφητι-</span> 
     </span>
    </p>
   </div>
   <div class='ocr_carea' id='block_1_36' title="bbox 2176 756 3782 829">
    <p class='ocr_par' dir='ltr' id='par_1_36' title="bbox 2176 756 3782 829">
     <span class='ocr_line' id='line_1_36' title="bbox 2176 756 3782 829; baseline -0.002 -15"><span class='ocrx_word' id='word_1_244' title='bbox 2176 759 2286 823; x_wconf 91' lang='grc' dir='ltr'><strong>κῶς</strong></span> <span class='ocrx_word' id='word_1_245' title='bbox 2312 760 2529 829; x_wconf 75' lang='grc' dir='ltr'><strong>ἐλέγετο</strong></span> <span class='ocrx_word' id='word_1_246' title='bbox 2548 778 2560 789; x_wconf 89' lang='grc'><strong>·</strong></span> <span class='ocrx_word' id='word_1_247' title='bbox 2594 757 3109 827; x_wconf 71' lang='grc' dir='ltr'>Αἰσχυνθήτωσαν</span> <span class='ocrx_word' id='word_1_248' title='bbox 3130 757 3227 811; x_wconf 80' lang='grc' dir='ltr'>καὶ</span> <span class='ocrx_word' id='word_1_249' title='bbox 3261 756 3782 826; x_wconf 73' lang='grc' dir='ltr'>ἐντραπήτωσαν,</span> 
     </span>
    </p>
   </div>
   <div class='ocr_carea' id='block_1_37' title="bbox 2175 849 3783 923">
    <p class='ocr_par' dir='ltr' id='par_1_37' title="bbox 2175 849 3783 923">
     <span class='ocr_line' id='line_1_37' title="bbox 2175 849 3783 923; baseline -0.002 -17"><span class='ocrx_word' id='word_1_250' title='bbox 2175 854 2295 906; x_wconf 75' lang='grc' dir='ltr'>ἀντὶ</span> <span class='ocrx_word' id='word_1_251' title='bbox 2326 851 2415 904; x_wconf 78' lang='grc' dir='ltr'>τοῦ</span> <span class='ocrx_word' id='word_1_252' title='bbox 2434 892 2446 915; x_wconf 90' lang='grc'><strong>,</strong></span> <span class='ocrx_word' id='word_1_253' title='bbox 2476 850 2901 923; x_wconf 77' lang='grc' dir='ltr'>Αἱχυνθήσονται</span> <span class='ocrx_word' id='word_1_254' title='bbox 2924 850 3018 903; x_wconf 76' lang='grc' dir='ltr'><strong>καὶ</strong></span> <span class='ocrx_word' id='word_1_255' title='bbox 3044 850 3502 919; x_wconf 68' lang='grc' dir='ltr'>ἐντραπήσονται*</span> <span class='ocrx_word' id='word_1_256' title='bbox 3527 850 3627 903; x_wconf 78' lang='grc' dir='ltr'><strong>καὶ</strong></span> <span class='ocrx_word' id='word_1_257' title='bbox 3651 849 3783 903; x_wconf 82' lang='grc' dir='ltr'><strong>πά-</strong></span> 
     </span>
    </p>
   </div>
   <div class='ocr_carea' id='block_1_38' title="bbox 2174 941 3782 1013">
    <p class='ocr_par' dir='ltr' id='par_1_38' title="bbox 2174 941 3782 1013">
     <span class='ocr_line' id='line_1_38' title="bbox 2174 941 3782 1013; baseline -0.001 -17"><span class='ocrx_word' id='word_1_258' title='bbox 2174 943 2273 996; x_wconf 83' lang='grc' dir='ltr'>λιν’</span> <span class='ocrx_word' id='word_1_259' title='bbox 2294 946 2351 998; x_wconf 83' lang='grc' dir='ltr'>Ἀ</span> <span class='ocrx_word' id='word_1_260' title='bbox 2360 958 2480 997; x_wconf 84' lang='grc' dir='ltr'><strong>ποσ</strong></span> <span class='ocrx_word' id='word_1_261' title='bbox 2488 944 2880 1013; x_wconf 73' lang='grc' dir='ltr'>τραςρήτωσαν</span> <span class='ocrx_word' id='word_1_262' title='bbox 2889 942 2987 997; x_wconf 79' lang='grc' dir='ltr'>καὶ</span> <span class='ocrx_word' id='word_1_263' title='bbox 3001 941 3639 1009; x_wconf 59' lang='grc' dir='ltr'>καταισχυνθνήτωσαν,</span> <span class='ocrx_word' id='word_1_264' title='bbox 3656 941 3782 995; x_wconf 75' lang='grc' dir='ltr'>καὶ</span> 
     </span>
    </p>
   </div>
   <div class='ocr_carea' id='block_1_39' title="bbox 2174 1034 3783 1107">
    <p class='ocr_par' dir='ltr' id='par_1_39' title="bbox 2174 1034 3783 1107">
     <span class='ocr_line' id='line_1_39' title="bbox 2174 1034 3783 1107; baseline -0.002 -16"><span class='ocrx_word' id='word_1_265' title='bbox 2174 1036 2602 1107; x_wconf 77' lang='grc' dir='ltr'>τενηθήτωσαν</span> <span class='ocrx_word' id='word_1_266' title='bbox 2626 1037 2706 1103; x_wconf 83' lang='grc' dir='ltr'>ὡς</span> <span class='ocrx_word' id='word_1_267' title='bbox 2730 1036 2897 1106; x_wconf 80' lang='grc' dir='ltr'>χοῦς,</span> <span class='ocrx_word' id='word_1_268' title='bbox 2934 1036 3055 1091; x_wconf 80' lang='grc' dir='ltr'>ἀντὶ</span> <span class='ocrx_word' id='word_1_269' title='bbox 3093 1034 3186 1089; x_wconf 81' lang='grc' dir='ltr'>τοῦ</span> <span class='ocrx_word' id='word_1_270' title='bbox 3206 1051 3218 1063; x_wconf 79' lang='grc'><strong>’</strong></span> <span class='ocrx_word' id='word_1_271' title='bbox 3289 1036 3783 1105; x_wconf 81' lang='grc' dir='ltr'>Ἀποστραφήσον-</span> 
     </span>
    </p>
   </div>
   <div class='ocr_carea' id='block_1_40' title="bbox 2173 1127 3779 1201">
    <p class='ocr_par' dir='ltr' id='par_1_40' title="bbox 2173 1127 3779 1201">
     <span class='ocr_line' id='line_1_40' title="bbox 2173 1127 3779 1201; baseline -0.001 -17"><span class='ocrx_word' id='word_1_272' title='bbox 2173 1148 2265 1185; x_wconf 88' lang='grc' dir='ltr'><strong>ται</strong></span> <span class='ocrx_word' id='word_1_273' title='bbox 2298 1130 2393 1184; x_wconf 77' lang='grc' dir='ltr'><strong>καὶ</strong></span> <span class='ocrx_word' id='word_1_274' title='bbox 2422 1129 2869 1201; x_wconf 75' lang='grc' dir='ltr'>αἰσχυνθήσονται</span> <span class='ocrx_word' id='word_1_275' title='bbox 2922 1132 3016 1184; x_wconf 79' lang='grc' dir='ltr'>καὶ</span> <span class='ocrx_word' id='word_1_276' title='bbox 3045 1131 3364 1201; x_wconf 81' lang='grc' dir='ltr'>γενήσονται</span> <span class='ocrx_word' id='word_1_277' title='bbox 3391 1128 3466 1191; x_wconf 84' lang='grc' dir='ltr'>ὡς</span> <span class='ocrx_word' id='word_1_278' title='bbox 3488 1127 3640 1199; x_wconf 76' lang='grc' dir='ltr'>χούς.</span> <span class='ocrx_word' id='word_1_279' title='bbox 3676 1129 3779 1182; x_wconf 79' lang='grc' dir='ltr'><strong>Τὰ</strong></span> 
     </span>
    </p>
   </div>
   <div class='ocr_carea' id='block_1_41' title="bbox 2174 1216 3779 1291">
    <p class='ocr_par' dir='ltr' id='par_1_41' title="bbox 2174 1216 3779 1291">
     <span class='ocr_line' id='line_1_41' title="bbox 2174 1216 3779 1291; baseline -0.002 -19"><span class='ocrx_word' id='word_1_280' title='bbox 2174 1220 2283 1290; x_wconf 79' lang='grc' dir='ltr'>γὰρ</span> <span class='ocrx_word' id='word_1_281' title='bbox 2313 1219 2594 1291; x_wconf 82' lang='grc' dir='ltr'>μέλλονται</span> <span class='ocrx_word' id='word_1_282' title='bbox 2625 1219 2995 1291; x_wconf 76' lang='grc' dir='ltr'>συμϐήσεσθαι</span> <span class='ocrx_word' id='word_1_283' title='bbox 3019 1222 3128 1283; x_wconf 85' lang='grc' dir='ltr'>τοῖς</span> <span class='ocrx_word' id='word_1_284' title='bbox 3154 1218 3367 1290; x_wconf 77' lang='grc' dir='ltr'><strong>ἐχθροῖς</strong></span> <span class='ocrx_word' id='word_1_285' title='bbox 3390 1216 3551 1272; x_wconf 78' lang='grc' dir='ltr'>αὐτοῦ</span> <span class='ocrx_word' id='word_1_286' title='bbox 3575 1234 3779 1288; x_wconf 75' lang='grc' dir='ltr'>προη-</span> 
     </span>
    </p>
   </div>
   <div class='ocr_carea' id='block_1_42' title="bbox 2174 1310 3781 1383">
    <p class='ocr_par' dir='ltr' id='par_1_42' title="bbox 2174 1310 3781 1383">
     <span class='ocr_line' id='line_1_42' title="bbox 2174 1310 3781 1383; baseline -0.001 -18"><span class='ocrx_word' id='word_1_287' title='bbox 2174 1314 2417 1383; x_wconf 80' lang='grc' dir='ltr'>γόρευεν.</span> <span class='ocrx_word' id='word_1_288' title='bbox 2506 1314 2615 1365; x_wconf 78' lang='grc' dir='ltr'>Καὶ</span> <span class='ocrx_word' id='word_1_289' title='bbox 2652 1315 2680 1365; x_wconf 90' lang='grc' dir='ltr'>ὁ</span> <span class='ocrx_word' id='word_1_290' title='bbox 2723 1313 2819 1382; x_wconf 81' lang='grc' dir='ltr'><strong>μὲν</strong></span> <span class='ocrx_word' id='word_1_291' title='bbox 2852 1311 2960 1383; x_wconf 84' lang='grc' dir='ltr'><strong>γάρ</strong></span> <span class='ocrx_word' id='word_1_292' title='bbox 2994 1312 3257 1383; x_wconf 75' lang='grc' dir='ltr'>ἡγήσεται</span> <span class='ocrx_word' id='word_1_293' title='bbox 3297 1311 3424 1383; x_wconf 74' lang='grc' dir='ltr'>περὶ</span> <span class='ocrx_word' id='word_1_294' title='bbox 3454 1310 3546 1363; x_wconf 81' lang='grc' dir='ltr'>τοῦ</span> <span class='ocrx_word' id='word_1_295' title='bbox 3583 1311 3781 1364; x_wconf 70' lang='grc' dir='ltr'>Σαοὺλ</span> 
     </span>
    </p>
   </div>
   <div class='ocr_carea' id='block_1_43' title="bbox 2174 1404 3783 1479">
    <p class='ocr_par' dir='ltr' id='par_1_43' title="bbox 2174 1404 3783 1479">
     <span class='ocr_line' id='line_1_43' title="bbox 2174 1404 3783 1479; baseline -0.001 -20"><span class='ocrx_word' id='word_1_296' title='bbox 2174 1406 2425 1479; x_wconf 77' lang='grc' dir='ltr'>εἰρῆσθαι</span> <span class='ocrx_word' id='word_1_297' title='bbox 2453 1406 2549 1478; x_wconf 73' lang='grc' dir='ltr'><strong>τὴν</strong></span> <span class='ocrx_word' id='word_1_298' title='bbox 2580 1406 2943 1479; x_wconf 79' lang='grc' dir='ltr'>προκειμένην</span> <span class='ocrx_word' id='word_1_299' title='bbox 2979 1407 3136 1478; x_wconf 75' lang='grc' dir='ltr'>ῥῆσιν</span> <span class='ocrx_word' id='word_1_300' title='bbox 3155 1423 3167 1435; x_wconf 89' lang='grc'><strong>·</strong></span> <span class='ocrx_word' id='word_1_301' title='bbox 3216 1407 3338 1459; x_wconf 76' lang='grc' dir='ltr'>ἐπεὶ</span> <span class='ocrx_word' id='word_1_302' title='bbox 3368 1406 3459 1459; x_wconf 79' lang='grc' dir='ltr'>καὶ</span> <span class='ocrx_word' id='word_1_303' title='bbox 3485 1404 3783 1458; x_wconf 77' lang='grc' dir='ltr'>πέπονθεν</span> 
     </span>
    </p>
   </div>
   <div class='ocr_carea' id='block_1_44' title="bbox 2173 1496 3783 1572">
    <p class='ocr_par' dir='ltr' id='par_1_44' title="bbox 2173 1496 3783 1572">
     <span class='ocr_line' id='line_1_44' title="bbox 2173 1496 3783 1572; baseline -0.003 -20"><span class='ocrx_word' id='word_1_304' title='bbox 2173 1501 2271 1553; x_wconf 79' lang='grc' dir='ltr'><strong>οὐκ</strong></span> <span class='ocrx_word' id='word_1_305' title='bbox 2290 1503 2367 1564; x_wconf 84' lang='grc' dir='ltr'><strong>είς</strong></span> <span class='ocrx_word' id='word_1_306' title='bbox 2391 1499 2607 1572; x_wconf 78' lang='grc' dir='ltr'>μακρὰν</span> <span class='ocrx_word' id='word_1_307' title='bbox 2626 1498 2797 1552; x_wconf 79' lang='grc' dir='ltr'>ταῦτα</span> <span class='ocrx_word' id='word_1_308' title='bbox 2816 1515 2829 1527; x_wconf 90' lang='grc'><strong>·</strong></span> <span class='ocrx_word' id='word_1_309' title='bbox 2854 1500 3015 1569; x_wconf 80' lang='grc' dir='ltr'>ἡμεῖς</span> <span class='ocrx_word' id='word_1_310' title='bbox 3034 1498 3110 1558; x_wconf 86' lang='grc' dir='ltr'><strong>δὲ,</strong></span> <span class='ocrx_word' id='word_1_311' title='bbox 3140 1515 3204 1568; x_wconf 88' lang='grc' dir='ltr'><strong>με</strong></span> <span class='ocrx_word' id='word_1_312' title='bbox 3214 1515 3316 1568; x_wconf 93' lang='grc' dir='ltr'><strong>μνη</strong></span> <span class='ocrx_word' id='word_1_313' title='bbox 3326 1496 3473 1567; x_wconf 83' lang='grc' dir='ltr'>μένοι</span> <span class='ocrx_word' id='word_1_314' title='bbox 3496 1497 3609 1549; x_wconf 89' lang='grc' dir='ltr'><strong>τῶν</strong></span> <span class='ocrx_word' id='word_1_315' title='bbox 3633 1513 3783 1567; x_wconf 85' lang='grc' dir='ltr'>προ-</span> 
     </span>
    </p>
   </div>
   <div class='ocr_carea' id='block_1_45' title="bbox 2173 1589 3776 1664">
    <p class='ocr_par' dir='ltr' id='par_1_45' title="bbox 2173 1589 3776 1664">
     <span class='ocr_line' id='line_1_45' title="bbox 2173 1589 3776 1664; baseline -0.002 -18"><span class='ocrx_word' id='word_1_316' title='bbox 2173 1592 2512 1664; x_wconf 76' lang='grc' dir='ltr'>λελεγμένων</span> <span class='ocrx_word' id='word_1_317' title='bbox 2539 1594 2618 1656; x_wconf 86' lang='grc' dir='ltr'><strong>είς</strong></span> <span class='ocrx_word' id='word_1_318' title='bbox 2645 1593 2742 1663; x_wconf 79' lang='grc' dir='ltr'><strong>τὴν</strong></span> <span class='ocrx_word' id='word_1_319' title='bbox 2767 1590 2938 1663; x_wconf 81' lang='grc' dir='ltr'>ἀρχὴν</span> <span class='ocrx_word' id='word_1_320' title='bbox 2962 1590 3054 1644; x_wconf 80' lang='grc' dir='ltr'>τοῦ</span> <span class='ocrx_word' id='word_1_321' title='bbox 3085 1590 3299 1662; x_wconf 67' lang='grc' dir='ltr'>ψαλμοῦ</span> <span class='ocrx_word' id='word_1_322' title='bbox 3319 1630 3334 1653; x_wconf 91' lang='grc'><strong>,</strong></span> <span class='ocrx_word' id='word_1_323' title='bbox 3365 1590 3457 1643; x_wconf 77' lang='grc' dir='ltr'><strong>καὶ</strong></span> <span class='ocrx_word' id='word_1_324' title='bbox 3479 1589 3659 1643; x_wconf 79' lang='grc' dir='ltr'>ταῦτα</span> <span class='ocrx_word' id='word_1_325' title='bbox 3679 1591 3776 1652; x_wconf 73' lang='grc' dir='ltr'>εἰς</span> 
     </span>
    </p>
   </div>
   <div class='ocr_carea' id='block_1_46' title="bbox 2174 1682 3774 1757">
    <p class='ocr_par' dir='ltr' id='par_1_46' title="bbox 2174 1682 3774 1757">
     <span class='ocr_line' id='line_1_46' title="bbox 2174 1682 3774 1757; baseline -0.003 -16"><span class='ocrx_word' id='word_1_326' title='bbox 2174 1688 2269 1740; x_wconf 69' lang='grc' dir='ltr'>ἕνα</span> <span class='ocrx_word' id='word_1_327' title='bbox 2298 1686 2419 1741; x_wconf 84' lang='grc' dir='ltr'>τινὰ</span> <span class='ocrx_word' id='word_1_328' title='bbox 2451 1686 2561 1739; x_wconf 84' lang='grc' dir='ltr'><strong>τῶν</strong></span> <span class='ocrx_word' id='word_1_329' title='bbox 2588 1684 2792 1757; x_wconf 79' lang='grc' dir='ltr'>νοητῶν</span> <span class='ocrx_word' id='word_1_330' title='bbox 2824 1684 3037 1756; x_wconf 76' lang='grc' dir='ltr'>ἐχθρῶν</span> <span class='ocrx_word' id='word_1_331' title='bbox 3069 1684 3160 1736; x_wconf 85' lang='grc' dir='ltr'><strong>τὸν</strong></span> <span class='ocrx_word' id='word_1_332' title='bbox 3200 1684 3275 1747; x_wconf 85' lang='grc' dir='ltr'>ὡς</span> <span class='ocrx_word' id='word_1_333' title='bbox 3308 1686 3365 1736; x_wconf 79' lang='grc' dir='ltr'>ὲν</span> <span class='ocrx_word' id='word_1_334' title='bbox 3394 1684 3560 1754; x_wconf 80' lang='grc' dir='ltr'>κακίᾳ</span> <span class='ocrx_word' id='word_1_335' title='bbox 3593 1682 3774 1737; x_wconf 76' lang='grc' dir='ltr'>δυνα-</span> 
     </span>
    </p>
   </div>
   <div class='ocr_carea' id='block_1_47' title="bbox 2177 1775 3489 1853">
    <p class='ocr_par' dir='ltr' id='par_1_47' title="bbox 2177 1775 3489 1853">
     <span class='ocr_line' id='line_1_47' title="bbox 2177 1775 3489 1853; baseline -0.005 -20"><span class='ocrx_word' id='word_1_336' title='bbox 2177 1780 2441 1853; x_wconf 84' lang='grc' dir='ltr'>τώτερον,</span> <span class='ocrx_word' id='word_1_337' title='bbox 2470 1778 2668 1851; x_wconf 86' lang='grc' dir='ltr'>δηλαδὴ</span> <span class='ocrx_word' id='word_1_338' title='bbox 2697 1779 2789 1831; x_wconf 83' lang='grc' dir='ltr'><strong>τὸν</strong></span> <span class='ocrx_word' id='word_1_339' title='bbox 2812 1776 3055 1831; x_wconf 78' lang='grc' dir='ltr'>διάϐολον</span> <span class='ocrx_word' id='word_1_340' title='bbox 3077 1816 3092 1841; x_wconf 96' lang='grc'><strong>,</strong></span> <span class='ocrx_word' id='word_1_341' title='bbox 3123 1775 3489 1847; x_wconf 58' lang='grc' dir='ltr'>ὲκληιιόμεθα.</span> 
     </span>
    </p>
   </div>
   <div class='ocr_carea' id='block_1_48' title="bbox 2249 1866 3775 1942">
    <p class='ocr_par' dir='ltr' id='par_1_48' title="bbox 2249 1866 3775 1942">
     <span class='ocr_line' id='line_1_48' title="bbox 2249 1866 3775 1942; baseline -0.006 -13"><span class='ocrx_word' id='word_1_342' title='bbox 2249 1874 2454 1929; x_wconf 78' lang='grc' dir='ltr'>Πάντα</span> <span class='ocrx_word' id='word_1_343' title='bbox 2482 1872 2555 1927; x_wconf 75' lang='grc' dir='ltr'>τὰ</span> <span class='ocrx_word' id='word_1_344' title='bbox 2583 1872 2736 1927; x_wconf 83' lang='grc' dir='ltr'><em>ὀστᾶ</em></span> <span class='ocrx_word' id='word_1_345' title='bbox 2759 1890 2877 1942; x_wconf 87' lang='grc' dir='ltr'>μου</span> <span class='ocrx_word' id='word_1_346' title='bbox 2906 1872 3111 1940; x_wconf 83' lang='grc' dir='ltr'><strong>ἐροῦσι</strong></span> <span class='ocrx_word' id='word_1_347' title='bbox 3130 1887 3143 1901; x_wconf 68' lang='grc'><strong><em>⁸</em></strong></span> <span class='ocrx_word' id='word_1_348' title='bbox 3179 1872 3387 1937; x_wconf 76' lang='grc' dir='ltr'>Κύριε,</span> <span class='ocrx_word' id='word_1_349' title='bbox 3415 1868 3506 1933; x_wconf 85' lang='grc' dir='ltr'><strong>τίς</strong></span> <span class='ocrx_word' id='word_1_350' title='bbox 3551 1866 3775 1936; x_wconf 79' lang='grc' dir='ltr'>ὅμοιός</span> 
     </span>
    </p>
   </div>
   <div class='ocr_carea' id='block_1_49' title="bbox 2173 1950 3773 2035">
    <p class='ocr_par' dir='ltr' id='par_1_49' title="bbox 2173 1950 3773 2035">
     <span class='ocr_line' id='line_1_49' title="bbox 2173 1950 3773 2035; baseline -0.006 -16"><span class='ocrx_word' id='word_1_351' title='bbox 2173 1984 2309 2031; x_wconf 88' lang='grc' dir='ltr'>σοι;</span> <span class='ocrx_word' id='word_1_352' title='bbox 2371 1968 2690 2035; x_wconf 79' lang='grc' dir='ltr'>Ῥυόμενος</span> <span class='ocrx_word' id='word_1_353' title='bbox 2736 1962 2974 2032; x_wconf 84' lang='grc' dir='ltr'>πτωχὸν</span> <span class='ocrx_word' id='word_1_354' title='bbox 3013 1962 3081 2015; x_wconf 79' lang='grc' dir='ltr'>ἐκ</span> <span class='ocrx_word' id='word_1_355' title='bbox 3118 1950 3313 2029; x_wconf 80' lang='grc' dir='ltr'>χειρὸς</span> <span class='ocrx_word' id='word_1_356' title='bbox 3348 1958 3773 2026; x_wconf 79' lang='grc' dir='ltr'>στερεωτέρων</span> 
     </span>
    </p>
   </div>
   <div class='ocr_carea' id='block_1_50' title="bbox 2174 2050 3773 2125">
    <p class='ocr_par' dir='ltr' id='par_1_50' title="bbox 2174 2050 3773 2125">
     <span class='ocr_line' id='line_1_50' title="bbox 2174 2050 3773 2125; baseline -0.006 -13"><span class='ocrx_word' id='word_1_357' title='bbox 2174 2058 2361 2113; x_wconf 79' lang='grc' dir='ltr'>αὐτοῦ</span> <span class='ocrx_word' id='word_1_358' title='bbox 2381 2100 2395 2124; x_wconf 91' lang='grc'><strong>,</strong></span> <span class='ocrx_word' id='word_1_359' title='bbox 2446 2058 2541 2111; x_wconf 78' lang='grc' dir='ltr'><strong>καί</strong></span> <span class='ocrx_word' id='word_1_360' title='bbox 2573 2054 2812 2125; x_wconf 81' lang='grc' dir='ltr'>πτωχὸν</span> <span class='ocrx_word' id='word_1_361' title='bbox 2840 2055 2935 2109; x_wconf 78' lang='grc' dir='ltr'>καὶ</span> <span class='ocrx_word' id='word_1_362' title='bbox 2968 2052 3197 2121; x_wconf 77' lang='grc' dir='ltr'>πένητα</span> <span class='ocrx_word' id='word_1_363' title='bbox 3219 2053 3336 2108; x_wconf 79' lang='grc' dir='ltr'><strong>ἀπὸ</strong></span> <span class='ocrx_word' id='word_1_364' title='bbox 3364 2051 3478 2105; x_wconf 85' lang='grc' dir='ltr'><strong>τῶν</strong></span> <span class='ocrx_word' id='word_1_365' title='bbox 3500 2050 3773 2119; x_wconf 75' lang='grc' dir='ltr'>διαρπα-</span> 
     </span>
    </p>
   </div>
   <div class='ocr_carea' id='block_1_51' title="bbox 2174 2143 3773 2217">
    <p class='ocr_par' dir='ltr' id='par_1_51' title="bbox 2174 2143 3773 2217">
     <span class='ocr_line' id='line_1_51' title="bbox 2174 2143 3773 2217; baseline -0.005 -15"><span class='ocrx_word' id='word_1_366' title='bbox 2174 2149 2391 2211; x_wconf 81' lang='grc' dir='ltr'>ζόντων</span> <span class='ocrx_word' id='word_1_367' title='bbox 2425 2151 2629 2203; x_wconf 78' lang='grc' dir='ltr'>αὐτόν.</span> <span class='ocrx_word' id='word_1_368' title='bbox 2699 2149 2861 2201; x_wconf 85' lang='grc' dir='ltr'><strong>’οστᾶ</strong></span> <span class='ocrx_word' id='word_1_369' title='bbox 2908 2147 3083 2217; x_wconf 66' lang='grc' dir='ltr'>ψυχῆς</span> <span class='ocrx_word' id='word_1_370' title='bbox 3122 2148 3177 2199; x_wconf 87' lang='grc' dir='ltr'>αἱ</span> <span class='ocrx_word' id='word_1_371' title='bbox 3206 2143 3541 2215; x_wconf 71' lang='grc' dir='ltr'><strong>διανοητικιύ⁵</strong></span> <span class='ocrx_word' id='word_1_372' title='bbox 3578 2143 3773 2213; x_wconf 73' lang='grc' dir='ltr'>αὐτῆς</span> 
     </span>
    </p>
   </div>
   <div class='ocr_carea' id='block_1_52' title="bbox 2172 2229 3769 2314">
    <p class='ocr_par' dir='ltr' id='par_1_52' title="bbox 2172 2229 3769 2314">
     <span class='ocr_line' id='line_1_52' title="bbox 2172 2229 3769 2314; baseline -0.004 -18"><span class='ocrx_word' id='word_1_373' title='bbox 2172 2243 2426 2314; x_wconf 85' lang='grc' dir='ltr'>δυνάμεις</span> <span class='ocrx_word' id='word_1_374' title='bbox 2443 2243 2518 2304; x_wconf 82' lang='grc' dir='ltr'>ὼς</span> <span class='ocrx_word' id='word_1_375' title='bbox 2540 2240 2846 2312; x_wconf 79' lang='grc' dir='ltr'>ἔμπροσθεν</span> <span class='ocrx_word' id='word_1_376' title='bbox 2864 2238 3102 2311; x_wconf 77' lang='grc' dir='ltr'>εἴρηται·</span> <span class='ocrx_word' id='word_1_377' title='bbox 3129 2237 3489 2307; x_wconf 75' lang='grc' dir='ltr'>φωτιζόμεναι</span> <span class='ocrx_word' id='word_1_378' title='bbox 3510 2236 3568 2288; x_wconf 81' lang='grc' dir='ltr'>δὲ</span> <span class='ocrx_word' id='word_1_379' title='bbox 3588 2229 3769 2289; x_wconf 74' lang='grc' dir='ltr'>αὗται</span> 
     </span>
    </p>
   </div>
   <div class='ocr_carea' id='block_1_53' title="bbox 2174 2320 3770 2407">
    <p class='ocr_par' dir='ltr' id='par_1_53' title="bbox 2174 2320 3770 2407">
     <span class='ocr_line' id='line_1_53' title="bbox 2174 2320 3770 2407; baseline -0.008 -17"><span class='ocrx_word' id='word_1_380' title='bbox 2174 2339 2238 2390; x_wconf 83' lang='grc' dir='ltr'><strong>ὲκ</strong></span> <span class='ocrx_word' id='word_1_381' title='bbox 2264 2337 2364 2407; x_wconf 84' lang='grc' dir='ltr'>τῆς</span> <span class='ocrx_word' id='word_1_382' title='bbox 2385 2334 2548 2387; x_wconf 78' lang='grc' dir='ltr'>αὐτοῦ</span> <span class='ocrx_word' id='word_1_383' title='bbox 2572 2334 2891 2405; x_wconf 72' lang='grc' dir='ltr'>παρουσίας,</span> <span class='ocrx_word' id='word_1_384' title='bbox 2922 2332 3152 2403; x_wconf 78' lang='grc' dir='ltr'>φήσουσι</span> <span class='ocrx_word' id='word_1_385' title='bbox 3173 2348 3186 2361; x_wconf 83' lang='grc'><em>’</em></span> <span class='ocrx_word' id='word_1_386' title='bbox 3212 2332 3408 2398; x_wconf 79' lang='grc' dir='ltr'>Κύριε,</span> <span class='ocrx_word' id='word_1_387' title='bbox 3436 2330 3528 2395; x_wconf 83' lang='grc' dir='ltr'><strong>τίς</strong></span> <span class='ocrx_word' id='word_1_388' title='bbox 3551 2320 3770 2396; x_wconf 76' lang='grc' dir='ltr'>ὅμοιός</span> 
     </span>
    </p>
   </div>
   <div class='ocr_carea' id='block_1_54' title="bbox 2173 2420 3768 2497">
    <p class='ocr_par' dir='ltr' id='par_1_54' title="bbox 2173 2420 3768 2497">
     <span class='ocr_line' id='line_1_54' title="bbox 2173 2420 3768 2497; baseline -0.004 -15"><span class='ocrx_word' id='word_1_389' title='bbox 2173 2444 2304 2491; x_wconf 80' lang='grc' dir='ltr'>σοι;</span> <span class='ocrx_word' id='word_1_390' title='bbox 2330 2427 2393 2480; x_wconf 82' lang='lat' dir='ltr'><strong>Ei</strong></span> <span class='ocrx_word' id='word_1_391' title='bbox 2425 2426 2497 2497; x_wconf 82' lang='grc' dir='ltr'>μὴ</span> <span class='ocrx_word' id='word_1_392' title='bbox 2517 2426 2625 2497; x_wconf 82' lang='grc' dir='ltr'><strong>γὰρ</strong></span> <span class='ocrx_word' id='word_1_393' title='bbox 2648 2427 2711 2478; x_wconf 78' lang='grc' dir='ltr'><strong>σὺ</strong></span> <span class='ocrx_word' id='word_1_394' title='bbox 2736 2426 2914 2496; x_wconf 81' lang='grc' dir='ltr'>παρῇς</span> <span class='ocrx_word' id='word_1_395' title='bbox 2938 2423 3016 2494; x_wconf 85' lang='grc' dir='ltr'>τῷ</span> <span class='ocrx_word' id='word_1_396' title='bbox 3032 2423 3230 2493; x_wconf 84' lang='grc' dir='ltr'>πτωχῷ</span> <span class='ocrx_word' id='word_1_397' title='bbox 3247 2465 3261 2489; x_wconf 87' lang='grc'><strong>,</strong></span> <span class='ocrx_word' id='word_1_398' title='bbox 3289 2422 3383 2476; x_wconf 72' lang='grc' dir='ltr'><strong>καὶ</strong></span> <span class='ocrx_word' id='word_1_399' title='bbox 3409 2420 3768 2491; x_wconf 83' lang='grc' dir='ltr'>κατηξίωσας</span> 
     </span>
    </p>
   </div>
   <div class='ocr_carea' id='block_1_55' title="bbox 2173 2512 3763 2590">
    <p class='ocr_par' dir='ltr' id='par_1_55' title="bbox 2173 2512 3763 2590">
     <span class='ocr_line' id='line_1_55' title="bbox 2173 2512 3763 2590; baseline -0.006 -17"><span class='ocrx_word' id='word_1_400' title='bbox 2173 2520 2331 2573; x_wconf 81' lang='grc' dir='ltr'>αὑτὸν</span> <span class='ocrx_word' id='word_1_401' title='bbox 2356 2520 2453 2590; x_wconf 80' lang='grc' dir='ltr'><strong>τῆς</strong></span> <span class='ocrx_word' id='word_1_402' title='bbox 2476 2517 2627 2589; x_wconf 76' lang='grc' dir='ltr'>παρά</span> <span class='ocrx_word' id='word_1_403' title='bbox 2655 2516 2749 2570; x_wconf 78' lang='grc' dir='ltr'>σοῦ</span> <span class='ocrx_word' id='word_1_404' title='bbox 2774 2516 3050 2587; x_wconf 79' lang='grc' dir='ltr'>βοηθείας,</span> <span class='ocrx_word' id='word_1_405' title='bbox 3081 2515 3163 2578; x_wconf 83' lang='grc' dir='ltr'><strong>τίς</strong></span> <span class='ocrx_word' id='word_1_406' title='bbox 3188 2514 3252 2567; x_wconf 87' lang='grc' dir='ltr'>ἂν</span> <span class='ocrx_word' id='word_1_407' title='bbox 3274 2515 3367 2567; x_wconf 70' lang='grc' dir='ltr'><strong>καὶ</strong></span> <span class='ocrx_word' id='word_1_408' title='bbox 3396 2512 3555 2576; x_wconf 85' lang='grc' dir='ltr'>πόσος</span> <span class='ocrx_word' id='word_1_409' title='bbox 3588 2513 3763 2583; x_wconf 80' lang='grc' dir='ltr'>μόνος</span> 
     </span>
    </p>
   </div>
   <div class='ocr_carea' id='block_1_56' title="bbox 2173 2604 3764 2681">
    <p class='ocr_par' dir='ltr' id='par_1_56' title="bbox 2173 2604 3764 2681">
     <span class='ocr_line' id='line_1_56' title="bbox 2173 2604 3764 2681; baseline -0.004 -17"><span class='ocrx_word' id='word_1_410' title='bbox 2173 2611 2334 2675; x_wconf 69' lang='grc' dir='ltr'>αύτὸς</span> <span class='ocrx_word' id='word_1_411' title='bbox 2376 2610 2797 2681; x_wconf 77' lang='grc' dir='ltr'>συγκρινόμενος</span> <span class='ocrx_word' id='word_1_412' title='bbox 2836 2611 2947 2672; x_wconf 88' lang='grc' dir='ltr'>τοῖς</span> <span class='ocrx_word' id='word_1_413' title='bbox 2988 2606 3260 2670; x_wconf 76' lang='grc' dir='ltr'>τοσούτοις</span> <span class='ocrx_word' id='word_1_414' title='bbox 3292 2605 3384 2659; x_wconf 78' lang='grc' dir='ltr'>καὶ</span> <span class='ocrx_word' id='word_1_415' title='bbox 3416 2604 3764 2675; x_wconf 75' lang='grc' dir='ltr'>τηλικούτοις</span> 
     </span>
    </p>
   </div>
   <div class='ocr_carea' id='block_1_57' title="bbox 2173 2688 3762 2776">
    <p class='ocr_par' dir='ltr' id='par_1_57' title="bbox 2173 2688 3762 2776">
     <span class='ocr_line' id='line_1_57' title="bbox 2173 2688 3762 2776; baseline -0.006 -18"><span class='ocrx_word' id='word_1_416' title='bbox 2173 2704 2336 2759; x_wconf 76' lang='grc' dir='ltr'>αὐτοῦ</span> <span class='ocrx_word' id='word_1_417' title='bbox 2370 2703 2615 2776; x_wconf 84' lang='grc' dir='ltr'>ὲχθροῖς;</span> <span class='ocrx_word' id='word_1_418' title='bbox 2672 2704 2904 2772; x_wconf 76' lang='grc' dir='ltr'>Νοήσεις</span> <span class='ocrx_word' id='word_1_419' title='bbox 2935 2702 2991 2755; x_wconf 79' lang='grc' dir='ltr'>δὲ</span> <span class='ocrx_word' id='word_1_420' title='bbox 3028 2701 3122 2754; x_wconf 71' lang='grc' dir='ltr'>καὶ</span> <span class='ocrx_word' id='word_1_421' title='bbox 3160 2700 3267 2753; x_wconf 74' lang='grc' dir='ltr'>ἀπὸ</span> <span class='ocrx_word' id='word_1_422' title='bbox 3292 2688 3452 2768; x_wconf 68' lang='grc' dir='ltr'>ψιλῆς</span> <span class='ocrx_word' id='word_1_423' title='bbox 3480 2690 3579 2768; x_wconf 82' lang='grc' dir='ltr'>τῆς</span> <span class='ocrx_word' id='word_1_424' title='bbox 3608 2699 3762 2750; x_wconf 84' lang='grc' dir='ltr'>ίσ-το-</span> 
     </span>
    </p>
   </div>
   <div class='ocr_carea' id='block_1_58' title="bbox 2175 2787 3763 2867">
    <p class='ocr_par' dir='ltr' id='par_1_58' title="bbox 2175 2787 3763 2867">
     <span class='ocr_line' id='line_1_58' title="bbox 2175 2787 3763 2867; baseline -0.004 -19"><span class='ocrx_word' id='word_1_425' title='bbox 2175 2795 2295 2867; x_wconf 86' lang='grc' dir='ltr'>ρίας</span> <span class='ocrx_word' id='word_1_426' title='bbox 2326 2796 2415 2849; x_wconf 84' lang='grc' dir='ltr'><strong>τὺν</strong></span> <span class='ocrx_word' id='word_1_427' title='bbox 2441 2796 2596 2863; x_wconf 91' lang='grc' dir='ltr'>λόγον</span> <span class='ocrx_word' id='word_1_428' title='bbox 2615 2835 2629 2858; x_wconf 94' lang='grc'><strong>,</strong></span> <span class='ocrx_word' id='word_1_429' title='bbox 2658 2797 2713 2848; x_wconf 80' lang='grc' dir='ltr'><strong>ὲν</strong></span> <span class='ocrx_word' id='word_1_430' title='bbox 2747 2794 2822 2864; x_wconf 83' lang='grc' dir='ltr'>νῷ</span> <span class='ocrx_word' id='word_1_431' title='bbox 2847 2792 3025 2847; x_wconf 77' lang='grc' dir='ltr'>λαϐὼν</span> <span class='ocrx_word' id='word_1_432' title='bbox 3044 2834 3059 2858; x_wconf 87' lang='grc'><strong>,</strong></span> <span class='ocrx_word' id='word_1_433' title='bbox 3092 2793 3166 2856; x_wconf 86' lang='grc' dir='ltr'>ὼς</span> <span class='ocrx_word' id='word_1_434' title='bbox 3192 2792 3405 2861; x_wconf 85' lang='grc' dir='ltr'>φεύγων</span> <span class='ocrx_word' id='word_1_435' title='bbox 3430 2792 3457 2843; x_wconf 83' lang='grc' dir='ltr'>ὁ</span> <span class='ocrx_word' id='word_1_436' title='bbox 3483 2787 3651 2843; x_wconf 79' lang='grc' dir='ltr'>Δαυῗδ</span> <span class='ocrx_word' id='word_1_437' title='bbox 3678 2792 3763 2854; x_wconf 78' lang='grc' dir='ltr'>εἰς</span> 
     </span>
    </p>
   </div>
   <div class='ocr_carea' id='block_1_59' title="bbox 2170 2882 3761 2962">
    <p class='ocr_par' dir='ltr' id='par_1_59' title="bbox 2170 2882 3761 2962">
     <span class='ocr_line' id='line_1_59' title="bbox 2170 2882 3761 2962; baseline -0.006 -19"><span class='ocrx_word' id='word_1_438' title='bbox 2170 2890 2438 2962; x_wconf 79' lang='grc' dir='ltr'>τοσαύτην</span> <span class='ocrx_word' id='word_1_439' title='bbox 2482 2889 2679 2961; x_wconf 71' lang='grc' dir='ltr'>ἧλαυνε</span> <span class='ocrx_word' id='word_1_440' title='bbox 2730 2889 3001 2957; x_wconf 77' lang='grc' dir='ltr'>πτωχείαν</span> <span class='ocrx_word' id='word_1_441' title='bbox 3026 2928 3039 2951; x_wconf 95' lang='grc'><strong>,</strong></span> <span class='ocrx_word' id='word_1_442' title='bbox 3089 2886 3229 2939; x_wconf 78' lang='grc' dir='ltr'>ὥστε</span> <span class='ocrx_word' id='word_1_443' title='bbox 3284 2885 3461 2956; x_wconf 82' lang='grc' dir='ltr'>ἄρτων</span> <span class='ocrx_word' id='word_1_444' title='bbox 3510 2882 3605 2936; x_wconf 74' lang='grc' dir='ltr'>καὶ</span> <span class='ocrx_word' id='word_1_445' title='bbox 3653 2884 3761 2955; x_wconf 79' lang='grc' dir='ltr'>τῆς</span> 
     </span>
    </p>
   </div>
   <div class='ocr_carea' id='block_1_60' title="bbox 2170 2977 3755 3054">
    <p class='ocr_par' dir='ltr' id='par_1_60' title="bbox 2170 2977 3755 3054">
     <span class='ocr_line' id='line_1_60' title="bbox 2170 2977 3755 3054; baseline -0.003 -18"><span class='ocrx_word' id='word_1_446' title='bbox 2170 2983 2471 3052; x_wconf 83' lang='grc' dir='ltr'>ἀναγκαίας</span> <span class='ocrx_word' id='word_1_447' title='bbox 2501 2979 2709 3054; x_wconf 82' lang='grc' dir='ltr'>τροφῆς</span> <span class='ocrx_word' id='word_1_448' title='bbox 2740 2981 3027 3052; x_wconf 85' lang='grc' dir='ltr'>δεηθῆναι,</span> <span class='ocrx_word' id='word_1_449' title='bbox 3091 2983 3168 3045; x_wconf 82' lang='grc' dir='ltr'><strong>είς</strong></span> <span class='ocrx_word' id='word_1_450' title='bbox 3202 2981 3447 3051; x_wconf 79' lang='grc' dir='ltr'>ἀνάγκην</span> <span class='ocrx_word' id='word_1_451' title='bbox 3482 2995 3541 3031; x_wconf 88' lang='grc' dir='ltr'><strong>τε</strong></span> <span class='ocrx_word' id='word_1_452' title='bbox 3577 2977 3755 3031; x_wconf 55' lang='lat' dir='ltr'><strong>exesa</strong></span> 
     </span>
    </p>
   </div>
   <div class='ocr_carea' id='block_1_61' title="bbox 2170 3064 3760 3145">
    <p class='ocr_par' dir='ltr' id='par_1_61' title="bbox 2170 3064 3760 3145">
     <span class='ocr_line' id='line_1_61' title="bbox 2170 3064 3760 3145; baseline -0.003 -17"><span class='ocrx_word' id='word_1_453' title='bbox 2170 3072 2264 3128; x_wconf 81' lang='grc' dir='ltr'>τοῦ</span> <span class='ocrx_word' id='word_1_454' title='bbox 2288 3074 2556 3145; x_wconf 78' lang='grc' dir='ltr'>τολμῆσαι</span> <span class='ocrx_word' id='word_1_455' title='bbox 2584 3072 2692 3126; x_wconf 90' lang='grc' dir='ltr'><strong>τῶν</strong></span> <span class='ocrx_word' id='word_1_456' title='bbox 2720 3071 2898 3144; x_wconf 76' lang='grc' dir='ltr'>ἄρτων</span> <span class='ocrx_word' id='word_1_457' title='bbox 2928 3064 3026 3141; x_wconf 78' lang='grc' dir='ltr'>τῆς</span> <span class='ocrx_word' id='word_1_458' title='bbox 3061 3071 3368 3141; x_wconf 81' lang='grc' dir='ltr'>προθέσεως</span> <span class='ocrx_word' id='word_1_459' title='bbox 3406 3067 3760 3141; x_wconf 77' lang='grc' dir='ltr'>μεταλαϐεῖν.</span> 
     </span>
    </p>
   </div>
   <div class='ocr_carea' id='block_1_62' title="bbox 485 3160 2070 3249">
    <p class='ocr_par' dir='ltr' id='par_1_62' title="bbox 485 3163 2066 3235">
     <span class='ocr_line' id='line_1_62' title="bbox 485 3163 2066 3235; baseline 0.002 -18"><span class='ocrx_word' id='word_1_460' title='bbox 485 3168 590 3219; x_wconf 89' lang='lat' dir='ltr'><strong>rel.</strong></span> <span class='ocrx_word' id='word_1_461' title='bbox 623 3163 742 3218; x_wconf 89' lang='lat' dir='ltr'><strong>Non</strong></span> <span class='ocrx_word' id='word_1_462' title='bbox 763 3165 905 3219; x_wconf 90' lang='lat' dir='ltr'><strong>enim</strong></span> <span class='ocrx_word' id='word_1_463' title='bbox 933 3165 1256 3222; x_wconf 86' lang='lat' dir='ltr'><strong>deliciarum</strong></span> <span class='ocrx_word' id='word_1_464' title='bbox 1287 3181 1478 3231; x_wconf 89' lang='lat' dir='ltr'><strong>causa,</strong></span> <span class='ocrx_word' id='word_1_465' title='bbox 1508 3182 1615 3220; x_wconf 91' lang='lat' dir='ltr'><strong>non</strong></span> <span class='ocrx_word' id='word_1_466' title='bbox 1635 3167 1703 3222; x_wconf 92' lang='lat' dir='ltr'><strong>de</strong></span> <span class='ocrx_word' id='word_1_467' title='bbox 1727 3166 1945 3235; x_wconf 88' lang='lat' dir='ltr'><strong>justitia</strong></span> <span class='ocrx_word' id='word_1_468' title='bbox 1967 3182 2066 3221; x_wconf 89' lang='lat' dir='ltr'><strong>sua</strong></span> 
     </span>
    </p>
   </div>
   <div class='ocr_carea' id='block_1_63' title="bbox 2172 3160 3763 3249">
    <p class='ocr_par' dir='ltr' id='par_1_63' title="bbox 2172 3160 3763 3249">
     <span class='ocr_line' id='line_1_63' title="bbox 2172 3160 3763 3249; baseline -0.004 -27"><span class='ocrx_word' id='word_1_469' title='bbox 2172 3168 2247 3222; x_wconf 80' lang='grc' dir='ltr'><strong>Οὐ</strong></span> <span class='ocrx_word' id='word_1_470' title='bbox 2288 3167 2397 3240; x_wconf 85' lang='grc' dir='ltr'>γὰρ</span> <span class='ocrx_word' id='word_1_471' title='bbox 2427 3166 2645 3238; x_wconf 86' lang='grc' dir='ltr'>τρυφῶν</span> <span class='ocrx_word' id='word_1_472' title='bbox 2680 3166 2771 3219; x_wconf 78' lang='grc' dir='ltr'>ἐπὶ</span> <span class='ocrx_word' id='word_1_473' title='bbox 2802 3164 2943 3218; x_wconf 79' lang='grc' dir='ltr'>τοῦτ’</span> <span class='ocrx_word' id='word_1_474' title='bbox 2974 3165 3199 3237; x_wconf 79' lang='grc' dir='ltr'>ἤρχετο,</span> <span class='ocrx_word' id='word_1_475' title='bbox 3249 3164 3356 3217; x_wconf 76' lang='grc' dir='ltr'>οὐδ’</span> <span class='ocrx_word' id='word_1_476' title='bbox 3391 3160 3763 3249; x_wconf 76' lang='grc' dir='ltr'>ἐπαιρόμενος</span> 
     </span>
    </p>
   </div>
   <div class='ocr_carea' id='block_1_64' title="bbox 483 3256 2064 3328">
    <p class='ocr_par' dir='ltr' id='par_1_64' title="bbox 483 3256 2064 3328">
     <span class='ocr_line' id='line_1_64' title="bbox 483 3256 2064 3328; baseline 0.002 -19"><span class='ocrx_word' id='word_1_477' title='bbox 483 3256 685 3322; x_wconf 89' lang='lat' dir='ltr'><strong>elatus,</strong></span> <span class='ocrx_word' id='word_1_478' title='bbox 731 3272 839 3312; x_wconf 89' lang='lat' dir='ltr'><strong>non</strong></span> <span class='ocrx_word' id='word_1_479' title='bbox 869 3257 1133 3328; x_wconf 91' lang='lat' dir='ltr'><strong>despectu</strong></span> <span class='ocrx_word' id='word_1_480' title='bbox 1173 3260 1353 3328; x_wconf 89' lang='lat' dir='ltr'><strong>legum</strong></span> <span class='ocrx_word' id='word_1_481' title='bbox 1388 3259 1443 3312; x_wconf 88' lang='lat' dir='ltr'><strong>id</strong></span> <span class='ocrx_word' id='word_1_482' title='bbox 1496 3274 1789 3328; x_wconf 80' lang='lat' dir='ltr'><strong>aggressus</strong></span> <span class='ocrx_word' id='word_1_483' title='bbox 1816 3266 1934 3325; x_wconf 88' lang='lat' dir='ltr'><strong>est;</strong></span> <span class='ocrx_word' id='word_1_484' title='bbox 1971 3257 2064 3313; x_wconf 89' lang='lat' dir='ltr'><strong>sed</strong></span> 
     </span>
    </p>
   </div>
   <div class='ocr_carea' id='block_1_65' title="bbox 486 3350 2133 3429">
    <p class='ocr_par' dir='ltr' id='par_1_65' title="bbox 486 3350 2133 3429">
     <span class='ocr_line' id='line_1_65' title="bbox 486 3350 2133 3429; baseline 0.002 -27"><span class='ocrx_word' id='word_1_485' title='bbox 486 3360 552 3403; x_wconf 75' lang='lat' dir='ltr'><strong>ex</strong></span> <span class='ocrx_word' id='word_1_486' title='bbox 585 3362 782 3416; x_wconf 83' lang='lat' dir='ltr'><strong>magna</strong></span> <span class='ocrx_word' id='word_1_487' title='bbox 832 3350 1082 3404; x_wconf 81' lang='lat' dir='ltr'><strong>ciborum</strong></span> <span class='ocrx_word' id='word_1_488' title='bbox 1118 3351 1373 3421; x_wconf 87' lang='lat' dir='ltr'><strong>penuria.</strong></span> <span class='ocrx_word' id='word_1_489' title='bbox 1406 3351 1772 3417; x_wconf 85' lang='lat' dir='ltr'><strong>Quamobrem</strong></span> <span class='ocrx_word' id='word_1_490' title='bbox 1819 3351 2071 3406; x_wconf 83' lang='lat' dir='ltr'><strong>Salvator</strong></span> <span class='ocrx_word' id='word_1_491' title='bbox 2120 3420 2133 3429; x_wconf 31' lang='grc' dir='ltr'>ἦ</span> 
     </span>
    </p>
   </div>
   <div class='ocr_carea' id='block_1_66' title="bbox 484 3436 2129 3519">
    <p class='ocr_par' dir='ltr' id='par_1_66' title="bbox 484 3436 2129 3519">
     <span class='ocr_line' id='line_1_66' title="bbox 484 3436 2129 3519; baseline 0.002 -28"><span class='ocrx_word' id='word_1_492' title='bbox 484 3436 608 3491; x_wconf 84' lang='lat' dir='ltr'><strong>ait:</strong></span> <span class='ocrx_word' id='word_1_493' title='bbox 649 3438 770 3493; x_wconf 83' lang='lat' dir='ltr'><strong>Non</strong></span> <span class='ocrx_word' id='word_1_494' title='bbox 803 3440 1001 3511; x_wconf 77' lang='lat' dir='ltr'><strong>legistis</strong></span> <span class='ocrx_word' id='word_1_495' title='bbox 1053 3441 1181 3511; x_wconf 88' lang='lat' dir='ltr'><strong>quid</strong></span> <span class='ocrx_word' id='word_1_496' title='bbox 1214 3440 1395 3509; x_wconf 80' lang='lat' dir='ltr'><strong>fecerit</strong></span> <span class='ocrx_word' id='word_1_497' title='bbox 1448 3441 1642 3507; x_wconf 83' lang='lat' dir='ltr'><strong>David,</strong></span> <span class='ocrx_word' id='word_1_498' title='bbox 1697 3440 1909 3512; x_wconf 85' lang='lat' dir='ltr'><strong>quando</strong></span> <span class='ocrx_word' id='word_1_499' title='bbox 1942 3457 2064 3496; x_wconf 84' lang='lat' dir='ltr'><strong>esu-</strong></span> 
     </span>
    </p>
   </div>
   <div class='ocr_carea' id='block_1_67' title="bbox 485 3526 2104 3604">
    <p class='ocr_par' dir='ltr' id='par_1_67' title="bbox 485 3526 2104 3604">
     <span class='ocr_line' id='line_1_67' title="bbox 485 3526 2104 3604; baseline 0.004 -21"><span class='ocrx_word' id='word_1_500' title='bbox 485 3526 577 3585; x_wconf 85' lang='lat' dir='ltr'><strong>riit</strong></span> <span class='ocrx_word' id='word_1_501' title='bbox 611 3532 691 3586; x_wconf 66' lang='lat'><strong>“&#39;2</strong></span> <span class='ocrx_word' id='word_1_502' title='bbox 719 3533 839 3603; x_wconf 81' lang='lat' dir='ltr'><strong>ipse</strong></span> <span class='ocrx_word' id='word_1_503' title='bbox 874 3533 1096 3602; x_wconf 87' lang='lat' dir='ltr'><strong>quidem</strong></span> <span class='ocrx_word' id='word_1_504' title='bbox 1127 3550 1334 3604; x_wconf 89' lang='lat' dir='ltr'><strong>egenus</strong></span> <span class='ocrx_word' id='word_1_505' title='bbox 1372 3542 1491 3589; x_wconf 90' lang='lat' dir='ltr'><strong>erat</strong></span> <span class='ocrx_word' id='word_1_506' title='bbox 1547 3550 1670 3589; x_wconf 89' lang='lat' dir='ltr'><strong>eum</strong></span> <span class='ocrx_word' id='word_1_507' title='bbox 1722 3536 1915 3604; x_wconf 90' lang='lat' dir='ltr'><strong>paucis</strong></span> <span class='ocrx_word' id='word_1_508' title='bbox 1977 3534 2064 3589; x_wconf 90' lang='lat' dir='ltr'><strong>fu-</strong></span> <span class='ocrx_word' id='word_1_509' title='bbox 2086 3565 2104 3579; x_wconf 66' lang='grc' dir='ltr'><strong>ς</strong></span> 
     </span>
    </p>
   </div>
   <div class='ocr_carea' id='block_1_68' title="bbox 486 3626 2069 3703">
    <p class='ocr_par' dir='ltr' id='par_1_68' title="bbox 486 3626 2069 3703">
     <span class='ocr_line' id='line_1_68' title="bbox 486 3626 2069 3703; baseline 0.004 -24"><span class='ocrx_word' id='word_1_510' title='bbox 486 3626 642 3694; x_wconf 85' lang='lat' dir='ltr'><strong>giens</strong></span> <span class='ocrx_word' id='word_1_511' title='bbox 682 3640 695 3681; x_wconf 86' lang='lat'><strong>:</strong></span> <span class='ocrx_word' id='word_1_512' title='bbox 730 3628 822 3698; x_wconf 92' lang='lat' dir='ltr'><strong>qui</strong></span> <span class='ocrx_word' id='word_1_513' title='bbox 850 3644 979 3683; x_wconf 82' lang='lat' dir='ltr'><strong>vero</strong></span> <span class='ocrx_word' id='word_1_514' title='bbox 1012 3629 1447 3699; x_wconf 84' lang='lat' dir='ltr'><strong>insequebantur</strong></span> <span class='ocrx_word' id='word_1_515' title='bbox 1477 3644 1600 3683; x_wconf 91' lang='lat' dir='ltr'><strong>eum</strong></span> <span class='ocrx_word' id='word_1_516' title='bbox 1641 3630 1941 3700; x_wconf 77' lang='lat' dir='ltr'><strong>praevalidi.</strong></span> <span class='ocrx_word' id='word_1_517' title='bbox 1986 3630 2069 3703; x_wconf 86' lang='lat' dir='ltr'><strong>ip-</strong></span> 
     </span>
    </p>
   </div>
   <div class='ocr_carea' id='block_1_69' title="bbox 486 3715 2063 3791">
    <p class='ocr_par' dir='ltr' id='par_1_69' title="bbox 486 3715 2063 3791">
     <span class='ocr_line' id='line_1_69' title="bbox 486 3715 2063 3791; baseline 0.003 -20"><span class='ocrx_word' id='word_1_518' title='bbox 486 3731 654 3787; x_wconf 78' lang='lat' dir='ltr'><strong>seque</strong></span> <span class='ocrx_word' id='word_1_519' title='bbox 687 3715 819 3772; x_wconf 87' lang='lat' dir='ltr'><strong>Saul</strong></span> <span class='ocrx_word' id='word_1_520' title='bbox 851 3727 970 3772; x_wconf 91' lang='lat' dir='ltr'><strong>erat</strong></span> <span class='ocrx_word' id='word_1_521' title='bbox 1027 3733 1119 3775; x_wconf 80' lang='lat' dir='ltr'><strong>rex</strong></span> <span class='ocrx_word' id='word_1_522' title='bbox 1179 3720 1344 3773; x_wconf 86' lang='lat' dir='ltr'><strong>totius</strong></span> <span class='ocrx_word' id='word_1_523' title='bbox 1395 3719 1595 3790; x_wconf 87' lang='lat' dir='ltr'><strong>gentis,</strong></span> <span class='ocrx_word' id='word_1_524' title='bbox 1651 3734 1714 3774; x_wconf 87' lang='lat' dir='ltr'><strong>ac</strong></span> <span class='ocrx_word' id='word_1_525' title='bbox 1763 3715 2063 3791; x_wconf 86' lang='lat' dir='ltr'><strong>principes,</strong></span> 
     </span>
    </p>
   </div>
   <div class='ocr_carea' id='block_1_70' title="bbox 484 3804 2068 3883">
    <p class='ocr_par' dir='ltr' id='par_1_70' title="bbox 484 3804 2068 3883">
     <span class='ocr_line' id='line_1_70' title="bbox 484 3804 2068 3883; baseline 0.005 -21"><span class='ocrx_word' id='word_1_526' title='bbox 484 3804 604 3877; x_wconf 81' lang='lat' dir='ltr'><strong>ejus</strong></span> <span class='ocrx_word' id='word_1_527' title='bbox 636 3812 868 3868; x_wconf 89' lang='lat' dir='ltr'><strong>comites</strong></span> <span class='ocrx_word' id='word_1_528' title='bbox 897 3830 909 3865; x_wconf 86' lang='lat'><strong>:</strong></span> <span class='ocrx_word' id='word_1_529' title='bbox 939 3827 1153 3867; x_wconf 89' lang='lat' dir='ltr'><strong>necnon</strong></span> <span class='ocrx_word' id='word_1_530' title='bbox 1182 3813 1612 3883; x_wconf 87' lang='lat' dir='ltr'><strong>alienigenarum</strong></span> <span class='ocrx_word' id='word_1_531' title='bbox 1638 3814 1870 3869; x_wconf 87' lang='lat' dir='ltr'><strong>militum</strong></span> <span class='ocrx_word' id='word_1_532' title='bbox 1896 3814 2068 3871; x_wconf 88' lang='lat' dir='ltr'><strong>duces</strong></span> 
     </span>
    </p>
   </div>
   <div class='ocr_carea' id='block_1_71' title="bbox 484 3899 2065 3978">
    <p class='ocr_par' dir='ltr' id='par_1_71' title="bbox 484 3899 2065 3978">
     <span class='ocr_line' id='line_1_71' title="bbox 484 3899 2065 3978; baseline 0.005 -25"><span class='ocrx_word' id='word_1_533' title='bbox 484 3899 692 3957; x_wconf 84' lang='lat' dir='ltr'><strong>Davide</strong></span> <span class='ocrx_word' id='word_1_534' title='bbox 722 3904 1083 3973; x_wconf 83' lang='lat' dir='ltr'><strong>potentiores,</strong></span> <span class='ocrx_word' id='word_1_535' title='bbox 1118 3920 1355 3975; x_wconf 90' lang='lat' dir='ltr'><strong>quorum</strong></span> <span class='ocrx_word' id='word_1_536' title='bbox 1401 3922 1601 3963; x_wconf 86' lang='lat' dir='ltr'><strong>manus</strong></span> <span class='ocrx_word' id='word_1_537' title='bbox 1630 3922 1755 3962; x_wconf 90' lang='lat' dir='ltr'><strong>cum</strong></span> <span class='ocrx_word' id='word_1_538' title='bbox 1782 3906 2065 3978; x_wconf 72' lang='lat' dir='ltr'><strong>effugeret,</strong></span> 
     </span>
    </p>
   </div>
   <div class='ocr_carea' id='block_1_72' title="bbox 482 3988 2069 4065">
    <p class='ocr_par' dir='ltr' id='par_1_72' title="bbox 482 3988 2069 4065">
     <span class='ocr_line' id='line_1_72' title="bbox 482 3988 2069 4065; baseline 0.005 -21"><span class='ocrx_word' id='word_1_539' title='bbox 482 4006 591 4045; x_wconf 87' lang='lat' dir='ltr'><strong>non</strong></span> <span class='ocrx_word' id='word_1_540' title='bbox 626 3990 913 4063; x_wconf 86' lang='lat' dir='ltr'><strong>ignorabat</strong></span> <span class='ocrx_word' id='word_1_541' title='bbox 943 3996 1068 4065; x_wconf 90' lang='lat' dir='ltr'><strong>quis</strong></span> <span class='ocrx_word' id='word_1_542' title='bbox 1119 3997 1225 4051; x_wconf 88' lang='lat' dir='ltr'><strong>sibi</strong></span> <span class='ocrx_word' id='word_1_543' title='bbox 1282 3998 1576 4051; x_wconf 83' lang='lat' dir='ltr'><strong>auxiliator</strong></span> <span class='ocrx_word' id='word_1_544' title='bbox 1623 4007 1789 4056; x_wconf 89' lang='lat' dir='ltr'><strong>esset.</strong></span> <span class='ocrx_word' id='word_1_545' title='bbox 1840 3988 1907 4053; x_wconf 84' lang='lat' dir='ltr'><strong>Et</strong></span> <span class='ocrx_word' id='word_1_546' title='bbox 1954 4000 2069 4053; x_wconf 83' lang='lat' dir='ltr'><strong>haec</strong></span> 
     </span>
    </p>
   </div>
   <div class='ocr_carea' id='block_1_73' title="bbox 483 4080 2068 4155">
    <p class='ocr_par' dir='ltr' id='par_1_73' title="bbox 483 4080 2068 4155">
     <span class='ocr_line' id='line_1_73' title="bbox 483 4080 2068 4155; baseline 0.004 -18"><span class='ocrx_word' id='word_1_547' title='bbox 483 4085 707 4154; x_wconf 76' lang='lat' dir='ltr'><strong>quidem</strong></span> <span class='ocrx_word' id='word_1_548' title='bbox 746 4082 814 4140; x_wconf 92' lang='lat' dir='ltr'><strong>de</strong></span> <span class='ocrx_word' id='word_1_549' title='bbox 852 4081 1086 4142; x_wconf 88' lang='lat' dir='ltr'><strong>historia</strong></span> <span class='ocrx_word' id='word_1_550' title='bbox 1134 4089 1283 4143; x_wconf 87' lang='lat' dir='ltr'><strong>dicta</strong></span> <span class='ocrx_word' id='word_1_551' title='bbox 1340 4090 1472 4143; x_wconf 82' lang='lat' dir='ltr'><strong>sint.</strong></span> <span class='ocrx_word' id='word_1_552' title='bbox 1517 4088 1672 4155; x_wconf 84' lang='lat' dir='ltr'><strong>Quod</strong></span> <span class='ocrx_word' id='word_1_553' title='bbox 1734 4080 1782 4145; x_wconf 83' lang='lat' dir='ltr'><strong>si</strong></span> <span class='ocrx_word' id='word_1_554' title='bbox 1819 4090 2068 4145; x_wconf 81' lang='lat' dir='ltr'><strong>occultos</strong></span> 
     </span>
    </p>
   </div>
   <div class='ocr_carea' id='block_1_74' title="bbox 484 4178 2066 4254">
    <p class='ocr_par' dir='ltr' id='par_1_74' title="bbox 484 4178 2066 4254">
     <span class='ocr_line' id='line_1_74' title="bbox 484 4178 2066 4254; baseline 0.005 -23"><span class='ocrx_word' id='word_1_555' title='bbox 484 4183 651 4247; x_wconf 82' lang='lat' dir='ltr'><strong>atque</strong></span> <span class='ocrx_word' id='word_1_556' title='bbox 678 4178 986 4234; x_wconf 82' lang='lat' dir='ltr'><strong>invisibiles</strong></span> <span class='ocrx_word' id='word_1_557' title='bbox 1020 4181 1218 4237; x_wconf 75' lang='lat' dir='ltr'><strong>anima:</strong></span> <span class='ocrx_word' id='word_1_558' title='bbox 1265 4182 1400 4252; x_wconf 89' lang='lat' dir='ltr'><strong>justi</strong></span> <span class='ocrx_word' id='word_1_559' title='bbox 1457 4182 1711 4238; x_wconf 89' lang='lat' dir='ltr'><strong>inimicos</strong></span> <span class='ocrx_word' id='word_1_560' title='bbox 1758 4184 2066 4254; x_wconf 84' lang='lat' dir='ltr'><strong>intelligas;</strong></span> 
     </span>
    </p>
   </div>
   <div class='ocr_carea' id='block_1_75' title="bbox 485 4268 2068 4339">
    <p class='ocr_par' dir='ltr' id='par_1_75' title="bbox 485 4268 2068 4339">
     <span class='ocr_line' id='line_1_75' title="bbox 485 4268 2068 4339; baseline 0.008 -17"><span class='ocrx_word' id='word_1_561' title='bbox 485 4284 620 4325; x_wconf 89' lang='lat' dir='ltr'><strong>sane</strong></span> <span class='ocrx_word' id='word_1_562' title='bbox 652 4268 1079 4339; x_wconf 80' lang='lat' dir='ltr'><strong>animadvertes,</strong></span> <span class='ocrx_word' id='word_1_563' title='bbox 1113 4289 1215 4330; x_wconf 73' lang='lat' dir='ltr'><strong>nos</strong></span> <span class='ocrx_word' id='word_1_564' title='bbox 1264 4275 1317 4329; x_wconf 91' lang='lat' dir='ltr'><strong>in</strong></span> <span class='ocrx_word' id='word_1_565' title='bbox 1356 4276 1474 4331; x_wconf 88' lang='lat' dir='ltr'><strong>acie</strong></span> <span class='ocrx_word' id='word_1_566' title='bbox 1508 4277 1771 4332; x_wconf 87' lang='lat' dir='ltr'><strong>adversus</strong></span> <span class='ocrx_word' id='word_1_567' title='bbox 1815 4278 2068 4335; x_wconf 85' lang='lat' dir='ltr'><strong>inimicos</strong></span> 
     </span>
    </p>
   </div>
   <div class='ocr_carea' id='block_1_76' title="bbox 484 4364 2068 4440">
    <p class='ocr_par' dir='ltr' id='par_1_76' title="bbox 484 4364 2068 4440">
     <span class='ocr_line' id='line_1_76' title="bbox 484 4364 2068 4440; baseline 0.008 -24"><span class='ocrx_word' id='word_1_568' title='bbox 484 4364 643 4427; x_wconf 87' lang='lat' dir='ltr'><strong>istos,</strong></span> <span class='ocrx_word' id='word_1_569' title='bbox 680 4364 774 4435; x_wconf 89' lang='lat' dir='ltr'><strong>qui</strong></span> <span class='ocrx_word' id='word_1_570' title='bbox 799 4367 1037 4422; x_wconf 91' lang='lat' dir='ltr'><strong>animam</strong></span> <span class='ocrx_word' id='word_1_571' title='bbox 1073 4384 1289 4439; x_wconf 79' lang='lat' dir='ltr'><strong>semper</strong></span> <span class='ocrx_word' id='word_1_572' title='bbox 1315 4378 1567 4426; x_wconf 89' lang='lat' dir='ltr'><strong>nostram</strong></span> <span class='ocrx_word' id='word_1_573' title='bbox 1597 4370 1913 4440; x_wconf 67' lang='lat' dir='ltr'><strong>depraadare</strong></span> <span class='ocrx_word' id='word_1_574' title='bbox 1952 4378 2068 4428; x_wconf 86' lang='lat' dir='ltr'><strong>ten-</strong></span> 
     </span>
    </p>
   </div>
   <div class='ocr_carea' id='block_1_77' title="bbox 485 4460 2066 4535">
    <p class='ocr_par' dir='ltr' id='par_1_77' title="bbox 485 4460 2066 4535">
     <span class='ocr_line' id='line_1_77' title="bbox 485 4460 2066 4535; baseline 0.007 -26"><span class='ocrx_word' id='word_1_575' title='bbox 485 4465 624 4522; x_wconf 86' lang='lat' dir='ltr'><strong>tant,</strong></span> <span class='ocrx_word' id='word_1_576' title='bbox 675 4460 825 4515; x_wconf 90' lang='lat' dir='ltr'><strong>nullo</strong></span> <span class='ocrx_word' id='word_1_577' title='bbox 872 4460 980 4517; x_wconf 87' lang='lat' dir='ltr'><strong>alio</strong></span> <span class='ocrx_word' id='word_1_578' title='bbox 1035 4463 1285 4534; x_wconf 89' lang='lat' dir='ltr'><strong>adjutore</strong></span> <span class='ocrx_word' id='word_1_579' title='bbox 1317 4479 1382 4519; x_wconf 92' lang='lat' dir='ltr'><strong>ac</strong></span> <span class='ocrx_word' id='word_1_580' title='bbox 1417 4471 1697 4520; x_wconf 82' lang='lat' dir='ltr'><strong>servatore</strong></span> <span class='ocrx_word' id='word_1_581' title='bbox 1748 4480 1906 4535; x_wconf 87' lang='lat' dir='ltr'><strong>egere</strong></span> <span class='ocrx_word' id='word_1_582' title='bbox 1960 4467 2066 4521; x_wconf 89' lang='lat' dir='ltr'><strong>nisi</strong></span> 
     </span>
    </p>
   </div>
   <div class='ocr_carea' id='block_1_78' title="bbox 484 4550 2060 4618">
    <p class='ocr_par' dir='ltr' id='par_1_78' title="bbox 484 4550 2060 4618">
     <span class='ocr_line' id='line_1_78' title="bbox 484 4550 2060 4618; baseline 0.007 -15"><span class='ocrx_word' id='word_1_583' title='bbox 484 4551 606 4618; x_wconf 87' lang='lat' dir='ltr'><strong>ipso</strong></span> <span class='ocrx_word' id='word_1_584' title='bbox 631 4550 872 4609; x_wconf 86' lang='lat' dir='ltr'><strong>Christo.</strong></span> <span class='ocrx_word' id='word_1_585' title='bbox 901 4551 1156 4610; x_wconf 83' lang='lat' dir='ltr'><strong>Animum</strong></span> <span class='ocrx_word' id='word_1_586' title='bbox 1191 4573 1321 4613; x_wconf 86' lang='lat' dir='ltr'><strong>vero</strong></span> <span class='ocrx_word' id='word_1_587' title='bbox 1354 4558 1614 4613; x_wconf 90' lang='lat' dir='ltr'><strong>intendas</strong></span> <span class='ocrx_word' id='word_1_588' title='bbox 1645 4574 1776 4612; x_wconf 91' lang='lat' dir='ltr'><strong>num</strong></span> <span class='ocrx_word' id='word_1_589' title='bbox 1816 4560 1955 4615; x_wconf 90' lang='lat' dir='ltr'><strong>alius</strong></span> <span class='ocrx_word' id='word_1_590' title='bbox 1987 4561 2060 4614; x_wconf 89' lang='lat' dir='ltr'><strong>sit</strong></span> 
     </span>
    </p>
   </div>
   <div class='ocr_carea' id='block_1_79' title="bbox 481 4651 2061 4723">
    <p class='ocr_par' dir='ltr' id='par_1_79' title="bbox 481 4651 2061 4723">
     <span class='ocr_line' id='line_1_79' title="bbox 481 4651 2061 4723; baseline 0.008 -26"><span class='ocrx_word' id='word_1_591' title='bbox 481 4660 688 4715; x_wconf 72' lang='lat' dir='ltr'><strong>egenus</strong></span> <span class='ocrx_word' id='word_1_592' title='bbox 724 4662 753 4700; x_wconf 91' lang='lat' dir='ltr'><strong>a</strong></span> <span class='ocrx_word' id='word_1_593' title='bbox 784 4662 1046 4720; x_wconf 88' lang='lat' dir='ltr'><strong>paupere,</strong></span> <span class='ocrx_word' id='word_1_594' title='bbox 1095 4666 1158 4705; x_wconf 87' lang='lat' dir='ltr'><strong>ac</strong></span> <span class='ocrx_word' id='word_1_595' title='bbox 1200 4658 1384 4705; x_wconf 90' lang='lat' dir='ltr'><strong>utrum</strong></span> <span class='ocrx_word' id='word_1_596' title='bbox 1418 4668 1476 4707; x_wconf 92' lang='lat' dir='ltr'><strong>re</strong></span> <span class='ocrx_word' id='word_1_597' title='bbox 1506 4654 1625 4723; x_wconf 88' lang='lat' dir='ltr'><strong>ipsa</strong></span> <span class='ocrx_word' id='word_1_598' title='bbox 1660 4651 1934 4717; x_wconf 78' lang='lat' dir='ltr'><strong>dili‘erant,</strong></span> <span class='ocrx_word' id='word_1_599' title='bbox 1967 4664 2061 4709; x_wconf 90' lang='lat' dir='ltr'><strong>aut</strong></span> 
     </span>
    </p>
   </div>
   <div class='ocr_carea' id='block_1_80' title="bbox 484 4738 2062 4814">
    <p class='ocr_par' dir='ltr' id='par_1_80' title="bbox 484 4738 2062 4814">
     <span class='ocr_line' id='line_1_80' title="bbox 484 4738 2062 4814; baseline 0.006 -25"><span class='ocrx_word' id='word_1_600' title='bbox 484 4738 662 4792; x_wconf 77' lang='lat' dir='ltr'><strong>solum</strong></span> <span class='ocrx_word' id='word_1_601' title='bbox 693 4739 969 4811; x_wconf 82' lang='lat' dir='ltr'><strong>cogitandi</strong></span> <span class='ocrx_word' id='word_1_602' title='bbox 1005 4742 1171 4797; x_wconf 89' lang='lat' dir='ltr'><strong>modo</strong></span> <span class='ocrx_word' id='word_1_603' title='bbox 1226 4761 1239 4798; x_wconf 90' lang='lat'><strong>:</strong></span> <span class='ocrx_word' id='word_1_604' title='bbox 1288 4745 1417 4813; x_wconf 90' lang='lat' dir='ltr'><strong>quia</strong></span> <span class='ocrx_word' id='word_1_605' title='bbox 1450 4744 1567 4800; x_wconf 86' lang='lat' dir='ltr'><strong>fieri</strong></span> <span class='ocrx_word' id='word_1_606' title='bbox 1612 4755 1792 4814; x_wconf 92' lang='lat' dir='ltr'><strong>potest</strong></span> <span class='ocrx_word' id='word_1_607' title='bbox 1824 4754 1882 4799; x_wconf 94' lang='lat' dir='ltr'><strong>ut</strong></span> <span class='ocrx_word' id='word_1_608' title='bbox 1918 4745 2062 4801; x_wconf 87' lang='lat' dir='ltr'><strong>idem</strong></span> 
     </span>
    </p>
   </div>
   <div class='ocr_carea' id='block_1_81' title="bbox 483 4828 2053 4910">
    <p class='ocr_par' dir='ltr' id='par_1_81' title="bbox 483 4828 2053 4910">
     <span class='ocr_line' id='line_1_81' title="bbox 483 4828 2053 4910; baseline 0.008 -29"><span class='ocrx_word' id='word_1_609' title='bbox 483 4828 555 4881; x_wconf 82' lang='lat' dir='ltr'><strong>sit</strong></span> <span class='ocrx_word' id='word_1_610' title='bbox 581 4842 783 4897; x_wconf 81' lang='lat' dir='ltr'><strong>egenus</strong></span> <span class='ocrx_word' id='word_1_611' title='bbox 832 4840 887 4887; x_wconf 91' lang='lat' dir='ltr'><strong>et</strong></span> <span class='ocrx_word' id='word_1_612' title='bbox 929 4833 1272 4898; x_wconf 87' lang='lat' dir='ltr'><strong>mendicans,</strong></span> <span class='ocrx_word' id='word_1_613' title='bbox 1308 4837 1451 4904; x_wconf 86' lang='lat' dir='ltr'><strong>quod</strong></span> <span class='ocrx_word' id='word_1_614' title='bbox 1483 4851 1513 4889; x_wconf 90' lang='lat' dir='ltr'><strong>a</strong></span> <span class='ocrx_word' id='word_1_615' title='bbox 1545 4837 1749 4893; x_wconf 79' lang='lat' dir='ltr'><strong>divitiis</strong></span> <span class='ocrx_word' id='word_1_616' title='bbox 1774 4854 1912 4909; x_wconf 89' lang='lat' dir='ltr'><strong>quas</strong></span> <span class='ocrx_word' id='word_1_617' title='bbox 1944 4840 2053 4910; x_wconf 66' lang='lat' dir='ltr'><strong>prio</strong></span> 
     </span>
    </p>
   </div>
   <div class='ocr_carea' id='block_1_82' title="bbox 481 4921 2062 5003">
    <p class='ocr_par' dir='ltr' id='par_1_82' title="bbox 481 4921 2062 5003">
     <span class='ocr_line' id='line_1_82' title="bbox 481 4921 2062 5003; baseline 0.009 -30"><span class='ocrx_word' id='word_1_618' title='bbox 481 4922 604 4974; x_wconf 87' lang='lat' dir='ltr'><strong>dem</strong></span> <span class='ocrx_word' id='word_1_619' title='bbox 643 4921 908 4979; x_wconf 81' lang='lat' dir='ltr'><strong>habuerat</strong></span> <span class='ocrx_word' id='word_1_620' title='bbox 946 4922 1245 4995; x_wconf 77' lang='lat' dir='ltr'><strong>exciderit;</strong></span> <span class='ocrx_word' id='word_1_621' title='bbox 1305 4936 1469 4998; x_wconf 81' lang='lat' dir='ltr'><strong>atque</strong></span> <span class='ocrx_word' id='word_1_622' title='bbox 1516 4945 1622 4984; x_wconf 91' lang='lat' dir='ltr'><strong>una</strong></span> <span class='ocrx_word' id='word_1_623' title='bbox 1652 4948 1879 5002; x_wconf 88' lang='lat' dir='ltr'><strong>pauper,</strong></span> <span class='ocrx_word' id='word_1_624' title='bbox 1916 4932 2062 5003; x_wconf 88' lang='lat' dir='ltr'><strong>quod</strong></span> 
     </span>
    </p>
   </div>
   <div class='ocr_carea' id='block_1_83' title="bbox 482 5012 1239 5087">
    <p class='ocr_par' dir='ltr' id='par_1_83' title="bbox 482 5012 1239 5087">
     <span class='ocr_line' id='line_1_83' title="bbox 482 5012 1239 5087; baseline 0.012 -23"><span class='ocrx_word' id='word_1_625' title='bbox 482 5012 670 5067; x_wconf 84' lang='lat' dir='ltr'><strong>labore</strong></span> <span class='ocrx_word' id='word_1_626' title='bbox 700 5014 900 5069; x_wconf 81' lang='lat' dir='ltr'><strong>victum</strong></span> <span class='ocrx_word' id='word_1_627' title='bbox 931 5017 1034 5070; x_wconf 88' lang='lat' dir='ltr'><strong>sibi</strong></span> <span class='ocrx_word' id='word_1_628' title='bbox 1066 5029 1239 5087; x_wconf 89' lang='lat' dir='ltr'><strong>paret.</strong></span> 
     </span>
    </p>
   </div>
   <div class='ocr_carea' id='block_1_84' title="bbox 552 5101 2063 5186">
    <p class='ocr_par' dir='ltr' id='par_1_84' title="bbox 552 5101 2063 5186">
     <span class='ocr_line' id='line_1_84' title="bbox 552 5101 2063 5186; baseline 0.01 -30"><span class='ocrx_word' id='word_1_629' title='bbox 552 5101 718 5159; x_wconf 75' lang='lat' dir='ltr'><strong>Vens.</strong></span> <span class='ocrx_word' id='word_1_630' title='bbox 754 5105 840 5159; x_wconf 75' lang='lat' dir='ltr'><strong>il.</strong></span> <span class='ocrx_word' id='word_1_631' title='bbox 868 5104 1155 5176; x_wconf 86' lang='lat' dir='ltr'><strong>Surgentes</strong></span> <span class='ocrx_word' id='word_1_632' title='bbox 1213 5119 1365 5165; x_wconf 83' lang='lat' dir='ltr'><strong>testes</strong></span> <span class='ocrx_word' id='word_1_633' title='bbox 1405 5112 1574 5183; x_wconf 84' lang='lat' dir='ltr'><strong>iniqui</strong></span> <span class='ocrx_word' id='word_1_634' title='bbox 1599 5131 1716 5185; x_wconf 77' lang='lat' dir='ltr'><strong>qua:</strong></span> <span class='ocrx_word' id='word_1_635' title='bbox 1753 5115 2063 5186; x_wconf 81' lang='lat' dir='ltr'><strong>ignorabam</strong></span> 
     </span>
    </p>
   </div>
   <div class='ocr_carea' id='block_1_85' title="bbox 481 5197 2063 5280">
    <p class='ocr_par' dir='ltr' id='par_1_85' title="bbox 481 5197 2063 5280">
     <span class='ocr_line' id='line_1_85' title="bbox 481 5197 2063 5280; baseline 0.009 -31"><span class='ocrx_word' id='word_1_636' title='bbox 481 5197 877 5267; x_wconf 83' lang='lat' dir='ltr'><strong>interrogabant</strong></span> <span class='ocrx_word' id='word_1_637' title='bbox 915 5217 1016 5254; x_wconf 86' lang='lat' dir='ltr'><strong>me.</strong></span> <span class='ocrx_word' id='word_1_638' title='bbox 1046 5200 1148 5267; x_wconf 89' lang='lat' dir='ltr'><strong>Qui</strong></span> <span class='ocrx_word' id='word_1_639' title='bbox 1181 5219 1287 5258; x_wconf 91' lang='lat' dir='ltr'><strong>non</strong></span> <span class='ocrx_word' id='word_1_640' title='bbox 1318 5204 1567 5274; x_wconf 67' lang='lat' dir='ltr'><strong>justitiaz,</strong></span> <span class='ocrx_word' id='word_1_641' title='bbox 1627 5207 1723 5263; x_wconf 86' lang='lat' dir='ltr'><strong>sed</strong></span> <span class='ocrx_word' id='word_1_642' title='bbox 1759 5210 2063 5280; x_wconf 89' lang='lat' dir='ltr'><strong>iniquitatis</strong></span> 
     </span>
    </p>
   </div>
   <div class='ocr_carea' id='block_1_86' title="bbox 480 5298 2064 5367">
    <p class='ocr_par' dir='ltr' id='par_1_86' title="bbox 480 5298 2064 5367">
     <span class='ocr_line' id='line_1_86' title="bbox 480 5298 2064 5367; baseline 0.008 -22"><span class='ocrx_word' id='word_1_643' title='bbox 480 5298 652 5345; x_wconf 86' lang='lat' dir='ltr'><strong>testes</strong></span> <span class='ocrx_word' id='word_1_644' title='bbox 692 5300 844 5353; x_wconf 82' lang='lat' dir='ltr'><strong>sunt,</strong></span> <span class='ocrx_word' id='word_1_645' title='bbox 898 5302 1191 5364; x_wconf 84' lang='lat' dir='ltr'><strong>surgentes</strong></span> <span class='ocrx_word' id='word_1_646' title='bbox 1222 5304 1385 5367; x_wconf 82' lang='lat' dir='ltr'><strong>atque</strong></span> <span class='ocrx_word' id='word_1_647' title='bbox 1438 5314 1499 5354; x_wconf 85' lang='lat' dir='ltr'><strong>se</strong></span> <span class='ocrx_word' id='word_1_648' title='bbox 1544 5302 1849 5356; x_wconf 78' lang='lat' dir='ltr'><strong>excitantes</strong></span> <span class='ocrx_word' id='word_1_649' title='bbox 1874 5301 2064 5357; x_wconf 87' lang='lat' dir='ltr'><strong>dolose</strong></span> 
     </span>
    </p>
   </div>
   <div class='ocr_carea' id='block_1_87' title="bbox 480 5386 2061 5466">
    <p class='ocr_par' dir='ltr' id='par_1_87' title="bbox 480 5386 2061 5466">
     <span class='ocr_line' id='line_1_87' title="bbox 480 5386 2061 5466; baseline 0.009 -31"><span class='ocrx_word' id='word_1_650' title='bbox 480 5399 602 5452; x_wconf 72' lang='lat' dir='ltr'><strong>quse</strong></span> <span class='ocrx_word' id='word_1_651' title='bbox 629 5386 820 5455; x_wconf 86' lang='lat' dir='ltr'><strong>ignoro</strong></span> <span class='ocrx_word' id='word_1_652' title='bbox 850 5387 1209 5458; x_wconf 86' lang='lat' dir='ltr'><strong>interrogant.</strong></span> <span class='ocrx_word' id='word_1_653' title='bbox 1237 5388 1385 5445; x_wconf 88' lang='lat' dir='ltr'><strong>Nihil</strong></span> <span class='ocrx_word' id='word_1_654' title='bbox 1405 5392 1608 5463; x_wconf 91' lang='lat' dir='ltr'><strong>quippe</strong></span> <span class='ocrx_word' id='word_1_655' title='bbox 1637 5394 1765 5448; x_wconf 90' lang='lat' dir='ltr'><strong>mali</strong></span> <span class='ocrx_word' id='word_1_656' title='bbox 1801 5394 1888 5448; x_wconf 81' lang='lat' dir='ltr'><strong>vir</strong></span> <span class='ocrx_word' id='word_1_657' title='bbox 1917 5394 2061 5466; x_wconf 86' lang='lat' dir='ltr'><strong>frugi</strong></span> 
     </span>
    </p>
   </div>
   <div class='ocr_carea' id='block_1_88' title="bbox 482 5474 2057 5554">
    <p class='ocr_par' dir='ltr' id='par_1_88' title="bbox 482 5474 2057 5554">
     <span class='ocr_line' id='line_1_88' title="bbox 482 5474 2057 5554; baseline 0.008 -26"><span class='ocrx_word' id='word_1_658' title='bbox 482 5474 676 5541; x_wconf 81' lang='lat' dir='ltr'><strong>novit,</strong></span> <span class='ocrx_word' id='word_1_659' title='bbox 728 5478 932 5533; x_wconf 90' lang='lat' dir='ltr'><strong>nemini</strong></span> <span class='ocrx_word' id='word_1_660' title='bbox 998 5482 1210 5536; x_wconf 90' lang='lat' dir='ltr'><strong>scilicet</strong></span> <span class='ocrx_word' id='word_1_661' title='bbox 1262 5483 1637 5554; x_wconf 86' lang='lat' dir='ltr'><strong>improborum</strong></span> <span class='ocrx_word' id='word_1_662' title='bbox 1700 5484 2057 5543; x_wconf 86' lang='lat' dir='ltr'><strong>admiscetur.</strong></span> 
     </span>
    </p>
   </div>
   <div class='ocr_carea' id='block_1_89' title="bbox 480 5558 2061 5650">
    <p class='ocr_par' dir='ltr' id='par_1_89' title="bbox 480 5558 2061 5650">
     <span class='ocr_line' id='line_1_89' title="bbox 480 5558 2061 5650; baseline 0.009 -29"><span class='ocrx_word' id='word_1_663' title='bbox 480 5566 878 5626; x_wconf 78' lang='lat' dir='ltr'><strong>Testimonium</strong></span> <span class='ocrx_word' id='word_1_664' title='bbox 933 5585 1111 5628; x_wconf 91' lang='lat' dir='ltr'><strong>autem</strong></span> <span class='ocrx_word' id='word_1_665' title='bbox 1161 5558 1307 5633; x_wconf 87' lang='lat' dir='ltr'><strong>illius</strong></span> <span class='ocrx_word' id='word_1_666' title='bbox 1334 5584 1419 5633; x_wconf 88' lang='lat' dir='ltr'><strong>est</strong></span> <span class='ocrx_word' id='word_1_667' title='bbox 1460 5577 1610 5642; x_wconf 86' lang='lat' dir='ltr'><strong>:Qui</strong></span> <span class='ocrx_word' id='word_1_668' title='bbox 1659 5588 1830 5633; x_wconf 81' lang='lat' dir='ltr'><strong>servat</strong></span> <span class='ocrx_word' id='word_1_669' title='bbox 1864 5597 2061 5650; x_wconf 63' lang='lat' dir='ltr'><strong>prame-</strong></span> 
     </span>
    </p>
   </div>
   <div class='ocr_carea' id='block_1_90' title="bbox 481 5667 2059 5741">
    <p class='ocr_par' dir='ltr' id='par_1_90' title="bbox 481 5667 2059 5741">
     <span class='ocr_line' id='line_1_90' title="bbox 481 5667 2059 5741; baseline 0.01 -29"><span class='ocrx_word' id='word_1_670' title='bbox 481 5670 650 5732; x_wconf 74' lang='lat' dir='ltr'><strong>ptum,</strong></span> <span class='ocrx_word' id='word_1_671' title='bbox 681 5679 784 5717; x_wconf 90' lang='lat' dir='ltr'><strong>non</strong></span> <span class='ocrx_word' id='word_1_672' title='bbox 808 5676 980 5719; x_wconf 87' lang='lat' dir='ltr'><strong>noscet</strong></span> <span class='ocrx_word' id='word_1_673' title='bbox 1006 5684 1110 5720; x_wconf 89' lang='lat' dir='ltr'><strong>rem</strong></span> <span class='ocrx_word' id='word_1_674' title='bbox 1144 5669 1341 5721; x_wconf 87' lang='lat' dir='ltr'><strong>malam</strong></span> <span class='ocrx_word' id='word_1_675' title='bbox 1371 5669 1438 5723; x_wconf 79' lang='lat'><strong>&quot;.</strong></span> <span class='ocrx_word' id='word_1_676' title='bbox 1474 5667 1609 5721; x_wconf 86' lang='lat' dir='ltr'><strong>Nam</strong></span> <span class='ocrx_word' id='word_1_677' title='bbox 1633 5669 1720 5726; x_wconf 91' lang='lat' dir='ltr'><strong>hic</strong></span> <span class='ocrx_word' id='word_1_678' title='bbox 1735 5687 1836 5726; x_wconf 86' lang='lat' dir='ltr'><strong>non</strong></span> <span class='ocrx_word' id='word_1_679' title='bbox 1862 5684 2059 5741; x_wconf 86' lang='lat' dir='ltr'><strong>noscct,</strong></span> 
     </span>
    </p>
   </div>
   <div class='ocr_carea' id='block_1_91' title="bbox 559 5841 1669 5913">
    <p class='ocr_par' dir='ltr' id='par_1_91' title="bbox 559 5841 1669 5913">
     <span class='ocr_line' id='line_1_91' title="bbox 559 5841 1669 5913; baseline 0.006 -17"><span class='ocrx_word' id='word_1_680' title='bbox 559 5844 600 5875; x_wconf 84' lang='grc'><strong>¹¹</strong></span> <span class='ocrx_word' id='word_1_681' title='bbox 644 5841 829 5902; x_wconf 72' lang='lat' dir='ltr'><strong>Matth.</strong></span> <span class='ocrx_word' id='word_1_682' title='bbox 871 5862 979 5913; x_wconf 78' lang='lat' dir='ltr'><strong>xii,</strong></span> <span class='ocrx_word' id='word_1_683' title='bbox 1015 5848 1071 5904; x_wconf 78' lang='lat'><strong>5.</strong></span> <span class='ocrx_word' id='word_1_684' title='bbox 1148 5847 1193 5878; x_wconf 74' lang='grc'><strong><em>’⁸</em></strong></span> <span class='ocrx_word' id='word_1_685' title='bbox 1235 5844 1414 5901; x_wconf 76' lang='lat' dir='ltr'><strong>Eccle.</strong></span> <span class='ocrx_word' id='word_1_686' title='bbox 1454 5862 1580 5912; x_wconf 80' lang='lat' dir='ltr'><strong>vui,</strong></span> <span class='ocrx_word' id='word_1_687' title='bbox 1617 5848 1669 5903; x_wconf 75' lang='lat'><strong>3.</strong></span> 
     </span>
    </p>
   </div>
   <div class='ocr_carea' id='block_1_92' title="bbox 2172 3252 3762 3334">
    <p class='ocr_par' dir='ltr' id='par_1_92' title="bbox 2172 3252 3762 3334">
     <span class='ocr_line' id='line_1_92' title="bbox 2172 3252 3762 3334; baseline -0.003 -20"><span class='ocrx_word' id='word_1_688' title='bbox 2172 3260 2486 3334; x_wconf 80' lang='grc' dir='ltr'>δικαιοσύνῃ</span> <span class='ocrx_word' id='word_1_689' title='bbox 2506 3300 2521 3321; x_wconf 90' lang='grc'><strong>,</strong></span> <span class='ocrx_word' id='word_1_690' title='bbox 2552 3259 2660 3312; x_wconf 76' lang='grc' dir='ltr'>οὐδ’</span> <span class='ocrx_word' id='word_1_691' title='bbox 2688 3259 2862 3323; x_wconf 84' lang='grc' dir='ltr'>ἄλλως</span> <span class='ocrx_word' id='word_1_692' title='bbox 2900 3256 3253 3329; x_wconf 79' lang='grc' dir='ltr'>καταφρονῶν</span> <span class='ocrx_word' id='word_1_693' title='bbox 3286 3256 3378 3311; x_wconf 77' lang='grc' dir='ltr'>τοῦ</span> <span class='ocrx_word' id='word_1_694' title='bbox 3404 3257 3565 3327; x_wconf 87' lang='grc' dir='ltr'>νόμου</span> <span class='ocrx_word' id='word_1_695' title='bbox 3585 3295 3601 3321; x_wconf 92' lang='grc'><strong>,</strong></span> <span class='ocrx_word' id='word_1_696' title='bbox 3635 3252 3762 3310; x_wconf 75' lang='grc' dir='ltr'>ἀλλ’</span> 
     </span>
    </p>
   </div>
   <div class='ocr_carea' id='block_1_93' title="bbox 2173 3342 3762 3421">
    <p class='ocr_par' dir='ltr' id='par_1_93' title="bbox 2173 3342 3762 3421">
     <span class='ocr_line' id='line_1_93' title="bbox 2173 3342 3762 3421; baseline 0 -20"><span class='ocrx_word' id='word_1_697' title='bbox 2173 3350 2237 3402; x_wconf 81' lang='grc' dir='ltr'>ἐκ</span> <span class='ocrx_word' id='word_1_698' title='bbox 2274 3342 2471 3421; x_wconf 72' lang='grc' dir='ltr'>πολλῆς</span> <span class='ocrx_word' id='word_1_699' title='bbox 2506 3347 2737 3413; x_wconf 79' lang='grc' dir='ltr'>ἀσιτίας.</span> <span class='ocrx_word' id='word_1_700' title='bbox 2791 3348 2881 3402; x_wconf 79' lang='grc' dir='ltr'>Διό</span> <span class='ocrx_word' id='word_1_701' title='bbox 2914 3356 3079 3419; x_wconf 80' lang='grc' dir='ltr'>φησιν</span> <span class='ocrx_word' id='word_1_702' title='bbox 3112 3351 3140 3401; x_wconf 84' lang='grc' dir='ltr'><strong>ὁ</strong></span> <span class='ocrx_word' id='word_1_703' title='bbox 3174 3348 3395 3419; x_wconf 85' lang='grc' dir='ltr'>Σωτήρ·</span> <span class='ocrx_word' id='word_1_704' title='bbox 3455 3349 3578 3401; x_wconf 82' lang='grc' dir='ltr'><strong>Οὐκ</strong></span> <span class='ocrx_word' id='word_1_705' title='bbox 3611 3347 3762 3401; x_wconf 75' lang='grc' dir='ltr'><strong>ἀνέ-</strong></span> 
     </span>
    </p>
   </div>
   <div class='ocr_carea' id='block_1_94' title="bbox 2172 3430 3763 3512">
    <p class='ocr_par' dir='ltr' id='par_1_94' title="bbox 2172 3430 3763 3512">
     <span class='ocr_line' id='line_1_94' title="bbox 2172 3430 3763 3512; baseline -0.002 -18"><span class='ocrx_word' id='word_1_706' title='bbox 2172 3459 2359 3512; x_wconf 74' lang='grc' dir='ltr'>γνωτε</span> <span class='ocrx_word' id='word_1_707' title='bbox 2388 3443 2444 3495; x_wconf 85' lang='grc' dir='ltr'><em>τί</em></span> <span class='ocrx_word' id='word_1_708' title='bbox 2468 3442 2717 3511; x_wconf 71' lang='grc' dir='ltr'>ἐποίησε</span> <span class='ocrx_word' id='word_1_709' title='bbox 2739 3440 2918 3496; x_wconf 79' lang='grc' dir='ltr'>Δᾰυῖδ</span> <span class='ocrx_word' id='word_1_710' title='bbox 2935 3481 2949 3505; x_wconf 92' lang='grc'><strong>,</strong></span> <span class='ocrx_word' id='word_1_711' title='bbox 2983 3440 3080 3495; x_wconf 84' lang='grc' dir='ltr'>ὅτε</span> <span class='ocrx_word' id='word_1_712' title='bbox 3107 3440 3426 3502; x_wconf 77' lang='grc' dir='ltr'>ἐπείνασε;</span> <span class='ocrx_word' id='word_1_713' title='bbox 3454 3430 3561 3492; x_wconf 65' lang='grc' dir='ltr'><strong>Καὶ</strong></span> <span class='ocrx_word' id='word_1_714' title='bbox 3590 3436 3763 3503; x_wconf 68' lang='grc' dir='ltr'>αὐτὸς</span> 
     </span>
    </p>
   </div>
   <div class='ocr_carea' id='block_1_95' title="bbox 2176 3519 3762 3605">
    <p class='ocr_par' dir='ltr' id='par_1_95' title="bbox 2176 3519 3762 3605">
     <span class='ocr_line' id='line_1_95' title="bbox 2176 3519 3762 3605; baseline -0.003 -19"><span class='ocrx_word' id='word_1_715' title='bbox 2176 3522 2275 3605; x_wconf 84' lang='grc' dir='ltr'><strong>μὲν</strong></span> <span class='ocrx_word' id='word_1_716' title='bbox 2306 3530 2374 3604; x_wconf 82' lang='grc' dir='ltr'>ἦν</span> <span class='ocrx_word' id='word_1_717' title='bbox 2408 3534 2624 3605; x_wconf 81' lang='grc' dir='ltr'>πτωχὸς</span> <span class='ocrx_word' id='word_1_718' title='bbox 2660 3534 2758 3587; x_wconf 85' lang='grc' dir='ltr'><strong>σὺν</strong></span> <span class='ocrx_word' id='word_1_719' title='bbox 2789 3533 2989 3601; x_wconf 78' lang='grc' dir='ltr'>ὀλίγοις</span> <span class='ocrx_word' id='word_1_720' title='bbox 3012 3520 3254 3603; x_wconf 83' lang='grc' dir='ltr'>φεύγων·</span> <span class='ocrx_word' id='word_1_721' title='bbox 3286 3534 3334 3585; x_wconf 88' lang='grc' dir='ltr'>οἱ</span> <span class='ocrx_word' id='word_1_722' title='bbox 3363 3532 3406 3585; x_wconf 77' lang='grc' dir='ltr'>δ’</span> <span class='ocrx_word' id='word_1_723' title='bbox 3438 3519 3762 3594; x_wconf 69' lang='grc' dir='ltr'>ἐλαύνοντες</span> 
     </span>
    </p>
   </div>
   <div class='ocr_carea' id='block_1_96' title="bbox 2173 3608 3761 3694">
    <p class='ocr_par' dir='ltr' id='par_1_96' title="bbox 2173 3608 3761 3694">
     <span class='ocr_line' id='line_1_96' title="bbox 2173 3608 3761 3694; baseline -0.005 -16"><span class='ocrx_word' id='word_1_724' title='bbox 2173 3624 2333 3679; x_wconf 80' lang='grc' dir='ltr'>αὑτὸν</span> <span class='ocrx_word' id='word_1_725' title='bbox 2365 3622 2607 3676; x_wconf 82' lang='grc' dir='ltr'>δυνατοί’</span> <span class='ocrx_word' id='word_1_726' title='bbox 2669 3621 2919 3693; x_wconf 72' lang='grc' dir='ltr'>βασιλεὺς</span> <span class='ocrx_word' id='word_1_727' title='bbox 2956 3623 3062 3694; x_wconf 85' lang='grc' dir='ltr'><strong>γάρ</strong></span> <span class='ocrx_word' id='word_1_728' title='bbox 3100 3618 3168 3693; x_wconf 78' lang='grc' dir='ltr'>ἦν</span> <span class='ocrx_word' id='word_1_729' title='bbox 3205 3620 3298 3675; x_wconf 80' lang='grc' dir='ltr'>τοῦ</span> <span class='ocrx_word' id='word_1_730' title='bbox 3333 3608 3530 3683; x_wconf 69' lang='grc' dir='ltr'>παντὸς</span> <span class='ocrx_word' id='word_1_731' title='bbox 3564 3616 3761 3682; x_wconf 77' lang='grc' dir='ltr'>ἔθνους</span> 
     </span>
    </p>
   </div>
   <div class='ocr_carea' id='block_1_97' title="bbox 2170 3706 3763 3786">
    <p class='ocr_par' dir='ltr' id='par_1_97' title="bbox 2170 3706 3763 3786">
     <span class='ocr_line' id='line_1_97' title="bbox 2170 3706 3763 3786; baseline -0.002 -19"><span class='ocrx_word' id='word_1_732' title='bbox 2170 3714 2376 3777; x_wconf 82' lang='grc' dir='ltr'>Σαοὺλ,</span> <span class='ocrx_word' id='word_1_733' title='bbox 2410 3714 2507 3768; x_wconf 74' lang='grc' dir='ltr'><strong>παὶ</strong></span> <span class='ocrx_word' id='word_1_734' title='bbox 2539 3716 2587 3767; x_wconf 80' lang='lat' dir='ltr'><strong>oi</strong></span> <span class='ocrx_word' id='word_1_735' title='bbox 2620 3717 2737 3785; x_wconf 84' lang='grc' dir='ltr'>μετ’</span> <span class='ocrx_word' id='word_1_736' title='bbox 2769 3710 2933 3767; x_wconf 75' lang='grc' dir='ltr'>αὐτοῦ</span> <span class='ocrx_word' id='word_1_737' title='bbox 2966 3713 3254 3786; x_wconf 82' lang='grc' dir='ltr'>ἄρχοντες·</span> <span class='ocrx_word' id='word_1_738' title='bbox 3289 3712 3344 3765; x_wconf 77' lang='grc' dir='ltr'><strong>οἵ</strong></span> <span class='ocrx_word' id='word_1_739' title='bbox 3370 3717 3428 3764; x_wconf 84' lang='grc' dir='ltr'><strong>τε</strong></span> <span class='ocrx_word' id='word_1_740' title='bbox 3457 3709 3565 3763; x_wconf 86' lang='grc' dir='ltr'><strong>τῶν</strong></span> <span class='ocrx_word' id='word_1_741' title='bbox 3596 3706 3763 3764; x_wconf 72' lang='grc' dir='ltr'>ἀλλο-</span> 
     </span>
    </p>
   </div>
   <div class='ocr_carea' id='block_1_98' title="bbox 2171 3796 3759 3879">
    <p class='ocr_par' dir='ltr' id='par_1_98' title="bbox 2171 3796 3759 3879">
     <span class='ocr_line' id='line_1_98' title="bbox 2171 3796 3759 3879; baseline -0.005 -17"><span class='ocrx_word' id='word_1_742' title='bbox 2171 3796 2353 3877; x_wconf 83' lang='grc' dir='ltr'>φύλων</span> <span class='ocrx_word' id='word_1_743' title='bbox 2383 3808 2656 3879; x_wconf 85' lang='grc' dir='ltr'>πολεμίων</span> <span class='ocrx_word' id='word_1_744' title='bbox 2692 3807 3065 3878; x_wconf 77' lang='grc' dir='ltr'>καθηγεμόνες</span> <span class='ocrx_word' id='word_1_745' title='bbox 3094 3804 3446 3877; x_wconf 86' lang='grc' dir='ltr'>στερεώτεροι</span> <span class='ocrx_word' id='word_1_746' title='bbox 3478 3803 3631 3865; x_wconf 73' lang='grc' dir='ltr'>ὄντες</span> <span class='ocrx_word' id='word_1_747' title='bbox 3656 3802 3759 3854; x_wconf 79' lang='grc' dir='ltr'>τοῦ</span> 
     </span>
    </p>
   </div>
   <div class='ocr_carea' id='block_1_99' title="bbox 2169 3895 3758 3972">
    <p class='ocr_par' dir='ltr' id='par_1_99' title="bbox 2169 3895 3758 3972">
     <span class='ocr_line' id='line_1_99' title="bbox 2169 3895 3758 3972; baseline -0.004 -17"><span class='ocrx_word' id='word_1_748' title='bbox 2169 3901 2363 3968; x_wconf 83' lang='grc' dir='ltr'>Δαυῖδ,</span> <span class='ocrx_word' id='word_1_749' title='bbox 2398 3895 2473 3955; x_wconf 85' lang='grc' dir='ltr'>ὧν</span> <span class='ocrx_word' id='word_1_750' title='bbox 2503 3901 2601 3965; x_wconf 78' lang='grc' dir='ltr'>τὰς</span> <span class='ocrx_word' id='word_1_751' title='bbox 2630 3902 2817 3972; x_wconf 86' lang='grc' dir='ltr'>χεῖρας</span> <span class='ocrx_word' id='word_1_752' title='bbox 2844 3899 3263 3971; x_wconf 82' lang='grc' dir='ltr'>διαδιδράσκων,</span> <span class='ocrx_word' id='word_1_753' title='bbox 3312 3899 3410 3951; x_wconf 76' lang='grc' dir='ltr'><strong>οὐκ</strong></span> <span class='ocrx_word' id='word_1_754' title='bbox 3442 3896 3625 3967; x_wconf 73' lang='grc' dir='ltr'>ἠγνόει</span> <span class='ocrx_word' id='word_1_755' title='bbox 3659 3896 3758 3949; x_wconf 81' lang='grc' dir='ltr'><strong>τὸν</strong></span> 
     </span>
    </p>
   </div>
   <div class='ocr_carea' id='block_1_100' title="bbox 2171 3986 3757 4066">
    <p class='ocr_par' dir='ltr' id='par_1_100' title="bbox 2171 3986 3757 4066">
     <span class='ocr_line' id='line_1_100' title="bbox 2171 3986 3757 4066; baseline -0.006 -18"><span class='ocrx_word' id='word_1_756' title='bbox 2171 3994 2335 4048; x_wconf 77' lang='grc' dir='ltr'>αὑτοῦ</span> <span class='ocrx_word' id='word_1_757' title='bbox 2364 3994 2578 4066; x_wconf 76' lang='grc' dir='ltr'>βοηθόν.</span> <span class='ocrx_word' id='word_1_758' title='bbox 2630 3996 2739 4048; x_wconf 74' lang='grc' dir='ltr'>Καὶ</span> <span class='ocrx_word' id='word_1_759' title='bbox 2762 3992 2933 4047; x_wconf 77' lang='grc' dir='ltr'>ταῦτα</span> <span class='ocrx_word' id='word_1_760' title='bbox 2970 3990 3067 4063; x_wconf 79' lang='grc' dir='ltr'><strong>μὲν</strong></span> <span class='ocrx_word' id='word_1_761' title='bbox 3100 3990 3235 4064; x_wconf 82' lang='grc' dir='ltr'>πρὸς</span> <span class='ocrx_word' id='word_1_762' title='bbox 3264 3990 3362 4061; x_wconf 80' lang='grc' dir='ltr'>τὴν</span> <span class='ocrx_word' id='word_1_763' title='bbox 3398 3986 3654 4058; x_wconf 83' lang='grc' dir='ltr'>ἱστορίαν·</span> <span class='ocrx_word' id='word_1_764' title='bbox 3704 3990 3757 4040; x_wconf 85' lang='grc' dir='ltr'>εἰ</span> 
     </span>
    </p>
   </div>
   <div class='ocr_carea' id='block_1_101' title="bbox 2170 4079 3756 4157">
    <p class='ocr_par' dir='ltr' id='par_1_101' title="bbox 2170 4079 3756 4157">
     <span class='ocr_line' id='line_1_101' title="bbox 2170 4079 3756 4157; baseline -0.005 -16"><span class='ocrx_word' id='word_1_765' title='bbox 2170 4088 2227 4141; x_wconf 85' lang='grc' dir='ltr'>δὲ</span> <span class='ocrx_word' id='word_1_766' title='bbox 2248 4088 2374 4152; x_wconf 74' lang='grc' dir='ltr'>τοὺς</span> <span class='ocrx_word' id='word_1_767' title='bbox 2400 4090 2627 4157; x_wconf 81' lang='grc' dir='ltr'>ἀφανεῖς</span> <span class='ocrx_word' id='word_1_768' title='bbox 2650 4086 2743 4141; x_wconf 74' lang='grc' dir='ltr'><strong>καὶ</strong></span> <span class='ocrx_word' id='word_1_769' title='bbox 2768 4086 3031 4157; x_wconf 84' lang='grc' dir='ltr'>άοράτους</span> <span class='ocrx_word' id='word_1_770' title='bbox 3055 4085 3282 4156; x_wconf 76' lang='grc' dir='ltr'>ἐχθροὺς</span> <span class='ocrx_word' id='word_1_771' title='bbox 3305 4084 3403 4153; x_wconf 83' lang='grc' dir='ltr'><strong>τῆς</strong></span> <span class='ocrx_word' id='word_1_772' title='bbox 3424 4081 3514 4135; x_wconf 78' lang='grc' dir='ltr'>τοῦ</span> <span class='ocrx_word' id='word_1_773' title='bbox 3539 4079 3756 4134; x_wconf 71' lang='grc' dir='ltr'>δικαίου</span> 
     </span>
    </p>
   </div>
   <div class='ocr_carea' id='block_1_102' title="bbox 2169 4167 3758 4253">
    <p class='ocr_par' dir='ltr' id='par_1_102' title="bbox 2169 4167 3758 4253">
     <span class='ocr_line' id='line_1_102' title="bbox 2169 4167 3758 4253; baseline -0.005 -19"><span class='ocrx_word' id='word_1_774' title='bbox 2169 4182 2346 4253; x_wconf 75' lang='grc' dir='ltr'>ψυχῆς</span> <span class='ocrx_word' id='word_1_775' title='bbox 2378 4182 2660 4251; x_wconf 88' lang='grc' dir='ltr'>νοήσειας,</span> <span class='ocrx_word' id='word_1_776' title='bbox 2695 4174 2844 4249; x_wconf 73' lang='grc' dir='ltr'>ὄψει,</span> <span class='ocrx_word' id='word_1_777' title='bbox 2878 4176 2953 4241; x_wconf 80' lang='grc' dir='ltr'>ὡς</span> <span class='ocrx_word' id='word_1_778' title='bbox 2977 4176 3082 4231; x_wconf 79' lang='grc' dir='ltr'>οὐδ’</span> <span class='ocrx_word' id='word_1_779' title='bbox 3110 4167 3269 4231; x_wconf 83' lang='grc' dir='ltr'>ἄλλου</span> <span class='ocrx_word' id='word_1_780' title='bbox 3298 4173 3490 4245; x_wconf 82' lang='grc' dir='ltr'>βοηθοῦ</span> <span class='ocrx_word' id='word_1_781' title='bbox 3518 4171 3758 4243; x_wconf 83' lang='grc' dir='ltr'>δεόμεθα</span> 
     </span>
    </p>
   </div>
   <div class='ocr_carea' id='block_1_103' title="bbox 2171 4264 3757 4348">
    <p class='ocr_par' dir='ltr' id='par_1_103' title="bbox 2171 4264 3757 4348">
     <span class='ocr_line' id='line_1_103' title="bbox 2171 4264 3757 4348; baseline -0.008 -18"><span class='ocrx_word' id='word_1_782' title='bbox 2171 4280 2267 4332; x_wconf 70' lang='grc' dir='ltr'><strong>καὶ</strong></span> <span class='ocrx_word' id='word_1_783' title='bbox 2302 4277 2552 4348; x_wconf 84' lang='grc' dir='ltr'>Σωτῆρος</span> <span class='ocrx_word' id='word_1_784' title='bbox 2586 4274 2618 4346; x_wconf 82' lang='grc' dir='ltr'>ἢ</span> <span class='ocrx_word' id='word_1_785' title='bbox 2657 4272 2751 4327; x_wconf 78' lang='grc' dir='ltr'>τοῦ</span> <span class='ocrx_word' id='word_1_786' title='bbox 2785 4269 3020 4343; x_wconf 82' lang='grc' dir='ltr'>Χριστοῦ</span> <span class='ocrx_word' id='word_1_787' title='bbox 3049 4269 3211 4323; x_wconf 76' lang='grc' dir='ltr'>αὐτοῦ</span> <span class='ocrx_word' id='word_1_788' title='bbox 3252 4271 3310 4322; x_wconf 83' lang='grc' dir='ltr'>ὲν</span> <span class='ocrx_word' id='word_1_789' title='bbox 3344 4264 3407 4340; x_wconf 78' lang='grc' dir='ltr'>τῇ</span> <span class='ocrx_word' id='word_1_790' title='bbox 3449 4266 3757 4337; x_wconf 76' lang='grc' dir='ltr'>παρατάξει</span> 
     </span>
    </p>
   </div>
   <div class='ocr_carea' id='block_1_104' title="bbox 2169 4357 3755 4442">
    <p class='ocr_par' dir='ltr' id='par_1_104' title="bbox 2169 4357 3755 4442">
     <span class='ocr_line' id='line_1_104' title="bbox 2169 4357 3755 4442; baseline -0.01 -18"><span class='ocrx_word' id='word_1_791' title='bbox 2169 4366 2235 4442; x_wconf 83' lang='grc' dir='ltr'>τῇ</span> <span class='ocrx_word' id='word_1_792' title='bbox 2259 4370 2395 4442; x_wconf 88' lang='grc' dir='ltr'>πρὸς</span> <span class='ocrx_word' id='word_1_793' title='bbox 2418 4369 2541 4432; x_wconf 84' lang='grc' dir='ltr'>τοὺς</span> <span class='ocrx_word' id='word_1_794' title='bbox 2558 4368 2779 4439; x_wconf 77' lang='grc' dir='ltr'>νοητοὺς</span> <span class='ocrx_word' id='word_1_795' title='bbox 2799 4363 3107 4436; x_wconf 85' lang='grc' dir='ltr'>πολεμίους,</span> <span class='ocrx_word' id='word_1_796' title='bbox 3128 4363 3254 4425; x_wconf 85' lang='grc' dir='ltr'>τοὺς</span> <span class='ocrx_word' id='word_1_797' title='bbox 3274 4360 3369 4432; x_wconf 79' lang='grc' dir='ltr'>τὴν</span> <span class='ocrx_word' id='word_1_798' title='bbox 3390 4360 3563 4430; x_wconf 79' lang='grc' dir='ltr'>ψυχὴν</span> <span class='ocrx_word' id='word_1_799' title='bbox 3582 4357 3755 4409; x_wconf 71' lang='grc' dir='ltr'>αὐτοῦ</span> 
     </span>
    </p>
   </div>
   <div class='ocr_carea' id='block_1_105' title="bbox 2172 4450 3758 4534">
    <p class='ocr_par' dir='ltr' id='par_1_105' title="bbox 2172 4450 3758 4534">
     <span class='ocr_line' id='line_1_105' title="bbox 2172 4450 3758 4534; baseline -0.008 -19"><span class='ocrx_word' id='word_1_800' title='bbox 2172 4461 2493 4534; x_wconf 80' lang='grc' dir='ltr'>διαρπάζειν</span> <span class='ocrx_word' id='word_1_801' title='bbox 2522 4460 2607 4513; x_wconf 76' lang='grc' dir='ltr'>ἀεὶ</span> <span class='ocrx_word' id='word_1_802' title='bbox 2623 4456 3011 4528; x_wconf 81' lang='grc' dir='ltr'>πειρωμένους.</span> <span class='ocrx_word' id='word_1_803' title='bbox 3043 4455 3385 4525; x_wconf 81' lang='grc' dir='ltr'>Ἐπιστήσεις</span> <span class='ocrx_word' id='word_1_804' title='bbox 3412 4452 3467 4504; x_wconf 83' lang='grc' dir='ltr'>δὲ</span> <span class='ocrx_word' id='word_1_805' title='bbox 3495 4452 3543 4504; x_wconf 75' lang='grc' dir='ltr'>εἰ</span> <span class='ocrx_word' id='word_1_806' title='bbox 3565 4450 3758 4521; x_wconf 71' lang='grc' dir='ltr'>ἕτερός</span> 
     </span>
    </p>
   </div>
   <div class='ocr_carea' id='block_1_106' title="bbox 2100 4526 3754 4620">
    <p class='ocr_par' dir='ltr' id='par_1_106' title="bbox 2100 4526 3754 4620">
     <span class='ocr_line' id='line_1_106' title="bbox 2100 4526 3754 4620; baseline -0.01 -14"><span class='ocrx_word' id='word_1_807' title='bbox 2100 4526 2145 4582; x_wconf 79' lang='lat' dir='ltr'><strong>D</strong></span> <span class='ocrx_word' id='word_1_808' title='bbox 2173 4526 2320 4605; x_wconf 71' lang='grc' dir='ltr'>ἐστιν</span> <span class='ocrx_word' id='word_1_809' title='bbox 2360 4553 2388 4605; x_wconf 86' lang='grc' dir='ltr'>ὁ</span> <span class='ocrx_word' id='word_1_810' title='bbox 2434 4546 2649 4620; x_wconf 78' lang='grc' dir='ltr'>πτωχὸς</span> <span class='ocrx_word' id='word_1_811' title='bbox 2682 4526 2832 4617; x_wconf 74' lang='grc' dir='ltr'>παρά</span> <span class='ocrx_word' id='word_1_812' title='bbox 2864 4546 2953 4600; x_wconf 76' lang='grc' dir='ltr'><strong>τὸν</strong></span> <span class='ocrx_word' id='word_1_813' title='bbox 2992 4544 3226 4613; x_wconf 79' lang='grc' dir='ltr'>πένητα,</span> <span class='ocrx_word' id='word_1_814' title='bbox 3289 4544 3382 4596; x_wconf 71' lang='grc' dir='ltr'><strong>καὶ</strong></span> <span class='ocrx_word' id='word_1_815' title='bbox 3420 4541 3645 4610; x_wconf 85' lang='grc' dir='ltr'>πότερον</span> <span class='ocrx_word' id='word_1_816' title='bbox 3681 4543 3754 4611; x_wconf 76' lang='grc' dir='ltr'>τῇ</span> 
     </span>
    </p>
   </div>
   <div class='ocr_carea' id='block_1_107' title="bbox 2171 4632 3757 4712">
    <p class='ocr_par' dir='ltr' id='par_1_107' title="bbox 2171 4632 3757 4712">
     <span class='ocr_line' id='line_1_107' title="bbox 2171 4632 3757 4712; baseline -0.01 -13"><span class='ocrx_word' id='word_1_817' title='bbox 2171 4640 2496 4705; x_wconf 83' lang='grc' dir='ltr'>ὑποστάσει,</span> <span class='ocrx_word' id='word_1_818' title='bbox 2538 4640 2571 4712; x_wconf 86' lang='grc' dir='ltr'>ἢ</span> <span class='ocrx_word' id='word_1_819' title='bbox 2605 4643 2669 4712; x_wconf 84' lang='grc' dir='ltr'>τῇ</span> <span class='ocrx_word' id='word_1_820' title='bbox 2709 4634 2924 4710; x_wconf 75' lang='grc' dir='ltr'>ἐπινοίᾳ</span> <span class='ocrx_word' id='word_1_821' title='bbox 2954 4638 3029 4709; x_wconf 84' lang='grc' dir='ltr'><strong>τῷ</strong></span> <span class='ocrx_word' id='word_1_822' title='bbox 3061 4638 3322 4707; x_wconf 79' lang='grc' dir='ltr'>ἐγχωρεῖν</span> <span class='ocrx_word' id='word_1_823' title='bbox 3348 4634 3437 4687; x_wconf 83' lang='grc' dir='ltr'><strong>τὸν</strong></span> <span class='ocrx_word' id='word_1_824' title='bbox 3464 4632 3621 4686; x_wconf 78' lang='grc' dir='ltr'>αὐτὸν</span> <span class='ocrx_word' id='word_1_825' title='bbox 3657 4634 3757 4685; x_wconf 78' lang='grc' dir='ltr'><strong>καὶ</strong></span> 
     </span>
    </p>
   </div>
   <div class='ocr_carea' id='block_1_108' title="bbox 2170 4720 3755 4809">
    <p class='ocr_par' dir='ltr' id='par_1_108' title="bbox 2170 4720 3755 4809">
     <span class='ocr_line' id='line_1_108' title="bbox 2170 4720 3755 4809; baseline -0.009 -18"><span class='ocrx_word' id='word_1_826' title='bbox 2170 4738 2385 4809; x_wconf 82' lang='grc' dir='ltr'>πτωχὸν</span> <span class='ocrx_word' id='word_1_827' title='bbox 2405 4732 2543 4790; x_wconf 75' lang='grc' dir='ltr'>εἶναι</span> <span class='ocrx_word' id='word_1_828' title='bbox 2569 4734 2957 4806; x_wconf 86' lang='grc' dir='ltr'>πτωχεύσαντα</span> <span class='ocrx_word' id='word_1_829' title='bbox 2976 4732 3052 4804; x_wconf 81' lang='grc' dir='ltr'>τῷ</span> <span class='ocrx_word' id='word_1_830' title='bbox 3073 4728 3527 4785; x_wconf 83' lang='grc' dir='ltr'>άποπεπτωκέναι</span> <span class='ocrx_word' id='word_1_831' title='bbox 3546 4720 3606 4779; x_wconf 71' lang='grc' dir='ltr'>οὗ</span> <span class='ocrx_word' id='word_1_832' title='bbox 3636 4721 3755 4796; x_wconf 72' lang='grc' dir='ltr'>εἶχε</span> 
     </span>
    </p>
   </div>
   <div class='ocr_carea' id='block_1_109' title="bbox 2172 4815 3753 4899">
    <p class='ocr_par' dir='ltr' id='par_1_109' title="bbox 2172 4815 3753 4899">
     <span class='ocr_line' id='line_1_109' title="bbox 2172 4815 3753 4899; baseline -0.01 -13"><span class='ocrx_word' id='word_1_833' title='bbox 2172 4822 2401 4886; x_wconf 88' lang='grc' dir='ltr'>πλούτου</span> <span class='ocrx_word' id='word_1_834' title='bbox 2422 4868 2439 4895; x_wconf 90' lang='grc'><strong>,</strong></span> <span class='ocrx_word' id='word_1_835' title='bbox 2478 4832 2572 4884; x_wconf 77' lang='grc' dir='ltr'><strong>καὶ</strong></span> <span class='ocrx_word' id='word_1_836' title='bbox 2611 4828 2818 4899; x_wconf 83' lang='grc' dir='ltr'>πένητα</span> <span class='ocrx_word' id='word_1_837' title='bbox 2856 4825 2933 4898; x_wconf 79' lang='grc' dir='ltr'><strong>τῷ</strong></span> <span class='ocrx_word' id='word_1_838' title='bbox 2974 4823 3112 4897; x_wconf 84' lang='grc' dir='ltr'>μετὰ</span> <span class='ocrx_word' id='word_1_839' title='bbox 3150 4815 3312 4877; x_wconf 86' lang='grc' dir='ltr'>πόνον</span> <span class='ocrx_word' id='word_1_840' title='bbox 3346 4820 3647 4893; x_wconf 86' lang='grc' dir='ltr'>περιποιεῖν</span> <span class='ocrx_word' id='word_1_841' title='bbox 3679 4818 3753 4871; x_wconf 72' lang='grc' dir='ltr'>τὰ</span> 
     </span>
    </p>
   </div>
   <div class='ocr_carea' id='block_1_110' title="bbox 2172 4926 2628 4999">
    <p class='ocr_par' dir='ltr' id='par_1_110' title="bbox 2172 4926 2628 4999">
     <span class='ocr_line' id='line_1_110' title="bbox 2172 4926 2628 4999; baseline -0.009 -19"><span class='ocrx_word' id='word_1_842' title='bbox 2172 4927 2308 4999; x_wconf 84' lang='grc' dir='ltr'>πρὸς</span> <span class='ocrx_word' id='word_1_843' title='bbox 2334 4926 2394 4980; x_wconf 83' lang='grc' dir='ltr'><strong>τὸ</strong></span> <span class='ocrx_word' id='word_1_844' title='bbox 2421 4926 2628 4995; x_wconf 75' lang='grc' dir='ltr'>διαζῇν.</span> 
     </span>
    </p>
   </div>
   <div class='ocr_carea' id='block_1_111' title="bbox 2257 5094 3751 5178">
    <p class='ocr_par' dir='ltr' id='par_1_111' title="bbox 2257 5094 3751 5178">
     <span class='ocr_line' id='line_1_111' title="bbox 2257 5094 3751 5178; baseline -0.016 -10"><span class='ocrx_word' id='word_1_845' title='bbox 2257 5109 2651 5175; x_wconf 84' lang='grc' dir='ltr'>Ἀναστάντες</span> <span class='ocrx_word' id='word_1_846' title='bbox 2670 5104 2968 5178; x_wconf 79' lang='grc' dir='ltr'>μάρτυρες</span> <span class='ocrx_word' id='word_1_847' title='bbox 2994 5102 3186 5157; x_wconf 77' lang='grc' dir='ltr'>ἄδικοι</span> <span class='ocrx_word' id='word_1_848' title='bbox 3208 5095 3245 5153; x_wconf 80' lang='grc' dir='ltr'><strong><em>ἆ</em></strong></span> <span class='ocrx_word' id='word_1_849' title='bbox 3276 5098 3383 5153; x_wconf 77' lang='grc' dir='ltr'>οὐκ</span> <span class='ocrx_word' id='word_1_850' title='bbox 3415 5094 3751 5166; x_wconf 74' lang='grc' dir='ltr'>ἐγίνωσκον</span> 
     </span>
    </p>
   </div>
   <div class='ocr_carea' id='block_1_112' title="bbox 2170 5186 3752 5276">
    <p class='ocr_par' dir='ltr' id='par_1_112' title="bbox 2170 5186 3752 5276">
     <span class='ocr_line' id='line_1_112' title="bbox 2170 5186 3752 5276; baseline -0.016 -13"><span class='ocrx_word' id='word_1_851' title='bbox 2170 5206 2409 5275; x_wconf 75' lang='grc' dir='ltr'>ἠρώτων</span> <span class='ocrx_word' id='word_1_852' title='bbox 2438 5223 2533 5276; x_wconf 82' lang='grc' dir='ltr'>με.</span> <span class='ocrx_word' id='word_1_853' title='bbox 2588 5204 2650 5257; x_wconf 83' lang='grc' dir='ltr'>Οἱ</span> <span class='ocrx_word' id='word_1_854' title='bbox 2680 5201 2754 5273; x_wconf 78' lang='grc' dir='ltr'>μὴ</span> <span class='ocrx_word' id='word_1_855' title='bbox 2782 5196 3161 5265; x_wconf 90' lang='grc' dir='ltr'>δικαιοσύνης,</span> <span class='ocrx_word' id='word_1_856' title='bbox 3198 5193 3315 5247; x_wconf 81' lang='grc' dir='ltr'>ἀλλ’</span> <span class='ocrx_word' id='word_1_857' title='bbox 3349 5190 3561 5251; x_wconf 82' lang='grc' dir='ltr'>ἀδικίας</span> <span class='ocrx_word' id='word_1_858' title='bbox 3610 5186 3752 5256; x_wconf 88' lang='grc' dir='ltr'>μάρ-</span> 
     </span>
    </p>
   </div>
   <div class='ocr_carea' id='block_1_113' title="bbox 2170 5283 3750 5371">
    <p class='ocr_par' dir='ltr' id='par_1_113' title="bbox 2170 5283 3750 5371">
     <span class='ocr_line' id='line_1_113' title="bbox 2170 5283 3750 5371; baseline -0.015 -17"><span class='ocrx_word' id='word_1_859' title='bbox 2170 5316 2332 5371; x_wconf 85' lang='grc' dir='ltr'>τυρες</span> <span class='ocrx_word' id='word_1_860' title='bbox 2358 5340 2373 5361; x_wconf 90' lang='grc'><strong>,</strong></span> <span class='ocrx_word' id='word_1_861' title='bbox 2408 5296 2788 5356; x_wconf 81' lang='grc' dir='ltr'>διαναστάντες</span> <span class='ocrx_word' id='word_1_862' title='bbox 2820 5294 2913 5346; x_wconf 61' lang='grc' dir='ltr'><strong>καὶ⁹</strong></span> <span class='ocrx_word' id='word_1_863' title='bbox 2939 5288 3304 5360; x_wconf 86' lang='grc' dir='ltr'>διεγείραντες</span> <span class='ocrx_word' id='word_1_864' title='bbox 3329 5283 3524 5371; x_wconf 78' lang='grc' dir='ltr'>αὐτοὺς</span> <span class='ocrx_word' id='word_1_865' title='bbox 3549 5321 3564 5343; x_wconf 94' lang='grc'><strong>,</strong></span> <span class='ocrx_word' id='word_1_866' title='bbox 3598 5295 3750 5371; x_wconf 66' lang='grc' dir='ltr'>σοφι-</span> 
     </span>
    </p>
   </div>
   <div class='ocr_carea' id='block_1_114' title="bbox 2173 5368 3747 5459">
    <p class='ocr_par' dir='ltr' id='par_1_114' title="bbox 2173 5368 3747 5459">
     <span class='ocr_line' id='line_1_114' title="bbox 2173 5368 3747 5459; baseline -0.014 -15"><span class='ocrx_word' id='word_1_867' title='bbox 2173 5368 2373 5454; x_wconf 79' lang='grc' dir='ltr'>στικῶς</span> <span class='ocrx_word' id='word_1_868' title='bbox 2404 5386 2751 5459; x_wconf 73' lang='grc' dir='ltr'>ἐπερωτῶσιν</span> <span class='ocrx_word' id='word_1_869' title='bbox 2778 5385 2813 5439; x_wconf 74' lang='grc' dir='ltr'>ἃ</span> <span class='ocrx_word' id='word_1_870' title='bbox 2864 5384 2926 5437; x_wconf 73' lang='grc' dir='ltr'>οὐ</span> <span class='ocrx_word' id='word_1_871' title='bbox 2956 5379 3229 5451; x_wconf 82' lang='grc' dir='ltr'>γινώσκω.</span> <span class='ocrx_word' id='word_1_872' title='bbox 3303 5368 3469 5430; x_wconf 79' lang='grc' dir='ltr'>Οὐδὲν</span> <span class='ocrx_word' id='word_1_873' title='bbox 3503 5372 3610 5443; x_wconf 83' lang='grc' dir='ltr'>γὰρ</span> <span class='ocrx_word' id='word_1_874' title='bbox 3638 5369 3747 5424; x_wconf 77' lang='grc' dir='ltr'><strong>τῶν</strong></span> 
     </span>
    </p>
   </div>
   <div class='ocr_carea' id='block_1_115' title="bbox 2170 5463 3747 5555">
    <p class='ocr_par' dir='ltr' id='par_1_115' title="bbox 2170 5463 3747 5555">
     <span class='ocr_line' id='line_1_115' title="bbox 2170 5463 3747 5555; baseline -0.016 -16"><span class='ocrx_word' id='word_1_875' title='bbox 2170 5485 2387 5555; x_wconf 81' lang='grc' dir='ltr'>φαύλων</span> <span class='ocrx_word' id='word_1_876' title='bbox 2413 5480 2666 5551; x_wconf 81' lang='grc' dir='ltr'>γινώσκει</span> <span class='ocrx_word' id='word_1_877' title='bbox 2701 5480 2729 5530; x_wconf 82' lang='grc' dir='ltr'>ὁ</span> <span class='ocrx_word' id='word_1_878' title='bbox 2766 5478 3051 5539; x_wconf 85' lang='grc' dir='ltr'>σπουδαῖος</span> <span class='ocrx_word' id='word_1_879' title='bbox 3074 5510 3087 5536; x_wconf 91' lang='grc'><strong>,</strong></span> <span class='ocrx_word' id='word_1_880' title='bbox 3130 5471 3403 5527; x_wconf 85' lang='grc' dir='ltr'>τουτέστιν</span> <span class='ocrx_word' id='word_1_881' title='bbox 3433 5466 3606 5520; x_wconf 75' lang='grc' dir='ltr'>οὐδενὶ</span> <span class='ocrx_word' id='word_1_882' title='bbox 3639 5463 3747 5516; x_wconf 80' lang='grc' dir='ltr'><strong>τῶν</strong></span> 
     </span>
    </p>
   </div>
   <div class='ocr_carea' id='block_1_116' title="bbox 2169 5559 3749 5651">
    <p class='ocr_par' dir='ltr' id='par_1_116' title="bbox 2169 5559 3749 5651">
     <span class='ocr_line' id='line_1_116' title="bbox 2169 5559 3749 5651; baseline -0.017 -15"><span class='ocrx_word' id='word_1_883' title='bbox 2169 5579 2421 5651; x_wconf 84' lang='grc' dir='ltr'>πονηρῶν</span> <span class='ocrx_word' id='word_1_884' title='bbox 2445 5575 2833 5647; x_wconf 79' lang='grc' dir='ltr'>ὰνακέκραται.</span> <span class='ocrx_word' id='word_1_885' title='bbox 2861 5561 3176 5643; x_wconf 81' lang='grc' dir='ltr'>Μαρτύριον</span> <span class='ocrx_word' id='word_1_886' title='bbox 3202 5560 3258 5620; x_wconf 78' lang='grc' dir='ltr'>δέ</span> <span class='ocrx_word' id='word_1_887' title='bbox 3276 5584 3289 5596; x_wconf 87' lang='grc'><strong>·</strong></span> <span class='ocrx_word' id='word_1_888' title='bbox 3331 5566 3394 5617; x_wconf 85' lang='lat'><strong>&#39;0</strong></span> <span class='ocrx_word' id='word_1_889' title='bbox 3413 5559 3749 5651; x_wconf 68' lang='grc' dir='ltr'>φυλάσσων</span> 
     </span>
    </p>
   </div>
   <div class='ocr_carea' id='block_1_117' title="bbox 2168 5650 3745 5743">
    <p class='ocr_par' dir='ltr' id='par_1_117' title="bbox 2168 5650 3745 5743">
     <span class='ocr_line' id='line_1_117' title="bbox 2168 5650 3745 5743; baseline -0.018 -11"><span class='ocrx_word' id='word_1_890' title='bbox 2168 5679 2342 5732; x_wconf 59' lang='lat' dir='ltr'><strong>errch</strong></span> <span class='ocrx_word' id='word_1_891' title='bbox 2354 5674 2428 5743; x_wconf 74' lang='grc' dir='ltr'>ὴν</span> <span class='ocrx_word' id='word_1_892' title='bbox 2456 5674 2526 5729; x_wconf 86' lang='grc' dir='ltr'>οὺ</span> <span class='ocrx_word' id='word_1_893' title='bbox 2559 5670 2845 5743; x_wconf 76' lang='grc' dir='ltr'>γνώσεται</span> <span class='ocrx_word' id='word_1_894' title='bbox 2871 5664 3036 5735; x_wconf 72' lang='grc' dir='ltr'>ῥῆμα</span> <span class='ocrx_word' id='word_1_895' title='bbox 3065 5662 3350 5729; x_wconf 79' lang='grc' dir='ltr'>πονηρόν.</span> <span class='ocrx_word' id='word_1_896' title='bbox 3382 5656 3491 5710; x_wconf 70' lang='grc' dir='ltr'>Καὶ</span> <span class='ocrx_word' id='word_1_897' title='bbox 3514 5650 3745 5707; x_wconf 70' lang='grc' dir='ltr'>ἐνταῦθα</span> 
     </span>
    </p>
   </div>
  </div>
