4010 6530
261 385 363 447 501

1389 393 1891 455 COMMENTARIA
1922 397 1989 454 ΙΝ
2020 391 2356 454 PSALMOS.

3412 393 3518 451 303

261 504 372 574 γάρ
402 504 463 558 τὸ
488 507 561 561 οὐ
599 506 888 577 γνώσεται
914 552 926 576 ,
958 509 1018 563 οὖ
1052 511 1343 584 πεποίηται
1372 516 1494 570 οὐδὲ
1530 518 1818 590 ἀνακέκραι

1945 516 1999 572 id
2018 525 2124 581 est,
2155 532 2263 571 non
2291 512 2641 585 perpetravit,
2674 521 2849 583 neque
2875 525 3043 582 pravo
3066 509 3215 581 operi
3247 508 3515 570 admistns

260 603 352 649 sat
380 597 519 652 κατὰ
552 599 706 670 ῥῆμα
736 602 971 673 πονηρόν
995 619 1007 633 ο
1041 602 1234 672 ψεῦδος
1262 605 1371 677 γὰρ
1407 608 1468 660 τὸ
1493 609 1733 680 νομίζειν
1766 608 1840 681 μὴ

261 687 583 744 ἐπίστασθαι
622 692 775 763 ῥῆμα
808 695 1041 766 πονηρὸν
1078 697 1168 749 τὸν
1197 697 1529 767 φυλάττοντα
1565 701 1665 771 τὴν
1694 701 1839 756 θείαν

262 780 503 853 ἐντολήν.
576 784 856 856 Διάκρισιν
883 787 992 859 γὰρ
1030 788 1167 860 ἔχων
1206 792 1443 863 πονηροῦ
1475 792 1568 845 καὶ
1600 793 1835 861 ἀγαθοῦ,

261 872 426 926 τᾶλλα
451 875 629 929 πάντα
658 877 1025 950 ἀποστραφεὶς
1054 883 1299 953 ῥήματα,
1328 885 1602 957 ἐπιτηρεῖν
1628 886 1724 957 τὴν
1753 890 1838 941 ὲν-

260 964 422 1035 τολὴν
442 962 626 1038 ἦλθεν.
662 969 726 1022 Ὀ
749 965 841 1023 οὖν
862 970 1012 1040 λέγει
1039 974 1275 1027 τοιοῦτόν
1302 976 1450 1029 ἐστιν
1474 992 1486 1008 ·
1513 978 1713 1049 Πεῖραν
1739 979 1837 1032 οὐκ

261 1056 455 1128 ἔχοντα
479 1060 600 1114 οὐδὲ
628 1062 826 1131 γνῶσιν
848 1062 880 1136 ἢ
904 1064 1113 1119 ἔννοιαν
1140 1066 1249 1120 τῶν
1276 1068 1492 1135 κακῶν,
1522 1069 1837 1142 διερεθίζον-

260 1149 351 1213 τές
378 1168 446 1219 με
477 1152 763 1225 ἐπερὼτων
798 1173 865 1226 με
900 1158 1024 1229 περὶ
1049 1158 1226 1211 αὐτῶν
1244 1199 1258 1224 ,
1290 1157 1477 1233 ὥσπερ
1503 1165 1535 1233 ἡ
1561 1164 1835 1233 Αἰγυπτία

258 1239 353 1294 τὸν
389 1244 582 1315 Ἰωσὴφ
601 1289 614 1311 ,
648 1247 741 1299 καὶ
766 1251 813 1300 οί
846 1250 1203 1323 πρεσϐύτεροι
1230 1254 1329 1323 τὴν
1358 1256 1679 1311 Σουσάνναν.

345 1335 852 1393 Ἀνταπεὸίδοσάν
896 1360 1004 1410 μοι
1039 1345 1273 1412 πονηρὰ
1308 1347 1443 1401 ἀντὶ
1487 1349 1689 1403 καλῶν
1734 1352 1833 1405 καί

257 1427 540 1483 ἀτεκνίαν
564 1430 639 1499 τῇ
675 1432 851 1502 ψυχῇ
880 1452 1007 1503 μου,
1093 1436 1254 1508 Ἑμοῦ
1288 1440 1734 1513 φιλοτιμουμένου
1766 1443 1834 1497 τὰ

259 1518 393 1590 πρὸς
446 1520 651 1586 πάντας
705 1524 1013 1595 καθήκοντα
1068 1529 1372 1601 ἀμέμπτως
1410 1532 1674 1587 ἐπιτελεῖν
1709 1534 1834 1603 βού-

253 1608 459 1676 λεσθαι,
481 1615 529 1667 εί
551 1614 774 1669 δυνατὸν
798 1616 935 1687 μετά
954 1619 1171 1674 πάντων
1192 1621 1288 1674 ἀνθ
1298 1621 1493 1693 ρώπων
1510 1625 1831 1701 εἰρηνεύειν,

250 1705 402 1758 αὐτοὶ
448 1707 570 1760 ἀντὶ
612 1708 816 1762 τούτων
848 1710 956 1764 τῶν
990 1711 1171 1766 καλῶν
1203 1714 1415 1786 πονηρὰ
1447 1704 1834 1771 ἀνταπεδίδουν

253 1812 371 1866 μοι,
402 1798 587 1870 ἐχθροὶ
612 1802 707 1853 καὶ
727 1800 1012 1872 δυσμενεῖς
1030 1802 1118 1856 διὰ
1142 1804 1359 1858 πάντων
1379 1807 1795 1878 ἀναφαινόμενοι
1814 1824 1828 1839 ⁶

1941 618 2026 666 est
2058 627 2071 663 :
2109 608 2465 664 hallucinatio
2495 607 2697 677 quippe
2718 614 2803 661 est
2832 605 3109 669 arbitrari,
3156 619 3281 659 eum
3308 604 3400 674 qui
3431 605 3517 657 di-

1940 704 2127 757 vinum
2150 710 2334 758 servat
2361 700 2699 765 mandatum,
2750 699 2946 752 malam
2984 714 3094 753 non
3122 698 3343 753 novisse
3374 714 3512 753 rem.

1938 789 2076 846 Nam
2131 792 2522 847 discretionem
2550 790 2677 844 boni
2721 797 2776 844 et
2810 788 2941 842 mali
2990 797 3210 852 nactus,
3241 804 3271 842 a
3300 787 3514 843 caeteris

1940 899 2186 949 aversus,
2214 883 2281 937 ad
2310 888 2641 954 praeceptum
2687 880 3017 936 servandum
3048 880 3277 935 accedit.
3308 878 3515 948 Hujus—

1938 975 2084 1031 modi
2109 977 2274 1047 igitur
2319 982 2403 1031 est
2452 974 2596 1045 quod
2637 973 2729 1028 hic
2764 973 2960 1029 effatur
2986 993 2998 1027 :
3024 972 3106 1027 Me
3126 972 3334 1026 nullum
3358 971 3514 1026 malas

1936 1066 2015 1119 rei
2039 1067 2469 1135 experimentum
2502 1071 2592 1117 aut
2608 1062 2856 1117 notitiam
2874 1061 2988 1117 sive
3016 1060 3397 1130 cogitationem
3417 1059 3514 1112 ha-

1937 1157 2153 1212 bentem
2182 1159 2545 1219 concitantes,
2586 1156 2652 1210 de
2674 1155 2742 1211 iis
2785 1154 3218 1225 interrogabant,
3249 1151 3513 1223 quemado

1935 1251 2157 1305 modum
2202 1250 2457 1322 Egyptia
2495 1248 2817 1318 Josepbum,
2849 1256 2903 1303 et
2928 1263 3086 1303 senes
3108 1245 3436 1300 Susannam.

2006 1342 2175 1398 Vens.
2213 1343 2300 1397 12.
2333 1340 2708 1396 Retribuebant
2738 1340 2866 1395 mihi
2896 1340 3039 1393 mala
3055 1354 3148 1403 pro
3163 1338 3310 1392 bonis
3331 1346 3379 1392 et
3404 1346 3486 1392 ste

1934 1436 2187 1490 rilitatem
2217 1436 2408 1490 anima:
2440 1450 2589 1488 meaz.
2613 1433 2749 1488 Cum
2787 1433 2891 1488 hoc
2922 1448 3089 1485 unum
3125 1430 3422 1492 studerem,
3452 1435 3513 1483 ut

1934 1531 2291 1601 congruentia
2315 1529 2574 1584 omnibus
2603 1528 2723 1584 sine
2741 1526 3166 1597 reprehensione
3196 1538 3514 1595 peragerem

1936 1620 2223 1691 siquidem
2256 1621 2429 1690 possit
2481 1634 2605 1676 cum
2641 1619 2898 1674 omnibus
2950 1617 3265 1672 hominibus
3318 1621 3513 1685 pacate

1936 1715 2055 1783 agi;
2094 1729 2191 1783 pro
2246 1714 2314 1768 iis
2364 1714 2442 1768 illi
2476 1713 2637 1768 bonis
2685 1713 2828 1766 mala
2862 1710 3235 1781 rependebant
3271 1708 3425 1771 mihi,
3455 1708 3513 1763 in

1935 1804 2191 1860 omnibus
2228 1820 2350 1860 sese
2384 1803 2634 1859 inimicos
2682 1813 2844 1873 atque
2884 1803 3114 1858 infestos
3139 1802 3462 1859 exhibentes
3492 1815 3507 1852 :

247 1888 310 1942 τὸ
358 1890 483 1944 ὅσον
530 1891 587 1944 δὲ
637 1894 726 1945 ἐπ’
758 1894 943 1957 αὐτοῖς
977 1896 1076 1964 τὴν
1108 1898 1166 1949 ὲν
1201 1897 1383 1961 καλοῖς
1426 1899 1707 1953 εὐτεκνίαν
1734 1902 1818 1972 τῆς

1934 1911 1999 1951 ac
2026 1903 2290 1967 quantum
2329 1895 2384 1948 in
2412 1895 2547 1965 ipsis
2563 1903 2703 1957 erat,
2740 1896 2935 1950 anima:
2982 1911 3115 1951 mea:
3163 1896 3218 1949 in
3247 1894 3407 1948 bonis
3434 1891 3514 1949 fe-

246 1982 426 2056 ψυχῆς
464 2004 563 2057 μου
594 1988 836 2058 ἀναιρεῖν
866 1988 1198 2062 ἐπεχείρουν.
1277 1992 1338 2044 Ei
1380 1992 1539 2061 γοῦν,
1592 1994 1833 2058 πεισθεὶς

248 2074 431 2129 αὐτῶν
455 2079 577 2140 ταῖς
602 2080 903 2150 ἐρωτήσεσι
929 2080 1169 2145 τοιοῦτος
1196 2082 1468 2151 ἐγεγόνειν
1505 2079 1616 2138 οἷον
1644 2087 1831 2156 ἦθελόν

253 2184 320 2260 με
350 2168 612 2241 ποιῆσαι,
642 2170 1015 2260 ἠτεκνώθηᾶν
1040 2174 1073 2246 ἡ
1099 2174 1243 2245 ψυχή
1278 2193 1379 2246 μου
1407 2219 1421 2242 ,
1459 2178 1653 2248 μηκέτι
1675 2180 1828 2250 δεχοέ

249 2258 389 2331 μένη
419 2261 519 2325 τὰς
547 2260 697 2326 θείας
724 2261 819 2315 τοῦ
852 2258 1086 2335 νυμφίου
1120 2267 1300 2335 γονάς.
1375 2269 1439 2321 Ei
1468 2269 1525 2321 δὲ
1551 2270 1716 2324 τέκνα
1742 2270 1829 2324 λέ-

243 2358 428 2421 γοιντο
448 2356 497 2407 οἱ
522 2355 760 2426 μαθηταὶ
781 2357 874 2410 τοῦ
894 2358 1201 2425 διδάξαντος
1217 2402 1230 2423 ,
1265 2362 1356 2414 καὶ
1378 2362 1546 2425 ὄντως
1573 2364 1827 2417 ἀτεκνοῦ-

240 2459 332 2499 ται
359 2447 393 2516 ἡ
426 2446 571 2517 ψυχὴ
604 2447 699 2501 τοῦ
730 2448 1046 2504 διδασκάλου
1066 2492 1082 2517 ,
1138 2452 1415 2522 σφάλμασι
1450 2454 1825 2524 περιπεσοῦσα

239 2535 321 2607 τῷ
348 2538 546 2609 ἑαυτῆς
573 2540 851 2611 σκανδάλῳ
869 2581 884 2604 ,
913 2542 1214 2613 ἀναιροῦσα
1242 2545 1368 2608 τοὺς
1394 2545 1452 2611 ἐξ
1478 2546 1647 2617 αὐτῆς
1671 2564 1826 2615 γενο-

242 2629 443 2700 μένους
471 2631 559 2686 διὰ
613 2634 931 2705 μαθητείας.
993 2636 1137 2690 Ἀντὶ
1166 2636 1222 2690 δὲ
1252 2637 1345 2690 τοῦ
1366 2678 1380 2702 ,
1433 2640 1717 2694 ἀτεκνίαν
1747 2641 1823 2711 τῇ

233 2724 415 2793 ψυχῇ
442 2742 562 2793 μου
583 2766 598 2790 ,
641 2727 1120 2798 Ἀνεστραμμένα
1150 2730 1302 2783 κατὰ
1331 2729 1439 2799 τῆς
1460 2731 1664 2801 ψυχῆς
1678 2750 1818 2803 μου,

231 2815 261 2868 6
296 2815 598 2888 Σύμμαχος
612 2818 893 2884 ἐξέδωκεν.

315 2988 540 3062 Ἐπειδὴ
570 2992 637 3047 τά
669 2993 1003 3066 προκείμενα
1034 2995 1302 3066 συνῆπται
1332 2999 1443 3061 τοῖς
1475 2998 1532 3051 ἐν
1561 2998 1639 3069 τῷ
1666 3010 1820 3071 τρια-

228 3083 411 3155 κοστῷ
448 3085 618 3156 τρίτῳ
653 3085 852 3157 ψαλμῷ
886 3087 1335 3158 προλελεγμένοις
1357 3105 1371 3123 ι
1423 3090 1608 3143 ἐκεῖνα
1634 3090 1689 3144 δὲ
1722 3091 1820 3162 τῆς

231 3174 482 3246 ἱστορίας
511 3177 851 3248 ὲμνημόνευε
878 3180 973 3249 τῆς
1006 3179 1145 3233 κατὰ
1175 3180 1265 3233 τὸν
1304 3180 1622 3253 Ἀϐιμέλεχ,
1648 3184 1730 3251 ἐφ’
1756 3178 1817 3236 οὗ

1936 1988 2270 2043 cunditatem
2316 1986 2384 2041 de
2432 1985 2614 2040 medio
2670 1986 2865 2041 tollere
2924 1987 3213 2042 curabant.
3255 1984 3400 2041 Sane
3460 1986 3511 2042 si

1933 2095 2124 2135 eorum
2142 2078 2532 2150 quaestionibus
2556 2079 3047 2148 obtemperassent,
3086 2080 3210 2134 talis
3264 2076 3511 2148 profecto

1930 2171 2147 2241 qualem
2177 2171 2279 2241 ipsi
2305 2170 2560 2226 volebant
2589 2168 2819 2225 eﬂ‘ectus
2859 2186 3060 2236 essem,
3093 2171 3338 2240 orbaque
3356 2169 3510 2237 prole

1929 2262 2123 2319 fuisset
2147 2263 2327 2317 anima
2356 2278 2496 2327 mea,
2522 2262 2708 2317 divina
2751 2264 2937 2331 sponsi
2982 2262 3193 2318 semina
3227 2277 3338 2315 non
3365 2261 3510 2315 ulte-

1927 2355 2043 2409 rius
2072 2355 2369 2424 excipiens.
2395 2353 2551 2421 Quod
2597 2353 2643 2407 si
2694 2353 2951 2423 discipuli
2982 2352 3225 2408 doctoris
3273 2352 3360 2407 sui
3409 2351 3508 2405 lilii

1926 2460 2047 2500 esse
2098 2444 2382 2509 dicantur;
2431 2459 2495 2498 ea
2553 2460 2772 2514 quoque
2825 2444 3039 2497 ratione
3077 2443 3228 2513 prole
3281 2442 3508 2497 orbatur

1925 2538 2104 2591 anima
2124 2537 2383 2599 doctoris,
2405 2535 2651 2606 ejusdem
2672 2536 2871 2592 erratis
2901 2537 2956 2591 in
2985 2534 3374 2591 oliendiculum
3405 2534 3506 2589 abs

1924 2645 1983 2684 se
2025 2639 2272 2699 paratum
2324 2628 2569 2699 delapsa,
2610 2628 2740 2682 dum
2785 2643 2884 2698 per
2934 2628 3240 2682 doctrinam
3273 2642 3369 2683 eos
3408 2626 3503 2695 qui

1923 2719 2020 2774 abs
2050 2735 2109 2775 se
2129 2721 2241 2773 nati
2272 2729 2401 2775 sunt
2434 2718 2721 2773 interimit.
2744 2717 2850 2773 Pro
2878 2718 2971 2772 illo
3006 2727 3209 2780 autem,
3243 2717 3503 2771 sterilita-

1923 2822 2024 2867 tem
2051 2814 2240 2867 aninue
2260 2829 2425 2879 mete,
2480 2828 2724 2880 perversa
2777 2822 2965 2865 contra
3027 2812 3263 2865 animam
3310 2827 3503 2876 meam,

1922 2906 2086 2961 vertit
2119 2903 2500 2975 Symmachus.

1990 2997 2257 3065 Quoniam
2293 2997 2409 3051 haec
2439 3013 2561 3068 qua:
2614 2996 2726 3068 jam
2763 3004 3067 3051 tractamus
3112 3010 3237 3051 cum
3281 2995 3349 3052 iis
3383 3010 3506 3065 qua:

1921 3090 1977 3144 in
2020 3089 2297 3145 tricesimo
2331 3090 2494 3145 tertio
2537 3089 2752 3159 psalmo
2787 3086 3071 3157 praemissa
3127 3094 3259 3141 sunt
3292 3101 3504 3141 connee

1922 3190 2178 3249 ctuntur;
2217 3183 2307 3237 illa
2336 3198 2467 3238 vero
2488 3183 2554 3237 de
2578 3182 2805 3237 historia
2825 3179 3141 3235 Abimeleclt
3168 3179 3503 3235 mentionem

227 3266 498 3337 ὴλλοίωσε
528 3269 586 3321 τὸ
620 3270 909 3342 πρόσωπον
933 3272 1094 3325 αὐτοῦ
1114 3312 1129 3335 ,
1164 3274 1302 3327 κατά
1329 3273 1397 3326 τὰ
1421 3274 1815 3345 ἀποδεδομένα·

1926 3275 2122 3338 fecere,
2151 3275 2296 3346 apud
2322 3290 2507 3346 quem,
2546 3275 2627 3329 uti
2668 3273 2925 3344 superius
2960 3272 3223 3327 traditum
3253 3280 3358 3337 est,
3399 3272 3502 3325 im-

224 3358 367 3431 τάχα
393 3378 506 3413 που
537 3360 759 3417 δύναται
786 3364 878 3417 καὶ
900 3364 968 3417 τὰ
996 3365 1132 3435 μετά
1161 3368 1349 3437 χεῖρας
1381 3367 1467 3419 ἐπ’
1494 3369 1677 3422 ἐκεῖνα
1697 3370 1820 3422 ἀνα-

224 3451 516 3522 φέρεσθαι.
538 3453 737 3507 Μαθὼν
758 3455 866 3527 γὰρ
887 3458 915 3508 6
935 3456 1107 3510 Σαοὺλ
1124 3458 1274 3527 παρὰ
1296 3459 1453 3531 Δωὴκ
1470 3500 1484 3523 ,
1503 3460 1577 3523 ὡς
1594 3461 1817 3529 ἀφῖκται

223 3544 390 3598 Δαυῖδ
420 3538 565 3615 πρὸς
605 3545 892 3618 Ἀὁιμέλεχ
916 3588 930 3609 ,
971 3549 1167 3620 ἄρτους
1198 3568 1255 3603 τε
1295 3551 1531 3623 εἰληφὼς
1556 3552 1819 3605 διασέσω-

227 3641 354 3686 σται
373 3675 388 3697 ,
420 3636 633 3697 πάντας
665 3638 841 3691 ἀνεῖλε
867 3640 989 3703 τοὺς
1018 3642 1179 3711 ἱερεῖς
1203 3641 1297 3693 τοῦ
1328 3643 1553 3711 Κυρίου,
1572 3645 1733 3697 αὐτόν
1758 3656 1817 3697 τε

225 3727 322 3780 τὸν
369 3726 663 3798 Ἀϐιμέλεχ
698 3730 977 3797 παγγενεί.
1018 3731 1248 3785 Δύναται
1273 3730 1366 3786 οὖν
1395 3734 1568 3788 ταῦτα
1600 3739 1627 3789 6
1657 3738 1819 3791 Δαυῖδ

227 3819 309 3881 εἰς
337 3820 637 3890 πρόσωπον
663 3819 757 3872 τοῦ
784 3821 957 3874 Σαοὺλ
983 3824 1280 3895 εἰρηκέναι,
1310 3825 1384 3888 ὡς
1413 3827 1507 3878 καὶ
1532 3828 1705 3880 πάντα
1727 3829 1818 3883 τὸν

224 3912 438 3984 ψαλμὸν
472 3914 557 3975 εἰς
592 3913 796 3967 ἐκεῖνον
823 3914 1187 3986 ἀναφέρεσθαι
1222 3916 1314 3969 τὸν
1352 3919 1570 3989 καιρὸν,
1602 3918 1725 3972 καθ’
1758 3920 1816 3973 ὃν

226 4003 385 4075 Δωὴκ
441 4003 960 4077 ἐψευδομαρτύρησε
1019 4007 1113 4061 τοῦ
1174 4007 1459 4079 Ἀΰιμέλεχ
1519 4011 1669 4080 παρὰ
1720 4010 1814 4065 τοῦ

225 4092 397 4148 Σαούλ
417 4112 430 4125 ·
469 4093 567 4148 καὶ⁵
604 4094 745 4165 τάχα
778 4096 837 4148 τὸ
865 4096 1090 4167 Πνεῦμα
1118 4098 1178 4150 τὸ
1214 4099 1396 4167 ἅγιον,
1427 4098 1494 4152 τὰ
1528 4101 1672 4171 πάθη
1705 4102 1814 4155 τῶν

224 4185 415 4258 ἱερέων
442 4187 763 4257 ὑπογράφον
790 4227 805 4251 ,
839 4187 909 4240 τὰ
944 4188 1277 4260 προκείμενα
1311 4190 1573 4260 ἀνεφώνει
1604 4191 1775 4259 λέγων
1795 4210 1809 4225 ο

222 4280 503 4345 Δικασον,
529 4282 732 4349 Κύριε,
767 4281 909 4348 τοὺς
946 4281 1302 4350 ἀδικοῦντάς
1320 4302 1418 4353 με,
1449 4286 1631 4340 καὶτὰ
1660 4288 1809 4359 ἑξῆς.

220 4368 299 4425 Τὰ
330 4372 386 4425 δὲ
422 4372 781 4444 μονοτρόπως
813 4374 1076 4445 εἰρημένα
1108 4377 1235 4447 περὶ
1267 4378 1386 4441 ἑνός
1424 4395 1567 4443 τινος
1606 4381 1663 4431 ἐν
1695 4381 1772 4452 τῷ
1792 4424 1807 4447 ,

230 4463 479 4521 Ἐλθέτω
504 4464 677 4530 αὐτῷ
704 4466 883 4535 παγίς
907 4466 986 4534 ἣν
1016 4469 1089 4520 οὐ
1116 4468 1393 4537 γινώσκει
1411 4512 1425 4536 ,
1459 4472 1555 4525 καὶ
1588 4474 1626 4541 ἡ
1659 4473 1811 4542 θήρα

220 4553 297 4622 ῆν
317 4557 548 4627 ἔκρυψε
570 4558 932 4612 συλλαϐέτω
952 4559 1155 4623 αὑτὸν,
1181 4561 1277 4613 καὶ
1302 4562 1373 4615 ἐν
1392 4562 1468 4631 τῇ
1489 4564 1691 4634 πατίδι
1714 4579 1809 4620 πε-

222 4648 408 4703 σεῖται
437 4649 508 4704 ἐν
535 4646 724 4717 αὐτῇ,
765 4636 985 4703 δύναται
1012 4650 1090 4721 τῷ
1119 4646 1277 4723 Δωὴκ
1305 4654 1655 4725 ἐφαρμόζειν.
1693 4659 1803 4711 Kal.

222 4730 279 4791 τὸ
293 4779 308 4804 ,
334 4741 742 4807 Ἀναστάντες
753 4742 1049 4812 μάρτυρες
1064 4740 1275 4809 ἄδικοι,
1292 4744 1329 4798 ἃ
1346 4744 1457 4800 οὐκ
1471 4746 1804 4816 ἐγίνωσκον

221 4829 456 4899 ἠρώτων
468 4850 548 4903 με
567 4850 581 4864 ο
617 4833 1105 4889 ἀνταπεδίδοσάν
1128 4854 1231 4905 μοι
1262 4837 1495 4904 πονηρὰ
1513 4838 1648 4891 ἀντὶ
1666 4838 1804 4908 ἀγα-

221 4922 335 4977 θῶν
361 4965 378 4991 ,
412 4925 511 4980 καὶ
549 4925 842 4981 ἀτεκνίαν
866 4925 942 4995 τῇ
966 4924 1140 4998 ψυχῇ
1175 4947 1295 4997 μου
1316 4970 1330 4994 ,
1395 4933 1458 4984 ὲκ
1511 4932 1800 5002 προσώπου

222 5016 430 5089 λεχθείη
458 5010 525 5072 ἂν
556 5017 654 5072 τοῦ
700 5016 1001 5091 Ἀϐιμέλεχ.
1039 5014 1146 5073 Καὶ
1174 5021 1345 5075 ταῦτα
1377 5020 1434 5075 δὲ
1466 5019 1614 5086 εἰκὸς
1645 5026 1798 5096 εἰρη-

223 5108 367 5162 κέναι
392 5111 481 5163 τὸν
513 5107 683 5165 Δαυτδ
705 5127 718 5139 ο
750 5102 913 5164 αὑτοῦ
944 5113 1051 5185 γὰρ
1079 5106 1483 5186 ἐπιγέγραπται
1515 5118 1543 5169 6
1564 5115 1799 5187 ψαλμὸς,

224 5198 541 5273 ἀποστολικῇ
577 5201 818 5256 διαθέσει
850 5204 1090 5270 λέξοντος
1118 5206 1213 5259 ἄν·
1274 5208 1370 5275 Τίς
1394 5206 1666 5276 ἀσθενεῖ,
1701 5211 1799 5265 καὶ

225 5290 328 5343 οὐκ
357 5292 628 5355 ἁσθενῶ;
657 5292 750 5357 τίς
774 5290 1227 5355 σκανδαλίζεται
1246 5336 1260 5357 ,
1290 5296 1389 5349 καὶ
1420 5298 1531 5351 οὐκ
1552 5296 1667 5367 ἐγὼ
1687 5315 1799 5354 πυ-

226 5381 463 5450 ροῦμαι;
502 5383 596 5437 καὶ
618 5422 635 5448 ,
669 5384 973 5449 Παθόντος
1002 5385 1139 5453 ἐνὸς
1161 5387 1416 5455 μέλους,
1448 5388 1797 5458 συμπάσχει

229 5472 416 5528 πάντα
446 5475 516 5529 τὰ
539 5475 720 5544 μέλη.
758 5472 867 5529 Καὶ
892 5476 1048 5540 ἄλλος
1064 5472 1121 5531 δὲ
1147 5480 1297 5551 παρά
1318 5479 1487 5533 ταῦτα
1515 5482 1796 5553 μάρτυρας

228 5563 318 5630 μὲν
346 5566 563 5629 ἀδίκους
596 5568 739 5620 εῐποι
766 5564 830 5620 ἄν
862 5586 944 5633 τις
979 5571 1183 5634 πάντας
1208 5572 1334 5636 τοὺς
1356 5571 1796 5641 ἐνδιαϐάλλοντας

234 5653 310 5709 τὸν
340 5658 496 5711 Δαυῒδ
529 5661 679 5730 παρὰ
709 5661 802 5714 τοῦ
833 5661 1005 5715 Σαούλ
1027 5679 1040 5693 ο
1074 5664 1194 5716 τότε
1228 5664 1325 5734 μὲν
1358 5666 1465 5737 γάρ
1498 5669 1547 5721 οἱ
1580 5668 1792 5738 Ζιφαῖοι

289 5831 333 5863 ’⁸
371 5831 414 5886 ll
445 5833 570 5890 Cor.
612 5850 699 5901 ιι,
734 5828 825 5895 29.
902 5840 945 5869 ”
986 5838 1007 5892 1
1041 5838 1167 5897 Cor.
1203 5856 1278 5896 xu
1304 5879 1319 5907 ,
1348 5839 1440 5898 26.

1918 3369 2149 3423 mutavit
2178 3369 2383 3423 vultum
2398 3383 2593 3435 suum;
2633 3366 2866 3445 fortasse
2896 3367 3108 3437 possint
3139 3365 3257 3421 haec
3285 3380 3409 3435 qua:
3445 3365 3501 3419 in

1904 3462 2183 3532 praesenti
2225 3468 2460 3532 aguntur
2490 3460 2556 3514 ad
2605 3459 2696 3513 illa
2722 3458 2934 3515 referri.
2962 3458 3097 3512 Nam
3130 3473 3254 3513 cum
3291 3456 3418 3511 Saul
3468 3471 3501 3510 a

1920 3554 2063 3610 Doec
2086 3554 2405 3610 edidicisset
2445 3552 2707 3608 Davidem
2732 3552 2798 3607 ad
2824 3551 3141 3607 Abimelech
3170 3550 3497 3612 accessisse,

1919 3654 2100 3716 atque,
2129 3648 2366 3718 acceptis
2388 3647 2644 3717 panibus,
2689 3648 2917 3701 salutem
2964 3654 3187 3700 nactum
3222 3661 3345 3700 esse
3395 3643 3499 3715 [ne

1923 3736 2060 3792 fame
2089 3737 2338 3809 periret],
2371 3753 2562 3792 omnes
2620 3736 2933 3792 sacerdotes
2958 3735 3191 3799 Domini.
3209 3735 3498 3805 ipsumque

1916 3827 2229 3883 Abimelech
2261 3844 2383 3884 cum
2406 3844 2604 3897 genere
2643 3844 2743 3884 suo
2776 3827 3139 3883 internecioni
3186 3827 3355 3882 dedit.
3391 3825 3498 3880 Po-

1918 3919 2165 3991 tuitergo
2186 3919 2354 3976 David
2390 3921 2504 3976 haec
2521 3921 2588 3976 de
2612 3936 2847 3992 persona
2877 3919 3060 3975 Saulis
3085 3919 3287 3981 dicere,
3326 3919 3401 3972 ita
3437 3927 3498 3973 ut

1917 4018 2065 4067 totus
2095 4013 2337 4083 psalmus
2390 4014 2457 4067 ad
2504 4013 2559 4069 id
2582 4014 2847 4084 temporis
2891 4012 3188 4076 referatur,
3214 4025 3323 4082 quo
3352 4009 3497 4066 Doec

1916 4113 2108 4161 contra
2166 4106 2479 4162 Abimelech
2525 4108 2668 4177 apud
2724 4108 2942 4163 Saulem
3006 4107 3202 4161 falsum
3248 4106 3497 4161 testimo-

1913 4200 2064 4254 nium
2096 4198 2268 4254 dixit:
2298 4209 2351 4255 et
2368 4200 2604 4257 fortasse
2630 4201 2871 4272 Spiritus
2889 4207 3116 4256 sanctus
3148 4198 3495 4253 sacerdotum

1913 4293 2124 4349 cladem
2180 4294 2498 4350 describens
2531 4295 2646 4350 haec
2687 4294 2888 4349 dixerit
2920 4312 2932 4348 :
2991 4292 3211 4355 Judica,
3248 4290 3494 4352 Domine.

1912 4394 2151 4439 nocentes
2182 4402 2280 4448 me.
2308 4393 2362 4441 et
2400 4396 2616 4442 ctetera.
2651 4386 2783 4453 Qua:
2828 4401 2993 4456 porro
3022 4384 3089 4438 de
3119 4398 3230 4437 uno
3259 4382 3375 4438 solo
3419 4381 3496 4435 di-

1911 4485 2130 4541 cuntur,
2167 4487 2228 4532 ut
2268 4479 2398 4533 illud
2430 4488 2514 4535 est
2546 4498 2559 4535 τ
2601 4479 2784 4533 Veniat
2811 4477 2894 4532 illi
2915 4477 3135 4548 laqueus
3161 4492 3311 4554 quem
3338 4476 3493 4544 igno—

1913 4578 2020 4634 rat,
2047 4578 2097 4624 et
2124 4571 2297 4639 captio
2314 4587 2473 4639 quam
2497 4570 2770 4625 abscondit
2798 4566 3152 4638 apprehendat
3196 4582 3334 4631 eum,
3358 4572 3407 4617 et
3436 4565 3494 4617 in

1912 4664 2153 4733 laqueum
2193 4663 2350 4717 cadat
2379 4665 2434 4717 in
2464 4666 2654 4732 ipsum,
2678 4663 2818 4718 Doec
2844 4661 3045 4717 ascribi
3080 4665 3331 4729 possunt.
3358 4655 3493 4710 Illud

1911 4762 2113 4819 autem,
2152 4752 2431 4820 Surgentes
2455 4762 2607 4807 testes
2629 4754 2819 4822 iniqui,
2848 4767 2965 4821 qua:
2996 4749 3307 4821 ignorabam
3330 4746 3493 4799 inter-

1909 4846 2169 4914 rogabant
2212 4860 2325 4897 me:
2360 4843 2717 4897 retribuebant
2760 4841 2888 4895 mihi
2936 4840 3082 4894 mala
3113 4855 3208 4909 pro
3241 4837 3411 4902 bonis,
3440 4844 3492 4890 et

1910 4936 2244 4991 sterilitatem
2268 4936 2459 4990 anima:
2486 4951 2634 4999 mete,
2659 4950 2724 4988 ex
2746 4933 3083 4989 Abimelecbi
3108 4945 3339 5002 persona
3363 4944 3491 4999 pro-

1904 5029 2157 5083 nuntiata
2200 5027 2402 5082 fuerint
2439 5046 2450 5081 :
2486 5039 2607 5097 quae
2654 5043 2752 5097 par
2801 5036 2887 5082 est
2939 5026 3146 5080 dixisse
3203 5023 3485 5084 Davidem,

1902 5121 2146 5190 psalmus
2188 5120 2390 5190 quippe
2447 5120 2567 5187 ejus
2618 5132 2742 5175 esse
2787 5118 3107 5174 inscribitur
3141 5132 3155 5169 :
3193 5118 3240 5172 is
3270 5125 3487 5186 aposto-

1902 5210 2007 5265 lico
2048 5222 2199 5265 more
2226 5210 2306 5265 sic
2337 5210 2533 5265 eﬂatus
2583 5210 2873 5265 credatur:
2908 5210 3040 5276 Quis
3074 5210 3402 5276 inﬁrmatur.
3429 5214 3482 5260 et

1899 5321 1991 5375 ego
2026 5311 2127 5357 nan
2161 5305 2440 5373 inﬁrmor?
2469 5305 2583 5373 quis
2638 5303 3062 5367 scandalizatur,
3130 5310 3179 5355 et
3234 5317 3326 5371 ego
3376 5313 3483 5353 non

1904 5411 2031 5447 uror
2051 5395 2093 5426 ’ί
2118 5392 2215 5448 ?Et
2247 5411 2260 5446 :
2299 5391 2357 5447 Si
2384 5393 2508 5464 quid
2538 5396 2776 5463 patiatur
2800 5412 2964 5448 unum
2994 5394 3303 5462 membrum,
3336 5406 3482 5443 com-

1902 5488 2180 5554 patiuntur
2209 5489 2385 5541 omnia
2419 5488 2650 5542 membra
2680 5489 2747 5539 ¹².
2800 5485 2866 5539 Ει
2910 5485 3139 5542 forsitan
3170 5482 3310 5536 alius
3339 5494 3480 5550 prac-

1903 5587 2051 5633 terea
2083 5577 2250 5638 dicat.
2304 5578 2522 5649 iniquos
2572 5585 2739 5635 testes
2761 5594 2884 5634 esse
2925 5581 3194 5646 quotquot
3220 5570 3477 5625 Davidem

1901 5669 2043 5740 apud
2068 5668 2285 5730 Saulem
2314 5672 2631 5728 calumniati
2662 5680 2821 5758 sunt;
2854 5670 3016 5723 modo
3042 5666 3241 5736 quippe
3274 5662 3479 5732 Ziphuei
