4010 6556
497 363 502 368 ’
521 373 632 430 505

1177 375 1444 432 EUSEBII
1480 377 1966 436 CJESARIENSIS
2004 381 2157 438 OPP.
2203 382 2384 437 PARS
2435 385 2524 438 Ill.
2561 419 2628 428 —
2669 387 3076 443 EXEGETICA.

3677 387 3803 442 504

523 489 850 547 accedentes
859 489 1112 547 dicebant
1131 507 1144 543 :
1175 491 1306 547 Ecce
1321 493 1488 549 David
1509 495 1846 553 absconditus
1859 508 1934 552 est
1951 499 2093 568 apud

2199 499 2384 568 ἔλεγον
2403 501 2647 566 ἐλθόντες
2669 519 2682 531 ·
2726 503 2880 556 Ἰδοὺ
2901 501 3082 557 Δαυῒδ
3111 504 3432 570 κέκρυπται
3461 515 3580 568 ara]:-
3597 500 3799 574 ’ἡμῖν’

523 601 620 640 nos
645 583 692 616 "
721 599 735 635 :
767 594 824 639 et
849 584 958 639 alio
991 593 1238 655 tempore
1285 587 1400 652 alii,
1457 590 1712 658 gratiam,
1765 599 1824 646 ut
1865 592 2098 656 videtur,

527 675 670 748 apud
703 691 886 746 regem
943 676 1154 740 inituri,
1207 679 1380 732 multa
1413 681 1550 734 falsa
1605 684 1922 738 testimonia
1954 685 2102 739 dice-

525 769 678 831 bant.
701 777 758 824 et
781 783 902 838 quae
933 769 1050 838 ipse
1077 785 1251 840 neque
1271 783 1496 828 noverat
1518 790 1694 842 neque
1715 777 1980 848 cogitarat
1999 777 2102 846 ipsi

529 859 900 914 ascrihebant.
947 859 1086 912 Illud
1149 869 1356 925 autem,
1399 863 1760 920 retribuebant
1797 867 1926 918 mihi
1959 867 2102 920 mala

521 965 620 1020 pro
635 950 805 1014 bonis,
837 949 906 1004 ad
937 951 1116 1020 ipsum
1147 967 1366 1024 quoque
1393 953 1652 1012 Davidem
1681 956 1873 1013 referri
1897 964 2096 1029 potest.

519 1039 656 1095 Nam
685 1041 872 1098 multis
901 1057 934 1096 a
955 1041 1160 1100 Davide
1209 1045 1366 1100 bonis
1397 1045 1626 1102 aﬂ‘ectus
1685 1045 1838 1112 Sanl,
1876 1057 2101 1104 contra-

519 1133 658 1190 riam
693 1134 798 1206 ipsi
818 1136 993 1192 vicem
1047 1139 1402 1209 rependebat,
1443 1141 1574 1196 dum
1611 1144 1862 1214 graviora
1909 1152 2103 1198 contra

519 1228 894 1301 animamejus
925 1231 1355 1298 machinaretur,
1419 1243 1474 1289 et
1527 1237 1874 1293 sterilitatem
1907 1239 2104 1292 anima:

519 1321 642 1390 ejus
691 1321 940 1378 inferret.
975 1321 1132 1378 Tunc
1167 1340 1332 1394 porro
1386 1328 1646 1384 sterilitas
1682 1330 1874 1384 animae
1923 1329 2100 1395 adest,

517 1411 650 1468 dum
683 1415 894 1470 semina
913 1431 1036 1485 qua:
1065 1415 1122 1470 in
1163 1417 1398 1472 aliorum
1431 1419 1720 1476 utilitatem
1755 1421 1982 1490 spargit,
2007 1429 2102 1474 aut

517 1521 641 1576 qua!
673 1521 770 1576 per
793 1508 1102 1563 doctrinam
1133 1511 1353 1575 emittit,
1373 1511 1610 1566 fructum
1641 1529 1750 1568 non
1779 1513 1978 1568 ferunt.
2010 1512 2102 1568 Sic

517 1613 650 1670 ergo
673 1615 798 1656 cum
833 1601 1004 1655 David
1041 1603 1212 1656 multa
1247 1602 1397 1658 Sauli
1443 1605 1584 1660 bona
1615 1607 1880 1676 gigneret,
1899 1607 2100 1662 sterili-

517 1701 686 1749 tatem
719 1693 824 1763 ipsi
851 1691 982 1746 Saul
1003 1693 1290 1758 inferebat,
1311 1711 1420 1750 non
1445 1697 1638 1768 dignos
1665 1697 1922 1754 emittens
1943 1714 2100 1770 spar-

519 1801 710 1841 sorum
745 1785 1020 1841 seminum
1053 1783 1292 1842 fructus.

587 1876 760 1933 Vnus.
795 1877 882 1930 15.
919 1878 1030 1948 Ego
1087 1889 1282 1944 autem,
1325 1897 1444 1934 cum
1481 1881 1608 1935 mihi
1653 1883 1862 1936 molesti
1903 1893 2095 1950 essent,

517 1967 776 2022 induebar
806 1969 1002 2024 cilicio.
1037 1968 1106 2022 Et
1131 1970 1478 2024 humiliabam
1527 1973 1580 2025 in
1624 1973 1830 2042 jejunio
1857 1977 2094 2028 animam

517 2077 710 2123 meam,
741 2071 790 2114 et
813 2063 986 2114 oratio
1013 2079 1128 2116 mea
1143 2063 1198 2115 in
1226 2065 1344 2116 sinu
1389 2079 1502 2116 meo
1547 2075 1890 2119 convertetur.
1921 2066 2002 2120 Ad
2033 2083 2096 2122 ea

515 2167 638 2220 qua
689 2153 840 2221 prius
893 2154 1094 2207 tradita
1125 2163 1274 2216 sunt,
1327 2156 1622 2224 perpende,
1663 2173 1854 2226 quaeso
1885 2199 1902 2218 ,
1967 2173 2094 2212 num

515 2243 632 2298 haec
671 2259 918 2312 persona:
973 2244 1273 2300 Salvatoris
1321 2248 1496 2300 nostri
1529 2249 1822 2303 convenire
1871 2259 2092 2320 queant,

516 2337 942 2408 propheticeque
996 2337 1064 2393 de
1109 2339 1230 2408 ipso
1277 2339 1640 2407 przenuntiata
1689 2340 1910 2398 fuerint.
1963 2342 2096 2400 Vide

515 2429 684 2498 igitur
737 2443 868 2482 num
897 2443 962 2482 eo
993 2435 1156 2497 pacto
1186 2429 1476 2492 sententia,
1509 2429 1660 2482 nullo
1709 2431 1900 2493 obice,
1935 2431 2094 2499 plana

514 2518 731 2572 evadat.
795 2515 1044 2572 Salvator
1091 2517 1235 2572 enim
1291 2526 1476 2572 noster
1539 2515 1684 2572 Patri
1733 2535 1834 2576 suo
1879 2519 2093 2574 initium

515 2610 711 2681 psalmi
793 2609 1092 2665 secundum
1167 2609 1560 2664 humanitatem
1615 2611 1856 2676 dixerit,
1921 2629 2094 2681 usque

516 2701 588 2756 ad
618 2702 773 2766 illud,
805 2711 855 2756 et
903 2701 1154 2756 conclude
1182 2703 1432 2757 adversus
1473 2717 1562 2755 eos
1594 2702 1682 2771 qui
1713 2714 2094 2772 persequuntur

515 2807 600 2845 me
629 2808 646 2845 :
683 2793 737 2846 in
769 2793 1032 2847 vicesimo
1065 2793 1242 2862 primo
1267 2795 1392 2847 item
1425 2793 1658 2862 psalmo,
1687 2793 1778 2862 qui
1804 2796 2092 2864 perspicue

515 2884 586 2938 ab
613 2885 732 2954 ipso
755 2883 1049 2954 profertur,
1088 2883 1290 2938 dictum
1321 2891 1436 2939 est:
1469 2881 1536 2937 In
1563 2884 1886 2952 adjutorium
1921 2904 2092 2941 meum

513 2977 756 3040 intende;
795 2978 906 3033 imo
929 2987 982 3032 et
1015 2978 1069 3031 in
1097 2976 1410 3046 Evangeliis
1439 2977 1671 3031 orationi
1705 2993 1930 3034 vacasse
1959 2995 2090 3033 nar-

511 3076 688 3124 ratur.
723 3069 789 3123 Et
812 3085 944 3126 sane
965 3085 1086 3140 quae
1129 3069 1218 3123 hic
1251 3068 1452 3138 scripta
1487 3075 1632 3132 sunt,
1667 3079 1790 3138 post
1822 3081 2090 3140 patratum

517 3177 546 3218 :I
571 3161 776 3218 ludatis
811 3164 867 3218 in
891 3178 1015 3218 eum
1049 3161 1264 3216 facinus
1287 3175 1450 3232 opere
1479 3161 1592 3230 ipse
1619 3164 1930 3232 complevit.
1967 3163 2093 3218 Fra-

2205 597 2299 648 καὶ
2329 593 2516 648 ἄλλοτε
2549 595 2738 660 ἄλλους
2781 597 2960 660 εἰκὸς,
3021 595 3390 664 κεχαρισμένα
3441 594 3518 663 τῷ
3575 593 3802 662 βασιλεῖ

2203 685 2542 754 πράττοντας
2563 723 2576 746 ,
2615 685 2785 738 πολλὰ
2817 689 2934 740 κατ’
2965 686 3130 738 αὑτοῦ
3157 685 3620 756 ψευδομαρτυρεῖν
3644 725 3662 748 ,
3693 685 3802 737 καὶ

2203 774 2240 828 ἃ
2273 776 2346 847 μὴ
2373 777 2666 844 ἐγίνωσκεν
2695 779 2828 848 μηδὲ
2853 780 3124 840 διενοεῖτο,
3159 777 3332 832 ταῦτα
3361 778 3480 832 κατ’
3501 778 3672 830 αὐτοῦ
3703 778 3802 830 λέ-

2205 883 2342 934 γειν.
2373 869 2446 928 Τὸ
2473 869 2538 932 δ’,
2577 869 3085 924 Ἀνταπεδίδοσάν
3097 889 3198 939 μοι
3227 871 3460 937 πονηρὰ
3485 871 3617 924 ἀντὶ
3645 871 3802 938 ἀγαμ-

2203 960 2344 1024 θῶν,
2375 961 2596 1014 δύναται
2621 965 2700 1025 εἰς
2729 962 2890 1015 αὐτὸν
2911 963 3296 1034 ἀναφέρεσθαι.
3344 963 3560 1033 Ἐπειδὴ
3581 962 3798 1015 πολλα-

2205 1069 2292 1116 κις
2331 1048 2388 1106 εὖ
2419 1053 2604 1108 παθὼν
2639 1056 2743 1108 ὑπὸ
2765 1055 2860 1108 τοῦ
2889 1055 3052 1108 Δαυῒδ
3083 1060 3110 1108 ὁ
3135 1055 3308 1108 Σαοὺλ
3331 1095 3345 1116 ,
3379 1058 3490 1116 τοῖς
3515 1055 3800 1117 ἐναντίοις

2203 1145 2364 1198 αὑτὸν
2391 1145 2650 1216 ἠμείϐετο
2670 1187 2684 1210 ,
2719 1147 2866 1200 δεινὰ
2897 1145 3038 1200 κατὰ
3059 1147 3160 1215 τῆς
3195 1147 3375 1216 ψυχῆς
3397 1146 3562 1198 αὑτοῦ
3601 1163 3798 1216 μηκα-

2204 1238 2442 1308 νιίιμενος
2466 1278 2480 1302 ,
2529 1241 2623 1293 καὶ
2681 1241 2934 1294 ἀτεκνίαν
2983 1239 3228 1309 ἐμποιῶν
3277 1241 3342 1308 τῇ
3395 1239 3540 1308 ψυχῇ
3593 1237 3798 1291 αὐτοῦ.

2217 1331 2464 1384 Ἀτεκνία
2495 1331 2550 1384 δὲ
2577 1331 2754 1400 ψυχῆς
2781 1333 2924 1384 ἐστιν
2943 1372 2956 1392 ,
2985 1333 3114 1384 ὅταν
3139 1330 3204 1383 τὰ
3237 1330 3436 1399 ἑαυτῆς
3469 1330 3796 1400 σπέρματα,

2201 1421 2238 1478 ἃ
2269 1423 2660 1477 καταϐάλλεται
2691 1423 2756 1476 δι’
2789 1423 3041 1477 εὐποιιῶν
3071 1427 3152 1486 εἰς
3198 1425 3416 1493 ἑτέρους
3439 1465 3454 1486 ,
3491 1421 3524 1492 ἦ
3569 1421 3670 1475 καὶ
3705 1424 3798 1476 διὰ

2201 1513 2550 1576 διδασκαλίας
2599 1513 2670 1584 μὴ
2719 1513 2874 1584 φέρει
2909 1515 3140 1584 καρπόν.
3211 1513 3366 1566 Οὕτω
3397 1512 3562 1580 γοῦν,
3613 1513 3798 1565 πολλὰ

2199 1605 2497 1672 γεννῶντος
2525 1605 2704 1674 ἀγαθὰ
2723 1605 2814 1658 τοῦ
2847 1605 3008 1658 Δαυῖδ
3035 1608 3115 1668 εἰς
3151 1605 3240 1658 τὸν
3271 1604 3442 1658 Σαοὺλ
3461 1645 3476 1666 ,
3525 1605 3800 1658 ἀτεκνίαν

2201 1698 2352 1768 αὐτῷ
2379 1700 2408 1750 ὁ
2434 1699 2602 1752 Σαοὺλ
2635 1699 2920 1770 εἰργάζετο
2943 1739 2958 1762 ,
3003 1697 3076 1768 μὴ
3103 1697 3284 1762 ἀξίους
3323 1697 3614 1768 προφέρων
3645 1715 3798 1770 καρ-

2203 1788 2338 1849 ποῦς
2365 1787 2473 1840 τῶν
2497 1789 2578 1850 εἰς
2601 1788 2761 1840 αὑτὸν
2791 1787 3170 1858 ἐσπαρμένων.

2283 1877 2422 1947 Ἐγὼ
2459 1877 2546 1940 δὲ,
2589 1880 2660 1931 ἐν
2701 1878 2778 1944 τῷ
2819 1878 3038 1944 αὐτοὺς
3071 1875 3466 1945 παρενοχλεῖν
3489 1895 3620 1946 μοι,
3651 1878 3794 1931 ἑνε-

2197 1970 2430 2039 ὃυόμην
2461 1969 2711 2032 σάκκον,
2753 1970 2852 2023 καὶ
2897 1969 3250 2022 ἐταπείνουν
3279 1970 3348 2020 ἐν
3375 1969 3628 2036 νηστείᾳ
3673 1970 3800 2036 τὴν

2197 2062 2408 2130 ψυχήν
2429 2081 2570 2132 μου,
2597 2064 2694 2116 καὶ
2723 2065 2760 2130 ἡ
2795 2061 3104 2130 προσευχὴ
3141 2081 3260 2130 μοι’
3297 2065 3385 2128 εἰς
3411 2062 3650 2115 κόλπον
3665 2081 3798 2131 μου

2197 2155 2746 2223 ἀποστραφήσεται.
2779 2155 2922 2226 Πρὸς
2954 2159 3066 2218 τοῖς
3095 2154 3430 2208 ἁποδοθεῖσιν
3461 2155 3796 2224 ἐπίσκεψαι,

2199 2249 2406 2317 μήποτε
2433 2247 2500 2300 τὰ
2532 2247 2860 2318 προκείμενα
2895 2245 3224 2316 ἐφαρμόζειν
3257 2245 3474 2298 δύναται
3503 2245 3584 2314 τῷ
3615 2264 3798 2317 προσ-

2195 2338 2328 2409 ώπῳ
2357 2341 2448 2392 τοῦ
2475 2341 2721 2410 Σωτῆρος
2750 2338 2926 2409 μῶν,
2961 2339 3313 2411 προφητικῶς
3341 2337 3402 2402 ἐξ
3429 2338 3594 2390 αὐτοῦ
3631 2339 3795 2392 τεθε-

2198 2432 2488 2501 σπισμένα.
2519 2433 2658 2501 Ὅρα
2683 2431 2726 2484 δ’
2749 2427 2840 2484 οὖν
2876 2432 2922 2482 εί
2959 2429 3032 2500 μὴ
3079 2430 3170 2481 καὶ¹
3193 2429 3365 2492 οὕτως
3401 2427 3794 2498 ἐξομαλίζεται

2194 2521 2227 2592 ἡ
2269 2523 2476 2577 διάνοια
2521 2523 2640 2575 κατ’
2678 2521 2866 2575 οὐδένα
2915 2521 3116 2592 τρόπον
3147 2518 3563 2590 ὲμττοδιζομένη.
3597 2520 3792 2572 Ἔστω

2192 2615 2302 2686 γὰρ
2329 2617 2356 2668 ὀ
2377 2616 2567 2686 Σωτὴρ
2607 2614 2760 2684 ἡμῶν
2800 2615 2972 2683 λέγων
3012 2614 3150 2668 κατὰ
3179 2615 3238 2665 τὸ
3265 2611 3604 2682 ἀνθρώπινον
3643 2610 3788 2679 πρὸς

2191 2708 2282 2760 τὸν
2313 2708 2504 2760 ἑαυτοῦ
2535 2708 2754 2779 Πατέρα
2785 2707 2884 2777 τὴν
2927 2707 3102 2777 ἀρχὴν
3141 2705 3230 2759 τοῦ
3259 2702 3470 2773 ψαλμοῦ
3502 2701 3632 2764 ἕως,
3665 2701 3780 2754 Καὶ

2193 2801 2562 2868 σύγοκλεισον
2587 2799 2656 2862 ἐξ
2687 2800 2964 2864 ἐναντίας
3004 2797 3122 2850 τῶν
3162 2796 3491 2849 διωκόντων
3525 2809 3638 2862 με·
3681 2792 3782 2844 καὶ

2193 2893 2250 2943 ἐν
2281 2891 2508 2962 εἰκοστῷ
2551 2891 2608 2944 δὲ
2655 2891 2749 2944 καὶ
2779 2889 2981 2960 πρώτῳ
3027 2887 3244 2958 ψαλμῷ,
3279 2887 3460 2955 σαφῶς
3486 2887 3578 2938 ὑπ’
3609 2883 3780 2937 αὐτοῦ

2191 2977 2490 3052 λεγομένῳ,
2511 2982 2743 3053 εἴρηται⁸
2773 2984 2878 3048 Εἰς
2901 2981 3014 3048 τὴν
3029 2979 3322 3046 ,ϐοήθειάν
3341 2995 3457 3046 μου
3483 2977 3776 3044 πρόσχεσ

2192 3073 2328 3127 ἀλλὰ
2359 3075 2451 3126 καὶ
2481 3076 2539 3126 ἐν
2566 3077 2678 3136 τοῖς
2714 3073 3066 3142 Εὖαγγελίοις
3096 3075 3162 3144 τῇ
3195 3075 3468 3144 προσευχῇ
3499 3070 3782 3140 σχολάζων

2197 3167 2510 3236 ἱστορεῖται.
2543 3166 2648 3218 Ναὶ
2681 3166 2788 3235 μὴν
2819 3165 2914 3218 καὶ
2959 3165 3022 3217 δι’
3053 3165 3227 3236 ἔργων
3260 3165 3495 3236 ἐπλήρου
3533 3163 3604 3215 τὰ
3643 3166 3776 3216 ἁνα-

515 3269 640 3310 nlca
679 3255 880 3325 quippe
927 3253 1204 3318 militaris,
1237 3253 1550 3323 bellumque
1577 3251 1950 3310 Romanorum
1982 3273 2092 3312 non

2197 3235 2558 3327 γεγραμμένα
2585 3255 2722 3326 μετὰ
2753 3255 2850 3327 τὴν
2879 3258 2997 3308 κατ’
3023 3235 3184 3310 αὐτοῦ
3211 3256 3318 3308 τῶν
3359 3235 3626 3308 Ἰουδαίων
3655 3256 3780 3308 τόλ-

517 3345 613 3400 diu
645 3353 855 3416 postea,
885 3361 986 3400 nec
1009 3346 1130 3401 sine
1159 3344 1252 3400 Dei
1281 3343 1510 3414 judicio,
1535 3345 1754 3402 mstitit.
1785 3346 1922 3402 Nam
1949 3348 2092 3406 Deus

519 3435 638 3508 ipse
671 3443 810 3503 erat,
847 3437 940 3508 qui
973 3451 1070 3508 per
1107 3437 1362 3492 hostilem
1402 3436 1702 3494 exercitum
1733 3439 1884 3510 ipsos
1917 3441 2096 3511 impu-

517 3528 742 3600 gnabat.
777 3529 834 3583 Id
869 3543 965 3602 per
1015 3529 1334 3600 parabolam
1390 3529 1646 3587 Salvator
1693 3533 1807 3602 ipse
1853 3532 2094 3588 declarat

519 3621 592 3678 iis
619 3623 714 3693 qui
741 3623 1082 3678 vocationem
1111 3622 1180 3676 ad
1207 3622 1428 3691 nuptias
1455 3631 1802 3694 respuerant,
1838 3622 2092 3676 nuntios-

517 3729 628 3785 que
667 3712 1084 3780 interfecerant;
1113 3713 1244 3768 dum
1273 3714 1372 3777 ait,
1415 3729 1598 3786 regem
1629 3715 1848 3771 miSIsse
1881 3715 2096 3770 exerci-

517 3816 610 3864 tus
661 3823 794 3862 suos
821 3813 878 3861 et
925 3806 1206 3862 civitatem
1260 3822 1450 3861 eorum
1499 3806 1856 3863 succendisse
1889 3805 1954 3860 ’³.
2002 3807 2093 3862 Sic

519 3897 702 3968 itaque
731 3913 794 3952 ea
845 3913 970 3968 quae
1009 3897 1124 3966 jam
1157 3905 1458 3954 tractamus
1501 3899 1724 3969 impleta
1772 3907 1919 3954 sunt.
1953 3899 2092 3966 Quia

516 3992 662 4047 enim
689 3991 762 4046 illi
783 4005 908 4046 cum
930 3991 1070 4047 Filio
1089 3992 1182 4048 Dei
1209 3992 1395 4063 inique
1415 4001 1662 4062 egerunt,
1679 3993 1918 4048 damnati
1941 4001 2090 4058 sunt,

517 4086 760 4156 ultioque
787 4087 1074 4158 sanguinis
1101 4087 1224 4157 ejus
1254 4094 1472 4156 sumpta
1525 4096 1631 4140 est.
1685 4086 1750 4140 Et
1795 4089 1922 4158 quia
1971 4104 2093 4144 sese

515 4175 720 4230 Christi
751 4175 1004 4232 inimicos
1039 4174 1408 4246 praebuerunt,
1447 4187 1478 4225 a
1521 4172 1630 4228 Deo
1671 4173 1792 4242 ipso
1839 4173 2092 4230 debellati

517 4275 664 4330 sunt,
705 4283 830 4323 cum
860 4267 1010 4333 telis,
1039 4267 1230 4338 clypeo
1268 4273 1322 4320 et
1371 4264 1597 4328 framea,
1654 4265 1916 4320 irruente.
1971 4265 2091 4321 Non

515 4361 730 4416 occulte
761 4360 908 4414 enim
943 4359 1094 4429 ipsos
1126 4356 1312 4412 divina
1343 4355 1499 4421 ultio,
1548 4355 1642 4410 sed
1681 4371 1777 4425 per
1811 4343 2092 4412 hominum

513 4452 788 4508 exercitus
829 4449 1022 4505 adorta
1061 4455 1166 4503 est.
1200 4445 1384 4500 Mirari
1417 4461 1550 4502 sane
1581 4446 1747 4510 subit,
1783 4463 1891 4517 quo
1933 4433 2092 4518 pacto

511 4545 716 4601 dictum
748 4544 942 4599 fuerit:
973 4539 1198 4611 Effunde
1223 4539 1498 4608 frameam.
1523 4538 1642 4594 Non
1661 4542 1828 4606 enim,
1853 4550 1912 4596 ut
1936 4541 2090 4607 olim,

511 4650 576 4690 ex
629 4645 784 4706 parte
835 4634 1014 4689 solum
1060 4631 1202 4686 bello
1255 4630 1691 4696 incessebantur,
1743 4631 1838 4687 sed
1872 4632 2088 4690 hostilis

511 4723 722 4778 framea
768 4733 958 4778 contra
991 4722 1118 4776 illos
1149 4719 1318 4774 eﬂ'usa
1348 4730 1468 4786 est;
1518 4731 1847 4792 quapropter
1879 4722 2086 4776 dictum

509 4825 626 4872 est:
665 4817 904 4870 Pervenit
929 4823 1106 4868 autem
1127 4813 1196 4866 ad
1221 4813 1341 4867 illos
1363 4813 1447 4868 ira
1473 4815 1526 4867 in
1548 4815 1703 4882 ﬁnem
1730 4815 1774 4846 ”
1795 4833 1809 4882 ;
1833 4823 1886 4870 et
1911 4815 2039 4868 alibi
2069 4833 2082 4868 :

515 4907 748 4977 Eﬂ'unde
767 4923 926 4975 super
953 4923 1040 4962 eos
1069 4907 1208 4958 iram
1259 4913 1402 4959 tuam
1437 4907 1501 4960 ’⁸.
1536 4905 1670 4972 Quis
1707 4922 1870 4978 porro
1903 4905 2086 4963 Histo-

514 5001 628 5053 rias
659 4997 830 5052 Flavii
878 4997 1100 5069 Iosephi
1135 5013 1481 5068 percurrens.
1513 5013 1814 5068 earumque
1859 5005 2085 5052 narratu

415 5089 440 5102 ⁸⁷
513 5091 884 5160 comperiens,
914 5107 1022 5160 qua
1067 5090 1278 5146 ratione
1325 5089 1611 5146 obsidione
1639 5091 1909 5154 conclusi,
1945 5090 2088 5146 fame

513 5190 570 5238 et
595 5181 956 5238 seditionibus
999 5181 1315 5246 interibant,
1343 5197 1452 5237 non
1481 5197 1723 5252 praesens
1751 5183 1956 5236 dictum
1991 5182 2088 5236 ad-

515 5274 772 5328 miretur:
809 5273 878 5328 Et
907 5273 1158 5329 conclude
1185 5273 1434 5328 adversus
1465 5291 1552 5328 eos
1583 5275 1672 5344 qui
1710 5283 2088 5344 persequuntur

513 5365 642 5421 me?
673 5365 806 5432 Quae
837 5381 964 5420 vero
994 5371 1176 5436 postea
1207 5365 1640 5436 subsequuntur,
1675 5367 1850 5420 solum
1884 5363 2084 5419 Serva-

510 5465 688 5512 torern
731 5455 882 5512 Patri
946 5471 1048 5512 suo
1097 5456 1398 5512 secundum
1457 5455 1846 5508 humanitatem
1901 5455 2084 5512 dicere

509 5547 765 5606 convenit
797 5565 810 5600 :
843 5545 943 5600 Dic
973 5546 1162 5600 anima:
1203 5559 1372 5598 mew:
1407 5541 1566 5598 Salus
1609 5551 1701 5594 tua
1729 5557 1820 5611 ego
1861 5557 1997 5602 sum,
2030 5549 2084 5596 ct

509 5646 704 5696 caetera
733 5653 906 5710 usque
934 5637 1000 5692 ad
1031 5636 1164 5692 illud
1191 5655 1206 5692 :
1233 5635 1302 5690 Et
1317 5633 1531 5705 angelus
1559 5633 1771 5687 Domini
1808 5639 2081 5687 coarctans

579 5821 626 5854 "
665 5819 848 5894 llieg.
891 5833 1060 5886 mu,
1093 5817 1176 5875 19.
1255 5816 1301 5848 “
1341 5813 1528 5870 Matth.
1563 5813 1710 5884 τηυξ,
1749 5814 1797 5868 7.

1876 5815 1920 5846 ’³
1957 5813 2196 5870 lThess.
2236 5831 2304 5878 ιι,
2343 5817 2425 5870 l6.

2200 3365 2325 3418 μαν.
2375 3346 2642 3418 Ῥομφαία
2673 3347 2780 3418 γὰρ
2821 3347 3185 3420 στρατιωτικὴ
3233 3349 3326 3401 καὶ
3364 3346 3596 3416 πόλεμος
3643 3347 3780 3398 Ῥω-

2199 3439 2393 3511 μαῖκδς
2440 3440 2540 3493 οὐκ
2589 3442 2666 3503 εἰς
2705 3441 2922 3511 μακρὰν
2955 3441 3216 3512 μετῆλθεν
3257 3442 3472 3504 αὐτοὺς,
3503 3441 3602 3492 οὐκ
3647 3439 3778 3492 ἄνευ

2194 3533 2292 3602 τῆς
2329 3532 2424 3585 τοῦ
2465 3531 2598 3584 Θεοῦ
2646 3532 2896 3604 κρίσεως.
2933 3534 3063 3596 Θεὸς
3097 3535 3204 3606 γὰρ
3233 3531 3298 3606 ἦν
3331 3537 3360 3587 ὁ
3391 3533 3642 3604 πολεμῶν
3675 3535 3778 3585 αὖ-

2193 3627 2322 3689 τοὺς
2347 3625 2434 3680 διὰ
2458 3625 2551 3679 τοῦ
2581 3626 2688 3678 τῶν
2717 3627 2988 3697 πολεμίων
3016 3627 3264 3700 στρατοῦ.
3293 3628 3462 3680 Τοῦτο
3485 3629 3578 3680 καὶ
3613 3627 3779 3690 aii-ch;

2193 3717 2223 3767 ὁ
2253 3715 2444 3786 Σωτὴρ
2463 3714 2549 3768 διὰ
2575 3713 2881 3786 παραϐολῆς
2909 3717 3202 3787 παρίστησι
3231 3721 3340 3778 τοῖς
3367 3716 3780 3789 παρῃτημένοις

2191 3807 2292 3878 τὴν
2318 3808 2506 3878 κλῆσιν
2525 3806 2617 3860 τοῦ
2643 3807 2842 3877 γάμου,
2879 3807 2972 3860 καὶ
2995 3809 3122 3870 τοὺς
3151 3807 3414 3878 κλήτορας
3441 3806 3736 3876 φονεύσασι
3761 3823 3774 3834 ·

2194 3897 2404 3967 πέμψαι
2435 3899 2612 3968 φήσας
2645 3899 2734 3952 τὸν
2765 3898 2988 3968 βασιλέα
3003 3897 3072 3950 τὰ
3089 3896 3452 3968 στρατιωτικὰ
3483 3896 3650 3948 αὐτοῦ
3681 3896 3782 3950 καὶ

2191 3991 2294 4062 τὴν
2341 3989 2494 4044 πόλιν
2549 3991 2730 4044 αὐτῶν
2775 3991 3074 4062 ἐμπρῆσαι.
3128 3990 3282 4042 Οὕτω
3335 3989 3512 4042 τοίνυν
3563 3989 3660 4041 καὶ
3707 3989 3780 4041 τὰ

2195 4081 2333 4152 μετὰ
2377 4083 2564 4152 χεῖρας
2609 4081 2924 4153 ἐπληροῦτο.
2969 4079 3182 4151 Ἐπειδὴ
3227 4080 3333 4152 γὰρ
3367 4081 3520 4134 αὐτοὶ
3551 4079 3780 4149 ἠδίκουν

2191 4173 2284 4227 τδν
2317 4173 2444 4226 Υἱδν
2485 4173 2578 4226 τοῦ
2623 4174 2756 4228 Θεοῦ
2779 4215 2796 4238 ,
2835 4173 3215 4245 ἐδικάσθησαν,
3263 4173 3642 4242 ἐκδικουμένου
3679 4171 3776 4224 τοῦ

2193 4264 2422 4336 αἵματος
2463 4263 2646 4317 αὐτοῦ.
2679 4265 2788 4318 Καὶ
2829 4265 3015 4337 ἐπειδὴ
3042 4265 3329 4336 πολεμίους
3370 4263 3567 4325 αὐτοὺς
3607 4263 3778 4315 κατέ-

2195 4372 2396 4427 στησαν
2441 4354 2533 4408 τοῦ
2578 4357 2850 4426 Χριστοῦ,
2887 4356 3301 4427 ἐπολεμήθησαν
3349 4355 3453 4408 ὑπὸ
3493 4355 3586 4408 τοῦ
3631 4355 3776 4408 θεοῦ

2196 4445 2544 4516 μετελθόντος
2573 4444 2722 4514 ὅπλῳ
2771 4446 2864 4498 xui.
2897 4443 3074 4516 θυρεῷ
3113 4444 3206 4496 καὶ
3261 4441 3518 4514 ῥομφαίᾳ.
3551 4443 3628 4494 Οὐ
3663 4443 3776 4513 γὰρ

2194 4535 2414 4605 ἀφανῶς
2445 4536 2640 4599 αὐτοὺς
2669 4538 2701 4606 ὴ
2734 4533 2851 4588 θεία
2887 4536 3070 4606 μετῄει
3112 4534 3255 4604 δίκη,
3289 4532 3422 4587 ἀλλὰ
3460 4532 3550 4585 διὰ
3575 4533 3686 4584 τῶν
3713 4533 3776 4585 ἐν

2194 4628 2498 4700 ἀνθρώποις
2521 4627 2810 4697 πολεμίων.
2841 4627 3127 4698 Θαυμάσαι
3149 4627 3195 4680 δ’
3217 4626 3358 4679 ἐστιν
3381 4628 3526 4688 ὅπως
3555 4625 3774 4696 εῖρηται

2196 4723 2286 4775 τόο
2337 4724 2591 4790 Ἕκχεον
2621 4721 2953 4788 ῥομφαίαν·
2995 4719 3175 4772 οὐκέτι
3217 4717 3324 4788 γὰρ
3377 4718 3516 4782 κατὰ
3553 4717 3614 4770 τὸ
3667 4735 3776 4770 πα-

2194 4811 2341 4864 λαιὸν
2369 4811 2608 4882 μερικῶς
2635 4811 2828 4872 αὐτοὺς
2849 4812 2876 4862 ὁ
2897 4808 3127 4878 πόλεμος
3151 4807 3336 4879 μετῂει
3355 4825 3367 4837 ·
3399 4807 3510 4860 ἀλλ’
3539 4805 3772 4878 ἐξεχύθη

2195 4905 2314 4957 κατ’
2342 4901 2520 4956 αὐτῶν
2551 4901 2818 4972 πολεμικὴ
2851 4902 3089 4972 ῥομφαία
3111 4919 3123 4930 ·
3150 4900 3230 4952 διὸ
3257 4899 3500 4952 λέλεκται
3517 4915 3529 4928 ·
3560 4901 3780 4967 Ἔμϐα-

2194 5011 2267 5048 σε
2290 4994 2338 5048 δ’
2365 4996 2456 5048 ἐπ’
2479 4994 2700 5060 αὐτοὺς
2729 4994 2767 5062 ἡ
2798 4993 2942 5062 ὀργὴ
2987 4995 3073 5058 εὶς
3111 4991 3310 5057 τέλος·
3357 4991 3451 5044 καὶ
3493 4990 3728 5060 ἀλλαχοῦ
3753 5009 3768 5022 ·

2194 5089 2443 5156 ’Ἑκχεον
2473 5086 2564 5140 ἐπ’
2600 5083 2819 5149 αὐτοὺς
2858 5083 2970 5150 τὴν
3009 5085 3191 5151 ὀργήν
3229 5100 3363 5136 σου.
3401 5082 3494 5146 Τίς
3521 5082 3598 5146 δὲ,
3623 5082 3768 5134 διελ-

2189 5181 2297 5234 θὼν
2324 5181 2420 5244 τὰς
2454 5179 2682 5232 Φλαυίου
2726 5178 3027 5246 Ἰωσήππου
3074 5175 3354 5245 Ἱστορίας,
3393 5171 3580 5244 μαθὼν
3613 5191 3672 5226 τε
3709 5171 3774 5236 ἐξ

2187 5272 2363 5326 αὐτῶν
2405 5273 2582 5332 ὅπως,
2633 5269 2689 5320 ἐν
2744 5266 3090 5337 συγκλεισμῴ
3137 5263 3567 5334 ἀποληφθέντες,
3621 5261 3774 5333 λιμῷ

2187 5365 2282 5417 καὶ
2321 5363 2510 5416 στάσει
2553 5359 2938 5431 διεφθάρησαν,
2974 5358 3038 5408 οὐ
3069 5355 3336 5428 θαυμάσει
3386 5354 3480 5426 τὴν
3529 5352 3772 5406 ἐνταῦθα

2187 5455 2449 5522 λέγουσαν
2504 5452 2713 5522 φωνήν·
2773 5450 2882 5505 Καὶ
2938 5452 3306 5518 σύγκλεισον
3359 5447 3428 5511 ἐξ
3485 5446 3770 5510 ἐναντίας

2189 5541 2307 5596 τῶν
2336 5541 2816 5596 καταδιωκόντων
2845 5555 2953 5610 με;
2991 5539 3146 5610 Ἑξῆς
3177 5537 3232 5590 δὲ
3266 5540 3471 5598 τούτοις
3509 5535 3652 5604 μόνῳ
3686 5529 3774 5604 τῷ

2192 5633 2404 5704 Σωτῆρι
2435 5634 2634 5705 πρέπει
2665 5633 2729 5687 ἂν
2746 5632 2926 5700 λέιιιν
2961 5630 3039 5702 τῷ
3082 5629 3272 5684 ἐαυτοῦ
3313 5627 3486 5698 Πατρὶ
3517 5624 3661 5680 κατὰ
3703 5623 3776 5680 τὸ

2505 5817 2549 5846 ’⁸
2591 5813 2728 5868 Psal.
2765 5827 2964 5876 LXVIII,
2998 5809 3090 5866 25.
