  <div class='ocr_page' id='page_1' title='image "/cluster/home/n/w/nwhite01/storage/ocr_20150623/23/hvd.32044019207711/160.png"; bbox 0 0 4010 6554; ppageno 0'>
   <div class='ocr_carea' id='block_1_1' title="bbox 281 417 390 475">
    <p class='ocr_par' dir='ltr' id='par_1_1' title="bbox 281 417 390 475">
     <span class='ocr_line' id='line_1_1' title="bbox 281 417 390 475; baseline -0.018 0"><span class='ocrx_word' id='word_1_1' title='bbox 281 417 390 475; x_wconf 75' lang='lat'><strong>505</strong></span> 
     </span>
    </p>
   </div>
   <div class='ocr_carea' id='block_1_2' title="bbox 1394 403 2379 468">
    <p class='ocr_par' dir='ltr' id='par_1_2' title="bbox 1394 403 2379 468">
     <span class='ocr_line' id='line_1_2' title="bbox 1394 403 2379 468; baseline -0.004 0"><span class='ocrx_word' id='word_1_2' title='bbox 1394 407 1896 468; x_wconf 78' lang='lat' dir='ltr'><strong>COMMENTARIA</strong></span> <span class='ocrx_word' id='word_1_3' title='bbox 1934 407 2002 464; x_wconf 75' lang='grc' dir='ltr'><strong>ΙΝ</strong></span> <span class='ocrx_word' id='word_1_4' title='bbox 2041 403 2379 465; x_wconf 83' lang='lat' dir='ltr'><strong>PSALMOS.</strong></span> 
     </span>
    </p>
   </div>
   <div class='ocr_carea' id='block_1_3' title="bbox 3438 400 3543 457">
    <p class='ocr_par' dir='ltr' id='par_1_3' title="bbox 3438 400 3543 457">
     <span class='ocr_line' id='line_1_3' title="bbox 3438 400 3543 457; baseline 0 0"><span class='ocrx_word' id='word_1_5' title='bbox 3438 400 3543 457; x_wconf 72' lang='lat'><strong>506</strong></span> 
     </span>
    </p>
   </div>
   <div class='ocr_carea' id='block_1_4' title="bbox 279 516 1860 608">
    <p class='ocr_par' dir='ltr' id='par_1_4' title="bbox 279 528 1860 608">
     <span class='ocr_line' id='line_1_4' title="bbox 279 528 1860 608; baseline -0.006 -17"><span class='ocrx_word' id='word_1_6' title='bbox 279 533 647 608; x_wconf 81' lang='grc' dir='ltr'>ἀνθρώπινον·</span> <span class='ocrx_word' id='word_1_7' title='bbox 684 529 880 589; x_wconf 78' lang='grc' dir='ltr'>Εἶπον</span> <span class='ocrx_word' id='word_1_8' title='bbox 915 528 989 599; x_wconf 75' lang='grc' dir='ltr'>τῇ</span> <span class='ocrx_word' id='word_1_9' title='bbox 1020 529 1192 601; x_wconf 64' lang='grc' dir='ltr'><strong>ψυχῇ</strong></span> <span class='ocrx_word' id='word_1_10' title='bbox 1233 546 1383 600; x_wconf 82' lang='grc' dir='ltr'>μου·</span> <span class='ocrx_word' id='word_1_11' title='bbox 1441 528 1709 597; x_wconf 76' lang='grc' dir='ltr'>Σωτηρία</span> <span class='ocrx_word' id='word_1_12' title='bbox 1754 544 1860 581; x_wconf 80' lang='grc' dir='ltr'><strong>σοι</strong></span> 
     </span>
    </p>
   </div>
   <div class='ocr_carea' id='block_1_5' title="bbox 1966 516 3541 608">
    <p class='ocr_par' dir='ltr' id='par_1_5' title="bbox 1970 516 3541 596">
     <span class='ocr_line' id='line_1_5' title="bbox 1970 516 3541 596; baseline -0.005 -15"><span class='ocrx_word' id='word_1_13' title='bbox 1970 543 2078 581; x_wconf 89' lang='lat' dir='ltr'><strong>eos.</strong></span> <span class='ocrx_word' id='word_1_14' title='bbox 2115 525 2242 581; x_wconf 54' lang='lat' dir='ltr'><strong>Haec</strong></span> <span class='ocrx_word' id='word_1_15' title='bbox 2265 537 2431 596; x_wconf 89' lang='lat' dir='ltr'><strong>porro</strong></span> <span class='ocrx_word' id='word_1_16' title='bbox 2459 529 2574 576; x_wconf 88' lang='lat' dir='ltr'><strong>tum</strong></span> <span class='ocrx_word' id='word_1_17' title='bbox 2610 519 2995 590; x_wconf 78' lang='lat' dir='ltr'><strong>implebantur,</strong></span> <span class='ocrx_word' id='word_1_18' title='bbox 3030 532 3158 574; x_wconf 81' lang='lat' dir='ltr'><strong>cum</strong></span> <span class='ocrx_word' id='word_1_19' title='bbox 3185 533 3225 574; x_wconf 76' lang='grc' dir='ltr'><strong>ιι</strong></span> <span class='ocrx_word' id='word_1_20' title='bbox 3252 516 3541 589; x_wconf 82' lang='lat' dir='ltr'><strong>metropoli</strong></span> 
     </span>
    </p>
   </div>
   <div class='ocr_carea' id='block_1_6' title="bbox 275 619 1861 699">
    <p class='ocr_par' dir='ltr' id='par_1_6' title="bbox 275 619 1861 699">
     <span class='ocr_line' id='line_1_6' title="bbox 275 619 1861 699; baseline -0.008 -15"><span class='ocrx_word' id='word_1_21' title='bbox 275 628 393 698; x_wconf 73' lang='grc' dir='ltr'>ειμι</span> <span class='ocrx_word' id='word_1_22' title='bbox 415 627 551 699; x_wconf 75' lang='grc' dir='ltr'>ἐγὼ,</span> <span class='ocrx_word' id='word_1_23' title='bbox 581 627 677 682; x_wconf 76' lang='grc' dir='ltr'>καὶ</span> <span class='ocrx_word' id='word_1_24' title='bbox 720 626 789 680; x_wconf 81' lang='grc' dir='ltr'><strong>τὰ</strong></span> <span class='ocrx_word' id='word_1_25' title='bbox 829 623 974 694; x_wconf 78' lang='grc' dir='ltr'>ἑξῆς.</span> <span class='ocrx_word' id='word_1_26' title='bbox 1004 623 1108 686; x_wconf 72' lang='grc' dir='ltr'>ἕως</span> <span class='ocrx_word' id='word_1_27' title='bbox 1150 621 1266 686; x_wconf 78' lang='grc' dir='ltr'>τοῦ,</span> <span class='ocrx_word' id='word_1_28' title='bbox 1301 619 1411 677; x_wconf 80' lang='grc' dir='ltr'><strong>Καὶ</strong></span> <span class='ocrx_word' id='word_1_29' title='bbox 1459 619 1711 691; x_wconf 73' lang='grc' dir='ltr'>ἄγγελος</span> <span class='ocrx_word' id='word_1_30' title='bbox 1740 622 1861 672; x_wconf 86' lang='grc' dir='ltr'><strong>Κυ-</strong></span> 
     </span>
    </p>
   </div>
   <div class='ocr_carea' id='block_1_7' title="bbox 268 711 1859 786">
    <p class='ocr_par' dir='ltr' id='par_1_7' title="bbox 268 711 1859 786">
     <span class='ocr_line' id='line_1_7' title="bbox 268 711 1859 786; baseline -0.005 -14"><span class='ocrx_word' id='word_1_31' title='bbox 268 717 407 786; x_wconf 93' lang='grc' dir='ltr'>ρίου</span> <span class='ocrx_word' id='word_1_32' title='bbox 444 718 738 773; x_wconf 72' lang='grc' dir='ltr'>ἐκθλίὸων</span> <span class='ocrx_word' id='word_1_33' title='bbox 780 716 1020 781; x_wconf 83' lang='grc' dir='ltr'>αὐτούς.</span> <span class='ocrx_word' id='word_1_34' title='bbox 1070 714 1179 769; x_wconf 73' lang='grc' dir='ltr'><strong>Καὶ</strong></span> <span class='ocrx_word' id='word_1_35' title='bbox 1218 713 1399 768; x_wconf 81' lang='grc' dir='ltr'>ταῦτα</span> <span class='ocrx_word' id='word_1_36' title='bbox 1437 712 1494 767; x_wconf 85' lang='grc' dir='ltr'>δὲ</span> <span class='ocrx_word' id='word_1_37' title='bbox 1537 711 1859 784; x_wconf 77' lang='grc' dir='ltr'><strong>ἐπληροῦτο,</strong></span> 
     </span>
    </p>
   </div>
   <div class='ocr_carea' id='block_1_8' title="bbox 275 805 1861 881">
    <p class='ocr_par' dir='ltr' id='par_1_8' title="bbox 275 805 1861 881">
     <span class='ocr_line' id='line_1_8' title="bbox 275 805 1861 881; baseline -0.004 -17"><span class='ocrx_word' id='word_1_38' title='bbox 275 809 364 864; x_wconf 72' lang='grc' dir='ltr'>Ξτε</span> <span class='ocrx_word' id='word_1_39' title='bbox 408 810 508 878; x_wconf 84' lang='grc' dir='ltr'>τῆς</span> <span class='ocrx_word' id='word_1_40' title='bbox 556 810 652 881; x_wconf 81' lang='grc' dir='ltr'>μὲν</span> <span class='ocrx_word' id='word_1_41' title='bbox 696 806 904 862; x_wconf 76' lang='grc' dir='ltr'>ἑαυτῶν</span> <span class='ocrx_word' id='word_1_42' title='bbox 949 806 1335 879; x_wconf 82' lang='grc' dir='ltr'><strong>μητροπόλεως</strong></span> <span class='ocrx_word' id='word_1_43' title='bbox 1383 805 1708 875; x_wconf 59' lang='grc' dir='ltr'><strong>⁴Ιξλαὺνοντο,</strong></span> <span class='ocrx_word' id='word_1_44' title='bbox 1752 806 1861 859; x_wconf 89' lang='grc' dir='ltr'>διε-</span> 
     </span>
    </p>
   </div>
   <div class='ocr_carea' id='block_1_9' title="bbox 277 894 1857 976">
    <p class='ocr_par' dir='ltr' id='par_1_9' title="bbox 277 894 1857 976">
     <span class='ocr_line' id='line_1_9' title="bbox 277 894 1857 976; baseline -0.004 -19"><span class='ocrx_word' id='word_1_45' title='bbox 277 902 633 976; x_wconf 75' lang='grc' dir='ltr'>σκορπίζοντο</span> <span class='ocrx_word' id='word_1_46' title='bbox 672 903 730 956; x_wconf 79' lang='grc' dir='ltr'><strong>δὲ</strong></span> <span class='ocrx_word' id='word_1_47' title='bbox 768 903 848 965; x_wconf 79' lang='grc' dir='ltr'>εὶς</span> <span class='ocrx_word' id='word_1_48' title='bbox 889 900 1063 954; x_wconf 82' lang='grc' dir='ltr'>πάντα</span> <span class='ocrx_word' id='word_1_49' title='bbox 1102 900 1169 954; x_wconf 78' lang='grc' dir='ltr'>τὰ</span> <span class='ocrx_word' id='word_1_50' title='bbox 1209 898 1359 971; x_wconf 81' lang='grc' dir='ltr'>ἔθνη.</span> <span class='ocrx_word' id='word_1_51' title='bbox 1408 894 1541 953; x_wconf 83' lang='grc' dir='ltr'>Εἶτα</span> <span class='ocrx_word' id='word_1_52' title='bbox 1577 897 1857 951; x_wconf 84' lang='grc' dir='ltr'>λέλεκται·</span> 
     </span>
    </p>
   </div>
   <div class='ocr_carea' id='block_1_10' title="bbox 276 989 1856 1061">
    <p class='ocr_par' dir='ltr' id='par_1_10' title="bbox 276 989 1856 1061">
     <span class='ocr_line' id='line_1_10' title="bbox 276 989 1856 1061; baseline -0.003 -15"><span class='ocrx_word' id='word_1_53' title='bbox 276 991 596 1060; x_wconf 76' lang='grc' dir='ltr'><strong>Γενηθήτω</strong></span> <span class='ocrx_word' id='word_1_54' title='bbox 634 994 673 1061; x_wconf 77' lang='grc' dir='ltr'><em>ὴ</em></span> <span class='ocrx_word' id='word_1_55' title='bbox 714 992 852 1058; x_wconf 73' lang='grc' dir='ltr'><em>ὁδὸς</em></span> <span class='ocrx_word' id='word_1_56' title='bbox 890 990 1088 1046; x_wconf 82' lang='grc' dir='ltr'>αὐτῶν</span> <span class='ocrx_word' id='word_1_57' title='bbox 1129 990 1348 1056; x_wconf 76' lang='grc' dir='ltr'>σκότος</span> <span class='ocrx_word' id='word_1_58' title='bbox 1390 990 1489 1044; x_wconf 77' lang='grc' dir='ltr'>καὶ</span> <span class='ocrx_word' id='word_1_59' title='bbox 1539 989 1856 1057; x_wconf 72' lang='grc' dir='ltr'>ὀλίσθημα.</span> 
     </span>
    </p>
   </div>
   <div class='ocr_carea' id='block_1_11' title="bbox 287 1078 1860 1151">
    <p class='ocr_par' dir='ltr' id='par_1_11' title="bbox 287 1078 1860 1151">
     <span class='ocr_line' id='line_1_11' title="bbox 287 1078 1860 1151; baseline -0.001 -18"><span class='ocrx_word' id='word_1_60' title='bbox 287 1078 437 1144; x_wconf 81' lang='grc' dir='ltr'>Ὁδὸς</span> <span class='ocrx_word' id='word_1_61' title='bbox 467 1080 526 1133; x_wconf 82' lang='grc' dir='ltr'><strong>δὲ</strong></span> <span class='ocrx_word' id='word_1_62' title='bbox 560 1079 738 1134; x_wconf 77' lang='grc' dir='ltr'>αὐτῶν</span> <span class='ocrx_word' id='word_1_63' title='bbox 766 1079 832 1151; x_wconf 75' lang='grc' dir='ltr'>ἣν</span> <span class='ocrx_word' id='word_1_64' title='bbox 862 1079 1062 1133; x_wconf 81' lang='grc' dir='ltr'><strong>ὥδευον</strong></span> <span class='ocrx_word' id='word_1_65' title='bbox 1094 1079 1262 1134; x_wconf 81' lang='grc' dir='ltr'>πάλαι</span> <span class='ocrx_word' id='word_1_66' title='bbox 1302 1080 1336 1151; x_wconf 82' lang='grc' dir='ltr'>ἡ</span> <span class='ocrx_word' id='word_1_67' title='bbox 1378 1078 1665 1151; x_wconf 78' lang='grc' dir='ltr'><strong>σωματικὴ</strong></span> <span class='ocrx_word' id='word_1_68' title='bbox 1696 1079 1860 1148; x_wconf 73' lang='grc' dir='ltr'>ἐτύγ-</span> 
     </span>
    </p>
   </div>
   <div class='ocr_carea' id='block_1_12' title="bbox 273 1168 1863 1241">
    <p class='ocr_par' dir='ltr' id='par_1_12' title="bbox 273 1168 1863 1241">
     <span class='ocr_line' id='line_1_12' title="bbox 273 1168 1863 1241; baseline -0.001 -19"><span class='ocrx_word' id='word_1_69' title='bbox 273 1185 407 1238; x_wconf 86' lang='grc' dir='ltr'>χανε</span> <span class='ocrx_word' id='word_1_70' title='bbox 461 1168 716 1241; x_wconf 82' lang='grc' dir='ltr'>λατρεία,</span> <span class='ocrx_word' id='word_1_71' title='bbox 769 1169 889 1239; x_wconf 80' lang='grc' dir='ltr'>ἥτις</span> <span class='ocrx_word' id='word_1_72' title='bbox 936 1170 1120 1234; x_wconf 82' lang='grc' dir='ltr'>αὐτοῖς</span> <span class='ocrx_word' id='word_1_73' title='bbox 1173 1169 1363 1240; x_wconf 86' lang='grc' dir='ltr'>γέγονε</span> <span class='ocrx_word' id='word_1_74' title='bbox 1404 1169 1593 1234; x_wconf 82' lang='grc' dir='ltr'><strong>σκότος</strong></span> <span class='ocrx_word' id='word_1_75' title='bbox 1622 1169 1717 1223; x_wconf 76' lang='grc' dir='ltr'>καὶ</span> <span class='ocrx_word' id='word_1_76' title='bbox 1753 1168 1863 1223; x_wconf 65' lang='grc' dir='ltr'>ὀλίιε</span> 
     </span>
    </p>
   </div>
   <div class='ocr_carea' id='block_1_13' title="bbox 276 1258 1864 1331">
    <p class='ocr_par' dir='ltr' id='par_1_13' title="bbox 276 1258 1864 1331">
     <span class='ocr_line' id='line_1_13' title="bbox 276 1258 1864 1331; baseline 0.001 -17"><span class='ocrx_word' id='word_1_77' title='bbox 276 1258 494 1331; x_wconf 87' lang='grc' dir='ltr'>σθημα·</span> <span class='ocrx_word' id='word_1_78' title='bbox 548 1259 681 1315; x_wconf 80' lang='grc' dir='ltr'>ἀλλὰ</span> <span class='ocrx_word' id='word_1_79' title='bbox 729 1262 842 1324; x_wconf 77' lang='grc' dir='ltr'>καὶ,</span> <span class='ocrx_word' id='word_1_80' title='bbox 877 1262 1158 1331; x_wconf 71' lang='grc' dir='ltr'>Ἄγγελος</span> <span class='ocrx_word' id='word_1_81' title='bbox 1196 1260 1422 1328; x_wconf 81' lang='grc' dir='ltr'><strong>Κυρίου</strong></span> <span class='ocrx_word' id='word_1_82' title='bbox 1479 1259 1864 1315; x_wconf 84' lang='grc' dir='ltr'>καταδιώκων</span> 
     </span>
    </p>
   </div>
   <div class='ocr_carea' id='block_1_14' title="bbox 272 1343 1859 1422">
    <p class='ocr_par' dir='ltr' id='par_1_14' title="bbox 272 1343 1859 1422">
     <span class='ocr_line' id='line_1_14' title="bbox 272 1343 1859 1422; baseline -0.001 -19"><span class='ocrx_word' id='word_1_83' title='bbox 272 1350 515 1416; x_wconf 81' lang='grc' dir='ltr'>αὐτούς.</span> <span class='ocrx_word' id='word_1_84' title='bbox 559 1349 746 1403; x_wconf 82' lang='grc' dir='ltr'>Ταῦτα</span> <span class='ocrx_word' id='word_1_85' title='bbox 788 1350 885 1421; x_wconf 86' lang='grc' dir='ltr'>μὲν</span> <span class='ocrx_word' id='word_1_86' title='bbox 928 1345 1022 1404; x_wconf 81' lang='grc' dir='ltr'>οὖν</span> <span class='ocrx_word' id='word_1_87' title='bbox 1067 1349 1361 1422; x_wconf 80' lang='grc' dir='ltr'>τάπίχειρα</span> <span class='ocrx_word' id='word_1_88' title='bbox 1406 1343 1481 1403; x_wconf 85' lang='grc' dir='ltr'>ὧν</span> <span class='ocrx_word' id='word_1_89' title='bbox 1526 1351 1646 1403; x_wconf 85' lang='grc' dir='ltr'>κατ’</span> <span class='ocrx_word' id='word_1_90' title='bbox 1693 1349 1859 1403; x_wconf 79' lang='grc' dir='ltr'><strong>αὑτοῦ</strong></span> 
     </span>
    </p>
   </div>
   <div class='ocr_carea' id='block_1_15' title="bbox 271 1441 1866 1514">
    <p class='ocr_par' dir='ltr' id='par_1_15' title="bbox 271 1441 1866 1514">
     <span class='ocr_line' id='line_1_15' title="bbox 271 1441 1866 1514; baseline 0.001 -20"><span class='ocrx_word' id='word_1_91' title='bbox 271 1441 688 1512; x_wconf 79' lang='grc' dir='ltr'><strong>τετολμήκασιν.</strong></span> <span class='ocrx_word' id='word_1_92' title='bbox 731 1441 961 1514; x_wconf 76' lang='grc' dir='ltr'>Ἀκούση</span> <span class='ocrx_word' id='word_1_93' title='bbox 1009 1442 1066 1495; x_wconf 80' lang='grc' dir='ltr'>δὲ</span> <span class='ocrx_word' id='word_1_94' title='bbox 1114 1442 1222 1495; x_wconf 87' lang='grc' dir='ltr'><strong>τῶν</strong></span> <span class='ocrx_word' id='word_1_95' title='bbox 1268 1442 1600 1514; x_wconf 77' lang='grc' dir='ltr'><strong>εἰρημένων,</strong></span> <span class='ocrx_word' id='word_1_96' title='bbox 1644 1443 1742 1514; x_wconf 78' lang='grc' dir='ltr'>οὐχ</span> 
     </span>
    </p>
   </div>
   <div class='ocr_carea' id='block_1_16' title="bbox 270 1532 1861 1607">
    <p class='ocr_par' dir='ltr' id='par_1_16' title="bbox 270 1532 1861 1607">
     <span class='ocr_line' id='line_1_16' title="bbox 270 1532 1861 1607; baseline 0.002 -21"><span class='ocrx_word' id='word_1_97' title='bbox 270 1532 365 1586; x_wconf 77' lang='grc' dir='ltr'>τοῦ</span> <span class='ocrx_word' id='word_1_98' title='bbox 390 1533 642 1606; x_wconf 75' lang='grc' dir='ltr'>Σωτῆρος</span> <span class='ocrx_word' id='word_1_99' title='bbox 669 1535 1069 1606; x_wconf 78' lang='grc' dir='ltr'><strong>κατευχομένου</strong></span> <span class='ocrx_word' id='word_1_100' title='bbox 1113 1534 1223 1587; x_wconf 88' lang='grc' dir='ltr'><strong>τῶν</strong></span> <span class='ocrx_word' id='word_1_101' title='bbox 1273 1533 1465 1589; x_wconf 78' lang='grc' dir='ltr'>ἑαυτοῦ</span> <span class='ocrx_word' id='word_1_102' title='bbox 1511 1534 1723 1607; x_wconf 78' lang='grc' dir='ltr'>ἐχθρῶν</span> <span class='ocrx_word' id='word_1_103' title='bbox 1763 1536 1861 1590; x_wconf 74' lang='grc' dir='ltr'>τοῦ</span> 
     </span>
    </p>
   </div>
   <div class='ocr_carea' id='block_1_17' title="bbox 269 1624 1861 1700">
    <p class='ocr_par' dir='ltr' id='par_1_17' title="bbox 269 1624 1861 1700">
     <span class='ocr_line' id='line_1_17' title="bbox 269 1624 1861 1700; baseline 0.005 -24"><span class='ocrx_word' id='word_1_104' title='bbox 269 1627 381 1688; x_wconf 84' lang='grc' dir='ltr'>τοῖς</span> <span class='ocrx_word' id='word_1_105' title='bbox 413 1624 604 1678; x_wconf 78' lang='grc' dir='ltr'>ἑαυτοῦ</span> <span class='ocrx_word' id='word_1_106' title='bbox 638 1626 905 1697; x_wconf 82' lang='grc' dir='ltr'><strong>μαθηταῖς</strong></span> <span class='ocrx_word' id='word_1_107' title='bbox 939 1628 1405 1700; x_wconf 86' lang='grc' dir='ltr'>παρηγγελκότος,</span> <span class='ocrx_word' id='word_1_108' title='bbox 1435 1630 1861 1698; x_wconf 78' lang='grc' dir='ltr'><strong>Προσεύχεσθε</strong></span> 
     </span>
    </p>
   </div>
   <div class='ocr_carea' id='block_1_18' title="bbox 267 1716 1860 1787">
    <p class='ocr_par' dir='ltr' id='par_1_18' title="bbox 267 1716 1860 1787">
     <span class='ocr_line' id='line_1_18' title="bbox 267 1716 1860 1787; baseline 0.003 -16"><span class='ocrx_word' id='word_1_109' title='bbox 267 1716 418 1785; x_wconf 80' lang='grc' dir='ltr'><strong>ὑπὲρ</strong></span> <span class='ocrx_word' id='word_1_110' title='bbox 448 1716 567 1770; x_wconf 86' lang='grc' dir='ltr'><strong>τῶν</strong></span> <span class='ocrx_word' id='word_1_111' title='bbox 593 1718 1037 1786; x_wconf 59' lang='grc' dir='ltr'>ἐπηρεαζᾌντων</span> <span class='ocrx_word' id='word_1_112' title='bbox 1070 1719 1166 1773; x_wconf 80' lang='grc' dir='ltr'>καὶ</span> <span class='ocrx_word' id='word_1_113' title='bbox 1200 1719 1573 1774; x_wconf 78' lang='grc' dir='ltr'><strong>ἀδικούντων</strong></span> <span class='ocrx_word' id='word_1_114' title='bbox 1594 1722 1820 1787; x_wconf 85' lang='grc' dir='ltr'>αὐτούς</span> <span class='ocrx_word' id='word_1_115' title='bbox 1841 1737 1860 1758; x_wconf 79' lang='grc'><strong>’-</strong></span> 
     </span>
    </p>
   </div>
   <div class='ocr_carea' id='block_1_19' title="bbox 262 1806 1856 1886">
    <p class='ocr_par' dir='ltr' id='par_1_19' title="bbox 262 1806 1856 1886">
     <span class='ocr_line' id='line_1_19' title="bbox 262 1806 1856 1886; baseline 0.005 -27"><span class='ocrx_word' id='word_1_116' title='bbox 262 1806 401 1861; x_wconf 82' lang='grc' dir='ltr'>ἀλλὰ</span> <span class='ocrx_word' id='word_1_117' title='bbox 431 1808 540 1881; x_wconf 76' lang='grc' dir='ltr'>γὰρ</span> <span class='ocrx_word' id='word_1_118' title='bbox 571 1809 775 1864; x_wconf 78' lang='grc' dir='ltr'>τούτων</span> <span class='ocrx_word' id='word_1_119' title='bbox 807 1812 972 1865; x_wconf 82' lang='grc' dir='ltr'>ἄκουε</span> <span class='ocrx_word' id='word_1_120' title='bbox 1025 1811 1102 1875; x_wconf 85' lang='grc' dir='ltr'>ὼς</span> <span class='ocrx_word' id='word_1_121' title='bbox 1142 1811 1499 1885; x_wconf 73' lang='grc' dir='ltr'><strong>προφητικῶς</strong></span> <span class='ocrx_word' id='word_1_122' title='bbox 1530 1812 1856 1886; x_wconf 73' lang='grc' dir='ltr'>εἰρημένων,</span> 
     </span>
    </p>
   </div>
   <div class='ocr_carea' id='block_1_20' title="bbox 1967 610 3541 688">
    <p class='ocr_par' dir='ltr' id='par_1_20' title="bbox 1967 610 3541 688">
     <span class='ocr_line' id='line_1_20' title="bbox 1967 610 3541 688; baseline -0.006 -13"><span class='ocrx_word' id='word_1_123' title='bbox 1967 633 2073 675; x_wconf 89' lang='lat' dir='ltr'><strong>sua</strong></span> <span class='ocrx_word' id='word_1_124' title='bbox 2098 618 2263 688; x_wconf 83' lang='lat' dir='ltr'><strong>pulsi,</strong></span> <span class='ocrx_word' id='word_1_125' title='bbox 2295 617 2352 671; x_wconf 90' lang='lat' dir='ltr'><strong>in</strong></span> <span class='ocrx_word' id='word_1_126' title='bbox 2381 630 2574 672; x_wconf 88' lang='lat' dir='ltr'><strong>omnes</strong></span> <span class='ocrx_word' id='word_1_127' title='bbox 2608 621 2797 683; x_wconf 85' lang='lat' dir='ltr'><strong>gentes</strong></span> <span class='ocrx_word' id='word_1_128' title='bbox 2825 611 3298 683; x_wconf 78' lang='lat' dir='ltr'><strong>dispergebantur.</strong></span> <span class='ocrx_word' id='word_1_129' title='bbox 3332 610 3541 666; x_wconf 81' lang='lat' dir='ltr'><strong>Deinde</strong></span> 
     </span>
    </p>
   </div>
   <div class='ocr_carea' id='block_1_21' title="bbox 1969 702 3537 768">
    <p class='ocr_par' dir='ltr' id='par_1_21' title="bbox 1969 702 3537 768">
     <span class='ocr_line' id='line_1_21' title="bbox 1969 702 3537 768; baseline -0.006 0"><span class='ocrx_word' id='word_1_130' title='bbox 1969 713 2179 768; x_wconf 89' lang='lat' dir='ltr'><strong>dictum</strong></span> <span class='ocrx_word' id='word_1_131' title='bbox 2212 719 2297 768; x_wconf 85' lang='lat' dir='ltr'><strong>est</strong></span> <span class='ocrx_word' id='word_1_132' title='bbox 2340 730 2353 766; x_wconf 90' lang='lat'><strong>:</strong></span> <span class='ocrx_word' id='word_1_133' title='bbox 2388 708 2551 763; x_wconf 83' lang='lat' dir='ltr'><strong>Fiant</strong></span> <span class='ocrx_word' id='word_1_134' title='bbox 2580 708 2676 762; x_wconf 69' lang='lat' dir='ltr'><strong>vim</strong></span> <span class='ocrx_word' id='word_1_135' title='bbox 2710 706 2923 761; x_wconf 81' lang='lat' dir='ltr'><strong>illorum</strong></span> <span class='ocrx_word' id='word_1_136' title='bbox 2952 703 3170 760; x_wconf 63' lang='lat' dir='ltr'><strong>tenebrae</strong></span> <span class='ocrx_word' id='word_1_137' title='bbox 3188 712 3237 759; x_wconf 90' lang='lat' dir='ltr'><strong>et</strong></span> <span class='ocrx_word' id='word_1_138' title='bbox 3259 702 3537 759; x_wconf 74' lang='lat' dir='ltr'><strong>lubricum.</strong></span> 
     </span>
    </p>
   </div>
   <div class='ocr_carea' id='block_1_22' title="bbox 1974 798 3581 876">
    <p class='ocr_par' dir='ltr' id='par_1_22' title="bbox 1974 798 3581 876">
     <span class='ocr_line' id='line_1_22' title="bbox 1974 798 3581 876; baseline 0 -21"><span class='ocrx_word' id='word_1_139' title='bbox 1974 804 2072 859; x_wconf 80' lang='lat' dir='ltr'><strong>Via</strong></span> <span class='ocrx_word' id='word_1_140' title='bbox 2097 820 2203 876; x_wconf 89' lang='lat' dir='ltr'><strong>qua</strong></span> <span class='ocrx_word' id='word_1_141' title='bbox 2242 803 2567 859; x_wconf 78' lang='lat' dir='ltr'><strong>incedebant</strong></span> <span class='ocrx_word' id='word_1_142' title='bbox 2602 808 2719 855; x_wconf 85' lang='lat' dir='ltr'><strong>erat</strong></span> <span class='ocrx_word' id='word_1_143' title='bbox 2757 800 3062 870; x_wconf 81' lang='lat' dir='ltr'><strong>corporalis</strong></span> <span class='ocrx_word' id='word_1_144' title='bbox 3088 799 3179 853; x_wconf 89' lang='lat' dir='ltr'><strong>ille</strong></span> <span class='ocrx_word' id='word_1_145' title='bbox 3202 799 3402 862; x_wconf 86' lang='lat' dir='ltr'><strong>cultus,</strong></span> <span class='ocrx_word' id='word_1_146' title='bbox 3444 798 3537 868; x_wconf 76' lang='grc' dir='ltr'>(ιιιιί</span> <span class='ocrx_word' id='word_1_147' title='bbox 3574 838 3581 855; x_wconf 62' lang='grc' dir='ltr'><strong>ι</strong></span> 
     </span>
    </p>
   </div>
   <div class='ocr_carea' id='block_1_23' title="bbox 1966 890 3539 969">
    <p class='ocr_par' dir='ltr' id='par_1_23' title="bbox 1966 890 3539 969">
     <span class='ocr_line' id='line_1_23' title="bbox 1966 890 3539 969; baseline -0.006 -14"><span class='ocrx_word' id='word_1_148' title='bbox 1966 898 2108 969; x_wconf 85' lang='lat' dir='ltr'><strong>ipsis</strong></span> <span class='ocrx_word' id='word_1_149' title='bbox 2140 896 2377 952; x_wconf 65' lang='lat' dir='ltr'><strong>tenebrae</strong></span> <span class='ocrx_word' id='word_1_150' title='bbox 2406 903 2460 950; x_wconf 86' lang='lat' dir='ltr'><strong>et</strong></span> <span class='ocrx_word' id='word_1_151' title='bbox 2493 894 2759 948; x_wconf 87' lang='lat' dir='ltr'><strong>lubricum</strong></span> <span class='ocrx_word' id='word_1_152' title='bbox 2792 891 2925 959; x_wconf 80' lang='lat' dir='ltr'><strong>fuit;</strong></span> <span class='ocrx_word' id='word_1_153' title='bbox 2952 891 3065 946; x_wconf 90' lang='lat' dir='ltr'><strong>imo</strong></span> <span class='ocrx_word' id='word_1_154' title='bbox 3093 892 3278 955; x_wconf 87' lang='lat' dir='ltr'><strong>etiam,</strong></span> <span class='ocrx_word' id='word_1_155' title='bbox 3309 890 3539 961; x_wconf 76' lang='lat' dir='ltr'><strong>Angelus</strong></span> 
     </span>
    </p>
   </div>
   <div class='ocr_carea' id='block_1_24' title="bbox 1967 980 3543 1059">
    <p class='ocr_par' dir='ltr' id='par_1_24' title="bbox 1967 980 3543 1059">
     <span class='ocr_line' id='line_1_24' title="bbox 1967 980 3543 1059; baseline -0.006 -15"><span class='ocrx_word' id='word_1_156' title='bbox 1967 991 2181 1045; x_wconf 77' lang='lat' dir='ltr'><strong>Domini</strong></span> <span class='ocrx_word' id='word_1_157' title='bbox 2208 1004 2517 1059; x_wconf 79' lang='lat' dir='ltr'><strong>persequens</strong></span> <span class='ocrx_word' id='word_1_158' title='bbox 2543 1002 2652 1040; x_wconf 89' lang='lat' dir='ltr'><strong>eos.</strong></span> <span class='ocrx_word' id='word_1_159' title='bbox 2683 984 2809 1039; x_wconf 71' lang='lat' dir='ltr'><strong>Haec</strong></span> <span class='ocrx_word' id='word_1_160' title='bbox 2838 998 3079 1039; x_wconf 80' lang='lat' dir='ltr'><strong>suorum</strong></span> <span class='ocrx_word' id='word_1_161' title='bbox 3096 981 3359 1037; x_wconf 83' lang='lat' dir='ltr'><strong>adversus</strong></span> <span class='ocrx_word' id='word_1_162' title='bbox 3381 980 3543 1036; x_wconf 68' lang='lat' dir='ltr'><strong>Clu-ri-</strong></span> 
     </span>
    </p>
   </div>
   <div class='ocr_carea' id='block_1_25' title="bbox 1966 1073 3542 1151">
    <p class='ocr_par' dir='ltr' id='par_1_25' title="bbox 1966 1073 3542 1151">
     <span class='ocr_line' id='line_1_25' title="bbox 1966 1073 3542 1151; baseline -0.008 -13"><span class='ocrx_word' id='word_1_163' title='bbox 1966 1091 2111 1139; x_wconf 83' lang='lat' dir='ltr'><strong>stum</strong></span> <span class='ocrx_word' id='word_1_164' title='bbox 2153 1080 2460 1137; x_wconf 82' lang='lat' dir='ltr'><strong>facinorum</strong></span> <span class='ocrx_word' id='word_1_165' title='bbox 2493 1079 2713 1151; x_wconf 65' lang='lat' dir='ltr'><strong>praemia</strong></span> <span class='ocrx_word' id='word_1_166' title='bbox 2739 1078 2912 1134; x_wconf 80' lang='lat' dir='ltr'><strong>fuere.</strong></span> <span class='ocrx_word' id='word_1_167' title='bbox 2947 1075 3214 1131; x_wconf 53' lang='lat' dir='ltr'><strong>Ceterum</strong></span> <span class='ocrx_word' id='word_1_168' title='bbox 3244 1088 3365 1144; x_wconf 81' lang='lat' dir='ltr'><strong>quae</strong></span> <span class='ocrx_word' id='word_1_169' title='bbox 3397 1073 3542 1127; x_wconf 73' lang='lat' dir='ltr'><strong>dit-ta</strong></span> 
     </span>
    </p>
   </div>
   <div class='ocr_carea' id='block_1_26' title="bbox 1966 1167 3540 1246">
    <p class='ocr_par' dir='ltr' id='par_1_26' title="bbox 1966 1167 3540 1246">
     <span class='ocr_line' id='line_1_26' title="bbox 1966 1167 3540 1246; baseline -0.009 -13"><span class='ocrx_word' id='word_1_170' title='bbox 1966 1186 2096 1234; x_wconf 89' lang='lat' dir='ltr'><strong>sunt</strong></span> <span class='ocrx_word' id='word_1_171' title='bbox 2125 1191 2236 1232; x_wconf 90' lang='lat' dir='ltr'><strong>non</strong></span> <span class='ocrx_word' id='word_1_172' title='bbox 2280 1176 2355 1230; x_wconf 90' lang='lat' dir='ltr'><strong>ita</strong></span> <span class='ocrx_word' id='word_1_173' title='bbox 2382 1175 2623 1246; x_wconf 89' lang='lat' dir='ltr'><strong>accipias</strong></span> <span class='ocrx_word' id='word_1_174' title='bbox 2652 1174 2835 1237; x_wconf 83' lang='lat' dir='ltr'><strong>velim,</strong></span> <span class='ocrx_word' id='word_1_175' title='bbox 2864 1170 3025 1242; x_wconf 83' lang='lat' dir='ltr'><strong>quasi</strong></span> <span class='ocrx_word' id='word_1_176' title='bbox 3055 1169 3309 1224; x_wconf 74' lang='lat' dir='ltr'><strong>Salvator</strong></span> <span class='ocrx_word' id='word_1_177' title='bbox 3335 1168 3401 1222; x_wconf 89' lang='lat' dir='ltr'><strong>de</strong></span> <span class='ocrx_word' id='word_1_178' title='bbox 3431 1167 3540 1220; x_wconf 78' lang='lat' dir='ltr'><strong>ini-</strong></span> 
     </span>
    </p>
   </div>
   <div class='ocr_carea' id='block_1_27' title="bbox 1964 1258 3542 1336">
    <p class='ocr_par' dir='ltr' id='par_1_27' title="bbox 1964 1258 3542 1336">
     <span class='ocr_line' id='line_1_27' title="bbox 1964 1258 3542 1336; baseline -0.006 -14"><span class='ocrx_word' id='word_1_179' title='bbox 1964 1270 2230 1323; x_wconf 86' lang='lat' dir='ltr'><strong>micorum</strong></span> <span class='ocrx_word' id='word_1_180' title='bbox 2261 1265 2505 1336; x_wconf 85' lang='lat' dir='ltr'><strong>pernicie</strong></span> <span class='ocrx_word' id='word_1_181' title='bbox 2527 1264 2812 1335; x_wconf 77' lang='lat' dir='ltr'><strong>glorietur,</strong></span> <span class='ocrx_word' id='word_1_182' title='bbox 2838 1261 2931 1333; x_wconf 85' lang='lat' dir='ltr'><strong>qui</strong></span> <span class='ocrx_word' id='word_1_183' title='bbox 2954 1258 3239 1330; x_wconf 88' lang='lat' dir='ltr'><strong>discipulis</strong></span> <span class='ocrx_word' id='word_1_184' title='bbox 3260 1259 3376 1313; x_wconf 87' lang='lat' dir='ltr'><strong>suis</strong></span> <span class='ocrx_word' id='word_1_185' title='bbox 3402 1272 3542 1328; x_wconf 67' lang='lat' dir='ltr'><strong>prse-</strong></span> 
     </span>
    </p>
   </div>
   <div class='ocr_carea' id='block_1_28' title="bbox 1965 1348 3540 1428">
    <p class='ocr_par' dir='ltr' id='par_1_28' title="bbox 1965 1348 3540 1428">
     <span class='ocr_line' id='line_1_28' title="bbox 1965 1348 3540 1428; baseline -0.008 -15"><span class='ocrx_word' id='word_1_186' title='bbox 1965 1358 2130 1428; x_wconf 82' lang='lat' dir='ltr'><strong>ccpit,</strong></span> <span class='ocrx_word' id='word_1_187' title='bbox 2165 1355 2328 1415; x_wconf 96' lang='lat' dir='ltr'><strong>Orate</strong></span> <span class='ocrx_word' id='word_1_188' title='bbox 2357 1372 2453 1425; x_wconf 86' lang='lat' dir='ltr'><strong>pro</strong></span> <span class='ocrx_word' id='word_1_189' title='bbox 2479 1356 2547 1410; x_wconf 87' lang='lat' dir='ltr'><strong>iis</strong></span> <span class='ocrx_word' id='word_1_190' title='bbox 2573 1355 2663 1425; x_wconf 92' lang='lat' dir='ltr'><strong>qui</strong></span> <span class='ocrx_word' id='word_1_191' title='bbox 2694 1353 2987 1408; x_wconf 79' lang='lat' dir='ltr'><strong>molestiam</strong></span> <span class='ocrx_word' id='word_1_192' title='bbox 3017 1361 3067 1411; x_wconf 80' lang='lat' dir='ltr'><strong>et</strong></span> <span class='ocrx_word' id='word_1_193' title='bbox 3098 1349 3353 1420; x_wconf 85' lang='lat' dir='ltr'><strong>injuriam</strong></span> <span class='ocrx_word' id='word_1_194' title='bbox 3390 1348 3540 1402; x_wconf 81' lang='lat' dir='ltr'><strong>vobis</strong></span> 
     </span>
    </p>
   </div>
   <div class='ocr_carea' id='block_1_29' title="bbox 1967 1439 3543 1517">
    <p class='ocr_par' dir='ltr' id='par_1_29' title="bbox 1967 1439 3543 1517">
     <span class='ocr_line' id='line_1_29' title="bbox 1967 1439 3543 1517; baseline -0.008 -14"><span class='ocrx_word' id='word_1_195' title='bbox 1967 1448 2203 1517; x_wconf 80' lang='lat' dir='ltr'><strong>inferunt</strong></span> <span class='ocrx_word' id='word_1_196' title='bbox 2234 1449 2277 1479; x_wconf 77' lang='grc'><strong>’⁷</strong></span> <span class='ocrx_word' id='word_1_197' title='bbox 2316 1467 2328 1501; x_wconf 89' lang='lat'><strong>:</strong></span> <span class='ocrx_word' id='word_1_198' title='bbox 2363 1446 2456 1503; x_wconf 85' lang='lat' dir='ltr'><strong>sed</strong></span> <span class='ocrx_word' id='word_1_199' title='bbox 2486 1446 2603 1501; x_wconf 64' lang='lat' dir='ltr'><strong>haec</strong></span> <span class='ocrx_word' id='word_1_200' title='bbox 2628 1453 2691 1502; x_wconf 89' lang='lat' dir='ltr'><strong>ut</strong></span> <span class='ocrx_word' id='word_1_201' title='bbox 2719 1442 3204 1516; x_wconf 80' lang='lat' dir='ltr'><strong>propheticedicta</strong></span> <span class='ocrx_word' id='word_1_202' title='bbox 3247 1449 3303 1496; x_wconf 91' lang='lat' dir='ltr'><strong>et</strong></span> <span class='ocrx_word' id='word_1_203' title='bbox 3331 1439 3543 1495; x_wconf 81' lang='lat' dir='ltr'><strong>futura—</strong></span> 
     </span>
    </p>
   </div>
   <div class='ocr_carea' id='block_1_30' title="bbox 1964 1531 3542 1608">
    <p class='ocr_par' dir='ltr' id='par_1_30' title="bbox 1964 1531 3542 1608">
     <span class='ocr_line' id='line_1_30' title="bbox 1964 1531 3542 1608; baseline -0.006 -13"><span class='ocrx_word' id='word_1_204' title='bbox 1964 1557 2086 1595; x_wconf 86' lang='lat' dir='ltr'><strong>rum</strong></span> <span class='ocrx_word' id='word_1_205' title='bbox 2140 1556 2328 1595; x_wconf 88' lang='lat' dir='ltr'><strong>corum</strong></span> <span class='ocrx_word' id='word_1_206' title='bbox 2394 1540 2768 1599; x_wconf 75' lang='lat' dir='ltr'><strong>calamitatum</strong></span> <span class='ocrx_word' id='word_1_207' title='bbox 2819 1534 3149 1608; x_wconf 63' lang='lat' dir='ltr'><strong>pranuntia.</strong></span> <span class='ocrx_word' id='word_1_208' title='bbox 3190 1531 3542 1605; x_wconf 74' lang='lat' dir='ltr'><strong>intelligenda</strong></span> 
     </span>
    </p>
   </div>
   <div class='ocr_carea' id='block_1_31' title="bbox 1965 1624 3540 1702">
    <p class='ocr_par' dir='ltr' id='par_1_31' title="bbox 1965 1624 3540 1702">
     <span class='ocr_line' id='line_1_31' title="bbox 1965 1624 3540 1702; baseline -0.008 -15"><span class='ocrx_word' id='word_1_209' title='bbox 1965 1639 2114 1687; x_wconf 84' lang='lat' dir='ltr'><strong>sunt.</strong></span> <span class='ocrx_word' id='word_1_210' title='bbox 2159 1632 2293 1699; x_wconf 75' lang='lat' dir='ltr'><strong>Qua:</strong></span> <span class='ocrx_word' id='word_1_211' title='bbox 2342 1647 2509 1687; x_wconf 89' lang='lat' dir='ltr'><strong>causa</strong></span> <span class='ocrx_word' id='word_1_212' title='bbox 2557 1628 2917 1702; x_wconf 78' lang='lat' dir='ltr'><strong>porrofuerit</strong></span> <span class='ocrx_word' id='word_1_213' title='bbox 2953 1644 3054 1685; x_wconf 85' lang='lat' dir='ltr'><strong>cur</strong></span> <span class='ocrx_word' id='word_1_214' title='bbox 3082 1642 3147 1683; x_wconf 87' lang='lat' dir='ltr'><strong>ea</strong></span> <span class='ocrx_word' id='word_1_215' title='bbox 3193 1624 3540 1685; x_wconf 85' lang='lat' dir='ltr'><strong>vaticinetur,</strong></span> 
     </span>
    </p>
   </div>
   <div class='ocr_carea' id='block_1_32' title="bbox 1964 1716 3545 1796">
    <p class='ocr_par' dir='ltr' id='par_1_32' title="bbox 1964 1716 3545 1796">
     <span class='ocr_line' id='line_1_32' title="bbox 1964 1716 3545 1796; baseline -0.006 -16"><span class='ocrx_word' id='word_1_216' title='bbox 1964 1725 2231 1795; x_wconf 86' lang='lat' dir='ltr'><strong>deinceps</strong></span> <span class='ocrx_word' id='word_1_217' title='bbox 2262 1725 2438 1796; x_wconf 89' lang='lat' dir='ltr'><strong>aperit</strong></span> <span class='ocrx_word' id='word_1_218' title='bbox 2461 1723 2550 1780; x_wconf 87' lang='lat' dir='ltr'><strong>his</strong></span> <span class='ocrx_word' id='word_1_219' title='bbox 2577 1723 2761 1779; x_wconf 80' lang='lat' dir='ltr'><strong>verbis</strong></span> <span class='ocrx_word' id='word_1_220' title='bbox 2794 1741 2807 1777; x_wconf 91' lang='lat'><strong>:</strong></span> <span class='ocrx_word' id='word_1_221' title='bbox 2834 1722 3104 1791; x_wconf 82' lang='lat' dir='ltr'><strong>Quoniam</strong></span> <span class='ocrx_word' id='word_1_222' title='bbox 3133 1720 3300 1792; x_wconf 79' lang='lat' dir='ltr'><strong>gratis</strong></span> <span class='ocrx_word' id='word_1_223' title='bbox 3325 1716 3545 1772; x_wconf 78' lang='lat' dir='ltr'><strong>abscon-</strong></span> 
     </span>
    </p>
   </div>
   <div class='ocr_carea' id='block_1_33' title="bbox 1965 1813 3542 1885">
    <p class='ocr_par' dir='ltr' id='par_1_33' title="bbox 1965 1813 3542 1885">
     <span class='ocr_line' id='line_1_33' title="bbox 1965 1813 3542 1885; baseline -0.007 -14"><span class='ocrx_word' id='word_1_224' title='bbox 1965 1816 2157 1871; x_wconf 77' lang='lat' dir='ltr'><strong>derant</strong></span> <span class='ocrx_word' id='word_1_225' title='bbox 2196 1814 2326 1869; x_wconf 73' lang='grc' dir='ltr'>πιείιὶ</span> <span class='ocrx_word' id='word_1_226' title='bbox 2363 1817 2638 1871; x_wconf 77' lang='lat' dir='ltr'><strong>interitum</strong></span> <span class='ocrx_word' id='word_1_227' title='bbox 2668 1813 2842 1885; x_wconf 79' lang='lat' dir='ltr'><strong>laquei</strong></span> <span class='ocrx_word' id='word_1_228' title='bbox 2877 1813 2983 1879; x_wconf 80' lang='lat' dir='ltr'><strong>sui,</strong></span> <span class='ocrx_word' id='word_1_229' title='bbox 3013 1826 3327 1882; x_wconf 78' lang='lat' dir='ltr'><strong>supervacue</strong></span> <span class='ocrx_word' id='word_1_230' title='bbox 3350 1824 3542 1879; x_wconf 71' lang='lat' dir='ltr'><strong>expre-</strong></span> 
     </span>
    </p>
   </div>
   <div class='ocr_carea' id='block_1_34' title="bbox 263 1883 1860 1974">
    <p class='ocr_par' dir='ltr' id='par_1_34' title="bbox 263 1883 1860 1974">
     <span class='ocr_line' id='line_1_34' title="bbox 263 1883 1860 1974; baseline 0.004 -21"><span class='ocrx_word' id='word_1_231' title='bbox 263 1897 454 1953; x_wconf 77' lang='grc' dir='ltr'>καὶτὰ</span> <span class='ocrx_word' id='word_1_232' title='bbox 485 1899 748 1970; x_wconf 89' lang='grc' dir='ltr'>μέλλοντα</span> <span class='ocrx_word' id='word_1_233' title='bbox 773 1900 957 1965; x_wconf 83' lang='grc' dir='ltr'>αὐτοῖς</span> <span class='ocrx_word' id='word_1_234' title='bbox 991 1883 1370 1973; x_wconf 78' lang='grc' dir='ltr'>συμϐήσεσθαι</span> <span class='ocrx_word' id='word_1_235' title='bbox 1405 1883 1860 1974; x_wconf 67' lang='grc' dir='ltr'>προαναῴωνούν-</span> 
     </span>
    </p>
   </div>
   <div class='ocr_carea' id='block_1_35' title="bbox 1966 1883 2760 1974">
    <p class='ocr_par' dir='ltr' id='par_1_35' title="bbox 1966 1907 2760 1963">
     <span class='ocr_line' id='line_1_35' title="bbox 1966 1907 2760 1963; baseline -0.001 -2"><span class='ocrx_word' id='word_1_236' title='bbox 1966 1907 2249 1963; x_wconf 82' lang='lat' dir='ltr'><strong>braoerunt</strong></span> <span class='ocrx_word' id='word_1_237' title='bbox 2280 1909 2515 1963; x_wconf 89' lang='lat' dir='ltr'><strong>animam</strong></span> <span class='ocrx_word' id='word_1_238' title='bbox 2546 1923 2736 1963; x_wconf 86' lang='lat' dir='ltr'><strong>meam.</strong></span> <span class='ocrx_word' id='word_1_239' title='bbox 2753 1914 2760 1944; x_wconf 64' lang='grc' dir='ltr'><strong>ι</strong></span> 
     </span>
    </p>
   </div>
   <div class='ocr_carea' id='block_1_36' title="bbox 262 1993 3547 2077">
    <p class='ocr_par' dir='ltr' id='par_1_36' title="bbox 262 1993 3547 2077">
     <span class='ocr_line' id='line_1_36' title="bbox 262 1993 3547 2077; baseline 0.002 -27"><span class='ocrx_word' id='word_1_240' title='bbox 262 2011 393 2050; x_wconf 82' lang='grc' dir='ltr'>των.</span> <span class='ocrx_word' id='word_1_241' title='bbox 437 1995 626 2051; x_wconf 79' lang='grc' dir='ltr'>Ταῦτα</span> <span class='ocrx_word' id='word_1_242' title='bbox 670 1996 729 2050; x_wconf 83' lang='grc' dir='ltr'>δὲ</span> <span class='ocrx_word' id='word_1_243' title='bbox 781 1997 962 2061; x_wconf 79' lang='grc' dir='ltr'>αὐτοῖς</span> <span class='ocrx_word' id='word_1_244' title='bbox 1009 1997 1227 2052; x_wconf 76' lang='grc' dir='ltr'>ἔσεσθαι</span> <span class='ocrx_word' id='word_1_245' title='bbox 1282 1998 1525 2064; x_wconf 77' lang='grc' dir='ltr'><strong>θεσπίζει</strong></span> <span class='ocrx_word' id='word_1_246' title='bbox 1568 2000 1657 2059; x_wconf 83' lang='grc' dir='ltr'><strong>διὰ</strong></span> <span class='ocrx_word' id='word_1_247' title='bbox 1695 2002 1856 2058; x_wconf 84' lang='grc' dir='ltr'>ποίαν</span> <span class='ocrx_word' id='word_1_248' title='bbox 1893 2004 2094 2069; x_wconf 82' lang='grc' dir='ltr'>αἰτίαν,</span> <span class='ocrx_word' id='word_1_249' title='bbox 2123 2005 2250 2077; x_wconf 74' lang='grc' dir='ltr'>ἑξῆς</span> <span class='ocrx_word' id='word_1_250' title='bbox 2274 2004 2521 2059; x_wconf 80' lang='grc' dir='ltr'><strong>διδάσκει</strong></span> <span class='ocrx_word' id='word_1_251' title='bbox 2553 2004 2762 2073; x_wconf 74' lang='grc' dir='ltr'>λέγων’</span> <span class='ocrx_word' id='word_1_252' title='bbox 2790 2071 2795 2074; x_wconf 15' lang='grc' dir='ltr'><em>ι</em></span> <span class='ocrx_word' id='word_1_253' title='bbox 2827 2002 2957 2057; x_wconf 79' lang='grc' dir='ltr'>Ὀτι</span> <span class='ocrx_word' id='word_1_254' title='bbox 2989 1998 3217 2070; x_wconf 84' lang='grc' dir='ltr'>δωρεὰν</span> <span class='ocrx_word' id='word_1_255' title='bbox 3269 1993 3547 2077; x_wconf 52' lang='grc' dir='ltr'><strong>ἔκρυψὼε</strong></span> 
     </span>
    </p>
   </div>
   <div class='ocr_carea' id='block_1_37' title="bbox 267 2088 2411 2172">
    <p class='ocr_par' dir='ltr' id='par_1_37' title="bbox 267 2088 2411 2172">
     <span class='ocr_line' id='line_1_37' title="bbox 267 2088 2411 2172; baseline 0.007 -28"><span class='ocrx_word' id='word_1_256' title='bbox 267 2103 366 2144; x_wconf 79' lang='grc' dir='ltr'><strong>αοι</strong></span> <span class='ocrx_word' id='word_1_257' title='bbox 393 2088 724 2159; x_wconf 63' lang='grc' dir='ltr'>διαφθορὰν</span> <span class='ocrx_word' id='word_1_258' title='bbox 757 2091 1008 2163; x_wconf 76' lang='grc' dir='ltr'><strong>παγίδος</strong></span> <span class='ocrx_word' id='word_1_259' title='bbox 1038 2093 1260 2158; x_wconf 84' lang='grc' dir='ltr'>αὐτῶν,</span> <span class='ocrx_word' id='word_1_260' title='bbox 1303 2094 1506 2164; x_wconf 78' lang='grc' dir='ltr'>μάτην</span> <span class='ocrx_word' id='word_1_261' title='bbox 1539 2095 1861 2153; x_wconf 80' lang='grc' dir='ltr'>ὼνείδισαν</span> <span class='ocrx_word' id='word_1_262' title='bbox 1895 2100 2010 2171; x_wconf 86' lang='grc' dir='ltr'>τὴν</span> <span class='ocrx_word' id='word_1_263' title='bbox 2036 2102 2249 2172; x_wconf 74' lang='grc' dir='ltr'>ψυχήν</span> <span class='ocrx_word' id='word_1_264' title='bbox 2269 2120 2411 2172; x_wconf 81' lang='grc' dir='ltr'>μου.</span> 
     </span>
    </p>
   </div>
   <div class='ocr_carea' id='block_1_38' title="bbox 343 2184 1857 2262">
    <p class='ocr_par' dir='ltr' id='par_1_38' title="bbox 343 2184 1857 2262">
     <span class='ocr_line' id='line_1_38' title="bbox 343 2184 1857 2262; baseline 0.007 -25"><span class='ocrx_word' id='word_1_265' title='bbox 343 2184 453 2238; x_wconf 74' lang='lat' dir='ltr'><strong>Kal</strong></span> <span class='ocrx_word' id='word_1_266' title='bbox 493 2186 667 2240; x_wconf 79' lang='grc' dir='ltr'>ταῦτα</span> <span class='ocrx_word' id='word_1_267' title='bbox 716 2188 816 2258; x_wconf 83' lang='grc' dir='ltr'>μὲν</span> <span class='ocrx_word' id='word_1_268' title='bbox 849 2189 979 2260; x_wconf 77' lang='grc' dir='ltr'>περὶ</span> <span class='ocrx_word' id='word_1_269' title='bbox 1009 2188 1103 2244; x_wconf 79' lang='grc' dir='ltr'>τοῦ</span> <span class='ocrx_word' id='word_1_270' title='bbox 1137 2189 1376 2262; x_wconf 82' lang='grc' dir='ltr'>πλήθους</span> <span class='ocrx_word' id='word_1_271' title='bbox 1402 2191 1510 2246; x_wconf 90' lang='grc' dir='ltr'><strong>τῶν</strong></span> <span class='ocrx_word' id='word_1_272' title='bbox 1542 2194 1662 2247; x_wconf 81' lang='grc' dir='ltr'>κατ’</span> <span class='ocrx_word' id='word_1_273' title='bbox 1691 2194 1857 2249; x_wconf 78' lang='grc' dir='ltr'>αὐτοῦ</span> 
     </span>
    </p>
   </div>
   <div class='ocr_carea' id='block_1_39' title="bbox 274 2275 1859 2358">
    <p class='ocr_par' dir='ltr' id='par_1_39' title="bbox 274 2275 1859 2358">
     <span class='ocr_line' id='line_1_39' title="bbox 274 2275 1859 2358; baseline 0.007 -30"><span class='ocrx_word' id='word_1_274' title='bbox 274 2275 671 2358; x_wconf 68' lang='grc' dir='ltr'>συνελθόντων·</span> <span class='ocrx_word' id='word_1_275' title='bbox 709 2279 779 2333; x_wconf 82' lang='grc' dir='ltr'>τὰ</span> <span class='ocrx_word' id='word_1_276' title='bbox 827 2280 883 2333; x_wconf 83' lang='grc' dir='ltr'><strong>δὲ</strong></span> <span class='ocrx_word' id='word_1_277' title='bbox 924 2280 1050 2351; x_wconf 79' lang='grc' dir='ltr'>έξῆς</span> <span class='ocrx_word' id='word_1_278' title='bbox 1076 2282 1261 2335; x_wconf 82' lang='grc' dir='ltr'>οὐκέτι</span> <span class='ocrx_word' id='word_1_279' title='bbox 1297 2283 1426 2355; x_wconf 74' lang='grc' dir='ltr'>περὶ</span> <span class='ocrx_word' id='word_1_280' title='bbox 1465 2283 1694 2349; x_wconf 82' lang='grc' dir='ltr'>πολλῶν,</span> <span class='ocrx_word' id='word_1_281' title='bbox 1730 2285 1859 2358; x_wconf 79' lang='grc' dir='ltr'>περὶ</span> 
     </span>
    </p>
   </div>
   <div class='ocr_carea' id='block_1_40' title="bbox 268 2353 1856 2449">
    <p class='ocr_par' dir='ltr' id='par_1_40' title="bbox 268 2353 1856 2449">
     <span class='ocr_line' id='line_1_40' title="bbox 268 2353 1856 2449; baseline 0.006 -28"><span class='ocrx_word' id='word_1_282' title='bbox 268 2367 313 2420; x_wconf 81' lang='grc' dir='ltr'><strong>δ’</strong></span> <span class='ocrx_word' id='word_1_283' title='bbox 331 2353 466 2433; x_wconf 78' lang='grc' dir='ltr'>’ὲνδς</span> <span class='ocrx_word' id='word_1_284' title='bbox 488 2369 809 2441; x_wconf 83' lang='grc' dir='ltr'>λελεγμένα,</span> <span class='ocrx_word' id='word_1_285' title='bbox 836 2372 1057 2427; x_wconf 76' lang='grc' dir='ltr'>δύναται</span> <span class='ocrx_word' id='word_1_286' title='bbox 1089 2353 1587 2448; x_wconf 83' lang='grc' dir='ltr'>προσαγορεύεσθαι</span> <span class='ocrx_word' id='word_1_287' title='bbox 1604 2379 1733 2449; x_wconf 79' lang='grc' dir='ltr'>περὶ</span> <span class='ocrx_word' id='word_1_288' title='bbox 1761 2353 1856 2431; x_wconf 80' lang='grc' dir='ltr'>τοῦ</span> 
     </span>
    </p>
   </div>
   <div class='ocr_carea' id='block_1_41' title="bbox 279 2459 1857 2542">
    <p class='ocr_par' dir='ltr' id='par_1_41' title="bbox 279 2459 1857 2542">
     <span class='ocr_line' id='line_1_41' title="bbox 279 2459 1857 2542; baseline 0.008 -29"><span class='ocrx_word' id='word_1_289' title='bbox 279 2459 471 2525; x_wconf 82' lang='grc' dir='ltr'>Ἰούδα,</span> <span class='ocrx_word' id='word_1_290' title='bbox 505 2462 586 2527; x_wconf 83' lang='grc' dir='ltr'>ὃς,</span> <span class='ocrx_word' id='word_1_291' title='bbox 623 2464 880 2536; x_wconf 86' lang='grc' dir='ltr'>κρύπτων</span> <span class='ocrx_word' id='word_1_292' title='bbox 925 2465 1024 2536; x_wconf 75' lang='grc' dir='ltr'><strong>τὴν</strong></span> <span class='ocrx_word' id='word_1_293' title='bbox 1068 2466 1190 2520; x_wconf 86' lang='grc' dir='ltr'>κατ’</span> <span class='ocrx_word' id='word_1_294' title='bbox 1218 2466 1385 2521; x_wconf 79' lang='grc' dir='ltr'>αὑτοῦ</span> <span class='ocrx_word' id='word_1_295' title='bbox 1438 2470 1729 2542; x_wconf 84' lang='grc' dir='ltr'>συσκευὴν,</span> <span class='ocrx_word' id='word_1_296' title='bbox 1771 2489 1857 2541; x_wconf 82' lang='grc' dir='ltr'><strong>φι-</strong></span> 
     </span>
    </p>
   </div>
   <div class='ocr_carea' id='block_1_42' title="bbox 267 2551 1858 2633">
    <p class='ocr_par' dir='ltr' id='par_1_42' title="bbox 267 2551 1858 2633">
     <span class='ocr_line' id='line_1_42' title="bbox 267 2551 1858 2633; baseline 0.008 -28"><span class='ocrx_word' id='word_1_297' title='bbox 267 2551 386 2607; x_wconf 90' lang='grc' dir='ltr'>λίαν</span> <span class='ocrx_word' id='word_1_298' title='bbox 416 2571 475 2608; x_wconf 90' lang='grc' dir='ltr'><strong>τε</strong></span> <span class='ocrx_word' id='word_1_299' title='bbox 516 2553 1081 2628; x_wconf 81' lang='grc' dir='ltr'>καθυποκρινόμενος,</span> <span class='ocrx_word' id='word_1_300' title='bbox 1131 2557 1397 2630; x_wconf 75' lang='grc' dir='ltr'>φιλήματι</span> <span class='ocrx_word' id='word_1_301' title='bbox 1438 2560 1724 2633; x_wconf 74' lang='grc' dir='ltr'>παρεδίδου</span> <span class='ocrx_word' id='word_1_302' title='bbox 1765 2563 1858 2618; x_wconf 84' lang='grc' dir='ltr'><strong>τὸν</strong></span> 
     </span>
    </p>
   </div>
   <div class='ocr_carea' id='block_1_43' title="bbox 266 2644 1858 2722">
    <p class='ocr_par' dir='ltr' id='par_1_43' title="bbox 266 2644 1858 2722">
     <span class='ocr_line' id='line_1_43' title="bbox 266 2644 1858 2722; baseline 0.008 -25"><span class='ocrx_word' id='word_1_303' title='bbox 266 2644 618 2709; x_wconf 79' lang='grc' dir='ltr'>Διδάσκαλον.</span> <span class='ocrx_word' id='word_1_304' title='bbox 650 2647 741 2701; x_wconf 84' lang='grc' dir='ltr'>Διὸ</span> <span class='ocrx_word' id='word_1_305' title='bbox 783 2649 913 2722; x_wconf 77' lang='grc' dir='ltr'>περὶ</span> <span class='ocrx_word' id='word_1_306' title='bbox 954 2648 1118 2704; x_wconf 79' lang='grc' dir='ltr'>αὑτοῦ</span> <span class='ocrx_word' id='word_1_307' title='bbox 1164 2650 1311 2720; x_wconf 84' lang='grc' dir='ltr'>λέγοι</span> <span class='ocrx_word' id='word_1_308' title='bbox 1355 2652 1423 2706; x_wconf 77' lang='grc' dir='ltr'><strong>ἂν</strong></span> <span class='ocrx_word' id='word_1_309' title='bbox 1469 2653 1566 2716; x_wconf 83' lang='grc' dir='ltr'><strong>τὸ,</strong></span> <span class='ocrx_word' id='word_1_310' title='bbox 1606 2655 1858 2708; x_wconf 80' lang='grc' dir='ltr'>Ἐλθέτω</span> 
     </span>
    </p>
   </div>
   <div class='ocr_carea' id='block_1_44' title="bbox 265 2737 1860 2814">
    <p class='ocr_par' dir='ltr' id='par_1_44' title="bbox 265 2737 1860 2814">
     <span class='ocr_line' id='line_1_44' title="bbox 265 2737 1860 2814; baseline 0.006 -23"><span class='ocrx_word' id='word_1_311' title='bbox 265 2737 427 2805; x_wconf 85' lang='grc' dir='ltr'><strong>αὺτῴ</strong></span> <span class='ocrx_word' id='word_1_312' title='bbox 453 2738 742 2810; x_wconf 67' lang='grc' dir='ltr'>παγίς,ἣν</span> <span class='ocrx_word' id='word_1_313' title='bbox 767 2742 841 2795; x_wconf 85' lang='grc' dir='ltr'>οὐ</span> <span class='ocrx_word' id='word_1_314' title='bbox 868 2742 1166 2813; x_wconf 74' lang='grc' dir='ltr'>γινώσκει,</span> <span class='ocrx_word' id='word_1_315' title='bbox 1200 2743 1298 2798; x_wconf 83' lang='grc' dir='ltr'>καὶ</span> <span class='ocrx_word' id='word_1_316' title='bbox 1331 2745 1370 2813; x_wconf 78' lang='grc' dir='ltr'>ἡ</span> <span class='ocrx_word' id='word_1_317' title='bbox 1400 2745 1555 2813; x_wconf 80' lang='grc' dir='ltr'>θήρα</span> <span class='ocrx_word' id='word_1_318' title='bbox 1580 2744 1661 2812; x_wconf 76' lang='grc' dir='ltr'>ἢν</span> <span class='ocrx_word' id='word_1_319' title='bbox 1689 2745 1860 2814; x_wconf 75' lang='grc' dir='ltr'>ἐκρυ-</span> 
     </span>
    </p>
   </div>
   <div class='ocr_carea' id='block_1_45' title="bbox 267 2829 1858 2904">
    <p class='ocr_par' dir='ltr' id='par_1_45' title="bbox 267 2829 1858 2904">
     <span class='ocr_line' id='line_1_45' title="bbox 267 2829 1858 2904; baseline 0.004 -20"><span class='ocrx_word' id='word_1_320' title='bbox 267 2831 350 2897; x_wconf 68' lang='grc' dir='ltr'><strong>ψε</strong></span> <span class='ocrx_word' id='word_1_321' title='bbox 379 2829 733 2885; x_wconf 70' lang='grc' dir='ltr'>συλλα6ἐτω</span> <span class='ocrx_word' id='word_1_322' title='bbox 760 2832 969 2896; x_wconf 78' lang='grc' dir='ltr'>αὐτόν,</span> <span class='ocrx_word' id='word_1_323' title='bbox 1007 2833 1105 2887; x_wconf 70' lang='grc' dir='ltr'>καὶ</span> <span class='ocrx_word' id='word_1_324' title='bbox 1136 2834 1209 2887; x_wconf 83' lang='grc' dir='ltr'>ἐν</span> <span class='ocrx_word' id='word_1_325' title='bbox 1234 2832 1308 2902; x_wconf 76' lang='grc' dir='ltr'>τῇ</span> <span class='ocrx_word' id='word_1_326' title='bbox 1345 2834 1549 2904; x_wconf 77' lang='grc' dir='ltr'>παγίδι</span> <span class='ocrx_word' id='word_1_327' title='bbox 1589 2835 1858 2895; x_wconf 69' lang='grc' dir='ltr'>πεσεῖται</span> 
     </span>
    </p>
   </div>
   <div class='ocr_carea' id='block_1_46' title="bbox 266 2920 1428 2998">
    <p class='ocr_par' dir='ltr' id='par_1_46' title="bbox 266 2920 1428 2998">
     <span class='ocr_line' id='line_1_46' title="bbox 266 2920 1428 2998; baseline 0.005 -23"><span class='ocrx_word' id='word_1_328' title='bbox 266 2920 337 2976; x_wconf 83' lang='grc' dir='ltr'>ἐν</span> <span class='ocrx_word' id='word_1_329' title='bbox 361 2922 537 2993; x_wconf 77' lang='grc' dir='ltr'>αὐτῇ.</span> <span class='ocrx_word' id='word_1_330' title='bbox 569 2925 682 2978; x_wconf 77' lang='grc' dir='ltr'><strong>Καὶ</strong></span> <span class='ocrx_word' id='word_1_331' title='bbox 711 2924 883 2979; x_wconf 74' lang='grc' dir='ltr'>ταῦτα</span> <span class='ocrx_word' id='word_1_332' title='bbox 918 2926 1017 2995; x_wconf 86' lang='grc' dir='ltr'><strong>μὲν</strong></span> <span class='ocrx_word' id='word_1_333' title='bbox 1046 2928 1176 2998; x_wconf 70' lang='grc' dir='ltr'>περὶ</span> <span class='ocrx_word' id='word_1_334' title='bbox 1204 2927 1428 2982; x_wconf 68' lang='grc' dir='ltr'>τούτων.</span> 
     </span>
    </p>
   </div>
   <div class='ocr_carea' id='block_1_47' title="bbox 337 3010 1857 3095">
    <p class='ocr_par' dir='ltr' id='par_1_47' title="bbox 337 3010 1857 3095">
     <span class='ocr_line' id='line_1_47' title="bbox 337 3010 1857 3095; baseline 0.005 -27"><span class='ocrx_word' id='word_1_335' title='bbox 337 3010 413 3069; x_wconf 79' lang='grc' dir='ltr'><strong>Εὖ</strong></span> <span class='ocrx_word' id='word_1_336' title='bbox 455 3014 514 3095; x_wconf 82' lang='grc' dir='ltr'><strong>δὲ</strong></span> <span class='ocrx_word' id='word_1_337' title='bbox 557 3014 712 3079; x_wconf 73' lang='grc' dir='ltr'>εἰδὼς</span> <span class='ocrx_word' id='word_1_338' title='bbox 757 3018 837 3080; x_wconf 87' lang='grc' dir='ltr'><strong>είς</strong></span> <span class='ocrx_word' id='word_1_339' title='bbox 873 3011 982 3071; x_wconf 78' lang='grc' dir='ltr'>οἷον</span> <span class='ocrx_word' id='word_1_340' title='bbox 1026 3017 1228 3087; x_wconf 81' lang='grc' dir='ltr'>ἀγαθὸν</span> <span class='ocrx_word' id='word_1_341' title='bbox 1264 3019 1418 3084; x_wconf 82' lang='grc' dir='ltr'>τέλος</span> <span class='ocrx_word' id='word_1_342' title='bbox 1459 3022 1492 3091; x_wconf 76' lang='grc' dir='ltr'><strong>η</strong></span> <span class='ocrx_word' id='word_1_343' title='bbox 1527 3020 1665 3074; x_wconf 69' lang='grc' dir='ltr'>κατ’</span> <span class='ocrx_word' id='word_1_344' title='bbox 1692 3020 1857 3076; x_wconf 80' lang='grc' dir='ltr'>αὑτοῦ</span> 
     </span>
    </p>
   </div>
   <div class='ocr_carea' id='block_1_48' title="bbox 270 3108 1856 3185">
    <p class='ocr_par' dir='ltr' id='par_1_48' title="bbox 270 3108 1856 3185">
     <span class='ocr_line' id='line_1_48' title="bbox 270 3108 1856 3185; baseline 0.004 -25"><span class='ocrx_word' id='word_1_345' title='bbox 270 3110 683 3180; x_wconf 77' lang='grc' dir='ltr'>παραστήσεται</span> <span class='ocrx_word' id='word_1_346' title='bbox 724 3108 1017 3182; x_wconf 72' lang='grc' dir='ltr'>ἐπιϐουλὴ,</span> <span class='ocrx_word' id='word_1_347' title='bbox 1069 3112 1163 3166; x_wconf 78' lang='grc' dir='ltr'><strong>καὶ</strong></span> <span class='ocrx_word' id='word_1_348' title='bbox 1212 3111 1371 3166; x_wconf 81' lang='grc' dir='ltr'>τοῦτο</span> <span class='ocrx_word' id='word_1_349' title='bbox 1421 3112 1717 3185; x_wconf 80' lang='grc' dir='ltr'>παρίστησι</span> <span class='ocrx_word' id='word_1_350' title='bbox 1767 3112 1856 3167; x_wconf 87' lang='grc' dir='ltr'>λέ-</span> 
     </span>
    </p>
   </div>
   <div class='ocr_carea' id='block_1_49' title="bbox 267 3201 1857 3275">
    <p class='ocr_par' dir='ltr' id='par_1_49' title="bbox 267 3201 1857 3275">
     <span class='ocr_line' id='line_1_49' title="bbox 267 3201 1857 3275; baseline 0.003 -20"><span class='ocrx_word' id='word_1_351' title='bbox 267 3217 413 3269; x_wconf 76' lang='grc' dir='ltr'>γων’</span> <span class='ocrx_word' id='word_1_352' title='bbox 462 3204 524 3256; x_wconf 85' lang='grc' dir='ltr'><strong><em>Ἠ</em></strong></span> <span class='ocrx_word' id='word_1_353' title='bbox 554 3201 623 3256; x_wconf 81' lang='grc' dir='ltr'>δὲ</span> <span class='ocrx_word' id='word_1_354' title='bbox 648 3202 819 3272; x_wconf 71' lang='grc' dir='ltr'><strong>ψυχή</strong></span> <span class='ocrx_word' id='word_1_355' title='bbox 839 3221 960 3273; x_wconf 81' lang='grc' dir='ltr'><strong>μου</strong></span> <span class='ocrx_word' id='word_1_356' title='bbox 1001 3203 1433 3275; x_wconf 78' lang='grc' dir='ltr'>ἀγαλλιάσεται</span> <span class='ocrx_word' id='word_1_357' title='bbox 1477 3204 1577 3258; x_wconf 71' lang='grc' dir='ltr'><strong>ἐπὶ</strong></span> <span class='ocrx_word' id='word_1_358' title='bbox 1616 3204 1697 3272; x_wconf 86' lang='grc' dir='ltr'>τῷ</span> <span class='ocrx_word' id='word_1_359' title='bbox 1738 3210 1857 3261; x_wconf 86' lang='grc' dir='ltr'><strong>Κυ-</strong></span> 
     </span>
    </p>
   </div>
   <div class='ocr_carea' id='block_1_50' title="bbox 261 3295 1859 3367">
    <p class='ocr_par' dir='ltr' id='par_1_50' title="bbox 261 3295 1859 3367">
     <span class='ocr_line' id='line_1_50' title="bbox 261 3295 1859 3367; baseline 0.004 -21"><span class='ocrx_word' id='word_1_360' title='bbox 261 3295 393 3363; x_wconf 82' lang='grc' dir='ltr'>ρίῳ,</span> <span class='ocrx_word' id='word_1_361' title='bbox 433 3297 829 3366; x_wconf 75' lang='grc' dir='ltr'>τερφθήσεται</span> <span class='ocrx_word' id='word_1_362' title='bbox 861 3296 942 3363; x_wconf 85' lang='grc' dir='ltr'>τῷ</span> <span class='ocrx_word' id='word_1_363' title='bbox 979 3297 1251 3367; x_wconf 67' lang='grc' dir='ltr'>σωττψίῳ</span> <span class='ocrx_word' id='word_1_364' title='bbox 1290 3299 1498 3353; x_wconf 82' lang='grc' dir='ltr'>αὐτοῦ.</span> <span class='ocrx_word' id='word_1_365' title='bbox 1547 3297 1751 3353; x_wconf 80' lang='grc' dir='ltr'>Πάντα</span> <span class='ocrx_word' id='word_1_366' title='bbox 1786 3299 1859 3354; x_wconf 84' lang='grc' dir='ltr'>τὰ</span> 
     </span>
    </p>
   </div>
   <div class='ocr_carea' id='block_1_51' title="bbox 268 3386 1858 3459">
    <p class='ocr_par' dir='ltr' id='par_1_51' title="bbox 268 3386 1858 3459">
     <span class='ocr_line' id='line_1_51' title="bbox 268 3386 1858 3459; baseline 0.003 -19"><span class='ocrx_word' id='word_1_367' title='bbox 268 3386 423 3442; x_wconf 77' lang='grc' dir='ltr'>ὀστᾶ</span> <span class='ocrx_word' id='word_1_368' title='bbox 446 3405 566 3458; x_wconf 81' lang='grc' dir='ltr'><strong>μου</strong></span> <span class='ocrx_word' id='word_1_369' title='bbox 598 3389 832 3458; x_wconf 79' lang='grc' dir='ltr'>ἐροῦσι·</span> <span class='ocrx_word' id='word_1_370' title='bbox 869 3391 1067 3458; x_wconf 82' lang='grc' dir='ltr'>Κύριε,</span> <span class='ocrx_word' id='word_1_371' title='bbox 1099 3390 1193 3455; x_wconf 87' lang='grc' dir='ltr'>τίς</span> <span class='ocrx_word' id='word_1_372' title='bbox 1228 3389 1429 3459; x_wconf 77' lang='grc' dir='ltr'>ὅμοιός</span> <span class='ocrx_word' id='word_1_373' title='bbox 1468 3405 1606 3453; x_wconf 79' lang='grc' dir='ltr'>σοι;</span> <span class='ocrx_word' id='word_1_374' title='bbox 1642 3390 1858 3459; x_wconf 82' lang='grc' dir='ltr'>ῥυόμε-</span> 
     </span>
    </p>
   </div>
   <div class='ocr_carea' id='block_1_52' title="bbox 2032 2189 3559 2267">
    <p class='ocr_par' dir='ltr' id='par_1_52' title="bbox 2032 2189 3559 2267">
     <span class='ocr_line' id='line_1_52' title="bbox 2032 2189 3559 2267; baseline -0.006 -16"><span class='ocrx_word' id='word_1_375' title='bbox 2032 2196 2100 2251; x_wconf 86' lang='grc' dir='ltr'>Ει</span> <span class='ocrx_word' id='word_1_376' title='bbox 2129 2197 2243 2254; x_wconf 74' lang='lat' dir='ltr'><strong>inec</strong></span> <span class='ocrx_word' id='word_1_377' title='bbox 2268 2197 2493 2267; x_wconf 90' lang='lat' dir='ltr'><strong>quidem</strong></span> <span class='ocrx_word' id='word_1_378' title='bbox 2523 2196 2591 2252; x_wconf 84' lang='lat' dir='ltr'><strong>de</strong></span> <span class='ocrx_word' id='word_1_379' title='bbox 2614 2195 2968 2250; x_wconf 83' lang='lat' dir='ltr'><strong>multitudine</strong></span> <span class='ocrx_word' id='word_1_380' title='bbox 2996 2200 3191 2248; x_wconf 85' lang='lat' dir='ltr'><strong>contra</strong></span> <span class='ocrx_word' id='word_1_381' title='bbox 3215 2204 3343 2246; x_wconf 88' lang='lat' dir='ltr'><strong>eum</strong></span> <span class='ocrx_word' id='word_1_382' title='bbox 3374 2189 3559 2244; x_wconf 47' lang='lat' dir='ltr'><strong>colle-1.</strong></span> 
     </span>
    </p>
   </div>
   <div class='ocr_carea' id='block_1_53' title="bbox 1961 2278 3647 2358">
    <p class='ocr_par' dir='ltr' id='par_1_53' title="bbox 1961 2278 3647 2358">
     <span class='ocr_line' id='line_1_53' title="bbox 1961 2278 3647 2358; baseline -0.003 -16"><span class='ocrx_word' id='word_1_383' title='bbox 1961 2296 2082 2354; x_wconf 90' lang='lat' dir='ltr'><strong>cta;</strong></span> <span class='ocrx_word' id='word_1_384' title='bbox 2113 2304 2234 2358; x_wconf 83' lang='lat' dir='ltr'><strong>quae</strong></span> <span class='ocrx_word' id='word_1_385' title='bbox 2277 2294 2584 2357; x_wconf 61' lang='lat' dir='ltr'><strong>sequuntur</strong></span> <span class='ocrx_word' id='word_1_386' title='bbox 2614 2294 2819 2350; x_wconf 73' lang='lat' dir='ltr'><strong>autem,</strong></span> <span class='ocrx_word' id='word_1_387' title='bbox 2862 2301 2975 2341; x_wconf 81' lang='lat' dir='ltr'><strong>non</strong></span> <span class='ocrx_word' id='word_1_388' title='bbox 3002 2283 3072 2340; x_wconf 89' lang='lat' dir='ltr'><strong>de</strong></span> <span class='ocrx_word' id='word_1_389' title='bbox 3104 2282 3313 2344; x_wconf 83' lang='lat' dir='ltr'><strong>multis.</strong></span> <span class='ocrx_word' id='word_1_390' title='bbox 3346 2280 3442 2337; x_wconf 88' lang='lat' dir='ltr'><strong>sed</strong></span> <span class='ocrx_word' id='word_1_391' title='bbox 3474 2278 3567 2337; x_wconf 42' lang='lat' dir='ltr'><strong>de~</strong></span> <span class='ocrx_word' id='word_1_392' title='bbox 3630 2300 3647 2311; x_wconf 86' lang='grc'><strong>·</strong></span> 
     </span>
    </p>
   </div>
   <div class='ocr_carea' id='block_1_54' title="bbox 1960 2372 3546 2449">
    <p class='ocr_par' dir='ltr' id='par_1_54' title="bbox 1960 2372 3546 2449">
     <span class='ocr_line' id='line_1_54' title="bbox 1960 2372 3546 2449; baseline -0.004 -15"><span class='ocrx_word' id='word_1_393' title='bbox 1960 2394 2071 2434; x_wconf 91' lang='lat' dir='ltr'><strong>uno</strong></span> <span class='ocrx_word' id='word_1_394' title='bbox 2111 2380 2287 2435; x_wconf 89' lang='lat' dir='ltr'><strong>solum</strong></span> <span class='ocrx_word' id='word_1_395' title='bbox 2323 2378 2490 2440; x_wconf 77' lang='lat' dir='ltr'><strong>dicta.</strong></span> <span class='ocrx_word' id='word_1_396' title='bbox 2522 2379 2590 2434; x_wconf 92' lang='lat' dir='ltr'><strong>de</strong></span> <span class='ocrx_word' id='word_1_397' title='bbox 2620 2376 2782 2433; x_wconf 78' lang='lat' dir='ltr'><strong>Juda.</strong></span> <span class='ocrx_word' id='word_1_398' title='bbox 2807 2384 3174 2449; x_wconf 75' lang='lat' dir='ltr'><strong>congruenter</strong></span> <span class='ocrx_word' id='word_1_399' title='bbox 3211 2375 3424 2446; x_wconf 89' lang='lat' dir='ltr'><strong>prolata</strong></span> <span class='ocrx_word' id='word_1_400' title='bbox 3459 2372 3546 2427; x_wconf 79' lang='lat' dir='ltr'><strong>ia-</strong></span> 
     </span>
    </p>
   </div>
   <div class='ocr_carea' id='block_1_55' title="bbox 1960 2466 3543 2543">
    <p class='ocr_par' dir='ltr' id='par_1_55' title="bbox 1960 2466 3543 2543">
     <span class='ocr_line' id='line_1_55' title="bbox 1960 2466 3543 2543; baseline -0.002 -19"><span class='ocrx_word' id='word_1_401' title='bbox 1960 2470 2297 2540; x_wconf 76' lang='lat' dir='ltr'><strong>telligantur,</strong></span> <span class='ocrx_word' id='word_1_402' title='bbox 2367 2470 2471 2541; x_wconf 82' lang='lat' dir='ltr'><strong>qui</strong></span> <span class='ocrx_word' id='word_1_403' title='bbox 2524 2469 2987 2543; x_wconf 88' lang='lat' dir='ltr'><strong>conspirationem</strong></span> <span class='ocrx_word' id='word_1_404' title='bbox 3063 2467 3329 2524; x_wconf 87' lang='lat' dir='ltr'><strong>adversus</strong></span> <span class='ocrx_word' id='word_1_405' title='bbox 3386 2466 3543 2522; x_wconf 84' lang='lat' dir='ltr'><strong>illum</strong></span> 
     </span>
    </p>
   </div>
   <div class='ocr_carea' id='block_1_56' title="bbox 1961 2558 3552 2633">
    <p class='ocr_par' dir='ltr' id='par_1_56' title="bbox 1961 2558 3552 2633">
     <span class='ocr_line' id='line_1_56' title="bbox 1961 2558 3552 2633; baseline -0.001 -17"><span class='ocrx_word' id='word_1_406' title='bbox 1961 2561 2252 2616; x_wconf 74' lang='lat' dir='ltr'><strong>conﬂatam</strong></span> <span class='ocrx_word' id='word_1_407' title='bbox 2284 2563 2567 2625; x_wconf 81' lang='lat' dir='ltr'><strong>occultans</strong></span> <span class='ocrx_word' id='word_1_408' title='bbox 2602 2563 3011 2633; x_wconf 86' lang='lat' dir='ltr'><strong>amicitiamque</strong></span> <span class='ocrx_word' id='word_1_409' title='bbox 3039 2561 3329 2628; x_wconf 85' lang='lat' dir='ltr'><strong>simulans,</strong></span> <span class='ocrx_word' id='word_1_410' title='bbox 3350 2558 3552 2614; x_wconf 72' lang='lat' dir='ltr'><strong>osculo</strong></span> 
     </span>
    </p>
   </div>
   <div class='ocr_carea' id='block_1_57' title="bbox 1960 2649 3548 2725">
    <p class='ocr_par' dir='ltr' id='par_1_57' title="bbox 1960 2649 3548 2725">
     <span class='ocr_line' id='line_1_57' title="bbox 1960 2649 3548 2725; baseline -0.003 -18"><span class='ocrx_word' id='word_1_411' title='bbox 1960 2652 2282 2725; x_wconf 75' lang='lat' dir='ltr'><strong>Magistrum</strong></span> <span class='ocrx_word' id='word_1_412' title='bbox 2314 2653 2563 2710; x_wconf 83' lang='lat' dir='ltr'><strong>tradidit.-</strong></span> <span class='ocrx_word' id='word_1_413' title='bbox 2611 2654 2793 2722; x_wconf 84' lang='lat' dir='ltr'><strong>Quare</strong></span> <span class='ocrx_word' id='word_1_414' title='bbox 2822 2653 2892 2710; x_wconf 87' lang='lat' dir='ltr'><strong>de</strong></span> <span class='ocrx_word' id='word_1_415' title='bbox 2942 2653 3037 2709; x_wconf 89' lang='lat' dir='ltr'><strong>illo</strong></span> <span class='ocrx_word' id='word_1_416' title='bbox 3066 2652 3265 2708; x_wconf 84' lang='lat' dir='ltr'><strong>dixerit</strong></span> <span class='ocrx_word' id='word_1_417' title='bbox 3298 2670 3312 2706; x_wconf 87' lang='lat'><strong>:</strong></span> <span class='ocrx_word' id='word_1_418' title='bbox 3356 2649 3548 2706; x_wconf 71' lang='lat' dir='ltr'><strong>Veniat</strong></span> 
     </span>
    </p>
   </div>
   <div class='ocr_carea' id='block_1_58' title="bbox 1960 2740 3547 2818">
    <p class='ocr_par' dir='ltr' id='par_1_58' title="bbox 1960 2740 3547 2818">
     <span class='ocr_line' id='line_1_58' title="bbox 1960 2740 3547 2818; baseline -0.003 -19"><span class='ocrx_word' id='word_1_419' title='bbox 1960 2747 2045 2800; x_wconf 89' lang='lat' dir='ltr'><strong>illi</strong></span> <span class='ocrx_word' id='word_1_420' title='bbox 2088 2746 2309 2817; x_wconf 81' lang='lat' dir='ltr'><strong>laqueus</strong></span> <span class='ocrx_word' id='word_1_421' title='bbox 2333 2763 2484 2816; x_wconf 85' lang='lat' dir='ltr'><strong>quem</strong></span> <span class='ocrx_word' id='word_1_422' title='bbox 2517 2748 2749 2818; x_wconf 85' lang='lat' dir='ltr'><strong>ignorat,</strong></span> <span class='ocrx_word' id='word_1_423' title='bbox 2773 2756 2826 2802; x_wconf 91' lang='lat' dir='ltr'><strong>et</strong></span> <span class='ocrx_word' id='word_1_424' title='bbox 2857 2744 3034 2816; x_wconf 85' lang='lat' dir='ltr'><strong>captio</strong></span> <span class='ocrx_word' id='word_1_425' title='bbox 3071 2759 3230 2815; x_wconf 88' lang='lat' dir='ltr'><strong>quam</strong></span> <span class='ocrx_word' id='word_1_426' title='bbox 3265 2740 3547 2797; x_wconf 77' lang='lat' dir='ltr'><strong>abscondit</strong></span> 
     </span>
    </p>
   </div>
   <div class='ocr_carea' id='block_1_59' title="bbox 1962 2837 3539 2909">
    <p class='ocr_par' dir='ltr' id='par_1_59' title="bbox 1962 2837 3539 2909">
     <span class='ocr_line' id='line_1_59' title="bbox 1962 2837 3539 2909; baseline 0 -18"><span class='ocrx_word' id='word_1_427' title='bbox 1962 2838 2318 2907; x_wconf 74' lang='lat' dir='ltr'><strong>apprehendat</strong></span> <span class='ocrx_word' id='word_1_428' title='bbox 2372 2855 2514 2902; x_wconf 85' lang='lat' dir='ltr'><strong>eum,</strong></span> <span class='ocrx_word' id='word_1_429' title='bbox 2576 2848 2626 2893; x_wconf 90' lang='lat' dir='ltr'><strong>et</strong></span> <span class='ocrx_word' id='word_1_430' title='bbox 2674 2839 2731 2893; x_wconf 90' lang='lat' dir='ltr'><strong>in</strong></span> <span class='ocrx_word' id='word_1_431' title='bbox 2780 2839 3029 2909; x_wconf 82' lang='lat' dir='ltr'><strong>laqueum</strong></span> <span class='ocrx_word' id='word_1_432' title='bbox 3059 2837 3216 2892; x_wconf 77' lang='lat' dir='ltr'><strong>cadat</strong></span> <span class='ocrx_word' id='word_1_433' title='bbox 3254 2837 3309 2891; x_wconf 91' lang='lat' dir='ltr'><strong>in</strong></span> <span class='ocrx_word' id='word_1_434' title='bbox 3347 2837 3539 2906; x_wconf 86' lang='lat' dir='ltr'><strong>ipsum.</strong></span> 
     </span>
    </p>
   </div>
   <div class='ocr_carea' id='block_1_60' title="bbox 1965 2928 3192 3001">
    <p class='ocr_par' dir='ltr' id='par_1_60' title="bbox 1965 2928 3192 3001">
     <span class='ocr_line' id='line_1_60' title="bbox 1965 2928 3192 3001; baseline 0.002 -17"><span class='ocrx_word' id='word_1_435' title='bbox 1965 2928 2090 2985; x_wconf 64' lang='lat' dir='ltr'><strong>Haec</strong></span> <span class='ocrx_word' id='word_1_436' title='bbox 2118 2931 2339 3001; x_wconf 82' lang='lat' dir='ltr'><strong>quidem</strong></span> <span class='ocrx_word' id='word_1_437' title='bbox 2366 2931 2454 2993; x_wconf 76' lang='lat' dir='ltr'><strong>his</strong></span> <span class='ocrx_word' id='word_1_438' title='bbox 2483 2931 2551 2986; x_wconf 86' lang='lat' dir='ltr'><strong>de</strong></span> <span class='ocrx_word' id='word_1_439' title='bbox 2582 2931 2750 2986; x_wconf 79' lang='lat' dir='ltr'><strong>rebus</strong></span> <span class='ocrx_word' id='word_1_440' title='bbox 2784 2931 2931 2985; x_wconf 88' lang='lat' dir='ltr'><strong>dicta</strong></span> <span class='ocrx_word' id='word_1_441' title='bbox 2968 2930 3192 2986; x_wconf 80' lang='lat' dir='ltr'><strong>iuerint.</strong></span> 
     </span>
    </p>
   </div>
   <div class='ocr_carea' id='block_1_61' title="bbox 2032 3019 3544 3090">
    <p class='ocr_par' dir='ltr' id='par_1_61' title="bbox 2032 3019 3544 3090">
     <span class='ocr_line' id='line_1_61' title="bbox 2032 3019 3544 3090; baseline 0.001 -16"><span class='ocrx_word' id='word_1_442' title='bbox 2032 3020 2167 3074; x_wconf 88' lang='lat' dir='ltr'><strong>Cum</strong></span> <span class='ocrx_word' id='word_1_443' title='bbox 2194 3022 2361 3090; x_wconf 81' lang='lat' dir='ltr'><strong>probe</strong></span> <span class='ocrx_word' id='word_1_444' title='bbox 2389 3027 2602 3082; x_wconf 88' lang='lat' dir='ltr'><strong>nosset,</strong></span> <span class='ocrx_word' id='word_1_445' title='bbox 2629 3034 2793 3089; x_wconf 86' lang='lat' dir='ltr'><strong>quam</strong></span> <span class='ocrx_word' id='word_1_446' title='bbox 2822 3020 3002 3076; x_wconf 87' lang='lat' dir='ltr'><strong>bonus</strong></span> <span class='ocrx_word' id='word_1_447' title='bbox 3055 3019 3379 3075; x_wconf 88' lang='lat' dir='ltr'><strong>insidiarum</strong></span> <span class='ocrx_word' id='word_1_448' title='bbox 3437 3019 3544 3076; x_wconf 83' lang='lat' dir='ltr'><strong>sibi</strong></span> 
     </span>
    </p>
   </div>
   <div class='ocr_carea' id='block_1_62' title="bbox 1963 3110 3546 3183">
    <p class='ocr_par' dir='ltr' id='par_1_62' title="bbox 1963 3110 3546 3183">
     <span class='ocr_line' id='line_1_62' title="bbox 1963 3110 3546 3183; baseline -0.001 -17"><span class='ocrx_word' id='word_1_449' title='bbox 1963 3122 2276 3183; x_wconf 86' lang='lat' dir='ltr'><strong>paratarum</strong></span> <span class='ocrx_word' id='word_1_450' title='bbox 2321 3114 2502 3169; x_wconf 75' lang='lat' dir='ltr'><strong>exitus</strong></span> <span class='ocrx_word' id='word_1_451' title='bbox 2545 3113 2765 3168; x_wconf 80' lang='lat' dir='ltr'><strong>futurus</strong></span> <span class='ocrx_word' id='word_1_452' title='bbox 2798 3118 2968 3176; x_wconf 88' lang='lat' dir='ltr'><strong>esset,</strong></span> <span class='ocrx_word' id='word_1_453' title='bbox 3015 3110 3070 3166; x_wconf 90' lang='lat' dir='ltr'><strong>id</strong></span> <span class='ocrx_word' id='word_1_454' title='bbox 3105 3127 3326 3183; x_wconf 86' lang='lat' dir='ltr'><strong>quoque</strong></span> <span class='ocrx_word' id='word_1_455' title='bbox 3361 3111 3546 3168; x_wconf 86' lang='lat' dir='ltr'><strong>decla-</strong></span> 
     </span>
    </p>
   </div>
   <div class='ocr_carea' id='block_1_63' title="bbox 1962 3203 3554 3261">
    <p class='ocr_par' dir='ltr' id='par_1_63' title="bbox 1962 3203 3554 3261">
     <span class='ocr_line' id='line_1_63' title="bbox 1962 3203 3554 3261; baseline -0.001 -3"><span class='ocrx_word' id='word_1_456' title='bbox 1962 3214 2050 3258; x_wconf 89' lang='lat' dir='ltr'><strong>rat</strong></span> <span class='ocrx_word' id='word_1_457' title='bbox 2078 3205 2165 3261; x_wconf 88' lang='lat' dir='ltr'><strong>bis</strong></span> <span class='ocrx_word' id='word_1_458' title='bbox 2187 3204 2379 3261; x_wconf 80' lang='lat' dir='ltr'><strong>verbis.</strong></span> <span class='ocrx_word' id='word_1_459' title='bbox 2403 3222 2417 3259; x_wconf 89' lang='lat'><strong>:</strong></span> <span class='ocrx_word' id='word_1_460' title='bbox 2451 3203 2645 3258; x_wconf 81' lang='lat' dir='ltr'><strong>Anima</strong></span> <span class='ocrx_word' id='word_1_461' title='bbox 2683 3214 2858 3259; x_wconf 85' lang='lat' dir='ltr'><strong>autem</strong></span> <span class='ocrx_word' id='word_1_462' title='bbox 2885 3222 3004 3260; x_wconf 86' lang='lat' dir='ltr'><strong>mea</strong></span> <span class='ocrx_word' id='word_1_463' title='bbox 3031 3204 3321 3260; x_wconf 73' lang='lat' dir='ltr'><strong>exsultabit</strong></span> <span class='ocrx_word' id='word_1_464' title='bbox 3350 3205 3406 3259; x_wconf 88' lang='lat' dir='ltr'><strong>in</strong></span> <span class='ocrx_word' id='word_1_465' title='bbox 3434 3204 3554 3260; x_wconf 85' lang='lat' dir='ltr'><strong>Do-.</strong></span> 
     </span>
    </p>
   </div>
   <div class='ocr_carea' id='block_1_64' title="bbox 1961 3294 3547 3366">
    <p class='ocr_par' dir='ltr' id='par_1_64' title="bbox 1961 3294 3547 3366">
     <span class='ocr_line' id='line_1_64' title="bbox 1961 3294 3547 3366; baseline -0.001 -15"><span class='ocrx_word' id='word_1_466' title='bbox 1961 3298 2126 3363; x_wconf 90' lang='lat' dir='ltr'><strong>mino,</strong></span> <span class='ocrx_word' id='word_1_467' title='bbox 2168 3295 2517 3351; x_wconf 78' lang='lat' dir='ltr'><strong>delectabitur</strong></span> <span class='ocrx_word' id='word_1_468' title='bbox 2555 3312 2711 3366; x_wconf 80' lang='lat' dir='ltr'><strong>super</strong></span> <span class='ocrx_word' id='word_1_469' title='bbox 2738 3295 2971 3352; x_wconf 87' lang='lat' dir='ltr'><strong>salutari</strong></span> <span class='ocrx_word' id='word_1_470' title='bbox 3014 3312 3134 3351; x_wconf 85' lang='lat' dir='ltr'><strong>suo.</strong></span> <span class='ocrx_word' id='word_1_471' title='bbox 3187 3294 3384 3352; x_wconf 87' lang='lat' dir='ltr'><strong>Omnia</strong></span> <span class='ocrx_word' id='word_1_472' title='bbox 3422 3310 3547 3350; x_wconf 80' lang='lat' dir='ltr'><strong>ossa</strong></span> 
     </span>
    </p>
   </div>
   <div class='ocr_carea' id='block_1_65' title="bbox 1962 3388 3539 3464">
    <p class='ocr_par' dir='ltr' id='par_1_65' title="bbox 1962 3388 3539 3464">
     <span class='ocr_line' id='line_1_65' title="bbox 1962 3388 3539 3464; baseline -0.002 -18"><span class='ocrx_word' id='word_1_473' title='bbox 1962 3408 2080 3447; x_wconf 89' lang='lat' dir='ltr'><strong>mea</strong></span> <span class='ocrx_word' id='word_1_474' title='bbox 2111 3391 2283 3447; x_wconf 84' lang='lat' dir='ltr'><strong>dicent</strong></span> <span class='ocrx_word' id='word_1_475' title='bbox 2340 3406 2360 3446; x_wconf 89' lang='lat'><strong><em>:</em></strong></span> <span class='ocrx_word' id='word_1_476' title='bbox 2404 3390 2650 3455; x_wconf 84' lang='lat' dir='ltr'><strong>Domine,</strong></span> <span class='ocrx_word' id='word_1_477' title='bbox 2687 3391 2804 3464; x_wconf 80' lang='lat' dir='ltr'><strong>quis</strong></span> <span class='ocrx_word' id='word_1_478' title='bbox 2857 3390 3053 3447; x_wconf 87' lang='lat' dir='ltr'><strong>similis</strong></span> <span class='ocrx_word' id='word_1_479' title='bbox 3101 3388 3246 3446; x_wconf 79' lang='lat' dir='ltr'><strong>tibi?</strong></span> <span class='ocrx_word' id='word_1_480' title='bbox 3297 3388 3539 3458; x_wconf 87' lang='lat' dir='ltr'><strong>Eripiens</strong></span> 
     </span>
    </p>
   </div>
   <div class='ocr_carea' id='block_1_66' title="bbox 267 3465 1860 3555">
    <p class='ocr_par' dir='ltr' id='par_1_66' title="bbox 267 3481 1855 3552">
     <span class='ocr_line' id='line_1_66' title="bbox 267 3481 1855 3552; baseline 0.002 -18"><span class='ocrx_word' id='word_1_481' title='bbox 267 3495 376 3547; x_wconf 88' lang='grc' dir='ltr'><strong>νος</strong></span> <span class='ocrx_word' id='word_1_482' title='bbox 417 3484 657 3550; x_wconf 79' lang='grc' dir='ltr'>πτωχὸν</span> <span class='ocrx_word' id='word_1_483' title='bbox 695 3483 813 3538; x_wconf 80' lang='grc' dir='ltr'><strong>ἀπὸ</strong></span> <span class='ocrx_word' id='word_1_484' title='bbox 857 3481 978 3537; x_wconf 85' lang='grc' dir='ltr'><strong>τῶν</strong></span> <span class='ocrx_word' id='word_1_485' title='bbox 1021 3482 1461 3552; x_wconf 75' lang='grc' dir='ltr'>διαρπαζόντων</span> <span class='ocrx_word' id='word_1_486' title='bbox 1509 3485 1717 3538; x_wconf 84' lang='grc' dir='ltr'>αὐτόν.</span> <span class='ocrx_word' id='word_1_487' title='bbox 1765 3484 1855 3537; x_wconf 86' lang='grc' dir='ltr'>Ἐν</span> 
     </span>
    </p>
   </div>
   <div class='ocr_carea' id='block_1_67' title="bbox 1966 3465 3547 3555">
    <p class='ocr_par' dir='ltr' id='par_1_67' title="bbox 1966 3480 3547 3555">
     <span class='ocr_line' id='line_1_67' title="bbox 1966 3480 3547 3555; baseline -0.001 -17"><span class='ocrx_word' id='word_1_488' title='bbox 1966 3500 2174 3555; x_wconf 76' lang='lat' dir='ltr'><strong>egenum</strong></span> <span class='ocrx_word' id='word_1_489' title='bbox 2221 3500 2256 3538; x_wconf 89' lang='lat' dir='ltr'><strong>a</strong></span> <span class='ocrx_word' id='word_1_490' title='bbox 2294 3482 2666 3553; x_wconf 83' lang='lat' dir='ltr'><strong>diripientibus</strong></span> <span class='ocrx_word' id='word_1_491' title='bbox 2707 3480 2880 3538; x_wconf 85' lang='lat' dir='ltr'><strong>illum.</strong></span> <span class='ocrx_word' id='word_1_492' title='bbox 2934 3481 2996 3537; x_wconf 87' lang='lat' dir='ltr'><strong>lu</strong></span> <span class='ocrx_word' id='word_1_493' title='bbox 3040 3483 3252 3553; x_wconf 89' lang='lat' dir='ltr'><strong>psalmo</strong></span> <span class='ocrx_word' id='word_1_494' title='bbox 3292 3498 3406 3545; x_wconf 67' lang='grc' dir='ltr'>χιιι,</span> <span class='ocrx_word' id='word_1_495' title='bbox 3450 3481 3547 3553; x_wconf 88' lang='lat' dir='ltr'><strong>qui</strong></span> 
     </span>
    </p>
   </div>
   <div class='ocr_carea' id='block_1_68' title="bbox 268 3567 1858 3645">
    <p class='ocr_par' dir='ltr' id='par_1_68' title="bbox 268 3567 1858 3645">
     <span class='ocr_line' id='line_1_68' title="bbox 268 3567 1858 3645; baseline 0.003 -20"><span class='ocrx_word' id='word_1_496' title='bbox 268 3570 372 3642; x_wconf 80' lang='grc' dir='ltr'><strong>μὲν</strong></span> <span class='ocrx_word' id='word_1_497' title='bbox 399 3567 493 3626; x_wconf 79' lang='grc' dir='ltr'><strong>οὖν</strong></span> <span class='ocrx_word' id='word_1_498' title='bbox 524 3572 602 3643; x_wconf 80' lang='grc' dir='ltr'>τῷ</span> <span class='ocrx_word' id='word_1_499' title='bbox 630 3580 714 3626; x_wconf 71' lang='lat' dir='ltr'><strong>ua.’</strong></span> <span class='ocrx_word' id='word_1_500' title='bbox 742 3573 962 3645; x_wconf 75' lang='grc' dir='ltr'>ψαλμῷ,</span> <span class='ocrx_word' id='word_1_501' title='bbox 996 3573 1185 3644; x_wconf 86' lang='grc' dir='ltr'>σαφῶς</span> <span class='ocrx_word' id='word_1_502' title='bbox 1217 3575 1282 3628; x_wconf 84' lang='grc' dir='ltr'>ὲκ</span> <span class='ocrx_word' id='word_1_503' title='bbox 1307 3572 1597 3645; x_wconf 78' lang='grc' dir='ltr'>προσώπου</span> <span class='ocrx_word' id='word_1_504' title='bbox 1626 3573 1722 3628; x_wconf 81' lang='grc' dir='ltr'>τοῦ</span> <span class='ocrx_word' id='word_1_505' title='bbox 1753 3575 1858 3629; x_wconf 89' lang='grc' dir='ltr'><strong>Σω-</strong></span> 
     </span>
    </p>
   </div>
   <div class='ocr_carea' id='block_1_69' title="bbox 261 3660 1854 3734">
    <p class='ocr_par' dir='ltr' id='par_1_69' title="bbox 261 3660 1854 3734">
     <span class='ocr_line' id='line_1_69' title="bbox 261 3660 1854 3734; baseline 0.003 -20"><span class='ocrx_word' id='word_1_506' title='bbox 261 3660 438 3733; x_wconf 83' lang='grc' dir='ltr'>τῆρος</span> <span class='ocrx_word' id='word_1_507' title='bbox 484 3660 814 3734; x_wconf 82' lang='grc' dir='ltr'>λελεγμένῳ,</span> <span class='ocrx_word' id='word_1_508' title='bbox 863 3662 1079 3733; x_wconf 79' lang='grc' dir='ltr'>εἴρητο’</span> <span class='ocrx_word' id='word_1_509' title='bbox 1122 3663 1278 3717; x_wconf 80' lang='grc' dir='ltr'><strong>Ὠσεὶ</strong></span> <span class='ocrx_word' id='word_1_510' title='bbox 1329 3663 1486 3731; x_wconf 84' lang='grc' dir='ltr'>ὕδωρ</span> <span class='ocrx_word' id='word_1_511' title='bbox 1538 3662 1854 3732; x_wconf 79' lang='grc' dir='ltr'><strong>ἐξεχύθην,</strong></span> 
     </span>
    </p>
   </div>
   <div class='ocr_carea' id='block_1_70' title="bbox 262 3752 1857 3824">
    <p class='ocr_par' dir='ltr' id='par_1_70' title="bbox 262 3752 1857 3824">
     <span class='ocr_line' id='line_1_70' title="bbox 262 3752 1857 3824; baseline 0.001 -17"><span class='ocrx_word' id='word_1_512' title='bbox 262 3753 370 3807; x_wconf 77' lang='grc' dir='ltr'><strong>καὶ</strong></span> <span class='ocrx_word' id='word_1_513' title='bbox 404 3752 836 3823; x_wconf 82' lang='grc' dir='ltr'>διεσκορπίσθη</span> <span class='ocrx_word' id='word_1_514' title='bbox 878 3754 1073 3810; x_wconf 77' lang='grc' dir='ltr'>πάντα</span> <span class='ocrx_word' id='word_1_515' title='bbox 1121 3755 1192 3810; x_wconf 88' lang='grc' dir='ltr'>τὰ</span> <span class='ocrx_word' id='word_1_516' title='bbox 1217 3752 1369 3810; x_wconf 79' lang='grc' dir='ltr'><strong>ὀστᾶ</strong></span> <span class='ocrx_word' id='word_1_517' title='bbox 1389 3774 1509 3824; x_wconf 86' lang='grc' dir='ltr'><strong>μου</strong></span> <span class='ocrx_word' id='word_1_518' title='bbox 1528 3773 1543 3785; x_wconf 88' lang='grc'><strong>·</strong></span> <span class='ocrx_word' id='word_1_519' title='bbox 1569 3755 1665 3809; x_wconf 82' lang='grc' dir='ltr'>τοῦ</span> <span class='ocrx_word' id='word_1_520' title='bbox 1698 3754 1857 3824; x_wconf 80' lang='grc' dir='ltr'>λόγου</span> 
     </span>
    </p>
   </div>
   <div class='ocr_carea' id='block_1_71' title="bbox 266 3843 1861 3918">
    <p class='ocr_par' dir='ltr' id='par_1_71' title="bbox 266 3843 1861 3918">
     <span class='ocr_line' id='line_1_71' title="bbox 266 3843 1861 3918; baseline 0.003 -22"><span class='ocrx_word' id='word_1_521' title='bbox 266 3843 629 3914; x_wconf 84' lang='grc' dir='ltr'>σημαίνοντος</span> <span class='ocrx_word' id='word_1_522' title='bbox 671 3845 781 3899; x_wconf 89' lang='grc' dir='ltr'><strong>τῶν</strong></span> <span class='ocrx_word' id='word_1_523' title='bbox 835 3846 1147 3900; x_wconf 85' lang='grc' dir='ltr'>ἀποστόλων</span> <span class='ocrx_word' id='word_1_524' title='bbox 1194 3845 1360 3900; x_wconf 81' lang='grc' dir='ltr'>αὑτοῦ</span> <span class='ocrx_word' id='word_1_525' title='bbox 1403 3846 1495 3899; x_wconf 78' lang='grc' dir='ltr'><strong>τὸν</strong></span> <span class='ocrx_word' id='word_1_526' title='bbox 1543 3846 1861 3918; x_wconf 75' lang='grc' dir='ltr'>διασκορπιο</span> 
     </span>
    </p>
   </div>
   <div class='ocr_carea' id='block_1_72' title="bbox 264 3935 1860 4010">
    <p class='ocr_par' dir='ltr' id='par_1_72' title="bbox 264 3935 1860 4010">
     <span class='ocr_line' id='line_1_72' title="bbox 264 3935 1860 4010; baseline 0.003 -22"><span class='ocrx_word' id='word_1_527' title='bbox 264 3935 408 4005; x_wconf 84' lang='grc' dir='ltr'>σμὺν</span> <span class='ocrx_word' id='word_1_528' title='bbox 442 3936 536 3989; x_wconf 74' lang='grc' dir='ltr'>καὶ</span> <span class='ocrx_word' id='word_1_529' title='bbox 564 3936 662 4008; x_wconf 82' lang='grc' dir='ltr'>τὴν</span> <span class='ocrx_word' id='word_1_530' title='bbox 705 3937 902 4009; x_wconf 80' lang='grc' dir='ltr'>φυγὴν,</span> <span class='ocrx_word' id='word_1_531' title='bbox 937 3938 1004 4009; x_wconf 83' lang='grc' dir='ltr'><strong>ἣν</strong></span> <span class='ocrx_word' id='word_1_532' title='bbox 1036 3938 1335 4009; x_wconf 82' lang='grc' dir='ltr'>ὑπέμειναν</span> <span class='ocrx_word' id='word_1_533' title='bbox 1371 3938 1513 3995; x_wconf 79' lang='grc' dir='ltr'>κατὰ</span> <span class='ocrx_word' id='word_1_534' title='bbox 1550 3940 1640 3992; x_wconf 86' lang='grc' dir='ltr'><strong>τὸν</strong></span> <span class='ocrx_word' id='word_1_535' title='bbox 1672 3940 1860 4010; x_wconf 82' lang='grc' dir='ltr'>καιρὸν</span> 
     </span>
    </p>
   </div>
   <div class='ocr_carea' id='block_1_73' title="bbox 261 4027 1862 4103">
    <p class='ocr_par' dir='ltr' id='par_1_73' title="bbox 261 4027 1862 4103">
     <span class='ocr_line' id='line_1_73' title="bbox 261 4027 1862 4103; baseline 0.003 -22"><span class='ocrx_word' id='word_1_536' title='bbox 261 4027 364 4081; x_wconf 80' lang='grc' dir='ltr'>τοῦ</span> <span class='ocrx_word' id='word_1_537' title='bbox 399 4028 605 4093; x_wconf 86' lang='grc' dir='ltr'>πάθους</span> <span class='ocrx_word' id='word_1_538' title='bbox 642 4029 807 4084; x_wconf 76' lang='grc' dir='ltr'>αὑτοῦ</span> <span class='ocrx_word' id='word_1_539' title='bbox 828 4069 843 4093; x_wconf 91' lang='grc'><strong>,</strong></span> <span class='ocrx_word' id='word_1_540' title='bbox 888 4032 977 4084; x_wconf 78' lang='grc' dir='ltr'>ὅτε</span> <span class='ocrx_word' id='word_1_541' title='bbox 1015 4029 1318 4103; x_wconf 79' lang='grc' dir='ltr'>ἐπληροῦτο</span> <span class='ocrx_word' id='word_1_542' title='bbox 1353 4031 1445 4085; x_wconf 87' lang='grc' dir='ltr'>τό·</span> <span class='ocrx_word' id='word_1_543' title='bbox 1474 4029 1726 4095; x_wconf 80' lang='grc' dir='ltr'>Πατάξω</span> <span class='ocrx_word' id='word_1_544' title='bbox 1754 4031 1862 4086; x_wconf 83' lang='grc' dir='ltr'>τὸν</span> 
     </span>
    </p>
   </div>
   <div class='ocr_carea' id='block_1_74' title="bbox 262 4102 1861 4193">
    <p class='ocr_par' dir='ltr' id='par_1_74' title="bbox 262 4102 1861 4193">
     <span class='ocr_line' id='line_1_74' title="bbox 262 4102 1861 4193; baseline 0.002 -19"><span class='ocrx_word' id='word_1_545' title='bbox 262 4102 543 4190; x_wconf 55' lang='grc' dir='ltr'>ποιξμένα,</span> <span class='ocrx_word' id='word_1_546' title='bbox 575 4122 676 4176; x_wconf 78' lang='grc' dir='ltr'>καὶ</span> <span class='ocrx_word' id='word_1_547' title='bbox 706 4102 1323 4193; x_wconf 76' lang='grc' dir='ltr'>διασκορπισθήσεται</span> <span class='ocrx_word' id='word_1_548' title='bbox 1352 4122 1427 4178; x_wconf 86' lang='grc' dir='ltr'>τὰ</span> <span class='ocrx_word' id='word_1_549' title='bbox 1458 4125 1721 4192; x_wconf 79' lang='grc' dir='ltr'>πρόϐατα</span> <span class='ocrx_word' id='word_1_550' title='bbox 1748 4121 1861 4192; x_wconf 84' lang='grc' dir='ltr'>τῆς</span> 
     </span>
    </p>
   </div>
   <div class='ocr_carea' id='block_1_75' title="bbox 261 4210 1860 4287">
    <p class='ocr_par' dir='ltr' id='par_1_75' title="bbox 261 4210 1860 4287">
     <span class='ocr_line' id='line_1_75' title="bbox 261 4210 1860 4287; baseline 0.004 -23"><span class='ocrx_word' id='word_1_551' title='bbox 261 4211 546 4281; x_wconf 76' lang='grc' dir='ltr'>ποίμνης.</span> <span class='ocrx_word' id='word_1_552' title='bbox 589 4214 753 4267; x_wconf 86' lang='grc' dir='ltr'><strong>Ὀστᾶ</strong></span> <span class='ocrx_word' id='word_1_553' title='bbox 800 4214 911 4287; x_wconf 85' lang='grc' dir='ltr'><strong>γὰρ</strong></span> <span class='ocrx_word' id='word_1_554' title='bbox 952 4210 1093 4287; x_wconf 78' lang='grc' dir='ltr'>ἦσαν</span> <span class='ocrx_word' id='word_1_555' title='bbox 1136 4214 1231 4269; x_wconf 84' lang='grc' dir='ltr'>τοῦ</span> <span class='ocrx_word' id='word_1_556' title='bbox 1294 4212 1544 4287; x_wconf 85' lang='grc' dir='ltr'>σώματος</span> <span class='ocrx_word' id='word_1_557' title='bbox 1598 4215 1763 4270; x_wconf 71' lang='grc' dir='ltr'>αὐτοῦ</span> <span class='ocrx_word' id='word_1_558' title='bbox 1809 4218 1860 4270; x_wconf 80' lang='grc' dir='ltr'>οἱ</span> 
     </span>
    </p>
   </div>
   <div class='ocr_carea' id='block_1_76' title="bbox 260 4303 1861 4383">
    <p class='ocr_par' dir='ltr' id='par_1_76' title="bbox 260 4303 1861 4383">
     <span class='ocr_line' id='line_1_76' title="bbox 260 4303 1861 4383; baseline 0.003 -25"><span class='ocrx_word' id='word_1_559' title='bbox 260 4303 478 4375; x_wconf 83' lang='grc' dir='ltr'>πρῶτοι</span> <span class='ocrx_word' id='word_1_560' title='bbox 505 4306 670 4360; x_wconf 79' lang='grc' dir='ltr'>αὐτοῦ</span> <span class='ocrx_word' id='word_1_561' title='bbox 707 4307 968 4380; x_wconf 75' lang='grc' dir='ltr'>μαθηταὶ,</span> <span class='ocrx_word' id='word_1_562' title='bbox 1003 4310 1052 4363; x_wconf 87' lang='grc' dir='ltr'>οἳ</span> <span class='ocrx_word' id='word_1_563' title='bbox 1085 4309 1206 4363; x_wconf 82' lang='grc' dir='ltr'>τότε</span> <span class='ocrx_word' id='word_1_564' title='bbox 1236 4309 1334 4380; x_wconf 85' lang='grc' dir='ltr'><strong>μὲν</strong></span> <span class='ocrx_word' id='word_1_565' title='bbox 1365 4308 1861 4383; x_wconf 84' lang='grc' dir='ltr'>διεσκορπίσθησαν</span> 
     </span>
    </p>
   </div>
   <div class='ocr_carea' id='block_1_77' title="bbox 263 4397 1863 4474">
    <p class='ocr_par' dir='ltr' id='par_1_77' title="bbox 263 4397 1863 4474">
     <span class='ocr_line' id='line_1_77' title="bbox 263 4397 1863 4474; baseline 0.002 -21"><span class='ocrx_word' id='word_1_566' title='bbox 263 4397 754 4464; x_wconf 82' lang='grc' dir='ltr'>σκανδαλισθέντες</span> <span class='ocrx_word' id='word_1_567' title='bbox 778 4400 867 4454; x_wconf 80' lang='grc' dir='ltr'><strong>ἐπ’</strong></span> <span class='ocrx_word' id='word_1_568' title='bbox 896 4400 1065 4471; x_wconf 84' lang='grc' dir='ltr'>αὐτῷ,</span> <span class='ocrx_word' id='word_1_569' title='bbox 1086 4399 1277 4474; x_wconf 84' lang='grc' dir='ltr'>ὥσπερ</span> <span class='ocrx_word' id='word_1_570' title='bbox 1304 4400 1399 4456; x_wconf 77' lang='grc' dir='ltr'><strong>οὖν</strong></span> <span class='ocrx_word' id='word_1_571' title='bbox 1427 4403 1524 4458; x_wconf 76' lang='grc' dir='ltr'><strong>καὶ</strong></span> <span class='ocrx_word' id='word_1_572' title='bbox 1550 4402 1714 4467; x_wconf 83' lang='grc' dir='ltr'>αὐτὸς</span> <span class='ocrx_word' id='word_1_573' title='bbox 1740 4402 1863 4474; x_wconf 80' lang='grc' dir='ltr'><strong>ἐδή-</strong></span> 
     </span>
    </p>
   </div>
   <div class='ocr_carea' id='block_1_78' title="bbox 260 4489 1863 4562">
    <p class='ocr_par' dir='ltr' id='par_1_78' title="bbox 260 4489 1863 4562">
     <span class='ocr_line' id='line_1_78' title="bbox 260 4489 1863 4562; baseline 0.004 -19"><span class='ocrx_word' id='word_1_574' title='bbox 260 4489 363 4543; x_wconf 89' lang='grc' dir='ltr'><strong>λου</strong></span> <span class='ocrx_word' id='word_1_575' title='bbox 392 4490 568 4559; x_wconf 86' lang='grc' dir='ltr'>λέγων</span> <span class='ocrx_word' id='word_1_576' title='bbox 586 4508 601 4522; x_wconf 75' lang='grc'><em>’</em></span> <span class='ocrx_word' id='word_1_577' title='bbox 651 4491 883 4559; x_wconf 79' lang='grc' dir='ltr'><em>Πάντες</em></span> <span class='ocrx_word' id='word_1_578' title='bbox 927 4492 1097 4562; x_wconf 81' lang='grc' dir='ltr'><em>ὑμεῖς</em></span> <span class='ocrx_word' id='word_1_579' title='bbox 1146 4493 1755 4562; x_wconf 75' lang='grc' dir='ltr'>σκανδαλισθήσεσθε</span> <span class='ocrx_word' id='word_1_580' title='bbox 1792 4495 1863 4549; x_wconf 87' lang='grc' dir='ltr'>ὲν</span> 
     </span>
    </p>
   </div>
   <div class='ocr_carea' id='block_1_79' title="bbox 259 4582 1859 4658">
    <p class='ocr_par' dir='ltr' id='par_1_79' title="bbox 259 4582 1859 4658">
     <span class='ocr_line' id='line_1_79' title="bbox 259 4582 1859 4658; baseline 0.002 -20"><span class='ocrx_word' id='word_1_581' title='bbox 259 4582 400 4653; x_wconf 75' lang='grc' dir='ltr'><strong>ἐμοὶ</strong></span> <span class='ocrx_word' id='word_1_582' title='bbox 424 4583 495 4639; x_wconf 82' lang='grc' dir='ltr'>ἐν</span> <span class='ocrx_word' id='word_1_583' title='bbox 518 4582 597 4654; x_wconf 77' lang='grc' dir='ltr'>τῇ</span> <span class='ocrx_word' id='word_1_584' title='bbox 624 4585 799 4639; x_wconf 73' lang='grc' dir='ltr'>νυκτὶ</span> <span class='ocrx_word' id='word_1_585' title='bbox 840 4588 1050 4657; x_wconf 80' lang='grc' dir='ltr'>ταύτῃ.</span> <span class='ocrx_word' id='word_1_586' title='bbox 1108 4586 1265 4641; x_wconf 85' lang='grc' dir='ltr'>Μετὰ</span> <span class='ocrx_word' id='word_1_587' title='bbox 1307 4586 1366 4640; x_wconf 84' lang='grc' dir='ltr'>δὲ</span> <span class='ocrx_word' id='word_1_588' title='bbox 1403 4587 1504 4658; x_wconf 80' lang='grc' dir='ltr'>τὴν</span> <span class='ocrx_word' id='word_1_589' title='bbox 1544 4587 1859 4652; x_wconf 82' lang='grc' dir='ltr'>ἀνάστασιν,</span> 
     </span>
    </p>
   </div>
   <div class='ocr_carea' id='block_1_80' title="bbox 262 4678 1862 4754">
    <p class='ocr_par' dir='ltr' id='par_1_80' title="bbox 262 4678 1862 4754">
     <span class='ocr_line' id='line_1_80' title="bbox 262 4678 1862 4754; baseline 0 -20"><span class='ocrx_word' id='word_1_590' title='bbox 262 4678 595 4749; x_wconf 83' lang='grc' dir='ltr'>θεασάμενοι</span> <span class='ocrx_word' id='word_1_591' title='bbox 627 4680 811 4743; x_wconf 81' lang='grc' dir='ltr'>αὐτὸν,</span> <span class='ocrx_word' id='word_1_592' title='bbox 840 4679 1237 4754; x_wconf 79' lang='grc' dir='ltr'>ἐπληρώθησαν</span> <span class='ocrx_word' id='word_1_593' title='bbox 1276 4681 1451 4753; x_wconf 82' lang='grc' dir='ltr'>χαρᾶς</span> <span class='ocrx_word' id='word_1_594' title='bbox 1476 4680 1570 4734; x_wconf 77' lang='grc' dir='ltr'>καὶ</span> <span class='ocrx_word' id='word_1_595' title='bbox 1600 4680 1862 4750; x_wconf 81' lang='grc' dir='ltr'>ἀγαλλιά-</span> 
     </span>
    </p>
   </div>
   <div class='ocr_carea' id='block_1_81' title="bbox 266 4770 1875 4845">
    <p class='ocr_par' dir='ltr' id='par_1_81' title="bbox 266 4770 1875 4845">
     <span class='ocr_line' id='line_1_81' title="bbox 266 4770 1875 4845; baseline 0.001 -22"><span class='ocrx_word' id='word_1_596' title='bbox 266 4786 431 4832; x_wconf 87' lang='grc' dir='ltr'>σεως.</span> <span class='ocrx_word' id='word_1_597' title='bbox 467 4770 579 4825; x_wconf 71' lang='grc' dir='ltr'><strong>Καὶ</strong></span> <span class='ocrx_word' id='word_1_598' title='bbox 609 4772 669 4823; x_wconf 83' lang='grc' dir='ltr'>ὲν</span> <span class='ocrx_word' id='word_1_599' title='bbox 698 4774 813 4836; x_wconf 87' lang='grc' dir='ltr'>τοῖς</span> <span class='ocrx_word' id='word_1_600' title='bbox 850 4772 990 4844; x_wconf 82' lang='grc' dir='ltr'>μετὰ</span> <span class='ocrx_word' id='word_1_601' title='bbox 1033 4776 1222 4844; x_wconf 85' lang='grc' dir='ltr'>χεῖρας</span> <span class='ocrx_word' id='word_1_602' title='bbox 1265 4771 1323 4826; x_wconf 86' lang='grc' dir='ltr'><strong>δὲ</strong></span> <span class='ocrx_word' id='word_1_603' title='bbox 1368 4774 1498 4845; x_wconf 73' lang='grc' dir='ltr'>περὶ</span> <span class='ocrx_word' id='word_1_604' title='bbox 1533 4773 1642 4827; x_wconf 88' lang='grc' dir='ltr'><strong>τῶν</strong></span> <span class='ocrx_word' id='word_1_605' title='bbox 1680 4773 1875 4828; x_wconf 81' lang='grc' dir='ltr'>αὐτῶν</span> 
     </span>
    </p>
   </div>
   <div class='ocr_carea' id='block_1_82' title="bbox 264 4859 1866 4935">
    <p class='ocr_par' dir='ltr' id='par_1_82' title="bbox 264 4859 1866 4935">
     <span class='ocr_line' id='line_1_82' title="bbox 264 4859 1866 4935; baseline 0.002 -22"><span class='ocrx_word' id='word_1_606' title='bbox 264 4859 541 4923; x_wconf 73' lang='grc' dir='ltr'>λέλεκται·</span> <span class='ocrx_word' id='word_1_607' title='bbox 577 4861 780 4915; x_wconf 81' lang='grc' dir='ltr'>Πιὶντα</span> <span class='ocrx_word' id='word_1_608' title='bbox 813 4862 886 4917; x_wconf 88' lang='grc' dir='ltr'>τὰ</span> <span class='ocrx_word' id='word_1_609' title='bbox 928 4863 1081 4919; x_wconf 79' lang='grc' dir='ltr'><strong>ὀστᾶ</strong></span> <span class='ocrx_word' id='word_1_610' title='bbox 1120 4883 1240 4934; x_wconf 81' lang='grc' dir='ltr'><strong>μου</strong></span> <span class='ocrx_word' id='word_1_611' title='bbox 1272 4865 1508 4934; x_wconf 83' lang='grc' dir='ltr'>ἐροῦσι·</span> <span class='ocrx_word' id='word_1_612' title='bbox 1544 4865 1741 4932; x_wconf 85' lang='grc' dir='ltr'>Κύριε,</span> <span class='ocrx_word' id='word_1_613' title='bbox 1773 4864 1866 4935; x_wconf 81' lang='grc' dir='ltr'>τίς</span> 
     </span>
    </p>
   </div>
   <div class='ocr_carea' id='block_1_83' title="bbox 265 4955 1873 5029">
    <p class='ocr_par' dir='ltr' id='par_1_83' title="bbox 265 4955 1873 5029">
     <span class='ocr_line' id='line_1_83' title="bbox 265 4955 1873 5029; baseline 0.002 -22"><span class='ocrx_word' id='word_1_614' title='bbox 265 4955 474 5023; x_wconf 79' lang='grc' dir='ltr'>ὅμοιός</span> <span class='ocrx_word' id='word_1_615' title='bbox 499 4969 633 5019; x_wconf 89' lang='grc' dir='ltr'>σοι;</span> <span class='ocrx_word' id='word_1_616' title='bbox 666 4955 877 5027; x_wconf 83' lang='grc' dir='ltr'>Σφόδρα</span> <span class='ocrx_word' id='word_1_617' title='bbox 906 4956 964 5010; x_wconf 83' lang='grc' dir='ltr'>δὲ</span> <span class='ocrx_word' id='word_1_618' title='bbox 999 4956 1310 5028; x_wconf 80' lang='grc' dir='ltr'>κατάλληλα</span> <span class='ocrx_word' id='word_1_619' title='bbox 1353 4956 1432 5029; x_wconf 84' lang='grc' dir='ltr'><strong>τῷ</strong></span> <span class='ocrx_word' id='word_1_620' title='bbox 1468 4955 1561 5010; x_wconf 80' lang='grc' dir='ltr'>τοῦ</span> <span class='ocrx_word' id='word_1_621' title='bbox 1611 4955 1873 5028; x_wconf 79' lang='grc' dir='ltr'>Σωτῆρος</span> 
     </span>
    </p>
   </div>
   <div class='ocr_carea' id='block_1_84' title="bbox 267 5048 1864 5123">
    <p class='ocr_par' dir='ltr' id='par_1_84' title="bbox 267 5048 1864 5123">
     <span class='ocr_line' id='line_1_84' title="bbox 267 5048 1864 5123; baseline 0 -21"><span class='ocrx_word' id='word_1_622' title='bbox 267 5048 430 5120; x_wconf 78' lang='grc' dir='ltr'>ἡμῶν</span> <span class='ocrx_word' id='word_1_623' title='bbox 459 5048 735 5122; x_wconf 81' lang='grc' dir='ltr'>προσώπῳ</span> <span class='ocrx_word' id='word_1_624' title='bbox 772 5051 865 5104; x_wconf 74' lang='grc' dir='ltr'><strong>καὶ</strong></span> <span class='ocrx_word' id='word_1_625' title='bbox 891 5051 960 5104; x_wconf 78' lang='grc' dir='ltr'><strong>τὰ</strong></span> <span class='ocrx_word' id='word_1_626' title='bbox 999 5050 1211 5114; x_wconf 81' lang='grc' dir='ltr'>τούτοις</span> <span class='ocrx_word' id='word_1_627' title='bbox 1239 5051 1559 5122; x_wconf 85' lang='grc' dir='ltr'>συνημμένα</span> <span class='ocrx_word' id='word_1_628' title='bbox 1584 5049 1864 5123; x_wconf 86' lang='grc' dir='ltr'>τυγχάνει,</span> 
     </span>
    </p>
   </div>
   <div class='ocr_carea' id='block_1_85' title="bbox 264 5134 1866 5214">
    <p class='ocr_par' dir='ltr' id='par_1_85' title="bbox 264 5134 1866 5214">
     <span class='ocr_line' id='line_1_85' title="bbox 264 5134 1866 5214; baseline 0.001 -19"><span class='ocrx_word' id='word_1_629' title='bbox 264 5142 341 5196; x_wconf 84' lang='grc' dir='ltr'><strong>δι’</strong></span> <span class='ocrx_word' id='word_1_630' title='bbox 383 5134 460 5195; x_wconf 82' lang='grc' dir='ltr'>ὧν</span> <span class='ocrx_word' id='word_1_631' title='bbox 510 5142 724 5214; x_wconf 75' lang='grc' dir='ltr'>εἴρηται</span> <span class='ocrx_word' id='word_1_632' title='bbox 747 5160 761 5173; x_wconf 74' lang='grc' dir='ltr'><strong>ο</strong></span> <span class='ocrx_word' id='word_1_633' title='bbox 807 5142 1206 5210; x_wconf 83' lang='grc' dir='ltr'>Ἀναστάντες</span> <span class='ocrx_word' id='word_1_634' title='bbox 1247 5141 1546 5212; x_wconf 80' lang='grc' dir='ltr'>μάρτυρες</span> <span class='ocrx_word' id='word_1_635' title='bbox 1593 5140 1784 5199; x_wconf 78' lang='grc' dir='ltr'>ἄδικοι</span> <span class='ocrx_word' id='word_1_636' title='bbox 1825 5142 1866 5197; x_wconf 73' lang='lat'><strong>«1</strong></span> 
     </span>
    </p>
   </div>
   <div class='ocr_carea' id='block_1_86' title="bbox 266 5232 1865 5306">
    <p class='ocr_par' dir='ltr' id='par_1_86' title="bbox 266 5232 1865 5306">
     <span class='ocr_line' id='line_1_86' title="bbox 266 5232 1865 5306; baseline 0 -18"><span class='ocrx_word' id='word_1_637' title='bbox 266 5234 384 5288; x_wconf 82' lang='grc' dir='ltr'>οὐκ</span> <span class='ocrx_word' id='word_1_638' title='bbox 427 5234 761 5303; x_wconf 81' lang='grc' dir='ltr'>ἐγίνωσκον</span> <span class='ocrx_word' id='word_1_639' title='bbox 799 5233 1041 5304; x_wconf 71' lang='grc' dir='ltr'>ἠρώτων</span> <span class='ocrx_word' id='word_1_640' title='bbox 1085 5252 1183 5306; x_wconf 82' lang='grc' dir='ltr'><strong>με.</strong></span> <span class='ocrx_word' id='word_1_641' title='bbox 1222 5232 1734 5293; x_wconf 76' lang='grc' dir='ltr'>Ἀνταπεδίδοσάν</span> <span class='ocrx_word' id='word_1_642' title='bbox 1760 5252 1865 5304; x_wconf 81' lang='grc' dir='ltr'><strong>μοι</strong></span> 
     </span>
    </p>
   </div>
   <div class='ocr_carea' id='block_1_87' title="bbox 265 5326 1860 5399">
    <p class='ocr_par' dir='ltr' id='par_1_87' title="bbox 265 5326 1860 5399">
     <span class='ocr_line' id='line_1_87' title="bbox 265 5326 1860 5399; baseline 0.001 -19"><span class='ocrx_word' id='word_1_643' title='bbox 265 5326 507 5396; x_wconf 73' lang='grc' dir='ltr'>πονηρὰ</span> <span class='ocrx_word' id='word_1_644' title='bbox 535 5328 668 5382; x_wconf 79' lang='grc' dir='ltr'>ἀντὶ</span> <span class='ocrx_word' id='word_1_645' title='bbox 694 5326 952 5396; x_wconf 80' lang='grc' dir='ltr'>ἀγαθῶν,</span> <span class='ocrx_word' id='word_1_646' title='bbox 974 5329 1074 5383; x_wconf 76' lang='grc' dir='ltr'>καὶ</span> <span class='ocrx_word' id='word_1_647' title='bbox 1096 5329 1381 5383; x_wconf 82' lang='grc' dir='ltr'>ἀτεκνίαν</span> <span class='ocrx_word' id='word_1_648' title='bbox 1412 5326 1488 5397; x_wconf 79' lang='grc' dir='ltr'>τῇ</span> <span class='ocrx_word' id='word_1_649' title='bbox 1518 5326 1693 5397; x_wconf 71' lang='grc' dir='ltr'><strong>ψυχῇ</strong></span> <span class='ocrx_word' id='word_1_650' title='bbox 1721 5345 1860 5399; x_wconf 81' lang='grc' dir='ltr'>μου.</span> 
     </span>
    </p>
   </div>
   <div class='ocr_carea' id='block_1_88' title="bbox 265 5414 1864 5494">
    <p class='ocr_par' dir='ltr' id='par_1_88' title="bbox 265 5414 1864 5494">
     <span class='ocr_line' id='line_1_88' title="bbox 265 5414 1864 5494; baseline -0.001 -20"><span class='ocrx_word' id='word_1_651' title='bbox 265 5417 497 5486; x_wconf 81' lang='grc' dir='ltr'>Τούτοις</span> <span class='ocrx_word' id='word_1_652' title='bbox 524 5421 686 5492; x_wconf 72' lang='grc' dir='ltr'>ὅμοια</span> <span class='ocrx_word' id='word_1_653' title='bbox 725 5420 819 5475; x_wconf 72' lang='grc' dir='ltr'><strong>καὶ</strong></span> <span class='ocrx_word' id='word_1_654' title='bbox 864 5422 922 5473; x_wconf 80' lang='grc' dir='ltr'>ὲν</span> <span class='ocrx_word' id='word_1_655' title='bbox 960 5425 1042 5494; x_wconf 83' lang='grc' dir='ltr'>ρη¹</span> <span class='ocrx_word' id='word_1_656' title='bbox 1077 5418 1274 5491; x_wconf 70' lang='grc' dir='ltr'>ψαλμῷ</span> <span class='ocrx_word' id='word_1_657' title='bbox 1312 5422 1563 5492; x_wconf 82' lang='grc' dir='ltr'>εὑρήσεις</span> <span class='ocrx_word' id='word_1_658' title='bbox 1588 5421 1647 5473; x_wconf 83' lang='grc' dir='ltr'>ὲν</span> <span class='ocrx_word' id='word_1_659' title='bbox 1672 5414 1754 5485; x_wconf 75' lang='grc' dir='ltr'>οἷς</span> <span class='ocrx_word' id='word_1_660' title='bbox 1782 5420 1864 5476; x_wconf 70' lang='grc' dir='ltr'><strong>εἴα</strong></span> 
     </span>
    </p>
   </div>
   <div class='ocr_carea' id='block_1_89' title="bbox 267 5510 1867 5583">
    <p class='ocr_par' dir='ltr' id='par_1_89' title="bbox 267 5510 1867 5583">
     <span class='ocr_line' id='line_1_89' title="bbox 267 5510 1867 5583; baseline 0.002 -20"><span class='ocrx_word' id='word_1_661' title='bbox 267 5526 467 5583; x_wconf 73' lang='grc' dir='ltr'>ρηταιο</span> <span class='ocrx_word' id='word_1_662' title='bbox 520 5512 632 5568; x_wconf 76' lang='grc' dir='ltr'><strong>Καὶ</strong></span> <span class='ocrx_word' id='word_1_663' title='bbox 684 5510 1074 5582; x_wconf 73' lang='grc' dir='ltr'>ἐπολέμησαν</span> <span class='ocrx_word' id='word_1_664' title='bbox 1123 5528 1200 5581; x_wconf 78' lang='grc' dir='ltr'><strong>με</strong></span> <span class='ocrx_word' id='word_1_665' title='bbox 1250 5511 1477 5580; x_wconf 84' lang='grc' dir='ltr'>δωρεάν</span> <span class='ocrx_word' id='word_1_666' title='bbox 1495 5530 1507 5544; x_wconf 77' lang='grc' dir='ltr'><strong>ο</strong></span> <span class='ocrx_word' id='word_1_667' title='bbox 1568 5512 1705 5567; x_wconf 79' lang='grc' dir='ltr'>ἀντὶ</span> <span class='ocrx_word' id='word_1_668' title='bbox 1754 5511 1867 5566; x_wconf 80' lang='grc' dir='ltr'>τοῦ</span> 
     </span>
    </p>
   </div>
   <div class='ocr_carea' id='block_1_90' title="bbox 263 5603 1863 5675">
    <p class='ocr_par' dir='ltr' id='par_1_90' title="bbox 263 5603 1863 5675">
     <span class='ocr_line' id='line_1_90' title="bbox 263 5603 1863 5675; baseline -0.001 -16"><span class='ocrx_word' id='word_1_669' title='bbox 263 5603 515 5673; x_wconf 74' lang='grc' dir='ltr'>ἀγαπᾷν</span> <span class='ocrx_word' id='word_1_670' title='bbox 546 5622 625 5675; x_wconf 82' lang='grc' dir='ltr'>με</span> <span class='ocrx_word' id='word_1_671' title='bbox 654 5603 1046 5667; x_wconf 78' lang='grc' dir='ltr'><strong>ὲνδιέϐαλλόν</strong></span> <span class='ocrx_word' id='word_1_672' title='bbox 1063 5621 1141 5674; x_wconf 85' lang='grc' dir='ltr'><strong>με</strong></span> <span class='ocrx_word' id='word_1_673' title='bbox 1160 5621 1172 5634; x_wconf 89' lang='grc'><strong>·</strong></span> <span class='ocrx_word' id='word_1_674' title='bbox 1204 5603 1304 5658; x_wconf 79' lang='grc' dir='ltr'>καὶ</span> <span class='ocrx_word' id='word_1_675' title='bbox 1332 5605 1538 5659; x_wconf 71' lang='grc' dir='ltr'>ἔθεντο</span> <span class='ocrx_word' id='word_1_676' title='bbox 1566 5606 1693 5659; x_wconf 74' lang='grc' dir='ltr'>κατ’</span> <span class='ocrx_word' id='word_1_677' title='bbox 1715 5603 1863 5673; x_wconf 80' lang='grc' dir='ltr'><strong>ἐμοῦ</strong></span> 
     </span>
    </p>
   </div>
   <div class='ocr_carea' id='block_1_91' title="bbox 265 5693 1863 5767">
    <p class='ocr_par' dir='ltr' id='par_1_91' title="bbox 265 5693 1863 5767">
     <span class='ocr_line' id='line_1_91' title="bbox 265 5693 1863 5767; baseline -0.002 -16"><span class='ocrx_word' id='word_1_678' title='bbox 265 5695 432 5751; x_wconf 66' lang='grc' dir='ltr'>κακὰ</span> <span class='ocrx_word' id='word_1_679' title='bbox 474 5696 609 5751; x_wconf 76' lang='grc' dir='ltr'>ἀντὶ</span> <span class='ocrx_word' id='word_1_680' title='bbox 658 5695 915 5767; x_wconf 75' lang='grc' dir='ltr'>ἀγαθῶν,</span> <span class='ocrx_word' id='word_1_681' title='bbox 943 5696 1043 5749; x_wconf 82' lang='grc' dir='ltr'>καὶ</span> <span class='ocrx_word' id='word_1_682' title='bbox 1075 5695 1259 5765; x_wconf 82' lang='grc' dir='ltr'>μῖσος</span> <span class='ocrx_word' id='word_1_683' title='bbox 1306 5694 1441 5750; x_wconf 78' lang='grc' dir='ltr'>ἀντὶ</span> <span class='ocrx_word' id='word_1_684' title='bbox 1493 5693 1602 5761; x_wconf 82' lang='grc' dir='ltr'><strong>τῆς</strong></span> <span class='ocrx_word' id='word_1_685' title='bbox 1632 5693 1863 5765; x_wconf 77' lang='grc' dir='ltr'>ἀγαπή-</span> 
     </span>
    </p>
   </div>
   <div class='ocr_carea' id='block_1_92' title="bbox 345 5873 1377 5943">
    <p class='ocr_par' dir='ltr' id='par_1_92' title="bbox 345 5873 1377 5943">
     <span class='ocr_line' id='line_1_92' title="bbox 345 5873 1377 5943; baseline 0.015 -24"><span class='ocrx_word' id='word_1_686' title='bbox 345 5875 391 5919; x_wconf 66' lang='grc' dir='ltr'><strong>υ</strong></span> <span class='ocrx_word' id='word_1_687' title='bbox 431 5873 563 5937; x_wconf 77' lang='lat' dir='ltr'><strong>Luc.</strong></span> <span class='ocrx_word' id='word_1_688' title='bbox 601 5894 691 5943; x_wconf 82' lang='lat' dir='ltr'><strong>v1,</strong></span> <span class='ocrx_word' id='word_1_689' title='bbox 722 5877 811 5933; x_wconf 71' lang='lat'><strong>28.</strong></span> <span class='ocrx_word' id='word_1_690' title='bbox 896 5874 1097 5936; x_wconf 73' lang='lat' dir='ltr'><strong>“Psal.</strong></span> <span class='ocrx_word' id='word_1_691' title='bbox 1138 5893 1248 5943; x_wconf 73' lang='lat' dir='ltr'><strong>xxi,</strong></span> <span class='ocrx_word' id='word_1_692' title='bbox 1295 5877 1377 5934; x_wconf 73' lang='lat' dir='ltr'><strong>lii.</strong></span> 
     </span>
    </p>
   </div>
   <div class='ocr_carea' id='block_1_93' title="bbox 1898 4830 1942 4884">
    <p class='ocr_par' dir='ltr' id='par_1_93' title="bbox 1898 4830 1942 4884">
     <span class='ocr_line' id='line_1_93' title="bbox 1898 4830 1942 4884; baseline 0 0"><span class='ocrx_word' id='word_1_693' title='bbox 1898 4830 1942 4884; x_wconf 86' lang='grc' dir='ltr'><strong>Ι)</strong></span> 
     </span>
    </p>
   </div>
   <div class='ocr_carea' id='block_1_94' title="bbox 1962 3574 3547 3645">
    <p class='ocr_par' dir='ltr' id='par_1_94' title="bbox 1962 3574 3547 3645">
     <span class='ocr_line' id='line_1_94' title="bbox 1962 3574 3547 3645; baseline 0 -16"><span class='ocrx_word' id='word_1_694' title='bbox 1962 3582 2150 3645; x_wconf 86' lang='lat' dir='ltr'><strong>aperte</strong></span> <span class='ocrx_word' id='word_1_695' title='bbox 2177 3590 2245 3630; x_wconf 78' lang='lat' dir='ltr'><strong>ex</strong></span> <span class='ocrx_word' id='word_1_696' title='bbox 2282 3589 2517 3644; x_wconf 86' lang='lat' dir='ltr'><strong>persona</strong></span> <span class='ocrx_word' id='word_1_697' title='bbox 2551 3574 2854 3630; x_wconf 87' lang='lat' dir='ltr'><strong>Salvatoris</strong></span> <span class='ocrx_word' id='word_1_698' title='bbox 2900 3575 3290 3645; x_wconf 80' lang='lat' dir='ltr'><strong>pronuntiatus</strong></span> <span class='ocrx_word' id='word_1_699' title='bbox 3323 3581 3427 3639; x_wconf 89' lang='lat' dir='ltr'><strong>est,</strong></span> <span class='ocrx_word' id='word_1_700' title='bbox 3466 3577 3547 3629; x_wconf 88' lang='lat' dir='ltr'><strong>sic</strong></span> 
     </span>
    </p>
   </div>
   <div class='ocr_carea' id='block_1_95' title="bbox 1960 3662 3577 3733">
    <p class='ocr_par' dir='ltr' id='par_1_95' title="bbox 1960 3662 3577 3733">
     <span class='ocr_line' id='line_1_95' title="bbox 1960 3662 3577 3733; baseline -0.002 -15"><span class='ocrx_word' id='word_1_701' title='bbox 1960 3663 2194 3718; x_wconf 85' lang='lat' dir='ltr'><strong>habetur</strong></span> <span class='ocrx_word' id='word_1_702' title='bbox 2222 3682 2237 3718; x_wconf 92' lang='lat'><strong>:</strong></span> <span class='ocrx_word' id='word_1_703' title='bbox 2269 3663 2419 3718; x_wconf 86' lang='lat' dir='ltr'><strong>Sicut</strong></span> <span class='ocrx_word' id='word_1_704' title='bbox 2461 3680 2603 3733; x_wconf 87' lang='lat' dir='ltr'><strong>aqua</strong></span> <span class='ocrx_word' id='word_1_705' title='bbox 2633 3664 2833 3732; x_wconf 71' lang='lat' dir='ltr'><strong>effusus</strong></span> <span class='ocrx_word' id='word_1_706' title='bbox 2882 3680 3022 3725; x_wconf 89' lang='lat' dir='ltr'><strong>sum,</strong></span> <span class='ocrx_word' id='word_1_707' title='bbox 3068 3672 3118 3719; x_wconf 87' lang='lat' dir='ltr'><strong>et</strong></span> <span class='ocrx_word' id='word_1_708' title='bbox 3150 3662 3390 3732; x_wconf 85' lang='lat' dir='ltr'><strong>dispersa</strong></span> <span class='ocrx_word' id='word_1_709' title='bbox 3423 3670 3577 3716; x_wconf 59' lang='lat' dir='ltr'><strong>sunt»</strong></span> 
     </span>
    </p>
   </div>
   <div class='ocr_carea' id='block_1_96' title="bbox 1962 3753 3578 3826">
    <p class='ocr_par' dir='ltr' id='par_1_96' title="bbox 1962 3753 3578 3826">
     <span class='ocr_line' id='line_1_96' title="bbox 1962 3753 3578 3826; baseline -0.002 -17"><span class='ocrx_word' id='word_1_710' title='bbox 1962 3755 2142 3809; x_wconf 86' lang='lat' dir='ltr'><strong>omnia</strong></span> <span class='ocrx_word' id='word_1_711' title='bbox 2177 3771 2300 3810; x_wconf 83' lang='lat' dir='ltr'><strong>ossa</strong></span> <span class='ocrx_word' id='word_1_712' title='bbox 2329 3773 2446 3809; x_wconf 88' lang='lat' dir='ltr'><strong>mea</strong></span> <span class='ocrx_word' id='word_1_713' title='bbox 2481 3759 2546 3812; x_wconf 76' lang='lat'><strong>&quot;.</strong></span> <span class='ocrx_word' id='word_1_714' title='bbox 2582 3757 2788 3826; x_wconf 87' lang='lat' dir='ltr'><strong>liisque</strong></span> <span class='ocrx_word' id='word_1_715' title='bbox 2837 3754 3113 3825; x_wconf 73' lang='lat' dir='ltr'><strong>significat</strong></span> <span class='ocrx_word' id='word_1_716' title='bbox 3171 3753 3578 3824; x_wconf 69' lang='lat' dir='ltr'><strong>apostolorum,</strong></span> 
     </span>
    </p>
   </div>
   <div class='ocr_carea' id='block_1_97' title="bbox 1961 3845 3548 3918">
    <p class='ocr_par' dir='ltr' id='par_1_97' title="bbox 1961 3845 3548 3918">
     <span class='ocr_line' id='line_1_97' title="bbox 1961 3845 3548 3918; baseline 0 -17"><span class='ocrx_word' id='word_1_717' title='bbox 1961 3846 2085 3916; x_wconf 85' lang='lat' dir='ltr'><strong>ejus</strong></span> <span class='ocrx_word' id='word_1_718' title='bbox 2111 3845 2534 3916; x_wconf 84' lang='lat' dir='ltr'><strong>dispersionem,</strong></span> <span class='ocrx_word' id='word_1_719' title='bbox 2557 3856 2609 3903; x_wconf 89' lang='lat' dir='ltr'><strong>et</strong></span> <span class='ocrx_word' id='word_1_720' title='bbox 2641 3847 2824 3918; x_wconf 80' lang='lat' dir='ltr'><strong>fugam</strong></span> <span class='ocrx_word' id='word_1_721' title='bbox 2852 3861 2973 3917; x_wconf 76' lang='lat' dir='ltr'><strong>qua:</strong></span> <span class='ocrx_word' id='word_1_722' title='bbox 2995 3853 3242 3916; x_wconf 88' lang='lat' dir='ltr'><strong>tempore</strong></span> <span class='ocrx_word' id='word_1_723' title='bbox 3272 3845 3548 3915; x_wconf 82' lang='lat' dir='ltr'><strong>passionis</strong></span> 
     </span>
    </p>
   </div>
   <div class='ocr_carea' id='block_1_98' title="bbox 1962 3936 3548 4012">
    <p class='ocr_par' dir='ltr' id='par_1_98' title="bbox 1962 3936 3548 4012">
     <span class='ocr_line' id='line_1_98' title="bbox 1962 3936 3548 4012; baseline -0.002 -18"><span class='ocrx_word' id='word_1_724' title='bbox 1962 3938 2085 4007; x_wconf 87' lang='lat' dir='ltr'><strong>ejus</strong></span> <span class='ocrx_word' id='word_1_725' title='bbox 2109 3938 2328 4004; x_wconf 83' lang='lat' dir='ltr'><strong>accidit,</strong></span> <span class='ocrx_word' id='word_1_726' title='bbox 2355 3940 2576 4010; x_wconf 83' lang='lat' dir='ltr'><strong>quando</strong></span> <span class='ocrx_word' id='word_1_727' title='bbox 2600 3939 2883 4012; x_wconf 88' lang='lat' dir='ltr'><strong>impletum</strong></span> <span class='ocrx_word' id='word_1_728' title='bbox 2911 3937 3013 3991; x_wconf 82' lang='lat' dir='ltr'><strong>fuit</strong></span> <span class='ocrx_word' id='word_1_729' title='bbox 3041 3937 3172 3991; x_wconf 87' lang='lat' dir='ltr'><strong>illud</strong></span> <span class='ocrx_word' id='word_1_730' title='bbox 3201 3956 3216 3993; x_wconf 91' lang='lat'><strong>:</strong></span> <span class='ocrx_word' id='word_1_731' title='bbox 3243 3936 3548 3991; x_wconf 85' lang='lat' dir='ltr'><strong>Percutiam</strong></span> 
     </span>
    </p>
   </div>
   <div class='ocr_carea' id='block_1_99' title="bbox 1966 4029 3547 4103">
    <p class='ocr_par' dir='ltr' id='par_1_99' title="bbox 1966 4029 3547 4103">
     <span class='ocr_line' id='line_1_99' title="bbox 1966 4029 3547 4103; baseline 0 -19"><span class='ocrx_word' id='word_1_732' title='bbox 1966 4040 2256 4099; x_wconf 77' lang='lat' dir='ltr'><strong>pastorem,</strong></span> <span class='ocrx_word' id='word_1_733' title='bbox 2284 4041 2334 4086; x_wconf 90' lang='lat' dir='ltr'><strong>et</strong></span> <span class='ocrx_word' id='word_1_734' title='bbox 2362 4032 2731 4103; x_wconf 86' lang='lat' dir='ltr'><strong>dispergentur</strong></span> <span class='ocrx_word' id='word_1_735' title='bbox 2761 4047 2877 4086; x_wconf 82' lang='lat' dir='ltr'><strong>oves</strong></span> <span class='ocrx_word' id='word_1_736' title='bbox 2908 4031 3079 4101; x_wconf 78' lang='lat' dir='ltr'><strong>gregis</strong></span> <span class='ocrx_word' id='word_1_737' title='bbox 3113 4030 3182 4087; x_wconf 64' lang='grc'><strong>³³.</strong></span> <span class='ocrx_word' id='word_1_738' title='bbox 3213 4029 3348 4085; x_wconf 77' lang='lat' dir='ltr'><strong>Nam</strong></span> <span class='ocrx_word' id='word_1_739' title='bbox 3385 4029 3547 4101; x_wconf 85' lang='lat' dir='ltr'><strong>primi</strong></span> 
     </span>
    </p>
   </div>
   <div class='ocr_carea' id='block_1_100' title="bbox 1963 4121 3577 4194">
    <p class='ocr_par' dir='ltr' id='par_1_100' title="bbox 1963 4121 3577 4194">
     <span class='ocr_line' id='line_1_100' title="bbox 1963 4121 3577 4194; baseline -0.001 -16"><span class='ocrx_word' id='word_1_740' title='bbox 1963 4123 2391 4193; x_wconf 75' lang='lat' dir='ltr'><strong>ejusdiscipuli,</strong></span> <span class='ocrx_word' id='word_1_741' title='bbox 2419 4140 2546 4179; x_wconf 89' lang='lat' dir='ltr'><strong>ossa</strong></span> <span class='ocrx_word' id='word_1_742' title='bbox 2574 4124 2825 4194; x_wconf 89' lang='lat' dir='ltr'><strong>corporis</strong></span> <span class='ocrx_word' id='word_1_743' title='bbox 2864 4121 3040 4193; x_wconf 87' lang='lat' dir='ltr'><strong>ipsius</strong></span> <span class='ocrx_word' id='word_1_744' title='bbox 3065 4128 3243 4188; x_wconf 87' lang='lat' dir='ltr'><strong>erant,</strong></span> <span class='ocrx_word' id='word_1_745' title='bbox 3294 4122 3387 4193; x_wconf 90' lang='lat' dir='ltr'><strong>qui</strong></span> <span class='ocrx_word' id='word_1_746' title='bbox 3416 4130 3577 4177; x_wconf 70' lang='lat' dir='ltr'><strong>tunc.</strong></span> 
     </span>
    </p>
   </div>
   <div class='ocr_carea' id='block_1_101' title="bbox 1963 4212 3549 4287">
    <p class='ocr_par' dir='ltr' id='par_1_101' title="bbox 1963 4212 3549 4287">
     <span class='ocr_line' id='line_1_101' title="bbox 1963 4212 3549 4287; baseline -0.001 -17"><span class='ocrx_word' id='word_1_747' title='bbox 1963 4215 2201 4286; x_wconf 77' lang='lat' dir='ltr'><strong>dispersi</strong></span> <span class='ocrx_word' id='word_1_748' title='bbox 2228 4229 2357 4272; x_wconf 83' lang='lat' dir='ltr'><strong>sum</strong></span> <span class='ocrx_word' id='word_1_749' title='bbox 2392 4217 2714 4273; x_wconf 87' lang='lat' dir='ltr'><strong>scandalum</strong></span> <span class='ocrx_word' id='word_1_750' title='bbox 2742 4216 2890 4287; x_wconf 87' lang='lat' dir='ltr'><strong>passi</strong></span> <span class='ocrx_word' id='word_1_751' title='bbox 2919 4214 2976 4271; x_wconf 87' lang='lat' dir='ltr'><strong>in</strong></span> <span class='ocrx_word' id='word_1_752' title='bbox 3006 4216 3159 4286; x_wconf 83' lang='lat' dir='ltr'><strong>ipso;</strong></span> <span class='ocrx_word' id='word_1_753' title='bbox 3193 4212 3549 4286; x_wconf 45' lang='lat' dir='ltr'><strong>quemadmos</strong></span> 
     </span>
    </p>
   </div>
   <div class='ocr_carea' id='block_1_102' title="bbox 1967 4303 3573 4379">
    <p class='ocr_par' dir='ltr' id='par_1_102' title="bbox 1967 4303 3573 4379">
     <span class='ocr_line' id='line_1_102' title="bbox 1967 4303 3573 4379; baseline -0.004 -15"><span class='ocrx_word' id='word_1_754' title='bbox 1967 4307 2099 4364; x_wconf 90' lang='lat' dir='ltr'><strong>dum</strong></span> <span class='ocrx_word' id='word_1_755' title='bbox 2131 4308 2250 4379; x_wconf 88' lang='lat' dir='ltr'><strong>ipse</strong></span> <span class='ocrx_word' id='word_1_756' title='bbox 2273 4307 2579 4365; x_wconf 84' lang='lat' dir='ltr'><strong>declaravit</strong></span> <span class='ocrx_word' id='word_1_757' title='bbox 2606 4310 2709 4367; x_wconf 82' lang='lat' dir='ltr'><strong>boc</strong></span> <span class='ocrx_word' id='word_1_758' title='bbox 2739 4308 2902 4365; x_wconf 89' lang='lat' dir='ltr'><strong>modo</strong></span> <span class='ocrx_word' id='word_1_759' title='bbox 2935 4328 2948 4363; x_wconf 87' lang='lat'><strong>:</strong></span> <span class='ocrx_word' id='word_1_760' title='bbox 2989 4307 3183 4364; x_wconf 81' lang='lat' dir='ltr'><strong>Omnes</strong></span> <span class='ocrx_word' id='word_1_761' title='bbox 3214 4324 3302 4363; x_wconf 75' lang='lat' dir='ltr'><strong>vos</strong></span> <span class='ocrx_word' id='word_1_762' title='bbox 3327 4303 3573 4361; x_wconf 11' lang='lat' dir='ltr'><strong>scanda-r</strong></span> 
     </span>
    </p>
   </div>
   <div class='ocr_carea' id='block_1_103' title="bbox 1970 4398 3547 4473">
    <p class='ocr_par' dir='ltr' id='par_1_103' title="bbox 1970 4398 3547 4473">
     <span class='ocr_line' id='line_1_103' title="bbox 1970 4398 3547 4473; baseline -0.002 -17"><span class='ocrx_word' id='word_1_763' title='bbox 1970 4401 2081 4456; x_wconf 87' lang='lat' dir='ltr'><strong>lum</strong></span> <span class='ocrx_word' id='word_1_764' title='bbox 2105 4403 2381 4473; x_wconf 82' lang='lat' dir='ltr'><strong>patiemini</strong></span> <span class='ocrx_word' id='word_1_765' title='bbox 2410 4405 2467 4458; x_wconf 90' lang='lat' dir='ltr'><strong>in</strong></span> <span class='ocrx_word' id='word_1_766' title='bbox 2490 4420 2572 4458; x_wconf 88' lang='lat' dir='ltr'><strong>me</strong></span> <span class='ocrx_word' id='word_1_767' title='bbox 2610 4404 2717 4459; x_wconf 81' lang='lat' dir='ltr'><strong>ista</strong></span> <span class='ocrx_word' id='word_1_768' title='bbox 2749 4412 2899 4460; x_wconf 78' lang='lat' dir='ltr'><strong>nocte</strong></span> <span class='ocrx_word' id='word_1_769' title='bbox 2925 4402 2995 4457; x_wconf 74' lang='lat'><strong>&#39;°;</strong></span> <span class='ocrx_word' id='word_1_770' title='bbox 3025 4400 3156 4457; x_wconf 83' lang='lat' dir='ltr'><strong>Post</strong></span> <span class='ocrx_word' id='word_1_771' title='bbox 3184 4398 3547 4456; x_wconf 85' lang='lat' dir='ltr'><strong>resurrectio-</strong></span> 
     </span>
    </p>
   </div>
   <div class='ocr_carea' id='block_1_104' title="bbox 1966 4490 3569 4567">
    <p class='ocr_par' dir='ltr' id='par_1_104' title="bbox 1966 4490 3569 4567">
     <span class='ocr_line' id='line_1_104' title="bbox 1966 4490 3569 4567; baseline -0.004 -17"><span class='ocrx_word' id='word_1_772' title='bbox 1966 4510 2093 4550; x_wconf 89' lang='lat' dir='ltr'><strong>nem</strong></span> <span class='ocrx_word' id='word_1_773' title='bbox 2137 4510 2295 4561; x_wconf 87' lang='lat' dir='ltr'><strong>vero,</strong></span> <span class='ocrx_word' id='word_1_774' title='bbox 2338 4496 2431 4551; x_wconf 91' lang='lat' dir='ltr'><strong>ubi</strong></span> <span class='ocrx_word' id='word_1_775' title='bbox 2481 4497 2661 4567; x_wconf 85' lang='lat' dir='ltr'><strong>ipsum</strong></span> <span class='ocrx_word' id='word_1_776' title='bbox 2710 4503 3143 4567; x_wconf 80' lang='lat' dir='ltr'><strong>conspexerunt,</strong></span> <span class='ocrx_word' id='word_1_777' title='bbox 3176 4490 3371 4563; x_wconf 87' lang='lat' dir='ltr'><strong>repleti</strong></span> <span class='ocrx_word' id='word_1_778' title='bbox 3418 4499 3569 4546; x_wconf 28' lang='lat' dir='ltr'><strong>sunt‘</strong></span> 
     </span>
    </p>
   </div>
   <div class='ocr_carea' id='block_1_105' title="bbox 1967 4583 3569 4658">
    <p class='ocr_par' dir='ltr' id='par_1_105' title="bbox 1967 4583 3569 4658">
     <span class='ocr_line' id='line_1_105' title="bbox 1967 4583 3569 4658; baseline -0.004 -17"><span class='ocrx_word' id='word_1_779' title='bbox 1967 4587 2168 4658; x_wconf 78' lang='lat' dir='ltr'><strong>gaudio</strong></span> <span class='ocrx_word' id='word_1_780' title='bbox 2200 4598 2252 4644; x_wconf 88' lang='lat' dir='ltr'><strong>et</strong></span> <span class='ocrx_word' id='word_1_781' title='bbox 2272 4589 2657 4645; x_wconf 80' lang='lat' dir='ltr'><strong>exsultatione.</strong></span> <span class='ocrx_word' id='word_1_782' title='bbox 2690 4587 2750 4642; x_wconf 88' lang='lat' dir='ltr'><strong>lu</strong></span> <span class='ocrx_word' id='word_1_783' title='bbox 2778 4588 2864 4645; x_wconf 87' lang='lat' dir='ltr'><strong>bis</strong></span> <span class='ocrx_word' id='word_1_784' title='bbox 2895 4589 3025 4643; x_wconf 89' lang='lat' dir='ltr'><strong>item</strong></span> <span class='ocrx_word' id='word_1_785' title='bbox 3050 4601 3171 4656; x_wconf 61' lang='lat' dir='ltr'><strong>quae</strong></span> <span class='ocrx_word' id='word_1_786' title='bbox 3195 4587 3308 4654; x_wconf 85' lang='lat' dir='ltr'><strong>jam</strong></span> <span class='ocrx_word' id='word_1_787' title='bbox 3342 4583 3569 4652; x_wconf 77' lang='lat' dir='ltr'><strong>agitan—.</strong></span> 
     </span>
    </p>
   </div>
   <div class='ocr_carea' id='block_1_106' title="bbox 1929 4673 3552 4741">
    <p class='ocr_par' dir='ltr' id='par_1_106' title="bbox 1929 4673 3552 4741">
     <span class='ocr_line' id='line_1_106' title="bbox 1929 4673 3552 4741; baseline -0.006 -6"><span class='ocrx_word' id='word_1_788' title='bbox 1929 4716 1934 4723; x_wconf 63' lang='grc' dir='ltr'><em>α</em></span> <span class='ocrx_word' id='word_1_789' title='bbox 1968 4689 2061 4736; x_wconf 87' lang='lat' dir='ltr'><strong>tur</strong></span> <span class='ocrx_word' id='word_1_790' title='bbox 2084 4681 2153 4735; x_wconf 89' lang='lat' dir='ltr'><strong>de</strong></span> <span class='ocrx_word' id='word_1_791' title='bbox 2179 4681 2290 4737; x_wconf 87' lang='lat' dir='ltr'><strong>illis</strong></span> <span class='ocrx_word' id='word_1_792' title='bbox 2312 4681 2521 4736; x_wconf 90' lang='lat' dir='ltr'><strong>dictum</strong></span> <span class='ocrx_word' id='word_1_793' title='bbox 2545 4690 2631 4738; x_wconf 88' lang='lat' dir='ltr'><strong>est</strong></span> <span class='ocrx_word' id='word_1_794' title='bbox 2659 4701 2672 4736; x_wconf 93' lang='lat'>:</span> <span class='ocrx_word' id='word_1_795' title='bbox 2703 4680 2897 4741; x_wconf 86' lang='lat' dir='ltr'><strong>Omnia</strong></span> <span class='ocrx_word' id='word_1_796' title='bbox 2928 4696 3053 4737; x_wconf 85' lang='lat' dir='ltr'><strong>ossa</strong></span> <span class='ocrx_word' id='word_1_797' title='bbox 3074 4694 3189 4732; x_wconf 89' lang='lat' dir='ltr'><strong>mea</strong></span> <span class='ocrx_word' id='word_1_798' title='bbox 3216 4676 3413 4739; x_wconf 86' lang='lat' dir='ltr'><strong>dicent,</strong></span> <span class='ocrx_word' id='word_1_799' title='bbox 3441 4673 3552 4728; x_wconf 66' lang='lat' dir='ltr'><strong>Do»</strong></span> 
     </span>
    </p>
   </div>
   <div class='ocr_carea' id='block_1_107' title="bbox 1970 4766 3547 4844">
    <p class='ocr_par' dir='ltr' id='par_1_107' title="bbox 1970 4766 3547 4844">
     <span class='ocr_line' id='line_1_107' title="bbox 1970 4766 3547 4844; baseline -0.005 -18"><span class='ocrx_word' id='word_1_800' title='bbox 1970 4772 2133 4834; x_wconf 81' lang='lat' dir='ltr'><strong>mine,</strong></span> <span class='ocrx_word' id='word_1_801' title='bbox 2161 4774 2279 4844; x_wconf 86' lang='lat' dir='ltr'><strong>quis</strong></span> <span class='ocrx_word' id='word_1_802' title='bbox 2311 4773 2503 4829; x_wconf 86' lang='lat' dir='ltr'><strong>similis</strong></span> <span class='ocrx_word' id='word_1_803' title='bbox 2533 4772 2630 4827; x_wconf 85' lang='lat' dir='ltr'><strong>tibi</strong></span> <span class='ocrx_word' id='word_1_804' title='bbox 2653 4774 2678 4828; x_wconf 70' lang='lat'><strong><em>2</em></strong></span> <span class='ocrx_word' id='word_1_805' title='bbox 2705 4771 2839 4838; x_wconf 57' lang='lat' dir='ltr'><strong>Quae</strong></span> <span class='ocrx_word' id='word_1_806' title='bbox 2870 4770 2938 4825; x_wconf 90' lang='lat' dir='ltr'><strong>iis</strong></span> <span class='ocrx_word' id='word_1_807' title='bbox 2970 4784 3133 4840; x_wconf 86' lang='lat' dir='ltr'><strong>porro</strong></span> <span class='ocrx_word' id='word_1_808' title='bbox 3153 4766 3547 4837; x_wconf 85' lang='lat' dir='ltr'><strong>subjiciuntur,</strong></span> 
     </span>
    </p>
   </div>
   <div class='ocr_carea' id='block_1_108' title="bbox 1972 4858 3552 4934">
    <p class='ocr_par' dir='ltr' id='par_1_108' title="bbox 1972 4858 3552 4934">
     <span class='ocr_line' id='line_1_108' title="bbox 1972 4858 3552 4934; baseline -0.003 -18"><span class='ocrx_word' id='word_1_809' title='bbox 1972 4876 2221 4934; x_wconf 80' lang='lat' dir='ltr'><strong>personae</strong></span> <span class='ocrx_word' id='word_1_810' title='bbox 2256 4861 2561 4919; x_wconf 86' lang='lat' dir='ltr'><strong>Salvatoris</strong></span> <span class='ocrx_word' id='word_1_811' title='bbox 2618 4862 2797 4918; x_wconf 89' lang='lat' dir='ltr'><strong>nostri</strong></span> <span class='ocrx_word' id='word_1_812' title='bbox 2841 4860 3133 4922; x_wconf 90' lang='lat' dir='ltr'><strong>admodum</strong></span> <span class='ocrx_word' id='word_1_813' title='bbox 3191 4858 3552 4929; x_wconf 79' lang='lat' dir='ltr'><strong>congruentia</strong></span> 
     </span>
    </p>
   </div>
   <div class='ocr_carea' id='block_1_109' title="bbox 1969 4949 3554 5025">
    <p class='ocr_par' dir='ltr' id='par_1_109' title="bbox 1969 4949 3554 5025">
     <span class='ocr_line' id='line_1_109' title="bbox 1969 4949 3554 5025; baseline -0.006 -14"><span class='ocrx_word' id='word_1_814' title='bbox 1969 4962 2122 5021; x_wconf 75' lang='lat' dir='ltr'><strong>sunt,</strong></span> <span class='ocrx_word' id='word_1_815' title='bbox 2146 4970 2269 5025; x_wconf 65' lang='lat' dir='ltr'><strong>qua:</strong></span> <span class='ocrx_word' id='word_1_816' title='bbox 2315 4955 2398 5010; x_wconf 89' lang='lat' dir='ltr'><strong>sic</strong></span> <span class='ocrx_word' id='word_1_817' title='bbox 2429 4955 2632 5010; x_wconf 86' lang='lat' dir='ltr'><strong>habent</strong></span> <span class='ocrx_word' id='word_1_818' title='bbox 2678 4974 2692 5011; x_wconf 89' lang='lat'><strong>:</strong></span> <span class='ocrx_word' id='word_1_819' title='bbox 2725 4954 3008 5025; x_wconf 86' lang='lat' dir='ltr'><strong>Surgentes</strong></span> <span class='ocrx_word' id='word_1_820' title='bbox 3040 4961 3194 5011; x_wconf 79' lang='lat' dir='ltr'><strong>testes</strong></span> <span class='ocrx_word' id='word_1_821' title='bbox 3230 4949 3399 5020; x_wconf 87' lang='lat' dir='ltr'><strong>iniqui</strong></span> <span class='ocrx_word' id='word_1_822' title='bbox 3434 4963 3554 5020; x_wconf 74' lang='lat' dir='ltr'><strong>qua:</strong></span> 
     </span>
    </p>
   </div>
   <div class='ocr_carea' id='block_1_110' title="bbox 1967 5040 3554 5116">
    <p class='ocr_par' dir='ltr' id='par_1_110' title="bbox 1967 5040 3554 5116">
     <span class='ocr_line' id='line_1_110' title="bbox 1967 5040 3554 5116; baseline -0.004 -17"><span class='ocrx_word' id='word_1_823' title='bbox 1967 5043 2278 5116; x_wconf 82' lang='lat' dir='ltr'><strong>ignorabam</strong></span> <span class='ocrx_word' id='word_1_824' title='bbox 2305 5045 2702 5116; x_wconf 87' lang='lat' dir='ltr'><strong>interrogabant</strong></span> <span class='ocrx_word' id='word_1_825' title='bbox 2723 5062 2822 5100; x_wconf 89' lang='lat' dir='ltr'><strong>me.</strong></span> <span class='ocrx_word' id='word_1_826' title='bbox 2848 5042 3219 5100; x_wconf 82' lang='lat' dir='ltr'><strong>Retribuebant</strong></span> <span class='ocrx_word' id='word_1_827' title='bbox 3249 5040 3378 5097; x_wconf 85' lang='lat' dir='ltr'><strong>mihi</strong></span> <span class='ocrx_word' id='word_1_828' title='bbox 3404 5040 3554 5095; x_wconf 77' lang='lat' dir='ltr'><strong>mala</strong></span> 
     </span>
    </p>
   </div>
   <div class='ocr_carea' id='block_1_111' title="bbox 1969 5132 3555 5209">
    <p class='ocr_par' dir='ltr' id='par_1_111' title="bbox 1969 5132 3555 5209">
     <span class='ocr_line' id='line_1_111' title="bbox 1969 5132 3555 5209; baseline -0.003 -17"><span class='ocrx_word' id='word_1_829' title='bbox 1969 5154 2067 5209; x_wconf 84' lang='lat' dir='ltr'><strong>pro</strong></span> <span class='ocrx_word' id='word_1_830' title='bbox 2093 5138 2267 5205; x_wconf 87' lang='lat' dir='ltr'><strong>bonis,</strong></span> <span class='ocrx_word' id='word_1_831' title='bbox 2304 5137 2639 5193; x_wconf 81' lang='lat' dir='ltr'><strong>sterilitatem</strong></span> <span class='ocrx_word' id='word_1_832' title='bbox 2667 5138 2862 5195; x_wconf 74' lang='lat' dir='ltr'><strong>anima:</strong></span> <span class='ocrx_word' id='word_1_833' title='bbox 2907 5152 3056 5191; x_wconf 71' lang='lat' dir='ltr'><strong>meae.</strong></span> <span class='ocrx_word' id='word_1_834' title='bbox 3086 5133 3185 5191; x_wconf 83' lang='lat' dir='ltr'><strong>His</strong></span> <span class='ocrx_word' id='word_1_835' title='bbox 3210 5132 3389 5188; x_wconf 78' lang='lat' dir='ltr'><strong>aliiuia</strong></span> <span class='ocrx_word' id='word_1_836' title='bbox 3420 5137 3555 5188; x_wconf 74' lang='lat' dir='ltr'><strong>sunt</strong></span> 
     </span>
    </p>
   </div>
   <div class='ocr_carea' id='block_1_112' title="bbox 1966 5226 3553 5302">
    <p class='ocr_par' dir='ltr' id='par_1_112' title="bbox 1966 5226 3553 5302">
     <span class='ocr_line' id='line_1_112' title="bbox 1966 5226 3553 5302; baseline -0.006 -15"><span class='ocrx_word' id='word_1_837' title='bbox 1966 5245 2091 5300; x_wconf 64' lang='lat' dir='ltr'><strong>quae</strong></span> <span class='ocrx_word' id='word_1_838' title='bbox 2120 5229 2177 5285; x_wconf 91' lang='lat' dir='ltr'><strong>in</strong></span> <span class='ocrx_word' id='word_1_839' title='bbox 2211 5230 2423 5302; x_wconf 88' lang='lat' dir='ltr'><strong>psalmo</strong></span> <span class='ocrx_word' id='word_1_840' title='bbox 2451 5246 2581 5289; x_wconf 72' lang='lat' dir='ltr'><strong>CVIII</strong></span> <span class='ocrx_word' id='word_1_841' title='bbox 2614 5231 2888 5293; x_wconf 83' lang='lat' dir='ltr'><strong>habentur</strong></span> <span class='ocrx_word' id='word_1_842' title='bbox 2915 5229 3002 5286; x_wconf 88' lang='lat' dir='ltr'><strong>his</strong></span> <span class='ocrx_word' id='word_1_843' title='bbox 3031 5228 3214 5284; x_wconf 87' lang='lat' dir='ltr'><strong>verbis</strong></span> <span class='ocrx_word' id='word_1_844' title='bbox 3239 5244 3254 5282; x_wconf 89' lang='lat'><strong>:</strong></span> <span class='ocrx_word' id='word_1_845' title='bbox 3290 5226 3359 5281; x_wconf 80' lang='lat' dir='ltr'><strong>Et</strong></span> <span class='ocrx_word' id='word_1_846' title='bbox 3388 5232 3553 5293; x_wconf 41' lang='lat' dir='ltr'><strong>expu;</strong></span> 
     </span>
    </p>
   </div>
   <div class='ocr_carea' id='block_1_113' title="bbox 1968 5317 3553 5393">
    <p class='ocr_par' dir='ltr' id='par_1_113' title="bbox 1968 5317 3553 5393">
     <span class='ocr_line' id='line_1_113' title="bbox 1968 5317 3553 5393; baseline -0.003 -19"><span class='ocrx_word' id='word_1_847' title='bbox 1968 5331 2258 5391; x_wconf 78' lang='lat' dir='ltr'><strong>guaverunt</strong></span> <span class='ocrx_word' id='word_1_848' title='bbox 2290 5340 2370 5378; x_wconf 90' lang='lat' dir='ltr'><strong>me</strong></span> <span class='ocrx_word' id='word_1_849' title='bbox 2399 5324 2593 5393; x_wconf 80' lang='lat' dir='ltr'><strong>gratis.</strong></span> <span class='ocrx_word' id='word_1_850' title='bbox 2638 5323 2747 5378; x_wconf 87' lang='lat' dir='ltr'><strong>Pro</strong></span> <span class='ocrx_word' id='word_1_851' title='bbox 2778 5340 2838 5379; x_wconf 86' lang='lat' dir='ltr'><strong>eo</strong></span> <span class='ocrx_word' id='word_1_852' title='bbox 2871 5333 2929 5378; x_wconf 85' lang='lat' dir='ltr'><strong>ut</strong></span> <span class='ocrx_word' id='word_1_853' title='bbox 2961 5339 3044 5377; x_wconf 86' lang='lat' dir='ltr'><strong>me</strong></span> <span class='ocrx_word' id='word_1_854' title='bbox 3066 5321 3343 5393; x_wconf 82' lang='lat' dir='ltr'><strong>diligerent</strong></span> <span class='ocrx_word' id='word_1_855' title='bbox 3370 5317 3553 5371; x_wconf 79' lang='lat' dir='ltr'><strong>detra-</strong></span> 
     </span>
    </p>
   </div>
   <div class='ocr_carea' id='block_1_114' title="bbox 1965 5408 3569 5487">
    <p class='ocr_par' dir='ltr' id='par_1_114' title="bbox 1965 5408 3569 5487">
     <span class='ocr_line' id='line_1_114' title="bbox 1965 5408 3569 5487; baseline -0.005 -16"><span class='ocrx_word' id='word_1_856' title='bbox 1965 5416 2157 5471; x_wconf 76' lang='lat' dir='ltr'><strong>hebant</strong></span> <span class='ocrx_word' id='word_1_857' title='bbox 2195 5417 2345 5475; x_wconf 77' lang='lat' dir='ltr'><strong>mihi.</strong></span> <span class='ocrx_word' id='word_1_858' title='bbox 2384 5416 2450 5471; x_wconf 81' lang='lat' dir='ltr'><strong>Et</strong></span> <span class='ocrx_word' id='word_1_859' title='bbox 2489 5425 2777 5487; x_wconf 84' lang='lat' dir='ltr'><strong>posuerunt</strong></span> <span class='ocrx_word' id='word_1_860' title='bbox 2816 5417 3097 5471; x_wconf 84' lang='lat' dir='ltr'><strong>adversum</strong></span> <span class='ocrx_word' id='word_1_861' title='bbox 3150 5429 3233 5468; x_wconf 88' lang='lat' dir='ltr'><strong>me</strong></span> <span class='ocrx_word' id='word_1_862' title='bbox 3275 5408 3422 5464; x_wconf 87' lang='lat' dir='ltr'><strong>mala</strong></span> <span class='ocrx_word' id='word_1_863' title='bbox 3455 5422 3569 5477; x_wconf 50' lang='lat' dir='ltr'><strong>pro.</strong></span> 
     </span>
    </p>
   </div>
   <div class='ocr_carea' id='block_1_115' title="bbox 1967 5499 3551 5577">
    <p class='ocr_par' dir='ltr' id='par_1_115' title="bbox 1967 5499 3551 5577">
     <span class='ocr_line' id='line_1_115' title="bbox 1967 5499 3551 5577; baseline -0.005 -17"><span class='ocrx_word' id='word_1_864' title='bbox 1967 5506 2145 5573; x_wconf 80' lang='lat' dir='ltr'><strong>bonis,</strong></span> <span class='ocrx_word' id='word_1_865' title='bbox 2181 5517 2233 5565; x_wconf 85' lang='lat' dir='ltr'><strong>et</strong></span> <span class='ocrx_word' id='word_1_866' title='bbox 2272 5507 2454 5565; x_wconf 79' lang='lat' dir='ltr'><strong>odium</strong></span> <span class='ocrx_word' id='word_1_867' title='bbox 2493 5524 2589 5577; x_wconf 83' lang='lat' dir='ltr'><strong>pro</strong></span> <span class='ocrx_word' id='word_1_868' title='bbox 2625 5507 2909 5562; x_wconf 83' lang='lat' dir='ltr'><strong>dilectione</strong></span> <span class='ocrx_word' id='word_1_869' title='bbox 2939 5521 3054 5560; x_wconf 90' lang='lat' dir='ltr'><strong>mea</strong></span> <span class='ocrx_word' id='word_1_870' title='bbox 3083 5505 3152 5558; x_wconf 75' lang='lat'><strong>&quot;.</strong></span> <span class='ocrx_word' id='word_1_871' title='bbox 3190 5499 3551 5556; x_wconf 82' lang='lat' dir='ltr'><strong>Sterilitatem</strong></span> 
     </span>
    </p>
   </div>
   <div class='ocr_carea' id='block_1_116' title="bbox 1966 5589 3552 5672">
    <p class='ocr_par' dir='ltr' id='par_1_116' title="bbox 1966 5589 3552 5672">
     <span class='ocr_line' id='line_1_116' title="bbox 1966 5589 3552 5672; baseline -0.009 -16"><span class='ocrx_word' id='word_1_872' title='bbox 1966 5616 2097 5657; x_wconf 83' lang='lat' dir='ltr'><strong>vero</strong></span> <span class='ocrx_word' id='word_1_873' title='bbox 2152 5600 2420 5672; x_wconf 88' lang='lat' dir='ltr'><strong>parabant</strong></span> <span class='ocrx_word' id='word_1_874' title='bbox 2459 5601 2562 5671; x_wconf 90' lang='lat' dir='ltr'><strong>ipsi</strong></span> <span class='ocrx_word' id='word_1_875' title='bbox 2598 5601 2690 5666; x_wconf 84' lang='lat' dir='ltr'><strong>qui</strong></span> <span class='ocrx_word' id='word_1_876' title='bbox 2743 5600 2883 5655; x_wconf 86' lang='lat' dir='ltr'><strong>nihil</strong></span> <span class='ocrx_word' id='word_1_877' title='bbox 2929 5614 3041 5654; x_wconf 90' lang='lat' dir='ltr'><strong>non</strong></span> <span class='ocrx_word' id='word_1_878' title='bbox 3083 5594 3279 5667; x_wconf 79' lang='lat' dir='ltr'><strong>agebat</strong></span> <span class='ocrx_word' id='word_1_879' title='bbox 3322 5589 3383 5646; x_wconf 81' lang='lat' dir='ltr'><strong>ut</strong></span> <span class='ocrx_word' id='word_1_880' title='bbox 3417 5604 3552 5644; x_wconf 86' lang='lat' dir='ltr'><strong>con-</strong></span> 
     </span>
    </p>
   </div>
   <div class='ocr_carea' id='block_1_117' title="bbox 1966 5682 3576 5766">
    <p class='ocr_par' dir='ltr' id='par_1_117' title="bbox 1966 5682 3576 5766">
     <span class='ocr_line' id='line_1_117' title="bbox 1966 5682 3576 5766; baseline -0.004 -19"><span class='ocrx_word' id='word_1_881' title='bbox 1966 5703 2219 5766; x_wconf 75' lang='lat' dir='ltr'><strong>gregaret</strong></span> <span class='ocrx_word' id='word_1_882' title='bbox 2254 5694 2378 5751; x_wconf 90' lang='lat' dir='ltr'><strong>illos</strong></span> <span class='ocrx_word' id='word_1_883' title='bbox 2422 5710 2485 5750; x_wconf 77' lang='lat' dir='ltr'><strong>ac</strong></span> <span class='ocrx_word' id='word_1_884' title='bbox 2515 5694 2620 5749; x_wconf 88' lang='lat' dir='ltr'><strong>sibi</strong></span> <span class='ocrx_word' id='word_1_885' title='bbox 2671 5698 3061 5764; x_wconf 85' lang='lat' dir='ltr'><strong>regeneraret;</strong></span> <span class='ocrx_word' id='word_1_886' title='bbox 3120 5685 3268 5759; x_wconf 88' lang='lat' dir='ltr'><strong>quod</strong></span> <span class='ocrx_word' id='word_1_887' title='bbox 3308 5685 3427 5756; x_wconf 86' lang='lat' dir='ltr'><strong>ipse</strong></span> <span class='ocrx_word' id='word_1_888' title='bbox 3468 5682 3576 5752; x_wconf 30' lang='lat' dir='ltr'><strong>sic“</strong></span> 
     </span>
    </p>
   </div>
   <div class='ocr_carea' id='block_1_118' title="bbox 1454 5869 3203 5944">
    <p class='ocr_par' dir='ltr' id='par_1_118' title="bbox 1454 5869 3203 5944">
     <span class='ocr_line' id='line_1_118' title="bbox 1454 5869 3203 5944; baseline 0.002 -16"><span class='ocrx_word' id='word_1_889' title='bbox 1454 5874 1681 5932; x_wconf 77' lang='lat' dir='ltr'><strong>&quot;Zach.</strong></span> <span class='ocrx_word' id='word_1_890' title='bbox 1719 5891 1851 5943; x_wconf 82' lang='lat' dir='ltr'><strong>xm,</strong></span> <span class='ocrx_word' id='word_1_891' title='bbox 1887 5876 1939 5934; x_wconf 89' lang='lat' dir='ltr'><strong>&#39;l.</strong></span> <span class='ocrx_word' id='word_1_892' title='bbox 2016 5875 2061 5909; x_wconf 77' lang='lat'><strong>&quot;</strong></span> <span class='ocrx_word' id='word_1_893' title='bbox 2102 5874 2290 5932; x_wconf 78' lang='lat' dir='ltr'><strong>Matth.</strong></span> <span class='ocrx_word' id='word_1_894' title='bbox 2326 5891 2477 5944; x_wconf 74' lang='lat' dir='ltr'><strong>nm,</strong></span> <span class='ocrx_word' id='word_1_895' title='bbox 2508 5875 2597 5932; x_wconf 67' lang='lat' dir='ltr'><strong>tit.</strong></span> <span class='ocrx_word' id='word_1_896' title='bbox 2675 5876 2716 5908; x_wconf 82' lang='grc'><strong><em>⁸⁸</em></strong></span> <span class='ocrx_word' id='word_1_897' title='bbox 2757 5872 2905 5931; x_wconf 77' lang='lat' dir='ltr'><strong>Psal.</strong></span> <span class='ocrx_word' id='word_1_898' title='bbox 2939 5886 3105 5939; x_wconf 85' lang='lat' dir='ltr'><strong>cvm,</strong></span> <span class='ocrx_word' id='word_1_899' title='bbox 3139 5869 3203 5935; x_wconf 65' lang='grc' dir='ltr'><strong>ὃ..</strong></span> 
     </span>
    </p>
   </div>
  </div>
