4010 6542
494 381 602 440 807

1237 388 1506 446 EUSEBII
1543 390 2020 450 CASSARIENSIS
2058 393 2207 451 OPP.
2245 392 2425 449 PARS
2462 393 2547 452 ΙΙΙ.
2584 425 2658 435 —
2692 383 3126 451 EXEGETICA.‘

3660 396 3780 454 508

496 497 760 556 iudicavit
807 519 821 555 :
880 501 1094 567 Quoties
1147 502 1288 556 volui
1352 520 1666 574 congregare
1729 506 1871 574 ﬁlios
1925 516 2071 569 tuos,

2180 506 2333 573 σεώς
2377 525 2517 576 μου.
2583 506 2857 562 Ἀτεκνίαν
2909 507 2966 561 δὲ
3015 505 3161 578 αύτῷ
3209 507 3528 579 εἰργάσαντο
3582 510 3777 566 πάντα

495 593 935 664 quemadmodum
996 594 1199 665 gallina
1249 608 1530 667 congregat
1576 598 1749 667 pullos
1807 615 1930 653 suos
1979 598 2073 653 sub

497 682 640 748 aias,
687 692 736 738 et
768 683 1024 756 noluistis.
1054 682 1122 738 ³³.
1159 683 1250 738 Sic
1298 686 1482 756 itaque
1535 689 1914 744 retribuerunt
1969 689 2074 760 ipsi

495 775 639 830 mala
681 791 781 846 pro
809 776 987 841 bonis,
1035 785 1087 832 et
1123 778 1467 835 sterilitatem
1499 782 1694 836 animae
1719 782 1860 852 ejus.

2181 600 2472 672 πράττοντι
2510 602 2602 654 ἐπὶ
2632 600 2692 653 τὸ
2735 603 3060 669 συναγαγεῖν
3092 600 3289 663 αὐτοὺς
3324 600 3418 654 καὶ
3457 603 3774 674 ἀναγεννῆ-

2183 709 2272 746 σαι
2303 692 2514 762 ἐαυτῷ·
2544 692 2572 744 ὃ
2607 692 2670 764 δὴ
2709 691 2804 746 καὶ
2847 693 3034 763 ἐδήλου
3076 692 3282 761 λέγων·
3331 693 3598 761 Ποσὰκις
3634 695 3776 752 ἐθέο

2179 787 2344 852 λησα
2372 785 2834 855 ἐπισυναγαγεῖν
2857 785 2930 839 τὰ
2958 785 3140 839 τέκνα
3176 801 3291 840 σου
3326 785 3400 840 ὃν
3424 789 3649 856 τρόπον
3671 789 3779 858 ὃρο

496 871 594 934 vir;
618 869 964 939 ἐπισυνάγει
999 871 1071 927 τὰ
1105 874 1328 928 νοσσία
1379 873 1498 928 ὑπὸ
1537 875 1645 939 τὰς
1660 877 1976 949 πτέρυγας,
2043 878 2141 932 καὶ
2180 881 2292 933 οὐκ
2344 880 2716 949 ήθελήσατε;
2757 880 2912 937 Οὖτω
2966 884 3097 951 γοῦν
3143 883 3560 938 ἀνταπεδίδοσαν
3610 884 3778 958 αὐτῷ

495 959 710 1030 πονηρά
737 961 857 1014 ἀντὶ
880 963 1122 1032 ἀγαθῶν,
1150 966 1245 1018 καὶ
1269 967 1518 1022 ἀτεκνίαν
1550 971 1614 1039 τῇ
1647 969 1788 1042 ψυχῇ
1817 971 2003 1025 αὐτοῦ.

484 1079 490 1086 -
564 1053 690 1110 Haec
711 1057 910 1114 ibidem
931 1061 1280 1128 vaticinatus.
1306 1062 1359 1117 in
1374 1066 1726 1134 sequentibus
1747 1083 1902 1123 suam
1920 1083 2074 1121 man-

493 1147 836 1204 suetudinem
885 1159 939 1205 et
990 1153 1335 1209 tolerantiam
1389 1157 1651 1221 declarat,
1684 1158 1875 1216 dicens
1913 1177 1926 1213 :
1962 1159 2072 1230 Ego

491 1249 669 1294 autem
695 1241 822 1295 dum
850 1244 980 1297 mihi
1020 1245 1229 1300 molesti
1257 1261 1426 1302 essent
1460 1249 1716 1304 induebar
1739 1251 1934 1310 cilicio.
1967 1251 2073 1307 Pro

490 1327 588 1384 illo
629 1338 835 1396 autem,
862 1333 986 1388 dum
1020 1337 1149 1390 mihi
1207 1340 1414 1393 molesti
1464 1351 1656 1403 essent,
1697 1342 1834 1397 mire
1879 1342 2072 1397 admo-

491 1422 621 1476 dum
659 1424 856 1494 Aquila
879 1427 1013 1482 dicit
1042 1448 1056 1484 :
1087 1429 1196 1501 Ego
1227 1442 1401 1488 autem
1431 1434 1485 1487 in
1525 1435 1835 1502 inﬁrmitate
1866 1451 2068 1500 eorum,

491 1515 854 1571 indumentum
881 1537 1052 1574 meum
1083 1523 1350 1588 cilicium;
1397 1524 1758 1596 Symmachus
1791 1542 1919 1582 vero
1951 1545 1962 1580 :
2001 1525 2070 1580 In

491 1609 903 1678 inﬁrmitatibus
957 1629 1138 1667 eorum
1180 1615 1544 1669 indumentum
1587 1633 1759 1672 meum
1797 1617 2071 1682 cilicium;

490 1693 800 1755 Theodotio
815 1709 870 1755 et
901 1703 1094 1772 quinta
1117 1703 1284 1758 editio
1311 1723 1324 1759 :
1356 1704 1469 1774 Ego
1491 1714 1667 1760 autem
1696 1723 1813 1760 cum
1838 1707 1919 1760 illi
1952 1723 2068 1760 mo-

2264 1065 2421 1120 Ἀλλὰ
2467 1064 2576 1137 γὰρ
2624 1065 2680 1118 ὲν
2719 1064 2929 1128 τούτοις
2977 1063 3148 1118 ταῦτα
3190 1063 3476 1139 θεσπίσας,
3517 1063 3604 1118 διὰ
3649 1062 3776 1118 τῶν

2182 1159 2307 1230 ἑξῆς
2330 1158 2389 1212 τὸ
2412 1157 2574 1210 αὐτοῦ
2603 1157 2980 1230 φιλάνθρωπον
3003 1157 3095 1209 καὶ
3119 1155 3436 1232 ἀνεξίκακον
3460 1156 3776 1229 παρίστησι

2179 1253 2377 1320 λέγων·
2424 1250 2572 1319 Ἐγὼ
2615 1249 2666 1303 δ’
2705 1250 2774 1303 ἐν
2822 1248 2901 1314 τῷ
2942 1249 3163 1318 αὐτοὺς
3206 1249 3605 1328 παρενοχλεῖν
3633 1267 3775 1318 μοι,

2177 1343 2512 1413 ἐνεδυόμην
2550 1341 2774 1409 σάκκῳ.
2828 1341 2970 1394 Ἀντὶ
3019 1341 3074 1394 δὲ
3118 1341 3234 1405 τοῦ,
3273 1343 3375 1396 Ἐν
3411 1340 3492 1407 τῷ
3534 1341 3779 1407 αὐτοὺς

2173 1434 2574 1504 παρενοχλεῖν
2591 1430 2950 1506 μοι,λσφόδρα
2980 1433 3307 1505 θαυμαστῶς
3335 1437 3363 1488 ό
3391 1433 3490 1505 μὲν
3526 1433 3777 1498 Ἀκύλας

2174 1527 2339 1599 φησί·
2367 1527 2474 1583 Καὶ
2507 1525 2622 1596 ἐγὼ
2664 1527 2734 1579 ἐν
2771 1520 3072 1595 ἀρρωστίᾳ
3121 1526 3320 1580 αὐτῶν
3357 1525 3612 1593 ἕνδυσίς
3637 1543 3779 1596 μου

2171 1618 2421 1686 σάκκοςο
2449 1621 2477 1672 6
2504 1618 2561 1671 δὲ
2587 1617 2908 1688 Σύμμαχος·
2945 1617 3117 1687 Ἐμοῦ
3145 1618 3213 1671 ἐν
3245 1618 3374 1684 ταῖς
3400 1619 3776 1686 ἀρρωστίαις

2171 1710 2370 1766 αὐτῶν
2393 1711 2457 1765 τὸ
2486 1711 2716 1781 ἔνδυμα
2749 1709 3012 1778 σάκκος·
3046 1711 3139 1764 καὶ
3184 1713 3211 1765 6
3250 1710 3538 1764 Θεοδοτίων
3575 1710 3636 1763 δὲ
3666 1711 3774 1779 καὶ

493 1789 646 1843 lestia
677 1791 958 1860 aﬂicercnt.
1001 1793 1141 1848 Mala
1187 1796 1388 1866 quippe
1411 1806 1466 1851 et
1500 1795 1851 1853 inﬁrmitates
1878 1812 2066 1852 eorum

2180 1808 2202 1878 ἡ
2234 1807 2458 1878 πέμπτη
2489 1805 2727 1871 ἕκδοσιςο
2775 1805 2922 1877 Ἐγὼ
2950 1804 3019 1858 δὲ
3046 1806 3115 1858 ἐν
3141 1803 3220 1871 τῷ
3256 1804 3771 1874 παρενοχλεῖσθαι

494 1881 790 1939 miseratus
853 1882 1138 1948 Dominus,
1217 1901 1408 1941 eorum
1489 1901 1661 1944 causa
1756 1889 1813 1943 in
1879 1889 2064 1942 luctus

493 1980 548 2034 et
579 1973 988 2032 lamentationis
1036 1979 1255 2049 signum
1288 1974 1471 2034 cilicio
1527 1981 1903 2036 induebatur:
1958 1981 2070 2035 imo

493 2067 655 2122 etiam
688 2069 1019 2127 humiliabat
1069 2073 1124 2126 in
1154 2073 1368 2143 jejunio
1398 2075 1637 2130 animam
1663 2091 1842 2132 suam.
1888 2075 2072 2142 Quare

493 2165 567 2211 tta
601 2157 868 2217 docebat:
907 2161 1101 2216 Tristis
1145 2174 1224 2218 est
1260 2165 1440 2218 anima
1469 2183 1585 2220 mea
1634 2183 1796 2237 usque
1824 2166 1897 2222 ad
1926 2183 2070 2223 mor-

493 2259 596 2310 tem
615 2251 696 2316 ³³;
730 2258 814 2306 et:
871 2251 1030 2307 Nunc
1071 2255 1252 2309 anima
1297 2273 1412 2310 mea
1461 2257 1678 2311 turbata
1724 2268 1802 2315 est
1827 2259 1893 2314 "‘.
1945 2257 2072 2313 Haec

494 2341 637 2410 enim
666 2342 721 2397 vi
760 2345 1208 2404 mansuetudinis
1252 2362 1366 2402 suae
1401 2349 1694 2413 tolerabat,
1721 2350 1890 2405 veluti
1917 2359 2074 2421 pater

494 2433 562 2487 de
585 2432 822 2491 ﬁliorum
857 2435 1100 2504 pernicie
1129 2438 1482 2495 vehementer
1511 2440 1703 2496 dolens
1731 2451 1894 2512 atque
1931 2457 2072 2498 ma:-

494 2537 644 2578 rens.
695 2522 1062 2591 Quamobrem
1113 2533 1167 2584 in
1222 2530 1505 2601 prophetis
1556 2531 1624 2587 de
1670 2532 1765 2586 illo
1823 2532 2068 2591 dicitur:

495 2613 676 2690 Homo
710 2617 766 2672 in
789 2619 952 2690 plaga
982 2622 1324 2688 constitutus,
1354 2632 1404 2677 et
1449 2625 1618 2679 sciens
1665 2625 1802 2695 ferre
1843 2626 2074 2696 inﬁrmi-

492 2707 750 2776 tatem”;
798 2718 852 2764 et
895 2726 1145 2777 rursum:
1185 2712 1306 2782 Ipse
1350 2723 1565 2783 peccata
1611 2725 1798 2770 nostra
1851 2726 2054 2786 portat,

491 2807 542 2854 et
578 2815 676 2869 pro
699 2801 849 2868 nobis
877 2801 1018 2858 dolet
1038 2804 1120 2874 ³⁶;
1151 2812 1206 2860 et
1237 2805 1474 2860 iterum:
1517 2804 1638 2876 Ipse
1672 2816 1853 2862 autem
1896 2807 2075 2866 vulne-

493 2901 644 2946 ratus
677 2901 756 2946 εει
804 2905 1020 2964 propter
1065 2907 1282 2966 peccata
1312 2907 1519 2965 nostra,
1549 2909 1596 2954 et
1637 2899 1799 2954 vibice
1830 2900 1944 2970 ejus
1981 2917 2073 2959 nos

491 2983 672 3055 sanati
697 3001 880 3041 sumus
896 2988 962 3041 ³⁷.
999 2986 1129 3047 Ideo
1174 2991 1232 3044 in
1258 2989 1677 3047 inﬁrmitatibus
1705 3006 1917 3055 eorum,
1949 3005 2074 3046 cum

489 3073 570 3143 illi
600 3077 853 3138 molestia
881 3078 1246 3148 adicerentur,
1271 3083 1614 3154 prospiciens
1645 3082 1899 3139 Salvator
1928 3097 2076 3142 mor:-

2173 1898 2413 1965 αὐτοὺς,
2449 1900 2758 1971 εἰρήκασιν.
2822 1897 2975 1951 Ἐπεὶ
3005 1895 3115 1967 γὰρ
3155 1899 3266 1959 τοῖς
3311 1896 3532 1949 ἐκείνων
3564 1897 3775 1960 κακοῖς

2172 1991 2266 2043 καὶ
2307 1992 2425 2054 ταῖς
2457 1989 2789 2062 ἀρρωστίαις
2835 1987 2934 2057 τῆς
2967 1972 3145 2041 αὐτῶν
3190 1985 3368 2056 ψυχῆς
3419 1986 3771 2061 συμπάσχων

2172 2082 2200 2134 6
2230 2081 2421 2152 Σωτὴρ
2451 2079 2678 2142 πένθους
2711 2079 2803 2133 καὶ
2847 2075 3094 2150 ὀδυρμῶν
3135 2073 3378 2146 σύμϐολα
3421 2077 3578 2141 ποιεῖ,
3625 2075 3773 2129 σάκ-

2173 2189 2267 2225 κον
2299 2171 2750 2244 περιϐαλλόμενος
2803 2165 2953 2240 ὑπὲρ
2993 2167 3193 2232 αὐτῶν,
3225 2167 3362 2220 ἀλλὰ
3405 2167 3498 2220 καὶ
3541 2165 3771 2220 ἐταπεί-

2173 2281 2264 2317 νου
2302 2265 2358 2317 ἐν
2401 2263 2624 2333 νηστείᾳ
2667 2261 2764 2333 τὴν
2800 2261 2977 2332 ψυχὴν
3015 2257 3200 2313 αὑτοῦ.
3251 2258 3342 2311 Διὸ
3383 2259 3477 2312 καὶ
3511 2256 3768 2310 ἐδίδασκε

2173 2351 2344 2421 λέγων
2363 2369 2376 2382 ο
2403 2353 2740 2420 Περίλυπός
2761 2351 2930 2413 ἐστιν
2949 2350 2986 2417 ή
3011 2346 3179 2417 ψυχή
3195 2364 3314 2416 μου
3335 2346 3444 2413 ἕως
3466 2343 3727 2400 θανάτου
3744 2361 3762 2374 ο

2174 2445 2302 2508 καὶ,
2350 2443 2479 2498 Νῦν
2529 2445 2568 2513 ἡ
2619 2442 2789 2512 Ψυχή
2833 2459 2952 2511 μου
3003 2439 3371 2509 τετάρακται.
3415 2437 3598 2492 Ταῦτα
3649 2436 3766 2508 γὰρ

2175 2532 2448 2605 ὑπερϐολῇ
2486 2531 2896 2604 φιλανθρωπίας
2933 2531 3225 2601 ὑπέμεινεν
3263 2529 3630 2601 ὑπερπάσχων
3665 2528 3765 2581 καὶ

2175 2626 2518 2699 ὑπεραλγῶν,
2554 2621 2641 2679 οἷα
2677 2625 2858 2696 πατὴρ
2904 2625 2987 2694 ἐφ’
3020 2626 3169 2688 υἱοὺς
3205 2623 3626 2694 ἀπολλυμένους.
3669 2621 3765 2676 Διὸ

2176 2720 2359 2790 ἔλεγεν
2411 2721 2467 2773 ἐν
2521 2720 2826 2790 προφήταις
2883 2719 3014 2790 περὶ
3076 2717 3271 2771 αὐτοῦ’
3315 2719 3649 2786 Ἀνθρωπος
3691 2714 3768 2769 ἐν·

2176 2811 2380 2883 πληγῇ
2406 2808 2512 2876 ὢν,
2537 2811 2633 2864 καί
2658 2809 2828 2877 εἰδὼς
2854 2810 3057 2880 φέρειν
3079 2811 3382 2880 μαλακίαν
3400 2825 3413 2839 ·
3438 2810 3531 2863 καὶ
3557 2808 3723 2862 πάλιν
3740 2823 3761 2839 ·

2180 2903 2367 2973 Οὗτος
2394 2906 2501 2972 τὰς
2532 2905 2820 2974 ἁμαρτίας
2861 2903 3030 2973 ἡμῶν
3052 2903 3235 2972 φέρει,
3284 2903 3383 2956 καὶ
3427 2901 3560 2970 περὶ
3590 2897 3767 2970 ἡμῶν

2177 2997 2458 3053 ὀδυνᾶται
2482 3016 2498 3049 τ
2532 2997 2626 3052 καὶ
2669 2993 2856 3060 αὖθιςο
2888 2995 3080 3061 Αὐτὸς
3111 2995 3162 3048 δ’
3191 2993 3632 3063 ὲτραυματίσθη
3664 2992 3765 3046 διὰ

2178 3094 2284 3159 τὰς
2311 3091 2599 3161 ἁμαρτίας
2626 3087 2813 3158 ἡμῶν,
2845 3090 2939 3142 καὶ
2975 3089 3056 3155 τῷ
3076 3089 3321 3158 μώλωπι
3353 3086 3538 3142 αὐτοῦ
3591 3085 3766 3154 ἡμεῖς

489 3176 601 3231 tem
635 3169 787 3240 ipsos
834 3181 1254 3244 occupaturam,
1309 3184 1475 3248 atque
1517 3187 1823 3233 extremam
1880 3191 2071 3232 eorum

2182 3180 2448 3250 ίὰθημεν.
2487 3178 2576 3232 Διὸ
2605 3179 2700 3231 καὶ
2735 3179 2792 3230 ὲν
2830 3181 2950 3240 ταῖς
2981 3177 3314 3250 ἀρρωστίαις
3347 3175 3525 3228 αὐτῶν
3570 3174 3666 3227 καὶ
3705 3175 3764 3228 ἐν

490 3261 1031 3334 perniciem,_eorum
1071 3283 1241 3331 causa
1291 3268 1623 3324 induebatur
1657 3267 1854 3332 cilicio,
1887 3276 1938 3323 et
1973 3268 2074 3326 hu:

490 3349 744 3420 tuiliabat
788 3353 842 3407 in
867 3353 1079 3425 jejunio
1119 3358 1360 3420 animam
1391 3375 1572 3415 suam.
1608 3358 1689 3414 Illi
1731 3373 1862 3414 vero
1899 3358 1972 3411 ita
2014 3372 2074 3415 se

492 3441 782 3513 gerebant,
829 3454 890 3498 ut
941 3447 1122 3504 oratio
1159 3447 1378 3513 Domini
1410 3466 1507 3521 pro
1552 3449 1690 3520 ipsis
1720 3448 1924 3513 oblata,
1960 3463 2074 3502 non

489 3531 562 3603 ad
614 3548 779 3604 aures
824 3552 1003 3610 usque
1033 3538 1215 3604 Patris
1265 3541 1584 3611 adveniret;
1625 3544 1722 3599 sed
1777 3543 1935 3614 quasi
1977 3558 2069 3598 re-

489 3628 650 3698 pulsa
675 3631 746 3698 ab
775 3631 1074 3704 impietatis
1097 3650 1292 3692 eorum
1322 3638 1722 3711 magnitudine,
1762 3638 2078 3694 retrahere--

489 3727 585 3776 tur
621 3728 676 3778 et
723 3723 792 3780 ad
843 3725 1025 3796 ipsum
1059 3727 1301 3784 rediret:
1335 3745 1508 3800 quare
1555 3730 1794 3797 dicebat,
1823 3740 1872 3784 et
1903 3729 2078 3783 oratio

489 3832 611 3871 mea
640 3818 697 3878 in
723 3819 844 3882 sinu
869 3838 982 3881 meo
1013 3833 1362 3892 convertetur.
1402 3822 1539 3887 Nam
1577 3825 1624 3881 si
1660 3825 1696 3878 ii
1724 3825 1956 3880 salutem
1983 3839 2078 3878 na-

490 3909 658 3975 cturi,
690 3918 745 3966 et
779 3911 850 3966 ab
887 3913 1260 3984 impietatibus
1295 3916 1573 3969 reversuri
1605 3913 1862 3981 fuissent,
1898 3914 2076 3968 oratio

494 3997 808 4060 Servatoris
865 4012 1020 4058 recto
1055 4019 1225 4061 cursu
1276 4020 1341 4059 ac
1393 4006 1545 4060 nullo
1575 4006 1734 4062 obice
1787 4007 1854 4061 ad
1912 4023 2076 4064 aures

492 4106 670 4161 usque
721 4090 902 4154 Patris
931 4094 1234 4150 adventura
1288 4104 1425 4150 erat.
1487 4095 1553 4154 Et
1587 4095 1703 4155 [nec
1742 4112 1771 4150 a
1810 4112 1896 4151 me
1925 4107 2079 4167 post-

490 4198 658 4254 quam
688 4183 935 4256 singulas
985 4188 1293 4255 sententias
1345 4187 1647 4259 explorari,
1704 4189 1797 4244 ubi
1849 4204 2077 4250 necesse

489 4274 617 4342 fuit,
655 4275 966 4346 excogitata
1001 4284 1187 4332 sunto.

2183 3274 2260 3345 τῷ
2286 3271 2740 3343 παρενοχλεῖσθαι
2764 3273 2982 3338 αὐτοὺς,
3010 3271 3249 3334 ἐκείνους
3271 3268 3490 3340 θεωρῶν
3517 3270 3544 3320 6
3572 3266 3766 3338 Σωτὴρ

2179 3365 2271 3429 τὸν
2322 3363 2766 3436 καταληψόμενον
2814 3365 3011 3428 αὐτοὺς
3052 3362 3291 3434 ὄλεθρον,
3325 3360 3419 3414 καὶ
3462 3359 3559 3430 τὴν
3601 3358 3767 3429 ὲσχά-

2179 3475 2278 3530 την
2330 3457 2625 3522 ἀπώλειαν,
2685 3457 2824 3528 ὑπὲρ
2880 3455 3061 3510 αὐτῶν
3109 3453 3351 3510 ἐνεδύετο
3405 3454 3627 3517 σάκκον,
3667 3450 3767 3504 καὶ

2179 3551 2460 3606 ὲτὸιπείνου
2483 3554 2544 3607 ὲν
2564 3551 2786 3624 νηστείᾳ
2810 3550 2908 3621 τὴν
2939 3549 3114 3621 ψυχὴν
3149 3546 3334 3603 αὑτοῦ.
3363 3548 3436 3600 οι.
3454 3546 3511 3599 δὲ
3539 3544 3769 3600 τοιαῦτα

2179 3644 2467 3716 ἔπραττον,
2502 3644 2578 3708 ὠς
2603 3641 2702 3716 τὴν
2743 3643 2906 3714 εὐχὴν
2946 3641 3108 3695 αὐτοῦ
3149 3641 3248 3711 τὴν
3296 3640 3435 3712 ὑπὲρ
3470 3637 3649 3693 αὐτῶν
3687 3638 3765 3709 μὴ

2181 3736 2646 3808 παραπέμπεσθαι
2680 3737 2759 3799 είς
2791 3735 2858 3788 τὰ
2895 3729 3009 3788 ὦτα
3031 3734 3125 3786 τοῦ
3157 3734 3395 3804 Πατρός·
3430 3732 3542 3786 ἁλλ’
3573 3732 3766 3800 ὥσπερ

2181 3828 2638 3900 ἀντικρουομένην
2673 3828 2779 3881 ὑπὸ
2811 3826 2904 3880 τοῦ
2941 3825 3201 3897 μεγέθους
3222 3826 3319 3896 τῆς
3353 3824 3530 3878 αὐτῶν
3566 3823 3765 3876 δυσσε-

2181 3919 2352 3983 ϐείας.
2380 3919 2740 3990 καθέλκεσθαι
2789 3919 2883 3972 καὶ
2929 3916 3354 3987 ἐπαναστρέφειν
3389 3913 3525 3982 πρὸς
3561 3910 3762 3964 αύτόνο

2183 4010 2264 4064 διὸ
2308 4010 2487 4078 ἔλεγε·
2520 4009 2632 4063 Kal
2683 4010 2728 4076 ἡ
2765 4005 3073 4076 προσευχὴ
3110 4024 3228 4075 μου
3275 4007 3362 4070 εὶς
3394 4004 3625 4057 κόλπον
3641 4018 3766 4083 μου

2185 4098 2736 4168 ἀποστραφήσεται.
2795 4100 2858 4152 El
2913 4097 3021 4170 γὰρ
3080 4097 3345 4162 σώζεσθαι
3395 4094 3616 4166 ἔμελλον
3665 4093 3768 4148 καὶ

2189 4189 2540 4260 μεταϐάλλειν
2573 4190 2680 4244 τῶν
2710 4190 2877 4261 ἀσεϐη
2888 4189 3089 4260 μάτων,
3118 4185 3518 4259 εύθυδρομοῦσα
3539 4188 3574 4258 ἡ
3603 4201 3771 4256 προσ-

2185 4282 2318 4354 ευχὴ
2367 4282 2460 4335 τοῦ
2516 4283 2796 4354 Σωτῆρος,
2842 4282 3132 4346 ἀκωλύτως
3172 4281 3267 4335 καὶ¹
3310 4278 3768 4350 ἁπαραποδίστως

489 4370 585 4424 ἐπὶ
620 4369 691 4425 τὰ
725 4365 840 4424 ὦτα
876 4372 944 4427 τὰ
989 4372 1235 4444 πατρικὰ
1267 4374 1491 4446 παρῄει.
1532 4375 1642 4431 Καὶ
1684 4374 1856 4430 ταῦτα
1890 4375 1948 4431 δέ
1994 4392 2084 4446 μοι
2123 4379 2306 4433 πᾶσαν
2353 4375 2986 4452 ψηλαφῶντιδιάνοιαν,
3051 4379 3131 4441 εἰς
3170 4378 3296 4440 τοὺς
3339 4376 3550 4438 τόπους.
3589 4373 3767 4440 ἀναγ-

489 4462 663 4527 καίως
698 4464 1077 4538 τεθεωρήσθω.

562 4559 728 4622 Vens.
762 4561 851 4628 15,
905 4561 994 4619 16.
1051 4561 1121 4620 Et
1172 4561 1453 4620 adversum
1503 4581 1585 4618 me
1639 4564 1812 4620 laetati
1850 4573 1973 4619 sunt
2027 4573 2071 4618 et

2256 4559 2368 4614 Kal
2395 4561 2520 4614 κατ’
2545 4558 2692 4628 ἐμοῦ
2718 4557 3172 4627 ηὐφράνθησαν,
3199 4556 3298 4610 καὶ
3323 4555 3728 4624 συνήχθησαν

489 4663 874 4719 convenerunt;
921 4665 1239 4727 congregata
1286 4665 1411 4711 sunt
1454 4673 1611 4726 super
1639 4674 1720 4711 me
1753 4658 1992 4728 ﬂagella,
2023 4667 2073 4712 et

489 4746 750 4817 ignoravi.
797 4745 1056 4818 Dissipati
1105 4757 1229 4805 sunt
1284 4765 1378 4818 nec
1430 4751 1752 4818 compuncti.
1807 4749 1952 4814 ligno.
1996 4750 2075 4804 uti

487 4838 603 4909 jam
641 4839 903 4906 diximus,
938 4841 1145 4910 duplici
1203 4841 1368 4895 modo
1395 4843 1737 4912 accipienda.
1789 4841 1885 4897 Vel
1929 4842 2074 4897 enim

491 4930 684 4997 David,
744 4941 1110 5003 persequente
1167 4933 1352 4999 Saule,
1409 4934 1524 4990 haec
1555 4935 1623 4991 de
1672 4951 1730 4991 se
1778 4937 2073 5003 narrabat;

491 5030 588 5078 aut
622 5024 938 5095 prOphetice
971 5041 1001 5079 a
1057 5023 1264 5094 Spiritu
1292 5027 1582 5082 sancto‘de
1614 5028 1900 5082 Salvatore
1931 5027 2077 5081 dicta

490 5123 642 5174 sunt.
674 5115 820 5173 Loco
853 5126 1034 5172 autem
1068 5119 1236 5184 illius,
1270 5120 1549 5174 adversum
1580 5138 1662 5176 me
1694 5122 1868 5175 laetati
1913 5131 2073 5187 sunt,

490 5206 688 5277 Aquila
720 5208 966 5264 serviens
995 5207 1273 5263 liebraica:
1326 5209 1520 5266 littera:
1552 5211 1649 5275 ait,
1700 5213 1752 5265 in
1800 5210 2078 5265 claudica-

493 5301 634 5355 tione
655 5316 770 5354 mea
801 5299 970 5355 laetati
997 5310 1047 5355 et
1076 5302 1284 5356 collecti
1320 5313 1481 5366 sunt;
1518 5302 1884 5375 Symmachus
1913 5319 2066 5369 vero,

489 5394 828 5449 claudicante
850 5411 931 5449 me
960 5393 1129 5448 laetati
1155 5405 1203 5449 et
1237 5395 1444 5450 collecti
1468 5407 1627 5462 sunt;
1671 5397 1862 5466 quinta
1893 5404 2077 5450 autem

493 5487 686 5553 editio,
713 5497 762 5542 et
795 5488 848 5541 in
873 5488 1188 5557 inﬁrmitate
1211 5505 1327 5543 mea
1360 5489 1530 5543 laetati
1555 5499 1698 5546 sunt.
1729 5489 1894 5556 Queis
1912 5491 2080 5561 signi-

491 5580 646 5637 ﬁcari
679 5575 936 5637 existimo
966 5582 1240 5651 passionis
1266 5592 1504 5654 tempus,
1538 5585 1594 5637 in
1621 5598 1732 5654 quo
1768 5582 2072 5638 secundum

493 5675 818 5744 Apostolum
859 5675 1147 5745 cruciﬁxus
1188 5685 1266 5730 est
1308 5691 1374 5730 ex
1419 5676 1770 5746 inﬁrmitate,
1811 5675 1901 5730 sed
1950 5675 2074 5729 uirit

2180 4652 2588 4722 συνήχθησαν
2632 4652 2723 4705 ἐπῗ
2765 4649 2870 4720 ἐμὲ
2910 4650 3218 4721 μάστιγες,
3267 4649 3365 4702 καὶ
3407 4649 3516 4702 οὐκ
3548 4646 3765 4716 ἔγνων.

2179 4747 2654 4817 Διεσχίσθησαν,
2683 4743 2782 4797 καὶ
2810 4746 2882 4805 οὐ
2917 4745 3353 4813 κατενύγησαν.
3384 4740 3565 4795 Ταῦτα
3603 4739 3770 4807 ἐκλη-

2181 4841 2344 4895 πτέον
2397 4839 2579 4910 διχῶς,
2627 4841 2702 4901 ὡς
2731 4838 2825 4891 καὶ
2869 4837 2969 4909 ἤδη
3017 4836 3242 4906 ἔφαμεν.
3276 4835 3345 4887 Ἣ
3387 4833 3494 4904 γὰρ
3535 4834 3563 4885 6
3600 4828 3768 4883 Δαυῒδ

2181 4934 2356 4987 ταῦτα
2376 4933 2503 5004 περὶ
2524 4929 2716 4985 ἑαυτοῦ
2743 4928 2941 4999 διεξῄει
2969 4928 3072 4982 ὑπὸ
3093 4928 3186 4983 τοῦ
3211 4925 3381 4981 Σαοὺλ
3403 4924 3726 4995 διωκόμενος
3746 4939 3774 4976 ο.

2184 5027 2217 5097 ἦ
2271 5027 2401 5098 περὶ
2454 5024 2546 5078 τοῦ
2604 5024 2854 5095 Σωτῆρος
2908 5021 3259 5094 προφητικῶς
3310 5019 3414 5085 ὑπὸ
3458 5017 3552 5070 τοῦ
3607 5013 3767 5084 ἁγίου

2182 5120 2500 5190 Πνεύματος
2537 5117 2772 5186 λέγεται.
2823 5116 2967 5170 Ἀντὶ
3015 5116 3071 5168 δὲ
3115 5115 3242 5169 τοῦ·
3285 5114 3422 5167 Κατ’
3452 5109 3598 5180 ἐμοῦ
3652 5111 3768 5176 ηὐε-

2182 5208 2561 5278 φράνθησαν,
2595 5209 2624 5259 6
2663 5203 2892 5268 Ἀκύλας
2931 5205 3193 5259 δουλεύων
3225 5205 3291 5273 τῇ
3333 5200 3592 5272 Ἐϐραῖκῇ
3622 5196 3770 5262 λέξει.

2185 5301 2317 5373 φησί
2339 5319 2351 5330 -
2375 5299 2486 5354 Kal
2508 5301 2577 5352 ἐν
2595 5297 2851 5368 σκασμῷ
2873 5316 2990 5368 μου
3015 5295 3472 5365 ηὐφράνθησαν,
3499 5292 3596 5346 καὶ
3622 5307 3770 5346 συνέ-

2183 5393 2519 5463 ελέγησαν·
2551 5395 2579 5446 6
2612 5393 2669 5447 δὲ
2703 5391 3022 5464 Σύμμαχος·
3056 5386 3380 5461 Σκάζοντος
3424 5385 3491 5440 δέ
3517 5402 3637 5455 μου
3665 5383 3772 5451 ηὑ-

2185 5487 2505 5557 φραίνοντο
2542 5486 2640 5539 καὶ
2673 5483 3009 5553 ἠθροίζοντο
3033 5500 3046 5513 ·
3082 5484 3115 5553 ἡ
3161 5481 3216 5535 δὲ
3257 5481 3481 5551 πέμπτη
3516 5477 3763 5539 ἐκδοσιςο

2183 5581 2296 5634 Kal
2345 5581 2414 5633 ὲν
2459 5578 2537 5648 τῇ
2587 5580 2864 5646 ἀσθενείᾳ
2905 5595 3023 5648 μου
3071 5573 3530 5645 πυρράν-θησαν.
3566 5572 3642 5625 Δι’
3687 5561 3765 5624 ὧν

2183 5672 2424 5744 ἠγοῦμαι
2450 5672 2736 5746 δηλοῦσθαι
2757 5671 2846 5725 τὸν
2872 5670 3062 5740 καιρὸν
3090 5668 3181 5722 τοῦ
3209 5667 3434 5732 πάθους,
3463 5668 3520 5720 ἐν
3622 5662 3766 5718 κατὰ

567 5861 611 5896 ³³
651 5860 841 5939 Matth.
876 5880 1037 5936 mu,
1073 5866 1160 5923 57.
1239 5866 1285 5900 ³³
1328 5864 1518 5924 Matth.
1557 5880 1722 5936 xxvi,
1754 5865 1844 5924 58.
1922 5867 1966 5902 ³³
2003 5862 2068 5922 Jo

2198 5878 2309 5934 xu,
2344 5863 2434 5920 27.
2513 5866 2555 5900 ³⁸
2597 5864 2700 5920 lsa.
2737 5876 2861 5930 ιιιι,
2898 5861 2950 5917 5.
3027 5859 3071 5891 ³³
3111 5857 3241 5916 ibid.
3282 5857 3336 5913 4.
3416 5857 3458 5889 ³⁷
3499 5851 3624 5910 ibid.
3663 5849 3722 5909 5.
