4010 6568
291 401 395 459 ’599

1389 396 1891 454 COMMENTARIA
1925 398 1990 453 1N
2031 396 2370 452 PSALMOS.

3435 393 3540 447 διο

290 496 385 569 τδνη
407 516 741 581 Ἀπόστο).ον,
772 514 1116 583 ἐσταυρώθη
1166 515 1232 580 ἐξ
1252 515 1587 581 ἀσθενείας,
1618 515 1775 569 ἀλλά
1804 508 1864 582 ζῇ

1978 533 2042 570 ea:
2084 518 2275 577 uirtute
2304 515 2402 577 Dei
2416 515 2479 570 ³⁸.
2537 512 2966 576 Sustinuititem
3003 516 3221 583 propter
3264 523 3369 565 nos
3391 510 3543 576 claug

288 606 359 662 ἐκ
394 607 698 679 δυνάμεως
739 608 907 663 Θεοῦ,
954 607 1244 679 ’Υπέμεινε
1282 609 1336 662 δὲ
1382 609 1476 672 καὶ
1524 608 1768 679 σκασμὸν
1801 608 1869 661 δι’

291 700 456 771 ἡμᾶς,
504 699 643 753 ἑκὼν
688 700 983 770 ὑπομείνας
1032 700 1131 771 τὴν
1181 700 1317 772 ὑπὲρ
1360 699 1516 771 ἡμῶν
1568 700 1867 755 ἀσθένειαν.

290 791 459 855 Αὐτὸς
503 791 613 863 γὰρ
664 790 852 844 ἑαυτὸν
902 790 1104 860 ἀσθενῆ
1149 790 1476 860 πεποίηκεν,
1521 790 1581 843 οὐ
1630 791 1871 861 νικηθεὶς

291 884 380 957 ὑφ’
430 885 655 956 ἑτέρου,
712 884 825 940 ἀλλ’
882 882 1294 960 ὑπερϐαλλούσῃ
1346 884 1573 955 δυνάμει
1633 884 1873 949 κενώσας

292 977 480 1032 ὲιυτὸν
508 978 607 1031 καὶ
638 977 847 1049 μορφὴν
874 976 1061 1029 δούλου
1094 976 1293 1041 λαϐὼν,
1337 977 1647 1049 ἐπικρύψας
1678 995 1735 1030 τε
1780 981 1874 1032 καὶ

291 1068 631 1132 ταπεινώσας
660 1069 845 1127 ἑαυτὸν
890 1070 982 1122 καὶ
1014 1069 1211 1139 ἀσθενῆ
1249 1071 1483 1139 ποιήσας
1515 1070 1676 1142 μέχρι
1710 1071 1871 1125 θανά-

290 1179 403 1214 του.
452 1163 539 1215 Ἐν
574 1163 751 1215 τοίνυν
794 1161 870 1231 τῷ
914 1162 1143 1233 σκασμῷ
1178 1162 1272 1214 καὶ
1304 1163 1557 1235 ἀσθενείᾳ
1600 1164 1869 1235 συνήχθη-

291 1268 415 1303 σανο
447 1252 580 1305 ἀλλὰ
605 1252 698 1304 καὶ
730 1252 998 1323 μάστιγας
1023 1251 1173 1323 αὑτῷ
1197 1252 1561 1311 ὲπιτεθείκασι
1580 1273 1592 1285 ·
1620 1255 1648 1308 ὃ
1679 1256 1740 1327 δὴ
1776 1256 1869 1309 καὶ⁸

288 1343 346 1395 ὲν
380 1343 549 1415 ἑτέρῳ
574 1343 759 1414 ἐδήλου
795 1346 1047 1416 προφήτῃ
1092 1344 1354 1412 φάσκοντι
1394 1346 1453 1411 ἐξ
1490 1347 1655 1401 αὐτοῦ
1705 1365 1873 1419 προσ-

285 1428 465 1489 ώπου·
502 1431 611 1485 Τόν
656 1431 847 1485 νῶτόν
880 1450 1000 1501 μου
1051 1434 1241 1487 ἔδωκα
1281 1436 1364 1499 εις
1399 1436 1719 1506 μάστιγας,
1766 1436 1871 1503 τὰς

282 1520 351 1574 δὲ
380 1524 665 1591 σιαγόνας
687 1541 806 1593 μου
838 1527 923 1590 εις
944 1526 1314 1594 ῥαπίσματα.
1356 1528 1423 1581 Τὸ
1458 1528 1525 1581 δὲ
1547 1530 1873 1598 πρόσωπόν

276 1629 395 1680 μου
419 1615 530 1667 οὐκ
555 1615 905 1683 ἀπέστρεψα
938 1616 1053 1670 ἀπὸ
1086 1620 1384 1685 αἰσχύνης
1410 1619 1867 1688 ἐμπτυσμάτων.

292 1702 625 1779 Ἐπληροῦτο
668 1704 724 1757 δὲ
766 1704 937 1757 ταῦτα
981 1705 1124 1759 κατὰ
1171 1707 1262 1759 τὸν
1308 1706 1401 1759 τοῦ
1451 1707 1655 1771 πάθους
1702 1706 1869 1761 αὐτοῦ

1974 609 2329 671 dicationem,
2362 623 2484 663 cum
2519 605 2693 661 nostri
2723 621 2890 667 causa
2943 605 3311 664 infirmitatem
3349 602 3542 667 lubens

1974 716 2176 773 passus
2219 708 2324 755 est.
2368 699 2487 770 ipse
2521 700 2666 754 enim
2713 714 2835 754 sese
2892 697 3165 753 infirmum
3198 696 3397 760 eﬂ'ecit,
3433 712 3542 750 non

1984 794 2052 847 ab
2080 795 2187 853 alio
2217 793 2422 855 victus.
2459 796 2569 855 sed,
2598 792 2801 850 eximia
2857 792 3062 849 virtute
3115 805 3213 845 sua
3242 787 3545 843 exinanivit
3566 836 3573 845 .,

1978 888 2356 956 semetipsum,
2386 885 2625 945 ferinam
2658 885 2802 940 servi
2839 884 3050 953 accepit
3081 891 3136 938 et
3175 881 3424 937 inﬁrmus
3458 881 3540 935 fa-

1973 988 2095 1033 ctus
2122 988 2205 1036 est
2238 996 2410 1049 usque
2444 980 2510 1035 ad
2536 984 2788 1032 mortem.
2846 975 2903 1029 lu
2936 973 3337 1029 claudicatione
3381 973 3555 1043 igitur,

1974 1081 2026 1127 et
2055 1072 2372 1135 inﬁrmitate
2400 1071 2713 1141 congregati
2747 1078 2909 1125 sunt:
2941 1068 3035 1123 sed
3070 1066 3297 1137 ﬂagellis
3330 1080 3545 1135 quoque

1978 1164 2155 1235 ipsum
2204 1170 2596 1225 oneraverunt.
2650 1161 2807 1228 Quod
2841 1162 3004 1215 etiam
3057 1161 3111 1213 in
3141 1159 3249 1212 alio
3280 1156 3569 1227 propheta.

1983 1272 2046 1312 ex
2091 1272 2325 1329 persona
2357 1255 2477 1325 ejus
2526 1255 2899 1326 signiﬁcatur:
2943 1252 3172 1305 Dorsum
3214 1266 3381 1304 meum
3427 1247 3548 1307 dedi

1973 1349 2045 1402 ad
2075 1350 2322 1418 ﬂagella,
2355 1359 2403 1403 et
2450 1348 2619 1402 mulas
2660 1364 2805 1401 meus
2844 1347 2912 1399 ad
2947 1345 3158 1412 alapas.
3204 1342 3417 1397 Faciem
3456 1358 3546 1405 ust-~

1974 1454 2078 1497 tem
2140 1458 2306 1496 meam
2334 1458 2437 1494 non
2495 1440 2659 1494 averti
2706 1457 2738 1493 a
2776 1444 2968 1507 probro
3002 1435 3356 1504 sputorum".
3422 1432 3546 1487 Haec

1974 1550 2142 1604 porro
2178 1535 2545 1605 implebantur
2576 1533 2849 1603 passionis
2898 1532 3018 1601 ejus
3068 1541 3333 1602 tempore.
3391 1528 3547 1600 Sym-

1975 1627 2206 1681 machus
2233 1639 2411 1681 autem
2439 1626 2536 1690 ait,
2569 1635 2618 1679 et
2662 1625 3025 1693 abrumpentes
3060 1640 3163 1677 non
3190 1622 3549 1693 quiescebant.

1970 1715 2089 1771 Non
2127 1725 2403 1775 noverant
2430 1716 2827 1785 enim,vinquit,
2865 1731 2972 1784 qua
3002 1715 3079 1769 de.
3105 1713 3539 1784 causaﬂagella-

276 1793 489 1862 καιρόν.
536 1794 595 1846 '0
627 1795 681 1847 δὲ
717 1795 1010 1867 Σύμμαχος
1036 1812 1200 1865 φησι·
1234 1796 1341 1849 Καὶ
1374 1796 1864 1864 ἀπωῤῥήσσοντες

1974 1816 2131 1861 rent:
2162 1808 2308 1867 nulla
2336 1807 2535 1875 quippe
2558 1804 2776 1859 suberat
2796 1805 2900 1857 mei
2926 1803 3096 1873 plagis
3122 1802 3387 1858 alliciendi
3410 1802 3544 1871 legi-

274 1886 386 1937 οὑκ
414 1884 696 1955 ἠρέμουν.
728 1884 840 1939 Οὐκ
874 1886 1044 1953 ἔγνων
1067 1886 1144 1952 δὲ,
1178 1887 1331 1956 φησι,
1360 1886 1458 1957 τὴν
1491 1889 1671 1941 αἰτίαν
1698 1889 1764 1941 δι’
1791 1890 1860 1961 ἢν

275 1974 597 2045 ἐμάστιζον·
630 1978 690 2030 οὔ
730 1978 839 2049 γὰρ
873 1974 1017 2048 εἶχόν
1056 1996 1179 2032 τινα
1223 1980 1445 2049 εὔλογον
1492 1982 1761 2052 πρόφασιν
1792 1975 1867 2037 ὧν

278 2068 601 2133 ἐπετίθεσαν
642 2088 730 2141 μοι
767 2071 1009 2141 πληγῶν.
1056 2072 1200 2124 Ἀντὶ
1241 2072 1297 2125 δὲ
1344 2072 1469 2125 τοῦθ
1514 2074 1869 2141 Ἐπείρασάν

275 2175 350 2232 με
393 2161 807 2231 μυκτηρισμῷ,
845 2164 872 2215 ό
914 2161 1207 2233 Σύμμαχὸς
1244 2181 1441 2235 φησιν·
1492 2166 1595 2219 Ἐν
1622 2168 1869 2235 ὑποκρί-

279 2267 376 2313 σει
422 2251 719 2323 φθέγμασι
769 2254 1244 2323 πεπλασμένοις,
1293 2256 1501 2323 ἔπριον
1547 2258 1671 2310 κατ’
1721 2258 1868 2327 ἐμοῦ

278 2339 532 2410 ὀδόντας
558 2344 773 2398 αὐτῶν.
812 2344 985 2398 Πολλὰ
1021 2346 1068 2398 δ’
1121 2346 1186 2398 ἂν
1225 2346 1407 2417 εὕροις
1456 2350 1512 2400 ὲν
1553 2352 1663 2413 τοῖς
1696 2350 1867 2419 Εὐαγ-

276 2430 479 2499 γελίοις
504 2432 705 2486 τούτων
735 2434 1116 2507 παραστατικά
1136 2451 1147 2464 °
1188 2437 1279 2488 xui
1301 2436 1377 2499 ὡς
1409 2438 1716 2509 προσῄεσαν
1748 2456 1864 2491 πει-

279 2522 533 2593 ράζοντες
559 2525 718 2581 αὑτὸν
744 2528 793 2579 oi
817 2528 1120 2598 Φαρισαῖοι,
1153 2527 1338 2581 ἄλλοτε
1376 2529 1433 2581 δὲ
1473 2529 1860 2601 ὲμυκτήριζον,
1908 2560 1922 2575 ο

274 2616 369 2670 καὶ
399 2615 475 2679 ὡς
499 2616 726 2689 ἔϐρυχον
762 2621 880 2672 κατ’
916 2618 1081 2674 αὐτοῦ
1128 2622 1253 2684 τοὺς
1282 2620 1499 2683 ὀδόντας
1532 2621 1709 2674 αὐτῶν
1756 2621 1863 2675 δια-

275 2706 558 2777 πριόμενοι
584 2707 678 2761 ἐπὶ
711 2707 787 2779 τῷ
830 2708 1021 2781 πλήθει
1062 2711 1171 2765 τῶν
1202 2710 1657 2783 μαθητευομένων
1688 2712 1858 2783 αὐτῷ.

346 2841 542 2909 Κύριε,
580 2843 724 2895 πότε
760 2842 1001 2914 eadm);
1046 2844 1556 2914 ἀποκατάστησον
1596 2845 1711 2914 τὴν
1742 2850 1860 2915 grv-

275 2937 393 3005 χήν
420 2954 539 3005 μου
572 2937 691 2991 ἀπὸ
736 2937 843 3007 τῆς
877 2942 1238 3011 κακουργίας
1280 2941 1497 3007 αὐτῶν,
1539 2941 1658 2996 ἀπὸ
1690 2946 1862 2997 λεόν-

272 3048 392 3084 των
418 3030 545 3098 τὴν»
556 3032 855 3103 μονογενῆ
896 3053 1034 3104 μου.
1077 3037 1219 3088 Ἀντὶ
1253 3036 1377 3089 ’ποῦ’
1428 3037 1581 3089 Πότε
1625 3036 1860 3104 dudm;

272 3123 575 3194 συμφώνως
602 3127 650 3179 οἱ
674 3127 849 3180 λοιποὶ
872 3128 1071 3193 πάντες
1099 3129 1452 3200 ἐρμηνευταὶ,
1478 3130 1675 3197 Κύριε,
1700 3129 1861 3182 πόσα

1975 1902 2102 1957 tima
2129 1915 2314 1955 causa.
2343 1898 2449 1953 Pro
2476 1899 2570 1952 illo
2592 1905 2793 1960 autem,
2825 1906 3155 1951 tentaverunt
3189 1912 3268 1949 me
3310 1895 3544 1948 subsan-

1977 1994 2210 2055 nutione,
2243 1988 2602 2061 Symmachus
2629 1992 2733 2054 ait,
2765 1989 2816 2040 in
2856 1987 3193 2043 simulatione
3226 1986 3390 2041 verbis
3420 2002 3545 2040 con-

1977 2091 2117 2159 ﬁctis
2145 2086 2422 2142 serrabant
2448 2095 2634 2140 contra
2682 2102 2762 2139 me
2790 2084 2987 2139 dentes.
3011 2101 3155 2138 suos.
3211 2083 3377 2136 Multa
3416 2096 3549 2136 sane

1974 2181 2032 2235 in
2089 2178 2397 2248 Evangeliis
2442 2177 2735 2247 repereris,
2797 2178 2954 2246 queis
2990 2177 3105 2230 haec
3146 2175 3490 2244 explicentur
3530 2187 3545 2223 :

1979 2272 2256 2342 quomodo
2284 2271 2499 2326 scilicet
2554 2271 2893 2326 accesserint
2944 2268 3207 2323 Pharisaei
3267 2273 3546 2321 tentantes

1974 2366 2162 2430 illum;
2195 2367 2334 2420 alias
2379 2366 2813 2422 subsannabant.
2864 2372 2919 2418 et
2951 2363 3206 2418 dentibus
3239 2362 3549 2417 stridebant

1973 2459 2029 2513 in
2057 2475 2205 2523 eum,
2242 2459 2402 2528 quasi
2430 2472 2581 2513 serra
2612 2466 2859 2512 secantes
2896 2464 3119 2527 propter
3147 2454 3552 2529 discipulorum

1972 2550 2094 2620 ejus
2122 2548 2548 2604 multitudinem.

2042 2856 2208 2912 Vens.
2232 2855 2319 2911 Π.
2348 2853 2592 2916 Domine,
2621 2851 2832 2922 quando
2864 2851 3149 2918 respicies?
3181 2849 3397 2902 restitue
3421 2848 3549 2900 ani-ﬁ

1971 2964 2114 3000 mum
2151 2962 2320 2999 meum
2351 2961 2383 2997 u
2414 2942 2748 3011 malignitate
2775 2956 2976 3002 eorum,
3004 2956 3035 2991 u
3068 2937 3305 2991 leonibus
3331 2938 3547 2990 unicum

1971 3056 2162 3093 meam.
2204 3038 2312 3091 Pro
2363 3037 2478 3101 illo,
2536 3034 2747 3104 quando
2794 3034 3059 3101 respicies,
3113 3032 3309 3101 reliqui
3352 3044 3547 3084 omnes

1971 3134 2293 3203 interpretes
2327 3128 2695 3192 concorditer,
2733 3124 2968 3190 Domine,
2999 3133 3203 3195 quanta
3249 3123 3493 3193 respicies
3523 3124 3561 3179 Ρ

272 3213 431 3285 εψτμ
463 3219 768 3290 εἰρήκασιν.
808 3220 1207 3291 Ἀποθαυμάζει
1241 3223 1269 3274 ό
1303 3221 1493 3293 Σωτὴρ
1527 3220 1622 3275 τοῦ
1650 3221 1861 3292 Πατρδς

1974 3225 2244 3280 dixerunt.
2306 3221 2538 3276 Miratur
2563 3219 2824 3275 Servator
2855 3217 3036 3272 Patris
3080 3216 3452 3282 tolerantiam,
3485 3222 3541 3269 et

268 3307 370 3378 τὴν
419 3310 831 3382 μακροθυμίαν,
868 3314 963 3366 καὶ
1003 3315 1100 3387 τὴν
1148 3314 1594 3384 ὑπερϐάλλουσαν
1638 3316 1858 3385 ἀνοχήν.

272 3400 363 3454 Διό
402 3420 568 3473 φησι*
642 3407 813 3459 Πόσα
879 3406 1036 3474 ὅψηὶ
1101 3403 1234 3460 Εἶτα
1283 3408 1591 3477 παρακαλεῖ
1654 3407 1859 3475 λέγων·

283 3492 813 3563 Ἅποκατάστησον
824 3497 937 3565 τὴν
960 3498 1174 3567 ψυχήν
1192 3517 1330 3568 μου.
1358 3501 1579 3569 Ὅμοιον
1606 3500 1650 3552 δ’
1676 3499 1741 3553 ἂν
1778 3499 1860 3569 εἴη

265 3582 429 3636 τοῦτο
476 3583 586 3654 τῷ·
624 3584 835 3654 Πάτερ,
879 3586 1149 3651 δόξασόν
1184 3605 1266 3657 με
1304 3588 1379 3656 τῇ
1420 3588 1568 3657 δόξῃ
1695 3586 1863 3659 εἶχον

266 3674 386 3741 πρὸ
424 3674 533 3728 τοῦ
560 3674 665 3728 τὸν
688 3678 918 3746 κόσμον
942 3676 1094 3733 εἶναι
1126 3683 1287 3748 παρά
1318 3682 1437 3733 σοί.
1485 3681 1637 3751 Ἑξῆς
1681 3698 1861 3751 παρα-

268 3764 427 3819 καλεῖ
466 3766 728 3837 ρυσθῆναι
782 3768 880 3840 τὴν
917 3771 1180 3841 μονογενῆ
1237 3772 1400 3823 αὑτοῦ
1453 3772 1559 3825 ἀπὸ
1608 3772 1857 3824 λεόντων.

266 3857 546 3930 Συγγενὴς
573 3859 627 3911 δὲ
662 3857 735 3912 ὢν
780 3861 858 3931 τῷ
908 3862 1045 3933 μετὰ
1092 3865 1279 3933 χεῖρας
1330 3863 1528 3933 ψαλμῷ
1570 3864 1661 3916 καὶ
1692 3866 1721 3917 ὁ
1748 3864 1861 3929 καὶ,

266 3949 411 4004 κατά
442 3949 510 4004 τὰ
541 3951 640 4022 ήδη
677 3954 939 4027 πρότερον
971 3955 1419 4025 ἀποδεδειγμένα,
1446 3956 1515 4009 τὰ
1548 3960 1710 4027 ὅμοια
1736 3958 1859 4011 τού-

265 4060 382 4107 τοις
434 4045 724 4117 περιέχων,
777 4049 1033 4117 φάσκωνο
1067 4050 1279 4104 Σῶσόν
1312 4067 1389 4119 με
1437 4050 1505 4103 ἐκ
1566 4052 1864 4119 στόματος

263 4135 515 4204 λέοντος
544 4138 640 4191 καὶ
679 4140 747 4193 ἐκ
787 4142 984 4210 χειρὸς
1018 4143 1203 4209 κυνὸς
1234 4142 1347 4211 τὴν
1373 4142 1676 4212 μονογενῆ
1717 4162 1858 4213 μου.

265 4227 445 4282 Κάκεῖ
474 4230 583 4302 γὰρ
612 4233 982 4303 μονογενοῦς
1012 4235 1385 4305 ἐμνημόνευσε
1440 4236 1532 4289 καὶ
1574 4237 1735 4300 κυνὸς
1769 4238 1863 4291 καὶ

264 4316 509 4384 λέοντος·
541 4322 602 4376 οὐ
646 4324 824 4393 μόνον,
874 4324 1007 4379 ἀλλὰ
1052 4327 1146 4380 καὶ
1190 4327 1607 4398 μονοκερώτων,
1650 4328 1822 4397 λέγων
1844 4346 1857 4359 ⁸

263 4411 377 4465 Καὶ
415 4412 535 4466 ἀπὸ
582 4413 847 4482 κεράτων
880 4418 1298 4487 μονοκερώτων
1343 4419 1455 4489 τὴν
1495 4421 1862 4475 ταπείνωσιν

264 4518 412 4573 μουο
447 4502 513 4558 δι’
547 4498 623 4558 ὧν
667 4505 953 4577 σημαίνειν
993 4509 1155 4563 αὑτὸν
1190 4510 1429 4582 ἠγοῦμαι
1482 4511 1580 4575 τὰς
1624 4514 1862 4565 ἀντικει-

1967 3316 2221 3372 eximiam
2252 3315 2589 3385 patientiam.
2642 3312 3012 3379 Quamobrem
3052 3310 3172 3363 ait:
3209 3309 3426 3375 Quanta
3464 3323 3549 3360 re-

1966 3411 2197 3480 spicies?
2227 3407 2435 3462 Exinde
2484 3415 2640 3477 rogat
2670 3406 2756 3461 his
2786 3404 2968 3459 verbis
2996 3422 3009 3458 :
3040 3402 3274 3456 Restitue
3306 3402 3547 3454 animum

1966 3519 2170 3557 meam:
2194 3499 2339 3571 quod
2372 3515 2503 3556 sane
2534 3498 2712 3554 simile
2757 3497 2887 3552 huic
2918 3496 3066 3551 dicto
3122 3492 3287 3547 fuerit
3316 3508 3328 3543 :
3357 3490 3561 3553 Puter,_

1966 3598 2211 3668 gloriﬁcu
2241 3612 2321 3648 me
2346 3594 2521 3665 gloria
2567 3609 2725 3663 quam
2769 3590 2930 3643 habui
2959 3590 3271 3658 priusquam
3314 3584 3549 3639 mundus

1966 3699 2097 3744 esset
2122 3688 2261 3757 apud
2294 3688 2423 3741 te“.
2466 3686 2715 3740 Postulat
2749 3684 2854 3737 sub
2875 3684 2993 3737 haec
3034 3680 3254 3736 liberari
3288 3679 3544 3747 unigeni-

1968 3790 2077 3834 tam
2104 3794 2259 3833 suam
2292 3794 2322 3831 a
2352 3776 2625 3830 leonibus.
2657 3774 2794 3827 Cum
2829 3772 3005 3827 alIinis
3029 3772 3159 3825 huic
3187 3772 3257 3825 sit
3300 3769 3553 3839 psalmus
3570 3826 3583 3838 ι,

1968 3886 2091 3935 χιι,
2145 3870 2225 3923 uti
2262 3870 2518 3939 superius
2567 3864 2903 3921 declaratum
2956 3872 3059 3928 est,
3102 3871 3161 3917 ut
3205 3864 3299 3932 qui
3340 3861 3550 3917 similia

1967 3964 2383 4033 complectatur,
2418 3961 2528 4014 ait:
2580 3959 2744 4014 Salva
2796 3974 2876 4011 me
2923 3972 2987 4011 ex
3032 3972 3121 4010 ore
3173 3954 3360 4019 leonis,
3408 3952 3551 4025 etde

1967 4073 2129 4111 manu
2176 4057 2323 4113 cunis
2385 4053 2711 4126 unigenitum
2765 4051 3021 4106 meum“.
3052 4048 3169 4103 illic
3197 4049 3363 4110 enim,
3422 4049 3547 4100 uni-

1967 4151 2218 4221 genitum,
2254 4164 2447 4203 canem
2470 4156 2523 4201 ct
2555 4148 2765 4202 leonem
2814 4143 3172 4206 memoravit;
3218 4156 3395 4211 neque
3430 4140 3546 4193 haec

1967 4241 2168 4302 solum,
2204 4238 2300 4293 sed
2335 4239 2498 4293 etiam
2539 4237 2858 4297 unicornes,
2886 4233 3097 4295 dicens,
3132 4242 3181 4285 et
3223 4247 3255 4281 a
3296 4226 3559 4297 cornibus

1965 4331 2302 4385 unicoruium
2346 4329 2700 4383 humilitatem
2735 4324 3008 4380 meum“:
3045 4322 3250 4393 quibus
3298 4319 3556 4374 iudicare

1964 4425 2145 4497 ipsum
2194 4423 2432 4479 arbitror
2484 4420 2833 4476 adversarias
2866 4421 3191 4489 potestates,
3242 4427 3363 4482 qua:
3402 4417 3541 4463 tem-

1966 4535 2101 4591 pore
2134 4518 2408 4591 passionis
2434 4514 2946 4585 unigenitteanimaa
2978 4526 3093 4565 suae
3125 4505 3356 4562 insidias
3387 4517 3563 4573 para-1.

268 4597 438 4669 μένας
465 4599 741 4669 δυνάμεις,
765 4601 864 4665 τὰς
898 4604 1035 4657 κατὰ
1066 4604 1158 4657 τὸν
1200 4606 1389 4676 καιρὸν
1429 4604 1524 4659 τοῦ
1556 4604 1759 4669 πάθους
1789 4609 1855 4677 τῇ

1974 4622 2113 4667 runt.
2171 4610 2321 4665 Loco
2349 4620 2530 4663 autem
2560 4607 2729 4665 illius.
2752 4605 3076 4674 unigenitum
3098 4614 3287 4658 meum,
3322 4592 3545 4663 Aquila.

267 4694 548 4760 μονογενεῖ
595 4691 760 4746 αὑτοῦ
819 4693 963 4766 ψυχῇ
1017 4695 1548 4760 ἐπιϐεϐουλευκυίας.
1598 4696 1743 4750 Ἀντὶ
1801 4698 1858 4750 δὲ

272 4781 381 4848 τοῦ,
426 4782 542 4851 τὴν
566 4784 867 4855 μονογενῆ
905 4805 1025 4855 μου
1049 4805 1062 4818 ·
1098 4791 1125 4842 ὁ
1158 4790 1257 4861 μὲν
1290 4789 1542 4853 Ἀκύλας,
1590 4790 1706 4857 τὴν
1753 4808 1860 4860 μο-

267 4875 466 4943 ναχήν
503 4893 650 4943 μου·
696 4879 724 4930 ὁ
769 4878 824 4931 δὲ
856 4878 1169 4951 Σύμμαχος,
1215 4879 1330 4948 τὴν
1369 4880 1673 4950 μονότητά
1711 4898 1853 4949 μου,

269 4966 609 5038 ἡρμήνευσεν
640 4969 737 5039 (1).
773 4970 909 5024 Ειδὲ
940 4973 967 5024 ό
994 4972 1157 5026 Δαυῒδ
1172 4972 1343 5027 ταῦτα
1358 4973 1525 5042 λέγει,
1559 4972 1680 5026 οὐδὲ
1701 4972 1852 5044 χαλε-

268 5062 367 5115 πὸν
392 5063 486 5117 καὶ
510 5066 587 5127 εἰς
616 5064 775 5119 αὐτὸν
798 5065 865 5118 τὰ
893 5065 992 5133 τῆς
1016 5064 1252 5129 διανοίας
1281 5065 1612 5136 ἐφαρμόσαι.

348 5174 904 5248 Ἕξομολογήσομαι
932 5198 1029 5233 σοι
1063 5181 1132 5234 ἐν
1162 5181 1463 5247 ἐκκλησίᾳ
1492 5178 1714 5247 πρλλῇ.
1746 5180 1856 5232 Καὶ

267 5267 295 5322 ὁ
332 5274 419 5322 κα¹
445 5268 511 5322 ὲκ
546 5270 841 5341 προσώπου
882 5272 973 5325 τοῦ
1023 5273 1275 5344 Σωτῆρος
1313 5271 1468 5341 ἡμῶν
1510 5270 1853 5341 λελεγμένος,

273 5360 407 5443 μετὰ
436 5360 534 5425 τὰς
560 5363 897 5433 προφητείας
919 5363 1019 5427 τὰς
1041 5382 1107 5416 πε
1118 5366 1168 5434 ρὶ
1195 5364 1288 5416 τοῦ
1319 5364 1523 5427 πάθους
1546 5362 1731 5425 αὑτοῦ,
1758 5363 1858 5433 τῆς

276 5451 604 5524 Ἐκκλησίας
636 5454 802 5509 αὐτοῦ
836 5454 1111 5527 ἐμέμνητο
1148 5456 1209 5508 δι’
1256 5450 1487 5527 ὦνέφη·
1532 5457 1634 5509 Ἐν
1690 5457 1859 5524 μέσῳ

1964 4704 2265 4761 solitariam
2312 4716 2520 4764 mcum;
2575 4697 2939 4770 Symmachus
3002 4707 3153 4755 vero,
3202 4686 3553 4744 solitudinem

1966 4815 2158 4859 meum,
2190 4799 2584 4864 interpretatus
2610 4798 2713 4844 est.
2758 4786 2915 4853 Quod
2949 4784 2993 4839 si
3030 4781 3199 4836 David
3229 4783 3341 4835 hare
3372 4778 3547 4844 dicat,

1964 4891 2101 4961 nihil
2126 4890 2486 4959 incongruum
2519 4883 2622 4955 ipsi
2656 4879 3224 4955 sententiamaptare.

2039 5173 2204 5230 Vens.
2239 5172 2327 5228 18.
2355 5169 2656 5241 Conﬁtebor
2691 5168 2785 5221 tibi
2818 5167 2873 5220 in
2897 5164 3345 5232 ecclesiumugnu.
3390 5157 3543 5211 Psal-a

1960 5284 2089 5323 mus
2114 5281 2337 5337 quoque
2375 5280 2486 5322 xxt.
2515 5280 2577 5318 ex
2626 5275 2859 5330 persona
2889 5256 3193 5313 Salvatoris
3219 5252 3401 5308 dictus
3423 5256 3543 5319 post

1964 5362 2160 5425 allatas
2190 5362 2257 5414 de
2292 5358 2549 5428 passione
2572 5355 2692 5423 ejus
2712 5351 3046 5424 prophetias,
3077 5347 3333 5402 Ecclesiae
3367 5343 3547 5423 ipsius,

1967 5454 2215 5512 meminit
2237 5452 2322 5507 his
2340 5451 2555 5507 verbis;
2586 5448 2651 5503 In
2681 5447 2849 5504 medio
2878 5444 3133 5501 Ecclesiae
3153 5439 3381 5495 laudabo
3409 5445 3456 5488 te
3472 5434 3538 5490 ".

338 5608 381 5639 ³⁸
422 5606 463 5661 ΙΙ
502 5609 629 5667 Cor.
666 5626 798 5677 xui,
834 5613 889 5668 4.
968 5611 1012 5643 ³⁸
1053 5611 1156 5669 lsa.
1196 5629 1264 5677 ιι,
1299 5615 1351 5668 6.
1432 5613 1474 5645 ⁸ο
1513 5612 1671 5669 Joan.
1708 5628 1853 5677 mi,

2023 5610 2065 5643 "
2108 5608 2254 5667 Psal.
2296 5624 2412 5674 nt,
2441 5607 2532 5673 2i,
2566 5606 2656 5661 εξ.
2735 5604 2780 5635 δ’
2824 5601 2955 5659 ibid.
2984 5599 3075 5655 22.
3156 5596 3197 5627 ⁸³
3238 5591 3377 5648 ἰδία.»
3410 5587 3501 5644 ξε.

342 5761 774 5840 (l)ln_Hebr:eo
814 5776 994 5831 νιτιη-ιν
1054 5768 1417 5840 Hieronymus
1459 5770 1621 5840 w'rtit
1672 5770 1967 5825 solitariam
2040 5786 2226 5835 meum,
2297 5784 2419 5824 cum
2482 5765 2696 5836 Aquila.
2766 5762 2995 5833 Vulgata
3061 5758 3269 5822 versio,
3328 5764 3555 5817 ιιιιιταβ,

272 5850 461 5899 meum,
496 5837 617 5906 plus
653 5839 719 5893 ad
761 5841 1043 5901 veritatem
1076 5837 1395 5903 Hebraicam
1430 5839 1657 5899 accedit.
