4010 6534
612 341 722 397 515

1327 340 1595 397 EUSEBll
1626 341 2108 411 CIESARIENSIS
2144 341 2295 400 OPP.
2338 343 2519 402 PARS
2554 346 2643 403 lli.
2683 378 2753 389 —
2786 347 3194 406 EXEGETICA.

3786 352 3903 410 316

613 467 699 513 tus
736 460 827 532 qui
854 458 1121 514 vobiscum
1154 470 1418 525 versatur,
1442 462 1541 517 erit
1569 479 1730 533 supra
1757 481 1953 534 supra;
1988 474 2044 518 tu
2076 481 2160 518 aut

2289 466 2353 521 '0
2380 468 2766 537 προσήλυτος
2804 473 2837 524 ὁ
2863 470 2933 524 ἐν
2962 469 3105 539 ὑμῖν
3136 469 3308 530 ἔσται
3350 468 3471 523 ἅνω
3497 470 3661 524 ἄνωο
3696 472 3799 525 σὺ
3827 472 3899 526 δέ

613 560 716 604 tem
740 550 845 604 eris
869 551 1016 620 infra
1057 551 1222 620 infra.
1250 550 1370 621 Ipse
1391 553 1494 605 erit
1524 552 1617 606 tibi
1655 562 1831 622 caput,
1857 562 1913 607 tu
1944 556 2047 609 eris
2078 556 2177 625 ipsi

610 640 786 693 cauda
814 640 880 691 '°.

682 726 849 783 Vens.
877 727 966 795 27,
985 728 1074 785 28.
1094 728 1375 784 Exsultent
1396 740 1446 784 et
1464 730 1707 786 lmtentur
1719 733 1806 803 qui
1827 732 2176 803 voluntjusti-

612 823 743 876 tiam
755 838 943 888 meam,
965 832 1013 877 et
1030 823 1425 894 dicantsemper
1453 842 1471 879 :
1503 824 1876 897 Hagniﬁcetur
1894 829 2171 895 Dominus,

605 913 699 981 qui
720 914 895 967 volunt
920 930 1099 983 pacem
1116 918 1251 970 servi
1266 916 1403 985 ejus.
1422 916 1491 970 Et
1511 918 1689 989 lingua
1706 936 1821 974 mea
1840 914 2175 975 meditabitur

602 1005 869 1073 justitiam
897 1019 1063 1073 tuam,
1099 1017 1209 1063 tota
1237 1010 1567 1065 dierlaudem
1600 1021 1768 1067 tuam.
1806 1014 2023 1068 Initium
2054 1030 2176 1084 pro-

606 1100 802 1170 pbetiae
825 1100 1096 1170 judicium
1128 1110 1182 1159 et
1213 1103 1419 1158 bellum
1459 1105 1774 1160 minabatur
1795 1108 1862 1163 iis
1888 1108 1979 1177 qui
2010 1109 2174 1178 impie

604 1198 851 1260 egerunt,
897 1200 1059 1262 atque
1106 1193 1493 1263 impugnarunt
1526 1211 1651 1250 eum
1681 1197 1773 1266 qui
1799 1198 1855 1251 in
1892 1200 2011 1267 ipsa
2044 1214 2173 1269 pro-

604 1283 791 1352 phetia
820 1284 1027 1352 fertur;
1062 1285 1240 1341 media
1283 1302 1412 1343 vero
1450 1303 1631 1344 mores
1675 1304 1863 1345 eorum
1908 1292 2174 1361 perstrin-

603 1384 774 1444 gunt;
827 1384 1099 1445 postrema
1147 1384 1350 1444 autem,
1406 1379 1761 1449 ignominiam
1808 1389 1862 1437 et
1902 1383 2175 1439 confusio-

604 1482 726 1521 nem
756 1482 864 1537 qua
899 1468 1166 1523 alliciendi
1195 1481 1323 1526 sunt
1371 1469 1713 1527 describunt.
1743 1472 1806 1528 At
1848 1476 2015 1532 totius
2044 1491 2172 1545 pro-

600 1558 799 1627 phetia:
827 1574 1037 1614 summa
1069 1561 1512 1627 exsultationem,
1545 1564 1785 1621 laetitiam
1815 1573 1868 1621 et
1903 1566 2044 1629 bona
2076 1583 2172 1622 an-

601 1651 816 1705 nuntiat
849 1652 918 1706 iis
941 1652 1035 1722 qui
1067 1654 1255 1708 volunt
1284 1653 1557 1723 justitiam
1588 1656 1729 1726 ejus.
1756 1655 1860 1711 Per
1899 1659 2169 1728 justitiam

598 1757 730 1796 vero
761 1741 902 1811 ejus,
933 1743 1275 1800 divinitatem
1308 1746 1480 1815 ipsius
1533 1748 1841 1818 intelligas;
1877 1750 2004 1820 quia
2051 1752 2167 1820 ipse

596 1832 771 1899 factus
798 1844 877 1887 est
907 1835 1057 1897 nobis
1096 1838 1357 1904 sapientia
1388 1856 1418 1891 (ι
1449 1837 1578 1903 Dea,
1614 1850 1661 1893 et
1695 1838 1937 1909 justitia,
1970 1851 2019 1896 et
2042 1860 2168 1896 san-
2202 1820 2244 1875 Β

594 1925 872 1993 cti/icatio,
914 1936 965 1979 et
1000 1925 1284 1995 redemptio
1307 1928 1376 1981 ⁵¹.
1411 1928 1516 1993 Qui
1562 1930 1729 2000 igitur
1769 1930 1916 1985 illam
1965 1932 2170 1985 intelli-

599 2024 755 2084 gunt,
786 2017 1080 2084 exsultent,
1107 2019 1203 2082 ait,
1236 2028 1289 2073 et
1322 2019 1608 2086 laetentur;
1643 2021 1900 2092 ipsosque
1932 2024 2169 2078 instituit

602 2117 662 2161 ut
684 2108 868 2163 dicant
890 2126 1123 2180 semper,
1148 2110 1521 2181 Magni/icetur
1549 2112 1830 2178 Dominus,
1866 2118 1911 2171 si
1948 2120 2167 2187 quidem

597 2214 792 2267 pacem
812 2216 937 2255 cum
966 2217 1031 2256 eo
1062 2203 1153 2272 qui
1190 2203 1242 2256 in
1265 2204 1525 2257 vaticinio
1553 2204 1725 2259 fertur
1747 2209 2164 2277 amplectantur;

595 2288 1034 2358 quandoquidem
1063 2290 1100 2344 ii
1128 2294 1223 2361 qui
1256 2302 1449 2347 contra
1474 2309 1597 2349 eum
1618 2295 1955 2352 inimicitiam
1988 2316 2163 2356 susce-

593 2388 813 2448 perunt,
850 2380 1044 2451 dignas
1072 2397 1169 2452 pro
1197 2398 1263 2438 eo
1285 2400 1476 2453 pmnas
1505 2386 1795 2442 dederunt.
1828 2388 1953 2445 llzec
1984 2400 2165 2447 autem

591 2485 697 2539 pax
734 2486 798 2526 ea
825 2473 941 2543 ipsa
977 2474 1162 2538 fuerit,
1195 2491 1357 2545 quam
1390 2477 1482 2533 ille
1526 2479 1812 2549 discipulis
1858 2483 1973 2538 suis
1999 2483 2164 2553 largi-

590 2572 684 2626 tus
699 2572 803 2630 est,
838 2564 1027 2629 dicens
1056 2583 1070 2618 :
1102 2566 1296 2621 Pacem
1322 2586 1487 2623 meam
1507 2571 1576 2625 do
1607 2572 1772 2636 vobis,
1802 2589 1979 2641 pacem
1998 2593 2165 2639 meam

586 2656 827 2726 relinquo
858 2659 1078 2719 vobis".
1122 2659 1189 2714 Et
1226 2660 1340 2714 haec
1370 2662 1437 2717 de
1480 2664 1548 2719 iis
1578 2668 1670 2734 qui
1717 2668 1905 2731 volunt
1936 2682 1999 2732 ac
2039 2667 2164 2721 dili-

585 2751 723 2813 gunt
754 2760 942 2815 pacem
978 2747 1119 2815 ejus,
1154 2763 1218 2803 ac
1261 2749 1528 2818 justitiam
1568 2754 1689 2823 ejus
1740 2756 2027 2814 honorant.
2061 2757 2165 2812 De-

588 2851 738 2892 mum
784 2839 851 2894 de
880 2841 1064 2910 seipso
1102 2842 1331 2912 loquens
1381 2849 1653 2902 sermonis
1695 2849 1855 2904 tinem
1889 2850 2159 2921 obsignat,

584 2929 777 2994 dicens
810 2947 824 2982 :
858 2930 928 2997 Et
960 2933 1141 3003 lingua
1173 2952 1286 2988 mea
1317 2937 1658 2992 meditabitur
1676 2941 1949 3009 justitiam
1990 2952 2157 3009 tuam,

586 3029 700 3074 tota
739 3021 825 3075 die
870 3022 1080 3083 laudem
1121 3034 1289 3080 tuam.
1326 3026 1442 3093 llis,
1490 3029 1687 3099 inquit,
1734 3033 1807 3089 ita
1852 3035 2019 3102 gestis
2052 3044 2160 3087 tam

583 3111 735 3171 circa
761 3128 856 3171 eos
887 3114 979 3182 qui
1012 3131 1097 3170 me
1121 3117 1372 3188 diligunt,
1409 3136 1570 3189 quam
1604 3120 1749 3175 circa
1777 3138 1870 3177 cos
1900 3126 1993 3193 qui
2034 3127 2158 3181 odio

2263 3138 2454 3192 ἑαυτοῦ
2492 3111 2572 3192 τὸ.
2598 3139 2749 3202 τέλος
2791 3139 2885 3192 τοῦ
2929 3111 3132 3204 παντὸς
3176 3141 3334 3209 λόγον
3385 3111 3843 3212 ἐπισφραγίζεται

584 3199 806 3266 habent,
827 3218 937 3257 non
960 3204 1122 3259 linem
1148 3205 1341 3261 faciam
1368 3210 1665 3265 meditandi
1687 3212 1952 3281 justitiam
1983 3223 2151 3283 tuam,

584 3298 699 3355 tota
729 3291 816 3353 ,tlie
862 3295 1081 3351 laudem
1115 3303 1266 3350 tuam
1298 3315 1309 3349 :
1350 3314 1458 3353 non
1503 3302 1758 3362 omnibus
1807 3303 2020 3371 diebus,
2058 3309 2150 3364 sed

586 3393 694 3444 una
728 3381 844 3435 sola
878 3383 986 3447 die,
1017 3400 1191 3456 eaque
1220 3388 1432 3442 infinita
1466 3405 1531 3444 ac
1558 3392 1806 3460 perenni.
1842 3392 1976 3448 Nam
2007 3411 2156 3462 man-

582 3470 667 3525 sio
704 3470 793 3525 illa
835 3482 889 3527 et
918 3478 1281 3533 commoratio
1340 3481 1483 3548 apud
1521 3490 1594 3545 te,
1638 3482 1756 3538 dies
1801 3491 1887 3539 est
1926 3493 2148 3547 aeterna.

583 3561 885 3627 Meditabor
916 3578 1096 3623 autem
1127 3571 1295 3638 illam,
1324 3572 1686 3648 laudibusque
1709 3577 2149 3651 celebrabo,quia

577 3654 727 3723 justo
757 3671 889 3713 sane
919 3658 1152 3728 judicio,
1193 3678 1303 3717 non
1354 3680 1514 3718 unam
1546 3674 1782 3736 gentem,
1818 3670 1912 3724 sed
1960 3686 2149 3728 omnes

578 3762 829 3825 prorsus,
851 3750 957 3807 late
980 3768 1077 3821 per
1102 3754 1289 3809 orbem
1309 3755 1556 3823 dillusas,
1581 3760 1754 3830 gratia
1785 3768 1838 3817 et
1866 3766 2150 3833 vocatione

577 3849 669 3893 tua
693 3842 947 3912 dignatus
982 3860 1061 3899 es.
1097 3845 1409 3909 Secundum
1441 3852 1602 3913 aliam
1634 3861 1813 3907 autem
1843 3857 2150 3928 explicandi

575 3932 866 3998 rationem,
896 3936 1023 4003 quia
1050 3953 1230 3992 sumus
1259 3955 1447 4007 corpus
1481 3940 1701 4007 Christi,
1734 3954 1781 3997 et
1828 3948 2058 4001 membra
2086 3965 2150 4002 ea:

574 4021 804 4087 parte”,
840 4024 932 4092 qui
988 4024 1189 4081 divinis
1238 4030 1607 4083 exercitantur
1654 4032 1979 4102 disciplinis,
2032 4036 2145 4105 ejus

575 4112 764 4181 lingua
789 4116 1093 4184 nuncupari
1119 4118 1353 4186 possint,
1381 4121 1455 4174 ita
1491 4129 1549 4174 ut
1572 4121 1637 4177 iis
1660 4124 1784 4193 jure
1809 4125 1921 4180 haec
1950 4128 2142 4188 referri

572 4213 795 4274 queant.

2276 559 2391 628 ἔσῃ
2419 559 2574 613 κάτω
2602 560 2758 615 κάτω
2776 578 2790 592 ο
2821 562 3001 629 αὐτός
3028 578 3145 617 σου
3182 563 3351 617 ἐσται
3380 561 3647 631 κεφαλὴ,
3681 564 3780 618 σὺ
3823 564 3896 618 δὲ

2277 650 2394 717 ἔσῃ
2422 651 2587 717 οὐρά.

2360 742 2846 811 Ἀγαλλιάσαιντο
2868 743 2965 797 καὶ
2992 745 3471 813 εὐφρανθείησαν
3489 747 3545 797 ol
3574 744 3892 811 θέλοντες

2274 832 2390 900 τὴν
2417 832 2809 904 δικαιοσύνην
2834 856 2953 906 μου
2984 838 3082 892 καὶ
3110 837 3447 898 εἰπάτωσαν
3474 836 3574 892 διὰ
3602 840 3890 903 παντός’

2274 926 2713 995 Μεγαλυνθήτω
2742 933 2775 982 ό
2806 932 3040 997 Κύριος,
3069 934 3121 984 ol
3152 930 3429 996 θέλοντες
3464 929 3580 998 τὴν
3609 932 3892 999 εἰρήνην

2274 1017 2380 1071 τοῦ
2408 1017 2631 1073 δούλου
2660 1020 2863 1075 αὐτοῦ.
2903 1022 3013 1075 Καὶ
3041 1023 3078 1090 ἠ
3106 1020 3356 1092 γλῶσσά
3377 1040 3495 1091 μου
3527 1022 3888 1091 μελετήσει

2274 1111 2389 1180 τὴν
2416 1112 2806 1181 δικαιοσύνην
2832 1130 2969 1178 σου,
2986 1114 3137 1181 ὅλην
3159 1113 3273 1181 τὴν
3300 1113 3525 1182 ἡμέραν
3551 1114 3676 1167 τὸν
3706 1116 3887 1169 ἐπαι-

2273 1203 2386 1257 νόν
2432 1204 2648 1258 σου.Ἡ
2694 1204 2791 1275 μὲν
2839 1206 2981 1278 ἀρχὴ
3028 1206 3123 1276 τῆς
3165 1205 3502 1276 προφητείας,
3549 1206 3727 1277 δίκην
3786 1210 3883 1261 καὶ

2275 1296 2509 1367 πόλεμον
2538 1296 2918 1351 ἐπελεύσεσθαι
2938 1297 3148 1369 ήπείλει
3172 1297 3313 1351 κατὰ
3338 1298 3445 1359 τῶν
3470 1298 3881 1369 ἀδικησάντων

2274 1392 2368 1443 καὶ
2400 1389 2821 1461 πολεμησάντων
2858 1390 2949 1443 τὸν
2983 1390 3455 1461 προφητευόμενον
3475 1406 3487 1419 ·
3515 1389 3590 1442 τὰ
3626 1391 3699 1443 δὲ
3740 1391 3881 1461 μέσα

2272 1481 2364 1534 τὸν
2412 1481 2613 1553 τρόπον
2654 1481 2833 1535 αὐτῶν
2884 1479 3156 1535 διέϐαλλε·
3191 1480 3260 1534 τὰ
3305 1481 3361 1534 δὲ
3417 1480 3510 1534 ἐπὶ
3557 1482 3725 1547 τέλει
3780 1486 3877 1554 τὴν

2274 1572 2685 1627 καταλαϐοῦσαν
2710 1574 2904 1637 αὐτοὺς
2931 1573 3220 1645 διέγραφεν
3245 1573 3502 1644 αἰσχύνην
3538 1576 3636 1638 καὶ
3675 1578 3873 1647 ἐντρο-

2274 1665 2401 1735 πήν.
2455 1665 2521 1717 Ἥ
2559 1665 2613 1718 δὲ
2644 1666 2742 1736 τῆς
2782 1665 2908 1735 ὅλης
2950 1664 3284 1737 προφητείας
3316 1666 3638 1737 περιγραφὴ
3683 1668 3869 1734 ἀγαλο

2272 1755 2449 1809 λίασιν
2482 1758 2574 1809 καὶ
2604 1757 2959 1826 εὐφροσύνην,
2993 1758 3087 1809 καὶ
3119 1757 3298 1827 ἀγαθὰ
3355 1758 3565 1822 πάντας
3622 1759 3871 1828 εὐαγγε-
3974 1822 3975 1825 η

2269 1850 2472 1914 λίζεται
2496 1852 2620 1915 τοὺς
2641 1852 2738 1922 τὴν
2760 1852 3103 1923 δικαιοσύνην
3132 1852 3296 1906 αὑτοῦ
3320 1853 3593 1917 θέλοντας.
3621 1854 3874 1925 Νοήσεις

2269 1941 2325 1994 δὲ
2370 1943 2465 2014 τὴν
2509 1943 2671 1996 αὑτοῦ
2717 1943 3078 2016 δικαιοσύνην,
3110 1944 3338 2015 θεότητα
3371 1944 3531 1997 αὑτοῦ
3564 1946 3869 2008 ὲεκλαῆὠν·

2270 2035 2454 2106 ἐπειδὴ
2475 2037 2634 2099 αὑτὸς
2654 2035 2906 2106 ἐγενήθη
2925 2036 3066 2106 ἡμῖν
3089 2038 3274 2105 σοφία
3294 2036 3411 2091 ἀπὸ
3439 2037 3615 2101 Θεοῦ,
3635 2038 3871 2093 δίκαιε.

2269 2131 2429 2198 σύνη
2459 2147 2523 2183 τε
2566 2129 2661 2183 καὶ
2695 2129 2986 2199 ἁγιασμὸς
3018 2129 3115 2182 καὶ
3145 2130 3585 2197 ἀπολύτρωσις.
3620 2132 3695 2183 Οἱ
3738 2132 3867 2199 γοῖιν

2268 2219 2468 2291 ταύτην
2506 2220 2793 2289 νοήσαντες
2824 2218 3262 2288 ἁγαλλιάσαιντο,
3298 2219 3450 2290 φησὶ,
3488 2220 3585 2273 καὶ
3614 2220 3868 2292 si:ng
3966 2218 3971 2283 !

2270 2310 2491 2381 Θείησαν
2512 2328 2525 2341 ο
2566 2310 2785 2375 τούτους
2819 2310 2874 2364 δὲ
2910 2312 3004 2364 καὶ
3026 2310 3266 2365 διδάσκει
3296 2312 3472 2381 λέγειν
3504 2312 3619 2377 ἀεὶ,
3662 2315 3854 2384 Μεῃαν

2266 2400 2541 2467 λυνθήτω
2570 2404 2602 2453 ὀ
2629 2403 2859 2469 Κύριος,
2891 2403 2938 2454 εἰ
2965 2402 3025 2473 δὴ
3072 2402 3396 2467 ἁσπάζοιντο
3438 2402 3536 2474 τήν
3587 2403 3742 2475 πρὸς
3777 2405 3864 2457 τὸν

2268 2494 2738 2565 προφητευόμενον
2761 2496 2979 2565 εἰρήνην
2996 2510 3007 2522 ’
3028 2494 3150 2546 ἐπεὶ
3169 2496 3219 2546 οἰ
3234 2495 3495 2565 ἀράμενοι
3520 2495 3665 2566 πρὸς
3690 2496 3860 2548 αὑτὸν

2267 2586 2485 2657 ἔχθραν,
2521 2586 2676 2657 δίκην
2703 2586 2994 2641 δεδώκασιν
3034 2587 3131 2659 τὴν
3170 2587 3345 2652 ἀξίαν.
3377 2585 3474 2658 Εῖη
3509 2586 3553 2648 δ’
3589 2586 3661 2641 ἂν
3715 2590 3857 2661 αὕτη

2263 2682 2296 2750 ὴ
2333 2680 2520 2750 εἰρήνη
2572 2679 2756 2745 αὑτοῦ,
2798 2681 2862 2749 ἣν
2896 2678 3175 2752 ἐχαρίζετο
3200 2682 3310 2743 τοῖς
3346 2679 3536 2733 ἑαυτοῦ
3572 2680 3857 2753 μαθηταῖς

2264 2770 2470 2845 λέγων’
2523 2771 2787 2838 Εἰρήνην
2826 2771 2937 2839 τὴν
2973 2771 3126 2840 ἐμὴν
3158 2770 3364 2841 δίδωμι
3406 2770 3569 2841 ὑμῖν,
3596 2773 3854 2842 εἰρήνην

2262 2861 2377 2930 τὴν
2394 2860 2549 2931 ἐμὴν
2568 2862 2780 2931 ἀφίημι
2807 2862 2966 2931 ὑμῖν.
2991 2863 3098 2915 Καὶ
3126 2862 3304 2924 ταῦτα,
3328 2863 3424 2933 μὲν
3450 2864 3576 2935 περὶ
3599 2865 3717 2919 τῶν
3746 2868 3850 2920 ἐθε-

2262 2955 2460 3009 λόντων
2516 2956 2610 3008 καὶ
2655 2955 2991 3023 ἀγαπώντων
3021 2954 3117 3027 τὴν
3160 2957 3378 3027 εἰρήνην
3411 2956 3602 3021 αὐτοῦ,
3636 2960 3745 3028 τήν
3792 2978 3844 3012 τε

2262 3047 2604 3118 δικαιοσύνην
2656 3048 2817 3101 αὑτοῦ
2871 3047 3170 3117 τιμώντων.
3204 3049 3404 3103 Λοιπὸν
3430 3048 3487 3102 δὲ
3521 3049 3691 3115 αὐτὸς
3720 3054 3846 3123 περὶ

2252 3232 2506 3299 φάσκων*
2541 3232 2649 3284 Καὶ
2692 3232 2730 3298 ἡ
2776 3230 3025 3300 γλῶσσά
3065 3250 3197 3301 μου-
3222 3232 3545 3301 μελετήσει
3589 3233 3712 3302 τὴν
3759 3236 3842 3288 δι-

2247 3321 2582 3389 καιοσύνην
2613 3337 2749 3387 σου,
2788 3321 2941 3389 ὅλην
2988 3323 3103 3393 τὴν
3142 3323 3370 3392 ἡμέραν
3425 3323 3531 3377 τὸν
3582 3325 3842 3387 ἔπαινόν

2251 3428 2404 3477 σου;
2455 3413 2693 3481 Τούτων,
2732 3417 2885 3487 φησὶ,
2921 3416 3242 3488 γενομένων.
3277 3416 3367 3469 ὲπί
3414 3434 3474 3471 τε
3528 3418 3661 3480 τοὺς
3704 3420 3840 3485 ἀγα·

2250 3500 2470 3565 πῶντάς
2504 3520 2570 3574 με
2608 3505 2701 3558 καὶ
2736 3506 3027 3575 μισοῦντας
3062 3524 3148 3577 με,
3189 3508 3247 3571 ού
3284 3506 3562 3576 παύσομαι
3596 3506 3839 3575 μελετῶν

2251 3594 2351 3665 τὴν
2377 3593 2721 3667 δικαιοσύνην
2749 3617 2863 3665 σου,
2897 3601 2989 3654 καὶ
3022 3600 3148 3670 ὃλην
3177 3602 3275 3672 τὴν
3301 3602 3511 3671 ἡμέραν
3556 3599 3649 3659 τὸν
3676 3599 3837 3653 ἔπαι-

2251 3685 2339 3738 νόν
2368 3703 2483 3749 σου,
2512 3688 2630 3759 οὐχὶ
2663 3690 2840 3755 πάσας
2863 3692 2963 3755 τὰς
2986 3691 3369 3763 ἡμέρας,ἀλλὰ
3391 3692 3517 3761 μίαν
3544 3691 3716 3763 μόνην
3738 3691 3837 3763 τὴν

2251 3776 2474 3850 ἄπειρον
2504 3781 2598 3832 καὶ
2628 3781 2869 3853 διηνεκῆ.
2912 3784 2974 3836 Ἡ
3001 3785 3108 3853 γὰρ
3142 3784 3289 3855 παρὰ
3325 3784 3406 3837 σοὶ
3436 3783 3573 3854 μονὴ
3604 3784 3705 3837 καὶ
3728 3785 3835 3838 δια·

2251 3869 2411 3941 τριϐή
2469 3873 2650 3943 ἡμέρα
2681 3873 2893 3938 αἰώνιος
2926 3876 3203 3945 τυγχάνει.
3242 3875 3538 3945 Μελετήσω
3570 3874 3625 3928 δὲ
3663 3876 3831 3947 αὐτὴν

2254 3960 2527 4029 ἁνυμνῶν,
2573 3964 2693 4016 καθ’
2729 3966 2794 4035 ἣν
2850 3966 2919 4018 τὰ
2967 3966 3159 4028 δίκαια,
3187 3969 3398 4038 κρίνας,
3433 3968 3531 4037 οὐχ
3564 3968 3620 4019 ἓν
3656 3966 3830 4032 ἔθνος,

2250 4047 2385 4100 ἀλλὰ
2437 4052 2615 4105 πάντα
2646 4053 2715 4106 τὰ
2754 4054 2875 4107 καθ’
2903 4055 3029 4126 ὅλης
3063 4057 3163 4127 τῆς
3199 4058 3519 4129 οἰκουμένης
3576 4057 3679 4128 τῆς
3731 4059 3830 4127 ﬁt;

2250 4140 2469 4211 χάριτος
2514 4144 2606 4195 καὶ
2650 4145 2891 4215 κλήσεως
2922 4149 3284 4222 κατηξίωσας.
3345 4150 3481 4203 Καθ’
3529 4148 3728 4219 ἑτέραν
3772 4150 3829 4201 δὲ

2246 4229 2502 4297 διάνοιαν,
2544 4236 2666 4289 ἐπεὶ
2708 4237 2878 4307 σῶμά
2909 4240 3101 4307 ἐσμεν
3133 4241 3409 4308 Χριστοῦ,
3440 4240 3536 4294 καὶ
3558 4238 3719 4309 μέλη
3758 4240 3824 4293 ἐκ

566 4300 808 4405 μέρους,
840 4303 888 4355 οἰ
903 4303 1150 4405 ,ἀσκηταί
1181 4305 1287 4359 τῶν
1320 4307 1478 4361 Θείων
1512 4310 1867 4382 μαθημάτων,
1902 4314 2142 4386 λέγοιντο
2179 4321 2245 4376 ἂν
2308 4330 2472 4383 αὐτοῦ
2505 4332 2744 4401 γλῶσσα,
2791 4300 2890 4398 ,ὡς
2925 4300 3190 4393 δύνασθαι
3215 4338 3307 4390 καὶ
3341 4300 3420 4400 εἰς
3452 4300 3651 4405 αύτούς
3692 4300 3823 4395 dvas

569 4397 833 4471 φέρεσθαι
861 4400 929 4454 τὰ
957 4403 1311 4473 προκείμενα.

620 4517 673 4574 1.
708 4516 777 4573 ΙΝ
814 4517 1046 4585 FINEM,
1093 4519 1321 4577 SERVO
1360 4521 1596 4578 DOMINI
1638 4524 1844 4582 DAVID
1885 4528 2100 4584 XXXV.
2173 4548 2219 4603 Ῑ)

635 4689 823 4763 Neque
848 4694 1107 4764 psalmus,
1139 4712 1316 4768 neque
1371 4701 1660 4766 canticum,
1695 4717 1871 4772 neque
1907 4703 2036 4774 quid
2068 4707 2143 4761 si-

568 4780 698 4836 mile
726 4783 1078 4855 inscribitur;
1108 4788 1528 4861 doctrinamque
1571 4795 1973 4863 complectitur,
2021 4812 2143 4866 quae

567 4872 672 4928 sub
700 4874 912 4933 initium
940 4880 1161 4949 quidem
1194 4886 1469 4954 quoslibet
1497 4886 1697 4941 timore
1720 4886 1814 4940 Dei
1854 4903 1918 4942 ac
1943 4890 2142 4958 pietate

565 4978 790 5033 vacuos,
832 4970 924 5038 qui
972 4971 1095 5031 ideo.
1126 4976 1272 5030 omni
1320 4978 1690 5046 improbitatis
1734 4980 1919 5048 generi
1970 4980 2140 5035 dediti

567 5064 719 5123 sunt,
769 5064 1045 5134 coarguit;
1089 5068 1233 5136 quod
1286 5070 1693 5125 conclusionem
1736 5088 1866 5126 vero
1900 5081 2132 5142 spectat,

563 5164 752 5205 eorum
796 5151 956 5212 tinem
986 5157 1275 5228 signiﬁcat.
1306 5159 1603 5232 Postquam
1638 5162 1805 5233 igitur
1849 5164 1931 5219 sic
1967 5180 2130 5220 orsus

2385 4537 2494 4589 ΕΙΣ
2529 4538 2619 4594 ΤΟ
2658 4541 3259 4671 ΤΕΛυξᾎΓὲΙΙΔΜΆῚέρΩ
3298 4543 3557 4596 ΚΥΡΙΟΥ
3599 4542 3689 4597 ΤΩ

2313 4698 2449 4753 Οὔτε
2470 4704 2731 4771 ψαλμὸς,
2749 4702 2871 4755 οὔτε
2886 4702 3171 4773 (semper;
3194 4723 3247 4757 τι
3265 4703 3500 4758 τοιοῦτον
3520 4705 3817 4777 ἐπιγέγρα-

2242 4806 2403 4846 πται·
2439 4792 2784 4847 διδασκαλίαν
2816 4796 2874 4848 δὲ
2922 4795 3167 4867 περιέχει
3201 4795 3341 4850 κατὰ
3374 4796 3471 4865 μὲν
3502 4795 3599 4867 τὴν
3641 4796 3815 4868 ἀρχὴν

2242 4884 2563 4955 ὲλέγχουσαν
2596 4886 2773 4939 πάντα
2798 4889 2888 4940 τὸν
2914 4889 3112 4958 ἄφοϐον
3144 4889 3237 4943 καὶ
3280 4888 3571 4958 ἀνευλαῦἧ,
3605 4890 3695 4942 καὶ
3726 4890 3813 4944 διὰ

2241 4976 2396 5029 τοῦτο
2443 4978 2644 5041 πάσαις
2692 4979 3055 5049 παρανομίαις
3094 4980 3463 5051 ὲκδεδομένον,
3496 4980 3634 5033 κατὰ
3667 4980 3727 5033 δὲ
3753 4981 3813 5034 τὸ

2238 5076 2611 5147 συμπέρασμα
2654 5075 2715 5127 τὸ
2757 5074 2863 5127 τῶν
2890 5076 3142 5129 τοιούτων
3175 5076 3345 5138 τέλος.
3383 5074 3565 5129 Είπὼν
3591 5076 3721 5144 γοῦν
3754 5078 3810 5129 ὲν

2237 5166 2400 5235 ἀρχῇ·
2441 5166 2633 5234 φησὶν
2686 5169 2718 5219 o'
2768 5166 3107 5236 παράνομος
3162 5166 3266 5221 τοῦ
3328 5165 3686 5238 ἁμαρτάνειν
3742 5169 3810 5222 ἐν

631 5305 679 5338 ⁸ο
715 5305 874 5365 Deut.
905 5325 1111 5378 xxvm,
1145 5312 1232 5368 45.
1308 5316 1351 5347 ’ί
1393 5314 1411 5369 l
1444 5315 1570 5371 Cor.
1614 5332 1667 5382 ι,
1703 5317 1792 5372 50.
1869 5318 1912 5350 ³³
1953 5316 2112 5374 Joan.
2151 5335 2160 5373 ι

2261 5357 2271 5384 ,
2306 5322 2397 5379 2⁵1.
2474 5321 2570 5375 ⁸³1
2608 5320 2736 5377 Cor.
2771 5339 2827 5387 x,
2874 5321 2965 5376 27.

631 5417 1004 5499 _(l)ﬁSic__mss.
1052 5426 1117 5479 Et
1148 5428 1262 5499 haec
1290 5429 1451 5484 lectio
1481 5430 1786 5499 frequentet
1806 5436 2117 5493 occur-ritin

561 5486 984 5575 sanan-imis,
1032 5504 1095 5575 ει
1152 5498 1215 5575 in_
1259 5500 1543 5575 codicibus
1581 5486 2123 5575 στεοίεἶίἧῐέὲρὲἑέ

557 5555 783 5638 νιιιξζιιίζ
808 5580 820 5615 :
865 5555 1172 5638 Ἰξκξμέλους
1203 5568 1349 5638 legit,
1386 5570 1616 5623 membra
1640 5555 1703 5626 de
1733 5555 1978 5626 membro.

627 5629 704 5714 ('2)
738 5630 863 5716 llaec
887 5629 1206 5716 Sclioliastis
1230 5629 1358 5716 nota
1381 5642 1669 5716 intento;
1705 5643 1802 5716 μέν
1830 5645 2123 5716 ἀσύγγρα-

560 5700 689 5764 φεὺς
714 5702 794 5765 εἷς
819 5721 877 5756 τε
916 5705 1007 5758 τὸν
1039 5704 1198 5762 Δαυῖδ
1234 5710 1327 5762 καὶ
1358 5712 1436 5773 εἰς
1466 5711 1554 5763 τὸν
1586 5700 1817 5783 Χριστὸν
1869 5700 2123 5778 ἐξέλᾶιόεν

558 5767 647 5821 τὸν
674 5770 904 5843 ψαλμὸν,
928 5777 1123 5847 μᾶλλον
1144 5779 1199 5832 σὲ
1223 5781 1301 5842 εἰς
1330 5781 1420 5833 τὸν
1454 5782 1703 5858 Χριστὸν,
1742 5786 1769 5838 ὁ
1798 5783 1853 5838 δὲ
1884 5787 1967 5839 ἐπ’
1989 5786 2123 5858 (δφε.

892 5814 904 5840 ι
928 5803 1123 5847 μαΛΛον
1145 5803 1199 5832 οε
1223 5803 1301 5842 εις
1330 5803 1420 5833 τον
1454 5803 1703 5851 Αριστον,
1742 5803 1769 5838 ο
1798 5803 1853 5838 οε
1884 5803 1952 5839 επ
1989 5803 2125 5851 ωφε.

2231 5438 2351 5510 λείᾳ
2375 5439 2482 5492 τῶν
2513 5439 2718 5511 ἐχθρῶν
2734 5439 2921 5511 ταῦτα
2951 5439 3221 5511 λέγεσθαι,
3256 5437 3309 5511 id
3361 5448 3445 5511 est
3479 5457 3492 5491 :
3530 5436 3658 5511 ΗίιεΔ
3683 5440 3801 5505 qui-

2230 5506 2347 5563 dem
2383 5506 2695 5577 scriptor'de
2724 5510 2923 5563 Davide
2950 5506 3106 5566 ac'de
3140 5508 3352 5563 Christo
3377 5508 3512 5577 hunc
3541 5506 3802 5577 psalmum

2232 5576 2531 5656 explicauit,
2562 5583 2636 5634 ita
2658 5590 2717 5656 ut
2727 5582 2907 5656 magis
2930 5580 3139 5656 Qitristo
3174 5576 3801 5656 accommodaretud‘lius

2232 5646 2349 5704 vero
2400 5652 2474 5704 ait
2516 5654 2585 5705 ad
2618 5646 2902 5705 utilitatem
2936 5651 3270 5704 inimicorum
3302 5649 3411 5701 hrec
3439 5647 3579 5701 dicta
3614 5646 3799 5714 fuisse.

2232 5720 2379 5791 Haec,
2402 5722 2651 5801 inquam,
2675 5731 2799 5778 nota
2836 5722 2890 5776 in
2916 5728 3119 5778 textum
3152 5720 3465 5790 irrepserat.
