4010 6534
607 374 712 430 519

1310 364 1578 422 EUSEBll
1616 331 2096 450 CAESADIESSIS
2132 359 2284 416 OPl‘.
2325 357 2504 414 PARS
2543 356 2628 412 lli.
2653 389 2724 399 —
2763 351 3169 411 EXEGETICA.

3815 347 3936 404 320

609 489 830 549 Veritas
861 489 1042 560 itaque
1075 488 1168 543 Dei
1203 488 1258 541 in
1291 487 1432 541 caelo
1455 494 1542 542 est
1572 503 1587 540 :
1613 485 1741 540 inde
1767 499 1894 542 vero
1927 497 2028 538 ceu
2064 482 2174 552 plu-

2283 481 2342 534 ὲν
2373 479 2546 549 ἑτέρῳ
2570 477 2818 532 λέλεκται
2833 494 2847 508 ·
2891 477 2993 529 Ἐν
3015 472 3094 538 τῷ
3113 468 3348 540 οὐρανῷ
3377 467 3814 540 ἐτοιμασθήσε
3827 487 3924 524 ται

601 587 688 640 via
720 586 774 640 in
809 583 1047 638 nubibus
1077 581 1190 634 lata
1223 579 1392 634 stillat
1424 579 1478 632 in
1515 585 1738 632 terram.
1793 575 1918 630 Ideo
1952 575 2174 636 dicitur,

601 677 672 730 Et
707 677 896 732 ueritas
921 683 1010 727 tua
1031 689 1194 743 usque
1225 671 1292 724 ad
1316 671 1500 724 nubes.
1537 669 1614 724 Ex
1643 669 1882 724 nubibus
1917 676 2094 720 autem
2121 667 2176 719 in

600 769 852 824 homines
893 767 1099 822 veri-tas
1149 765 1243 819 Dei
1291 763 1590 820 effunditur
1621 778 1635 828 ;
1669 761 1843 816 nubes
1891 773 2022 813 vero
2055 773 2180 828 pro-

599 863 792 932 phetas
837 866 892 914 et
946 859 1221 929 angelicas
1251 857 1503 916 virtutes,
1539 869 1568 907 a
1602 853 1814 924 quibus
1843 851 2046 906 veritas
2082 849 2176 903 Dei

600 950 914 1005 horninibus
947 949 1110 1002 allata
1141 957 1244 1012 est,
1275 944 1562 1014 Scriptura
1589 943 1729 998 solet
1749 941 2040 1011 appellare.
2085 937 2177 992 Sic

599 1045 653 1098 in
717 1041 858 1097 Isaia
904 1041 1106 1095 dictum
1131 1046 1216 1093 est
1243 1055 1254 1089 :
1281 1037 1349 1092 Et
1375 1035 1598 1091 nubibus
1622 1033 1882 1089 mandabo
1906 1025 2181 1100 ne'pluant

595 1151 754 1204 super
770 1151 884 1187 eam
903 1133 1122 1186 imbrem
1143 1132 1212 1195 ⁸³,
1235 1131 1446 1186 scilicet
1475 1143 1640 1200 super
1663 1126 1972 1182 Iudaeorum
2009 1139 2181 1195 popu-

599 1226 731 1288 lum,
763 1242 846 1295 qu.
885 1225 1094 1295 tropice
1127 1225 1288 1280 vinea
1333 1230 1581 1278 vocatur.

2287 573 2329 639 ἡ
2360 569 2612 636 ἀλήθειά
2651 585 2784 623 σου.
2823 569 2977 622 Ἐστι
3011 566 3107 637 μὲν
3133 561 3226 618 οὖν
3259 565 3290 634 ἠ
3327 563 3555 634 ἀλήθεια
3599 562 3718 614 τοῦ
3769 565 3920 616 Θεοῦ

2287 664 2348 715 ὲν
2381 661 2460 732 τῷ
2493 661 2726 732 οὐρανῷ,
2759 661 2915 730 δίκην
2967 659 3024 712 δὲ
3057 657 3211 712 ὑετοῦ
3251 656 3549 726 φερομένου
3581 654 3688 708 διὰ
3723 657 3922 724 νεφῶν

2285 757 2384 810 καὶ
2443 756 2604 826 μέχρι
2646 755 2745 825 τῆς
2799 754 2901 824 γῆς
2959 750 3261 814 ὲπιστὰζει.
3293 750 3381 802 Διὸ
3412 747 3634 819 εἴρηται
3661 765 3678 778 ·
3723 751 3854 802 Ital
3885 751 3916 816 ἡ

2286 845 2543 915 ἀλήθειά
2571 863 2686 899 σου
2709 844 2820 910 ἕως
2843 842 2963 897 τῶν
2983 840 3274 910 νεφελῶν.
3312 841 3404 892 Ἐκ
3431 839 3488 892 δὲ
3517 839 3633 890 τῶν
3669 839 3920 908 λεγομὲ-

2289 941 2396 994 νῶν
2417 939 2654 1008 νεφελῶν
2674 939 2770 991 καὶ
2795 939 2874 1000 εἰς
2901 934 3219 1007 ἀνθρώπους
3240 932 3528 1004 προχέεται
3557 933 3594 1002 ὴ
3622 930 3744 983 τοῦ
3773 931 3916 984 Θεοῦ

2290 1032 2519 1105 ἀλήθεια
2539 1049 2552 1062 ·
2589 1030 2815 1100 νεφέλας
2854 1029 2910 1082 δὲ
2934 1029 3060 1091 τοὺς
3086 1027 3370 1099 προφήτας
3397 1027 3430 1096 ἢ
3453 1025 3552 1088 τὰς
3579 1024 3916 1092 ἁγγελικέις

2289 1122 2572 1194 δυνάμεις,
2597 1123 2663 1175 δι’
2693 1115 2768 1174 ὧν
2793 1122 2827 1192 ἡ
2855 1117 3080 1190 ἀλήθεια
3111 1117 3205 1171 τοῦ
3235 1115 3370 1170 Θεοῦ
3406 1117 3499 1170 καὶ
3539 1118 3624 1178 εἰς
3681 1115 3914 1186 ἀνθρώ-

2291 1233 2429 1278 πους
2467 1213 2853 1285 κατελήλυθεν,
2884 1211 3071 1266 εἴωθεν
3113 1213 3141 1265 ὁ
3183 1210 3338 1278 λόγος
3377 1209 3708 1280 ὀνομάζειν.
3749 1209 3910 1262 Οὕτω

595 1318 844 1374 λέλεκται
875 1323 934 1373 ὲν
973 1320 1200 1391 Ἡσαΐᾳ·
1225 1317 1336 1380 Καὶ
1367 1316 1496 1382 ταῖς
1551 1315 1833 1385 νεφέλαις
1869 1311 2224 1381 ἐντελοῦμαι
2263 1310 2370 1366 τοῦ
2412 1309 2499 1380 μὴ
2539 1309 2754 1378 βρέξαι
2797 1309 2886 1373 εἰς
2929 1304 3120 1360 αὐτὸν
3165 1303 3364 1368 ὑετὸν,
3407 1301 3617 1373 δηλαδὴ
3665 1303 3772 1366 εἰς
3821 1303 3908 1353 eos

609 1413 880 1467 Ἰουδαίων
936 1412 1085 1478 λαὸν,
1131 1410 1430 1482 ἀμπελῶνα
1473 1408 1750 1480 τροπικῶς
1776 1405 2180 1478 ὠνομασμένον.

668 1507 748 1562 Ad
772 1509 888 1563 haec
919 1515 1124 1572 autem,
1152 1507 1366 1576 justitia
1393 1511 1508 1570 tua,
1541 1502 1737 1574 inquit,
1770 1501 2018 1565 Domine,
2053 1515 2172 1554 ma-

597 1616 703 1673 gna
735 1602 1085 1672 excelsaque,
1121 1599 1423 1666 montibus,
1457 1599 1564 1652 imo
1599 1597 1877 1652 montibus
1903 1595 1995 1652 Dei
2025 1609 2176 1649 com-

598 1701 848 1766 paratur,
885 1709 950 1748 ac
980 1695 1206 1762 insuper
1225 1691 1432 1763 judicia
1465 1699 1558 1745 tua
1582 1687 2174 1761 incomprehensibilia.
2211 1715 2255 1770 Β

599 1783 1069 1851 Quemadmodum
1095 1784 1240 1840 enim
1276 1784 1530 1856 abyssus,
1563 1791 1623 1838 ut
1652 1788 1871 1843 vocant,
1911 1781 2180 1834 immensa

599 1883 654 1929 et
677 1875 994 1929 hominibus
1023 1875 1597 1948 incomprehensibilis
1619 1883 1734 1941 est;
1763 1873 1909 1944 quod
1943 1887 2074 1930 sane
2094 1873 2180 1928 his

601 1967 960 2040 significatur,
987 1985 1181 2040 ponens
1211 1973 1262 2021 in
1289 1968 1548 2022 thesauris
1570 1967 1823 2037 abyssos:
1851 1965 1930 2022 sic
1948 1965 2178 2034 judicia,

602 2061 849 2124 Domine.
881 2074 1000 2133 quae
1030 2077 1090 2117 ex
1121 2061 1336 2131 juStitia
1385 2061 1652 2129 prodeunt
1684 2067 1796 2122 tua,
1824 2075 1924 2114 ceu
1954 2059 2174 2129 abyssus

602 2155 768 2209 multa
787 2155 832 2186 ⁸⁷
854 2163 1002 2210 sunt.
1031 2151 1138 2208 Pro
1169 2153 1262 2206 illo
1293 2159 1496 2216 autem,
1515 2152 1732 2220 justitia
1761 2161 1849 2204 tua
1873 2151 2006 2206 sicut
2026 2169 2173 2206 mon-

603 2255 678 2300 tes
717 2245 847 2308 Dei;
890 2245 1110 2314 Aquila,
1151 2244 1371 2313 justitia
1421 2253 1515 2297 tua
1559 2244 1695 2298 sicut
1721 2252 1920 2297 montes
1951 2245 2174 2310 robusti,

601 2335 994 2404 interpretatus
1033 2341 1136 2390 est.
1171 2333 1297 2388 Haec
1327 2349 1492 2404 porro
1519 2334 1702 2387 omnia
1729 2341 2036 2404 opportune
2071 2350 2180 2388 me-

601 2431 932 2478 morantur:
967 2424 1411 2494 declaraturque,
1466 2439 1564 2495 per
1613 2425 2041 2480 misericordiam
2084 2425 2176 2479 Dei

600 2533 727 2586 qua:
759 2517 815 2571 in
847 2519 991 2572 cmlo
1033 2527 1140 2582 est,
1185 2534 1282 2588 per
1313 2517 1598 2572 veritatem
1629 2523 1682 2571 et
1724 2517 1991 2586 justitiam
2032 2519 2176 2588 ejus,

607 2623 671 2662 ac
695 2624 790 2679 per
821 2609 974 2672 illud,
1014 2608 1236 2666 Judicia
1274 2609 1387 2680 ejus
1411 2617 1469 2664 ut
1516 2607 1737 2678 abyssns
1767 2608 1932 2664 multa
1977 2613 2176 2664 incom-

597 2700 973 2768 prehensibilia
1025 2713 1183 2765 sunt,
1237 2703 1454 2772 impios,
1525 2703 1713 2757 atheos
1763 2713 1816 2757 et
1867 2713 2177 2773 peccatores

599 2807 709 2847 non
739 2793 850 2848 vita
881 2795 1080 2857 solum,
1113 2796 1208 2852 sed
1245 2795 1472 2866 reliquis
1505 2797 1670 2850 etiam
1702 2795 1808 2850 frui
1833 2797 1991 2853 bouis
2023 2813 2049 2851 a
2076 2799 2177 2853 bo-

598 2885 773 2940 nitate
803 2886 975 2956 ipsius
1000 2887 1457 2944 subministratis.

3871 1481 3896 1502 ν

2363 1496 2484 1548 Ἔτι
2539 1493 2674 1565 πρὸς
2715 1492 2925 1555 τούτοις
2973 1493 3007 1562 ἡ
3057 1489 3371 1557 δικαιοσύνη
3419 1505 3534 1552 σου,
3593 1489 3826 1558 φησιν,
3865 1489 3906 1539 ᾧ

2287 1588 2482 1658 Κύριε,
2501 1584 2708 1656 μεγάλη
2737 1581 2991 1654 τυγχάνει
3013 1582 3107 1634 καὶ
3137 1579 3334 1650 ὑψηλὴ,
3353 1578 3500 1649 ὗρεσι
3531 1577 3906 1648 παραϐαλλο-

2290 1679 2446 1750 μένη,
2480 1678 2573 1731 καὶ
2599 1677 2748 1750 ὄρεσι
2783 1675 2937 1738 Θεοῦ,
2971 1675 3066 1728 καὶ
3111 1673 3248 1745 πρὸς
3287 1672 3496 1736 τούτοις
3527 1670 3604 1724 τὰ
3639 1673 3908 1744 κρεματὰ

2286 1789 2382 1824 σου
2429 1771 2812 1840 ἀκατάληπτα.
2881 1768 2968 1830 Ὡς
3023 1767 3132 1838 γὰρ
3177 1767 3208 1836 ἡ
3267 1765 3582 1835 καλουμένη
3649 1765 3904 1828 ἄϐυσσος

2281 1865 2509 1936 ἄπειρός
2556 1867 2703 1918 ἐστιν
2761 1859 3069 1933 ἀνθρώποις
3116 1857 3212 1910 καὶ
3252 1854 3700 1924 ἀκατάληπτος·
3763 1855 3798 1906 ὃ
3845 1855 3902 1922 δὴ

2283 1958 2542 2028 σημαίνει
2567 1959 2593 2008 ὁ
2615 1955 2792 2026 φήσας
2815 1951 2992 2020 λόγος·
3019 1947 3202 2014 Τιθεὶς
3237 1946 3306 2000 ἐν
3337 1944 3676 2013 θησαυροῖς
3707 1947 3900 2000 ἀϐύσ-

2282 2063 2436 2114 σους
2457 2066 2469 2078 ·
2495 2047 2668 2108 οὕτως
2697 2045 2790 2098 καὶ
2817 2043 2884 2096 τὰ
2915 2041 2984 2095 σὰ
3013 2038 3278 2112 κρίματα,
3303 2029 3349 2088 ὦ
3382 2034 3676 2108 Κύριε,τὰ
3703 2037 3784 2088 ἐκ
3811 2035 3898 2102 τῆς

2285 2142 2383 2213 σῆς
2461 2141 2804 2210 δικαιοσύνης
2887 2134 3180 2206 φερόμενα,
3227 2129 3304 2194 ὡς
3375 2129 3414 2196 ἡ
3446 2127 3746 2192 ἄϐυσσός
3787 2127 3896 2178 ἐστι

2285 2233 2506 2300 πολλή.
2551 2233 2696 2286 ’Λντὶ
2729 2233 2786 2285 δὲ
2817 2229 2934 2293 τοῦ,
2977 2229 3050 2282 'H
3075 2223 3428 2288 δικαιοσύνη
3471 2237 3594 2273 σου
3653 2221 3746 2286 ὡς
3795 2219 3894 2286 ὅρη

2287 2325 2456 2390 Θεοῦ,
2487 2327 2516 2378 ὁ
2556 2323 2804 2386 Ἀκύλας,
2835 2319 3194 2385 Δικαιοσύνη
3228 2332 3346 2370 σου
3370 2314 3451 2379 ὡς
3485 2312 3598 2381 ὄρη
3639 2311 3892 2381 ἰσχυρὰ,

2285 2417 2618 2488 ἡρμήνευσε.
2660 2413 2877 2466 Τούτων
2901 2411 2960 2465 δὲ
2987 2409 3204 2463 πάντων
3231 2404 3504 2475 εὐκαίρως
3531 2404 3890 2474 ἐμνημόνευ-

2286 2523 2374 2560 σεν
2403 2507 2432 2558 ὁ
2471 2505 2655 2574 λόγος·
2691 2502 2929 2566 δεικνὺς,
2957 2501 3039 2553 ὅτι
3079 2499 3168 2552 διὰ
3207 2497 3269 2551 τὸ
3296 2495 3444 2558 ἔλεός
3476 2510 3570 2546 σου
3611 2493 3715 2547 τοῦ
3755 2492 3890 2546 Θεοῦ

2284 2593 2348 2648 τὸ
2386 2597 2444 2648 ὲν
2475 2592 2553 2663 τῷ
2587 2592 2820 2664 οὐρανῷ,
2853 2591 2948 2644 καὶ
2981 2589 3069 2644 διὰ
3111 2589 3210 2659 τὴν
3263 2585 3521 2658 ἀλήθειαν
3567 2583 3752 2638 αὑτοῦ
3801 2585 3888 2636 καὶ

2285 2683 2376 2738 διὰ
2417 2684 2516 2756 τὴν
2541 2683 2885 2754 δικαιοσύνην
2917 2680 3102 2745 αὑτοῦ,
3135 2681 3228 2732 καὶ¹
3252 2677 3341 2732 διὰ
3375 2677 3468 2729 τό*
3509 2676 3599 2738 Ὧς
3643 2674 3884 2736 ἄϐυσσος

2284 2776 2452 2846 πολλὴ
2495 2775 2858 2847 ἀκατάληπτα
2895 2774 2966 2828 τὰ
3005 2773 3249 2850 κρίματα
3281 2768 3468 2834 αὐτοῦ,
3515 2767 3614 2822 καὶ
3663 2767 3882 2828 ἀσεϐεῖς

2287 2869 2382 2922 καὶ
2407 2867 2556 2923 ἄθεοι
2577 2855 2673 2922 καὶ
2705 2867 3016 2939 ἁμαρτωλοὶ
3048 2867 3107 2920 οὐ
3136 2864 3294 2936 μόνον
3317 2862 3460 2934 ζωῆς
3483 2859 3880 2924 ἀπολαύουσι-ι,

599 2977 734 3032 ἀλλά
770 2981 865 3034 καὶ
912 2981 1022 3034 τῶν
1065 2982 1268 3036 λοιπῶν
1329 2984 1436 3036 τῶν
1493 2985 1600 3038 ἀπὸ
1639 2987 1738 3056 τῆς
1780 2983 2185 3058 φιλανθρωπίας
2224 2986 2386 3040 αὐτοῦ
2411 2986 2850 3058 χορηγουμένων.

670 3091 837 3149 Vens.
871 3095 924 3151 8.
958 3097 1322 3166 Quamobrem
1379 3101 1638 3171 adjicitur
1673 3121 1686 3158 :
1726 3102 1977 3158 Homines
2002 3113 2052 3158 et
2083 3105 2173 3174 ju-

2357 3104 2447 3158 Διὸ
2479 3105 2788 3173 ἐπιλέγεται
2813 3122 2826 3134 °
2877 3102 3240 3171 Ἀνθρώπους
3277 3101 3374 3155 καὶ
3403 3101 3591 3167 κτήνη
3623 3100 3876 3170 σώσεις,

599 3195 773 3240 menta
800 3187 1054 3252 salvabis,
1075 3189 1330 3253 Domine;
1353 3193 1792 3260 quemadmodum
1807 3195 2172 3264 multiplicasti

2283 3198 2471 3264 Κύριε,
2503 3197 2582 3262 ὠς
2613 3195 2960 3262 ἐπλήθυνας
2995 3197 3061 3250 τὸ
3098 3197 3271 3262 ἔλεός
3314 3211 3453 3259 σου,
3479 3197 3512 3254 ὁ
3559 3195 3736 3259 Θεὸς.
3783 3197 3878 3246 Διὰ

599 3273 1024 3326 misericordiam
1058 3285 1225 3341 tuam,
1260 3277 1424 3333 Deus.
1455 3277 1590 3332 Nam
1621 3283 2059 3352 prepterjudieia
2086 3292 2178 3338 tua

599 3377 722 3434 quae
755 3370 814 3416 ut
867 3364 1106 3435 abyssus
1150 3369 1320 3422 multa
1371 3378 1520 3432 sunt,
1574 3374 2092 3442 propterjustitiam
2125 3383 2179 3430 et

595 3453 884 3510 veritatem
911 3463 1057 3512 tuam
1084 3475 1202 3528 quae
1226 3459 1280 3514 in
1309 3461 1449 3516 cmlo
1466 3468 1570 3526 est,
1598 3461 1847 3520 homines
1866 3465 2178 3534 etjumenta

597 3546 764 3604 simul
801 3549 1032 3604 salutem
1069 3552 1334 3607 obtinent.
1365 3552 1454 3608 Sic
1481 3555 1851 3626 multiplicasti
1881 3559 2178 3612 misericor-

599 3635 746 3690 diam
779 3645 947 3702 tuam,
975 3638 1205 3704 Deus,ut
1237 3657 1346 3708 non
1371 3645 1534 3699 modo
1565 3647 1657 3716 qui
1692 3645 1862 3715 digni,
1895 3648 1990 3702 sed
2013 3649 2176 3702 etiam

601 3727 694 3800 qui
753 3731 934 3786 brutis
970 3734 1218 3790 moribus
1263 3744 1318 3790 et
1366 3736 1688 3807 insipientes
1734 3749 1858 3794 sunt
1901 3740 2172 3802 homines,

596 3822 708 3877 vita
759 3825 856 3880 abs
907 3831 960 3880 te
1012 3825 1138 3882 data
1194 3827 1464 3884 fruantur.
1527 3831 1978 3902 Quandoquidem
2029 3834 2175 3888 enim

597 3915 756 3970 mulli
788 3928 1204 3986 conqueruntur
1224 3931 1278 3976 et
1308 3926 1655 3994 expostulant
1677 3941 1798 3978 cum
1829 3927 1920 3980 illo
1945 3926 2032 3980 his
2065 3942 2179 3980 ver-

597 4007 716 4063 bis:
742 4007 923 4073 Quare
948 4010 1101 4080 impii
1121 4027 1382 4081 prospere
1403 4023 1592 4084 agunt,
1610 4031 1672 4069 ac
1695 4016 1784 4070 Dei
1807 4017 1964 4071 bonis
1991 4017 2175 4071 fruun-

598 4099 726 4153 tur?
753 4100 1072 4156 necessario
1113 4101 1274 4157 docet
1309 4105 1534 4160 multam
1571 4107 1692 4176 ejus
1735 4107 2171 4162 misericordiam

599 4203 740 4242 esse.
767 4189 837 4244 At
865 4191 912 4246 si
938 4191 1316 4249 misericordia
1349 4203 1562 4251 tantum
1595 4213 1659 4252 ac
1680 4199 1966 4255 clementia
1993 4200 2174 4256 exsis-

597 4285 757 4343 teret,
791 4279 927 4333 nihil
955 4295 987 4334 a
1016 4290 1366 4351 peccatorum
1404 4287 1516 4341 vita
1547 4287 1785 4343 ineunda
1807 4299 2036 4346 arceret.
2061 4289 2169 4348 Ve-

598 4382 723 4422 rum
771 4368 964 4425 edocet
993 4371 1084 4427 ille
1111 4376 1396 4436 veritatem
1427 4387 1483 4432 et
1538 4379 1810 4447 justitiam
1849 4397 1972 4434 cum
2007 4385 2172 4440 mise-

595 4457 832 4513 ricordia
865 4459 1109 4526 misceri,
1137 4461 1212 4517 ita
1247 4473 1306 4519 ut
1339 4473 1464 4536 post
1502 4468 1934 4522 miscricordiam
1957 4471 2168 4540 justitia

2283 3287 2392 3358 γὰρ
2449 3287 2516 3340 τὰ
2560 3289 2805 3358 κρίματά
2841 3305 2932 3340 σου
2969 3287 3035 3340 τὰ
3065 3289 3138 3352 ὡς
3168 3287 3400 3349 ἄϐυσσος
3445 3285 3636 3356 πολλὴ,
3667 3287 3768 3339 καὶ
3797 3287 3878 3338 διὰ

2279 3376 2376 3448 τὴν
2407 3377 2750 3449 δικαιοσύνην
2777 3395 2868 3430 σου
2903 3378 2994 3430 καὶ
3030 3379 3125 3449 τὴν
3161 3377 3413 3447 ἀλήθειάν
3449 3392 3540 3428 σου
3573 3375 3678 3446 τὴν
3711 3379 3771 3428 ὲν
3805 3375 3880 3446 τῷ

2279 3469 2512 3540 οὐρανῷ,
2535 3469 2810 3540 ἄνθρωποι
2843 3471 2934 3524 καὶ
2974 3472 3142 3541 κτήνη
3173 3469 3314 3522 κατὰ
3331 3468 3389 3521 τὸ
3413 3467 3540 3522 αὐτὸ
3569 3463 3876 3530 σώζονται·

2278 3561 2449 3625 οὕτως
2472 3561 2821 3630 ἐπλήθυνας
2841 3561 2905 3614 τὸ
2929 3559 3102 3626 ἔλεός
3133 3577 3270 3628 σου,
3298 3560 3460 3624 Θεὸς,
3495 3559 3572 3620 ὡς
3601 3557 3680 3629 μὴ
3717 3559 3876 3630 μόνον

2277 3655 2401 3717 τοῦς
2433 3653 2615 3721 ἀξίους
2645 3655 2742 3724 τῆς
2776 3657 2840 3708 ἐκ
2893 3655 2984 3708 σοῦ
3024 3655 3168 3724 ζωῆς
3221 3651 3681 3724 μεταλαμϐάνειν,
3737 3651 3870 3704 ἀλλά

2279 3747 2370 3800 καὶ
2415 3748 2538 3809 τοῦς
2585 3745 2876 3816 κτηνὼδεις
2925 3747 3020 3800 καὶ
3071 3747 3329 3816 ἀνοήτους
3383 3743 3491 3796 τῶν
3535 3743 3864 3814 ἀνθρώπων.

2289 3837 2502 3908 Ἐπειδὴ
2556 3837 2662 3909 γὰρ
2712 3837 2896 3890 πολλοὶ
2949 3823 3251 3908 μέμφονται
3295 3837 3389 3889 καὶ
3441 3833 3864 3888 καταιτιῶνται·

2278 3928 2394 3990 Ἵνα
2423 3928 2476 3979 τί
2507 3929 2722 3990 ἀσεϐεῖς
2749 3925 3053 3996 εὐθηνοῦσι,
3093 3925 3186 3978 καὶ
3214 3924 3320 3976 τῶν
3354 3923 3446 3976 τοῦ
3473 3921 3608 3975 Θεοῦ
3643 3922 3866 3990 ἀγαθῶν

2276 4020 2675 4085 ἀπολαύουσιν;
2737 4018 3052 4086 ἀναγκαίως
3111 4017 3369 4080 διδάσκει,
3428 4017 3508 4068 ὅτι
3573 4015 3866 4078 πολυὲλεὸς

2277 4113 2444 4164 ἐστιν.
2483 4112 2620 4164 Ἀλλ’
2647 4113 2695 4163 εἰ
2735 4111 2832 4180 μὲν
2861 4107 2927 4182 ἦν
2967 4112 3110 4175 ἕλεος
3140 4109 3297 4182 μόνον
3333 4107 3426 4162 καὶ
3457 4107 3858 4179 φιλανθρωπία,

2273 4199 2427 4251 οὐδὲν
2452 4200 2684 4253 ἐκώλυεν
2714 4201 2805 4254 τὸν
2834 4201 2939 4254 τῶν
2965 4199 3299 4274 ἁμαρτωλῶν
3330 4199 3686 4274 μετέρχεσθαι
3713 4201 3824 4270 βίον
3843 4219 3860 4232 ·

2271 4290 2511 4344 διδάσκει
2560 4291 2636 4354 δὲ,
2677 4292 2757 4344 ὅτι
2812 4294 2908 4346 σὺν
2938 4293 3014 4364 τῷ
3052 4292 3184 4364 ἐλέῳ
3227 4291 3598 4362 ἀνακέκραται
3633 4289 3860 4361 ἀλήθεια

2273 4382 2368 4446 καὶ
2393 4381 2729 4453 δικαιοσύνη,
2757 4383 2832 4446 ὡς
2853 4385 2949 4454 τῆς
2967 4383 3316 4454 δικαιοσύνης
3340 4383 3436 4435 καὶ
3472 4381 3570 4452 τῆς
3599 4381 3860 4452 ἀληθείας

2269 4470 2666 4542 διαληψομένης
2695 4474 2818 4536 τοὺς
2841 4474 3193 4545 ἁμαρτωλοὺς
3224 4475 3360 4546 μετά
3393 4475 3454 4528 τὸ
3479 4473 3642 4536 ἕλεος.
3666 4473 3732 4526 Ei
3755 4473 3860 4543 γὰρ

595 4555 649 4604 et
694 4550 896 4607 veritas
937 4563 1256 4622 peccatores
1299 4565 1608 4628 exceptura}
1652 4568 1800 4614 sunt.
1833 4559 1967 4614 Nam
2021 4563 2066 4618 si
2099 4580 2165 4618 ex

2283 4567 2350 4640 μὴ
2382 4568 2671 4637 ὼφελοῖντο
2694 4568 2771 4639 τῷ
2800 4569 2932 4640 ὲλὲῳ
2961 4571 3054 4622 καὶ
3084 4571 3148 4639 τῇ
3188 4565 3538 4638 μακροθυμίᾳ
3569 4563 3666 4617 τοῦ
3695 4563 3852 4624 Θεοῦ,

593 4641 974 4698 misericordia
1023 4655 1078 4701 et
1117 4647 1383 4715 patientia
1417 4648 1510 4704 Dei
1544 4650 1676 4704 nihil
1704 4653 1954 4708 utilitatis
1987 4657 2154 4726 percie

593 4734 767 4804 piant,
795 4735 1008 4804 justitia
1040 4747 1094 4792 et
1126 4738 1331 4794 veritas
1355 4739 1474 4809 ejus
1507 4740 1726 4798 invadet
1761 4745 1882 4800 illos
1920 4747 2166 4816 :judicio

593 4826 790 4896 quippe
807 4831 959 4894 justo
985 4829 1367 4898 subjicientur.
1401 4830 1540 4886 Sunt
1577 4835 1720 4888 enim
1759 4851 1969 4902 revera,
2011 4847 2161 4908 sunt,

593 4915 835 4985 inquam,
883 4918 1087 4987 judicia
1137 4919 1232 4977 Dei
1274 4923 1524 4992 occulta;
1567 4928 1734 4980 multa
1795 4929 2165 5001 immensaque

593 5008 960 5078 profunditas,
996 5013 1101 5078 vel,
1135 5021 1195 5067 ut
1227 5015 1303 5068 ait
1331 5015 1634 5086 Scriptura,
1660 5020 1880 5090 abyssus
1907 5023 2076 5078 multa
2109 5027 2162 5079 in

589 5099 918 5170 judiciorum
954 5104 1074 5174 ejus
1107 5107 1322 5163 ratione
1354 5113 1852 5181 comprehenditur.
1890 5113 2014 5170 llaec
2059 5117 2163 5188 igi-

587 5195 681 5246 tur
712 5195 906 5263 lmpios
934 5207 1176 5252 manent.

663 5275 832 5335 Vitas.
857 5281 911 5345 9,
939 5283 1022 5338 10.
1053 5283 1186 5340 Filii
1210 5297 1384 5343 autem
1418 5291 1684 5347 hominum
1711 5296 1764 5349 in
1797 5298 2017 5366 tegmine
2041 5299 2158 5352 ala—

587 5386 706 5426 rum
753 5385 962 5428 tuarum
1012 5379 1314 5444 sperabunt.
1361 5381 1774 5440 Inebriabunlur
1804 5387 1870 5441 ab
1923 5389 2158 5444 ubertate

587 5466 773 5521 domus
803 5479 926 5534 tum,
961 5481 1010 5524 et
1045 5481 1273 5529 torrente
1329 5478 1608 5546 voluptatis
1633 5489 1738 5534 ture
1789 5483 1994 5549 potabis
2046 5499 2153 5538 eos.

589 5557 852 5624 Quoniam
887 5563 1025 5628 apud
1045 5573 1094 5618 te
1117 5577 1194 5620 est
1225 5567 1342 5636 fons
1369 5571 1504 5634 vitw,
1535 5572 1588 5625 in
1621 5571 1818 5628 lumine
1859 5583 1946 5628 tuo
1973 5575 2158 5630 videbi-

589 5669 702 5706 mus
730 5653 923 5708 (unum.
966 5655 1234 5722 Quoniam
1271 5660 1478 5729 judicia
1534 5671 1627 5717 tua
1679 5667 1910 5736 abyssus
1961 5671 2150 5734 multa,

661 5805 704 5854 9⁸
744 5803 846 5872 lsa.
883 5827 948 5878 ν,
981 5811 1060 5869 6.‘
1109 5817 1152 5848 ⁵⁷
1193 5815 1338 5872 Psal.
1383 5833 1544 5886 xxxt,
1587 5817 1639 5882 ’1.

2269 4663 2303 4733 ἡ
2340 4661 2653 4733 δικαιοσύνη
2696 4663 2858 4716 αὐτοῦ
2891 4663 3042 4733 καὶὴ
3077 4659 3301 4732 ἀλήθεια
3351 4655 3732 4730 μετελεύσεται
3762 4659 3854 4710 αύ-

2273 4752 2427 4817 τούς’
2465 4755 2930 4826 ύποϐληθήσονται
2957 4755 3064 4825 γὰρ
3095 4755 3273 4826 κρίσει
3299 4751 3518 4824 δικαία.Ι
3537 4751 3692 4803 Ἔστι
3723 4751 3850 4822 γὰρ,

2277 4846 2426 4899 ἔστιν
2455 4846 2742 4917 ἀπόρρητα
2783 4846 2850 4900 τὰ
2885 4848 3130 4918 κρίματα
3153 4845 3248 4898 τοῦ
3278 4844 3411 4898 Θεοῦ
3431 4860 3444 4874 ·
3479 4843 3644 4906 πολύς
3667 4860 3726 4895 τε
3759 4845 3854 4898 καὶ

2272 4937 2495 5009 ἄπειρος
2541 4939 2718 5009 βυθὸς,
2749 4937 2816 5009 ἢ,
2853 4939 3034 5003 καθὼς
3076 4943 3108 5011 ἡ
3143 4940 3329 5012 Γραφή
3367 4954 3548 5006 φησιν,
3580 4937 3854 5002 ἄϐυσσος

2273 5031 2474 5099 πολλὴ
2504 5034 2560 5086 ἐν
2587 5033 2828 5104 τῷλόγῳ
2861 5032 2967 5086 τῶν
3003 5035 3285 5105 χριμάτων
3319 5033 3480 5088 αὑτοῦ
3517 5031 3844 5102 περιέχεται.

2272 5121 2454 5174 Ταῦτα
2489 5122 2668 5175 τοίνυν
2701 5123 2850 5192 μένει
2877 5124 3002 5188 τοὺς
3035 5123 3266 5186 ἀσεϐεῖς.

2341 5302 2404 5352 Oi
2429 5298 2498 5352 δὲ
2519 5297 2636 5354 υἱοὶ
2662 5299 2780 5352 τῶν
2805 5299 3127 5370 ἀνθρώπων
3161 5302 3229 5354 ἐν
3262 5299 3458 5368 σκέπῃ
3485 5299 3602 5352 τῶι·
3630 5299 3842 5365 strepu-

2267 5409 2388 5460 των
2413 5404 2529 5445 σου
2557 5391 2858 5446 ἐλπιοῦσι.
2883 5391 3383 5458 Μεθυσθήσονται
3413 5391 3529 5445 ἀπὸ
3561 5391 3842 5454 πιότητος

2265 5485 2434 5539 οἴκου
2467 5499 2604 5553 σου,
2645 5485 2744 5540 καὶ
2775 5486 2882 5541 τὸν
2910 5486 3268 5556 χειμάρῤουν
3311 5483 3419 5554 τῆς
3461 5481 3688 5554 τρυφῆς
3721 5497 3840 5537 σου

2264 5577 2488 5643 ποτιεῖς
2525 5580 2766 5645 αὐτούς.
2803 5581 2932 5632 Ὅτι
2957 5581 3116 5647 παρὰ
3151 5577 3250 5631 σοὶ
3279 5577 3440 5647 πηγὴ
3473 5575 3639 5642 ζωῆς,
3662 5575 3729 5628 ἐν
3759 5571 3838 5640 τῷ

2263 5670 2412 5738 φωτί
2449 5685 2564 5725 σου
2611 5672 2876 5741 ὀψόμεθα
2923 5669 3063 5740 φῶς.
3101 5669 3317 5740 Ἐπειδὴ
3351 5666 3418 5720 τὰ
3455 5665 3695 5738 κρίματά
3741 5679 3840 5720 σου
