  <div class='ocr_page' id='page_1' title='image "/cluster/home/n/w/nwhite01/storage/ocr_20150623/23/hvd.32044019207711/168.png"; bbox 0 0 4010 6568; ppageno 0'>
   <div class='ocr_carea' id='block_1_1' title="bbox 162 404 280 459">
    <p class='ocr_par' dir='ltr' id='par_1_1' title="bbox 162 404 280 459">
     <span class='ocr_line' id='line_1_1' title="bbox 162 404 280 459; baseline -0.008 0"><span class='ocrx_word' id='word_1_1' title='bbox 162 404 280 459; x_wconf 70' lang='lat'><strong>5‘2!</strong></span> 
     </span>
    </p>
   </div>
   <div class='ocr_carea' id='block_1_2' title="bbox 1276 392 2274 456">
    <p class='ocr_par' dir='ltr' id='par_1_2' title="bbox 1276 392 2274 456">
     <span class='ocr_line' id='line_1_2' title="bbox 1276 392 2274 456; baseline -0.001 -3"><span class='ocrx_word' id='word_1_2' title='bbox 1276 392 1785 454; x_wconf 72' lang='lat' dir='ltr'><strong>COMMENTARIA</strong></span> <span class='ocrx_word' id='word_1_3' title='bbox 1820 397 1888 453; x_wconf 83' lang='grc' dir='ltr'>ιΝ</span> <span class='ocrx_word' id='word_1_4' title='bbox 1928 395 2274 456; x_wconf 78' lang='lat' dir='ltr'><strong>PSALMOS.</strong></span> 
     </span>
    </p>
   </div>
   <div class='ocr_carea' id='block_1_3' title="bbox 3336 399 3445 456">
    <p class='ocr_par' dir='ltr' id='par_1_3' title="bbox 3336 399 3445 456">
     <span class='ocr_line' id='line_1_3' title="bbox 3336 399 3445 456; baseline -0.009 0"><span class='ocrx_word' id='word_1_5' title='bbox 3336 399 3445 456; x_wconf 63' lang='lat'><strong>512</strong></span> 
     </span>
    </p>
   </div>
   <div class='ocr_carea' id='block_1_4' title="bbox 162 466 1760 587">
    <p class='ocr_par' dir='ltr' id='par_1_4' title="bbox 162 466 1760 586">
     <span class='ocr_line' id='line_1_4' title="bbox 162 466 1760 586; baseline -0.006 -13"><span class='ocrx_word' id='word_1_6' title='bbox 162 518 419 580; x_wconf 67' lang='grc' dir='ltr'>ἄϐυσσος</span> <span class='ocrx_word' id='word_1_7' title='bbox 454 512 641 586; x_wconf 78' lang='grc' dir='ltr'>πολλὴ,</span> <span class='ocrx_word' id='word_1_8' title='bbox 668 512 894 575; x_wconf 73' lang='grc' dir='ltr'>εἰκότως</span> <span class='ocrx_word' id='word_1_9' title='bbox 944 466 1008 565; x_wconf 70' lang='grc' dir='ltr'>οὐ</span> <span class='ocrx_word' id='word_1_10' title='bbox 1062 508 1222 582; x_wconf 86' lang='grc' dir='ltr'>μόνον</span> <span class='ocrx_word' id='word_1_11' title='bbox 1273 508 1598 582; x_wconf 78' lang='grc' dir='ltr'>ἀνθρώπων,</span> <span class='ocrx_word' id='word_1_12' title='bbox 1629 509 1760 565; x_wconf 82' lang='grc' dir='ltr'>ἀλλὰ</span> 
     </span>
    </p>
   </div>
   <div class='ocr_carea' id='block_1_5' title="bbox 1866 466 3451 587">
    <p class='ocr_par' dir='ltr' id='par_1_5' title="bbox 1867 509 3451 587">
     <span class='ocr_line' id='line_1_5' title="bbox 1867 509 3451 587; baseline 0.005 -22"><span class='ocrx_word' id='word_1_13' title='bbox 1867 509 1991 580; x_wconf 86' lang='lat' dir='ltr'><strong>jure</strong></span> <span class='ocrx_word' id='word_1_14' title='bbox 2020 528 2128 565; x_wconf 87' lang='lat' dir='ltr'><strong>non</strong></span> <span class='ocrx_word' id='word_1_15' title='bbox 2154 510 2470 566; x_wconf 72' lang='lat' dir='ltr'><strong>hominibus</strong></span> <span class='ocrx_word' id='word_1_16' title='bbox 2492 510 2677 577; x_wconf 90' lang='lat' dir='ltr'><strong>modo,</strong></span> <span class='ocrx_word' id='word_1_17' title='bbox 2706 510 2803 568; x_wconf 89' lang='lat' dir='ltr'><strong>sed</strong></span> <span class='ocrx_word' id='word_1_18' title='bbox 2834 512 3000 569; x_wconf 86' lang='lat' dir='ltr'><strong>etiam</strong></span> <span class='ocrx_word' id='word_1_19' title='bbox 3026 513 3295 584; x_wconf 86' lang='lat' dir='ltr'><strong>jumentis</strong></span> <span class='ocrx_word' id='word_1_20' title='bbox 3326 532 3451 587; x_wconf 85' lang='lat' dir='ltr'><strong>pro-</strong></span> 
     </span>
    </p>
   </div>
   <div class='ocr_carea' id='block_1_6' title="bbox 164 600 1767 682">
    <p class='ocr_par' dir='ltr' id='par_1_6' title="bbox 164 600 1767 682">
     <span class='ocr_line' id='line_1_6' title="bbox 164 600 1767 682; baseline -0.006 -16"><span class='ocrx_word' id='word_1_21' title='bbox 164 613 276 666; x_wconf 72' lang='lat' dir='ltr'><strong>xa‘t</strong></span> <span class='ocrx_word' id='word_1_22' title='bbox 323 610 536 681; x_wconf 80' lang='grc' dir='ltr'>κτηνῶν</span> <span class='ocrx_word' id='word_1_23' title='bbox 585 609 834 682; x_wconf 82' lang='grc' dir='ltr'><strong>προνοεῖς</strong></span> <span class='ocrx_word' id='word_1_24' title='bbox 851 622 864 635; x_wconf 89' lang='grc'>·</span> <span class='ocrx_word' id='word_1_25' title='bbox 899 602 1073 667; x_wconf 69' lang='grc' dir='ltr'>οὕτως</span> <span class='ocrx_word' id='word_1_26' title='bbox 1111 600 1462 673; x_wconf 77' lang='grc' dir='ltr'>ἐπλήθυνας</span> <span class='ocrx_word' id='word_1_27' title='bbox 1492 604 1559 657; x_wconf 88' lang='grc' dir='ltr'>τὸ</span> <span class='ocrx_word' id='word_1_28' title='bbox 1591 602 1767 671; x_wconf 74' lang='grc' dir='ltr'>ἔλεός</span> 
     </span>
    </p>
   </div>
   <div class='ocr_carea' id='block_1_7' title="bbox 162 694 1769 768">
    <p class='ocr_par' dir='ltr' id='par_1_7' title="bbox 162 694 1769 768">
     <span class='ocr_line' id='line_1_7' title="bbox 162 694 1769 768; baseline -0.006 -10"><span class='ocrx_word' id='word_1_29' title='bbox 162 718 322 767; x_wconf 83' lang='grc' dir='ltr'>σου,</span> <span class='ocrx_word' id='word_1_30' title='bbox 358 704 393 757; x_wconf 86' lang='grc' dir='ltr'><em>ὁ</em></span> <span class='ocrx_word' id='word_1_31' title='bbox 435 702 600 767; x_wconf 75' lang='grc' dir='ltr'>Θεός.</span> <span class='ocrx_word' id='word_1_32' title='bbox 651 699 809 752; x_wconf 79' lang='grc' dir='ltr'>Ἐστι</span> <span class='ocrx_word' id='word_1_33' title='bbox 851 696 895 749; x_wconf 86' lang='grc' dir='ltr'>δ’</span> <span class='ocrx_word' id='word_1_34' title='bbox 927 695 1008 749; x_wconf 74' lang='grc' dir='ltr'>ἔτι</span> <span class='ocrx_word' id='word_1_35' title='bbox 1066 694 1219 767; x_wconf 83' lang='grc' dir='ltr'><strong>παρά</strong></span> <span class='ocrx_word' id='word_1_36' title='bbox 1271 694 1445 749; x_wconf 82' lang='grc' dir='ltr'>ταῦτα</span> <span class='ocrx_word' id='word_1_37' title='bbox 1492 694 1769 768; x_wconf 72' lang='grc' dir='ltr'>ἐξαίρετον</span> 
     </span>
    </p>
   </div>
   <div class='ocr_carea' id='block_1_8' title="bbox 157 785 1768 866">
    <p class='ocr_par' dir='ltr' id='par_1_8' title="bbox 157 785 1768 866">
     <span class='ocr_line' id='line_1_8' title="bbox 157 785 1768 866; baseline -0.005 -17"><span class='ocrx_word' id='word_1_38' title='bbox 157 795 368 866; x_wconf 65' lang='grc' dir='ltr'>τάγμα</span> <span class='ocrx_word' id='word_1_39' title='bbox 395 793 506 847; x_wconf 84' lang='grc' dir='ltr'>τῶν</span> <span class='ocrx_word' id='word_1_40' title='bbox 537 789 675 864; x_wconf 83' lang='grc' dir='ltr'>μετὰ</span> <span class='ocrx_word' id='word_1_41' title='bbox 706 789 774 843; x_wconf 81' lang='grc' dir='ltr'>τὰ</span> <span class='ocrx_word' id='word_1_42' title='bbox 812 787 1172 861; x_wconf 80' lang='grc' dir='ltr'>προλεχθέντα</span> <span class='ocrx_word' id='word_1_43' title='bbox 1197 785 1612 858; x_wconf 80' lang='grc' dir='ltr'><strong>ὀνομαζομένων</strong></span> <span class='ocrx_word' id='word_1_44' title='bbox 1635 787 1768 841; x_wconf 84' lang='grc' dir='ltr'>υἱῶν</span> 
     </span>
    </p>
   </div>
   <div class='ocr_carea' id='block_1_9' title="bbox 163 878 1768 958">
    <p class='ocr_par' dir='ltr' id='par_1_9' title="bbox 163 878 1768 958">
     <span class='ocr_line' id='line_1_9' title="bbox 163 878 1768 958; baseline -0.004 -17"><span class='ocrx_word' id='word_1_45' title='bbox 163 885 516 958; x_wconf 80' lang='grc' dir='ltr'>ἀνθρώπων·</span> <span class='ocrx_word' id='word_1_46' title='bbox 548 884 765 946; x_wconf 79' lang='grc' dir='ltr'>οἵτινες,</span> <span class='ocrx_word' id='word_1_47' title='bbox 804 881 960 935; x_wconf 75' lang='grc' dir='ltr'>πλέον</span> <span class='ocrx_word' id='word_1_48' title='bbox 988 897 1040 934; x_wconf 88' lang='grc' dir='ltr'><strong>τι</strong></span> <span class='ocrx_word' id='word_1_49' title='bbox 1069 879 1284 951; x_wconf 75' lang='grc' dir='ltr'>ἔχοντες</span> <span class='ocrx_word' id='word_1_50' title='bbox 1314 879 1426 932; x_wconf 83' lang='grc' dir='ltr'>τῶν</span> <span class='ocrx_word' id='word_1_51' title='bbox 1465 878 1768 951; x_wconf 85' lang='grc' dir='ltr'>ἀνθρώπων</span> 
     </span>
    </p>
   </div>
   <div class='ocr_carea' id='block_1_10' title="bbox 166 972 1767 1049">
    <p class='ocr_par' dir='ltr' id='par_1_10' title="bbox 166 972 1767 1049">
     <span class='ocr_line' id='line_1_10' title="bbox 166 972 1767 1049; baseline -0.005 -15"><span class='ocrx_word' id='word_1_52' title='bbox 166 981 274 1033; x_wconf 73' lang='grc' dir='ltr'><strong>καὶ</strong></span> <span class='ocrx_word' id='word_1_53' title='bbox 293 978 405 1033; x_wconf 83' lang='grc' dir='ltr'><strong>τῶν</strong></span> <span class='ocrx_word' id='word_1_54' title='bbox 426 975 639 1049; x_wconf 77' lang='grc' dir='ltr'><strong>κτηνῶν</strong></span> <span class='ocrx_word' id='word_1_55' title='bbox 666 975 774 1029; x_wconf 83' lang='grc' dir='ltr'><strong>τῶν</strong></span> <span class='ocrx_word' id='word_1_56' title='bbox 796 974 901 1027; x_wconf 80' lang='grc' dir='ltr'>ὑπὸ</span> <span class='ocrx_word' id='word_1_57' title='bbox 927 974 1022 1027; x_wconf 74' lang='grc' dir='ltr'><strong>σοῦ</strong></span> <span class='ocrx_word' id='word_1_58' title='bbox 1040 973 1382 1044; x_wconf 74' lang='grc' dir='ltr'><strong>σωζομένων,</strong></span> <span class='ocrx_word' id='word_1_59' title='bbox 1405 972 1767 1043; x_wconf 76' lang='grc' dir='ltr'>κατηξίωνται</span> 
     </span>
    </p>
   </div>
   <div class='ocr_carea' id='block_1_11' title="bbox 172 1063 1767 1144">
    <p class='ocr_par' dir='ltr' id='par_1_11' title="bbox 172 1063 1767 1144">
     <span class='ocr_line' id='line_1_11' title="bbox 172 1063 1767 1144; baseline -0.003 -19"><span class='ocrx_word' id='word_1_60' title='bbox 172 1074 237 1125; x_wconf 82' lang='grc' dir='ltr'><strong>ὲν</strong></span> <span class='ocrx_word' id='word_1_61' title='bbox 278 1071 463 1144; x_wconf 80' lang='grc' dir='ltr'><strong>σκέπῃ</strong></span> <span class='ocrx_word' id='word_1_62' title='bbox 502 1069 613 1123; x_wconf 84' lang='grc' dir='ltr'><strong>τῶν</strong></span> <span class='ocrx_word' id='word_1_63' title='bbox 658 1066 941 1140; x_wconf 79' lang='grc' dir='ltr'><strong>πτερύγων</strong></span> <span class='ocrx_word' id='word_1_64' title='bbox 971 1082 1062 1118; x_wconf 89' lang='grc' dir='ltr'><strong>σου</strong></span> <span class='ocrx_word' id='word_1_65' title='bbox 1094 1063 1373 1129; x_wconf 74' lang='grc' dir='ltr'>ἐλπίζειν·</span> <span class='ocrx_word' id='word_1_66' title='bbox 1422 1064 1454 1135; x_wconf 86' lang='grc' dir='ltr'>ἦ</span> <span class='ocrx_word' id='word_1_67' title='bbox 1505 1065 1645 1119; x_wconf 83' lang='grc' dir='ltr'>κατὰ.</span> <span class='ocrx_word' id='word_1_68' title='bbox 1674 1067 1767 1120; x_wconf 83' lang='grc' dir='ltr'>τὸν</span> 
     </span>
    </p>
   </div>
   <div class='ocr_carea' id='block_1_12' title="bbox 166 1155 1769 1233">
    <p class='ocr_par' dir='ltr' id='par_1_12' title="bbox 166 1155 1769 1233">
     <span class='ocr_line' id='line_1_12' title="bbox 166 1155 1769 1233; baseline -0.002 -18"><span class='ocrx_word' id='word_1_69' title='bbox 166 1162 503 1233; x_wconf 81' lang='grc' dir='ltr'><strong>Σύμμαχον,</strong></span> <span class='ocrx_word' id='word_1_70' title='bbox 552 1158 684 1213; x_wconf 78' lang='grc' dir='ltr'><strong>’Υπύ</strong></span> <span class='ocrx_word' id='word_1_71' title='bbox 725 1157 907 1213; x_wconf 85' lang='grc' dir='ltr'>σκιὰν</span> <span class='ocrx_word' id='word_1_72' title='bbox 947 1155 1064 1209; x_wconf 86' lang='grc' dir='ltr'>τῶν</span> <span class='ocrx_word' id='word_1_73' title='bbox 1090 1156 1399 1225; x_wconf 75' lang='grc' dir='ltr'>πτερύγων</span> <span class='ocrx_word' id='word_1_74' title='bbox 1428 1171 1545 1210; x_wconf 91' lang='grc' dir='ltr'><strong>σου</strong></span> <span class='ocrx_word' id='word_1_75' title='bbox 1572 1157 1769 1227; x_wconf 83' lang='grc' dir='ltr'>ἀμερι-</span> 
     </span>
    </p>
   </div>
   <div class='ocr_carea' id='block_1_13' title="bbox 164 1246 1766 1323">
    <p class='ocr_par' dir='ltr' id='par_1_13' title="bbox 164 1246 1766 1323">
     <span class='ocr_line' id='line_1_13' title="bbox 164 1246 1766 1323; baseline -0.002 -17"><span class='ocrx_word' id='word_1_76' title='bbox 164 1250 421 1323; x_wconf 60' lang='lat' dir='ltr'><strong>proﬂat.</strong></span> <span class='ocrx_word' id='word_1_77' title='bbox 454 1251 592 1315; x_wconf 78' lang='grc' dir='ltr'>Τοὺς</span> <span class='ocrx_word' id='word_1_78' title='bbox 619 1250 726 1323; x_wconf 79' lang='grc' dir='ltr'><strong>γὰρ</strong></span> <span class='ocrx_word' id='word_1_79' title='bbox 759 1250 851 1303; x_wconf 74' lang='grc' dir='ltr'>ἐπὶ</span> <span class='ocrx_word' id='word_1_80' title='bbox 880 1248 941 1302; x_wconf 78' lang='grc' dir='ltr'>σὲ</span> <span class='ocrx_word' id='word_1_81' title='bbox 980 1246 1302 1319; x_wconf 78' lang='grc' dir='ltr'>ηλπικὸτας,</span> <span class='ocrx_word' id='word_1_82' title='bbox 1328 1247 1421 1302; x_wconf 79' lang='grc' dir='ltr'>καὶ</span> <span class='ocrx_word' id='word_1_83' title='bbox 1447 1248 1766 1321; x_wconf 80' lang='grc' dir='ltr'>ἀφωρισμέ-</span> 
     </span>
    </p>
   </div>
   <div class='ocr_carea' id='block_1_14' title="bbox 172 1341 1767 1416">
    <p class='ocr_par' dir='ltr' id='par_1_14' title="bbox 172 1341 1767 1416">
     <span class='ocr_line' id='line_1_14' title="bbox 172 1341 1767 1416; baseline -0.001 -17"><span class='ocrx_word' id='word_1_84' title='bbox 172 1363 307 1410; x_wconf 87' lang='grc' dir='ltr'>νους</span> <span class='ocrx_word' id='word_1_85' title='bbox 348 1345 443 1399; x_wconf 82' lang='grc' dir='ltr'><strong>τοῦ</strong></span> <span class='ocrx_word' id='word_1_86' title='bbox 492 1346 771 1416; x_wconf 80' lang='grc' dir='ltr'><strong>τάγματος</strong></span> <span class='ocrx_word' id='word_1_87' title='bbox 801 1343 909 1398; x_wconf 80' lang='grc' dir='ltr'>τῶν</span> <span class='ocrx_word' id='word_1_88' title='bbox 942 1341 1407 1414; x_wconf 76' lang='grc' dir='ltr'>διαϐεϐλημένων,</span> <span class='ocrx_word' id='word_1_89' title='bbox 1442 1344 1506 1397; x_wconf 76' lang='grc' dir='ltr'><strong>σὺ</strong></span> <span class='ocrx_word' id='word_1_90' title='bbox 1546 1343 1708 1408; x_wconf 81' lang='grc' dir='ltr'>αὐτὸς</span> <span class='ocrx_word' id='word_1_91' title='bbox 1738 1346 1767 1398; x_wconf 99' lang='lat'><strong>6</strong></span> 
     </span>
    </p>
   </div>
   <div class='ocr_carea' id='block_1_15' title="bbox 171 1434 1767 1509">
    <p class='ocr_par' dir='ltr' id='par_1_15' title="bbox 171 1434 1767 1509">
     <span class='ocr_line' id='line_1_15' title="bbox 171 1434 1767 1509; baseline -0.001 -18"><span class='ocrx_word' id='word_1_92' title='bbox 171 1436 316 1501; x_wconf 84' lang='grc' dir='ltr'>Θεὸς</span> <span class='ocrx_word' id='word_1_93' title='bbox 343 1440 461 1501; x_wconf 85' lang='grc' dir='ltr'>ταῖς</span> <span class='ocrx_word' id='word_1_94' title='bbox 485 1435 678 1491; x_wconf 79' lang='grc' dir='ltr'>ἑαυτοῦ</span> <span class='ocrx_word' id='word_1_95' title='bbox 706 1435 931 1509; x_wconf 78' lang='grc' dir='ltr'><strong>πτέρυξι</strong></span> <span class='ocrx_word' id='word_1_96' title='bbox 965 1434 1250 1507; x_wconf 81' lang='grc' dir='ltr'>περιέπεις</span> <span class='ocrx_word' id='word_1_97' title='bbox 1270 1435 1365 1489; x_wconf 76' lang='grc' dir='ltr'><strong>καὶ</strong></span> <span class='ocrx_word' id='word_1_98' title='bbox 1391 1435 1630 1500; x_wconf 74' lang='grc' dir='ltr'>σκέπεις.</span> <span class='ocrx_word' id='word_1_99' title='bbox 1655 1436 1767 1489; x_wconf 71' lang='grc' dir='ltr'><strong>Καὶ</strong></span> 
     </span>
    </p>
   </div>
   <div class='ocr_carea' id='block_1_16' title="bbox 173 1520 1765 1601">
    <p class='ocr_par' dir='ltr' id='par_1_16' title="bbox 173 1520 1765 1601">
     <span class='ocr_line' id='line_1_16' title="bbox 173 1520 1765 1601; baseline 0 -20"><span class='ocrx_word' id='word_1_100' title='bbox 173 1528 304 1582; x_wconf 73' lang='grc' dir='ltr'>ἐπεὶ</span> <span class='ocrx_word' id='word_1_101' title='bbox 332 1529 563 1601; x_wconf 71' lang='grc' dir='ltr'>ἤλπισαν</span> <span class='ocrx_word' id='word_1_102' title='bbox 604 1520 750 1582; x_wconf 74' lang='grc' dir='ltr'>οὗτοι</span> <span class='ocrx_word' id='word_1_103' title='bbox 787 1528 997 1601; x_wconf 79' lang='grc' dir='ltr'><strong>ἀγαθὴν</strong></span> <span class='ocrx_word' id='word_1_104' title='bbox 1031 1527 1246 1593; x_wconf 74' lang='grc' dir='ltr'>ἐλπίδα,</span> <span class='ocrx_word' id='word_1_105' title='bbox 1291 1526 1359 1580; x_wconf 83' lang='grc' dir='ltr'><em>Ἠ</em></span> <span class='ocrx_word' id='word_1_106' title='bbox 1392 1525 1460 1581; x_wconf 82' lang='grc' dir='ltr'>δὲ</span> <span class='ocrx_word' id='word_1_107' title='bbox 1486 1527 1667 1593; x_wconf 73' lang='grc' dir='ltr'>ἐλπὶς</span> <span class='ocrx_word' id='word_1_108' title='bbox 1694 1529 1765 1581; x_wconf 88' lang='grc' dir='ltr'><strong>οὐ</strong></span> 
     </span>
    </p>
   </div>
   <div class='ocr_carea' id='block_1_17' title="bbox 172 1619 1767 1691">
    <p class='ocr_par' dir='ltr' id='par_1_17' title="bbox 172 1619 1767 1691">
     <span class='ocr_line' id='line_1_17' title="bbox 172 1619 1767 1691; baseline -0.001 -17"><span class='ocrx_word' id='word_1_109' title='bbox 172 1622 595 1691; x_wconf 78' lang='grc' dir='ltr'>καταισχύνει·</span> <span class='ocrx_word' id='word_1_110' title='bbox 623 1620 1115 1690; x_wconf 82' lang='grc' dir='ltr'>μεθυσθήσονται</span> <span class='ocrx_word' id='word_1_111' title='bbox 1139 1620 1256 1673; x_wconf 82' lang='grc' dir='ltr'><strong>ἀπὸ</strong></span> <span class='ocrx_word' id='word_1_112' title='bbox 1288 1620 1569 1687; x_wconf 80' lang='grc' dir='ltr'><strong>πιότητος</strong></span> <span class='ocrx_word' id='word_1_113' title='bbox 1597 1619 1767 1673; x_wconf 86' lang='grc' dir='ltr'><em>οἴκου</em></span> 
     </span>
    </p>
   </div>
   <div class='ocr_carea' id='block_1_18' title="bbox 171 1691 1767 1783">
    <p class='ocr_par' dir='ltr' id='par_1_18' title="bbox 171 1691 1767 1783">
     <span class='ocr_line' id='line_1_18' title="bbox 171 1691 1767 1783; baseline -0.002 -19"><span class='ocrx_word' id='word_1_114' title='bbox 171 1727 315 1776; x_wconf 89' lang='grc' dir='ltr'>σου,</span> <span class='ocrx_word' id='word_1_115' title='bbox 348 1712 447 1765; x_wconf 78' lang='grc' dir='ltr'>καὶ</span> <span class='ocrx_word' id='word_1_116' title='bbox 474 1712 581 1765; x_wconf 76' lang='grc' dir='ltr'>τὸν</span> <span class='ocrx_word' id='word_1_117' title='bbox 608 1710 968 1783; x_wconf 76' lang='grc' dir='ltr'>χειμὰῤῥουν</span> <span class='ocrx_word' id='word_1_118' title='bbox 992 1710 1102 1780; x_wconf 84' lang='grc' dir='ltr'><strong>τῆς</strong></span> <span class='ocrx_word' id='word_1_119' title='bbox 1138 1710 1371 1780; x_wconf 65' lang='grc' dir='ltr'>τρυφῆς</span> <span class='ocrx_word' id='word_1_120' title='bbox 1403 1691 1521 1765; x_wconf 71' lang='grc' dir='ltr'><strong>σου</strong></span> <span class='ocrx_word' id='word_1_121' title='bbox 1545 1710 1767 1777; x_wconf 82' lang='grc' dir='ltr'>ποτιεῖς</span> 
     </span>
    </p>
   </div>
   <div class='ocr_carea' id='block_1_19' title="bbox 169 1801 1763 1877">
    <p class='ocr_par' dir='ltr' id='par_1_19' title="bbox 169 1801 1763 1877">
     <span class='ocr_line' id='line_1_19' title="bbox 169 1801 1763 1877; baseline -0.001 -20"><span class='ocrx_word' id='word_1_122' title='bbox 169 1806 418 1871; x_wconf 83' lang='grc' dir='ltr'>αὐτούς.</span> <span class='ocrx_word' id='word_1_123' title='bbox 448 1801 610 1869; x_wconf 80' lang='grc' dir='ltr'>Οἶκος</span> <span class='ocrx_word' id='word_1_124' title='bbox 637 1807 734 1877; x_wconf 87' lang='grc' dir='ltr'><strong>μὲν</strong></span> <span class='ocrx_word' id='word_1_125' title='bbox 758 1804 853 1859; x_wconf 75' lang='grc' dir='ltr'><strong>τοῦ</strong></span> <span class='ocrx_word' id='word_1_126' title='bbox 874 1804 1008 1858; x_wconf 85' lang='grc' dir='ltr'><strong>Θεοῦ</strong></span> <span class='ocrx_word' id='word_1_127' title='bbox 1035 1807 1181 1858; x_wconf 77' lang='grc' dir='ltr'>ἐστιν</span> <span class='ocrx_word' id='word_1_128' title='bbox 1209 1803 1553 1876; x_wconf 81' lang='grc' dir='ltr'>ἡἘκκλησία</span> <span class='ocrx_word' id='word_1_129' title='bbox 1577 1804 1763 1858; x_wconf 73' lang='grc' dir='ltr'>αὐτοῦ’</span> 
     </span>
    </p>
   </div>
   <div class='ocr_carea' id='block_1_20' title="bbox 1872 603 3443 677">
    <p class='ocr_par' dir='ltr' id='par_1_20' title="bbox 1872 603 3443 677">
     <span class='ocr_line' id='line_1_20' title="bbox 1872 603 3443 677; baseline 0.004 -19"><span class='ocrx_word' id='word_1_130' title='bbox 1872 603 2060 674; x_wconf 78' lang='lat' dir='ltr'><strong>Spiris,</strong></span> <span class='ocrx_word' id='word_1_131' title='bbox 2103 606 2185 660; x_wconf 88' lang='lat' dir='ltr'><strong>sic</strong></span> <span class='ocrx_word' id='word_1_132' title='bbox 2220 603 2594 672; x_wconf 83' lang='lat' dir='ltr'><strong>multiplicasti</strong></span> <span class='ocrx_word' id='word_1_133' title='bbox 2626 605 3046 661; x_wconf 82' lang='lat' dir='ltr'><strong>misericordiam</strong></span> <span class='ocrx_word' id='word_1_134' title='bbox 3079 618 3250 677; x_wconf 89' lang='lat' dir='ltr'><strong>tuam,</strong></span> <span class='ocrx_word' id='word_1_135' title='bbox 3278 608 3443 666; x_wconf 84' lang='lat' dir='ltr'><strong>Deus.</strong></span> 
     </span>
    </p>
   </div>
   <div class='ocr_carea' id='block_1_21' title="bbox 1870 691 3447 768">
    <p class='ocr_par' dir='ltr' id='par_1_21' title="bbox 1870 691 3447 768">
     <span class='ocr_line' id='line_1_21' title="bbox 1870 691 3447 768; baseline 0.006 -22"><span class='ocrx_word' id='word_1_136' title='bbox 1870 691 2076 749; x_wconf 60' lang='lat' dir='ltr'><strong>Praeter</strong></span> <span class='ocrx_word' id='word_1_137' title='bbox 2126 693 2241 750; x_wconf 65' lang='lat' dir='ltr'><strong>haec</strong></span> <span class='ocrx_word' id='word_1_138' title='bbox 2274 704 2457 749; x_wconf 89' lang='lat' dir='ltr'><strong>autem</strong></span> <span class='ocrx_word' id='word_1_139' title='bbox 2492 695 2634 750; x_wconf 88' lang='lat' dir='ltr'><strong>alius</strong></span> <span class='ocrx_word' id='word_1_140' title='bbox 2672 697 2908 754; x_wconf 79' lang='lat' dir='ltr'><strong>eximius</strong></span> <span class='ocrx_word' id='word_1_141' title='bbox 2934 705 3018 754; x_wconf 91' lang='lat' dir='ltr'><strong>est</strong></span> <span class='ocrx_word' id='word_1_142' title='bbox 3062 700 3197 754; x_wconf 83' lang='lat' dir='ltr'><strong>ordo</strong></span> <span class='ocrx_word' id='word_1_143' title='bbox 3234 715 3447 768; x_wconf 84' lang='lat' dir='ltr'><strong>eorum,</strong></span> 
     </span>
    </p>
   </div>
   <div class='ocr_carea' id='block_1_22' title="bbox 1871 785 3452 863">
    <p class='ocr_par' dir='ltr' id='par_1_22' title="bbox 1871 785 3452 863">
     <span class='ocr_line' id='line_1_22' title="bbox 1871 785 3452 863; baseline 0.006 -26"><span class='ocrx_word' id='word_1_144' title='bbox 1871 787 1966 853; x_wconf 86' lang='lat' dir='ltr'><strong>qui</strong></span> <span class='ocrx_word' id='word_1_145' title='bbox 1995 793 2120 856; x_wconf 90' lang='lat' dir='ltr'><strong>post</strong></span> <span class='ocrx_word' id='word_1_146' title='bbox 2157 785 2416 857; x_wconf 72' lang='lat' dir='ltr'><strong>praedicta</strong></span> <span class='ocrx_word' id='word_1_147' title='bbox 2448 785 2542 841; x_wconf 80' lang='lat' dir='ltr'><strong>ﬁlii</strong></span> <span class='ocrx_word' id='word_1_148' title='bbox 2585 787 2872 844; x_wconf 85' lang='lat' dir='ltr'><strong>hominum</strong></span> <span class='ocrx_word' id='word_1_149' title='bbox 2901 797 3187 845; x_wconf 79' lang='lat' dir='ltr'><strong>vocantur.</strong></span> <span class='ocrx_word' id='word_1_150' title='bbox 3231 790 3298 846; x_wconf 88' lang='lat' dir='ltr'><strong>Hi</strong></span> <span class='ocrx_word' id='word_1_151' title='bbox 3329 792 3452 863; x_wconf 85' lang='lat' dir='ltr'><strong>plu—</strong></span> 
     </span>
    </p>
   </div>
   <div class='ocr_carea' id='block_1_23' title="bbox 1871 877 3454 955">
    <p class='ocr_par' dir='ltr' id='par_1_23' title="bbox 1871 877 3454 955">
     <span class='ocr_line' id='line_1_23' title="bbox 1871 877 3454 955; baseline 0.006 -26"><span class='ocrx_word' id='word_1_152' title='bbox 1871 877 1950 932; x_wconf 91' lang='lat' dir='ltr'><strong>ris</strong></span> <span class='ocrx_word' id='word_1_153' title='bbox 1977 877 2186 948; x_wconf 82' lang='lat' dir='ltr'><strong>aliquid</strong></span> <span class='ocrx_word' id='word_1_154' title='bbox 2219 878 2485 935; x_wconf 89' lang='lat' dir='ltr'><strong>habentes</strong></span> <span class='ocrx_word' id='word_1_155' title='bbox 2516 894 2680 949; x_wconf 88' lang='lat' dir='ltr'><strong>quam</strong></span> <span class='ocrx_word' id='word_1_156' title='bbox 2714 879 2965 937; x_wconf 88' lang='lat' dir='ltr'><strong>homines</strong></span> <span class='ocrx_word' id='word_1_157' title='bbox 2986 889 3040 937; x_wconf 88' lang='lat' dir='ltr'><strong>et</strong></span> <span class='ocrx_word' id='word_1_158' title='bbox 3060 882 3307 953; x_wconf 87' lang='lat' dir='ltr'><strong>jumenta</strong></span> <span class='ocrx_word' id='word_1_159' title='bbox 3328 884 3454 955; x_wconf 84' lang='lat' dir='ltr'><strong>qui-</strong></span> 
     </span>
    </p>
   </div>
   <div class='ocr_carea' id='block_1_24' title="bbox 1871 968 3454 1046">
    <p class='ocr_par' dir='ltr' id='par_1_24' title="bbox 1871 968 3454 1046">
     <span class='ocr_line' id='line_1_24' title="bbox 1871 968 3454 1046; baseline 0.007 -24"><span class='ocrx_word' id='word_1_160' title='bbox 1871 968 1975 1023; x_wconf 86' lang='lat' dir='ltr'><strong>bus</strong></span> <span class='ocrx_word' id='word_1_161' title='bbox 2005 970 2236 1025; x_wconf 77' lang='lat' dir='ltr'><strong>salutem</strong></span> <span class='ocrx_word' id='word_1_162' title='bbox 2261 985 2447 1041; x_wconf 87' lang='lat' dir='ltr'><strong>paras,</strong></span> <span class='ocrx_word' id='word_1_163' title='bbox 2473 969 2623 1042; x_wconf 81' lang='lat' dir='ltr'><strong>digni</strong></span> <span class='ocrx_word' id='word_1_164' title='bbox 2655 971 2828 1028; x_wconf 82' lang='lat' dir='ltr'><strong>habiti</strong></span> <span class='ocrx_word' id='word_1_165' title='bbox 2858 981 2987 1029; x_wconf 84' lang='lat' dir='ltr'><strong>sont</strong></span> <span class='ocrx_word' id='word_1_166' title='bbox 3016 977 3109 1045; x_wconf 86' lang='lat' dir='ltr'><strong>qui</strong></span> <span class='ocrx_word' id='word_1_167' title='bbox 3137 976 3195 1029; x_wconf 89' lang='lat' dir='ltr'><strong>in</strong></span> <span class='ocrx_word' id='word_1_168' title='bbox 3216 976 3454 1046; x_wconf 81' lang='lat' dir='ltr'><strong>tegmine</strong></span> 
     </span>
    </p>
   </div>
   <div class='ocr_carea' id='block_1_25' title="bbox 1871 1064 3452 1139">
    <p class='ocr_par' dir='ltr' id='par_1_25' title="bbox 1871 1064 3452 1139">
     <span class='ocr_line' id='line_1_25' title="bbox 1871 1064 3452 1139; baseline 0.005 -24"><span class='ocrx_word' id='word_1_169' title='bbox 1871 1064 2328 1118; x_wconf 86' lang='lat' dir='ltr'><strong>alarum&#39;tuarum</strong></span> <span class='ocrx_word' id='word_1_170' title='bbox 2365 1080 2516 1136; x_wconf 86' lang='lat' dir='ltr'><strong>spem</strong></span> <span class='ocrx_word' id='word_1_171' title='bbox 2565 1064 2829 1134; x_wconf 82' lang='lat' dir='ltr'><strong>habeant;</strong></span> <span class='ocrx_word' id='word_1_172' title='bbox 2861 1074 2954 1121; x_wconf 86' lang='lat' dir='ltr'><strong>aut</strong></span> <span class='ocrx_word' id='word_1_173' title='bbox 2978 1074 3038 1121; x_wconf 89' lang='lat' dir='ltr'><strong>ut</strong></span> <span class='ocrx_word' id='word_1_174' title='bbox 3068 1066 3452 1139; x_wconf 85' lang='lat' dir='ltr'><strong>Symmachus,</strong></span> 
     </span>
    </p>
   </div>
   <div class='ocr_carea' id='block_1_26' title="bbox 1871 1154 3456 1233">
    <p class='ocr_par' dir='ltr' id='par_1_26' title="bbox 1871 1154 3456 1233">
     <span class='ocr_line' id='line_1_26' title="bbox 1871 1154 3456 1233; baseline 0.005 -23"><span class='ocrx_word' id='word_1_175' title='bbox 1871 1154 1980 1210; x_wconf 89' lang='lat' dir='ltr'><strong>Sub</strong></span> <span class='ocrx_word' id='word_1_176' title='bbox 2016 1156 2204 1210; x_wconf 86' lang='lat' dir='ltr'><strong>umbra</strong></span> <span class='ocrx_word' id='word_1_177' title='bbox 2230 1156 2445 1211; x_wconf 87' lang='lat' dir='ltr'><strong>alarum</strong></span> <span class='ocrx_word' id='word_1_178' title='bbox 2478 1166 2691 1213; x_wconf 79' lang='lat' dir='ltr'><strong>tuarum</strong></span> <span class='ocrx_word' id='word_1_179' title='bbox 2718 1161 2888 1214; x_wconf 86' lang='lat' dir='ltr'><strong>securi</strong></span> <span class='ocrx_word' id='word_1_180' title='bbox 2913 1168 3056 1216; x_wconf 84' lang='lat' dir='ltr'><strong>sunt.</strong></span> <span class='ocrx_word' id='word_1_181' title='bbox 3074 1159 3183 1217; x_wconf 85' lang='lat' dir='ltr'><strong>Eos</strong></span> <span class='ocrx_word' id='word_1_182' title='bbox 3197 1161 3341 1216; x_wconf 85' lang='lat' dir='ltr'><strong>enim</strong></span> <span class='ocrx_word' id='word_1_183' title='bbox 3359 1163 3456 1233; x_wconf 87' lang='lat' dir='ltr'><strong>qui</strong></span> 
     </span>
    </p>
   </div>
   <div class='ocr_carea' id='block_1_27' title="bbox 1868 1247 3452 1321">
    <p class='ocr_par' dir='ltr' id='par_1_27' title="bbox 1868 1247 3452 1321">
     <span class='ocr_line' id='line_1_27' title="bbox 1868 1247 3452 1321; baseline 0.004 -19"><span class='ocrx_word' id='word_1_184' title='bbox 1868 1247 1926 1303; x_wconf 91' lang='lat' dir='ltr'><strong>in</strong></span> <span class='ocrx_word' id='word_1_185' title='bbox 1960 1255 2016 1303; x_wconf 88' lang='lat' dir='ltr'><strong>te</strong></span> <span class='ocrx_word' id='word_1_186' title='bbox 2039 1263 2193 1318; x_wconf 86' lang='lat' dir='ltr'><strong>spem</strong></span> <span class='ocrx_word' id='word_1_187' title='bbox 2224 1249 2446 1314; x_wconf 85' lang='lat' dir='ltr'><strong>habent,</strong></span> <span class='ocrx_word' id='word_1_188' title='bbox 2471 1251 2676 1321; x_wconf 87' lang='lat' dir='ltr'><strong>quique</strong></span> <span class='ocrx_word' id='word_1_189' title='bbox 2704 1252 2774 1307; x_wconf 89' lang='lat' dir='ltr'><strong>ab</strong></span> <span class='ocrx_word' id='word_1_190' title='bbox 2795 1250 2989 1308; x_wconf 85' lang='lat' dir='ltr'><strong>ordine</strong></span> <span class='ocrx_word' id='word_1_191' title='bbox 3012 1251 3301 1308; x_wconf 82' lang='lat' dir='ltr'><strong>infamiam</strong></span> <span class='ocrx_word' id='word_1_192' title='bbox 3333 1253 3452 1309; x_wconf 82' lang='lat' dir='ltr'><strong>illo-</strong></span> 
     </span>
    </p>
   </div>
   <div class='ocr_carea' id='block_1_28' title="bbox 1868 1343 3457 1415">
    <p class='ocr_par' dir='ltr' id='par_1_28' title="bbox 1868 1343 3457 1415">
     <span class='ocr_line' id='line_1_28' title="bbox 1868 1343 3457 1415; baseline 0.004 -20"><span class='ocrx_word' id='word_1_193' title='bbox 1868 1356 1991 1396; x_wconf 89' lang='lat' dir='ltr'><strong>rum</strong></span> <span class='ocrx_word' id='word_1_194' title='bbox 2043 1351 2426 1414; x_wconf 69' lang='lat' dir='ltr'><strong>segregantur,</strong></span> <span class='ocrx_word' id='word_1_195' title='bbox 2464 1352 2523 1398; x_wconf 91' lang='lat' dir='ltr'><strong>tu</strong></span> <span class='ocrx_word' id='word_1_196' title='bbox 2556 1344 2694 1415; x_wconf 87' lang='lat' dir='ltr'><strong>ipse,</strong></span> <span class='ocrx_word' id='word_1_197' title='bbox 2733 1343 2901 1409; x_wconf 85' lang='lat' dir='ltr'><strong>Deus,</strong></span> <span class='ocrx_word' id='word_1_198' title='bbox 2930 1345 3033 1399; x_wconf 90' lang='lat' dir='ltr'><strong>alis</strong></span> <span class='ocrx_word' id='word_1_199' title='bbox 3067 1344 3219 1401; x_wconf 81' lang='lat' dir='ltr'><strong>foves</strong></span> <span class='ocrx_word' id='word_1_200' title='bbox 3267 1346 3381 1402; x_wconf 83' lang='lat' dir='ltr'><strong>tuis</strong></span> <span class='ocrx_word' id='word_1_201' title='bbox 3401 1355 3457 1401; x_wconf 90' lang='lat' dir='ltr'><strong>et</strong></span> 
     </span>
    </p>
   </div>
   <div class='ocr_carea' id='block_1_29' title="bbox 1868 1417 3502 1508">
    <p class='ocr_par' dir='ltr' id='par_1_29' title="bbox 1868 1417 3502 1508">
     <span class='ocr_line' id='line_1_29' title="bbox 1868 1417 3502 1508; baseline 0.002 -19"><span class='ocrx_word' id='word_1_202' title='bbox 1868 1436 2136 1506; x_wconf 73' lang='lat' dir='ltr'><strong>contegis.</strong></span> <span class='ocrx_word' id='word_1_203' title='bbox 2170 1435 2378 1507; x_wconf 89' lang='lat' dir='ltr'><strong>thuia</strong></span> <span class='ocrx_word' id='word_1_204' title='bbox 2415 1453 2566 1507; x_wconf 85' lang='lat' dir='ltr'><strong>spem</strong></span> <span class='ocrx_word' id='word_1_205' title='bbox 2599 1453 2793 1508; x_wconf 86' lang='lat' dir='ltr'><strong>cepere</strong></span> <span class='ocrx_word' id='word_1_206' title='bbox 2816 1452 3091 1508; x_wconf 84' lang='lat' dir='ltr'><strong>magnam,</strong></span> <span class='ocrx_word' id='word_1_207' title='bbox 3122 1437 3251 1507; x_wconf 87' lang='lat' dir='ltr'><strong>Spes</strong></span> <span class='ocrx_word' id='word_1_208' title='bbox 3280 1446 3457 1493; x_wconf 85' lang='lat' dir='ltr'><strong>autem</strong></span> <span class='ocrx_word' id='word_1_209' title='bbox 3492 1417 3502 1431; x_wconf 37' lang='lat'><strong><em>‘</em></strong></span> 
     </span>
    </p>
   </div>
   <div class='ocr_carea' id='block_1_30' title="bbox 1869 1527 3457 1595">
    <p class='ocr_par' dir='ltr' id='par_1_30' title="bbox 1869 1527 3457 1595">
     <span class='ocr_line' id='line_1_30' title="bbox 1869 1527 3457 1595; baseline 0.002 -14"><span class='ocrx_word' id='word_1_210' title='bbox 1869 1543 1975 1581; x_wconf 88' lang='lat' dir='ltr'><strong>non</strong></span> <span class='ocrx_word' id='word_1_211' title='bbox 2018 1527 2377 1595; x_wconf 74' lang='lat' dir='ltr'><strong>confundit&quot;.</strong></span> <span class='ocrx_word' id='word_1_212' title='bbox 2424 1528 2842 1584; x_wconf 84' lang='lat' dir='ltr'><strong>Inebriabuntur</strong></span> <span class='ocrx_word' id='word_1_213' title='bbox 2887 1529 2952 1583; x_wconf 89' lang='lat' dir='ltr'><strong>ab</strong></span> <span class='ocrx_word' id='word_1_214' title='bbox 2981 1529 3221 1585; x_wconf 80' lang='lat' dir='ltr'><strong>ubertate</strong></span> <span class='ocrx_word' id='word_1_215' title='bbox 3265 1530 3457 1590; x_wconf 79' lang='lat' dir='ltr'><strong>domus</strong></span> 
     </span>
    </p>
   </div>
   <div class='ocr_carea' id='block_1_31' title="bbox 1872 1622 3457 1691">
    <p class='ocr_par' dir='ltr' id='par_1_31' title="bbox 1872 1622 3457 1691">
     <span class='ocr_line' id='line_1_31' title="bbox 1872 1622 3457 1691; baseline 0.006 -19"><span class='ocrx_word' id='word_1_216' title='bbox 1872 1629 1999 1684; x_wconf 71' lang='lat' dir='ltr'><strong>tum,</strong></span> <span class='ocrx_word' id='word_1_217' title='bbox 2028 1630 2078 1674; x_wconf 84' lang='lat' dir='ltr'><strong>et</strong></span> <span class='ocrx_word' id='word_1_218' title='bbox 2119 1630 2350 1676; x_wconf 81' lang='lat' dir='ltr'><strong>torrente</strong></span> <span class='ocrx_word' id='word_1_219' title='bbox 2379 1623 2662 1691; x_wconf 80' lang='lat' dir='ltr'><strong>voluptatis</strong></span> <span class='ocrx_word' id='word_1_220' title='bbox 2707 1631 2813 1676; x_wconf 76' lang='lat' dir='ltr'><strong>tua:</strong></span> <span class='ocrx_word' id='word_1_221' title='bbox 2847 1623 3056 1691; x_wconf 75' lang='lat' dir='ltr'><strong>potabis</strong></span> <span class='ocrx_word' id='word_1_222' title='bbox 3102 1639 3212 1678; x_wconf 84' lang='lat' dir='ltr'><strong>eos.</strong></span> <span class='ocrx_word' id='word_1_223' title='bbox 3250 1622 3457 1681; x_wconf 87' lang='lat' dir='ltr'><strong>Domus</strong></span> 
     </span>
    </p>
   </div>
   <div class='ocr_carea' id='block_1_32' title="bbox 1869 1709 3457 1783">
    <p class='ocr_par' dir='ltr' id='par_1_32' title="bbox 1869 1709 3457 1783">
     <span class='ocr_line' id='line_1_32' title="bbox 1869 1709 3457 1783; baseline 0.005 -21"><span class='ocrx_word' id='word_1_224' title='bbox 1869 1709 1965 1766; x_wconf 85' lang='lat' dir='ltr'><strong>Dei</strong></span> <span class='ocrx_word' id='word_1_225' title='bbox 1990 1718 2074 1768; x_wconf 89' lang='lat' dir='ltr'><strong>est</strong></span> <span class='ocrx_word' id='word_1_226' title='bbox 2106 1711 2349 1768; x_wconf 80' lang='lat' dir='ltr'><strong>Ecclesia</strong></span> <span class='ocrx_word' id='word_1_227' title='bbox 2379 1713 2499 1783; x_wconf 83' lang='lat' dir='ltr'><strong>ejus</strong></span> <span class='ocrx_word' id='word_1_228' title='bbox 2526 1730 2539 1766; x_wconf 91' lang='lat'><strong>:</strong></span> <span class='ocrx_word' id='word_1_229' title='bbox 2574 1714 2798 1771; x_wconf 85' lang='lat' dir='ltr'><strong>ubertas</strong></span> <span class='ocrx_word' id='word_1_230' title='bbox 2820 1715 3038 1781; x_wconf 84' lang='lat' dir='ltr'><strong>domus,</strong></span> <span class='ocrx_word' id='word_1_231' title='bbox 3074 1715 3338 1772; x_wconf 89' lang='lat' dir='ltr'><strong>divinitus</strong></span> <span class='ocrx_word' id='word_1_232' title='bbox 3370 1716 3457 1770; x_wconf 88' lang='lat' dir='ltr'><strong>in-</strong></span> 
     </span>
    </p>
   </div>
   <div class='ocr_carea' id='block_1_33' title="bbox 1870 1802 3454 1878">
    <p class='ocr_par' dir='ltr' id='par_1_33' title="bbox 1870 1802 3454 1878">
     <span class='ocr_line' id='line_1_33' title="bbox 1870 1802 3454 1878; baseline 0.002 -22"><span class='ocrx_word' id='word_1_233' title='bbox 1870 1802 2095 1872; x_wconf 75' lang='lat' dir='ltr'><strong>spirata:</strong></span> <span class='ocrx_word' id='word_1_234' title='bbox 2122 1804 2391 1861; x_wconf 88' lang='lat' dir='ltr'><strong>lectiones</strong></span> <span class='ocrx_word' id='word_1_235' title='bbox 2416 1825 2429 1859; x_wconf 92' lang='lat'>:</span> <span class='ocrx_word' id='word_1_236' title='bbox 2463 1807 2698 1862; x_wconf 82' lang='lat' dir='ltr'><strong>ebrietas</strong></span> <span class='ocrx_word' id='word_1_237' title='bbox 2726 1806 2816 1861; x_wconf 68' lang='lat' dir='ltr'><strong>illa</strong></span> <span class='ocrx_word' id='word_1_238' title='bbox 2850 1813 3150 1878; x_wconf 87' lang='lat' dir='ltr'><strong>temperata</strong></span> <span class='ocrx_word' id='word_1_239' title='bbox 3172 1814 3227 1862; x_wconf 88' lang='lat' dir='ltr'><strong>et</strong></span> <span class='ocrx_word' id='word_1_240' title='bbox 3247 1806 3454 1874; x_wconf 88' lang='lat' dir='ltr'><strong>sobria,</strong></span> 
     </span>
    </p>
   </div>
   <div class='ocr_carea' id='block_1_34' title="bbox 166 1881 1760 1970">
    <p class='ocr_par' dir='ltr' id='par_1_34' title="bbox 166 1896 1760 1970">
     <span class='ocr_line' id='line_1_34' title="bbox 166 1896 1760 1970; baseline 0.001 -20"><span class='ocrx_word' id='word_1_241' title='bbox 166 1898 370 1970; x_wconf 83' lang='grc' dir='ltr'><strong>πιότης</strong></span> <span class='ocrx_word' id='word_1_242' title='bbox 410 1898 467 1952; x_wconf 84' lang='grc' dir='ltr'>δὲ</span> <span class='ocrx_word' id='word_1_243' title='bbox 499 1899 596 1952; x_wconf 75' lang='grc' dir='ltr'><strong>τοῦ</strong></span> <span class='ocrx_word' id='word_1_244' title='bbox 646 1898 795 1952; x_wconf 81' lang='grc' dir='ltr'>οἴκου</span> <span class='ocrx_word' id='word_1_245' title='bbox 848 1897 917 1952; x_wconf 73' lang='grc' dir='ltr'>τὰ</span> <span class='ocrx_word' id='word_1_246' title='bbox 966 1897 1299 1951; x_wconf 83' lang='grc' dir='ltr'>Θεὸπνευστα</span> <span class='ocrx_word' id='word_1_247' title='bbox 1337 1896 1760 1968; x_wconf 83' lang='grc' dir='ltr'>ἀναγνώσματα·</span> 
     </span>
    </p>
   </div>
   <div class='ocr_carea' id='block_1_35' title="bbox 1866 1881 3458 1970">
    <p class='ocr_par' dir='ltr' id='par_1_35' title="bbox 1869 1893 3458 1968">
     <span class='ocr_line' id='line_1_35' title="bbox 1869 1893 3458 1968; baseline 0.003 -23"><span class='ocrx_word' id='word_1_248' title='bbox 1869 1893 2076 1949; x_wconf 82' lang='lat' dir='ltr'><strong>utilitas</strong></span> <span class='ocrx_word' id='word_1_249' title='bbox 2096 1909 2164 1949; x_wconf 82' lang='lat' dir='ltr'><strong>ex</strong></span> <span class='ocrx_word' id='word_1_250' title='bbox 2195 1894 2528 1951; x_wconf 85' lang='lat' dir='ltr'><strong>lectionibus</strong></span> <span class='ocrx_word' id='word_1_251' title='bbox 2564 1898 2893 1968; x_wconf 79' lang='lat' dir='ltr'><strong>proveniens</strong></span> <span class='ocrx_word' id='word_1_252' title='bbox 2922 1908 2937 1948; x_wconf 72' lang='grc' dir='ltr'><em>τ</em></span> <span class='ocrx_word' id='word_1_253' title='bbox 2972 1905 3186 1953; x_wconf 84' lang='lat' dir='ltr'><strong>torrens</strong></span> <span class='ocrx_word' id='word_1_254' title='bbox 3215 1897 3458 1967; x_wconf 83' lang='lat' dir='ltr'><strong>volupta-</strong></span> 
     </span>
    </p>
   </div>
   <div class='ocr_carea' id='block_1_36' title="bbox 170 1989 1766 2064">
    <p class='ocr_par' dir='ltr' id='par_1_36' title="bbox 170 1989 1766 2064">
     <span class='ocr_line' id='line_1_36' title="bbox 170 1989 1766 2064; baseline -0.001 -20"><span class='ocrx_word' id='word_1_255' title='bbox 170 1990 318 2063; x_wconf 79' lang='grc' dir='ltr'><strong>μέθη</strong></span> <span class='ocrx_word' id='word_1_256' title='bbox 362 1991 420 2044; x_wconf 81' lang='grc' dir='ltr'>δὲ</span> <span class='ocrx_word' id='word_1_257' title='bbox 467 1990 700 2064; x_wconf 81' lang='grc' dir='ltr'>σώφρων</span> <span class='ocrx_word' id='word_1_258' title='bbox 736 1991 832 2045; x_wconf 72' lang='grc' dir='ltr'><strong>καὶ</strong></span> <span class='ocrx_word' id='word_1_259' title='bbox 865 1989 1124 2061; x_wconf 73' lang='grc' dir='ltr'><strong>νηφάλιος</strong></span> <span class='ocrx_word' id='word_1_260' title='bbox 1164 1992 1198 2062; x_wconf 84' lang='grc' dir='ltr'>ἡ</span> <span class='ocrx_word' id='word_1_261' title='bbox 1245 1990 1354 2047; x_wconf 84' lang='grc' dir='ltr'>ἀπὸ</span> <span class='ocrx_word' id='word_1_262' title='bbox 1380 1989 1488 2043; x_wconf 82' lang='grc' dir='ltr'>τῶν</span> <span class='ocrx_word' id='word_1_263' title='bbox 1520 1991 1766 2059; x_wconf 79' lang='grc' dir='ltr'>ἀναγνω-</span> 
     </span>
    </p>
   </div>
   <div class='ocr_carea' id='block_1_37' title="bbox 170 2078 1768 2154">
    <p class='ocr_par' dir='ltr' id='par_1_37' title="bbox 170 2078 1768 2154">
     <span class='ocr_line' id='line_1_37' title="bbox 170 2078 1768 2154; baseline -0.001 -18"><span class='ocrx_word' id='word_1_264' title='bbox 170 2084 402 2154; x_wconf 79' lang='grc' dir='ltr'>σμάτων</span> <span class='ocrx_word' id='word_1_265' title='bbox 429 2082 670 2151; x_wconf 77' lang='grc' dir='ltr'>ὠφέλεια</span> <span class='ocrx_word' id='word_1_266' title='bbox 694 2100 706 2112; x_wconf 91' lang='grc'><strong>·</strong></span> <span class='ocrx_word' id='word_1_267' title='bbox 745 2081 1046 2154; x_wconf 73' lang='grc' dir='ltr'>χείμαρρος</span> <span class='ocrx_word' id='word_1_268' title='bbox 1071 2082 1127 2135; x_wconf 82' lang='grc' dir='ltr'>δὲ</span> <span class='ocrx_word' id='word_1_269' title='bbox 1160 2082 1398 2154; x_wconf 81' lang='grc' dir='ltr'>τρυφῆς,</span> <span class='ocrx_word' id='word_1_270' title='bbox 1426 2081 1485 2147; x_wconf 82' lang='grc' dir='ltr'><strong>ἐξ</strong></span> <span class='ocrx_word' id='word_1_271' title='bbox 1514 2078 1575 2135; x_wconf 79' lang='grc' dir='ltr'>οὖ</span> <span class='ocrx_word' id='word_1_272' title='bbox 1615 2082 1768 2136; x_wconf 84' lang='grc' dir='ltr'>ποτί-</span> 
     </span>
    </p>
   </div>
   <div class='ocr_carea' id='block_1_38' title="bbox 170 2172 1762 2248">
    <p class='ocr_par' dir='ltr' id='par_1_38' title="bbox 170 2172 1762 2248">
     <span class='ocr_line' id='line_1_38' title="bbox 170 2172 1762 2248; baseline 0 -19"><span class='ocrx_word' id='word_1_273' title='bbox 170 2175 363 2241; x_wconf 79' lang='grc' dir='ltr'>ζονται</span> <span class='ocrx_word' id='word_1_274' title='bbox 397 2177 447 2228; x_wconf 87' lang='grc' dir='ltr'><strong>οἱ</strong></span> <span class='ocrx_word' id='word_1_275' title='bbox 473 2172 567 2229; x_wconf 66' lang='grc' dir='ltr'><strong>ἐπὶ</strong></span> <span class='ocrx_word' id='word_1_276' title='bbox 600 2176 776 2246; x_wconf 75' lang='grc' dir='ltr'>σκέπῃ</span> <span class='ocrx_word' id='word_1_277' title='bbox 822 2173 929 2228; x_wconf 80' lang='grc' dir='ltr'>τῶν</span> <span class='ocrx_word' id='word_1_278' title='bbox 962 2175 1249 2248; x_wconf 84' lang='grc' dir='ltr'>πτερύγων</span> <span class='ocrx_word' id='word_1_279' title='bbox 1271 2175 1434 2229; x_wconf 79' lang='grc' dir='ltr'>αὐτοῦ</span> <span class='ocrx_word' id='word_1_280' title='bbox 1452 2176 1762 2246; x_wconf 73' lang='grc' dir='ltr'>ἠλπικότες,</span> 
     </span>
    </p>
   </div>
   <div class='ocr_carea' id='block_1_39' title="bbox 168 2262 1760 2339">
    <p class='ocr_par' dir='ltr' id='par_1_39' title="bbox 168 2262 1760 2339">
     <span class='ocr_line' id='line_1_39' title="bbox 168 2262 1760 2339; baseline 0.001 -18"><span class='ocrx_word' id='word_1_281' title='bbox 168 2269 201 2321; x_wconf 87' lang='grc' dir='ltr'><strong>ὁ</strong></span> <span class='ocrx_word' id='word_1_282' title='bbox 232 2269 293 2321; x_wconf 79' lang='grc' dir='ltr'><strong>ὲν</strong></span> <span class='ocrx_word' id='word_1_283' title='bbox 332 2266 627 2339; x_wconf 73' lang='grc' dir='ltr'>Ἐκκλησία</span> <span class='ocrx_word' id='word_1_284' title='bbox 655 2267 747 2321; x_wconf 79' lang='grc' dir='ltr'><strong>τοῦ</strong></span> <span class='ocrx_word' id='word_1_285' title='bbox 774 2267 908 2321; x_wconf 80' lang='grc' dir='ltr'>Θεοῦ</span> <span class='ocrx_word' id='word_1_286' title='bbox 942 2266 1204 2339; x_wconf 81' lang='grc' dir='ltr'>ποταμὸς,</span> <span class='ocrx_word' id='word_1_287' title='bbox 1234 2266 1363 2339; x_wconf 73' lang='grc' dir='ltr'>περὶ</span> <span class='ocrx_word' id='word_1_288' title='bbox 1387 2262 1448 2321; x_wconf 77' lang='grc' dir='ltr'><strong>οὗ</strong></span> <span class='ocrx_word' id='word_1_289' title='bbox 1478 2264 1760 2322; x_wconf 82' lang='grc' dir='ltr'>λέλεκται’</span> 
     </span>
    </p>
   </div>
   <div class='ocr_carea' id='block_1_40' title="bbox 175 2357 1763 2429">
    <p class='ocr_par' dir='ltr' id='par_1_40' title="bbox 175 2357 1763 2429">
     <span class='ocr_line' id='line_1_40' title="bbox 175 2357 1763 2429; baseline 0 -16"><span class='ocrx_word' id='word_1_290' title='bbox 175 2358 293 2414; x_wconf 85' lang='grc' dir='ltr'><strong>Τοῦ</strong></span> <span class='ocrx_word' id='word_1_291' title='bbox 329 2357 599 2429; x_wconf 80' lang='grc' dir='ltr'>ποταμοῦ</span> <span class='ocrx_word' id='word_1_292' title='bbox 638 2358 711 2412; x_wconf 84' lang='grc' dir='ltr'>τὰ</span> <span class='ocrx_word' id='word_1_293' title='bbox 742 2359 1052 2429; x_wconf 53' lang='grc' dir='ltr'>ὁμιλήματα</span> <span class='ocrx_word' id='word_1_294' title='bbox 1081 2360 1475 2428; x_wconf 72' lang='grc' dir='ltr'>εὐφραίνουσι</span> <span class='ocrx_word' id='word_1_295' title='bbox 1503 2359 1617 2427; x_wconf 79' lang='grc' dir='ltr'>τὴν</span> <span class='ocrx_word' id='word_1_296' title='bbox 1650 2360 1763 2413; x_wconf 81' lang='grc' dir='ltr'>πό-</span> 
     </span>
    </p>
   </div>
   <div class='ocr_carea' id='block_1_41' title="bbox 163 2448 1763 2522">
    <p class='ocr_par' dir='ltr' id='par_1_41' title="bbox 163 2448 1763 2522">
     <span class='ocr_line' id='line_1_41' title="bbox 163 2448 1763 2522; baseline 0 -19"><span class='ocrx_word' id='word_1_297' title='bbox 163 2452 276 2503; x_wconf 73' lang='grc' dir='ltr'>λιν</span> <span class='ocrx_word' id='word_1_298' title='bbox 306 2449 414 2504; x_wconf 85' lang='grc' dir='ltr'><strong>τοῦ</strong></span> <span class='ocrx_word' id='word_1_299' title='bbox 439 2448 588 2504; x_wconf 83' lang='grc' dir='ltr'><strong>Θεοῦ</strong></span> <span class='ocrx_word' id='word_1_300' title='bbox 607 2468 619 2481; x_wconf 75' lang='grc' dir='ltr'>ο</span> <span class='ocrx_word' id='word_1_301' title='bbox 655 2451 768 2514; x_wconf 80' lang='grc' dir='ltr'>καὶ,</span> <span class='ocrx_word' id='word_1_302' title='bbox 811 2450 863 2503; x_wconf 90' lang='grc' dir='ltr'><strong><em>Ὁ</em></strong></span> <span class='ocrx_word' id='word_1_303' title='bbox 900 2452 1166 2522; x_wconf 81' lang='grc' dir='ltr'>ποταμὸς</span> <span class='ocrx_word' id='word_1_304' title='bbox 1188 2451 1295 2505; x_wconf 86' lang='grc' dir='ltr'><strong>τοῦ</strong></span> <span class='ocrx_word' id='word_1_305' title='bbox 1323 2450 1470 2504; x_wconf 82' lang='grc' dir='ltr'>Θεοῦ</span> <span class='ocrx_word' id='word_1_306' title='bbox 1496 2449 1763 2519; x_wconf 76' lang='grc' dir='ltr'>ἐπληρώ-</span> 
     </span>
    </p>
   </div>
   <div class='ocr_carea' id='block_1_42' title="bbox 167 2539 1762 2615">
    <p class='ocr_par' dir='ltr' id='par_1_42' title="bbox 167 2539 1762 2615">
     <span class='ocr_line' id='line_1_42' title="bbox 167 2539 1762 2615; baseline 0.001 -21"><span class='ocrx_word' id='word_1_307' title='bbox 167 2544 246 2608; x_wconf 79' lang='grc' dir='ltr'><strong>θη</strong></span> <span class='ocrx_word' id='word_1_308' title='bbox 279 2539 535 2595; x_wconf 81' lang='grc' dir='ltr'>ὑδάτων.</span> <span class='ocrx_word' id='word_1_309' title='bbox 566 2542 883 2614; x_wconf 73' lang='grc' dir='ltr'>Χείμαρρος</span> <span class='ocrx_word' id='word_1_310' title='bbox 920 2542 977 2596; x_wconf 83' lang='grc' dir='ltr'>δὲ</span> <span class='ocrx_word' id='word_1_311' title='bbox 1019 2543 1234 2615; x_wconf 85' lang='grc' dir='ltr'>τρυφῆς</span> <span class='ocrx_word' id='word_1_312' title='bbox 1268 2545 1297 2596; x_wconf 94' lang='lat'><strong>6</strong></span> <span class='ocrx_word' id='word_1_313' title='bbox 1327 2542 1561 2614; x_wconf 78' lang='grc' dir='ltr'>Χριστὸς</span> <span class='ocrx_word' id='word_1_314' title='bbox 1585 2540 1673 2595; x_wconf 70' lang='grc' dir='ltr'>διὰ</span> <span class='ocrx_word' id='word_1_315' title='bbox 1702 2541 1762 2595; x_wconf 87' lang='grc' dir='ltr'><strong>τὸ</strong></span> 
     </span>
    </p>
   </div>
   <div class='ocr_carea' id='block_1_43' title="bbox 163 2616 1762 2707">
    <p class='ocr_par' dir='ltr' id='par_1_43' title="bbox 163 2616 1762 2707">
     <span class='ocr_line' id='line_1_43' title="bbox 163 2616 1762 2707; baseline 0 -20"><span class='ocrx_word' id='word_1_316' title='bbox 163 2634 510 2707; x_wconf 80' lang='grc' dir='ltr'>πρόσκαιρον</span> <span class='ocrx_word' id='word_1_317' title='bbox 539 2634 637 2706; x_wconf 70' lang='grc' dir='ltr'><strong>τῆς</strong></span> <span class='ocrx_word' id='word_1_318' title='bbox 664 2636 721 2689; x_wconf 81' lang='grc' dir='ltr'><strong>ὲν</strong></span> <span class='ocrx_word' id='word_1_319' title='bbox 747 2634 1053 2707; x_wconf 83' lang='grc' dir='ltr'>ἀνθρώποις</span> <span class='ocrx_word' id='word_1_320' title='bbox 1083 2636 1405 2704; x_wconf 78' lang='grc' dir='ltr'>ἐπιφανείας</span> <span class='ocrx_word' id='word_1_321' title='bbox 1428 2616 1612 2687; x_wconf 75' lang='grc' dir='ltr'>αὐτοῦ.</span> <span class='ocrx_word' id='word_1_322' title='bbox 1633 2635 1762 2687; x_wconf 86' lang='grc' dir='ltr'>Ὅτι</span> 
     </span>
    </p>
   </div>
   <div class='ocr_carea' id='block_1_44' title="bbox 162 2722 1760 2795">
    <p class='ocr_par' dir='ltr' id='par_1_44' title="bbox 162 2722 1760 2795">
     <span class='ocr_line' id='line_1_44' title="bbox 162 2722 1760 2795; baseline -0.001 -19"><span class='ocrx_word' id='word_1_323' title='bbox 162 2723 335 2792; x_wconf 79' lang='grc' dir='ltr'>παρὰ</span> <span class='ocrx_word' id='word_1_324' title='bbox 380 2724 480 2778; x_wconf 77' lang='grc' dir='ltr'><strong>σοὶ</strong></span> <span class='ocrx_word' id='word_1_325' title='bbox 529 2722 691 2795; x_wconf 64' lang='grc' dir='ltr'>πηγὴ</span> <span class='ocrx_word' id='word_1_326' title='bbox 738 2722 909 2792; x_wconf 79' lang='grc' dir='ltr'>ζωῆς.</span> <span class='ocrx_word' id='word_1_327' title='bbox 942 2724 1096 2795; x_wconf 83' lang='grc' dir='ltr'><strong>Ζωὴν</strong></span> <span class='ocrx_word' id='word_1_328' title='bbox 1122 2725 1180 2779; x_wconf 84' lang='grc' dir='ltr'><strong>δὲ</strong></span> <span class='ocrx_word' id='word_1_329' title='bbox 1209 2724 1335 2778; x_wconf 74' lang='grc' dir='ltr'>ὄντα</span> <span class='ocrx_word' id='word_1_330' title='bbox 1368 2723 1615 2795; x_wconf 75' lang='grc' dir='ltr'>ἔγνωμεν</span> <span class='ocrx_word' id='word_1_331' title='bbox 1668 2725 1760 2777; x_wconf 81' lang='grc' dir='ltr'>τὸν</span> 
     </span>
    </p>
   </div>
   <div class='ocr_carea' id='block_1_45' title="bbox 162 2808 1763 2888">
    <p class='ocr_par' dir='ltr' id='par_1_45' title="bbox 162 2808 1763 2888">
     <span class='ocr_line' id='line_1_45' title="bbox 162 2808 1763 2888; baseline 0.001 -20"><span class='ocrx_word' id='word_1_332' title='bbox 162 2815 408 2887; x_wconf 77' lang='grc' dir='ltr'>Χριστὸν</span> <span class='ocrx_word' id='word_1_333' title='bbox 468 2817 533 2870; x_wconf 75' lang='grc' dir='ltr'>ἐκ</span> <span class='ocrx_word' id='word_1_334' title='bbox 591 2816 691 2888; x_wconf 85' lang='grc' dir='ltr'><strong>τῆς</strong></span> <span class='ocrx_word' id='word_1_335' title='bbox 746 2816 1105 2888; x_wconf 78' lang='grc' dir='ltr'>εὐαγγελικῆς</span> <span class='ocrx_word' id='word_1_336' title='bbox 1149 2816 1519 2882; x_wconf 77' lang='grc' dir='ltr'>διδασκαλίας,</span> <span class='ocrx_word' id='word_1_337' title='bbox 1577 2816 1644 2869; x_wconf 85' lang='grc' dir='ltr'>δι’</span> <span class='ocrx_word' id='word_1_338' title='bbox 1693 2808 1763 2887; x_wconf 84' lang='grc' dir='ltr'>ἦς</span> 
     </span>
    </p>
   </div>
   <div class='ocr_carea' id='block_1_46' title="bbox 162 2906 1762 2980">
    <p class='ocr_par' dir='ltr' id='par_1_46' title="bbox 162 2906 1762 2980">
     <span class='ocr_line' id='line_1_46' title="bbox 162 2906 1762 2980; baseline 0 -20"><span class='ocrx_word' id='word_1_339' title='bbox 162 2906 338 2971; x_wconf 78' lang='grc' dir='ltr'>αὐτὸς</span> <span class='ocrx_word' id='word_1_340' title='bbox 378 2907 407 2960; x_wconf 87' lang='lat'><strong>6</strong></span> <span class='ocrx_word' id='word_1_341' title='bbox 460 2907 654 2980; x_wconf 85' lang='grc' dir='ltr'>Σωτὴρ</span> <span class='ocrx_word' id='word_1_342' title='bbox 696 2907 938 2962; x_wconf 81' lang='grc' dir='ltr'>διδάσκει</span> <span class='ocrx_word' id='word_1_343' title='bbox 969 2908 1144 2976; x_wconf 81' lang='grc' dir='ltr'>λέγων</span> <span class='ocrx_word' id='word_1_344' title='bbox 1168 2925 1181 2938; x_wconf 89' lang='grc'><strong>·</strong></span> <span class='ocrx_word' id='word_1_345' title='bbox 1224 2906 1365 2977; x_wconf 78' lang='grc' dir='ltr'><strong>Ἐγώ</strong></span> <span class='ocrx_word' id='word_1_346' title='bbox 1390 2909 1505 2977; x_wconf 79' lang='grc' dir='ltr'>ειμι</span> <span class='ocrx_word' id='word_1_347' title='bbox 1535 2908 1602 2960; x_wconf 87' lang='grc' dir='ltr'>τὸ</span> <span class='ocrx_word' id='word_1_348' title='bbox 1636 2907 1762 2976; x_wconf 71' lang='grc' dir='ltr'><strong>φῶς</strong></span> 
     </span>
    </p>
   </div>
   <div class='ocr_carea' id='block_1_47' title="bbox 164 2997 1763 3070">
    <p class='ocr_par' dir='ltr' id='par_1_47' title="bbox 164 2997 1763 3070">
     <span class='ocr_line' id='line_1_47' title="bbox 164 2997 1763 3070; baseline -0.001 -19"><span class='ocrx_word' id='word_1_349' title='bbox 164 2998 274 3052; x_wconf 76' lang='grc' dir='ltr'>καὶ</span> <span class='ocrx_word' id='word_1_350' title='bbox 313 2999 352 3067; x_wconf 71' lang='grc' dir='ltr'>ἡ</span> <span class='ocrx_word' id='word_1_351' title='bbox 385 2998 637 3067; x_wconf 78' lang='grc' dir='ltr'>ἀλήθεια</span> <span class='ocrx_word' id='word_1_352' title='bbox 665 2999 764 3054; x_wconf 81' lang='grc' dir='ltr'>καὶ</span> <span class='ocrx_word' id='word_1_353' title='bbox 786 3001 825 3069; x_wconf 80' lang='grc' dir='ltr'><strong><em>ἠ</em></strong></span> <span class='ocrx_word' id='word_1_354' title='bbox 863 2997 995 3070; x_wconf 77' lang='grc' dir='ltr'><strong>ζωή.</strong></span> <span class='ocrx_word' id='word_1_355' title='bbox 1038 2999 1198 3053; x_wconf 83' lang='grc' dir='ltr'>Ἀλλὰ</span> <span class='ocrx_word' id='word_1_356' title='bbox 1221 3000 1335 3063; x_wconf 76' lang='grc' dir='ltr'>καὶ,</span> <span class='ocrx_word' id='word_1_357' title='bbox 1355 2999 1386 3052; x_wconf 80' lang='grc' dir='ltr'>ὃ</span> <span class='ocrx_word' id='word_1_358' title='bbox 1420 2998 1667 3069; x_wconf 72' lang='grc' dir='ltr'>γέγονεν</span> <span class='ocrx_word' id='word_1_359' title='bbox 1693 2999 1763 3050; x_wconf 81' lang='grc' dir='ltr'>ἐν</span> 
     </span>
    </p>
   </div>
   <div class='ocr_carea' id='block_1_48' title="bbox 165 3087 1763 3162">
    <p class='ocr_par' dir='ltr' id='par_1_48' title="bbox 165 3087 1763 3162">
     <span class='ocr_line' id='line_1_48' title="bbox 165 3087 1763 3162; baseline -0.002 -17"><span class='ocrx_word' id='word_1_360' title='bbox 165 3090 335 3156; x_wconf 80' lang='grc' dir='ltr'>αὐτῷ</span> <span class='ocrx_word' id='word_1_361' title='bbox 368 3090 480 3158; x_wconf 63' lang='lat' dir='ltr'><strong>(uti)</strong></span> <span class='ocrx_word' id='word_1_362' title='bbox 516 3091 616 3161; x_wconf 76' lang='grc' dir='ltr'>ἦν,</span> <span class='ocrx_word' id='word_1_363' title='bbox 653 3092 753 3146; x_wconf 81' lang='grc' dir='ltr'>και</span> <span class='ocrx_word' id='word_1_364' title='bbox 804 3093 842 3162; x_wconf 78' lang='grc' dir='ltr'>ἡ</span> <span class='ocrx_word' id='word_1_365' title='bbox 881 3091 993 3160; x_wconf 82' lang='grc' dir='ltr'><strong>ζωὴ</strong></span> <span class='ocrx_word' id='word_1_366' title='bbox 1020 3088 1099 3161; x_wconf 83' lang='grc' dir='ltr'>ἦν</span> <span class='ocrx_word' id='word_1_367' title='bbox 1133 3090 1199 3145; x_wconf 80' lang='grc' dir='ltr'>τὸ</span> <span class='ocrx_word' id='word_1_368' title='bbox 1226 3090 1353 3161; x_wconf 72' lang='grc' dir='ltr'><strong>φῶς</strong></span> <span class='ocrx_word' id='word_1_369' title='bbox 1386 3088 1506 3143; x_wconf 86' lang='grc' dir='ltr'>τῶν</span> <span class='ocrx_word' id='word_1_370' title='bbox 1541 3087 1763 3156; x_wconf 75' lang='grc' dir='ltr'>ἀνθρώ-</span> 
     </span>
    </p>
   </div>
   <div class='ocr_carea' id='block_1_49' title="bbox 1869 1985 3457 2061">
    <p class='ocr_par' dir='ltr' id='par_1_49' title="bbox 1869 1985 3457 2061">
     <span class='ocr_line' id='line_1_49' title="bbox 1869 1985 3457 2061; baseline 0.003 -20"><span class='ocrx_word' id='word_1_371' title='bbox 1869 1985 1962 2051; x_wconf 87' lang='lat' dir='ltr'><strong>tis,</strong></span> <span class='ocrx_word' id='word_1_372' title='bbox 1998 2002 2108 2056; x_wconf 89' lang='lat' dir='ltr'><strong>quo</strong></span> <span class='ocrx_word' id='word_1_373' title='bbox 2144 1995 2403 2058; x_wconf 73' lang='lat' dir='ltr'><strong>putantur</strong></span> <span class='ocrx_word' id='word_1_374' title='bbox 2439 1989 2476 2043; x_wconf 91' lang='lat' dir='ltr'><strong>ii</strong></span> <span class='ocrx_word' id='word_1_375' title='bbox 2521 1990 2613 2060; x_wconf 90' lang='lat' dir='ltr'><strong>qui</strong></span> <span class='ocrx_word' id='word_1_376' title='bbox 2649 1990 2752 2045; x_wconf 88' lang='lat' dir='ltr'><strong>sub</strong></span> <span class='ocrx_word' id='word_1_377' title='bbox 2795 1990 3030 2061; x_wconf 81' lang='lat' dir='ltr'><strong>tegmine</strong></span> <span class='ocrx_word' id='word_1_378' title='bbox 3078 1990 3286 2045; x_wconf 86' lang='lat' dir='ltr'><strong>alarum</strong></span> <span class='ocrx_word' id='word_1_379' title='bbox 3334 1990 3457 2061; x_wconf 84' lang='lat' dir='ltr'><strong>ejus</strong></span> 
     </span>
    </p>
   </div>
   <div class='ocr_carea' id='block_1_50' title="bbox 1868 2079 3459 2154">
    <p class='ocr_par' dir='ltr' id='par_1_50' title="bbox 1868 2079 3459 2154">
     <span class='ocr_line' id='line_1_50' title="bbox 1868 2079 3459 2154; baseline 0.004 -22"><span class='ocrx_word' id='word_1_380' title='bbox 1868 2087 2114 2154; x_wconf 81' lang='lat' dir='ltr'><strong>sperant,</strong></span> <span class='ocrx_word' id='word_1_381' title='bbox 2161 2079 2362 2138; x_wconf 83' lang='lat' dir='ltr'><strong>ﬂuvius</strong></span> <span class='ocrx_word' id='word_1_382' title='bbox 2413 2082 2466 2137; x_wconf 90' lang='lat' dir='ltr'><strong>in</strong></span> <span class='ocrx_word' id='word_1_383' title='bbox 2519 2082 2766 2139; x_wconf 85' lang='lat' dir='ltr'><strong>Ecclesia</strong></span> <span class='ocrx_word' id='word_1_384' title='bbox 2808 2082 2906 2138; x_wconf 86' lang='lat' dir='ltr'><strong>Dei</strong></span> <span class='ocrx_word' id='word_1_385' title='bbox 2942 2097 3199 2149; x_wconf 89' lang='lat' dir='ltr'><strong>manans,</strong></span> <span class='ocrx_word' id='word_1_386' title='bbox 3236 2082 3305 2139; x_wconf 90' lang='lat' dir='ltr'><strong>de</strong></span> <span class='ocrx_word' id='word_1_387' title='bbox 3348 2097 3459 2154; x_wconf 90' lang='lat' dir='ltr'><strong>quo</strong></span> 
     </span>
    </p>
   </div>
   <div class='ocr_carea' id='block_1_51' title="bbox 1867 2152 3458 2244">
    <p class='ocr_par' dir='ltr' id='par_1_51' title="bbox 1867 2152 3458 2244">
     <span class='ocr_line' id='line_1_51' title="bbox 1867 2152 3458 2244; baseline 0.003 -23"><span class='ocrx_word' id='word_1_388' title='bbox 1867 2152 2075 2224; x_wconf 79' lang='lat' dir='ltr'><strong>dictum</strong></span> <span class='ocrx_word' id='word_1_389' title='bbox 2131 2171 2558 2227; x_wconf 82' lang='lat' dir='ltr'><strong>estzFluminis</strong></span> <span class='ocrx_word' id='word_1_390' title='bbox 2614 2173 2840 2241; x_wconf 80' lang='lat' dir='ltr'><strong>impetus</strong></span> <span class='ocrx_word' id='word_1_391' title='bbox 2894 2172 3141 2244; x_wconf 71' lang='lat' dir='ltr'><strong>laztifieat</strong></span> <span class='ocrx_word' id='word_1_392' title='bbox 3193 2152 3458 2228; x_wconf 75' lang='lat' dir='ltr'><strong>civitatem</strong></span> 
     </span>
    </p>
   </div>
   <div class='ocr_carea' id='block_1_52' title="bbox 1866 2261 3459 2336">
    <p class='ocr_par' dir='ltr' id='par_1_52' title="bbox 1866 2261 3459 2336">
     <span class='ocr_line' id='line_1_52' title="bbox 1866 2261 3459 2336; baseline 0.004 -21"><span class='ocrx_word' id='word_1_393' title='bbox 1866 2261 2061 2326; x_wconf 82' lang='lat' dir='ltr'><strong>Dei&quot;;</strong></span> <span class='ocrx_word' id='word_1_394' title='bbox 2089 2272 2175 2318; x_wconf 86' lang='lat' dir='ltr'><strong>et:</strong></span> <span class='ocrx_word' id='word_1_395' title='bbox 2200 2263 2426 2319; x_wconf 82' lang='lat' dir='ltr'><strong>Flumen</strong></span> <span class='ocrx_word' id='word_1_396' title='bbox 2446 2266 2545 2320; x_wconf 88' lang='lat' dir='ltr'><strong>Dei</strong></span> <span class='ocrx_word' id='word_1_397' title='bbox 2560 2266 2812 2335; x_wconf 87' lang='lat' dir='ltr'><strong>repletum</strong></span> <span class='ocrx_word' id='word_1_398' title='bbox 2840 2274 2921 2321; x_wconf 82' lang='lat' dir='ltr'><strong>est</strong></span> <span class='ocrx_word' id='word_1_399' title='bbox 2949 2268 3104 2336; x_wconf 91' lang='lat' dir='ltr'><strong>aquis</strong></span> <span class='ocrx_word' id='word_1_400' title='bbox 3129 2266 3196 2321; x_wconf 77' lang='grc' dir='ltr'><strong>⁸ο.</strong></span> <span class='ocrx_word' id='word_1_401' title='bbox 3217 2267 3459 2323; x_wconf 82' lang='lat' dir='ltr'><strong>Torrens</strong></span> 
     </span>
    </p>
   </div>
   <div class='ocr_carea' id='block_1_53' title="bbox 1863 2352 3457 2429">
    <p class='ocr_par' dir='ltr' id='par_1_53' title="bbox 1863 2352 3457 2429">
     <span class='ocr_line' id='line_1_53' title="bbox 1863 2352 3457 2429; baseline 0.004 -22"><span class='ocrx_word' id='word_1_402' title='bbox 1863 2352 2174 2423; x_wconf 76' lang='lat' dir='ltr'><strong>voluptatis</strong></span> <span class='ocrx_word' id='word_1_403' title='bbox 2215 2355 2472 2412; x_wconf 81' lang='lat' dir='ltr'><strong>Christus</strong></span> <span class='ocrx_word' id='word_1_404' title='bbox 2517 2366 2624 2423; x_wconf 88' lang='lat' dir='ltr'><strong>est,</strong></span> <span class='ocrx_word' id='word_1_405' title='bbox 2669 2358 2740 2412; x_wconf 91' lang='lat' dir='ltr'><strong>ob</strong></span> <span class='ocrx_word' id='word_1_406' title='bbox 2776 2366 3187 2429; x_wconf 85' lang='lat' dir='ltr'><strong>temporaneam</strong></span> <span class='ocrx_word' id='word_1_407' title='bbox 3227 2358 3350 2429; x_wconf 86' lang='lat' dir='ltr'><strong>ejus</strong></span> <span class='ocrx_word' id='word_1_408' title='bbox 3400 2359 3457 2413; x_wconf 90' lang='lat' dir='ltr'><strong>in</strong></span> 
     </span>
    </p>
   </div>
   <div class='ocr_carea' id='block_1_54' title="bbox 1864 2443 3456 2518">
    <p class='ocr_par' dir='ltr' id='par_1_54' title="bbox 1864 2443 3456 2518">
     <span class='ocr_line' id='line_1_54' title="bbox 1864 2443 3456 2518; baseline 0.005 -22"><span class='ocrx_word' id='word_1_409' title='bbox 1864 2443 2182 2500; x_wconf 88' lang='lat' dir='ltr'><strong>hominibus</strong></span> <span class='ocrx_word' id='word_1_410' title='bbox 2224 2447 2595 2516; x_wconf 67' lang='lat' dir='ltr'><strong>praesentiam.</strong></span> <span class='ocrx_word' id='word_1_411' title='bbox 2632 2448 2903 2515; x_wconf 78' lang='lat' dir='ltr'><strong>Quoniam</strong></span> <span class='ocrx_word' id='word_1_412' title='bbox 2942 2448 3085 2518; x_wconf 86' lang='lat' dir='ltr'><strong>apud</strong></span> <span class='ocrx_word' id='word_1_413' title='bbox 3134 2458 3182 2502; x_wconf 86' lang='lat' dir='ltr'><strong>te</strong></span> <span class='ocrx_word' id='word_1_414' title='bbox 3226 2458 3305 2504; x_wconf 88' lang='lat' dir='ltr'><strong>est</strong></span> <span class='ocrx_word' id='word_1_415' title='bbox 3336 2450 3456 2516; x_wconf 71' lang='lat' dir='ltr'><strong>{ens</strong></span> 
     </span>
    </p>
   </div>
   <div class='ocr_carea' id='block_1_55' title="bbox 1861 2533 3456 2607">
    <p class='ocr_par' dir='ltr' id='par_1_55' title="bbox 1861 2533 3456 2607">
     <span class='ocr_line' id='line_1_55' title="bbox 1861 2533 3456 2607; baseline 0.005 -21"><span class='ocrx_word' id='word_1_416' title='bbox 1861 2533 2002 2587; x_wconf 63' lang='lat' dir='ltr'><strong>vitae.</strong></span> <span class='ocrx_word' id='word_1_417' title='bbox 2055 2533 2132 2587; x_wconf 80' lang='lat' dir='ltr'><strong>Ex</strong></span> <span class='ocrx_word' id='word_1_418' title='bbox 2167 2537 2482 2607; x_wconf 83' lang='lat' dir='ltr'><strong>evangelica</strong></span> <span class='ocrx_word' id='word_1_419' title='bbox 2509 2538 2762 2593; x_wconf 84' lang='lat' dir='ltr'><strong>doctrina</strong></span> <span class='ocrx_word' id='word_1_420' title='bbox 2809 2539 3091 2595; x_wconf 83' lang='lat' dir='ltr'><strong>Christum</strong></span> <span class='ocrx_word' id='word_1_421' title='bbox 3123 2553 3245 2594; x_wconf 86' lang='lat' dir='ltr'><strong>esse</strong></span> <span class='ocrx_word' id='word_1_422' title='bbox 3285 2540 3456 2594; x_wconf 86' lang='lat' dir='ltr'><strong>vitam</strong></span> 
     </span>
    </p>
   </div>
   <div class='ocr_carea' id='block_1_56' title="bbox 1860 2625 3458 2702">
    <p class='ocr_par' dir='ltr' id='par_1_56' title="bbox 1860 2625 3458 2702">
     <span class='ocr_line' id='line_1_56' title="bbox 1860 2625 3458 2702; baseline 0.003 -23"><span class='ocrx_word' id='word_1_423' title='bbox 1860 2625 2182 2690; x_wconf 79' lang='lat' dir='ltr'><strong>ediscimus,</strong></span> <span class='ocrx_word' id='word_1_424' title='bbox 2230 2634 2291 2680; x_wconf 91' lang='lat' dir='ltr'><strong>ut</strong></span> <span class='ocrx_word' id='word_1_425' title='bbox 2347 2625 2602 2683; x_wconf 79' lang='lat' dir='ltr'><strong>Salvator</strong></span> <span class='ocrx_word' id='word_1_426' title='bbox 2635 2631 2751 2701; x_wconf 84' lang='lat' dir='ltr'><strong>ipse</strong></span> <span class='ocrx_word' id='word_1_427' title='bbox 2790 2632 2951 2687; x_wconf 89' lang='lat' dir='ltr'><strong>docet</strong></span> <span class='ocrx_word' id='word_1_428' title='bbox 2992 2631 3079 2687; x_wconf 87' lang='lat' dir='ltr'><strong>his</strong></span> <span class='ocrx_word' id='word_1_429' title='bbox 3107 2630 3309 2695; x_wconf 85' lang='lat' dir='ltr'><strong>verbis,</strong></span> <span class='ocrx_word' id='word_1_430' title='bbox 3344 2630 3458 2702; x_wconf 82' lang='lat' dir='ltr'><strong>Ego</strong></span> 
     </span>
    </p>
   </div>
   <div class='ocr_carea' id='block_1_57' title="bbox 1862 2715 3460 2793">
    <p class='ocr_par' dir='ltr' id='par_1_57' title="bbox 1862 2715 3460 2793">
     <span class='ocr_line' id='line_1_57' title="bbox 1862 2715 3460 2793; baseline 0.002 -21"><span class='ocrx_word' id='word_1_431' title='bbox 1862 2734 1980 2772; x_wconf 86' lang='lat' dir='ltr'><strong>sum</strong></span> <span class='ocrx_word' id='word_1_432' title='bbox 2023 2718 2138 2783; x_wconf 74' lang='lat' dir='ltr'><strong>lux,</strong></span> <span class='ocrx_word' id='word_1_433' title='bbox 2174 2715 2368 2775; x_wconf 77' lang='lat' dir='ltr'><strong>veritas</strong></span> <span class='ocrx_word' id='word_1_434' title='bbox 2401 2730 2452 2773; x_wconf 87' lang='lat' dir='ltr'><strong>et</strong></span> <span class='ocrx_word' id='word_1_435' title='bbox 2482 2722 2672 2777; x_wconf 75' lang='lat' dir='ltr'><strong>vita“.</strong></span> <span class='ocrx_word' id='word_1_436' title='bbox 2703 2721 2809 2777; x_wconf 88' lang='lat' dir='ltr'><strong>Sed</strong></span> <span class='ocrx_word' id='word_1_437' title='bbox 2845 2723 3033 2785; x_wconf 87' lang='lat' dir='ltr'><strong>etiam,</strong></span> <span class='ocrx_word' id='word_1_438' title='bbox 3065 2721 3204 2793; x_wconf 86' lang='lat' dir='ltr'><strong>quod</strong></span> <span class='ocrx_word' id='word_1_439' title='bbox 3252 2722 3460 2791; x_wconf 61' lang='lat' dir='ltr'><strong>factum</strong></span> 
     </span>
    </p>
   </div>
   <div class='ocr_carea' id='block_1_58' title="bbox 1862 2811 3491 2880">
    <p class='ocr_par' dir='ltr' id='par_1_58' title="bbox 1862 2811 3491 2880">
     <span class='ocr_line' id='line_1_58' title="bbox 1862 2811 3491 2880; baseline 0.002 -16"><span class='ocrx_word' id='word_1_440' title='bbox 1862 2820 1940 2864; x_wconf 88' lang='lat' dir='ltr'><strong>est</strong></span> <span class='ocrx_word' id='word_1_441' title='bbox 1981 2812 2036 2864; x_wconf 89' lang='lat' dir='ltr'><strong>in</strong></span> <span class='ocrx_word' id='word_1_442' title='bbox 2078 2811 2193 2880; x_wconf 85' lang='lat' dir='ltr'><strong>ipso</strong></span> <span class='ocrx_word' id='word_1_443' title='bbox 2237 2814 2346 2868; x_wconf 80' lang='lat' dir='ltr'><strong>vita</strong></span> <span class='ocrx_word' id='word_1_444' title='bbox 2382 2823 2519 2878; x_wconf 89' lang='lat' dir='ltr'><strong>erat,</strong></span> <span class='ocrx_word' id='word_1_445' title='bbox 2562 2825 2613 2868; x_wconf 87' lang='lat' dir='ltr'><strong>et</strong></span> <span class='ocrx_word' id='word_1_446' title='bbox 2649 2816 2757 2869; x_wconf 84' lang='lat' dir='ltr'><strong>vita</strong></span> <span class='ocrx_word' id='word_1_447' title='bbox 2800 2823 2916 2869; x_wconf 88' lang='lat' dir='ltr'><strong>erat</strong></span> <span class='ocrx_word' id='word_1_448' title='bbox 2965 2814 3059 2867; x_wconf 77' lang='lat' dir='ltr'><strong>tua:</strong></span> <span class='ocrx_word' id='word_1_449' title='bbox 3100 2812 3491 2867; x_wconf 81' lang='lat' dir='ltr'><strong>hominum&quot;.‘</strong></span> 
     </span>
    </p>
   </div>
   <div class='ocr_carea' id='block_1_59' title="bbox 1863 2902 3457 2976">
    <p class='ocr_par' dir='ltr' id='par_1_59' title="bbox 1863 2902 3457 2976">
     <span class='ocr_line' id='line_1_59' title="bbox 1863 2902 3457 2976; baseline 0.001 -20"><span class='ocrx_word' id='word_1_450' title='bbox 1863 2902 2047 2967; x_wconf 84' lang='lat' dir='ltr'><strong>Quare</strong></span> <span class='ocrx_word' id='word_1_451' title='bbox 2071 2904 2162 2958; x_wconf 86' lang='lat' dir='ltr'><strong>hic</strong></span> <span class='ocrx_word' id='word_1_452' title='bbox 2190 2906 2421 2975; x_wconf 85' lang='lat' dir='ltr'><strong>pariter,</strong></span> <span class='ocrx_word' id='word_1_453' title='bbox 2456 2914 2515 2960; x_wconf 86' lang='lat' dir='ltr'><strong>ut</strong></span> <span class='ocrx_word' id='word_1_454' title='bbox 2541 2908 2596 2961; x_wconf 93' lang='lat' dir='ltr'><strong>in</strong></span> <span class='ocrx_word' id='word_1_455' title='bbox 2624 2906 2939 2976; x_wconf 80' lang='lat' dir='ltr'><strong>Evangelio,</strong></span> <span class='ocrx_word' id='word_1_456' title='bbox 2968 2908 3091 2961; x_wconf 72' lang='lat' dir='ltr'><strong>vita:</strong></span> <span class='ocrx_word' id='word_1_457' title='bbox 3144 2906 3235 2959; x_wconf 81' lang='lat' dir='ltr'><strong>lux</strong></span> <span class='ocrx_word' id='word_1_458' title='bbox 3267 2904 3457 2960; x_wconf 56' lang='lat' dir='ltr'><strong>subdi-</strong></span> 
     </span>
    </p>
   </div>
   <div class='ocr_carea' id='block_1_60' title="bbox 1862 2996 3456 3068">
    <p class='ocr_par' dir='ltr' id='par_1_60' title="bbox 1862 2996 3456 3068">
     <span class='ocr_line' id='line_1_60' title="bbox 1862 2996 3456 3068; baseline 0.002 -22"><span class='ocrx_word' id='word_1_459' title='bbox 1862 3002 1996 3049; x_wconf 86' lang='lat' dir='ltr'><strong>tur:</strong></span> <span class='ocrx_word' id='word_1_460' title='bbox 2035 3012 2159 3050; x_wconf 86' lang='lat' dir='ltr'><strong>nam</strong></span> <span class='ocrx_word' id='word_1_461' title='bbox 2196 3005 2489 3068; x_wconf 87' lang='lat' dir='ltr'><strong>postquam</strong></span> <span class='ocrx_word' id='word_1_462' title='bbox 2524 3000 2761 3061; x_wconf 82' lang='lat' dir='ltr'><strong>dixerat,</strong></span> <span class='ocrx_word' id='word_1_463' title='bbox 2797 2999 3068 3065; x_wconf 77' lang='lat' dir='ltr'><strong>Quoniam</strong></span> <span class='ocrx_word' id='word_1_464' title='bbox 3110 2996 3250 3067; x_wconf 87' lang='lat' dir='ltr'><strong>apud</strong></span> <span class='ocrx_word' id='word_1_465' title='bbox 3292 3007 3342 3051; x_wconf 89' lang='lat' dir='ltr'><strong>te</strong></span> <span class='ocrx_word' id='word_1_466' title='bbox 3375 3005 3456 3051; x_wconf 83' lang='lat' dir='ltr'><strong>est</strong></span> 
     </span>
    </p>
   </div>
   <div class='ocr_carea' id='block_1_61' title="bbox 1864 3087 3453 3161">
    <p class='ocr_par' dir='ltr' id='par_1_61' title="bbox 1864 3087 3453 3161">
     <span class='ocr_line' id='line_1_61' title="bbox 1864 3087 3453 3161; baseline 0.004 -22"><span class='ocrx_word' id='word_1_467' title='bbox 1864 3087 1985 3156; x_wconf 79' lang='lat' dir='ltr'><strong>fons</strong></span> <span class='ocrx_word' id='word_1_468' title='bbox 2010 3089 2149 3154; x_wconf 72' lang='lat' dir='ltr'><strong>vitaz,</strong></span> <span class='ocrx_word' id='word_1_469' title='bbox 2183 3091 2463 3161; x_wconf 85' lang='lat' dir='ltr'><strong>adjicitur,</strong></span> <span class='ocrx_word' id='word_1_470' title='bbox 2492 3090 2557 3145; x_wconf 84' lang='lat' dir='ltr'><strong>In</strong></span> <span class='ocrx_word' id='word_1_471' title='bbox 2591 3091 2786 3145; x_wconf 81' lang='lat' dir='ltr'><strong>lumine</strong></span> <span class='ocrx_word' id='word_1_472' title='bbox 2818 3103 2907 3146; x_wconf 86' lang='lat' dir='ltr'><strong>tuo</strong></span> <span class='ocrx_word' id='word_1_473' title='bbox 2936 3090 3226 3146; x_wconf 78' lang='lat' dir='ltr'><strong>videbimus</strong></span> <span class='ocrx_word' id='word_1_474' title='bbox 3254 3090 3453 3145; x_wconf 71' lang='lat' dir='ltr'><strong>lumen.</strong></span> 
     </span>
    </p>
   </div>
   <div class='ocr_carea' id='block_1_62' title="bbox 167 3177 1760 3283">
    <p class='ocr_par' dir='ltr' id='par_1_62' title="bbox 167 3181 1759 3258">
     <span class='ocr_line' id='line_1_62' title="bbox 167 3181 1759 3258; baseline -0.001 -21"><span class='ocrx_word' id='word_1_475' title='bbox 167 3198 322 3237; x_wconf 78' lang='grc' dir='ltr'>πων.</span> <span class='ocrx_word' id='word_1_476' title='bbox 354 3184 445 3237; x_wconf 84' lang='grc' dir='ltr'><strong>Διὸ</strong></span> <span class='ocrx_word' id='word_1_477' title='bbox 474 3186 569 3238; x_wconf 73' lang='grc' dir='ltr'>καὶ</span> <span class='ocrx_word' id='word_1_478' title='bbox 591 3184 823 3239; x_wconf 79' lang='grc' dir='ltr'>ἐνταῦθα</span> <span class='ocrx_word' id='word_1_479' title='bbox 852 3188 918 3258; x_wconf 84' lang='grc' dir='ltr'>τῇ</span> <span class='ocrx_word' id='word_1_480' title='bbox 946 3183 1057 3256; x_wconf 75' lang='grc' dir='ltr'><strong>ζωῇ</strong></span> <span class='ocrx_word' id='word_1_481' title='bbox 1084 3184 1351 3255; x_wconf 84' lang='grc' dir='ltr'>συνῆπται</span> <span class='ocrx_word' id='word_1_482' title='bbox 1377 3183 1436 3236; x_wconf 83' lang='grc' dir='ltr'>τὸ</span> <span class='ocrx_word' id='word_1_483' title='bbox 1469 3181 1585 3253; x_wconf 80' lang='grc' dir='ltr'><strong>φῶς</strong></span> <span class='ocrx_word' id='word_1_484' title='bbox 1623 3199 1759 3252; x_wconf 84' lang='grc' dir='ltr'>συμ-</span> 
     </span>
    </p>
   </div>
   <div class='ocr_carea' id='block_1_63' title="bbox 1866 3177 3450 3283">
    <p class='ocr_par' dir='ltr' id='par_1_63' title="bbox 1867 3177 3450 3252">
     <span class='ocr_line' id='line_1_63' title="bbox 1867 3177 3450 3252; baseline 0.003 -21"><span class='ocrx_word' id='word_1_485' title='bbox 1867 3177 1993 3233; x_wconf 58' lang='lat' dir='ltr'><strong>llaec</strong></span> <span class='ocrx_word' id='word_1_486' title='bbox 2025 3182 2228 3252; x_wconf 83' lang='lat' dir='ltr'><strong>quippe</strong></span> <span class='ocrx_word' id='word_1_487' title='bbox 2265 3183 2376 3238; x_wconf 88' lang='lat' dir='ltr'><strong>vita</strong></span> <span class='ocrx_word' id='word_1_488' title='bbox 2417 3183 2800 3239; x_wconf 87' lang='lat' dir='ltr'><strong>rationabilem</strong></span> <span class='ocrx_word' id='word_1_489' title='bbox 2837 3183 3015 3238; x_wconf 88' lang='lat' dir='ltr'><strong>lucem</strong></span> <span class='ocrx_word' id='word_1_490' title='bbox 3047 3180 3450 3238; x_wconf 86' lang='lat' dir='ltr'><strong>subministrat.</strong></span> 
     </span>
    </p>
   </div>
   <div class='ocr_carea' id='block_1_64' title="bbox 169 3271 1760 3349">
    <p class='ocr_par' dir='ltr' id='par_1_64' title="bbox 169 3271 1760 3349">
     <span class='ocr_line' id='line_1_64' title="bbox 169 3271 1760 3349; baseline -0.003 -21"><span class='ocrx_word' id='word_1_491' title='bbox 169 3274 366 3346; x_wconf 82' lang='grc' dir='ltr'>φώνως</span> <span class='ocrx_word' id='word_1_492' title='bbox 411 3274 493 3348; x_wconf 78' lang='grc' dir='ltr'>τῷ</span> <span class='ocrx_word' id='word_1_493' title='bbox 538 3276 876 3349; x_wconf 77' lang='grc' dir='ltr'>Εὐαγγελίῳο</span> <span class='ocrx_word' id='word_1_494' title='bbox 908 3277 1048 3348; x_wconf 87' lang='grc' dir='ltr'>μετὰ</span> <span class='ocrx_word' id='word_1_495' title='bbox 1091 3275 1201 3349; x_wconf 80' lang='grc' dir='ltr'>γὰρ</span> <span class='ocrx_word' id='word_1_496' title='bbox 1234 3274 1417 3345; x_wconf 83' lang='grc' dir='ltr'>φάναι·</span> <span class='ocrx_word' id='word_1_497' title='bbox 1451 3274 1571 3326; x_wconf 88' lang='grc' dir='ltr'>Ὅτι</span> <span class='ocrx_word' id='word_1_498' title='bbox 1603 3271 1760 3340; x_wconf 78' lang='grc' dir='ltr'>παρὰ</span> 
     </span>
    </p>
   </div>
   <div class='ocr_carea' id='block_1_65' title="bbox 1866 3271 3451 3349">
    <p class='ocr_par' dir='ltr' id='par_1_65' title="bbox 1871 3271 3451 3340">
     <span class='ocr_line' id='line_1_65' title="bbox 1871 3271 3451 3340; baseline -0.006 -3"><span class='ocrx_word' id='word_1_499' title='bbox 1871 3271 2240 3337; x_wconf 81' lang='lat' dir='ltr'><strong>Quamobrem</strong></span> <span class='ocrx_word' id='word_1_500' title='bbox 2289 3275 2516 3340; x_wconf 90' lang='lat' dir='ltr'><strong>dicitur,</strong></span> <span class='ocrx_word' id='word_1_501' title='bbox 2571 3275 2641 3330; x_wconf 88' lang='lat' dir='ltr'><strong>Et</strong></span> <span class='ocrx_word' id='word_1_502' title='bbox 2684 3277 2790 3330; x_wconf 83' lang='lat' dir='ltr'><strong>vita</strong></span> <span class='ocrx_word' id='word_1_503' title='bbox 2838 3286 2951 3331; x_wconf 87' lang='lat' dir='ltr'><strong>erat</strong></span> <span class='ocrx_word' id='word_1_504' title='bbox 3002 3276 3097 3331; x_wconf 79' lang='lat' dir='ltr'><strong>tua:</strong></span> <span class='ocrx_word' id='word_1_505' title='bbox 3149 3276 3451 3330; x_wconf 83' lang='lat' dir='ltr'><strong>hominum.</strong></span> 
     </span>
    </p>
   </div>
   <div class='ocr_carea' id='block_1_66' title="bbox 166 3366 1760 3440">
    <p class='ocr_par' dir='ltr' id='par_1_66' title="bbox 166 3366 1760 3440">
     <span class='ocr_line' id='line_1_66' title="bbox 166 3366 1760 3440; baseline -0.002 -19"><span class='ocrx_word' id='word_1_506' title='bbox 166 3367 270 3422; x_wconf 74' lang='grc' dir='ltr'><strong>σοι</strong></span> <span class='ocrx_word' id='word_1_507' title='bbox 329 3367 492 3440; x_wconf 74' lang='grc' dir='ltr'><strong>πηγὴ</strong></span> <span class='ocrx_word' id='word_1_508' title='bbox 561 3366 726 3438; x_wconf 82' lang='grc' dir='ltr'>ζωῆς,</span> <span class='ocrx_word' id='word_1_509' title='bbox 790 3369 1136 3440; x_wconf 78' lang='grc' dir='ltr'>ὲπιλέγεται·</span> <span class='ocrx_word' id='word_1_510' title='bbox 1181 3371 1277 3423; x_wconf 82' lang='grc' dir='ltr'>Ἐν</span> <span class='ocrx_word' id='word_1_511' title='bbox 1317 3367 1398 3434; x_wconf 86' lang='grc' dir='ltr'>τῷ</span> <span class='ocrx_word' id='word_1_512' title='bbox 1462 3366 1611 3437; x_wconf 75' lang='grc' dir='ltr'>φωτί</span> <span class='ocrx_word' id='word_1_513' title='bbox 1642 3381 1760 3419; x_wconf 86' lang='grc' dir='ltr'><strong>σου</strong></span> 
     </span>
    </p>
   </div>
   <div class='ocr_carea' id='block_1_67' title="bbox 170 3457 1761 3534">
    <p class='ocr_par' dir='ltr' id='par_1_67' title="bbox 170 3457 1761 3534">
     <span class='ocr_line' id='line_1_67' title="bbox 170 3457 1761 3534; baseline -0.001 -23"><span class='ocrx_word' id='word_1_514' title='bbox 170 3459 439 3529; x_wconf 70' lang='grc' dir='ltr'>ὀψόμεθα</span> <span class='ocrx_word' id='word_1_515' title='bbox 459 3458 603 3531; x_wconf 69' lang='grc' dir='ltr'>φῶς.</span> <span class='ocrx_word' id='word_1_516' title='bbox 641 3461 823 3526; x_wconf 77' lang='grc' dir='ltr'>Φωτὺς</span> <span class='ocrx_word' id='word_1_517' title='bbox 860 3460 969 3534; x_wconf 84' lang='grc' dir='ltr'><strong>γὰρ</strong></span> <span class='ocrx_word' id='word_1_518' title='bbox 1002 3459 1222 3530; x_wconf 81' lang='grc' dir='ltr'>λογικοῦ</span> <span class='ocrx_word' id='word_1_519' title='bbox 1253 3457 1593 3532; x_wconf 84' lang='grc' dir='ltr'>χορηγητικὴ</span> <span class='ocrx_word' id='word_1_520' title='bbox 1626 3470 1761 3524; x_wconf 84' lang='grc' dir='ltr'>τυγ-</span> 
     </span>
    </p>
   </div>
   <div class='ocr_carea' id='block_1_68' title="bbox 168 3547 3553 3628">
    <p class='ocr_par' dir='ltr' id='par_1_68' title="bbox 168 3547 3553 3628">
     <span class='ocr_line' id='line_1_68' title="bbox 168 3547 3553 3628; baseline 0.001 -22"><span class='ocrx_word' id='word_1_521' title='bbox 168 3550 325 3624; x_wconf 81' lang='grc' dir='ltr'>χάνει</span> <span class='ocrx_word' id='word_1_522' title='bbox 353 3550 491 3623; x_wconf 77' lang='grc' dir='ltr'>αὕτη</span> <span class='ocrx_word' id='word_1_523' title='bbox 519 3553 552 3623; x_wconf 82' lang='grc' dir='ltr'><strong>ἡ</strong></span> <span class='ocrx_word' id='word_1_524' title='bbox 591 3551 704 3624; x_wconf 79' lang='grc' dir='ltr'><strong>ζωή</strong></span> <span class='ocrx_word' id='word_1_525' title='bbox 722 3569 737 3583; x_wconf 76' lang='grc' dir='ltr'><strong>ο</strong></span> <span class='ocrx_word' id='word_1_526' title='bbox 767 3552 849 3606; x_wconf 78' lang='grc' dir='ltr'><strong>διὸ</strong></span> <span class='ocrx_word' id='word_1_527' title='bbox 885 3552 1132 3621; x_wconf 81' lang='grc' dir='ltr'>λέγεται·</span> <span class='ocrx_word' id='word_1_528' title='bbox 1190 3552 1293 3606; x_wconf 82' lang='grc' dir='ltr'><strong>Καὶ</strong></span> <span class='ocrx_word' id='word_1_529' title='bbox 1337 3552 1377 3620; x_wconf 73' lang='grc' dir='ltr'>ἡ</span> <span class='ocrx_word' id='word_1_530' title='bbox 1423 3548 1537 3620; x_wconf 73' lang='grc' dir='ltr'><strong>ζωὴ</strong></span> <span class='ocrx_word' id='word_1_531' title='bbox 1577 3547 1659 3623; x_wconf 83' lang='grc' dir='ltr'>ἦν</span> <span class='ocrx_word' id='word_1_532' title='bbox 1685 3549 1754 3606; x_wconf 85' lang='lat' dir='ltr'><em>t6</em></span> <span class='ocrx_word' id='word_1_533' title='bbox 1776 3549 1903 3620; x_wconf 66' lang='grc' dir='ltr'>φῶς</span> <span class='ocrx_word' id='word_1_534' title='bbox 1928 3553 2045 3607; x_wconf 79' lang='grc' dir='ltr'>τῶν</span> <span class='ocrx_word' id='word_1_535' title='bbox 2078 3556 2425 3625; x_wconf 72' lang='grc' dir='ltr'>ἀνθρώπων.</span> <span class='ocrx_word' id='word_1_536' title='bbox 2456 3560 2518 3613; x_wconf 89' lang='grc' dir='ltr'><strong>Οἱ</strong></span> <span class='ocrx_word' id='word_1_537' title='bbox 2547 3558 2605 3611; x_wconf 84' lang='grc' dir='ltr'>δὲ</span> <span class='ocrx_word' id='word_1_538' title='bbox 2634 3556 2840 3612; x_wconf 82' lang='grc' dir='ltr'>τούτων</span> <span class='ocrx_word' id='word_1_539' title='bbox 2874 3555 3270 3628; x_wconf 80' lang='grc' dir='ltr'>μεταλαϐόντες</span> <span class='ocrx_word' id='word_1_540' title='bbox 3296 3555 3455 3620; x_wconf 70' lang='grc' dir='ltr'>τέλος</span> <span class='ocrx_word' id='word_1_541' title='bbox 3538 3578 3553 3593; x_wconf 60' lang='grc' dir='ltr'><strong>ε</strong></span> 
     </span>
    </p>
   </div>
   <div class='ocr_carea' id='block_1_69' title="bbox 168 3642 996 3718">
    <p class='ocr_par' dir='ltr' id='par_1_69' title="bbox 168 3642 996 3718">
     <span class='ocr_line' id='line_1_69' title="bbox 168 3642 996 3718; baseline 0.001 -19"><span class='ocrx_word' id='word_1_542' title='bbox 168 3643 355 3711; x_wconf 69' lang='grc' dir='ltr'>ἕξουσι</span> <span class='ocrx_word' id='word_1_543' title='bbox 387 3642 482 3697; x_wconf 80' lang='grc' dir='ltr'><strong>τοῦ</strong></span> <span class='ocrx_word' id='word_1_544' title='bbox 519 3643 694 3714; x_wconf 80' lang='grc' dir='ltr'>φωτὸς</span> <span class='ocrx_word' id='word_1_545' title='bbox 720 3644 821 3718; x_wconf 82' lang='grc' dir='ltr'><strong>τὴν</strong></span> <span class='ocrx_word' id='word_1_546' title='bbox 845 3644 996 3701; x_wconf 77' lang='grc' dir='ltr'>θέαν.</span> 
     </span>
    </p>
   </div>
   <div class='ocr_carea' id='block_1_70' title="bbox 242 3733 1756 3808">
    <p class='ocr_par' dir='ltr' id='par_1_70' title="bbox 242 3733 1756 3808">
     <span class='ocr_line' id='line_1_70' title="bbox 242 3733 1756 3808; baseline -0.001 -17"><span class='ocrx_word' id='word_1_547' title='bbox 242 3733 618 3804; x_wconf 83' lang='grc' dir='ltr'>Παράτεινον</span> <span class='ocrx_word' id='word_1_548' title='bbox 654 3735 717 3789; x_wconf 82' lang='grc' dir='ltr'>τὸ</span> <span class='ocrx_word' id='word_1_549' title='bbox 747 3737 922 3803; x_wconf 79' lang='grc' dir='ltr'>ἔλεός</span> <span class='ocrx_word' id='word_1_550' title='bbox 960 3752 1077 3791; x_wconf 91' lang='grc' dir='ltr'><strong>σου</strong></span> <span class='ocrx_word' id='word_1_551' title='bbox 1106 3736 1232 3804; x_wconf 84' lang='grc' dir='ltr'>τοῖς</span> <span class='ocrx_word' id='word_1_552' title='bbox 1264 3735 1632 3808; x_wconf 77' lang='grc' dir='ltr'>γινώσκουσί</span> <span class='ocrx_word' id='word_1_553' title='bbox 1661 3751 1756 3799; x_wconf 91' lang='grc' dir='ltr'><strong>σε,</strong></span> 
     </span>
    </p>
   </div>
   <div class='ocr_carea' id='block_1_71' title="bbox 170 3826 1755 3897">
    <p class='ocr_par' dir='ltr' id='par_1_71' title="bbox 170 3826 1755 3897">
     <span class='ocr_line' id='line_1_71' title="bbox 170 3826 1755 3897; baseline -0.001 -15"><span class='ocrx_word' id='word_1_554' title='bbox 170 3828 272 3882; x_wconf 82' lang='grc' dir='ltr'>καὶ</span> <span class='ocrx_word' id='word_1_555' title='bbox 300 3827 417 3897; x_wconf 86' lang='grc' dir='ltr'>τὴν</span> <span class='ocrx_word' id='word_1_556' title='bbox 443 3826 839 3897; x_wconf 83' lang='grc' dir='ltr'>δικαιοσύνην</span> <span class='ocrx_word' id='word_1_557' title='bbox 880 3841 995 3883; x_wconf 89' lang='grc' dir='ltr'><strong>σου</strong></span> <span class='ocrx_word' id='word_1_558' title='bbox 1028 3828 1152 3894; x_wconf 82' lang='grc' dir='ltr'><strong>τοῖς</strong></span> <span class='ocrx_word' id='word_1_559' title='bbox 1190 3828 1394 3884; x_wconf 82' lang='grc' dir='ltr'>εὺθέσι</span> <span class='ocrx_word' id='word_1_560' title='bbox 1421 3826 1498 3897; x_wconf 75' lang='grc' dir='ltr'>τῇ</span> <span class='ocrx_word' id='word_1_561' title='bbox 1521 3826 1755 3895; x_wconf 80' lang='grc' dir='ltr'>καρδίᾳ.</span> 
     </span>
    </p>
   </div>
   <div class='ocr_carea' id='block_1_72' title="bbox 172 3916 1754 3993">
    <p class='ocr_par' dir='ltr' id='par_1_72' title="bbox 172 3916 1754 3993">
     <span class='ocr_line' id='line_1_72' title="bbox 172 3916 1754 3993; baseline -0.001 -20"><span class='ocrx_word' id='word_1_562' title='bbox 172 3921 303 3983; x_wconf 86' lang='grc' dir='ltr'>Τοῖς</span> <span class='ocrx_word' id='word_1_563' title='bbox 319 3919 393 3991; x_wconf 84' lang='grc' dir='ltr'><strong>μὴ</strong></span> <span class='ocrx_word' id='word_1_564' title='bbox 410 3919 768 3989; x_wconf 85' lang='grc' dir='ltr'>γινώσκουσιν</span> <span class='ocrx_word' id='word_1_565' title='bbox 788 3916 951 3974; x_wconf 77' lang='grc' dir='ltr'>αὑτὸν</span> <span class='ocrx_word' id='word_1_566' title='bbox 975 3920 1312 3993; x_wconf 87' lang='grc' dir='ltr'>πρόσκαιρον</span> <span class='ocrx_word' id='word_1_567' title='bbox 1328 3920 1479 3974; x_wconf 72' lang='grc' dir='ltr'>ἔσται</span> <span class='ocrx_word' id='word_1_568' title='bbox 1499 3919 1560 3973; x_wconf 83' lang='grc' dir='ltr'><strong>τὸ</strong></span> <span class='ocrx_word' id='word_1_569' title='bbox 1579 3919 1726 3982; x_wconf 76' lang='grc' dir='ltr'>ἔλεος</span> <span class='ocrx_word' id='word_1_570' title='bbox 1738 3935 1754 3949; x_wconf 87' lang='grc'><strong>·</strong></span> 
     </span>
    </p>
   </div>
   <div class='ocr_carea' id='block_1_73' title="bbox 169 4008 1758 4085">
    <p class='ocr_par' dir='ltr' id='par_1_73' title="bbox 169 4008 1758 4085">
     <span class='ocr_line' id='line_1_73' title="bbox 169 4008 1758 4085; baseline -0.002 -18"><span class='ocrx_word' id='word_1_571' title='bbox 169 4016 288 4077; x_wconf 85' lang='grc' dir='ltr'>τοῖς</span> <span class='ocrx_word' id='word_1_572' title='bbox 324 4012 381 4066; x_wconf 78' lang='grc' dir='ltr'>δὲ</span> <span class='ocrx_word' id='word_1_573' title='bbox 409 4012 739 4083; x_wconf 86' lang='grc' dir='ltr'>γινώσκουσί</span> <span class='ocrx_word' id='word_1_574' title='bbox 774 4030 854 4080; x_wconf 92' lang='grc' dir='ltr'><strong>σε,</strong></span> <span class='ocrx_word' id='word_1_575' title='bbox 890 4013 1096 4085; x_wconf 81' lang='grc' dir='ltr'>Σῶτερ,</span> <span class='ocrx_word' id='word_1_576' title='bbox 1136 4013 1462 4085; x_wconf 84' lang='grc' dir='ltr'>παράτεινον</span> <span class='ocrx_word' id='word_1_577' title='bbox 1508 4008 1570 4066; x_wconf 81' lang='grc' dir='ltr'><strong>τδ</strong></span> <span class='ocrx_word' id='word_1_578' title='bbox 1610 4010 1758 4075; x_wconf 74' lang='grc' dir='ltr'>ἔλεός</span> 
     </span>
    </p>
   </div>
   <div class='ocr_carea' id='block_1_74' title="bbox 174 4101 1754 4179">
    <p class='ocr_par' dir='ltr' id='par_1_74' title="bbox 174 4101 1754 4179">
     <span class='ocr_line' id='line_1_74' title="bbox 174 4101 1754 4179; baseline 0.001 -21"><span class='ocrx_word' id='word_1_579' title='bbox 174 4123 270 4159; x_wconf 87' lang='grc' dir='ltr'><strong>σου</strong></span> <span class='ocrx_word' id='word_1_580' title='bbox 299 4105 393 4158; x_wconf 70' lang='grc' dir='ltr'><strong>καὶ</strong></span> <span class='ocrx_word' id='word_1_581' title='bbox 413 4106 515 4176; x_wconf 80' lang='grc' dir='ltr'><strong>τὴν</strong></span> <span class='ocrx_word' id='word_1_582' title='bbox 539 4105 886 4178; x_wconf 68' lang='grc' dir='ltr'>δικαιοσύνην</span> <span class='ocrx_word' id='word_1_583' title='bbox 912 4123 1006 4159; x_wconf 91' lang='grc' dir='ltr'><strong>σου</strong></span> <span class='ocrx_word' id='word_1_584' title='bbox 1027 4122 1038 4134; x_wconf 89' lang='grc'><strong>·</strong></span> <span class='ocrx_word' id='word_1_585' title='bbox 1067 4108 1126 4159; x_wconf 81' lang='grc' dir='ltr'><strong>ὲν</strong></span> <span class='ocrx_word' id='word_1_586' title='bbox 1212 4105 1332 4160; x_wconf 78' lang='grc' dir='ltr'>κατ’</span> <span class='ocrx_word' id='word_1_587' title='bbox 1360 4105 1517 4172; x_wconf 80' lang='grc' dir='ltr'>ἀξίαν</span> <span class='ocrx_word' id='word_1_588' title='bbox 1552 4104 1754 4176; x_wconf 86' lang='grc' dir='ltr'>κρίνων</span> 
     </span>
    </p>
   </div>
   <div class='ocr_carea' id='block_1_75' title="bbox 171 4196 1755 4270">
    <p class='ocr_par' dir='ltr' id='par_1_75' title="bbox 171 4196 1755 4270">
     <span class='ocr_line' id='line_1_75' title="bbox 171 4196 1755 4270; baseline -0.001 -20"><span class='ocrx_word' id='word_1_589' title='bbox 171 4200 285 4261; x_wconf 80' lang='grc' dir='ltr'>τοῖς</span> <span class='ocrx_word' id='word_1_590' title='bbox 315 4198 414 4269; x_wconf 82' lang='grc' dir='ltr'><strong>μὲν</strong></span> <span class='ocrx_word' id='word_1_591' title='bbox 443 4196 741 4261; x_wconf 83' lang='grc' dir='ltr'>ἀποδώσεις</span> <span class='ocrx_word' id='word_1_592' title='bbox 767 4196 911 4251; x_wconf 80' lang='grc' dir='ltr'>κατὰ</span> <span class='ocrx_word' id='word_1_593' title='bbox 942 4197 1010 4251; x_wconf 81' lang='grc' dir='ltr'>τὰ</span> <span class='ocrx_word' id='word_1_594' title='bbox 1041 4197 1178 4270; x_wconf 79' lang='grc' dir='ltr'>ἔργα</span> <span class='ocrx_word' id='word_1_595' title='bbox 1203 4197 1403 4262; x_wconf 80' lang='grc' dir='ltr'>αὐτῶν,</span> <span class='ocrx_word' id='word_1_596' title='bbox 1435 4199 1549 4261; x_wconf 82' lang='grc' dir='ltr'>τοῖς</span> <span class='ocrx_word' id='word_1_597' title='bbox 1575 4196 1632 4249; x_wconf 87' lang='grc' dir='ltr'>δὲ</span> <span class='ocrx_word' id='word_1_598' title='bbox 1664 4214 1755 4249; x_wconf 79' lang='grc' dir='ltr'>πι-</span> 
     </span>
    </p>
   </div>
   <div class='ocr_carea' id='block_1_76' title="bbox 175 4284 1756 4355">
    <p class='ocr_par' dir='ltr' id='par_1_76' title="bbox 175 4284 1756 4355">
     <span class='ocr_line' id='line_1_76' title="bbox 175 4284 1756 4355; baseline 0.002 -17"><span class='ocrx_word' id='word_1_599' title='bbox 175 4284 403 4348; x_wconf 78' lang='grc' dir='ltr'>στώσεις</span> <span class='ocrx_word' id='word_1_600' title='bbox 429 4284 527 4349; x_wconf 86' lang='grc' dir='ltr'>τὰς</span> <span class='ocrx_word' id='word_1_601' title='bbox 557 4286 656 4350; x_wconf 81' lang='grc' dir='ltr'>σὰς</span> <span class='ocrx_word' id='word_1_602' title='bbox 689 4286 1044 4355; x_wconf 78' lang='grc' dir='ltr'>ἐπαγγελίας.</span> <span class='ocrx_word' id='word_1_603' title='bbox 1088 4288 1233 4341; x_wconf 75' lang='grc' dir='ltr'>’Λντὶ</span> <span class='ocrx_word' id='word_1_604' title='bbox 1267 4288 1325 4342; x_wconf 80' lang='grc' dir='ltr'><strong>δὲ</strong></span> <span class='ocrx_word' id='word_1_605' title='bbox 1358 4287 1474 4353; x_wconf 75' lang='grc' dir='ltr'>τοῦ,</span> <span class='ocrx_word' id='word_1_606' title='bbox 1502 4288 1611 4341; x_wconf 80' lang='grc' dir='ltr'><strong>Καὶ</strong></span> <span class='ocrx_word' id='word_1_607' title='bbox 1641 4285 1756 4355; x_wconf 79' lang='grc' dir='ltr'>τὴν</span> 
     </span>
    </p>
   </div>
   <div class='ocr_carea' id='block_1_77' title="bbox 172 4376 1756 4452">
    <p class='ocr_par' dir='ltr' id='par_1_77' title="bbox 172 4376 1756 4452">
     <span class='ocr_line' id='line_1_77' title="bbox 172 4376 1756 4452; baseline 0.001 -21"><span class='ocrx_word' id='word_1_608' title='bbox 172 4376 565 4446; x_wconf 82' lang='grc' dir='ltr'>δικαιοσύνην</span> <span class='ocrx_word' id='word_1_609' title='bbox 582 4394 698 4433; x_wconf 92' lang='grc' dir='ltr'><strong>σου</strong></span> <span class='ocrx_word' id='word_1_610' title='bbox 731 4379 857 4446; x_wconf 84' lang='grc' dir='ltr'>τοῖς</span> <span class='ocrx_word' id='word_1_611' title='bbox 886 4378 1089 4434; x_wconf 80' lang='grc' dir='ltr'>εὐθέσι</span> <span class='ocrx_word' id='word_1_612' title='bbox 1123 4377 1197 4449; x_wconf 76' lang='grc' dir='ltr'>τῇ</span> <span class='ocrx_word' id='word_1_613' title='bbox 1222 4379 1453 4449; x_wconf 80' lang='grc' dir='ltr'>καρδίᾳ,</span> <span class='ocrx_word' id='word_1_614' title='bbox 1475 4382 1504 4434; x_wconf 89' lang='lat'><strong>6</strong></span> <span class='ocrx_word' id='word_1_615' title='bbox 1529 4378 1756 4452; x_wconf 76' lang='grc' dir='ltr'>Σύμμα-</span> 
     </span>
    </p>
   </div>
   <div class='ocr_carea' id='block_1_78' title="bbox 173 4470 1755 4542">
    <p class='ocr_par' dir='ltr' id='par_1_78' title="bbox 173 4470 1755 4542">
     <span class='ocr_line' id='line_1_78' title="bbox 173 4470 1755 4542; baseline 0.003 -20"><span class='ocrx_word' id='word_1_616' title='bbox 173 4486 287 4540; x_wconf 84' lang='grc' dir='ltr'>χος,</span> <span class='ocrx_word' id='word_1_617' title='bbox 317 4470 425 4523; x_wconf 78' lang='grc' dir='ltr'><strong>Καὶ</strong></span> <span class='ocrx_word' id='word_1_618' title='bbox 478 4470 593 4541; x_wconf 79' lang='grc' dir='ltr'><strong>τὴν</strong></span> <span class='ocrx_word' id='word_1_619' title='bbox 659 4471 1081 4542; x_wconf 73' lang='grc' dir='ltr'><strong>ἐλεημοσύνην</strong></span> <span class='ocrx_word' id='word_1_620' title='bbox 1104 4489 1219 4527; x_wconf 90' lang='grc' dir='ltr'><strong>σου</strong></span> <span class='ocrx_word' id='word_1_621' title='bbox 1247 4472 1370 4539; x_wconf 83' lang='grc' dir='ltr'><strong>τοῖς</strong></span> <span class='ocrx_word' id='word_1_622' title='bbox 1397 4472 1615 4539; x_wconf 79' lang='grc' dir='ltr'><strong>ἁπλοῖς</strong></span> <span class='ocrx_word' id='word_1_623' title='bbox 1638 4472 1755 4541; x_wconf 78' lang='grc' dir='ltr'><strong>τὴν</strong></span> 
     </span>
    </p>
   </div>
   <div class='ocr_carea' id='block_1_79' title="bbox 1869 3362 3457 3443">
    <p class='ocr_par' dir='ltr' id='par_1_79' title="bbox 1869 3362 3457 3443">
     <span class='ocr_line' id='line_1_79' title="bbox 1869 3362 3457 3443; baseline 0.003 -25"><span class='ocrx_word' id='word_1_624' title='bbox 1869 3362 1974 3432; x_wconf 83' lang='lat' dir='ltr'><strong>Qui</strong></span> <span class='ocrx_word' id='word_1_625' title='bbox 2010 3382 2177 3436; x_wconf 85' lang='lat' dir='ltr'><strong>porro</strong></span> <span class='ocrx_word' id='word_1_626' title='bbox 2210 3369 2326 3424; x_wconf 83' lang='lat' dir='ltr'><strong>haec</strong></span> <span class='ocrx_word' id='word_1_627' title='bbox 2376 3370 2708 3443; x_wconf 89' lang='lat' dir='ltr'><strong>acceperint,</strong></span> <span class='ocrx_word' id='word_1_628' title='bbox 2739 3385 2838 3441; x_wconf 80' lang='lat' dir='ltr'><strong>pro</strong></span> <span class='ocrx_word' id='word_1_629' title='bbox 2874 3369 3000 3436; x_wconf 86' lang='lat' dir='ltr'><strong>line,</strong></span> <span class='ocrx_word' id='word_1_630' title='bbox 3038 3369 3179 3426; x_wconf 89' lang='lat' dir='ltr'><strong>lucis</strong></span> <span class='ocrx_word' id='word_1_631' title='bbox 3205 3375 3457 3425; x_wconf 78' lang='lat' dir='ltr'><strong>contem-</strong></span> 
     </span>
    </p>
   </div>
   <div class='ocr_carea' id='block_1_80' title="bbox 1869 3457 3440 3527">
    <p class='ocr_par' dir='ltr' id='par_1_80' title="bbox 1869 3457 3440 3527">
     <span class='ocr_line' id='line_1_80' title="bbox 1869 3457 3440 3527; baseline 0.015 -17"><span class='ocrx_word' id='word_1_632' title='bbox 1869 3457 2165 3527; x_wconf 85' lang='lat' dir='ltr'><strong>plationem</strong></span> <span class='ocrx_word' id='word_1_633' title='bbox 2193 3462 2543 3520; x_wconf 85' lang='lat' dir='ltr'><strong>obtinebunt.</strong></span> <span class='ocrx_word' id='word_1_634' title='bbox 3437 3470 3440 3475; x_wconf 34' lang='grc'>⁴</span> 
     </span>
    </p>
   </div>
   <div class='ocr_carea' id='block_1_81' title="bbox 1940 3729 3449 3793">
    <p class='ocr_par' dir='ltr' id='par_1_81' title="bbox 1940 3729 3449 3793">
     <span class='ocr_line' id='line_1_81' title="bbox 1940 3729 3449 3793; baseline 0.001 -9"><span class='ocrx_word' id='word_1_635' title='bbox 1940 3729 2104 3789; x_wconf 75' lang='lat' dir='ltr'><strong>Vens.</strong></span> <span class='ocrx_word' id='word_1_636' title='bbox 2179 3734 2411 3790; x_wconf 76' lang='grc'><strong>11-15.</strong></span> <span class='ocrx_word' id='word_1_637' title='bbox 2484 3732 2761 3789; x_wconf 73' lang='lat' dir='ltr'><strong>Praztende</strong></span> <span class='ocrx_word' id='word_1_638' title='bbox 2819 3733 3241 3793; x_wconf 66' lang='lat' dir='ltr'><strong>misericordiam</strong></span> <span class='ocrx_word' id='word_1_639' title='bbox 3303 3741 3449 3787; x_wconf 77' lang='lat' dir='ltr'><strong>tuam</strong></span> 
     </span>
    </p>
   </div>
   <div class='ocr_carea' id='block_1_82' title="bbox 1866 3825 3452 3895">
    <p class='ocr_par' dir='ltr' id='par_1_82' title="bbox 1866 3825 3452 3895">
     <span class='ocr_line' id='line_1_82' title="bbox 1866 3825 3452 3895; baseline -0.001 -15"><span class='ocrx_word' id='word_1_640' title='bbox 1866 3826 2150 3880; x_wconf 75' lang='lat' dir='ltr'><strong>scientibus</strong></span> <span class='ocrx_word' id='word_1_641' title='bbox 2201 3836 2269 3890; x_wconf 86' lang='lat' dir='ltr'><strong>te,</strong></span> <span class='ocrx_word' id='word_1_642' title='bbox 2300 3836 2350 3880; x_wconf 90' lang='lat' dir='ltr'><strong>et</strong></span> <span class='ocrx_word' id='word_1_643' title='bbox 2392 3826 2662 3895; x_wconf 83' lang='lat' dir='ltr'><strong>justitiam</strong></span> <span class='ocrx_word' id='word_1_644' title='bbox 2717 3833 2862 3879; x_wconf 88' lang='lat' dir='ltr'><strong>tuam</strong></span> <span class='ocrx_word' id='word_1_645' title='bbox 2911 3825 2978 3879; x_wconf 89' lang='lat' dir='ltr'><strong>iis</strong></span> <span class='ocrx_word' id='word_1_646' title='bbox 3024 3826 3114 3895; x_wconf 88' lang='lat' dir='ltr'><strong>qui</strong></span> <span class='ocrx_word' id='word_1_647' title='bbox 3157 3833 3298 3880; x_wconf 85' lang='lat' dir='ltr'><strong>recto</strong></span> <span class='ocrx_word' id='word_1_648' title='bbox 3325 3833 3452 3879; x_wconf 80' lang='lat' dir='ltr'><strong>sunt</strong></span> 
     </span>
    </p>
   </div>
   <div class='ocr_carea' id='block_1_83' title="bbox 1867 3912 3450 3988">
    <p class='ocr_par' dir='ltr' id='par_1_83' title="bbox 1867 3912 3450 3988">
     <span class='ocr_line' id='line_1_83' title="bbox 1867 3912 3450 3988; baseline 0.001 -15"><span class='ocrx_word' id='word_1_649' title='bbox 1867 3917 2040 3973; x_wconf 85' lang='lat' dir='ltr'><strong>corde.</strong></span> <span class='ocrx_word' id='word_1_650' title='bbox 2074 3912 2459 3974; x_wconf 80' lang='lat' dir='ltr'><strong>Nescientibus</strong></span> <span class='ocrx_word' id='word_1_651' title='bbox 2483 3918 2652 3974; x_wconf 90' lang='lat' dir='ltr'><strong>Deum</strong></span> <span class='ocrx_word' id='word_1_652' title='bbox 2681 3927 3033 3988; x_wconf 81' lang='lat' dir='ltr'><strong>temporanea</strong></span> <span class='ocrx_word' id='word_1_653' title='bbox 3071 3918 3450 3974; x_wconf 81' lang='lat' dir='ltr'><strong>misericordia</strong></span> 
     </span>
    </p>
   </div>
   <div class='ocr_carea' id='block_1_84' title="bbox 1867 3998 3449 4082">
    <p class='ocr_par' dir='ltr' id='par_1_84' title="bbox 1867 3998 3449 4082">
     <span class='ocr_line' id='line_1_84' title="bbox 1867 3998 3449 4082; baseline -0.001 -14"><span class='ocrx_word' id='word_1_654' title='bbox 1867 4012 2004 4079; x_wconf 89' lang='lat' dir='ltr'><strong>erit;</strong></span> <span class='ocrx_word' id='word_1_655' title='bbox 2036 4018 2089 4066; x_wconf 88' lang='lat' dir='ltr'><strong>at</strong></span> <span class='ocrx_word' id='word_1_656' title='bbox 2122 4011 2406 4067; x_wconf 76' lang='lat' dir='ltr'><strong>scientibus</strong></span> <span class='ocrx_word' id='word_1_657' title='bbox 2438 4023 2507 4079; x_wconf 92' lang='lat' dir='ltr'><strong>te,</strong></span> <span class='ocrx_word' id='word_1_658' title='bbox 2547 3998 2818 4077; x_wconf 65' lang='lat' dir='ltr'><strong>Salvator,</strong></span> <span class='ocrx_word' id='word_1_659' title='bbox 2853 4011 3119 4082; x_wconf 68' lang='lat' dir='ltr'><strong>praztende</strong></span> <span class='ocrx_word' id='word_1_660' title='bbox 3146 4012 3449 4067; x_wconf 83' lang='lat' dir='ltr'><strong>misericor-</strong></span> 
     </span>
    </p>
   </div>
   <div class='ocr_carea' id='block_1_85' title="bbox 1865 4101 3451 4175">
    <p class='ocr_par' dir='ltr' id='par_1_85' title="bbox 1865 4101 3451 4175">
     <span class='ocr_line' id='line_1_85' title="bbox 1865 4101 3451 4175; baseline 0.002 -21"><span class='ocrx_word' id='word_1_661' title='bbox 1865 4101 2011 4155; x_wconf 83' lang='lat' dir='ltr'><strong>diam</strong></span> <span class='ocrx_word' id='word_1_662' title='bbox 2043 4112 2189 4156; x_wconf 87' lang='lat' dir='ltr'><strong>tuam</strong></span> <span class='ocrx_word' id='word_1_663' title='bbox 2218 4112 2268 4156; x_wconf 88' lang='lat' dir='ltr'><strong>et</strong></span> <span class='ocrx_word' id='word_1_664' title='bbox 2292 4102 2564 4173; x_wconf 75' lang='lat' dir='ltr'><strong>justitiam</strong></span> <span class='ocrx_word' id='word_1_665' title='bbox 2597 4112 2764 4168; x_wconf 90' lang='lat' dir='ltr'><strong>tuam,</strong></span> <span class='ocrx_word' id='word_1_666' title='bbox 2798 4117 2905 4173; x_wconf 92' lang='lat' dir='ltr'><strong>qua</strong></span> <span class='ocrx_word' id='word_1_667' title='bbox 2928 4117 3030 4173; x_wconf 90' lang='lat' dir='ltr'><strong>pro</strong></span> <span class='ocrx_word' id='word_1_668' title='bbox 3060 4117 3242 4159; x_wconf 87' lang='lat' dir='ltr'><strong>rerum</strong></span> <span class='ocrx_word' id='word_1_669' title='bbox 3274 4103 3451 4175; x_wconf 83' lang='lat' dir='ltr'><strong>digni-</strong></span> 
     </span>
    </p>
   </div>
   <div class='ocr_carea' id='block_1_86' title="bbox 1860 4193 3445 4265">
    <p class='ocr_par' dir='ltr' id='par_1_86' title="bbox 1860 4193 3445 4265">
     <span class='ocr_line' id='line_1_86' title="bbox 1860 4193 3445 4265; baseline -0.001 -16"><span class='ocrx_word' id='word_1_670' title='bbox 1860 4202 1973 4249; x_wconf 88' lang='lat' dir='ltr'><strong>tate</strong></span> <span class='ocrx_word' id='word_1_671' title='bbox 1991 4193 2267 4264; x_wconf 88' lang='lat' dir='ltr'><strong>judicans,</strong></span> <span class='ocrx_word' id='word_1_672' title='bbox 2287 4195 2410 4251; x_wconf 90' lang='lat' dir='ltr'><strong>aliis</strong></span> <span class='ocrx_word' id='word_1_673' title='bbox 2431 4196 2731 4251; x_wconf 87' lang='lat' dir='ltr'><strong>secundum</strong></span> <span class='ocrx_word' id='word_1_674' title='bbox 2752 4209 2915 4265; x_wconf 85' lang='lat' dir='ltr'><strong>opera</strong></span> <span class='ocrx_word' id='word_1_675' title='bbox 2941 4209 3129 4249; x_wconf 87' lang='lat' dir='ltr'><strong>eorum</strong></span> <span class='ocrx_word' id='word_1_676' title='bbox 3155 4195 3445 4260; x_wconf 83' lang='lat' dir='ltr'><strong>retribues,</strong></span> 
     </span>
    </p>
   </div>
   <div class='ocr_carea' id='block_1_87' title="bbox 1862 4285 3449 4358">
    <p class='ocr_par' dir='ltr' id='par_1_87' title="bbox 1862 4285 3449 4358">
     <span class='ocr_line' id='line_1_87' title="bbox 1862 4285 3449 4358; baseline 0 -16"><span class='ocrx_word' id='word_1_677' title='bbox 1862 4287 1985 4344; x_wconf 88' lang='lat' dir='ltr'><strong>aliis</strong></span> <span class='ocrx_word' id='word_1_678' title='bbox 2015 4288 2284 4358; x_wconf 84' lang='lat' dir='ltr'><strong>promissa</strong></span> <span class='ocrx_word' id='word_1_679' title='bbox 2311 4297 2407 4343; x_wconf 90' lang='lat' dir='ltr'><strong>tua</strong></span> <span class='ocrx_word' id='word_1_680' title='bbox 2432 4288 2805 4345; x_wconf 79' lang='lat' dir='ltr'><strong>conﬁrmabis.</strong></span> <span class='ocrx_word' id='word_1_681' title='bbox 2849 4287 2958 4343; x_wconf 89' lang='lat' dir='ltr'><strong>Pro</strong></span> <span class='ocrx_word' id='word_1_682' title='bbox 2985 4288 3078 4341; x_wconf 89' lang='lat' dir='ltr'><strong>illo</strong></span> <span class='ocrx_word' id='word_1_683' title='bbox 3110 4294 3290 4342; x_wconf 89' lang='lat' dir='ltr'><strong>autem</strong></span> <span class='ocrx_word' id='word_1_684' title='bbox 3325 4304 3339 4342; x_wconf 73' lang='grc' dir='ltr'><strong>ε</strong></span> <span class='ocrx_word' id='word_1_685' title='bbox 3376 4285 3449 4342; x_wconf 86' lang='lat' dir='ltr'><strong>Et</strong></span> 
     </span>
    </p>
   </div>
   <div class='ocr_carea' id='block_1_88' title="bbox 1852 4372 3446 4451">
    <p class='ocr_par' dir='ltr' id='par_1_88' title="bbox 1852 4372 3446 4451">
     <span class='ocr_line' id='line_1_88' title="bbox 1852 4372 3446 4451; baseline 0 -18"><span class='ocrx_word' id='word_1_686' title='bbox 1852 4380 2126 4450; x_wconf 85' lang='lat' dir='ltr'><strong>justitiam</strong></span> <span class='ocrx_word' id='word_1_687' title='bbox 2178 4389 2326 4434; x_wconf 87' lang='lat' dir='ltr'><strong>tuam</strong></span> <span class='ocrx_word' id='word_1_688' title='bbox 2367 4382 2435 4435; x_wconf 86' lang='lat' dir='ltr'><strong>iis</strong></span> <span class='ocrx_word' id='word_1_689' title='bbox 2485 4381 2574 4451; x_wconf 89' lang='lat' dir='ltr'><strong>qui</strong></span> <span class='ocrx_word' id='word_1_690' title='bbox 2624 4391 2764 4436; x_wconf 84' lang='lat' dir='ltr'><strong>recto</strong></span> <span class='ocrx_word' id='word_1_691' title='bbox 2813 4372 2936 4436; x_wconf 84' lang='lat' dir='ltr'><strong>sunt</strong></span> <span class='ocrx_word' id='word_1_692' title='bbox 2967 4380 3157 4441; x_wconf 79' lang='lat' dir='ltr'><strong>corde;</strong></span> <span class='ocrx_word' id='word_1_693' title='bbox 3192 4377 3446 4450; x_wconf 82' lang='lat' dir='ltr'><strong>Symma-</strong></span> 
     </span>
    </p>
   </div>
   <div class='ocr_carea' id='block_1_89' title="bbox 1861 4470 3444 4543">
    <p class='ocr_par' dir='ltr' id='par_1_89' title="bbox 1861 4470 3444 4543">
     <span class='ocr_line' id='line_1_89' title="bbox 1861 4470 3444 4543; baseline -0.001 -15"><span class='ocrx_word' id='word_1_694' title='bbox 1861 4476 2000 4531; x_wconf 85' lang='lat' dir='ltr'><strong>chus</strong></span> <span class='ocrx_word' id='word_1_695' title='bbox 2032 4494 2045 4529; x_wconf 92' lang='lat'>:</span> <span class='ocrx_word' id='word_1_696' title='bbox 2080 4470 2151 4529; x_wconf 89' lang='lat' dir='ltr'><strong>Et</strong></span> <span class='ocrx_word' id='word_1_697' title='bbox 2190 4474 2615 4529; x_wconf 82' lang='lat' dir='ltr'><strong>misericordiam</strong></span> <span class='ocrx_word' id='word_1_698' title='bbox 2663 4473 2993 4543; x_wconf 80' lang='lat' dir='ltr'><strong>simplicibus</strong></span> <span class='ocrx_word' id='word_1_699' title='bbox 3044 4470 3221 4534; x_wconf 83' lang='lat' dir='ltr'><strong>corde,</strong></span> <span class='ocrx_word' id='word_1_700' title='bbox 3253 4470 3444 4527; x_wconf 87' lang='lat' dir='ltr'><strong>edidit.</strong></span> 
     </span>
    </p>
   </div>
   <div class='ocr_carea' id='block_1_90' title="bbox 174 4546 1760 4636">
    <p class='ocr_par' dir='ltr' id='par_1_90' title="bbox 174 4556 1754 4636">
     <span class='ocr_line' id='line_1_90' title="bbox 174 4556 1754 4636; baseline 0.003 -21"><span class='ocrx_word' id='word_1_701' title='bbox 174 4560 452 4631; x_wconf 77' lang='grc' dir='ltr'>καρδίαν,</span> <span class='ocrx_word' id='word_1_702' title='bbox 506 4556 757 4631; x_wconf 77' lang='grc' dir='ltr'>ἐξέδωκε.</span> <span class='ocrx_word' id='word_1_703' title='bbox 813 4565 910 4634; x_wconf 84' lang='grc' dir='ltr'><strong>Μὴ</strong></span> <span class='ocrx_word' id='word_1_704' title='bbox 951 4566 1173 4622; x_wconf 74' lang='grc' dir='ltr'><strong>ἐλθέτω</strong></span> <span class='ocrx_word' id='word_1_705' title='bbox 1215 4583 1318 4635; x_wconf 86' lang='grc' dir='ltr'>μοι</span> <span class='ocrx_word' id='word_1_706' title='bbox 1367 4566 1519 4633; x_wconf 81' lang='grc' dir='ltr'>ποῦς</span> <span class='ocrx_word' id='word_1_707' title='bbox 1570 4569 1754 4636; x_wconf 80' lang='grc' dir='ltr'>ὑπερ-</span> 
     </span>
    </p>
   </div>
   <div class='ocr_carea' id='block_1_91' title="bbox 1866 4546 3447 4636">
    <p class='ocr_par' dir='ltr' id='par_1_91' title="bbox 1866 4565 3447 4636">
     <span class='ocr_line' id='line_1_91' title="bbox 1866 4565 3447 4636; baseline -0.002 -16"><span class='ocrx_word' id='word_1_708' title='bbox 1866 4565 1989 4621; x_wconf 88' lang='lat' dir='ltr'><strong>Non</strong></span> <span class='ocrx_word' id='word_1_709' title='bbox 2022 4569 2195 4622; x_wconf 77' lang='lat' dir='ltr'><strong>veniat</strong></span> <span class='ocrx_word' id='word_1_710' title='bbox 2226 4568 2357 4621; x_wconf 86' lang='lat' dir='ltr'><strong>mihi</strong></span> <span class='ocrx_word' id='word_1_711' title='bbox 2378 4582 2467 4636; x_wconf 84' lang='lat' dir='ltr'><strong>pes</strong></span> <span class='ocrx_word' id='word_1_712' title='bbox 2508 4566 2788 4635; x_wconf 67' lang='lat' dir='ltr'><strong>superbiae,</strong></span> <span class='ocrx_word' id='word_1_713' title='bbox 2823 4575 2874 4621; x_wconf 90' lang='lat' dir='ltr'><strong>et</strong></span> <span class='ocrx_word' id='word_1_714' title='bbox 2921 4582 3110 4617; x_wconf 85' lang='lat' dir='ltr'><strong>manus</strong></span> <span class='ocrx_word' id='word_1_715' title='bbox 3153 4571 3447 4632; x_wconf 76' lang='lat' dir='ltr'><strong>peccatoris</strong></span> 
     </span>
    </p>
   </div>
   <div class='ocr_carea' id='block_1_92' title="bbox 172 4655 1752 4728">
    <p class='ocr_par' dir='ltr' id='par_1_92' title="bbox 172 4655 1752 4728">
     <span class='ocr_line' id='line_1_92' title="bbox 172 4655 1752 4728; baseline 0.004 -22"><span class='ocrx_word' id='word_1_716' title='bbox 172 4656 451 4723; x_wconf 69' lang='grc' dir='ltr'>ηφανιας,</span> <span class='ocrx_word' id='word_1_717' title='bbox 494 4655 592 4709; x_wconf 78' lang='grc' dir='ltr'>καὶ</span> <span class='ocrx_word' id='word_1_718' title='bbox 631 4657 759 4726; x_wconf 75' lang='grc' dir='ltr'>χεὶρ</span> <span class='ocrx_word' id='word_1_719' title='bbox 793 4657 1153 4728; x_wconf 75' lang='grc' dir='ltr'><strong>ἁμαρτωλῶν</strong></span> <span class='ocrx_word' id='word_1_720' title='bbox 1182 4656 1269 4728; x_wconf 82' lang='grc' dir='ltr'><strong>μὴ</strong></span> <span class='ocrx_word' id='word_1_721' title='bbox 1315 4659 1613 4712; x_wconf 72' lang='grc' dir='ltr'>σαλεῦσαι</span> <span class='ocrx_word' id='word_1_722' title='bbox 1655 4676 1752 4728; x_wconf 80' lang='grc' dir='ltr'><strong>με.</strong></span> 
     </span>
    </p>
   </div>
   <div class='ocr_carea' id='block_1_93' title="bbox 188 4745 1753 4822">
    <p class='ocr_par' dir='ltr' id='par_1_93' title="bbox 188 4745 1753 4822">
     <span class='ocr_line' id='line_1_93' title="bbox 188 4745 1753 4822; baseline 0.004 -22"><span class='ocrx_word' id='word_1_723' title='bbox 188 4745 347 4800; x_wconf 83' lang='grc' dir='ltr'><strong>Ἔκεῖ</strong></span> <span class='ocrx_word' id='word_1_724' title='bbox 372 4747 598 4802; x_wconf 77' lang='grc' dir='ltr'>ἔπεσον</span> <span class='ocrx_word' id='word_1_725' title='bbox 629 4752 682 4803; x_wconf 77' lang='grc' dir='ltr'><strong>οἱ</strong></span> <span class='ocrx_word' id='word_1_726' title='bbox 714 4749 1087 4820; x_wconf 77' lang='grc' dir='ltr'>ἐργαζόμενοι</span> <span class='ocrx_word' id='word_1_727' title='bbox 1115 4750 1230 4819; x_wconf 78' lang='grc' dir='ltr'><strong>τὴν</strong></span> <span class='ocrx_word' id='word_1_728' title='bbox 1258 4752 1531 4822; x_wconf 77' lang='grc' dir='ltr'><strong>ἀνομίαν.</strong></span> <span class='ocrx_word' id='word_1_729' title='bbox 1583 4751 1753 4817; x_wconf 76' lang='grc' dir='ltr'><strong>Ἐξώ-</strong></span> 
     </span>
    </p>
   </div>
   <div class='ocr_carea' id='block_1_94' title="bbox 176 4840 1754 4916">
    <p class='ocr_par' dir='ltr' id='par_1_94' title="bbox 176 4840 1754 4916">
     <span class='ocr_line' id='line_1_94' title="bbox 176 4840 1754 4916; baseline 0.003 -24"><span class='ocrx_word' id='word_1_730' title='bbox 176 4842 417 4906; x_wconf 84' lang='grc' dir='ltr'>σθησαν</span> <span class='ocrx_word' id='word_1_731' title='bbox 472 4840 569 4893; x_wconf 72' lang='grc' dir='ltr'>καὶ</span> <span class='ocrx_word' id='word_1_732' title='bbox 624 4843 697 4895; x_wconf 88' lang='grc' dir='ltr'><strong>οὺ</strong></span> <span class='ocrx_word' id='word_1_733' title='bbox 744 4840 830 4911; x_wconf 81' lang='grc' dir='ltr'><strong>μὴ</strong></span> <span class='ocrx_word' id='word_1_734' title='bbox 881 4841 1252 4911; x_wconf 70' lang='grc' dir='ltr'>δυνήσονται</span> <span class='ocrx_word' id='word_1_735' title='bbox 1306 4842 1548 4913; x_wconf 81' lang='grc' dir='ltr'>στῆναι.</span> <span class='ocrx_word' id='word_1_736' title='bbox 1601 4840 1754 4916; x_wconf 84' lang='grc' dir='ltr'><strong>Μηδὲ</strong></span> 
     </span>
    </p>
   </div>
   <div class='ocr_carea' id='block_1_95' title="bbox 176 4932 1754 5010">
    <p class='ocr_par' dir='ltr' id='par_1_95' title="bbox 176 4932 1754 5010">
     <span class='ocr_line' id='line_1_95' title="bbox 176 4932 1754 5010; baseline 0.003 -23"><span class='ocrx_word' id='word_1_737' title='bbox 176 4932 371 5002; x_wconf 82' lang='grc' dir='ltr'>κτησαί</span> <span class='ocrx_word' id='word_1_738' title='bbox 376 4949 483 5003; x_wconf 91' lang='grc' dir='ltr'>μην</span> <span class='ocrx_word' id='word_1_739' title='bbox 506 4936 663 5006; x_wconf 78' lang='grc' dir='ltr'>χεῖρα</span> <span class='ocrx_word' id='word_1_740' title='bbox 685 4935 779 4989; x_wconf 68' lang='grc' dir='ltr'><strong>καὶ</strong></span> <span class='ocrx_word' id='word_1_741' title='bbox 800 4933 1027 5007; x_wconf 78' lang='grc' dir='ltr'>πράξεις</span> <span class='ocrx_word' id='word_1_742' title='bbox 1048 4935 1388 5009; x_wconf 80' lang='grc' dir='ltr'>ἁμαρτωλῶν</span> <span class='ocrx_word' id='word_1_743' title='bbox 1407 4953 1422 4968; x_wconf 90' lang='grc'><strong>·</strong></span> <span class='ocrx_word' id='word_1_744' title='bbox 1456 4935 1627 4991; x_wconf 78' lang='grc' dir='ltr'>ταῦτα</span> <span class='ocrx_word' id='word_1_745' title='bbox 1645 4937 1754 5010; x_wconf 78' lang='grc' dir='ltr'>γὰρ</span> 
     </span>
    </p>
   </div>
   <div class='ocr_carea' id='block_1_96' title="bbox 179 5023 1754 5102">
    <p class='ocr_par' dir='ltr' id='par_1_96' title="bbox 179 5023 1754 5102">
     <span class='ocr_line' id='line_1_96' title="bbox 179 5023 1754 5102; baseline 0.004 -25"><span class='ocrx_word' id='word_1_746' title='bbox 179 5023 418 5077; x_wconf 77' lang='grc' dir='ltr'>σαλεύειν</span> <span class='ocrx_word' id='word_1_747' title='bbox 486 5024 643 5079; x_wconf 75' lang='grc' dir='ltr'>εἴωθε</span> <span class='ocrx_word' id='word_1_748' title='bbox 682 5027 775 5081; x_wconf 72' lang='grc' dir='ltr'><strong>καὶ</strong></span> <span class='ocrx_word' id='word_1_749' title='bbox 831 5029 1139 5099; x_wconf 84' lang='grc' dir='ltr'>μετακινεῖν</span> <span class='ocrx_word' id='word_1_750' title='bbox 1185 5029 1286 5101; x_wconf 84' lang='grc' dir='ltr'><strong>τῆς</strong></span> <span class='ocrx_word' id='word_1_751' title='bbox 1341 5029 1491 5100; x_wconf 82' lang='grc' dir='ltr'>παρὰ</span> <span class='ocrx_word' id='word_1_752' title='bbox 1539 5031 1623 5084; x_wconf 78' lang='grc' dir='ltr'>σοὶ</span> <span class='ocrx_word' id='word_1_753' title='bbox 1675 5029 1754 5102; x_wconf 84' lang='grc' dir='ltr'><strong>τῷ</strong></span> 
     </span>
    </p>
   </div>
   <div class='ocr_carea' id='block_1_97' title="bbox 177 5119 1754 5194">
    <p class='ocr_par' dir='ltr' id='par_1_97' title="bbox 177 5119 1754 5194">
     <span class='ocr_line' id='line_1_97' title="bbox 177 5119 1754 5194; baseline 0.001 -21"><span class='ocrx_word' id='word_1_754' title='bbox 177 5119 291 5190; x_wconf 85' lang='grc' dir='ltr'><strong>Θεῷ</strong></span> <span class='ocrx_word' id='word_1_755' title='bbox 334 5119 579 5184; x_wconf 81' lang='grc' dir='ltr'>στάσεως</span> <span class='ocrx_word' id='word_1_756' title='bbox 627 5122 753 5185; x_wconf 80' lang='grc' dir='ltr'>τοὺς</span> <span class='ocrx_word' id='word_1_757' title='bbox 797 5122 877 5185; x_wconf 80' lang='grc' dir='ltr'><strong>εἰς</strong></span> <span class='ocrx_word' id='word_1_758' title='bbox 922 5120 984 5174; x_wconf 74' lang='grc' dir='ltr'>τὸ</span> <span class='ocrx_word' id='word_1_759' title='bbox 1015 5121 1203 5186; x_wconf 83' lang='grc' dir='ltr'>σκότος</span> <span class='ocrx_word' id='word_1_760' title='bbox 1238 5121 1298 5174; x_wconf 81' lang='grc' dir='ltr'><strong>τὸ</strong></span> <span class='ocrx_word' id='word_1_761' title='bbox 1328 5119 1593 5194; x_wconf 76' lang='grc' dir='ltr'>ἐξώτερον</span> <span class='ocrx_word' id='word_1_762' title='bbox 1624 5120 1754 5186; x_wconf 75' lang='grc' dir='ltr'><strong>ἐξω-</strong></span> 
     </span>
    </p>
   </div>
   <div class='ocr_carea' id='block_1_98' title="bbox 181 5213 1760 5287">
    <p class='ocr_par' dir='ltr' id='par_1_98' title="bbox 181 5213 1760 5287">
     <span class='ocr_line' id='line_1_98' title="bbox 181 5213 1760 5287; baseline 0.001 -20"><span class='ocrx_word' id='word_1_763' title='bbox 181 5213 554 5285; x_wconf 83' lang='grc' dir='ltr'>σοησομένους.</span> <span class='ocrx_word' id='word_1_764' title='bbox 583 5213 731 5267; x_wconf 68' lang='grc' dir='ltr'>’Δντὶ</span> <span class='ocrx_word' id='word_1_765' title='bbox 766 5213 823 5267; x_wconf 80' lang='grc' dir='ltr'>δὲ</span> <span class='ocrx_word' id='word_1_766' title='bbox 856 5213 947 5267; x_wconf 80' lang='grc' dir='ltr'><strong>τοῦ</strong></span> <span class='ocrx_word' id='word_1_767' title='bbox 967 5231 979 5244; x_wconf 87' lang='grc'><strong>·</strong></span> <span class='ocrx_word' id='word_1_768' title='bbox 1021 5213 1182 5268; x_wconf 83' lang='grc' dir='ltr'>Ἐκεῖ</span> <span class='ocrx_word' id='word_1_769' title='bbox 1198 5214 1445 5280; x_wconf 75' lang='grc' dir='ltr'>ἔπεσον,</span> <span class='ocrx_word' id='word_1_770' title='bbox 1472 5217 1500 5269; x_wconf 91' lang='lat'><strong>6</strong></span> <span class='ocrx_word' id='word_1_771' title='bbox 1532 5215 1760 5287; x_wconf 80' lang='grc' dir='ltr'>Σύμμα-</span> 
     </span>
    </p>
   </div>
   <div class='ocr_carea' id='block_1_99' title="bbox 176 5305 1757 5378">
    <p class='ocr_par' dir='ltr' id='par_1_99' title="bbox 176 5305 1757 5378">
     <span class='ocr_line' id='line_1_99' title="bbox 176 5305 1757 5378; baseline 0 -18"><span class='ocrx_word' id='word_1_772' title='bbox 176 5322 285 5377; x_wconf 87' lang='grc' dir='ltr'>χος,</span> <span class='ocrx_word' id='word_1_773' title='bbox 330 5305 482 5360; x_wconf 82' lang='grc' dir='ltr'>ὅπου</span> <span class='ocrx_word' id='word_1_774' title='bbox 511 5307 837 5361; x_wconf 76' lang='grc' dir='ltr'>πίπτουσιν</span> <span class='ocrx_word' id='word_1_775' title='bbox 861 5309 912 5361; x_wconf 85' lang='grc' dir='ltr'><strong>οἱ</strong></span> <span class='ocrx_word' id='word_1_776' title='bbox 939 5306 1309 5378; x_wconf 70' lang='grc' dir='ltr'>ἐργαζόμενοι</span> <span class='ocrx_word' id='word_1_777' title='bbox 1344 5306 1460 5377; x_wconf 78' lang='grc' dir='ltr'>τὴν</span> <span class='ocrx_word' id='word_1_778' title='bbox 1496 5307 1757 5372; x_wconf 81' lang='grc' dir='ltr'>ἀδικίαν,</span> 
     </span>
    </p>
   </div>
   <div class='ocr_carea' id='block_1_100' title="bbox 178 5394 1754 5471">
    <p class='ocr_par' dir='ltr' id='par_1_100' title="bbox 178 5394 1754 5471">
     <span class='ocr_line' id='line_1_100' title="bbox 178 5394 1754 5471; baseline 0.001 -21"><span class='ocrx_word' id='word_1_779' title='bbox 178 5394 419 5461; x_wconf 74' lang='grc' dir='ltr'>ἐξέδωκε.</span> <span class='ocrx_word' id='word_1_780' title='bbox 446 5397 537 5469; x_wconf 77' lang='grc' dir='ltr'><strong>Μὴ</strong></span> <span class='ocrx_word' id='word_1_781' title='bbox 565 5396 674 5471; x_wconf 86' lang='grc' dir='ltr'><strong>γὰρ</strong></span> <span class='ocrx_word' id='word_1_782' title='bbox 700 5395 980 5467; x_wconf 81' lang='grc' dir='ltr'>γενοίμην,</span> <span class='ocrx_word' id='word_1_783' title='bbox 1012 5396 1199 5468; x_wconf 75' lang='grc' dir='ltr'>φησὶν,</span> <span class='ocrx_word' id='word_1_784' title='bbox 1228 5399 1362 5461; x_wconf 75' lang='grc' dir='ltr'>ἐκεῖ,</span> <span class='ocrx_word' id='word_1_785' title='bbox 1394 5396 1522 5451; x_wconf 75' lang='grc' dir='ltr'>ἔνθα</span> <span class='ocrx_word' id='word_1_786' title='bbox 1564 5397 1613 5451; x_wconf 77' lang='grc' dir='ltr'>οἱ</span> <span class='ocrx_word' id='word_1_787' title='bbox 1659 5414 1754 5451; x_wconf 88' lang='grc' dir='ltr'>σα-</span> 
     </span>
    </p>
   </div>
   <div class='ocr_carea' id='block_1_101' title="bbox 1864 4653 3447 4726">
    <p class='ocr_par' dir='ltr' id='par_1_101' title="bbox 1864 4653 3447 4726">
     <span class='ocr_line' id='line_1_101' title="bbox 1864 4653 3447 4726; baseline -0.005 -13"><span class='ocrx_word' id='word_1_788' title='bbox 1864 4677 1966 4715; x_wconf 89' lang='lat' dir='ltr'><strong>non</strong></span> <span class='ocrx_word' id='word_1_789' title='bbox 1998 4670 2201 4714; x_wconf 67' lang='lat' dir='ltr'><strong>moveat</strong></span> <span class='ocrx_word' id='word_1_790' title='bbox 2231 4677 2330 4715; x_wconf 90' lang='lat' dir='ltr'><strong>me.</strong></span> <span class='ocrx_word' id='word_1_791' title='bbox 2364 4658 2449 4713; x_wconf 84' lang='lat' dir='ltr'><strong>Ibi</strong></span> <span class='ocrx_word' id='word_1_792' title='bbox 2479 4658 2777 4714; x_wconf 80' lang='lat' dir='ltr'><strong>ceciderunt</strong></span> <span class='ocrx_word' id='word_1_793' title='bbox 2807 4656 2896 4726; x_wconf 82' lang='lat' dir='ltr'><strong>qui</strong></span> <span class='ocrx_word' id='word_1_794' title='bbox 2920 4664 3208 4725; x_wconf 85' lang='lat' dir='ltr'><strong>operantur</strong></span> <span class='ocrx_word' id='word_1_795' title='bbox 3252 4653 3447 4722; x_wconf 85' lang='lat' dir='ltr'><strong>iniqui-</strong></span> 
     </span>
    </p>
   </div>
   <div class='ocr_carea' id='block_1_102' title="bbox 1865 4744 3447 4824">
    <p class='ocr_par' dir='ltr' id='par_1_102' title="bbox 1865 4744 3447 4824">
     <span class='ocr_line' id='line_1_102' title="bbox 1865 4744 3447 4824; baseline -0.004 -17"><span class='ocrx_word' id='word_1_796' title='bbox 1865 4762 2046 4818; x_wconf 87' lang='lat' dir='ltr'><strong>tatem,</strong></span> <span class='ocrx_word' id='word_1_797' title='bbox 2079 4753 2289 4824; x_wconf 76' lang='lat' dir='ltr'><strong>expulsi</strong></span> <span class='ocrx_word' id='word_1_798' title='bbox 2334 4762 2478 4818; x_wconf 84' lang='lat' dir='ltr'><strong>sunt,</strong></span> <span class='ocrx_word' id='word_1_799' title='bbox 2507 4769 2599 4807; x_wconf 86' lang='lat' dir='ltr'><strong>nec</strong></span> <span class='ocrx_word' id='word_1_800' title='bbox 2646 4755 2893 4819; x_wconf 86' lang='lat' dir='ltr'><strong>poterunt</strong></span> <span class='ocrx_word' id='word_1_801' title='bbox 2942 4756 3105 4802; x_wconf 81' lang='lat' dir='ltr'><strong>stare.</strong></span> <span class='ocrx_word' id='word_1_802' title='bbox 3133 4744 3213 4801; x_wconf 82' lang='lat' dir='ltr'><strong>Ne</strong></span> <span class='ocrx_word' id='word_1_803' title='bbox 3250 4759 3447 4801; x_wconf 83' lang='lat' dir='ltr'><strong>manus</strong></span> 
     </span>
    </p>
   </div>
   <div class='ocr_carea' id='block_1_103' title="bbox 1860 4837 3445 4917">
    <p class='ocr_par' dir='ltr' id='par_1_103' title="bbox 1860 4837 3445 4917">
     <span class='ocr_line' id='line_1_103' title="bbox 1860 4837 3445 4917; baseline -0.008 -15"><span class='ocrx_word' id='word_1_804' title='bbox 1860 4855 1914 4901; x_wconf 90' lang='lat' dir='ltr'><strong>et</strong></span> <span class='ocrx_word' id='word_1_805' title='bbox 1964 4853 2115 4917; x_wconf 87' lang='lat' dir='ltr'><strong>gesta</strong></span> <span class='ocrx_word' id='word_1_806' title='bbox 2166 4852 2518 4915; x_wconf 88' lang='lat' dir='ltr'><strong>peccatorum</strong></span> <span class='ocrx_word' id='word_1_807' title='bbox 2547 4841 2823 4897; x_wconf 88' lang='lat' dir='ltr'><strong>obtineam</strong></span> <span class='ocrx_word' id='word_1_808' title='bbox 2857 4858 2870 4894; x_wconf 90' lang='lat'><strong>:</strong></span> <span class='ocrx_word' id='word_1_809' title='bbox 2904 4838 3021 4893; x_wconf 63' lang='lat' dir='ltr'><strong>haec</strong></span> <span class='ocrx_word' id='word_1_810' title='bbox 3049 4837 3251 4909; x_wconf 87' lang='lat' dir='ltr'><strong>quippe</strong></span> <span class='ocrx_word' id='word_1_811' title='bbox 3277 4850 3445 4891; x_wconf 75' lang='lat' dir='ltr'><strong>excu-</strong></span> 
     </span>
    </p>
   </div>
   <div class='ocr_carea' id='block_1_104' title="bbox 1863 4926 3447 5001">
    <p class='ocr_par' dir='ltr' id='par_1_104' title="bbox 1863 4926 3447 5001">
     <span class='ocr_line' id='line_1_104' title="bbox 1863 4926 3447 5001; baseline -0.006 -9"><span class='ocrx_word' id='word_1_812' title='bbox 1863 4945 1977 4993; x_wconf 88' lang='lat' dir='ltr'><strong>tere</strong></span> <span class='ocrx_word' id='word_1_813' title='bbox 2011 4937 2189 4992; x_wconf 89' lang='lat' dir='ltr'><strong>solent</strong></span> <span class='ocrx_word' id='word_1_814' title='bbox 2215 4944 2269 4991; x_wconf 90' lang='lat' dir='ltr'><strong>et</strong></span> <span class='ocrx_word' id='word_1_815' title='bbox 2304 4948 2585 4989; x_wconf 85' lang='lat' dir='ltr'><strong>removere</strong></span> <span class='ocrx_word' id='word_1_816' title='bbox 2635 4933 2734 4988; x_wconf 85' lang='lat' dir='ltr'><strong>abs</strong></span> <span class='ocrx_word' id='word_1_817' title='bbox 2760 4940 2812 4986; x_wconf 90' lang='lat' dir='ltr'><strong>te</strong></span> <span class='ocrx_word' id='word_1_818' title='bbox 2842 4945 2938 4987; x_wconf 85' lang='lat' dir='ltr'><strong>eos</strong></span> <span class='ocrx_word' id='word_1_819' title='bbox 2967 4929 3058 5001; x_wconf 90' lang='lat' dir='ltr'><strong>qui</strong></span> <span class='ocrx_word' id='word_1_820' title='bbox 3095 4929 3151 4985; x_wconf 90' lang='lat' dir='ltr'><strong>in</strong></span> <span class='ocrx_word' id='word_1_821' title='bbox 3187 4926 3447 4991; x_wconf 80' lang='lat' dir='ltr'><strong>tenebras</strong></span> 
     </span>
    </p>
   </div>
   <div class='ocr_carea' id='block_1_105' title="bbox 1859 5018 3483 5100">
    <p class='ocr_par' dir='ltr' id='par_1_105' title="bbox 1859 5018 3483 5100">
     <span class='ocr_line' id='line_1_105' title="bbox 1859 5018 3483 5100; baseline -0.009 -13"><span class='ocrx_word' id='word_1_822' title='bbox 1859 5032 2164 5088; x_wconf 82' lang='lat' dir='ltr'><strong>exteriores</strong></span> <span class='ocrx_word' id='word_1_823' title='bbox 2207 5029 2575 5100; x_wconf 83' lang='lat' dir='ltr'><strong>depelluntur.</strong></span> <span class='ocrx_word' id='word_1_824' title='bbox 2606 5025 2716 5081; x_wconf 89' lang='lat' dir='ltr'><strong>Pro</strong></span> <span class='ocrx_word' id='word_1_825' title='bbox 2744 5026 2839 5080; x_wconf 93' lang='lat' dir='ltr'><strong>illo</strong></span> <span class='ocrx_word' id='word_1_826' title='bbox 2870 5030 3051 5078; x_wconf 89' lang='lat' dir='ltr'><strong>autem</strong></span> <span class='ocrx_word' id='word_1_827' title='bbox 3081 5040 3093 5075; x_wconf 91' lang='lat'>:</span> <span class='ocrx_word' id='word_1_828' title='bbox 3129 5018 3444 5080; x_wconf 82' lang='lat' dir='ltr'><strong>Ibi.cecide-</strong></span> <span class='ocrx_word' id='word_1_829' title='bbox 3476 5028 3483 5035; x_wconf 94' lang='lat'>&#39;</span> 
     </span>
    </p>
   </div>
   <div class='ocr_carea' id='block_1_106' title="bbox 1858 5115 3446 5196">
    <p class='ocr_par' dir='ltr' id='par_1_106' title="bbox 1858 5115 3446 5196">
     <span class='ocr_line' id='line_1_106' title="bbox 1858 5115 3446 5196; baseline -0.008 -17"><span class='ocrx_word' id='word_1_830' title='bbox 1858 5134 2003 5187; x_wconf 86' lang='lat' dir='ltr'><strong>runt,</strong></span> <span class='ocrx_word' id='word_1_831' title='bbox 2043 5122 2405 5196; x_wconf 81' lang='lat' dir='ltr'><strong>Symmachus</strong></span> <span class='ocrx_word' id='word_1_832' title='bbox 2425 5120 2618 5184; x_wconf 84' lang='lat' dir='ltr'><strong>edidit,</strong></span> <span class='ocrx_word' id='word_1_833' title='bbox 2662 5120 2757 5174; x_wconf 88' lang='lat' dir='ltr'><strong>ubi</strong></span> <span class='ocrx_word' id='word_1_834' title='bbox 2805 5117 3003 5173; x_wconf 76' lang='lat' dir='ltr'><strong>cadunt</strong></span> <span class='ocrx_word' id='word_1_835' title='bbox 3042 5115 3132 5189; x_wconf 81' lang='lat' dir='ltr'><strong>qui</strong></span> <span class='ocrx_word' id='word_1_836' title='bbox 3157 5122 3446 5185; x_wconf 81' lang='lat' dir='ltr'><strong>operantur</strong></span> 
     </span>
    </p>
   </div>
   <div class='ocr_carea' id='block_1_107' title="bbox 1860 5210 3442 5287">
    <p class='ocr_par' dir='ltr' id='par_1_107' title="bbox 1860 5210 3442 5287">
     <span class='ocr_line' id='line_1_107' title="bbox 1860 5210 3442 5287; baseline -0.006 -17"><span class='ocrx_word' id='word_1_837' title='bbox 1860 5216 2215 5287; x_wconf 86' lang='lat' dir='ltr'><strong>iniquitatem.</strong></span> <span class='ocrx_word' id='word_1_838' title='bbox 2242 5213 2338 5277; x_wconf 88' lang='lat' dir='ltr'><strong>Ne,</strong></span> <span class='ocrx_word' id='word_1_839' title='bbox 2370 5214 2568 5283; x_wconf 87' lang='lat' dir='ltr'><strong>inquit,</strong></span> <span class='ocrx_word' id='word_1_840' title='bbox 2600 5228 2666 5268; x_wconf 90' lang='lat' dir='ltr'><strong>eo</strong></span> <span class='ocrx_word' id='word_1_841' title='bbox 2711 5213 2767 5268; x_wconf 90' lang='lat' dir='ltr'><strong>in</strong></span> <span class='ocrx_word' id='word_1_842' title='bbox 2816 5213 2941 5266; x_wconf 85' lang='lat' dir='ltr'><strong>loco</strong></span> <span class='ocrx_word' id='word_1_843' title='bbox 2993 5210 3119 5274; x_wconf 91' lang='lat' dir='ltr'><strong>sim,</strong></span> <span class='ocrx_word' id='word_1_844' title='bbox 3151 5223 3260 5280; x_wconf 87' lang='lat' dir='ltr'><strong>quo</strong></span> <span class='ocrx_word' id='word_1_845' title='bbox 3289 5221 3442 5262; x_wconf 85' lang='lat' dir='ltr'><strong>com-</strong></span> 
     </span>
    </p>
   </div>
   <div class='ocr_carea' id='block_1_108' title="bbox 1861 5297 3440 5375">
    <p class='ocr_par' dir='ltr' id='par_1_108' title="bbox 1861 5297 3440 5375">
     <span class='ocr_line' id='line_1_108' title="bbox 1861 5297 3440 5375; baseline -0.007 -15"><span class='ocrx_word' id='word_1_846' title='bbox 1861 5306 1996 5361; x_wconf 90' lang='lat' dir='ltr'><strong>moti</strong></span> <span class='ocrx_word' id='word_1_847' title='bbox 2025 5305 2250 5369; x_wconf 89' lang='lat' dir='ltr'><strong>cadunt,</strong></span> <span class='ocrx_word' id='word_1_848' title='bbox 2278 5304 2420 5375; x_wconf 82' lang='lat' dir='ltr'><strong>lapsi</strong></span> <span class='ocrx_word' id='word_1_849' title='bbox 2453 5302 2825 5373; x_wconf 80' lang='lat' dir='ltr'><strong>expelluntur,</strong></span> <span class='ocrx_word' id='word_1_850' title='bbox 2852 5300 3068 5371; x_wconf 84' lang='lat' dir='ltr'><strong>expulsi</strong></span> <span class='ocrx_word' id='word_1_851' title='bbox 3099 5297 3308 5369; x_wconf 86' lang='lat' dir='ltr'><strong>regredi</strong></span> <span class='ocrx_word' id='word_1_852' title='bbox 3332 5311 3440 5351; x_wconf 87' lang='lat' dir='ltr'><strong>non</strong></span> 
     </span>
    </p>
   </div>
   <div class='ocr_carea' id='block_1_109' title="bbox 1861 5389 3436 5469">
    <p class='ocr_par' dir='ltr' id='par_1_109' title="bbox 1861 5389 3436 5469">
     <span class='ocr_line' id='line_1_109' title="bbox 1861 5389 3436 5469; baseline -0.008 -18"><span class='ocrx_word' id='word_1_853' title='bbox 1861 5403 2137 5469; x_wconf 87' lang='lat' dir='ltr'><strong>poterunt.</strong></span> <span class='ocrx_word' id='word_1_854' title='bbox 2172 5394 2298 5451; x_wconf 76' lang='lat' dir='ltr'><strong>Htec</strong></span> <span class='ocrx_word' id='word_1_855' title='bbox 2344 5404 2524 5449; x_wconf 89' lang='lat' dir='ltr'><strong>autem</strong></span> <span class='ocrx_word' id='word_1_856' title='bbox 2577 5400 2979 5463; x_wconf 87' lang='lat' dir='ltr'><strong>consequenter</strong></span> <span class='ocrx_word' id='word_1_857' title='bbox 3032 5389 3248 5453; x_wconf 76' lang='lat' dir='ltr'><strong>eli‘atur,</strong></span> <span class='ocrx_word' id='word_1_858' title='bbox 3286 5394 3436 5457; x_wconf 80' lang='lat' dir='ltr'><strong>post-</strong></span> 
     </span>
    </p>
   </div>
   <div class='ocr_carea' id='block_1_110' title="bbox 175 5479 1760 5562">
    <p class='ocr_par' dir='ltr' id='par_1_110' title="bbox 175 5479 1751 5555">
     <span class='ocr_line' id='line_1_110' title="bbox 175 5479 1751 5555; baseline 0 -12"><span class='ocrx_word' id='word_1_859' title='bbox 175 5487 451 5553; x_wconf 82' lang='grc' dir='ltr'>λευθέντες</span> <span class='ocrx_word' id='word_1_860' title='bbox 492 5489 774 5551; x_wconf 83' lang='grc' dir='ltr'>πίπτουσι,</span> <span class='ocrx_word' id='word_1_861' title='bbox 822 5489 915 5544; x_wconf 80' lang='grc' dir='ltr'><strong>καὶ</strong></span> <span class='ocrx_word' id='word_1_862' title='bbox 966 5479 1223 5553; x_wconf 77' lang='grc' dir='ltr'>πεσόντες</span> <span class='ocrx_word' id='word_1_863' title='bbox 1260 5489 1608 5555; x_wconf 79' lang='grc' dir='ltr'>ὲξωθοῦνται,</span> <span class='ocrx_word' id='word_1_864' title='bbox 1657 5490 1751 5543; x_wconf 74' lang='grc' dir='ltr'>καὶ</span> 
     </span>
    </p>
   </div>
   <div class='ocr_carea' id='block_1_111' title="bbox 1866 5479 3434 5562">
    <p class='ocr_par' dir='ltr' id='par_1_111' title="bbox 1866 5479 3434 5562">
     <span class='ocr_line' id='line_1_111' title="bbox 1866 5479 3434 5562; baseline -0.01 -17"><span class='ocrx_word' id='word_1_865' title='bbox 1866 5506 2022 5562; x_wconf 85' lang='lat' dir='ltr'><strong>quam</strong></span> <span class='ocrx_word' id='word_1_866' title='bbox 2055 5490 2151 5562; x_wconf 91' lang='lat' dir='ltr'><strong>qui</strong></span> <span class='ocrx_word' id='word_1_867' title='bbox 2182 5489 2306 5545; x_wconf 84' lang='lat' dir='ltr'><strong>linis</strong></span> <span class='ocrx_word' id='word_1_868' title='bbox 2334 5488 2439 5544; x_wconf 86' lang='lat' dir='ltr'><strong>erit</strong></span> <span class='ocrx_word' id='word_1_869' title='bbox 2468 5501 2681 5550; x_wconf 90' lang='lat' dir='ltr'><strong>eorum,</strong></span> <span class='ocrx_word' id='word_1_870' title='bbox 2712 5486 2807 5557; x_wconf 90' lang='lat' dir='ltr'><strong>qui</strong></span> <span class='ocrx_word' id='word_1_871' title='bbox 2838 5484 2892 5539; x_wconf 69' lang='lat' dir='ltr'><strong>in</strong></span> <span class='ocrx_word' id='word_1_872' title='bbox 2929 5483 3152 5555; x_wconf 85' lang='lat' dir='ltr'><strong>tegmine</strong></span> <span class='ocrx_word' id='word_1_873' title='bbox 3183 5479 3275 5533; x_wconf 82' lang='lat' dir='ltr'><strong>Dei</strong></span> <span class='ocrx_word' id='word_1_874' title='bbox 3311 5489 3434 5546; x_wconf 83' lang='lat' dir='ltr'><strong>spe-</strong></span> 
     </span>
    </p>
   </div>
   <div class='ocr_carea' id='block_1_112' title="bbox 177 5578 1750 5654">
    <p class='ocr_par' dir='ltr' id='par_1_112' title="bbox 177 5578 1750 5654">
     <span class='ocr_line' id='line_1_112' title="bbox 177 5578 1750 5654; baseline 0.001 -21"><span class='ocrx_word' id='word_1_875' title='bbox 177 5578 492 5645; x_wconf 73' lang='grc' dir='ltr'>δξωσθέντες</span> <span class='ocrx_word' id='word_1_876' title='bbox 513 5580 694 5635; x_wconf 80' lang='grc' dir='ltr'>οὐκέτι</span> <span class='ocrx_word' id='word_1_877' title='bbox 721 5580 1030 5634; x_wconf 76' lang='grc' dir='ltr'>ἐπανελθεῖν</span> <span class='ocrx_word' id='word_1_878' title='bbox 1056 5580 1389 5654; x_wconf 82' lang='grc' dir='ltr'>δυνήσονται.</span> <span class='ocrx_word' id='word_1_879' title='bbox 1420 5580 1750 5645; x_wconf 79' lang='grc' dir='ltr'>’Δκολούθως</span> 
     </span>
    </p>
   </div>
   <div class='ocr_carea' id='block_1_113' title="bbox 1860 5563 3436 5652">
    <p class='ocr_par' dir='ltr' id='par_1_113' title="bbox 1860 5563 3436 5652">
     <span class='ocr_line' id='line_1_113' title="bbox 1860 5563 3436 5652; baseline -0.011 -15"><span class='ocrx_word' id='word_1_880' title='bbox 1860 5581 2124 5648; x_wconf 83' lang='lat' dir='ltr'><strong>raverint,</strong></span> <span class='ocrx_word' id='word_1_881' title='bbox 2161 5579 2475 5652; x_wconf 89' lang='lat' dir='ltr'><strong>descripsit,</strong></span> <span class='ocrx_word' id='word_1_882' title='bbox 2506 5583 2792 5649; x_wconf 88' lang='lat' dir='ltr'><strong>resumpta</strong></span> <span class='ocrx_word' id='word_1_883' title='bbox 2821 5573 2996 5645; x_wconf 88' lang='lat' dir='ltr'><strong>impii,</strong></span> <span class='ocrx_word' id='word_1_884' title='bbox 3032 5571 3125 5645; x_wconf 90' lang='lat' dir='ltr'><strong>qui</strong></span> <span class='ocrx_word' id='word_1_885' title='bbox 3158 5568 3317 5626; x_wconf 89' lang='lat' dir='ltr'><strong>initio</strong></span> <span class='ocrx_word' id='word_1_886' title='bbox 3348 5563 3436 5621; x_wconf 79' lang='lat' dir='ltr'><strong>di-</strong></span> 
     </span>
    </p>
   </div>
   <div class='ocr_carea' id='block_1_114' title="bbox 246 5834 1760 5913">
    <p class='ocr_par' dir='ltr' id='par_1_114' title="bbox 246 5840 1741 5913">
     <span class='ocr_line' id='line_1_114' title="bbox 246 5840 1741 5913; baseline -0.003 -8"><span class='ocrx_word' id='word_1_887' title='bbox 246 5848 290 5882; x_wconf 86' lang='grc'><strong>³⁶</strong></span> <span class='ocrx_word' id='word_1_888' title='bbox 325 5845 481 5908; x_wconf 79' lang='lat' dir='ltr'><strong>Rom.</strong></span> <span class='ocrx_word' id='word_1_889' title='bbox 517 5860 581 5913; x_wconf 69' lang='grc' dir='ltr'><strong>ν,</strong></span> <span class='ocrx_word' id='word_1_890' title='bbox 615 5845 667 5902; x_wconf 83' lang='lat'><strong>5.</strong></span> <span class='ocrx_word' id='word_1_891' title='bbox 742 5840 789 5879; x_wconf 79' lang='grc'><strong>⁸⁹</strong></span> <span class='ocrx_word' id='word_1_892' title='bbox 826 5844 973 5903; x_wconf 84' lang='lat' dir='ltr'><strong>Psal.</strong></span> <span class='ocrx_word' id='word_1_893' title='bbox 1007 5859 1149 5912; x_wconf 76' lang='grc' dir='ltr'>ιιν,</span> <span class='ocrx_word' id='word_1_894' title='bbox 1185 5844 1245 5902; x_wconf 76' lang='lat'><strong>5.</strong></span> <span class='ocrx_word' id='word_1_895' title='bbox 1321 5844 1366 5878; x_wconf 85' lang='lat'>“</span> <span class='ocrx_word' id='word_1_896' title='bbox 1402 5843 1550 5902; x_wconf 81' lang='lat' dir='ltr'><strong>Psal.</strong></span> <span class='ocrx_word' id='word_1_897' title='bbox 1584 5860 1741 5913; x_wconf 76' lang='grc' dir='ltr'>ιιιν,</span> 
     </span>
    </p>
   </div>
   <div class='ocr_carea' id='block_1_115' title="bbox 1866 5834 3026 5913">
    <p class='ocr_par' dir='ltr' id='par_1_115' title="bbox 1944 5834 3026 5912">
     <span class='ocr_line' id='line_1_115' title="bbox 1944 5834 3026 5912; baseline -0.011 -10"><span class='ocrx_word' id='word_1_898' title='bbox 1944 5844 1987 5878; x_wconf 81' lang='grc'><strong>⁸¹</strong></span> <span class='ocrx_word' id='word_1_899' title='bbox 2027 5842 2186 5901; x_wconf 83' lang='lat' dir='ltr'><strong>Joan.</strong></span> <span class='ocrx_word' id='word_1_900' title='bbox 2241 5857 2365 5912; x_wconf 78' lang='lat' dir='ltr'><strong>xiv,</strong></span> <span class='ocrx_word' id='word_1_901' title='bbox 2400 5846 2458 5901; x_wconf 85' lang='lat'><strong>6.</strong></span> <span class='ocrx_word' id='word_1_902' title='bbox 2540 5843 2584 5876; x_wconf 83' lang='grc'>⁶²</span> <span class='ocrx_word' id='word_1_903' title='bbox 2622 5837 2782 5897; x_wconf 82' lang='lat' dir='ltr'><strong>Joan.</strong></span> <span class='ocrx_word' id='word_1_904' title='bbox 2819 5853 2872 5903; x_wconf 85' lang='grc' dir='ltr'><strong>ι,</strong></span> <span class='ocrx_word' id='word_1_905' title='bbox 2912 5834 3026 5902; x_wconf 65' lang='lat'><strong>5,4.</strong></span> 
     </span>
    </p>
   </div>
  </div>
