4010 6534
628 368 737 430 525
1336 367 1602 426 EUSEBII
1641 359 2121 425 CESARIENSIS
2158 366 2307 423 OPP.
2345 365 2526 422 PARS
2563 366 2653 422 Ill.
2694 396 2762 407 -—-
2800 366 3210 426 EXEGETICA.
3858 371 3955 425 321

623 491 786 547 ‘cebat
814 491 866 545 in
891 489 1162 559 semetipso
1197 498 1254 541 ut
1284 487 1628 559 delinqueret,
1662 488 2058 557 hominumque
2102 486 2186 557 ips

2309 485 2367 539 δὲ
2412 486 2551 539 αὐτὰ
2597 486 2722 557 ἔφη.
2786 487 2923 557 μετὰ
2970 488 3029 540 τὸ
3062 477 3375 557 ὑπογράψαι
3419 486 3610 538 ὁποῖον
3673 485 3869 538 ἔσται
3902 495 3951 541 τὲ

626 584 908 648 similium,
943 582 1224 637 memoria.

2309 577 2461 641 τέλος
2512 578 2620 631 τῶν
2674 580 2731 631 ὲν
2750 580 2815 650 τῇ
2859 578 3036 650 σκέπῃ
3072 577 3165 632 τοῦ
3199 578 3331 631 Θεοῦ
3359 577 3697 648 ἡλπικότων
3738 577 3949 631 ἐπεῖναι

623 678 912 750 λαμϐάνων
942 676 1039 748 τὴν
1076 676 1294 749 μνήμην
1328 674 1421 729 τοῦ
1454 676 1573 729 κατ’
1602 674 1775 746 ἀρχὰς
1805 672 2155 747 παρανόμου,
2180 672 2239 739 ὃς
2276 674 2511 745 ἔφασκεν
2537 675 2609 729 ὲν
2642 673 2834 740 ἐαυτῷ
2861 674 2966 727 τοῦ
3002 672 3377 743 ἁμαρτάνειν,
3420 674 3515 726 καὶ
3553 672 3687 726 τῶν
3748 672 3947 742 ἐκείνᾳ

624 772 1037 845 παραπλησίων.

1113 891 1164 945 Ι.
1196 888 1469 944 DAVIDIS
1507 886 1744 944 XXXVI.

2814 882 2953 955 T011
2998 884 3195 935 AAl‘IA
3238 880 3375 952 Aq’.

696 1000 828 1055 Noli
875 1001 1121 1055 wntulari
1159 1002 1216 1054 in
1269 1001 1708 1072 malignantibus,
1743 1018 1903 1073 neque
1952 986 2189 1058 zelaverii

2370 998 2465 1071 Μὴ
2505 995 2848 1065 παραζήλου
2882 995 2952 1048 ἐν
2983 993 3507 1064 πονηρευομένοις,
3539 996 3729 1079 μηδὲ
3756 998 3935 1065 ζήλου

617 1074 869 1152 facientes
917 1092 1268 1163 iniquitatem.
1311 1091 1450 1159 Quia
1503 1093 1557 1146 in
1612 1092 1938 1164 praecedenti
1995 1095 2189 1163 psalmc

2305 1093 2447 1157 τοὺς
2506 1089 2829 1155 ποιοῦντας
2882 1086 2997 1155 τὴν
3048 1087 3324 1156 ἀνομίαν.
3396 1074 3628 1160 Ἐπειδὴ
3702 1093 3829 1163 γὰρ
3886 1094 3933 1144 ἑν

619 1193 961 1249 peccatorem
988 1184 1277 1239 induxerat
1310 1202 1430 1240 sese
1462 1186 1528 1239 ad
1563 1196 1782 1256 peccata
1810 1187 2189 1251 concitantem1

2303 1187 2500 1256 ἐκείνῳ
2544 1185 2731 1256 εἰσῆγε
2772 1183 2862 1237 τὸν
2912 1183 3228 1253 παράνομον
3282 1183 3680 1255 παρορμῶντα
3744 1186 3928 1239 ἑαυτὸν)

617 1282 894 1348 vitamque
942 1278 1084 1349 ejus,
1122 1294 1337 1333 necnon
1370 1278 1531 1334 linem
1562 1280 1902 1348 exitiumque
1931 1280 2077 1333 illius
2105 1280 2189 1334 de-

2306 1281 2385 1341 εἰς
2420 1276 2713 1348 ἁμαρτίας,
2748 1275 2839 1328 τόν
2867 1292 2925 1328 τε
2957 1275 3069 1345 βίον
3100 1274 3383 1347 ὑπέγραφε
3409 1275 3504 1327 τοῦ
3542 1275 3826 1329 τοιούτου
3850 1280 3927 1331 καὶ

617 1369 935 1438 scripserat,
968 1376 1366 1438 consequenter
1397 1369 1450 1422 in
1478 1368 1578 1423 hoc
1610 1369 1818 1439 psalmo
1862 1369 2106 1423 hortatur
2130 1369 2189 1423 ad

2305 1370 2366 1421 τὸ
2402 1368 2555 1431 τέλος
2582 1368 2682 1437 τῆς
2708 1365 3090 1436 καταστροφῆς
3120 1364 3303 1417 αὐτοῦ·
3347 1363 3681 1430 ἀκολούθως
3723 1372 3826 1422 ἐπὶ
3848 1368 3923 1422 τ’*νῖ

616 1462 974 1517 declinandos
1017 1461 1389 1531 improborum
1434 1476 1637 1527 mores,
1669 1472 1721 1516 et
1754 1478 1862 1516 non
1894 1464 2199 1517 aemulanda

615 1568 807 1608 eorum
853 1569 1039 1624 opera.
1097 1553 1366 1620 Quoniam
1414 1569 1545 1608 vero
1595 1554 1741 1608 aliud
1796 1562 1879 1609 est
1926 1555 2192 1621 aemulari,

613 1645 761 1699 aliud
807 1646 1013 1712 zelare;
1047 1645 1197 1699 dicas
1246 1644 1525 1699 concitare
1556 1654 1610 1700 et
1638 1645 1704 1700 ad
1744 1646 2068 1719 zelotypiam
2116 1647 2201 1700 in-

613 1737 871 1801 cendere,
910 1737 963 1791 id
1004 1754 1124 1794 esse
1167 1738 1432 1792 aemulari.
1465 1738 1648 1804 Quare
1687 1737 1885 1810 Aquila
1915 1740 1995 1795 sic
2024 1740 2195 1794 inter-

614 1836 862 1897 pretatur
888 1847 899 1881 :
928 1827 1011 1881 Ne
1054 1828 1252 1882 dimica
1299 1845 1417 1881 cum
1464 1829 1911 1899 malignantibus;
1950 1827 2196 1899 Symma-

613 1922 752 1977 chus
780 1938 950 1978 vero:
982 1920 1063 1976 Ne
1098 1922 1356 1976 altercare
1401 1938 1535 1990 cum,
1561 1922 1839 1992 male/Scis.
1876 1921 1990 1976 Hoc
2034 1937 2199 1992 porro

611 2011 819 2067 dictum
866 2028 929 2069 ex
983 2014 1068 2067 his
1112 2014 1384 2085 intelligas
1412 2033 1423 2067 :
1454 2013 1567 2083 Ipsi
1598 2030 1677 2067 me
1703 2008 2116 2082 prouocauerunt
2145 2014 2198 2067 in

609 2122 671 2159 eo
703 2107 793 2177 qui
825 2124 928 2161 non
955 2117 1071 2161 erat
1108 2108 1271 2172 Deus,
1301 2118 1352 2161 et
1380 2109 1726 2162 irritaverant
1758 2109 1810 2161 in
1844 2107 1999 2161 idolis
2030 2110 2142 2162 suis
2178 2123 2197 2160 :

608 2205 663 2252 et
687 2214 777 2269 ego
798 2200 1094 2270 provocabo
1123 2217 1210 2254 eos
1242 2201 1295 2253 in
1323 2217 1382 2254 eo
1409 2202 1499 2270 qui
1528 2218 1629 2253 non
1661 2208 1739 2254 est
1782 2202 2028 2269 populus,
2065 2210 2112 2253 et
2144 2201 2199 2253 in

610 2302 760 2362 gente
788 2294 1064 2361 insipiente
1096 2293 1323 2347 irritabo
1384 2294 1508 2347 illos
1529 2295 1592 2346 ⁸³.
1620 2294 1914 2364 Apostolus
1936 2297 2063 2349 item
2092 2294 2199 2349 Co-

615 2383 834 2438 rinthiis
869 2384 1116 2439 scribens
1143 2385 1215 2438 ita
1245 2385 1523 2455 loquitur:
1553 2386 1635 2439 An
1666 2387 1984 2440 wmulamur
2016 2387 2198 2442 Domi-

610 2490 737 2529 num
769 2474 1065 2546 ?Nunquid
1095 2476 1340 2545 fortiores
1382 2477 1477 2532 illo
1509 2495 1691 2532 sumus
1716 2478 1796 2531 “?
1824 2479 1985 2534 Zelus
2016 2488 2196 2533 autem

611 2584 709 2625 seu
765 2570 1020 2624 voluntas
1083 2569 1391 2640 cujuspiam
1444 2571 1786 2642 adipiscendi
1836 2572 1887 2626 id
1938 2573 2082 2643 quod
2140 2573 2197 2626 in

610 2661 863 2731 proximo
888 2677 1011 2718 esse
1038 2663 1359 2726 arbitratur,
1388 2662 1532 2716 bona
1560 2672 1666 2718 est.
1698 2663 1791 2719 Est
1818 2665 1958 2719 alius
1985 2665 2196 2720 medius

610 2755 784 2819 zelus,
824 2755 1151 2826 plerumque
1185 2756 1311 2811 talis
1339 2758 1555 2826 qualem
1584 2757 1850 2812 describit
1882 2757 2024 2812 idem
2061 2774 2194 2828 apo-

606 2848 785 2903 stolus
841 2847 928 2903 his
962 2848 1143 2904 verbis
1179 2868 1191 2903 :
1225 2847 1581 2903 ﬂmulantur
1637 2868 1725 2905 vos
1775 2867 1878 2905 non
1928 2849 2072 2914 bene,
2105 2851 2195 2904 sed

605 2939 882 2995 excludere
910 2957 997 2995 vos
1034 2941 1295 2995 volunt".
1335 2941 1543 2997 Invidia
1577 2959 1707 2999 sane
1739 2959 2016 3014 nunquam
2051 2945 2195 2998 bona

607 3047 733 3088 esse
760 3042 958 3102 queat;
989 3047 1114 3087 nam
1148 3033 1305 3088 dolor
1322 3041 1407 3088 est
1434 3034 1501 3089 de
1530 3035 1807 3105 prosperis
1842 3036 2074 3105 proximi
2108 3052 2194 3092 re-

609 3124 932 3180 buszzelus
981 3140 1113 3180 vero
1161 3126 1437 3180 interdum
1492 3127 1691 3192 bonus,
1728 3128 1805 3181 uti
1845 3128 2189 3183 tradidimus.

2308 1461 2574 1533 παρόντος
2629 1461 2885 1539 παραινεῖ
2951 1456 3171 1527 φεύγειν
3221 1457 3347 1519 τοὺς
3405 1456 3515 1510 τῶν
3569 1461 3920 1529 παρανόμων

2307 1554 2560 1626 τρόπους,
2602 1553 2735 1623 μηδὲ
2778 1549 2874 1613 τὰς
2906 1550 3124 1621 ὁμοίους
3175 1548 3353 1601 αὐτῶν
3396 1550 3639 1627 πράξεις
3706 1552 3913 1623 (nisis.

2321 1646 2472 1699 Ἐπεὶ
2497 1645 2540 1698 δ’
2568 1644 2754 1715 ἕτερόν
2777 1644 2900 1716 ἐστι.
2916 1641 3007 1693 τοῦ
3045 1639 3239 1710 ζηλοῦν
3257 1640 3316 1693 τὸ
3337 1635 3739 1711 παραζηλοῧν,
3766 1646 3912 1714 ἐρεῖς,

2300 1739 2381 1791 ὅτι
2419 1736 2480 1789 τὸ
2522 1732 2784 1807 ἐρεθίζειν
2823 1728 2917 1785 καὶ
2947 1726 3026 1794 εἷς
3060 1731 3388 1801 ζηλοτυπίαν
3433 1732 3723 1804 ἐγείρειν,
3776 1734 3912 1787 τςεᾉ

2305 1832 2420 1883 ἐστι
2444 1828 2505 1882 τὸ
2536 1823 3070 1897 παραζηλοῦν.”Οθεν
3098 1824 3126 1875 6
3155 1822 3251 1894 μὲν
3268 1821 3497 1886 Ἀκύλας
3518 1825 3904 1896 ἡρμήνευτετ

2301 1921 2399 1990 Μὴ
2430 1918 2719 1990 ιἰαμάχου
2748 1918 2818 1972 ἐν
2849 1908 3386 1983 πονηρευομέ-νοιςλ
3415 1916 3443 1966 6
3476 1900 3533 1966 δὲ
3566 1915 3905 1987 Σύμμαχος·

2299 2013 2396 2081 Μὴ
2432 2006 2761 2081 φιλονείκει
2809 2008 3188 2075 κακούργοις.
3234 2006 3464 2077 Νοήσεις
3494 2006 3553 2058 δὲ
3587 2009 3654 2060 τὸ
3688 2008 3905 2079 εἰρημέο

2300 2122 2388 2157 νον
2438 2104 2533 2156 καὶ
2574 2103 2680 2155 ἀπὸ
2719 2103 2843 2174 τοῦ·
2873 2100 3049 2153 Αὐτοὶ
3099 2096 3528 2167 παρεξήλωσάν
3557 2118 3646 2169 με
3705 2104 3811 2155 ἐπ’

2303 2194 2452 2271 Θεῷ,
2483 2190 2868 2271 παρώργισάν
2912 2210 2989 2261 με
3042 2191 3111 2244 ὲν
3165 2190 3287 2256 τοῖς
3340 2189 3623 2259 εἰδώλοις
3674 2194 3901 2249 ai:th-

2301 2270 2463 2358 κάγὼ
2505 2285 2911 2355 παριιῷιλώσω
2956 2282 3179 2350 αὐτοὺς
3237 2284 3328 2336 ἐπ’
3381 2276 3493 2337 οὐκ
3548 2286 3775 2341 ἔθνει·
3826 2292 3900 2342 ἐπ’

2299 2383 2455 2436 ἔθνει
2489 2378 2762 2443 ἀσυνέτῳ
2785 2370 3081 2446 παροργιῶ
3110 2374 3349 2442 αὐτούς.
3376 2367 3531 2429 Οὕτω
3567 2381 3674 2433 καὶ
3706 2381 3740 2433 6
3759 2383 3901 2436 Ἀτό-

2302 2470 2484 2532 στολος
2527 2470 2753 2540 γράφων
2798 2464 3105 2538 Κορινθίοις
3148 2462 3367 2533 ἕλεγεν³
3420 2467 3491 2522 Ἦ
3517 2462 3901 2540 παραζηλοῦ-

2293 2584 2409 2645 μεν
2444 2566 2550 2619 τὸν
2603 2567 2857 2633 Κύριον;
2909 2563 3006 2631 Μὴ
3040 2565 3408 2632 ἰσχυρότεροι
3440 2564 3641 2646 αὑτοῦ
3680 2566 3899 2637 ἐσμεγ;

2299 2638 2372 2711 Τὸ
2417 2658 2473 2711 δὲ
2515 2654 2710 2728 ζηλοῦν
2764 2656 2858 2709 τοῦ
2916 2655 3197 2727 βούλεσθαι
3232 2656 3323 2709 καλ⁸
3355 2656 3531 2727 ἑαυτῷ
3560 2642 3897 2730 ὑπάρχεινὸ

2298 2749 2508 2820 νομίζει
2540 2750 2616 2820 τῷ
2650 2748 2817 2813 πέλας
2852 2751 3130 2824 παρεῖναι,
3160 2748 3381 2816 ἀγαθόν.
3419 2748 3525 2801 Καὶ
3553 2749 3683 2803 ἔστι
3720 2751 3787 2804 τὸ
3812 2751 3894 2824 ζη-

2296 2842 2419 2894 λοῦν
2449 2841 2637 2912 μέσον⁸
2673 2821 2930 2903 πολλάκις
2973 2841 3082 2911 γὰρ
3132 2842 3161 2893 6
3207 2838 3366 2910 ζῆλος
3404 2842 3533 2910 περὶ
3569 2835 3641 2893 οὗ
3683 2836 3713 2897 6
3744 2821 3893 2906 αὐτος

2298 2949 2491 3005 φησιν’
2527 2932 2837 3000 Ζηλοῦσιν
2867 2930 3023 3001 ὑμᾶς
3053 2936 3125 2986 οὐ
3158 2931 3376 3005 καλῶς,
3408 2934 3544 2986 ἄλλ’
3578 2934 3888 2990 ἐκκλεῖσαι

2297 3008 2449 3093 ὑμᾶς
2483 3023 3002 3087 θέλουσιν.Φθόνος
3044 3023 3141 3094 μὲν
3174 3018 3265 3077 οὖν
3293 3022 3392 3075 οὐκ
3427 3020 3491 3076 ἂν
3518 3023 3748 3090 γένοιτό

2295 3115 2529 3191 ἀγαθός·
2566 3102 2707 3195 λύπη
2737 3116 2844 3185 γάρ
2876 3118 3023 3168 ἐστιν
3079 3114 3172 3168 ἐπὶ
3224 3117 3289 3185 τῇ
3343 3112 3655 3193 τοῦνπέλας
3690 3118 3885 3189 εὐπραι
3974 3102 3981 3195 ί

610 3212 711 3268 Hic
761 3229 948 3285 porro,
980 3214 1279 3269 secundum
1334 3215 1611 3284 Aquilam,
1657 3232 1769 3270 non
1818 3217 2189 3272 dimicandum

2296 3200 2421 3279 yiqt"
2453 3188 2611 3273 ζῆλος
2653 3186 2711 3255 δέ
2747 3205 2894 3256 ἐστιν
2928 3205 3017 3256 ὅτε
3049 3203 3258 3272 γίνεται
3296 3186 3497 3272 ἁγαθος
3531 3202 3731 3271 καθὼς
3763 3186 3885 3260 ἀπο-

606 3318 730 3359 esse
755 3319 879 3358 cum
913 3306 1335 3375 malignantibus
1358 3314 1575 3374 monet;
1604 3308 1904 3362 secundum
1939 3308 2189 3379 Symma-

606 3395 796 3458 chum,
830 3410 938 3450 non
976 3397 1354 3452 altercandum
1407 3414 1530 3452 cum
1565 3400 1863 3467 malelicis;
1889 3401 2189 3456 secundum

605 3487 856 3554 quintam
892 3485 1210 3551 editionem,
1241 3504 1351 3543 non
1401 3490 1603 3543 irritari
1636 3497 1891 3560 oportere
1922 3506 2044 3545 cum
2074 3507 2191 3546 ma-

606 3577 940 3649 lignantibus
960 3597 973 3645 ;
994 3581 1292 3635 secundum
1314 3597 1444 3637 vero
1468 3581 1612 3635 LXX
1638 3602 1649 3635 :
1677 3582 1797 3637 Noli
1825 3584 2068 3639 aemulari
2095 3601 2191 3640 ne-

604 3683 714 3740 que
761 3671 1053 3734 concitari,
1086 3671 1131 3726 si
1177 3673 1312 3728 alios
1348 3674 1488 3729 male
1521 3683 1741 3745 agentes
1770 3676 1981 3741 videas,
2013 3692 2189 3747 neque

603 3769 659 3817 te
684 3764 961 3817 concitent
996 3763 1230 3833 improbi
1266 3781 1527 3835 prospere
1557 3776 1801 3838 agentes,
1842 3776 1900 3822 ut
1948 3778 2007 3822 tu
2049 3785 2191 3840 quo-

602 3870 711 3925 que
765 3855 901 3909 velis
954 3870 1070 3909 rem
1122 3856 1262 3911 bene
1309 3873 1518 3927 gerere.
1562 3859 1861 3929 linamque
1890 3859 1943 3914 in
1976 3876 2034 3914 re
2063 3876 2190 3931 pro-

601 3960 765 4015 spera
815 3952 869 3999 et
913 3944 969 3999 in
1020 3945 1237 4001 deliciis
1287 3958 1510 4016 agentes
1542 3955 1594 4004 te
1622 3950 1920 4020 instigant;
1948 3958 2002 4004 at
2030 3963 2087 4004 tu
2120 3966 2187 4005 ne

600 4035 877 4089 aemuleris
914 4050 1091 4104 neque
1123 4036 1437 4100 concitet-is,
1472 4038 1565 4093 sed
1601 4054 1778 4108 neque
1803 4040 2066 4094 zelaveris
2105 4038 2187 4093 fa-

602 4127 812 4182 cientes
856 4127 1233 4197 iniquitatem;
1276 4145 1345 4185 ne
1383 4131 1574 4185 beatos
1605 4133 1869 4202 praedices
1902 4133 2047 4196 illos,
2081 4148 2187 4187 neu

603 4229 762 4291 putes
791 4220 846 4273 in
876 4220 1035 4275 bonis
1062 4222 1271 4276 versari
1299 4241 1311 4276 :
1338 4238 1441 4278 nec
1481 4224 1600 4293 pari
1644 4224 1806 4278 modo
1844 4239 1959 4277 rem
1998 4240 2187 4294 gerere

602 4319 852 4382 exoptes.

673 4488 839 4545 Vsus.
873 4491 1034 4545 2-9.
1090 4491 1354 4558 Quoniam
1412 4501 1666 4562 tanquam
1712 4492 1890 4560 fenum
1945 4490 2186 4545 velociter

2297 3289 2628 3362 δεδώκαμεν.
2675 3294 2935 3347 Ἐνταῦθα
2964 3295 3020 3347 δὲ
3049 3297 3076 3348 ὁ
3104 3295 3258 3364 λόγος
3289 3296 3428 3348 κατὰ
3471 3296 3570 3366 μὲν
3595 3298 3700 3350 τὸν
3738 3300 3883 3353 Ἀκύ-
3970 3308 3977 3366 j

2296 3385 2393 3438 λαν
2445 3385 2518 3456 μὴ
2584 3386 2946 3458 διαμάχεσθαι
3004 3382 3061 3440 ὲν
3117 3388 3576 3461 πονηρευομένοις
3611 3395 3883 3462 παραινεῖ,

2296 3477 2435 3531 κατὰ
2482 3479 2539 3531 δὲ
2588 3478 2903 3550 Σύμμαχον,
2943 3474 3016 3551 μὴ
3050 3476 3371 3549 φιλονεικεῖν
3420 3482 3479 3533 ἐν
3530 3483 3881 3553 κακούργοις,

2296 3571 2437 3625 κατὰ
2479 3558 2534 3625 δὲ
2582 3568 2679 3643 τὴν
2723 3558 2980 3644 πέμπτην
3030 3573 3260 3635 ἔκδοσιν,
3318 3573 3391 3643 μὴ
3439 3567 3791 3644 ἐρεθίζεσθαι
3836 3580 3882 3629 ὲν
3972 3558 3977 3653 ξ

2296 3661 2776 3734 πονηρευομένοις·
2833 3661 2972 3715 κατὰ
3028 3661 3084 3714 δὲ
3135 3664 3260 3725 τοὺς
3321 3658 3755 3733 Ἑϐδομήκοντα·
3801 3668 3882 3734 Μὴ

2296 3752 2620 3825 παροξύνου,
2659 3754 2814 3823 φησὶ,
2849 3752 2983 3824 μηδὲ
3030 3751 3273 3824 ἐρεθίζου
3304 3752 3442 3824 ὀρῶν
3472 3753 3704 3823 ἐτέρους
3732 3775 3883 3826 novr-

2299 3847 2619 3918 ρευομένους
2637 3864 2650 3876 ·
2682 3844 2817 3917 μηδέ
2847 3863 2905 3899 σε
2935 3846 3295 3917 ἐγειρὲτωσαν
3319 3845 3541 3917 εὐθηνού
3551 3865 3711 3916 μενοι
3734 3850 3879 3903 κακοὶ

2294 3940 2385 3992 ἐπὶ
2411 3930 2471 3991 τὸ
2504 3924 2597 3992 καὶ
2624 3937 2829 3991 ἐθέλειν
2862 3936 3061 4008 ὁμοίως
3092 3938 3276 3999 αὐτοῖς
3297 3938 3615 4009 εὐπραγεῖν.
3658 3941 3877 3993 Ἐκεῖνοι

2297 4030 2393 4098 μὲν
2432 4023 2540 4099 γὰρ
2572 4025 2955 4099 εὐθηνούμενοι
3006 4027 3098 4079 καὶ⁹
3151 4026 3461 4096 τρυφῶντες
3507 4028 3877 4099 παραζηλώσί

2296 4136 2386 4171 σε·
2426 4120 2489 4171 σὺ
2520 4108 2576 4170 δὲ
2610 4117 2684 4190 μὴ
2718 4106 3035 4188 παραζήλου
3066 4116 3200 4187 μηδὲ
3227 4116 3559 4187 παροξύνου⁶
3586 4118 3731 4171 ἀλλὰ
3755 4120 3876 4191 μηδὲ

2295 4204 2456 4281 ζήλου
2474 4211 2597 4272 τοὺς
2615 4208 2899 4272 ποιοῦντας
2926 4207 3174 4279 ἀνομίαν,
3202 4207 3335 4278 μηδὲ
3362 4208 3635 4279 μακάριζε
3665 4213 3873 4277 αὐτοὺς,

2294 4302 2385 4355 καὶ
2412 4304 2468 4355 ὲν
2494 4298 2717 4371 ἀγαθοῖς
2763 4297 2901 4355 εἶναι
2945 4300 3162 4371 νόμιζε”
3207 4298 3328 4371 μηδ’
3361 4298 3519 4371 εὔχου
3554 4302 3651 4353 καὶ
3692 4304 3872 4356 σαυτὸν

2292 4394 2491 4465 ὁμοίως
2524 4395 2704 4458 αὐτοῖς
2736 4394 3012 4466 πράττειν.

2369 4488 2495 4540 Ὅτι
2543 4487 2684 4541 ὡσει
2754 4488 2961 4555 χόρτος
3043 4485 3190 4554 ταχὺ
3250 4484 3868 4553 ἀποξηρανθήσονται.

599 4592 859 4640 arescent.
933 4583 1137 4640 Deinde
1210 4600 1435 4639 causam
1498 4586 1707 4654 aperit,
1788 4585 2009 4651 dicens,
2064 4586 2189 4655 quia

2296 4575 2429 4632 Εἶτα
2456 4579 2553 4649 τὴν
2587 4572 2764 4631 αἰτίαν
2792 4568 3051 4639 διδάσκει,
3078 4573 3269 4643 λέγων,
3298 4576 3380 4628 ὅτι
3412 4575 3471 4627 τὸ
3498 4575 3653 4638 τέλος
3697 4578 3870 4629 αὐτῶν

597 4676 725 4731 ﬁnis
774 4678 989 4731 illorum
1036 4679 1183 4743 talis,
1240 4678 1419 4748 qualis
1475 4677 1583 4732 feni
1641 4677 1821 4732 exitus
1859 4686 1978 4743 est;
2038 4677 2184 4746 quod

597 4780 724 4819 cum
773 4766 1169 4837 aliquantisper
1209 4766 1474 4829 ﬂoruerit,
1506 4765 1766 4819 velociter
1793 4764 2009 4818 arescit.
2044 4760 2183 4817 Nam

596 4858 771 4910 omnis
801 4876 928 4911 caro
953 4859 1153 4927 fenum,
1186 4868 1233 4912 et
1261 4860 1431 4913 omnis
1458 4859 1634 4929 gloria
1664 4858 1775 4927 ejus
1798 4858 1949 4928 quasi
1978 4858 2077 4925 ﬂos
2105 4855 2182 4925 [e—

597 4950 673 5002 ﬂi.
715 4948 1060 5005 Emsiccatum
1110 4962 1185 5005 est
1243 4951 1441 5015 fenum,
1490 4960 1539 5004 et
1591 4951 1689 5019 ﬂos
1744 4950 2017 5007 decidit".
2073 4949 2180 5005 Sed

595 5040 787 5103 etiam,
821 5042 1263 5111 quemadmodum
1298 5042 1444 5095 olera
1474 5040 1755 5095 herbarum
1784 5041 1888 5095 cito
1919 5038 2177 5097 decident.

598 5131 679 5188 Ne
729 5133 949 5202 quidem
995 5132 1143 5203 digni
1189 5142 1318 5188 sunt
1367 5134 1458 5203 qui
1500 5134 1741 5189 oleribus
1769 5134 1821 5187 in
1857 5148 1988 5203 agro
2018 5134 2181 5188 cultis

598 5233 1006 5295 comparentur.
1038 5224 1168 5292 Quae
1200 5242 1365 5281 causa
1394 5226 1561 5296 igitur
1598 5229 1682 5280 est
1713 5242 1812 5280 cur
1834 5242 1928 5280 eos
1956 5225 2181 5279 aemule-

598 5335 745 5384 mur,
780 5319 872 5390 qui
905 5334 1029 5372 cum
1064 5320 1212 5375 brevi
1240 5329 1482 5389 tempore
1508 5319 1812 5379 ﬂoruerint,
1846 5334 1969 5371 eras
2000 5319 2052 5370 in
2077 5318 2178 5371 cli-

598 5410 801 5463 hanum
853 5408 1157 5472 mittentur,
1191 5416 1251 5462 ut
1299 5410 1459 5464 docet
1506 5408 1757 5463 Salvator
1775 5403 1859 5459 ⁶⁷⁴ί
1912 5406 2077 5477 Spera
2124 5408 2180 5461 in

602 5503 846 5565 Domino,
880 5511 927 5555 et
960 5502 1046 5570 [ac
1070 5501 1376 5563 bonitatem,
1405 5512 1452 5555 et
1483 5502 1721 5554 inhabita
1752 5510 1969 5564 terram,
1999 5509 2047 5555 et
2082 5518 2179 5569 pa-

593 5596 756 5650 sceris
784 5596 837 5648 in
866 5595 1064 5649 divitiis
1095 5596 1229 5665 ejus.
1270 5595 1541 5648 Delectare
1568 5594 1620 5646 in
1659 5585 1902 5657 Domino,
1934 5603 1983 5647 et
2027 5591 2176 5647 dabit

591 5837 593 5840 γ
665 5775 713 5807 ⁸⁸
751 5776 905 5832 Dc'ut.
941 5794 1088 5832 xxxii
1112 5819 1126 5844 ,
1158 5778 1249 5831 2|.

2291 4671 2528 4725 τοιοῦτον
2554 4673 2722 4735 ἐστιν,
2750 4673 2931 4723 ὁποῖον
2959 4667 3019 4721 τὸ
3056 4668 3147 4721 τοῦ
3177 4668 3399 4740 χόρτου⁶
3437 4668 3495 4732 ὃς
3526 4668 3663 4739 πρὸς
3698 4670 3870 4737 ὀλίγον

2291 4765 2549 4836 ἀνθήσας,
2596 4765 2733 4835 ταχὺ
2796 4761 3239 4833 ἀποξηραίνεται.
3302 4761 3475 4815 Πᾶσα
3543 4762 3654 4834 γὰρ
3718 4766 3870 4833 σὰρξ

2286 4858 2520 4929 χόρτος,
2553 4856 2651 4909 καὶ
2691 4853 2859 4909 πᾶσα
2886 4854 3036 4919 δόξα
3078 4838 3267 4922 αὐτῆς
3300 4855 3381 4920 ὡς
3405 4852 3589 4918 ἄνθος
3630 4854 3866 4921 χόρτου.

2301 4946 2628 5017 Ἐξηράνθη
2646 4950 2678 5001 ό
2700 4946 2933 5016 χόρτος,
2948 4947 3046 5000 καὶ
3074 4945 3140 4999 τὸ
3168 4946 3351 5007 ἄνθος
3365 4941 3675 5008 ἐξέπεσεν.
3710 4946 3867 4999 Ἀλλὰ

2288 5041 2401 5104 καὶ,
2424 5039 2567 5093 ὡσεὶ
2586 5038 2826 5108 λάχανα
2846 5039 3035 5108 χλόης
3064 5037 3215 5108 ταχὺ
3243 5025 3689 5092 ἀποπεσοῦνται
3710 5055 3727 5067 ο
3750 5039 3865 5092 οὐδὲ

2288 5130 2721 5202 γεωργουμένοις
2764 5129 3015 5201 λαχάνοις
3055 5127 3193 5196 ἄξιοί
3242 5130 3347 5181 εἱσι
3400 5127 3861 5199 παραϐάλλεσθαι.

2289 5223 2353 5276 Τί
2374 5219 2467 5277 οὖν
2497 5222 2644 5289 ἄξιον
2671 5219 2863 5292 ζηλοῦν
2889 5222 3129 5286 τούτους,
3155 5222 3203 5274 οἳ
3231 5219 3366 5293 πρὸς
3396 5220 3572 5289 ὀλίγον
3597 5219 3861 5291 ἀνθήσανο

2284 5334 2395 5379 τες,
2450 5304 2636 5387 αῦριον
2692 5314 2771 5380 εἰς
2829 5315 3077 5372 κλίϐανον
3128 5314 3525 5386 βάλλονται.ὠς
3574 5311 3859 5379 ἐδίδαξενὸ

2288 5406 2508 5478 Σωτήρ;
2542 5409 2835 5462 Ἔλπισον
2864 5409 2963 5462 ἐπὶ
3009 5410 3249 5477 Κύριον,
3290 5407 3386 5460 καὶ
3422 5406 3574 5459 ποίει
3605 5406 3857 5474 χρηστό-

2285 5508 2451 5566 τητα,
2495 5501 2591 5553 καὶ
2637 5502 3019 5569 κατασκήνου
3057 5501 3172 5569 τὴν
3203 5498 3455 5570 γῆν,καὶ
3482 5497 3853 5565 ποιμανθήσῃ

2283 5594 2380 5648 ἐπὶ
2427 5591 2506 5660 τῷ
2555 5594 2795 5662 πλούτῳ
2836 5593 3042 5661 αὐτῆς.
3089 5594 3561 5662 Κατατρύςεῃσον
3597 5590 3701 5646 τοῦ
3749 5595 3865 5646 Κιν-

1329 5778 1373 5809 εδ
1414 5774 1432 5828 Ι
1464 5774 1589 5831 Cor.
1626 5792 1692 5844 ι,
1729 5774 1819 5829 ‘22.
1898 5775 1940 5805 “
1961 5773 2136 5831 ϐαιοὶ.
2172 5792 2187 5830 l

2299 5774 2383 5828 l7.
2463 5774 2507 5805 ⁸⁸
2544 5772 2649 5829 lsa.
2685 5789 2787 5838 ιι..
2823 5773 2875 5828 6.
2956 5772 2998 5804 ⁸⁷
3038 5771 3225 5828 Matth.
3260 5787 3343 5835 γι,
3374 5769 3461 5825 30.

3960 2356 3975 2505 ί
