4010 6552
136 389 249 445 325

1268 378 1774 439 COMMENTARIA
1812 379 1880 436 lN
1922 373 2279 441 PSAL-Mos;

3290 399 3420 483 ses.

129 504 407 579 ρίου,καὶ
436 502 554 569 δῴη
577 516 676 555 σοι
697 498 895 553 πάντα
927 498 999 553 τὰ
1026 497 1317 568 αἰτήματα
1340 499 1453 568 τῆς
1482 498 1704 568 καρδίαι

1832 500 1927 554 tibi
1967 518 2143 555 omnes
2171 502 2451 569 petitiones
2482 504 2659 559 cordis
2696 506 2794 560 tui.
2830 506 3117 579 Postquam
3148 515 3402 584 superio-

134 614 276 654 σου.
319 594 691 666 Ἀποστρέψας
724 590 818 645 τοῦ
849 589 1014 662 ζήλου
1056 589 1165 643 τῶν
1206 590 1459 661 πονηρῶν
1492 590 1579 643 διὰ
1615 591 1724 645 τῶν

135 688 390 761 πρώτων,
424 686 584 749 εὐθὺς
615 688 679 738 ὲκ
709 682 1055 756 παραλλήλου
1102 683 1201 753 τὴν
1246 682 1414 754 ὀρθὴν
1445 683 1537 736 καὶ
1574 683 1725 753 βασι-

134 779 294 851 λικὴν
321 779 438 833 ὁδὸν
476 776 680 846 τίθησι,
714 773 928 837 δεικνὺς
960 773 1151 826 ὁποίαν
1186 772 1289 844 χρὴ
1335 772 1597 843 βαδίζειν.
1635 776 1725 828 Διό

135 887 331 943 φησιν·
369 871 516 921 Ἀνω
556 866 741 936 βλέπε,
788 858 833 918 ὧ
877 859 1050 927 οὗτος,
1086 864 1305 934 ἀφορῶν
1347 866 1425 926 εἰς
1479 864 1569 917 τὸν
1617 866 1724 919 τῶν

134 964 273 1018 ὂλων
304 962 665 1033 κυϐερνήτην,
711 960 805 1011 καὶ
855 957 1018 1010 αὑτὸν
1052 957 1278 1010 σεαυτοῦ
1332 957 1519 1012 ἐλπίδα
1562 958 1725 1030 θέμε-

133 1067 243 1115 νος’
264 1051 454 1122 θάρσει
476 1050 551 1114 ὡς
579 1050 668 1103 ἐπὶ
702 1048 944 1120 μεγάλην
970 1048 1217 1119 ἄγκυραν
1241 1048 1593 1120 ἡδρασμένος.
1614 1051 1723 1104 Καὶ

130 1144 204 1197 τὰ
241 1144 341 1215 μὲν
370 1144 469 1214 τῆς
496 1143 736 1204 διανοίας
790 1158 883 1194 σου
931 1139 1133 1211 ταύτην
1161 1139 1331 1209 ἐχέτω
1373 1140 1471 1211 τήν
1499 1140 1718 1194 ἐλπίδαο

129 1239 255 1300 ταῖς
299 1235 356 1288 δὲ
409 1234 668 1306 πράξεσιν
706 1230 937 1305 ἐργάζου
988 1232 1085 1285 καὶ
1129 1233 1285 1286 ποίει
1318 1236 1719 1303 χρηστότητα,

131 1327 335 1381 ὡσανεὶ
386 1326 619 1396 σπόρους
649 1324 831 1395 σαυτῷ
863 1323 1193 1394 βαλλόμενος
1222 1324 1308 1377 ἐπ’
1350 1323 1527 1395 ἀγαθῇ
1584 1342 1719 1396 καρ-

132 1416 253 1469 πῶν
285 1414 603 1485 συγκομιδῇ.
643 1414 826 1468 Ταῦτα
871 1413 927 1466 δὲ
970 1413 1039 1467 τά
1072 1412 1165 1465 δύο
1208 1414 1567 1484 κτησάμενος,
1608 1432 1719 1486 μη-

128 1506 249 1561 κέτι
278 1507 403 1577 περί
418 1524 560 1570 τινος
581 1505 809 1575 ἀγωνία.
832 1502 1235 1571 Κατασκήνου
1259 1502 1373 1572 τὴν
1397 1503 1512 1572 γῆν
1525 1505 1719 1577 ἀμερί-

126 1618 301 1671 μνως.
330 1600 423 1653 καὶ
462 1600 559 1671 τὴν
595 1599 929 1672 πρόσκαιρον
968 1598 1197 1667 ταυτηνὶ
1241 1596 1405 1667 ζωὴν,
1437 1596 1625 1670 ὥσπερ
1658 1600 1717 1652 ὲν

124 1695 325 1766 σκηνῇ,
360 1692 494 1765 πρὸς
533 1692 713 1761 ὀλίγον
771 1691 944 1755 ἑστὼς
999 1691 1173 1759 δίαγε.
1212 1689 1571 1762 Ποιμανθήσῃ
1606 1690 1715 1763 γὰρ

120 1787 280 1857 δίκην
312 1786 628 1858 θρέμματος
670 1782 875 1853 ἀγαθοῦ
913 1781 1017 1834 ὑπὸ
1064 1779 1283 1851 ποιμένι
1316 1778 1463 1848 καλῷ
1495 1797 1716 1851 ποιμαι-

1828 592 1981 647 ribus
2027 591 2189 647 dictis
2225 594 2294 647 ab
2337 596 2684 651 aemulatione
2718 597 3089 667 improborum
3137 618 3403 661 avocave-

1826 685 2133 749 ratgstatim
2162 701 2230 740 ex
2262 686 2517 757 opposito
2546 696 2750 742 rectam
2775 689 3088 765 regiamque
3104 694 3246 749 viam
3273 712 3402 766 pro-

1827 775 1999 844 ponit,
2056 774 2308 831 indicans
2359 792 2465 846 qua
2510 776 2582 831 sit
2627 778 3008 835 incedendum.
3058 784 3401 857 Quapropter

1825 865 1899 917 ait
1926 884 1939 919 :
1965 864 2109 921 Heus
2142 873 2220 933 tu,
2245 881 2462 921 sursum
2514 870 2716 938 aspice,
2748 885 2814 925 ac
2865 872 3249 930 universorum
3280 894 3400 933 mo-

1823 955 2129 1011 deratorem
2176 956 2413 1020 intuere,
2474 964 2637 1028 atque
2684 959 2865 1030 ipsum
2922 978 3073 1031 spem
3127 968 3402 1025 constitue

1823 1056 1974 1099 tuam
2002 1063 2015 1100 :
2042 1046 2188 1101 bono
2221 1047 2406 1101 animo
2435 1055 2575 1113 esto,
2611 1058 2671 1103 ut
2703 1066 2898 1123 magna
2929 1056 3171 1111 anchora
3216 1057 3402 1115 ﬁrma-

1820 1145 1930 1193 tus.
1964 1135 2031 1190 Et
2062 1145 2242 1193 mente
2271 1137 2487 1208 quidem
2517 1155 2669 1209 spem
2699 1141 2862 1196 talem
2892 1145 3113 1214 capias;
3139 1149 3400 1219 operibus

1820 1238 1999 1285 autem
2024 1245 2322 1300 exsequere
2360 1240 2410 1285 et
2440 1231 2527 1301 fac
2556 1232 2877 1298 bonitatem;
2906 1245 2965 1290 ut
3004 1238 3073 1293 iis
3105 1254 3207 1295 ceu
3233 1240 3400 1310 jactis

1818 1322 1917 1377 tibi
1944 1323 2266 1388 seminibus,
2297 1325 2536 1394 opimam
2567 1326 2843 1381 fructuum
2867 1330 3076 1399 copiam
3101 1333 3395 1403 percipias.
3436 1394 3445 1411 δ

1818 1413 2092 1470 llorumce
2124 1430 2287 1485 porro
2316 1415 2549 1471 duorum
2599 1420 2827 1489 potitus,
2863 1437 2931 1476 ne
2981 1423 3121 1476 ultra
3153 1423 3220 1479 de
3259 1441 3398 1495 quo-

1814 1508 1960 1578 piam
1989 1509 2186 1564 anxius
2207 1518 2349 1575 esto,
2373 1510 2613 1564 inhabita
2637 1520 2831 1566 terram
2854 1514 2974 1568 sine
3002 1515 3391 1583 sollicitudine,

1817 1614 1881 1654 ac
1912 1609 2315 1670 temporaneam
2346 1601 2555 1658 hancce
2580 1603 2767 1667 vitam,
2793 1606 2952 1675 quasi
2981 1607 3037 1661 in
3074 1608 3395 1664 tabernacu-

1813 1692 1889 1758 lo,
1920 1692 2071 1748 brevi
2104 1693 2294 1763 exigas
2331 1713 2343 1746 ε
2374 1694 2575 1750 etenim
2625 1696 2798 1751 instar
2849 1697 3003 1752 bona:
3042 1699 3269 1769 pecudis
3296 1716 3394 1756 cu-

1813 1792 1970 1840 rante
2002 1785 2146 1841 bono
2174 1795 2395 1856 pastore
2425 1788 2687 1855 pasceris.
2710 1788 2844 1843 Nam
2879 1790 2923 1846 si
2948 1807 3068 1861 quae
3089 1793 3273 1846 insunt
3292 1793 3393 1847 ho-

121 1878 369 1950 νόμενος.
401 1879 464 1931 El
505 1875 614 1948 γάρ
664 1875 746 1938 τίς
800 1876 946 1927 ἐστιν
995 1874 1052 1926 ὲν
1096 1869 1403 1941 ἀνθρώποις
1458 1869 1704 1941 ἀληθινὸς

1808 1877 2049 1932 minibus
2078 1894 2220 1933 verte
2249 1878 2414 1932 animi
2442 1879 2663 1947 divitiae,
2692 1892 2813 1951 quae
2847 1882 2902 1936 in
2934 1882 3134 1939 divinis
3166 1884 3392 1956 dogma-

121 1968 301 2041 ψυχῆς
355 1969 603 2032 πλοῦτος,
650 1967 678 2019 6
721 1967 777 2019 ὲν
820 1964 984 2028 θείοις
1039 1962 1273 2034 δόγμασι
1300 1961 1409 2037 ,καὶ
1448 1964 1559 2024 τοῖς
1601 1961 1711 2015 τῶν

123 2062 291 2115 θείων
320 2058 764 2130 ἀναγνωσμάτων
801 2056 1112 2128 μαθήμασι,
1133 2052 1335 2107 τούτων
1364 2052 1709 2117 ἀπολαύσεις,

127 2146 273 2198 ὥστε
324 2146 528 2215 λέγειν’
564 2146 779 2214 Κύριος
808 2143 1104 2213 ποιμαίνει
1138 2158 1236 2211 με,
1272 2141 1368 2195 καὶ
1417 2140 1598 2195 οὐδέν
1635 2159 1713 2211 με

130 2236 476 2306 ὑστερήσει.
501 2237 665 2291 Οὐδὲν
696 2236 803 2309 γάρ
828 2254 887 2289 σε
912 2236 1199 2308 ὑστερήσει
1219 2236 1637 2313 ποιμαινόμενον
1653 2236 1711 2289 ἐν

127 2329 207 2401 τῷ
222 2329 436 2401 πλούτῳ
464 2329 557 2383 τοῦ
587 2329 751 2382 καλοῦ
800 2328 1075 2398 ποιμένος,
1104 2325 1182 2398 τῷ
1212 2327 1569 2407 δεδωρημένῳ
1596 2330 1709 2391 τοῖς

122 2422 203 2474 ἔτι
233 2423 327 2474 ἐπὶ
358 2422 460 2493 γῆς
495 2421 935 2493 ποιμαινομένοις
960 2420 1287 2493 ἀνθρώποις.
1329 2423 1474 2474 Ἀντὶ
1509 2420 1564 2473 δὲ
1588 2420 1704 2485 τοῦ,

117 2514 231 2571 Kal
254 2513 633 2583 ποιμανθήσῃ
650 2513 749 2567 ἐπὶ
765 2513 842 2579 τῷ
856 2514 1096 2576 πλούτῳ
1120 2511 1328 2581 αὐτῆς,
1346 2514 1373 2564 6
1389 2513 1703 2583 Σύμμαχος,

115 2605 228 2661 Kal
274 2605 595 2674 ποιμαίνου
622 2603 933 2674 διηνεκῶς,
966 2604 1225 2671 ἐξέδωκεν
1245 2620 1257 2630 ·
1291 2605 1320 2656 6
1358 2603 1416 2656 δὲ
1453 2603 1702 2669 Ἀκύλας,

114 2698 227 2754 Kal
258 2695 445 2767 νέμου
478 2698 704 2751 πίστιν.
738 2692 850 2750 Εἶθ’
888 2696 1075 2769 ὥσπερ
1114 2697 1222 2751 τῶν
1258 2697 1705 2769 πονηρευομένων

114 2791 336 2846 καὶτῶν
351 2790 650 2844 ποιούντων
671 2790 769 2861 τὴν
792 2790 1019 2861 ἀνομίαν
1040 2789 1324 2861 ὑπέγραψε
1344 2790 1402 2842 τὸ
1421 2789 1593 2856 τέλος,
1609 2790 1703 2843 οὖ-

109 2901 215 2945 τως
235 2883 330 2936 καὶ
362 2882 455 2936 σοὶ
470 2882 548 2953 τῷ
569 2881 839 2945 ἐλπίζοντι
868 2882 960 2934 ἐπὶ
988 2880 1077 2933 τὸν
1112 2880 1316 2951 Κύριον
1348 2880 1441 2934 καὶ
1464 2881 1705 2935 ποιοῦντι

111 2976 460 3047 χρηστότητα
475 2973 647 3027 ὁπόσα
669 2973 897 3045 ὑπάρξει
914 2972 1092 3041 ἀγαθά
1104 2972 1330 3044 καταριθ
1340 2975 1537 3042 μεῖται.
1556 2973 1707 3043 Πρῶ-

113 3087 199 3121 τον
235 3071 334 3140 μὲν
368 3068 484 3139 γὰρ
514 3068 858 3139 ποιμανθήσῃ
890 3067 982 3120 ἐπὶ
1015 3065 1093 3137 τῷ
1127 3065 1339 3137 πλούτῳ
1366 3066 1443 3137 τῷ
1468 3066 1704 3139 ἀληθινῷ

112 3160 204 3213 τοῦ
256 3161 425 3215 καλοῦ
484 3161 772 3231 ποιμένος·
800 3160 1087 3232 δεύτερον,
1120 3160 1557 3232 κατατρυφήσεις
1607 3160 1702 3213 τοῦ

1812 1968 1961 2024 tibus
2011 1976 2065 2024 et
2112 1968 2315 2025 divinis
2348 1969 2675 2025 lectionibus
2711 1979 3051 2040 spectantur,
3079 1975 3146 2029 iis
3190 1974 3390 2032 frueris

1811 2062 1886 2115 ita
1915 2067 1975 2115 ut
2004 2060 2157 2118 dicas
2182 2081 2195 2117 :
2223 2062 2484 2118 Dominus
2513 2064 2684 2132 pascit
2714 2081 2796 2118 me
2835 2073 2885 2118 et
2915 2066 3049 2120 nihil
3092 2068 3219 2121 mihi
3269 2068 3391 2124 dee—

1812 2154 1882 2206 rit
1905 2153 1969 2208 ⁸⁸.
1996 2152 2140 2207 Nihil
2184 2155 2387 2226 quippe
2436 2154 2610 2210 deerit
2645 2156 2763 2221 tibi,
2798 2158 2845 2211 si
2880 2159 2932 2211 in
2968 2159 3099 2213 boni
3152 2162 3388 2231 pastoris

1810 2245 2014 2300 divitiis
2044 2248 2309 2317 pascaris,
2343 2265 2467 2319 quae
2489 2256 2787 2318 erogantur
2812 2250 3123 2306 hominibus
3156 2253 3209 2306 in
3242 2261 3387 2309 terra

1808 2340 2182 2407 pascentibus.
2214 2337 2323 2393 Pro
2357 2340 2452 2395 illo
2482 2350 2661 2397 autem
2697 2359 2711 2395 :
2740 2340 2810 2394 Et
2837 2345 3073 2411 pasceris
3104 2346 3159 2398 in
3187 2344 3385 2400 divitiis

1806 2429 1942 2499 ejus,
1978 2430 2338 2501 Symmachus
2376 2451 2389 2487 :
2421 2431 2491 2486 Et
2516 2449 2731 2502 pascere
2777 2435 3018 2500 assidue;
3048 2437 3243 2506 Aquila
3272 2456 3285 2492 ε
3316 2436 3385 2490 Et

1802 2537 2017 2592 pascere
2055 2523 2178 2595 ﬁde,
2213 2525 2522 2581 ediderunt.
2559 2526 2673 2582 Sub
2724 2528 2838 2584 haec
2888 2536 3091 2594 autem,
3122 2531 3385 2600 quemad-

1805 2617 2027 2671 modum
2056 2617 2428 2688 improborum
2475 2627 2528 2675 et
2572 2623 2917 2691 operantium
2950 2622 3293 2694 iniquitatem
3323 2624 3386 2678 ll-

1806 2726 1929 2766 nem
1980 2711 2305 2781 descripsit;
2358 2714 2438 2768 sic
2487 2723 2688 2783 quanta
2719 2715 2817 2769 tibi
2853 2715 2905 2769 in
2941 2714 3229 2771 Dominum
3263 2732 3385 2787 spe—

1804 2800 1973 2865 ranti,
2014 2816 2077 2856 ac
2126 2803 2427 2857 bonitatem
2475 2802 2696 2858 facienti
2744 2813 3010 2859 eventura
3061 2807 3203 2860 bona
3250 2807 3381 2872 sint,

1807 2902 2111 2949 enumerat.
2136 2894 2271 2949 Nam
2304 2897 2483 2964 primo
2512 2897 2566 2950 in
2590 2897 2736 2952 veris
2762 2898 2889 2951 boni
2921 2900 3159 2967 pastoris
3180 2899 3385 2954 divitiis

1810 2988 2087 3056 pasceris;
2127 2988 2391 3051 secundo,
2427 2989 2786 3043 delectaberis
2812 2989 2863 3042 in
2896 2989 3160 3056 Domino;
3202 2989 3383 3054 tertio,

1806 3080 1956 3133 dabit
2005 3080 2099 3134 tibi
2145 3080 2434 3149 petitiones
2469 3079 2654 3136 cordis
2683 3080 2781 3135 tui.
2814 3079 3081 3136 Delectari
3116 3089 3295 3136 autem
3328 3082 3385 3137 in

1808 3169 2039 3225 Domino
2091 3171 2312 3235 valebit,
2365 3170 2617 3242 quisquis
2678 3171 2871 3225 animae
2928 3171 3182 3226 sensibus
3232 3173 3385 3240 puris

112 3253 335 3324 Κυρίου·
370 3254 468 3307 καὶ
503 3253 705 3323 τρίτον,
728 3253 888 3306 δώσει
917 3270 999 3306 σοι
1028 3252 1097 3305 τὰ
1132 3254 1408 3323 αἰτήματα
1440 3253 1539 3323 τῆς
1564 3270 1699 3323 καρ-

1808 3261 2158 3331 purgatisque
2191 3260 2375 3326 fuerit,
2403 3262 2477 3315 ita
2506 3272 2563 3315 ut
2593 3276 2788 3332 panem
2831 3261 3016 3317 vivum
3048 3277 3111 3316 ac
3139 3260 3385 3316 vivificas

112 3344 227 3409 δίας
256 3363 372 3401 σου.
402 3347 775 3417 Κατατρυφᾷν
798 3345 856 3398 δὲ
882 3344 976 3398 τοῦ
1002 3345 1207 3416 Κυρίου
1237 3344 1523 3416 δυνήσεται
1546 3344 1574 3395 6
1599 3344 1699 3415 τῆς

113 3436 286 3509 ψυχῆς
342 3438 407 3491 τὰ
466 3436 799 3509 αἰσθητήρια
864 3436 1353 3507 κεκαθαρισμένος,
1403 3435 1479 3499 ὡς
1540 3435 1699 3488 δύνα-

114 3527 234 3581 σθαι
255 3529 454 3583 ἐσθίειν
485 3529 575 3581 τὸν
598 3528 774 3593 ζῶντα
795 3528 957 3600 ἄρτον
983 3530 1075 3582 καὶ
1100 3528 1198 3591 τὰς
1223 3528 1513 3592 ζωοποιοὺς
1532 3525 1695 3579 αὑτοῦ

117 3622 343 3691 σάρκας,
372 3622 555 3675 πίνειν
591 3636 652 3673 τε
694 3620 755 3673 τὸ
798 3620 1062 3691 σωτήριον
1089 3618 1254 3673 αὑτοῦ
1287 3615 1445 3690 αἷμα.
1474 3619 1696 3681 Τούτοις

112 3712 445 3784 τρεφόμενος
486 3711 583 3765 καὶ
625 3710 987 3780 πιαινόμενος,
1014 3713 1112 3782 τῆς
1148 3711 1328 3764 ὲνθέου
1369 3710 1536 3781 μέθης
1562 3712 1697 3764 ἀπο-

114 3799 303 3854 λαύωνο
324 3801 807 3868 Κατατρύφησον
823 3799 926 3852 τοῦ
938 3801 1181 3868 Κυρίου,
1210 3800 1305 3852 καὶ
1319 3799 1494 3853 δώσει
1511 3816 1607 3852 σοι
1625 3802 1697 3855 τὰ

111 3893 395 3962 αἰτήματα
423 3893 541 3962 τῆς
568 3892 814 3961 καρδίας
846 3907 981 3946 σου.
1017 3893 1158 3963 Ἤδη
1187 3893 1284 3962 μὲν
1312 3892 1421 3962 γάρ
1446 3892 1695 3944 ἐντεῦθεν

115 3987 539 4057 κατατρυφήσει,
576 3983 839 4055 ἐθελήσας
887 4001 944 4036 σε
993 3983 1155 4037 αὑτὸν
1208 3983 1482 4037 ἐπιδοῦναι
1524 3983 1690 4054 αὐτῷ.

116 4071 256 4126 Δῖτει
306 4075 363 4128 δὲ
417 4076 584 4129 αὑτὸν
626 4077 717 4128 καὶ
743 4074 812 4127 τὰ
845 4074 1128 4146 μέλλοντα,
1162 4067 1237 4129 ὧν
1266 4076 1569 4148 προσδοκᾷς
1594 4077 1693 4145 τὴν

1802 3370 1998 3409 carnes
2029 3355 2149 3424 ejus
2182 3355 2345 3409 edere
2374 3354 2570 3424 possit,
2601 3370 2665 3409 ac
2710 3355 3007 3410 salutarem
3049 3354 3168 3424 ejus
3199 3354 3386 3409 bibere

1802 3444 2143 3514 sanguinem.
2178 3443 2274 3500 llis
2319 3446 2595 3499 enutritus
2644 3452 2697 3500 et
2752 3444 3146 3515 impinguatus,
3200 3445 3386 3500 divina

1800 3534 1988 3589 fruens
2017 3536 2280 3589 ebrietate
2315 3555 2328 3589 :
2362 3536 2634 3590 Delectare
2664 3537 2718 3589 in
2753 3535 3000 3600 Domino,
3033 3545 3087 3597 et,
3108 3535 3257 3588 dabit
3289 3534 3386 3590 tibi

1799 3626 2072 3694 petitiones
2098 3625 2276 3679 cordis
2313 3626 2410 3681 tui.
2443 3624 2563 3679 Jam
2590 3626 2736 3681 enim
2781 3627 2871 3680 ille
2907 3642 3124 3695 quoque
3150 3626 3383 3679 delecta-

1801 3717 1968 3780 bitur,
1995 3717 2140 3787 quod
2166 3718 2449 3787 percupiat
2482 3725 2541 3770 ut
2569 3717 2670 3786 ipsi
2698 3725 2759 3771 te
2776 3718 2965 3771 dedas.
2996 3717 3217 3772 Postula
3252 3717 3383 3769 item

1802 3807 1870 3861 ab
1916 3823 1982 3862 eo
2038 3816 2095 3862 ut
2142 3824 2206 3863 ea
2252 3824 2373 3877 quae
2404 3809 2588 3862 futura
2622 3815 2911 3877 exspectas
2942 3807 3083 3862 dona
3120 3807 3377 3876 iccipias.

1798 3896 1933 3952 Nam
1974 3899 2065 3969 qui
2097 3902 2384 3970 praesentia
2420 3899 2621 3953 all‘atim
2647 3900 2910 3968 elargitus
2942 3906 3046 3963 est,
3077 3914 3139 3952 ea
3165 3898 3383 3952 obtine-

1798 3990 1877 4043 bit
1918 4006 2039 4061 qute
2084 4008 2176 4045 nec
2224 3991 2407 4045 oculus
2438 3990 2588 4054 vidit,
2625 4008 2713 4045 nec
2764 3991 2913 4045 auris
2947 3990 3169 4054 audivit,
3204 4005 3296 4043 nec
3324 3989 3382 4044 in

1800 4098 1891 4137 cor
1919 4083 2216 4137 hominibus
2249 4084 2567 4137 ascendit”.

116 4162 285 4235 λῆψιν.
331 4172 389 4222 'U
439 4170 549 4243 γὰρ
592 4170 659 4224 τά
685 4170 926 4241 παρόντα
959 4170 1202 4232 δεδωκὼς
1235 4170 1482 4239 ἀφθόνως
1543 4170 1845 4243 δωρήσεται
1915 4179 2010 4231 καὶ
2048 4178 2084 4232 δι
2127 4178 2433 4248 ὀφθαλμὸς
2469 4179 2579 4230 οὐκ
2642 4172 2820 4242 εἶδεν,
2850 4176 2992 4231 οὐδὲ
3025 4172 3133 4243 οὖς
3195 4175 3381 4244 ἤκου-

116 4272 239 4324 σεν,
268 4261 391 4313 οὐδ’
404 4262 502 4315 ἐπὶ
532 4260 788 4329 καρδίαν
812 4260 1127 4329 ἀνθρώπου
1159 4263 1359 4330 ἀνέϐη.

197 4349 332 4404 ’Avcl.
350 4352 407 4405 δὲ
436 4352 554 4418 τοῦ,
600 4351 942 4422 Ύποτιὶγηθι
972 4353 1051 4417 τῷ
1092 4356 1304 4421 Κυρίῳ.
1338 4357 1436 4411 καὶ
1468 4355 1690 4409 ἱκέτευ-

118 4451 227 4493 σον·
254 4444 459 4509 αὑτὸν,
507 4448 536 4498 ὁ
588 4444 816 4507 Ἀκύλας
848 4444 1012 4515 φησί’
1048 4446 1313 4514 Σίγησον
1353 4448 1432 4511 τῷ
1478 4448 1688 4514 Κυρίῳ,

1870 4357 1975 4413 Pro
2006 4374 2070 4412 eo
2103 4366 2306 4423 autem,
2337 4358 2593 4414 Subditus
2624 4368 2735 4414 esto
2766 4359 3016 4436 Domino,
3041 4374 3086 4414 et
3120 4378 3214 4414 ora
3235 4377 3376 4425 eum,

1802 4450 1995 4520 Aquila
2020 4451 2116 4513 ait,
2144 4450 2253 4505 Sile
2294 4452 2539 4515 Domino,
2575 4462 2622 4505 et
2656 4462 2900 4521 exspecta
2939 4466 3091 4517 eum;
3125 4451 3378 4523 Symma-

121 4530 211 4583 καὶ
243 4532 684 4603 ἁποκαραδόκει
715 4535 929 4588 αὐτόν·
984 4536 1012 4587 6
1047 4533 1102 4587 δὲ
1143 4535 1435 4605 Σύμμαχος
1456 4555 1474 4567 α
1523 4537 1693 4591 Ήσύ-

1808 4543 1934 4596 cltus
1967 4559 2113 4608 vero,
2151 4542 2369 4608 Quiesce
2392 4541 2641 4605 Domino,
2673 4552 2721 4595 et
2752 4543 2987 4610 supplica
3013 4544 3132 4610 ipsi.
3192 4541 3382 4594 Enim-

119 4621 247 4687 χαζε
276 4625 353 4690 τῷ
382 4629 603 4695 Κυρίῳ,
636 4626 731 4680 καὶ
768 4627 991 4681 ἱκέτευε
1017 4627 1195 4693 αὐτῷ.
1238 4627 1317 4683 Τά
1351 4630 1459 4701 γάρ
1498 4630 1693 4700 προλε-

118 4711 303 4780 χθέντα
329 4720 666 4789 πράττοντα,
690 4721 783 4773 καὶ
803 4722 893 4773 ἐπὶ
916 4724 1026 4784 τοῖς
1048 4720 1357 4791 εἰρημένοις
1384 4721 1691 4787 ἐλπίζοντα,

118 4802 394 4874 ἡσυχάζειν
428 4818 702 4886 προσήκει
738 4813 875 4876 τέως
919 4815 976 4866 ὲν
1019 4813 1096 4883 τῷ
1146 4815 1390 4885 παρόντι,
1428 4816 1520 4867 καὶ
1559 4816 1695 4885 μετὰ

121 4896 316 4966 σιωπῆς
340 4903 652 4977 προσδοκᾷν
679 4903 748 4956 τὰ
787 4904 1188 4975 ἐπηγγελμένα.
1223 4904 1320 4971 Μὴ
1350 4905 1693 4974 παραῶὶλου

117 4979 182 5035 ἐν
217 4986 293 5052 τῷ
334 4998 828 5067 κατευοδουμένῳ
857 4999 927 5050 ἐν
958 4992 1032 5067 τῇ
1082 4996 1196 5062 ὀδῷ
1230 4998 1439 5061 αὐτοῦ,
1473 4998 1541 5050 ἐν
1586 5001 1693 5053 ἀν-

122 5074 315 5145 θρώπῳ
342 5088 610 5144 ποιοῦντι
664 5089 1054 5157 παρανομίας.
1101 5088 1337 5141 Παῦσαι
1362 5088 1479 5141 ἀπὸ
1515 5088 1694 5159 ὀργῆς

124 5168 215 5219 καὶ
233 5170 614 5239 eratadlatae
638 5181 849 5251 θυμὸν,
871 5181 956 5250 μὴ
980 5180 1318 5250 παραζήλου
1339 5182 1493 5235 ὥστε
1511 5198 1695 5251 πονη-

124 5261 405 5323 ρεύεσθαι.
452 5275 572 5329 Ὅτι
631 5281 687 5332 οὶ
750 5279 1214 5345 πονηρευόμενοι
1262 5277 1693 5346 ἐξολοθρευθή-

129 5362 346 5424 σον-ται,
402 5368 455 5419 ol
499 5368 568 5422 δὲ
621 5371 1030 5441 ὑπομένοντες
1082 5372 1187 5425 τὸν
1231 5374 1468 5441 Κύριον,
1521 5371 1691 5426 αὐτοὶ

131 5446 638 5535 ’ξληρονομήσουσι
688 5463 823 5535 γῆν.
873 5464 1348 5535 Ἐπαναλαμὸάνει
1396 5465 1487 5518 τὸν
1531 5463 1689 5533 λόγον

132 5529 445 5609 ἀναγκαίως.
476 5550 631 5607 Ἐπεὶ
783 5555 976 5624 ἔγνως,
1009 5529 1193 5627 φησὶν,
1219 5556 1397 5619 ὁποῖός
1427 5572 1507 5608 σοι
1535 5529 1690 5611 πλοῦ·

132 5634 214 5686 τος
241 5637 602 5709 τεταμίευται,
638 5650 713 5720 μὴ
764 5648 1079 5720 παραζηλου
1122 5649 1179 5701 ὲν
1224 5647 1301 5718 τῷ
1347 5647 1687 5719 νομιζομένῳ

196 5803 237 5834 ⁸⁸
274 5808 407 5873 Psal.
451 5834 599 5891 nn,
640 5831 685 5885 Ι,
771 5833 813 5862 θ’
858 5831 873 5885 l
908 5832 1037 5887 Cor.
1084 5846 1157 5901 ιι,
1190 5830 1246 5889 9.

1801 4648 1931 4686 vero
1961 4649 2058 4703 par
2085 4642 2169 4688 est
2200 4650 2323 4689 eum
2364 4634 2457 4703 qui
2510 4633 2766 4702 superius
2813 4640 3113 4685 memorata
3147 4630 3376 4699 peragit,

1800 4730 1852 4777 et
1880 4724 1932 4777 in
1969 4726 2244 4795 praedictis
2277 4741 2427 4795 spem
2476 4724 2662 4788 habet,
2703 4723 2988 4791 quiescere
3030 4722 3158 4775 dum
3190 4720 3243 4773 in
3275 4720 3381 4775 hac

1798 4814 1911 4867 vita
1948 4824 2219 4880 versatur,
2246 4822 2299 4869 et
2326 4830 2449 4868 cum
2487 4814 2707 4868 silentio
2733 4812 3003 4882 promissa
3033 4820 3375 4881 exspectare.
3415 4835 3422 4882 ς

1803 4905 1933 4959 Noli
1968 4907 2210 4960 wmulari
2238 4909 2293 4960 in
2334 4924 2392 4960 eo
2431 4908 2520 4977 qui
2554 4914 2899 4975 prosperalur
2933 4905 2987 4957 in
3036 4905 3121 4957 ria
3169 4921 3288 4967 sua,
3321 4904 3378 4957 in

1801 4998 2006 5051 homine
2039 4998 2264 5058 faciente
2300 5000 2617 5068 injustitias.
2674 4997 2866 5051 Desine
2908 4995 2973 5049 ab
3015 4996 3097 5049 ira
3131 5007 3179 5050 et
3227 4986 3418 5050 ἀπε-⁸

1798 5088 1971 5159 linque
2011 5091 2278 5155 furorem,
2311 5091 2419 5143 noli
2464 5090 2709 5143 wmulari
2760 5098 2816 5140 ut
2874 5088 3204 5159 malignerts.
3232 5088 3378 5155 Quo-

1797 5187 1941 5238 niam
1970 5186 2059 5255 qui
2092 5186 2458 5255 malignantur
2499 5181 2992 5237 exterminabuntur
3019 5198 3037 5235 :
3059 5189 3375 5235 sustinentes

1798 5288 1973 5330 autem
2000 5275 2309 5341 Dominum,
2341 5276 2441 5345 ipsi
2478 5273 2861 5329 hazreditabunt
2897 5282 3112 5326 terram.
3149 5269 3375 5326 Sermo-

1797 5386 1919 5426 nem
1950 5371 2268 5425 necessario
2313 5369 2530 5439 repetit.
2572 5366 2734 5434 Quia,
2782 5366 2983 5436 inquit,
3018 5364 3165 5419 nosti
3195 5363 3376 5432 qualis

1796 5464 1894 5517 tibi
1929 5463 2223 5518 thesaurus
2253 5462 2571 5517 reconditus
2624 5461 2717 5525 sit,
2751 5460 2864 5513 noli
2909 5456 3153 5512 aemulari
3198 5454 3375 5508 homi-

1766 5571 1920 5610 onem
1970 5555 2245 5626 iniquitati
2273 5554 2547 5618 deditum,
2587 5555 2679 5624 qui
2727 5554 2783 5607 in
2813 5549 3068 5622 prtesenti
3115 5548 3221 5601 vita
3258 5559 3373 5598 rem

1796 5663 2260 5721 prospere‘agcre
2290 5655 2549 5721 putatur;
2588 5663 2657 5702 ne
2697 5644 3001 5708 stimulere,
3040 5656 3146 5695 neu
3176 5636 3374 5708 hujus-
