2005 3263
50 197 106 225 325

614 189 867 220 COMMENTARIA
886 189 919 218 lN
940 185 1119 220 PSALMOS.‘

47 256 126 292 ρίου,
134 254 184 282 καὶ
199 253 258 287 δῴη
269 259 319 279 σοι
329 251 428 278 πάντα
444 249 480 277 τὰ
493 249 638 285 αἰτήματα
650 250 706 284 τῆς
720 249 836 284 καρδίας

896 249 943 277 tibi
963 258 1051 277 omnes
1065 250 1206 284 petitiones
1221 251 1310 278 cordis
1328 251 1378 279 tui.
1395 252 1539 288 Postquam
1554 255 1681 290 superio-

49 309 119 329 σου.
140 299 326 335 ’Δποστρέψας
343 296 390 324 τοῦ
405 296 487 332 ζήλου
508 295 562 322 τῶν
583 295 710 331 πονηρῶν
726 295 770 322 διὰ
787 295 842 322 τῶν

50 346 176 383 πρώτων,
193 345 273 376 εὐθὺς
288 346 321 371 ἐκ
335 342 508 379 παραλλήλου
531 342 581 378 τὴν
603 341 687 377 ὀρθὴν
702 342 749 368 καὶ
767 342 843 377 βασι-

49 392 128 428 λικὴν
142 391 200 418 ὁδὸν
219 390 321 425 τίθησι,
337 388 444 420 δεικνὺς
460 387 556 414 ὁποίαν
573 387 625 423 χρὴ
647 386 779 423 βαδίζειν.
798 388 843 414 Διό

51 446 147 474 φησιν·
166 437 239 463 "Avo;
259 434 351 470 βλέπε,
375 430 397 461 ὦ
419 430 505 465 οὗτος,
523 432 632 467 ἀφορῶν
653 433 693 464 είς
720 432 765 459 τὸν
789 433 842 460 τῶν

50 484 118 511 ὅλων
133 483 314 519 κυϐερνήτην,
337 481 383 507 καὶ
408 479 489 506 αὐτὸν
506 479 619 506 σεαυτοῦ
647 479 740 506 ὲλπίδα
762 479 843 515 θέμε-

50 535 104 560 νος·
114 527 209 563 Θάρσει
220 527 257 559 ὡς
271 526 315 553 ἐπὶ
333 525 452 562 μεγάλην
466 525 589 561 ἄγκυραν
601 525 777 561 ἡδρασμένος.
787 525 842 552 Καὶ

49 574 84 601 τὰ
102 574 152 610 μὲν
167 574 216 609 τῆς
230 573 349 604 διανοίας
376 580 423 599 σου
446 570 547 607 ταύτην
561 570 647 606 ἐχέτω
667 570 717 606 τὴν
730 570 839 597 ὲλπίδα·

48 622 110 652 ταῖς
132 620 160 646 δὲ
186 619 315 655 πράξεσιν
334 617 450 654 ἐργάζου
474 617 523 644 καὶ
545 617 623 644 ποίει
640 619 840 652 χρηστότητα,

49 665 150 693 ὡσανεὶ
175 665 291 700 σπόρους
306 663 396 699 σαυτῷ
412 662 577 698 βαλλόμενος
592 662 635 689 ἐπ’
657 662 745 698 ἀγαθῇ
773 671 841 699 καρ‹

49 710 109 737 πῶν
125 709 283 745 συγκομιδῇ.
303 708 394 736 Ταῦτα
416 708 445 734 δὲ
466 708 501 734 τὰ
517 707 564 734 δύο
585 708 765 743 κτησάμενος,
786 717 841 744 μη-

47 755 107 783 κέτι
121 756 184 791 περί
191 764 262 787 τινος
272 754 386 789 ἀγωνία.
397 752 599 787 Κατασκήνου
611 752 668 787 τὴν
680 752 738 787 γῆν
744 753 841 789 ἁμερί-

47 811 133 838 μνως.
147 802 194 829 καὶ
213 801 261 838 τὴν
279 801 446 838 πρόσκαιρον
466 800 580 835 ταυτηνὶ
603 799 684 835 ζωὴν,
700 799 794 835 ὥσπερ
811 800 840 826 ἐν

46 850 145 885 σκηνῇ,
162 848 229 885 πρὸς
248 848 338 882 ὀλίγον
367 847 454 879 ἑστὼς
482 846 569 881 δίαγε.
588 845 767 882 Ποιμανθήσῃ
785 845 839 882 γὰρ

44 895 122 931 δίκην
139 894 296 931 θρέμματος
317 892 420 927 ἀγαθοῦ
438 892 491 919 ὑπὸ
514 890 623 926 ποιμένι
640 890 714 925 καλῴ
730 899 840 926 ποιμαι-

894 296 970 323 ribus
993 295 1074 323 dictis
1092 296 1127 323 ab
1148 296 1322 324 aemulatione
1339 297 1525 332 improborum
1549 307 1682 328 avocave-

893 342 1047 374 rat;statim
1061 350 1095 369 ex
1111 342 1239 378 opposito
1253 347 1356 370 rectam
1368 343 1524 381 regiamque
1532 345 1603 372 viam
1617 354 1681 380 pro-

893 387 980 422 ponit,
1008 386 1134 415 indicans
1159 395 1213 422 qua
1235 387 1272 415 sit
1294 387 1484 416 incedendum.
1509 390 1681 426 Quapropter

893 432 930 458 ait
943 441 950 459 :
963 431 1035 460 Heus
1051 435 1091 465 tu,
1103 440 1212 460 sursum
1237 433 1339 467 aspice,
1355 441 1387 461 ac
1413 435 1605 463 universorum
1621 444 1681 464 mo-

892 477 1045 505 deratorem
1069 477 1187 509 intuere,
1217 481 1299 513 atque
1323 478 1413 514 ipsum
1441 487 1517 514 spem
1544 481 1682 510 constitue

892 528 988 550 tuam:
1002 523 1075 550 bono
1091 523 1184 550 animo
1198 527 1269 556 esto,
1286 527 1316 551 ιιι
1332 532 1430 560 magna
1445 526 1566 553 anchora
1589 527 1682 555 ﬁrma-

890 572 946 596 tus.
963 567 996 595 Et
1012 572 1102 596 mente
1116 568 1225 603 quidem
1239 576 1315 603 spem
1330 569 1412 596 talem
1427 571 1537 605 capias;
1550 572 1681 607 operibus

891 618 980 642 autem
993 622 1142 650 exsequere
1161 619 1185 642 et
1201 614 1244 649 fac
1259 615 1420 648 bonitatem;
1434 621 1463 643 ut
1483 617 1517 645 iis
1533 625 1584 646 ceu
1597 618 1681 653 jactis

1625 197 1690 239 διεδ,

889 661 940 688 tibi
954 661 1114 693 seminibus,
1129 662 1249 696 opimam
1264 662 1403 689 fructuum
1415 663 1519 698 copiam
1531 665 1678 699 percipias.
1699 695 1704 703 ι

890 706 1027 735 llorumce
1043 714 1125 742 porro
1139 707 1256 735 duorum
1281 708 1395 743 potitus,
1412 717 1447 736 ne
1472 709 1542 736 ultra
1558 710 1591 738 de
1611 718 1680 745 quo-

889 754 962 789 piam
976 754 1074 781 antius
1085 758 1156 787 esto,
1167 754 1288 781 inhabita
1300 759 1396 782 terram
1408 755 1468 782 sine
1482 756 1677 789 sollicitudine,

890 807 922 827 ac
937 804 1140 835 temporaneam
1154 800 1259 828 hancce
1271 801 1365 832 vitam,
1378 801 1457 836 quasi
1472 802 1500 828 in
1518 802 1679 830 tabernacu-

889 846 927 879 lo,
941 846 1017 874 brevi
1034 846 1129 881 exigas
1147 855 1153 872 :
1168 846 1270 874 etenim
1294 847 1381 874 instar
1406 847 1483 874 bonae
1503 848 1616 882 pecudis
1629 856 1678 876 cu-

889 896 967 920 rante
982 892 1055 920 bono
1069 897 1179 928 pastore
1194 893 1325 927 pasceris.
1337 893 1404 920 Nam
1421 893 1443 922 si
1456 902 1516 929 quae
1526 895 1618 921 insunt
1628 894 1678 921 h6-

44 941 167 977 νόμενος.
182 941 214 967 Et
235 939 289 975 γάρ
314 939 356 971 τίς
382 939 455 964 ἔστιν
480 939 508 964 ὲν
530 936 684 971 ἀνθρώποις
711 935 836 971 ἀληθινὸς

888 938 1006 966 minibus
1021 946 1092 966 verae
1106 938 1189 966 animi
1203 939 1313 973 divitlte,
1328 945 1389 974 quae
1405 939 1433 967 in
1449 940 1549 968 divinis
1565 940 1678 976 dogma-

44 987 133 1023 ψυχῆς
160 986 284 1017 πλοῦτος,
307 985 321 1011 ό
343 985 371 1011 ὲν
393 983 475 1015 θείοις
502 982 619 1018 δόγμασι
632 981 687 1019 ,καὶ
706 982 762 1013 τοῖς
783 981 837 1008 τῶν

45 1033 128 1060 θείων
143 1031 365 1067 ἀναγνωσμάτων
383 1029 539 1065 μαθήμασι,
549 1027 650 1054 τούτων
665 1027 837 1059 ἀπολαύσεις,

47 1075 120 1102 ὥστε
145 1075 247 1109 λέγειν·
265 1075 373 1109 Κύριος
386 1073 535 1108 ποιμαίνει
551 1080 601 1107 με,
619 1071 667 1098 καὶ
691 1070 781 1098 οὐδέν
800 1080 839 1106 με

49 1120 221 1155 ὐστερήσει.
233 1120 315 1148 Οὐδὲν
331 1120 384 1156 γάρ
397 1128 426 1146 σε
439 1119 582 1155 ὑστερήσει
592 1118 801 1153 ποιμαινόμενον
808 1118 838 1145 ὲν

48 1167 87 1202 τῷ
94 1167 201 1203 πλούτῳ
215 1166 262 1193 τοῦ
276 1166 358 1193 καλοῦ
383 1165 520 1201 ποιμένος,
534 1164 573 1200 τῷ
589 1164 767 1205 δεδωρημένῳ
780 1165 837 1196 τοῖς

45 1213 85 1240 ἔτι
100 1213 147 1239 ἐπὶ
162 1213 213 1249 γῆς
231 1212 450 1248 ποιμαινομένοις
463 1211 626 1248 ἀνθρώποις.
647 1212 720 1238 Ἀντὶ
737 1211 765 1237 δὲ
776 1210 835 1243 τοῦ,

42 1259 99 1288 Kal
111 1258 300 1293 ποιμανθήσῃ
308 1258 357 1285 ἐπὶ
366 1258 404 1291 τῷ
411 1258 531 1289 πλούτῳ
543 1256 648 1291 αὐτῆς,
656 1258 670 1283 ό
677 1257 834 1292 Σύμμαχος,

42 1305 98 1333 Kal
121 1305 281 1339 ποιμαίνου
295 1303 450 1339 διηνεκῶς,
466 1303 612 1337 ἐξέδωκεν·
629 1303 643 1329 ὁ
662 1302 691 1329 δὲ
709 1302 834 1335 Ἀκύλας,

41 1351 97 1379 Kal
113 1350 206 1386 νέμου
223 1351 335 1377 πίστιν.
352 1348 408 1376 Εἶθ’
427 1349 521 1386 ὣσπερ
540 1349 594 1376 τῶν
612 1349 836 1385 πονηρευομένων

41 1398 152 1425 καὶτῶν
159 1397 308 1424 ποιούντων
319 1396 368 1432 τὴν
379 1396 493 1431 ἀνομίαν
503 1395 645 1431 ὑπέγραψε
655 1396 685 1422 τὸ
694 1395 780 1428 τέλος,
788 1395 835 1422 οὖ-

39 1452 92 1475 τως
101 1443 149 1470 καὶ
165 1443 211 1470 σοὶ
219 1442 257 1478 τῷ
268 1442 403 1474 ἐλπίζοντι
417 1442 464 1468 ἐπὶ
478 1441 522 1468 τὸν
540 1441 641 1477 Κύριον
657 1441 704 1467 καὶ
715 1440 836 1468 ποιοῦντι

39 1490 214 1525 χρηστότητα
221 1488 307 1515 ὁπόσα
318 1488 432 1524 ὑπάρξει
441 1487 752 1523 ἀγαθὰκαταριθμείται.
762 1486 838 1522 Πρῶ-

40 1545 84 1562 τον
102 1537 151 1572 μὲν
168 1536 226 1572 γὰρ
240 1536 413 1571 ποιμανθήσῃ
429 1534 475 1561 ἐπὶ
491 1534 530 1570 τῷ
547 1533 653 1569 πλούτῳ
667 1534 705 1570 τῷ
718 1533 836 1570 ἀληθινῷ

40 1582 86 1609 τοῦ
112 1582 197 1609 καλοῦ
226 1582 370 1617 ποιμένος·
385 1581 527 1617 δεύτερον,
543 1581 762 1617 κατατρυφήσεις
787 1580 835 1607 τοῦ

887 984 962 1012 tibus
988 988 1015 1012 et
1038 984 1140 1012 divinis
1156 984 1320 1012 lectionibus
1338 988 1507 1019 spectantur,
1522 986 1555 1013 iis
1577 985 1677 1014 frueris

888 1031 925 1058 ita
940 1033 970 1058 ut
984 1030 1060 1059 dicas
1073 1040 1080 1058 :
1094 1031 1224 1059 Dominus
1239 1031 1324 1065 pascit
1339 1039 1380 1058 me
1400 1035 1425 1058 et
1439 1032 1506 1059 nihil
1528 1032 1591 1059 mihi
1616 1032 1677 1060 dce-

888 1077 923 1103 rit
935 1077 967 1104 ⁶⁸.
980 1076 1053 1104 Nihil
1074 1077 1176 1113 quippe
1200 1076 1288 1105 deerit
1305 1077 1364 1109 tibi,
1381 1078 1404 1104 si
1422 1078 1448 1104 in
1466 1078 1531 1105 boni
1557 1079 1676 1114 pastoris

887 1123 990 1150 divitiis
1004 1124 1137 1159 pascaris,
1154 1132 1216 1159 qua:
1227 1127 1376 1158 erogantur
1389 1124 1544 1151 hominibus
1559 1125 1586 1152 in
1603 1129 1675 1153 terra

886 1170 1073 1204 pascentibus.
1089 1168 1144 1197 Pro
1161 1170 1208 1197 illo
1223 1174 1313 1198 autem
1331 1179 1338 1197 :
1353 1169 1387 1196 Et
1401 1171 1519 1205 pasceris
1534 1171 1562 1197 in
1576 1170 1675 1198 divitiis

886 1215 954 1250 ejus,
971 1215 1152 1251 Symmachus
1170 1225 1177 1243 :
1193 1215 1228 1242 Et
1241 1224 1348 1250 pascere
1371 1216 1491 1248 assidue;
1506 1217 1603 1252 Aquila
1618 1226 1625 1244 :
1640 1216 1675 1243 Et

884 1269 991 1296 pascere
1010 1261 1071 1297 ﬁde,
1089 1262 1243 1290 ediderunt.
1262 1262 1319 1290 Sub
1344 1263 1402 1291 haec
1426 1267 1528 1296 autem,
1543 1264 1675 1299 quemad-

885 1309 996 1336 modum
1011 1309 1196 1344 improborum
1220 1313 1247 1337 et
1268 1310 1441 1345 operantium
1458 1310 1629 1346 iniquitatem
1644 1311 1676 1337 ll-

886 1363 947 1383 nem
973 1355 1135 1390 descripsit;
1162 1356 1202 1384 sic
1226 1361 1327 1391 quanta
1342 1357 1391 1384 tibi
1409 1357 1435 1384 in
1453 1356 1597 1384 Dominum
1614 1364 1676 1392 spe—

885 1400 970 1432 ranti,
990 1408 1022 1428 ac
1046 1401 1196 1429 bonitatem
1220 1401 1331 1429 facienti
1355 1405 1488 1429 eventura
1514 1402 1585 1429 bona
1608 1402 1674 1434 sint,

887 1451 1039 1475 enumerat.
1051 1447 1119 1474 Nam
1135 1448 1225 1482 primo
1239 1448 1266 1475 in
1278 1448 1351 1475 veris
1364 1448 1428 1475 boni
1444 1449 1563 1482 pastoris
1573 1448 1676 1475 divitiis

888 1494 1027 1528 pasceris;
1047 1494 1179 1525 secundo,
1197 1494 1376 1521 delectaberis
1389 1494 1415 1520 in
1431 1494 1563 1527 Domino;
1584 1493 1675 1525 tertio,

887 1540 962 1567 dabit
986 1540 1034 1567 tibi
1056 1540 1201 1575 petitiones
1218 1539 1310 1567 cordis
1325 1539 1374 1567 tui.
1391 1539 1524 1567 Delectari
1541 1543 1631 1567 autem
1647 1539 1676 1568 in:

888 1585 1003 1613 Domino
1029 1585 1140 1617 valebit,
1166 1585 1292 1621 quisquis
1322 1585 1419 1612 animae
1447 1584 1574 1612 sensibus
1599 1585 1676 1619 puris

40 1628 152 1664 Κυρίου·
169 1629 218 1655 καὶ
236 1628 337 1664 τρίτον,
348 1628 428 1655 δώσει
443 1636 483 1654 σοι
498 1627 533 1654 τὰ
549 1627 688 1663 αἰτήματα
704 1627 753 1662 τῆς
766 1635 834 1662 καρ-

888 1631 1063 1666 purgatisque
1080 1630 1171 1663 fuerit,
1185 1630 1222 1657 ita
1237 1635 1265 1657 ut
1280 1637 1378 1665 panem
1399 1630 1491 1658 vivum
1508 1637 1539 1657 ac
1553 1629 1676 1657 viviﬁcas

40 1674 97 1706 δίας
112 1683 171 1702 σου.
185 1675 372 1711 Κατατρυφᾷν
384 1674 412 1701 δὲ
425 1673 472 1700 τοῦ
485 1673 588 1709 Κυρίου
603 1673 746 1709 δυνήσεται
757 1673 771 1698 ό
783 1672 834 1708 τῆς

40 1720 128 1756 ψυχῆς
155 1721 188 1748 τὰ
217 1720 384 1757 αἰσθητήρια
416 1719 661 1755 κεκαθαρισμένος,
686 1718 724 1750 ὡς
755 1718 834 1745 δύνα-

41 1765 101 1792 σθαι
111 1766 212 1793 ἐσθίειν
227 1766 272 1792 τὸν
284 1766 372 1798 ζῶντα
382 1765 463 1801 ἄρτον
476 1766 522 1792 καὶ
535 1765 584 1797 τὰς
596 1765 741 1797 ζωοποιοὺς
750 1763 832 1790 αὐτοῦ

42 1813 156 1847 σάρκας,
171 1813 262 1839 πίνειν
280 1820 311 1838 τε
332 1811 362 1838 τὺ
384 1812 516 1847 σωτήριον
529 1810 611 1837 αὐτοῦ
628 1808 707 1846 αἷμα.
722 1810 833 1841 Τούτοις

40 1858 208 1893 τρεφόμενος
228 1857 277 1884 καὶ
298 1857 478 1892 πιαινόμενος,
492 1857 540 1892 τῆς
559 1857 649 1883 ὲνθέου
669 1856 753 1891 μέθης
766 1856 833 1883 ἀπο-

40 1901 136 1929 λαύων·
147 1902 389 1936 Κατατρύφησον
396 1901 448 1928 τοῦ
454 1902 575 1935 Κυρίου,
590 1901 637 1927 καὶ
645 1900 732 1927 δώσει
741 1909 789 1927 σοι
797 1902 833 1928 τὰ

39 1948 183 1982 αἰτήματα
197 1949 256 1983 τῆς
270 1948 392 1982 καρδίας
408 1955 475 1975 σου.
493 1948 564 1982 Ἤδη
579 1948 627 1982 μὲν
641 1947 695 1982 γὰρ
708 1946 833 1973 ἐντεῦθεν

41 1995 256 2030 κατατρυφήσει,
274 1994 405 2029 ἐθελήσας
429 2002 457 2020 σε
482 1993 563 2019 αὐτὸν
589 1992 726 2020 ἐπιδοῦναι
747 1992 830 2027 αὐτῷ.

41 2037 112 2064 Δῖτει
137 2039 166 2065 δὲ
193 2040 278 2066 αὐτὸν
299 2038 392 2066 καὶτὰ
408 2039 549 2075 μέλλοντα,
567 2035 604 2066 ὧν
618 2039 770 2075 προσδοκᾷς
782 2039 832 2073 τὴν

885 1685 984 1705 carnes
999 1677 1059 1712 ejus
1075 1677 1156 1705 edere
1170 1676 1269 1711 possit,
1284 1685 1316 1704 ac
1339 1677 1487 1704 salutarem
1508 1676 1568 1711 ejus
1583 1675 1677 1703 bibere

886 1722 1056 1757 sanguinem.
1073 1721 1121 1750 llis
1144 1722 1281 1749 enutritus
1306 1725 1333 1749 et
1359 1721 1557 1757 impinguatus,
1583 1721 1676 1748 divina

885 1767 979 1794 fruens
993 1768 1125 1795 ebrietate
1142 1777 1148 1794 :
1166 1768 1301 1794 Delectare
1316 1768 1343 1794 in
1360 1767 1484 1798 Domina,
1501 1771 1528 1797 et.
1538 1766 1612 1793 dabit
1628 1765 1677 1793 tibi

884 1813 1021 1847 petitiones
1034 1812 1122 1839 cordis
1141 1813 1189 1840 tui.
1206 1812 1266 1839 Jam
1279 1812 1352 1839 enim
1375 1812 1420 1839 ille
1438 1819 1546 1847 quoque
1559 1811 1676 1838 delecta-

885 1859 969 1890 bitur,
982 1858 1055 1894 quod
1067 1858 1209 1893 percupiat
1225 1862 1255 1885 ut
1269 1858 1319 1892 ipsi
1333 1862 1364 1884 te
1372 1857 1467 1885 dedas.
1482 1857 1592 1885 Postula
1610 1857 1675 1883 item

885 1904 920 1931 ab
943 1912 976 1931 eo
1003 1908 1032 1931 ut
1056 1912 1088 1931 ea
1111 1911 1171 1938 quze
1186 1904 1278 1930 futura
1295 1907 1440 1938 exspectas
1456 1903 1526 1930 dona
1544 1902 1673 1937 ‘ccipias.

884 1948 951 1976 Nam
972 1949 1017 1985 qui
1033 1950 1177 1985 praesentia
1195 1949 1295 1976 allatim
1308 1949 1440 1983 elargitus
1456 1952 1508 1981 est,
1523 1956 1554 1975 ea
1567 1948 1676 1975 obtine-

884 1995 924 2022 bit
944 2003 1004 2031 quae
1027 2004 1073 2023 nec
1097 1995 1188 2022 oculus
1204 1994 1279 2027 vidit,
1297 2003 1342 2022 nec
1367 1995 1441 2022 auris
1458 1994 1569 2026 audivit,
1587 2002 1632 2021 nec
1646 1994 1676 2021 in

885 2050 930 2069 cor
944 2042 1093 2069 hominibus
1110 2041 1269 2068 ascendit".

42 2082 127 2119 λῆψιν.
150 2087 180 2113 ὐ
204 2087 261 2123 γὰρ
282 2087 316 2114 τὰ
328 2086 449 2122 παρόντα
465 2086 586 2117 δεδωκὼς
603 2086 727 2121 ἀφθόνως
757 2086 908 2122 δωρήσεται
943 2089 990 2116 καὶ
1009 2089 1027 2116 ἃ
1048 2089 1202 2124 ὀφθαλμὸς
1219 2089 1275 2115 οὐκ
1306 2085 1395 2121 εἶδεν,
1410 2087 1481 2115 οὐδὲ
1497 2085 1551 2120 οὖς
1582 2086 1675 2121 ἥκου-

41 2138 104 2163 ver,
119 2132 181 2158 οὐδ’
187 2133 238 2159 ἐπὶ
251 2132 380 2166 καρδίαν
392 2132 549 2166 ἀνθρώπου
565 2133 665 2167 ἀνέϐη.

82 2176 189 2204 ’Δντὶδὲ
203 2178 263 2211 τοῦ,
285 2177 457 2212 Ὑποτάγηθι
472 2178 511 2210 τῷ
532 2179 638 2211 Κυρίῳ.
655 2180 704 2206 καὶ
719 2178 831 2205 ικέτεν-

42 2226 98 2248 σον
112 2224 215 2256 αὐτὸν,
239 2225 254 2251 ό
280 2224 394 2255 Ἀκύλας
410 2223 492 2259 φησί’
509 2224 642 2258 Σίγησον
662 2225 702 2256 τῷ
724 2225 830 2258 Κυρίῳ,

920 2179 973 2207 Pro
988 2187 1021 2206 eo
1037 2184 1138 2211 autem,
1154 2179 1281 2207 Subdilus
1297 2184 1352 2206 esto
1367 2179 1493 2217 Domitio,
1505 2186 1528 2206 et
1545 2188 1592 2206 ora
1603 2188 1673 2211 eum,

887 2225 983 2260 Aquila
995 2226 1043 2257 ait,
1057 2225 1112 2252 Sile
1132 2226 1255 2257 Domino.
1273 2230 1297 2252 et
1313 2230 1435 2259 exspecm
1454 2232 1531 2257 eum;
1548 2225 1675 2261 Symma-

44 2266 90 2292 καὶ
106 2267 328 2303 ἁποκαραδόκει
343 2269 451 2296 αὐτόν·
478 2270 492 2295 ὁ
509 2268 537 2295 δὲ
558 2269 723 2304 Σύμμαχοςί
747 2269 832 2296 Ὴσῦ-

888 2272 953 2299 tlius
969 2279 1042 2304 vero,
1060 2271 1170 2304 Quiesce
1182 2270 1306 2302 Domino,
1322 2275 1346 2297 et
1361 2270 1479 2305 supplicii
1492 2271 1551 2304 ipsi.
1581 2269 1676 2296 Enim-

43 2311 108 2344 χαζε
122 2313 162 2346 τῷ
176 2316 288 2349 Κυρίῳ,
304 2315 352 2342 καὶ
370 2315 482 2342 ἱκέτευε
494 2315 584 2348 αὐτῷ.
605 2315 645 2342 Τὰ
662 2316 715 2351 γὰρ
735 2316 833 2351 προλε-

43 2356 137 2390 χθέντα
149 2361 319 2396 πράττοντα,
331 2362 378 2388 καὶ
388 2362 433 2388 ἐπὶ
444 2363 499 2393 τοῖς
511 2361 665 2397 εἰρημένοις
678 2361 831 2395 ἐλπίζοντα,

43 2402 183 2438 ἡσυχάζειν
200 2410 338 2444 προσήκει
355 2408 424 2440 τέως
446 2409 475 2435 ὲν
496 2408 534 2443 τῷ
559 2408 681 2444 παρόντι,
701 2409 746 2434 καὶ
766 2408 833 2444 μετὰ

45 2449 144 2484 σιωπῆς
156 2453 313 2490 προσδοκᾷν
326 2453 361 2480 τὰ
380 2454 581 2489 ἐπηγγελμένα.
598 2453 646 2487 Μὴ
661 2453 832 2487 παραζῆλου

43 2490 76 2518 έν
94 2495 132 2527 τῷ
153 2501 400 2535 κατευοδσυμένῳ
416 2501 450 2526 ἐν
466 2501 502 2534 τῇ
528 2500 585 2532 ὀδῷ
603 2501 706 2531 aitait,
723 2501 757 2525 ἑν
780 2502 832 2527 dr-

46 2538 143 2574 θρώπφ
156 2545 292 2573 ποιοῦντι
319 2546 514 2580 παρανομίας.
538 2545 655 2571 Παῦσαι
668 2545 726 2572 ἀπὸ
744 2545 833 2580 ἀργῆς

47 2585 92 2610 καὶ
102 2586 294 2621 ἐγκατάλειπε
306 2592 412 2628 θυμὸν,
422 2592 465 2627 μὴ
477 2590 646 2626 παραξήλου
657 2592 733 2619 ὥστε
742 2601 833 2626 ποι-η-

47 2631 189 2662 ρεύεσθαι.
212 2639 273 2666 Ὅτι
302 2642 331 2668 οὶ
361 2640 596 2679 amittimus
617 2639 833 2674 ἐξολοθρευθή-

49 2681 160 2728 eam»
186 2685 214 2710 αι
236 2685 272 2713 δέ
297 2683 687 2728 ὑπομένω

49 2681 160 2733 fit?“
186 2685 214 2733 οξ
236 2685 272 2713 ⁸⁸
297 2686 495 2733 ποθέω

27 2789 31 2806 η]
51 2763 274 2809 “mit-rivi

26 2807 32 2830 λι
46 2811 94 2830 ιν
100 2805 301 2830 mm“

49 2681 160 2713 σονται,
186 2685 319 2716 uicto
372 2720 374 2722 τ
446 2686 487 2693 ν
543 2676 554 2679 ⁷⁷
713 2686 833 2724 ,αὐτοὶ

50 2683 837 2780 merueram

32 2833 94 2862 .N'"
123 2843 133 2851 τ
905 2833 949 2853 I'OS
953 2833 1009 2861 pert

59 2906 74 2917 ἢ
95 2928 97 2931 .

999 3120 1001 3140 ι

970 3180 1005 3204 ’ἓν

886 2324 951 2343 vero
966 2325 1014 2352 par
1028 2321 1071 2344 est
1085 2325 1147 2345 eum
1167 2317 1214 2352 qui
1240 2316 1369 2351 superius
1392 2319 1542 2342 memorata
1559 2314 1673 2349 peragit,

886 2366 912 2389 et
926 2363 952 2389 in
970 2363 1108 2397 praedictis
1124 2370 1199 2398 spem
1224 2362 1317 2394 habet,
1337 2361 1480 2395 quiescere
1500 2360 1564 2387 dum
1581 2359 1608 2386 in
1623 2359 1676 2386 hac

884 2408 941 2435 vita
960 2412 1096 2440 versatur,
1109 2411 1136 2434 et
1149 2414 1211 2434 cum
1229 2407 1340 2433 silentio
1353 2406 1488 2440 promissa
1502 2409 1673 2440 exspectare.
1694 2417 1696 2440 ;

888 2453 953 2480 Noli
970 2454 1091 2480 wmulari
1105 2454 1133 2480 in
1153 2462 1182 2480 eo
1202 2454 1246 2488 qui
1263 2456 1435 2487 prosperatur
1452 2452 1480 2478 in
1504 2452 1546 2478 via
1570 2460 1630 2483 sua,
1646 2451 1675 2478 in

1692 2430 1697 2452 Ι

887 2500 989 2526 homine
1006 2499 1118 2528 faciente
1136 2499 1295 2533 injustitias.
1323 2497 1419 2525 Desine
1440 2497 1472 2524 ab
1493 2498 1534 2524 ira
1552 2503 1576 2525 et
1599 2497 1675 2525 dere-
1689 2497 1695 2507 “

886 2545 971 2579 linque
992 2546 1126 2577 furorem,
1142 2545 1196 2571 noli
1218 2545 1341 2571 mttulari
1366 2548 1395 2570 ut
1423 2543 1588 2579 malignerts.
1602 2544 1675 2577 Quo-

886 2594 956 2619 niam
973 2593 1016 2627 qui
1033 2592 1216 2626 malignantur
1236 2590 1482 2618 exterminabuntur
1496 2594 1674 2617 :suslmenle;

886 2645 972 2665 autent
987 2638 1142 2669 Dominum,
1157 2637 1208 2671 ipsi
1226 2636 1417 2664 hwrcditabunt
1435 2640 1543 2663 terram.
1561 2634 1674 2662 Sermo-

885 2694 946 2713 nem
963 2684 1121 2712 necessario
1143 2684 1252 2718 repetit.
1273 2683 1354 2717 Quia,
1378 2682 1478 2717 inquit,
1496 2681 1569 2709 nosti
1584 2681 1674 2715 qualis

885 2732 934 2759 tibi
951 2732 1098 2759 thesaurus
1114 2730 1273 2758 reconditus
1299 2730 1345 2762 sit,
1362 2729 1419 2756 noli
1441 2727 1563 2756 simulari
1586 2726 1674 2753 homi-

801 2763 947 2813 ‘rnem
972 2777 1110 2813 iniquitati
1124 2776 1261 2809 deditum,
1280 2777 1327 2812 qui
1350 2777 1378 2804 in
1393 2774 1521 2811 praesenti
1544 2773 1597 2800 vita
1616 2779 1673 2798 rem

882 2832 1118 2861 prospereagcre
1132 2828 1262 2860 putatur;
1281 2831 1316 2851 ne
1336 2822 1487 2854 stimulere,
1507 2827 1560 2847 neu
1575 2818 1674 2854 hujus-
