4010 6530
615 367 724 424 327
1291 363 1558 422 EUSEBII
1595 361 2070 420 CESABIENSIS
2093 361 2246 418 OPP.
2277 357 2458 416 PARS
2493 360 2582 416 Ill.
2617 391 2686 402 —
2725 357 3137 420 EXEGETICA.
3787 369 3910 423 328

613 486 764 542 modi
793 485 1062 540 hominem
1085 483 1300 536 beatum
1331 482 1676 552 pronunties,
1699 496 1820 536 cum
1841 480 2010 550 probe
2037 479 2186 535 noris

2293 480 2436 536 κατὰ
2499 481 2590 534 τὸν
2645 481 2890 552 παρόντα
2947 481 3060 551 βίον
3120 481 3534 538 κατευοὸοὖσθαι
3593 483 3908 555 ἀνθρώπῳ

617 577 726 647 ipsi
759 575 1054 644 repositam
1087 571 1222 624 iram
1248 571 1304 624 in
1330 569 1418 625 die
1455 569 1548 622 ira:
1580 575 1632 623 et
1656 567 1788 636 justi
1825 567 2018 636 judicii
2065 565 2179 620 Dei.

2290 573 2528 626 ποιοῦντι
2559 571 2931 643 παρανομίας·
2969 573 3042 646 μὴ
3075 574 3184 645 γὰρ
3215 573 3540 645 παροξύνου,
3579 575 3732 646 μηδὲ
3791 595 3906 646 μα-

618 668 980 736 Quamobrem
1009 663 1120 718 noli
1153 662 1360 717 irritari
1385 669 1480 715 aut
1509 661 1694 714 furore
1727 659 1946 714 incendi
1995 665 2184 714 contra

2290 665 2476 736 κάριζε
2503 665 2593 718 τὸν
2626 665 2882 730 τοιοῦτον,
2923 665 3166 738 ἁγριϐῶς
3195 665 3370 730 εἰδὼς,
3403 667 3486 720 ὅτι
3522 667 3690 736 μένει
3721 668 3904 720 αὐτὸν

616 761 864 832 impium,
887 757 980 828 qui
1015 755 1244 811 feliciter
1273 769 1386 808 rem
1417 769 1574 824 agere
1603 752 1972 814 existimatur,
2009 765 2186 820 neque

613 851 888 908 mmuleris
917 851 1096 920 ipsum
1151 855 1213 902 ut
1255 847 1410 918 paria
1459 847 1664 900 scelera
1709 846 1870 900 edere
1919 853 2184 914 exOptes;

613 945 752 1000 bene
785 941 1056 1012 siquidem
1103 941 1248 995 nosti
1283 953 1348 993 ac
1397 953 1722 1008 persuasum
1771 938 1930 1006 plane
1976 935 2181 1002 habes,

613 1033 988 1104 improborum
1025 1031 1186 1086 linem
1216 1029 1508 1087 exitiosum
1541 1043 1684 1084 esse.
1713 1026 1858 1081 Nam
1893 1028 1984 1098 qui
2027 1029 2186 1080 mati-

611 1135 844 1196 gnantur
875 1121 1387 1188 exterminabuntur,
1410 1135 1474 1175 ac
1513 1121 1614 1176 soli
1643 1123 1912 1190 patientes
1941 1129 1996 1176 et
2022 1122 2186 1176 susti-

612 1229 790 1270 nentes
817 1215 1118 1277 Dominum,
1159 1213 1264 1282 ipsi
1302 1211 1938 1267 Iiwreditabuntterram.
1973 1211 2030 1267 Si
2073 1227 2182 1282 qua

611 1308 756 1362 enim
781 1315 928 1362 terra
959 1313 1044 1362 est
1078 1307 1288 1362 sanctis
1315 1305 1452 1360 viris
1497 1304 1792 1375 promissa,
1835 1304 1976 1358 hanc
2007 1306 2182 1358 hzere-

611 1399 866 1454 ditabunt
915 1399 1008 1468 qui
1057 1398 1334 1452 sustinent
1385 1394 1714 1458 Dominum,
1755 1394 1846 1464 qui
1896 1409 2020 1447 cum
2062 1395 2184 1448 aliis

609 1491 942 1547 enumeratis
984 1491 1142 1545 bonis
1173 1490 1229 1544 in
1267 1487 1636 1542 haereditatem
1683 1487 1790 1541 illis
1823 1485 2040 1539 dandus
2069 1497 2170 1540 est.

609 1583 765 1650 Quod
791 1583 838 1639 si
881 1583 934 1636 in
967 1583 1124 1638 ccelis
1145 1580 1444 1636 Jerusalem
1476 1586 1530 1634 et
1560 1576 1692 1632 Sion
1729 1589 1906 1632 nious’
1931 1575 2026 1630 Dei
2059 1593 2173 1632 eo:-

611 1677 765 1734 lestis
785 1677 950 1738 adsit,
971 1685 1170 1730 terram
1195 1675 1324 1730 item
1343 1673 1623 1728 cmlestem
1645 1669 1826 1742 dignis
1851 1669 2186 1740 promissam

611 1768 912 1840 putandum
936 1776 1038 1822 est.

2285 755 2422 826 ὀργὴ
2459 757 2515 808 ὲν
2565 755 2746 827 ἡμέρᾳ
2786 756 2956 826 ὀργῆς
2990 755 3084 809 καὶ
3135 755 3533 828 δικαιοκρισίας
3565 755 3672 810 τοῦ
3721 757 3898 810 Θεοῦ.

2287 847 2376 900 Διὸ
2411 849 2474 900 σὺ
2507 847 2580 917 μὴ
2614 845 2852 916 ὀργίζου,
2889 847 3024 918 μηδὲ
3057 847 3232 918 θυμοῦ
3281 847 3422 902 κατὰ
3447 847 3544 900 τοῦ
3577 849 3904 919 νομιζομέ-

2285 955 2376 990 νου
2405 938 2646 1008 εὐθηνεῖν
2689 937 2940 1001 ἀσεϐοῦς,
2971 939 3104 1010 μηδὲ
3136 939 3296 1010 ζήλου
3329 939 3491 992 αὐτὸν
3537 937 3617 1002 ὡς
3665 939 3776 993 καὶ
3809 941 3902 994 θέ-

2285 1029 2398 1082 λειν
2427 1029 2496 1082 τὰ
2523 1031 2684 1100 ὃμοια
2723 1029 2874 1100 αὖτῷ
2913 1030 3332 1102 πονηρεύεσθαι·
3369 1027 3428 1086 εὖ
3471 1031 3582 1102 γὰρ
3619 1032 3752 1084 εσθι
3801 1037 3902 1086 καὶ

2287 1118 2518 1171 πέπεισο
2553 1117 2814 1190 ἀκριϐῶς,
2843 1121 2925 1173 ὅτι
2959 1120 3020 1173 τὸ
3065 1120 3219 1185 τέλος
3261 1122 3367 1177 τῶν
3415 1126 3900 1193 πονηρευομένων

2284 1209 2526 1281 ὀλέθριον
2569 1211 2848 1282 τυγχάνει.
2881 1215 2946 1264 Οἱ
2991 1212 3100 1281 γὰρ
3149 1217 3623 1283 πονηρευόμενοι
3677 1216 3902 1278 ἐξολο-

2285 1303 2739 1368 θρευθιξσονται,
2776 1304 2924 1373 μόνοι
2957 1303 3014 1356 δὲ
3047 1306 3096 1356 οἱ
3141 1306 3480 1377 μακρόθυμοι
3518 1305 3620 1360 καὶ
3655 1307 3900 1376 ὑπομέ-

2284 1412 2496 1461 νοντες
2541 1396 2648 1449 τὸν
2686 1397 2922 1464 Κύριον,
2967 1397 3138 1452 αὐτοὶ
3181 1397 3734 1466 κληρονομήσουσι
3785 1401 3896 1464 τὴν

2286 1485 2422 1558 γῆν.
2457 1488 2524 1541 Εἴ
2550 1505 2632 1552 τις
2658 1489 2766 1560 γάρ
2799 1489 2913 1542 ἐστι
2944 1489 3016 1558 γῆ
3042 1489 3218 1561 ἀγαθὴ
3243 1493 3356 1553 τοῖς
3389 1489 3564 1558 ἁγίοις
3601 1491 3896 1562 ἐπηγγελ-

2291 1579 2450 1650 μένη,
2497 1579 2700 1652 ταύτην
2735 1581 3230 1652 κληρονομήσουσιν
3275 1581 3325 1632 οξ.
3373 1579 3768 1650 ὑπομένοντες
3809 1583 3892 1634 τὴν

2289 1671 2490 1741 Κύριον
2515 1688 2528 1702 ·
2569 1673 2706 1744 μετὰ
2745 1673 2848 1746 γὰρ
2873 1673 2982 1727 τῶν
3015 1673 3188 1728 ἄλλων
3221 1673 3328 1726 τῶν
3369 1675 3892 1746 κατηριθμημένων

2289 1763 2530 1832 ἀγαθῶν,
2566 1765 2660 1818 καὶ
2686 1765 2848 1828 αὑτὸς
2874 1767 3054 1829 αὐτοῖς
3093 1766 3428 1837 δοθήσεταιὸ
3463 1766 3702 1836 κλῆρος.
3749 1763 3814 1818 ΕΞ
3851 1767 3888 1818 δ’

609 1864 756 1917 εστιν
806 1864 858 1915 ὲκ.
907 1863 1152 1932 οὐρανοῖς
1197 1858 1542 1932 Ἰερουσαλὴμ
1598 1859 1688 1913 καὶ
1731 1855 1868 1913 Σιὼν
1915 1855 2042 1928 ὅρος
2087 1855 2182 1909 τοῦ
2221 1857 2354 1912 Θεοῦ
2389 1861 2446 1914 τὸ
2473 1861 2816 1936 ἐπουράνιον,
2851 1863 3139 1917 ἀκόλουθόν
3200 1865 3316 1918 ἐστι
3375 1863 3468 1916 καὶ
3503 1863 3615 1935 γῆν
3645 1864 3892 1934 ἐπουρά-

609 1977 721 2018 νιον
752 1961 891 2013 νοεῖν
921 1957 1018 2030 τὴν
1049 1957 1464 2029 ἐπηγγελμένην
1489 1958 1600 2019 τοῖς
1624 1955 1812 2020 ἀξίοις.

681 2051 844 2108 Vens.
871 2051 1059 2118 10,11.
1105 2049 1174 2102 Et
1211 2049 1380 2102 adhuc
1407 2047 1682 2118 pusillum,
1721 2055 1770 2100 et
1803 2061 1906 2100 non
1944 2046 2045 2099 erit
2074 2061 2186 2114 pec-

2367 2043 2476 2098 Kai
2501 2047 2586 2099 ἔτι
2617 2047 2843 2116 ὀλίγον,
2892 2045 2990 2100 καὶ
3019 2048 3090 2100 οὐ
3115 2045 3201 2116 μὴ
3233 2045 3470 2114 ὑπάρξῃ
3497 2047 3888 2119 ἁμαρτωλός.

609 2153 781 2209 cator,
815 2151 926 2199 etc.
975 2141 1074 2196 Hic
1121 2143 1378 2211 superius
1409 2139 1554 2194 dicta
1607 2140 2018 2208 interpretatur,
2056 2137 2188 2192 illud

611 2235 846 2296 scilicet,
873 2233 1140 2299 Quoniam
1173 2241 1422 2300 tanquam
1453 2231 1632 2299 fenum
1657 2231 1906 2284 velociter
1929 2239 2186 2293 arescent,

611 2337 660 2383 et
691 2327 1133 2397 quemadmodum
1167 2326 1314 2378 olera
1355 2323 1630 2378 herbarum
1664 2323 1766 2376 cito
1813 2321 2072 2384 decidant,
2103 2321 2190 2376 his

613 2421 870 2491 explicat,
915 2419 1101 2474 Adhuc
1133 2419 1418 2488 pusillum,
1452 2427 1502 2472 et
1533 2434 1640 2472 non
1673 2421 1771 2471 erit
1819 2427 2096 2485 peccator;
2141 2423 2188 2470 et

612 2529 815 2582 qurere:
849 2512 1023 2566 locum
1056 2511 1191 2580 ejus,
1224 2519 1274 2565 et
1309 2528 1412 2564 non
1443 2511 1702 2564 invenies:
1734 2509 1868 2562 illud
1900 2523 2051 2574 vero,
2087 2507 2192 2562 De-

613 2604 808 2658 lectare
831 2605 886 2658 in
919 2603 1164 2667 Domino,
1191 2612 1238 2656 et
1277 2602 1424 2656 dabit
1453 2601 1550 2655 tibi
1588 2602 1862 2672 petitiones
1891 2601 2064 2654 cordis
2089 2601 2186 2664 tui,

611 2695 700 2751 his
731 2697 974 2766 apertius
1017 2703 1260 2758 enarrat,
1287 2693 1558 2748 Mansueti
1603 2703 1780 2747 autem
1808 2693 2192 2748 Itwr'editabunt

612 2799 832 2852 terram,
859 2797 906 2841 et
953 2787 1355 2841 delectabantur
1388 2789 1440 2840 in
1485 2785 1830 2840 multitudine
1855 2788 2024 2855 pacis.
2072 2785 2190 2852 Quo

611 2888 772 2949 pacto
801 2889 982 2934 autem
1017 2879 1070 2933 in
1105 2878 1336 2932 Domino
1365 2879 1491 2948 quis
1530 2878 1914 2942 delectabitur,
1949 2877 2194 2935 declarat

613 2972 730 3040 ipse
759 2970 888 3025 dum
923 2971 1020 3034 ait,
1051 2985 1218 3041 penes
1251 2986 1376 3025 cum
1413 2971 1820 3025 multitudinem
1859 2970 2011 3040 pacis
2043 2987 2187 3034 esse,

609 3077 720 3134 qua
747 3063 918 3116 niulta
945 3076 1080 3132 pace
1111 3061 1364 3116 fruentur
1393 3063 1430 3116 ii
1463 3064 1555 3132 qui
1586 3063 1640 3116 in
1675 3063 1906 3118 Domino
1937 3063 2189 3118 delectati

611 3153 834 3208 fuerint.
873 3151 968 3208 llis
1021 3167 1190 3224 porro
1231 3153 1500 3220 docetur,
1532 3155 1695 3208 aliam
1743 3155 1944 3209 bonam
1985 3161 2188 3209 terram

610 3259 754 3309 esse,
775 3246 1079 3300 mansuetis
1105 3244 1456 3307 destinatam,
1490 3261 1554 3300 ac
1577 3245 2019 3310 delectationem,
2051 3247 2192 3300 mul-

611 3334 1012 3404 titudinemque
1051 3335 1206 3405 pacis
1231 3335 1284 3389 in
1321 3335 1560 3390 futuram
1591 3337 1758 3390 vitam
1791 3337 2046 3392 remittit.
2073 3337 2190 3392 Non

612 3427 902 3496 ignorabat
949 3427 1094 3481 enim
1126 3425 1291 3496 juslis
1349 3427 1574 3498 perinde
1613 3435 1776 3499 atque
1809 3429 2191 3500 peccatoribus

611 3517 671 3571 in
701 3517 802 3572 hac
827 3517 938 3571 vita
969 3517 1313 3572 moriendum
1345 3533 1488 3582 esse,
1522 3521 1598 3573 ita
1633 3525 1692 3573 ut
1719 3519 1788 3575 de
1827 3521 1934 3575 illis
1977 3537 2193 3592 quoque

611 3603 722 3660 dici
755 3605 929 3675 possit
955 3623 968 3658 :
993 3605 1184 3660 Adhuc
1211 3607 1492 3676 pusillum.
1526 3615 1580 3664 et
1611 3623 1722 3664 non
1754 3611 1858 3665 erit
1884 3611 2104 3682 justus;
2138 3621 2192 3668 et

611 3711 824 3766 quaares
853 3697 1035 3752 locum
1068 3697 1212 3768 ejus,
1244 3706 1298 3755 et
1326 3715 1444 3766 ,non
1467 3700 1712 3756 invenies
1740 3720 1753 3756 :
1785 3717 1913 3758 nam
1943 3703 2020 3758 illi
2049 3719 2190 3774 quo-

609 3803 718 3858 que
749 3789 1065 3846 moriuntur
1111 3791 1570 3861 quemadmodum
1605 3801 1660 3848 et
1693 3801 2032 3864 peccatores.
2081 3795 2190 3852 Ne-

610 3891 720 3948 que
741 3876 810 3931 de
845 3877 948 3933 hac
975 3886 1120 3934 terra
1155 3881 1238 3934 sic
1281 3881 1496 3937 locutus
1525 3892 1630 3946 est,
1667 3882 1934 3940 Mansueti
1967 3886 2192 3941 haeredi-

612 3967 800 4021 tabunt
823 3977 1060 4032 terram;
1093 3985 1214 4022 cum
1253 3973 1422 4041 probe
1473 3973 1640 4028 sciret
1685 3973 1906 4046 Moysen
1943 3966 2188 4033 omnium

613 4058 986 4123 mitissimum,
1026 4061 1154 4114 olim
1187 4062 1253 4116 de
1293 4063 1472 4120 medio
1501 4065 1782 4120 hominum
1814 4069 2090 4124 sublatura
2123 4073 2190 4127 ab

615 4147 718 4204 hac
751 4158 896 4206 terra
917 4151 1272 4225 demigrasse.

694 4409 854 4467 Vsus.
883 4413 968 4470 12.
1007 4413 1316 4472 Observabit
1343 4429 1588 4486 peccator
1609 4420 1841 4488 justum,
1870 4432 1917 4475 et
1949 4422 2190 4478 stridebit

614 4521 768 4575 super
785 4521 902 4561 eum
923 4506 1166 4562 dentibus
1195 4511 1278 4564 sui
1287 4528 1332 4572 ε,
1355 4519 1459 4567 etc.
1479 4511 1770 4582 Implorqu
1799 4523 1987 4568 contra
2011 4517 2190 4584 justos

613 4598 850 4656 insultus
887 4601 1282 4673 amborumque
1319 4605 1478 4659 linem
1511 4605 1794 4662 describit.
1827 4609 1960 4663 Cum
1995 4626 2190 4680 pecca-

2290 2137 2642 2208 Διερμηνεύει
2693 2139 2758 2191 τὰ
2809 2139 3064 2210 ἀνωτέρω
3105 2139 3423 2208 λελεγμένα,
3471 2139 3530 2192 τὸ
3577 2141 3712 2211 μὲν,

2289 2231 2432 2283 ὡσεὶ
2477 2232 2692 2299 zéptoq
2731 2229 2884 2300 ταχὺ
2931 2231 3555 2300 ἀποξηρανθήσονται,
3597 2237 3706 2288 καὶ
3747 2239 3886 2291 ὡσεὶ
3969 2229 3972 2300 Ι

2289 2321 2528 2392 λάχανα
2557 2327 2744 2392 χλόης
2783 2326 2934 2393 ταχὺ
2963 2327 3432 2390 ἀποπεσοῦνται,
3466 2325 3553 2380 διὰ
3585 2328 3716 2394 τοῦ,
3771 2333 3886 2384 Ἔτι

2292 2416 2520 2485 ὀλίγον,
2549 2418 2646 2470 καὶ
2673 2419 2744 2470 οὐ
2770 2417 2854 2486 μὴ
2895 2417 3134 2486 ὑπάρξῃ
3169 2422 3202 2472 ὀ
3225 2420 3612 2488 ἀμαρτωλός·
3661 2424 3770 2475 καὶ
3805 2423 3884 2488 <fn-
3969 2445 3972 2500 ς

2291 2507 2497 2573 τήσεις
2527 2507 2634 2560 τὸν
2663 2509 2847 2560 τόπον
2876 2509 3062 2562 αὑτοῦ
3093 2508 3192 2562 καὶ
3221 2511 3290 2562 οὐ
3315 2507 3402 2576 μὴ
3443 2511 3636 2577 εὕρῃς
3655 2527 3670 2540 ·
3707 2511 3780 2565 τὸ
3809 2515 3880 2566 δὲ.

2290 2599 2766 2665 Κατατρύειησον
2803 2598 2908 2651 τοῦ
2936 2599 3175 2664 Κυρίου,
3210 2597 3304 2650 καὶ
3340 2597 3518 2650 δώσει
3555 2615 3662 2652 σοι
3699 2605 3782 2654 τὰ
3805 2607 3880 2655 ui-

2291 2687 2520 2757 τήματα
2567 2687 2676 2756 τῆς
2720 2689 2966 2757 καρδίας
3017 2705 3154 2750 σου,
3199 2689 3528 2760 σαφέστερον
3577 2693 3880 2747 ἀποδίδωσι

2290 2781 2378 2834 διὰ
2414 2781 2529 2846 τοῦ,
2563 2785 2626 2835 Oi
2665 2782 2733 2834 δὲ
2773 2782 2980 2850 πραεῖς
3015 2782 3540 2850 κληρονομήσουσι
3585 2783 3710 2852 τὴν
3743 2786 3872 2854 γῆν,

2292 2875 2388 2927 καὶ
2427 2873 2995 2942 κατατρυρήσουσιν
3033 2874 3134 2926 ἐπὶ
3175 2873 3386 2940 πλήθει
3425 2874 3701 2943 εἳρήνης.
3755 2880 3874 2940 Πεὶς

2291 2966 2399 3036 γὰρ
2431 2983 2516 3029 τις
2547 2967 2954 3038 κατατρυφήσει
2993 2965 3084 3018 τοῦ
3117 2967 3317 3037 Κυρίου
3363 2968 3692 3038 παρίστησι,
3745 2973 3872 3040 πλῆ-

2293 3055 2382 3118 θος
2415 3057 2636 3126 εἰρήνης
2669 3057 2796 3126 παρ’
2825 3055 2972 3125 αὺτῷ
3005 3051 3142 3108 εἶναι
3185 3056 3388 3124 λέγων·
3425 3053 3486 3110 οὗ
3517 3059 3768 3130 πλήθους
3799 3067 3866 3115 εξ-

2297 3151 2463 3220 ρήνης
2507 3148 2902 3202 ἀπολαύσουσιν
2941 3151 2987 3201 οἱ
3030 3149 3124 3202 τοῦ
3159 3151 3360 3221 Κυρίου
3409 3156 3870 3223 κατατρυφήσαν-

2291 3257 2401 3302 τες.
2439 3242 2536 3296 Διὰ
2567 3242 2770 3294 τούτων
2801 3241 2856 3293 δὲ
2896 3244 2924 3294 ὁ
2970 3241 3124 3310 λόγος
3164 3243 3348 3311 σαφῶς
3385 3243 3580 3314 ἑτέραν
3612 3247 3740 3298 τινα
3773 3250 3868 3317 γῆν

2293 3333 2500 3402 ἀγαθὴν
2537 3333 2632 3404 τὴν
2675 3337 2786 3393 τοῖς
2829 3333 3026 3404 πραέσι
3073 3335 3438 3408 δοθησομένην
3469 3336 3738 3402 διδάσκει,
3785 3343 3872 3392 καὶ
3971 3389 3973 3408 ε

2294 3423 2500 3494 τρυφὴν
2529 3424 2620 3477 καὶ
2649 3423 2852 3493 πλῆθος
2877 3427 3096 3496 εἰρήνης
3123 3429 3202 3489 εἰς
3232 3425 3526 3496 μέλλουσαν
3553 3429 3870 3498 ἁναπέμτπι

2293 3511 2460 3584 ζωήν.
2508 3514 2582 3565 Οὐ
2615 3513 2726 3585 γὰρ
2756 3515 2962 3584 ἠγνόει,
3010 3515 3090 3568 δτι
3135 3516 3336 3586 ὀμοὶως
3373 3519 3486 3579 τοῖς
3525 3517 3870 3589 ἁμαρτωλοῖς

2293 3604 2436 3658 κατὰ
2477 3603 2566 3658 τὸν
2593 3605 2838 3676 παρόντα
2869 3607 2979 3676 βίον
3016 3607 3111 3662 καὶ
3137 3609 3184 3660 οἱ
3209 3608 3404 3661 δίκαιοι
3431 3609 3864 3680 τελευτήσουσιν,

2293 3695 2368 3759 ὡς
2405 3695 2663 3752 δύνασθαι
2697 3699 2792 3751 καὶ
2825 3699 2950 3768 περὶ
2989 3699 3165 3752 αὐτῶν
3194 3699 3444 3768 λέγεσθαι
3468 3701 3530 3754 τό
3557 3718 3570 3733 ·
3603 3703 3730 3756 Ἔτι
3759 3705 3866 3758 ὀλί-

2291 3807 2408 3858 γον,
2437 3790 2532 3842 καὶ
2555 3791 2618 3843 οὐ
2660 3790 2732 3860 μὴ
2783 3789 2999 3862 ὑπάρξῃ
3051 3793 3078 3844 ὁ
3105 3791 3328 3854 δίκαιος,
3359 3793 3452 3844 καὶ
3487 3793 3744 3864 ζητήσεις
3783 3797 3868 3848 τὸν

2291 3881 2454 3934 τόπον
2477 3878 2662 3944 αὑτοῦ,
2689 3879 2782 3932 καὶ
2803 3880 2865 3932 οὐ
2887 3881 2960 3950 μὴ
2987 3879 3152 3952 εὕρῃς
3169 3897 3182 3910 σ
3201 3881 3488 3934 τελευτῶσι
3522 3882 3634 3952 γὰρ
3671 3885 3866 3954 ὁμοίως

2291 3975 2402 4034 τοῖς
2433 3971 2773 4042 ἁμαρτωλοῖς
2803 3973 2898 4024 καὶ
2929 3973 3100 4024 αὐτοί.
3133 3975 3244 4026 Οὐκ
3269 3973 3333 4026 ἂν
3363 3973 3420 4025 δὲ
3453 3971 3572 4026 εἷπε
3611 3977 3746 4048 περὶ
3773 3977 3866 4046 τῆς

2293 4063 2574 4134 παρούσης
2625 4063 2728 4133 γῆς
2762 4063 2918 4116 τόδε·
2975 4067 3036 4117 0i
3091 4065 3291 4132 πραεῖς
3335 4067 3864 4136 κληρονομήσουσι

2293 4154 2406 4222 τὴν
2429 4153 2566 4223 γῆν,
2603 4155 2788 4224 σαφῶς
2819 4155 2959 4226 ὁρῶν
2989 4155 3097 4210 τῶν
3121 4157 3336 4210 πάντων
3369 4157 3676 4229 πραότατον
3707 4161 3866 4214 Moab-

2295 4245 2414 4309 σέα,
2449 4245 2614 4298 πάλαι.
2653 4246 2710 4313 ἐξ
2745 4247 3043 4319 ἀνθρώπων
3091 4247 3376 4320 γενόμενον
3411 4251 3504 4304 καὶ
3535 4251 3634 4322 τῆς
3667 4253 3866 4324 παρού-

2295 4352 2392 4408 σης
2423 4337 2524 4407 γῆς
2551 4337 2986 4410 ἀπηλλαγμένον.

2363 4431 2848 4500 Παρατηρήσεται
2897 4437 2931 4487 ὁ
2959 4433 3305 4502 ἁμαρτωλὸς
3345 4435 3450 4488 τὸν
3479 4433 3738 4498 δίκαιον,
3771 4437 3862 4490 καὶ

2287 4525 2500 4594 βρύξει
2526 4526 2616 4578 ἐπ’
2637 4524 2823 4579 αὑτὸν
2845 4525 2984 4590 τοὺς
3003 4525 3253 4590 ὀδόντας
3279 4526 3483 4579 αὑτοῦ.
3507 4525 3628 4578 Τῶν
3655 4543 3718 4579 τε
3745 4528 3864 4582 das-

2293 4618 2402 4670 ϐῶν
2441 4617 2537 4680 τὰς
2584 4617 2724 4669 κατὰ
2765 4616 2871 4668 τῶν
2915 4616 3136 4668 δικαίων
3184 4616 3597 4680 ἐπαναστάσεις,
3633 4619 3734 4670 καὶ
3765 4621 3866 4688 ἁμ-

612 4700 722 4756 tor,
755 4693 960 4763 inquit,
1001 4710 1109 4748 non
1147 4696 1284 4750 satis
1316 4713 1439 4752 esse
1487 4699 1590 4752 sibi
1621 4701 1828 4754 scelera
1876 4717 1974 4755 sua
2013 4713 2184 4772 putet,

2295 4710 2533 4781 φοτέρων
2561 4709 2670 4762 τῶν
2720 4709 3010 4778 ταγμάτων
3039 4707 3104 4761 τὰ
3145 4707 3292 4778 τέλη.
3325 4707 3410 4779 Μὴ
3441 4709 3548 4779 γὰρ
3589 4711 3862 4782 ἁρκούμε·

611 4783 820 4851 justum
847 4801 1078 4840 cernens
1109 4787 1364 4856 religiose
1389 4789 1682 4852 viventem,
1719 4791 1770 4844 id
1803 4791 1944 4848 ferre
1977 4795 2186 4864 nequit,

615 4876 744 4943 quia
779 4877 944 4929 vitam
988 4879 1107 4946 ejus
1159 4880 1524 4949 improbitatis
1569 4899 1680 4938 suae
1731 4886 2185 4956 vituperationem

614 4985 738 5025 esse
765 4971 1096 5039 arbitratur;
1138 4990 1308 5044 quare
1339 4977 1448 5031 ait:
1488 4975 1584 5033 Vel
1619 4979 1736 5034 visu
1771 4982 1888 5035 solo
1921 4997 2188 5036 onerosus

615 5063 777 5117 nobis
805 5071 910 5126 est,
939 5063 1170 5134 ideoque
1199 5067 1452 5123 observat
1475 5085 1600 5124 eum
1631 5079 1690 5125 ut
1717 5071 1956 5141 dejiciat.
1985 5072 2187 5128 Verum

613 5151 800 5222 justus
851 5156 990 5212 nihil
1023 5159 1176 5226 pensi
1233 5159 1416 5224 habet,
1469 5177 1646 5232 neque
1695 5165 1846 5219 novit
1889 5181 2010 5234 qua:
2047 5167 2186 5220 clam

615 5253 806 5300 contra
843 5261 902 5302 se
931 5257 1224 5302 struuntur
1269 5251 1728 5310 machinamenta.
1765 5255 2030 5312 Dominus
2057 5273 2188 5312 vero

616 5336 860 5391 omnium
891 5337 1182 5409 inspector,
1215 5342 1334 5412 ejus
1361 5345 1452 5414 qui
1478 5345 1608 5400 talia
1643 5347 1940 5402 meditatur
1971 5348 2186 5404 ruinam

615 5431 977 5502 prospiciens,
1011 5433 1238 5490 consilia
1272 5435 1393 5505 ejus
1419 5436 1648 5493 deridet.
1683 5437 1748 5491 Et
1771 5439 2038 5496 hactenus
2065 5442 2188 5510 qui-

609 5523 735 5580 dem
791 5525 926 5580 nihil
974 5527 1119 5582 aliud
1151 5529 1260 5600 agit
1309 5545 1470 5600 quam
1519 5533 1700 5587 ridere
1747 5532 2026 5587 hominem
2057 5533 2186 5588 talia

613 5617 818 5674 frustra
867 5619 1216 5692 cogitantem.
1263 5623 1400 5676 Cum
1432 5633 1610 5678 autem
1649 5631 1903 5693 peccator
1939 5626 2002 5680 ad
2051 5625 2186 5680 faci-

611 5721 746 5760 nora
803 5709 1183 5780 progreditur,
1239 5711 1493 5779 acuitque
1533 5713 1777 5782 gladios,
1835 5722 1892 5767 ut
1955 5715 2182 5771 insidias

617 5807 770 5866 paret
794 5802 857 5854 ad
891 5817 1077 5858 necem
1108 5801 1180 5870 ei,
1213 5801 1302 5870 qui
1335 5810 1556 5870 propter
1591 5805 1755 5862 Deum
1785 5807 2016 5876 in0piam
2047 5823 2178 5876 pau-

2293 4819 2401 4864 νος,
2441 4803 2592 4871 φησὶ,
2621 4803 2730 4864 τοῖς
2757 4799 2950 4852 ἑαυτοῦ
2983 4799 3274 4870 πλημμελή
3285 4817 3444 4872 μασιν
3469 4801 3497 4852 ὁ
3521 4801 3862 4872 ἁμαρτωλὸς.

2293 4893 2352 4944 οὐ
2399 4892 2553 4962 φέρει
2598 4891 2807 4960 βλέπων
2851 4891 2942 4943 τὸν
2973 4891 3174 4944 δίκαιον
3217 4891 3603 4945 θεοσεϐοῦντα’
3651 4894 3867 4966 ἔλεγχον

2295 4979 2404 5048 γὰρ
2434 4977 2524 5030 τὸν
2557 4977 2764 5031 ἐκείνου
2797 4977 2909 5048 βίον
2938 4977 3038 5048 τῆς
3075 4979 3267 5032 ἑαυτοῦ
3295 4979 3594 5051 μοχθηρίας
3623 4984 3862 5054 ήγείται’

2293 5067 2374 5120 διὸ
2411 5067 2588 5136 λέγει’
2637 5069 2816 5139 Bap-2»;
2857 5071 2986 5139 ἡμῖν
3035 5071 3147 5122 ἐστι
3194 5071 3290 5124 καὶ
3339 5071 3668 5142 βλεπόμενος
3693 5091 3708 5104 ·
3749 5074 3868 5128 ὅθεν

2295 5160 2545 5230 ἐπιτηρεῖ
2577 5159 2723 5223 ὅπως
2755 5161 2916 5214 αὑτὸν
2945 5161 3246 5234 καταϐάλῃ.
3296 5163 3431 5216 Ἀλλ’
3467 5165 3496 5216 ὁ
3537 5165 3634 5235 μὲν
3663 5165 3866 5230 δίκαιος

2294 5254 2352 5304 οὐ
2403 5255 2800 5322 προσποιεῖται,
2849 5254 2971 5308 οὐδὲ
3015 5255 3270 5322 γινώσκει
3317 5256 3386 5310 τὰ
3429 5256 3700 5328 λαθραίως
3749 5261 3864 5311 κατ’

2295 5343 2460 5395 αὑτοῦ
2491 5341 2884 5414 μηχανώμενα’
2925 5345 2954 5396 ὁ
2984 5343 3040 5398 δὲ
3067 5347 3452 5418 παντεπόπτης
3475 5347 3702 5420 Κύριος,
3735 5367 3862 5421 προ-

2293 5434 2432 5506 ορῶν
2474 5435 2570 5506 τὴν
2602 5435 2694 5490 τοῦ
2717 5435 2886 5490 ταῦτα
2912 5437 3287 5511 διανοουμένου
3332 5439 3552 5502 πτῶσιν,
3580 5441 3688 5496 τῶν
3723 5441 3860 5510 λογι-

2296 5526 2450 5598 σμῶν
2475 5529 2638 5582 αὑτοῦ
2669 5532 2964 5604 καταγελᾷ.
3003 5535 3116 5588 Καὶ
3151 5534 3287 5598 τέως
3331 5535 3429 5604 μὲν
3457 5534 3614 5588 πλέον
3645 5535 3798 5589 οὐδὲν
3827 5535 3860 5606 ἧ

2293 5621 2428 5692 γελᾷ
2474 5625 2560 5676 ἐπ’
2586 5623 2736 5696 αὺτῷ
2776 5627 2952 5700 μάτην
2988 5627 3212 5682 τοιαῦτα
3243 5627 3606 5698 λογιζομένῳο
3647 5627 3860 5680 ἐπειδὰν

2290 5713 2333 5764 δ’
2376 5715 2465 5768 ἐπὶ
2507 5715 2576 5770 τὰ
2609 5717 2741 5790 ἔργα
2773 5722 2944 5790 χωρῇ,
2981 5721 3252 5792 ἀκονήσας
3289 5717 3583 5773 ὲαυτοῦ⁶τὰ
3629 5718 3760 5786 ξίφη
3791 5719 3856 5781 ὡς

2293 5807 2452 5876 μέχρι
2487 5809 2714 5868 θανάτου
2765 5809 3144 5868 ἐπιϐουλεῦσαι
3177 5811 3252 5884 τῷ
3284 5811 3382 5882 τὴν
3425 5809 3512 5864 διὰ
3557 5809 3686 5864 Θεὸν
3721 5829 3854 5866 πτειν

3766 2133 3975 2197 ὀπὶ
