  <div class='ocr_page' id='page_1' title='image "/cluster/home/n/w/nwhite01/storage/ocr_20150623/23/hvd.32044019207711/174.png"; bbox 0 0 4010 6532; ppageno 0'>
   <div class='ocr_carea' id='block_1_1' title="bbox 299 326 2377 403">
    <p class='ocr_par' dir='ltr' id='par_1_1' title="bbox 299 326 2377 403">
     <span class='ocr_line' id='line_1_1' title="bbox 299 326 2377 403; baseline 0.01 -21"><span class='ocrx_word' id='word_1_1' title='bbox 299 326 366 384; x_wconf 70' lang='lat'><strong>29</strong></span> <span class='ocrx_word' id='word_1_2' title='bbox 1392 336 1892 399; x_wconf 75' lang='lat' dir='ltr'><strong>COMMENTARIA</strong></span> <span class='ocrx_word' id='word_1_3' title='bbox 1936 343 2000 398; x_wconf 74' lang='lat' dir='ltr'><strong>IN</strong></span> <span class='ocrx_word' id='word_1_4' title='bbox 2039 337 2377 403; x_wconf 71' lang='lat' dir='ltr'><strong>PSALMOS.</strong></span> 
     </span>
    </p>
   </div>
   <div class='ocr_carea' id='block_1_2' title="bbox 3390 343 3496 406">
    <p class='ocr_par' dir='ltr' id='par_1_2' title="bbox 3390 343 3496 406">
     <span class='ocr_line' id='line_1_2' title="bbox 3390 343 3496 406; baseline 0.019 -1"><span class='ocrx_word' id='word_1_5' title='bbox 3390 343 3496 406; x_wconf 73' lang='lat'><strong>330</strong></span> 
     </span>
    </p>
   </div>
   <div class='ocr_carea' id='block_1_3' title="bbox 260 443 1811 539">
    <p class='ocr_par' dir='ltr' id='par_1_3' title="bbox 260 443 1811 532">
     <span class='ocr_line' id='line_1_3' title="bbox 260 443 1811 532; baseline 0.012 -35"><span class='ocrx_word' id='word_1_6' title='bbox 260 443 411 515; x_wconf 80' lang='grc' dir='ltr'>χείαν</span> <span class='ocrx_word' id='word_1_7' title='bbox 437 444 532 500; x_wconf 70' lang='grc' dir='ltr'><strong>καὶ</strong></span> <span class='ocrx_word' id='word_1_8' title='bbox 575 447 762 505; x_wconf 79' lang='grc' dir='ltr'>πενίαν</span> <span class='ocrx_word' id='word_1_9' title='bbox 803 451 1138 524; x_wconf 80' lang='grc' dir='ltr'>ἀνειληφότι,</span> <span class='ocrx_word' id='word_1_10' title='bbox 1174 455 1265 510; x_wconf 72' lang='grc' dir='ltr'>καὶ</span> <span class='ocrx_word' id='word_1_11' title='bbox 1297 457 1394 528; x_wconf 79' lang='grc' dir='ltr'><strong>τὴν</strong></span> <span class='ocrx_word' id='word_1_12' title='bbox 1430 459 1604 532; x_wconf 84' lang='grc' dir='ltr'>ἄκραν</span> <span class='ocrx_word' id='word_1_13' title='bbox 1635 478 1811 532; x_wconf 73' lang='grc' dir='ltr'>κατορι</span> 
     </span>
    </p>
   </div>
   <div class='ocr_carea' id='block_1_4' title="bbox 1910 443 3494 539">
    <p class='ocr_par' dir='ltr' id='par_1_4' title="bbox 1935 463 3494 539">
     <span class='ocr_line' id='line_1_4' title="bbox 1935 463 3494 539; baseline 0.004 -23"><span class='ocrx_word' id='word_1_14' title='bbox 1935 463 2246 534; x_wconf 89' lang='lat' dir='ltr'><strong>periemque</strong></span> <span class='ocrx_word' id='word_1_15' title='bbox 2275 464 2558 535; x_wconf 75' lang='lat' dir='ltr'><strong>amplexus</strong></span> <span class='ocrx_word' id='word_1_16' title='bbox 2603 481 2666 522; x_wconf 91' lang='lat' dir='ltr'><strong>ac</strong></span> <span class='ocrx_word' id='word_1_17' title='bbox 2701 481 2927 524; x_wconf 68' lang='lat' dir='ltr'><strong>summae</strong></span> <span class='ocrx_word' id='word_1_18' title='bbox 2950 467 3302 539; x_wconf 68' lang='lat' dir='ltr'><strong>philosophiae</strong></span> <span class='ocrx_word' id='word_1_19' title='bbox 3343 467 3494 522; x_wconf 81' lang='lat' dir='ltr'><strong>dedi-</strong></span> 
     </span>
    </p>
   </div>
   <div class='ocr_carea' id='block_1_5' title="bbox 261 534 1830 622">
    <p class='ocr_par' dir='ltr' id='par_1_5' title="bbox 261 534 1830 622">
     <span class='ocr_line' id='line_1_5' title="bbox 261 534 1830 622; baseline 0.013 -36"><span class='ocrx_word' id='word_1_20' title='bbox 261 534 438 590; x_wconf 86' lang='grc' dir='ltr'>θοῦντι</span> <span class='ocrx_word' id='word_1_21' title='bbox 472 538 803 610; x_wconf 79' lang='grc' dir='ltr'><strong>φιλοσοφίαν,</strong></span> <span class='ocrx_word' id='word_1_22' title='bbox 847 545 906 597; x_wconf 84' lang='grc' dir='ltr'>τὸ</span> <span class='ocrx_word' id='word_1_23' title='bbox 933 545 1230 616; x_wconf 80' lang='grc' dir='ltr'>τηνικαῦτα</span> <span class='ocrx_word' id='word_1_24' title='bbox 1269 548 1488 620; x_wconf 83' lang='grc' dir='ltr'>στρέφει</span> <span class='ocrx_word' id='word_1_25' title='bbox 1516 550 1613 622; x_wconf 77' lang='grc' dir='ltr'>τὴν</span> <span class='ocrx_word' id='word_1_26' title='bbox 1654 552 1830 606; x_wconf 76' lang='grc' dir='ltr'>αὐτῶν</span> 
     </span>
    </p>
   </div>
   <div class='ocr_carea' id='block_1_6' title="bbox 262 628 1829 710">
    <p class='ocr_par' dir='ltr' id='par_1_6' title="bbox 262 628 1829 710">
     <span class='ocr_line' id='line_1_6' title="bbox 262 628 1829 710; baseline 0.01 -30"><span class='ocrx_word' id='word_1_27' title='bbox 262 628 529 698; x_wconf 75' lang='grc' dir='ltr'>ῥομφαίαν</span> <span class='ocrx_word' id='word_1_28' title='bbox 562 633 702 685; x_wconf 86' lang='grc' dir='ltr'><strong>κατά</strong></span> <span class='ocrx_word' id='word_1_29' title='bbox 732 635 828 706; x_wconf 76' lang='grc' dir='ltr'>τῆς</span> <span class='ocrx_word' id='word_1_30' title='bbox 870 636 1049 690; x_wconf 77' lang='grc' dir='ltr'>αὐτῶν</span> <span class='ocrx_word' id='word_1_31' title='bbox 1080 637 1305 708; x_wconf 78' lang='grc' dir='ltr'><strong>καρδίας</strong></span> <span class='ocrx_word' id='word_1_32' title='bbox 1342 641 1369 692; x_wconf 99' lang='lat'><strong>6</strong></span> <span class='ocrx_word' id='word_1_33' title='bbox 1398 641 1561 694; x_wconf 84' lang='grc' dir='ltr'>πάλαι</span> <span class='ocrx_word' id='word_1_34' title='bbox 1603 658 1829 710; x_wconf 87' lang='grc' dir='ltr'>καταγε-</span> 
     </span>
    </p>
   </div>
   <div class='ocr_carea' id='block_1_7' title="bbox 259 717 1828 797">
    <p class='ocr_par' dir='ltr' id='par_1_7' title="bbox 259 717 1828 797">
     <span class='ocr_line' id='line_1_7' title="bbox 259 717 1828 797; baseline 0.01 -28"><span class='ocrx_word' id='word_1_35' title='bbox 259 717 364 770; x_wconf 80' lang='grc' dir='ltr'>λῶν</span> <span class='ocrx_word' id='word_1_36' title='bbox 390 722 568 775; x_wconf 73' lang='grc' dir='ltr'>αὐτῶν</span> <span class='ocrx_word' id='word_1_37' title='bbox 603 725 822 796; x_wconf 83' lang='grc' dir='ltr'>Κύριος,</span> <span class='ocrx_word' id='word_1_38' title='bbox 847 718 939 779; x_wconf 73' lang='grc' dir='ltr'><strong>καὶ</strong></span> <span class='ocrx_word' id='word_1_39' title='bbox 960 727 1027 780; x_wconf 75' lang='grc' dir='ltr'><strong>τά</strong></span> <span class='ocrx_word' id='word_1_40' title='bbox 1055 730 1189 783; x_wconf 76' lang='grc' dir='ltr'>κατὰ</span> <span class='ocrx_word' id='word_1_41' title='bbox 1217 731 1310 783; x_wconf 84' lang='grc' dir='ltr'><strong>τοῦ</strong></span> <span class='ocrx_word' id='word_1_42' title='bbox 1331 732 1538 785; x_wconf 82' lang='grc' dir='ltr'>δικαίου</span> <span class='ocrx_word' id='word_1_43' title='bbox 1566 733 1693 797; x_wconf 82' lang='grc' dir='ltr'>τόξα</span> <span class='ocrx_word' id='word_1_44' title='bbox 1721 733 1828 786; x_wconf 79' lang='grc' dir='ltr'>τῶν</span> 
     </span>
    </p>
   </div>
   <div class='ocr_carea' id='block_1_8' title="bbox 260 811 1826 894">
    <p class='ocr_par' dir='ltr' id='par_1_8' title="bbox 260 811 1826 894">
     <span class='ocr_line' id='line_1_8' title="bbox 260 811 1826 894; baseline 0.011 -32"><span class='ocrx_word' id='word_1_45' title='bbox 260 811 472 865; x_wconf 83' lang='grc' dir='ltr'>ἀσεϐῶν</span> <span class='ocrx_word' id='word_1_46' title='bbox 517 817 809 889; x_wconf 79' lang='grc' dir='ltr'>συντρίϐει.</span> <span class='ocrx_word' id='word_1_47' title='bbox 849 819 1244 874; x_wconf 87' lang='grc' dir='ltr'>Μετελεύσεται</span> <span class='ocrx_word' id='word_1_48' title='bbox 1292 823 1399 894; x_wconf 67' lang='grc' dir='ltr'>γὰρ</span> <span class='ocrx_word' id='word_1_49' title='bbox 1444 825 1671 889; x_wconf 66' lang='grc' dir='ltr'>αὐτούς’</span> <span class='ocrx_word' id='word_1_50' title='bbox 1708 824 1826 880; x_wconf 73' lang='grc' dir='ltr'>οὐδὲ</span> 
     </span>
    </p>
   </div>
   <div class='ocr_carea' id='block_1_9' title="bbox 258 902 1828 990">
    <p class='ocr_par' dir='ltr' id='par_1_9' title="bbox 258 902 1828 990">
     <span class='ocr_line' id='line_1_9' title="bbox 258 902 1828 990; baseline 0.011 -36"><span class='ocrx_word' id='word_1_51' title='bbox 258 902 340 955; x_wconf 74' lang='grc' dir='ltr'>ἔτι</span> <span class='ocrx_word' id='word_1_52' title='bbox 365 905 538 973; x_wconf 75' lang='grc' dir='ltr'>γελῶν</span> <span class='ocrx_word' id='word_1_53' title='bbox 563 908 647 976; x_wconf 81' lang='grc' dir='ltr'>ἐφ’</span> <span class='ocrx_word' id='word_1_54' title='bbox 677 904 756 972; x_wconf 76' lang='grc' dir='ltr'>οἷς</span> <span class='ocrx_word' id='word_1_55' title='bbox 781 910 1111 966; x_wconf 86' lang='grc' dir='ltr'>διανοοῦνται</span> <span class='ocrx_word' id='word_1_56' title='bbox 1131 955 1143 976; x_wconf 86' lang='grc'><strong>,</strong></span> <span class='ocrx_word' id='word_1_57' title='bbox 1173 915 1308 968; x_wconf 76' lang='grc' dir='ltr'>ἀλλὰ</span> <span class='ocrx_word' id='word_1_58' title='bbox 1330 920 1395 987; x_wconf 82' lang='grc' dir='ltr'>τῇ</span> <span class='ocrx_word' id='word_1_59' title='bbox 1419 917 1541 989; x_wconf 78' lang='grc' dir='ltr'>δίκῃ</span> <span class='ocrx_word' id='word_1_60' title='bbox 1567 923 1631 990; x_wconf 83' lang='grc' dir='ltr'>τῇ</span> <span class='ocrx_word' id='word_1_61' title='bbox 1661 936 1828 990; x_wconf 83' lang='grc' dir='ltr'>προσ-</span> 
     </span>
    </p>
   </div>
   <div class='ocr_carea' id='block_1_10' title="bbox 255 995 1826 1080">
    <p class='ocr_par' dir='ltr' id='par_1_10' title="bbox 255 995 1826 1080">
     <span class='ocr_line' id='line_1_10' title="bbox 255 995 1826 1080; baseline 0.01 -34"><span class='ocrx_word' id='word_1_62' title='bbox 255 995 464 1065; x_wconf 74' lang='grc' dir='ltr'>ηκούσῃ</span> <span class='ocrx_word' id='word_1_63' title='bbox 491 1000 606 1050; x_wconf 82' lang='grc' dir='ltr'>κατ’</span> <span class='ocrx_word' id='word_1_64' title='bbox 632 1000 806 1054; x_wconf 76' lang='grc' dir='ltr'>αὐτῶν</span> <span class='ocrx_word' id='word_1_65' title='bbox 835 1001 1128 1074; x_wconf 79' lang='grc' dir='ltr'>χρώμενος.</span> <span class='ocrx_word' id='word_1_66' title='bbox 1161 1003 1342 1058; x_wconf 87' lang='grc' dir='ltr'>Ταῦτα</span> <span class='ocrx_word' id='word_1_67' title='bbox 1371 1005 1446 1069; x_wconf 84' lang='grc' dir='ltr'>δὲ,</span> <span class='ocrx_word' id='word_1_68' title='bbox 1476 1007 1554 1060; x_wconf 82' lang='grc' dir='ltr'><strong>δτι</strong></span> <span class='ocrx_word' id='word_1_69' title='bbox 1582 1008 1653 1080; x_wconf 78' lang='grc' dir='ltr'><strong>μὴ</strong></span> <span class='ocrx_word' id='word_1_70' title='bbox 1681 1009 1826 1076; x_wconf 76' lang='grc' dir='ltr'>λόγοι</span> 
     </span>
    </p>
   </div>
   <div class='ocr_carea' id='block_1_11' title="bbox 257 1087 1826 1168">
    <p class='ocr_par' dir='ltr' id='par_1_11' title="bbox 257 1087 1826 1168">
     <span class='ocr_line' id='line_1_11' title="bbox 257 1087 1826 1168; baseline 0.01 -31"><span class='ocrx_word' id='word_1_71' title='bbox 257 1087 630 1156; x_wconf 77' lang='grc' dir='ltr'><strong>τυγχάνουσιν,</strong></span> <span class='ocrx_word' id='word_1_72' title='bbox 663 1089 773 1142; x_wconf 83' lang='grc' dir='ltr'>ἀλλ’</span> <span class='ocrx_word' id='word_1_73' title='bbox 803 1092 937 1163; x_wconf 77' lang='grc' dir='ltr'>ἔργα</span> <span class='ocrx_word' id='word_1_74' title='bbox 971 1094 1140 1164; x_wconf 80' lang='grc' dir='ltr'>ἀληθῆ</span> <span class='ocrx_word' id='word_1_75' title='bbox 1174 1095 1588 1168; x_wconf 80' lang='grc' dir='ltr'>μαρτυρούμενα</span> <span class='ocrx_word' id='word_1_76' title='bbox 1616 1100 1702 1152; x_wconf 81' lang='grc' dir='ltr'>ὑπ’</span> <span class='ocrx_word' id='word_1_77' title='bbox 1738 1101 1826 1152; x_wconf 80' lang='grc' dir='ltr'>αύ-</span> 
     </span>
    </p>
   </div>
   <div class='ocr_carea' id='block_1_12' title="bbox 255 1173 1826 1253">
    <p class='ocr_par' dir='ltr' id='par_1_12' title="bbox 255 1173 1826 1253">
     <span class='ocr_line' id='line_1_12' title="bbox 255 1173 1826 1253; baseline 0.009 -26"><span class='ocrx_word' id='word_1_78' title='bbox 255 1173 357 1244; x_wconf 82' lang='grc' dir='ltr'>τῆς</span> <span class='ocrx_word' id='word_1_79' title='bbox 389 1179 684 1249; x_wconf 80' lang='grc' dir='ltr'>ἐνεργείας,</span> <span class='ocrx_word' id='word_1_80' title='bbox 712 1181 803 1234; x_wconf 73' lang='grc' dir='ltr'>καὶ</span> <span class='ocrx_word' id='word_1_81' title='bbox 836 1184 965 1253; x_wconf 79' lang='grc' dir='ltr'>ἡμῖν</span> <span class='ocrx_word' id='word_1_82' title='bbox 1014 1182 1195 1248; x_wconf 80' lang='grc' dir='ltr'>αὐτοῖς</span> <span class='ocrx_word' id='word_1_83' title='bbox 1236 1189 1349 1249; x_wconf 84' lang='grc' dir='ltr'>τοῖς</span> <span class='ocrx_word' id='word_1_84' title='bbox 1382 1187 1553 1241; x_wconf 81' lang='grc' dir='ltr'>ταῦτα</span> <span class='ocrx_word' id='word_1_85' title='bbox 1598 1189 1715 1241; x_wconf 72' lang='grc' dir='ltr'>νυνὶ</span> <span class='ocrx_word' id='word_1_86' title='bbox 1750 1189 1826 1241; x_wconf 83' lang='grc' dir='ltr'>δι-</span> 
     </span>
    </p>
   </div>
   <div class='ocr_carea' id='block_1_13' title="bbox 256 1268 1824 1353">
    <p class='ocr_par' dir='ltr' id='par_1_13' title="bbox 256 1268 1824 1353">
     <span class='ocr_line' id='line_1_13' title="bbox 256 1268 1824 1353; baseline 0.008 -30"><span class='ocrx_word' id='word_1_87' title='bbox 256 1268 488 1334; x_wconf 77' lang='grc' dir='ltr'>εξιοῦσιν</span> <span class='ocrx_word' id='word_1_88' title='bbox 516 1275 546 1344; x_wconf 81' lang='grc' dir='ltr'>ἡ</span> <span class='ocrx_word' id='word_1_89' title='bbox 577 1277 734 1345; x_wconf 86' lang='grc' dir='ltr'>πεῖρα</span> <span class='ocrx_word' id='word_1_90' title='bbox 760 1275 866 1330; x_wconf 85' lang='grc' dir='ltr'>τῶν</span> <span class='ocrx_word' id='word_1_91' title='bbox 895 1276 1069 1346; x_wconf 78' lang='grc' dir='ltr'>ἔργων</span> <span class='ocrx_word' id='word_1_92' title='bbox 1099 1279 1456 1334; x_wconf 79' lang='grc' dir='ltr'>ἐπιστώσατο.</span> <span class='ocrx_word' id='word_1_93' title='bbox 1501 1281 1824 1353; x_wconf 76' lang='grc' dir='ltr'>Ὀφθαλμοῖς</span> 
     </span>
    </p>
   </div>
   <div class='ocr_carea' id='block_1_14' title="bbox 255 1361 1821 1440">
    <p class='ocr_par' dir='ltr' id='par_1_14' title="bbox 255 1361 1821 1440">
     <span class='ocr_line' id='line_1_14' title="bbox 255 1361 1821 1440; baseline 0.008 -28"><span class='ocrx_word' id='word_1_94' title='bbox 255 1361 385 1429; x_wconf 82' lang='grc' dir='ltr'>γοῦν</span> <span class='ocrx_word' id='word_1_95' title='bbox 433 1363 862 1435; x_wconf 80' lang='grc' dir='ltr'>παρειλήφαμεν,</span> <span class='ocrx_word' id='word_1_96' title='bbox 901 1365 975 1431; x_wconf 83' lang='grc' dir='ltr'>ὡς</span> <span class='ocrx_word' id='word_1_97' title='bbox 1012 1369 1060 1421; x_wconf 79' lang='lat' dir='ltr'><strong>ot</strong></span> <span class='ocrx_word' id='word_1_98' title='bbox 1097 1370 1411 1440; x_wconf 76' lang='grc' dir='ltr'>ἁμαρτωλοὶ</span> <span class='ocrx_word' id='word_1_99' title='bbox 1445 1373 1503 1423; x_wconf 82' lang='grc' dir='ltr'>ὲν</span> <span class='ocrx_word' id='word_1_100' title='bbox 1545 1375 1656 1435; x_wconf 84' lang='grc' dir='ltr'>τοῖς</span> <span class='ocrx_word' id='word_1_101' title='bbox 1702 1372 1821 1425; x_wconf 83' lang='grc' dir='ltr'>καθ’</span> 
     </span>
    </p>
   </div>
   <div class='ocr_carea' id='block_1_15' title="bbox 249 1449 1822 1524">
    <p class='ocr_par' dir='ltr' id='par_1_15' title="bbox 249 1449 1822 1524">
     <span class='ocr_line' id='line_1_15' title="bbox 249 1449 1822 1524; baseline 0.008 -23"><span class='ocrx_word' id='word_1_102' title='bbox 249 1449 409 1520; x_wconf 67' lang='grc' dir='ltr'>ἡμῶν</span> <span class='ocrx_word' id='word_1_103' title='bbox 445 1451 699 1523; x_wconf 82' lang='grc' dir='ltr'><strong>διωγμοῖς</strong></span> <span class='ocrx_word' id='word_1_104' title='bbox 747 1455 1015 1524; x_wconf 73' lang='grc' dir='ltr'>ῥομφαίαν</span> <span class='ocrx_word' id='word_1_105' title='bbox 1063 1460 1368 1513; x_wconf 75' lang='grc' dir='ltr'>ἐσπάσαντο</span> <span class='ocrx_word' id='word_1_106' title='bbox 1414 1463 1554 1515; x_wconf 82' lang='grc' dir='ltr'>κατὰ</span> <span class='ocrx_word' id='word_1_107' title='bbox 1596 1461 1705 1514; x_wconf 80' lang='grc' dir='ltr'><strong>τῶν</strong></span> <span class='ocrx_word' id='word_1_108' title='bbox 1744 1462 1822 1514; x_wconf 89' lang='grc' dir='ltr'>δι-</span> 
     </span>
    </p>
   </div>
   <div class='ocr_carea' id='block_1_16' title="bbox 247 1540 1822 1615">
    <p class='ocr_par' dir='ltr' id='par_1_16' title="bbox 247 1540 1822 1615">
     <span class='ocr_line' id='line_1_16' title="bbox 247 1540 1822 1615; baseline 0.01 -23"><span class='ocrx_word' id='word_1_109' title='bbox 247 1540 440 1604; x_wconf 89' lang='grc' dir='ltr'>καίων,</span> <span class='ocrx_word' id='word_1_110' title='bbox 476 1543 567 1594; x_wconf 76' lang='grc' dir='ltr'><strong>καὶ</strong></span> <span class='ocrx_word' id='word_1_111' title='bbox 605 1541 679 1606; x_wconf 87' lang='grc' dir='ltr'>ὡς</span> <span class='ocrx_word' id='word_1_112' title='bbox 723 1544 988 1600; x_wconf 72' lang='grc' dir='ltr'>ἐνέτειναν</span> <span class='ocrx_word' id='word_1_113' title='bbox 1035 1549 1103 1601; x_wconf 80' lang='grc' dir='ltr'><strong>τά</strong></span> <span class='ocrx_word' id='word_1_114' title='bbox 1137 1550 1264 1615; x_wconf 77' lang='grc' dir='ltr'>τόξα</span> <span class='ocrx_word' id='word_1_115' title='bbox 1307 1551 1484 1605; x_wconf 74' lang='grc' dir='ltr'>αὐτῶν</span> <span class='ocrx_word' id='word_1_116' title='bbox 1516 1552 1609 1605; x_wconf 85' lang='grc' dir='ltr'><strong>τοῦ</strong></span> <span class='ocrx_word' id='word_1_117' title='bbox 1653 1571 1822 1606; x_wconf 86' lang='grc' dir='ltr'>κατα-</span> 
     </span>
    </p>
   </div>
   <div class='ocr_carea' id='block_1_17' title="bbox 248 1631 1822 1712">
    <p class='ocr_par' dir='ltr' id='par_1_17' title="bbox 248 1631 1822 1712">
     <span class='ocr_line' id='line_1_17' title="bbox 248 1631 1822 1712; baseline 0.01 -30"><span class='ocrx_word' id='word_1_118' title='bbox 248 1631 430 1684; x_wconf 84' lang='grc' dir='ltr'>ϐαλεῖν</span> <span class='ocrx_word' id='word_1_119' title='bbox 460 1633 666 1704; x_wconf 83' lang='grc' dir='ltr'>πένητα</span> <span class='ocrx_word' id='word_1_120' title='bbox 699 1636 790 1687; x_wconf 80' lang='grc' dir='ltr'><strong>καὶ</strong></span> <span class='ocrx_word' id='word_1_121' title='bbox 824 1637 1056 1708; x_wconf 81' lang='grc' dir='ltr'>πτωχὸν,</span> <span class='ocrx_word' id='word_1_122' title='bbox 1091 1641 1184 1693; x_wconf 70' lang='grc' dir='ltr'><strong>καὶ</strong></span> <span class='ocrx_word' id='word_1_123' title='bbox 1222 1641 1315 1694; x_wconf 87' lang='grc' dir='ltr'><strong>τοῦ</strong></span> <span class='ocrx_word' id='word_1_124' title='bbox 1349 1641 1546 1712; x_wconf 77' lang='grc' dir='ltr'>σφάξαι</span> <span class='ocrx_word' id='word_1_125' title='bbox 1578 1644 1706 1706; x_wconf 75' lang='grc' dir='ltr'>τοὺς</span> <span class='ocrx_word' id='word_1_126' title='bbox 1734 1644 1822 1695; x_wconf 82' lang='grc' dir='ltr'>εύ-</span> 
     </span>
    </p>
   </div>
   <div class='ocr_carea' id='block_1_18' title="bbox 249 1721 1820 1801">
    <p class='ocr_par' dir='ltr' id='par_1_18' title="bbox 249 1721 1820 1801">
     <span class='ocr_line' id='line_1_18' title="bbox 249 1721 1820 1801; baseline 0.009 -26"><span class='ocrx_word' id='word_1_127' title='bbox 249 1721 358 1787; x_wconf 83' lang='grc' dir='ltr'>θεῖς</span> <span class='ocrx_word' id='word_1_128' title='bbox 385 1728 450 1796; x_wconf 83' lang='grc' dir='ltr'><strong>τῇ</strong></span> <span class='ocrx_word' id='word_1_129' title='bbox 485 1726 702 1798; x_wconf 74' lang='grc' dir='ltr'>καρδίᾳ,</span> <span class='ocrx_word' id='word_1_130' title='bbox 749 1729 841 1781; x_wconf 74' lang='grc' dir='ltr'><strong>καὶ</strong></span> <span class='ocrx_word' id='word_1_131' title='bbox 881 1725 957 1793; x_wconf 83' lang='grc' dir='ltr'>ὡς</span> <span class='ocrx_word' id='word_1_132' title='bbox 989 1729 1230 1801; x_wconf 73' lang='grc' dir='ltr'>ἔπραξαν</span> <span class='ocrx_word' id='word_1_133' title='bbox 1260 1733 1352 1785; x_wconf 76' lang='grc' dir='ltr'>καὶ</span> <span class='ocrx_word' id='word_1_134' title='bbox 1400 1734 1693 1788; x_wconf 85' lang='grc' dir='ltr'>κατέϐαλον</span> <span class='ocrx_word' id='word_1_135' title='bbox 1728 1735 1820 1789; x_wconf 70' lang='grc' dir='ltr'><strong>καὶ</strong></span> 
     </span>
    </p>
   </div>
   <div class='ocr_carea' id='block_1_19' title="bbox 247 1814 1818 1890">
    <p class='ocr_par' dir='ltr' id='par_1_19' title="bbox 247 1814 1818 1890">
     <span class='ocr_line' id='line_1_19' title="bbox 247 1814 1818 1890; baseline 0.008 -24"><span class='ocrx_word' id='word_1_136' title='bbox 247 1814 456 1869; x_wconf 81' lang='grc' dir='ltr'>ἀνεῖλον</span> <span class='ocrx_word' id='word_1_137' title='bbox 490 1819 751 1882; x_wconf 80' lang='grc' dir='ltr'>ποικίλοις</span> <span class='ocrx_word' id='word_1_138' title='bbox 789 1818 1012 1890; x_wconf 87' lang='grc' dir='ltr'>τρόποις</span> <span class='ocrx_word' id='word_1_139' title='bbox 1058 1819 1299 1875; x_wconf 84' lang='grc' dir='ltr'>θανάτων</span> <span class='ocrx_word' id='word_1_140' title='bbox 1344 1825 1470 1887; x_wconf 73' lang='grc' dir='ltr'>τοὺς</span> <span class='ocrx_word' id='word_1_141' title='bbox 1510 1825 1646 1878; x_wconf 86' lang='grc' dir='ltr'><strong>κατά</strong></span> <span class='ocrx_word' id='word_1_142' title='bbox 1689 1825 1818 1879; x_wconf 80' lang='grc' dir='ltr'>Θεὸν</span> 
     </span>
    </p>
   </div>
   <div class='ocr_carea' id='block_1_20' title="bbox 246 1903 1819 1985">
    <p class='ocr_par' dir='ltr' id='par_1_20' title="bbox 246 1903 1819 1985">
     <span class='ocr_line' id='line_1_20' title="bbox 246 1903 1819 1985; baseline 0.01 -30"><span class='ocrx_word' id='word_1_143' title='bbox 246 1903 670 1975; x_wconf 79' lang='grc' dir='ltr'>ἀνδρισαμένους</span> <span class='ocrx_word' id='word_1_144' title='bbox 717 1909 906 1977; x_wconf 75' lang='grc' dir='ltr'>ἁγίους</span> <span class='ocrx_word' id='word_1_145' title='bbox 952 1911 1251 1982; x_wconf 83' lang='grc' dir='ltr'>μάρτυρας.</span> <span class='ocrx_word' id='word_1_146' title='bbox 1296 1913 1503 1985; x_wconf 83' lang='grc' dir='ltr'>Ὥσπερ</span> <span class='ocrx_word' id='word_1_147' title='bbox 1555 1915 1611 1968; x_wconf 85' lang='grc' dir='ltr'>δὲ</span> <span class='ocrx_word' id='word_1_148' title='bbox 1649 1918 1819 1971; x_wconf 80' lang='grc' dir='ltr'>ταῦτα</span> 
     </span>
    </p>
   </div>
   <div class='ocr_carea' id='block_1_21' title="bbox 249 1994 1820 2072">
    <p class='ocr_par' dir='ltr' id='par_1_21' title="bbox 249 1994 1820 2072">
     <span class='ocr_line' id='line_1_21' title="bbox 249 1994 1820 2072; baseline 0.011 -28"><span class='ocrx_word' id='word_1_149' title='bbox 249 1994 687 2066; x_wconf 80' lang='grc' dir='ltr'>ιστορησάμενοι,</span> <span class='ocrx_word' id='word_1_150' title='bbox 735 1997 876 2052; x_wconf 70' lang='grc' dir='ltr'>οὕτω</span> <span class='ocrx_word' id='word_1_151' title='bbox 927 2000 1020 2052; x_wconf 78' lang='grc' dir='ltr'><strong>καὶ</strong></span> <span class='ocrx_word' id='word_1_152' title='bbox 1071 2001 1170 2072; x_wconf 82' lang='grc' dir='ltr'><strong>τὴν</strong></span> <span class='ocrx_word' id='word_1_153' title='bbox 1222 2002 1580 2072; x_wconf 76' lang='grc' dir='ltr'>μετελθοῦσαν</span> <span class='ocrx_word' id='word_1_154' title='bbox 1626 2007 1820 2072; x_wconf 78' lang='grc' dir='ltr'>αὐτοὺς</span> 
     </span>
    </p>
   </div>
   <div class='ocr_carea' id='block_1_22' title="bbox 246 2083 1818 2168">
    <p class='ocr_par' dir='ltr' id='par_1_22' title="bbox 246 2083 1818 2168">
     <span class='ocr_line' id='line_1_22' title="bbox 246 2083 1818 2168; baseline 0.011 -33"><span class='ocrx_word' id='word_1_155' title='bbox 246 2083 338 2136; x_wconf 90' lang='grc' dir='ltr'><strong>τοῦ</strong></span> <span class='ocrx_word' id='word_1_156' title='bbox 378 2084 512 2138; x_wconf 86' lang='grc' dir='ltr'>Θεοῦ</span> <span class='ocrx_word' id='word_1_157' title='bbox 559 2087 714 2157; x_wconf 85' lang='grc' dir='ltr'>δίκην</span> <span class='ocrx_word' id='word_1_158' title='bbox 753 2088 1075 2160; x_wconf 81' lang='grc' dir='ltr'>τεθεάμεθα,</span> <span class='ocrx_word' id='word_1_159' title='bbox 1105 2092 1357 2164; x_wconf 77' lang='grc' dir='ltr'>τοιαύτην</span> <span class='ocrx_word' id='word_1_160' title='bbox 1387 2097 1702 2168; x_wconf 81' lang='grc' dir='ltr'>γενομένην,</span> <span class='ocrx_word' id='word_1_161' title='bbox 1745 2095 1818 2163; x_wconf 80' lang='grc' dir='ltr'>ὡς</span> 
     </span>
    </p>
   </div>
   <div class='ocr_carea' id='block_1_23' title="bbox 250 2174 1819 2255">
    <p class='ocr_par' dir='ltr' id='par_1_23' title="bbox 250 2174 1819 2255">
     <span class='ocr_line' id='line_1_23' title="bbox 250 2174 1819 2255; baseline 0.01 -31"><span class='ocrx_word' id='word_1_162' title='bbox 250 2174 325 2242; x_wconf 85' lang='grc' dir='ltr'>μὴ</span> <span class='ocrx_word' id='word_1_163' title='bbox 358 2174 622 2245; x_wconf 80' lang='grc' dir='ltr'>ἁμαρτεῖν</span> <span class='ocrx_word' id='word_1_164' title='bbox 654 2175 744 2230; x_wconf 80' lang='grc' dir='ltr'>τὸν</span> <span class='ocrx_word' id='word_1_165' title='bbox 773 2179 1018 2249; x_wconf 79' lang='grc' dir='ltr'>φήσαντα</span> <span class='ocrx_word' id='word_1_166' title='bbox 1046 2179 1278 2251; x_wconf 84' lang='grc' dir='ltr'>ἀληθῶς,</span> <span class='ocrx_word' id='word_1_167' title='bbox 1306 2182 1403 2253; x_wconf 78' lang='grc' dir='ltr'><strong>τὴν</strong></span> <span class='ocrx_word' id='word_1_168' title='bbox 1431 2186 1703 2255; x_wconf 73' lang='grc' dir='ltr'>ῥομφαίαν</span> <span class='ocrx_word' id='word_1_169' title='bbox 1723 2187 1819 2240; x_wconf 82' lang='grc' dir='ltr'>αύ-</span> 
     </span>
    </p>
   </div>
   <div class='ocr_carea' id='block_1_24' title="bbox 246 2262 1816 2344">
    <p class='ocr_par' dir='ltr' id='par_1_24' title="bbox 246 2262 1816 2344">
     <span class='ocr_line' id='line_1_24' title="bbox 246 2262 1816 2344; baseline 0.01 -29"><span class='ocrx_word' id='word_1_170' title='bbox 246 2262 352 2316; x_wconf 86' lang='grc' dir='ltr'><strong>τῶν</strong></span> <span class='ocrx_word' id='word_1_171' title='bbox 381 2266 780 2337; x_wconf 74' lang='grc' dir='ltr'>εἰσεληλυθέναι</span> <span class='ocrx_word' id='word_1_172' title='bbox 809 2271 888 2332; x_wconf 84' lang='grc' dir='ltr'><strong>είς</strong></span> <span class='ocrx_word' id='word_1_173' title='bbox 914 2270 1012 2341; x_wconf 78' lang='grc' dir='ltr'><strong>τὴν</strong></span> <span class='ocrx_word' id='word_1_174' title='bbox 1036 2272 1258 2342; x_wconf 85' lang='grc' dir='ltr'>καρδίαν</span> <span class='ocrx_word' id='word_1_175' title='bbox 1285 2273 1462 2326; x_wconf 78' lang='grc' dir='ltr'>αὐτῶν</span> <span class='ocrx_word' id='word_1_176' title='bbox 1486 2277 1579 2328; x_wconf 75' lang='grc' dir='ltr'>καὶ</span> <span class='ocrx_word' id='word_1_177' title='bbox 1601 2277 1667 2330; x_wconf 83' lang='grc' dir='ltr'>τὰ</span> <span class='ocrx_word' id='word_1_178' title='bbox 1687 2277 1816 2344; x_wconf 74' lang='grc' dir='ltr'>τόξα</span> 
     </span>
    </p>
   </div>
   <div class='ocr_carea' id='block_1_25' title="bbox 175 2339 844 2430">
    <p class='ocr_par' dir='ltr' id='par_1_25' title="bbox 244 2341 844 2430">
     <span class='ocr_line' id='line_1_25' title="bbox 244 2341 844 2430; baseline 0.01 -22"><span class='ocrx_word' id='word_1_179' title='bbox 244 2341 424 2410; x_wconf 74' lang='grc' dir='ltr'>αὐτῶν</span> <span class='ocrx_word' id='word_1_180' title='bbox 450 2359 844 2430; x_wconf 77' lang='grc' dir='ltr'>συντετρῖφθαι.</span> 
     </span>
    </p>
   </div>
   <div class='ocr_carea' id='block_1_26' title="bbox 310 2448 1810 2532">
    <p class='ocr_par' dir='ltr' id='par_1_26' title="bbox 310 2448 1810 2532">
     <span class='ocr_line' id='line_1_26' title="bbox 310 2448 1810 2532; baseline 0.009 -32"><span class='ocrx_word' id='word_1_181' title='bbox 310 2448 610 2515; x_wconf 81' lang='grc' dir='ltr'>Κρεῖσσον</span> <span class='ocrx_word' id='word_1_182' title='bbox 633 2453 841 2522; x_wconf 70' lang='grc' dir='ltr'>ὀλίγον</span> <span class='ocrx_word' id='word_1_183' title='bbox 879 2452 960 2518; x_wconf 79' lang='grc' dir='ltr'>τῷ</span> <span class='ocrx_word' id='word_1_184' title='bbox 984 2454 1206 2523; x_wconf 81' lang='grc' dir='ltr'>δικαίῳ.</span> <span class='ocrx_word' id='word_1_185' title='bbox 1253 2457 1328 2513; x_wconf 77' lang='grc' dir='ltr'><strong>Οὐ</strong></span> <span class='ocrx_word' id='word_1_186' title='bbox 1357 2458 1674 2530; x_wconf 74' lang='grc' dir='ltr'>προείρηται</span> <span class='ocrx_word' id='word_1_187' title='bbox 1713 2458 1810 2532; x_wconf 62' lang='grc' dir='ltr'>μό-</span> 
     </span>
    </p>
   </div>
   <div class='ocr_carea' id='block_1_27' title="bbox 237 2537 1812 2619">
    <p class='ocr_par' dir='ltr' id='par_1_27' title="bbox 237 2537 1812 2619">
     <span class='ocr_line' id='line_1_27' title="bbox 237 2537 1812 2619; baseline 0.011 -32"><span class='ocrx_word' id='word_1_188' title='bbox 237 2551 349 2600; x_wconf 92' lang='grc' dir='ltr'>νον,</span> <span class='ocrx_word' id='word_1_189' title='bbox 381 2537 514 2590; x_wconf 74' lang='grc' dir='ltr'>ἀλλὰ</span> <span class='ocrx_word' id='word_1_190' title='bbox 556 2538 622 2592; x_wconf 83' lang='grc' dir='ltr'>δι’</span> <span class='ocrx_word' id='word_1_191' title='bbox 661 2540 835 2612; x_wconf 81' lang='grc' dir='ltr'>ἔργων</span> <span class='ocrx_word' id='word_1_192' title='bbox 877 2543 1364 2619; x_wconf 78' lang='grc' dir='ltr'>ἀποπεπλήρωται,</span> <span class='ocrx_word' id='word_1_193' title='bbox 1404 2549 1497 2602; x_wconf 74' lang='grc' dir='ltr'><strong>καὶ</strong></span> <span class='ocrx_word' id='word_1_194' title='bbox 1535 2547 1625 2602; x_wconf 80' lang='grc' dir='ltr'>τὸν</span> <span class='ocrx_word' id='word_1_195' title='bbox 1656 2549 1812 2604; x_wconf 82' lang='grc' dir='ltr'>ἀλλον</span> 
     </span>
    </p>
   </div>
   <div class='ocr_carea' id='block_1_28' title="bbox 235 2623 1814 2714">
    <p class='ocr_par' dir='ltr' id='par_1_28' title="bbox 235 2623 1814 2714">
     <span class='ocr_line' id='line_1_28' title="bbox 235 2623 1814 2714; baseline 0.013 -39"><span class='ocrx_word' id='word_1_196' title='bbox 235 2623 291 2676; x_wconf 77' lang='grc' dir='ltr'><strong>δὲ</strong></span> <span class='ocrx_word' id='word_1_197' title='bbox 341 2626 553 2697; x_wconf 76' lang='grc' dir='ltr'>χρόνον.</span> <span class='ocrx_word' id='word_1_198' title='bbox 601 2630 656 2682; x_wconf 88' lang='lat'><strong>&#39;0</strong></span> <span class='ocrx_word' id='word_1_199' title='bbox 698 2630 794 2700; x_wconf 85' lang='grc' dir='ltr'><strong>μὲν</strong></span> <span class='ocrx_word' id='word_1_200' title='bbox 837 2632 1042 2698; x_wconf 82' lang='grc' dir='ltr'>δίκαιος</span> <span class='ocrx_word' id='word_1_201' title='bbox 1075 2635 1391 2707; x_wconf 85' lang='grc' dir='ltr'>πτωχεύων,</span> <span class='ocrx_word' id='word_1_202' title='bbox 1435 2640 1685 2711; x_wconf 80' lang='grc' dir='ltr'>ἀρκεῖται</span> <span class='ocrx_word' id='word_1_203' title='bbox 1737 2643 1814 2714; x_wconf 80' lang='grc' dir='ltr'>τῷ</span> 
     </span>
    </p>
   </div>
   <div class='ocr_carea' id='block_1_29' title="bbox 234 2715 1809 2803">
    <p class='ocr_par' dir='ltr' id='par_1_29' title="bbox 234 2715 1809 2803">
     <span class='ocr_line' id='line_1_29' title="bbox 234 2715 1809 2803; baseline 0.015 -38"><span class='ocrx_word' id='word_1_204' title='bbox 234 2715 424 2786; x_wconf 75' lang='grc' dir='ltr'>ὀλίγῳ,</span> <span class='ocrx_word' id='word_1_205' title='bbox 474 2719 848 2792; x_wconf 80' lang='grc' dir='ltr'>δεδιδαγμένος</span> <span class='ocrx_word' id='word_1_206' title='bbox 888 2726 944 2778; x_wconf 77' lang='grc' dir='ltr'>ἐν</span> <span class='ocrx_word' id='word_1_207' title='bbox 976 2732 1246 2800; x_wconf 80' lang='grc' dir='ltr'>προσευχῇ</span> <span class='ocrx_word' id='word_1_208' title='bbox 1292 2725 1509 2800; x_wconf 78' lang='grc' dir='ltr'>λέγειν’</span> <span class='ocrx_word' id='word_1_209' title='bbox 1559 2735 1669 2788; x_wconf 84' lang='grc' dir='ltr'><strong>Τὸν</strong></span> <span class='ocrx_word' id='word_1_210' title='bbox 1707 2735 1809 2803; x_wconf 79' lang='grc' dir='ltr'><strong>ἆρ-</strong></span> 
     </span>
    </p>
   </div>
   <div class='ocr_carea' id='block_1_30' title="bbox 234 2808 1811 2891">
    <p class='ocr_par' dir='ltr' id='par_1_30' title="bbox 234 2808 1811 2891">
     <span class='ocr_line' id='line_1_30' title="bbox 234 2808 1811 2891; baseline 0.015 -33"><span class='ocrx_word' id='word_1_211' title='bbox 234 2823 342 2860; x_wconf 85' lang='grc' dir='ltr'><strong>τον</strong></span> <span class='ocrx_word' id='word_1_212' title='bbox 363 2808 539 2876; x_wconf 71' lang='grc' dir='ltr'><strong>ἡμῶν</strong></span> <span class='ocrx_word' id='word_1_213' title='bbox 574 2815 679 2864; x_wconf 79' lang='grc' dir='ltr'>τὸν</span> <span class='ocrx_word' id='word_1_214' title='bbox 712 2814 1023 2870; x_wconf 75' lang='grc' dir='ltr'>ἐπιούσιον</span> <span class='ocrx_word' id='word_1_215' title='bbox 1059 2817 1164 2884; x_wconf 82' lang='grc' dir='ltr'>δὸς</span> <span class='ocrx_word' id='word_1_216' title='bbox 1193 2819 1336 2888; x_wconf 76' lang='grc' dir='ltr'><strong>ἡμῖν</strong></span> <span class='ocrx_word' id='word_1_217' title='bbox 1369 2821 1657 2891; x_wconf 74' lang='grc' dir='ltr'>σήμερον-ο</span> <span class='ocrx_word' id='word_1_218' title='bbox 1694 2828 1723 2879; x_wconf 80' lang='grc' dir='ltr'>ὁ</span> <span class='ocrx_word' id='word_1_219' title='bbox 1755 2826 1811 2881; x_wconf 82' lang='grc' dir='ltr'>δὲ</span> 
     </span>
    </p>
   </div>
   <div class='ocr_carea' id='block_1_31' title="bbox 230 2897 1811 2980">
    <p class='ocr_par' dir='ltr' id='par_1_31' title="bbox 230 2897 1811 2980">
     <span class='ocr_line' id='line_1_31' title="bbox 230 2897 1811 2980; baseline 0.014 -31"><span class='ocrx_word' id='word_1_220' title='bbox 230 2897 583 2970; x_wconf 75' lang='grc' dir='ltr'>ἁμαρτωλὸς,</span> <span class='ocrx_word' id='word_1_221' title='bbox 630 2903 843 2976; x_wconf 81' lang='grc' dir='ltr'>πλούτῳ</span> <span class='ocrx_word' id='word_1_222' title='bbox 893 2909 1344 2980; x_wconf 72' lang='grc' dir='ltr'>περιρρεόμενος,</span> <span class='ocrx_word' id='word_1_223' title='bbox 1403 2913 1607 2980; x_wconf 82' lang='grc' dir='ltr'>ἀγαθοῦ</span> <span class='ocrx_word' id='word_1_224' title='bbox 1666 2933 1811 2978; x_wconf 88' lang='grc' dir='ltr'>τινος</span> 
     </span>
    </p>
   </div>
   <div class='ocr_carea' id='block_1_32' title="bbox 231 2990 1809 3072">
    <p class='ocr_par' dir='ltr' id='par_1_32' title="bbox 231 2990 1809 3072">
     <span class='ocr_line' id='line_1_32' title="bbox 231 2990 1809 3072; baseline 0.013 -30"><span class='ocrx_word' id='word_1_225' title='bbox 231 2990 538 3044; x_wconf 72' lang='grc' dir='ltr'>ἀπόλαυσιν</span> <span class='ocrx_word' id='word_1_226' title='bbox 574 2995 800 3064; x_wconf 78' lang='grc' dir='ltr'>νομίζει.</span> <span class='ocrx_word' id='word_1_227' title='bbox 847 2997 983 3057; x_wconf 79' lang='grc' dir='ltr'>’ᾼλλ’</span> <span class='ocrx_word' id='word_1_228' title='bbox 1018 2998 1148 3068; x_wconf 84' lang='grc' dir='ltr'>ἐγὼ,</span> <span class='ocrx_word' id='word_1_229' title='bbox 1181 3003 1364 3072; x_wconf 68' lang='grc' dir='ltr'>φησὶν,</span> <span class='ocrx_word' id='word_1_230' title='bbox 1392 2999 1451 3056; x_wconf 71' lang='grc' dir='ltr'>εὖ</span> <span class='ocrx_word' id='word_1_231' title='bbox 1495 3000 1629 3072; x_wconf 77' lang='grc' dir='ltr'>οἶδα,</span> <span class='ocrx_word' id='word_1_232' title='bbox 1663 3006 1809 3063; x_wconf 79' lang='grc' dir='ltr'>διδά-</span> 
     </span>
    </p>
   </div>
   <div class='ocr_carea' id='block_1_33' title="bbox 236 3080 1810 3163">
    <p class='ocr_par' dir='ltr' id='par_1_33' title="bbox 236 3080 1810 3163">
     <span class='ocr_line' id='line_1_33' title="bbox 236 3080 1810 3163; baseline 0.014 -32"><span class='ocrx_word' id='word_1_233' title='bbox 236 3095 350 3131; x_wconf 83' lang='grc' dir='ltr'><strong>σκω</strong></span> <span class='ocrx_word' id='word_1_234' title='bbox 381 3080 438 3135; x_wconf 80' lang='grc' dir='ltr'>δὲ</span> <span class='ocrx_word' id='word_1_235' title='bbox 479 3083 572 3134; x_wconf 84' lang='grc' dir='ltr'><strong>καὶ</strong></span> <span class='ocrx_word' id='word_1_236' title='bbox 608 3084 857 3155; x_wconf 76' lang='grc' dir='ltr'>ἑτέρουςο</span> <span class='ocrx_word' id='word_1_237' title='bbox 903 3088 983 3140; x_wconf 83' lang='grc' dir='ltr'><strong>δτι</strong></span> <span class='ocrx_word' id='word_1_238' title='bbox 1045 3090 1218 3163; x_wconf 81' lang='grc' dir='ltr'>πολλῷ</span> <span class='ocrx_word' id='word_1_239' title='bbox 1247 3091 1467 3162; x_wconf 81' lang='grc' dir='ltr'>βελτιων</span> <span class='ocrx_word' id='word_1_240' title='bbox 1505 3097 1650 3150; x_wconf 74' lang='grc' dir='ltr'>ἐστὶν</span> <span class='ocrx_word' id='word_1_241' title='bbox 1681 3100 1708 3151; x_wconf 91' lang='lat'><strong>6</strong></span> <span class='ocrx_word' id='word_1_242' title='bbox 1732 3098 1810 3152; x_wconf 79' lang='grc' dir='ltr'>δί-</span> 
     </span>
    </p>
   </div>
   <div class='ocr_carea' id='block_1_34' title="bbox 231 3170 1807 3260">
    <p class='ocr_par' dir='ltr' id='par_1_34' title="bbox 231 3170 1807 3260">
     <span class='ocr_line' id='line_1_34' title="bbox 231 3170 1807 3260; baseline 0.015 -39"><span class='ocrx_word' id='word_1_243' title='bbox 231 3185 387 3234; x_wconf 82' lang='grc' dir='ltr'>καιος</span> <span class='ocrx_word' id='word_1_244' title='bbox 417 3170 511 3225; x_wconf 77' lang='grc' dir='ltr'>τὸν</span> <span class='ocrx_word' id='word_1_245' title='bbox 542 3173 814 3248; x_wconf 81' lang='grc' dir='ltr'>ἐφήμερον</span> <span class='ocrx_word' id='word_1_246' title='bbox 852 3178 1012 3260; x_wconf 70' lang='grc' dir='ltr'>ᾄρτον</span> <span class='ocrx_word' id='word_1_247' title='bbox 1044 3182 1193 3254; x_wconf 80' lang='grc' dir='ltr'><strong>παρά</strong></span> <span class='ocrx_word' id='word_1_248' title='bbox 1237 3183 1330 3237; x_wconf 88' lang='grc' dir='ltr'><strong>τοῦ</strong></span> <span class='ocrx_word' id='word_1_249' title='bbox 1361 3185 1492 3239; x_wconf 82' lang='grc' dir='ltr'>Θεοῦ</span> <span class='ocrx_word' id='word_1_250' title='bbox 1520 3187 1807 3260; x_wconf 84' lang='grc' dir='ltr'>λαμϐάνων</span> 
     </span>
    </p>
   </div>
   <div class='ocr_carea' id='block_1_35' title="bbox 230 3254 1810 3353">
    <p class='ocr_par' dir='ltr' id='par_1_35' title="bbox 230 3254 1810 3353">
     <span class='ocr_line' id='line_1_35' title="bbox 230 3254 1810 3353; baseline 0.016 -42"><span class='ocrx_word' id='word_1_251' title='bbox 230 3259 322 3313; x_wconf 67' lang='grc' dir='ltr'><strong>τοῦ</strong></span> <span class='ocrx_word' id='word_1_252' title='bbox 353 3261 463 3315; x_wconf 84' lang='grc' dir='ltr'>τῶν</span> <span class='ocrx_word' id='word_1_253' title='bbox 514 3265 849 3336; x_wconf 83' lang='grc' dir='ltr'>ἁμαρτωλῶν</span> <span class='ocrx_word' id='word_1_254' title='bbox 876 3254 1130 3326; x_wconf 69' lang='grc' dir='ltr'>πλούτου.</span> <span class='ocrx_word' id='word_1_255' title='bbox 1163 3274 1223 3328; x_wconf 74' lang='lat' dir='ltr'><strong>El</strong></span> <span class='ocrx_word' id='word_1_256' title='bbox 1251 3275 1293 3329; x_wconf 89' lang='grc' dir='ltr'>δ’</span> <span class='ocrx_word' id='word_1_257' title='bbox 1334 3277 1562 3350; x_wconf 73' lang='grc' dir='ltr'>ἐρωτᾷς,</span> <span class='ocrx_word' id='word_1_258' title='bbox 1727 3285 1810 3336; x_wconf 73' lang='lat' dir='ltr'><strong>ai-</strong></span> 
     </span>
    </p>
   </div>
   <div class='ocr_carea' id='block_1_36' title="bbox 227 3352 1808 3444">
    <p class='ocr_par' dir='ltr' id='par_1_36' title="bbox 227 3352 1808 3444">
     <span class='ocr_line' id='line_1_36' title="bbox 227 3352 1808 3444; baseline 0.016 -41"><span class='ocrx_word' id='word_1_259' title='bbox 227 3352 348 3404; x_wconf 87' lang='grc' dir='ltr'>τίαν</span> <span class='ocrx_word' id='word_1_260' title='bbox 391 3354 632 3423; x_wconf 84' lang='grc' dir='ltr'>μάνθανε</span> <span class='ocrx_word' id='word_1_261' title='bbox 653 3371 666 3388; x_wconf 80' lang='lat'><strong><em>°</em></strong></span> <span class='ocrx_word' id='word_1_262' title='bbox 698 3360 778 3412; x_wconf 82' lang='grc' dir='ltr'><strong>δτι</strong></span> <span class='ocrx_word' id='word_1_263' title='bbox 808 3362 836 3413; x_wconf 82' lang='grc' dir='ltr'><strong>ό</strong></span> <span class='ocrx_word' id='word_1_264' title='bbox 871 3363 969 3431; x_wconf 85' lang='grc' dir='ltr'><strong>μὲν</strong></span> <span class='ocrx_word' id='word_1_265' title='bbox 1010 3364 1174 3435; x_wconf 83' lang='grc' dir='ltr'>ὀλίγῳ</span> <span class='ocrx_word' id='word_1_266' title='bbox 1208 3369 1546 3440; x_wconf 79' lang='grc' dir='ltr'>ἀρκούμενος</span> <span class='ocrx_word' id='word_1_267' title='bbox 1586 3352 1808 3444; x_wconf 80' lang='grc' dir='ltr'>ἔχειτὸν</span> 
     </span>
    </p>
   </div>
   <div class='ocr_carea' id='block_1_37' title="bbox 232 3443 1808 3537">
    <p class='ocr_par' dir='ltr' id='par_1_37' title="bbox 232 3443 1808 3537">
     <span class='ocr_line' id='line_1_37' title="bbox 232 3443 1808 3537; baseline 0.015 -42"><span class='ocrx_word' id='word_1_268' title='bbox 232 3443 438 3514; x_wconf 82' lang='grc' dir='ltr'>Κύριον</span> <span class='ocrx_word' id='word_1_269' title='bbox 473 3447 678 3519; x_wconf 82' lang='grc' dir='ltr'>ὑποστη</span> <span class='ocrx_word' id='word_1_270' title='bbox 690 3451 902 3519; x_wconf 74' lang='grc' dir='ltr'>ρίζοντα</span> <span class='ocrx_word' id='word_1_271' title='bbox 928 3455 1090 3508; x_wconf 77' lang='grc' dir='ltr'>αὐτοῦ</span> <span class='ocrx_word' id='word_1_272' title='bbox 1113 3456 1209 3523; x_wconf 80' lang='grc' dir='ltr'><strong>τὴν</strong></span> <span class='ocrx_word' id='word_1_273' title='bbox 1230 3458 1405 3532; x_wconf 75' lang='grc' dir='ltr'>ψυχὴν</span> <span class='ocrx_word' id='word_1_274' title='bbox 1433 3462 1525 3515; x_wconf 69' lang='grc' dir='ltr'><strong>καὶ</strong></span> <span class='ocrx_word' id='word_1_275' title='bbox 1665 3464 1808 3537; x_wconf 78' lang='grc' dir='ltr'>ζωὴν</span> 
     </span>
    </p>
   </div>
   <div class='ocr_carea' id='block_1_38' title="bbox 231 3533 1807 3624">
    <p class='ocr_par' dir='ltr' id='par_1_38' title="bbox 231 3533 1807 3624">
     <span class='ocr_line' id='line_1_38' title="bbox 231 3533 1807 3624; baseline 0.016 -41"><span class='ocrx_word' id='word_1_276' title='bbox 231 3533 448 3587; x_wconf 75' lang='grc' dir='ltr'>καὶτὸν</span> <span class='ocrx_word' id='word_1_277' title='bbox 503 3535 636 3604; x_wconf 78' lang='grc' dir='ltr'>βίον,</span> <span class='ocrx_word' id='word_1_278' title='bbox 686 3539 824 3612; x_wconf 77' lang='grc' dir='ltr'>ὑπὲρ</span> <span class='ocrx_word' id='word_1_279' title='bbox 865 3543 1040 3596; x_wconf 79' lang='grc' dir='ltr'>πάντα</span> <span class='ocrx_word' id='word_1_280' title='bbox 1079 3563 1138 3599; x_wconf 92' lang='grc' dir='ltr'><strong>τε</strong></span> <span class='ocrx_word' id='word_1_281' title='bbox 1191 3548 1417 3604; x_wconf 86' lang='grc' dir='ltr'>πλοῦτον</span> <span class='ocrx_word' id='word_1_282' title='bbox 1465 3554 1807 3624; x_wconf 78' lang='grc' dir='ltr'>ὲπαρκοῦντα</span> 
     </span>
    </p>
   </div>
   <div class='ocr_carea' id='block_1_39' title="bbox 229 3623 1810 3715">
    <p class='ocr_par' dir='ltr' id='par_1_39' title="bbox 229 3623 1810 3715">
     <span class='ocr_line' id='line_1_39' title="bbox 229 3623 1810 3715; baseline 0.016 -40"><span class='ocrx_word' id='word_1_283' title='bbox 229 3623 414 3695; x_wconf 66' lang='grc' dir='ltr'>αὐτῷ·</span> <span class='ocrx_word' id='word_1_284' title='bbox 445 3627 502 3676; x_wconf 80' lang='lat' dir='ltr'><strong>ot</strong></span> <span class='ocrx_word' id='word_1_285' title='bbox 547 3626 603 3681; x_wconf 80' lang='grc' dir='ltr'>δὲ</span> <span class='ocrx_word' id='word_1_286' title='bbox 641 3628 748 3682; x_wconf 84' lang='grc' dir='ltr'>τῶν</span> <span class='ocrx_word' id='word_1_287' title='bbox 777 3633 1114 3702; x_wconf 83' lang='grc' dir='ltr'>ἁμαρτωλῶν</span> <span class='ocrx_word' id='word_1_288' title='bbox 1142 3637 1420 3710; x_wconf 82' lang='grc' dir='ltr'>βραχίονες</span> <span class='ocrx_word' id='word_1_289' title='bbox 1448 3643 1508 3695; x_wconf 79' lang='grc' dir='ltr'><strong>ού</strong></span> <span class='ocrx_word' id='word_1_290' title='bbox 1535 3623 1810 3715; x_wconf 74' lang='grc' dir='ltr'>διαμένου-</span> 
     </span>
    </p>
   </div>
   <div class='ocr_carea' id='block_1_40' title="bbox 231 3717 1808 3807">
    <p class='ocr_par' dir='ltr' id='par_1_40' title="bbox 231 3717 1808 3807">
     <span class='ocr_line' id='line_1_40' title="bbox 231 3717 1808 3807; baseline 0.015 -41"><span class='ocrx_word' id='word_1_291' title='bbox 231 3730 320 3767; x_wconf 88' lang='grc' dir='ltr'><strong>σιν</strong></span> <span class='ocrx_word' id='word_1_292' title='bbox 355 3717 593 3787; x_wconf 72' lang='grc' dir='ltr'>ίσχυροὶ,</span> <span class='ocrx_word' id='word_1_293' title='bbox 632 3720 752 3773; x_wconf 75' lang='grc' dir='ltr'>οὐδὲ</span> <span class='ocrx_word' id='word_1_294' title='bbox 790 3724 818 3775; x_wconf 88' lang='lat'><strong>6</strong></span> <span class='ocrx_word' id='word_1_295' title='bbox 858 3723 1083 3789; x_wconf 80' lang='grc' dir='ltr'>πλοῦτος</span> <span class='ocrx_word' id='word_1_296' title='bbox 1115 3729 1290 3782; x_wconf 80' lang='grc' dir='ltr'>αὐτῶν</span> <span class='ocrx_word' id='word_1_297' title='bbox 1321 3731 1567 3801; x_wconf 83' lang='grc' dir='ltr'>βέϐαιος·</span> <span class='ocrx_word' id='word_1_298' title='bbox 1604 3752 1808 3807; x_wconf 86' lang='grc' dir='ltr'>συντρι-</span> 
     </span>
    </p>
   </div>
   <div class='ocr_carea' id='block_1_41' title="bbox 229 3804 1808 3896">
    <p class='ocr_par' dir='ltr' id='par_1_41' title="bbox 229 3804 1808 3896">
     <span class='ocr_line' id='line_1_41' title="bbox 229 3804 1808 3896; baseline 0.015 -39"><span class='ocrx_word' id='word_1_299' title='bbox 229 3804 496 3877; x_wconf 78' lang='grc' dir='ltr'>εήσονται</span> <span class='ocrx_word' id='word_1_300' title='bbox 548 3809 656 3882; x_wconf 79' lang='grc' dir='ltr'><strong>γάρ</strong></span> <span class='ocrx_word' id='word_1_301' title='bbox 701 3812 823 3866; x_wconf 82' lang='grc' dir='ltr'>ὅσον</span> <span class='ocrx_word' id='word_1_302' title='bbox 858 3815 1067 3869; x_wconf 71' lang='grc' dir='ltr'>οὐδέπω</span> <span class='ocrx_word' id='word_1_303' title='bbox 1116 3820 1394 3890; x_wconf 88' lang='grc' dir='ltr'>γενόμενοι</span> <span class='ocrx_word' id='word_1_304' title='bbox 1434 3823 1564 3876; x_wconf 74' lang='grc' dir='ltr'>ὡσεὶ</span> <span class='ocrx_word' id='word_1_305' title='bbox 1602 3824 1808 3896; x_wconf 84' lang='grc' dir='ltr'>λάχανα</span> 
     </span>
    </p>
   </div>
   <div class='ocr_carea' id='block_1_42' title="bbox 229 3895 1434 3978">
    <p class='ocr_par' dir='ltr' id='par_1_42' title="bbox 229 3895 1434 3978">
     <span class='ocr_line' id='line_1_42' title="bbox 229 3895 1434 3978; baseline 0.015 -33"><span class='ocrx_word' id='word_1_306' title='bbox 229 3895 391 3966; x_wconf 84' lang='grc' dir='ltr'>χλόης</span> <span class='ocrx_word' id='word_1_307' title='bbox 419 3896 519 3950; x_wconf 77' lang='grc' dir='ltr'>καὶ</span> <span class='ocrx_word' id='word_1_308' title='bbox 547 3898 678 3953; x_wconf 80' lang='grc' dir='ltr'>ὡσεὶ</span> <span class='ocrx_word' id='word_1_309' title='bbox 710 3901 902 3974; x_wconf 83' lang='grc' dir='ltr'>χόρτος</span> <span class='ocrx_word' id='word_1_310' title='bbox 932 3906 1434 3978; x_wconf 78' lang='grc' dir='ltr'>ἀποξηραινόμενοι.</span> 
     </span>
    </p>
   </div>
   <div class='ocr_carea' id='block_1_43' title="bbox 293 3987 1808 4073">
    <p class='ocr_par' dir='ltr' id='par_1_43' title="bbox 293 3987 1808 4073">
     <span class='ocr_line' id='line_1_43' title="bbox 293 3987 1808 4073; baseline 0.015 -34"><span class='ocrx_word' id='word_1_311' title='bbox 293 3987 598 4043; x_wconf 73' lang='grc' dir='ltr'>Γινώσκει</span> <span class='ocrx_word' id='word_1_312' title='bbox 642 3994 856 4059; x_wconf 84' lang='grc' dir='ltr'>Κύριος</span> <span class='ocrx_word' id='word_1_313' title='bbox 904 3995 1009 4062; x_wconf 83' lang='grc' dir='ltr'>τὰς</span> <span class='ocrx_word' id='word_1_314' title='bbox 1041 3997 1218 4064; x_wconf 77' lang='grc' dir='ltr'>ὁδοὺς</span> <span class='ocrx_word' id='word_1_315' title='bbox 1249 4000 1366 4053; x_wconf 87' lang='grc' dir='ltr'>τῶν</span> <span class='ocrx_word' id='word_1_316' title='bbox 1407 4001 1678 4073; x_wconf 79' lang='grc' dir='ltr'>ἀμώμων,</span> <span class='ocrx_word' id='word_1_317' title='bbox 1709 4009 1808 4061; x_wconf 78' lang='grc' dir='ltr'>καὶ</span> 
     </span>
    </p>
   </div>
   <div class='ocr_carea' id='block_1_44' title="bbox 223 4078 1790 4155">
    <p class='ocr_par' dir='ltr' id='par_1_44' title="bbox 223 4078 1790 4155">
     <span class='ocr_line' id='line_1_44' title="bbox 223 4078 1790 4155; baseline 0.014 -23"><span class='ocrx_word' id='word_1_318' title='bbox 223 4078 261 4144; x_wconf 83' lang='grc' dir='ltr'><strong>ἠ</strong></span> <span class='ocrx_word' id='word_1_319' title='bbox 291 4084 666 4151; x_wconf 69' lang='grc' dir='ltr'>κλτωονομία</span> <span class='ocrx_word' id='word_1_320' title='bbox 688 4084 887 4140; x_wconf 82' lang='grc' dir='ltr'>αὐτῶν</span> <span class='ocrx_word' id='word_1_321' title='bbox 903 4091 989 4155; x_wconf 81' lang='grc' dir='ltr'>εὶς</span> <span class='ocrx_word' id='word_1_322' title='bbox 1015 4091 1121 4142; x_wconf 83' lang='grc' dir='ltr'>τὸν</span> <span class='ocrx_word' id='word_1_323' title='bbox 1138 4089 1323 4146; x_wconf 81' lang='grc' dir='ltr'>αἰῶνα</span> <span class='ocrx_word' id='word_1_324' title='bbox 1342 4093 1532 4148; x_wconf 78' lang='grc' dir='ltr'>ἔσται.</span> <span class='ocrx_word' id='word_1_325' title='bbox 1562 4099 1642 4151; x_wconf 88' lang='grc' dir='ltr'><strong>Οὐ</strong></span> <span class='ocrx_word' id='word_1_326' title='bbox 1668 4116 1790 4154; x_wconf 66' lang='grc' dir='ltr'>κατι</span> 
     </span>
    </p>
   </div>
   <div class='ocr_carea' id='block_1_45' title="bbox 225 4174 1803 4262">
    <p class='ocr_par' dir='ltr' id='par_1_45' title="bbox 225 4174 1803 4262">
     <span class='ocr_line' id='line_1_45' title="bbox 225 4174 1803 4262; baseline 0.016 -41"><span class='ocrx_word' id='word_1_327' title='bbox 225 4174 742 4240; x_wconf 76' lang='grc' dir='ltr'>αισχυνϐήσονται</span> <span class='ocrx_word' id='word_1_328' title='bbox 790 4179 861 4232; x_wconf 86' lang='grc' dir='ltr'>ἐν</span> <span class='ocrx_word' id='word_1_329' title='bbox 897 4181 1078 4249; x_wconf 83' lang='grc' dir='ltr'>καιρῷ</span> <span class='ocrx_word' id='word_1_330' title='bbox 1121 4184 1380 4252; x_wconf 78' lang='grc' dir='ltr'>πονηρῷ,</span> <span class='ocrx_word' id='word_1_331' title='bbox 1422 4189 1519 4240; x_wconf 77' lang='grc' dir='ltr'>καὶ</span> <span class='ocrx_word' id='word_1_332' title='bbox 1551 4189 1621 4242; x_wconf 82' lang='grc' dir='ltr'><strong>ἐν</strong></span> <span class='ocrx_word' id='word_1_333' title='bbox 1658 4192 1803 4262; x_wconf 81' lang='grc' dir='ltr'>ἠμέ-</span> 
     </span>
    </p>
   </div>
   <div class='ocr_carea' id='block_1_46' title="bbox 223 4266 1801 4349">
    <p class='ocr_par' dir='ltr' id='par_1_46' title="bbox 223 4266 1801 4349">
     <span class='ocr_line' id='line_1_46' title="bbox 223 4266 1801 4349; baseline 0.015 -36"><span class='ocrx_word' id='word_1_334' title='bbox 223 4276 353 4327; x_wconf 61' lang='lat' dir='ltr'><strong>pate</strong></span> <span class='ocrx_word' id='word_1_335' title='bbox 396 4266 579 4334; x_wconf 74' lang='grc' dir='ltr'><strong>,11μοῦ</strong></span> <span class='ocrx_word' id='word_1_336' title='bbox 635 4271 1172 4338; x_wconf 76' lang='grc' dir='ltr'>χορτασθήσονται,</span> <span class='ocrx_word' id='word_1_337' title='bbox 1224 4275 1313 4329; x_wconf 77' lang='grc' dir='ltr'>ὅτι</span> <span class='ocrx_word' id='word_1_338' title='bbox 1370 4281 1424 4330; x_wconf 83' lang='grc' dir='ltr'>οι</span> <span class='ocrx_word' id='word_1_339' title='bbox 1469 4280 1801 4349; x_wconf 64' lang='grc' dir='ltr'>ἁμαρτωλοὶ</span> 
     </span>
    </p>
   </div>
   <div class='ocr_carea' id='block_1_47' title="bbox 229 4352 1803 4441">
    <p class='ocr_par' dir='ltr' id='par_1_47' title="bbox 229 4352 1803 4441">
     <span class='ocr_line' id='line_1_47' title="bbox 229 4352 1803 4441; baseline 0.016 -38"><span class='ocrx_word' id='word_1_340' title='bbox 229 4352 618 4410; x_wconf 75' lang='grc' dir='ltr'>ἀπολοῦνται.</span> <span class='ocrx_word' id='word_1_341' title='bbox 673 4361 793 4413; x_wconf 84' lang='grc' dir='ltr'>Ὅτι</span> <span class='ocrx_word' id='word_1_342' title='bbox 837 4363 933 4415; x_wconf 88' lang='grc' dir='ltr'><strong>τοῦ</strong></span> <span class='ocrx_word' id='word_1_343' title='bbox 979 4364 1152 4432; x_wconf 79' lang='grc' dir='ltr'>δεξιοῦ</span> <span class='ocrx_word' id='word_1_344' title='bbox 1199 4368 1497 4439; x_wconf 80' lang='grc' dir='ltr'>τάγματος,</span> <span class='ocrx_word' id='word_1_345' title='bbox 1555 4372 1697 4441; x_wconf 88' lang='grc' dir='ltr'>λέγω</span> <span class='ocrx_word' id='word_1_346' title='bbox 1745 4375 1803 4428; x_wconf 76' lang='grc' dir='ltr'>δὲ</span> 
     </span>
    </p>
   </div>
   <div class='ocr_carea' id='block_1_48' title="bbox 226 4441 1876 4547">
    <p class='ocr_par' dir='ltr' id='par_1_48' title="bbox 226 4441 1876 4547">
     <span class='ocr_line' id='line_1_48' title="bbox 226 4441 1876 4547; baseline 0.016 -51"><span class='ocrx_word' id='word_1_347' title='bbox 226 4441 332 4496; x_wconf 82' lang='grc' dir='ltr'><strong>τῶν</strong></span> <span class='ocrx_word' id='word_1_348' title='bbox 357 4445 605 4513; x_wconf 85' lang='grc' dir='ltr'>δικαίων,</span> <span class='ocrx_word' id='word_1_349' title='bbox 639 4452 701 4504; x_wconf 81' lang='grc' dir='ltr'>οὐ</span> <span class='ocrx_word' id='word_1_350' title='bbox 732 4454 888 4524; x_wconf 88' lang='grc' dir='ltr'>μόνον</span> <span class='ocrx_word' id='word_1_351' title='bbox 915 4458 1264 4530; x_wconf 77' lang='grc' dir='ltr'>ύποστηρίζει</span> <span class='ocrx_word' id='word_1_352' title='bbox 1290 4464 1318 4515; x_wconf 90' lang='lat'><strong>6</strong></span> <span class='ocrx_word' id='word_1_353' title='bbox 1346 4461 1478 4527; x_wconf 82' lang='grc' dir='ltr'>Θεὸς</span> <span class='ocrx_word' id='word_1_354' title='bbox 1508 4463 1605 4536; x_wconf 77' lang='grc' dir='ltr'><strong>τὴν</strong></span> <span class='ocrx_word' id='word_1_355' title='bbox 1632 4465 1796 4539; x_wconf 76' lang='grc' dir='ltr'>ζωὴν,</span> <span class='ocrx_word' id='word_1_356' title='bbox 1834 4493 1876 4547; x_wconf 76' lang='lat' dir='ltr'><strong>D</strong></span> 
     </span>
    </p>
   </div>
   <div class='ocr_carea' id='block_1_49' title="bbox 229 4532 1800 4625">
    <p class='ocr_par' dir='ltr' id='par_1_49' title="bbox 229 4532 1800 4625">
     <span class='ocr_line' id='line_1_49' title="bbox 229 4532 1800 4625; baseline 0.017 -40"><span class='ocrx_word' id='word_1_357' title='bbox 229 4532 357 4588; x_wconf 81' lang='grc' dir='ltr'>ἀλλὰ</span> <span class='ocrx_word' id='word_1_358' title='bbox 389 4541 484 4592; x_wconf 73' lang='grc' dir='ltr'><strong>καὶ</strong></span> <span class='ocrx_word' id='word_1_359' title='bbox 521 4540 627 4604; x_wconf 74' lang='grc' dir='ltr'>τὰς</span> <span class='ocrx_word' id='word_1_360' title='bbox 666 4547 1062 4614; x_wconf 86' lang='grc' dir='ltr'>περιμενούσας</span> <span class='ocrx_word' id='word_1_361' title='bbox 1110 4551 1304 4614; x_wconf 76' lang='grc' dir='ltr'>αὐτοὺς</span> <span class='ocrx_word' id='word_1_362' title='bbox 1342 4554 1400 4605; x_wconf 81' lang='grc' dir='ltr'><strong>ἐν</strong></span> <span class='ocrx_word' id='word_1_363' title='bbox 1437 4554 1514 4625; x_wconf 79' lang='grc' dir='ltr'>τῷ</span> <span class='ocrx_word' id='word_1_364' title='bbox 1557 4532 1800 4625; x_wconf 79' lang='grc' dir='ltr'>μέλλοντι</span> 
     </span>
    </p>
   </div>
   <div class='ocr_carea' id='block_1_50' title="bbox 228 4626 1803 4722">
    <p class='ocr_par' dir='ltr' id='par_1_50' title="bbox 228 4626 1803 4722">
     <span class='ocr_line' id='line_1_50' title="bbox 228 4626 1803 4722; baseline 0.017 -46"><span class='ocrx_word' id='word_1_365' title='bbox 228 4626 376 4680; x_wconf 74' lang='grc' dir='ltr'>αἰῶνι</span> <span class='ocrx_word' id='word_1_366' title='bbox 418 4632 638 4706; x_wconf 75' lang='grc' dir='ltr'>ἡμέρας</span> <span class='ocrx_word' id='word_1_367' title='bbox 692 4636 934 4708; x_wconf 85' lang='grc' dir='ltr'>ἀκριϐῶς</span> <span class='ocrx_word' id='word_1_368' title='bbox 972 4637 1098 4704; x_wconf 81' lang='grc' dir='ltr'>οἶδε,</span> <span class='ocrx_word' id='word_1_369' title='bbox 1157 4645 1256 4713; x_wconf 81' lang='grc' dir='ltr'>τήν</span> <span class='ocrx_word' id='word_1_370' title='bbox 1301 4663 1358 4697; x_wconf 87' lang='grc' dir='ltr'><strong>τε</strong></span> <span class='ocrx_word' id='word_1_371' title='bbox 1399 4647 1803 4722; x_wconf 72' lang='grc' dir='ltr'>ἡτοιμασμένην</span> 
     </span>
    </p>
   </div>
   <div class='ocr_carea' id='block_1_51' title="bbox 225 4717 1802 4810">
    <p class='ocr_par' dir='ltr' id='par_1_51' title="bbox 225 4717 1802 4810">
     <span class='ocr_line' id='line_1_51' title="bbox 225 4717 1802 4810; baseline 0.016 -41"><span class='ocrx_word' id='word_1_372' title='bbox 225 4717 401 4784; x_wconf 77' lang='grc' dir='ltr'>αὐτοῖς</span> <span class='ocrx_word' id='word_1_373' title='bbox 448 4724 839 4797; x_wconf 84' lang='grc' dir='ltr'>κληρονομίαν,</span> <span class='ocrx_word' id='word_1_374' title='bbox 888 4733 1014 4803; x_wconf 75' lang='grc' dir='ltr'>περὶ</span> <span class='ocrx_word' id='word_1_375' title='bbox 1054 4729 1121 4805; x_wconf 81' lang='grc' dir='ltr'>ἧς</span> <span class='ocrx_word' id='word_1_376' title='bbox 1164 4736 1421 4808; x_wconf 84' lang='grc' dir='ltr'>ἀνωτέρω</span> <span class='ocrx_word' id='word_1_377' title='bbox 1456 4717 1668 4810; x_wconf 76' lang='grc' dir='ltr'>ἐλέχθη.</span> <span class='ocrx_word' id='word_1_378' title='bbox 1711 4717 1802 4794; x_wconf 77' lang='grc' dir='ltr'><strong>Διὸ</strong></span> 
     </span>
    </p>
   </div>
   <div class='ocr_carea' id='block_1_52' title="bbox 224 4809 1798 4902">
    <p class='ocr_par' dir='ltr' id='par_1_52' title="bbox 224 4809 1798 4902">
     <span class='ocr_line' id='line_1_52' title="bbox 224 4809 1798 4902; baseline 0.016 -39"><span class='ocrx_word' id='word_1_379' title='bbox 224 4809 369 4865; x_wconf 79' lang='grc' dir='ltr'>οὐδὲν</span> <span class='ocrx_word' id='word_1_380' title='bbox 395 4816 598 4882; x_wconf 82' lang='grc' dir='ltr'>αὐτοὺς</span> <span class='ocrx_word' id='word_1_381' title='bbox 627 4819 958 4892; x_wconf 73' lang='grc' dir='ltr'>καταϐλάψει</span> <span class='ocrx_word' id='word_1_382' title='bbox 989 4824 1050 4878; x_wconf 85' lang='grc' dir='ltr'><strong>τὸ</strong></span> <span class='ocrx_word' id='word_1_383' title='bbox 1077 4825 1274 4897; x_wconf 78' lang='grc' dir='ltr'>βραχὺ,</span> <span class='ocrx_word' id='word_1_384' title='bbox 1310 4829 1403 4882; x_wconf 80' lang='grc' dir='ltr'><strong>καὶ</strong></span> <span class='ocrx_word' id='word_1_385' title='bbox 1432 4829 1670 4902; x_wconf 81' lang='grc' dir='ltr'>λυπηρὸν</span> <span class='ocrx_word' id='word_1_386' title='bbox 1705 4834 1798 4888; x_wconf 82' lang='grc' dir='ltr'><strong>τοῦ</strong></span> 
     </span>
    </p>
   </div>
   <div class='ocr_carea' id='block_1_53' title="bbox 225 4904 1798 4994">
    <p class='ocr_par' dir='ltr' id='par_1_53' title="bbox 225 4904 1798 4994">
     <span class='ocr_line' id='line_1_53' title="bbox 225 4904 1798 4994; baseline 0.017 -40"><span class='ocrx_word' id='word_1_387' title='bbox 225 4904 483 4975; x_wconf 85' lang='grc' dir='ltr'>παρόντος</span> <span class='ocrx_word' id='word_1_388' title='bbox 523 4909 670 4980; x_wconf 82' lang='grc' dir='ltr'>βίου,</span> <span class='ocrx_word' id='word_1_389' title='bbox 715 4912 806 4966; x_wconf 71' lang='grc' dir='ltr'><strong>καὶ</strong></span> <span class='ocrx_word' id='word_1_390' title='bbox 835 4913 897 4966; x_wconf 83' lang='grc' dir='ltr'>τὸ</span> <span class='ocrx_word' id='word_1_391' title='bbox 937 4916 1191 4970; x_wconf 86' lang='grc' dir='ltr'>πένεσθαι</span> <span class='ocrx_word' id='word_1_392' title='bbox 1231 4921 1324 4973; x_wconf 72' lang='grc' dir='ltr'><strong>καὶ</strong></span> <span class='ocrx_word' id='word_1_393' title='bbox 1369 4923 1668 4994; x_wconf 85' lang='grc' dir='ltr'>πτωχεύειν</span> <span class='ocrx_word' id='word_1_394' title='bbox 1710 4926 1798 4979; x_wconf 76' lang='grc' dir='ltr'><strong>διά</strong></span> 
     </span>
    </p>
   </div>
   <div class='ocr_carea' id='block_1_54' title="bbox 222 4990 1798 5088">
    <p class='ocr_par' dir='ltr' id='par_1_54' title="bbox 222 4990 1798 5088">
     <span class='ocr_line' id='line_1_54' title="bbox 222 4990 1798 5088; baseline 0.015 -41"><span class='ocrx_word' id='word_1_395' title='bbox 222 4990 308 5045; x_wconf 75' lang='grc' dir='ltr'>τὸν</span> <span class='ocrx_word' id='word_1_396' title='bbox 333 4996 553 5070; x_wconf 81' lang='grc' dir='ltr'>Κύριον,</span> <span class='ocrx_word' id='word_1_397' title='bbox 595 5002 903 5073; x_wconf 87' lang='grc' dir='ltr'>Γυμνάσιον</span> <span class='ocrx_word' id='word_1_398' title='bbox 932 5005 1040 5080; x_wconf 87' lang='grc' dir='ltr'>γὰρ</span> <span class='ocrx_word' id='word_1_399' title='bbox 1072 5009 1248 5063; x_wconf 75' lang='grc' dir='ltr'>αὐτῶν</span> <span class='ocrx_word' id='word_1_400' title='bbox 1273 5014 1388 5065; x_wconf 81' lang='grc' dir='ltr'>ἐστι</span> <span class='ocrx_word' id='word_1_401' title='bbox 1417 4990 1522 5085; x_wconf 69' lang='grc' dir='ltr'>τῆς</span> <span class='ocrx_word' id='word_1_402' title='bbox 1543 5018 1798 5088; x_wconf 87' lang='grc' dir='ltr'>προαιρέ-</span> 
     </span>
    </p>
   </div>
   <div class='ocr_carea' id='block_1_55' title="bbox 227 5091 1795 5179">
    <p class='ocr_par' dir='ltr' id='par_1_55' title="bbox 227 5091 1795 5179">
     <span class='ocr_line' id='line_1_55' title="bbox 227 5091 1795 5179; baseline 0.015 -40"><span class='ocrx_word' id='word_1_403' title='bbox 227 5098 357 5179; x_wconf 50' lang='grc' dir='ltr'>σεως</span> <span class='ocrx_word' id='word_1_404' title='bbox 386 5091 420 5160; x_wconf 80' lang='grc' dir='ltr'>ἡ</span> <span class='ocrx_word' id='word_1_405' title='bbox 445 5095 737 5166; x_wconf 73' lang='grc' dir='ltr'>καρτερία,</span> <span class='ocrx_word' id='word_1_406' title='bbox 767 5095 835 5150; x_wconf 81' lang='grc' dir='ltr'>δι’</span> <span class='ocrx_word' id='word_1_407' title='bbox 863 5091 930 5168; x_wconf 77' lang='grc' dir='ltr'>ἧς</span> <span class='ocrx_word' id='word_1_408' title='bbox 958 5098 1056 5170; x_wconf 71' lang='grc' dir='ltr'>τὴν</span> <span class='ocrx_word' id='word_1_409' title='bbox 1097 5102 1287 5174; x_wconf 79' lang='grc' dir='ltr'>στενὴν</span> <span class='ocrx_word' id='word_1_410' title='bbox 1311 5104 1404 5158; x_wconf 69' lang='grc' dir='ltr'><strong>καὶ</strong></span> <span class='ocrx_word' id='word_1_411' title='bbox 1434 5106 1795 5179; x_wconf 83' lang='grc' dir='ltr'>τεθλιμμένην</span> 
     </span>
    </p>
   </div>
   <div class='ocr_carea' id='block_1_56' title="bbox 227 5171 1793 5267">
    <p class='ocr_par' dir='ltr' id='par_1_56' title="bbox 227 5171 1793 5267">
     <span class='ocr_line' id='line_1_56' title="bbox 227 5171 1793 5267; baseline 0.017 -38"><span class='ocrx_word' id='word_1_412' title='bbox 227 5171 513 5267; x_wconf 66' lang='grc' dir='ltr'>ὁδεύοντες,</span> <span class='ocrx_word' id='word_1_413' title='bbox 560 5183 842 5254; x_wconf 82' lang='grc' dir='ltr'>τεύξονται</span> <span class='ocrx_word' id='word_1_414' title='bbox 885 5190 994 5244; x_wconf 83' lang='grc' dir='ltr'><strong>τῶν</strong></span> <span class='ocrx_word' id='word_1_415' title='bbox 1043 5171 1485 5267; x_wconf 76' lang='grc' dir='ltr'>ἐπηγγελμένων.</span> <span class='ocrx_word' id='word_1_416' title='bbox 1547 5171 1688 5253; x_wconf 69' lang='grc' dir='ltr'>’Ᾰντὶ</span> <span class='ocrx_word' id='word_1_417' title='bbox 1737 5171 1793 5254; x_wconf 76' lang='grc' dir='ltr'>δὲ</span> 
     </span>
    </p>
   </div>
   <div class='ocr_carea' id='block_1_57' title="bbox 225 5264 1792 5358">
    <p class='ocr_par' dir='ltr' id='par_1_57' title="bbox 225 5264 1792 5358">
     <span class='ocr_line' id='line_1_57' title="bbox 225 5264 1792 5358; baseline 0.019 -42"><span class='ocrx_word' id='word_1_418' title='bbox 225 5264 337 5358; x_wconf 65' lang='grc' dir='ltr'>τοῦ,</span> <span class='ocrx_word' id='word_1_419' title='bbox 361 5271 654 5339; x_wconf 72' lang='grc' dir='ltr'>γινώσκει,</span> <span class='ocrx_word' id='word_1_420' title='bbox 679 5277 707 5328; x_wconf 88' lang='lat'><strong>6</strong></span> <span class='ocrx_word' id='word_1_421' title='bbox 730 5275 1045 5348; x_wconf 85' lang='grc' dir='ltr'>Σύμμαχος,</span> <span class='ocrx_word' id='word_1_422' title='bbox 1073 5264 1357 5351; x_wconf 75' lang='grc' dir='ltr'>Προοῖδεν</span> <span class='ocrx_word' id='word_1_423' title='bbox 1382 5290 1414 5340; x_wconf 87' lang='grc' dir='ltr'><strong>ό</strong></span> <span class='ocrx_word' id='word_1_424' title='bbox 1444 5289 1659 5357; x_wconf 80' lang='grc' dir='ltr'>Κύριος</span> <span class='ocrx_word' id='word_1_425' title='bbox 1686 5291 1792 5358; x_wconf 80' lang='grc' dir='ltr'>τὰς</span> 
     </span>
    </p>
   </div>
   <div class='ocr_carea' id='block_1_58' title="bbox 226 5351 1788 5454">
    <p class='ocr_par' dir='ltr' id='par_1_58' title="bbox 226 5351 1788 5454">
     <span class='ocr_line' id='line_1_58' title="bbox 226 5351 1788 5454; baseline 0.016 -40"><span class='ocrx_word' id='word_1_426' title='bbox 226 5351 592 5454; x_wconf 54' lang='grc' dir='ltr'>ᾑμέραςτῶν</span> <span class='ocrx_word' id='word_1_427' title='bbox 622 5365 894 5436; x_wconf 83' lang='grc' dir='ltr'>ἁμώμων,</span> <span class='ocrx_word' id='word_1_428' title='bbox 927 5373 1207 5437; x_wconf 79' lang='grc' dir='ltr'>ἐξέδωκεν.</span> <span class='ocrx_word' id='word_1_429' title='bbox 1242 5379 1350 5432; x_wconf 75' lang='grc' dir='ltr'><strong>Καὶ</strong></span> <span class='ocrx_word' id='word_1_430' title='bbox 1391 5351 1605 5435; x_wconf 28' lang='grc' dir='ltr'>ἀλλοϋδὲ</span> <span class='ocrx_word' id='word_1_431' title='bbox 1635 5351 1788 5454; x_wconf 44' lang='grc' dir='ltr'>-μέγά</span> 
     </span>
    </p>
   </div>
   <div class='ocr_carea' id='block_1_59' title="bbox 230 5446 1792 5545">
    <p class='ocr_par' dir='ltr' id='par_1_59' title="bbox 230 5446 1792 5545">
     <span class='ocr_line' id='line_1_59' title="bbox 230 5446 1792 5545; baseline 0.02 -45"><span class='ocrx_word' id='word_1_432' title='bbox 230 5446 452 5522; x_wconf 75' lang='grc' dir='ltr'>ὑπάρξει</span> <span class='ocrx_word' id='word_1_433' title='bbox 484 5457 731 5522; x_wconf 78' lang='grc' dir='ltr'>τούτοις⁶</span> <span class='ocrx_word' id='word_1_434' title='bbox 781 5461 852 5514; x_wconf 85' lang='grc' dir='ltr'><strong>ἐν</strong></span> <span class='ocrx_word' id='word_1_435' title='bbox 893 5464 1003 5536; x_wconf 85' lang='grc' dir='ltr'><strong>γὰρ</strong></span> <span class='ocrx_word' id='word_1_436' title='bbox 1049 5467 1231 5536; x_wconf 84' lang='grc' dir='ltr'>καιρῷ</span> <span class='ocrx_word' id='word_1_437' title='bbox 1281 5471 1519 5545; x_wconf 79' lang='grc' dir='ltr'>πονηρῷ</span> <span class='ocrx_word' id='word_1_438' title='bbox 1557 5477 1629 5529; x_wconf 89' lang='grc' dir='ltr'>οὑ</span> <span class='ocrx_word' id='word_1_439' title='bbox 1653 5446 1792 5530; x_wconf 42' lang='grc' dir='ltr'>’κατ-</span> 
     </span>
    </p>
   </div>
   <div class='ocr_carea' id='block_1_60' title="bbox 227 5547 1790 5638">
    <p class='ocr_par' dir='ltr' id='par_1_60' title="bbox 227 5547 1790 5638">
     <span class='ocr_line' id='line_1_60' title="bbox 227 5547 1790 5638; baseline 0.02 -44"><span class='ocrx_word' id='word_1_440' title='bbox 227 5547 752 5618; x_wconf 79' lang='grc' dir='ltr'>αισχυνθήσονται,</span> <span class='ocrx_word' id='word_1_441' title='bbox 776 5555 874 5608; x_wconf 78' lang='grc' dir='ltr'>καὶ</span> <span class='ocrx_word' id='word_1_442' title='bbox 896 5555 966 5610; x_wconf 79' lang='grc' dir='ltr'><strong>ἐν</strong></span> <span class='ocrx_word' id='word_1_443' title='bbox 989 5557 1237 5628; x_wconf 79' lang='grc' dir='ltr'>ἡμέραις</span> <span class='ocrx_word' id='word_1_444' title='bbox 1257 5564 1435 5634; x_wconf 68' lang='grc' dir='ltr'>λιμοῦ</span> <span class='ocrx_word' id='word_1_445' title='bbox 1458 5569 1790 5638; x_wconf 79' lang='grc' dir='ltr'>χορτασθήο</span> 
     </span>
    </p>
   </div>
   <div class='ocr_carea' id='block_1_61' title="bbox 294 5720 701 5794">
    <p class='ocr_par' dir='ltr' id='par_1_61' title="bbox 294 5720 701 5794">
     <span class='ocr_line' id='line_1_61' title="bbox 294 5720 701 5794; baseline 0.029 -18"><span class='ocrx_word' id='word_1_446' title='bbox 294 5720 337 5753; x_wconf 72' lang='grc'><strong>’⁸</strong></span> <span class='ocrx_word' id='word_1_447' title='bbox 371 5723 502 5784; x_wconf 87' lang='lat' dir='ltr'><strong>Luc.</strong></span> <span class='ocrx_word' id='word_1_448' title='bbox 541 5745 618 5794; x_wconf 74' lang='lat' dir='ltr'><strong>xi,</strong></span> <span class='ocrx_word' id='word_1_449' title='bbox 652 5730 701 5789; x_wconf 76' lang='lat'><strong>3.</strong></span> 
     </span>
    </p>
   </div>
   <div class='ocr_carea' id='block_1_62' title="bbox 541 5821 1257 5895">
    <p class='ocr_par' dir='ltr' id='par_1_62' title="bbox 541 5821 1257 5895">
     <span class='ocr_line' id='line_1_62' title="bbox 541 5821 1257 5895; baseline 0.02 -14"><span class='ocrx_word' id='word_1_450' title='bbox 541 5821 811 5890; x_wconf 69' lang='grc' dir='ltr'>Ριτιιοι..</span> <span class='ocrx_word' id='word_1_451' title='bbox 857 5829 973 5894; x_wconf 79' lang='lat' dir='ltr'><strong>Gtt.</strong></span> <span class='ocrx_word' id='word_1_452' title='bbox 1019 5831 1257 5895; x_wconf 74' lang='lat' dir='ltr'><strong>XXIII.</strong></span> 
     </span>
    </p>
   </div>
   <div class='ocr_carea' id='block_1_63' title="bbox 1931 551 3493 630">
    <p class='ocr_par' dir='ltr' id='par_1_63' title="bbox 1931 551 3493 630">
     <span class='ocr_line' id='line_1_63' title="bbox 1931 551 3493 630; baseline 0.006 -24"><span class='ocrx_word' id='word_1_453' title='bbox 1931 563 2020 609; x_wconf 90' lang='lat' dir='ltr'><strong>tus</strong></span> <span class='ocrx_word' id='word_1_454' title='bbox 2045 563 2148 615; x_wconf 86' lang='lat' dir='ltr'><strong>est.</strong></span> <span class='ocrx_word' id='word_1_455' title='bbox 2186 555 2557 623; x_wconf 82' lang='lat' dir='ltr'><strong>inferendam;</strong></span> <span class='ocrx_word' id='word_1_456' title='bbox 2611 566 2724 613; x_wconf 91' lang='lat' dir='ltr'><strong>tum</strong></span> <span class='ocrx_word' id='word_1_457' title='bbox 2752 559 3030 624; x_wconf 90' lang='lat' dir='ltr'><strong>Dominus,</strong></span> <span class='ocrx_word' id='word_1_458' title='bbox 3067 561 3158 630; x_wconf 89' lang='lat' dir='ltr'><strong>qui</strong></span> <span class='ocrx_word' id='word_1_459' title='bbox 3190 551 3318 614; x_wconf 72' lang='lat' dir='ltr'><strong>olim</strong></span> <span class='ocrx_word' id='word_1_460' title='bbox 3349 559 3493 615; x_wconf 83' lang='lat' dir='ltr'><strong>deri-</strong></span> 
     </span>
    </p>
   </div>
   <div class='ocr_carea' id='block_1_64' title="bbox 1929 642 3492 722">
    <p class='ocr_par' dir='ltr' id='par_1_64' title="bbox 1929 642 3492 722">
     <span class='ocr_line' id='line_1_64' title="bbox 1929 642 3492 722; baseline 0.006 -26"><span class='ocrx_word' id='word_1_461' title='bbox 1929 642 2092 698; x_wconf 87' lang='lat' dir='ltr'><strong>debat</strong></span> <span class='ocrx_word' id='word_1_462' title='bbox 2123 662 2248 712; x_wconf 91' lang='lat' dir='ltr'><strong>eos,</strong></span> <span class='ocrx_word' id='word_1_463' title='bbox 2306 648 2543 718; x_wconf 81' lang='lat' dir='ltr'><strong>gladium</strong></span> <span class='ocrx_word' id='word_1_464' title='bbox 2592 652 2754 704; x_wconf 88' lang='lat' dir='ltr'><strong>vertit</strong></span> <span class='ocrx_word' id='word_1_465' title='bbox 2813 652 2865 704; x_wconf 90' lang='lat' dir='ltr'><strong>in</strong></span> <span class='ocrx_word' id='word_1_466' title='bbox 2914 651 3080 706; x_wconf 87' lang='lat' dir='ltr'><strong>corda</strong></span> <span class='ocrx_word' id='word_1_467' title='bbox 3115 653 3390 722; x_wconf 88' lang='lat' dir='ltr'><strong>ipsorum,</strong></span> <span class='ocrx_word' id='word_1_468' title='bbox 3439 659 3492 706; x_wconf 86' lang='lat' dir='ltr'><strong>et</strong></span> 
     </span>
    </p>
   </div>
   <div class='ocr_carea' id='block_1_65' title="bbox 1928 737 3490 813">
    <p class='ocr_par' dir='ltr' id='par_1_65' title="bbox 1928 737 3490 813">
     <span class='ocr_line' id='line_1_65' title="bbox 1928 737 3490 813; baseline 0.008 -29"><span class='ocrx_word' id='word_1_469' title='bbox 1928 747 2088 790; x_wconf 86' lang='lat' dir='ltr'><strong>arcus</strong></span> <span class='ocrx_word' id='word_1_470' title='bbox 2126 737 2412 807; x_wconf 88' lang='lat' dir='ltr'><strong>impiorum</strong></span> <span class='ocrx_word' id='word_1_471' title='bbox 2464 748 2653 796; x_wconf 84' lang='lat' dir='ltr'><strong>contra</strong></span> <span class='ocrx_word' id='word_1_472' title='bbox 2680 741 2890 810; x_wconf 87' lang='lat' dir='ltr'><strong>justum</strong></span> <span class='ocrx_word' id='word_1_473' title='bbox 2921 751 3140 812; x_wconf 86' lang='lat' dir='ltr'><strong>paratos</strong></span> <span class='ocrx_word' id='word_1_474' title='bbox 3174 743 3490 813; x_wconf 80' lang='lat' dir='ltr'><strong>confringit.</strong></span> 
     </span>
    </p>
   </div>
   <div class='ocr_carea' id='block_1_66' title="bbox 1927 822 3490 900">
    <p class='ocr_par' dir='ltr' id='par_1_66' title="bbox 1927 822 3490 900">
     <span class='ocr_line' id='line_1_66' title="bbox 1927 822 3490 900; baseline 0.007 -24"><span class='ocrx_word' id='word_1_475' title='bbox 1927 822 2044 878; x_wconf 81' lang='lat' dir='ltr'><strong>Non</strong></span> <span class='ocrx_word' id='word_1_476' title='bbox 2077 826 2189 896; x_wconf 88' lang='lat' dir='ltr'><strong>jam</strong></span> <span class='ocrx_word' id='word_1_477' title='bbox 2232 831 2592 900; x_wconf 74' lang='lat' dir='ltr'><strong>cogitationes</strong></span> <span class='ocrx_word' id='word_1_478' title='bbox 2623 848 2810 885; x_wconf 88' lang='lat' dir='ltr'><strong>eorum</strong></span> <span class='ocrx_word' id='word_1_479' title='bbox 2845 832 3102 887; x_wconf 85' lang='lat' dir='ltr'><strong>deridens</strong></span> <span class='ocrx_word' id='word_1_480' title='bbox 3136 833 3348 887; x_wconf 82' lang='lat' dir='ltr'><strong>invadet</strong></span> <span class='ocrx_word' id='word_1_481' title='bbox 3373 849 3490 897; x_wconf 81' lang='lat' dir='ltr'><strong>eos,</strong></span> 
     </span>
    </p>
   </div>
   <div class='ocr_carea' id='block_1_67' title="bbox 1928 917 3490 991">
    <p class='ocr_par' dir='ltr' id='par_1_67' title="bbox 1928 917 3490 991">
     <span class='ocr_line' id='line_1_67' title="bbox 1928 917 3490 991; baseline 0.006 -21"><span class='ocrx_word' id='word_1_482' title='bbox 1928 917 2022 971; x_wconf 87' lang='lat' dir='ltr'><strong>sed</strong></span> <span class='ocrx_word' id='word_1_483' title='bbox 2054 922 2350 988; x_wconf 83' lang='lat' dir='ltr'><strong>promerita</strong></span> <span class='ocrx_word' id='word_1_484' title='bbox 2383 923 2488 978; x_wconf 89' lang='lat' dir='ltr'><strong>illis</strong></span> <span class='ocrx_word' id='word_1_485' title='bbox 2521 924 2725 978; x_wconf 90' lang='lat' dir='ltr'><strong>ultione</strong></span> <span class='ocrx_word' id='word_1_486' title='bbox 2757 932 2960 979; x_wconf 91' lang='lat' dir='ltr'><strong>utetur.</strong></span> <span class='ocrx_word' id='word_1_487' title='bbox 2988 924 3141 991; x_wconf 84' lang='lat' dir='ltr'><strong>Quod</strong></span> <span class='ocrx_word' id='word_1_488' title='bbox 3177 935 3354 978; x_wconf 90' lang='lat' dir='ltr'><strong>autem</strong></span> <span class='ocrx_word' id='word_1_489' title='bbox 3377 925 3490 980; x_wconf 71' lang='lat' dir='ltr'><strong>lucc</strong></span> 
     </span>
    </p>
   </div>
   <div class='ocr_carea' id='block_1_68' title="bbox 1927 1013 3492 1086">
    <p class='ocr_par' dir='ltr' id='par_1_68' title="bbox 1927 1013 3492 1086">
     <span class='ocr_line' id='line_1_68' title="bbox 1927 1013 3492 1086; baseline 0.007 -26"><span class='ocrx_word' id='word_1_490' title='bbox 1927 1023 2033 1060; x_wconf 90' lang='lat' dir='ltr'><strong>non</strong></span> <span class='ocrx_word' id='word_1_491' title='bbox 2080 1025 2228 1064; x_wconf 89' lang='lat' dir='ltr'><strong>mera</strong></span> <span class='ocrx_word' id='word_1_492' title='bbox 2259 1013 2422 1066; x_wconf 85' lang='lat' dir='ltr'><strong>verba</strong></span> <span class='ocrx_word' id='word_1_493' title='bbox 2459 1013 2591 1080; x_wconf 87' lang='lat' dir='ltr'><strong>sint,</strong></span> <span class='ocrx_word' id='word_1_494' title='bbox 2626 1015 2719 1069; x_wconf 89' lang='lat' dir='ltr'><strong>sed</strong></span> <span class='ocrx_word' id='word_1_495' title='bbox 2769 1031 2854 1069; x_wconf 87' lang='lat' dir='ltr'><strong>res</strong></span> <span class='ocrx_word' id='word_1_496' title='bbox 2885 1023 3050 1085; x_wconf 74' lang='lat' dir='ltr'><strong>gesta:</strong></span> <span class='ocrx_word' id='word_1_497' title='bbox 3079 1029 3141 1070; x_wconf 86' lang='lat' dir='ltr'><strong>ac</strong></span> <span class='ocrx_word' id='word_1_498' title='bbox 3181 1015 3302 1086; x_wconf 87' lang='lat' dir='ltr'><strong>ipso</strong></span> <span class='ocrx_word' id='word_1_499' title='bbox 3330 1030 3492 1084; x_wconf 82' lang='lat' dir='ltr'><strong>opere</strong></span> 
     </span>
    </p>
   </div>
   <div class='ocr_carea' id='block_1_69' title="bbox 1924 1102 3490 1176">
    <p class='ocr_par' dir='ltr' id='par_1_69' title="bbox 1924 1102 3490 1176">
     <span class='ocr_line' id='line_1_69' title="bbox 1924 1102 3490 1176; baseline 0.006 -26"><span class='ocrx_word' id='word_1_500' title='bbox 1924 1102 2326 1170; x_wconf 61' lang='lat' dir='ltr'><strong>comprobant,</strong></span> <span class='ocrx_word' id='word_1_501' title='bbox 2373 1106 2531 1160; x_wconf 85' lang='lat' dir='ltr'><strong>nobis</strong></span> <span class='ocrx_word' id='word_1_502' title='bbox 2576 1106 2666 1176; x_wconf 86' lang='lat' dir='ltr'><strong>qui</strong></span> <span class='ocrx_word' id='word_1_503' title='bbox 2722 1106 2834 1160; x_wconf 66' lang='lat' dir='ltr'><strong>luce</strong></span> <span class='ocrx_word' id='word_1_504' title='bbox 2864 1122 3181 1162; x_wconf 83' lang='lat' dir='ltr'><strong>enarramus</strong></span> <span class='ocrx_word' id='word_1_505' title='bbox 3230 1107 3311 1161; x_wconf 79' lang='lat' dir='ltr'><strong>vel</strong></span> <span class='ocrx_word' id='word_1_506' title='bbox 3373 1107 3490 1175; x_wconf 79' lang='lat' dir='ltr'><strong>ipsa</strong></span> 
     </span>
    </p>
   </div>
   <div class='ocr_carea' id='block_1_70' title="bbox 1923 1191 3490 1266">
    <p class='ocr_par' dir='ltr' id='par_1_70' title="bbox 1923 1191 3490 1266">
     <span class='ocr_line' id='line_1_70' title="bbox 1923 1191 3490 1266; baseline 0.004 -23"><span class='ocrx_word' id='word_1_507' title='bbox 1923 1191 2257 1258; x_wconf 81' lang='lat' dir='ltr'><strong>experientia</strong></span> <span class='ocrx_word' id='word_1_508' title='bbox 2291 1197 2764 1250; x_wconf 85' lang='lat' dir='ltr'><strong>eommonstravit.</strong></span> <span class='ocrx_word' id='word_1_509' title='bbox 2806 1196 2939 1265; x_wconf 90' lang='lat' dir='ltr'><strong>Ipsis</strong></span> <span class='ocrx_word' id='word_1_510' title='bbox 2975 1198 3139 1266; x_wconf 79' lang='lat' dir='ltr'><strong>igitur</strong></span> <span class='ocrx_word' id='word_1_511' title='bbox 3171 1197 3344 1250; x_wconf 88' lang='lat' dir='ltr'><strong>oculis</strong></span> <span class='ocrx_word' id='word_1_512' title='bbox 3370 1211 3490 1264; x_wconf 83' lang='lat' dir='ltr'><strong>per-</strong></span> 
     </span>
    </p>
   </div>
   <div class='ocr_carea' id='block_1_71' title="bbox 1924 1279 3492 1357">
    <p class='ocr_par' dir='ltr' id='par_1_71' title="bbox 1924 1279 3492 1357">
     <span class='ocr_line' id='line_1_71' title="bbox 1924 1279 3492 1357; baseline 0.006 -26"><span class='ocrx_word' id='word_1_513' title='bbox 1924 1279 2190 1349; x_wconf 82' lang='lat' dir='ltr'><strong>cepimus,</strong></span> <span class='ocrx_word' id='word_1_514' title='bbox 2220 1293 2533 1352; x_wconf 85' lang='lat' dir='ltr'><strong>peccatores</strong></span> <span class='ocrx_word' id='word_1_515' title='bbox 2565 1287 2619 1341; x_wconf 90' lang='lat' dir='ltr'><strong>in</strong></span> <span class='ocrx_word' id='word_1_516' title='bbox 2665 1289 3141 1357; x_wconf 87' lang='lat' dir='ltr'><strong>persccutionibus</strong></span> <span class='ocrx_word' id='word_1_517' title='bbox 3181 1288 3235 1341; x_wconf 92' lang='lat' dir='ltr'><strong>in</strong></span> <span class='ocrx_word' id='word_1_518' title='bbox 3268 1304 3368 1352; x_wconf 83' lang='lat' dir='ltr'><strong>nos</strong></span> <span class='ocrx_word' id='word_1_519' title='bbox 3396 1303 3492 1341; x_wconf 55' lang='grc' dir='ltr'>εκ*</span> 
     </span>
    </p>
   </div>
   <div class='ocr_carea' id='block_1_72' title="bbox 1922 1372 3492 1447">
    <p class='ocr_par' dir='ltr' id='par_1_72' title="bbox 1922 1372 3492 1447">
     <span class='ocr_line' id='line_1_72' title="bbox 1922 1372 3492 1447; baseline 0.006 -24"><span class='ocrx_word' id='word_1_520' title='bbox 1922 1372 2103 1428; x_wconf 77' lang='lat' dir='ltr'><strong>citatis</strong></span> <span class='ocrx_word' id='word_1_521' title='bbox 2129 1373 2394 1430; x_wconf 85' lang='lat' dir='ltr'><strong>adversus</strong></span> <span class='ocrx_word' id='word_1_522' title='bbox 2420 1376 2599 1444; x_wconf 84' lang='lat' dir='ltr'><strong>justus</strong></span> <span class='ocrx_word' id='word_1_523' title='bbox 2631 1378 2866 1447; x_wconf 82' lang='lat' dir='ltr'><strong>gladium</strong></span> <span class='ocrx_word' id='word_1_524' title='bbox 2901 1379 3155 1433; x_wconf 80' lang='lat' dir='ltr'><strong>eduxisse</strong></span> <span class='ocrx_word' id='word_1_525' title='bbox 3179 1418 3194 1442; x_wconf 91' lang='lat'><strong>,</strong></span> <span class='ocrx_word' id='word_1_526' title='bbox 3220 1391 3492 1447; x_wconf 81' lang='lat' dir='ltr'><strong>arcusque</strong></span> 
     </span>
    </p>
   </div>
   <div class='ocr_carea' id='block_1_73' title="bbox 1923 1467 3486 1544">
    <p class='ocr_par' dir='ltr' id='par_1_73' title="bbox 1923 1467 3486 1544">
     <span class='ocr_line' id='line_1_73' title="bbox 1923 1467 3486 1544; baseline 0.005 -26"><span class='ocrx_word' id='word_1_527' title='bbox 1923 1479 2053 1521; x_wconf 88' lang='lat' dir='ltr'><strong>suos</strong></span> <span class='ocrx_word' id='word_1_528' title='bbox 2087 1467 2388 1525; x_wconf 85' lang='lat' dir='ltr'><strong>intendisse</strong></span> <span class='ocrx_word' id='word_1_529' title='bbox 2416 1480 2475 1525; x_wconf 89' lang='lat' dir='ltr'><strong>ut</strong></span> <span class='ocrx_word' id='word_1_530' title='bbox 2504 1472 2804 1541; x_wconf 80' lang='lat' dir='ltr'><strong>dejicerent</strong></span> <span class='ocrx_word' id='word_1_531' title='bbox 2832 1489 3123 1544; x_wconf 84' lang='lat' dir='ltr'><strong>pauperem</strong></span> <span class='ocrx_word' id='word_1_532' title='bbox 3151 1482 3204 1529; x_wconf 91' lang='lat' dir='ltr'><strong>et</strong></span> <span class='ocrx_word' id='word_1_533' title='bbox 3247 1475 3486 1544; x_wconf 79' lang='lat' dir='ltr'><strong>inopem,</strong></span> 
     </span>
    </p>
   </div>
   <div class='ocr_carea' id='block_1_74' title="bbox 1920 1561 3490 1634">
    <p class='ocr_par' dir='ltr' id='par_1_74' title="bbox 1920 1561 3490 1634">
     <span class='ocr_line' id='line_1_74' title="bbox 1920 1561 3490 1634; baseline 0.004 -24"><span class='ocrx_word' id='word_1_534' title='bbox 1920 1563 1975 1610; x_wconf 92' lang='lat' dir='ltr'><strong>et</strong></span> <span class='ocrx_word' id='word_1_535' title='bbox 2007 1563 2066 1610; x_wconf 87' lang='lat' dir='ltr'><strong>ut</strong></span> <span class='ocrx_word' id='word_1_536' title='bbox 2101 1561 2440 1616; x_wconf 87' lang='lat' dir='ltr'><strong>trucidarent</strong></span> <span class='ocrx_word' id='word_1_537' title='bbox 2494 1573 2674 1618; x_wconf 86' lang='lat' dir='ltr'><strong>rectos</strong></span> <span class='ocrx_word' id='word_1_538' title='bbox 2724 1563 2916 1626; x_wconf 89' lang='lat' dir='ltr'><strong>corde;</strong></span> <span class='ocrx_word' id='word_1_539' title='bbox 2969 1565 3316 1634; x_wconf 83' lang='lat' dir='ltr'><strong>idipsumque</strong></span> <span class='ocrx_word' id='word_1_540' title='bbox 3348 1579 3490 1634; x_wconf 47' lang='lat' dir='ltr'><strong>prae.</strong></span> 
     </span>
    </p>
   </div>
   <div class='ocr_carea' id='block_1_75' title="bbox 1922 1646 3489 1725">
    <p class='ocr_par' dir='ltr' id='par_1_75' title="bbox 1922 1646 3489 1725">
     <span class='ocr_line' id='line_1_75' title="bbox 1922 1646 3489 1725; baseline 0.009 -28"><span class='ocrx_word' id='word_1_541' title='bbox 1922 1646 2158 1702; x_wconf 87' lang='lat' dir='ltr'><strong>stitisse:</strong></span> <span class='ocrx_word' id='word_1_542' title='bbox 2191 1661 2412 1707; x_wconf 87' lang='lat' dir='ltr'><strong>sanctos</strong></span> <span class='ocrx_word' id='word_1_543' title='bbox 2447 1660 2713 1724; x_wconf 74' lang='lat' dir='ltr'><strong>martyres</strong></span> <span class='ocrx_word' id='word_1_544' title='bbox 2744 1670 2840 1723; x_wconf 85' lang='lat' dir='ltr'><strong>pro</strong></span> <span class='ocrx_word' id='word_1_545' title='bbox 2871 1655 2982 1710; x_wconf 90' lang='lat' dir='ltr'><strong>Deo</strong></span> <span class='ocrx_word' id='word_1_546' title='bbox 3015 1655 3227 1710; x_wconf 82' lang='lat' dir='ltr'><strong>fortiter</strong></span> <span class='ocrx_word' id='word_1_547' title='bbox 3266 1664 3489 1725; x_wconf 85' lang='lat' dir='ltr'><strong>agentes</strong></span> 
     </span>
    </p>
   </div>
   <div class='ocr_carea' id='block_1_76' title="bbox 1921 1734 3485 1814">
    <p class='ocr_par' dir='ltr' id='par_1_76' title="bbox 1921 1734 3485 1814">
     <span class='ocr_line' id='line_1_76' title="bbox 1921 1734 3485 1814; baseline 0.006 -26"><span class='ocrx_word' id='word_1_548' title='bbox 1921 1734 2187 1804; x_wconf 85' lang='lat' dir='ltr'><strong>dejecisse</strong></span> <span class='ocrx_word' id='word_1_549' title='bbox 2247 1749 2300 1794; x_wconf 88' lang='lat' dir='ltr'><strong>et</strong></span> <span class='ocrx_word' id='word_1_550' title='bbox 2353 1742 2637 1811; x_wconf 88' lang='lat' dir='ltr'><strong>multiplici</strong></span> <span class='ocrx_word' id='word_1_551' title='bbox 2693 1745 2885 1800; x_wconf 84' lang='lat' dir='ltr'><strong>mortis</strong></span> <span class='ocrx_word' id='word_1_552' title='bbox 2929 1762 3127 1814; x_wconf 83' lang='lat' dir='ltr'><strong>genere</strong></span> <span class='ocrx_word' id='word_1_553' title='bbox 3177 1747 3485 1800; x_wconf 78' lang='lat' dir='ltr'><strong>sustulisse.</strong></span> 
     </span>
    </p>
   </div>
   <div class='ocr_carea' id='block_1_77' title="bbox 1853 1812 3488 1906">
    <p class='ocr_par' dir='ltr' id='par_1_77' title="bbox 1853 1812 3488 1906">
     <span class='ocr_line' id='line_1_77' title="bbox 1853 1812 3488 1906; baseline 0.008 -29"><span class='ocrx_word' id='word_1_554' title='bbox 1853 1812 1894 1867; x_wconf 82' lang='grc' dir='ltr'>Β</span> <span class='ocrx_word' id='word_1_555' title='bbox 1926 1824 1994 1878; x_wconf 85' lang='lat' dir='ltr'><strong>Ut</strong></span> <span class='ocrx_word' id='word_1_556' title='bbox 2025 1837 2205 1882; x_wconf 88' lang='lat' dir='ltr'><strong>autem</strong></span> <span class='ocrx_word' id='word_1_557' title='bbox 2240 1829 2355 1885; x_wconf 74' lang='lat' dir='ltr'><strong>haec</strong></span> <span class='ocrx_word' id='word_1_558' title='bbox 2404 1831 2663 1900; x_wconf 83' lang='lat' dir='ltr'><strong>vidimus,</strong></span> <span class='ocrx_word' id='word_1_559' title='bbox 2692 1834 2764 1886; x_wconf 87' lang='lat' dir='ltr'><strong>ita</strong></span> <span class='ocrx_word' id='word_1_560' title='bbox 2809 1843 2863 1890; x_wconf 90' lang='lat' dir='ltr'><strong>et</strong></span> <span class='ocrx_word' id='word_1_561' title='bbox 2895 1812 3153 1891; x_wconf 79' lang='lat' dir='ltr'><strong>ultionem</strong></span> <span class='ocrx_word' id='word_1_562' title='bbox 3196 1835 3288 1891; x_wconf 82' lang='lat' dir='ltr'><strong>Dei</strong></span> <span class='ocrx_word' id='word_1_563' title='bbox 3339 1836 3488 1906; x_wconf 90' lang='lat' dir='ltr'><strong>ipsos</strong></span> 
     </span>
    </p>
   </div>
   <div class='ocr_carea' id='block_1_78' title="bbox 1925 1917 3487 1999">
    <p class='ocr_par' dir='ltr' id='par_1_78' title="bbox 1925 1917 3487 1999">
     <span class='ocr_line' id='line_1_78' title="bbox 1925 1917 3487 1999; baseline 0.007 -30"><span class='ocrx_word' id='word_1_564' title='bbox 1925 1917 2270 1975; x_wconf 85' lang='lat' dir='ltr'><strong>invadenlem</strong></span> <span class='ocrx_word' id='word_1_565' title='bbox 2300 1925 2670 1992; x_wconf 73' lang='lat' dir='ltr'><strong>suspeximus,</strong></span> <span class='ocrx_word' id='word_1_566' title='bbox 2706 1942 2825 1996; x_wconf 69' lang='lat' dir='ltr'><strong>qua:</strong></span> <span class='ocrx_word' id='word_1_567' title='bbox 2860 1929 2985 1983; x_wconf 86' lang='lat' dir='ltr'><strong>talis</strong></span> <span class='ocrx_word' id='word_1_568' title='bbox 3024 1929 3211 1999; x_wconf 89' lang='lat' dir='ltr'><strong>utique</strong></span> <span class='ocrx_word' id='word_1_569' title='bbox 3255 1928 3376 1992; x_wconf 77' lang='lat' dir='ltr'><strong>fuit,</strong></span> <span class='ocrx_word' id='word_1_570' title='bbox 3427 1936 3487 1981; x_wconf 89' lang='lat' dir='ltr'><strong>ut</strong></span> 
     </span>
    </p>
   </div>
   <div class='ocr_carea' id='block_1_79' title="bbox 1923 2011 3487 2090">
    <p class='ocr_par' dir='ltr' id='par_1_79' title="bbox 1923 2011 3487 2090">
     <span class='ocr_line' id='line_1_79' title="bbox 1923 2011 3487 2090; baseline 0.006 -27"><span class='ocrx_word' id='word_1_571' title='bbox 1923 2011 2059 2066; x_wconf 89' lang='lat' dir='ltr'><strong>nihil</strong></span> <span class='ocrx_word' id='word_1_572' title='bbox 2085 2013 2421 2069; x_wconf 86' lang='lat' dir='ltr'><strong>aberraverit</strong></span> <span class='ocrx_word' id='word_1_573' title='bbox 2466 2016 2511 2071; x_wconf 92' lang='lat' dir='ltr'><strong>is</strong></span> <span class='ocrx_word' id='word_1_574' title='bbox 2554 2019 2646 2086; x_wconf 91' lang='lat' dir='ltr'><strong>qui</strong></span> <span class='ocrx_word' id='word_1_575' title='bbox 2678 2019 2813 2073; x_wconf 84' lang='lat' dir='ltr'><strong>dixit</strong></span> <span class='ocrx_word' id='word_1_576' title='bbox 2843 2021 3081 2090; x_wconf 81' lang='lat' dir='ltr'><strong>gladium</strong></span> <span class='ocrx_word' id='word_1_577' title='bbox 3129 2037 3317 2076; x_wconf 90' lang='lat' dir='ltr'><strong>eorum</strong></span> <span class='ocrx_word' id='word_1_578' title='bbox 3366 2019 3487 2074; x_wconf 80' lang='lat' dir='ltr'><strong>inii-</strong></span> 
     </span>
    </p>
   </div>
   <div class='ocr_carea' id='block_1_80' title="bbox 1923 2102 3485 2176">
    <p class='ocr_par' dir='ltr' id='par_1_80' title="bbox 1923 2102 3485 2176">
     <span class='ocr_line' id='line_1_80' title="bbox 1923 2102 3485 2176; baseline 0.006 -21"><span class='ocrx_word' id='word_1_579' title='bbox 1923 2115 2049 2156; x_wconf 79' lang='lat' dir='ltr'><strong>xum</strong></span> <span class='ocrx_word' id='word_1_580' title='bbox 2081 2102 2135 2157; x_wconf 93' lang='lat' dir='ltr'><strong>in</strong></span> <span class='ocrx_word' id='word_1_581' title='bbox 2168 2105 2332 2159; x_wconf 82' lang='lat' dir='ltr'><strong>cerda</strong></span> <span class='ocrx_word' id='word_1_582' title='bbox 2370 2104 2635 2176; x_wconf 87' lang='lat' dir='ltr'><strong>ipsorum,</strong></span> <span class='ocrx_word' id='word_1_583' title='bbox 2667 2118 2722 2165; x_wconf 90' lang='lat' dir='ltr'><strong>et</strong></span> <span class='ocrx_word' id='word_1_584' title='bbox 2749 2125 2911 2166; x_wconf 87' lang='lat' dir='ltr'><strong>arcus</strong></span> <span class='ocrx_word' id='word_1_585' title='bbox 2941 2127 3127 2167; x_wconf 89' lang='lat' dir='ltr'><strong>eorum</strong></span> <span class='ocrx_word' id='word_1_586' title='bbox 3173 2111 3485 2168; x_wconf 77' lang='lat' dir='ltr'><strong>contractos</strong></span> 
     </span>
    </p>
   </div>
   <div class='ocr_carea' id='block_1_81' title="bbox 1919 2210 2061 2252">
    <p class='ocr_par' dir='ltr' id='par_1_81' title="bbox 1919 2210 2061 2252">
     <span class='ocr_line' id='line_1_81' title="bbox 1919 2210 2061 2252; baseline 0.007 -2"><span class='ocrx_word' id='word_1_587' title='bbox 1919 2210 2061 2252; x_wconf 71' lang='lat'><strong>8850.</strong></span> 
     </span>
    </p>
   </div>
   <div class='ocr_carea' id='block_1_82' title="bbox 1985 2452 3480 2537">
    <p class='ocr_par' dir='ltr' id='par_1_82' title="bbox 1985 2452 3480 2537">
     <span class='ocr_line' id='line_1_82' title="bbox 1985 2452 3480 2537; baseline 0.011 -28"><span class='ocrx_word' id='word_1_588' title='bbox 1985 2452 2154 2514; x_wconf 68' lang='lat' dir='ltr'><strong>Vens.</strong></span> <span class='ocrx_word' id='word_1_589' title='bbox 2207 2458 2293 2515; x_wconf 75' lang='grc'><strong>16.</strong></span> <span class='ocrx_word' id='word_1_590' title='bbox 2340 2454 2530 2517; x_wconf 76' lang='lat' dir='ltr'><strong>Melius</strong></span> <span class='ocrx_word' id='word_1_591' title='bbox 2576 2473 2655 2518; x_wconf 75' lang='lat' dir='ltr'><strong>est</strong></span> <span class='ocrx_word' id='word_1_592' title='bbox 2705 2459 2965 2521; x_wconf 82' lang='lat' dir='ltr'><strong>modicum</strong></span> <span class='ocrx_word' id='word_1_593' title='bbox 2987 2468 3159 2537; x_wconf 80' lang='lat' dir='ltr'><strong>justo,</strong></span> <span class='ocrx_word' id='word_1_594' title='bbox 3196 2473 3302 2525; x_wconf 83' lang='lat' dir='ltr'><strong>etc.</strong></span> <span class='ocrx_word' id='word_1_595' title='bbox 3357 2470 3480 2526; x_wconf 61' lang='lat' dir='ltr'><strong>&quot;ac</strong></span> 
     </span>
    </p>
   </div>
   <div class='ocr_carea' id='block_1_83' title="bbox 1913 2551 3482 2633">
    <p class='ocr_par' dir='ltr' id='par_1_83' title="bbox 1913 2551 3482 2633">
     <span class='ocr_line' id='line_1_83' title="bbox 1913 2551 3482 2633; baseline 0.011 -31"><span class='ocrx_word' id='word_1_596' title='bbox 1913 2563 2022 2603; x_wconf 90' lang='lat' dir='ltr'><strong>non</strong></span> <span class='ocrx_word' id='word_1_597' title='bbox 2055 2551 2217 2606; x_wconf 89' lang='lat' dir='ltr'><strong>modo</strong></span> <span class='ocrx_word' id='word_1_598' title='bbox 2248 2556 2608 2622; x_wconf 67' lang='lat' dir='ltr'><strong>praenuntiata</strong></span> <span class='ocrx_word' id='word_1_599' title='bbox 2639 2555 2818 2622; x_wconf 79' lang='lat' dir='ltr'><strong>fuere,</strong></span> <span class='ocrx_word' id='word_1_600' title='bbox 2849 2559 2943 2614; x_wconf 87' lang='lat' dir='ltr'><strong>sed</strong></span> <span class='ocrx_word' id='word_1_601' title='bbox 2973 2568 3028 2614; x_wconf 89' lang='lat' dir='ltr'><strong>et</strong></span> <span class='ocrx_word' id='word_1_602' title='bbox 3060 2562 3182 2615; x_wconf 74' lang='lat' dir='ltr'><strong>aliis</strong></span> <span class='ocrx_word' id='word_1_603' title='bbox 3222 2565 3482 2633; x_wconf 84' lang='lat' dir='ltr'><strong>tempori-</strong></span> 
     </span>
    </p>
   </div>
   <div class='ocr_carea' id='block_1_84' title="bbox 1913 2638 3480 2724">
    <p class='ocr_par' dir='ltr' id='par_1_84' title="bbox 1913 2638 3480 2724">
     <span class='ocr_line' id='line_1_84' title="bbox 1913 2638 3480 2724; baseline 0.01 -31"><span class='ocrx_word' id='word_1_604' title='bbox 1913 2638 2017 2695; x_wconf 85' lang='lat' dir='ltr'><strong>bus</strong></span> <span class='ocrx_word' id='word_1_605' title='bbox 2050 2655 2214 2711; x_wconf 89' lang='lat' dir='ltr'><strong>opere</strong></span> <span class='ocrx_word' id='word_1_606' title='bbox 2239 2645 2525 2715; x_wconf 89' lang='lat' dir='ltr'><strong>completa.</strong></span> <span class='ocrx_word' id='word_1_607' title='bbox 2549 2644 2738 2703; x_wconf 79' lang='lat' dir='ltr'><strong>Justus</strong></span> <span class='ocrx_word' id='word_1_608' title='bbox 2760 2649 2977 2717; x_wconf 90' lang='lat' dir='ltr'><strong>quidem</strong></span> <span class='ocrx_word' id='word_1_609' title='bbox 3000 2666 3289 2721; x_wconf 86' lang='lat' dir='ltr'><strong>pauperem</strong></span> <span class='ocrx_word' id='word_1_610' title='bbox 3316 2668 3480 2724; x_wconf 81' lang='lat' dir='ltr'><strong>agens</strong></span> 
     </span>
    </p>
   </div>
   <div class='ocr_carea' id='block_1_85' title="bbox 1913 2731 3479 2805">
    <p class='ocr_par' dir='ltr' id='par_1_85' title="bbox 1913 2731 3479 2805">
     <span class='ocr_line' id='line_1_85' title="bbox 1913 2731 3479 2805; baseline 0.013 -23"><span class='ocrx_word' id='word_1_611' title='bbox 1913 2731 2078 2785; x_wconf 86' lang='lat' dir='ltr'><strong>vitam</strong></span> <span class='ocrx_word' id='word_1_612' title='bbox 2130 2734 2321 2802; x_wconf 89' lang='lat' dir='ltr'><strong>paucis</strong></span> <span class='ocrx_word' id='word_1_613' title='bbox 2369 2744 2659 2794; x_wconf 88' lang='lat' dir='ltr'><strong>contentus</strong></span> <span class='ocrx_word' id='word_1_614' title='bbox 2709 2749 2812 2805; x_wconf 88' lang='lat' dir='ltr'><strong>est,</strong></span> <span class='ocrx_word' id='word_1_615' title='bbox 2868 2741 2934 2794; x_wconf 89' lang='lat' dir='ltr'><strong>ad</strong></span> <span class='ocrx_word' id='word_1_616' title='bbox 2991 2742 3105 2797; x_wconf 68' lang='lat' dir='ltr'><strong>haec</strong></span> <span class='ocrx_word' id='word_1_617' title='bbox 3147 2745 3198 2798; x_wconf 92' lang='lat' dir='ltr'><strong>in</strong></span> <span class='ocrx_word' id='word_1_618' title='bbox 3234 2749 3479 2804; x_wconf 83' lang='lat' dir='ltr'><strong>oratione</strong></span> 
     </span>
    </p>
   </div>
   <div class='ocr_carea' id='block_1_86' title="bbox 1913 2813 3477 2898">
    <p class='ocr_par' dir='ltr' id='par_1_86' title="bbox 1913 2813 3477 2898">
     <span class='ocr_line' id='line_1_86' title="bbox 1913 2813 3477 2898; baseline 0.012 -32"><span class='ocrx_word' id='word_1_619' title='bbox 1913 2813 2236 2883; x_wconf 80' lang='lat' dir='ltr'><strong>proferenda</strong></span> <span class='ocrx_word' id='word_1_620' title='bbox 2273 2818 2575 2883; x_wconf 87' lang='lat' dir='ltr'><strong>institutus,</strong></span> <span class='ocrx_word' id='word_1_621' title='bbox 2610 2821 2810 2876; x_wconf 83' lang='lat' dir='ltr'><strong>Panem</strong></span> <span class='ocrx_word' id='word_1_622' title='bbox 2845 2836 3082 2880; x_wconf 81' lang='lat' dir='ltr'><strong>nostrum</strong></span> <span class='ocrx_word' id='word_1_623' title='bbox 3113 2830 3477 2898; x_wconf 80' lang='lat' dir='ltr'><strong>quotidianum</strong></span> 
     </span>
    </p>
   </div>
   <div class='ocr_carea' id='block_1_87' title="bbox 1911 2902 3473 2986">
    <p class='ocr_par' dir='ltr' id='par_1_87' title="bbox 1911 2902 3473 2986">
     <span class='ocr_line' id='line_1_87' title="bbox 1911 2902 3473 2986; baseline 0.014 -30"><span class='ocrx_word' id='word_1_624' title='bbox 1911 2902 1982 2958; x_wconf 86' lang='lat' dir='ltr'><strong>da</strong></span> <span class='ocrx_word' id='word_1_625' title='bbox 2011 2905 2161 2960; x_wconf 76' lang='lat' dir='ltr'><strong>nobis</strong></span> <span class='ocrx_word' id='word_1_626' title='bbox 2190 2907 2345 2964; x_wconf 77' lang='lat' dir='ltr'><strong>hodie</strong></span> <span class='ocrx_word' id='word_1_627' title='bbox 2370 2911 2439 2963; x_wconf 78' lang='grc' dir='ltr'><strong>⁷ο.</strong></span> <span class='ocrx_word' id='word_1_628' title='bbox 2482 2909 2748 2966; x_wconf 90' lang='lat' dir='ltr'><strong>Peccator</strong></span> <span class='ocrx_word' id='word_1_629' title='bbox 2784 2924 2961 2969; x_wconf 89' lang='lat' dir='ltr'><strong>autem</strong></span> <span class='ocrx_word' id='word_1_630' title='bbox 2993 2916 3198 2972; x_wconf 79' lang='lat' dir='ltr'><strong>divitiis</strong></span> <span class='ocrx_word' id='word_1_631' title='bbox 3229 2917 3473 2986; x_wconf 68' lang='lat' dir='ltr'><strong>afﬂuens.</strong></span> 
     </span>
    </p>
   </div>
   <div class='ocr_carea' id='block_1_88' title="bbox 1911 2997 3477 3081">
    <p class='ocr_par' dir='ltr' id='par_1_88' title="bbox 1911 2997 3477 3081">
     <span class='ocr_line' id='line_1_88' title="bbox 1911 2997 3477 3081; baseline 0.012 -32"><span class='ocrx_word' id='word_1_632' title='bbox 1911 3007 1972 3049; x_wconf 88' lang='lat' dir='ltr'><strong>se</strong></span> <span class='ocrx_word' id='word_1_633' title='bbox 2001 2997 2143 3051; x_wconf 91' lang='lat' dir='ltr'><strong>bono</strong></span> <span class='ocrx_word' id='word_1_634' title='bbox 2173 2997 2278 3052; x_wconf 79' lang='lat' dir='ltr'><strong>frui</strong></span> <span class='ocrx_word' id='word_1_635' title='bbox 2309 3001 2628 3056; x_wconf 84' lang='lat' dir='ltr'><strong>arbitratur.</strong></span> <span class='ocrx_word' id='word_1_636' title='bbox 2663 3003 2729 3057; x_wconf 85' lang='lat' dir='ltr'><strong>At</strong></span> <span class='ocrx_word' id='word_1_637' title='bbox 2757 3005 2923 3074; x_wconf 85' lang='lat' dir='ltr'><strong>probe</strong></span> <span class='ocrx_word' id='word_1_638' title='bbox 2953 3009 3098 3073; x_wconf 86' lang='lat' dir='ltr'><strong>novi,</strong></span> <span class='ocrx_word' id='word_1_639' title='bbox 3155 3011 3352 3081; x_wconf 85' lang='lat' dir='ltr'><strong>inquit,</strong></span> <span class='ocrx_word' id='word_1_640' title='bbox 3398 3015 3477 3067; x_wconf 77' lang='lat' dir='ltr'><strong>iii—</strong></span> 
     </span>
    </p>
   </div>
   <div class='ocr_carea' id='block_1_89' title="bbox 1909 3092 3476 3172">
    <p class='ocr_par' dir='ltr' id='par_1_89' title="bbox 1909 3092 3476 3172">
     <span class='ocr_line' id='line_1_89' title="bbox 1909 3092 3476 3172; baseline 0.013 -34"><span class='ocrx_word' id='word_1_641' title='bbox 1909 3099 2016 3154; x_wconf 87' lang='lat' dir='ltr'><strong>que</strong></span> <span class='ocrx_word' id='word_1_642' title='bbox 2063 3095 2290 3145; x_wconf 76' lang='lat' dir='ltr'><strong>caeteros</strong></span> <span class='ocrx_word' id='word_1_643' title='bbox 2337 3092 2527 3156; x_wconf 88' lang='lat' dir='ltr'><strong>doceo,</strong></span> <span class='ocrx_word' id='word_1_644' title='bbox 2567 3095 2737 3149; x_wconf 91' lang='lat' dir='ltr'><strong>multo</strong></span> <span class='ocrx_word' id='word_1_645' title='bbox 2778 3099 3206 3165; x_wconf 71' lang='lat' dir='ltr'><strong>praestantiorem</strong></span> <span class='ocrx_word' id='word_1_646' title='bbox 3245 3104 3476 3172; x_wconf 87' lang='lat' dir='ltr'><strong>justum.</strong></span> 
     </span>
    </p>
   </div>
   <div class='ocr_carea' id='block_1_90' title="bbox 1908 3181 3475 3266">
    <p class='ocr_par' dir='ltr' id='par_1_90' title="bbox 1908 3181 3475 3266">
     <span class='ocr_line' id='line_1_90' title="bbox 1908 3181 3475 3266; baseline 0.011 -32"><span class='ocrx_word' id='word_1_647' title='bbox 1908 3181 1998 3250; x_wconf 89' lang='lat' dir='ltr'><strong>qui</strong></span> <span class='ocrx_word' id='word_1_648' title='bbox 2032 3183 2411 3251; x_wconf 88' lang='lat' dir='ltr'><strong>quotidianum</strong></span> <span class='ocrx_word' id='word_1_649' title='bbox 2445 3202 2474 3241; x_wconf 86' lang='lat' dir='ltr'><strong>a</strong></span> <span class='ocrx_word' id='word_1_650' title='bbox 2517 3187 2626 3243; x_wconf 89' lang='lat' dir='ltr'><strong>Deo</strong></span> <span class='ocrx_word' id='word_1_651' title='bbox 2657 3202 2849 3260; x_wconf 89' lang='lat' dir='ltr'><strong>panem</strong></span> <span class='ocrx_word' id='word_1_652' title='bbox 2881 3195 3096 3265; x_wconf 83' lang='lat' dir='ltr'><strong>accipit,</strong></span> <span class='ocrx_word' id='word_1_653' title='bbox 3126 3207 3475 3266; x_wconf 74' lang='lat' dir='ltr'><strong>peccatorum</strong></span> 
     </span>
    </p>
   </div>
   <div class='ocr_carea' id='block_1_91' title="bbox 1908 3272 3474 3355">
    <p class='ocr_par' dir='ltr' id='par_1_91' title="bbox 1908 3272 3474 3355">
     <span class='ocr_line' id='line_1_91' title="bbox 1908 3272 3474 3355; baseline 0.013 -30"><span class='ocrx_word' id='word_1_654' title='bbox 1908 3272 2116 3329; x_wconf 80' lang='lat' dir='ltr'><strong>divitiis</strong></span> <span class='ocrx_word' id='word_1_655' title='bbox 2143 3290 2287 3330; x_wconf 90' lang='lat' dir='ltr'><strong>esse.</strong></span> <span class='ocrx_word' id='word_1_656' title='bbox 2320 3276 2476 3344; x_wconf 82' lang='lat' dir='ltr'><strong>Quod</strong></span> <span class='ocrx_word' id='word_1_657' title='bbox 2510 3279 2555 3335; x_wconf 92' lang='lat' dir='ltr'><strong>si</strong></span> <span class='ocrx_word' id='word_1_658' title='bbox 2607 3295 2827 3338; x_wconf 80' lang='lat' dir='ltr'><strong>causam</strong></span> <span class='ocrx_word' id='word_1_659' title='bbox 2858 3288 3216 3355; x_wconf 83' lang='lat' dir='ltr'><strong>perconteris,</strong></span> <span class='ocrx_word' id='word_1_660' title='bbox 3262 3289 3474 3346; x_wconf 77' lang='lat' dir='ltr'><strong>ediscat:</strong></span> 
     </span>
    </p>
   </div>
   <div class='ocr_carea' id='block_1_92' title="bbox 1908 3363 3472 3444">
    <p class='ocr_par' dir='ltr' id='par_1_92' title="bbox 1908 3363 3472 3444">
     <span class='ocr_line' id='line_1_92' title="bbox 1908 3363 3472 3444; baseline 0.012 -27"><span class='ocrx_word' id='word_1_661' title='bbox 1908 3363 2058 3429; x_wconf 88' lang='lat' dir='ltr'><strong>licet,</strong></span> <span class='ocrx_word' id='word_1_662' title='bbox 2091 3365 2215 3435; x_wconf 84' lang='lat' dir='ltr'><strong>quia</strong></span> <span class='ocrx_word' id='word_1_663' title='bbox 2254 3369 2342 3424; x_wconf 89' lang='lat' dir='ltr'><strong>ille</strong></span> <span class='ocrx_word' id='word_1_664' title='bbox 2374 3372 2596 3439; x_wconf 82' lang='lat' dir='ltr'><strong>quidem</strong></span> <span class='ocrx_word' id='word_1_665' title='bbox 2628 3378 2816 3444; x_wconf 84' lang='lat' dir='ltr'><strong>paucis</strong></span> <span class='ocrx_word' id='word_1_666' title='bbox 2842 3384 3153 3441; x_wconf 77' lang='lat' dir='ltr'><strong>contentus,</strong></span> <span class='ocrx_word' id='word_1_667' title='bbox 3187 3377 3472 3436; x_wconf 86' lang='lat' dir='ltr'><strong>Dominum</strong></span> 
     </span>
    </p>
   </div>
   <div class='ocr_carea' id='block_1_93' title="bbox 1907 3455 3474 3544">
    <p class='ocr_par' dir='ltr' id='par_1_93' title="bbox 1907 3455 3474 3544">
     <span class='ocr_line' id='line_1_93' title="bbox 1907 3455 3474 3544; baseline 0.012 -34"><span class='ocrx_word' id='word_1_668' title='bbox 1907 3455 2071 3512; x_wconf 85' lang='lat' dir='ltr'><strong>habet</strong></span> <span class='ocrx_word' id='word_1_669' title='bbox 2113 3459 2205 3529; x_wconf 93' lang='lat' dir='ltr'><strong>qui</strong></span> <span class='ocrx_word' id='word_1_670' title='bbox 2240 3461 2477 3517; x_wconf 86' lang='lat' dir='ltr'><strong>animam</strong></span> <span class='ocrx_word' id='word_1_671' title='bbox 2527 3474 2581 3518; x_wconf 88' lang='lat' dir='ltr'><strong>et</strong></span> <span class='ocrx_word' id='word_1_672' title='bbox 2611 3465 2776 3520; x_wconf 84' lang='lat' dir='ltr'><strong>vitam</strong></span> <span class='ocrx_word' id='word_1_673' title='bbox 2825 3469 2944 3535; x_wconf 81' lang='lat' dir='ltr'><strong>ejus</strong></span> <span class='ocrx_word' id='word_1_674' title='bbox 2997 3470 3204 3531; x_wconf 81' lang='lat' dir='ltr'><strong>fulciat,</strong></span> <span class='ocrx_word' id='word_1_675' title='bbox 3261 3473 3474 3544; x_wconf 87' lang='lat' dir='ltr'><strong>ipsique</strong></span> 
     </span>
    </p>
   </div>
   <div class='ocr_carea' id='block_1_94' title="bbox 1907 3548 3472 3632">
    <p class='ocr_par' dir='ltr' id='par_1_94' title="bbox 1907 3548 3472 3632">
     <span class='ocr_line' id='line_1_94' title="bbox 1907 3548 3472 3632; baseline 0.012 -32"><span class='ocrx_word' id='word_1_676' title='bbox 1907 3548 2197 3619; x_wconf 86' lang='lat' dir='ltr'><strong>plusquam</strong></span> <span class='ocrx_word' id='word_1_677' title='bbox 2247 3566 2438 3608; x_wconf 89' lang='lat' dir='ltr'><strong>omnes</strong></span> <span class='ocrx_word' id='word_1_678' title='bbox 2477 3555 2681 3611; x_wconf 67' lang='lat' dir='ltr'><strong>divitiae</strong></span> <span class='ocrx_word' id='word_1_679' title='bbox 2714 3558 2945 3614; x_wconf 79' lang='lat' dir='ltr'><strong>sumciat</strong></span> <span class='ocrx_word' id='word_1_680' title='bbox 2974 3579 2986 3615; x_wconf 90' lang='lat'><strong>:</strong></span> <span class='ocrx_word' id='word_1_681' title='bbox 3041 3572 3094 3615; x_wconf 90' lang='lat' dir='ltr'><strong>at</strong></span> <span class='ocrx_word' id='word_1_682' title='bbox 3127 3573 3472 3632; x_wconf 84' lang='lat' dir='ltr'><strong>peccatorum</strong></span> 
     </span>
    </p>
   </div>
   <div class='ocr_carea' id='block_1_95' title="bbox 1906 3638 3472 3722">
    <p class='ocr_par' dir='ltr' id='par_1_95' title="bbox 1906 3638 3472 3722">
     <span class='ocr_line' id='line_1_95' title="bbox 1906 3638 3472 3722; baseline 0.011 -30"><span class='ocrx_word' id='word_1_683' title='bbox 1906 3638 2132 3696; x_wconf 84' lang='lat' dir='ltr'><strong>brachia</strong></span> <span class='ocrx_word' id='word_1_684' title='bbox 2163 3658 2271 3697; x_wconf 91' lang='lat' dir='ltr'><strong>non</strong></span> <span class='ocrx_word' id='word_1_685' title='bbox 2302 3646 2526 3700; x_wconf 87' lang='lat' dir='ltr'><strong>robusta</strong></span> <span class='ocrx_word' id='word_1_686' title='bbox 2573 3659 2814 3716; x_wconf 89' lang='lat' dir='ltr'><strong>manent,</strong></span> <span class='ocrx_word' id='word_1_687' title='bbox 2847 3668 3024 3722; x_wconf 86' lang='lat' dir='ltr'><strong>neque</strong></span> <span class='ocrx_word' id='word_1_688' title='bbox 3057 3654 3258 3709; x_wconf 64' lang='lat' dir='ltr'><strong>divitiae</strong></span> <span class='ocrx_word' id='word_1_689' title='bbox 3285 3672 3472 3711; x_wconf 88' lang='lat' dir='ltr'><strong>eorum</strong></span> 
     </span>
    </p>
   </div>
   <div class='ocr_carea' id='block_1_96' title="bbox 1909 3730 3470 3816">
    <p class='ocr_par' dir='ltr' id='par_1_96' title="bbox 1909 3730 3470 3816">
     <span class='ocr_line' id='line_1_96' title="bbox 1909 3730 3470 3816; baseline 0.011 -33"><span class='ocrx_word' id='word_1_690' title='bbox 1909 3730 2078 3786; x_wconf 66' lang='lat' dir='ltr'><strong>ﬁrmae</strong></span> <span class='ocrx_word' id='word_1_691' title='bbox 2127 3741 2294 3799; x_wconf 87' lang='lat' dir='ltr'><strong>sunt;</strong></span> <span class='ocrx_word' id='word_1_692' title='bbox 2354 3751 2522 3805; x_wconf 89' lang='lat' dir='ltr'><strong>prope</strong></span> <span class='ocrx_word' id='word_1_693' title='bbox 2551 3737 2691 3792; x_wconf 91' lang='lat' dir='ltr'><strong>diem</strong></span> <span class='ocrx_word' id='word_1_694' title='bbox 2719 3741 2861 3795; x_wconf 90' lang='lat' dir='ltr'><strong>enim</strong></span> <span class='ocrx_word' id='word_1_695' title='bbox 2917 3751 3268 3798; x_wconf 85' lang='lat' dir='ltr'><strong>conterentur</strong></span> <span class='ocrx_word' id='word_1_696' title='bbox 3315 3748 3470 3816; x_wconf 87' lang='lat' dir='ltr'><strong>quasi</strong></span> 
     </span>
    </p>
   </div>
   <div class='ocr_carea' id='block_1_97' title="bbox 1907 3819 3284 3898">
    <p class='ocr_par' dir='ltr' id='par_1_97' title="bbox 1907 3819 3284 3898">
     <span class='ocr_line' id='line_1_97' title="bbox 1907 3819 3284 3898; baseline 0.012 -26"><span class='ocrx_word' id='word_1_697' title='bbox 1907 3819 2055 3874; x_wconf 85' lang='lat' dir='ltr'><strong>olera</strong></span> <span class='ocrx_word' id='word_1_698' title='bbox 2087 3821 2400 3889; x_wconf 86' lang='lat' dir='ltr'><strong>herbarum,</strong></span> <span class='ocrx_word' id='word_1_699' title='bbox 2435 3835 2488 3879; x_wconf 90' lang='lat' dir='ltr'><strong>et</strong></span> <span class='ocrx_word' id='word_1_700' title='bbox 2513 3834 2770 3898; x_wconf 84' lang='lat' dir='ltr'><strong>tanquam</strong></span> <span class='ocrx_word' id='word_1_701' title='bbox 2802 3829 2984 3885; x_wconf 80' lang='lat' dir='ltr'><strong>fenum</strong></span> <span class='ocrx_word' id='word_1_702' title='bbox 3013 3841 3284 3889; x_wconf 85' lang='lat' dir='ltr'><strong>arescent.</strong></span> 
     </span>
    </p>
   </div>
   <div class='ocr_carea' id='block_1_98' title="bbox 1977 3993 3469 4066">
    <p class='ocr_par' dir='ltr' id='par_1_98' title="bbox 1977 3993 3469 4066">
     <span class='ocr_line' id='line_1_98' title="bbox 1977 3993 3469 4066; baseline 0.012 -18"><span class='ocrx_word' id='word_1_703' title='bbox 1977 3993 2144 4055; x_wconf 75' lang='lat' dir='ltr'><strong>Vens.</strong></span> <span class='ocrx_word' id='word_1_704' title='bbox 2191 4000 2256 4053; x_wconf 77' lang='grc'><strong>18</strong></span> <span class='ocrx_word' id='word_1_705' title='bbox 2285 4029 2311 4040; x_wconf 87' lang='grc'><strong><em>-</em></strong></span> <span class='ocrx_word' id='word_1_706' title='bbox 2341 3999 2429 4055; x_wconf 68' lang='lat'><strong>20.</strong></span> <span class='ocrx_word' id='word_1_707' title='bbox 2483 3999 2643 4056; x_wconf 74' lang='lat' dir='ltr'><strong>Novit</strong></span> <span class='ocrx_word' id='word_1_708' title='bbox 2698 4003 2952 4060; x_wconf 80' lang='lat' dir='ltr'><strong>Dominus</strong></span> <span class='ocrx_word' id='word_1_709' title='bbox 3003 4008 3114 4061; x_wconf 78' lang='lat' dir='ltr'><strong>vias</strong></span> <span class='ocrx_word' id='word_1_710' title='bbox 3165 4008 3469 4066; x_wconf 75' lang='lat' dir='ltr'><strong>immacula-</strong></span> 
     </span>
    </p>
   </div>
   <div class='ocr_carea' id='block_1_99' title="bbox 1906 4091 3473 4154">
    <p class='ocr_par' dir='ltr' id='par_1_99' title="bbox 1906 4091 3473 4154">
     <span class='ocr_line' id='line_1_99' title="bbox 1906 4091 3473 4154; baseline 0.008 -12"><span class='ocrx_word' id='word_1_711' title='bbox 1906 4099 2100 4154; x_wconf 82' lang='lat' dir='ltr'><strong>torum,</strong></span> <span class='ocrx_word' id='word_1_712' title='bbox 2139 4101 2187 4145; x_wconf 85' lang='lat' dir='ltr'><strong>et</strong></span> <span class='ocrx_word' id='word_1_713' title='bbox 2235 4091 2516 4148; x_wconf 61' lang='lat' dir='ltr'><strong>hereditas</strong></span> <span class='ocrx_word' id='word_1_714' title='bbox 2561 4110 2740 4147; x_wconf 85' lang='lat' dir='ltr'><strong>eorum</strong></span> <span class='ocrx_word' id='word_1_715' title='bbox 2789 4095 2843 4148; x_wconf 81' lang='lat' dir='ltr'><strong>in</strong></span> <span class='ocrx_word' id='word_1_716' title='bbox 2893 4105 3145 4150; x_wconf 74' lang='lat' dir='ltr'><strong>(eternum</strong></span> <span class='ocrx_word' id='word_1_717' title='bbox 3195 4099 3315 4152; x_wconf 81' lang='lat' dir='ltr'><strong>erit.</strong></span> <span class='ocrx_word' id='word_1_718' title='bbox 3349 4099 3473 4154; x_wconf 78' lang='lat' dir='ltr'><strong>Non</strong></span> 
     </span>
    </p>
   </div>
   <div class='ocr_carea' id='block_1_100' title="bbox 1905 4181 3472 4260">
    <p class='ocr_par' dir='ltr' id='par_1_100' title="bbox 1905 4181 3472 4260">
     <span class='ocr_line' id='line_1_100' title="bbox 1905 4181 3472 4260; baseline 0.006 -25"><span class='ocrx_word' id='word_1_719' title='bbox 1905 4181 2292 4252; x_wconf 75' lang='lat' dir='ltr'><strong>confundantur</strong></span> <span class='ocrx_word' id='word_1_720' title='bbox 2332 4185 2384 4237; x_wconf 79' lang='lat' dir='ltr'><strong>in</strong></span> <span class='ocrx_word' id='word_1_721' title='bbox 2420 4195 2644 4252; x_wconf 82' lang='lat' dir='ltr'><strong>tempore</strong></span> <span class='ocrx_word' id='word_1_722' title='bbox 2673 4187 2835 4251; x_wconf 87' lang='lat' dir='ltr'><strong>malo,</strong></span> <span class='ocrx_word' id='word_1_723' title='bbox 2889 4197 2936 4241; x_wconf 84' lang='lat' dir='ltr'><strong>et</strong></span> <span class='ocrx_word' id='word_1_724' title='bbox 2983 4189 3038 4242; x_wconf 80' lang='lat' dir='ltr'><strong>in</strong></span> <span class='ocrx_word' id='word_1_725' title='bbox 3085 4189 3265 4243; x_wconf 78' lang='lat' dir='ltr'><strong>diebus</strong></span> <span class='ocrx_word' id='word_1_726' title='bbox 3311 4191 3472 4260; x_wconf 78' lang='lat' dir='ltr'><strong>famis</strong></span> 
     </span>
    </p>
   </div>
   <div class='ocr_carea' id='block_1_101' title="bbox 1904 4276 3470 4347">
    <p class='ocr_par' dir='ltr' id='par_1_101' title="bbox 1904 4276 3470 4347">
     <span class='ocr_line' id='line_1_101' title="bbox 1904 4276 3470 4347; baseline 0.004 -19"><span class='ocrx_word' id='word_1_727' title='bbox 1904 4276 2309 4341; x_wconf 75' lang='lat' dir='ltr'><strong>saturabumur,</strong></span> <span class='ocrx_word' id='word_1_728' title='bbox 2339 4277 2462 4346; x_wconf 83' lang='lat' dir='ltr'><strong>quia</strong></span> <span class='ocrx_word' id='word_1_729' title='bbox 2492 4286 2789 4344; x_wconf 83' lang='lat' dir='ltr'><strong>peccatores</strong></span> <span class='ocrx_word' id='word_1_730' title='bbox 2816 4277 3077 4347; x_wconf 75' lang='lat' dir='ltr'><strong>peribunt.</strong></span> <span class='ocrx_word' id='word_1_731' title='bbox 3109 4279 3247 4346; x_wconf 79' lang='lat' dir='ltr'><strong>Quia</strong></span> <span class='ocrx_word' id='word_1_732' title='bbox 3281 4296 3470 4336; x_wconf 88' lang='lat' dir='ltr'><strong>eorum</strong></span> 
     </span>
    </p>
   </div>
   <div class='ocr_carea' id='block_1_102' title="bbox 1903 4366 3472 4441">
    <p class='ocr_par' dir='ltr' id='par_1_102' title="bbox 1903 4366 3472 4441">
     <span class='ocr_line' id='line_1_102' title="bbox 1903 4366 3472 4441; baseline 0.006 -21"><span class='ocrx_word' id='word_1_733' title='bbox 1903 4367 1996 4436; x_wconf 88' lang='lat' dir='ltr'><strong>qui</strong></span> <span class='ocrx_word' id='word_1_734' title='bbox 2029 4366 2084 4420; x_wconf 92' lang='lat' dir='ltr'><strong>in</strong></span> <span class='ocrx_word' id='word_1_735' title='bbox 2120 4367 2311 4422; x_wconf 79' lang='lat' dir='ltr'><strong>dextro</strong></span> <span class='ocrx_word' id='word_1_736' title='bbox 2363 4369 2556 4422; x_wconf 88' lang='lat' dir='ltr'><strong>ordine</strong></span> <span class='ocrx_word' id='word_1_737' title='bbox 2600 4377 2748 4436; x_wconf 90' lang='lat' dir='ltr'><strong>sunt,</strong></span> <span class='ocrx_word' id='word_1_738' title='bbox 2780 4371 2832 4425; x_wconf 91' lang='lat' dir='ltr'><strong>id</strong></span> <span class='ocrx_word' id='word_1_739' title='bbox 2884 4380 2968 4427; x_wconf 84' lang='lat' dir='ltr'><strong>est</strong></span> <span class='ocrx_word' id='word_1_740' title='bbox 3012 4372 3306 4441; x_wconf 87' lang='lat' dir='ltr'><strong>justorum,</strong></span> <span class='ocrx_word' id='word_1_741' title='bbox 3361 4387 3472 4429; x_wconf 86' lang='lat' dir='ltr'><strong>non</strong></span> 
     </span>
    </p>
   </div>
   <div class='ocr_carea' id='block_1_103' title="bbox 1905 4457 3468 4536">
    <p class='ocr_par' dir='ltr' id='par_1_103' title="bbox 1905 4457 3468 4536">
     <span class='ocr_line' id='line_1_103' title="bbox 1905 4457 3468 4536; baseline 0.004 -25"><span class='ocrx_word' id='word_1_742' title='bbox 1905 4459 2067 4513; x_wconf 90' lang='lat' dir='ltr'><strong>modo</strong></span> <span class='ocrx_word' id='word_1_743' title='bbox 2114 4460 2280 4512; x_wconf 86' lang='lat' dir='ltr'><strong>vitam</strong></span> <span class='ocrx_word' id='word_1_744' title='bbox 2318 4457 2472 4514; x_wconf 78' lang='lat' dir='ltr'><strong>fulcit</strong></span> <span class='ocrx_word' id='word_1_745' title='bbox 2512 4458 2814 4529; x_wconf 85' lang='lat' dir='ltr'><strong>Dominus;</strong></span> <span class='ocrx_word' id='word_1_746' title='bbox 2866 4464 2958 4518; x_wconf 87' lang='lat' dir='ltr'><strong>sed</strong></span> <span class='ocrx_word' id='word_1_747' title='bbox 2993 4465 3156 4517; x_wconf 88' lang='lat' dir='ltr'><strong>etiam</strong></span> <span class='ocrx_word' id='word_1_748' title='bbox 3191 4465 3330 4528; x_wconf 89' lang='lat' dir='ltr'><strong>dies,</strong></span> <span class='ocrx_word' id='word_1_749' title='bbox 3375 4467 3468 4536; x_wconf 86' lang='lat' dir='ltr'><strong>qui</strong></span> 
     </span>
    </p>
   </div>
   <div class='ocr_carea' id='block_1_104' title="bbox 1905 4549 3468 4622">
    <p class='ocr_par' dir='ltr' id='par_1_104' title="bbox 1905 4549 3468 4622">
     <span class='ocr_line' id='line_1_104' title="bbox 1905 4549 3468 4622; baseline 0.004 -20"><span class='ocrx_word' id='word_1_750' title='bbox 1905 4549 2054 4620; x_wconf 85' lang='lat' dir='ltr'><strong>ipsus</strong></span> <span class='ocrx_word' id='word_1_751' title='bbox 2089 4551 2142 4604; x_wconf 91' lang='lat' dir='ltr'><strong>in</strong></span> <span class='ocrx_word' id='word_1_752' title='bbox 2179 4550 2362 4604; x_wconf 81' lang='lat' dir='ltr'><strong>futuro</strong></span> <span class='ocrx_word' id='word_1_753' title='bbox 2393 4552 2594 4606; x_wconf 63' lang='lat' dir='ltr'><strong>saeculo</strong></span> <span class='ocrx_word' id='word_1_754' title='bbox 2634 4561 2974 4622; x_wconf 73' lang='lat' dir='ltr'><strong>exspectant,</strong></span> <span class='ocrx_word' id='word_1_755' title='bbox 3006 4566 3260 4609; x_wconf 86' lang='lat' dir='ltr'><strong>accurate</strong></span> <span class='ocrx_word' id='word_1_756' title='bbox 3293 4559 3468 4618; x_wconf 88' lang='lat' dir='ltr'><strong>novit,</strong></span> 
     </span>
    </p>
   </div>
   <div class='ocr_carea' id='block_1_105' title="bbox 1903 4643 3471 4716">
    <p class='ocr_par' dir='ltr' id='par_1_105' title="bbox 1903 4643 3471 4716">
     <span class='ocr_line' id='line_1_105' title="bbox 1903 4643 3471 4716; baseline 0.004 -20"><span class='ocrx_word' id='word_1_757' title='bbox 1903 4651 2067 4712; x_wconf 89' lang='lat' dir='ltr'><strong>atque</strong></span> <span class='ocrx_word' id='word_1_758' title='bbox 2118 4651 2363 4711; x_wconf 86' lang='lat' dir='ltr'><strong>paratam</strong></span> <span class='ocrx_word' id='word_1_759' title='bbox 2399 4644 2508 4698; x_wconf 81' lang='lat' dir='ltr'><strong>illis</strong></span> <span class='ocrx_word' id='word_1_760' title='bbox 2538 4643 2930 4706; x_wconf 70' lang='lat' dir='ltr'><strong>lizereditatem.</strong></span> <span class='ocrx_word' id='word_1_761' title='bbox 2965 4645 3034 4699; x_wconf 90' lang='lat' dir='ltr'><strong>de</strong></span> <span class='ocrx_word' id='word_1_762' title='bbox 3075 4661 3181 4715; x_wconf 90' lang='lat' dir='ltr'><strong>qua</strong></span> <span class='ocrx_word' id='word_1_763' title='bbox 3217 4647 3471 4716; x_wconf 78' lang='lat' dir='ltr'><strong>superius</strong></span> 
     </span>
    </p>
   </div>
   <div class='ocr_carea' id='block_1_106' title="bbox 1901 4734 3470 4808">
    <p class='ocr_par' dir='ltr' id='par_1_106' title="bbox 1901 4734 3470 4808">
     <span class='ocr_line' id='line_1_106' title="bbox 1901 4734 3470 4808; baseline 0.003 -19"><span class='ocrx_word' id='word_1_764' title='bbox 1901 4735 2107 4789; x_wconf 88' lang='lat' dir='ltr'><strong>dictum</strong></span> <span class='ocrx_word' id='word_1_765' title='bbox 2157 4743 2262 4790; x_wconf 88' lang='lat' dir='ltr'><strong>est.</strong></span> <span class='ocrx_word' id='word_1_766' title='bbox 2317 4734 2497 4800; x_wconf 85' lang='lat' dir='ltr'><strong>Quare</strong></span> <span class='ocrx_word' id='word_1_767' title='bbox 2549 4736 2861 4790; x_wconf 90' lang='lat' dir='ltr'><strong>nocumenti</strong></span> <span class='ocrx_word' id='word_1_768' title='bbox 2912 4737 3048 4790; x_wconf 87' lang='lat' dir='ltr'><strong>nihil</strong></span> <span class='ocrx_word' id='word_1_769' title='bbox 3096 4736 3286 4792; x_wconf 67' lang='lat' dir='ltr'><strong>afferet</strong></span> <span class='ocrx_word' id='word_1_770' title='bbox 3337 4737 3470 4808; x_wconf 87' lang='lat' dir='ltr'><strong>ipsis</strong></span> 
     </span>
    </p>
   </div>
   <div class='ocr_carea' id='block_1_107' title="bbox 1902 4827 3469 4899">
    <p class='ocr_par' dir='ltr' id='par_1_107' title="bbox 1902 4827 3469 4899">
     <span class='ocr_line' id='line_1_107' title="bbox 1902 4827 3469 4899; baseline 0.003 -19"><span class='ocrx_word' id='word_1_771' title='bbox 1902 4827 2194 4896; x_wconf 67' lang='lat' dir='ltr'><strong>praesentis</strong></span> <span class='ocrx_word' id='word_1_772' title='bbox 2225 4827 2350 4881; x_wconf 71' lang='lat' dir='ltr'><strong>vitae</strong></span> <span class='ocrx_word' id='word_1_773' title='bbox 2397 4827 2638 4881; x_wconf 73' lang='lat' dir='ltr'><strong>brevitas</strong></span> <span class='ocrx_word' id='word_1_774' title='bbox 2691 4841 2755 4878; x_wconf 84' lang='lat' dir='ltr'><strong>ac</strong></span> <span class='ocrx_word' id='word_1_775' title='bbox 2798 4827 3052 4891; x_wconf 86' lang='lat' dir='ltr'><strong>tristitia,</strong></span> <span class='ocrx_word' id='word_1_776' title='bbox 3082 4835 3136 4883; x_wconf 88' lang='lat' dir='ltr'><strong>et</strong></span> <span class='ocrx_word' id='word_1_777' title='bbox 3181 4829 3469 4899; x_wconf 78' lang='lat' dir='ltr'><strong>pauperies</strong></span> 
     </span>
    </p>
   </div>
   <div class='ocr_carea' id='block_1_108' title="bbox 1898 4916 3465 4989">
    <p class='ocr_par' dir='ltr' id='par_1_108' title="bbox 1898 4916 3465 4989">
     <span class='ocr_line' id='line_1_108' title="bbox 1898 4916 3465 4989; baseline 0.001 -18"><span class='ocrx_word' id='word_1_778' title='bbox 1898 4917 2193 4988; x_wconf 83' lang='lat' dir='ltr'><strong>inopiaque</strong></span> <span class='ocrx_word' id='word_1_779' title='bbox 2234 4933 2396 4988; x_wconf 86' lang='lat' dir='ltr'><strong>quam</strong></span> <span class='ocrx_word' id='word_1_780' title='bbox 2449 4933 2548 4988; x_wconf 91' lang='lat' dir='ltr'><strong>pro</strong></span> <span class='ocrx_word' id='word_1_781' title='bbox 2594 4916 2823 4971; x_wconf 87' lang='lat' dir='ltr'><strong>Domino</strong></span> <span class='ocrx_word' id='word_1_782' title='bbox 2869 4919 3099 4989; x_wconf 79' lang='lat' dir='ltr'><strong>amplexi</strong></span> <span class='ocrx_word' id='word_1_783' title='bbox 3149 4927 3296 4976; x_wconf 88' lang='lat' dir='ltr'><strong>sunt.</strong></span> <span class='ocrx_word' id='word_1_784' title='bbox 3330 4919 3465 4975; x_wconf 85' lang='lat' dir='ltr'><strong>Nam</strong></span> 
     </span>
    </p>
   </div>
   <div class='ocr_carea' id='block_1_109' title="bbox 1899 5009 3469 5082">
    <p class='ocr_par' dir='ltr' id='par_1_109' title="bbox 1899 5009 3469 5082">
     <span class='ocr_line' id='line_1_109' title="bbox 1899 5009 3469 5082; baseline 0.001 -18"><span class='ocrx_word' id='word_1_785' title='bbox 1899 5024 2089 5064; x_wconf 91' lang='lat' dir='ltr'><strong>eorum</strong></span> <span class='ocrx_word' id='word_1_786' title='bbox 2119 5009 2384 5082; x_wconf 87' lang='lat' dir='ltr'><strong>propositi</strong></span> <span class='ocrx_word' id='word_1_787' title='bbox 2421 5019 2476 5064; x_wconf 89' lang='lat' dir='ltr'><strong>et</strong></span> <span class='ocrx_word' id='word_1_788' title='bbox 2506 5009 2804 5064; x_wconf 85' lang='lat' dir='ltr'><strong>voluntatis</strong></span> <span class='ocrx_word' id='word_1_789' title='bbox 2839 5009 3156 5065; x_wconf 77' lang='lat' dir='ltr'><strong>exercitatio</strong></span> <span class='ocrx_word' id='word_1_790' title='bbox 3198 5009 3299 5066; x_wconf 79' lang='lat' dir='ltr'><strong>fuit</strong></span> <span class='ocrx_word' id='word_1_791' title='bbox 3331 5011 3469 5071; x_wconf 84' lang='lat' dir='ltr'><strong>tole-</strong></span> 
     </span>
    </p>
   </div>
   <div class='ocr_carea' id='block_1_110' title="bbox 1899 5101 3465 5173">
    <p class='ocr_par' dir='ltr' id='par_1_110' title="bbox 1899 5101 3465 5173">
     <span class='ocr_line' id='line_1_110' title="bbox 1899 5101 3465 5173; baseline 0.001 -16"><span class='ocrx_word' id='word_1_792' title='bbox 1899 5101 2098 5165; x_wconf 83' lang='lat' dir='ltr'><strong>rantia,</strong></span> <span class='ocrx_word' id='word_1_793' title='bbox 2135 5117 2243 5173; x_wconf 88' lang='lat' dir='ltr'><strong>qua</strong></span> <span class='ocrx_word' id='word_1_794' title='bbox 2289 5103 2344 5156; x_wconf 90' lang='lat' dir='ltr'><strong>in</strong></span> <span class='ocrx_word' id='word_1_795' title='bbox 2395 5110 2625 5172; x_wconf 85' lang='lat' dir='ltr'><strong>angusta</strong></span> <span class='ocrx_word' id='word_1_796' title='bbox 2681 5109 2942 5173; x_wconf 86' lang='lat' dir='ltr'><strong>arctaque</strong></span> <span class='ocrx_word' id='word_1_797' title='bbox 2989 5102 3073 5157; x_wconf 85' lang='lat' dir='ltr'><strong>via</strong></span> <span class='ocrx_word' id='word_1_798' title='bbox 3127 5102 3465 5169; x_wconf 78' lang='lat' dir='ltr'><strong>incedentes,</strong></span> 
     </span>
    </p>
   </div>
   <div class='ocr_carea' id='block_1_111' title="bbox 1896 5191 3469 5267">
    <p class='ocr_par' dir='ltr' id='par_1_111' title="bbox 1896 5191 3469 5267">
     <span class='ocr_line' id='line_1_111' title="bbox 1896 5191 3469 5267; baseline 0.001 -19"><span class='ocrx_word' id='word_1_799' title='bbox 1896 5193 2167 5264; x_wconf 88' lang='lat' dir='ltr'><strong>promissa</strong></span> <span class='ocrx_word' id='word_1_800' title='bbox 2194 5203 2616 5264; x_wconf 86' lang='lat' dir='ltr'><strong>consequentur.</strong></span> <span class='ocrx_word' id='word_1_801' title='bbox 2643 5191 2750 5249; x_wconf 79' lang='lat' dir='ltr'><strong>Pro</strong></span> <span class='ocrx_word' id='word_1_802' title='bbox 2771 5194 2866 5248; x_wconf 89' lang='lat' dir='ltr'><strong>illo</strong></span> <span class='ocrx_word' id='word_1_803' title='bbox 2897 5204 3098 5260; x_wconf 87' lang='lat' dir='ltr'><strong>autem,</strong></span> <span class='ocrx_word' id='word_1_804' title='bbox 3126 5196 3286 5261; x_wconf 80' lang='lat' dir='ltr'><strong>novit,</strong></span> <span class='ocrx_word' id='word_1_805' title='bbox 3315 5193 3469 5267; x_wconf 76' lang='lat' dir='ltr'><strong>Sym-</strong></span> 
     </span>
    </p>
   </div>
   <div class='ocr_carea' id='block_1_112' title="bbox 1895 5285 3467 5354">
    <p class='ocr_par' dir='ltr' id='par_1_112' title="bbox 1895 5285 3467 5354">
     <span class='ocr_line' id='line_1_112' title="bbox 1895 5285 3467 5354; baseline 0.002 -14"><span class='ocrx_word' id='word_1_806' title='bbox 1895 5286 2145 5348; x_wconf 85' lang='lat' dir='ltr'><strong>machus,</strong></span> <span class='ocrx_word' id='word_1_807' title='bbox 2171 5285 2414 5354; x_wconf 76' lang='lat' dir='ltr'><strong>prwvidit</strong></span> <span class='ocrx_word' id='word_1_808' title='bbox 2437 5286 2695 5340; x_wconf 82' lang='lat' dir='ltr'><strong>Dominus</strong></span> <span class='ocrx_word' id='word_1_809' title='bbox 2725 5285 2836 5340; x_wconf 81' lang='lat' dir='ltr'><strong>dies</strong></span> <span class='ocrx_word' id='word_1_810' title='bbox 2867 5287 3352 5349; x_wconf 80' lang='lat' dir='ltr'><strong>immaculatorum.</strong></span> <span class='ocrx_word' id='word_1_811' title='bbox 3386 5289 3467 5344; x_wconf 85' lang='lat' dir='ltr'><strong>in-</strong></span> 
     </span>
    </p>
   </div>
   <div class='ocr_carea' id='block_1_113' title="bbox 1897 5377 3467 5449">
    <p class='ocr_par' dir='ltr' id='par_1_113' title="bbox 1897 5377 3467 5449">
     <span class='ocr_line' id='line_1_113' title="bbox 1897 5377 3467 5449; baseline 0.001 -18"><span class='ocrx_word' id='word_1_812' title='bbox 1897 5385 2228 5448; x_wconf 90' lang='lat' dir='ltr'><strong>terpretatus</strong></span> <span class='ocrx_word' id='word_1_813' title='bbox 2285 5387 2391 5434; x_wconf 90' lang='lat' dir='ltr'><strong>est.</strong></span> <span class='ocrx_word' id='word_1_814' title='bbox 2451 5377 2722 5448; x_wconf 82' lang='lat' dir='ltr'><strong>Aliudque</strong></span> <span class='ocrx_word' id='word_1_815' title='bbox 2780 5393 3035 5449; x_wconf 86' lang='lat' dir='ltr'><strong>magnum</strong></span> <span class='ocrx_word' id='word_1_816' title='bbox 3083 5379 3284 5434; x_wconf 76' lang='lat' dir='ltr'><strong>bonum</strong></span> <span class='ocrx_word' id='word_1_817' title='bbox 3329 5377 3467 5448; x_wconf 82' lang='lat' dir='ltr'><strong>ipsis</strong></span> 
     </span>
    </p>
   </div>
   <div class='ocr_carea' id='block_1_114' title="bbox 1895 5470 3466 5541">
    <p class='ocr_par' dir='ltr' id='par_1_114' title="bbox 1895 5470 3466 5541">
     <span class='ocr_line' id='line_1_114' title="bbox 1895 5470 3466 5541; baseline -0.002 -16"><span class='ocrx_word' id='word_1_818' title='bbox 1895 5470 2149 5526; x_wconf 83' lang='lat' dir='ltr'><strong>Obveniet</strong></span> <span class='ocrx_word' id='word_1_819' title='bbox 2173 5487 2188 5538; x_wconf 91' lang='lat'><strong>;</strong></span> <span class='ocrx_word' id='word_1_820' title='bbox 2217 5475 2339 5526; x_wconf 80' lang='lat' dir='ltr'><strong>nam</strong></span> <span class='ocrx_word' id='word_1_821' title='bbox 2372 5471 2424 5525; x_wconf 83' lang='lat' dir='ltr'><strong>in</strong></span> <span class='ocrx_word' id='word_1_822' title='bbox 2447 5482 2671 5540; x_wconf 84' lang='lat' dir='ltr'><strong>tempore</strong></span> <span class='ocrx_word' id='word_1_823' title='bbox 2691 5473 2830 5526; x_wconf 87' lang='lat' dir='ltr'><strong>malo</strong></span> <span class='ocrx_word' id='word_1_824' title='bbox 2854 5488 2958 5526; x_wconf 82' lang='lat' dir='ltr'><strong>non</strong></span> <span class='ocrx_word' id='word_1_825' title='bbox 2987 5471 3394 5541; x_wconf 69' lang='lat' dir='ltr'><strong>confundantur,</strong></span> <span class='ocrx_word' id='word_1_826' title='bbox 3415 5481 3466 5523; x_wconf 74' lang='lat' dir='ltr'><strong>rt</strong></span> 
     </span>
    </p>
   </div>
   <div class='ocr_carea' id='block_1_115' title="bbox 1898 5562 3467 5635">
    <p class='ocr_par' dir='ltr' id='par_1_115' title="bbox 1898 5562 3467 5635">
     <span class='ocr_line' id='line_1_115' title="bbox 1898 5562 3467 5635; baseline 0 -17"><span class='ocrx_word' id='word_1_827' title='bbox 1898 5565 1950 5619; x_wconf 83' lang='lat' dir='ltr'><strong>in</strong></span> <span class='ocrx_word' id='word_1_828' title='bbox 1971 5563 2154 5621; x_wconf 79' lang='lat' dir='ltr'><strong>diebus</strong></span> <span class='ocrx_word' id='word_1_829' title='bbox 2183 5562 2344 5635; x_wconf 77' lang='lat' dir='ltr'><strong>famis</strong></span> <span class='ocrx_word' id='word_1_830' title='bbox 2367 5564 2768 5620; x_wconf 80' lang='lat' dir='ltr'><strong>saturabuntur.</strong></span> <span class='ocrx_word' id='word_1_831' title='bbox 2798 5562 2996 5620; x_wconf 79' lang='lat' dir='ltr'><strong>Malum</strong></span> <span class='ocrx_word' id='word_1_832' title='bbox 3027 5571 3264 5632; x_wconf 83' lang='lat' dir='ltr'><strong>tempus,</strong></span> <span class='ocrx_word' id='word_1_833' title='bbox 3297 5563 3349 5617; x_wconf 87' lang='lat' dir='ltr'><strong>id</strong></span> <span class='ocrx_word' id='word_1_834' title='bbox 3382 5575 3467 5618; x_wconf 83' lang='lat' dir='ltr'><strong>est</strong></span> 
     </span>
    </p>
   </div>
   <div class='ocr_carea' id='block_1_116' title="bbox 3106 5841 3171 5920">
    <p class='ocr_par' dir='ltr' id='par_1_116' title="bbox 3106 5841 3171 5920">
     <span class='ocr_line' id='line_1_116' title="bbox 3106 5841 3171 5920; baseline 0.092 -6"><span class='ocrx_word' id='word_1_835' title='bbox 3106 5841 3171 5920; x_wconf 65' lang='lat'><strong>1.1</strong></span> 
     </span>
    </p>
   </div>
  </div>
