4010 6550
533 376 632 426 331

1241 370 1510 427 EUSEBII
1541 366 2018 423 CESARIENSIS
2058 366 2206 422 OPP.
2253 363 2430 419 PARS
2464 362 2552 420 lll.
2593 397 2659 405 -—
2692 362 3095 420 EXEGETICA.

3717 361 3839 416 53!

535 504 755 564 tempus
777 493 872 550 ira:
893 493 1154 550 adversus
1177 492 1393 562 impios,
1420 507 1528 561 quo
1551 489 1629 544 illi
1659 491 1878 561 quidem
1897 489 2102 561 justum

2216 503 2444 541 σοι-ται.
2494 486 2699 558 Καιρὸς
2736 486 2792 540 δὲ
2824 486 3063 558 πονηρός
3111 485 3257 539 ἐστιν
3301 486 3329 540 ὁ
3362 486 3460 555 τῆς
3508 483 3663 538 κατὰ
3709 484 3841 537 τιῖιν

538 586 925 657 Deijudicium
955 585 1345 655 experientur;
1395 585 1486 655 qui
1523 599 1652 639 vero
1692 585 1748 639 in
1797 583 1990 638 dextro
2031 597 2116 637 or-

537 678 664 734 dine
711 687 860 743 sunt,
913 679 1165 749 gloriam,
1221 677 1485 732 honorem
1536 686 1591 732 et
1647 675 2112 746 incorruptionem

537 769 883 835 obtinebunt,
922 777 979 824 ut
1007 769 1098 840 qui
1140 769 1308 823 vitam
1342 775 1598 823 aeternam
1629 768 1966 839 quaasierint.
2001 765 2115 821 lmo

536 877 666 914 vero
693 869 900 917 statuto
933 871 1181 934 tempore
1213 862 1375 933 justi,
1407 861 1595 916 divino
1643 863 1903 917 alimento
1934 860 2111 931 potiti,

535 952 974 1019 saturabuntur;
1011 961 1326 1023 peccatores
1369 959 1551 1007 autem
1584 951 1725 1006 fame
1774 959 1827 1005 et
1873 957 2114 1021 egestate

536 1044 878 1099 rationabilis
909 1045 1018 1099 cibi
1061 1045 1336 1114 peribunt.
1369 1042 1504 1108 Quis
1545 1050 1724 1097 autem
1755 1043 1924 1098 oculis
1976 1058 2112 1097 con-

535 1137 833 1207 templatus
862 1137 1060 1207 impios
1092 1141 1184 1208 qui
1214 1151 1330 1192 aevo
1365 1142 1556 1190 nostro
1587 1151 1652 1189 ex
1685 1134 1915 1199 divitiis,
1943 1133 2112 1204 gloria

531 1237 584 1282 et
617 1230 976 1300 dignitatibus
1011 1232 1065 1284 in
1100 1227 1464 1284 admiratione
1507 1227 1678 1289 fuere,
1716 1227 1770 1281 in
1805 1229 2113 1296 multasque

531 1325 721 1388 gentes
752 1319 1042 1388 imperium
1073 1320 1384 1381 obtinuere,
1414 1327 1640 1386 repente
1661 1317 1730 1370 ab
1759 1316 1861 1370 bac
1891 1316 2113 1370 celsitu-

530 1410 660 1464 dine
714 1410 919 1480 lapsos,
967 1427 1076 1464 non
1123 1409 1356 1464 fateatur
1409 1425 1596 1465 verum
1652 1423 1776 1463 esse
1827 1407 2110 1462 oraculum

532 1504 847 1572 liujnsmodi
883 1525 896 1558 :
931 1503 1144 1558 Inimici
1181 1519 1298 1558 vero
1329 1502 1567 1566 Domini,
1603 1517 1724 1555 mox
1756 1511 1813 1554 ut
1855 1501 2112 1570 honoriﬁ-

529 1596 637 1648 cati
676 1599 889 1664 [uerunt
931 1606 981 1649 et
1024 1595 1273 1660 exaltati,
1323 1595 1622 1664 deﬁcientes
1669 1591 2110 1666 quemadmodum

528 1686 709 1754 {unius
749 1687 1096 1757 defecerunt?
1140 1686 1347 1741 Fumus
1395 1686 1652 1742 exstincti
1703 1685 1846 1756 ignis
1893 1685 2108 1756 signum

526 1788 612 1833 est
637 1799 649 1831 :
681 1794 852 1848 quare
873 1779 928 1835 hi
951 1779 1045 1850 qui
1068 1790 1308 1850 tempore
1330 1795 1431 1834 suo
1455 1779 1713 1834 ardentes
1739 1779 1880 1849 ignis
1907 1777 2103 1842 instar,

2217 578 2430 632 ἀσεϐῶν
2465 579 2656 650 ὀργῆς.
2698 581 2757 631 ὲν
2797 572 2842 646 ᾧ
2885 581 2934 632 οἱ
2981 579 3080 648 μὲν
3126 578 3229 648 τῆς
3271 577 3681 649 δικαιοκρισίας
3722 573 3834 629 τοῦ

2217 668 2353 724 Θεοῦ
2382 671 2864 742 πειρασθήσονται,
2890 671 2938 724 οἱ
2964 670 3022 723 δὲ
3045 669 3138 723 τοῦ
3163 667 3336 735 δεξιοῦ
3371 671 3662 742 τάγματος
3686 670 3834 723 huc»

2217 763 2490 833 λείψονται
2516 763 2673 828 δόξαν
2713 762 2808 815 καὶ
2835 762 2999 834 τιμὴν
3031 763 3127 816 καὶ
3157 763 3481 835 ἀφθαρσίαν,
3510 761 3829 834 ζητοῦντες

2217 853 2361 925 ζωὴν
2411 854 2649 910 αἰώνιον.
2705 857 2778 908 Οὐ
2817 856 2921 928 μὴν
2955 854 3089 909 ἀλλά
3137 857 3231 908 καὶ
3275 856 3415 910 κατὰ
3457 856 3549 909 τὸν
3589 855 3823 909 ἑστῶτα

2219 946 2427 1019 καιρὸν,
2456 948 2503 999 οί
2552 947 2651 1017 μὲν
2683 948 2882 1002 δίκαιοι
2913 949 3012 1019 τῆς
3040 949 3222 1002 ἐνθέου
3254 949 3460 1020 τροφῆς
3499 946 3822 1000 ἀπολαύον-

2215 1055 2304 1102 τες
2335 1039 2836 1112 χορτασθήσονται·
2877 1043 2925 1094 οἱ
2965 1041 3022 1094 δὲ
3053 1040 3364 1114 ἁμαρτωλοὶ
3398 1039 3542 1111 λιμῷ
3577 1039 3682 1093 καὶ
3723 1025 3818 1093 ἐνί-

2213 1130 2330 1201 δείᾳ
2359 1129 2582 1202 λογικῆς
2619 1132 2826 1203 τροφῆς
2872 1131 3218 1186 ἀπολοῦνται.
3255 1133 3350 1196 Τίς
3389 1132 3447 1185 δὲ
3494 1131 3816 1202 ὀφθαλμοῖς

2215 1221 2546 1293 παραλαϐὼν
2577 1225 2702 1287 τοὺς
2733 1222 2856 1276 καθ’
2885 1225 3030 1295 ἡμᾶς
3054 1223 3270 1288 ἀσεϐεῖς
3304 1223 3516 1294 πλούτῳ
3553 1226 3654 1278 καὶ
3680 1225 3818 1298 δόξῃ

2216 1315 2310 1368 καὶ
2341 1313 2614 1385 ἀξιώμασι
2642 1314 3084 1388 θαυμασθέντας,
3122 1317 3370 1389 μεγάλων
3400 1335 3457 1370 τε
3490 1316 3671 1370 ὲθνῶν
3706 1317 3818 1389 ἀρ-

2214 1406 2429 1473 ξαντας.
2461 1408 2674 1480 ἀθρόως
2718 1411 3050 1474 ἐκπεσόντας
3090 1411 3184 1464 τοῦ
3230 1410 3542 1482 ὑψώματος,
3585 1410 3698 1463 οὐκ
3743 1410 3815 1463 ἂν

2212 1501 2598 1572 ὁμολογήσειεν
2643 1503 2818 1575 ἀληθῆ
2856 1504 3146 1574 τυγχάνειν
3181 1503 3241 1556 τὸ
3271 1504 3449 1575 φῆσαν
3482 1503 3707 1571 λόγιονο
3744 1506 3815 1556 Ol

2212 1591 2264 1644 δ’
2306 1593 2505 1661 ἐχθροί
2547 1594 2654 1647 τοῦ
2695 1595 2842 1649 Θεοῦ
2881 1595 3000 1665 ἅμα
3044 1594 3124 1661 τῷ
3168 1593 3539 1663 δοξασθῆναι
3572 1595 3816 1661 αὐτοὺς

2212 1683 2310 1737 καὶ
2331 1683 2658 1753 ἐπαρθῆναι
2684 1687 3036 1752 ἐκλιπόντες
3066 1686 3206 1740 ὡσεί
3236 1686 3465 1751 καπνὸς
3487 1685 3810 1750 ἐξέλιπον.

2214 1778 2434 1841 Καπνὸς
2461 1779 2518 1831 δὲ
2563 1779 2732 1850 πυρὸς
2765 1779 3084 1843 σϐεσθέντος
3113 1782 3335 1850 σημεῖον
3359 1795 3373 1808 ⁸
3416 1779 3496 1831 διὸ
3538 1779 3640 1832 καὶ⁵
3690 1779 3816 1833 τού-

523 1871 726 1928 ιξεὶηόε
744 1874 999 1929 exstincti
1025 1879 1174 1938 sunt,
1201 1872 1452 1928 similiter
1485 1872 1538 1926 in
1570 1873 1876 1942 exemplum
1902 1872 2102 1927 haben-

2211 1887 2335 1934 τους
2361 1871 2536 1946 καιρῷ
2565 1848 2864 1940 φλέξαντας
2895 1873 3065 1942 πυρὸς
3096 1848 3273 1944 δίκην.
3302 1871 3535 1927 κᾶπειτα
3567 1872 3817 1926 ἀποσϐε-

523 1970 636 2018 tur.

600 2055 764 2124 \‘Ens.
799 2057 888 2122 2'1,
913 2057 1003 2112 22.
1047 2057 1330 2112 Mutantur
1373 2067 1632 2125 peccator,
1669 2068 1716 2112 et
1761 2073 1864 2112 non
1892 2057 2052 2112 solvet
2085 2074 2102 2110 :

523 2157 699 2203 rustus
751 2161 928 2204 autem
981 2152 1258 2205 miseretur
1287 2161 1335 2206 et
1391 2153 1601 2206 tribuet.
1659 2149 1753 2204 Ille
1793 2165 1918 2204 cum
1968 2149 2104 2203 nihil

524 2241 855 2309 possideret,
889 2243 1201 2312 multosque
1225 2257 1254 2294 a
1283 2243 1403 2295 viro
1427 2243 1579 2310 justo
1613 2241 1774 2296 utiles
1804 2241 2104 2296 salutares-

522 2347 632 2401 que
659 2346 942 2387 sermones
974 2342 1166 2387 mutuo
1198 2336 1488 2402 acciperet,
1523 2341 1616 2385 aut
1641 2349 1671 2386 a
1695 2331 1804 2387 Deo
1822 2332 2104 2387 beneficiis

521 2433 837 2486 ornaretur,
862 2423 1108 2479 debitum
1130 2441 1238 2480 non
1267 2425 1449 2480 solvit.
1482 2423 1617 2478 Nam
1644 2424 1914 2493 adjutum,
1940 2439 2105 2495 opor-

520 2515 628 2568 tuit
677 2529 843 2584 Opera
891 2529 956 2568 ac
1003 2522 1157 2585 gesta
1196 2515 1441 2584 acceptis
1487 2514 1652 2585 digna
1709 2514 1988 2569 exhibere.
2034 2515 2103 2568 At

521 2607 613 2662 ille
643 2622 754 2661 non
785 2607 968 2671 solvit,
1006 2616 1299 2676 manetque
1321 2605 1551 2675 justitiae
1579 2607 1835 2676 operibus
1873 2621 2098 2662 vacuus.

518 2697 710 2754 Justus
741 2715 872 2754 vero
902 2699 1110 2754 divitiis
1137 2715 1257 2769 qua:
1305 2698 1609 2754 secundum
1655 2697 1824 2752 Deum
1855 2706 1984 2753 sunt
2017 2697 2096 2752 af.

517 2791 718 2857 ﬂuens,
756 2791 1052 2848 miseretur
1089 2802 1143 2847 et
1194 2791 1386 2846 tribuit
1433 2791 1738 2861 egentibus.
1794 2789 1899 2845 Sed
1939 2791 2101 2846 etiam

516 2882 612 2952 qui
657 2881 810 2953 justo
841 2882 1192 2948 benedicunt,
1239 2881 1361 2951 ejus
1408 2879 1723 2936 cohaeredes
1753 2889 1933 2936 erunt.
1967 2877 2101 2933 Eam

514 2977 662 3027 enim
690 2974 866 3043 ipsam
895 2989 1190 3043 supernam
1225 2970 1616 3035 hmreditatent,
1653 2986 1775 3040 qua:
1791 2971 1943 3039 justo
1970 2985 2099 3041 pro-

515 3066 688 3122 missa
714 3066 840 3130 fuit,
876 3065 1562 3133 benedicentibusjustum
1592 3063 1754 3118 etiam
1786 3063 2096 3134 pollicetur.

516 3159 650 3225 Quae
677 3166 988 3213 consonant
1017 3159 1244 3212 oraculo
1287 3156 1561 3211 Abraham
1600 3157 1870 3225 spectanti
1921 3170 1985 3210 ac
2013 3155 2099 3210 di-
2127 3187 2168 3243 α

515 3248 661 3304 centi
691 3265 703 3300 :
736 3247 806 3301 Et
838 3247 1140 3301 benedicam
1173 3246 1530 3301 benedicentes
1560 3254 1607 3299 te
1630 3246 1695 3300 ⁷⁸.
1725 3244 1860 3299 Illud
1893 3256 2098 3314 autem,

517 3338 898 3392 Maledicentes
949 3348 1125 3392 autem
1175 3339 1224 3392 ei
1271 3337 1625 3407 disperibunt,
1668 3337 1824 3392 afline
1861 3347 1946 3394 est
1975 3339 2102 3394 huic

518 3428 586 3482 ad
616 3428 992 3481 Abrahamum
1043 3428 1211 3492 dicto,
1248 3438 1296 3482 et
1328 3426 1760 3482 maledicentibus
1791 3429 1885 3482 tibi
1929 3430 2099 3484 male-

515 3520 777 3574 dicunt".
813 3517 1282 3585 Quemadmodum
1308 3519 1455 3574 enim
1486 3521 1577 3592 qui
1613 3522 1846 3593 lapidem
1876 3537 2096 3576 sursum

514 3612 667 3680 iacit,
714 3612 795 3666 sic
842 3611 936 3682 qui
985 3610 1292 3669 maledictis
1319 3613 1530 3684 justum
1566 3615 1794 3686 impetit,
1831 3616 1958 3686 quia
1988 3631 2098 3670 non

517 3711 698 3773 potest
747 3704 901 3773 justo
940 3703 1294 3760 maledictum
1345 3705 1573 3772 hwrere,
1625 3715 1891 3762 retortum
1939 3706 1997 3760 in
2038 3721 2098 3761 se

515 3795 817 3851 maledicus
854 3797 1114 3867 excipiet.
1387 3781 1392 3786 ’

583 4050 751 4107 Vens.
800 4054 894 4118 25,
931 4054 1021 4108 24.
1061 4055 1208 4124 Apud
1275 4055 1563 4110 Dominum
1604 4072 1815 4128 gressus
1866 4056 2094 4111 hominis

510 4142 828 4214 dirigentur.
859 4145 1066 4200 Praeter
1097 4161 1263 4215 supra
1298 4155 1619 4212 memorata,
1655 4149 1769 4202 haec
1801 4151 1966 4204 etiam
1997 4150 2096 4204 bo-

515 4235 649 4288 mini
679 4233 775 4290 Dei
811 4237 1052 4293 adsunt:
1086 4238 1204 4294 vias
1233 4238 1354 4307 ejus
1383 4237 1527 4294 Deus
1561 4243 1894 4310 complanat,
1933 4243 2006 4296 ita
2037 4253 2096 4298 ut

509 4330 625 4386 vita
674 4331 796 4401 ejus
848 4331 1082 4388 feliciter
1123 4335 1373 4388 elabatur
1403 4352 1416 4387 :
1451 4349 1514 4389 ac
1564 4330 1824 4390 sine‘ullo
1862 4337 2018 4392 obice
2050 4339 2094 4392 is

510 4423 770 4495 religiose
804 4426 936 4495 agit,
989 4440 1018 4478 a
1053 4427 1380 4497 nemineque
1423 4428 1830 4498 supplantatur,
1869 4437 2092 4501 pr0pter

2209 1961 2450 2027 σθέντας,
2478 1963 2676 2034 ὁμοίως
2704 1965 2760 2017 ἐν
2784 1963 2862 2034 τῷ
2893 1963 3291 2036 παραδείγματι
3317 1963 3414 2034 (1).

2277 2055 2602 2116 Δανείζεται
2629 2059 2662 2109 ό
2710 2055 3080 2125 ἁμαρτωλὸς.
3125 2056 3224 2110 καὶ
3271 2058 3383 2110 οὐκ
3419 2057 3738 2112 ἀποτίσει·
3773 2060 3814 2113 ὁ

2205 2143 2272 2198 δὲ
2304 2143 2534 2210 δίκαιος
2567 2146 2836 2213 οὶκτείρει
2872 2145 2970 2198 καὶ
3016 2144 3185 2198 διδοῖ.
3221 2146 3402 2217 Μηδὲν
3433 2148 3810 2218 κεκτημένος,

2206 2236 2354 2310 παρά
2386 2236 2480 2289 τοῦ
2515 2236 2719 2290 δικαίου
2751 2237 3008 2300 πολλάκις
3035 2236 3414 2309 δανειζόμενος
3436 2237 3632 2306 λόγους
3659 2241 3809 2309 11);:-

2204 2329 2394 2399 λίμους
2439 2329 2533 2382 καὶ
2575 2328 2897 2401 σωτηρίους,
2935 2330 2968 2400 ἢ
3005 2329 3155 2404 παρά
3183 2328 3279 2384 τοῦ
3307 2331 3441 2385 Θεοῦ
3472 2332 3810 2401 εὐεργεσίας

2205 2421 2507 2492 τυγχάνων,
2555 2423 2654 2474 οῦκ
2703 2422 3018 2477 ἀποτίννυσι
3059 2423 3158 2496 τὴν
3206 2425 3447 2496 ὀφειλὴν.
3493 2425 3622 2478 Δέον
3692 2427 3807 2499 γάρ

2204 2511 2578 2582 ὠφεληθέντα,
2602 2511 2738 2584 ἔργα
2779 2514 2873 2567 καὶ
2918 2513 3147 2586 πράξεις
3178 2518 3480 2587 παρασχεῖν
3520 2516 3688 2583 ἀξίας
3729 2511 3807 2570 ὧν

2203 2604 2448 2674 εἴληφεν.
2493 2604 2549 2656 '0
2583 2603 2640 2656 δὲ
2668 2604 2768 2657 οὐκ
2815 2605 3184 2669 ἀποτίννυσιν,
3232 2608 3384 2677 μένει
3428 2606 3484 2659 δὲ
3537 2608 3802 2680 ἄκαρπος

2201 2695 2312 2749 τῶν
2343 2696 2443 2768 τῆς
2471 2695 2818 2768 δικαιοσύνης
2857 2697 3052 2769 ἔργων.
3103 2699 3162 2752 Ὀ
3193 2699 3249 2752 δὲ
3285 2699 3510 2763 δίκαιος,
3542 2700 3802 2755 πλουτῶν

2203 2789 2261 2842 ἐν
2287 2787 2366 2859 τῷ
2403 2789 2543 2843 κατά
2572 2788 2705 2842 Θεὸν
2735 2789 2969 2862 πλούτῳ,
3003 2791 3264 2862 οίκτείρει
3298 2792 3391 2845 καὶ
3418 2792 3652 2862 παρέχει
3681 2796 3802 2857 τοῖς

2200 2879 2495 2952 δεομένοις.
2541 2881 2699 2934 Ἀλλά
2724 2883 2820 2936 καὶ
2854 2885 2904 2936 οἱ
2928 2883 3018 2936 τὸν
3050 2884 3256 2937 δίκαιον
3282 2883 3631 2952 εὐλογοῦντες
3663 2900 3801 2952 συγ-

2201 2971 2528 3044 κληρονόμοι
2558 2971 2724 3026 αὑτοῦ
2767 2973 3106 3044 γενήσονται.
3145 2974 3248 3026 Ἢν
3278 2973 3386 3043 γάρ
3424 2973 3803 3044 ἐπηγγείλατο

2201 3065 2480 3137 ἀνωτέραν
2511 3068 2622 3130 τοῖς
2651 3063 2880 3128 δικαίοις
2905 3064 3268 3136 κληρονομίαν
3311 3068 3336 3120 ὁ
3369 3065 3541 3134 λόγος,
3584 3066 3798 3140 ταύτην

2202 3155 2370 3227 αὐτὴν
2415 3156 2509 3208 καὶ
2556 3159 2669 3219 τοῖς
2715 3154 2998 3223 εὑλογοῦσι
3040 3156 3132 3209 τὸν
3177 3157 3384 3210 δίκαιον
3421 3158 3796 3228 ὑπισχνεῖται,

2204 3247 2514 3312 ἀκολούθως
2545 3247 2622 3319 τῷ
2662 3249 2798 3318 πρὸς
2829 3248 2922 3302 τὸν
2963 3247 3214 3320 Ἀϐραὰμ
3245 3250 3476 3322 χρησμῷ
3515 3253 3792 3323 φήσαντι·

2202 3340 2312 3394 Καὶ
2345 3339 2660 3410 εὐλογήσω
2691 3340 2836 3406 τοὺς
2875 3341 3284 3412 εὐλογοῦντάς
3329 3357 3422 3396 σε.
3455 3343 3527 3394 Τὸ
3560 3344 3640 3408 δὲ,
3674 3347 3792 3400 Καὶ

2202 3433 2257 3484 οἱ
2295 3430 2695 3500 καταρώμενοι
2725 3431 2914 3485 αὑτὸν
2942 3421 3575 3501 ἐξολοθρευθήσονται,
3603 3435 3795 3505 ὅμοιον

2201 3520 2268 3576 ἂν
2303 3520 2389 3591 εἴη
2432 3519 2506 3590 τῷ
2535 3520 2849 3591 λελεγμένῳ
2879 3522 3016 3592 πρὸς
3047 3523 3136 3575 τὸν
3179 3521 3426 3593 Ἀϐραάμ
3447 3539 3459 3551 ο
3506 3522 3619 3576 Καὶ
3647 3525 3795 3591 τοὺς

2201 3610 2653 3679 καταρωμένους
2676 3628 2749 3664 σε
2774 3611 3203 3682 καταράσομαι.
3232 3613 3442 3685 Ὥσπερ
3468 3611 3575 3685 γὰρ
3608 3616 3638 3668 ὁ
3667 3615 3795 3684 βάλ-

2199 3700 2307 3754 λων
2345 3700 2490 3754 λίθον
2530 3703 2609 3765 εἰς
2645 3702 2775 3772 ὕψος
2806 3703 2898 3755 ἐπὶ
2928 3705 3026 3774 τὴν
3065 3703 3305 3775 κεφαλὴν
3349 3705 3542 3758 ἑαυτοῦ
3576 3706 3791 3777 βάλλει,

2197 3792 2369 3856 οὕτως
2407 3795 2435 3846 ὁ
2466 3793 2736 3863 κατάραις
2766 3794 2974 3864 βάλλων
3000 3795 3090 3847 τὸν
3116 3795 3346 3860 δίκαιον,
3375 3796 3461 3850 διὰ
3486 3797 3547 3850 τὸ
3579 3798 3656 3870 μὴ
3691 3799 3789 3853 δύο

2198 3885 2394 3939 νασθαι
2423 3887 2668 3958 κατάραν
2697 3885 2946 3939 ἵστασθαι
2968 3889 3088 3941 κατ’
3115 3887 3302 3952 αὑτοῦ,
3325 3889 3791 3961 άντιστρέφουσαν

2196 3977 2366 4048 αὐτὴν
2396 3979 2476 4041 είς
2496 3978 2687 4030 ἑαυτὸν
2720 3977 2969 4047 λήψεται.

2266 4067 2432 4134 Παρὰ
2459 4067 2682 4134 Kvplov
2727 4067 2800 4121 τὰ
2849 4066 3177 4139 διαδήματα
3224 4069 3538 4140 ἀνθρώπου
3576 4089 3789 4128 natau-

2198 4160 2454 4213 θύνεται.
2495 4159 2641 4231 Πρὸς
2686 4163 2800 4226 τοῖς
2844 4163 3156 4234 εἰρημένοις
3199 4165 3293 4218 καὶ
3333 4165 3503 4218 ταῦτα
3546 4165 3787 4238 ὑπάρχει

2195 4249 2272 4322 τῷ
2298 4251 2392 4304 τοῦ
2426 4252 2560 4305 Θεοῦ
2603 4252 2908 4324 ἀνθρώπῳ’
2946 4255 3043 4318 τὰς
3082 4257 3234 4320 ὁδοὺς
3261 4257 3426 4310 αὑτοῦ
3472 4258 3783 4329 ὲξομαλίζει

2195 4345 2222 4396 ὁ
2255 4342 2405 4406 Θεὸς,
2435 4342 2576 4397 ὥστε
2625 4345 2836 4416 εὐροεῖν
2870 4346 3035 4400 αὐτοῦ
3066 4347 3158 4400 τὸν
3188 4348 3322 4417 βίον,
3363 4350 3458 4402 καὶ
3489 4351 3784 4420 ἀπαραπον

2193 4432 2388 4496 δίστως
2438 4434 2730 4503 θεοσεϐεῖν,
2778 4438 3008 4509 μηδενὸς
3064 4439 3508 4505 ὑποσκελίζοντος
3553 4440 3642 4494 διὰ
3687 4440 3784 4492 τὸν

509 4534 635 4573 cum
661 4520 752 4590 qui
777 4536 1000 4591 gressus
1023 4520 1146 4590 ejus
1168 4520 1376 4592 dirigit,
1407 4532 1458 4576 et
1482 4524 1621 4576 viam
1649 4526 1761 4592 ejus
1786 4524 1938 4592 volet,
1963 4527 2090 4596 quia

2208 4524 2597 4580 κατευθύνοντα
2643 4528 2807 4582 αὐτοῦ
2857 4530 2926 4583 τὰ
2963 4529 3296 4602 διαδήματα,
3343 4533 3440 4585 καὶ
3481 4531 3595 4598 τὴν
3634 4531 3784 4586 ὀδόν

509 4611 660 4667 tllam
691 4613 1086 4683 approbatione
1115 4614 1336 4686 dignam
1371 4623 1527 4684 parat
1553 4632 1568 4679 ;
1603 4617 1676 4668 ita
1705 4623 1764 4670 ut
1793 4615 1914 4672 ideo
1941 4618 2090 4673 dica-

505 4709 621 4770 tur,
647 4715 696 4757 et
728 4706 863 4757 tiam
891 4706 1007 4776 ejus
1036 4706 1190 4761 uolet.
1217 4703 1351 4761 Cum
1379 4705 1624 4761 ceciderit
1648 4725 1749 4762 non
1789 4710 2087 4777 collidetur,

506 4795 632 4863 quia
686 4794 944 4852 Dominus
989 4800 1232 4868 supponit
1272 4815 1489 4857 manum
1535 4817 1706 4858 suam.
1763 4800 1820 4856 Si
1873 4805 2091 4875 quando

507 4886 793 4957 contingat
827 4904 952 4943 eum
983 4891 1091 4944 labi
1127 4901 1182 4944 et
1211 4891 1266 4945 in
1299 4892 1602 4954 tentatione
1627 4894 1845 4961 cadere,
1877 4912 1940 4951 ac
1989 4899 2091 4952 im-

507 4977 820 5047 pingentem
851 4979 906 5034 in
943 4991 1227 5051 peccatum
1254 4983 1552 5053 quodpiam
1581 5001 1757 5049 ruere,
1791 5003 1902 5042 non
1934 4991 2090 5045 colli-

509 5069 672 5127 detur
718 5077 942 5138 tamen;
975 5073 1069 5127 sed
1104 5082 1164 5127 ut
1202 5089 1505 5144 generosus
1544 5077 1766 5142 athleta,
1814 5097 1940 5136 cum
1977 5083 2088 5137 vim

509 5175 807 5230 perpessus
837 5162 1180 5233 aliquantum
1211 5169 1464 5233 cesserit,
1505 5169 1793 5228 confestim
1842 5189 1964 5231 sese
2002 5192 2090 5232 re-

507 5250 696 5324 cipiet.

580 5424 748 5482 Vnus.
779 5427 872 5491 25,
909 5427 1003 5483 26.
1056 5428 1251 5484 Junior
1292 5431 1391 5497 fui,
1438 5435 1629 5489 etenim
1676 5439 1846 5506 senui,
1897 5449 1944 5494 et
1983 5458 2085 5496 non

506 5521 612 5575 vidi
641 5521 854 5592 justum
881 5520 1210 5590 derelictum,
1242 5543 1333 5581 nec
1361 5543 1531 5584 semen
1563 5529 1680 5602 ejus
1711 5548 1950 5604 qumrens
1989 5551 2086 5605 pa-

577 5678 620 5711 "
660 5675 797 5735 Gen.
833 5695 934 5746 xu,
970 5680 1024 5737 5.
1100 5682 1146 5713 "
1188 5683 1318 5740 ibid.

576 5824 654 5896 (t)
693 5821 896 5884 Testes
923 5827 1152 5888 deﬁcere
1182 5833 1412 5890 videtur.

2198 4615 2384 4670 αὑτοῦ
2415 4619 2662 4686 θελήσει
2681 4661 2695 4684 ,
2726 4620 2996 4692 ἀποδοχῆς
3025 4621 3181 4687 ἀξίαν
3214 4620 3496 4675 ποιοῦντα·
3529 4621 3672 4674 ὥστε
3693 4621 3784 4675 λέ-

2197 4709 2411 4778 γεσθαι,
2443 4711 2552 4764 Καὶ
2586 4711 2701 4778 τὴν
2724 4711 2868 4766 ὁδὸν
2895 4711 3082 4766 αὑτοῦ
3121 4711 3382 4780 θελήσει.
3420 4715 3595 4765 Ὅταν
3616 4712 3783 4782 πέσῃ

2196 4804 2269 4856 οὐ
2323 4803 2912 4873 καταρῤαχθήσεται,
2974 4804 3059 4860 ὅτι
3091 4806 3310 4873 Κύριος
3384 4803 3784 4873 ἀντιστηρίζει

2199 4891 2366 4962 χεῖρα
2405 4895 2614 4949 αὑτοῦ.
2643 4896 2706 4948 Εἰ
2749 4895 2805 4948 δὲ
2851 4896 2943 4949 καί
2994 4898 3182 4948 πεσεῖν
3211 4895 3370 4948 αὐτόν
3399 4911 3528 4948 ποτε
3557 4893 3784 4965 ὀλισθή-

2200 4999 2368 5036 σαντα
2415 4989 2618 5058 συμϐῇ,
2664 4988 2758 5040 καὶ
2793 4988 2850 5039 ὲν
2906 4987 3194 5059 πειρασμῷ
3243 4988 3530 5058 γενόμενος
3563 4986 3786 5058 ὀλισθή-

2199 5094 2360 5144 σειεν,
2406 5079 2642 5143 ὀκλάσας
2672 5097 2732 5133 τε
2785 5080 3049 5134 ὑποπέσοι
3087 5080 3193 5134 τινὶ
3245 5081 3619 5153 ἁμαρτήματι,
3661 5079 3782 5133 ἀλλ’

2195 5171 2255 5222 οὐ
2293 5171 2807 5242 καταρῤαχθήσεται
2830 5189 2843 5202 ο
2894 5167 2982 5226 οἷα
3026 5172 3083 5226 δὲ
3115 5175 3360 5241 γενναῖος
3407 5171 3647 5242 ἀθλητὴς
3680 5172 3781 5225 ὲκ-

2197 5261 2437 5325 ϐιασθεὶς
2478 5263 2572 5316 καὶ
2601 5263 2735 5334 πρὸς
2762 5263 2939 5333 ὀλίγον
2971 5262 3176 5327 ἐνδοὺς,
3212 5261 3553 5334 παραχρῆμα
3581 5261 3782 5315 ἑαυτὸν

2195 5353 2547 5426 ἀναλήψεται.

2265 5445 2560 5515 Νεώτερος
2617 5449 2932 5520 ἐγενόμην,
2997 5450 3092 5503 καί
3151 5447 3261 5519 γὰρ
3313 5446 3602 5518 ἐγήρασα.
3673 5445 3776 5496 καὶ

2195 5540 2308 5593 οὐκ
2329 5534 2492 5594 εἶδον
2520 5539 2752 5596 ὃικαιον
2801 5538 3449 5611 ἐγκαταλελειμμένον,
3504 5535 3648 5594 οὐδὲ
3705 5539 3776 5588 τὸ
