  <div class='ocr_page' id='page_1' title='image "/cluster/home/n/w/nwhite01/storage/ocr_20150623/23/hvd.32044019207711/176.png"; bbox 0 0 4010 6536; ppageno 0'>
   <div class='ocr_carea' id='block_1_1' title="bbox 259 374 363 427">
    <p class='ocr_par' dir='ltr' id='par_1_1' title="bbox 259 374 363 427">
     <span class='ocr_line' id='line_1_1' title="bbox 259 374 363 427; baseline 0 0"><span class='ocrx_word' id='word_1_1' title='bbox 259 374 363 427; x_wconf 76' lang='lat'><strong>535</strong></span> 
     </span>
    </p>
   </div>
   <div class='ocr_carea' id='block_1_2' title="bbox 1387 369 3495 427">
    <p class='ocr_par' dir='ltr' id='par_1_2' title="bbox 1387 369 3495 427">
     <span class='ocr_line' id='line_1_2' title="bbox 1387 369 3495 427; baseline -0.001 -4"><span class='ocrx_word' id='word_1_2' title='bbox 1387 370 1886 425; x_wconf 70' lang='lat' dir='ltr'><strong>COMMENTARIA</strong></span> <span class='ocrx_word' id='word_1_3' title='bbox 1928 371 1995 425; x_wconf 73' lang='lat' dir='ltr'><strong>IN</strong></span> <span class='ocrx_word' id='word_1_4' title='bbox 2036 369 2372 427; x_wconf 74' lang='lat' dir='ltr'><strong>PSALMOS.</strong></span> <span class='ocrx_word' id='word_1_5' title='bbox 3414 372 3495 425; x_wconf 73' lang='lat'><strong>33:</strong></span> 
     </span>
    </p>
   </div>
   <div class='ocr_carea' id='block_1_3' title="bbox 264 491 1827 564">
    <p class='ocr_par' dir='ltr' id='par_1_3' title="bbox 264 491 1827 562">
     <span class='ocr_line' id='line_1_3' title="bbox 264 491 1827 562; baseline -0.001 -14"><span class='ocrx_word' id='word_1_6' title='bbox 264 493 499 562; x_wconf 79' lang='grc' dir='ltr'>σπέρμα</span> <span class='ocrx_word' id='word_1_7' title='bbox 530 491 955 560; x_wconf 59' lang='grc' dir='ltr'>αὐτουῐὴέοὗν</span> <span class='ocrx_word' id='word_1_8' title='bbox 1010 493 1247 561; x_wconf 77' lang='grc' dir='ltr'>ἄρτους.</span> <span class='ocrx_word' id='word_1_9' title='bbox 1317 492 1452 545; x_wconf 79' lang='grc' dir='ltr'>Ἀλλ’</span> <span class='ocrx_word' id='word_1_10' title='bbox 1518 497 1579 547; x_wconf 74' lang='grc' dir='ltr'>ἐκ</span> <span class='ocrx_word' id='word_1_11' title='bbox 1637 494 1827 546; x_wconf 56' lang='lat' dir='ltr'><strong>nam»</strong></span> 
     </span>
    </p>
   </div>
   <div class='ocr_carea' id='block_1_4' title="bbox 1929 491 3519 564">
    <p class='ocr_par' dir='ltr' id='par_1_4' title="bbox 1941 492 3519 564">
     <span class='ocr_line' id='line_1_4' title="bbox 1941 492 3519 564; baseline -0.001 -17"><span class='ocrx_word' id='word_1_12' title='bbox 1941 511 2051 549; x_wconf 69' lang='lat' dir='ltr'><strong>nes.</strong></span> <span class='ocrx_word' id='word_1_13' title='bbox 2093 495 2135 547; x_wconf 72' lang='grc' dir='ltr'><strong>Α</strong></span> <span class='ocrx_word' id='word_1_14' title='bbox 2165 509 2373 564; x_wconf 89' lang='lat' dir='ltr'><strong>puero,</strong></span> <span class='ocrx_word' id='word_1_15' title='bbox 2418 493 2626 563; x_wconf 79' lang='lat' dir='ltr'><strong>inquit,</strong></span> <span class='ocrx_word' id='word_1_16' title='bbox 2681 492 2747 547; x_wconf 90' lang='lat' dir='ltr'><strong>ad</strong></span> <span class='ocrx_word' id='word_1_17' title='bbox 2802 498 3135 549; x_wconf 76' lang='lat' dir='ltr'><strong>senectutem</strong></span> <span class='ocrx_word' id='word_1_18' title='bbox 3167 507 3340 562; x_wconf 85' lang='lat' dir='ltr'><strong>usque</strong></span> <span class='ocrx_word' id='word_1_19' title='bbox 3381 492 3519 560; x_wconf 76' lang='lat' dir='ltr'><strong>justi</strong></span> 
     </span>
    </p>
   </div>
   <div class='ocr_carea' id='block_1_5' title="bbox 261 584 1833 657">
    <p class='ocr_par' dir='ltr' id='par_1_5' title="bbox 261 584 1833 657">
     <span class='ocr_line' id='line_1_5' title="bbox 261 584 1833 657; baseline 0.001 -19"><span class='ocrx_word' id='word_1_20' title='bbox 261 586 422 657; x_wconf 77' lang='grc' dir='ltr'>μέχρι</span> <span class='ocrx_word' id='word_1_21' title='bbox 490 587 675 657; x_wconf 78' lang='grc' dir='ltr'>γήρως</span> <span class='ocrx_word' id='word_1_22' title='bbox 741 585 833 638; x_wconf 76' lang='grc' dir='ltr'><strong>τὸν</strong></span> <span class='ocrx_word' id='word_1_23' title='bbox 901 584 996 638; x_wconf 74' lang='grc' dir='ltr'>τοῦ</span> <span class='ocrx_word' id='word_1_24' title='bbox 1057 584 1267 638; x_wconf 76' lang='grc' dir='ltr'>δικαίου</span> <span class='ocrx_word' id='word_1_25' title='bbox 1329 587 1833 657; x_wconf 67' lang='grc' dir='ltr'><strong>περιεργασάμενος</strong></span> 
     </span>
    </p>
   </div>
   <div class='ocr_carea' id='block_1_6' title="bbox 263 671 1834 749">
    <p class='ocr_par' dir='ltr' id='par_1_6' title="bbox 263 671 1834 749">
     <span class='ocr_line' id='line_1_6' title="bbox 263 671 1834 749; baseline 0.001 -20"><span class='ocrx_word' id='word_1_26' title='bbox 263 676 396 746; x_wconf 85' lang='grc' dir='ltr'>βίον.</span> <span class='ocrx_word' id='word_1_27' title='bbox 434 678 554 730; x_wconf 80' lang='grc' dir='ltr'>Ὀτι</span> <span class='ocrx_word' id='word_1_28' title='bbox 581 676 699 730; x_wconf 79' lang='grc' dir='ltr'>οὐδὲ</span> <span class='ocrx_word' id='word_1_29' title='bbox 727 671 806 739; x_wconf 74' lang='grc' dir='ltr'>εἷς</span> <span class='ocrx_word' id='word_1_30' title='bbox 842 675 1029 744; x_wconf 88' lang='grc' dir='ltr'>γέγονε</span> <span class='ocrx_word' id='word_1_31' title='bbox 1056 677 1243 747; x_wconf 86' lang='grc' dir='ltr'>καιρὸς</span> <span class='ocrx_word' id='word_1_32' title='bbox 1276 675 1396 729; x_wconf 84' lang='grc' dir='ltr'>καθ’</span> <span class='ocrx_word' id='word_1_33' title='bbox 1420 676 1478 729; x_wconf 86' lang='grc' dir='ltr'>ὃν</span> <span class='ocrx_word' id='word_1_34' title='bbox 1511 676 1714 749; x_wconf 82' lang='grc' dir='ltr'>ἔρημος</span> <span class='ocrx_word' id='word_1_35' title='bbox 1740 697 1834 731; x_wconf 63' lang='grc' dir='ltr'>καφ</span> 
     </span>
    </p>
   </div>
   <div class='ocr_carea' id='block_1_7' title="bbox 263 751 1835 841">
    <p class='ocr_par' dir='ltr' id='par_1_7' title="bbox 263 751 1835 841">
     <span class='ocr_line' id='line_1_7' title="bbox 263 751 1835 841; baseline 0 -19"><span class='ocrx_word' id='word_1_36' title='bbox 263 768 608 822; x_wconf 82' lang='grc' dir='ltr'>ταλέλειπται</span> <span class='ocrx_word' id='word_1_37' title='bbox 650 771 679 822; x_wconf 84' lang='grc' dir='ltr'>ὁ</span> <span class='ocrx_word' id='word_1_38' title='bbox 727 766 950 830; x_wconf 87' lang='grc' dir='ltr'>δίκαιος,</span> <span class='ocrx_word' id='word_1_39' title='bbox 982 751 1068 820; x_wconf 72' lang='grc' dir='ltr'>ἀέι</span> <span class='ocrx_word' id='word_1_40' title='bbox 1117 767 1171 820; x_wconf 87' lang='grc' dir='ltr'>δὲ</span> <span class='ocrx_word' id='word_1_41' title='bbox 1206 768 1471 838; x_wconf 81' lang='grc' dir='ltr'><strong>πάρεδρον</strong></span> <span class='ocrx_word' id='word_1_42' title='bbox 1519 769 1608 823; x_wconf 69' lang='grc' dir='ltr'><strong>καὶ</strong></span> <span class='ocrx_word' id='word_1_43' title='bbox 1643 769 1835 841; x_wconf 75' lang='grc' dir='ltr'>βοηθὸν</span> 
     </span>
    </p>
   </div>
   <div class='ocr_carea' id='block_1_8' title="bbox 264 857 1834 933">
    <p class='ocr_par' dir='ltr' id='par_1_8' title="bbox 264 857 1834 933">
     <span class='ocr_line' id='line_1_8' title="bbox 264 857 1834 933; baseline -0.002 -18"><span class='ocrx_word' id='word_1_44' title='bbox 264 861 525 933; x_wconf 83' lang='grc' dir='ltr'>κέκτηται</span> <span class='ocrx_word' id='word_1_45' title='bbox 570 860 661 913; x_wconf 80' lang='grc' dir='ltr'><strong>τὸν</strong></span> <span class='ocrx_word' id='word_1_46' title='bbox 690 858 882 912; x_wconf 77' lang='grc' dir='ltr'>ἑαυτοῦ</span> <span class='ocrx_word' id='word_1_47' title='bbox 923 859 1142 927; x_wconf 84' lang='grc' dir='ltr'>Κύριον.</span> <span class='ocrx_word' id='word_1_48' title='bbox 1176 857 1264 909; x_wconf 80' lang='grc' dir='ltr'>Διό</span> <span class='ocrx_word' id='word_1_49' title='bbox 1298 875 1489 927; x_wconf 83' lang='grc' dir='ltr'>φησιν·</span> <span class='ocrx_word' id='word_1_50' title='bbox 1539 859 1834 928; x_wconf 79' lang='grc' dir='ltr'>Νεώτερος</span> 
     </span>
    </p>
   </div>
   <div class='ocr_carea' id='block_1_9' title="bbox 260 950 1831 1023">
    <p class='ocr_par' dir='ltr' id='par_1_9' title="bbox 260 950 1831 1023">
     <span class='ocr_line' id='line_1_9' title="bbox 260 950 1831 1023; baseline -0.001 -17"><span class='ocrx_word' id='word_1_51' title='bbox 260 954 571 1023; x_wconf 78' lang='grc' dir='ltr'><strong>ἐγενόμην,</strong></span> <span class='ocrx_word' id='word_1_52' title='bbox 605 951 638 1022; x_wconf 82' lang='grc' dir='ltr'><strong>ἦ</strong></span> <span class='ocrx_word' id='word_1_53' title='bbox 683 951 820 1004; x_wconf 87' lang='grc' dir='ltr'><strong>κατὰ</strong></span> <span class='ocrx_word' id='word_1_54' title='bbox 859 950 947 1004; x_wconf 84' lang='grc' dir='ltr'><strong>τὸν</strong></span> <span class='ocrx_word' id='word_1_55' title='bbox 980 950 1294 1021; x_wconf 82' lang='grc' dir='ltr'>Σύμμαχον,</span> <span class='ocrx_word' id='word_1_56' title='bbox 1343 951 1480 1015; x_wconf 83' lang='grc' dir='ltr'>νέος</span> <span class='ocrx_word' id='word_1_57' title='bbox 1520 951 1831 1021; x_wconf 74' lang='grc' dir='ltr'><strong>ἐγενόμην,</strong></span> 
     </span>
    </p>
   </div>
   <div class='ocr_carea' id='block_1_10' title="bbox 258 1039 1834 1114">
    <p class='ocr_par' dir='ltr' id='par_1_10' title="bbox 258 1039 1834 1114">
     <span class='ocr_line' id='line_1_10' title="bbox 258 1039 1834 1114; baseline -0.002 -14"><span class='ocrx_word' id='word_1_58' title='bbox 258 1046 417 1101; x_wconf 74' lang='grc' dir='ltr'><em>ἀλλὰ</em></span> <span class='ocrx_word' id='word_1_59' title='bbox 466 1045 563 1098; x_wconf 77' lang='grc' dir='ltr'>καὶ</span> <span class='ocrx_word' id='word_1_60' title='bbox 591 1043 876 1114; x_wconf 73' lang='grc' dir='ltr'>ἐγήρασα,</span> <span class='ocrx_word' id='word_1_61' title='bbox 912 1042 1008 1096; x_wconf 82' lang='grc' dir='ltr'>καὶ</span> <span class='ocrx_word' id='word_1_62' title='bbox 1038 1046 1149 1097; x_wconf 76' lang='grc' dir='ltr'>οὐκ</span> <span class='ocrx_word' id='word_1_63' title='bbox 1189 1039 1352 1095; x_wconf 78' lang='grc' dir='ltr'>εἶδον</span> <span class='ocrx_word' id='word_1_64' title='bbox 1393 1042 1625 1096; x_wconf 81' lang='grc' dir='ltr'>δίκαιον</span> <span class='ocrx_word' id='word_1_65' title='bbox 1662 1044 1834 1111; x_wconf 79' lang='grc' dir='ltr'>ἐγκα-</span> 
     </span>
    </p>
   </div>
   <div class='ocr_carea' id='block_1_11' title="bbox 259 1135 1834 1207">
    <p class='ocr_par' dir='ltr' id='par_1_11' title="bbox 259 1135 1834 1207">
     <span class='ocr_line' id='line_1_11' title="bbox 259 1135 1834 1207; baseline 0 -17"><span class='ocrx_word' id='word_1_66' title='bbox 259 1137 742 1207; x_wconf 72' lang='grc' dir='ltr'>ταλελειμμένον,</span> <span class='ocrx_word' id='word_1_67' title='bbox 790 1136 932 1191; x_wconf 76' lang='grc' dir='ltr'>οὐδὲ</span> <span class='ocrx_word' id='word_1_68' title='bbox 982 1137 1047 1188; x_wconf 84' lang='grc' dir='ltr'>τὸ</span> <span class='ocrx_word' id='word_1_69' title='bbox 1103 1136 1342 1205; x_wconf 82' lang='grc' dir='ltr'>σπέρμα</span> <span class='ocrx_word' id='word_1_70' title='bbox 1389 1136 1573 1191; x_wconf 80' lang='grc' dir='ltr'>αὑτοῦ</span> <span class='ocrx_word' id='word_1_71' title='bbox 1621 1135 1834 1204; x_wconf 83' lang='grc' dir='ltr'><strong>ζητοῦν</strong></span> 
     </span>
    </p>
   </div>
   <div class='ocr_carea' id='block_1_12' title="bbox 258 1222 1834 1299">
    <p class='ocr_par' dir='ltr' id='par_1_12' title="bbox 258 1222 1834 1299">
     <span class='ocr_line' id='line_1_12' title="bbox 258 1222 1834 1299; baseline 0 -17"><span class='ocrx_word' id='word_1_72' title='bbox 258 1231 497 1298; x_wconf 83' lang='grc' dir='ltr'>ὰρτους.</span> <span class='ocrx_word' id='word_1_73' title='bbox 532 1230 638 1281; x_wconf 79' lang='grc' dir='ltr'><strong>Καὶ</strong></span> <span class='ocrx_word' id='word_1_74' title='bbox 667 1227 781 1291; x_wconf 85' lang='grc' dir='ltr'><strong>πῶς</strong></span> <span class='ocrx_word' id='word_1_75' title='bbox 820 1226 928 1299; x_wconf 77' lang='grc' dir='ltr'><strong>γὰρ</strong></span> <span class='ocrx_word' id='word_1_76' title='bbox 956 1222 1067 1280; x_wconf 74' lang='grc' dir='ltr'>οἷόν</span> <span class='ocrx_word' id='word_1_77' title='bbox 1097 1245 1155 1281; x_wconf 88' lang='grc' dir='ltr'><strong>τε</strong></span> <span class='ocrx_word' id='word_1_78' title='bbox 1187 1224 1254 1298; x_wconf 78' lang='grc' dir='ltr'>ἦν</span> <span class='ocrx_word' id='word_1_79' title='bbox 1285 1227 1344 1281; x_wconf 82' lang='grc' dir='ltr'>τὸ</span> <span class='ocrx_word' id='word_1_80' title='bbox 1390 1230 1609 1299; x_wconf 77' lang='grc' dir='ltr'>σπέρμα</span> <span class='ocrx_word' id='word_1_81' title='bbox 1636 1229 1730 1281; x_wconf 83' lang='grc' dir='ltr'>τοῦ</span> <span class='ocrx_word' id='word_1_82' title='bbox 1757 1231 1834 1283; x_wconf 85' lang='grc' dir='ltr'>δι-</span> 
     </span>
    </p>
   </div>
   <div class='ocr_carea' id='block_1_13' title="bbox 260 1318 1832 1388">
    <p class='ocr_par' dir='ltr' id='par_1_13' title="bbox 260 1318 1832 1388">
     <span class='ocr_line' id='line_1_13' title="bbox 260 1318 1832 1388; baseline 0 -16"><span class='ocrx_word' id='word_1_83' title='bbox 260 1320 415 1373; x_wconf 86' lang='grc' dir='ltr'>καίου</span> <span class='ocrx_word' id='word_1_84' title='bbox 464 1319 641 1382; x_wconf 80' lang='grc' dir='ltr'>ἐνδεὲς</span> <span class='ocrx_word' id='word_1_85' title='bbox 684 1319 861 1388; x_wconf 85' lang='grc' dir='ltr'>ἄρτων</span> <span class='ocrx_word' id='word_1_86' title='bbox 910 1318 1181 1386; x_wconf 82' lang='grc' dir='ltr'>γενέσθαι,</span> <span class='ocrx_word' id='word_1_87' title='bbox 1216 1318 1378 1371; x_wconf 81' lang='grc' dir='ltr'><strong>ὁπότε</strong></span> <span class='ocrx_word' id='word_1_88' title='bbox 1424 1320 1583 1381; x_wconf 74' lang='grc' dir='ltr'>αὐτὸς</span> <span class='ocrx_word' id='word_1_89' title='bbox 1627 1319 1713 1373; x_wconf 79' lang='grc' dir='ltr'>διὰ</span> <span class='ocrx_word' id='word_1_90' title='bbox 1743 1320 1832 1372; x_wconf 68' lang='grc' dir='ltr'><strong>τὶν</strong></span> 
     </span>
    </p>
   </div>
   <div class='ocr_carea' id='block_1_14' title="bbox 258 1411 1833 1484">
    <p class='ocr_par' dir='ltr' id='par_1_14' title="bbox 258 1411 1833 1484">
     <span class='ocr_line' id='line_1_14' title="bbox 258 1411 1833 1484; baseline -0.001 -17"><span class='ocrx_word' id='word_1_91' title='bbox 258 1415 408 1484; x_wconf 80' lang='grc' dir='ltr'>παρὰ</span> <span class='ocrx_word' id='word_1_92' title='bbox 456 1412 547 1466; x_wconf 83' lang='grc' dir='ltr'>τοῦ</span> <span class='ocrx_word' id='word_1_93' title='bbox 596 1411 729 1465; x_wconf 79' lang='grc' dir='ltr'>Θεοῦ</span> <span class='ocrx_word' id='word_1_94' title='bbox 778 1412 1181 1483; x_wconf 76' lang='grc' dir='ltr'><strong>χορηγούμενον</strong></span> <span class='ocrx_word' id='word_1_95' title='bbox 1233 1412 1379 1483; x_wconf 79' lang='grc' dir='ltr'>αὐτῷ</span> <span class='ocrx_word' id='word_1_96' title='bbox 1407 1412 1634 1466; x_wconf 77' lang='grc' dir='ltr'>πλοῦτον</span> <span class='ocrx_word' id='word_1_97' title='bbox 1678 1412 1833 1479; x_wconf 76' lang='grc' dir='ltr'>ὅλην</span> 
     </span>
    </p>
   </div>
   <div class='ocr_carea' id='block_1_15' title="bbox 256 1503 1833 1578">
    <p class='ocr_par' dir='ltr' id='par_1_15' title="bbox 256 1503 1833 1578">
     <span class='ocr_line' id='line_1_15' title="bbox 256 1503 1833 1578; baseline -0.001 -19"><span class='ocrx_word' id='word_1_98' title='bbox 256 1506 370 1574; x_wconf 78' lang='grc' dir='ltr'>τὴν</span> <span class='ocrx_word' id='word_1_99' title='bbox 411 1504 636 1576; x_wconf 77' lang='grc' dir='ltr'>ἡμέραν</span> <span class='ocrx_word' id='word_1_100' title='bbox 674 1505 836 1559; x_wconf 76' lang='grc' dir='ltr'>ἐλεεῖ</span> <span class='ocrx_word' id='word_1_101' title='bbox 866 1506 962 1559; x_wconf 81' lang='grc' dir='ltr'>καὶ</span> <span class='ocrx_word' id='word_1_102' title='bbox 996 1503 1283 1569; x_wconf 79' lang='grc' dir='ltr'>δανείζει;</span> <span class='ocrx_word' id='word_1_103' title='bbox 1318 1507 1550 1578; x_wconf 81' lang='grc' dir='ltr'>Νοήσεις</span> <span class='ocrx_word' id='word_1_104' title='bbox 1593 1506 1649 1559; x_wconf 76' lang='grc' dir='ltr'><strong>δὲ</strong></span> <span class='ocrx_word' id='word_1_105' title='bbox 1675 1506 1833 1559; x_wconf 75' lang='grc' dir='ltr'>τοῦτο</span> 
     </span>
    </p>
   </div>
   <div class='ocr_carea' id='block_1_16' title="bbox 254 1597 1831 1670">
    <p class='ocr_par' dir='ltr' id='par_1_16' title="bbox 254 1597 1831 1670">
     <span class='ocr_line' id='line_1_16' title="bbox 254 1597 1831 1670; baseline -0.001 -18"><span class='ocrx_word' id='word_1_106' title='bbox 254 1601 394 1652; x_wconf 87' lang='grc' dir='ltr'>κατὰ</span> <span class='ocrx_word' id='word_1_107' title='bbox 441 1600 541 1669; x_wconf 83' lang='grc' dir='ltr'><strong>μὲν</strong></span> <span class='ocrx_word' id='word_1_108' title='bbox 568 1598 666 1669; x_wconf 79' lang='grc' dir='ltr'>τὴν</span> <span class='ocrx_word' id='word_1_109' title='bbox 696 1598 935 1652; x_wconf 88' lang='grc' dir='ltr'>διάνοιαν</span> <span class='ocrx_word' id='word_1_110' title='bbox 988 1598 1196 1670; x_wconf 84' lang='grc' dir='ltr'>μαθὼν,</span> <span class='ocrx_word' id='word_1_111' title='bbox 1231 1600 1335 1662; x_wconf 84' lang='grc' dir='ltr'>ὄτι,</span> <span class='ocrx_word' id='word_1_112' title='bbox 1376 1598 1613 1652; x_wconf 87' lang='grc' dir='ltr'>τάλαντα</span> <span class='ocrx_word' id='word_1_113' title='bbox 1652 1597 1831 1651; x_wconf 75' lang='grc' dir='ltr'>λαϐὼν</span> 
     </span>
    </p>
   </div>
   <div class='ocr_carea' id='block_1_17' title="bbox 252 1689 1829 1762">
    <p class='ocr_par' dir='ltr' id='par_1_17' title="bbox 252 1689 1829 1762">
     <span class='ocr_line' id='line_1_17' title="bbox 252 1689 1829 1762; baseline 0 -18"><span class='ocrx_word' id='word_1_114' title='bbox 252 1689 405 1760; x_wconf 77' lang='grc' dir='ltr'>παρὰ</span> <span class='ocrx_word' id='word_1_115' title='bbox 434 1691 528 1745; x_wconf 82' lang='grc' dir='ltr'>τοῦ</span> <span class='ocrx_word' id='word_1_116' title='bbox 563 1692 940 1745; x_wconf 78' lang='grc' dir='ltr'>οἰκοδεσπότου</span> <span class='ocrx_word' id='word_1_117' title='bbox 980 1693 1074 1745; x_wconf 77' lang='grc' dir='ltr'>καὶ</span> <span class='ocrx_word' id='word_1_118' title='bbox 1119 1691 1218 1761; x_wconf 79' lang='grc' dir='ltr'>τὴν</span> <span class='ocrx_word' id='word_1_119' title='bbox 1253 1692 1389 1762; x_wconf 80' lang='grc' dir='ltr'>μνᾶν</span> <span class='ocrx_word' id='word_1_120' title='bbox 1423 1692 1522 1762; x_wconf 88' lang='grc' dir='ltr'>τὴν</span> <span class='ocrx_word' id='word_1_121' title='bbox 1556 1690 1705 1762; x_wconf 82' lang='grc' dir='ltr'>παρὰ</span> <span class='ocrx_word' id='word_1_122' title='bbox 1738 1691 1829 1744; x_wconf 74' lang='grc' dir='ltr'>τοῦ</span> 
     </span>
    </p>
   </div>
   <div class='ocr_carea' id='block_1_18' title="bbox 252 1784 1831 1858">
    <p class='ocr_par' dir='ltr' id='par_1_18' title="bbox 252 1784 1831 1858">
     <span class='ocr_line' id='line_1_18' title="bbox 252 1784 1831 1858; baseline 0.001 -22"><span class='ocrx_word' id='word_1_123' title='bbox 252 1785 479 1856; x_wconf 82' lang='grc' dir='ltr'>Κυρίου,</span> <span class='ocrx_word' id='word_1_124' title='bbox 523 1788 588 1857; x_wconf 81' lang='grc' dir='ltr'>τῇ</span> <span class='ocrx_word' id='word_1_125' title='bbox 634 1786 837 1839; x_wconf 84' lang='grc' dir='ltr'>τούτων</span> <span class='ocrx_word' id='word_1_126' title='bbox 883 1786 1082 1858; x_wconf 80' lang='grc' dir='ltr'>χρῆται</span> <span class='ocrx_word' id='word_1_127' title='bbox 1124 1786 1480 1856; x_wconf 80' lang='grc' dir='ltr'>πραγματείᾳ</span> <span class='ocrx_word' id='word_1_128' title='bbox 1521 1784 1831 1857; x_wconf 83' lang='grc' dir='ltr'>πειΘαρχῶν</span> 
     </span>
    </p>
   </div>
   <div class='ocr_carea' id='block_1_19' title="bbox 249 1875 1833 1947">
    <p class='ocr_par' dir='ltr' id='par_1_19' title="bbox 249 1875 1833 1947">
     <span class='ocr_line' id='line_1_19' title="bbox 249 1875 1833 1947; baseline 0.001 -20"><span class='ocrx_word' id='word_1_129' title='bbox 249 1875 327 1946; x_wconf 87' lang='grc' dir='ltr'>τῷ</span> <span class='ocrx_word' id='word_1_130' title='bbox 356 1878 619 1947; x_wconf 81' lang='grc' dir='ltr'>φήσαντι·</span> <span class='ocrx_word' id='word_1_131' title='bbox 653 1877 809 1931; x_wconf 83' lang='grc' dir='ltr'>Ἔδει</span> <span class='ocrx_word' id='word_1_132' title='bbox 840 1892 913 1931; x_wconf 83' lang='grc' dir='ltr'><strong>σε</strong></span> <span class='ocrx_word' id='word_1_133' title='bbox 941 1877 1008 1930; x_wconf 84' lang='grc' dir='ltr'>τὸ</span> <span class='ocrx_word' id='word_1_134' title='bbox 1040 1877 1325 1945; x_wconf 77' lang='grc' dir='ltr'>ἀργύριόν</span> <span class='ocrx_word' id='word_1_135' title='bbox 1355 1895 1475 1945; x_wconf 83' lang='grc' dir='ltr'><strong>μου</strong></span> <span class='ocrx_word' id='word_1_136' title='bbox 1496 1878 1717 1941; x_wconf 79' lang='grc' dir='ltr'><strong>βαλεῖν</strong></span> <span class='ocrx_word' id='word_1_137' title='bbox 1747 1880 1833 1944; x_wconf 81' lang='grc' dir='ltr'>εἰς</span> 
     </span>
    </p>
   </div>
   <div class='ocr_carea' id='block_1_20' title="bbox 250 1967 1835 2039">
    <p class='ocr_par' dir='ltr' id='par_1_20' title="bbox 250 1967 1835 2039">
     <span class='ocr_line' id='line_1_20' title="bbox 250 1967 1835 2039; baseline 0.001 -19"><span class='ocrx_word' id='word_1_138' title='bbox 250 1967 561 2036; x_wconf 75' lang='grc' dir='ltr'>τράπεζαν.</span> <span class='ocrx_word' id='word_1_139' title='bbox 613 1968 690 2023; x_wconf 87' lang='grc' dir='ltr'><em>Τὰ</em></span> <span class='ocrx_word' id='word_1_140' title='bbox 735 1971 910 2039; x_wconf 74' lang='grc' dir='ltr'>λόγια</span> <span class='ocrx_word' id='word_1_141' title='bbox 951 1971 1172 2037; x_wconf 81' lang='grc' dir='ltr'><strong>Κυρίου</strong></span> <span class='ocrx_word' id='word_1_142' title='bbox 1208 1971 1386 2038; x_wconf 77' lang='grc' dir='ltr'>λόγια</span> <span class='ocrx_word' id='word_1_143' title='bbox 1431 1969 1603 2038; x_wconf 71' lang='grc' dir='ltr'>ἁγνὰ,</span> <span class='ocrx_word' id='word_1_144' title='bbox 1652 1970 1835 2039; x_wconf 74' lang='grc' dir='ltr'>ἀργύ-</span> 
     </span>
    </p>
   </div>
   <div class='ocr_carea' id='block_1_21' title="bbox 250 2059 1833 2130">
    <p class='ocr_par' dir='ltr' id='par_1_21' title="bbox 250 2059 1833 2130">
     <span class='ocr_line' id='line_1_21' title="bbox 250 2059 1833 2130; baseline 0.001 -17"><span class='ocrx_word' id='word_1_145' title='bbox 250 2077 383 2126; x_wconf 83' lang='grc' dir='ltr'>ριον</span> <span class='ocrx_word' id='word_1_146' title='bbox 435 2059 885 2129; x_wconf 72' lang='grc' dir='ltr'><strong>πεπυρωμένον,</strong></span> <span class='ocrx_word' id='word_1_147' title='bbox 934 2059 1207 2129; x_wconf 82' lang='grc' dir='ltr'>δοκίμιον</span> <span class='ocrx_word' id='word_1_148' title='bbox 1250 2060 1323 2128; x_wconf 78' lang='grc' dir='ltr'>τῇ</span> <span class='ocrx_word' id='word_1_149' title='bbox 1378 2060 1475 2130; x_wconf 78' lang='grc' dir='ltr'>γῇ.</span> <span class='ocrx_word' id='word_1_150' title='bbox 1530 2063 1588 2113; x_wconf 84' lang='lat'><strong>&#39;0</strong></span> <span class='ocrx_word' id='word_1_151' title='bbox 1655 2063 1833 2115; x_wconf 79' lang='grc' dir='ltr'>τοίνυν</span> 
     </span>
    </p>
   </div>
   <div class='ocr_carea' id='block_1_22' title="bbox 250 2153 1834 2225">
    <p class='ocr_par' dir='ltr' id='par_1_22' title="bbox 250 2153 1834 2225">
     <span class='ocr_line' id='line_1_22' title="bbox 250 2153 1834 2225; baseline 0.003 -19"><span class='ocrx_word' id='word_1_152' title='bbox 250 2153 610 2225; x_wconf 84' lang='grc' dir='ltr'>ἀνακείμενος</span> <span class='ocrx_word' id='word_1_153' title='bbox 641 2156 707 2225; x_wconf 78' lang='grc' dir='ltr'>τῇ</span> <span class='ocrx_word' id='word_1_154' title='bbox 737 2154 846 2207; x_wconf 83' lang='grc' dir='ltr'><strong>τῶν</strong></span> <span class='ocrx_word' id='word_1_155' title='bbox 875 2154 1032 2207; x_wconf 84' lang='grc' dir='ltr'>Θείων</span> <span class='ocrx_word' id='word_1_156' title='bbox 1064 2156 1295 2225; x_wconf 84' lang='grc' dir='ltr'>ἀσκήσει</span> <span class='ocrx_word' id='word_1_157' title='bbox 1320 2155 1513 2223; x_wconf 83' lang='grc' dir='ltr'>λόγων,</span> <span class='ocrx_word' id='word_1_158' title='bbox 1542 2157 1633 2209; x_wconf 77' lang='grc' dir='ltr'><strong>καὶ</strong></span> <span class='ocrx_word' id='word_1_159' title='bbox 1664 2155 1834 2210; x_wconf 79' lang='grc' dir='ltr'>πολλὰ</span> 
     </span>
    </p>
   </div>
   <div class='ocr_carea' id='block_1_23' title="bbox 250 2230 1832 2321">
    <p class='ocr_par' dir='ltr' id='par_1_23' title="bbox 250 2230 1832 2321">
     <span class='ocr_line' id='line_1_23' title="bbox 250 2230 1832 2321; baseline 0.001 -23"><span class='ocrx_word' id='word_1_160' title='bbox 250 2245 444 2315; x_wconf 83' lang='grc' dir='ltr'>λογικὰ</span> <span class='ocrx_word' id='word_1_161' title='bbox 470 2248 727 2317; x_wconf 87' lang='grc' dir='ltr'>χρήματα</span> <span class='ocrx_word' id='word_1_162' title='bbox 758 2230 1098 2316; x_wconf 66' lang='grc' dir='ltr'>συναγαγὼν,</span> <span class='ocrx_word' id='word_1_163' title='bbox 1124 2248 1275 2301; x_wconf 81' lang='grc' dir='ltr'>οὐδὲν</span> <span class='ocrx_word' id='word_1_164' title='bbox 1307 2246 1493 2320; x_wconf 71' lang='grc' dir='ltr'>ἕτερον</span> <span class='ocrx_word' id='word_1_165' title='bbox 1520 2244 1628 2302; x_wconf 78' lang='grc' dir='ltr'>οἶδε</span> <span class='ocrx_word' id='word_1_166' title='bbox 1660 2250 1832 2321; x_wconf 84' lang='grc' dir='ltr'>πράτ-</span> 
     </span>
    </p>
   </div>
   <div class='ocr_carea' id='block_1_24' title="bbox 247 2338 1830 2411">
    <p class='ocr_par' dir='ltr' id='par_1_24' title="bbox 247 2338 1830 2411">
     <span class='ocr_line' id='line_1_24' title="bbox 247 2338 1830 2411; baseline 0.001 -21"><span class='ocrx_word' id='word_1_167' title='bbox 247 2354 381 2401; x_wconf 83' lang='grc' dir='ltr'>τειν,</span> <span class='ocrx_word' id='word_1_168' title='bbox 413 2338 444 2408; x_wconf 81' lang='grc' dir='ltr'>ἢ</span> <span class='ocrx_word' id='word_1_169' title='bbox 474 2338 562 2390; x_wconf 77' lang='grc' dir='ltr'>διὰ</span> <span class='ocrx_word' id='word_1_170' title='bbox 584 2338 763 2408; x_wconf 81' lang='grc' dir='ltr'>πάσης</span> <span class='ocrx_word' id='word_1_171' title='bbox 793 2339 1005 2411; x_wconf 82' lang='grc' dir='ltr'>ἡμέρας</span> <span class='ocrx_word' id='word_1_172' title='bbox 1046 2339 1216 2392; x_wconf 81' lang='grc' dir='ltr'>ἐλεεῖν</span> <span class='ocrx_word' id='word_1_173' title='bbox 1243 2340 1337 2393; x_wconf 78' lang='grc' dir='ltr'><strong>καὶ</strong></span> <span class='ocrx_word' id='word_1_174' title='bbox 1364 2340 1649 2405; x_wconf 80' lang='grc' dir='ltr'>δανείζειν.</span> <span class='ocrx_word' id='word_1_175' title='bbox 1674 2340 1830 2394; x_wconf 75' lang='grc' dir='ltr'>Κατὰ</span> 
     </span>
    </p>
   </div>
   <div class='ocr_carea' id='block_1_25' title="bbox 246 2430 1830 2500">
    <p class='ocr_par' dir='ltr' id='par_1_25' title="bbox 246 2430 1830 2500">
     <span class='ocr_line' id='line_1_25' title="bbox 246 2430 1830 2500; baseline 0 -15"><span class='ocrx_word' id='word_1_176' title='bbox 246 2431 305 2485; x_wconf 85' lang='grc' dir='ltr'><strong>δὲ</strong></span> <span class='ocrx_word' id='word_1_177' title='bbox 348 2431 441 2483; x_wconf 87' lang='grc' dir='ltr'><strong>τὸν</strong></span> <span class='ocrx_word' id='word_1_178' title='bbox 492 2430 744 2493; x_wconf 81' lang='grc' dir='ltr'>Ἀκύλαν,</span> <span class='ocrx_word' id='word_1_179' title='bbox 780 2430 934 2499; x_wconf 75' lang='grc' dir='ltr'>ὅλην</span> <span class='ocrx_word' id='word_1_180' title='bbox 978 2430 1093 2497; x_wconf 80' lang='grc' dir='ltr'>τὴν</span> <span class='ocrx_word' id='word_1_181' title='bbox 1141 2431 1371 2500; x_wconf 77' lang='grc' dir='ltr'>ἡμέραν</span> <span class='ocrx_word' id='word_1_182' title='bbox 1416 2431 1681 2500; x_wconf 81' lang='grc' dir='ltr'>δωρεῖται</span> <span class='ocrx_word' id='word_1_183' title='bbox 1730 2433 1830 2487; x_wconf 77' lang='grc' dir='ltr'>καὶ</span> 
     </span>
    </p>
   </div>
   <div class='ocr_carea' id='block_1_26' title="bbox 245 2522 1828 2595">
    <p class='ocr_par' dir='ltr' id='par_1_26' title="bbox 245 2522 1828 2595">
     <span class='ocr_line' id='line_1_26' title="bbox 245 2522 1828 2595; baseline 0.001 -18"><span class='ocrx_word' id='word_1_184' title='bbox 245 2522 523 2582; x_wconf 67' lang='grc' dir='ltr'>δανείζει·</span> <span class='ocrx_word' id='word_1_185' title='bbox 566 2526 679 2587; x_wconf 88' lang='grc' dir='ltr'>τοῖς</span> <span class='ocrx_word' id='word_1_186' title='bbox 726 2524 822 2595; x_wconf 82' lang='grc' dir='ltr'><strong>μὲν</strong></span> <span class='ocrx_word' id='word_1_187' title='bbox 862 2524 1136 2594; x_wconf 86' lang='grc' dir='ltr'>δωρεῖται,</span> <span class='ocrx_word' id='word_1_188' title='bbox 1180 2527 1293 2587; x_wconf 87' lang='grc' dir='ltr'>τοῖς</span> <span class='ocrx_word' id='word_1_189' title='bbox 1338 2524 1394 2577; x_wconf 81' lang='grc' dir='ltr'>δὲ</span> <span class='ocrx_word' id='word_1_190' title='bbox 1435 2524 1704 2589; x_wconf 75' lang='grc' dir='ltr'>δανείζει·</span> <span class='ocrx_word' id='word_1_191' title='bbox 1759 2526 1828 2579; x_wconf 78' lang='grc' dir='ltr'>τὰ</span> 
     </span>
    </p>
   </div>
   <div class='ocr_carea' id='block_1_27' title="bbox 249 2614 1830 2689">
    <p class='ocr_par' dir='ltr' id='par_1_27' title="bbox 249 2614 1830 2689">
     <span class='ocr_line' id='line_1_27' title="bbox 249 2614 1830 2689; baseline 0.001 -21"><span class='ocrx_word' id='word_1_192' title='bbox 249 2616 348 2686; x_wconf 78' lang='grc' dir='ltr'>μὲν</span> <span class='ocrx_word' id='word_1_193' title='bbox 370 2614 616 2686; x_wconf 86' lang='grc' dir='ltr'>δόγματα</span> <span class='ocrx_word' id='word_1_194' title='bbox 656 2614 832 2686; x_wconf 84' lang='grc' dir='ltr'>Θεωρή</span> <span class='ocrx_word' id='word_1_195' title='bbox 843 2633 988 2685; x_wconf 83' lang='grc' dir='ltr'>ματα</span> <span class='ocrx_word' id='word_1_196' title='bbox 1025 2616 1276 2686; x_wconf 79' lang='grc' dir='ltr'>δωρεῖται</span> <span class='ocrx_word' id='word_1_197' title='bbox 1300 2617 1419 2680; x_wconf 85' lang='grc' dir='ltr'>ταῖς</span> <span class='ocrx_word' id='word_1_198' title='bbox 1452 2614 1560 2669; x_wconf 83' lang='grc' dir='ltr'><strong>τῶν</strong></span> <span class='ocrx_word' id='word_1_199' title='bbox 1588 2616 1830 2689; x_wconf 83' lang='grc' dir='ltr'>χωρούν-</span> 
     </span>
    </p>
   </div>
   <div class='ocr_carea' id='block_1_28' title="bbox 245 2708 1829 2778">
    <p class='ocr_par' dir='ltr' id='par_1_28' title="bbox 245 2708 1829 2778">
     <span class='ocr_line' id='line_1_28' title="bbox 245 2708 1829 2778; baseline 0.003 -19"><span class='ocrx_word' id='word_1_200' title='bbox 245 2722 355 2760; x_wconf 85' lang='grc' dir='ltr'><strong>των</strong></span> <span class='ocrx_word' id='word_1_201' title='bbox 382 2708 609 2777; x_wconf 64' lang='grc' dir='ltr'>ψυχαῖς·</span> <span class='ocrx_word' id='word_1_202' title='bbox 646 2708 715 2761; x_wconf 83' lang='grc' dir='ltr'>τὰ</span> <span class='ocrx_word' id='word_1_203' title='bbox 753 2708 795 2760; x_wconf 79' lang='grc' dir='ltr'>δ’</span> <span class='ocrx_word' id='word_1_204' title='bbox 826 2710 884 2761; x_wconf 85' lang='grc' dir='ltr'>ὲν</span> <span class='ocrx_word' id='word_1_205' title='bbox 927 2708 1145 2778; x_wconf 71' lang='grc' dir='ltr'>ἠθικαῖς</span> <span class='ocrx_word' id='word_1_206' title='bbox 1174 2708 1416 2770; x_wconf 78' lang='grc' dir='ltr'>ἐντολαῖς</span> <span class='ocrx_word' id='word_1_207' title='bbox 1458 2708 1710 2772; x_wconf 78' lang='grc' dir='ltr'>δανείζει,</span> <span class='ocrx_word' id='word_1_208' title='bbox 1737 2712 1829 2763; x_wconf 71' lang='grc' dir='ltr'><strong>ἐπὶ</strong></span> 
     </span>
    </p>
   </div>
   <div class='ocr_carea' id='block_1_29' title="bbox 245 2799 1828 2871">
    <p class='ocr_par' dir='ltr' id='par_1_29' title="bbox 245 2799 1828 2871">
     <span class='ocr_line' id='line_1_29' title="bbox 245 2799 1828 2871; baseline 0.001 -20"><span class='ocrx_word' id='word_1_209' title='bbox 245 2799 325 2870; x_wconf 84' lang='grc' dir='ltr'>τῷ</span> <span class='ocrx_word' id='word_1_210' title='bbox 369 2800 494 2863; x_wconf 77' lang='grc' dir='ltr'>τοὺς</span> <span class='ocrx_word' id='word_1_211' title='bbox 531 2799 819 2870; x_wconf 80' lang='grc' dir='ltr'>εἰληφότας</span> <span class='ocrx_word' id='word_1_212' title='bbox 849 2799 914 2853; x_wconf 81' lang='grc' dir='ltr'>δι’</span> <span class='ocrx_word' id='word_1_213' title='bbox 960 2800 1136 2871; x_wconf 75' lang='grc' dir='ltr'>ἔργων</span> <span class='ocrx_word' id='word_1_214' title='bbox 1164 2800 1255 2853; x_wconf 78' lang='grc' dir='ltr'>τὸν</span> <span class='ocrx_word' id='word_1_215' title='bbox 1287 2801 1496 2867; x_wconf 78' lang='grc' dir='ltr'>καρπὸν</span> <span class='ocrx_word' id='word_1_216' title='bbox 1539 2801 1828 2855; x_wconf 78' lang='grc' dir='ltr'>ἀποδοῦναι</span> 
     </span>
    </p>
   </div>
   <div class='ocr_carea' id='block_1_30' title="bbox 247 2891 1830 2963">
    <p class='ocr_par' dir='ltr' id='par_1_30' title="bbox 247 2891 1830 2963">
     <span class='ocr_line' id='line_1_30' title="bbox 247 2891 1830 2963; baseline 0.001 -18"><span class='ocrx_word' id='word_1_217' title='bbox 247 2891 341 2945; x_wconf 81' lang='grc' dir='ltr'>τοῦ</span> <span class='ocrx_word' id='word_1_218' title='bbox 369 2892 578 2955; x_wconf 88' lang='grc' dir='ltr'>δάνους.</span> <span class='ocrx_word' id='word_1_219' title='bbox 624 2892 811 2956; x_wconf 74' lang='grc' dir='ltr'>Οὕτως</span> <span class='ocrx_word' id='word_1_220' title='bbox 839 2892 1042 2963; x_wconf 82' lang='grc' dir='ltr'>ἀκούσῃ</span> <span class='ocrx_word' id='word_1_221' title='bbox 1069 2893 1163 2946; x_wconf 55' lang='grc' dir='ltr'><strong>καί⁸</strong></span> <span class='ocrx_word' id='word_1_222' title='bbox 1189 2893 1468 2957; x_wconf 83' lang='grc' dir='ltr'>Μωῡσὲως</span> <span class='ocrx_word' id='word_1_223' title='bbox 1498 2894 1830 2962; x_wconf 77' lang='grc' dir='ltr'>ἐπαγγελλο-</span> 
     </span>
    </p>
   </div>
   <div class='ocr_carea' id='block_1_31' title="bbox 249 2983 1829 3055">
    <p class='ocr_par' dir='ltr' id='par_1_31' title="bbox 249 2983 1829 3055">
     <span class='ocr_line' id='line_1_31' title="bbox 249 2983 1829 3055; baseline -0.003 -18"><span class='ocrx_word' id='word_1_224' title='bbox 249 2984 410 3055; x_wconf 83' lang='grc' dir='ltr'>μένου</span> <span class='ocrx_word' id='word_1_225' title='bbox 456 2986 567 3048; x_wconf 87' lang='grc' dir='ltr'>τοῖς</span> <span class='ocrx_word' id='word_1_226' title='bbox 604 2983 711 3038; x_wconf 84' lang='grc' dir='ltr'><strong>τῶν</strong></span> <span class='ocrx_word' id='word_1_227' title='bbox 755 2984 913 3038; x_wconf 66' lang='grc' dir='ltr'>θείων</span> <span class='ocrx_word' id='word_1_228' title='bbox 962 2984 1141 3055; x_wconf 87' lang='grc' dir='ltr'>νόμων</span> <span class='ocrx_word' id='word_1_229' title='bbox 1186 2983 1440 3052; x_wconf 83' lang='grc' dir='ltr'>φύλαξιν·</span> <span class='ocrx_word' id='word_1_230' title='bbox 1481 2984 1561 3047; x_wconf 80' lang='grc' dir='ltr'><strong>τὸ,</strong></span> <span class='ocrx_word' id='word_1_231' title='bbox 1604 2986 1829 3051; x_wconf 82' lang='grc' dir='ltr'>Δανιεῖς</span> 
     </span>
    </p>
   </div>
   <div class='ocr_carea' id='block_1_32' title="bbox 246 3075 1827 3146">
    <p class='ocr_par' dir='ltr' id='par_1_32' title="bbox 246 3075 1827 3146">
     <span class='ocr_line' id='line_1_32' title="bbox 246 3075 1827 3146; baseline 0.001 -18"><span class='ocrx_word' id='word_1_232' title='bbox 246 3075 449 3130; x_wconf 76' lang='grc' dir='ltr'>ἔθνεσι</span> <span class='ocrx_word' id='word_1_233' title='bbox 496 3077 767 3143; x_wconf 70' lang='grc' dir='ltr'>πολλοῖς,</span> <span class='ocrx_word' id='word_1_234' title='bbox 813 3077 893 3131; x_wconf 85' lang='grc' dir='ltr'>σὺ</span> <span class='ocrx_word' id='word_1_235' title='bbox 927 3075 994 3129; x_wconf 82' lang='grc' dir='ltr'>δὲ</span> <span class='ocrx_word' id='word_1_236' title='bbox 1027 3079 1099 3130; x_wconf 86' lang='grc' dir='ltr'>οὐ</span> <span class='ocrx_word' id='word_1_237' title='bbox 1133 3076 1340 3129; x_wconf 78' lang='grc' dir='ltr'>δανιεῖ.</span> <span class='ocrx_word' id='word_1_238' title='bbox 1372 3078 1483 3130; x_wconf 72' lang='grc' dir='ltr'><strong>Καὶ</strong></span> <span class='ocrx_word' id='word_1_239' title='bbox 1525 3077 1713 3130; x_wconf 80' lang='grc' dir='ltr'>τοῦτόν</span> <span class='ocrx_word' id='word_1_240' title='bbox 1763 3094 1827 3146; x_wconf 87' lang='grc' dir='ltr'><strong>γε</strong></span> 
     </span>
    </p>
   </div>
   <div class='ocr_carea' id='block_1_33' title="bbox 1936 584 3589 666">
    <p class='ocr_par' dir='ltr' id='par_1_33' title="bbox 1936 584 3589 666">
     <span class='ocr_line' id='line_1_33' title="bbox 1936 584 3589 666; baseline -0.002 -26"><span class='ocrx_word' id='word_1_241' title='bbox 1936 587 2102 640; x_wconf 87' lang='lat' dir='ltr'><strong>vitam</strong></span> <span class='ocrx_word' id='word_1_242' title='bbox 2131 586 2371 641; x_wconf 77' lang='lat' dir='ltr'><strong>studiose</strong></span> <span class='ocrx_word' id='word_1_243' title='bbox 2397 585 2659 656; x_wconf 77' lang='lat' dir='ltr'><strong>perpendi</strong></span> <span class='ocrx_word' id='word_1_244' title='bbox 2688 604 2700 640; x_wconf 92' lang='lat'>:</span> <span class='ocrx_word' id='word_1_245' title='bbox 2748 584 2896 638; x_wconf 90' lang='lat' dir='ltr'><strong>nullo</strong></span> <span class='ocrx_word' id='word_1_246' title='bbox 2920 585 3131 654; x_wconf 82' lang='lat' dir='ltr'><strong>quippe</strong></span> <span class='ocrx_word' id='word_1_247' title='bbox 3160 592 3403 655; x_wconf 89' lang='lat' dir='ltr'><strong>tempore</strong></span> <span class='ocrx_word' id='word_1_248' title='bbox 3427 584 3519 653; x_wconf 84' lang='lat' dir='ltr'><strong>ju-</strong></span> <span class='ocrx_word' id='word_1_249' title='bbox 3578 636 3589 666; x_wconf 26' lang='grc' dir='ltr'>ξ</span> 
     </span>
    </p>
   </div>
   <div class='ocr_carea' id='block_1_34' title="bbox 1937 675 3521 746">
    <p class='ocr_par' dir='ltr' id='par_1_34' title="bbox 1937 675 3521 746">
     <span class='ocr_line' id='line_1_34' title="bbox 1937 675 3521 746; baseline -0.001 -15"><span class='ocrx_word' id='word_1_250' title='bbox 1937 687 2058 732; x_wconf 88' lang='lat' dir='ltr'><strong>stus</strong></span> <span class='ocrx_word' id='word_1_251' title='bbox 2084 677 2372 737; x_wconf 88' lang='lat' dir='ltr'><strong>deseritur,</strong></span> <span class='ocrx_word' id='word_1_252' title='bbox 2404 678 2497 732; x_wconf 90' lang='lat' dir='ltr'><strong>sed</strong></span> <span class='ocrx_word' id='word_1_253' title='bbox 2532 675 2819 730; x_wconf 90' lang='lat' dir='ltr'><strong>Dominum</strong></span> <span class='ocrx_word' id='word_1_254' title='bbox 2872 691 3030 730; x_wconf 91' lang='lat' dir='ltr'><strong>suum</strong></span> <span class='ocrx_word' id='word_1_255' title='bbox 3075 691 3290 746; x_wconf 85' lang='lat' dir='ltr'><strong>semper</strong></span> <span class='ocrx_word' id='word_1_256' title='bbox 3333 686 3521 731; x_wconf 85' lang='lat' dir='ltr'><strong>astan-</strong></span> 
     </span>
    </p>
   </div>
   <div class='ocr_carea' id='block_1_35' title="bbox 1936 768 3517 840">
    <p class='ocr_par' dir='ltr' id='par_1_35' title="bbox 1936 768 3517 840">
     <span class='ocr_line' id='line_1_35' title="bbox 1936 768 3517 840; baseline -0.002 -17"><span class='ocrx_word' id='word_1_257' title='bbox 1936 778 2043 824; x_wconf 92' lang='lat' dir='ltr'><strong>tem</strong></span> <span class='ocrx_word' id='word_1_258' title='bbox 2073 772 2566 840; x_wconf 88' lang='lat' dir='ltr'><strong>opitulatoremque</strong></span> <span class='ocrx_word' id='word_1_259' title='bbox 2594 769 2780 824; x_wconf 94' lang='lat' dir='ltr'><strong>habet.</strong></span> <span class='ocrx_word' id='word_1_260' title='bbox 2814 768 2994 834; x_wconf 81' lang='lat' dir='ltr'><strong>Quare</strong></span> <span class='ocrx_word' id='word_1_261' title='bbox 3037 770 3146 832; x_wconf 91' lang='lat' dir='ltr'><strong>ait,</strong></span> <span class='ocrx_word' id='word_1_262' title='bbox 3182 769 3369 838; x_wconf 87' lang='lat' dir='ltr'><strong>junior</strong></span> <span class='ocrx_word' id='word_1_263' title='bbox 3408 769 3517 839; x_wconf 77' lang='lat' dir='ltr'><strong>fui,</strong></span> 
     </span>
    </p>
   </div>
   <div class='ocr_carea' id='block_1_36' title="bbox 1935 860 3517 933">
    <p class='ocr_par' dir='ltr' id='par_1_36' title="bbox 1935 860 3517 933">
     <span class='ocr_line' id='line_1_36' title="bbox 1935 860 3517 933; baseline -0.001 -16"><span class='ocrx_word' id='word_1_264' title='bbox 1935 863 2050 917; x_wconf 91' lang='lat' dir='ltr'><strong>sive</strong></span> <span class='ocrx_word' id='word_1_265' title='bbox 2080 862 2382 917; x_wconf 89' lang='lat' dir='ltr'><strong>secundum</strong></span> <span class='ocrx_word' id='word_1_266' title='bbox 2418 861 2825 933; x_wconf 78' lang='lat' dir='ltr'><strong>Symmachum,</strong></span> <span class='ocrx_word' id='word_1_267' title='bbox 2854 862 3063 931; x_wconf 83' lang='lat' dir='ltr'><strong>juvenis</strong></span> <span class='ocrx_word' id='word_1_268' title='bbox 3086 860 3187 931; x_wconf 82' lang='lat' dir='ltr'><strong>fui,</strong></span> <span class='ocrx_word' id='word_1_269' title='bbox 3215 861 3304 915; x_wconf 77' lang='lat' dir='ltr'><strong>sed</strong></span> <span class='ocrx_word' id='word_1_270' title='bbox 3330 864 3517 927; x_wconf 84' lang='lat' dir='ltr'><strong>senui,</strong></span> 
     </span>
    </p>
   </div>
   <div class='ocr_carea' id='block_1_37' title="bbox 1932 952 3520 1024">
    <p class='ocr_par' dir='ltr' id='par_1_37' title="bbox 1932 952 3520 1024">
     <span class='ocr_line' id='line_1_37' title="bbox 1932 952 3520 1024; baseline -0.001 -16"><span class='ocrx_word' id='word_1_271' title='bbox 1932 964 1983 1008; x_wconf 85' lang='lat' dir='ltr'><strong>et</strong></span> <span class='ocrx_word' id='word_1_272' title='bbox 2005 972 2108 1008; x_wconf 86' lang='lat' dir='ltr'><strong>non</strong></span> <span class='ocrx_word' id='word_1_273' title='bbox 2140 955 2244 1008; x_wconf 86' lang='lat' dir='ltr'><strong>vidi</strong></span> <span class='ocrx_word' id='word_1_274' title='bbox 2267 954 2478 1024; x_wconf 80' lang='lat' dir='ltr'><strong>justum</strong></span> <span class='ocrx_word' id='word_1_275' title='bbox 2506 952 2849 1017; x_wconf 85' lang='lat' dir='ltr'><strong>derelictum,</strong></span> <span class='ocrx_word' id='word_1_276' title='bbox 2883 969 2973 1006; x_wconf 86' lang='lat' dir='ltr'><strong>nec</strong></span> <span class='ocrx_word' id='word_1_277' title='bbox 3018 968 3191 1006; x_wconf 81' lang='lat' dir='ltr'><strong>semen</strong></span> <span class='ocrx_word' id='word_1_278' title='bbox 3222 952 3340 1021; x_wconf 76' lang='lat' dir='ltr'><strong>ejus</strong></span> <span class='ocrx_word' id='word_1_279' title='bbox 3376 969 3520 1022; x_wconf 76' lang='lat' dir='ltr'><strong>quat—</strong></span> 
     </span>
    </p>
   </div>
   <div class='ocr_carea' id='block_1_38' title="bbox 1934 1042 3522 1114">
    <p class='ocr_par' dir='ltr' id='par_1_38' title="bbox 1934 1042 3522 1114">
     <span class='ocr_line' id='line_1_38' title="bbox 1934 1042 3522 1114; baseline 0 -17"><span class='ocrx_word' id='word_1_280' title='bbox 1934 1062 2052 1099; x_wconf 82' lang='lat' dir='ltr'><strong>rens</strong></span> <span class='ocrx_word' id='word_1_281' title='bbox 2080 1062 2263 1110; x_wconf 80' lang='lat' dir='ltr'><strong>panes.</strong></span> <span class='ocrx_word' id='word_1_282' title='bbox 2298 1044 2362 1097; x_wconf 83' lang='lat' dir='ltr'><strong>Et</strong></span> <span class='ocrx_word' id='word_1_283' title='bbox 2390 1043 2505 1114; x_wconf 88' lang='lat' dir='ltr'><strong>qui,</strong></span> <span class='ocrx_word' id='word_1_284' title='bbox 2538 1058 2746 1113; x_wconf 67' lang='lat' dir='ltr'><strong>quaaso,</strong></span> <span class='ocrx_word' id='word_1_285' title='bbox 2773 1050 2953 1112; x_wconf 87' lang='lat' dir='ltr'><strong>potest</strong></span> <span class='ocrx_word' id='word_1_286' title='bbox 2977 1042 3113 1110; x_wconf 88' lang='lat' dir='ltr'><strong>justi</strong></span> <span class='ocrx_word' id='word_1_287' title='bbox 3145 1058 3331 1097; x_wconf 86' lang='lat' dir='ltr'><strong>semen</strong></span> <span class='ocrx_word' id='word_1_288' title='bbox 3361 1058 3522 1113; x_wconf 88' lang='lat' dir='ltr'><strong>egere</strong></span> 
     </span>
    </p>
   </div>
   <div class='ocr_carea' id='block_1_39' title="bbox 1933 1136 3521 1209">
    <p class='ocr_par' dir='ltr' id='par_1_39' title="bbox 1933 1136 3521 1209">
     <span class='ocr_line' id='line_1_39' title="bbox 1933 1136 3521 1209; baseline -0.003 -16"><span class='ocrx_word' id='word_1_289' title='bbox 1933 1139 2189 1209; x_wconf 84' lang='lat' dir='ltr'><strong>panibus,</strong></span> <span class='ocrx_word' id='word_1_290' title='bbox 2222 1138 2443 1209; x_wconf 85' lang='lat' dir='ltr'><strong>quando</strong></span> <span class='ocrx_word' id='word_1_291' title='bbox 2482 1137 2619 1206; x_wconf 88' lang='lat' dir='ltr'><strong>ipse,</strong></span> <span class='ocrx_word' id='word_1_292' title='bbox 2673 1136 2784 1191; x_wconf 88' lang='lat' dir='ltr'><strong>Deo</strong></span> <span class='ocrx_word' id='word_1_293' title='bbox 2828 1136 3049 1190; x_wconf 83' lang='lat' dir='ltr'><strong>divitias</strong></span> <span class='ocrx_word' id='word_1_294' title='bbox 3093 1136 3197 1191; x_wconf 89' lang='lat' dir='ltr'><strong>sibi</strong></span> <span class='ocrx_word' id='word_1_295' title='bbox 3251 1136 3521 1191; x_wconf 84' lang='lat' dir='ltr'><strong>submini-</strong></span> 
     </span>
    </p>
   </div>
   <div class='ocr_carea' id='block_1_40' title="bbox 1932 1226 3522 1297">
    <p class='ocr_par' dir='ltr' id='par_1_40' title="bbox 1932 1226 3522 1297">
     <span class='ocr_line' id='line_1_40' title="bbox 1932 1226 3522 1297; baseline -0.004 -10"><span class='ocrx_word' id='word_1_296' title='bbox 1932 1240 2163 1295; x_wconf 87' lang='lat' dir='ltr'><strong>strantc,</strong></span> <span class='ocrx_word' id='word_1_297' title='bbox 2199 1240 2311 1285; x_wconf 87' lang='lat' dir='ltr'><strong>tota</strong></span> <span class='ocrx_word' id='word_1_298' title='bbox 2335 1229 2419 1283; x_wconf 87' lang='lat' dir='ltr'><strong>die</strong></span> <span class='ocrx_word' id='word_1_299' title='bbox 2445 1230 2724 1282; x_wconf 79' lang='lat' dir='ltr'><strong>miseretur</strong></span> <span class='ocrx_word' id='word_1_300' title='bbox 2753 1238 2802 1283; x_wconf 84' lang='lat' dir='ltr'><strong>et</strong></span> <span class='ocrx_word' id='word_1_301' title='bbox 2833 1230 3133 1283; x_wconf 81' lang='lat' dir='ltr'><strong>commodat</strong></span> <span class='ocrx_word' id='word_1_302' title='bbox 3153 1232 3178 1283; x_wconf 83' lang='lat'><strong><em>?</em></strong></span> <span class='ocrx_word' id='word_1_303' title='bbox 3207 1226 3333 1282; x_wconf 61' lang='lat' dir='ltr'><strong>Haec</strong></span> <span class='ocrx_word' id='word_1_304' title='bbox 3357 1242 3522 1297; x_wconf 91' lang='lat' dir='ltr'><strong>porro</strong></span> 
     </span>
    </p>
   </div>
   <div class='ocr_carea' id='block_1_41' title="bbox 1933 1320 3521 1395">
    <p class='ocr_par' dir='ltr' id='par_1_41' title="bbox 1933 1320 3521 1395">
     <span class='ocr_line' id='line_1_41' title="bbox 1933 1320 3521 1395; baseline -0.004 -16"><span class='ocrx_word' id='word_1_305' title='bbox 1933 1325 2206 1395; x_wconf 78' lang='lat' dir='ltr'><strong>intelligas</strong></span> <span class='ocrx_word' id='word_1_306' title='bbox 2255 1339 2318 1376; x_wconf 80' lang='lat' dir='ltr'><strong>ac</strong></span> <span class='ocrx_word' id='word_1_307' title='bbox 2352 1330 2535 1377; x_wconf 89' lang='lat' dir='ltr'><strong>mente</strong></span> <span class='ocrx_word' id='word_1_308' title='bbox 2583 1320 2875 1392; x_wconf 84' lang='lat' dir='ltr'><strong>percipias,</strong></span> <span class='ocrx_word' id='word_1_309' title='bbox 2911 1322 2956 1376; x_wconf 89' lang='lat' dir='ltr'><strong>si</strong></span> <span class='ocrx_word' id='word_1_310' title='bbox 2989 1321 3283 1377; x_wconf 90' lang='lat' dir='ltr'><strong>edidiceris</strong></span> <span class='ocrx_word' id='word_1_311' title='bbox 3340 1322 3521 1390; x_wconf 88' lang='lat' dir='ltr'><strong>ipsum</strong></span> 
     </span>
    </p>
   </div>
   <div class='ocr_carea' id='block_1_42' title="bbox 1931 1412 3524 1485">
    <p class='ocr_par' dir='ltr' id='par_1_42' title="bbox 1931 1412 3524 1485">
     <span class='ocr_line' id='line_1_42' title="bbox 1931 1412 3524 1485; baseline -0.003 -14"><span class='ocrx_word' id='word_1_312' title='bbox 1931 1431 2054 1471; x_wconf 89' lang='lat' dir='ltr'><strong>cum</strong></span> <span class='ocrx_word' id='word_1_313' title='bbox 2079 1416 2280 1471; x_wconf 86' lang='lat' dir='ltr'><strong>talenta</strong></span> <span class='ocrx_word' id='word_1_314' title='bbox 2310 1431 2339 1468; x_wconf 90' lang='lat' dir='ltr'><strong>a</strong></span> <span class='ocrx_word' id='word_1_315' title='bbox 2363 1413 2775 1485; x_wconf 80' lang='lat' dir='ltr'><strong>patrefamilias,</strong></span> <span class='ocrx_word' id='word_1_316' title='bbox 2806 1420 2860 1468; x_wconf 91' lang='lat' dir='ltr'><strong>et</strong></span> <span class='ocrx_word' id='word_1_317' title='bbox 2894 1429 3075 1467; x_wconf 86' lang='lat' dir='ltr'><strong>mnam</strong></span> <span class='ocrx_word' id='word_1_318' title='bbox 3106 1429 3135 1467; x_wconf 91' lang='lat' dir='ltr'><strong>a</strong></span> <span class='ocrx_word' id='word_1_319' title='bbox 3171 1412 3403 1467; x_wconf 91' lang='lat' dir='ltr'><strong>Domino</strong></span> <span class='ocrx_word' id='word_1_320' title='bbox 3430 1427 3524 1466; x_wconf 83' lang='lat' dir='ltr'><strong>ac-</strong></span> 
     </span>
    </p>
   </div>
   <div class='ocr_carea' id='block_1_43' title="bbox 1931 1503 3523 1577">
    <p class='ocr_par' dir='ltr' id='par_1_43' title="bbox 1931 1503 3523 1577">
     <span class='ocr_line' id='line_1_43' title="bbox 1931 1503 3523 1577; baseline -0.003 -16"><span class='ocrx_word' id='word_1_321' title='bbox 1931 1507 2194 1577; x_wconf 81' lang='lat' dir='ltr'><strong>cepisset,</strong></span> <span class='ocrx_word' id='word_1_322' title='bbox 2228 1508 2296 1561; x_wconf 91' lang='lat' dir='ltr'><strong>iis</strong></span> <span class='ocrx_word' id='word_1_323' title='bbox 2326 1507 2393 1561; x_wconf 89' lang='lat' dir='ltr'><strong>ad</strong></span> <span class='ocrx_word' id='word_1_324' title='bbox 2427 1505 2858 1576; x_wconf 80' lang='lat' dir='ltr'><strong>negotiationem</strong></span> <span class='ocrx_word' id='word_1_325' title='bbox 2895 1521 3054 1560; x_wconf 92' lang='lat' dir='ltr'><strong>usum</strong></span> <span class='ocrx_word' id='word_1_326' title='bbox 3088 1521 3245 1567; x_wconf 90' lang='lat' dir='ltr'><strong>esse,</strong></span> <span class='ocrx_word' id='word_1_327' title='bbox 3291 1503 3523 1559; x_wconf 87' lang='lat' dir='ltr'><strong>Domino</strong></span> 
     </span>
    </p>
   </div>
   <div class='ocr_carea' id='block_1_44' title="bbox 1931 1598 3522 1669">
    <p class='ocr_par' dir='ltr' id='par_1_44' title="bbox 1931 1598 3522 1669">
     <span class='ocr_line' id='line_1_44' title="bbox 1931 1598 3522 1669; baseline -0.003 -15"><span class='ocrx_word' id='word_1_328' title='bbox 1931 1599 2396 1669; x_wconf 83' lang='lat' dir='ltr'><strong>obtemperantem</strong></span> <span class='ocrx_word' id='word_1_329' title='bbox 2442 1598 2515 1651; x_wconf 90' lang='lat' dir='ltr'><strong>ita</strong></span> <span class='ocrx_word' id='word_1_330' title='bbox 2545 1598 2790 1669; x_wconf 86' lang='lat' dir='ltr'><strong>loquenti</strong></span> <span class='ocrx_word' id='word_1_331' title='bbox 2820 1618 2832 1652; x_wconf 90' lang='lat'>:</span> <span class='ocrx_word' id='word_1_332' title='bbox 2873 1599 3121 1668; x_wconf 83' lang='lat' dir='ltr'><strong>Oportuit</strong></span> <span class='ocrx_word' id='word_1_333' title='bbox 3156 1607 3203 1651; x_wconf 86' lang='lat' dir='ltr'><strong>te</strong></span> <span class='ocrx_word' id='word_1_334' title='bbox 3243 1598 3522 1666; x_wconf 80' lang='lat' dir='ltr'><strong>pecuniam</strong></span> 
     </span>
    </p>
   </div>
   <div class='ocr_carea' id='block_1_45' title="bbox 1933 1688 3523 1760">
    <p class='ocr_par' dir='ltr' id='par_1_45' title="bbox 1933 1688 3523 1760">
     <span class='ocr_line' id='line_1_45' title="bbox 1933 1688 3523 1760; baseline -0.001 -15"><span class='ocrx_word' id='word_1_335' title='bbox 1933 1707 2101 1745; x_wconf 89' lang='lat' dir='ltr'><strong>meam</strong></span> <span class='ocrx_word' id='word_1_336' title='bbox 2118 1691 2311 1760; x_wconf 80' lang='lat' dir='ltr'><strong>jecisse</strong></span> <span class='ocrx_word' id='word_1_337' title='bbox 2340 1689 2409 1742; x_wconf 85' lang='lat' dir='ltr'><strong>ad</strong></span> <span class='ocrx_word' id='word_1_338' title='bbox 2439 1706 2675 1743; x_wconf 86' lang='lat' dir='ltr'><strong>mensam</strong></span> <span class='ocrx_word' id='word_1_339' title='bbox 2698 1690 2763 1743; x_wconf 87' lang='grc'><strong>⁷³.</strong></span> <span class='ocrx_word' id='word_1_340' title='bbox 2799 1688 3026 1760; x_wconf 85' lang='lat' dir='ltr'><strong>Eloquia</strong></span> <span class='ocrx_word' id='word_1_341' title='bbox 3050 1689 3284 1755; x_wconf 80' lang='lat' dir='ltr'><strong>Domini,</strong></span> <span class='ocrx_word' id='word_1_342' title='bbox 3314 1689 3523 1760; x_wconf 83' lang='lat' dir='ltr'><strong>eloquia</strong></span> 
     </span>
    </p>
   </div>
   <div class='ocr_carea' id='block_1_46' title="bbox 1933 1782 3519 1852">
    <p class='ocr_par' dir='ltr' id='par_1_46' title="bbox 1933 1782 3519 1852">
     <span class='ocr_line' id='line_1_46' title="bbox 1933 1782 3519 1852; baseline 0 -15"><span class='ocrx_word' id='word_1_343' title='bbox 1933 1793 2106 1844; x_wconf 81' lang='lat' dir='ltr'><strong>casta,</strong></span> <span class='ocrx_word' id='word_1_344' title='bbox 2125 1792 2398 1852; x_wconf 85' lang='lat' dir='ltr'><strong>argentum</strong></span> <span class='ocrx_word' id='word_1_345' title='bbox 2421 1782 2537 1849; x_wconf 82' lang='lat' dir='ltr'><strong>igne</strong></span> <span class='ocrx_word' id='word_1_346' title='bbox 2567 1783 2952 1845; x_wconf 71' lang='lat' dir='ltr'><strong>examinatum,</strong></span> <span class='ocrx_word' id='word_1_347' title='bbox 2976 1782 3257 1851; x_wconf 82' lang='lat' dir='ltr'><strong>probatum</strong></span> <span class='ocrx_word' id='word_1_348' title='bbox 3281 1791 3434 1836; x_wconf 79' lang='lat' dir='ltr'><strong>terra:</strong></span> <span class='ocrx_word' id='word_1_349' title='bbox 3453 1783 3519 1837; x_wconf 69' lang='grc'>⁷⁸.</span> 
     </span>
    </p>
   </div>
   <div class='ocr_carea' id='block_1_47' title="bbox 1866 1854 3519 1945">
    <p class='ocr_par' dir='ltr' id='par_1_47' title="bbox 1866 1854 3519 1945">
     <span class='ocr_line' id='line_1_47' title="bbox 1866 1854 3519 1945; baseline 0.001 -17"><span class='ocrx_word' id='word_1_350' title='bbox 1866 1854 1907 1911; x_wconf 82' lang='grc' dir='ltr'><strong>Β</strong></span> <span class='ocrx_word' id='word_1_351' title='bbox 1936 1874 2199 1944; x_wconf 76' lang='lat' dir='ltr'><strong>Quisquis</strong></span> <span class='ocrx_word' id='word_1_352' title='bbox 2230 1874 2397 1945; x_wconf 87' lang='lat' dir='ltr'><strong>igitur</strong></span> <span class='ocrx_word' id='word_1_353' title='bbox 2419 1874 2589 1928; x_wconf 80' lang='lat' dir='ltr'><strong>divini</strong></span> <span class='ocrx_word' id='word_1_354' title='bbox 2625 1875 2896 1929; x_wconf 76' lang='lat' dir='ltr'><strong>sermonis</strong></span> <span class='ocrx_word' id='word_1_355' title='bbox 2920 1877 3184 1931; x_wconf 79' lang='lat' dir='ltr'><strong>exercitio</strong></span> <span class='ocrx_word' id='word_1_356' title='bbox 3216 1876 3519 1940; x_wconf 88' lang='lat' dir='ltr'><strong>incumbit,</strong></span> 
     </span>
    </p>
   </div>
   <div class='ocr_carea' id='block_1_48' title="bbox 1934 1963 3517 2037">
    <p class='ocr_par' dir='ltr' id='par_1_48' title="bbox 1934 1963 3517 2037">
     <span class='ocr_line' id='line_1_48' title="bbox 1934 1963 3517 2037; baseline 0.001 -17"><span class='ocrx_word' id='word_1_357' title='bbox 1934 1967 2246 2035; x_wconf 90' lang='lat' dir='ltr'><strong>multasque</strong></span> <span class='ocrx_word' id='word_1_358' title='bbox 2298 1963 2653 2029; x_wconf 83' lang='lat' dir='ltr'><strong>rationabiles</strong></span> <span class='ocrx_word' id='word_1_359' title='bbox 2696 1964 2916 2020; x_wconf 90' lang='lat' dir='ltr'><strong>divitias</strong></span> <span class='ocrx_word' id='word_1_360' title='bbox 2974 1967 3220 2037; x_wconf 78' lang='lat' dir='ltr'><strong>colligit,</strong></span> <span class='ocrx_word' id='word_1_361' title='bbox 3278 1966 3325 2021; x_wconf 92' lang='lat' dir='ltr'><strong>is</strong></span> <span class='ocrx_word' id='word_1_362' title='bbox 3379 1967 3517 2021; x_wconf 87' lang='lat' dir='ltr'><strong>nihil</strong></span> 
     </span>
    </p>
   </div>
   <div class='ocr_carea' id='block_1_49' title="bbox 1935 2058 3523 2129">
    <p class='ocr_par' dir='ltr' id='par_1_49' title="bbox 1935 2058 3523 2129">
     <span class='ocr_line' id='line_1_49' title="bbox 1935 2058 3523 2129; baseline 0.001 -17"><span class='ocrx_word' id='word_1_363' title='bbox 1935 2059 2083 2112; x_wconf 92' lang='lat' dir='ltr'><strong>aliud</strong></span> <span class='ocrx_word' id='word_1_364' title='bbox 2115 2074 2276 2129; x_wconf 87' lang='lat' dir='ltr'><strong>agere</strong></span> <span class='ocrx_word' id='word_1_365' title='bbox 2311 2058 2491 2121; x_wconf 90' lang='lat' dir='ltr'><strong>novit,</strong></span> <span class='ocrx_word' id='word_1_366' title='bbox 2533 2073 2694 2129; x_wconf 88' lang='lat' dir='ltr'><strong>quam</strong></span> <span class='ocrx_word' id='word_1_367' title='bbox 2727 2066 2787 2111; x_wconf 92' lang='lat' dir='ltr'><strong>ut</strong></span> <span class='ocrx_word' id='word_1_368' title='bbox 2817 2065 2932 2112; x_wconf 92' lang='lat' dir='ltr'><strong>tota</strong></span> <span class='ocrx_word' id='word_1_369' title='bbox 2959 2059 3047 2113; x_wconf 91' lang='lat' dir='ltr'><strong>die</strong></span> <span class='ocrx_word' id='word_1_370' title='bbox 3096 2061 3423 2115; x_wconf 86' lang='lat' dir='ltr'><strong>misereatur</strong></span> <span class='ocrx_word' id='word_1_371' title='bbox 3466 2069 3523 2115; x_wconf 86' lang='lat' dir='ltr'><strong>et</strong></span> 
     </span>
    </p>
   </div>
   <div class='ocr_carea' id='block_1_50' title="bbox 1933 2147 3519 2219">
    <p class='ocr_par' dir='ltr' id='par_1_50' title="bbox 1933 2147 3519 2219">
     <span class='ocr_line' id='line_1_50' title="bbox 1933 2147 3519 2219; baseline 0.001 -16"><span class='ocrx_word' id='word_1_372' title='bbox 1933 2149 2264 2204; x_wconf 90' lang='lat' dir='ltr'><strong>commodet.</strong></span> <span class='ocrx_word' id='word_1_373' title='bbox 2295 2147 2606 2203; x_wconf 89' lang='lat' dir='ltr'><strong>Secundum</strong></span> <span class='ocrx_word' id='word_1_374' title='bbox 2654 2148 2909 2219; x_wconf 84' lang='lat' dir='ltr'><strong>Aquilam</strong></span> <span class='ocrx_word' id='word_1_375' title='bbox 2947 2166 3079 2205; x_wconf 89' lang='lat' dir='ltr'><strong>vero</strong></span> <span class='ocrx_word' id='word_1_376' title='bbox 3104 2191 3118 2214; x_wconf 77' lang='lat'><strong>,</strong></span> <span class='ocrx_word' id='word_1_377' title='bbox 3166 2161 3277 2205; x_wconf 85' lang='lat' dir='ltr'><strong>tota</strong></span> <span class='ocrx_word' id='word_1_378' title='bbox 3309 2151 3393 2205; x_wconf 89' lang='lat' dir='ltr'><strong>die</strong></span> <span class='ocrx_word' id='word_1_379' title='bbox 3424 2152 3519 2206; x_wconf 80' lang='lat' dir='ltr'><strong>dat</strong></span> 
     </span>
    </p>
   </div>
   <div class='ocr_carea' id='block_1_51' title="bbox 1931 2240 3522 2312">
    <p class='ocr_par' dir='ltr' id='par_1_51' title="bbox 1931 2240 3522 2312">
     <span class='ocr_line' id='line_1_51' title="bbox 1931 2240 3522 2312; baseline 0.001 -16"><span class='ocrx_word' id='word_1_380' title='bbox 1931 2253 1980 2296; x_wconf 86' lang='lat' dir='ltr'><strong>et</strong></span> <span class='ocrx_word' id='word_1_381' title='bbox 2014 2240 2349 2295; x_wconf 83' lang='lat' dir='ltr'><strong>commodat:</strong></span> <span class='ocrx_word' id='word_1_382' title='bbox 2377 2241 2501 2295; x_wconf 91' lang='lat' dir='ltr'><strong>aliis</strong></span> <span class='ocrx_word' id='word_1_383' title='bbox 2539 2241 2759 2312; x_wconf 89' lang='lat' dir='ltr'><strong>quidem</strong></span> <span class='ocrx_word' id='word_1_384' title='bbox 2815 2242 2949 2305; x_wconf 91' lang='lat' dir='ltr'><strong>dat,</strong></span> <span class='ocrx_word' id='word_1_385' title='bbox 3000 2244 3121 2298; x_wconf 86' lang='lat' dir='ltr'><strong>aliis</strong></span> <span class='ocrx_word' id='word_1_386' title='bbox 3154 2250 3337 2298; x_wconf 91' lang='lat' dir='ltr'><strong>autem</strong></span> <span class='ocrx_word' id='word_1_387' title='bbox 3369 2260 3522 2297; x_wconf 78' lang='lat' dir='ltr'><strong>coni-</strong></span> 
     </span>
    </p>
   </div>
   <div class='ocr_carea' id='block_1_52' title="bbox 1930 2334 3517 2407">
    <p class='ocr_par' dir='ltr' id='par_1_52' title="bbox 1930 2334 3517 2407">
     <span class='ocr_line' id='line_1_52' title="bbox 1930 2334 3517 2407; baseline 0.001 -19"><span class='ocrx_word' id='word_1_388' title='bbox 1930 2334 2154 2401; x_wconf 91' lang='lat' dir='ltr'><strong>modat;</strong></span> <span class='ocrx_word' id='word_1_389' title='bbox 2188 2334 2441 2405; x_wconf 79' lang='lat' dir='ltr'><strong>dogmata</strong></span> <span class='ocrx_word' id='word_1_390' title='bbox 2471 2334 2536 2387; x_wconf 88' lang='lat' dir='ltr'><strong>ad</strong></span> <span class='ocrx_word' id='word_1_391' title='bbox 2586 2335 3017 2404; x_wconf 85' lang='lat' dir='ltr'><strong>speculationem</strong></span> <span class='ocrx_word' id='word_1_392' title='bbox 3064 2335 3159 2390; x_wconf 88' lang='lat' dir='ltr'><strong>dat</strong></span> <span class='ocrx_word' id='word_1_393' title='bbox 3188 2336 3257 2392; x_wconf 89' lang='lat' dir='ltr'><strong>iis</strong></span> <span class='ocrx_word' id='word_1_394' title='bbox 3284 2344 3517 2407; x_wconf 84' lang='lat' dir='ltr'><strong>quorum</strong></span> 
     </span>
    </p>
   </div>
   <div class='ocr_carea' id='block_1_53' title="bbox 1929 2426 3515 2499">
    <p class='ocr_par' dir='ltr' id='par_1_53' title="bbox 1929 2426 3515 2499">
     <span class='ocr_line' id='line_1_53' title="bbox 1929 2426 3515 2499; baseline 0.002 -20"><span class='ocrx_word' id='word_1_395' title='bbox 1929 2440 2162 2495; x_wconf 85' lang='lat' dir='ltr'><strong>capaces</strong></span> <span class='ocrx_word' id='word_1_396' title='bbox 2194 2426 2389 2480; x_wconf 67' lang='lat' dir='ltr'><strong>anima:</strong></span> <span class='ocrx_word' id='word_1_397' title='bbox 2418 2434 2576 2491; x_wconf 90' lang='lat' dir='ltr'><strong>sunt;</strong></span> <span class='ocrx_word' id='word_1_398' title='bbox 2614 2428 2842 2481; x_wconf 86' lang='lat' dir='ltr'><strong>moralia</strong></span> <span class='ocrx_word' id='word_1_399' title='bbox 2882 2436 3151 2499; x_wconf 61' lang='lat' dir='ltr'><strong>praecepta</strong></span> <span class='ocrx_word' id='word_1_400' title='bbox 3180 2428 3515 2490; x_wconf 87' lang='lat' dir='ltr'><strong>commodat,</strong></span> 
     </span>
    </p>
   </div>
   <div class='ocr_carea' id='block_1_54' title="bbox 1930 2519 3522 2592">
    <p class='ocr_par' dir='ltr' id='par_1_54' title="bbox 1930 2519 3522 2592">
     <span class='ocr_line' id='line_1_54' title="bbox 1930 2519 3522 2592; baseline 0.001 -19"><span class='ocrx_word' id='word_1_401' title='bbox 1930 2528 1990 2573; x_wconf 90' lang='lat' dir='ltr'><strong>ut</strong></span> <span class='ocrx_word' id='word_1_402' title='bbox 2024 2520 2117 2589; x_wconf 86' lang='lat' dir='ltr'><strong>qui</strong></span> <span class='ocrx_word' id='word_1_403' title='bbox 2151 2519 2504 2588; x_wconf 88' lang='lat' dir='ltr'><strong>acceperint,</strong></span> <span class='ocrx_word' id='word_1_404' title='bbox 2567 2528 2760 2575; x_wconf 89' lang='lat' dir='ltr'><strong>mutuo</strong></span> <span class='ocrx_word' id='word_1_405' title='bbox 2798 2522 3011 2590; x_wconf 84' lang='lat' dir='ltr'><strong>accepti</strong></span> <span class='ocrx_word' id='word_1_406' title='bbox 3068 2522 3307 2577; x_wconf 82' lang='lat' dir='ltr'><strong>fructum</strong></span> <span class='ocrx_word' id='word_1_407' title='bbox 3340 2524 3522 2592; x_wconf 75' lang='lat' dir='ltr'><strong>Operi-</strong></span> 
     </span>
    </p>
   </div>
   <div class='ocr_carea' id='block_1_55' title="bbox 1928 2612 3517 2684">
    <p class='ocr_par' dir='ltr' id='par_1_55' title="bbox 1928 2612 3517 2684">
     <span class='ocr_line' id='line_1_55' title="bbox 1928 2612 3517 2684; baseline 0 -17"><span class='ocrx_word' id='word_1_408' title='bbox 1928 2612 2032 2668; x_wconf 89' lang='lat' dir='ltr'><strong>bus</strong></span> <span class='ocrx_word' id='word_1_409' title='bbox 2061 2612 2311 2668; x_wconf 85' lang='lat' dir='ltr'><strong>reddant.</strong></span> <span class='ocrx_word' id='word_1_410' title='bbox 2352 2612 2443 2668; x_wconf 88' lang='lat' dir='ltr'><strong>Sic</strong></span> <span class='ocrx_word' id='word_1_411' title='bbox 2472 2614 2665 2669; x_wconf 84' lang='lat' dir='ltr'><strong>audias</strong></span> <span class='ocrx_word' id='word_1_412' title='bbox 2700 2612 2939 2684; x_wconf 81' lang='lat' dir='ltr'><strong>Moysem</strong></span> <span class='ocrx_word' id='word_1_413' title='bbox 2981 2614 3291 2668; x_wconf 87' lang='lat' dir='ltr'><strong>divinarum</strong></span> <span class='ocrx_word' id='word_1_414' title='bbox 3339 2615 3517 2683; x_wconf 85' lang='lat' dir='ltr'><strong>legum</strong></span> 
     </span>
    </p>
   </div>
   <div class='ocr_carea' id='block_1_56' title="bbox 1928 2704 3517 2775">
    <p class='ocr_par' dir='ltr' id='par_1_56' title="bbox 1928 2704 3517 2775">
     <span class='ocr_line' id='line_1_56' title="bbox 1928 2704 3517 2775; baseline -0.001 -15"><span class='ocrx_word' id='word_1_415' title='bbox 1928 2706 2233 2761; x_wconf 88' lang='lat' dir='ltr'><strong>cultoribus</strong></span> <span class='ocrx_word' id='word_1_416' title='bbox 2296 2706 2403 2761; x_wconf 90' lang='lat' dir='ltr'><strong>hoc</strong></span> <span class='ocrx_word' id='word_1_417' title='bbox 2463 2707 2810 2775; x_wconf 87' lang='lat' dir='ltr'><strong>pollicentem</strong></span> <span class='ocrx_word' id='word_1_418' title='bbox 2851 2726 2864 2760; x_wconf 90' lang='lat'><strong>:</strong></span> <span class='ocrx_word' id='word_1_419' title='bbox 2915 2705 3228 2761; x_wconf 76' lang='lat' dir='ltr'><strong>Famerabis</strong></span> <span class='ocrx_word' id='word_1_420' title='bbox 3276 2704 3517 2774; x_wconf 70' lang='lat' dir='ltr'><strong>gentibus</strong></span> 
     </span>
    </p>
   </div>
   <div class='ocr_carea' id='block_1_57' title="bbox 1930 2799 3520 2869">
    <p class='ocr_par' dir='ltr' id='par_1_57' title="bbox 1930 2799 3520 2869">
     <span class='ocr_line' id='line_1_57' title="bbox 1930 2799 3520 2869; baseline -0.001 -17"><span class='ocrx_word' id='word_1_421' title='bbox 1930 2801 2135 2861; x_wconf 74' lang='lat' dir='ltr'><strong>multis,</strong></span> <span class='ocrx_word' id='word_1_422' title='bbox 2168 2808 2217 2853; x_wconf 88' lang='lat' dir='ltr'><strong>et</strong></span> <span class='ocrx_word' id='word_1_423' title='bbox 2250 2809 2305 2851; x_wconf 85' lang='lat' dir='ltr'><strong>tu</strong></span> <span class='ocrx_word' id='word_1_424' title='bbox 2355 2817 2458 2853; x_wconf 88' lang='lat' dir='ltr'><strong>non</strong></span> <span class='ocrx_word' id='word_1_425' title='bbox 2513 2800 2663 2869; x_wconf 78' lang='lat' dir='ltr'><strong>[enus</strong></span> <span class='ocrx_word' id='word_1_426' title='bbox 2714 2801 2937 2867; x_wconf 75' lang='lat' dir='ltr'><strong>accipies</strong></span> <span class='ocrx_word' id='word_1_427' title='bbox 2977 2802 3045 2853; x_wconf 82' lang='grc'>⁷⁵.</span> <span class='ocrx_word' id='word_1_428' title='bbox 3112 2799 3179 2852; x_wconf 84' lang='grc' dir='ltr'>Ει</span> <span class='ocrx_word' id='word_1_429' title='bbox 3225 2814 3292 2854; x_wconf 89' lang='lat' dir='ltr'><strong>eo</strong></span> <span class='ocrx_word' id='word_1_430' title='bbox 3329 2800 3520 2867; x_wconf 76' lang='lat' dir='ltr'><strong>utique</strong></span> 
     </span>
    </p>
   </div>
   <div class='ocr_carea' id='block_1_58' title="bbox 1930 2891 3518 2963">
    <p class='ocr_par' dir='ltr' id='par_1_58' title="bbox 1930 2891 3518 2963">
     <span class='ocr_line' id='line_1_58' title="bbox 1930 2891 3518 2963; baseline 0.001 -18"><span class='ocrx_word' id='word_1_431' title='bbox 1930 2891 2093 2947; x_wconf 88' lang='lat' dir='ltr'><strong>modo</strong></span> <span class='ocrx_word' id='word_1_432' title='bbox 2129 2891 2300 2945; x_wconf 86' lang='lat' dir='ltr'><strong>divini</strong></span> <span class='ocrx_word' id='word_1_433' title='bbox 2335 2893 2569 2961; x_wconf 90' lang='lat' dir='ltr'><strong>apostoli</strong></span> <span class='ocrx_word' id='word_1_434' title='bbox 2603 2893 2949 2947; x_wconf 71' lang='lat' dir='ltr'><strong>fcenerabant</strong></span> <span class='ocrx_word' id='word_1_435' title='bbox 2981 2893 3240 2963; x_wconf 79' lang='lat' dir='ltr'><strong>gentibus</strong></span> <span class='ocrx_word' id='word_1_436' title='bbox 3284 2894 3474 2947; x_wconf 87' lang='lat' dir='ltr'><strong>multis</strong></span> <span class='ocrx_word' id='word_1_437' title='bbox 3500 2935 3518 2958; x_wconf 91' lang='lat'><strong>,</strong></span> 
     </span>
    </p>
   </div>
   <div class='ocr_carea' id='block_1_59' title="bbox 1929 2982 3513 3055">
    <p class='ocr_par' dir='ltr' id='par_1_59' title="bbox 1929 2982 3513 3055">
     <span class='ocr_line' id='line_1_59' title="bbox 1929 2982 3513 3055; baseline 0.001 -19"><span class='ocrx_word' id='word_1_438' title='bbox 1929 2983 2276 3052; x_wconf 75' lang='lat' dir='ltr'><strong>maximeque</strong></span> <span class='ocrx_word' id='word_1_439' title='bbox 2307 2982 2511 3037; x_wconf 83' lang='lat' dir='ltr'><strong>Paulus</strong></span> <span class='ocrx_word' id='word_1_440' title='bbox 2550 3002 2565 3037; x_wconf 87' lang='lat'><strong>:</strong></span> <span class='ocrx_word' id='word_1_441' title='bbox 2612 2999 2784 3054; x_wconf 89' lang='lat' dir='ltr'><strong>quare</strong></span> <span class='ocrx_word' id='word_1_442' title='bbox 2831 2984 3091 3055; x_wconf 89' lang='lat' dir='ltr'><strong>discipuli</strong></span> <span class='ocrx_word' id='word_1_443' title='bbox 3138 3000 3374 3049; x_wconf 91' lang='lat' dir='ltr'><strong>eorum,</strong></span> <span class='ocrx_word' id='word_1_444' title='bbox 3418 2987 3513 3051; x_wconf 86' lang='lat' dir='ltr'><strong>qui</strong></span> 
     </span>
    </p>
   </div>
   <div class='ocr_carea' id='block_1_60' title="bbox 1932 3076 3515 3149">
    <p class='ocr_par' dir='ltr' id='par_1_60' title="bbox 1932 3076 3515 3149">
     <span class='ocr_line' id='line_1_60' title="bbox 1932 3076 3515 3149; baseline 0.001 -18"><span class='ocrx_word' id='word_1_445' title='bbox 1932 3092 2120 3131; x_wconf 91' lang='lat' dir='ltr'><strong>semen</strong></span> <span class='ocrx_word' id='word_1_446' title='bbox 2158 3076 2401 3145; x_wconf 90' lang='lat' dir='ltr'><strong>ipsorum</strong></span> <span class='ocrx_word' id='word_1_447' title='bbox 2445 3085 2624 3139; x_wconf 88' lang='lat' dir='ltr'><strong>erant.</strong></span> <span class='ocrx_word' id='word_1_448' title='bbox 2656 3093 2938 3148; x_wconf 89' lang='lat' dir='ltr'><strong>nunquam</strong></span> <span class='ocrx_word' id='word_1_449' title='bbox 2975 3079 3205 3147; x_wconf 66' lang='lat' dir='ltr'><strong>egebant</strong></span> <span class='ocrx_word' id='word_1_450' title='bbox 3239 3078 3475 3149; x_wconf 86' lang='lat' dir='ltr'><strong>panibus</strong></span> <span class='ocrx_word' id='word_1_451' title='bbox 3501 3121 3515 3142; x_wconf 89' lang='lat'><strong>,</strong></span> 
     </span>
    </p>
   </div>
   <div class='ocr_carea' id='block_1_61' title="bbox 244 3169 1827 3260">
    <p class='ocr_par' dir='ltr' id='par_1_61' title="bbox 244 3169 1825 3243">
     <span class='ocr_line' id='line_1_61' title="bbox 244 3169 1825 3243; baseline 0.001 -21"><span class='ocrx_word' id='word_1_452' title='bbox 244 3170 337 3223; x_wconf 78' lang='grc' dir='ltr'><strong>τὸν</strong></span> <span class='ocrx_word' id='word_1_453' title='bbox 376 3171 575 3243; x_wconf 85' lang='grc' dir='ltr'>τρόπον</span> <span class='ocrx_word' id='word_1_454' title='bbox 607 3173 657 3223; x_wconf 78' lang='lat' dir='ltr'><strong>oi</strong></span> <span class='ocrx_word' id='word_1_455' title='bbox 693 3170 825 3223; x_wconf 82' lang='grc' dir='ltr'>θεῖοι</span> <span class='ocrx_word' id='word_1_456' title='bbox 861 3169 1149 3224; x_wconf 84' lang='grc' dir='ltr'>ἀπόστολοι</span> <span class='ocrx_word' id='word_1_457' title='bbox 1186 3170 1456 3234; x_wconf 72' lang='grc' dir='ltr'>ὲδάνειξον</span> <span class='ocrx_word' id='word_1_458' title='bbox 1486 3170 1664 3223; x_wconf 74' lang='grc' dir='ltr'>ἔθνεσι</span> <span class='ocrx_word' id='word_1_459' title='bbox 1695 3171 1825 3224; x_wconf 82' lang='grc' dir='ltr'>πολ-</span> 
     </span>
    </p>
   </div>
   <div class='ocr_carea' id='block_1_62' title="bbox 1929 3169 3518 3260">
    <p class='ocr_par' dir='ltr' id='par_1_62' title="bbox 1932 3170 3518 3241">
     <span class='ocr_line' id='line_1_62' title="bbox 1932 3170 3518 3241; baseline 0 -18"><span class='ocrx_word' id='word_1_460' title='bbox 1932 3176 2119 3239; x_wconf 91' lang='lat' dir='ltr'><strong>utpole</strong></span> <span class='ocrx_word' id='word_1_461' title='bbox 2146 3170 2347 3239; x_wconf 88' lang='lat' dir='ltr'><strong>quibus</strong></span> <span class='ocrx_word' id='word_1_462' title='bbox 2370 3171 2629 3226; x_wconf 85' lang='lat' dir='ltr'><strong>adessent</strong></span> <span class='ocrx_word' id='word_1_463' title='bbox 2649 3171 2742 3241; x_wconf 93' lang='lat' dir='ltr'><strong>qui</strong></span> <span class='ocrx_word' id='word_1_464' title='bbox 2767 3172 3143 3226; x_wconf 82' lang='lat' dir='ltr'><strong>rationabilem</strong></span> <span class='ocrx_word' id='word_1_465' title='bbox 3175 3173 3357 3226; x_wconf 83' lang='lat' dir='ltr'><strong>cibum</strong></span> <span class='ocrx_word' id='word_1_466' title='bbox 3382 3187 3518 3241; x_wconf 58' lang='grc' dir='ltr'><strong>δίψη</strong></span> 
     </span>
    </p>
   </div>
   <div class='ocr_carea' id='block_1_63' title="bbox 243 3262 1827 3335">
    <p class='ocr_par' dir='ltr' id='par_1_63' title="bbox 243 3262 1827 3335">
     <span class='ocr_line' id='line_1_63' title="bbox 243 3262 1827 3335; baseline 0 -18"><span class='ocrx_word' id='word_1_467' title='bbox 243 3264 377 3330; x_wconf 89' lang='grc' dir='ltr'>λοῖς,</span> <span class='ocrx_word' id='word_1_468' title='bbox 408 3264 504 3318; x_wconf 57' lang='grc' dir='ltr'><strong>καὶ⁵</strong></span> <span class='ocrx_word' id='word_1_469' title='bbox 534 3264 768 3335; x_wconf 88' lang='grc' dir='ltr'>μάλιστά</span> <span class='ocrx_word' id='word_1_470' title='bbox 793 3280 857 3332; x_wconf 89' lang='grc' dir='ltr'><strong>γε</strong></span> <span class='ocrx_word' id='word_1_471' title='bbox 889 3265 917 3316; x_wconf 87' lang='grc' dir='ltr'><strong>ό</strong></span> <span class='ocrx_word' id='word_1_472' title='bbox 947 3262 1182 3325; x_wconf 80' lang='grc' dir='ltr'>Παῦλος·</span> <span class='ocrx_word' id='word_1_473' title='bbox 1221 3264 1313 3316; x_wconf 71' lang='grc' dir='ltr'><strong>καὶ</strong></span> <span class='ocrx_word' id='word_1_474' title='bbox 1342 3262 1428 3315; x_wconf 79' lang='grc' dir='ltr'><strong>διὰ</strong></span> <span class='ocrx_word' id='word_1_475' title='bbox 1458 3262 1614 3315; x_wconf 81' lang='grc' dir='ltr'>τοῦτο</span> <span class='ocrx_word' id='word_1_476' title='bbox 1648 3264 1699 3316; x_wconf 89' lang='grc' dir='ltr'>οἱ</span> <span class='ocrx_word' id='word_1_477' title='bbox 1726 3281 1827 3333; x_wconf 84' lang='grc' dir='ltr'>μα-</span> 
     </span>
    </p>
   </div>
   <div class='ocr_carea' id='block_1_64' title="bbox 244 3355 1825 3428">
    <p class='ocr_par' dir='ltr' id='par_1_64' title="bbox 244 3355 1825 3428">
     <span class='ocr_line' id='line_1_64' title="bbox 244 3355 1825 3428; baseline 0.001 -19"><span class='ocrx_word' id='word_1_478' title='bbox 244 3355 593 3426; x_wconf 82' lang='grc' dir='ltr'>Θητευόμενοι</span> <span class='ocrx_word' id='word_1_479' title='bbox 622 3357 823 3422; x_wconf 76' lang='grc' dir='ltr'>αὐτοῖς,</span> <span class='ocrx_word' id='word_1_480' title='bbox 849 3357 1068 3428; x_wconf 84' lang='grc' dir='ltr'>σπέρμα</span> <span class='ocrx_word' id='word_1_481' title='bbox 1087 3355 1239 3419; x_wconf 76' lang='grc' dir='ltr'>ὄντες</span> <span class='ocrx_word' id='word_1_482' title='bbox 1258 3355 1458 3419; x_wconf 83' lang='grc' dir='ltr'>αὐτῶν,</span> <span class='ocrx_word' id='word_1_483' title='bbox 1486 3356 1825 3410; x_wconf 78' lang='grc' dir='ltr'>οὐδεπώποτε</span> 
     </span>
    </p>
   </div>
   <div class='ocr_carea' id='block_1_65' title="bbox 244 3441 1827 3517">
    <p class='ocr_par' dir='ltr' id='par_1_65' title="bbox 244 3441 1827 3517">
     <span class='ocr_line' id='line_1_65' title="bbox 244 3441 1827 3517; baseline 0.001 -18"><span class='ocrx_word' id='word_1_484' title='bbox 244 3446 445 3509; x_wconf 81' lang='grc' dir='ltr'>ὲνδεεῖς</span> <span class='ocrx_word' id='word_1_485' title='bbox 473 3441 611 3516; x_wconf 79' lang='grc' dir='ltr'>ἦσαν</span> <span class='ocrx_word' id='word_1_486' title='bbox 642 3448 821 3517; x_wconf 87' lang='grc' dir='ltr'>ἄρτων</span> <span class='ocrx_word' id='word_1_487' title='bbox 845 3464 859 3478; x_wconf 91' lang='grc'><strong>·</strong></span> <span class='ocrx_word' id='word_1_488' title='bbox 897 3445 991 3500; x_wconf 79' lang='grc' dir='ltr'><strong>ἅτε</strong></span> <span class='ocrx_word' id='word_1_489' title='bbox 1026 3445 1091 3515; x_wconf 84' lang='grc' dir='ltr'>δὴ</span> <span class='ocrx_word' id='word_1_490' title='bbox 1131 3444 1344 3515; x_wconf 79' lang='grc' dir='ltr'>ἔχοντες</span> <span class='ocrx_word' id='word_1_491' title='bbox 1373 3446 1500 3510; x_wconf 73' lang='grc' dir='ltr'>τοὺς</span> <span class='ocrx_word' id='word_1_492' title='bbox 1529 3447 1827 3517; x_wconf 81' lang='grc' dir='ltr'>χορηγοῦν-</span> 
     </span>
    </p>
   </div>
   <div class='ocr_carea' id='block_1_66' title="bbox 243 3531 1828 3608">
    <p class='ocr_par' dir='ltr' id='par_1_66' title="bbox 243 3531 1828 3608">
     <span class='ocr_line' id='line_1_66' title="bbox 243 3531 1828 3608; baseline -0.001 -17"><span class='ocrx_word' id='word_1_493' title='bbox 243 3555 345 3601; x_wconf 88' lang='grc' dir='ltr'><strong>τας</strong></span> <span class='ocrx_word' id='word_1_494' title='bbox 384 3538 565 3600; x_wconf 79' lang='grc' dir='ltr'>αὐτοῖς</span> <span class='ocrx_word' id='word_1_495' title='bbox 610 3537 707 3608; x_wconf 78' lang='grc' dir='ltr'><strong>τὴν</strong></span> <span class='ocrx_word' id='word_1_496' title='bbox 755 3537 978 3607; x_wconf 81' lang='grc' dir='ltr'>λογικὴν</span> <span class='ocrx_word' id='word_1_497' title='bbox 1017 3535 1243 3607; x_wconf 78' lang='grc' dir='ltr'>τροφὴν,</span> <span class='ocrx_word' id='word_1_498' title='bbox 1276 3531 1345 3607; x_wconf 85' lang='grc' dir='ltr'>ἦς</span> <span class='ocrx_word' id='word_1_499' title='bbox 1387 3536 1828 3607; x_wconf 72' lang='grc' dir='ltr'>μεταλαμϐάνον-</span> 
     </span>
    </p>
   </div>
   <div class='ocr_carea' id='block_1_67' title="bbox 239 3628 1827 3700">
    <p class='ocr_par' dir='ltr' id='par_1_67' title="bbox 239 3628 1827 3700">
     <span class='ocr_line' id='line_1_67' title="bbox 239 3628 1827 3700; baseline 0 -18"><span class='ocrx_word' id='word_1_500' title='bbox 239 3647 357 3695; x_wconf 84' lang='grc' dir='ltr'>τες,</span> <span class='ocrx_word' id='word_1_501' title='bbox 411 3628 682 3697; x_wconf 71' lang='grc' dir='ltr'>εὐλογίαις</span> <span class='ocrx_word' id='word_1_502' title='bbox 728 3629 1081 3700; x_wconf 77' lang='grc' dir='ltr'>ἐπληροῦντο.</span> <span class='ocrx_word' id='word_1_503' title='bbox 1135 3628 1225 3681; x_wconf 73' lang='grc' dir='ltr'><strong>Διὸ</strong></span> <span class='ocrx_word' id='word_1_504' title='bbox 1273 3628 1553 3683; x_wconf 80' lang='grc' dir='ltr'>λέλεκται·</span> <span class='ocrx_word' id='word_1_505' title='bbox 1602 3631 1710 3683; x_wconf 80' lang='grc' dir='ltr'><strong>Καὶ</strong></span> <span class='ocrx_word' id='word_1_506' title='bbox 1758 3630 1827 3683; x_wconf 78' lang='grc' dir='ltr'>τὸ</span> 
     </span>
    </p>
   </div>
   <div class='ocr_carea' id='block_1_68' title="bbox 239 3720 1828 3791">
    <p class='ocr_par' dir='ltr' id='par_1_68' title="bbox 239 3720 1828 3791">
     <span class='ocr_line' id='line_1_68' title="bbox 239 3720 1828 3791; baseline -0.001 -15"><span class='ocrx_word' id='word_1_507' title='bbox 239 3720 485 3790; x_wconf 79' lang='grc' dir='ltr'>σπέρμα</span> <span class='ocrx_word' id='word_1_508' title='bbox 521 3721 706 3776; x_wconf 85' lang='grc' dir='ltr'>αὺτοῦ</span> <span class='ocrx_word' id='word_1_509' title='bbox 734 3723 823 3787; x_wconf 81' lang='grc' dir='ltr'>εἰς</span> <span class='ocrx_word' id='word_1_510' title='bbox 859 3721 1143 3791; x_wconf 76' lang='grc' dir='ltr'>εὐλογίαν</span> <span class='ocrx_word' id='word_1_511' title='bbox 1186 3720 1377 3774; x_wconf 76' lang='grc' dir='ltr'>ἔσται.</span> <span class='ocrx_word' id='word_1_512' title='bbox 1409 3723 1519 3775; x_wconf 81' lang='grc' dir='ltr'>Καὶ</span> <span class='ocrx_word' id='word_1_513' title='bbox 1563 3722 1703 3775; x_wconf 83' lang='grc' dir='ltr'>κατὰ</span> <span class='ocrx_word' id='word_1_514' title='bbox 1739 3722 1828 3791; x_wconf 75' lang='grc' dir='ltr'><strong>ψι-</strong></span> 
     </span>
    </p>
   </div>
   <div class='ocr_carea' id='block_1_69' title="bbox 237 3811 1828 3885">
    <p class='ocr_par' dir='ltr' id='par_1_69' title="bbox 237 3811 1828 3885">
     <span class='ocr_line' id='line_1_69' title="bbox 237 3811 1828 3885; baseline -0.001 -17"><span class='ocrx_word' id='word_1_515' title='bbox 237 3814 342 3885; x_wconf 78' lang='grc' dir='ltr'><strong>λὴν</strong></span> <span class='ocrx_word' id='word_1_516' title='bbox 373 3813 429 3867; x_wconf 87' lang='grc' dir='ltr'>δὲ</span> <span class='ocrx_word' id='word_1_517' title='bbox 466 3813 564 3884; x_wconf 82' lang='grc' dir='ltr'>τὴν</span> <span class='ocrx_word' id='word_1_518' title='bbox 591 3811 754 3877; x_wconf 81' lang='grc' dir='ltr'>λέξιν,</span> <span class='ocrx_word' id='word_1_519' title='bbox 788 3813 842 3865; x_wconf 89' lang='grc' dir='ltr'><strong>εῖ</strong></span> <span class='ocrx_word' id='word_1_520' title='bbox 868 3828 953 3876; x_wconf 86' lang='grc' dir='ltr'><strong>τις</strong></span> <span class='ocrx_word' id='word_1_521' title='bbox 993 3812 1269 3882; x_wconf 77' lang='grc' dir='ltr'>λογίσαιτο</span> <span class='ocrx_word' id='word_1_522' title='bbox 1305 3815 1454 3875; x_wconf 83' lang='grc' dir='ltr'>ὅπως</span> <span class='ocrx_word' id='word_1_523' title='bbox 1498 3813 1712 3885; x_wconf 78' lang='grc' dir='ltr'>εἴρηται</span> <span class='ocrx_word' id='word_1_524' title='bbox 1750 3814 1828 3884; x_wconf 80' lang='grc' dir='ltr'>τῷ</span> 
     </span>
    </p>
   </div>
   <div class='ocr_carea' id='block_1_70' title="bbox 240 3904 1828 3977">
    <p class='ocr_par' dir='ltr' id='par_1_70' title="bbox 240 3904 1828 3977">
     <span class='ocr_line' id='line_1_70' title="bbox 240 3904 1828 3977; baseline -0.001 -17"><span class='ocrx_word' id='word_1_525' title='bbox 240 3906 458 3977; x_wconf 83' lang='grc' dir='ltr'>Σωτῆρι</span> <span class='ocrx_word' id='word_1_526' title='bbox 493 3905 575 3968; x_wconf 84' lang='grc' dir='ltr'><strong>τὸ,</strong></span> <span class='ocrx_word' id='word_1_527' title='bbox 606 3907 714 3959; x_wconf 80' lang='grc' dir='ltr'><strong>Καὶ</strong></span> <span class='ocrx_word' id='word_1_528' title='bbox 750 3905 820 3958; x_wconf 83' lang='grc' dir='ltr'>ἐν</span> <span class='ocrx_word' id='word_1_529' title='bbox 847 3905 927 3971; x_wconf 82' lang='grc' dir='ltr'>τῷ</span> <span class='ocrx_word' id='word_1_530' title='bbox 952 3904 1117 3958; x_wconf 72' lang='grc' dir='ltr'>αἰῶνι</span> <span class='ocrx_word' id='word_1_531' title='bbox 1150 3906 1339 3972; x_wconf 80' lang='grc' dir='ltr'>τούτῳ</span> <span class='ocrx_word' id='word_1_532' title='bbox 1384 3906 1828 3959; x_wconf 78' lang='grc' dir='ltr'>ἑκατονταπλα-</span> 
     </span>
    </p>
   </div>
   <div class='ocr_carea' id='block_1_71' title="bbox 239 3996 1825 4071">
    <p class='ocr_par' dir='ltr' id='par_1_71' title="bbox 239 3996 1825 4071">
     <span class='ocr_line' id='line_1_71' title="bbox 239 3996 1825 4071; baseline 0.001 -19"><span class='ocrx_word' id='word_1_533' title='bbox 239 3999 422 4052; x_wconf 80' lang='grc' dir='ltr'>σίονα</span> <span class='ocrx_word' id='word_1_534' title='bbox 447 3996 724 4066; x_wconf 66' lang='grc' dir='ltr'>λήψεται,</span> <span class='ocrx_word' id='word_1_535' title='bbox 757 3997 938 4069; x_wconf 78' lang='grc' dir='ltr'>ἔργοις</span> <span class='ocrx_word' id='word_1_536' title='bbox 981 4014 1042 4050; x_wconf 88' lang='grc' dir='ltr'><strong>τε</strong></span> <span class='ocrx_word' id='word_1_537' title='bbox 1086 3999 1270 4061; x_wconf 83' lang='grc' dir='ltr'>αὐτοῖς</span> <span class='ocrx_word' id='word_1_538' title='bbox 1303 3997 1559 4052; x_wconf 87' lang='grc' dir='ltr'>θεάσαιτο</span> <span class='ocrx_word' id='word_1_539' title='bbox 1590 3999 1825 4071; x_wconf 86' lang='grc' dir='ltr'>πληρού-</span> 
     </span>
    </p>
   </div>
   <div class='ocr_carea' id='block_1_72' title="bbox 244 4089 1825 4162">
    <p class='ocr_par' dir='ltr' id='par_1_72' title="bbox 244 4089 1825 4162">
     <span class='ocr_line' id='line_1_72' title="bbox 244 4089 1825 4162; baseline 0.002 -19"><span class='ocrx_word' id='word_1_540' title='bbox 244 4106 406 4162; x_wconf 86' lang='grc' dir='ltr'>μενον</span> <span class='ocrx_word' id='word_1_541' title='bbox 438 4090 530 4143; x_wconf 83' lang='grc' dir='ltr'><strong>τὸν</strong></span> <span class='ocrx_word' id='word_1_542' title='bbox 573 4090 729 4159; x_wconf 86' lang='grc' dir='ltr'>λόγον</span> <span class='ocrx_word' id='word_1_543' title='bbox 780 4091 869 4144; x_wconf 82' lang='grc' dir='ltr'><strong>διὰ</strong></span> <span class='ocrx_word' id='word_1_544' title='bbox 917 4089 1024 4143; x_wconf 84' lang='grc' dir='ltr'><strong>τῶν</strong></span> <span class='ocrx_word' id='word_1_545' title='bbox 1078 4090 1244 4144; x_wconf 80' lang='grc' dir='ltr'>αὑτοῦ</span> <span class='ocrx_word' id='word_1_546' title='bbox 1312 4091 1590 4162; x_wconf 79' lang='grc' dir='ltr'>μαθητῶν,</span> <span class='ocrx_word' id='word_1_547' title='bbox 1637 4092 1825 4162; x_wconf 76' lang='grc' dir='ltr'>ὄψεται</span> 
     </span>
    </p>
   </div>
   <div class='ocr_carea' id='block_1_73' title="bbox 239 4180 1824 4254">
    <p class='ocr_par' dir='ltr' id='par_1_73' title="bbox 239 4180 1824 4254">
     <span class='ocr_line' id='line_1_73' title="bbox 239 4180 1824 4254; baseline 0.002 -21"><span class='ocrx_word' id='word_1_548' title='bbox 239 4180 363 4243; x_wconf 78' lang='grc' dir='ltr'>πῶς</span> <span class='ocrx_word' id='word_1_549' title='bbox 385 4183 412 4234; x_wconf 82' lang='grc' dir='ltr'>ὁ</span> <span class='ocrx_word' id='word_1_550' title='bbox 434 4181 641 4244; x_wconf 88' lang='grc' dir='ltr'>δίκαιος</span> <span class='ocrx_word' id='word_1_551' title='bbox 665 4180 792 4251; x_wconf 83' lang='grc' dir='ltr'>ὃλην</span> <span class='ocrx_word' id='word_1_552' title='bbox 826 4181 921 4252; x_wconf 86' lang='grc' dir='ltr'>τὴν</span> <span class='ocrx_word' id='word_1_553' title='bbox 948 4182 1159 4254; x_wconf 83' lang='grc' dir='ltr'>ἡμέραν</span> <span class='ocrx_word' id='word_1_554' title='bbox 1184 4182 1325 4235; x_wconf 86' lang='grc' dir='ltr'>ὲλεεῖ</span> <span class='ocrx_word' id='word_1_555' title='bbox 1352 4183 1445 4235; x_wconf 77' lang='grc' dir='ltr'>καὶ</span> <span class='ocrx_word' id='word_1_556' title='bbox 1472 4182 1724 4246; x_wconf 79' lang='grc' dir='ltr'>δανείζει.</span> <span class='ocrx_word' id='word_1_557' title='bbox 1761 4184 1824 4236; x_wconf 83' lang='lat' dir='ltr'><strong>El</strong></span> 
     </span>
    </p>
   </div>
   <div class='ocr_carea' id='block_1_74' title="bbox 238 4268 1826 4345">
    <p class='ocr_par' dir='ltr' id='par_1_74' title="bbox 238 4268 1826 4345">
     <span class='ocr_line' id='line_1_74' title="bbox 238 4268 1826 4345; baseline 0.002 -22"><span class='ocrx_word' id='word_1_558' title='bbox 238 4271 352 4342; x_wconf 82' lang='grc' dir='ltr'><strong>γὰρ</strong></span> <span class='ocrx_word' id='word_1_559' title='bbox 380 4271 598 4325; x_wconf 88' lang='grc' dir='ltr'>πάντων</span> <span class='ocrx_word' id='word_1_560' title='bbox 625 4271 735 4324; x_wconf 84' lang='grc' dir='ltr'><strong>τῶν</strong></span> <span class='ocrx_word' id='word_1_561' title='bbox 765 4272 1129 4326; x_wconf 81' lang='grc' dir='ltr'>πιστευόντων</span> <span class='ocrx_word' id='word_1_562' title='bbox 1154 4268 1223 4342; x_wconf 84' lang='grc' dir='ltr'>ἦν</span> <span class='ocrx_word' id='word_1_563' title='bbox 1249 4275 1281 4341; x_wconf 84' lang='grc' dir='ltr'>ἡ</span> <span class='ocrx_word' id='word_1_564' title='bbox 1327 4272 1473 4343; x_wconf 78' lang='grc' dir='ltr'>ψυχὴ</span> <span class='ocrx_word' id='word_1_565' title='bbox 1507 4274 1601 4326; x_wconf 80' lang='grc' dir='ltr'>καὶ</span> <span class='ocrx_word' id='word_1_566' title='bbox 1628 4275 1661 4344; x_wconf 87' lang='grc' dir='ltr'>ή</span> <span class='ocrx_word' id='word_1_567' title='bbox 1690 4292 1826 4345; x_wconf 85' lang='grc' dir='ltr'>καρ-</span> 
     </span>
    </p>
   </div>
   <div class='ocr_carea' id='block_1_75' title="bbox 236 4361 1820 4432">
    <p class='ocr_par' dir='ltr' id='par_1_75' title="bbox 236 4361 1820 4432">
     <span class='ocr_line' id='line_1_75' title="bbox 236 4361 1820 4432; baseline 0.003 -18"><span class='ocrx_word' id='word_1_568' title='bbox 236 4361 329 4414; x_wconf 86' lang='grc' dir='ltr'><strong>δία</strong></span> <span class='ocrx_word' id='word_1_569' title='bbox 383 4361 499 4432; x_wconf 88' lang='grc' dir='ltr'>μία,</span> <span class='ocrx_word' id='word_1_570' title='bbox 556 4363 649 4416; x_wconf 58' lang='grc' dir='ltr'><strong>καὶ⁴</strong></span> <span class='ocrx_word' id='word_1_571' title='bbox 692 4364 865 4427; x_wconf 73' lang='grc' dir='ltr'>οὐδεὶς</span> <span class='ocrx_word' id='word_1_572' title='bbox 916 4362 1100 4432; x_wconf 77' lang='grc' dir='ltr'>ἔλεγεν</span> <span class='ocrx_word' id='word_1_573' title='bbox 1145 4363 1275 4417; x_wconf 74' lang='grc' dir='ltr'>ἴδιόν</span> <span class='ocrx_word' id='word_1_574' title='bbox 1313 4381 1365 4417; x_wconf 88' lang='grc' dir='ltr'><strong>τι</strong></span> <span class='ocrx_word' id='word_1_575' title='bbox 1419 4364 1613 4418; x_wconf 78' lang='grc' dir='ltr'>ἑαυτοῦ</span> <span class='ocrx_word' id='word_1_576' title='bbox 1661 4361 1820 4426; x_wconf 77' lang='grc' dir='ltr'>εἶναι,</span> 
     </span>
    </p>
   </div>
   <div class='ocr_carea' id='block_1_76' title="bbox 237 4450 1821 4530">
    <p class='ocr_par' dir='ltr' id='par_1_76' title="bbox 237 4450 1821 4530">
     <span class='ocr_line' id='line_1_76' title="bbox 237 4450 1821 4530; baseline 0.002 -22"><span class='ocrx_word' id='word_1_577' title='bbox 237 4454 356 4508; x_wconf 80' lang='grc' dir='ltr'>ἀλλ’</span> <span class='ocrx_word' id='word_1_578' title='bbox 392 4450 461 4526; x_wconf 75' lang='grc' dir='ltr'>ἦν</span> <span class='ocrx_word' id='word_1_579' title='bbox 484 4455 661 4509; x_wconf 85' lang='grc' dir='ltr'>πάντα</span> <span class='ocrx_word' id='word_1_580' title='bbox 702 4459 875 4516; x_wconf 81' lang='grc' dir='ltr'>κοινὰ,</span> <span class='ocrx_word' id='word_1_581' title='bbox 902 4458 1015 4509; x_wconf 81' lang='grc' dir='ltr'>ὅσοι</span> <span class='ocrx_word' id='word_1_582' title='bbox 1049 4475 1109 4511; x_wconf 86' lang='grc' dir='ltr'><strong>τε</strong></span> <span class='ocrx_word' id='word_1_583' title='bbox 1141 4454 1282 4529; x_wconf 78' lang='grc' dir='ltr'>ἦσαν</span> <span class='ocrx_word' id='word_1_584' title='bbox 1312 4457 1493 4530; x_wconf 84' lang='grc' dir='ltr'>κύριοι</span> <span class='ocrx_word' id='word_1_585' title='bbox 1524 4459 1821 4530; x_wconf 83' lang='grc' dir='ltr'>κτημάτων</span> 
     </span>
    </p>
   </div>
   <div class='ocr_carea' id='block_1_77' title="bbox 1930 3259 3519 3332">
    <p class='ocr_par' dir='ltr' id='par_1_77' title="bbox 1930 3259 3519 3332">
     <span class='ocr_line' id='line_1_77' title="bbox 1930 3259 3519 3332; baseline -0.001 -17"><span class='ocrx_word' id='word_1_586' title='bbox 1930 3259 2234 3330; x_wconf 87' lang='lat' dir='ltr'><strong>peditarent</strong></span> <span class='ocrx_word' id='word_1_587' title='bbox 2265 3278 2277 3314; x_wconf 94' lang='lat'><strong>:</strong></span> <span class='ocrx_word' id='word_1_588' title='bbox 2316 3261 2475 3329; x_wconf 89' lang='lat' dir='ltr'><strong>cujus</strong></span> <span class='ocrx_word' id='word_1_589' title='bbox 2513 3260 2809 3332; x_wconf 88' lang='lat' dir='ltr'><strong>participes</strong></span> <span class='ocrx_word' id='word_1_590' title='bbox 2837 3277 2963 3316; x_wconf 91' lang='lat' dir='ltr'><strong>cum</strong></span> <span class='ocrx_word' id='word_1_591' title='bbox 3019 3269 3237 3324; x_wconf 88' lang='lat' dir='ltr'><strong>essent,</strong></span> <span class='ocrx_word' id='word_1_592' title='bbox 3295 3261 3519 3317; x_wconf 88' lang='lat' dir='ltr'><strong>benedi-</strong></span> 
     </span>
    </p>
   </div>
   <div class='ocr_carea' id='block_1_78' title="bbox 1929 3352 3517 3425">
    <p class='ocr_par' dir='ltr' id='par_1_78' title="bbox 1929 3352 3517 3425">
     <span class='ocr_line' id='line_1_78' title="bbox 1929 3352 3517 3425; baseline -0.001 -17"><span class='ocrx_word' id='word_1_593' title='bbox 1929 3354 2204 3409; x_wconf 90' lang='lat' dir='ltr'><strong>ctionibus</strong></span> <span class='ocrx_word' id='word_1_594' title='bbox 2235 3354 2608 3425; x_wconf 86' lang='lat' dir='ltr'><strong>replebantur.</strong></span> <span class='ocrx_word' id='word_1_595' title='bbox 2638 3352 3005 3421; x_wconf 81' lang='lat' dir='ltr'><strong>Quamobrem</strong></span> <span class='ocrx_word' id='word_1_596' title='bbox 3036 3355 3243 3409; x_wconf 92' lang='lat' dir='ltr'><strong>dictum</strong></span> <span class='ocrx_word' id='word_1_597' title='bbox 3279 3365 3396 3416; x_wconf 87' lang='lat' dir='ltr'><strong>est,</strong></span> <span class='ocrx_word' id='word_1_598' title='bbox 3446 3352 3517 3406; x_wconf 82' lang='lat' dir='ltr'><strong>Et</strong></span> 
     </span>
    </p>
   </div>
   <div class='ocr_carea' id='block_1_79' title="bbox 1929 3446 3517 3518">
    <p class='ocr_par' dir='ltr' id='par_1_79' title="bbox 1929 3446 3517 3518">
     <span class='ocr_line' id='line_1_79' title="bbox 1929 3446 3517 3518; baseline 0 -19"><span class='ocrx_word' id='word_1_599' title='bbox 1929 3462 2102 3500; x_wconf 79' lang='lat' dir='ltr'><strong>semen</strong></span> <span class='ocrx_word' id='word_1_600' title='bbox 2124 3447 2237 3516; x_wconf 79' lang='lat' dir='ltr'><strong>ejus</strong></span> <span class='ocrx_word' id='word_1_601' title='bbox 2254 3448 2315 3501; x_wconf 87' lang='lat' dir='ltr'><strong>in</strong></span> <span class='ocrx_word' id='word_1_602' title='bbox 2338 3446 2695 3502; x_wconf 83' lang='lat' dir='ltr'><strong>benedictione</strong></span> <span class='ocrx_word' id='word_1_603' title='bbox 2731 3448 2854 3502; x_wconf 84' lang='lat' dir='ltr'><strong>erit.</strong></span> <span class='ocrx_word' id='word_1_604' title='bbox 2906 3446 2963 3501; x_wconf 91' lang='lat' dir='ltr'><strong>Si</strong></span> <span class='ocrx_word' id='word_1_605' title='bbox 2996 3447 3122 3518; x_wconf 90' lang='lat' dir='ltr'><strong>quis</strong></span> <span class='ocrx_word' id='word_1_606' title='bbox 3157 3462 3287 3501; x_wconf 87' lang='lat' dir='ltr'><strong>vero</strong></span> <span class='ocrx_word' id='word_1_607' title='bbox 3314 3461 3517 3501; x_wconf 90' lang='lat' dir='ltr'><strong>secun-</strong></span> 
     </span>
    </p>
   </div>
   <div class='ocr_carea' id='block_1_80' title="bbox 1928 3539 3515 3609">
    <p class='ocr_par' dir='ltr' id='par_1_80' title="bbox 1928 3539 3515 3609">
     <span class='ocr_line' id='line_1_80' title="bbox 1928 3539 3515 3609; baseline -0.002 -15"><span class='ocrx_word' id='word_1_608' title='bbox 1928 3539 2056 3594; x_wconf 90' lang='lat' dir='ltr'><strong>dum</strong></span> <span class='ocrx_word' id='word_1_609' title='bbox 2098 3542 2297 3595; x_wconf 88' lang='lat' dir='ltr'><strong>nudam</strong></span> <span class='ocrx_word' id='word_1_610' title='bbox 2348 3542 2634 3595; x_wconf 90' lang='lat' dir='ltr'><strong>lectionem</strong></span> <span class='ocrx_word' id='word_1_611' title='bbox 2684 3555 2870 3596; x_wconf 87' lang='lat' dir='ltr'><strong>secum</strong></span> <span class='ocrx_word' id='word_1_612' title='bbox 2918 3541 3254 3608; x_wconf 86' lang='lat' dir='ltr'><strong>reputaverit</strong></span> <span class='ocrx_word' id='word_1_613' title='bbox 3283 3556 3389 3609; x_wconf 89' lang='lat' dir='ltr'><strong>qua</strong></span> <span class='ocrx_word' id='word_1_614' title='bbox 3420 3554 3515 3592; x_wconf 85' lang='lat' dir='ltr'><strong>ra-</strong></span> 
     </span>
    </p>
   </div>
   <div class='ocr_carea' id='block_1_81' title="bbox 1929 3630 3518 3694">
    <p class='ocr_par' dir='ltr' id='par_1_81' title="bbox 1929 3630 3518 3694">
     <span class='ocr_line' id='line_1_81' title="bbox 1929 3630 3518 3694; baseline 0 -12"><span class='ocrx_word' id='word_1_615' title='bbox 1929 3632 2077 3685; x_wconf 87' lang='lat' dir='ltr'><strong>tione</strong></span> <span class='ocrx_word' id='word_1_616' title='bbox 2117 3646 2147 3684; x_wconf 90' lang='lat' dir='ltr'><strong>a</strong></span> <span class='ocrx_word' id='word_1_617' title='bbox 2178 3630 2459 3686; x_wconf 85' lang='lat' dir='ltr'><strong>Salvatore</strong></span> <span class='ocrx_word' id='word_1_618' title='bbox 2493 3633 2701 3686; x_wconf 91' lang='lat' dir='ltr'><strong>dictum</strong></span> <span class='ocrx_word' id='word_1_619' title='bbox 2733 3634 2838 3694; x_wconf 83' lang='lat' dir='ltr'><strong>sit.</strong></span> <span class='ocrx_word' id='word_1_620' title='bbox 2878 3630 2942 3685; x_wconf 87' lang='lat' dir='ltr'><strong>In</strong></span> <span class='ocrx_word' id='word_1_621' title='bbox 2983 3632 3080 3685; x_wconf 85' lang='lat' dir='ltr'><strong>hoc</strong></span> <span class='ocrx_word' id='word_1_622' title='bbox 3106 3632 3301 3685; x_wconf 76' lang='lat' dir='ltr'><strong>swculo</strong></span> <span class='ocrx_word' id='word_1_623' title='bbox 3335 3639 3518 3684; x_wconf 85' lang='lat' dir='ltr'><strong>centu—</strong></span> 
     </span>
    </p>
   </div>
   <div class='ocr_carea' id='block_1_82' title="bbox 1928 3722 3517 3793">
    <p class='ocr_par' dir='ltr' id='par_1_82' title="bbox 1928 3722 3517 3793">
     <span class='ocr_line' id='line_1_82' title="bbox 1928 3722 3517 3793; baseline 0.001 -20"><span class='ocrx_word' id='word_1_624' title='bbox 1928 3722 2074 3790; x_wconf 84' lang='lat' dir='ltr'><strong>plum</strong></span> <span class='ocrx_word' id='word_1_625' title='bbox 2105 3723 2312 3790; x_wconf 85' lang='lat' dir='ltr'><strong>recipiet</strong></span> <span class='ocrx_word' id='word_1_626' title='bbox 2341 3722 2409 3784; x_wconf 78' lang='lat'><strong>&quot;,</strong></span> <span class='ocrx_word' id='word_1_627' title='bbox 2436 3739 2662 3793; x_wconf 88' lang='lat' dir='ltr'><strong>remque</strong></span> <span class='ocrx_word' id='word_1_628' title='bbox 2711 3740 2876 3793; x_wconf 86' lang='lat' dir='ltr'><strong>opere</strong></span> <span class='ocrx_word' id='word_1_629' title='bbox 2915 3739 3013 3792; x_wconf 86' lang='lat' dir='ltr'><strong>per</strong></span> <span class='ocrx_word' id='word_1_630' title='bbox 3059 3722 3181 3790; x_wconf 86' lang='lat' dir='ltr'><strong>ejus</strong></span> <span class='ocrx_word' id='word_1_631' title='bbox 3213 3722 3517 3791; x_wconf 86' lang='lat' dir='ltr'><strong>discipulos</strong></span> 
     </span>
    </p>
   </div>
   <div class='ocr_carea' id='block_1_83' title="bbox 1928 3814 3517 3883">
    <p class='ocr_par' dir='ltr' id='par_1_83' title="bbox 1928 3814 3517 3883">
     <span class='ocr_line' id='line_1_83' title="bbox 1928 3814 3517 3883; baseline -0.003 -16"><span class='ocrx_word' id='word_1_632' title='bbox 1928 3814 2335 3882; x_wconf 88' lang='lat' dir='ltr'><strong>comprobatam</strong></span> <span class='ocrx_word' id='word_1_633' title='bbox 2392 3814 2629 3877; x_wconf 70' lang='lat' dir='ltr'><strong>viderit,</strong></span> <span class='ocrx_word' id='word_1_634' title='bbox 2702 3815 2751 3869; x_wconf 89' lang='lat' dir='ltr'><strong>is</strong></span> <span class='ocrx_word' id='word_1_635' title='bbox 2807 3830 2939 3869; x_wconf 87' lang='lat' dir='ltr'><strong>sane</strong></span> <span class='ocrx_word' id='word_1_636' title='bbox 2990 3814 3360 3883; x_wconf 87' lang='lat' dir='ltr'><strong>deprehendet</strong></span> <span class='ocrx_word' id='word_1_637' title='bbox 3408 3831 3517 3883; x_wconf 71' lang='lat' dir='ltr'><strong>qua</strong></span> 
     </span>
    </p>
   </div>
   <div class='ocr_carea' id='block_1_84' title="bbox 1928 3903 3515 3974">
    <p class='ocr_par' dir='ltr' id='par_1_84' title="bbox 1928 3903 3515 3974">
     <span class='ocr_line' id='line_1_84' title="bbox 1928 3903 3515 3974; baseline -0.001 -17"><span class='ocrx_word' id='word_1_638' title='bbox 1928 3914 2092 3974; x_wconf 89' lang='lat' dir='ltr'><strong>pacto</strong></span> <span class='ocrx_word' id='word_1_639' title='bbox 2114 3904 2300 3972; x_wconf 87' lang='lat' dir='ltr'><strong>justus</strong></span> <span class='ocrx_word' id='word_1_640' title='bbox 2329 3911 2442 3957; x_wconf 87' lang='lat' dir='ltr'><strong>tota</strong></span> <span class='ocrx_word' id='word_1_641' title='bbox 2465 3905 2555 3958; x_wconf 88' lang='lat' dir='ltr'><strong>die</strong></span> <span class='ocrx_word' id='word_1_642' title='bbox 2586 3905 2912 3959; x_wconf 87' lang='lat' dir='ltr'><strong>misereatur</strong></span> <span class='ocrx_word' id='word_1_643' title='bbox 2943 3912 2998 3959; x_wconf 89' lang='lat' dir='ltr'><strong>et</strong></span> <span class='ocrx_word' id='word_1_644' title='bbox 3025 3903 3357 3959; x_wconf 91' lang='lat' dir='ltr'><strong>commodet.</strong></span> <span class='ocrx_word' id='word_1_645' title='bbox 3380 3903 3515 3957; x_wconf 86' lang='lat' dir='ltr'><strong>Nam</strong></span> 
     </span>
    </p>
   </div>
   <div class='ocr_carea' id='block_1_85' title="bbox 1929 3995 3513 4061">
    <p class='ocr_par' dir='ltr' id='par_1_85' title="bbox 1929 3995 3513 4061">
     <span class='ocr_line' id='line_1_85' title="bbox 1929 3995 3513 4061; baseline 0 -11"><span class='ocrx_word' id='word_1_646' title='bbox 1929 3996 1974 4050; x_wconf 91' lang='lat' dir='ltr'><strong>si</strong></span> <span class='ocrx_word' id='word_1_647' title='bbox 2002 3995 2246 4049; x_wconf 90' lang='lat' dir='ltr'><strong>omnium</strong></span> <span class='ocrx_word' id='word_1_648' title='bbox 2281 3995 2520 4050; x_wconf 83' lang='lat' dir='ltr'><strong>ﬁdelium</strong></span> <span class='ocrx_word' id='word_1_649' title='bbox 2552 4011 2649 4051; x_wconf 92' lang='lat' dir='ltr'><strong>cor</strong></span> <span class='ocrx_word' id='word_1_650' title='bbox 2675 4012 2843 4051; x_wconf 89' lang='lat' dir='ltr'><strong>unum</strong></span> <span class='ocrx_word' id='word_1_651' title='bbox 2883 4004 2939 4051; x_wconf 91' lang='lat' dir='ltr'><strong>et</strong></span> <span class='ocrx_word' id='word_1_652' title='bbox 2990 3997 3173 4051; x_wconf 91' lang='lat' dir='ltr'><strong>anima</strong></span> <span class='ocrx_word' id='word_1_653' title='bbox 3209 4011 3315 4051; x_wconf 89' lang='lat' dir='ltr'><strong>una</strong></span> <span class='ocrx_word' id='word_1_654' title='bbox 3351 4006 3513 4061; x_wconf 88' lang='lat' dir='ltr'><strong>erat,</strong></span> 
     </span>
    </p>
   </div>
   <div class='ocr_carea' id='block_1_86' title="bbox 1926 4088 3515 4160">
    <p class='ocr_par' dir='ltr' id='par_1_86' title="bbox 1926 4088 3515 4160">
     <span class='ocr_line' id='line_1_86' title="bbox 1926 4088 3515 4160; baseline -0.001 -17"><span class='ocrx_word' id='word_1_655' title='bbox 1926 4089 2224 4159; x_wconf 89' lang='lat' dir='ltr'><strong>nullusque</strong></span> <span class='ocrx_word' id='word_1_656' title='bbox 2255 4089 2471 4143; x_wconf 89' lang='lat' dir='ltr'><strong>dicebat</strong></span> <span class='ocrx_word' id='word_1_657' title='bbox 2501 4089 2604 4143; x_wconf 92' lang='lat' dir='ltr'><strong>sibi</strong></span> <span class='ocrx_word' id='word_1_658' title='bbox 2638 4090 2768 4158; x_wconf 89' lang='lat' dir='ltr'><strong>quid</strong></span> <span class='ocrx_word' id='word_1_659' title='bbox 2798 4090 3079 4160; x_wconf 88' lang='lat' dir='ltr'><strong>proprium</strong></span> <span class='ocrx_word' id='word_1_660' title='bbox 3112 4104 3258 4152; x_wconf 88' lang='lat' dir='ltr'><strong>esse,</strong></span> <span class='ocrx_word' id='word_1_661' title='bbox 3295 4088 3385 4143; x_wconf 83' lang='lat' dir='ltr'><strong>sed</strong></span> <span class='ocrx_word' id='word_1_662' title='bbox 3409 4105 3515 4143; x_wconf 88' lang='lat' dir='ltr'><strong>om-</strong></span> 
     </span>
    </p>
   </div>
   <div class='ocr_carea' id='block_1_87' title="bbox 1928 4176 3514 4245">
    <p class='ocr_par' dir='ltr' id='par_1_87' title="bbox 1928 4176 3514 4245">
     <span class='ocr_line' id='line_1_87' title="bbox 1928 4176 3514 4245; baseline 0.001 -17"><span class='ocrx_word' id='word_1_663' title='bbox 1928 4176 2019 4228; x_wconf 90' lang='lat' dir='ltr'><strong>nia</strong></span> <span class='ocrx_word' id='word_1_664' title='bbox 2045 4182 2197 4228; x_wconf 85' lang='lat' dir='ltr'><strong>erant</strong></span> <span class='ocrx_word' id='word_1_665' title='bbox 2246 4176 2570 4238; x_wconf 84' lang='lat' dir='ltr'><strong>communia,</strong></span> <span class='ocrx_word' id='word_1_666' title='bbox 2603 4184 2659 4229; x_wconf 89' lang='lat' dir='ltr'><strong>et</strong></span> <span class='ocrx_word' id='word_1_667' title='bbox 2690 4184 2959 4245; x_wconf 86' lang='lat' dir='ltr'><strong>quotquot</strong></span> <span class='ocrx_word' id='word_1_668' title='bbox 2988 4190 3340 4245; x_wconf 86' lang='lat' dir='ltr'><strong>possessores</strong></span> <span class='ocrx_word' id='word_1_669' title='bbox 3371 4190 3514 4245; x_wconf 67' lang='lat' dir='ltr'><strong>pra!-</strong></span> 
     </span>
    </p>
   </div>
   <div class='ocr_carea' id='block_1_88' title="bbox 1926 4267 3518 4339">
    <p class='ocr_par' dir='ltr' id='par_1_88' title="bbox 1926 4267 3518 4339">
     <span class='ocr_line' id='line_1_88' title="bbox 1926 4267 3518 4339; baseline 0.001 -18"><span class='ocrx_word' id='word_1_670' title='bbox 1926 4267 2143 4322; x_wconf 90' lang='lat' dir='ltr'><strong>diorum</strong></span> <span class='ocrx_word' id='word_1_671' title='bbox 2173 4275 2352 4329; x_wconf 89' lang='lat' dir='ltr'><strong>erant,</strong></span> <span class='ocrx_word' id='word_1_672' title='bbox 2382 4267 2682 4323; x_wconf 81' lang='lat' dir='ltr'><strong>vendentes</strong></span> <span class='ocrx_word' id='word_1_673' title='bbox 2715 4270 2992 4337; x_wconf 86' lang='lat' dir='ltr'><strong>ponebant</strong></span> <span class='ocrx_word' id='word_1_674' title='bbox 3036 4278 3163 4323; x_wconf 90' lang='lat' dir='ltr'><strong>ante</strong></span> <span class='ocrx_word' id='word_1_675' title='bbox 3190 4269 3357 4339; x_wconf 89' lang='lat' dir='ltr'><strong>pedes</strong></span> <span class='ocrx_word' id='word_1_676' title='bbox 3384 4283 3518 4339; x_wconf 76' lang='lat' dir='ltr'><strong>apt:-</strong></span> 
     </span>
    </p>
   </div>
   <div class='ocr_carea' id='block_1_89' title="bbox 1927 4364 3514 4435">
    <p class='ocr_par' dir='ltr' id='par_1_89' title="bbox 1927 4364 3514 4435">
     <span class='ocr_line' id='line_1_89' title="bbox 1927 4364 3514 4435; baseline -0.002 -15"><span class='ocrx_word' id='word_1_677' title='bbox 1927 4365 2216 4429; x_wconf 88' lang='lat' dir='ltr'><strong>stolorum,</strong></span> <span class='ocrx_word' id='word_1_678' title='bbox 2249 4364 2679 4435; x_wconf 82' lang='lat' dir='ltr'><strong>dividebantque</strong></span> <span class='ocrx_word' id='word_1_679' title='bbox 2724 4366 2957 4435; x_wconf 86' lang='lat' dir='ltr'><strong>singulis</strong></span> <span class='ocrx_word' id='word_1_680' title='bbox 2990 4374 3147 4434; x_wconf 84' lang='lat' dir='ltr'><strong>prout</strong></span> <span class='ocrx_word' id='word_1_681' title='bbox 3174 4367 3359 4435; x_wconf 84' lang='lat' dir='ltr'><strong>cuique</strong></span> <span class='ocrx_word' id='word_1_682' title='bbox 3384 4382 3514 4430; x_wconf 85' lang='lat' dir='ltr'><strong>opus</strong></span> 
     </span>
    </p>
   </div>
   <div class='ocr_carea' id='block_1_90' title="bbox 1922 4454 3514 4528">
    <p class='ocr_par' dir='ltr' id='par_1_90' title="bbox 1922 4454 3514 4528">
     <span class='ocr_line' id='line_1_90' title="bbox 1922 4454 3514 4528; baseline 0.001 -18"><span class='ocrx_word' id='word_1_683' title='bbox 1922 4467 2037 4511; x_wconf 86' lang='lat' dir='ltr'><strong>erat</strong></span> <span class='ocrx_word' id='word_1_684' title='bbox 2067 4457 2146 4521; x_wconf 86' lang='grc'><strong>⁷⁷;</strong></span> <span class='ocrx_word' id='word_1_685' title='bbox 2183 4454 2534 4511; x_wconf 65' lang='lat' dir='ltr'><strong>manifestum</strong></span> <span class='ocrx_word' id='word_1_686' title='bbox 2564 4473 2696 4511; x_wconf 84' lang='lat' dir='ltr'><strong>sane</strong></span> <span class='ocrx_word' id='word_1_687' title='bbox 2730 4466 2813 4512; x_wconf 86' lang='lat' dir='ltr'><strong>est</strong></span> <span class='ocrx_word' id='word_1_688' title='bbox 2852 4459 3001 4528; x_wconf 83' lang='lat' dir='ltr'><strong>ipsos</strong></span> <span class='ocrx_word' id='word_1_689' title='bbox 3036 4466 3150 4512; x_wconf 88' lang='lat' dir='ltr'><strong>tota</strong></span> <span class='ocrx_word' id='word_1_690' title='bbox 3178 4459 3267 4512; x_wconf 88' lang='lat' dir='ltr'><strong>die</strong></span> <span class='ocrx_word' id='word_1_691' title='bbox 3314 4457 3514 4511; x_wconf 80' lang='lat' dir='ltr'><strong>miser-</strong></span> 
     </span>
    </p>
   </div>
   <div class='ocr_carea' id='block_1_91' title="bbox 237 4546 1827 4619">
    <p class='ocr_par' dir='ltr' id='par_1_91' title="bbox 237 4547 1819 4619">
     <span class='ocr_line' id='line_1_91' title="bbox 237 4547 1819 4619; baseline 0.003 -20"><span class='ocrx_word' id='word_1_692' title='bbox 237 4548 643 4617; x_wconf 85' lang='grc' dir='ltr'>πιπράσκοντες</span> <span class='ocrx_word' id='word_1_693' title='bbox 675 4547 922 4601; x_wconf 84' lang='grc' dir='ltr'>ἐτίθεσαν</span> <span class='ocrx_word' id='word_1_694' title='bbox 949 4550 1098 4619; x_wconf 72' lang='grc' dir='ltr'>παρὰ</span> <span class='ocrx_word' id='word_1_695' title='bbox 1114 4551 1242 4613; x_wconf 80' lang='grc' dir='ltr'>τοὺς</span> <span class='ocrx_word' id='word_1_696' title='bbox 1264 4550 1432 4613; x_wconf 84' lang='grc' dir='ltr'>πόδας</span> <span class='ocrx_word' id='word_1_697' title='bbox 1461 4550 1567 4603; x_wconf 82' lang='grc' dir='ltr'>τῶν</span> <span class='ocrx_word' id='word_1_698' title='bbox 1588 4551 1819 4604; x_wconf 81' lang='grc' dir='ltr'>ἀποστό-</span> 
     </span>
    </p>
   </div>
   <div class='ocr_carea' id='block_1_92' title="bbox 1929 4546 2675 4619">
    <p class='ocr_par' dir='ltr' id='par_1_92' title="bbox 1929 4549 2675 4603">
     <span class='ocr_line' id='line_1_92' title="bbox 1929 4549 2675 4603; baseline -0.004 0"><span class='ocrx_word' id='word_1_699' title='bbox 1929 4558 2012 4603; x_wconf 91' lang='lat' dir='ltr'><strong>tos</strong></span> <span class='ocrx_word' id='word_1_700' title='bbox 2044 4564 2167 4603; x_wconf 87' lang='lat' dir='ltr'><strong>esse</strong></span> <span class='ocrx_word' id='word_1_701' title='bbox 2192 4555 2247 4603; x_wconf 91' lang='lat' dir='ltr'><strong>et</strong></span> <span class='ocrx_word' id='word_1_702' title='bbox 2276 4549 2675 4603; x_wconf 85' lang='lat' dir='ltr'><strong>commodasse.</strong></span> 
     </span>
    </p>
   </div>
   <div class='ocr_carea' id='block_1_93' title="bbox 235 4635 3512 4713">
    <p class='ocr_par' dir='ltr' id='par_1_93' title="bbox 235 4635 3512 4713">
     <span class='ocr_line' id='line_1_93' title="bbox 235 4635 3512 4713; baseline 0.001 -22"><span class='ocrx_word' id='word_1_703' title='bbox 235 4638 368 4700; x_wconf 89' lang='grc' dir='ltr'>λων,</span> <span class='ocrx_word' id='word_1_704' title='bbox 398 4637 474 4690; x_wconf 86' lang='grc' dir='ltr'><strong>διε</strong></span> <span class='ocrx_word' id='word_1_705' title='bbox 483 4639 547 4705; x_wconf 85' lang='grc' dir='ltr'><strong>μέ</strong></span> <span class='ocrx_word' id='word_1_706' title='bbox 557 4638 701 4708; x_wconf 77' lang='grc' dir='ltr'>ριζόν</span> <span class='ocrx_word' id='word_1_707' title='bbox 718 4656 775 4691; x_wconf 89' lang='grc' dir='ltr'><strong>τε</strong></span> <span class='ocrx_word' id='word_1_708' title='bbox 798 4639 1032 4711; x_wconf 79' lang='grc' dir='ltr'>ἑκάστῳ,</span> <span class='ocrx_word' id='word_1_709' title='bbox 1067 4640 1253 4694; x_wconf 84' lang='grc' dir='ltr'>καθότι</span> <span class='ocrx_word' id='word_1_710' title='bbox 1282 4640 1347 4696; x_wconf 77' lang='grc' dir='ltr'>ἄν</span> <span class='ocrx_word' id='word_1_711' title='bbox 1368 4659 1453 4701; x_wconf 83' lang='grc' dir='ltr'><strong>τις</strong></span> <span class='ocrx_word' id='word_1_712' title='bbox 1477 4643 1665 4713; x_wconf 86' lang='grc' dir='ltr'>χρείαν</span> <span class='ocrx_word' id='word_1_713' title='bbox 1688 4639 1822 4713; x_wconf 75' lang='grc' dir='ltr'>εἶχε·</span> <span class='ocrx_word' id='word_1_714' title='bbox 1842 4642 1999 4713; x_wconf 81' lang='grc' dir='ltr'>δῆλον</span> <span class='ocrx_word' id='word_1_715' title='bbox 2026 4642 2179 4703; x_wconf 86' lang='grc' dir='ltr'>ὅπως</span> <span class='ocrx_word' id='word_1_716' title='bbox 2202 4641 2329 4712; x_wconf 76' lang='grc' dir='ltr'>ὃλην</span> <span class='ocrx_word' id='word_1_717' title='bbox 2350 4642 2450 4713; x_wconf 81' lang='grc' dir='ltr'><strong>τὴν</strong></span> <span class='ocrx_word' id='word_1_718' title='bbox 2483 4644 2694 4713; x_wconf 81' lang='grc' dir='ltr'>ἡμέραν</span> <span class='ocrx_word' id='word_1_719' title='bbox 2720 4635 2864 4694; x_wconf 70' lang='grc' dir='ltr'>οὗτοι</span> <span class='ocrx_word' id='word_1_720' title='bbox 2894 4642 3085 4711; x_wconf 73' lang='grc' dir='ltr'>ἠλέουν</span> <span class='ocrx_word' id='word_1_721' title='bbox 3105 4642 3199 4693; x_wconf 76' lang='grc' dir='ltr'><strong>καὶ</strong></span> <span class='ocrx_word' id='word_1_722' title='bbox 3222 4640 3512 4704; x_wconf 77' lang='grc' dir='ltr'>ὲδάνειζον.</span> 
     </span>
    </p>
   </div>
   <div class='ocr_carea' id='block_1_94' title="bbox 314 4746 1812 4833">
    <p class='ocr_par' dir='ltr' id='par_1_94' title="bbox 314 4746 1812 4833">
     <span class='ocr_line' id='line_1_94' title="bbox 314 4746 1812 4833; baseline 0.005 -24"><span class='ocrx_word' id='word_1_723' title='bbox 314 4746 636 4811; x_wconf 74' lang='grc' dir='ltr'>Ἕκκλινον</span> <span class='ocrx_word' id='word_1_724' title='bbox 677 4756 795 4812; x_wconf 77' lang='grc' dir='ltr'><strong>ἀπὸ</strong></span> <span class='ocrx_word' id='word_1_725' title='bbox 845 4758 1053 4823; x_wconf 75' lang='grc' dir='ltr'>κακοῦ,</span> <span class='ocrx_word' id='word_1_726' title='bbox 1105 4760 1203 4813; x_wconf 82' lang='grc' dir='ltr'>καὶ</span> <span class='ocrx_word' id='word_1_727' title='bbox 1256 4761 1517 4829; x_wconf 79' lang='grc' dir='ltr'>ποίησον</span> <span class='ocrx_word' id='word_1_728' title='bbox 1567 4764 1812 4833; x_wconf 79' lang='grc' dir='ltr'>ἀγαθόν.</span> 
     </span>
    </p>
   </div>
   <div class='ocr_carea' id='block_1_95' title="bbox 247 4846 1818 4925">
    <p class='ocr_par' dir='ltr' id='par_1_95' title="bbox 247 4846 1818 4925">
     <span class='ocr_line' id='line_1_95' title="bbox 247 4846 1818 4925; baseline 0.005 -26"><span class='ocrx_word' id='word_1_729' title='bbox 247 4846 652 4919; x_wconf 78' lang='grc' dir='ltr'>Ἐλευθερῲσας</span> <span class='ocrx_word' id='word_1_730' title='bbox 700 4849 921 4902; x_wconf 75' lang='grc' dir='ltr'>σεαυτὸν</span> <span class='ocrx_word' id='word_1_731' title='bbox 969 4851 1149 4923; x_wconf 83' lang='grc' dir='ltr'>πάσης</span> <span class='ocrx_word' id='word_1_732' title='bbox 1195 4852 1412 4918; x_wconf 82' lang='grc' dir='ltr'>κακίας,</span> <span class='ocrx_word' id='word_1_733' title='bbox 1442 4853 1533 4905; x_wconf 71' lang='grc' dir='ltr'><strong>ἐπὶ</strong></span> <span class='ocrx_word' id='word_1_734' title='bbox 1581 4854 1661 4906; x_wconf 76' lang='grc' dir='ltr'><strong>σοὶ</strong></span> <span class='ocrx_word' id='word_1_735' title='bbox 1710 4854 1818 4925; x_wconf 76' lang='grc' dir='ltr'><strong>γάρ</strong></span> 
     </span>
    </p>
   </div>
   <div class='ocr_carea' id='block_1_96' title="bbox 233 4941 1817 5017">
    <p class='ocr_par' dir='ltr' id='par_1_96' title="bbox 233 4941 1817 5017">
     <span class='ocr_line' id='line_1_96' title="bbox 233 4941 1817 5017; baseline 0.004 -23"><span class='ocrx_word' id='word_1_736' title='bbox 233 4943 354 4995; x_wconf 75' lang='grc' dir='ltr'>ἐστι</span> <span class='ocrx_word' id='word_1_737' title='bbox 383 4941 561 5005; x_wconf 76' lang='grc' dir='ltr'>τοῦτο,</span> <span class='ocrx_word' id='word_1_738' title='bbox 596 4942 687 4995; x_wconf 76' lang='grc' dir='ltr'><strong>καὶ</strong></span> <span class='ocrx_word' id='word_1_739' title='bbox 724 4942 1003 5014; x_wconf 75' lang='grc' dir='ltr'>βουληθεὶς</span> <span class='ocrx_word' id='word_1_740' title='bbox 1046 4943 1285 5017; x_wconf 84' lang='grc' dir='ltr'>δυνήσῃ·</span> <span class='ocrx_word' id='word_1_741' title='bbox 1330 4945 1392 4997; x_wconf 81' lang='grc' dir='ltr'><strong>οὐ</strong></span> <span class='ocrx_word' id='word_1_742' title='bbox 1439 4944 1545 5016; x_wconf 82' lang='grc' dir='ltr'><strong>μὴν</strong></span> <span class='ocrx_word' id='word_1_743' title='bbox 1593 4944 1692 5017; x_wconf 69' lang='grc' dir='ltr'>ἤδη</span> <span class='ocrx_word' id='word_1_744' title='bbox 1728 4947 1817 5000; x_wconf 81' lang='grc' dir='ltr'><strong>τέ-</strong></span> 
     </span>
    </p>
   </div>
   <div class='ocr_carea' id='block_1_97' title="bbox 233 5033 1819 5110">
    <p class='ocr_par' dir='ltr' id='par_1_97' title="bbox 233 5033 1819 5110">
     <span class='ocr_line' id='line_1_97' title="bbox 233 5033 1819 5110; baseline 0.003 -23"><span class='ocrx_word' id='word_1_745' title='bbox 233 5034 380 5098; x_wconf 83' lang='grc' dir='ltr'>λειος</span> <span class='ocrx_word' id='word_1_746' title='bbox 413 5034 510 5106; x_wconf 81' lang='grc' dir='ltr'><strong>ἔσῃ</strong></span> <span class='ocrx_word' id='word_1_747' title='bbox 552 5033 710 5088; x_wconf 80' lang='grc' dir='ltr'>τοῦτο</span> <span class='ocrx_word' id='word_1_748' title='bbox 739 5034 970 5108; x_wconf 82' lang='grc' dir='ltr'>πράξας,</span> <span class='ocrx_word' id='word_1_749' title='bbox 997 5038 1043 5089; x_wconf 87' lang='grc' dir='ltr'>εἰ</span> <span class='ocrx_word' id='word_1_750' title='bbox 1097 5036 1171 5107; x_wconf 83' lang='grc' dir='ltr'>μὴ</span> <span class='ocrx_word' id='word_1_751' title='bbox 1206 5038 1298 5090; x_wconf 72' lang='grc' dir='ltr'><strong>καὶ</strong></span> <span class='ocrx_word' id='word_1_752' title='bbox 1342 5037 1402 5090; x_wconf 86' lang='grc' dir='ltr'><strong>τὸ</strong></span> <span class='ocrx_word' id='word_1_753' title='bbox 1434 5036 1686 5110; x_wconf 85' lang='grc' dir='ltr'>δεύτερόν</span> <span class='ocrx_word' id='word_1_754' title='bbox 1739 5057 1819 5093; x_wconf 90' lang='grc' dir='ltr'><strong>σοι</strong></span> 
     </span>
    </p>
   </div>
   <div class='ocr_carea' id='block_1_98' title="bbox 238 5123 1820 5203">
    <p class='ocr_par' dir='ltr' id='par_1_98' title="bbox 238 5123 1820 5203">
     <span class='ocr_line' id='line_1_98' title="bbox 238 5123 1820 5203; baseline 0.002 -23"><span class='ocrx_word' id='word_1_755' title='bbox 238 5123 440 5197; x_wconf 83' lang='grc' dir='ltr'>παρείη</span> <span class='ocrx_word' id='word_1_756' title='bbox 468 5144 480 5157; x_wconf 78' lang='grc' dir='ltr'><strong><em>ο</em></strong></span> <span class='ocrx_word' id='word_1_757' title='bbox 512 5125 667 5180; x_wconf 75' lang='grc' dir='ltr'>τοῦτο</span> <span class='ocrx_word' id='word_1_758' title='bbox 694 5127 736 5179; x_wconf 73' lang='grc' dir='ltr'>δ’</span> <span class='ocrx_word' id='word_1_759' title='bbox 765 5127 882 5181; x_wconf 76' lang='grc' dir='ltr'>ἐστὶ</span> <span class='ocrx_word' id='word_1_760' title='bbox 908 5127 968 5181; x_wconf 80' lang='grc' dir='ltr'>τὸ</span> <span class='ocrx_word' id='word_1_761' title='bbox 989 5127 1315 5199; x_wconf 78' lang='grc' dir='ltr'>ἐργάζεσθαι</span> <span class='ocrx_word' id='word_1_762' title='bbox 1341 5128 1402 5181; x_wconf 87' lang='grc' dir='ltr'><strong>τὸ</strong></span> <span class='ocrx_word' id='word_1_763' title='bbox 1429 5127 1650 5195; x_wconf 77' lang='grc' dir='ltr'>ἀγαθόν.</span> <span class='ocrx_word' id='word_1_764' title='bbox 1676 5130 1820 5203; x_wconf 81' lang='grc' dir='ltr'>Πρὸς</span> 
     </span>
    </p>
   </div>
   <div class='ocr_carea' id='block_1_99' title="bbox 234 5213 1822 5294">
    <p class='ocr_par' dir='ltr' id='par_1_99' title="bbox 234 5213 1822 5294">
     <span class='ocr_line' id='line_1_99' title="bbox 234 5213 1822 5294; baseline 0.004 -25"><span class='ocrx_word' id='word_1_765' title='bbox 234 5215 348 5287; x_wconf 78' lang='grc' dir='ltr'>γὰρ</span> <span class='ocrx_word' id='word_1_766' title='bbox 377 5213 437 5269; x_wconf 81' lang='grc' dir='ltr'>τὸ</span> <span class='ocrx_word' id='word_1_767' title='bbox 473 5214 547 5286; x_wconf 83' lang='grc' dir='ltr'>μὴ</span> <span class='ocrx_word' id='word_1_768' title='bbox 578 5216 829 5270; x_wconf 80' lang='grc' dir='ltr'>κλέπτειν</span> <span class='ocrx_word' id='word_1_769' title='bbox 855 5220 1119 5290; x_wconf 82' lang='grc' dir='ltr'>προσήκει</span> <span class='ocrx_word' id='word_1_770' title='bbox 1148 5236 1207 5272; x_wconf 89' lang='grc' dir='ltr'><strong>σε</strong></span> <span class='ocrx_word' id='word_1_771' title='bbox 1246 5219 1340 5272; x_wconf 79' lang='grc' dir='ltr'><strong>καὶ</strong></span> <span class='ocrx_word' id='word_1_772' title='bbox 1368 5217 1477 5271; x_wconf 84' lang='grc' dir='ltr'>τῶν</span> <span class='ocrx_word' id='word_1_773' title='bbox 1512 5218 1618 5272; x_wconf 80' lang='grc' dir='ltr'>σῶν</span> <span class='ocrx_word' id='word_1_774' title='bbox 1649 5220 1822 5294; x_wconf 79' lang='grc' dir='ltr'>ὓπαρ-</span> 
     </span>
    </p>
   </div>
   <div class='ocr_carea' id='block_1_100' title="bbox 231 5310 1818 5387">
    <p class='ocr_par' dir='ltr' id='par_1_100' title="bbox 231 5310 1818 5387">
     <span class='ocr_line' id='line_1_100' title="bbox 231 5310 1818 5387; baseline 0.004 -24"><span class='ocrx_word' id='word_1_775' title='bbox 231 5310 441 5383; x_wconf 86' lang='grc' dir='ltr'>χόντων</span> <span class='ocrx_word' id='word_1_776' title='bbox 487 5313 599 5376; x_wconf 85' lang='grc' dir='ltr'>τοῖς</span> <span class='ocrx_word' id='word_1_777' title='bbox 648 5310 920 5382; x_wconf 84' lang='grc' dir='ltr'>δεομένοις</span> <span class='ocrx_word' id='word_1_778' title='bbox 965 5315 1274 5366; x_wconf 87' lang='grc' dir='ltr'>κοινωνεῖν·</span> <span class='ocrx_word' id='word_1_779' title='bbox 1322 5313 1416 5367; x_wconf 67' lang='grc' dir='ltr'><strong>καὶ</strong></span> <span class='ocrx_word' id='word_1_780' title='bbox 1464 5314 1600 5387; x_wconf 78' lang='grc' dir='ltr'>πρὸς</span> <span class='ocrx_word' id='word_1_781' title='bbox 1638 5314 1699 5370; x_wconf 81' lang='grc' dir='ltr'><strong>τδ</strong></span> <span class='ocrx_word' id='word_1_782' title='bbox 1745 5315 1818 5386; x_wconf 74' lang='grc' dir='ltr'>μὴ</span> 
     </span>
    </p>
   </div>
   <div class='ocr_carea' id='block_1_101' title="bbox 232 5402 1813 5480">
    <p class='ocr_par' dir='ltr' id='par_1_101' title="bbox 232 5402 1813 5480">
     <span class='ocr_line' id='line_1_101' title="bbox 232 5402 1813 5480; baseline 0.004 -25"><span class='ocrx_word' id='word_1_783' title='bbox 232 5402 601 5466; x_wconf 83' lang='grc' dir='ltr'>πλεονεκτεῖν,</span> <span class='ocrx_word' id='word_1_784' title='bbox 633 5403 839 5476; x_wconf 76' lang='grc' dir='ltr'>ἕτερον,</span> <span class='ocrx_word' id='word_1_785' title='bbox 870 5403 931 5457; x_wconf 83' lang='grc' dir='ltr'>τὸ</span> <span class='ocrx_word' id='word_1_786' title='bbox 972 5404 1067 5458; x_wconf 77' lang='grc' dir='ltr'><strong>καὶ</strong></span> <span class='ocrx_word' id='word_1_787' title='bbox 1115 5406 1420 5476; x_wconf 79' lang='grc' dir='ltr'>εὐεργετεῖν</span> <span class='ocrx_word' id='word_1_788' title='bbox 1462 5409 1588 5472; x_wconf 72' lang='grc' dir='ltr'>τοὺς</span> <span class='ocrx_word' id='word_1_789' title='bbox 1623 5408 1813 5480; x_wconf 80' lang='grc' dir='ltr'>δεομέ-</span> 
     </span>
    </p>
   </div>
   <div class='ocr_carea' id='block_1_102' title="bbox 228 5496 1817 5573">
    <p class='ocr_par' dir='ltr' id='par_1_102' title="bbox 228 5496 1817 5573">
     <span class='ocr_line' id='line_1_102' title="bbox 228 5496 1817 5573; baseline 0.003 -22"><span class='ocrx_word' id='word_1_790' title='bbox 228 5513 359 5559; x_wconf 87' lang='grc' dir='ltr'>νους</span> <span class='ocrx_word' id='word_1_791' title='bbox 380 5513 395 5527; x_wconf 85' lang='grc'><strong>·</strong></span> <span class='ocrx_word' id='word_1_792' title='bbox 426 5497 519 5550; x_wconf 74' lang='grc' dir='ltr'>καὶ</span> <span class='ocrx_word' id='word_1_793' title='bbox 545 5498 681 5569; x_wconf 77' lang='grc' dir='ltr'>πρὸς</span> <span class='ocrx_word' id='word_1_794' title='bbox 704 5496 765 5550; x_wconf 82' lang='grc' dir='ltr'><strong>τὸ</strong></span> <span class='ocrx_word' id='word_1_795' title='bbox 794 5497 992 5563; x_wconf 79' lang='grc' dir='ltr'>κακίας</span> <span class='ocrx_word' id='word_1_796' title='bbox 1022 5497 1343 5570; x_wconf 81' lang='grc' dir='ltr'>ἀπέχεσθαι,</span> <span class='ocrx_word' id='word_1_797' title='bbox 1372 5501 1432 5553; x_wconf 84' lang='grc' dir='ltr'><strong>τὸ</strong></span> <span class='ocrx_word' id='word_1_798' title='bbox 1483 5502 1567 5554; x_wconf 74' lang='grc' dir='ltr'>καὶ</span> <span class='ocrx_word' id='word_1_799' title='bbox 1596 5501 1817 5573; x_wconf 76' lang='grc' dir='ltr'>ἐτέρους</span> 
     </span>
    </p>
   </div>
   <div class='ocr_carea' id='block_1_103' title="bbox 226 5588 1812 5665">
    <p class='ocr_par' dir='ltr' id='par_1_103' title="bbox 226 5588 1812 5665">
     <span class='ocr_line' id='line_1_103' title="bbox 226 5588 1812 5665; baseline 0.003 -22"><span class='ocrx_word' id='word_1_800' title='bbox 226 5589 343 5644; x_wconf 81' lang='grc' dir='ltr'>ἀπὸ</span> <span class='ocrx_word' id='word_1_801' title='bbox 382 5590 578 5653; x_wconf 86' lang='grc' dir='ltr'>κακίας</span> <span class='ocrx_word' id='word_1_802' title='bbox 615 5588 857 5661; x_wconf 79' lang='grc' dir='ltr'>ῥύεσθαι.</span> <span class='ocrx_word' id='word_1_803' title='bbox 907 5590 1073 5644; x_wconf 82' lang='grc' dir='ltr'>Ἑπὰν</span> <span class='ocrx_word' id='word_1_804' title='bbox 1111 5590 1166 5644; x_wconf 88' lang='grc' dir='ltr'>δὲ</span> <span class='ocrx_word' id='word_1_805' title='bbox 1209 5590 1380 5644; x_wconf 75' lang='grc' dir='ltr'>ταῦτα</span> <span class='ocrx_word' id='word_1_806' title='bbox 1428 5594 1674 5665; x_wconf 67' lang='grc' dir='ltr'>ποιήσῃς,</span> <span class='ocrx_word' id='word_1_807' title='bbox 1711 5611 1812 5647; x_wconf 84' lang='grc' dir='ltr'>κα-</span> 
     </span>
    </p>
   </div>
   <div class='ocr_carea' id='block_1_104' title="bbox 228 5678 1816 5754">
    <p class='ocr_par' dir='ltr' id='par_1_104' title="bbox 228 5678 1816 5754">
     <span class='ocr_line' id='line_1_104' title="bbox 228 5678 1816 5754; baseline 0.002 -18"><span class='ocrx_word' id='word_1_808' title='bbox 228 5681 567 5748; x_wconf 73' lang='grc' dir='ltr'>τασκήνου,</span> <span class='ocrx_word' id='word_1_809' title='bbox 615 5681 800 5754; x_wconf 68' lang='grc' dir='ltr'>φησιν,</span> <span class='ocrx_word' id='word_1_810' title='bbox 839 5685 925 5749; x_wconf 83' lang='grc' dir='ltr'>εὶς</span> <span class='ocrx_word' id='word_1_811' title='bbox 964 5682 1151 5738; x_wconf 70' lang='grc' dir='ltr'>αἰῶνα</span> <span class='ocrx_word' id='word_1_812' title='bbox 1192 5682 1424 5751; x_wconf 77' lang='grc' dir='ltr'>αἰῶνος.</span> <span class='ocrx_word' id='word_1_813' title='bbox 1488 5685 1628 5737; x_wconf 80' lang='grc' dir='ltr'><strong>Ἀνϐ’</strong></span> <span class='ocrx_word' id='word_1_814' title='bbox 1679 5678 1741 5738; x_wconf 75' lang='grc' dir='ltr'>οὗ</span> <span class='ocrx_word' id='word_1_815' title='bbox 1790 5687 1816 5739; x_wconf 80' lang='grc' dir='ltr'>ὀ</span> 
     </span>
    </p>
   </div>
   <div class='ocr_carea' id='block_1_105' title="bbox 1996 4757 3512 4828">
    <p class='ocr_par' dir='ltr' id='par_1_105' title="bbox 1996 4757 3512 4828">
     <span class='ocr_line' id='line_1_105' title="bbox 1996 4757 3512 4828; baseline -0.001 -15"><span class='ocrx_word' id='word_1_816' title='bbox 1996 4760 2163 4817; x_wconf 72' lang='lat' dir='ltr'><strong>Vens.</strong></span> <span class='ocrx_word' id='word_1_817' title='bbox 2198 4761 2428 4817; x_wconf 72' lang='lat'><strong>27-29.</strong></span> <span class='ocrx_word' id='word_1_818' title='bbox 2486 4760 2707 4815; x_wconf 84' lang='lat' dir='ltr'><strong>Declina</strong></span> <span class='ocrx_word' id='word_1_819' title='bbox 2760 4777 2792 4813; x_wconf 90' lang='lat' dir='ltr'><strong>a</strong></span> <span class='ocrx_word' id='word_1_820' title='bbox 2836 4759 3008 4825; x_wconf 84' lang='lat' dir='ltr'><strong>malo,</strong></span> <span class='ocrx_word' id='word_1_821' title='bbox 3048 4768 3096 4811; x_wconf 86' lang='lat' dir='ltr'><strong>et</strong></span> <span class='ocrx_word' id='word_1_822' title='bbox 3151 4758 3238 4828; x_wconf 75' lang='lat' dir='ltr'><strong>{ac</strong></span> <span class='ocrx_word' id='word_1_823' title='bbox 3300 4757 3512 4817; x_wconf 85' lang='lat' dir='ltr'><strong>bonum.</strong></span> 
     </span>
    </p>
   </div>
   <div class='ocr_carea' id='block_1_106' title="bbox 1928 4852 3513 4923">
    <p class='ocr_par' dir='ltr' id='par_1_106' title="bbox 1928 4852 3513 4923">
     <span class='ocr_line' id='line_1_106' title="bbox 1928 4852 3513 4923; baseline -0.004 -11"><span class='ocrx_word' id='word_1_824' title='bbox 1928 4855 2064 4912; x_wconf 90' lang='lat' dir='ltr'><strong>Cum</strong></span> <span class='ocrx_word' id='word_1_825' title='bbox 2101 4864 2154 4912; x_wconf 92' lang='lat' dir='ltr'><strong>te</strong></span> <span class='ocrx_word' id='word_1_826' title='bbox 2190 4856 2256 4912; x_wconf 88' lang='lat' dir='ltr'><strong>ab</strong></span> <span class='ocrx_word' id='word_1_827' title='bbox 2283 4854 2433 4909; x_wconf 90' lang='lat' dir='ltr'><strong>omni</strong></span> <span class='ocrx_word' id='word_1_828' title='bbox 2474 4854 2680 4909; x_wconf 88' lang='lat' dir='ltr'><strong>malitia</strong></span> <span class='ocrx_word' id='word_1_829' title='bbox 2713 4852 3014 4916; x_wconf 78' lang='lat' dir='ltr'><strong>exemeris,</strong></span> <span class='ocrx_word' id='word_1_830' title='bbox 3067 4868 3237 4923; x_wconf 88' lang='lat' dir='ltr'><strong>penes</strong></span> <span class='ocrx_word' id='word_1_831' title='bbox 3280 4857 3335 4908; x_wconf 87' lang='lat' dir='ltr'><strong>te</strong></span> <span class='ocrx_word' id='word_1_832' title='bbox 3369 4853 3513 4908; x_wconf 92' lang='lat' dir='ltr'><strong>enim</strong></span> 
     </span>
    </p>
   </div>
   <div class='ocr_carea' id='block_1_107' title="bbox 1925 4946 3517 5018">
    <p class='ocr_par' dir='ltr' id='par_1_107' title="bbox 1925 4946 3517 5018">
     <span class='ocr_line' id='line_1_107' title="bbox 1925 4946 3517 5018; baseline -0.003 -13"><span class='ocrx_word' id='word_1_833' title='bbox 1925 4948 2057 5005; x_wconf 86' lang='lat' dir='ltr'><strong>illud</strong></span> <span class='ocrx_word' id='word_1_834' title='bbox 2089 4956 2207 5012; x_wconf 89' lang='lat' dir='ltr'><strong>est,</strong></span> <span class='ocrx_word' id='word_1_835' title='bbox 2239 4956 2293 5003; x_wconf 91' lang='lat' dir='ltr'><strong>et</strong></span> <span class='ocrx_word' id='word_1_836' title='bbox 2328 4947 2373 5003; x_wconf 91' lang='lat' dir='ltr'><strong>si</strong></span> <span class='ocrx_word' id='word_1_837' title='bbox 2406 4948 2541 5003; x_wconf 80' lang='lat' dir='ltr'><strong>velis</strong></span> <span class='ocrx_word' id='word_1_838' title='bbox 2569 4948 2814 5018; x_wconf 81' lang='lat' dir='ltr'><strong>poteris;</strong></span> <span class='ocrx_word' id='word_1_839' title='bbox 2860 4963 2970 5001; x_wconf 90' lang='lat' dir='ltr'><strong>non</strong></span> <span class='ocrx_word' id='word_1_840' title='bbox 3003 4946 3221 5012; x_wconf 91' lang='lat' dir='ltr'><strong>statim,</strong></span> <span class='ocrx_word' id='word_1_841' title='bbox 3254 4947 3358 5002; x_wconf 91' lang='lat' dir='ltr'><strong>hoc</strong></span> <span class='ocrx_word' id='word_1_842' title='bbox 3391 4963 3517 5017; x_wconf 86' lang='lat' dir='ltr'><strong>pcr-</strong></span> 
     </span>
    </p>
   </div>
   <div class='ocr_carea' id='block_1_108' title="bbox 1928 5028 3512 5112">
    <p class='ocr_par' dir='ltr' id='par_1_108' title="bbox 1928 5028 3512 5112">
     <span class='ocr_line' id='line_1_108' title="bbox 1928 5028 3512 5112; baseline -0.002 -15"><span class='ocrx_word' id='word_1_843' title='bbox 1928 5052 2071 5106; x_wconf 90' lang='lat' dir='ltr'><strong>acto,</strong></span> <span class='ocrx_word' id='word_1_844' title='bbox 2109 5039 2386 5112; x_wconf 80' lang='lat' dir='ltr'><strong>perfectus</strong></span> <span class='ocrx_word' id='word_1_845' title='bbox 2418 5041 2548 5107; x_wconf 92' lang='lat' dir='ltr'><strong>eris,</strong></span> <span class='ocrx_word' id='word_1_846' title='bbox 2578 5040 2680 5095; x_wconf 90' lang='lat' dir='ltr'><strong>nisi</strong></span> <span class='ocrx_word' id='word_1_847' title='bbox 2712 5040 2859 5095; x_wconf 88' lang='lat' dir='ltr'><strong>aliud</strong></span> <span class='ocrx_word' id='word_1_848' title='bbox 2892 5039 3196 5097; x_wconf 91' lang='lat' dir='ltr'><strong>secundum</strong></span> <span class='ocrx_word' id='word_1_849' title='bbox 3241 5028 3512 5105; x_wconf 78' lang='lat' dir='ltr'><strong>adfuerit,</strong></span> 
     </span>
    </p>
   </div>
   <div class='ocr_carea' id='block_1_109' title="bbox 1929 5133 3513 5208">
    <p class='ocr_par' dir='ltr' id='par_1_109' title="bbox 1929 5133 3513 5208">
     <span class='ocr_line' id='line_1_109' title="bbox 1929 5133 3513 5208; baseline -0.003 -16"><span class='ocrx_word' id='word_1_850' title='bbox 1929 5137 1985 5192; x_wconf 91' lang='lat' dir='ltr'><strong>id</strong></span> <span class='ocrx_word' id='word_1_851' title='bbox 2012 5144 2123 5198; x_wconf 86' lang='lat' dir='ltr'><strong>est,</strong></span> <span class='ocrx_word' id='word_1_852' title='bbox 2173 5143 2233 5190; x_wconf 92' lang='lat' dir='ltr'><strong>ut</strong></span> <span class='ocrx_word' id='word_1_853' title='bbox 2267 5134 2439 5190; x_wconf 83' lang='lat' dir='ltr'><strong>facias</strong></span> <span class='ocrx_word' id='word_1_854' title='bbox 2470 5136 2698 5190; x_wconf 91' lang='lat' dir='ltr'><strong>bonum.</strong></span> <span class='ocrx_word' id='word_1_855' title='bbox 2751 5133 2885 5188; x_wconf 84' lang='lat' dir='ltr'><strong>Nam</strong></span> <span class='ocrx_word' id='word_1_856' title='bbox 2947 5141 3313 5208; x_wconf 76' lang='lat' dir='ltr'><strong>praeterquam</strong></span> <span class='ocrx_word' id='word_1_857' title='bbox 3368 5134 3513 5206; x_wconf 86' lang='lat' dir='ltr'><strong>quod</strong></span> 
     </span>
    </p>
   </div>
   <div class='ocr_carea' id='block_1_110' title="bbox 1929 5225 3513 5305">
    <p class='ocr_par' dir='ltr' id='par_1_110' title="bbox 1929 5225 3513 5305">
     <span class='ocr_line' id='line_1_110' title="bbox 1929 5225 3513 5305; baseline 0 -24"><span class='ocrx_word' id='word_1_858' title='bbox 1929 5225 2102 5281; x_wconf 83' lang='lat' dir='ltr'><strong>furari</strong></span> <span class='ocrx_word' id='word_1_859' title='bbox 2159 5240 2270 5279; x_wconf 87' lang='lat' dir='ltr'><strong>non</strong></span> <span class='ocrx_word' id='word_1_860' title='bbox 2319 5225 2476 5289; x_wconf 89' lang='lat' dir='ltr'><strong>licet,</strong></span> <span class='ocrx_word' id='word_1_861' title='bbox 2524 5225 2781 5280; x_wconf 88' lang='lat' dir='ltr'><strong>convenit</strong></span> <span class='ocrx_word' id='word_1_862' title='bbox 2818 5226 2981 5280; x_wconf 88' lang='lat' dir='ltr'><strong>etiam</strong></span> <span class='ocrx_word' id='word_1_863' title='bbox 3031 5240 3157 5279; x_wconf 91' lang='lat' dir='ltr'><strong>cum</strong></span> <span class='ocrx_word' id='word_1_864' title='bbox 3223 5227 3513 5305; x_wconf 78' lang='lat' dir='ltr'><strong>egentibus</strong></span> 
     </span>
    </p>
   </div>
   <div class='ocr_carea' id='block_1_111' title="bbox 1927 5317 3513 5388">
    <p class='ocr_par' dir='ltr' id='par_1_111' title="bbox 1927 5317 3513 5388">
     <span class='ocr_line' id='line_1_111' title="bbox 1927 5317 3513 5388; baseline -0.001 -16"><span class='ocrx_word' id='word_1_865' title='bbox 1927 5318 2067 5372; x_wconf 90' lang='lat' dir='ltr'><strong>bona</strong></span> <span class='ocrx_word' id='word_1_866' title='bbox 2098 5332 2196 5372; x_wconf 87' lang='lat' dir='ltr'><strong>sua</strong></span> <span class='ocrx_word' id='word_1_867' title='bbox 2224 5317 2670 5382; x_wconf 84' lang='lat' dir='ltr'><strong>communicare;</strong></span> <span class='ocrx_word' id='word_1_868' title='bbox 2703 5332 2768 5371; x_wconf 89' lang='lat' dir='ltr'><strong>ac</strong></span> <span class='ocrx_word' id='word_1_869' title='bbox 2800 5325 3164 5387; x_wconf 73' lang='lat' dir='ltr'><strong>praeterquam</strong></span> <span class='ocrx_word' id='word_1_870' title='bbox 3197 5317 3347 5388; x_wconf 90' lang='lat' dir='ltr'><strong>quod</strong></span> <span class='ocrx_word' id='word_1_871' title='bbox 3382 5332 3513 5370; x_wconf 85' lang='lat' dir='ltr'><strong>ava—</strong></span> 
     </span>
    </p>
   </div>
   <div class='ocr_carea' id='block_1_112' title="bbox 1925 5409 3513 5481">
    <p class='ocr_par' dir='ltr' id='par_1_112' title="bbox 1925 5409 3513 5481">
     <span class='ocr_line' id='line_1_112' title="bbox 1925 5409 3513 5481; baseline 0 -18"><span class='ocrx_word' id='word_1_872' title='bbox 1925 5425 2045 5463; x_wconf 89' lang='lat' dir='ltr'><strong>rum</strong></span> <span class='ocrx_word' id='word_1_873' title='bbox 2080 5424 2203 5464; x_wconf 90' lang='lat' dir='ltr'><strong>esse</strong></span> <span class='ocrx_word' id='word_1_874' title='bbox 2238 5423 2343 5463; x_wconf 92' lang='lat' dir='ltr'><strong>non</strong></span> <span class='ocrx_word' id='word_1_875' title='bbox 2371 5415 2617 5479; x_wconf 89' lang='lat' dir='ltr'><strong>oportet,</strong></span> <span class='ocrx_word' id='word_1_876' title='bbox 2659 5409 2807 5463; x_wconf 86' lang='lat' dir='ltr'><strong>aliud</strong></span> <span class='ocrx_word' id='word_1_877' title='bbox 2858 5409 3191 5481; x_wconf 87' lang='lat' dir='ltr'><strong>requiritur,</strong></span> <span class='ocrx_word' id='word_1_878' title='bbox 3238 5418 3297 5464; x_wconf 92' lang='lat' dir='ltr'><strong>ut</strong></span> <span class='ocrx_word' id='word_1_879' title='bbox 3325 5410 3513 5478; x_wconf 83' lang='lat' dir='ltr'><strong>egenis</strong></span> 
     </span>
    </p>
   </div>
   <div class='ocr_carea' id='block_1_113' title="bbox 1926 5501 3509 5573">
    <p class='ocr_par' dir='ltr' id='par_1_113' title="bbox 1926 5501 3509 5573">
     <span class='ocr_line' id='line_1_113' title="bbox 1926 5501 3509 5573; baseline -0.001 -16"><span class='ocrx_word' id='word_1_880' title='bbox 1926 5503 2191 5557; x_wconf 80' lang='lat' dir='ltr'><strong>beneﬁcia</strong></span> <span class='ocrx_word' id='word_1_881' title='bbox 2246 5508 2611 5573; x_wconf 57' lang='lat' dir='ltr'><strong>praestentur;</strong></span> <span class='ocrx_word' id='word_1_882' title='bbox 2666 5516 2730 5556; x_wconf 90' lang='lat' dir='ltr'><strong>ac</strong></span> <span class='ocrx_word' id='word_1_883' title='bbox 2791 5510 2989 5572; x_wconf 64' lang='lat' dir='ltr'><strong>praeter</strong></span> <span class='ocrx_word' id='word_1_884' title='bbox 3041 5501 3427 5557; x_wconf 84' lang='lat' dir='ltr'><strong>abstinentiam</strong></span> <span class='ocrx_word' id='word_1_885' title='bbox 3478 5516 3509 5555; x_wconf 87' lang='lat' dir='ltr'><strong>a</strong></span> 
     </span>
    </p>
   </div>
   <div class='ocr_carea' id='block_1_114' title="bbox 1925 5594 3509 5665">
    <p class='ocr_par' dir='ltr' id='par_1_114' title="bbox 1925 5594 3509 5665">
     <span class='ocr_line' id='line_1_114' title="bbox 1925 5594 3509 5665; baseline -0.001 -17"><span class='ocrx_word' id='word_1_886' title='bbox 1925 5596 2106 5659; x_wconf 85' lang='lat' dir='ltr'><strong>malis,</strong></span> <span class='ocrx_word' id='word_1_887' title='bbox 2134 5610 2274 5665; x_wconf 88' lang='lat' dir='ltr'><strong>opus</strong></span> <span class='ocrx_word' id='word_1_888' title='bbox 2296 5602 2381 5651; x_wconf 90' lang='lat' dir='ltr'><strong>est</strong></span> <span class='ocrx_word' id='word_1_889' title='bbox 2409 5604 2462 5650; x_wconf 87' lang='lat' dir='ltr'><strong>et</strong></span> <span class='ocrx_word' id='word_1_890' title='bbox 2494 5595 2630 5651; x_wconf 90' lang='lat' dir='ltr'><strong>alios</strong></span> <span class='ocrx_word' id='word_1_891' title='bbox 2661 5609 2691 5647; x_wconf 87' lang='lat' dir='ltr'><strong>a</strong></span> <span class='ocrx_word' id='word_1_892' title='bbox 2712 5595 2872 5650; x_wconf 88' lang='lat' dir='ltr'><strong>malis</strong></span> <span class='ocrx_word' id='word_1_893' title='bbox 2901 5610 3118 5650; x_wconf 87' lang='lat' dir='ltr'><strong>eruere.</strong></span> <span class='ocrx_word' id='word_1_894' title='bbox 3147 5594 3283 5648; x_wconf 87' lang='lat' dir='ltr'><strong>Cum</strong></span> <span class='ocrx_word' id='word_1_895' title='bbox 3326 5599 3509 5648; x_wconf 88' lang='lat' dir='ltr'><strong>autem</strong></span> 
     </span>
    </p>
   </div>
   <div class='ocr_carea' id='block_1_115' title="bbox 1925 5686 3508 5760">
    <p class='ocr_par' dir='ltr' id='par_1_115' title="bbox 1925 5686 3508 5760">
     <span class='ocr_line' id='line_1_115' title="bbox 1925 5686 3508 5760; baseline -0.001 -19"><span class='ocrx_word' id='word_1_896' title='bbox 1925 5687 2041 5743; x_wconf 63' lang='lat' dir='ltr'><strong>hinc</strong></span> <span class='ocrx_word' id='word_1_897' title='bbox 2066 5689 2267 5760; x_wconf 81' lang='lat' dir='ltr'><strong>egeris,</strong></span> <span class='ocrx_word' id='word_1_898' title='bbox 2301 5688 2572 5755; x_wconf 78' lang='lat' dir='ltr'><strong>inhabita,</strong></span> <span class='ocrx_word' id='word_1_899' title='bbox 2630 5687 2837 5758; x_wconf 89' lang='lat' dir='ltr'><strong>inquit,</strong></span> <span class='ocrx_word' id='word_1_900' title='bbox 2892 5688 2945 5741; x_wconf 91' lang='lat' dir='ltr'><strong>in</strong></span> <span class='ocrx_word' id='word_1_901' title='bbox 3002 5686 3251 5744; x_wconf 63' lang='lat' dir='ltr'><strong>arculum</strong></span> <span class='ocrx_word' id='word_1_902' title='bbox 3305 5688 3508 5744; x_wconf 64' lang='lat' dir='ltr'><strong>saeculi.</strong></span> 
     </span>
    </p>
   </div>
   <div class='ocr_carea' id='block_1_116' title="bbox 332 5836 1827 5921">
    <p class='ocr_par' dir='ltr' id='par_1_116' title="bbox 332 5836 1813 5908">
     <span class='ocr_line' id='line_1_116' title="bbox 332 5836 1813 5908; baseline 0.007 -19"><span class='ocrx_word' id='word_1_903' title='bbox 332 5837 378 5869; x_wconf 85' lang='lat'><strong>&quot;</strong></span> <span class='ocrx_word' id='word_1_904' title='bbox 416 5836 551 5895; x_wconf 86' lang='lat' dir='ltr'><strong>Luc.</strong></span> <span class='ocrx_word' id='word_1_905' title='bbox 585 5855 713 5905; x_wconf 75' lang='lat' dir='ltr'><strong>xu,</strong></span> <span class='ocrx_word' id='word_1_906' title='bbox 750 5837 840 5895; x_wconf 71' lang='lat'><strong>23.</strong></span> <span class='ocrx_word' id='word_1_907' title='bbox 918 5840 964 5873; x_wconf 75' lang='lat'>&#39;”</span> <span class='ocrx_word' id='word_1_908' title='bbox 1002 5838 1146 5898; x_wconf 83' lang='lat' dir='ltr'><strong>Psal.</strong></span> <span class='ocrx_word' id='word_1_909' title='bbox 1182 5857 1268 5907; x_wconf 71' lang='grc' dir='ltr'><strong>ιι,</strong></span> <span class='ocrx_word' id='word_1_910' title='bbox 1307 5841 1355 5897; x_wconf 86' lang='grc'>7.</span> <span class='ocrx_word' id='word_1_911' title='bbox 1434 5842 1477 5875; x_wconf 86' lang='grc'>⁷⁸</span> <span class='ocrx_word' id='word_1_912' title='bbox 1516 5839 1673 5899; x_wconf 81' lang='lat' dir='ltr'><strong>Deut.</strong></span> <span class='ocrx_word' id='word_1_913' title='bbox 1709 5856 1813 5908; x_wconf 79' lang='lat' dir='ltr'><strong>xv,</strong></span> 
     </span>
    </p>
   </div>
   <div class='ocr_carea' id='block_1_117' title="bbox 1929 5836 3144 5921">
    <p class='ocr_par' dir='ltr' id='par_1_117' title="bbox 1946 5843 3144 5921">
     <span class='ocr_line' id='line_1_117' title="bbox 1946 5843 3144 5921; baseline 0.018 -24"><span class='ocrx_word' id='word_1_914' title='bbox 1946 5920 1949 5921; x_wconf 14' lang='grc' dir='ltr'><em>ν</em></span> <span class='ocrx_word' id='word_1_915' title='bbox 1978 5844 2024 5878; x_wconf 72' lang='grc'>⁷⁸</span> <span class='ocrx_word' id='word_1_916' title='bbox 2054 5843 2244 5902; x_wconf 81' lang='lat' dir='ltr'><strong>Matth.</strong></span> <span class='ocrx_word' id='word_1_917' title='bbox 2280 5861 2405 5917; x_wconf 74' lang='lat' dir='ltr'><strong>xu,</strong></span> <span class='ocrx_word' id='word_1_918' title='bbox 2434 5846 2533 5905; x_wconf 74' lang='lat'><strong>29.</strong></span> <span class='ocrx_word' id='word_1_919' title='bbox 2603 5849 2646 5882; x_wconf 80' lang='grc'><strong>⁷⁷</strong></span> <span class='ocrx_word' id='word_1_920' title='bbox 2686 5847 2813 5903; x_wconf 62' lang='lat' dir='ltr'><strong>Act;</strong></span> <span class='ocrx_word' id='word_1_921' title='bbox 2845 5863 2922 5915; x_wconf 65' lang='grc' dir='ltr'>ιν,</span> <span class='ocrx_word' id='word_1_922' title='bbox 2955 5846 3144 5903; x_wconf 64' lang='lat'><strong>59-55-</strong></span> 
     </span>
    </p>
   </div>
  </div>
