4010 6562
529 406 637 460 533

1201 404 1467 460 EUSEBll
1519 403 2000 460 CESARiENSiS
2034 404 2185 462 OPP.
2234 404 2412 460 PARS
2449 405 2538 461 Ill.
2579 435 2648 446 —-
2687 401 3092 458 EXEGETICA.

3673 398 3802 452 536

531 521 640 577 Pro
680 537 787 592 quo
833 521 1190 594 Symmacnus
1223 522 1428 585 edidit,
1485 523 1550 578 Et
1580 527 1808 595 quiesces
1845 527 1895 580 iu
1947 544 2102 581 sarcu.

2206 527 2496 598 Σύμμαχος
2559 525 2805 590 ἐξέδωκε,
2873 522 2983 577 Καὶ
3045 521 3368 592 ἠρεμήσεις
3426 521 3514 586 είς
3561 516 3792 572 αἰῶνα·

533 612 663 666 lum.
701 601 817 666 liic'
837 620 888 666 te
916 610 1124 666 scilicet
1165 620 1347 667 manet
1394 613 1518 669 linis
1552 624 1754 669 a-terna
1793 617 1922 671 vita.
1971 616 2103 672 Nam

533 718 656 757 cum
690 701 951 756 Dominus
972 703 1138 770 judcx
1165 704 1256 765 sit,
1293 713 1438 758 amat
1461 705 1726 774 judicium
1747 749 1761 771 ,
1799 720 1848 762 et
1874 726 1975 763 nou
2013 710 2104 763 de-

522 796 786 865 relinquet
819 805 1029 848 sanctos
1058 810 1203 857 suos,
1235 797 1328 851 sed
1361 797 1416 850 in
1461 807 1725 852 aeternum
1757 803 2106 856 conservabit

535 899 647 937 eos.
683 881 876 951 Iujusti
923 885 1210 953 punientur
1258 897 1308 940 et
1353 905 1525 943 semen
1561 891 1838 959 impiorum
1892 894 2099 960 peribit.

533 972 678 1026 Justi
716 986 890 1028 autem
937 975 1323 1032 hwreditabunt
1375 989 1608 1045 (errant,
1654 991 1704 1035 et
1741 982 2105 1040 inhabitabant

532 1063 587 1116 in
630 1063 882 1117 sa'culum
939 1067 1124 1120 sa’culi
1174 1084 1329 1136 super
1377 1087 1492 1124 eam
1535 1087 1553 1125 :
1605 1086 2000 1144 consequenter
2037 1077 2102 1131 ad

530 1154 811 1222 prmmissa
833 1154 1010 1219 docet,
1041 1156 1256 1228 iniquos
1293 1161 1383 1230 qui
1418 1172 1742 1232 przeceptum
1782 1179 1888 1218 non
1920 1181 2104 1220 serva-

533 1245 644 1297 rint
679 1259 893 1315 pcenam
937 1247 1164 1304 daturos
1207 1260 1504 1307 aeternam:
1550 1268 1614 1308 ac
1647 1255 2102 1324 quemadmodum

528 1334 664 1403 justi
713 1353 896 1394 semen
931 1339 985 1394 in
1029 1341 1406 1399 benedictione
1455 1345 1698 1400 futurum
1743 1363 1866 1404 esse
1901 1349 2103 1404 dictum

532 1433 617 1482 est
643 1443 657 1494 ;
700 1427 774 1481 ita
804 1433 1279 1503 semeuimpiorum
1310 1436 1519 1504 peribit.
1554 1435 1694 1493 Justi
1719 1455 1846 1494 vero
1873 1441 2104 1510 promis-

533 1533 650 1573 sam
673 1523 896 1578 mitibus
925 1533 1127 1580 terram
1155 1527 1472 1584 haereditate
1505 1531 1805 1600 accipient,
1844 1543 1898 1588 et
1945 1529 2129 1588 inha-'

531 1611 784 1667 bitabuut
808 1615 863 1670 in
898 1631 962 1672 ea
993 1617 1047 1672 in
1082 1620 1339 1674 saeculum
1370 1621 1574 1676 saeculi.
1601 1622 1957 1679 Commodum
1991 1626 2106 1682 haec

532 1703 855 1776 plerumque
906 1722 1087 1764 sermo
1125 1710 1452 1780 pollicetur,
1504 1713 1936 1787 repetitioneque
1985 1733 2109 1789 pro-

538 1795 705 1850 missa
739 1798 1028 1854 continuat
1061 1819 1074 1856 :
1111 1803 1226 1856 vult
1259 1803 1408 1860 enim
1460 1821 1562 1862 nos
1596 1807 1816 1862 assidue
1845 1808 1911 1864 iis
1942 1809 1997 1863 in
2025 1809 2107 1864 di-

536 1887 642 1941 ctis
669 1891 898 1956 versari,
927 1906 1102 1963 eaque
1135 1895 1404 1960 meditari,
1436 1911 1500 1952 ac
1541 1897 1585 1953 si
1625 1899 1999 1956 rationabilem
2027 1902 2107 1956 ci-
2139 1875 2181 1932 Β

537 1977 666 2034 bum
697 1983 1098 2053 manderemus,
1124 1987 1190 2042 ad
1229 1988 1671 2044 distributiourm
1706 1992 1872 2062 probe
1900 2007 2102 2047 conco-

529 2073 604 2127 eti
635 2073 688 2127 in
721 2075 901 2131 anima
928 2088 1114 2135 nostra
1147 2081 1272 2135 cibi.

605 2339 772 2397 Vsus.
842 2343 967 2399 5οο
1004 2345 1098 2400 55.
1165 2342 1237 2401 0s
1291 2347 1429 2415 justi
1499 2347 1838 2401 meditabitur
1894 2349 2105 2417 sapien-

533 2434 686 2495 tiam.
731 2445 782 2490 et
830 2437 1010 2506 lingua
1065 2437 1183 2505 ejus
1241 2439 1479 2508 loquetur
1520 2440 1806 2510 judicium.
1851 2440 1960 2496 Lex
2010 2441 2106 2495 Dei

529 2525 646 2596 ejus
679 2527 733 2581 in
766 2524 922 2582 co'rde
955 2530 1143 2598 ipsius,
1173 2539 1223 2584 et
1255 2547 1358 2585 non
1388 2533 1868 2602 supplantabuntur
1896 2550 2104 2604 gressus

530 2618 665 2687 ejus.
699 2619 1010 2676 Considerat
1044 2633 1288 2692 peccator
1328 2625 1557 2693 justum,
1588 2635 1638 2679 et
1659 2628 1847 2697 quaerit
1876 2628 2104 2697 mortifi-

529 2727 653 2764 care
686 2729 823 2767 cum.
881 2713 1136 2768 Dominus
1184 2725 1359 2770 autem
1401 2733 1504 2771 non
1545 2717 1864 2788 derelinquet
1905 2736 2022 2773 eum
2051 2721 2104 2791 in

528 2803 773 2858 manibus
807 2805 956 2874 ejus,
1019 2823 1107 2861 nec
1159 2808 1434 2864 damnabit
1469 2827 1588 2865 eum
1618 2827 1735 2864 cum
1772 2810 2105 2880 judicabitur

526 2894 630 2948 illi.
673 2893 730 2950 in
757 2896 1128 2955 admonitione
1166 2903 1485 2972 persistens,
1514 2903 1762 2958 hortatur
1791 2919 1888 2958 nos
1917 2913 1975 2959 ut
2018 2904 2106 2973 ju-

527 2987 598 3040 sti
627 2989 971 3046 aunulatores
1021 2993 1228 3053 simus.
1263 2993 1492 3064 ejusque
1526 2993 1750 3050 divitias
1800 3004 2103 3051 enumerat.

526 3077 609 3132 Ad
641 3094 705 3133 ea
733 3081 878 3135 enim
914 3099 1034 3152 quae
1058 3100 1222 3154 supra
1247 3085 1392 3140 dicta
1431 3094 1582 3151 sunt,
1613 3086 1729 3142 haec
1760 3087 1983 3158 insuper
2013 3104 2106 3158 pe-

525 3184 627 3225 nes
658 3185 783 3225 eum
833 3183 1000 3241 sunt;
1044 3192 1241 3247 magno
1275 3178 1427 3232 illum
1458 3177 1622 3243 Deus,
1651 3179 1924 3236 hominem
1957 3181 2101 3244 licet,

2207 620 2374 674 Τοῦτο
2405 621 2512 690 γάρ
2540 619 2820 690 περιμένει
2855 635 2914 670 σε
2947 617 3007 670 τὸ
3037 616 3187 680 τέλος
3218 614 3319 686 τῆς
3350 613 3563 668 αἰωνίου
3606 611 3792 684 ζωῆς.

2205 712 2463 784 Κριτικὸς
2505 711 2614 782 γὰρ
2646 709 2720 762 ῶν
2752 711 2780 762 6
2820 709 3022 779 Κύριος
3063 703 3261 777 ἀγαπᾷ
3290 705 3509 772 κρίσιν,
3535 703 3633 755 καὶ
3663 705 3794 756 οὐκ

2204 804 2619 873 ἐγκαταλείψει
2667 801 2805 867 τοὺς
2857 801 3064 865 ὁσίους
3110 796 3316 858 αὐτοῦ,
3377 795 3486 849 ἀλλ’
3548 796 3630 858 εἰς
3685 794 3792 848 τὸν

2205 892 2378 947 αἰῶνα
2405 893 2599 955 αὐτοὺς
2629 890 2961 961 διαφυλάξει.
2992 891 3225 958 Ἀνομοι
3253 885 3788 952 ἐκδικηθήσονταε,

2205 985 2300 1038 καὶ
2353 984 2589 1053 σπέρμα
2631 982 2864 1038 ἀσεϐῶν
2916 979 3494 1049 ἑξολοθρευθήσεται.
3553 977 3791 1030 Δίκαισι

2203 1077 2271 1130 δὲ
2296 1075 2820 1146 κληρονομήσουσι
2849 1075 2964 1143 τὴν
2987 1072 3120 1140 γῆν,
3153 1072 3249 1126 καὶ
3282 1069 3792 1137 κατασκηνὼσου-

2205 1183 2308 1221 σιν
2336 1169 2424 1233 είς
2459 1165 2638 1222 αἰῶνα
2679 1165 2893 1232 alin-oc
2934 1165 3027 1217 ἐπ’
3067 1162 3256 1230 αὐτῆς
3276 1178 3290 1192 ⁸
3325 1161 3632 1223 ἀκολούθως
3663 1163 3788 1222 τοῖς

2206 1259 2622 1330 προειρημένοις
2663 1259 2924 1317 διδάσκει,
2973 1258 3054 1310 ὅτι
3097 1257 3145 1309 oi
3190 1255 3264 1326 μὴ
3297 1254 3358 1308 τὸ
3406 1253 3788 1324 παράγγελμα

2205 1349 2537 1420 φυλάξαντες
2592 1351 2779 1421 ἄνομοι
2838 1349 2993 1419 δίκην
3049 1346 3308 1401 δώσουσιν
3365 1346 3617 1400 αίώνιον⁹
3685 1347 3786 1399 καὶ

2203 1441 2391 1514 ῶσπερ
2423 1443 2516 1496 τοῦ
2557 1442 2764 1496 δικαίου
2799 1441 2858 1495 τὸ
2889 1441 3109 1512 σπέρμα
3149 1442 3229 1504 εἰς
3273 1437 3519 1507 εὐλογίαν
3552 1437 3785 1491 ἔσεσθαι

2205 1533 2442 1603 ἐλέγετο,
2471 1533 2641 1598 οὕτως
2668 1531 2783 1586 τῶν
2813 1531 3046 1587 ἀσεϐῶν
3071 1531 3139 1585 τὸ
3175 1531 3410 1600 σπέρμα
3427 1529 3790 1596 ἐξολοθρευ-

2205 1622 2468 1689 θήσεται.
2494 1625 2555 1677 Oi
2577 1624 2632 1677 δὲ
2661 1623 2856 1676 δίκαιοι
2878 1624 2977 1694 τὴν
2998 1623 3413 1694 ἐπηγγελμένην
3437 1624 3549 1685 τοῖς
3571 1621 3784 1692 πραέσι

2205 1713 2672 1784 κληρονομήσουσι
2700 1714 2822 1784 γῆν,
2859 1715 2952 1768 καὶ
2985 1712 3492 1784 κατασκηνώσουσιν
3524 1714 3583 1764 ὲν
3631 1714 3781 1784 αὐτῇ

2205 1804 2285 1866 είς
2313 1804 2479 1856 αἰῶνά
2506 1803 2718 1868 αἰῶνος.
2756 1805 3036 1875 Ἐπίτηδες
3055 1804 3112 1857 δὲ
3134 1803 3303 1858 ταῦτα
3325 1803 3580 1866 πολλάκις
3600 1804 3787 1872 ἐπαγ-

2206 1894 2451 1962 γέλλεται
2482 1897 2511 1948 ὀ
2548 1895 2722 1964 λόγος,
2755 1895 2983 1966 βεϐαιῶν
3009 1894 3098 1948 διὰ
3130 1895 3230 1967 τῆς
3257 1894 3648 1966 ἑπαναλήψεως
3678 1894 3787 1958 τὰς

2206 1986 2547 2056 ὑποσχέσεις,
2593 1988 2740 2056 ἡμᾶς
2781 2003 2842 2040 τε
2893 1985 3213 2058 βουλόμενος
3259 1985 3610 2056 ἐνδιατρίϐειν
3663 1989 3785 2047 τοῖς

2204 2076 2386 2139 αὐτοῖς
2418 2075 2593 2144 λόγοις
2629 2075 2724 2128 καὶ
2764 2075 3136 2146 καταμελετᾷν
3176 2075 3390 2140 αὐτοὺς,
3418 2073 3615 2127 ὡσανεὶ
3649 2092 3788 2145 τρο-

2205 2164 2309 2235 φὴν
2337 2163 2561 2236 λογικὴν
2596 2165 2968 2234 μασωμένους,
2997 2165 3077 2229 είς
3100 2164 3348 2219 ἀνάδοσιν
3370 2165 3464 2236 τῆς
3493 2164 3636 2218 κατὰ
3679 2165 3785 2236 τὴν

2201 2257 2379 2328 ψυχὴν
2411 2257 2568 2328 ήμῶν
2595 2256 2874 2327 εὐπεψίας.

2275 2348 2470 2416 Στόμα
2535 2345 2766 2400 δικαίου
2839 2344 3160 2415 μελετήσει
3226 2346 3450 2415 σοφίαν
3479 2384 3496 2410 ,
3564 2346 3669 2400 καὶ
3737 2349 3782 2414 ἡ

2203 2434 2454 2505 γλῶσσα
2508 2434 2696 2490 αὑτοῦ
2744 2435 3004 2503 λαλήσει
3050 2439 3271 2505 κρίσιν.
3333 2439 3385 2490 Ὀ
3437 2439 3619 2508 νόμος
3669 2442 3782 2496 τοῦ

2205 2527 2353 2581 Θεοῦ
2393 2529 2579 2583 αὐτοῦ
2605 2530 2674 2582 ἐν
2704 2529 2917 2598 καρδίᾳ
2944 2529 3151 2593 αὐτοῦ,
3179 2531 3275 2584 καὶ
3306 2531 3419 2600 οὐχ
3444 2533 3780 2586 ὑποσκελι-

2202 2617 2494 2683 σθήσεται
2524 2618 2594 2672 τὰ
2624 2618 2953 2689 διαδήματα
2973 2620 3178 2674 αὐτοῦ.
3214 2621 3504 2676 Κατανοεῐ
3527 2626 3559 2676 ὁ
3586 2623 3777 2693 ἁμαρ-

2205 2709 2391 2776 τωλὸς
2422 2710 2530 2764 τὸν
2563 2710 2816 2776 δίκαιον,
2847 2713 2945 2766 καί
2977 2711 3133 2780 ζητεῖ
3155 2713 3258 2766 τοῦ
3293 2712 3627 2768 θανατῶσαι
3667 2718 3781 2770 αἰν-

2204 2803 2327 2855 τόν.
2385 2803 2436 2855 '0
2470 2802 2537 2855 δὲ
2567 2803 2776 2872 Κύριος
2814 2805 2886 2858 οὐ
2921 2803 3006 2872 μὴ
3049 2805 3414 2874 ἐγκαταλίπῃ
3455 2806 3640 2859 αὑτὸν
3691 2811 3782 2874 εις

2203 2893 2310 2957 τὰς
2333 2891 2533 2960 χεῖρας
2557 2893 2763 2956 αὑτοῦ,
2797 2892 2922 2946 οὐδ’
2955 2895 3026 2947 οὺ
3058 2893 3143 2962 μὴ
3177 2893 3642 2962 καταδικάσηται
3669 2900 3782 2950 at)-

2205 2982 2310 3037 τὸν
2344 2983 2488 3037 ὅταν
2523 2986 2790 3053 κρίνηται
2833 2985 3010 3051 αὐτῷ.
3055 2985 3358 3056 Ἑπιμένων
3385 2989 3448 3057 τῇ
3480 2985 3573 3040 τοῦ
3613 2987 3781 3057 λόγου

2206 3078 2510 3147 προτροπῇ,
2550 3076 2794 3148 ζηλωτὰς
2834 3079 2980 3149 ἡμᾶς
3001 3077 3241 3145 γίνεσθαι
3272 3076 3364 3130 τοῦ
3393 3079 3600 3133 δικαίου
3627 3097 3777 3152 παρι-

2204 3168 2383 3238 ορμᾷ,
2443 3168 2536 3221 τὸν
2577 3167 2803 3222 πλοῦτον
2845 3167 3008 3222 αὐτοῦ
3059 3169 3579 3241 καταριθμούμενος.
3628 3171 3781 3243 Πρὸς

527 3277 755 3319 munere
773 3264 1014 3330 donavit,
1038 3284 1165 3322 cum
1219 3285 1359 3324 vera:
1399 3271 1680 3342 sapientiae
1735 3275 2099 3344 cognitionem

2205 3261 2310 3331 γάρ
2343 3262 2455 3324 τοῖς
2486 3260 2794 3333 εἰρημένοις
2834 3261 2914 3314 ἔτι
2960 3264 3054 3315 καὶ
3100 3262 3271 3316 ταῦτα
3303 3263 3449 3333 αὐτῷ
3476 3263 3743 3334 πρόσεστι
3763 3282 3780 3296 ⁸

532 3353 745 3409 indidit.
789 3354 1065 3426 Sapientia
1101 3361 1301 3430 quippe
1344 3369 1430 3417 est
1461 3362 1771 3418 divinorum
1807 3375 1862 3420 et
1911 3366 2104 3420 huma-

529 3460 724 3502 norum
761 3448 1012 3512 scientia,
1045 3466 1142 3519 per
1175 3469 1338 3522 quam
1362 3455 1544 3510 omnia
1580 3459 1718 3510 tacta
1761 3469 1889 3512 sunt
1920 3474 1935 3509 :
1986 3475 2104 3512 ntu-

529 3537 620 3588 nia
651 3540 853 3608 quippe
884 3539 938 3593 in
973 3542 1237 3611 sapientia
1267 3543 1395 3601 fecit
1423 3547 1490 3601 ⁷⁸.
1528 3547 1732 3618 Estque
1777 3550 1893 3620 ipsa
1919 3591 1933 3616 ,
1957 3553 2101 3622 quod

528 3627 586 3680 iu
619 3628 888 3699 principio
927 3633 1068 3701 apud
1115 3632 1280 3690 Deuzn
1317 3645 1434 3692 erat
1479 3636 1623 3696 Deus
1679 3638 1949 3707 Verbum,
2009 3658 2105 3712 per

528 3722 675 3791 quod
706 3725 890 3778 omnia
919 3725 1060 3781 facta
1091 3729 1219 3782 sunt
1267 3729 1331 3783 ".
1381 3729 1556 3800 Hujus
1592 3731 1776 3802 itaque
1824 3733 2104 3805 sapientia:

529 3827 712 3874 voces.
750 3831 1069 3881 sermones,
1120 3819 1439 3894 disciplinas
1479 3821 1621 3878 Deus
1678 3823 1732 3877 in
1790 3824 2102 3880 hominibus

525 3904 930 3972 dissemiuavit,
962 3920 1022 3962 ut
1043 3910 1225 3979 justus
1253 3928 1359 3973 non
1393 3914 1626 3978 otiosus,
1658 3915 1806 3970 iners
1849 3932 1912 3970 ac
1944 3916 2102 3972 bonis

525 4009 734 4049 vacuus
766 4008 911 4054 esset
938 4019 952 4067 ;
983 4001 1078 4056 sed
1118 4018 1222 4057 una
1253 4019 1314 4058 os
1347 4012 1400 4058 ct
1447 4005 1849 4061 meditationem
1887 4009 2103 4076 sapien-

527 4089 618 4141 tiae
650 4088 897 4154 haberet,
939 4101 997 4145 ut
1031 4107 1092 4147 ea
1124 4097 1280 4165 quasi
1313 4095 1521 4153 cmlesﬁ
1558 4115 1692 4154 usus
1714 4114 1875 4163 esca,
1924 4101 2101 4169 primo

526 4178 763 4234 animam
793 4180 1144 4238 conﬁrmaret
1168 4200 1346 4250 suam,
1386 4188 1689 4258 deindeque
1722 4190 1843 4244 aliis
1901 4191 2100 4258 imper—

525 4273 673 4326 tiret.
731 4271 999 4339 Quocirca
1035 4274 1244 4330 dictum
1291 4286 1409 4343 est,
1452 4277 1524 4333 Os
1578 4280 1716 4348 justi
1759 4279 2101 4333 meditabitur

523 4362 872 4426 sapientiam,
909 4373 959 4417 et
992 4365 1170 4433 lingua
1202 4366 1316 4434 ejus
1365 4367 1606 4438 loquetur
1634 4369 1918 4438 judicium.
1954 4368 2102 4425 Gna-

523 4467 621 4510 rus
649 4464 829 4510 autem
866 4457 1033 4528 legem
1073 4457 1163 4513 Dei
1198 4461 1536 4530 spiritualem
1563 4458 1706 4526 esse,
1746 4478 1870 4516 cum
1903 4479 2098 4518 secun-

523 4546 652 4601 dum
684 4548 997 4605 interiorem
1029 4552 1303 4610 hominem
1349 4555 1404 4608 in
1436 4554 1552 4625 lege
1581 4553 1677 4610 Dei
1711 4555 2094 4622 delectaretur,

2207 3351 2532 3423 κεχάρισται
2563 3351 2709 3422 αὐτῷ
2742 3353 2886 3423 μέγα
2915 3353 3084 3423 δῶρον
3111 3355 3138 3406 6
3171 3352 3302 3418 Θεὸς
3338 3353 3607 3424 ἀνθρώπῳ
3637 3353 3780 3420 ὄντι,

2205 3443 2303 3513 τῆς
2335 3441 2568 3512 ἀληθοῦς
2603 3442 2793 3512 σοφίας
2824 3442 2920 3514 τὴν
2951 3443 3168 3512 γνῶσιν.
3191 3445 3358 3515 Σοφία
3385 3446 3483 3516 μὲν
3519 3445 3629 3516 γάρ
3658 3446 3782 3500 ἐστι

2207 3534 2366 3588 θείων
2414 3536 2508 3588 καὶ
2553 3535 2906 3606 ἀνθρωπείων
2941 3537 3238 3608 ἐπιστήμη,
3277 3537 3371 3591 καὶ
3394 3537 3461 3590 δι’
3501 3532 3566 3610 ἦς
3598 3537 3782 3592 πάντα

2209 3629 2399 3698 γέγονε
2426 3645 2439 3658 ·
2465 3628 2641 3682 πάντα
2668 3627 2777 3699 γάρ
2799 3629 2857 3680 ὲν
2882 3630 3041 3700 σοφίᾳ
3067 3629 3308 3701 ἐποίησε.
3337 3631 3446 3683 Καὶ
3469 3630 3606 3701 αὐτη
3631 3633 3782 3685 ἐστὶν

2204 3723 2233 3774 ὁ
2260 3723 2318 3774 ὲν
2341 3721 2481 3791 ἀρχῇ
2511 3720 2646 3791 πρὸς
2673 3720 2764 3774 τὸν
2787 3720 2919 3774 Θεὸν
2949 3721 3080 3786 Θεὸς
3108 3721 3298 3790 Λόγος,
3323 3721 3388 3775 δι’
3416 3714 3477 3775 οὐ
3506 3723 3573 3776 τά
3601 3723 3778 3779 πάντα

2205 3812 2440 3881 ἐγένετο.
2479 3813 2694 3883 Ταύτης
2724 3809 2817 3867 οὖν
2864 3814 3044 3884 φωνὰς
3092 3817 3186 3868 καὶ
3232 3816 3420 3884 λόγους
3473 3819 3564 3872 καί
3599 3819 3778 3890 p.461}-

2207 3923 2354 3977 ματα
2394 3909 2424 3961 6
2467 3906 2600 3970 Θεὸς
2630 3907 2710 3970 είς
2747 3905 3061 3978 ἀνθρώπους
3105 3908 3453 3974 κατεσάλετο,
3481 3910 3555 3974 ώς
3585 3910 3652 3964 ἂν
3699 3914 3778 3981 μὴ

2204 3997 2374 4070 ἀργὸς
2405 3997 2491 4067 εἴη
2519 3999 2548 4050 6
2573 3997 2798 4062 δίκαιος,
2828 3999 2959 4070 μηδὲ
2997 3999 3274 4071 ἄπρακτος
3297 4002 3391 4054 καὶ
3417 4001 3620 4074 ἕρημος
3646 4003 3777 4071 ἁγα-

2204 4089 2345 4143 θῶν·
2376 4088 2490 4159 ἔχοι
2537 4087 2593 4141 δὲ
2625 4088 2739 4160 ἅμα
2787 4091 2960 4161 στόμα
3001 4091 3100 4160 τῆς
3147 4092 3398 4163 οὐρανίου
3451 4093 3639 4162 σοφίας
3673 4083 3778 4166 τῆν

2205 4180 2464 4252 μελέτην·
2505 4175 2573 4252 ἦς
2602 4180 3028 4253 μεταλαμϐάνων
3055 4182 3242 4255 ῶσπερ
3269 4183 3518 4256 οὐρανίου
3543 4186 3776 4255 τροφῆς,

2201 4273 2300 4345 τὴν
2337 4272 2513 4344 ψυχὴν
2557 4273 2768 4344 πρῶτος
2795 4274 2951 4339 αὐτὸς
2981 4274 3330 4346 δυναμούται,
3364 4273 3485 4332 εἶτα
3525 4280 3619 4332 καὶ
3650 4279 3776 4331 ἑτέ-

2198 4383 2322 4439 ροις
2368 4369 2611 4438 χορηγεῖ.
2656 4366 2746 4419 Διὸ
2775 4365 3019 4420 λέλεκται
3044 4384 3056 4397 ·
3091 4369 3288 4436 Στόμα
3327 4367 3558 4424 δικαίου
3593 4372 3778 4438 μελε-

2203 4453 2374 4520 τήσει
2407 4456 2652 4523 σοφίαν,
2685 4453 2847 4537 καλὴ
2874 4454 3120 4524 γλῶσσα
3151 4456 3335 4510 αὑτοῦ
3364 4457 3619 4523 λαλήσει
3651 4461 3752 4526 «pl

2203 4562 2324 4599 σιν.
2375 4545 2543 4610 Είδὼς
2575 4547 2652 4611 δὲ,
2693 4547 2757 4600 δ’.
2808 4548 2836 4599 ὁ
2885 4547 3046 4618 νόμος
3090 4548 3184 4602 τοῦ
3225 4547 3357 4602 Θεοῦ
3407 4552 3776 4620 πνευματικός

524 4638 578 4692 in
610 4641 777 4697 corde
799 4643 919 4713 ipso
950 4645 1083 4716 legis
1107 4647 1643 4717 contemplationem,
1671 4656 1725 4702 et
1745 4648 1864 4718 ejus
1887 4656 2089 4718 myste-

2205 4636 2338 4701 ἐστι,
2371 4637 2654 4708 συνήδεται
2685 4638 2741 4690 δὲ
2775 4637 2852 4707 τῷ
2883 4638 3031 4708 νόμῳ
3068 4637 3160 4691 τοῦ
3200 4638 3336 4692 Θεοῦ
3380 4639 3521 4692 κατὰ
3548 4640 3638 4692 τὸν
3666 4640 3780 4693 ἔσω

519 4732 728 4788 riorum
773 4736 1199 4806 profunditatem
1227 4740 1482 4811 excepit:
1516 4755 1580 4794 ac
1611 4749 1836 4811 propter
1889 4740 2098 4795 exerci-

519 4823 783 4879 tationem
831 4827 1145 4898 hujusmodi
1196 4847 1300 4885 non
1348 4830 1830 4900 supplqutabuutur
1887 4847 2097 4900 gressus

515 4916 656 4985 ejus,
677 4920 1116 4991 quandoquidem
1148 4938 1374 4992 gressus
1403 4923 1524 4992 ejus
1547 4939 1577 4977 a
1603 4925 1832 4979 Domino
1859 4923 2101 4996 dirigen-

515 5005 619 5064 dos
652 5024 794 5077 esse,
828 5015 1083 5083 superius
1124 5016 1330 5071 dictum
1367 5025 1473 5072 est.
1515 5017 1669 5084 Quod
1720 5020 1764 5072 si
1803 5018 1943 5074 forte
1971 5035 2100 5090 pec-

515 5110 701 5167 cator,
751 5103 872 5174 ejus
919 5105 1185 5177 prolectui
1235 5111 1503 5176 invidens,
1539 5111 1768 5167 insidias
1819 5112 1942 5166 vita:
1976 5112 2096 5180 ejus

517 5197 800 5262 struxerit,
837 5200 1038 5256 stultus
1069 5215 1202 5256 sane
1248 5200 1488 5266 dicetur,
1541 5217 1650 5256 non
1679 5203 1955 5272 possibilia
1996 5218 2092 5272 ag-

516 5302 762 5357 gressus.
790 5287 929 5345 Nam
968 5307 1199 5362 magnus
1229 5293 1324 5348 ille
1355 5302 1618 5362 patronus
1653 5296 1774 5363 ejus
1811 5311 1914 5348 non
1953 5295 2095 5350 dere-

513 5381 713 5450 linquet
748 5399 865 5436 eum
889 5385 942 5437 in
965 5383 1206 5438 manibus
1229 5385 1343 5454 ejus
1364 5424 1378 5448 ,
1411 5401 1501 5439 nec
1529 5386 1801 5439 damnabit
1830 5403 1945 5438 eum
1976 5403 2094 5439 cum

506 5473 836 5544 judicabitur
883 5477 984 5532 illi.
1037 5476 1398 5548 Symmachus
1444 5493 1606 5544 vero,
1657 5476 1767 5532 Nec
1818 5477 2094 5534 damnabit

511 5582 631 5622 eam
671 5569 724 5622 iu
745 5568 974 5637 judicio.

587 5850 632 5883 "
672 5849 817 5910 Psal.
854 5868 983 5922 cm,
1018 5853 1109 5912 τι.
1187 5855 1234 5889 ’⁵
1272 5852 1430 5912 Joan.
1466 5871 1516 5921 ι,
1559 5852 1672 5913 με.

2201 4729 2508 4800 ἄνθρωπον,
2541 4730 2598 4782 ὲν
2623 4730 2760 4800 αὐτῇ
2796 4732 2862 4801 τῇ
2896 4729 3090 4801 καρδίᾳ
3115 4730 3276 4784 αὐτοῦ
3300 4731 3397 4803 τὴν
3427 4731 3656 4803 θεωρίαν
3678 4733 3778 4787 τοῦ

2201 4821 2365 4893 νόμου
2409 4821 2502 4875 καὶ
2536 4822 2595 4874 τὸ
2621 4821 2781 4891 βάθος
2824 4821 2935 4876 τῶν
2962 4824 3020 4875 ὲν
3061 4821 3209 4892 αὐτῴ
3239 4823 3549 4895 μυστηρίων
3584 4821 3777 4876 ὐποδὲ-

2202 4913 2384 4967 δεκται
2407 4930 2422 4944 ο
2453 4913 2540 4967 διὰ
2575 4913 2632 4966 δὲ
2671 4912 2875 4986 ταύτην
2908 4913 3006 4986 τὴν
3041 4914 3271 4986 ἄσκησιν
3297 4917 3408 4983 οὐχ
3446 4915 3776 4969 ὑποσκελι-

2205 5006 2495 5074 σθήσεται
2529 5006 2600 5059 τὰ
2637 5004 2967 5075 διαϐἠματα
2992 5007 3176 5062 αὑτοῦ
3202 5025 3214 5038 ο
3251 5007 3436 5080 ἐπειδὴ
3469 5005 3618 5076 παρὰ
3662 5007 3775 5059 Κυ-

2207 5094 2321 5166 ρίου
2352 5095 2419 5148 τὰ
2445 5095 2601 5167 διαϐή
2611 5113 2758 5167 ματα
2780 5097 2942 5150 αὐτοῦ
2967 5097 3404 5161 κατευθύνεσθαι,
3433 5096 3525 5150 καὶ
3555 5095 3642 5148 διὰ
3666 5094 3776 5149 τῶν

2203 5188 2461 5260 ἀνωτέρω
2503 5188 2768 5242 ἐλέλεκτο.
2817 5189 2879 5242 Εἰ
2922 5189 2977 5243 δὲ
3017 5191 3108 5243 καί
3147 5206 3273 5242 ποτε
3304 5187 3616 5262 ἁμαρτωλὸς
3654 5186 3778 5240 διας

2205 5279 2564 5351 φθονούμενος
2601 5284 2667 5352 τῇ
2702 5281 2864 5335 αὐτοῦ
2890 5285 3140 5356 προκοπῇ
3168 5280 3597 5334 ἐπιϐουλεύσειεν
3625 5279 3778 5351 αὐτῷ

2203 5374 2281 5436 εἰς
2316 5371 2564 5435 θάνατον,
2598 5373 2785 5446 ἄφρων
2817 5370 2968 5438 οὗτος
2999 5373 3315 5446 λεχθήσεται
3347 5372 3624 5435 ἀδυνάτοις
3654 5374 3775 5426 ἐπι-

2203 5464 2422 5536 χειρῶν.
2473 5464 2530 5514 '0
2578 5464 2686 5535 γὰρ
2743 5465 2916 5536 μέγας
2971 5465 3135 5518 αὐτοῦ
3190 5464 3499 5536 προστάτης
3554 5464 3626 5516 οὐ
3691 5461 3778 5531 μὴ

2203 5556 2570 5626 ἐγκαταλίπῃ
2619 5557 2807 5611 αὐτὸν
2857 5559 2942 5622 εις
2993 5559 3097 5622 τὰς
3142 5557 3342 5626 χεῖρας
3393 5553 3600 5617 αὐτοῦ,
3645 5551 3777 5607 οὐδ’

2204 5651 2276 5703 οὺ
2295 5647 2381 5718 μὴ
2415 5649 2785 5719 καταδικὰσῃ
2811 5651 2996 5704 αὑτὸν
3039 5651 3108 5702 ἐν
3146 5647 3225 5714 τῷ
3263 5650 3567 5718 κρίνεσθαι
3590 5643 3773 5710 αὐτῷ.

2217 5741 2275 5793 ‘0
2302 5739 2358 5793 δὲ
2391 5738 2704 5813 Σύμμαχος,
2731 5739 2884 5796 Οὐδὲ
2913 5739 3291 5795 καταδικάσει
3329 5738 3697 5808 κρινόμενον.
