4010 6568
275 417 378 473 337

1401 405 1893 465 CC-MMENTARIA
1937 406 2002 460 IN
2045 405 2381 460 PSALMOS.

3409 403 3514 458 338

334 526 526 586 Ειδον
545 529 652 584 τὸν
687 526 878 596 ἀσεϐῆ
917 528 1438 598 ὐπορυψούμενον,
1483 526 1580 580 καί
1607 523 1842 592 exath-

2018 520 2183 578 .Vltns.
2213 520 2400 576 55-37.
2451 517 2571 572 Vidi
2610 519 2827 587 impiam
2855 518 3300 588 superexaltalum
3330 528 3379 571 et
3411 519 3516 571 elc-

269 635 458 689 μενον
478 619 561 686 ὡς
591 619 700 684 τὰς
730 617 982 686 κέδρους
1009 617 1116 672 τοῦ
1132 618 1406 672 Λιϐάνου.
1428 615 1614 678 Οὕτως
1637 614 1731 667 ἐπὶ
1745 613 1839 666 τοῦ

276 697 541 779 παρόντος
563 706 654 762 διὰ
682 706 875 777 πείρας
909 705 1222 776 ἐληλυθέναι
1252 705 1346 760 τοῦ
1375 705 1558 767 τέλους
1580 703 1687 758 τῶν
1718 706 1842 758 ἀσε-

276 799 384 853 ϐιῖιν
409 813 605 871 φησιν’
646 799 722 852 ού
774 797 884 869 γὰρ
921 796 979 865 ἐξ
1005 798 1172 868 ἀκοῆς
1210 798 1374 850 πάλαι
1415 797 1546 850 ποτὲ
1579 797 1842 867 γενόμενα

277 889 362 943 ἑτέ
371 907 476 961 ρων
507 888 772 957 λεγόντων
821 887 1034 958 ἀκήκοα
1055 903 1070 917 ·
1137 885 1252 941 ἀλλ’
1283 887 1442 950 αὐτὸς
1488 883 1646 948 εἶδον,
1686 884 1839 956 φησὶ,

279 979 626 1052 βλασφήμους
667 980 865 1051 ἀνδρας
910 979 1004 1031 καὶ
1036 977 1224 1042 ἀθέους
1267 977 1706 1049 θαυμαζομένους
1745 977 1841 1048 μὲν

285 1074 385 1126 ὕπὸ
416 1073 652 1136 πάντων,
691 1071 1084 1142 ἐπαιρομένους
1115 1069 1173 1123 δὲ
1210 1070 1304 1124 καὶ
1337 1069 1697 1140 γαυριῶντας,
1731 1070 1834 1121 oio-

245 1212 249 1215 .
283 1166 474 1237 μένους
515 1181 570 1218 τε
606 1163 929 1226 διαιωνίζειν
961 1164 1018 1215 ὲν
1051 1161 1130 1232 τῷ
1162 1161 1280 1233 βίῳ.
1323 1161 1460 1214 Ἀλλ’
1491 1161 1566 1226 ὼς
1599 1162 1678 1215 ἐτι
1709 1161 1840 1232 παρ’

283 1258 501 1330 ἐμαυτῷ
527 1256 895 1328 διελογιζόμην
921 1255 1036 1319 πῶς
1065 1256 1192 1320 οἵδε,
1209 1256 1409 1326 καίπερ
1430 1255 1642 1319 ἀσεῦεῖς
1668 1255 1838 1320 ὄντες,

286 1350 544 1403 τοσούτων
586 1347 945 1419 τετυχήκασι,
999 1345 1248 1418 δεύτερον
1301 1347 1498 1411 αὐτοὺς
1547 1347 1840 1402 θεάσασθαι

279 1437 581 1508 βουληθεὶς,
634 1440 814 1510 ὲπῇρα
856 1439 982 1502 τοὺς
1016 1437 1323 1509 ὀφθαλμούς
1343 1455 1358 1468 ο
1392 1439 1442 1492 ot
1486 1438 1542 1491 δὲ
1573 1439 1676 1492 οὐκ
1701 1434 1841 1510 ἦσαν

277 1528 531 1600 οὐδαμοῦ,
564 1530 787 1598 ἀφανεῖς
809 1529 854 1582 δ’
891 1527 1104 1601 ἀθρόως
1142 1528 1408 1601 ὑπῆρχον.
1444 1525 1576 1583 Εἶτα
1611 1529 1667 1583 δὲ
1699 1529 1841 1600 ἴχνος

277 1622 452 1677 αὐτῶν
490 1621 584 1676 καὶ
621 1621 930 1692 ὑπόλειμμα
975 1620 1254 1692 βουληθεὶς
1305 1621 1624 1676 καταλαϐεῖν
1646 1661 1661 1686 ,
1721 1622 1842 1675 οὐδὲ

277 1715 366 1768 τὸν
402 1713 562 1768 τόπον
591 1715 649 1767 ὲν
683 1705 729 1781 ᾧ
771 1714 992 1768 ἑστάναι
1050 1713 1266 1767 ἐδόκουν
1309 1714 1489 1784 εὑρεῖν
1526 1712 1838 1784 δεδύνημαι.

276 1805 471 1876 Διόπερ
503 1805 690 1876 ἐπειδὴ
730 1803 939 1858 τοιοῦτο
994 1813 1060 1858 το
1098 1803 1302 1857 τούτων
1350 1804 1520 1868 τέλος,
1571 1801 1739 1874 φεῦγε
1777 1803 1841 1855 σὺ

1945 624 2126 668 vatum
2181 615 2320 668 sicut
2353 611 2535 667 cedros
2581 609 2794 676 Libani,
2844 620 2953 667 etc.
3002 609 3094 665 Sic
3146 611 3200 664 in
3259 610 3516 681 praesenti

1948 707 2107 761 linem
2145 720 2205 761 se
2245 704 2539 774 impiorum
2589 703 2928 773 experientia
2975 702 3265 758 edidicisse
3307 718 3515 756 memo-

1945 804 2050 851 rat.
2103 794 2289 866 Neque
2325 796 2469 850 enim
2501 795 2614 849 haec
2644 796 2776 850 olim
2820 806 2970 864 gesta
3011 810 3074 849 ex
3123 795 3351 848 aliorqu
3385 808 3516 846 nar-

1947 898 2068 944 ratu
2116 887 2342 943 auribus
2389 887 2616 956 excepi:
2673 886 2768 941 sed
2811 887 2947 955 ipse,
2978 885 3174 955 inquit,
3212 885 3319 939 vidi
3366 885 3515 939 viros

1946 983 2261 1052 blasphema
2289 980 2627 1051 proferentes
2665 989 2716 1035 et
2754 979 2946 1034 atheos
2972 978 3224 1034 omnibus
3256 978 3310 1030 in
3343 974 3517 1029 admi-

1947 1076 2157 1131 ratione
2199 1075 2451 1138 habitos,
2500 1074 2672 1129 elatos
2724 1080 2778 1127 et
2835 1071 3210 1133 exsultantes,
3263 1075 3525 1139 putantes

1946 1167 2051 1221 sibi
2102 1173 2420 1238 perpetuam
2476 1164 2591 1220 fore
2624 1165 2812 1218 vitam.
2861 1161 2968 1219 Sed
3001 1161 3130 1215 dum
3179 1174 3391 1214 mecum
3425 1173 3516 1212 re-

1946 1265 2218 1329 putarem.
2264 1257 2540 1329 quomodo
2585 1256 2658 1309 illi
2703 1254 2957 1326 quamvis
3017 1253 3190 1323 impii,
3244 1257 3324 1305 tot
3370 1252 3516 1305 nacti

1946 1352 2088 1406 bona
2125 1359 2344 1416 essent,
2391 1351 2580 1407 oculos
2614 1350 2857 1405 secundo
2891 1348 3119 1412 sustuli,
3155 1356 3212 1400 ut
3268 1351 3515 1398 contem-

1947 1443 2128 1512 plarer
2164 1442 2351 1512 ipsos:
2389 1451 2444 1496 at
2476 1442 2551 1496 illi
2584 1455 2858 1510 nusquam
2892 1447 3070 1503 erant,
3099 1438 3195 1493 sed
3227 1434 3514 1490 confestim

1947 1541 2301 1588 evanuerant.
2360 1533 2564 1588 Deinde
2620 1532 2910 1604 vestigium
2965 1547 3029 1586 ac
3106 1537 3515 1585 monumentum

1947 1637 2136 1678 eorum
2164 1621 2570 1694 deprehendere
2603 1625 2812 1686 volens,
2855 1637 2923 1677 ne
2973 1622 3152 1676 locum
3195 1620 3411 1690 quidem
3460 1617 3516 1678 in

1947 1727 2056 1784 quo
2079 1714 2297 1769 stetisse
2327 1714 2650 1769 videbantur
2693 1714 2931 1783 reperire
2961 1712 3132 1782 potui.
3180 1711 3518 1779 Quapropter

1947 1808 2076 1875 quia
2101 1804 2227 1860 talis
2251 1821 2438 1860 eorum
2473 1805 2598 1860 linis
2630 1817 2735 1871 est,
2783 1804 2908 1875 fuge
2941 1813 3020 1870 tu,
3050 1802 3340 1874 discipule,
3379 1801 3518 1854 tales

274 1898 304 1950 ό
335 1895 773 1967 μαθητευόμενος
798 1895 986 1948 τοῦτον
1010 1893 1117 1948 τῶν
1145 1893 1357 1949 ἀσεϐῶν
1391 1895 1480 1948 τὸν
1501 1895 1722 1967 τρόπον,
1751 1894 1843 1948 καὶ

1949 1897 2238 1966 impiorum
2288 1912 2504 1962 mmes,
2547 1898 2708 1953 ablue
2751 1912 2968 1953 omnem
3022 1896 3312 1959 malitiam,
3353 1893 3524 1962 dilige-

276 1985 538 2054 ἀπόνιψον
585 1986 681 2056 μὲν
720 1983 914 2039 ἑαυτοῦ
976 1985 1156 2038 πᾶσαν
1199 1984 1418 2049 κακίαν,
1472 1985 1757 2056 ἀγάπησω
1790 1983 1848 2038 δὲ

275 2077 376 2148 τὴν
404 2076 617 2131 εὐθεῖαν
640 2076 777 2131 όδόν.
809 2076 975 2130 Μένει
1002 2075 1110 2147 γὰρ
1135 2075 1546 2147 ἐγκατάλειμμα
1576 2077 1670 2130 καὶ
1693 2075 1846 2141 ἐλπὶς

278 2168 480 2240 ἀγαθὴ,
508 2169 585 2240 τῷ
618 2169 716 2240 τήν
756 2170 977 2242 εἰρήνην
1004 2170 1098 2222 καὶ
1126 2168 1222 2241 τὴν
1251 2169 1434 2239 φιλίαν
1470 2171 1569 2240 τὴν
1600 2169 1735 2242 πρὸς
1756 2169 1846 2222 τὸν

279 2261 411 2315 Θεὸν
439 2262 846 2333 μεταδιώξαντι,
877 2263 969 2317 καὶ
993 2263 1081 2317 διὰ
1106 2262 1263 2317 τοῦτο
1288 2261 1546 2334 είρηνικῷ
1575 2262 1846 2334 ἀνθρώπῳ

278 2355 572 2425 γενομένῳ.
612 2355 769 2409 Κατὰ
786 2355 840 2408 δὲ
871 2355 963 2407 τὸν
993 2354 1308 2425 Σύμμαχον,
1337 2355 1642 2418 Φύλασσε,
1661 2355 1843 2424 φησὶν,

274 2445 614 2514 ἁπλότητα,
647 2446 747 2501 καὶ
780 2447 888 2515 ὅρα
913 2447 1080 2512 εὐθὺ,
1109 2445 1198 2501 ὅτι
1217 2446 1346 2501 ἔστι
1381 2447 1690 2516 μέλλοντα
1741 2446 1846 2500 ἀν-

274 2535 484 2604 θρώπῳ
527 2535 823 2605 είρηνικῷ.
1331 2576 1339 2584 .

657 2648 946 2704 ΨΑΛΜΟΣ
986 2651 1073 2703 ΤΩ
1111 2649 1308 2704 ΔΑΥΙΔ
1338 2651 1459 2705 ΛΖ’.

803 2744 904 2808 Εἰς
951 2741 1313 2812 ἀνάμνησιν.

341 2829 537 2897 Κύριε,
576 2828 662 2900 μὴ
709 2829 790 2896 τῷ
823 2831 986 2900 θυμῷ
1023 2845 1140 2884 σου
1179 2829 1434 2901 ἐλέγξῃς
1463 2847 1561 2900 με,
1586 2830 1740 2900 μηδὲ
1769 2831 1843 2900 τῇ

274 2919 421 2990 ἐργῆ
452 2936 567 2974 σου
608 2920 938 2990 παιδεύσῃς
955 2938 1051 2991 με.
1083 2921 1274 2985 Αύτοῖς
1305 2923 1511 2992 ῥήμασι
1545 2921 1635 2975 καὶ
1655 2922 1844 2985 αὐταῖς

274 3011 565 3077 συλλαϐαῖς
603 3014 696 3067 καὶ
724 3015 752 3067 ὁ
795 3021 847 3079 ς’
867 3013 1081 3085 ψαλμὸς
1109 3014 1282 3084 τούτῳ
1327 3013 1720 3085 παραπλησίως
1748 3014 1845 3085 ἀρ-

273 3121 442 3175 χεται,
473 3105 566 3159 καὶ
599 3107 668 3160 τά
704 3105 866 3160 λοιπά
893 3106 949 3159 δὲ
971 3106 1065 3159 τοῦ
1103 3106 1260 3160 ἕκτου
1288 3110 1400 3171 τοῖς
1433 3109 1491 3160 ὲν
1516 3107 1594 3178 τῷ
1619 3125 1842 3179 προκει-

277 3197 423 3267 μένῳ
451 3197 770 3268 φερομένοις
804 3198 1037 3267 συγγενῆ
1067 3199 1342 3270 τυγχάνει.
1386 3199 1521 3253 Ἀλλ’
1545 3202 1602 3254 ὲν
1637 3201 1734 3272 μὲν
1767 3199 1846 3271 τῷ
1871 3239 1912 3295 C

273 3289 462 3360 ῑκτῳὴ
490 3290 781 3362 προγραφὴ
798 3293 1070 3364 περιεῖχεν
1086 3307 1101 3322 ο
1133 3294 1236 3358 Εἰς
1258 3291 1324 3345 τὸ
1348 3291 1522 3358 τέλος
1537 3293 1602 3346 ἐν
1633 3293 1842 3363 ὕμνοις

273 3380 425 3449 ὑπὲρ
467 3380 578 3449 τῆς
628 3381 842 3452 ὀγδόης
869 3382 1112 3453 ψαλμὸς
1161 3384 1243 3450 τῷ
1290 3385 1503 3440 Δαυΐδο
1569 3389 1626 3441 ἐν
1670 3388 1726 3441 δὲ
1765 3387 1845 3460 τῷ

276 3474 502 3546 παρόντι
529 3474 733 3528 τούτων
763 3476 859 3546 μὲν
880 3475 1052 3538 οὐδὲν,
1083 3477 1242 3546 μόνον
1267 3477 1324 3532 δὲ
1352 3479 1456 3533 τὸν
1475 3481 1726 3550 ψαλμὸν
1766 3481 1846 3546 τῷ

273 3564 455 3619 Δαυῒδ
495 3567 583 3631 είς
626 3564 969 3634 ἀνάμνησιν
1013 3566 1298 3623 δέδεικται.
1338 3571 1410 3622 Ἥ
1445 3587 1506 3639 γε
1544 3572 1649 3643 μὴν
1681 3589 1846 3644 προσ-

271 3656 418 3729 θήκη
452 3660 506 3728 ή,
564 3661 650 3723 είς
679 3657 1042 3728 ἀνάμνησιν,
1085 3659 1259 3712 ἔοικεν
1308 3662 1649 3732 ἀναπέμπειν
1697 3667 1846 3734 ἡμᾶς

272 3749 356 3812 είς
381 3749 479 3822 τὴν
506 3751 563 3802 ὲν
582 3749 657 3821 τῷ
679 3749 822 3820 ἕκτῳ
846 3752 1188 3822 πρργραφὴν,
1213 3750 1342 3804 ὥστ’
1364 3749 1501 3806 εἷναι
1526 3753 1592 3806 τά
1605 3755 1846 3825 παρόντα

271 3842 362 3906 εις
383 3841 449 3893 τὸ
476 3839 668 3906 τέλος,
692 3842 806 3903 καὶ,
824 3843 894 3895 ἐν
915 3843 1145 3912 ὕμνοις,
1166 3844 1260 3897 καὶ
1287 3845 1432 3911 ὑπὲρ
1465 3843 1572 3912 τῆς
1593 3846 1808 3916 ὀγδόης
1829 3865 1841 3878 ·

272 3933 491 3986 πάντων
511 3930 621 4003 γὰρ
639 3930 705 3984 ἂν
731 3931 813 4003 εῐη
832 3931 1033 3985 τούτων
1058 3935 1466 4003 παραστατικὸν
1482 3935 1562 3998 τὸ,
1597 3939 1685 4001 είς
1699 3936 1844 3990 ἀνά-ο

266 4037 520 4095 μνησιν.
573 4023 711 4077 Ἀλλ’
763 4024 887 4077 ἐπεὶ
937 4023 1226 4089 διεξιόντες
1281 4024 1350 4078 τὰ
1381 4027 1438 4079 ὲν
1478 4026 1556 4098 τῷ
1595 4027 1846 4098 ἕκτῳ,τά

275 4113 618 4168 ὑποπεσόντα
646 4115 725 4178 είς
751 4114 852 4185 τὴν
893 4115 1217 4188 προγραφὴν
1255 4117 1572 4188 εἰρήκαμεν,
1613 4121 1701 4186 εὶς
1730 4119 1845 4187 τὴν

271 4205 494 4260 ἐκείνων
544 4203 885 4275 ἀνάμνησιν
943 4206 1038 4259 καὶ
1091 4209 1254 4278 ἡμεῖς
1302 4208 1693 4280 ἀναπέμψομεν
1753 4211 1844 4266 τὸν

271 4297 685 4368 ιντυγχάνοντα.
709 4300 865 4352 Δοκεῖ
886 4297 942 4352 δέ
965 4317 1055 4370 μοι
1080 4302 1108 4353 ὁ
1129 4300 1310 4363 Δαυῒδ,
1333 4300 1604 4373 διαφόρως
1627 4305 1685 4356 ὲν
1715 4303 1844 4357 πολ-

269 4385 384 4453 λοῖς
417 4389 664 4460 περὶτοῦ
694 4390 1027 4462 πραχθέντος
1063 4392 1214 4463 αύτῷ
1242 4393 1710 4466 πλημμελήματπ
1753 4396 1842 4464 ἐξ·

268 4478 760 4550 ομολογησάμενος,
799 4482 942 4547 ἰδίως
976 4483 1067 4536 τὸν
1113 4484 1358 4554 παρόντα
1401 4485 1613 4556 ψαλμὸν
1643 4487 1846 4558 ἀφωρι-

1948 1989 2090 2044 viam
2123 1997 2352 2044 rectam.
2393 1989 2612 2045 Manent
2640 1988 2784 2044 enim
2825 1988 3070 2058 reliquiae
3100 2002 3332 2058 spesque
3377 1985 3522 2040 bona.

1946 2096 2070 2136 erm
2097 2083 2188 2152 qui
2229 2097 2416 2152 pacem
2448 2081 2858 2152 amicitiamque
2908 2079 3004 2136 Dei
3051 2079 3420 2150 persequitur,
3463 2083 3516 2129 et

1947 2171 2070 2225 ideo
2107 2171 2272 2226 homo
2297 2172 2560 2242 paciﬁcus
2589 2170 2818 2226 elfectus
2843 2178 2948 2225 est.
2993 2169 3307 2224 Secundum
3355 2166 3516 2237 Synt-

1945 2260 2198 2316 machum
2243 2271 2460 2327 autem,
2499 2259 2721 2317 Custodi
2757 2261 3186 2330 simplicitatem,
3235 2258 3433 2328 inquit,
3470 2267 3517 2313 et

1945 2353 2058 2407 vide
2105 2354 2434 2424 (equitatem,
2477 2354 2728 2425 quoniam
2775 2354 2960 2423 futura
3013 2361 3135 2408 sunt
3185 2351 3383 2406 homini
3419 2365 3515 2418 pa-
3597 2363 3600 2368 '

1943 2443 2116 2512 τίθεσο.

2224 2644 2278 2700 1.
2320 2643 2649 2700 PSALMUS
2699 2643 2930 2698 DAVIDI
2965 2641 3231 2699 XXXVII.

2251 2736 2314 2791 In
2344 2740 2833 2792 rememorationem
2863 2736 2927 2790 de
2951 2736 3208 2792 Sabbato.

2017 2828 2184 2884 Vens.
2230 2829 2287 2884 2.
2330 2830 2587 2895 Domine,
2621 2848 2684 2885 ne
2737 2832 2792 2884 in
2823 2831 3003 2899 furore
3044 2838 3134 2882 tuo
3173 2844 3367 2899 arguas
3414 2843 3514 2890 me,

1944 2939 2104 2993 neque
2133 2924 2187 2977 in
2221 2924 2305 2977 ira
2329 2933 2419 2978 tua
2451 2925 2709 2993 corripias
2743 2939 2843 2977 me.
2877 2924 3014 2992 Ipsis
3045 2923 3230 2978 verbis
3274 2921 3519 2992 ipsisque

1945 3015 2174 3086 syllabis
2199 3025 2386 3072 sextus
2413 3031 2634 3086 quoque
2679 3017 2924 3085 psalmus
2960 3015 3168 3085 pariter
3206 3013 3516 3076 inchoatur,

1942 3113 1998 3160 τι
2024 3106 2234 3176 reliqua
2267 3121 2388 3176 quae
2418 3106 2471 3160 in
2520 3115 2674 3161 sexto
2717 3113 3064 3176 comparent,
3111 3105 3276 3174 hujus
3323 3103 3516 3175 psalmi

1944 3197 2106 3252 dictis
2140 3195 2316 3252 aﬂinia
2338 3205 2496 3258 sunt.
2525 3196 2593 3251 At
2631 3197 2684 3251 in
2724 3205 2880 3253 sexto
2912 3197 3124 3267 psalmo
3159 3197 3241 3251 sic
3281 3195 3516 3251 habebat
3592 3247 3602 3257 ,

1945 3289 2232 3360 inscriptio
2266 3309 2278 3344 :
2319 3289 2381 3344 In
2411 3290 2568 3359 ﬁnem
2601 3291 2656 3343 in
2684 3289 2891 3360 hymnis
2921 3298 3018 3359 pro
3060 3299 3247 3344 octava
3277 3289 3518 3359 psalmus

1944 3377 2154 3434 Davidi.
2201 3378 2258 3434 lu
2309 3382 2560 3450 praesenti
2596 3392 2776 3436 autem
2831 3381 2971 3436 nihil
3015 3380 3211 3435 horum
3263 3380 3516 3446 habetur,

1945 3471 2038 3526 sed
2072 3470 2358 3537 duntaxat,
2391 3473 2628 3542 psalmus
2661 3472 2890 3537 Doridi,
2926 3474 2981 3527 in
3007 3473 3516 3528 rememorationem.

1945 3561 2058 3618 Hoc
2099 3580 2264 3634 porro
2294 3565 2727 3620 additamentum
2748 3604 2763 3629 ,
2797 3566 2853 3619 in
2884 3566 3372 3620 remunerationem
3391 3603 3407 3629 ,
3439 3563 3520 3616 vi-

1945 3656 2105 3710 detur
2130 3672 2230 3712 nos
2260 3657 2328 3710 ad
2366 3658 2559 3727 psalmi
2597 3659 2737 3712 sexti
2774 3658 3188 3728 inscriptionem
3218 3657 3516 3720 remittere,

1947 3747 2022 3800 ita
2059 3755 2116 3799 ut
2147 3761 2269 3816 quae
2296 3747 2410 3815 jam
2439 3745 2494 3800 in
2523 3747 2778 3802 manibus
2813 3755 2962 3811 sunt,
2993 3748 3047 3801 in
3080 3748 3260 3815 ﬁnem,
3293 3746 3348 3798 in
3375 3744 3522 3814 Itym-

1946 3839 2049 3904 uis,
2074 3849 2125 3892 et
2149 3853 2244 3906 pro
2276 3847 2460 3891 octava
2487 3837 2633 3892 dicta
2673 3839 2778 3894 sint
2803 3856 2818 3906 ;
2848 3855 2975 3894 nam
3015 3839 3131 3893 haec
3153 3837 3337 3892 omnia
3366 3851 3520 3907 repe-

1945 3940 2060 3984 tere
2094 3939 2148 3985 et
2174 3930 2460 3987 declarare
2484 3931 2702 3986 videtur
2732 3931 2887 3994 illud,
2927 3931 2982 3985 in
3010 3929 3516 3984 rememorationem.

1945 4020 2144 4076 Verum
2174 4024 2301 4093 quia
2335 4038 2458 4076 cum
2493 4031 2706 4078 sextum
2749 4023 3018 4093 psalmum
3075 4023 3518 4092 explanaremus,

1944 4128 2066 4183 quae
2110 4113 2523 4184 inscriptionem
2564 4116 2888 4187 spectabant
2935 4115 3369 4186 explicavimus,
3419 4127 3521 4171 nos

1945 4221 2162 4276 quoque
2193 4207 2248 4261 in
2288 4209 2778 4262 rememorationem
2822 4222 3012 4262 eorum
3041 4207 3300 4261 lectorem
3336 4207 3521 4262 remit-

1944 4306 2144 4354 temus.
2168 4298 2399 4355 Videtur
2427 4316 2596 4372 porro
2629 4301 2762 4354 mihi
2788 4299 3068 4363 Davidem,
3095 4315 3222 4354 cum
3251 4299 3306 4354 in
3332 4299 3520 4356 multis

1944 4391 2043 4446 abs
2078 4407 2138 4448 sc
2168 4400 2544 4463 perpetratum
2577 4391 2794 4448 facinus
2825 4393 2978 4446 varie
3027 4390 3318 4447 confessus
3350 4400 3519 4455 esset,

1944 4482 2090 4538 hunc
2145 4484 2250 4538 sibi
2313 4485 2584 4554 psalmum
2635 4483 2856 4555 proprie
2922 4485 2976 4538 in
3033 4483 3521 4537 rememoratiouem

270 4569 427 4624 κέναι
458 4569 638 4642 ἐαυτῷ
681 4573 769 4639 είς
793 4571 1153 4643 ἀνάμνησιν,
1179 4575 1254 4638 ὡς
1287 4575 1373 4631 ἀεὶ
1397 4576 1491 4631 καὶ
1521 4577 1609 4631 διὰ
1642 4579 1840 4642 παντὸς

1945 4575 2280 4645 seposuisse,
2320 4577 2394 4630 ita
2438 4585 2498 4631 ut
2546 4593 2672 4632 eum
2728 4591 2948 4646 semper
2980 4577 3034 4629 in
3069 4590 3166 4630 ore
3223 4573 3410 4635 ferret,
3453 4587 3521 4628 eo

267 4659 456 4732 φέρειν
490 4660 621 4714 αὐτὸ
659 4661 764 4716 ἀνά
791 4664 986 4734 στόμα.
1042 4664 1358 4736 Κεχρῆσθαι
1419 4665 1476 4718 δὲ
1528 4667 1678 4738 αὐτῷ
1719 4670 1841 4722 ἀντὶ

267 4752 484 4824 ἐπῳδῆς
511 4754 604 4807 ὲπὶ
633 4753 897 4827 θεραπείᾳ
941 4756 1038 4826 τῆς
1077 4755 1240 4809 αὑτοῦ
1284 4756 1484 4828 ψυχῆς.
1541 4759 1842 4832 ’ἱκετηρίαν

267 4843 400 4914 γοῦν
430 4845 740 4917 ἀναπέμπει
783 4847 861 4918 τῷ
894 4847 1030 4919 Θεῷ,
1057 4849 1122 4904 δι’
1156 4845 1224 4922 ἦς
1256 4849 1591 4922 ἀποστρέφει
1623 4853 1720 4922 μὲν
1744 4855 1841 4924 τὴν

265 4937 439 5011 ὀργὴν
461 4938 558 5010 τήν
587 4941 718 4992 πᾶσι
740 4942 852 5004 τοῖς
878 4942 1280 5012 ἁμαρτάνουσιν
1301 4944 1705 5016 ὲπηρτημένην,
1730 4947 1843 5000 ne.

265 5044 460 5084 σκεται
490 5029 546 5082 δὲ
584 5031 676 5084 τὸν
706 5031 908 5100 ἀγαθὸν
943 5032 1144 5102 Κύριον
1172 5039 1290 5098 ταῖς
1322 5034 1438 5106 μεθ’
1473 5038 1838 5109 ὑπερϐαλλούο

267 5135 372 5189 σης
413 5119 848 5193 ἐξομολογήσεως
894 5128 1116 5192 φωναῖς.
1162 5127 1348 5196 Λέγων
1393 5127 1482 5181 δέ·
1515 5130 1716 5198 Κύριε,
1751 5130 1838 5200 μὴ

267 5209 351 5275 τῷ
385 5211 551 5280 θυμῷ
595 5228 712 5267 σου
752 5214 1007 5285 ἐλέγξῃς
1027 5235 1124 5286 με,
1157 5218 1218 5271 ού
1256 5219 1346 5272 τὸν
1373 5219 1593 5292 ἔλεγχον
1636 5240 1839 5295 παραι-

265 5305 462 5362 τεῖται.
522 5303 655 5359 ἀλλά
699 5307 791 5360 τὸν
826 5309 962 5377 μετά
1001 5308 1168 5378 θυμοῦ
1194 5327 1208 5340 ·
1239 5311 1359 5365 οὐδὲ
1393 5312 1456 5365 τὸ
1487 5313 1839 5385 παιδευθῆναι

265 5394 483 5464 φεύγει,
521 5396 655 5450 ἀλλά
673 5398 734 5450 τὸ
767 5398 905 5468 μετά
931 5399 1098 5470 ὀργῆς
1120 5417 1134 5430 ο
1165 5400 1295 5454 ὡσεὶ
1327 5403 1420 5456 καὶ
1463 5405 1630 5476 ἰατρῷ
1656 5423 1739 5470 τις
1771 5407 1842 5462 τὰ

265 5485 356 5539 διὰ
407 5486 678 5560 καυτῆρος
732 5490 826 5542 καὶ
889 5488 1107 5562 σιδήρου
1158 5494 1252 5546 καὶ
1297 5496 1506 5566 πικρῶν
1552 5499 1840 5555 ἀντιδότων

267 5577 630 5648 προσφέροντι
663 5579 986 5652 βοηθήματα
1003 5583 1094 5636 ἐπὶ
1121 5583 1388 5657 θεραπείᾳ.
1409 5589 1610 5655 πάθους
1631 5593 1842 5646 ύποκείυ

267 5683 430 5737 μενος
463 5667 638 5738 λέγοιο
672 5670 764 5742 Μὴ
789 5669 877 5726 διὰ
904 5673 1070 5743 πυρός
1098 5691 1164 5744 με
1195 5675 1556 5752 θεραπεύσῃς,
1591 5683 1724 5752 μηδὲ
1753 5683 1838 5738 διὰ

268 5756 486 5831 σιδήρου
518 5760 614 5814 καὶ
643 5761 846 5832 τομῶν,
905 5764 1038 5818 ἀλλά
1070 5765 1156 5820 διὰ
1183 5767 1358 5837 ἠπίων
1400 5770 1494 5824 καὶ
1524 5774 1838 5844 πραοτέρων

268 5852 594 5920 φαρμάκων.
639 5855 693 5908 '0
723 5855 828 5924 γὰρ
861 5856 1099 5924 τοιοῦτος
1139 5859 1198 5912 οὐ
1261 5860 1356 5928 τὴν
1405 5861 1698 5931 θεραπείαν
1735 5867 1833 5935 ἀρ-

1948 4685 2080 4725 usus
2110 4669 2267 4739 quasi
2302 4669 2662 4724 delinimento
2713 4668 2780 4722 ad
2830 4667 3092 4723 medelam
3149 4666 3345 4720 anima:
3384 4681 3516 4720 suae.

1946 4758 2411 4830 Supplicationem
2446 4759 2630 4828 itaque
2670 4757 2782 4813 Deo
2815 4757 3037 4820 emittit,
3064 4773 3170 4826 qua
3216 4757 3351 4812 iram
3393 4757 3519 4826 qui-

1943 4850 2066 4906 dem
2111 4851 2470 4922 peccantibus
2523 4850 2783 4906 omnibus
2842 4850 3240 4919 impendentem
3284 4849 3520 4914 avertit,

1945 4942 2280 5013 voCibusque
2307 4943 2522 4998 exitnia:
2562 4942 2931 4999 confessionis
2978 4943 3180 4998 bonum
3228 4942 3520 4998 Dominum

1942 5041 2240 5111 propitium
2273 5039 2379 5095 sibi
2421 5038 2574 5094 facit.
2613 5039 2750 5094 Cum
2786 5054 2918 5094 vero
2951 5038 3048 5100 ait,
3088 5038 3341 5106 Domine,
3375 5055 3440 5094 ne
3466 5039 3522 5092 in

1941 5132 2121 5201 furore
2160 5140 2248 5184 tua
2299 5145 2495 5199 arguas
2550 5146 2664 5194 me,
2722 5146 2833 5184 non
2887 5130 3365 5200 reprehensionem
3425 5129 3524 5185 de-

1941 5229 2174 5286 trectat,
2208 5220 2307 5278 sed
2354 5237 2482 5277 cum
2523 5222 2708 5277 furore
2753 5219 3139 5291 conjunctam;
3181 5213 3358 5293 neque
3397 5237 3523 5275 cor-

1942 5314 2248 5385 reptionem
2277 5312 2442 5384 fugit,
2477 5315 2732 5370 sed-cum
2784 5315 2866 5370 ira
2913 5314 3156 5372 editam:
3191 5331 3258 5370 ac
3305 5315 3352 5370 si
3380 5327 3522 5384 quis

1942 5407 2157 5462 medico
2190 5422 2285 5476 per
2316 5405 2687 5471 adustionem,
2723 5405 2932 5461 ferrum
2963 5417 3018 5462 et
3048 5406 3246 5462 acerba
3279 5403 3520 5460 remedia

1943 5495 2188 5550 levamen
2217 5495 2394 5550 morbi
2430 5494 2677 5552 offerenti
2728 5495 3015 5565 subjectus
3043 5497 3228 5552 dicat:
3279 5493 3358 5549 Ne
3387 5485 3518 5555 milii

1943 5587 2145 5658 ignem,
2175 5603 2244 5644 ne
2275 5586 2502 5653 ferrum,
2531 5604 2602 5644 ne
2624 5589 2903 5646 sectiones
2929 5588 2998 5644 ad
3036 5589 3303 5644 medelam
3330 5585 3522 5640 actino-

1941 5679 2233 5746 veas,-sed
2285 5679 2468 5737 dulcia
2521 5681 2850 5753 mitioraque
2890 5681 3169 5738 remedia;
3217 5680 3342 5734 talis
3373 5679 3518 5734 enim

1941 5771 2108 5827 homo
2131 5787 2240 5828 non
2271 5777 2608 5830 curationem
2639 5777 2849 5841 abnuit,
2891 5776 2984 5831 sed
3023 5775 3296 5829 duriorem
3329 5774 3508 5845 opitu-

1943 5869 2089 5928 landi
2123 5871 2411 5928 rationem.
2469 5871 2799 5944 Plerumque
2845 5880 3023 5930 autem
3057 5865 3315 5940 diximus,
3378 5871 3514 5926 iram
