4010 6526
591 388 695 444 519

1291 374 1559 433 EUSEBll
1598 340 2076 429 CAESARIENSIS
2113 365 2266 422 ΟΡΡ.
2306 361 2486 418 PARS
2523 360 2610 417 Ill.
2635 392 2705 402 —
2743 352 3150 414 EXEGETICA.

3803 343 3922 401 3'20

592 504 812 564 Veritas
844 504 1024 573 itaque
1057 500 1151 555 Dei
1185 500 1238 553 in
1273 497 1414 551 coelo
1438 504 1524 551 est
1554 513 1569 548 ι
1597 495 1723 549 inde
1748 506 1876 549 vero
1909 505 2008 545 ceu
2047 489 2162 559 plu-

2280 503 2324 538 ιν
2355 484 2528 554 ἑτέρῳ
2551 480 2828 535 λέλεκται·
2873 479 2975 531 Ἐν
2997 474 3075 540 τῷ
3095 468 3330 540 οὐρανῷ
3359 466 3803 539 ἑτοιμασθγῆοε
3815 485 3913 522 ται

584 601 672 655 via
703 600 757 654 in
794 597 1030 652 nubibus
1060 594 1172 648 lata
1205 591 1374 646 stillat
1407 589 1460 642 in
1496 595 1721 640 terram.
1777 584 1900 638 Ideo
1935 582 2156 642 dicitur,

585 691 655 744 Et
691 690 878 746 veritas
904 696 994 739 tua
1015 702 1177 755 usque
1207 683 1274 736 ad
1299 681 1483 749 nubes.
1521 678 1597 736 Ex
1627 677 1866 731 nubibus
1900 684 2078 727 autem
2103 674 2158 725 in

584 783 835 838 homines
875 780 1082 835 veri-tas
1132 777 1226 830 Dei
1274 773 1574 830 eﬂunditur
1604 787 1619 837 ;
1653 769 1826 825 nubes
1875 781 2005 820 vero
2039 779 2163 834 pro-

584 877 776 946 phetas
823 880 875 926 et
931 871 1205 941 angelicas
1235 868 1487 926 virtutes,
1523 879 1552 917 a
1586 857 2030 944 ‘qui-bus‘veritas
2066 855 2161 908 Dei

586 943 899 1019 hominibus
931 961 1095 1014 allata
1125 969 1228 1023 est,
1261 955 1547 1024 Scriptura
1574 953 1713 1008 solet
1733 948 2025 1019 appellare.
2070 943 2161 998 Sic

584 1059 639 1111 in
701 1055 843 1110 Isaia
889 1054 1091 1108 dictum
1117 1057 1201 1105 est
1228 1067 1239 1100 :
1265 1048 1333 1102 Et
1361 1045 1583 1101 nubibus
1607 1041 1867 1098 mandabo
1891 1031 2166 1108 ne‘pluant

582 1164 738 1218 super
755 1164 870 1201 eam
890 1145 1109 1199 imbrem
1130 1144 1198 1207 ⁵⁸,
1221 1141 1432 1197 scilicet
1460 1153 1624 1210 super
1649 1135 1958 1190 Judaeorum
1994 1145 2166 1202 popu-

586 1241 718 1302 lum,
751 1255 830 1308 qu.
871 1237 1081 1307 tropice
1114 1236 1274 1290 vinea
1318 1239 1566 1288 vocatur.

2269 578 2311 645 αὶ
2342 573 2594 640 ἀλήθειά
2633 589 2766 626 σου.
2805 571 2959 624 Ἔστι
2993 568 3089 639 μὲν
3115 561 3208 618 οὖν
3241 565 3272 635 ἡ
3309 563 3534 634 ἀλήθεια
3584 561 3693 614 τοῦ
3756 561 3908 613 Θεοῦ

2270 670 2331 720 ἓν
2365 666 2444 737 τῷ
2476 665 2708 736 οὐρανῷ,
2743 663 2897 732 δίκην
2950 661 3007 714 δὲ
3039 657 3193 713 ὑετοῦ
3233 655 3530 726 φερομένου
3561 653 3664 706 διὰ
3699 654 3909 722 νεφῶν

2270 761 2368 815 καὶ
2427 761 2586 830 μέχρι
2630 759 2728 828 τῆς
2782 757 2884 826 γῆς
2942 751 3244 814 ἐπιστάζει.
3276 749 3365 801 Διὸ
3395 747 3618 818 εἴρηται
3642 764 3656 776 ·
3695 747 3836 798 Ital
3872 750 3904 815 ἡ

2271 850 2527 920 ἀλήθειά
2555 867 2669 903 σου
2693 849 2803 913 ἕως
2827 845 2947 900 τῶν
2966 841 3258 912 νεφελῶν.
3295 841 3387 892 Ἐκ
3415 839 3471 891 δὲ
3503 837 3619 888 τῶν
3649 837 3906 906 λεγομέ-

2274 945 2381 999 νῶν
2401 942 2637 1013 νεφελῶν
2659 941 2754 993 καὶ
2779 942 2858 1002 εἰς
2885 935 3203 1008 ἀνθρώπους
3224 932 3513 1004 προχέεται
3539 932 3575 1000 ὴ
3607 928 3716 981 τοῦ
3752 928 3901 982 Θεοῦ

2275 1037 2505 1109 ἀλήθεια
2525 1053 2537 1066 ο
2573 1033 2799 1103 νεφέλας
2839 1031 2894 1084 δὲ
2919 1031 3044 1092 τοὺς
3071 1027 3354 1100 προφήτας
3381 1025 3414 1095 ἢ
3437 1025 3535 1086 τὰς
3559 1021 3900 1090 ἁγγελικέις

2273 1127 2558 1198 δυνάμεις,
2583 1125 2649 1178 δι’
2678 1117 2752 1177 ὧν
2778 1125 2812 1194 ἡ
2839 1119 3065 1191 ἀλήθεια
3096 1117 3190 1172 τοῦ
3221 1115 3356 1170 Θεοῦ
3391 1116 3483 1169 καὶ
3523 1116 3608 1176 εἰς
3662 1112 3896 1182 ἀνθρὼ-

2278 1238 2415 1281 πους
2453 1216 2839 1289 κατελήλυθεν,
2870 1213 3056 1268 εἴωθεν
3097 1214 3126 1265 ὁ
3168 1211 3323 1278 λόγος
3362 1208 3683 1278 ὀνομάζειν.
3719 1205 3891 1259 Οῦτω

583 1299 831 1387 λέλεκται
863 1335 920 1385 ὲν
961 1299 1187 1402 ῙΗσαῒᾳ·
1211 1327 1322 1389 Καὶ
1354 1325 1483 1391 ταῖς
1537 1323 1819 1394 νεφέλαις
1856 1317 2210 1386 ἐντελοῦμαι
2249 1315 2356 1370 τοῦ
2399 1314 2486 1384 μὴ
2526 1311 2740 1381 βρέξαι
2784 1311 2872 1374 εἰς
2916 1305 3106 1361 αὐτὸν
3153 1303 3351 1368 ὑετὸν,
3392 1299 3598 1372 δηλαδὴ
3650 1301 3744 1363 εἰς
3795 1299 3890 1350 τὸν

597 1426 867 1481 Ἰουδαίων
923 1424 1072 1490 λαὸν,
1119 1420 1418 1493 ἀμπελῶνα
1460 1417 1737 1489 τροπικῶς
1762 1410 2168 1492 ὠνομασμένον.

656 1522 736 1576 Ad
760 1522 876 1576 hazc
907 1526 1112 1582 autem,
1140 1516 1353 1588 justitia
1381 1521 1496 1579 tua,
1529 1512 1724 1582 inquit,
1756 1509 2006 1571 Domine,
2041 1521 2160 1560 ma-

587 1630 692 1687 gna
725 1615 1073 1684 excelsaque,
1110 1610 1411 1675 montibus,
1444 1609 1552 1662 imo
1586 1605 1865 1660 montibus
1891 1602 1983 1657 Dei
2013 1615 2164 1655 com-

2350 1501 2472 1553 Ἐτι
2526 1496 2662 1569 πρὸς
2702 1495 2913 1557 τούτοις
2961 1495 2994 1563 ἡ
3045 1489 3358 1556 δικαιοσύνη
3405 1503 3519 1550 σου,
3575 1487 3802 1556 φησιν,
3843 1477 3886 1537 ὦ

2275 1592 2470 1662 Κύριε,
2489 1587 2696 1659 μεγάλη
2725 1583 2979 1655 τυγχάνει
3003 1582 3095 1635 καὶ
3126 1579 3322 1650 ὑψηλὴ,
3340 1577 3485 1648 ὖρεσι
3516 1575 3887 1646 παραϐαλλο-

588 1715 837 1780 paratur,
873 1721 938 1760 ac
969 1707 1194 1774 insuper
1214 1703 1420 1774 judicia
1454 1709 1546 1754 tua
1571 1693 2162 1768 incomprehensibilia.

2280 1684 2434 1755 μένη,
2469 1681 2561 1735 καὶ
2589 1680 2736 1753 ὄρεσι
2770 1677 2926 1739 Θεοῦ,
2959 1677 3054 1730 καὶ
3101 1674 3236 1745 πρὸς
3275 1671 3482 1734 τούτοις
3514 1669 3585 1723 τὰ
3623 1670 3889 1742 κρίματὰ

589 1796 1059 1864 Quemadmodum
1084 1796 1228 1852 enim
1265 1795 1519 1866 abyssus,
1552 1799 1612 1846 ut
1640 1797 1860 1851 vocant,
1901 1788 2170 1841 immensa

589 1896 644 1942 et
667 1888 984 1942 hominibus
1013 1884 1586 1958 incomprehensibilis
1608 1891 1723 1948 est;
1752 1880 1897 1951 quod
1933 1894 2064 1936 sane
2083 1878 2170 1934 his

591 1981 950 2053 significatur,
977 1996 1171 2051 ponens
1201 1983 1252 2032 in
1278 1978 1537 2032 thesauris
1559 1976 1776 2046 abyssos
1795 1990 1813 2027 :
1840 1973 1920 2028 sic
1937 1971 2168 2041 judicia,

593 2075 840 2136 Domine,
872 2088 992 2144 quae
1021 2089 1080 2129 ex
1112 2071 1327 2143 justitia
1374 2069 1642 2139 prodeunt
1674 2075 1786 2130 tua,
1815 2082 1914 2121 ceu
1944 2065 2165 2135 abyssus

593 2169 760 2222 multa
779 2169 824 2199 ⁵⁷
846 2175 994 2222 sunt.
1023 2163 1130 2220 Pro
1161 2164 1253 2217 illo
1283 2169 1486 2225 autem,
1505 2161 1724 2229 justitia
1751 2169 1840 2211 tua
1863 2159 1997 2212 sicut
2017 2175 2164 2212 mon-

595 2269 671 2314 tes
710 2259 840 2321 Dei;
883 2257 1101 2326 Aquila,
1143 2255 1362 2324 justitia
1412 2262 1506 2306 tua
1550 2253 1686 2306 sicut
1713 2260 1912 2304 montes
1943 2251 2165 2315 robusti,

594 2348 987 2418 interpretatus
1025 2352 1128 2401 est.
1163 2343 1288 2398 Ihec
1318 2358 1482 2413 porro
1511 2342 1693 2395 omnia
1721 2349 2028 2411 opportune
2064 2356 2171 2395 me-

594 2445 926 2492 morantur:
960 2436 1403 2504 declaraturque,
1459 2448 1556 2504 per
1605 2433 2034 2486 misericordiam
2076 2431 2168 2485 Dei

594 2547 722 2600 qua:
754 2531 809 2584 in
841 2531 984 2585 cmlo
1027 2538 1133 2592 est,
1177 2544 1275 2599 per
1305 2527 1591 2582 veritatem
1621 2531 1675 2580 et
1717 2525 1984 2594 justitiam
2025 2525 2169 2595 ejus,

602 2637 665 2676 ac
689 2637 786 2692 per
815 2622 967 2684 illud,
1007 2619 1229 2676 Judicia
1267 2620 1380 2689 ejus
1404 2627 1462 2673 ut
1509 2616 1730 2687 abyssus
1759 2616 1926 2672 multa
1971 2619 2170 2672 incom-

591 2713 967 2782 prehensibilia
1019 2722 1177 2775 sunt,
1231 2712 1448 2782 impios,
1519 2711 1707 2765 atheos
1757 2720 1810 2765 et
1861 2721 2171 2781 peccatores

595 2821 704 2860 non
734 2806 845 2861 vita
877 2807 1074 2868 solum,
1108 2805 1202 2862 sed
1240 2805 1466 2875 reliquis
1499 2806 1662 2859 etiam
1696 2803 1802 2858 frui
1828 2805 1985 2860 bonis
2017 2820 2044 2857 a
2070 2804 2171 2859 bo-

594 2898 768 2953 nitate
799 2897 970 2968 ipsius
995 2897 1452 2952 subministratis.

2275 1793 2370 1829 σου
2418 1773 2801 1843 ἀκατάληπτα.
2869 1769 2957 1831 Ὠς
3012 1767 3121 1839 γὰρ
3165 1767 3198 1836 ἡ
3255 1762 3568 1834 καλουμένη
3634 1763 3886 1825 ἄϐυσσος

2271 1869 2498 1940 ἄπειρός
2545 1871 2693 1921 ἐστιν
2750 1860 3058 1934 ἀνθρώποις
3106 1857 3201 1911 καὶ
3241 1853 3688 1923 ἀκατάληπτοςο
3741 1852 3776 1904 ὃ
3827 1851 3886 1919 δὴ

2273 1962 2531 2033 σημαίνει
2556 1962 2583 2012 ὁ
2605 1958 2782 2029 φήσας
2805 1954 2982 2022 λόγος·
3009 1947 3191 2014 Τιοεὶς
3227 1942 3663 2033 ὲνῌθησαυροῖς
3696 1945 3886 2033 ἁδύς-

2273 2068 2426 2119 σους
2448 2070 2460 2082 ·
2486 2051 2658 2112 οὕτως
2687 2047 2780 2100 καὶ
2807 2044 2875 2098 τὰ
2905 2042 2974 2096 σά
3003 2039 3268 2113 κρίματα,
3294 2029 3338 2088 ὦ
3373 2032 3566 2106 Κύριε,
3581 2031 3662 2086 τὰ
3694 2033 3766 2085 ἐκ
3791 2032 3883 2098 τῆς

2277 2147 2374 2218 σῆς
2451 2143 2796 2212 δικαιοσύνης
2877 2135 3171 2208 φερόμενα,
3219 2129 3295 2194 ὡς
3367 2129 3404 2196 ή
3437 2127 3733 2189 ἅϐυσσός
3769 2125 3884 2218 ἐστι

2276 2237 2497 2302 πολλή.
2542 2237 2688 2289 Ἀντὶ
2721 2235 2778 2287 δὲ
2808 2230 2925 2293 τοῦ,
2969 2230 3040 2284 Ἡ
3065 2223 3419 2288 δικαιοσύνη
3463 2235 3582 2272 σου
3637 2218 3733 2282 ὡς
3781 2217 3884 2284 ὅρη

2278 2329 2448 2394 Θεοῦ,
2480 2331 2508 2382 ὁ
2548 2326 2796 2389 Ἀκύλας,
2827 2319 3186 2385 Δικαιοσύνη
3220 2331 3337 2370 σου
3362 2313 3442 2378 ὠς
3477 2311 3588 2379 ὅρη

2277 2422 2610 2493 ἡρμήνευσε.
2652 2415 2870 2469 Τούτων
2895 2413 2952 2466 δὲ
2979 2411 3196 2464 πάντων
3223 2403 3495 2475 εὐκαίρως
3522 2402 3673 2472 ἐμνη
3685 2401 3883 2470 μὸνευ-

2464 2509 2648 2577 λόγος·
2685 2505 2922 2568 δεικνὺς,
2950 2503 3032 2554 ὅτι
3071 2499 3160 2553 διὰ
3200 2497 3262 2550 τὸ
3289 2494 3436 2557 ἔλεός
3469 2509 3564 2544 σου
3603 2491 3709 2544 τοῦ
3747 2490 3882 2544 Θεοῦ

2278 2599 2341 2653 τὸ
2379 2601 2437 2652 ὲν
2468 2596 2546 2667 τῷ
2581 2595 2813 2667 οὐρανῷ,
2846 2593 2941 2646 καὶ
2974 2590 3062 2644 διὰ
3105 2590 3204 2659 τὴν
3256 2585 3513 2657 ἀλήθειαν
3561 2581 3746 2636 αὐτοῦ
3794 2582 3882 2633 καὶ

2279 2688 2369 2742 διὰ
2411 2689 2510 2759 τὴν
2535 2686 2878 2756 δικαιοσύνην
2910 2681 3096 2746 αὐτοῦ,
3127 2682 3221 2733 καὶ
3246 2678 3334 2732 διὰ
3368 2677 3460 2729 τό*
3502 2675 3595 2737 Ὡς
3633 2672 3879 2734 ἄϐυσσος

2278 2781 2446 2850 πολλὴ
2489 2778 2853 2849 ἀκατάληπτα
2889 2775 2960 2829 τά
2999 2774 3243 2850 κρίματα
3276 2768 3462 2833 αὐτοῦ,
3509 2767 3609 2820 καὶ
3652 2765 3877 2826 ἀσεϐεῖς

2281 2875 2375 2928 καὶ
2401 2872 2552 2928 ἄθεοι
2572 2859 2668 2925 καὶ
2699 2868 3011 2942 ἁμαρτωλοὶ
3043 2867 3102 2920 οὐ
3131 2865 3288 2937 μόνον
3313 2862 3455 2933 ζωῆς
3477 2859 3874 2923 ἀπολαύουσιν,

595 2990 730 3043 ἀλλά
765 2992 861 3046 καὶ
908 2992 1018 3045 τῶν
1061 2992 1264 3046 λοιπῶν
1324 2993 1432 3046 τῶν
1487 2994 1594 3047 ἀπὸ
1633 2994 1732 3064 τῆς
1775 2991 2180 3064 φιλανθρωπίας
2219 2991 2381 3045 αὐτοῦ
2406 2989 2846 3062 χορηγουμένων.

667 3103 834 3160 Vens.
867 3107 920 3162 8.
954 3108 1318 3176 Quamobrem
1376 3110 1635 3180 adjicitur
1668 3129 1682 3166 :
1721 3110 1972 3165 Homines
1997 3120 2047 3165 et
2078 3112 2168 3181 juo

2353 3109 2443 3163 Διὸ
2475 3109 2784 3176 ὲπιλέγεται
2810 3125 2822 3137 ν
2873 3104 3236 3172 Ἀνθρώπους
3273 3100 3369 3155 καὶ
3399 3099 3589 3165 κτήνη
3623 3099 3870 3166 σώσεις,

596 3207 770 3252 menta
798 3197 1051 3262 salvebis,
1073 3199 1326 3262 Domine;
1350 3201 1788 3270 quemadmodum
1803 3202 2168 3272 multiplicnsti

2280 3203 2468 3269 Κύριε,
2499 3201 2580 3266 ὡς
2611 3199 2958 3264 ἑπλὴθυνας
2993 3199 3058 3250 τὸ
3095 3198 3268 3262 ἔλεός
3309 3208 3449 3258 σου,
3475 3195 3509 3253 ό
3554 3193 3734 3257 Θεὸς.
3784 3193 3875 3244 Διὰ

597 3285 1022 3338 misericordiam
1056 3297 1222 3351 tuam,
1259 3288 1422 3342 Deus.
1454 3287 1587 3341 Nam
1619 3290 2055 3360 propterjudicia
2083 3299 2173 3345 tua

598 3390 720 3446 qua:
753 3383 813 3429 ut
866 3377 1104 3447 abyssus
1148 3379 1318 3432 multa
1369 3387 1518 3442 sunt,
1574 3381 2089 3450 propterjustitiam
2121 3390 2176 3436 et

593 3466 883 3521 veritatem
909 3476 1056 3523 tuam
1082 3486 1201 3540 quae
1225 3470 1280 3524 in
1308 3471 1448 3526 cmlo
1465 3478 1568 3534 est,
1597 3470 1844 3527 homines
1863 3473 2175 3542 etjumenta

597 3559 764 3617 simul
802 3561 1032 3617 salutem
1067 3563 1334 3618 obtinent.
1365 3563 1455 3618 Sic
1481 3564 1848 3634 multiplicasti
1880 3566 2176 3619 misericor-

598 3649 747 3703 diam
780 3658 947 3714 tuam,
975 3650 1204 3715 Deus,ut
1236 3669 1344 3716 non
1371 3654 1533 3708 modo
1564 3655 1656 3724 qui
1691 3653 1860 3723 digni,
1894 3655 1989 3709 sed
2012 3656 2173 3710 etiam

601 3741 696 3813 qui
755 3744 934 3799 brutis
970 3745 1218 3800 moribus
1263 3754 1317 3802 et
1366 3746 1687 3817 insipientes
1733 3756 1857 3802 sunt
1900 3748 2171 3808 homines,

597 3835 709 3890 vita
760 3837 857 3892 abs
908 3843 962 3892 te
1013 3837 1138 3893 data
1195 3838 1464 3895 fruantur.
1527 3839 1976 3910 Quandoquidem
2028 3841 2172 3894 enim

599 3927 757 3981 multi
789 3939 1205 3998 conqueruntur
1225 3942 1279 3986 et
1308 3935 1655 4003 expostulant
1677 3949 1798 3987 cum
1829 3934 1920 3986 illo
1946 3933 2032 3986 his
2064 3948 2178 3987 ver-

601 4021 718 4076 bis:
745 4019 925 4086 Quare
950 4021 1103 4091 impii
1123 4037 1383 4092 prospere
1405 4031 1592 4093 agunt,
1610 4039 1672 4077 ac
1696 4023 1784 4077 Dei
1806 4024 1964 4077 bonis
1991 4023 2174 4077 fruun-

601 4111 729 4166 tur?
757 4111 1075 4167 necessario
1115 4112 1275 4168 docet
1310 4115 1535 4168 multam
1573 4115 1694 4184 ejus
1736 4115 2172 4170 misericordiam

601 4216 744 4256 esse.
771 4201 840 4255 At
868 4203 914 4256 si
942 4203 1319 4260 misericordia
1351 4213 1563 4259 tantum
1597 4221 1660 4259 ac
1681 4207 1967 4261 clementia
1995 4207 2174 4262 exsis-

600 4299 761 4355 teret,
795 4291 931 4345 nihil
960 4307 990 4345 a
1020 4301 1369 4362 peccatorum
1406 4295 1518 4350 vita
1549 4295 1787 4350 ineunda
1809 4306 2038 4352 arceret.
2063 4296 2171 4353 Ve-

602 4396 726 4435 rum
775 4381 968 4437 edocet
997 4382 1087 4438 ille
1115 4386 1399 4446 veritatem
1430 4395 1486 4441 et
1541 4387 1812 4456 justitiam
1851 4404 1974 4441 cum
2010 4391 2175 4445 mise-

599 4470 838 4525 ricordia
871 4471 1112 4536 misceri,
1141 4471 1215 4526 ita
1250 4481 1309 4529 ut
1343 4482 1467 4545 post
1506 4476 1937 4530 miscricordiam
1959 4478 2171 4548 justitia

2279 3291 2388 3363 γὰρ
2445 3291 2512 3344 τά
2557 3291 2802 3362 κρίματά
2839 3308 2930 3342 σου
2967 3289 3033 3342 τά
3062 3290 3135 3353 ὡς
3166 3287 3396 3349 ἄϐυσσος
3442 3283 3636 3354 πολλὴ,
3662 3284 3769 3336 καὶ
3797 3283 3876 3335 διὰ

2276 3382 2374 3453 τὴν
2404 3381 2748 3452 δικαιοσύνην
2777 3397 2866 3432 σου
2900 3380 2991 3432 καὶ
3028 3380 3122 3450 τὴν
3157 3377 3410 3447 ἀλήθειάν
3446 3391 3538 3427 σου
3707 3376 3772 3425 ἐν

2277 3474 2510 3546 οὐρανῷ,
2533 3473 2809 3544 ἄνθρωποι
2841 3473 2933 3526 xui
2972 3473 3140 3541 κτήνη
3171 3469 3311 3523 κατά
3329 3468 3386 3520 τὺ
3409 3467 3538 3520 αὐτὸ
3564 3463 3873 3528 σώζονται·

2275 3567 2447 3630 οὕτως
2470 3564 2819 3635 ἐπλήθυνας
2839 3563 2904 3616 τὸ
2927 3561 3101 3627 ἔλεός
3131 3576 3268 3627 σου,
3296 3560 3458 3623 Θεὸς,
3493 3558 3568 3619 ὡς
3599 3556 3675 3627 μὴ
3714 3558 3873 3628 μόνον

2275 3660 2400 3722 τοὺς
2431 3657 2614 3725 ἀξίους
2645 3658 2742 3727 τῆς
2776 3660 2840 3710 ἐκ
2892 3655 2983 3709 σοῦ
3023 3655 3167 3725 ζωῆς
3220 3650 3677 3724 μεταλαμϐάνειν,
3735 3648 3870 3702 ἀλλὰ

2277 3751 2368 3804 καὶ
2415 3752 2538 3814 τοὺς
2585 3749 2876 3820 κτηνὼδεις
2923 3749 3018 3802 καὶ
3071 3748 3328 3817 ἀνοήτους
3382 3743 3489 3795 τῶν
3535 3741 3864 3813 ἀνθρώπων.

2287 3841 2502 3912 Ἐπειδὴ
2556 3841 2662 3912 γὰρ
2713 3840 2896 3894 πολλοὶ
2948 3838 3250 3909 μέμφονται
3294 3837 3388 3888 xui.
3441 3831 3864 3885 καταιτιῶνται·

2277 3933 2394 3992 ’Ίνα
2423 3933 2475 3983 τί
2507 3933 2723 3993 ἀσεϐεῖς
2749 3927 3053 3999 εὐθηνοῦσι,
3092 3925 3186 3978 καὶ⁵
3214 3924 3318 3976 τῶν
3353 3921 3446 3975 τοῦ
3474 3920 3607 3974 Θεοῦ
3644 3920 3864 3987 ἀγαθῶν

2276 4024 2676 4088 ἀπολαύουσιν;
2739 4020 3053 4088 ἀναγκαίως
3112 4017 3370 4080 διδάσκει,
3428 4015 3509 4067 ὅτι
3572 4012 3864 4074 πολυέλεός

2277 4120 2444 4169 ἐστιν.
2485 4116 2621 4168 Ἀλλ’
2648 4117 2697 4167 εἰ
2737 4115 2833 4184 μὲν
2862 4110 2927 4185 ἦν
2967 4113 3110 4176 ἕλεος
3141 4110 3298 4182 μόνον
3333 4107 3425 4162 καὶ
3457 4105 3856 4176 φιλανθρωπία,

2274 4204 2428 4256 οὐδὲν
2453 4204 2686 4258 ἐκώλυεν
2716 4205 2807 4257 τὸν
2835 4203 2940 4256 τῶν
2965 4200 3300 4275 ἁμαρτωλῶν
3331 4197 3686 4272 μετέρχεσθαι
3708 4197 3824 4265 βίον
3843 4213 3858 4229 ο

2272 4295 2513 4348 διδάσκει
2562 4295 2639 4359 δὲ,
2681 4296 2759 4348 ὅτι
2814 4297 2909 4348 σὺν
2939 4295 3015 4366 τῷ
3053 4293 3185 4364 ὲλέῳ
3229 4291 3597 4361 ἀνακέκραται
3632 4286 3859 4356 ἀλήθεια

2275 4387 2370 4439 καὶ
2395 4385 2732 4456 δικαιοσύνη,
2759 4387 2833 4448 ὼς
2854 4387 2950 4456 τῆς
2968 4383 3318 4454 δικαιοσύνης
3341 4381 3438 4434 καὶ
3474 4381 3573 4450 τῆς
3600 4379 3858 4449 ἀληθείας

2273 4475 2669 4546 διαληψομένης
2697 4477 2820 4538 τοῦς
2842 4475 3196 4546 ἁμαρτωλοὺς
3227 4474 3361 4546 μετὰ
3396 4475 3456 4526 τὸ
3480 4472 3643 4534 ἕλεος.
3668 4471 3729 4523 Εἰ
3752 4470 3856 4539 γὰρ

599 4569 655 4617 et
701 4562 902 4619 veritas
942 4573 1260 4633 peccatores
1303 4573 1612 4637 excepturae
1656 4576 1803 4622 sunt.
1837 4567 1970 4622 Nam
2025 4570 2070 4625 si
2103 4586 2168 4626 ex

2280 4573 2354 4644 μὴ
2385 4573 2674 4642 ὡφελοῖντο
2697 4570 2773 4641 τῷ
2803 4571 2934 4642 ἐλέῳ
2964 4571 3056 4623 καὶ
3087 4571 3152 4640 τῇ
3191 4564 3540 4638 μακροθυμίᾳ
3572 4561 3668 4616 τοῦ
3696 4560 3850 4621 Θεοῦ,

597 4654 980 4711 misericordia
1027 4665 1082 4712 et
1123 4657 1387 4725 patientia
1420 4657 1514 4713 Dei
1549 4658 1681 4712 nihil
1710 4661 1959 4716 utilitatis
1991 4663 2157 4734 perci-

598 4747 774 4817 piant,
801 4748 1013 4816 justitia
1044 4756 1098 4803 et
1130 4748 1335 4803 veritas
1359 4748 1479 4818 ejus
1513 4749 1732 4806 invadet
1766 4753 1887 4808 illos
1925 4753 2169 4823 :judicio

599 4838 796 4908 quippe
813 4842 964 4905 justo
990 4839 1373 4909 subjicientur.
1407 4840 1546 4895 Sunt
1583 4843 1726 4897 enim
1765 4860 1974 4909 revera,
2017 4853 2166 4913 sunt,

599 4927 842 4998 inquam,
889 4929 1092 4998 judicia
1143 4930 1237 4986 Dei
1279 4934 1531 5000 occulta;
1573 4936 1742 4999 multa
1801 4938 2170 5007 immensaque

601 5020 966 5091 profunditas,
1002 5023 1108 5087 vel,
1141 5032 1202 5077 ut
1233 5026 1310 5078 ait
1337 5024 1641 5096 Scriptura,
1667 5028 1887 5098 abyssus
1913 5030 2082 5083 multa
2115 5032 2168 5084 in

598 5113 925 5184 judiciorum
961 5116 1081 5185 ejus
1114 5118 1329 5174 ratione
1361 5121 1859 5190 comprehenditur.
1898 5121 2019 5176 [hnc
2065 5123 2169 5193 igi-

596 5209 690 5260 tur
721 5207 914 5275 impios
941 5218 1184 5263 manent.

673 5289 839 5348 Vens.
865 5293 919 5357 9,
946 5296 1031 5351 i0.
1063 5294 1194 5350 Filii
1219 5307 1393 5353 autem
1426 5300 1692 5355 hominum
1720 5303 1772 5356 in
1805 5304 2024 5372 tegmine
2048 5304 2165 5357 ala-

597 5400 716 5439 rum
762 5399 971 5440 tuarum
1021 5390 1322 5456 sperabunt.
1369 5391 1782 5446 Inebriabuntur
1813 5393 1878 5447 ab
1931 5394 2166 5448 ubertate

596 5480 782 5534 domus
812 5493 935 5546 tum,
969 5493 1020 5537 et
1055 5492 1281 5540 torrente
1338 5487 1616 5554 voluptatis
1643 5496 1747 5540 tua:
1798 5488 2002 5555 potabis
2054 5504 2161 5541 eos.

598 5571 860 5636 Quoniam
896 5575 1035 5642 apud
1055 5586 1104 5631 te
1127 5587 1204 5632 est
1233 5578 1350 5647 fons
1377 5579 1513 5642 vitae,
1544 5579 1597 5632 in
1630 5579 1827 5634 lumine
1868 5589 1956 5634 tuo
1983 5580 2167 5635 videbi-

599 5682 712 5720 mus
740 5667 934 5722 lumen.
976 5669 1244 5736 Quoniam
1281 5670 1487 5739 judicia
1543 5679 1636 5724 tua
1689 5673 1920 5742 abyssus
1971 5676 2160 5739 multa,

671 5819 715 5867 ι·
755 5817 859 5884 isa.
894 5840 960 5892 ι’,
993 5825 1071 5882 6.‘
1121 5828 1161 5860 ⁵⁷
1203 5827 1355 5893 Psal.
1392 5841 1554 5892 XXXI,
1597 5825 1648 5888 ἶ.

2273 4669 2308 4738 ἡ
2344 4665 2656 4736 δικαιοσύνη
2699 4665 2860 4718 αὐτοῦ
2894 4664 3046 4734 καὶὴ
3081 4660 3305 4732 ἀλήθεια
3355 4654 3728 4729 μετελεύσεται
3760 4655 3854 4706 αὐ-

2277 4757 2431 4821 τούς·
2469 4757 2932 4828 ὐποδληθὴσονται
2960 4756 3068 4826 γὰρ
3098 4755 3277 4826 κρίσει
3303 4750 3521 4822 δικαίᾳ.ῑ
3541 4749 3695 4801 Ἔστι
3721 4747 3850 4818 γὰρ,

2282 4851 2430 4903 ἐστιν
2459 4850 2747 4920 ἀπόρρητα
2787 4849 2854 4902 τὰ
2887 4849 3134 4919 κρίματα
3158 4845 3253 4898 τοῦ
3283 4843 3416 4897 Θεοῦ
3435 4860 3448 4873 ’
3485 4841 3646 4903 πολύς
3670 4857 3725 4892 τε
3759 4843 3853 4894 καὶ

2277 4943 2500 5014 ἄπειρος
2545 4943 2722 5013 βυθὸς,
2754 4941 2820 5012 ἦ,
2857 4940 3038 5004 καθὼς
3081 4944 3112 5011 ὴ
3147 4940 3334 5011 Γραφή
3371 4953 3552 5006 φησιν,
3585 4936 3854 5000 ἆϐυσσος

2278 5036 2478 5104 πολλὴ
2509 5038 2565 5089 ἐν
2592 5036 2668 5107 τῷ
2693 5036 2833 5105 λόγῳ
2866 5035 2972 5087 τῶν
3008 5035 3291 5106 κριμάτων
3325 5033 3484 5088 αὐτοῦ
3522 5029 3848 5100 περιέχεται.

2279 5126 2460 5179 Ταῦτα
2495 5126 2673 5179 τοίνυν
2708 5125 2855 5195 μένει
2882 5127 3007 5190 τοὺς
3041 5124 3272 5187 ἀσεϐεῖς.

2348 5307 2412 5357 Ol
2436 5303 2504 5356 δὲ
2526 5301 2642 5357 υἱοὶ
2668 5303 2785 5357 τῶν
2812 5301 3134 5371 ἀνθρώπων
3167 5303 3236 5355 ἐν
3269 5300 3465 5368 σκέπῃ
3492 5297 3610 5352 τῶν
3637 5311 3776 5362 πτερ
3786 5297 3853 5350 ύ-

2274 5413 2395 5464 των
2421 5409 2536 5448 σου
2565 5394 2864 5450 ἑλετιοῦσι.
2890 5391 3391 5458 Μεθυσθήσονται
3421 5391 3536 5445 ἀπὸ
3568 5388 3853 5453 πιότητος

2274 5489 2443 5542 οἴκου
2476 5502 2611 5557 σου,
2653 5488 2750 5544 καὶ
2781 5489 2890 5544 τὸν
2917 5487 3276 5558 χειμάρῤουν
3321 5483 3428 5553 τῆς
3470 5479 3695 5552 τρυεής
3729 5493 3850 5534 σου

2273 5581 2497 5646 ποτιεῒς
2533 5584 2773 5649 αὐτούς.
2811 5583 2940 5634 Ὅτι
2965 5581 3124 5648 παρὰ
3160 5578 3260 5632 σοὶ
3288 5577 3448 5646 πηγὴ
3481 5574 3647 5640 ἑὶυῆς,
3670 5573 3737 5624 ἐν
3761 5569 3849 5637 τῶ

2273 5674 2420 5743 φωτί
2458 5689 2572 5728 σου
2620 5676 2884 5744 ὀψόμεθα
2930 5671 3071 5742 φῶς.
3110 5669 3326 5740 Ἐπειδὴ
3361 5666 3427 5719 τὰ
3465 5663 3703 5736 κρίματά
3748 5675 3846 5715 σου
