4010 6548
158 395 255 451 5⁸21

1242 384 1751 445 COMMENTARIA
1787 387 1854 444 IN
1894 386 2241 446 PSALMOS.

3304 390 3413 446 512

156 510 387 571 ἄϐυσσος
423 503 609 577 πολλὴ,
636 503 862 566 εἰκότως
912 458 976 556 οὐ
1028 500 1187 573 μόνον
1239 500 1565 573 ἀνθρώπων,
1595 500 1729 556 ἀλλὰ

1835 500 1957 571 jure
1988 518 2095 556 non
2121 500 2436 556 hominibus
2458 501 2644 566 modo,
2673 500 2769 558 sed
2801 501 2967 559 etiam
2994 501 3260 573 jumentis
3295 522 3419 577 pro-

155 604 251 658 xa't
291 600 504 671 κτηνῶν
553 600 802 673 προνοεῖς
819 614 832 626 ·
867 594 1040 659 οὓτως
1078 593 1429 665 ἐπλήθυνιις
1459 596 1525 648 τὸ
1558 594 1733 662 ἔλεός

150 710 292 758 σου,
327 694 362 747 ό
404 693 568 758 Θεός.
620 691 777 743 Ἔστι
819 687 863 741 δ’
895 687 976 741 ἐτι
1033 685 1187 759 παρὰ
1237 686 1411 741 ταῦτα
1458 685 1736 759 ἐξαίρετον

143 785 336 857 τάγμα
365 784 474 837 τῶν
505 781 643 855 μετὰ
673 780 742 835 τὰ
780 778 1139 853 προλεχθέντα
1164 777 1579 849 ὀνομαζομένων
1602 778 1736 832 υἱῶν

146 876 485 950 ἀνθρώπων·
516 875 732 938 οἵτινες,
771 872 929 926 πλέον
956 889 1007 925 τι
1036 871 1250 942 ἔχοντες
1281 871 1393 924 τῶν
1432 869 1736 942 ἀνθρώπων

147 972 247 1025 καὶ¹
265 969 372 1024 τῶν
394 967 607 1040 κτηνῶν
634 966 741 1021 τῶν
763 965 868 1019 ὑπὸ
895 965 988 1018 σοῦ
1008 964 1350 1035 σωζομένων,
1372 964 1734 1034 κατηξίωνται

150 1065 211 1116 ὲν
249 1062 430 1135 σκέπῃ
470 1060 580 1114 τῶν
626 1057 908 1131 πτερύγων
939 1073 1030 1110 σου
1062 1055 1341 1120 ἐλπίζεινο
1390 1055 1422 1126 ἦ
1472 1056 1613 1111 κατὰ
1643 1058 1735 1112 τὸν

143 1153 470 1224 Σύμμαχον,
519 1150 652 1204 Ὑπὸ
693 1148 875 1205 σκιὰν
914 1147 1033 1201 τῶν
1058 1147 1367 1216 πτερύγων
1396 1162 1512 1201 σου
1540 1148 1736 1217 ἀμερι-

137 1242 389 1315 μνυῦσι.
421 1244 559 1307 Τοὺς
586 1242 694 1314 γὰρ
727 1241 820 1295 ἐπὶ
848 1240 909 1294 σὲ
948 1239 1270 1310 ὴλπικότας,
1296 1239 1389 1293 καὶ
1415 1239 1735 1311 ἀφωρισμέ-

143 1355 274 1401 νους
316 1336 411 1390 τοῦ
460 1337 740 1408 τάγματος
769 1335 878 1389 τῶν
911 1333 1374 1405 διαϐεϐλημένων,
1410 1334 1474 1388 σὺ
1514 1333 1677 1399 αὐτὸς
1707 1336 1735 1388 6

142 1428 282 1493 Θεὸς
309 1432 429 1493 ταῖς
454 1426 647 1482 ἑαυτοῦ
675 1426 900 1500 πτέρυξι
935 1426 1218 1498 περιέπεις
1238 1426 1333 1480 καὶ
1359 1426 1599 1491 σκέπεις.
1624 1426 1736 1480 Καὶ

144 1520 269 1573 ἐπεὶ
297 1520 531 1593 ἤλπισαν
573 1512 719 1573 οὗτοι
756 1519 966 1592 ἀγαθὴν
1000 1519 1214 1584 ἐλπίδα,
1260 1517 1327 1572 ’11
1360 1517 1428 1571 δὲ
1454 1518 1636 1584 ἐλπὶς
1663 1519 1734 1572 οὐ

145 1613 565 1683 καταισχύνειν
593 1611 1084 1682 μεθυσθήσονται
1108 1611 1224 1665 ἀπὸ
1257 1612 1537 1683 πιότητος
1565 1610 1735 1664 οἴκου

146 1719 284 1768 σου,
318 1704 418 1758 καί
444 1704 551 1757 τόν
579 1702 938 1775 χειμάρρουν
961 1701 1070 1771 τῆς
1107 1701 1339 1771 τρυφῆς
1371 1682 1489 1756 σοῦ
1513 1702 1736 1769 ποτιεῖς

145 1798 390 1863 αὐτούς.
420 1793 580 1860 Οἶκος
607 1798 704 1869 μὲν
727 1796 822 1851 τοῦ
843 1796 977 1850 Θεοῦ
1003 1799 1150 1850 ἐστιν
1177 1794 1521 1868 ἡἘκκλησία
1545 1795 1731 1849 αὐτοῦ’

1839 594 2027 665 Spicis,
2070 597 2151 651 sic
2187 593 2560 662 multiplicasti
2593 596 3013 651 misericordiam
3047 607 3218 667 tuam,
3247 598 3411 657 Deus.

1838 681 2043 739 Praeter
2093 683 2207 739 haec
2241 693 2423 739 autem
2459 684 2601 739 alius
2639 687 2874 744 eximius
2901 696 2986 744 est
3030 690 3164 744 ordo
3202 705 3416 759 eorum,

1838 778 1933 845 qui
1962 784 2087 847 post
2124 775 2382 847 praedicta
2415 775 2509 831 ﬁlii
2552 777 2839 833 hominum
2868 787 3154 836 vocantur.
3199 780 3266 836 Hi
3298 783 3420 853 plu-

1839 868 1917 923 ris
1944 868 2152 939 aliquid
2187 868 2451 924 habentes
2483 883 2646 938 quam
2680 869 2932 927 homines
2952 880 3007 927 et
3027 872 3274 943 jumenta
3296 874 3423 946 qui-

1838 959 1943 1015 bus
1972 961 2203 1016 salutem
2229 975 2414 1030 paras,
2440 959 2591 1031 digni
2622 961 2795 1017 habiti
2825 971 2955 1019 sunt
2984 967 3076 1036 qui
3104 967 3162 1020 in
3183 967 3422 1037 tegmine

1839 1055 2296 1108 alarum'tuarum
2333 1070 2484 1125 spem
2532 1054 2797 1124 habeant;
2828 1063 2921 1111 aut
2946 1065 3006 1111 ut
3036 1056 3420 1129 Symmachus,

1839 1144 1948 1201 Sub
1984 1146 2172 1200 umbra
2198 1146 2413 1201 alarum
2445 1156 2659 1202 tuarum
2686 1151 2855 1203 securi
2881 1159 3024 1206 sunt.
3042 1149 3149 1208 Eos
3165 1152 3309 1208 enim
3327 1155 3423 1225 qui

1837 1238 1894 1294 in
1929 1245 1984 1294 te
2008 1254 2161 1309 spem
2192 1239 2415 1304 habent,
2439 1241 2644 1311 quique
2672 1242 2741 1296 ab
2763 1240 2956 1298 ordine
2981 1241 3269 1299 infamium
3300 1244 3420 1301 illo-

1836 1347 1959 1387 rum
2012 1341 2394 1403 segregantur,
2432 1342 2491 1388 tu
2524 1334 2662 1405 ipse,
2700 1333 2868 1398 Deus,
2898 1334 3001 1389 alis
3035 1335 3188 1391 foves
3235 1337 3349 1393 tuis
3368 1346 3424 1393 et

1837 1426 2106 1496 contegis.
2138 1424 2202 1479 Ει
2217 1428 2346 1497 quia
2383 1443 2535 1497 spem
2568 1442 2760 1497 cepere
2784 1442 3059 1499 magnam,
3090 1427 3219 1498 Spes
3248 1438 3424 1485 autem
3460 1409 3469 1423 ’

1838 1533 1943 1571 non
1986 1518 2345 1586 confundit“.
2392 1517 2810 1573 Inebriabuntur
2855 1519 2920 1573 ab
2950 1519 3189 1576 ubertate
3233 1522 3425 1581 domus

1840 1620 1967 1676 τηατ,
1996 1620 2047 1665 et
2087 1621 2318 1667 torrente
2348 1612 2631 1681 voluptatis
2676 1620 2782 1666 tua:
2816 1613 3025 1681 potabis
3071 1629 3179 1669 eos.
3218 1612 3425 1672 Domus

1837 1701 1933 1757 Dei
1958 1709 2043 1759 est
2075 1701 2317 1759 Ecclesia
2347 1703 2467 1774 ejus
2494 1720 2508 1756 :
2543 1705 2766 1761 ubertas
2788 1704 3007 1771 domus,
3042 1705 3305 1763 divinitus
3338 1707 3424 1761 in-

1839 1794 2063 1864 Spiratee
2091 1795 2359 1852 lectiones
2384 1814 2397 1850 :
2430 1797 2667 1852 ebrietas
2694 1796 2784 1851 illa
2818 1803 3117 1868 temperata
3140 1805 3194 1853 et
3215 1797 3421 1865 sobria,

142 1891 343 1962 πιότης
382 1890 439 1944 δὲ
471 1890 567 1944 τοῦ
616 1890 764 1944 οἴκου
818 1889 887 1943 τὰ
936 1889 1267 1943 θεὸπνευστα
1305 1888 1729 1960 ἀναγνώσματα·

1837 1885 2044 1940 utilitas
2064 1901 2132 1940 ex
2163 1886 2495 1942 lectionibus
2531 1889 2860 1958 proveniens
2890 1900 2903 1939 ε
2938 1896 3154 1943 torrens
3182 1889 3425 1959 volupta-

146 1982 289 2055 μέθη
334 1983 391 2037 δὲ
438 1983 670 2055 σώφρων
705 1982 801 2037 καὶ
835 1982 1093 2053 νηφάλιος
1133 1984 1167 2054 ή
1214 1982 1323 2039 ἀπὸ
1348 1981 1457 2035 τῶν
1488 1983 1734 2050 ἀναγνω-

145 2077 374 2146 σμάτων
399 2075 639 2143 ὠφέλεια
663 2092 675 2105 °
714 2074 1016 2146 χείμαρρος
1040 2074 1097 2127 δὲ
1130 2074 1366 2146 τρυφῆς,
1395 2073 1454 2139 ἐξ
1482 2070 1544 2127 οὗ
1584 2074 1736 2128 ποτί-

145 2167 335 2233 ζονται
368 2169 417 2221 οί
443 2168 537 2221 ἐπὶ
570 2168 746 2239 σκέπῃ
792 2166 899 2220 τῶν
932 2168 1218 2239 πτερύγων
1240 2167 1403 2221 αὑτοῦ
1421 2169 1730 2239 ἠλπικότες,

143 2262 174 2312 6
205 2261 264 2313 ὲν
303 2258 595 2331 Ἐκκλησία
624 2260 717 2313 τοῦ
744 2260 878 2313 Θεοῦ
912 2258 1173 2331 ποταμὸς,
1203 2259 1332 2331 περὶ.
1355 2255 1417 2314 οὗ
1447 2258 1729 2315 λέλεκται’

150 2351 264 2406 Τοῦ
300 2350 569 2421 ποταμοῦ
608 2350 681 2405 τὰ
712 2352 1021 2421 ὀρμήματα
1050 2352 1445 2421 εὐφραίνουσι
1472 2352 1587 2419 τὴν
1620 2353 1731 2405 πό-

141 2444 246 2495 λιν
276 2442 384 2496 τοῦ
408 2442 557 2497 Θεοῦ
576 2461 589 2473 ·
624 2444 737 2507 καὶ,
781 2443 833 2496 Ὁ
869 2444 1136 2515 ποταμὸς
1157 2444 1264 2498 τοῦ
1292 2443 1439 2497 Θεοῦ
1465 2442 1732 2511 ἐπληρώ-

143 2536 217 2601 θη
249 2532 505 2587 ὑδάτων.
535 2535 851 2607 Χείμαρρος
889 2536 947 2589 δὲ
988 2536 1203 2609 τρυφῆς
1237 2538 1266 2589 6
1297 2535 1529 2607 Χριστὸς
1554 2534 1642 2588 διὰ
1672 2534 1732 2588 τὸ

141 2627 480 2700 πρόσκαιρον
508 2628 606 2699 τῆς
634 2629 690 2683 ὲν
716 2627 1023 2700 ἀνθρώποις
1052 2628 1375 2697 ἐπιφανείας
1397 2610 1582 2681 αὑτοῦ.
1603 2628 1732 2681 ’Ότι

140 2716 302 2784 παρὰ
348 2717 450 2770 σοὶ
498 2716 660 2787 πηγὴ
708 2715 878 2785 ζωῆς.
912 2717 1065 2789 Ζωὴν
1092 2718 1149 2772 δὲ
1178 2717 1305 2771 δντα
1337 2716 1585 2788 ἔγνωμεν
1638 2717 1730 2769 τὸν

139 2807 375 2879 Χριστὸν
438 2810 503 2863 ἐκ
561 2809 661 2881 τῆς
716 2809 1075 2880 εὐαΠελικῆς
1119 2808 1489 2873 διδασκαλίας,
1547 2808 1613 2861 δι’
1664 2798 1732 2880 ἦς

138 2899 302 2964 αὐτὸς
343 2900 373 2953 6
431 2900 624 2973 Σωτὴρ
666 2900 908 2955 διδάσκει
940 2900 1115 2969 λέγων
1138 2918 1151 2931 ·
1194 2899 1335 2970 Ἐγώ
1360 2902 1475 2969 ειμι
1505 2900 1572 2953 τὸ
1606 2899 1733 2968 φῶς

139 2990 236 3045 καὶ
275 2991 313 3060 ἡ
348 2991 607 3058 ἀλήθεια
635 2992 734 3046 καὶ
756 2994 795 3062 ἡ
833 2990 965 3061 ζωή.
1008 2991 1168 3045 Ἀλλὰ
1191 2992 1305 3056 καὶ,
1326 2991 1357 3045 ὃ
1391 2990 1638 3061 γέγονεν
1664 2991 1733 3043 ἐν

138 3082 295 3149 αὐτῷ
329 3083 450 3151 ζωὴ
487 3084 586 3153 ἦν,
622 3085 722 3139 καί
774 3086 812 3154 ἡ
851 3083 963 3153 ζωὴ
990 3081 1070 3154 ἦν
1103 3083 1169 3137 τὸ
1197 3082 1323 3153 φῶς
1357 3080 1476 3136 τῶν
1512 3080 1732 3149 ἀνθρώ-

1837 1978 1930 2043 tis,
1965 1995 2076 2047 quo
2115 1987 2371 2050 petantur
2407 1980 2443 2034 ii
2488 1981 2579 2052 qui
2615 1981 2719 2036 sub
2761 1980 2997 2051 tegmine
3046 1981 3253 2035 alarum
3301 1981 3424 2052 ejus

1837 2080 2083 2145 sperant,
2130 2071 2331 2129 ﬂuvius
2380 2073 2434 2128 in
2487 2072 2733 2130 Ecclesia
2776 2073 2872 2129 Dei
2910 2088 3165 2140 manans,
3203 2073 3271 2129 de
3316 2089 3426 2145 quo

1835 2144 2043 2216 dictum
2101 2172 2226 2219 est:
2259 2163 2526 2219 Fluminis
2582 2164 2807 2232 impetus
2862 2164 3107 2235 lwtiﬁcat
3161 2144 3426 2219 civitatem

1835 2253 2030 2319 Dei";
2058 2264 2144 2310 et:
2169 2254 2395 2311 Flumen
2416 2257 2513 2312 Dei
2529 2257 2781 2326 repletum
2809 2266 2888 2312 est
2917 2260 3072 2327 aquis
3097 2258 3164 2313 '°.
3185 2258 3428 2314 Torrens

1832 2345 2143 2416 voluptatis
2185 2348 2442 2404 Christus
2487 2358 2594 2415 est,
2639 2350 2710 2404 ob
2745 2358 3156 2421 temporaneam
3196 2349 3319 2420 ejus
3370 2352 3427 2405 iu

1832 2436 2151 2493 hominibus
2194 2440 2565 2509 praesentiam.
2603 2440 2872 2507 Quoniam
2912 2440 3054 2510 apud
3103 2449 3151 2494 te
3196 2449 3275 2495 est
3305 2441 3425 2507 fons

1831 2527 1971 2579 vita».
2024 2526 2101 2580 Ex
2137 2530 2451 2600 evangelica
2480 2530 2732 2585 doctrina
2780 2531 3061 2587 Christum
3092 2545 3215 2585 esse
3255 2532 3425 2587 vitam

1830 2618 2152 2683 ediscimus,
2201 2627 2261 2673 ut
2317 2618 2572 2677 Salvator
2606 2623 2721 2693 ipse
2760 2624 2921 2679 docet
2960 2623 3048 2679 his
3076 2622 3279 2687 verbis,
3312 2622 3427 2695 Ego

1832 2727 1951 2764 sum
1993 2711 2109 2776 lux,
2144 2708 2338 2768 veritas
2371 2724 2421 2766 et
2451 2714 2641 2769 vita“.
2673 2714 2778 2769 Sed
2814 2715 3002 2778 etiam,
3036 2713 3173 2785 quod
3222 2714 3429 2784 factum

1832 2812 1911 2857 est
1952 2805 2007 2856 in
2050 2804 2164 2872 ipso
2208 2807 2317 2861 vita
2352 2815 2488 2871 erat,
2532 2818 2582 2861 et
2619 2808 2726 2862 vita
2769 2816 2885 2861 erat
2934 2807 3028 2860 lam
3070 2806 3459 2883 hominunt“.'

1833 2894 2017 2960 Quare
2042 2896 2133 2951 hic
2161 2899 2391 2968 pariter,
2426 2908 2485 2953 ut
2511 2900 2566 2954 in
2592 2899 2908 2969 Evangelio,
2936 2901 3060 2954 vita:
3113 2899 3204 2952 lux
3236 2898 3426 2954 subdi-

1833 2995 1966 3042 tur:
2005 3004 2129 3043 nam
2167 2997 2458 3061 postquam
2494 2993 2729 3055 dixerat,
2766 2992 3037 3059 Quoniam
3079 2990 3219 3062 apud
3261 3001 3310 3046 te
3343 3000 3424 3045 est

1834 3080 1955 3150 fons
1980 3082 2120 3147 vitm,
2153 3084 2432 3154 adjicitur,
2461 3083 2527 3138 In
2560 3084 2755 3138 lumine
2787 3096 2876 3140 tuo
2904 3084 3195 3140 videbimus
3223 3084 3421 3140 lumen.

136 3190 279 3230 πων.
311 3177 404 3231 Διὸ
443 3178 537 3230 καὶ
560 3176 792 3232 ἐνταῦθα
821 3180 888 3250 τῇ
915 3176 1026 3249 ζωῇ
1054 3176 1320 3247 συνῆπται
1346 3176 1406 3229 τὸ
1439 3174 1555 3245 φῶς
1594 3192 1729 3245 συμ-

1837 3170 1963 3226 llaec
1995 3174 2197 3245 quippe
2235 3176 2345 3232 vita
2387 3176 2769 3232 rationabilem
2806 3176 2983 3231 lucem
3017 3174 3419 3231 subministrat.

136 3266 322 3338 φώνως
367 3266 462 3340 τῷ
507 3268 845 3341 Εὐαγγελίῳ·
877 3268 1016 3341 μετά
1060 3267 1171 3342 γὰρ
1203 3266 1387 3337 φάναι·
1421 3267 1541 3318 Ὅτι
1573 3263 1729 3331 παρὰ

1841 3263 2209 3329 Quamobrem
2259 3268 2486 3333 dicitur,
2540 3268 2609 3323 Et
2653 3270 2759 3323 vita
2808 3281 2921 3325 erat
2972 3270 3066 3325 lux
3119 3270 3420 3325 hominum.

136 3360 231 3413 σοὶ
288 3360 459 3433 πηγὴ
530 3359 695 3431 ζωῆς,
759 3361 1105 3433 ὲπιλέγεται’
1150 3362 1247 3414 Ἐν
1287 3359 1367 3426 τῷ
1432 3358 1581 3429 φωτί
1613 3373 1729 3411 σου

144 3450 402 3521 ὀψόμεθα
424 3451 572 3523 φῶς.
610 3454 791 3519 Φωτὸς
828 3452 938 3527 γὰρ
972 3451 1192 3523 λογικοῦ
1223 3449 1562 3523 χορηγητικὴ
1596 3462 1730 3516 τυΥ·

143 3541 289 3613 χάνει
317 3544 457 3616 αὕτη
488 3544 521 3615 ἡ
560 3544 673 3616 ζωή
691 3562 705 3575 ·
736 3545 817 3599 διὸ
852 3544 1100 3614 λέγεται·
1159 3543 1263 3599 Καὶ
1306 3544 1346 3612 ἡ
1392 3540 1505 3612 ζωὴ
1547 3539 1629 3614 ἦν
1654 3541 1724 3598 τὸ
1746 3540 1873 3611 φῶς
1898 3544 2014 3599 τῶν
2048 3548 2393 3617 ἀνθρώπων,
2424 3552 2486 3605 Oi
2515 3551 2573 3605 δὲ
2603 3540 2809 3606 τούτων
2843 3550 3239 3622 μεταλαϐόντες
3266 3548 3423 3614 τέλος
3508 3572 3521 3587 ~

144 3632 319 3700 ἕξουσι
351 3636 448 3690 τοῦ
487 3636 663 3706 φωτὸς
689 3637 788 3709 τὴν
813 3636 965 3693 Θέαν.

211 3727 587 3796 Παράτεινον
624 3728 686 3782 τὸ
716 3730 891 3796 ἔλεός
929 3744 1046 3783 σου
1076 3729 1201 3797 τοῖς
1234 3727 1600 3800 γινώσκουσί
1629 3744 1724 3793 σε,

146 3818 239 3871 καὶ
264 3819 381 3889 τὴν
408 3819 809 3889 δικαιοσύνην
849 3833 965 3875 σου
998 3820 1121 3887 τοῖς
1159 3821 1363 3876 εὺθέσι
1390 3819 1466 3889 τῇ
1490 3819 1723 3888 καρδίᾳ.

146 3908 266 3973 Τοῖς
283 3910 357 3984 μὴ
374 3912 738 3982 γινώσκουσιν
758 3911 921 3966 αὑτὸν
945 3912 1281 3985 πρόσκαιρον
1298 3912 1449 3967 ἔσται
1468 3912 1529 3965 τὸ
1548 3911 1694 3975 ἔλεος
1706 3929 1721 3943 ’

144 4006 252 4067 τοῖς
288 4004 343 4058 δὲ
373 4004 709 4074 γινώσκουσί
743 4023 823 4071 σε,
860 4005 1065 4077 Σῶτερ,
1106 4005 1432 4077 παράτεινον
1478 4002 1539 4058 τὸ
1579 4003 1727 4068 ἔλεός

147 4109 235 4146 σου
263 4096 355 4150 καὶ
375 4099 480 4169 τὴν
507 4098 856 4170 δικαιοσύνην
882 4115 977 4151 σου
997 4114 1009 4126 ·
1037 4100 1095 4151 ὲν
1182 4098 1302 4152 κατ’
1330 4098 1487 4164 ἀξίαν
1522 4096 1723 4168 κρίνων

144 4188 250 4250 τοῖς
277 4189 376 4259 μὲν
404 4188 711 4254 ἀποδώσεις
736 4188 880 4243 κατὰ
912 4189 979 4243 τὰ
1011 4189 1148 4262 ἔργα
1172 4190 1373 4254 αὐτῶν,
1406 4191 1519 4253 τοῖς
1545 4188 1601 4241 δὲ
1634 4206 1725 4242 πι-

148 4272 364 4341 στώσεις
390 4278 490 4343 τὰς
526 4278 625 4343 σὰς
659 4279 1014 4348 ἐπαγγελίας.
1058 4280 1203 4333 ’Λντὶ
1237 4280 1295 4334 δὲ
1329 4279 1444 4344 τοῦ,
1472 4280 1581 4333 Καὶ
1611 4277 1726 4347 τὴν

144 4359 534 4440 δικαιοσύνην
551 4387 668 4425 σου
701 4371 826 4438 τοῖς
856 4370 1059 4426 εὐθέσι
1093 4370 1167 4441 τῇ
1193 4372 1423 4441 καρδίᾳ,
1445 4375 1474 4426 6
1498 4371 1569 4425 Σύ
1578 4390 1726 4445 μμα-

144 4469 249 4522 κος.
279 4461 384 4514 Καὶ
437 4465 563 4534 τὴν
629 4463 1051 4534 ἐλεημοσύνην
1074 4481 1189 4519 σου
1218 4464 1340 4532 τοῖς
1367 4465 1584 4532 ἁπλοῖς
1609 4464 1725 4534 τὴν

1839 3355 1944 3424 Qui
1980 3374 2146 3429 porro
2180 3362 2295 3417 haec
2345 3363 2677 3435 acceperint,
2708 3379 2807 3434 pro
2843 3363 2969 3430 (ine,
3008 3363 3148 3420 lucis
3175 3370 3425 3419 contem-

1839 3449 2134 3519 plationem
2162 3455 2511 3512 obtinebunt.

1910 3721 2073 3780 Vens.
2148 3725 2379 3782 11-15.
2452 3726 2730 3782 Prwtende
2788 3726 3209 3783 misericordiam
3272 3735 3418 3780 tuam

1835 3819 2118 3872 scientibus
2170 3828 2237 3883 te,
2268 3828 2319 3873 et
2360 3819 2630 3888 justitiam
2685 3827 2830 3872 tuam
2879 3818 2945 3872 iis
2992 3818 3083 3888 qui
3125 3826 3266 3873 recto
3293 3826 3421 3873 sunt

1835 3910 2009 3966 corde.
2042 3907 2427 3967 Nescientihus
2451 3911 2620 3967 Deum
2649 3919 3001 3981 temporanea
3039 3911 3419 3967 misericordia

1834 4006 1972 4072 erit;
2003 4012 2056 4058 at
2090 4004 2374 4060 scientibus
2406 4015 2475 4072 te,
2515 3991 2786 4070 Salvator,
2821 4004 3088 4075 prwtende
3114 4005 3418 4060 misericor-

1833 4094 1979 4148 diam
2010 4105 2156 4148 tuam
2186 4105 2236 4149 et
2260 4095 2533 4166 justitiam
2565 4105 2732 4161 tuam,
2766 4110 2872 4166 qua
2896 4110 2998 4166 pro
3029 4111 3210 4151 rerum
3243 4096 3420 4168 digni-

1830 4195 1941 4242 tate
1959 4186 2235 4257 judicans,
2255 4188 2378 4243 aliis
2400 4189 2700 4243 secundum
2721 4202 2883 4258 opera
2909 4203 3098 4243 eormn
3124 4188 3414 4253 retribues,

1831 4280 1954 4337 aliis
1985 4281 2253 4351 promissa
2279 4290 2376 4335 tua
2401 4280 2774 4337 conﬁrmabis.
2818 4280 2927 4336 Pro
2954 4281 3046 4335 illo
3079 4287 3259 4335 autem
3294 4298 3307 4335 :
3345 4278 3417 4336 Et

1822 4373 2094 4442 justitiam
2147 4382 2294 4427 tuam
2336 4374 2403 4428 iis
2454 4374 2544 4445 qui
2594 4384 2733 4429 recto
2782 4383 2905 4429 sunt
2936 4373 3126 4435 corde;
3161 4371 3414 4443 Symma-

1831 4469 1969 4523 chus
2001 4487 2015 4521 :
2050 4464 2120 4521 Et
2159 4468 2584 4522 misericordiam
2632 4465 2961 4536 simplicibus
3013 4464 3190 4528 corde,
3221 4463 3412 4521 edidit.

144 4548 410 4619 καρδίαν,
464 4548 727 4624 ἐξέδωκε.
782 4557 880 4626 Μὴ
921 4558 1143 4614 ἐλθέτω
1184 4575 1288 4628 μοι
1336 4558 1488 4625 ποῦς
1540 4562 1723 4629 ὑπερ-

1835 4557 1958 4614 Νοη
1991 4562 2166 4615 veniat
2196 4560 2325 4614 mihi
2347 4575 2436 4629 pes
2476 4558 2757 4628 superbiat,
2792 4568 2843 4613 et
2890 4576 3079 4611 manus
3122 4566 3414 4626 peccatoris

142 4645 408 4713 ηρανίας,
451 4648 561 4703 καί
600 4649 728 4717 χεὶρ
762 4649 1123 4720 ἁμαρτωλῶν
1152 4649 1239 4720 μὴ
1284 4651 1582 4705 σαλεῦσαι
1624 4669 1720 4721 με.

154 4728 306 4786 Ἐκεῖ
329 4736 568 4796 ἔπεσον
599 4744 651 4794 οἱ
684 4742 1056 4812 ἐργαζόμενοι
1085 4742 1199 4810 τὴν
1227 4744 1500 4813 ἀνομίαν.
1552 4744 1722 4810 Ἐξώ-

142 4824 372 4890 σθησαν
426 4832 539 4887 και
593 4835 666 4887 οὺ
713 4833 799 4903 μὴ
851 4833 1222 4903 δυνήσονται
1276 4835 1517 4904 στῆναι.
1570 4837 1723 4909 Μηδὲ

144 4919 442 4994 κτησαίμην
465 4930 633 5000 χεῖρα
654 4928 748 4981 καὶ
770 4926 997 4999 πράξεις
1018 4927 1358 5001 ἁμαρτωλῶν
1377 4945 1391 4960 ο
1425 4927 1595 4983 ταῦτα
1615 4929 1723 5002 γὰρ

153 5004 383 5066 σαλεύειν
451 5018 612 5072 εἴωθε
651 5019 745 5073 καὶ
800 5021 1109 5091 μετακινεῖν
1154 5020 1256 5092 τῆς
1310 5021 1460 5092 ποιρά
1508 5023 1592 5076 σοὶ
1644 5022 1723 5094 τῷ

152 5096 262 5171 Θεῷ
304 5109 545 5179 στάσεως
596 5114 722 5177 τοὺς
766 5115 846 5177 είς
892 5112 953 5166 rb
984 5113 1172 5178 σκότος
1207 5113 1267 5167 τὸ
1298 5111 1562 5185 ἐξώτερον
1594 5113 1723 5178 έξω-

155 5192 521 5270 σΘησομένους.
550 5206 700 5260 ’Δντὶ
736 5205 793 5260 δὲ
825 5205 916 5259 τοῦ
936 5223 948 5235 ν
990 5205 1151 5260 Ἐκεῖ
1167 5207 1413 5272 ἔπεσον,
1440 5208 1469 5261 6
1502 5207 1729 5279 Σύμμα-

154 5297 259 5351 χος,
304 5289 450 5349 ὅπου
479 5300 807 5353 πίπτουσιν
830 5301 881 5353 οὶ
909 5298 1278 5370 ἐργαζόμενοι
1312 5298 1429 5369 τὴν
1464 5298 1725 5365 ἀδικίαν,

156 5370 390 5463 ξξέδωκε.
415 5386 506 5459 Μὴ
533 5388 643 5463 γὰρ
670 5386 949 5459 γενοίμην,
981 5388 1167 5460 φησὶν,
1196 5391 1330 5453 ἐκεῖ,
1363 5389 1491 5444 ἔνθα
1533 5389 1582 5443 οί
1628 5406 1722 5443 σα-

154 5459 421 5539 λευθέντες
461 5459 743 5545 πίπτουσι,
791 5481 885 5535 καὶ
935 5459 1191 5546 πεσόντες
1229 5481 1575 5548 ὲξωθοῦνται,
1625 5482 1719 5536 καὶ

158 5550 463 5632 δξωσθέντες
483 5572 663 5627 οὐκέτι
689 5571 999 5626 ἐπανελθεῖν
1025 5572 1151 5646 δυνή
1161 5589 1358 5629 σονται.
1389 5572 1719 5638 ’Δκολούθως

1833 4670 1936 4707 non
1966 4662 2169 4706 moveat
2200 4670 2299 4708 me.
2333 4651 2417 4706 Ibi
2448 4651 2745 4706 ceciderunt
2775 4650 2864 4719 qui
2888 4658 3176 4718 operantur
3220 4647 3415 4716 iniqui-

1834 4755 2015 4811 tatem,
2048 4746 2257 4817 expulsi
2302 4755 2446 4811 sunt,
2475 4762 2568 4800 nec
2614 4749 2861 4812 poterunt
2911 4750 3074 4796 stare.
3102 4738 3182 4795 Ne
3218 4754 3415 4796 manus

1829 4847 1883 4894 et
1932 4844 2083 4910 gesta
2136 4846 2485 4909 peccatorum
2514 4835 2791 4891 obtineam
2826 4852 2838 4888 :
2873 4832 2989 4888 hac
3018 4831 3220 4903 quippe
3246 4844 3413 4885 excu-

1831 4938 1946 4986 tere
1980 4930 2157 4985 solent
2184 4937 2238 4984 et
2272 4943 2554 4984 removere
2603 4928 2702 4983 abs
2729 4935 2780 4981 te
2810 4939 2906 4982 eos
2935 4923 3027 4995 qui
3064 4923 3120 4979 in
3156 4921 3415 4985 tenebras

1827 5025 2132 5080 exteriores
2175 5023 2544 5094 depelluntur.
2575 5020 2685 5076 Pro
2712 5021 2807 5075 illo
2838 5025 3020 5072 autem
3050 5034 3062 5070 :
3099 5012 3412 5074 Ibi.cecide-
3444 5022 3452 5029 ‘

1827 5126 1971 5178 runt,
2011 5115 2372 5189 Symmachus
2393 5115 2585 5179 edidit,
2630 5115 2723 5168 ubi
2773 5113 2971 5167 cadunt
3010 5109 3100 5183 qui
3126 5116 3415 5178 operantur

1829 5209 2183 5280 iniquitatem.
2210 5206 2307 5270 Ne,
2337 5208 2536 5277 inquit,
2568 5222 2634 5262 eo
2680 5208 2736 5261 in
2786 5208 2909 5260 loco
2961 5204 3087 5267 sim,
3120 5217 3228 5274 quo
3258 5215 3411 5255 corn.

1830 5299 1965 5353 moti
1993 5297 2219 5361 cadunt,
2247 5298 2387 5368 lapsi
2421 5296 2793 5367 expelluntur,
2820 5294 3036 5365 expulsi
3067 5291 3277 5363 regredi
3301 5306 3409 5345 non

1830 5397 2106 5461 poterunt.
2141 5388 2267 5444 Haec
2312 5398 2493 5442 autem
2546 5394 2947 5458 consequenter
3001 5383 3217 5447 effatur,
3255 5389 3405 5451 post-

1826 5499 1991 5555 quam
2024 5483 2119 5554 qui
2150 5482 2275 5537 ﬂnis
2302 5481 2407 5537 erit
2436 5494 2649 5543 eorum,
2680 5480 2775 5550 qui
2807 5477 2860 5532 in
2897 5478 3121 5549 tegmine
3152 5473 3244 5527 Det
3280 5484 3404 5541 spe-

1827 5573 2093 5639 raverint,
2129 5571 2443 5645 descripsit,
2475 5576 2760 5642 resumpta
2789 5567 2965 5638 impii,
3000 5565 3092 5639 qui
3128 5562 3286 5620 initio
3317 5557 3405 5616 di-

227 5819 272 5852 ⁸⁸
304 5821 452 5891 Rom.
487 5846 548 5901 ν,
582 5836 635 5893 5.
710 5838 758 5871 ⁸⁹
795 5836 943 5895 Psal.
977 5851 1118 5904 ην,
1154 5836 1214 5893 5.
1289 5836 1335 5870 ⁸⁸
1370 5835 1518 5894 Psal.
1552 5851 1710 5904 utr,

1912 5837 1955 5871 “
1996 5834 2155 5894 Joan.
2209 5850 2334 5905 xiv,
2368 5838 2426 5894 6.
2508 5836 2552 5869 ⁶²
2589 5831 2750 5890 Joan.
2787 5846 2840 5896 ι,
2880 5828 2995 5896 5,4.
