4010 6544
144 395 251 451 325

1265 383 1771 444 COMMENTARIA
1810 385 1877 441 ΙΝ
1919 378 2275 447 ΡΞΑΙΑΜΟΒ.⁸

3288 404 3418 489 3‘26.

136 509 406 585 ρίου,καί
434 507 553 575 δῴη
575 521 674 560 σοι
696 504 892 558 πάντα
924 503 996 558 τὰ
1024 502 1314 573 αἰτήματα
1338 504 1450 574 τῆς
1479 504 1703 574 καρδίας

1830 505 1924 559 tibi
1964 523 2139 560 omnes
2168 507 2448 574 petitiones
2479 508 2656 563 cordis
2694 510 2792 565 tui.
2828 511 3116 584 Postquam
3146 520 3400 588 superio-

140 619 276 660 σου.
318 598 689 671 Ἀποστρέψας
722 596 816 651 τοῦ
847 595 1011 668 ζήλου
1054 595 1162 648 τῶν
1204 596 1456 667 πονηρῶν
1490 596 1577 649 διὰ
1612 596 1722 650 τῶν

138 693 389 766 πρώτων,
423 690 582 754 εὐθὺς
614 693 677 743 ὲκ
707 687 1053 761 παραλλήλου
1100 688 1198 759 τὴν
1243 688 1411 759 ὀρθὴν
1442 690 1535 742 καὶ
1572 688 1723 759 βασι..

135 784 294 856 λικὴν
320 783 437 838 ὁδὸν
474 780 678 851 τίθησι,
712 778 925 842 δεικνὺς
957 778 1148 832 ὁποίαν
1184 778 1287 849 χρὴ
1332 778 1595 849 βαδίζειν.
1632 782 1723 834 Διό

136 893 330 947 φησιν·
368 876 514 926 Ἀνω
553 871 739 942 βλέπε,
786 863 831 923 ὦ
874 863 1047 933 οὗτος,
1083 869 1302 939 ἀφορῶν
1344 872 1423 932 είς
1477 870 1567 923 τὸν
1615 871 1722 925 τῶν

133 969 271 1022 ὅλων
301 968 662 1038 κυϐερνήτην,
709 965 803 1017 καὶ
853 962 1016 1015 αὑτὸν
1050 962 1275 1015 σεαυτοῦ
1330 962 1515 1017 ἐλπίδα
1560 964 1724 1035 θέμε-

132 1072 239 1120 νος·
261 1056 452 1128 Θάρσει
474 1055 549 1119 ὡς
576 1055 665 1108 ἐπὶ
700 1053 941 1125 μεγάλην
968 1053 1215 1125 ἄγκυραν
1238 1054 1591 1125 ἡδρασμένος.
1612 1057 1721 1109 Καὶ

128 1148 199 1201 τὰ
237 1149 338 1220 μὲν
368 1149 466 1220 τῆς
494 1148 733 1210 διανοίας
788 1162 881 1200 σου
928 1144 1130 1216 ταύτην
1159 1144 1329 1215 ὲχέτω
1371 1145 1469 1217 τὴν
1496 1145 1715 1199 ἐλπίδα·

125 1244 251 1305 ταῖς
296 1241 353 1293 δὲ
406 1239 665 1311 πράξεσιν
703 1236 935 1310 ἐργάζου
985 1236 1083 1291 καὶ
1127 1239 1282 1291 ποίει
1316 1241 1716 1308 χρηστότητα,

126 1331 331 1385 ὡσανεὶ
382 1332 616 1401 σπόρους
647 1329 827 1400 σαυτῷ
861 1327 1190 1399 βαλλόμενος
1219 1329 1305 1382 ἐπ’
1348 1329 1524 1400 ἀγαθῇ
1581 1347 1717 1402 καρ-

127 1420 247 1474 πῶν
280 1420 601 1491 συγκομιδῇ.
641 1419 824 1473 Ταῦτα
869 1418 926 1471 δὲ
968 1418 1037 1472 τά
1070 1417 1162 1470 δύο
1205 1419 1565 1489 κτησάμενος,
1606 1438 1717 1491 μη-

126 1511 243 1566 κέτι
273 1512 400 1583 περί
416 1530 558 1575 τινος
580 1510 807 1579 ἀγωνία.
831 1507 1232 1577 Κατασκήνου
1256 1508 1371 1578 τὴν
1395 1508 1716 1582 γιῖνάμερί-

129 1623 297 1676 μνως,
328 1606 422 1659 καὶ
460 1605 559 1677 τὴν
594 1605 927 1677 πρόσκαιρον
968 1603 1194 1673 ταυτηνὶ
1239 1602 1402 1673 ζωὴν,
1435 1601 1623 1675 ὥσπερ
1656 1604 1714 1657 ὲν

128 1702 323 1771 σκηνῇ,
358 1698 494 1772 πρὸς
532 1698 712 1766 ὀλίγον
770 1696 943 1760 ἑστὼς
998 1696 1171 1764 δίαγε.
1210 1694 1568 1767 Ποιμανθήσῃ
1604 1696 1713 1767 γὰρ

124 1792 279 1862 δίκην
312 1792 627 1863 θρέμματος
670 1788 875 1857 ἀγαθοῦ
912 1786 1015 1840 ὑπὸ
1062 1784 1280 1856 ποιμένι
1314 1783 1461 1854 καλῴ
1493 1802 1714 1856 ποιμαι-

1825 598 1978 653 ribus
2024 596 2186 652 dictis
2221 599 2291 652 ab
2333 600 2681 656 aemulatione
2716 602 3087 672 improborum
3136 622 3402 665 avocave-

1824 690 2130 755 rat~,statim
2159 706 2225 745 ex
2260 690 2513 761 Opposita
2543 700 2747 747 rectam
2772 694 3085 770 regiamque
3102 699 3244 753 viam
3271 717 3400 770 pro-

1824 780 1996 850 ponit,
2051 779 2304 835 indicans
2356 796 2463 850 qua
2507 780 2580 836 sit
2624 782 3005 840 incedendum.
3055 789 3399 862 Quapropter

1823 870 1896 922 ait
1924 889 1937 924 :
1963 869 2107 926 Heus
2139 878 2218 937 tu,
2243 886 2459 925 sursum
2510 874 2713 942 aspice,
2745 889 2811 930 ac
2862 877 3247 935 universorum
3279 899 3399 938 mo-

1821 961 2127 1016 deratorem
2174 960 2411 1025 intuere,
2471 968 2634 1033 atque
2682 964 2861 1034 ipsum
2919 983 3070 1036 spem
3124 973 3400 1030 constitue

1821 1061 1972 1105 tuam
2000 1068 2013 1105 :
2040 1051 2185 1105 bono
2219 1051 2403 1106 animo
2432 1060 2573 1118 esto,
2609 1062 2668 1108 ut
2700 1071 2896 1127 magna
2926 1061 3168 1116 anchora
3214 1063 3399 1120 ﬁrma-

1817 1150 1928 1197 tus.
1962 1141 2029 1195 Et
2060 1150 2239 1197 mente
2268 1142 2484 1212 quidem
2514 1160 2666 1213 spem
2696 1145 2859 1200 talem
2890 1150 3110 1218 capias;
3136 1154 3397 1223 operibus

1817 1242 1997 1289 autem
2022 1250 2320 1305 exsequere
2357 1245 2407 1289 et
2437 1235 2524 1305 fac
2554 1236 2874 1301 bonitatem;
2902 1250 2962 1293 ut
3001 1242 3069 1298 iis
3102 1258 3204 1299 ceu
3230 1245 3397 1314 jactis

1815 1327 1915 1381 tibi
1942 1328 2264 1392 seminibus,
2295 1330 2534 1399 opimam
2565 1331 2841 1386 fructuum
2864 1334 3073 1403 copiam
3098 1337 3391 1407 percipias.
3433 1399 3442 1415 δ

1816 1418 2089 1475 llorumce
2121 1435 2285 1490 porro
2314 1419 2547 1476 duorum
2596 1424 2824 1493 potitus,
2860 1441 2928 1479 ne
2978 1427 3119 1481 ultra
3150 1428 3217 1483 de
3256 1445 3395 1499 quo-

1812 1514 1958 1583 piam
1986 1513 2183 1569 anxius
2204 1522 2347 1580 esto,
2370 1514 2610 1569 inhabita
2635 1526 2827 1571 terram
2852 1518 2971 1573 sine
2999 1519 3388 1588 sollicitudine,

1815 1619 1878 1659 ac
1909 1614 2314 1675 temporaneam
2343 1606 2552 1662 hancce
2577 1608 2764 1671 vitam,
2791 1610 2949 1679 quasi
2979 1612 3034 1664 in
3072 1613 3392 1668 tabernacu-

1811 1697 1887 1763 lo,
1918 1697 2069 1753 brevi
2102 1698 2292 1768 exigas
2328 1718 2340 1751 :
2370 1698 2573 1754 etenim
2622 1700 2795 1754 instar
2846 1701 3001 1756 bona:
3040 1703 3266 1772 pecudis
3293 1720 3391 1759 cu-

1811 1797 1968 1845 rante
1999 1791 2143 1845 bono
2171 1799 2392 1861 pastore
2423 1791 2685 1860 pasceris.
2708 1792 2842 1847 Nam
2876 1794 2920 1849 si
2946 1811 3066 1864 quae
3087 1797 3270 1850 insunt
3290 1797 3390 1851 ho-

123 1884 370 1956 νόμενος.
400 1885 464 1936 Ei
505 1881 613 1953 γάρ
663 1881 745 1944 τίς
798 1881 945 1931 ἐστιν
994 1880 1051 1931 ὲν
1095 1875 1401 1946 ἀνθρώποις
1455 1874 1703 1946 ἀληθινὸς

1807 1882 2046 1937 minibus
2076 1898 2218 1937 verae
2247 1883 2412 1936 animi
2440 1884 2661 1951 divitiae,
2689 1896 2811 1954 qua:
2844 1885 2900 1939 in
2931 1886 3132 1942 divinis
3164 1888 3389 1959 dogma-

122 1975 299 2048 ψυχῆς
355 1974 603 2037 πλοῦτος,
649 1973 677 2024 ὁ
720 1972 776 2023 ὲν
819 1969 983 2033 θείοις
1038 1968 1271 2039 δόγμασι
1313 1966 1407 2018 καὶ
1446 1968 1557 2030 τοῖς
1599 1966 1708 2020 τῶν

124 2068 289 2120 θείων
319 2064 762 2135 ἀναγνωσμάτων
800 2061 1110 2133 μαθήμασι,
1130 2057 1333 2111 τούτων
1363 2058 1707 2121 ἀπολαύσεις,

128 2152 272 2204 ὥστε
324 2151 527 2220 λέγειν’
562 2152 778 2219 Κύριος
807 2149 1102 2218 ποιμαίνει
1136 2164 1234 2217 με,
1270 2146 1367 2199 καὶ
1415 2146 1595 2200 οὐδέν
1633 2164 1711 2216 με

132 2242 474 2312 ὑστερήσει.
499 2243 663 2297 Οὐδὲν
695 2242 802 2314 γάρ
826 2259 885 2295 σε
910 2242 1107 2313 ύστερή
1117 2257 1196 2293 σει
1217 2241 1635 2310 ποιμαινόμενον
1651 2241 1709 2294 ἐν

130 2335 208 2406 τῷ
222 2335 435 2407 πλούτῳ
463 2334 556 2388 τοῦ
586 2334 750 2388 καλοῦ
799 2334 1073 2404 ποιμένος,
1102 2332 1179 2403 τῷ
1209 2332 1567 2412 δεδωρημένῳ
1593 2335 1707 2396 τοῖς

125 2427 205 2480 ἔτι
234 2428 326 2480 ἐπὶ
358 2428 459 2499 γῆς
494 2427 933 2499 ποιμαινομένοις
958 2425 1285 2499 ἀνθρώποις.
1328 2428 1472 2479 Ἀντὶ
1507 2426 1562 2478 δὲ
1586 2425 1703 2490 τοῦ,

119 2520 232 2576 Καὶ
255 2518 632 2588 ποιμανθήσῃ
649 2518 747 2572 ἐπὶ
764 2518 841 2585 τῷ
854 2519 1095 2582 πλούτῳ
1118 2516 1328 2586 αὐτῆς,
1344 2519 1372 2570 ό
1388 2517 1701 2588 Σύμμαχος,

119 2611 230 2667 Καὶ
275 2612 593 2680 ποιμαίνου
622 2608 932 2680 διηνεκῶς,
965 2610 1256 2676 ὲξέδωκεν’
1290 2610 1319 2661 ό
1357 2608 1415 2662 δὲ
1452 2608 1701 2675 Ἀκύλας,

118 2704 230 2759 Καὶ
261 2701 445 2773 νέμου
478 2704 702 2757 πίστιν.
736 2697 849 2756 Εἶθ’
886 2702 1074 2774 ῶσπερ
1112 2703 1220 2757 τῶν
1257 2702 1704 2775 πονηρευομένων

120 2797 340 2852 καὶτῶν
354 2795 649 2851 ποιούντων
670 2795 769 2867 τὴν
791 2796 1018 2867 ἀνομίαν
1039 2795 1322 2867 ὑπέγραψε
1342 2795 1401 2848 τὸ
1420 2795 1592 2862 τέλος,
1608 2794 1701 2848 οὖ-

118 2906 223 2950 τως
243 2888 337 2941 καὶ
369 2888 454 2941 σοὶ
469 2888 547 2958 τῷ
568 2887 837 2951 ἐλπίζοντι
867 2887 959 2940 ἐπὶ
988 2886 1076 2939 τὸν
1110 2886 1314 2957 Κύριον
1346 2886 1440 2939 καὶ
1462 2886 1703 2941 ποιοῦντι

118 2981 461 3052 χρηστότητα
474 2979 646 3033 ὁπόσα
669 2978 896 3051 ὑπάρξει
914 2978 1092 3047 ἀγαθά
1102 2977 1536 3049 καταριθμεῖται.
1554 2978 1706 3049 Πρῶ-

117 3092 203 3127 τον
239 3076 335 3145 μὲν
370 3074 483 3145 γὰρ
513 3074 857 3145 ποιμανθήσῃ
890 3072 981 3126 ἐπὶ
1014 3071 1091 3143 τῷ
1126 3071 1339 3142 πλούτῳ
1365 3072 1442 3143 τῷ
1467 3072 1703 3144 ἀληθινῷ

116 3166 206 3219 τοῦ
257 3166 424 3220 καλοῦ
484 3167 771 3237 ποιμένος⁶
800 3165 1086 3238 δεύτερον,
1119 3166 1557 3238 κατατρυφήσιις
1606 3165 1700 3218 τοῦ

1810 1973 1958 2029 tibus
2009 1982 2063 2029 et
2110 1973 2313 2030 divinis
2346 1973 2673 2029 lectionibus
2709 1983 3049 2044 spectantur,
3078 1978 3144 2032 iis
3189 1978 3388 2035 frueris

1809 2067 1884 2119 ita
1913 2072 1973 2120 ut
2002 2065 2154 2122 dicas
2180 2085 2194 2122 :
2221 2067 2481 2122 Dominus
2511 2067 2682 2136 pascit
2712 2084 2793 2122 me
2833 2076 2883 2122 et
2913 2070 3047 2123 nihil
3090 2071 3217 2124 mihi
3267 2071 3389 2127 dce-

1809 2159 1880 2211 rit
1903 2158 1966 2213 “.
1994 2157 2138 2212 Nihil
2183 2160 2385 2231 quippe
2434 2158 2608 2215 deerit
2643 2160 2761 2225 tibi,
2795 2162 2843 2215 si
2878 2163 2930 2215 in
2965 2162 3095 2217 boni
3149 2166 3386 2234 pastoris

1808 2250 2012 2305 divitiis
2042 2252 2307 2322 pascaris,
2342 2269 2465 2324 quae
2487 2260 2785 2323 erogantur
2810 2254 3121 2310 hominibus
3153 2257 3207 2310 in
3240 2266 3384 2313 terra

1807 2344 2179 2413 pascentibus.
2212 2342 2321 2398 Pro
2354 2345 2450 2399 illo
2480 2353 2659 2401 autem
2695 2363 2708 2399 :
2739 2344 2809 2398 Et
2834 2349 3071 2415 pasceris
3102 2349 3157 2402 in
3185 2348 3382 2403 divitiis

1804 2434 1941 2504 ejus,
1976 2434 2337 2507 Symmachus
2374 2455 2387 2491 :
2420 2435 2489 2490 Et
2514 2454 2729 2507 pascere
2775 2440 3016 2504 assidue;
3046 2441 3240 2511 Aquila
3270 2459 3283 2495 :
3314 2440 3383 2494 Et

1801 2542 2015 2596 pascere
2054 2528 2176 2600 ﬁde,
2211 2530 2519 2586 ediderunt.
2557 2530 2671 2587 Sub
2722 2533 2836 2588 haec
2885 2540 3088 2598 autem,
3119 2535 3383 2604 quemad-

1803 2622 2025 2676 modum
2054 2622 2426 2693 improborum
2473 2631 2526 2680 et
2570 2627 2915 2696 cperantium
2948 2626 3291 2698 iniquitatem
3321 2628 3383 2682 [i-

1804 2731 1927 2771 nem
1978 2716 2303 2786 descripsit;
2356 2719 2436 2772 sic
2485 2726 2686 2788 quanta
2718 2719 2815 2773 tibi
2851 2719 2903 2773 in
2940 2718 3226 2775 Dominum
3260 2736 3383 2791 spe-

1803 2805 1971 2869 ranti,
2012 2821 2075 2861 ac
2125 2807 2425 2862 bonitatem
2472 2807 2694 2862 facienti
2743 2818 3007 2864 eventura
3059 2812 3201 2864 bona
3248 2811 3379 2876 sint,

1805 2907 2109 2954 enumerat.
2136 2899 2270 2953 Nam
2302 2901 2482 2969 primo
2511 2901 2564 2955 in
2588 2902 2734 2956 veris
2760 2902 2889 2955 boni
2919 2904 3157 2970 pastoris
3178 2903 3383 2958 divitiis

1808 2992 2085 3061 pasceris;
2125 2993 2389 3055 secundo,
2426 2993 2784 3048 delectaberis
2810 2993 2862 3046 in
2894 2993 3157 3061 Domino;
3200 2993 3380 3058 tertio,

1805 3085 1955 3139 dabit
2003 3085 2099 3138 tibi
2144 3085 2433 3154 petitiones
2468 3083 2652 3139 cordis
2682 3084 2780 3139 tui.
2813 3084 3080 3139 Delectari
3114 3092 3293 3140 autem
3325 3086 3382 3142 iit

1807 3174 2037 3229 Domino
2090 3176 2311 3239 valebit,
2364 3175 2615 3246 quisquis
2676 3175 2870 3229 anima?
2926 3174 3179 3230 sensibus
3230 3176 3383 3244 puris

116 3259 335 3330 Κυρίου·
370 3259 469 3312 καὶ
503 3258 705 3329 τρίτον,
727 3258 887 3311 δώσει
916 3276 998 3311 σοι
1027 3258 1096 3310 τὰ
1130 3259 1408 3328 αἰτήματα
1440 3258 1538 3328 τῆς
1564 3275 1697 3328 καρ-

1807 3266 2156 3336 purgatisque
2191 3265 2373 3330 fuerit,
2402 3266 2475 3319 ita
2505 3276 2562 3319 ut
2592 3281 2787 3336 panem
2830 3265 3014 3322 vivum
3047 3280 3110 3320 ac
3137 3264 3382 3320 viviﬁcas

115 3351 228 3415 δίας
257 3369 372 3407 σου.
402 3352 774 3423 Κατατρυφᾷν
798 3351 855 3403 δὲ
881 3349 975 3403 τοῦ
1002 3350 1206 3421 Κυρίου
1236 3349 1522 3421 δυνήσεται
1545 3350 1573 3400 ὁ
1598 3350 1698 3420 τῆς

116 3442 288 3514 ψυχῆς
342 3444 405 3496 τὰ
469 3442 798 3515 αἰσθητήρια
863 3441 1352 3513 κεκαθαρισμένος,
1403 3440 1477 3504 ὡς
1540 3440 1698 3494 δύνα-

118 3533 235 3587 σθαι
256 3534 456 3588 ἐσθίειν
486 3535 575 3587 τὸν
598 3533 773 3598 ζῶντα
794 3533 957 3605 ἄρτον
982 3534 1074 3587 καὶ
1100 3533 1198 3597 τὰς
1222 3534 1513 3598 ζωοποιοῦς
1532 3530 1694 3584 αὑτοῦ

120 3629 342 3698 σάρκας,
372 3627 555 3680 πίνειν
590 3643 652 3678 τε
693 3626 754 3678 τὺ
797 3626 1061 3696 σωτήριον
1089 3624 1253 3678 αὐτοῦ
1287 3620 1444 3695 αἷμα.
1474 3625 1695 3687 Τούτοις

111 3719 443 3794 ⁴τρεφόμενος
489 3717 582 3770 καὶ
624 3716 986 3786 πιαινόμενος,
1013 3718 1110 3787 τῆς
1148 3716 1328 3769 ἐνθέου
1369 3716 1536 3786 μέθης
1562 3717 1695 3769 ἀπο-

118 3806 305 3861 λαύωψ
327 3807 806 3875 Κατατρύφησον
822 3805 925 3859 τοῦ
938 3806 1180 3873 Κυρίου,
1209 3805 1305 3857 καὶ
1319 3804 1493 3858 δώσει
1512 3822 1607 3857 σοι
1625 3808 1695 3861 τὰ

119 3900 399 3969 αἰτήματα
428 3899 541 3967 τῆς
568 3898 813 3966 καρδίας
845 3913 979 3952 σου.
1017 3898 1157 3968 Ἤδη
1187 3898 1284 3967 μὲν
1312 3897 1421 3967 γὰρ
1446 3897 1695 3949 ἐντεῦθεν

120 3993 541 4064 κατατρυφήσει,
577 3989 838 4061 ἐθελήσας
886 4007 942 4042 σε
992 3989 1155 4042 αὐτὸν
1208 3988 1481 4042 ἐπιδοῦναι
1524 3988 1690 4059 αύτῷ.

119 4079 259 4134 Δίτει
309 4082 365 4135 δὲ
418 4082 585 4135 αὐτὸν
626 4082 717 4134 καὶ
743 4080 812 4133 τὰ
845 4080 1128 4152 μέλλοντα,
1162 4073 1237 4134 ὧν
1266 4081 1569 4153 προσδοκᾷς
1594 4082 1693 4149 τὴν

1801 3375 1997 3415 carnes
2028 3360 2148 3429 ejus
2181 3359 2343 3414 edere
2372 3358 2568 3428 possit,
2600 3374 2663 3414 ac
2708 3359 3005 3414 salutarem
3047 3357 3166 3427 ejus
3196 3357 3384 3413 bibere

1802 3449 2141 3518 sanguinem.
2176 3448 2272 3504 llis
2318 3450 2593 3503 enutritus
2643 3456 2696 3503 et
2750 3448 3145 3518 impinguatus,
3198 3448 3383 3503 divina

1799 3539 1987 3593 fruens
2016 3541 2279 3595 ebrietate
2315 3560 2327 3594 :
2362 3540 2633 3593 Delectare
2663 3541 2717 3592 in
2751 3539 2999 3603 Domino,
3032 3549 3087 3599 et,
3107 3538 3255 3592 dabit
3287 3537 3384 3593 tibi

1799 3631 2071 3699 petitiones
2097 3630 2274 3683 cordis
2311 3631 2409 3685 tui.
2442 3629 2561 3684 Jam
2589 3630 2734 3684 enim
2779 3631 2870 3684 ille
2906 3644 3123 3699 quoque
3149 3629 3382 3683 delecta-

1799 3722 1967 3785 bitur,
1994 3722 2138 3792 quod
2164 3723 2447 3792 percupiat
2480 3730 2539 3775 ut
2567 3722 2669 3790 ipsi
2696 3728 2757 3775 te
2775 3721 2963 3775 dedas.
2994 3720 3215 3776 Postula
3251 3720 3381 3772 item

1801 3813 1869 3866 ab
1915 3828 1981 3867 eo
2037 3820 2094 3866 ut
2141 3828 2205 3867 ea
2250 3829 2371 3882 qua:
2402 3814 2585 3866 futura
2620 3819 2910 3881 exspectas
2940 3812 3082 3865 dona
3119 3810 3376 3879 'ccipias.

1798 3901 1932 3957 Nam
1973 3904 2064 3973 qui
2096 3905 2383 3974 praesentia
2418 3904 2619 3958 aifatim
2646 3903 2909 3972 elargitus
2941 3909 3045 3967 est,
3076 3918 3138 3956 ea
3164 3902 3381 3956 obtine-

1797 3995 1877 4049 bit
1917 4011 2038 4065 quaa
2084 4013 2174 4049 nec
2224 3995 2405 4049 oculus
2436 3995 2586 4059 vidit,
2623 4012 2712 4049 nec
2763 3996 2911 4049 auris
2946 3994 3168 4057 audivit,
3203 4009 3295 4047 nec
3323 3993 3381 4047 in

1799 4104 1890 4142 cor
1918 4088 2214 4142 hominibus
2248 4088 2483 4142 ascendit
2501 4089 2566 4140 ‘9.

122 4172 288 4244 λῆψιν.
333 4179 391 4230 '0
440 4176 553 4248 γὰρ
591 4176 660 4229 τὰ
686 4176 926 4247 παρόντα
959 4175 1202 4237 δεδωκὼς
1235 4175 1482 4243 ἀφθόνως
1543 4176 1844 4247 δωρήσεται
1914 4183 2009 4236 καὶ
2047 4182 2083 4236 ἃ
2126 4182 2431 4253 ὀφθαλμὸς
2467 4183 2578 4234 οὐκ
2641 4176 2819 4247 εἶδεν,
2849 4180 2991 4235 οὐδὲ
3024 4175 3132 4246 οὖς
3193 4178 3379 4248 ἤκου-

120 4281 243 4333 σεν,
271 4269 393 4322 οὐδ’
406 4269 505 4322 ἐπὶ
535 4267 788 4335 καρδίαν
812 4266 1127 4335 ἀνθρώπου
1159 4268 1359 4337 ἀνέϐη.

201 4359 335 4413 Ἀντὶ
354 4360 409 4413 δὲ
438 4357 559 4422 τοῦ,
599 4357 942 4427 Ὑποτάγηθι
971 4358 1051 4423 τῷ
1092 4360 1304 4425 Κυρίῳ.
1338 4363 1436 4416 καὶ
1468 4360 1690 4414 ἱκέτευ-

122 4460 231 4504 σον
258 4452 461 4517 αὑτὸν,
509 4453 542 4504 ὁ
590 4450 816 4513 Ἀκύλας
849 4450 1011 4521 φησί·
1047 4451 1313 4519 Σίγησον
1354 4453 1433 4516 τῷ
1478 4454 1688 4520 Κιφίῳ,

1870 4362 1975 4417 Pro
2005 4380 2070 4417 eo
2102 4372 2305 4427 autem,
2337 4363 2591 4418 Subditus
2623 4372 2733 4418 esto
2764 4363 3014 4440 Domino,
3040 4377 3085 4417 et
3119 4381 3213 4418 ora
3235 4381 3375 4428 eum,

1802 4455 1994 4525 Aquila
2020 4455 2115 4517 ait,
2143 4456 2253 4509 Sile
2293 4456 2538 4519 Domino,
2574 4467 2621 4509 et
2655 4466 2899 4524 exspecta
2937 4470 3090 4520 eum;
3124 4455 3378 4527 Symma-

125 4541 215 4593 καὶ
247 4540 684 4610 ἀποκαραδόκει
714 4541 929 4594 αὐτόν·
984 4542 1012 4593 ό
1047 4539 1102 4592 δὲ
1144 4540 1435 4611 Σύμμαχος
1456 4560 1474 4572 υ
1523 4542 1693 4596 Ἡσύ-

1807 4548 1934 4601 L-hus
1966 4564 2112 4613 vero,
2150 4548 2368 4612 Quiesce
2390 4546 2640 4609 Domino,
2672 4557 2719 4600 et
2751 4547 2986 4614 supplice
3012 4548 3131 4615 ipsi.
3193 4545 3381 4598 Enim-

124 4632 251 4699 χαζε
280 4633 357 4699 τῷ
385 4634 604 4702 Κυρίῳ,
635 4633 731 4685 καὶ
768 4632 991 4686 ἱκέτευε
1017 4633 1195 4699 αὐτῷ.
1239 4633 1318 4687 Τὰ
1352 4634 1459 4705 γὰρ
1499 4635 1693 4705 προλε-

123 4724 307 4793 χθέντα
334 4728 665 4798 πράττοντα,
690 4727 783 4779 καὶ
804 4727 895 4779 ἐπὶ
917 4730 1026 4789 τοῖς
1049 4726 1358 4797 εἰρημένοις
1385 4726 1691 4793 ἐλπίζοντα,

123 4816 398 4887 ἡσυχάζειν
432 4822 702 4892 προσήκει
738 4819 875 4882 τέως
920 4821 976 4872 ἐν
1019 4819 1096 4888 τῷ
1145 4820 1390 4891 παρόντι,
1430 4821 1520 4872 καὶ
1559 4821 1695 4891 μετά

127 4908 321 4979 σιωπῆς
345 4911 652 4981 προσδοκᾷν
679 4908 748 4962 τὰ
788 4910 1189 4980 ἐπηγγελμένα.
1223 4910 1320 4978 Μὴ
1350 4910 1692 4978 παραζιὶλου

124 4994 190 5050 ἐν
224 4999 300 5065 τῷ
341 5003 828 5072 κατευοδουμένῳ
858 5004 927 5055 ἐν
959 4998 1033 5072 τῇ
1083 5002 1197 5067 ὀδῷ
1232 5003 1439 5065 αὐτοῦ,
1473 5004 1542 5055 ἐν
1586 5006 1693 5058 ἀν-

130 5089 321 5159 θρώπῳ
347 5096 619 5149 ποιοῦντι
666 5094 1055 5162 παρανομίας.
1102 5093 1339 5146 Παῦσαι
1363 5092 1480 5147 ἀπὸ
1516 5093 1694 5164 ὀργῆς

128 5184 218 5235 καί
236 5185 619 5254 ἐγκατάλειπε
641 5187 849 5257 θυμὸν,
872 5186 957 5256 μὴ
981 5184 1320 5255 παραζηλου
1340 5186 1495 5240 ὥστε
1511 5203 1695 5256 πονη-

126 5278 406 5341 ρεύεσθαι.
452 5285 576 5338 Ὅτι
633 5287 688 5337 oi
750 5284 1215 5351 πονηρευόμενοι
1262 5282 1692 5350 ἐξολοθρευθή-

132 5382 348 5439 σονται,
403 5379 457 5429 οἱ
501 5378 569 5432 δὲ
623 5377 1031 5447 ὑπομένοντες
1082 5378 1187 5430 τὸν
1231 5379 1469 5445 Κύριον,
1522 5376 1692 5430 αὐτοὶ

134 5464 639 5537 κληρονομήσουσι
689 5469 825 5541 γῆν.
874 5469 1349 5541 Ἐπαναλαμϐάνει
1397 5470 1488 5523 τὸν
1532 5468 1690 5538 λόγον

134 5551 447 5623 ἀναγκαίως.
478 5562 632 5616 Ἐπεὶ
653 5564 760 5634 γὰρ
784 5561 977 5629 ἔγνως,
1009 5562 1193 5632 φησὶν,
1220 5561 1399 5624 ὁποῖός
1428 5578 1508 5613 σοι
1536 5560 1691 5615 πλοῦ·

134 5658 216 5708 τος
243 5652 604 5721 τεταμίευται,
641 5656 714 5726 μὴ
766 5653 1079 5726 παραζήλου
1123 5654 1180 5707 ὲν
1224 5652 1302 5724 τῷ
1348 5652 1688 5724 νομιζομένῳ

201 5826 241 5858 ⁸⁸
277 5828 412 5891 Psal.
454 5848 567 5890 xxxi
594 5877 607 5902 ,
646 5840 692 5893 Ι.
772 5838 815 5868 δ’
858 5836 874 5890 l
910 5837 1038 5892 Cor.
1084 5852 1158 5906 ιι,
1191 5835 1247 5894 9.

1801 4652 1931 4690 vero
1961 4654 2058 4708 par
2085 4646 2170 4693 est
2199 4655 2321 4694 eum
2363 4639 2456 4708 qui
2508 4637 2765 4707 superius
2812 4645 3111 4689 memorata
3146 4634 3375 4704 peragit,

1799 4735 1853 4782 et
1881 4729 1932 4782 in
1969 4731 2243 4799 praedictis
2276 4746 2427 4800 spem
2475 4729 2661 4792 habet,
2702 4727 2988 4796 quiescere
3029 4726 3157 4779 dum
3190 4725 3243 4777 in
3274 4725 3380 4778 hac

1798 4820 1910 4872 vita
1948 4829 2219 4885 versatur,
2245 4827 2299 4874 et
2326 4834 2449 4872 cum
2486 4818 2707 4872 silentio
2732 4817 3002 4886 promissa
3032 4824 3373 4885 exspectare.
3415 4838 3419 4886 ς

1803 4910 1934 4963 Noli
1968 4912 2211 4964 cumulari
2238 4914 2291 4964 in
2334 4928 2392 4964 eo
2430 4913 2519 4982 qui
2554 4918 2898 4978 prosperatur
2932 4909 2986 4961 in
3035 4909 3121 4961 ria
3168 4925 3287 4973 sua,
3320 4908 3377 4961 in

1801 5003 2006 5055 homine
2039 5003 2263 5063 faciente
2301 5004 2617 5072 injustitias.
2674 5001 2866 5055 Desine
2907 5000 2972 5054 ab
3014 5001 3096 5053 ira
3130 5010 3179 5054 et
3226 5000 3377 5054 dere-
3406 5000 3417 5019 ⁵

1798 5093 1971 5164 linque
2011 5095 2278 5159 furorem,
2311 5094 2419 5147 noli
2464 5094 2708 5148 wnmlari
2760 5102 2816 5145 ut
2873 5092 3202 5162 malignerts.
3231 5093 3377 5160 Quo-

1798 5192 1941 5243 niam
1971 5190 2059 5259 qui
2092 5189 2458 5258 malignanlur
2498 5185 2991 5241 exlerminabuntur
3018 5202 3036 5238 .'
3059 5194 3374 5239 sustinentes

1798 5291 1973 5335 autem
2000 5280 2310 5344 Dominum,
2342 5280 2442 5348 ipsi
2478 5276 2861 5332 hazrcditabunt
2896 5286 3111 5331 terram.
3149 5274 3374 5330 Sermo-

1796 5391 1920 5430 nem
1950 5374 2268 5430 necessario
2312 5373 2530 5443 repetit.
2573 5370 2733 5437 Quia,
2784 5370 2983 5440 inquit,
3019 5368 3165 5423 nosti
3195 5367 3375 5436 qualis

1796 5468 1895 5521 tibi
1930 5467 2223 5522 thesaurus
2254 5466 2571 5521 reconditus
2624 5464 2717 5528 sit,
2752 5464 2865 5517 noli
2909 5460 3153 5517 tetnulari
3198 5459 3375 5512 homi-

1766 5575 1921 5615 onem
1971 5559 2245 5631 iniquitati
2273 5558 2547 5622 deditum,
2587 5558 2680 5627 qui
2728 5558 2783 5611 in
2813 5553 3067 5626 praesenti
3113 5552 3221 5605 vita
3258 5563 3373 5601 rem

1797 5667 2261 5726 prospereiagere
2290 5660 2550 5725 putatur;
2588 5666 2657 5705 ne
2698 5649 3001 5712 stimulere,
3040 5660 3146 5699 neu
3177 5640 3374 5712 hujus-
