4010 6516
601 363 709 420 327

1277 357 1542 416 EUSEBII
1581 355 2056 414 CESARIENSIS
2079 355 2232 412 OPP.
2264 352 2444 410 PARS
2480 355 2568 411 Ill.
2603 386 2672 397 —
2712 351 3123 415 EXEGETICA.

3771 363 3888 418 528

599 481 748 538 modi
778 480 1046 534 hominem
1071 477 1286 532 beatum
1318 477 1662 546 pronunties,
1683 491 1806 531 cum
1827 475 1996 545 probe
2023 474 2172 529 noris

2280 475 2423 530 κατά
2486 475 2576 528 τὸν
2632 476 2876 546 παρόντα
2933 475 3047 546 βίον
3107 476 3520 532 κατευοδούσθαι
3581 477 3888 550 ἀνθρώπῳ

602 572 710 642 ipsi
745 571 1038 640 repositam
1072 566 1207 619 iram
1234 566 1288 618 in
1315 563 1403 619 die
1441 564 1534 617 iraa
1566 570 1618 618 et
1641 562 1774 631 justi
1811 561 2004 631 judicii
2050 559 2165 614 Dei.

604 664 964 731 Quamobrem
993 658 1105 714 noli
1139 656 1344 711 irritari
1370 664 1465 709 aut
1494 655 1679 709 furore
1713 654 1930 708 incendi
1981 659 2170 707 contra

602 756 848 827 impium,
872 751 965 822 qui
1002 750 1229 806 feliciter
1258 764 1372 803 rem
1403 763 1560 819 agere
1589 747 1957 807 existimatur,
1993 759 2173 815 neque

600 847 872 903 mmuleris
903 846 1081 916 ipsum
1137 850 1198 896 ut
1241 842 1395 912 paria
1445 841 1650 895 scelera
1695 840 1856 895 edere
1905 847 2170 909 emptes;

600 941 736 995 bene
771 936 1040 1007 siquidem
1087 936 1233 990 nosti
1269 949 1332 988 ac
1382 947 1706 1003 persuasum
1758 933 1915 1000 plane
1961 930 2166 996 babes,

599 1030 972 1100 improborum
1011 1026 1170 1081 finem
1201 1024 1494 1081 exitiosum
1526 1038 1669 1078 esse.
1700 1021 1843 1076 Nam
1879 1023 1969 1092 qui
2013 1023 2171 1075 mali-

595 1130 828 1192 gnantur
859 1116 1372 1184 exterminabuntur,
1395 1131 1459 1170 ac
1499 1116 1599 1171 soli
1628 1117 1897 1185 patientes
1927 1124 1982 1171 et
2008 1116 2171 1170 susti-

597 1216 774 1266 nentes
802 1210 1102 1272 Dominum,
1144 1209 1248 1277 ipsi
1287 1207 1924 1262 Iiwreditabuntterram.
1959 1207 2015 1262 Si
2060 1222 2167 1278 qua

596 1303 741 1357 enim
766 1310 914 1356 terra
944 1309 1030 1357 est
1063 1301 1272 1357 sanctis
1301 1300 1436 1355 viris
1483 1299 1777 1370 promissa,
1821 1299 1962 1352 hanc
1993 1300 2168 1352 hare.-

597 1395 850 1450 ditabunt
899 1393 994 1464 qui
1042 1393 1319 1448 sustinent
1371 1389 1699 1453 Dominum,
1741 1389 1833 1458 qui
1882 1404 2005 1442 cum
2048 1390 2170 1443 aliis

595 1487 926 1542 enumeratis
969 1485 1126 1540 bonis
1158 1485 1214 1539 in
1253 1481 1622 1537 haereditatem
1668 1481 1776 1536 illis
1809 1479 2026 1534 dandus
2054 1492 2156 1535 est.

595 1579 750 1645 Quod
777 1579 824 1634 si
865 1578 919 1631 in
953 1577 1108 1632 caelis
1131 1575 1430 1630 Jerusalem
1462 1582 1515 1629 et
1546 1571 1678 1627 Sion
1714 1583 1891 1628 ntous'
1918 1571 2011 1626 Dei
2046 1589 2158 1626 co:-

596 1673 750 1729 lestis
770 1673 934 1733 adsit,
956 1680 1156 1726 terram
1182 1670 1310 1724 item
1329 1668 1610 1722 ccclestem
1631 1665 1813 1737 dignis
1837 1664 2170 1736 promissam

596 1763 898 1836 putandum
921 1771 1024 1817 est.

2275 567 2514 620 ποιοῦντι
2547 566 2918 637 παρανομίας·
2956 568 3028 640 μὴ
3061 569 3170 640 γάρ
3201 567 3524 640 παροξύνου,
3564 569 3718 640 μηδὲ
3775 588 3886 640 μα-

2273 659 2464 730 κάριζε
2490 659 2580 712 τὸν
2613 659 2869 724 τοιοῦτον,
2911 660 3152 732 ἀγριὸῶς
3182 661 3357 724 εἰδὼς,
3391 662 3472 714 ὅτι
3509 661 3667 731 μένει
3705 663 3882 715 αὐτὸν

2272 748 2409 820 ὀργὴ
2447 751 2502 802 ἐν
2551 749 2732 821 ήμέρα
2773 750 2943 820 ὀργῆς
2977 749 3070 803 καὶ
3122 750 3518 822 δικαιοκρισίας
3549 750 3648 804 τοῦ
3701 751 3878 804 Θεοῦ.

2273 841 2364 894 Διὸ
2397 843 2460 894 σὺ
2494 841 2567 912 μὴ
2601 840 2838 910 ὀργίζου,
2877 841 3010 912 μηδὲ
3045 842 3218 912 θυμοῦ
3268 843 3409 897 κατά
3434 842 3530 894 τοῦ
3563 843 3883 914 νομιζομέ-

2271 950 2362 984 νου
2391 932 2633 1002 εὐθηνεῖν
2676 932 2926 995 ἀσεϐοῦς,
2959 933 3092 1004 μηδὲ
3123 933 3282 1004 ζήλου
3316 933 3478 987 αὐτὸν
3523 933 3603 997 ὼς
3645 934 3758 988 καὶ
3791 936 3881 989 θέ-

2272 1023 2383 1076 λειν
2414 1024 2481 1076 τὰ
2511 1025 2670 1094 ὃμοια
2710 1024 2861 1094 αύτῷ
2899 1025 3319 1097 πονηρεύεσθαι·
3357 1022 3414 1080 εὖ
3457 1025 3566 1097 γὰρ
3606 1027 3732 1080 ἴσθι
3784 1031 3881 1081 καὶ

2273 1114 2505 1166 πέπεισο
2539 1113 2802 1186 ἀκριϐῶς,
2831 1115 2912 1168 ὅτι
2947 1115 3007 1168 τὸ
3053 1115 3206 1180 τέλος
3248 1117 3354 1171 τῶν
3401 1121 3882 1188 πονηρευομένων

2271 1204 2513 1276 ὀλέθριον
2557 1206 2835 1276 τυγχάνει.
2869 1209 2932 1260 Ol
2978 1207 3087 1276 γὰρ
3136 1211 3609 1277 πονηρευόμενοι
3655 1210 3884 1274 ἐξολο-

2272 1297 2726 1363 θρευθήσονται,
2763 1299 2911 1368 μόνοι
2944 1299 3002 1352 δὲ
3035 1301 3083 1352 οἱ
3128 1301 3466 1371 μακρὸθυμοι
3506 1301 3604 1354 καὶ
3637 1301 3884 1370 ὑπομέ-

2271 1407 2482 1456 νοντες
2529 1391 2634 1444 τὸν
2673 1393 2908 1459 Κύριον,
2954 1393 3124 1446 αὐτοὶ
3167 1392 3706 1461 κληρονομήσουσι
3763 1395 3882 1461 τὴν

2273 1482 2408 1552 γῆν.
2444 1483 2510 1536 Εἴ
2537 1501 2619 1548 τις
2645 1485 2752 1556 γάρ
2787 1486 2900 1537 ἐστι
2930 1484 3003 1553 γῆ
3029 1484 3205 1555 ἀγαθὴ
3231 1488 3342 1548 τοῖς
3375 1484 3548 1552 ἀγξοις
3583 1485 3880 1556 eaq-na-

2277 1574 2435 1645 μένη,
2483 1575 2686 1646 ταύτην
2723 1576 3217 1646 κληρονομήσουσιν
3262 1575 3312 1627 οἱ
3359 1575 3743 1645 ὑπομένοντες
3787 1577 3878 1628 τὸν

2275 1666 2477 1736 Κύριον
2501 1683 2515 1696 ·
2555 1669 2693 1739 μετά
2732 1669 2835 1742 γὰρ
2861 1668 2968 1721 τῶν
3000 1668 3174 1722 ἄλλων
3206 1668 3314 1721 τῶν
3355 1669 3876 1740 κατηριθμημένων

2275 1759 2516 1826 ἀγαθῶν,
2553 1759 2647 1813 καὶ
2673 1760 2833 1824 αὐτὸς
2861 1761 3040 1824 αὐτοῖς
3079 1760 3361 1832 δοθήσεται
3387 1762 3415 1813 ὁ
3451 1760 3677 1830 κλῆρος.
3720 1757 3792 1812 ΕΞ
3831 1761 3872 1812 δ’

595 1859 741 1912 ἔστιν
792 1859 844 1910 ἐι
893 1858 1139 1927 οὐρανοῖς
1185 1853 1528 1926 Ἰερουσαλὴμ
1585 1854 1674 1907 καὶ¹
1718 1850 1854 1908 Σιὼν
1901 1850 2027 1923 ὅρος
2072 1849 2168 1904 τοῦ
2207 1853 2340 1907 Θεοῦ
2375 1856 2433 1909 τὸ
2459 1857 2802 1930 ἐπουράνιον,
2837 1857 3125 1910 ἀκόλουθόν
3187 1859 3302 1911 ἐστι
3362 1857 3455 1912 καὶ
3489 1858 3595 1929 γῆν
3627 1859 3873 1927 ἐπουρά-

595 1973 708 2014 νιον
739 1955 878 2009 νοεῖν
909 1953 1006 2024 τὴν
1037 1952 1451 2024 ἐπηγγελμένην
1477 1953 1588 2013 τοῖς
1611 1949 1798 2014 ἀξίοις.

668 2046 832 2102 Vrsas.
859 2045 1047 2114 10,“.
1093 2044 1162 2097 Et
1199 2044 1368 2097 adhuc
1395 2042 1668 2112 pusillum,
1707 2050 1755 2095 et
1789 2057 1891 2095 non
1930 2041 2029 2094 erit
2060 2057 2172 2108 pec«

2354 2039 2462 2093 Καὶ
2487 2041 2573 2093 ἔτι
2603 2041 2829 2110 ὀλίγον,
2878 2040 2975 2094 καὶ
3006 2042 3076 2094 οὺ
3101 2039 3187 2109 μὴ
3220 2040 3457 2108 ὑπάρξῃ
3483 2042 3870 2112 ἁμαρτωλός.

596 2148 769 2205 calor,
804 2147 913 2194 etc.
963 2137 1062 2192 Hic
1109 2138 1365 2207 superius
1395 2135 1539 2189 dicta
1593 2135 2002 2203 interpretatur,
2041 2133 2174 2187 illud

597 2231 834 2293 scilicet,
861 2229 1126 2295 Quoniam
1160 2237 1408 2297 tanquam
1439 2225 1616 2295 fenum
1643 2226 1891 2279 velociter
1914 2234 2171 2289 arescent,

597 2334 646 2380 et
677 2323 1120 2394 quemadmodum
1153 2322 1299 2375 olera
1341 2319 1615 2373 herbarum
1649 2319 1750 2371 cito
1798 2316 2057 2380 decidant,
2088 2316 2174 2372 his

599 2419 857 2488 explicat,
903 2417 1087 2471 Adhuc
1119 2416 1402 2484 pusillum,
1435 2424 1485 2468 et
1518 2431 1623 2468 non
1658 2417 1756 2467 erit
1803 2423 2080 2480 peccator;
2126 2419 2174 2465 et

600 2526 802 2580 qureres
836 2510 1009 2563 locum
1042 2509 1176 2577 ejus,
1209 2517 1258 2562 et
1293 2524 1395 2560 non
1427 2506 1686 2560 invenies:
1720 2505 1852 2558 illud
1885 2520 2036 2570 vero,
2073 2503 2176 2557 De-

600 2602 796 2656 lectare
819 2603 874 2656 in
906 2601 1149 2663 Domino,
1175 2609 1224 2652 et
1261 2599 1408 2652 dabit
1437 2598 1534 2652 tibi
1573 2598 1846 2668 petitiones
1877 2597 2049 2650 cordis
2074 2597 2171 2658 tui,

600 2693 689 2748 his
719 2694 960 2763 apertius
1003 2700 1245 2754 enarrat,
1272 2690 1542 2744 Mansueti
1589 2699 1766 2742 autent
1794 2688 2176 2743 hwreditabunt

601 2797 820 2848 terram,
846 2794 894 2838 et
941 2784 1340 2838 delectabantur
1374 2785 1425 2836 in
1471 2781 1815 2835 multitudine
1841 2783 2009 2850 pacis.
2057 2781 2176 2846 Quo

600 2883 761 2947 pacto
791 2886 969 2931 autem
1003 2877 1056 2930 in
1091 2874 1322 2928 Domino
1353 2875 1476 2944 quis
1516 2873 1899 2937 delectabitur,
1935 2873 2178 2929 declarat

603 2971 718 3039 ipse
747 2968 876 3022 dum
911 2969 1008 3031 ait,
1039 2983 1205 3038 penes
1239 2982 1364 3020 cum
1401 2967 1806 3020 multitudinem
1845 2964 1997 3035 pacis
2029 2981 2172 3029 esse,

597 3075 706 3132 qua
735 3061 905 3114 multa
933 3073 1067 3128 pace
1099 3058 1352 3112 fruentur
1381 3058 1417 3111 ii
1449 3059 1542 3127 qui
1573 3059 1627 3112 in
1661 3057 1892 3112 Domino
1923 3058 2174 3113 delectati

599 3152 821 3207 fuerint.
860 3149 956 3204 liis
1009 3163 1178 3220 porro
1219 3149 1485 3215 docetur,
1519 3150 1681 3203 aliam
1731 3150 1930 3204 bonam
1970 3156 2173 3203 terram

597 3259 741 3308 esse,
763 3243 1065 3298 mansuetis
1093 3241 1441 3302 destinatam,
1476 3257 1539 3296 ac
1563 3241 2004 3305 delectationem,
2037 3242 2177 3296 mul-

599 3333 999 3402 titudinemque
1038 3331 1192 3402 pacis
1218 3331 1271 3385 in
1309 3331 1544 3386 futuram
1576 3333 1743 3386 vitam
1776 3333 2032 3388 remittit.
2057 3333 2174 3387 Non

599 3425 888 3494 ignorabat
936 3424 1080 3478 enim
1112 3422 1278 3492 justis
1335 3423 1558 3494 perinde
1597 3431 1760 3495 atque
1794 3425 2175 3495 peccatoribus

599 3515 658 3570 in
687 3514 788 3570 hac
815 3514 924 3568 vita
956 3513 1300 3568 moriendum
1331 3529 1474 3578 esse,
1509 3517 1583 3568 ita
1619 3521 1678 3569 ut
1705 3515 1772 3570 de
1812 3516 1919 3571 illis
1961 3532 2178 3588 quoque

599 3602 709 3658 dici
742 3602 915 3672 possit
942 3620 955 3655 :
979 3602 1169 3656 Adhuc
1199 3603 1479 3673 pusillum,
1512 3612 1566 3659 ct
1598 3619 1708 3659 non
1740 3606 1844 3661 erit
1871 3606 2089 3677 justus;
2123 3616 2177 3664 et

598 3708 810 3764 quaeres
840 3694 1021 3749 locum
1055 3694 1200 3765 ejus,
1231 3703 1285 3751 et
1313 3711 1431 3762 .non
1455 3695 1700 3752 invenies
1727 3715 1740 3750 :
1773 3713 1900 3752 nam
1930 3699 2005 3753 illi
2035 3715 2175 3769 quo-

597 3801 706 3856 que
736 3787 1052 3842 moriuntur
1098 3787 1558 3858 quemadmodum
1593 3797 1647 3843 ct
1681 3797 2018 3859 peccatores.
2066 3790 2175 3847 Nc-

598 3889 706 3946 que
729 3874 796 3929 de
831 3875 935 3930 hac
961 3883 1108 3931 terra
1143 3878 1224 3931 sic
1268 3877 1483 3933 locutus
1513 3887 1618 3941 est,
1655 3877 1922 3934 Mansueti
1955 3881 2178 3936 lim-edi-

600 3966 786 4018 tabent
811 3976 1047 4029 terram;
1081 3982 1203 4020 cum
1242 3968 1409 4037 probe
1461 3969 1628 4024 sciret
1673 3968 1894 4042 Moysen
1931 3961 2174 4029 omnium

600 4055 974 4121 mitissimum,
1013 4058 1142 4111 olim
1175 4059 1241 4112 de
1281 4059 1460 4115 medio
1489 4061 1770 4116 hominum
1803 4065 2076 4119 sublatum
2109 4069 2176 4123 ab

603 4144 707 4200 hac
739 4155 882 4203 terra
904 4149 1261 4221 demigrasse.

683 4405 843 4462 Vens.
871 4409 956 4465 12.
996 4409 1305 4466 Observabit
1333 4426 1576 4481 peccator
1596 4417 1826 4484 justum,
1855 4429 1902 4472 et
1934 4419 2174 4473 stridebit

603 4517 757 4570 super
774 4516 891 4556 eum
913 4501 1154 4557 dentibus
1183 4507 1320 4568 suis,
1343 4515 1446 4562 etc.
1467 4507 1756 4578 lmpiorum
1785 4521 1972 4566 contra
1998 4513 2176 4580 justos

603 4594 840 4651 insultus
876 4596 1270 4668 amborumque
1307 4600 1465 4654 finem
1498 4602 1779 4659 describit.
1812 4605 1946 4660 Cum
1982 4621 2176 4675 pecca-

599 4781 808 4849 justum
836 4797 1066 4836 cernens
1097 4783 1350 4852 religiose
1376 4785 1668 4848 viventem,
1706 4787 1757 4841 id
1792 4787 1931 4842 ferre
1964 4789 2172 4858 nequit,

603 4874 731 4941 quia
767 4873 932 4926 vitam
976 4875 1096 4942 ejus
1146 4877 1511 4946 improbitatis
1557 4897 1668 4935 sua:
1718 4881 2173 4950 vituperationem

602 4983 726 5023 esse
753 4968 1084 5035 arbitratur;
1125 4988 1293 5041 quare
1326 4974 1436 5028 ait:
1475 4973 1572 5030 Vel
1605 4975 1725 5030 visu
1759 4976 1876 5030 solo
1909 4990 2176 5029 onerosus

603 5061 765 5115 nobis
793 5068 898 5123 est,
928 5061 1156 5132 ideoque
1186 5065 1439 5120 observat
1463 5083 1587 5122 eum
1620 5074 1679 5121 ut
1705 5066 1946 5135 dejiciat.
1975 5065 2174 5120 Verum

601 5149 789 5219 justus
842 5153 976 5208 nihil
1011 5156 1164 5224 pensi
1222 5157 1404 5221 habet,
1458 5174 1634 5228 neque
1683 5159 1834 5212 novit
1877 5175 1998 5227 qua:
2035 5160 2174 5214 clam

603 5251 795 5297 contra
831 5259 890 5299 se
919 5255 1212 5300 struuntur
1256 5249 1718 5304 machinamenta.
1754 5249 2018 5306 Dominus
2047 5267 2175 5306 vero

605 5333 849 5388 omnium
879 5337 1171 5407 inSpector.
1204 5339 1324 5409 ejus
1350 5340 1442 5409 qui
1468 5340 1598 5393 talia
1633 5340 1929 5395 meditatur
1959 5343 2172 5397 ruinam

604 5430 964 5499 prospiciens,
998 5432 1227 5486 consilia
1261 5432 1382 5500 ejus
1409 5431 1637 5486 deridet.
1673 5431 1738 5484 Et
1760 5432 2025 5489 hactenus
2053 5437 2176 5505 qui-

599 5521 725 5576 dem
780 5523 914 5578 nihil
962 5525 1108 5578 aliud
1140 5525 1250 5594 agit
1299 5537 1460 5592 quam
1510 5525 1689 5579 ridere
1737 5525 2014 5580 hominem
2045 5528 2171 5582 talia

602 5613 806 5671 frustra
855 5617 1206 5688 cogitantem.
1255 5616 1390 5667 Cum
1422 5624 1600 5670 autem
1639 5626 1892 5685 peccator
1927 5619 1990 5672 ad
2039 5619 2172 5673 faci-

602 5719 736 5758 nora
793 5705 1173 5776 progreditur,
1230 5703 1483 5771 acuitque
1523 5705 1766 5775 gladios,
1823 5715 1880 5759 ut
1945 5707 2170 5764 insidias

607 5805 760 5863 purct
784 5798 847 5850 ad
881 5811 1067 5852 necem
1098 5794 1169 5860 ei,
1203 5794 1292 5862 qui
1327 5803 1545 5863 propter
1580 5798 1744 5854 Deum
1773 5799 2004 5868 in0piam
2035 5817 2165 5867 puu-

2277 2131 2627 2203 Διερμηνεύει
2679 2132 2744 2185 τά
2794 2133 3051 2204 ἀνωτέρω
3092 2133 3410 2202 λελεγμένα,
3457 2133 3517 2186 τὸ
3561 2135 3689 2204 μὲν,
3740 2139 3872 2191 Ὅτι

2275 2226 2416 2278 ὡσεὶ
2462 2226 2677 2294 χεξρτος
2719 2225 2869 2295 ταχὺ
2917 2224 3542 2294 ἁποξηρανθήσοιται,
3578 2230 3688 2282 καὶ
3723 2232 3869 2284 ὡσεὶ

2275 2317 2513 2388 λάχανα
2542 2321 2730 2387 χλόης
2768 2319 2919 2387 ταχὺ
2950 2321 3419 2384 ἀποπεσοῦνται,
3453 2320 3541 2374 διά
3569 2322 3696 2387 τοῦ,
3748 2326 3870 2376 Ἔτι

2277 2411 2504 2480 ὀλίγον,
2535 2413 2630 2464 καὶ
2657 2413 2728 2465 οὐ
2755 2411 2840 2481 μὴ
2881 2411 3119 2480 ὑπάρξῃ
3156 2415 3188 2466 d
3211 2414 3593 2482 ἁμαρτωλός·
3644 2417 3746 2468 καὶ
3786 2415 3872 2480 ζῆ-

2275 2502 2482 2568 τήσεις
2513 2502 2619 2555 τὸν
2649 2503 2832 2554 τόπον
2862 2503 3048 2556 αὑτοῦ
3079 2503 3177 2556 καὶ
3207 2505 3276 2556 οὐ
3301 2502 3389 2571 μὴ
3430 2504 3617 2570 εὕρῃς
3638 2521 3652 2532 ·
3690 2504 3757 2557 τὸ
3791 2507 3867 2566 δὲ,

2276 2594 2752 2660 Κατατρύφησον
2788 2593 2894 2646 τοῦ
2922 2595 3160 2659 Κυρίου,
3196 2592 3291 2644 καὶ
3326 2591 3503 2644 δώσει
3542 2609 3648 2646 σοι
3683 2597 3761 2646 τὰ
3787 2599 3868 2648 al-

2277 2683 2504 2752 τήματα
2554 2682 2661 2749 τῆς
2706 2683 2952 2752 καρδίας
3003 2701 3139 2745 σου,
3185 2684 3512 2755 σαφέστερον
3564 2687 3869 2740 ἀποδίδωσι

2276 2775 2364 2828 διὰ
2399 2776 2514 2840 τοῦ,
2548 2779 2610 2828 Ol
2651 2776 2719 2828 δὲ
2759 2777 2966 2844 πραεῖς
3001 2777 3524 2845 κληρονομήσουσι
3571 2778 3695 2845 τὴν
3725 2779 3862 2846 γῆν,

2278 2869 2372 2920 καὶ
2412 2868 2981 2936 κατατρινφήσοινσιν
3019 2869 3118 2920 ἐπὶ
3161 2868 3372 2934 πλήθει
3411 2868 3687 2936 εΙρήιιης.
3739 2874 3863 2934 Πῶς

2277 2961 2384 3031 γάρ
2417 2977 2500 3022 τις
2532 2961 2940 3032 κατατρυφήσει
2979 2960 3070 3013 τοῦ
3101 2961 3303 3031 Κυρίου
3350 2962 3676 3032 παρίστησι,
3730 2967 3863 3034 πλῆ-

2279 3049 2367 3112 θος
2401 3051 2622 3120 εἰρήνης
2655 3051 2782 3120 παρ’
2811 3049 2958 3119 αύτῷ
2991 3045 3127 3103 εἶναι
3171 3051 3340 3119 λέγων
3362 3067 3374 3080 ·
3411 3048 3471 3103 οὗ
3503 3052 3751 3124 πλήθους
3786 3060 3858 3108 εξ-

2282 3145 2448 3215 ρήνης
2491 3142 2888 3196 ἀπολαύσουσιν
2927 3145 2974 3195 ol
3016 3143 3109 3196 τοῦ
3145 3145 3346 3215 Κυρίου
3395 3151 3863 3217 κατατρυφήσαν-

2275 3253 2386 3297 τες.
2424 3237 2520 3289 Διά
2552 3236 2756 3289 τούτων
2787 3235 2842 3287 δὲ
2883 3238 2910 3289 6
2957 3234 3110 3304 λόγος
3150 3237 3334 3305 σαφῶς
3372 3238 3566 3308 ἑτέραν
3597 3241 3727 3293 τι·ιά
3759 3243 3861 3312 γῆν

2279 3327 2485 3398 ἀγαθὴν
2521 3327 2618 3398 τὴν
2661 3331 2772 3388 τοῖς
2814 3327 3012 3398 πραέσι
3060 3329 3424 3401 δοθησομένην
3455 3330 3726 3394 διδάσκει,
3771 3338 3864 3388 καὶ

2279 3419 2484 3490 τρυφὴν
2514 3419 2606 3472 καὶ
2635 3419 2837 3488 πλῆθος
2863 3420 3082 3490 εἰρήνης
3111 3422 3188 3483 εἰς
3218 3419 3513 3490 μέλλουσαν
3540 3423 3862 3493 avaritia-at

2278 3508 2444 3580 ζωήν.
2493 3509 2566 3561 Ού
2601 3509 2710 3580 γάρ
2741 3509 2948 3579 ἠγνόει,
2997 3509 3076 3562 δτι
3121 3510 3322 3580 ὁμοίως
3360 3514 3474 3574 τοῖς
3513 3512 3864 3583 ἀμαρτωλοξ

2278 3600 2420 3654 κατά
2461 3600 2550 3653 τὸν
2578 3601 2823 3672 παρόντα
2855 3601 2966 3670 βίον
3003 3601 3098 3655 καὶ
3123 3604 3170 3654 οἰ
3196 3602 3391 3656 δίκαιοι
3419 3603 3860 3674 τελευτήσουσιν,

2277 3692 2352 3756 ὡς
2391 3692 2648 3748 δύνασθαι
2682 3694 2776 3746 καὶ
2811 3693 2936 3763 περὶ
2975 3694 3152 3746 αὐτῶν
3181 3693 3432 3763 λέγεσθαι
3457 3696 3517 3748 τό
3544 3713 3558 3727 ·
3592 3698 3719 3750 Ἔτι
3751 3700 3861 3753 ὀλε-

2277 3803 2394 3854 γον,
2423 3787 2518 3838 καὶ
2541 3788 2602 3839 ού
2645 3786 2718 3856 μὴ
2769 3783 2985 3856 ὑπάρξῃ
3038 3787 3065 3838 6
3092 3785 3315 3848 δίκαιος,
3347 3787 3440 3838 καὶ
3475 3787 3736 3858 ζητήσεις
3772 3791 3863 3842 τὸν

2277 3877 2440 3929 τόπον
2462 3875 2646 3940 αὐτοῦ,
2674 3875 2767 3928 καὶ
2789 3876 2850 3926 οὐ
2873 3875 2945 3945 μὴ
2973 3874 3138 3946 εὕρῃς
3157 3892 3169 3904 ·
3189 3875 3476 3928 τελευτῶσι
3511 3877 3620 3947 γάρ
3656 3879 3863 3948 ὁμοίως

2277 3971 2387 4030 τοῖς
2420 3967 2758 4038 ἁμαρτωλοῖς
2788 3968 2882 4019 καὶ
2915 3967 3086 4019 αὐτοί.
3120 3969 3231 4020 Ούκ
3255 3967 3320 4020 ἂν
3351 3967 3408 4020 δὲ
3441 3965 3559 4022 εἷπε
3600 3972 3737 4042 περὶ
3764 3973 3862 4041 τῆς

2280 4059 2559 4130 παρούσης
2610 4059 2712 4127 γῆς
2747 4057 2864 4110 τόδε
2890 4074 2902 4088 ·
2961 4062 3022 4112 0t
3077 4059 3278 4126 πραεῖς
3322 4060 3860 4130 κληρονομήσουσι

2279 4150 2392 4217 τὴν
2416 4149 2552 4218 γῆν,
2590 4149 2772 4218 σαφῶς
2805 4149 2945 4221 ὁρῶν
2975 4150 3084 4203 τῶν
3109 4151 3323 4205 πάντων
3356 4152 3661 4224 πραότατον
3694 4155 3861 4208 Men“;-

2282 4241 2400 4304 οέα,
2435 4241 2600 4293 πάλαι
2638 4241 2695 4306 ἐξ
2730 4241 3030 4313 ἀνθρώπων
3077 4243 3364 4314 γενόμενον
3397 4246 3492 4298 καὶ
3524 4245 3620 4315 τῆς
3651 4246 3861 4316 παρού-

2281 4348 2378 4402 σης
2409 4331 2511 4402 γῆς
2538 4331 2972 4403 ἀπηλλαγμένον.

2349 4425 2834 4492 Παρατηρήσετιιι
2884 4431 2916 4480 d
2945 4427 3292 4496 ἁμαρτωλὸς
3332 4428 3437 4481 τὸν
3466 4427 3726 4491 δίκαιον,
3762 4429 3858 4482 καὶ

2273 4518 2484 4587 βρύξει
2513 4519 2603 4572 ἐπ’
2624 4518 2810 4573 αὑτὸν
2831 4518 2970 4584 τοὺς
2990 4518 3239 4584 ὀδόντας
3265 4519 3470 4572 αὑτοῦ.
3495 4518 3616 4572 Τῶν
3641 4535 3705 4572 τε
3733 4521 3857 4574 ἀσε-

2281 4611 2388 4663 ϐῶν
2428 4609 2524 4673 τὰς
2571 4611 2710 4663 κατά
2752 4610 2857 4661 τῶν
2902 4609 3123 4662 δικαίων
3171 4610 3584 4673 ἐπαναστάσεις,
3620 4611 3722 4662 καὶ
3754 4614 3860 4681 ἀμ.-

602 4697 711 4753 tor,
745 4689 948 4758 inquit,
989 4705 1098 4744 non
1136 4692 1271 4746 satis
1303 4708 1426 4748 esse
1474 4695 1575 4748 sibi
1608 4698 1814 4751 scelera
1863 4713 1960 4751 sua
2000 4707 2172 4767 putet,

2282 4703 2520 4774 φοτέρων
2549 4703 2657 4754 τῶν
2707 4703 2996 4771 ταγμάτων
3025 4701 3091 4754 τὰ
3131 4701 3278 4772 τέλη.
3313 4701 3397 4772 Μὴ
3429 4703 3536 4773 γὰρ
3575 4705 3856 4774 ἀρκούμεο

2281 4813 2388 4857 νος,
2427 4795 2578 4864 φησι,
2609 4797 2716 4857 τοῖς
2745 4792 2936 4846 ἑαυτοῦ
2971 4793 3073 4862 πλη
3083 4793 3432 4864 μμελήμασιν
3457 4796 3484 4846 6
3509 4795 3855 4866 ἁμαρτωλὸς,

2281 4887 2339 4937 ού
2387 4886 2540 4955 φέρει
2585 4885 2794 4954 βλέπων
2839 4885 2928 4936 τὸν
2961 4885 3161 4937 δίκαιον
3204 4883 3589 4939 θεοσεϐοὖντα·
3637 4887 3859 4958 ἔλεγχον

2282 4972 2390 5042 γὰρ
2421 4972 2511 5024 τὸν
2545 4971 2751 5024 ἐκείνου
2784 4971 2896 5041 βίον
2925 4971 3025 5042 τῆς
3062 4972 3254 5026 ἑαυτοῦ
3282 4973 3580 5044 μοχθηρίας
3608 4977 3854 5045 ἡγεῖται·

2281 5060 2361 5113 διὸ
2398 5061 2574 5130 λέγει·
2624 5063 2803 5133 Βαρὺς
2843 5064 2974 5132 ἡμῖν
3021 5065 3134 5116 ἐστι
3182 5064 3276 5118 καὶ
3326 5065 3694 5136 βλεπόμενος·
3737 5067 3860 5121 ὅθεν

2281 5153 2532 5224 ἐπιτηρεῖ
2564 5154 2710 5216 ὅπως
2741 5154 2902 5207 αὐτὸν
2933 5155 3232 5228 καταϐάλῃ.
3282 5157 3418 5209 Ἀλλ’
3453 5158 3482 5209 6
3524 5158 3621 5228 μὲν
3651 5157 3860 5224 δίκαιος

2282 5247 2340 5298 οὐ
2391 5249 2787 5316 προσποιεῖται,
2837 5247 2958 5300 οὐδὲ
3003 5247 3256 5315 γινώσκει
3303 5250 3372 5303 τά
3417 5249 3687 5320 λαθραίως
3739 5253 3859 5304 κατ’

2283 5336 2448 5389 αὐτοῦ
2480 5335 2871 5408 μηχανώμενα·
2912 5338 2940 5389 ὁ
2972 5337 3028 5392 δὲ
3056 5341 3438 5412 παντεπόπτης
3462 5340 3688 5413 Κύριος,
3725 5359 3859 5414 προ-

2280 5429 2421 5499 ορῶν
2463 5430 2558 5500 τὴν
2589 5429 2682 5483 τοῦ
2704 5430 2874 5484 ταῦτα
2899 5431 3274 5503 διανοουμένου
3318 5433 3540 5496 πτῶσιν,
3568 5434 3676 5488 τῶν
3713 5434 3858 5503 107t-

2284 5520 2438 5592 σμῶν
2464 5521 2626 5576 αὑτοῦ
2656 5526 2952 5598 καταγελᾷ.
2991 5528 3103 5581 Καὶ
3138 5528 3274 5591 τέως
3319 5529 3415 5597 μὲν
3444 5528 3601 5582 πλέον
3633 5528 3793 5583 οὐδὲν
3823 5528 3857 5600 ἢ

2281 5615 2416 5686 γελᾷ
2462 5618 2548 5669 ἐπ’
2575 5617 2724 5690 αὑτῷ
2765 5622 2940 5694 μάτην
2976 5620 3199 5676 τοιαῦτα
3231 5620 3592 5690 λογιζομένῳ·
3635 5621 3858 5675 ἐπειδὰν

2277 5707 2321 5758 δ’
2363 5709 2453 5762 ἐπὶ
2495 5709 2565 5763 τά
2598 5711 2729 5782 ἔργα
2761 5716 2932 5784 χωρῇ,
2969 5715 3239 5786 ἀκονήσας
3277 5711 3570 5765 ὲαυτοῦ⁹τά
3616 5711 3751 5778 ξίφη
3785 5713 3856 5775 ὡς

2281 5801 2440 5870 μέχρι
2476 5802 2703 5861 θανάτου
2753 5803 3130 5860 ὲπιῦουλεῦσαι
3164 5805 3240 5878 τῷ
3271 5804 3368 5875 τὴν
3413 5803 3499 5858 διὰ
3544 5804 3677 5859 Θεὸν
3711 5822 3854 5859 me»
