4010 6526
304 325 370 383 :9
1395 330 1894 400 COMMENTARIA
1938 344 2004 398 IN
2041 339 2379 403 PSALMOS.

3393 344 3500 408 330

263 443 414 514 κείαν
441 443 536 500 καὶ
579 447 765 504 πενίαν
806 451 1141 525 ἀνειληφότι,
1176 455 1267 510 καὶ
1299 457 1396 528 τὴν
1433 460 1606 532 ἄκραν
1637 478 1814 533 κατορ-

1938 464 2249 534 periemque
2277 465 2561 536 amplexus
2605 481 2668 522 ac
2704 481 2930 524 summa:
2953 467 3306 539 philosophiae
3347 469 3497 523 dedi-

264 534 441 589 θοῦντι
475 537 806 610 φιλοσοφίαν,
849 545 909 597 τὸ
935 546 1233 616 τηνικαῦτα
1272 548 1492 620 στρέφει
1519 551 1616 622 τὴν
1657 553 1832 606 αὐτῶν

265 628 532 697 ῥομφαίαν
565 632 704 685 κατά
735 635 831 705 τῆς
872 636 1052 690 αὐτῶν
1083 637 1308 708 καρδίας
1344 641 1372 692 ὁ
1401 642 1563 694 πάλαι
1606 659 1832 710 καταγε-

263 715 367 770 λῶν
393 721 571 774 αὐτῶν
604 724 824 796 Κύριος,
848 717 941 779 καὶ
963 728 1030 780 τὰ
1058 731 1192 784 κατὰ
1221 731 1313 783 τοῦ
1335 732 1540 785 δικαίου
1568 733 1696 798 τόξα
1723 734 1830 787 τῶν

264 810 474 864 ἀσεϐῶν
519 817 812 888 συντρίϐει.
851 819 1246 874 Μετελεύσεται
1294 823 1402 894 γὰρ
1447 825 1673 889 αὐτούς·
1710 825 1829 880 οὐδὲ

261 901 343 954 ἔτι
368 904 540 972 γελῶν
564 908 648 976 ἐφ’
678 904 758 972 οἷς
783 910 1113 966 διανοοῦνται
1134 955 1146 978 ,
1176 916 1310 968 ἀλλὰ
1333 921 1398 987 τῇ
1422 918 1543 990 δίκῃ
1569 922 1634 990 τῇ
1665 936 1830 991 προσο

258 994 466 1065 ηκούσῃ
493 999 608 1050 κατ’
633 1001 808 1054 αὐτῶν
837 1001 1131 1074 χρώμενος.
1164 1001 1344 1058 Ταῦτα
1373 1007 1448 1069 δὲ,
1479 1007 1557 1061 ὅτι
1583 1009 1656 1080 μὴ
1684 1009 1828 1076 λόγοι

258 1087 632 1156 τυγχάνουσιν,
664 1089 775 1142 ἀλλ’
805 1092 939 1162 ἔργα
973 1094 1143 1164 ἀληθῆ
1177 1096 1590 1168 μαρτυρούμενα
1618 1101 1706 1152 ὑπ’
1741 1101 1829 1152 αύ-

257 1173 358 1244 τῆς
391 1179 686 1248 ἐνεργείας,
715 1181 805 1234 καὶ
838 1185 967 1252 ἡμῖν
1016 1183 1198 1248 αὐτοῖς
1238 1189 1351 1249 τοῖς
1385 1187 1556 1242 ταῦτα
1601 1189 1717 1241 νυνὶ
1752 1189 1827 1241 δι-

256 1267 490 1334 εξιοῦσιν
518 1275 548 1344 ἡ
579 1277 737 1345 πεῖρα
762 1275 868 1329 τῶν
898 1276 1072 1345 ἔργων
1101 1279 1458 1334 ἐπιστώσατο.
1503 1281 1827 1352 Ὀφθαλμοῖς

255 1360 386 1428 γοῦν
435 1363 864 1435 παρειλήφαμεν,
904 1365 978 1432 ὼς
1015 1369 1063 1421 oi
1100 1371 1414 1440 ἁμαρτωλοὶ
1448 1373 1505 1424 ὲν
1548 1376 1658 1435 τοῖς
1705 1373 1824 1426 καθ’

251 1449 410 1520 ἡμῶν
447 1451 701 1522 διωγμοῖς
749 1456 1017 1524 ῥομφαίαν
1065 1460 1371 1514 ἐσπάσαντο
1417 1462 1556 1516 κατὰ
1598 1462 1707 1515 τῶν
1746 1463 1824 1515 δι-

251 1540 442 1605 καίων,
479 1543 570 1594 καὶ
608 1541 682 1606 ὡς
726 1545 992 1601 ἐνέτειναν
1037 1549 1106 1601 τὰ
1139 1551 1266 1615 τόξα
1310 1551 1487 1604 αὐτῶν
1519 1553 1610 1606 τοῦ
1656 1571 1824 1606 κατα-

251 1631 433 1684 ϐαλεῖν
464 1633 668 1705 πένητα
702 1637 793 1688 καὶ
827 1637 1058 1708 πτωχὸν,
1094 1642 1187 1693 καὶ
1225 1641 1318 1694 τοῦ
1352 1641 1549 1712 σφάξαι
1581 1645 1708 1707 τοὺς
1737 1645 1825 1696 εύ-

250 1721 362 1788 θεῖς
388 1728 454 1796 τῇ
490 1727 705 1798 καρδίᾳ,
751 1729 844 1781 καὶ
884 1724 959 1793 ὡς
992 1730 1232 1801 ἔπραξαν
1263 1733 1355 1786 καὶ
1402 1735 1696 1788 κατέϐαλον
1730 1734 1822 1790 καὶ

1934 563 2022 610 tus
2047 563 2151 615 est.
2189 556 2559 623 inferendam;
2613 567 2726 614 tum
2755 560 3033 622 Dominus,
3071 560 3162 630 qui
3194 550 3322 614 oliui
3353 559 3496 615 deri-

1931 642 2094 698 debat
2125 662 2250 713 eos,
2308 649 2546 720 gladium
2595 652 2755 704 vertit
2815 652 2867 705 in
2916 651 3082 706 corda
3118 653 3394 722 ipsorum,
3443 659 3496 707 et

1931 747 2091 790 arcus
2128 738 2414 808 impiorum
2466 748 2654 796 contra
2682 742 2891 810 justum
2923 752 3143 812 paratos
3177 742 3492 812 confringit.

1930 823 2046 880 Non
2081 827 2192 897 jam
2235 832 2594 900 cogitationes
2625 849 2812 886 eorum
2847 833 3104 887 deridens
3139 833 3351 888 invadet
3376 849 3493 897 eos,

1931 917 2024 972 sed
2056 923 2353 988 promerita
2386 923 2491 978 illis
2523 924 2728 978 ultione
2760 933 2962 980 utetur.
2990 924 3144 991 Quod
3179 935 3356 979 autem
3380 926 3494 980 lucc

1929 1024 2036 1061 non
2083 1026 2231 1064 mera
2261 1013 2425 1067 verba
2462 1014 2593 1081 sint,
2628 1015 2722 1069 sed
2771 1031 2857 1070 res
2887 1023 3052 1086 gesta}
3081 1030 3143 1070 ac
3183 1015 3304 1086 ipso
3332 1029 3494 1084 opere

1927 1102 2328 1170 comprobatam
2376 1106 2534 1160 nobis
2578 1107 2669 1176 qui
2725 1106 2836 1160 haec
2867 1122 3183 1162 enarramus
3231 1107 3313 1162 vel
3375 1109 3492 1176 ipsa

1926 1191 2260 1259 experientia
2295 1197 2766 1250 commonstravit.
2807 1196 2942 1265 Ipsis
2977 1198 3141 1267 igitur
3173 1197 3346 1250 oculis
3373 1212 3492 1266 per-

1927 1280 2192 1349 cepimus,
2222 1293 2536 1352 peccatores
2567 1287 2622 1341 in
2667 1289 3144 1358 persecutionibus
3183 1289 3237 1342 in
3270 1304 3371 1353 nos
3398 1305 3494 1342 exa-

1925 1373 2106 1428 citatis
2132 1373 2396 1430 adversus
2422 1377 2602 1445 justus
2635 1379 2869 1448 gladium
2903 1379 3157 1434 eduxisse
3181 1419 3196 1443 ,
3222 1391 3493 1448 arcusque

1925 1481 2055 1522 suos
2089 1468 2390 1526 intendisse
2419 1481 2477 1525 ut
2507 1473 2806 1542 dejicerent
2835 1489 3125 1545 pauperem
3153 1483 3206 1529 et
3250 1476 3488 1545 inopem,

1923 1563 2068 1610 etut
2103 1561 2442 1616 trucidarent
2497 1573 2676 1618 rectos
2727 1563 2919 1626 corde;
2972 1565 3318 1635 idipsumque
3351 1579 3493 1634 prae-

1925 1647 2160 1703 stitisse:
2193 1661 2414 1708 sanctos
2450 1661 2715 1724 martyres
2746 1670 2842 1724 pro
2874 1655 2984 1710 Deo
3017 1655 3229 1711 fortiter
3268 1665 3491 1726 agentes

1923 1735 2188 1805 dejecisse
2249 1750 2302 1794 et
2354 1743 2640 1812 multiplici
2695 1745 2888 1801 mortis
2932 1763 3129 1815 genere
3180 1747 3487 1800 sustulisse.

249 1815 460 1870 ἀνεῖλον
494 1818 754 1882 ποικίλοις
793 1818 1015 1890 τρόποις
1060 1820 1302 1876 θανάτων
1347 1825 1473 1888 τοὺς
1513 1826 1648 1878 κατὰ
1690 1826 1814 1879 Θεὸν

1929 1824 1996 1878 Ut
2027 1837 2206 1882 autem
2242 1830 2356 1885 haec
2407 1832 2666 1900 vidimus,
2695 1835 2767 1887 ita
2812 1844 2866 1890 et
2897 1813 3155 1892 ultionem
3199 1836 3291 1892 Dei
3341 1837 3490 1906 ipsos

248 1903 672 1976 ἀνδρισαμένους
720 1910 909 1977 ἁγίους
954 1911 1253 1983 μάρτυρας.
1298 1913 1506 1986 ’Ὥσπερ
1557 1915 1612 1968 δὲ
1652 1919 1822 1972 ταῦτα

249 1995 690 2066 ίστορησάμενοι,
737 1998 879 2052 οὓτω
929 2000 1022 2052 καὶ
1073 2001 1172 2073 τὴν
1224 2003 1582 2072 μετελθοῦσαν
1628 2007 1822 2073 αὐτοὺς

245 2084 339 2136 τοῦ
381 2085 515 2139 Θεοῦ
561 2087 717 2158 δίκην
755 2088 1078 2161 τεθεάμεθα,
1107 2093 1360 2165 τοιαύτην
1389 2097 1704 2168 γενομένην,
1747 2096 1820 2164 ὡς

249 2175 325 2244 μὴ
361 2175 624 2245 ἁμαρτεῖν
656 2175 746 2231 τὸν
775 2180 1020 2250 φήσαντα
1049 2180 1281 2251 ἀληθῶς,
1309 2183 1405 2254 τὴν
1433 2187 1706 2256 ῥομφαίαν
1725 2189 1822 2240 αύ-

247 2263 356 2317 τῶν
385 2266 782 2337 εἰσεληλυθέναι
812 2271 890 2333 είς
916 2271 1014 2342 τὴν
1039 2272 1261 2342 καρδίαν
1288 2275 1465 2326 αὐτῶν
1488 2278 1581 2329 καὶ
1602 2277 1670 2330 τὰ
1690 2278 1818 2345 τόξα

247 2342 426 2410 αὐτῶν
453 2360 846 2430 συντετρῖφθαι.

313 2449 612 2516 lips/"acor
636 2453 844 2522 ὀλίγον
881 2453 963 2519 τῷ
986 2455 1208 2524 δικαίῳ.
1255 2459 1330 2513 Οὐ
1360 2459 1677 2532 προείρηται
1716 2458 1814 2532 μό*

241 2552 353 2601 νον,
385 2538 517 2591 ἀλλὰ
559 2539 624 2593 δι’
663 2540 838 2612 ἔργων
880 2544 1366 2620 ἀποπεπλήρωται,
1407 2550 1500 2602 καὶ
1537 2551 1628 2602 τὸν
1658 2550 1814 2605 ἄλλον

240 2624 296 2678 δὲ
346 2627 555 2698 χρόνον.
603 2631 658 2683 Ὀ
701 2631 796 2701 μὲν
839 2633 1045 2698 δίκαιος
1078 2636 1394 2708 πτωχεύων,
1439 2641 1687 2712 ἀρκεῖται
1739 2643 1816 2715 τῷ

240 2715 426 2786 ὀλίγῳ,
476 2719 850 2793 δεδιδαγμένος
890 2727 946 2779 ὲν
978 2733 1248 2801 προσευχῇ
1295 2726 1472 2800 λέγειν
1499 2751 1511 2764 ·
1561 2736 1671 2788 Τὸν
1709 2736 1811 2803 dp.

243 2823 351 2860 τον
373 2809 542 2878 ἡμῶν
577 2816 682 2866 τὸν
714 2815 1025 2871 ἐπιούσιον
1061 2818 1166 2886 δὸς
1196 2819 1337 2890 ἡμῖν
1371 2822 1659 2892 σήμερον
1696 2829 1724 2880 ὁ
1758 2826 1813 2882 δὲ

241 2897 585 2970 ἁμαρτωλὸς,
634 2904 846 2976 πλούτῳ
894 2910 1347 2981 περιρρεόμενος,
1405 2915 1610 2981 ἀγαθοῦ
1668 2934 1813 2979 τινος

239 2990 540 3044 ἀπόλαυσιν
577 2996 803 3064 νομίζει.
850 2997 985 3057 Ἀλλ’
1020 2999 1150 3070 ἐγὼ,
1184 3004 1366 3073 φησὶν,
1394 3001 1453 3057 εὖ
1497 3001 1632 3072 οἶδα,
1665 3007 1811 3064 διδά-

240 3095 354 3131 σκω
385 3081 443 3135 δὲ
482 3083 575 3135 καὶ
611 3085 859 3155 ἐτέρους·
906 3089 986 3141 ὃτι
1048 3091 1221 3164 πολλῷ
1249 3093 1469 3163 βελτιων
1507 3098 1653 3151 ἐστὶν
1682 3101 1710 3152 ό
1735 3099 1812 3153 δί-

235 3185 390 3234 καιος
419 3170 514 3225 τὸν
545 3174 818 3249 ἐφήμερον
854 3179 1015 3261 άρτον
1047 3183 1196 3254 παρὰ
1240 3184 1333 3238 τοῦ
1363 3186 1494 3240 Θεοῦ
1522 3188 1808 3261 λαμϐάνων

234 3259 325 3313 τοῦ
355 3261 468 3315 τῶν
517 3265 852 3336 ἁμαρτωλῶν
879 3254 1132 3327 πλούτου.
1165 3275 1226 3329 Ei
1253 3276 1296 3329 δ’
1336 3279 1564 3351 ἐρωτᾷς,
1593 3254 1698 3354 ’τὴν
1729 3286 1812 3337 αίδ

230 3352 350 3404 τίαν
393 3355 668 3423 μάνθανε*
701 3361 781 3413 ὅτι
811 3363 839 3413 ό
874 3363 972 3432 μὲν
1013 3364 1176 3436 ὀλίγῳ
1211 3369 1549 3441 ἀρκούμενος
1589 3352 1810 3445 ἔχειτὸν

234 3442 440 3515 Κύριον
477 3447 681 3520 ὑποστη
693 3451 904 3519 ρίζοντα
931 3455 1093 3509 αὐτοῦ
1115 3456 1212 3523 τὴν
1233 3458 1406 3532 ψυχὴν
1434 3462 1528 3516 καὶ
1548 3464 1646 3535 τὴν
1667 3465 1811 3538 ζωὴν

233 3533 326 3585 καὶ
359 3534 452 3587 τὸν
505 3535 639 3605 βίον,
687 3540 826 3612 ὑπὲρ
868 3543 1042 3596 πάντα
1082 3563 1140 3600 τε
1193 3549 1420 3604 πλοῦτον
1467 3555 1810 3625 ἐπαρκοῦντα

233 3623 418 3695 αὐτῷ’
449 3628 504 3677 οἱ
550 3626 605 3681 δὲ
644 3629 750 3703 τῶν
779 3633 1116 3704 ἁμαρτωλῶν
1144 3638 1421 3710 βραχίονες
1450 3644 1510 3695 ού
1537 3645 1812 3715 διαμένου-

237 3730 324 3767 σιν
360 3717 595 3788 ίσχυροὶ,
634 3721 755 3774 οὐδὲ
792 3725 820 3775 ό
861 3724 1086 3790 πλοῦτος
1117 3730 1293 3782 αὐτῶν
1324 3731 1569 3802 βέϐαιος·
1607 3719 1811 3807 συντρι-

237 3804 498 3877 ϐήσανται
551 3810 658 3882 γὰρ
703 3813 825 3867 ὅσον
860 3815 1070 3870 ούδὲπω
1118 3819 1396 3890 γενόμενοι
1437 3824 1567 3877 ὡσεὶ
1605 3825 1810 3896 λάχανα

236 3895 398 3966 χλόης
426 3897 520 3950 καὶ
549 3899 680 3954 ὡσεὶ
713 3902 904 3974 χόρτος
935 3906 1436 3980 ἀποξηραινόμενοι.

303 3987 601 4043 Γινώσκει
645 3995 858 4060 Κύριος
907 3996 1012 4063 τὰς
1043 3998 1221 4064 ὀδοὺς
1252 4000 1369 4055 τῶν
1410 4002 1681 4073 ἀμώμων,
1711 4009 1810 4062 καὶ

233 4077 271 4143 ἢ
303 4083 669 4151 κληρονομία
690 4085 890 4140 αὐτῶν
906 4091 992 4156 εἰς
1017 4092 1123 4143 τὸν
1140 4090 1326 4146 αἰῶνα
1345 4093 1534 4149 ἔσται.
1565 4100 1645 4152 Οὐ
1671 4117 1793 4154 κατι

230 4174 745 4241 αισχυνθήσονται
793 4179 864 4232 ἐν
900 4182 1080 4250 καιρῷ
1123 4185 1383 4252 πονηρῷ,
1424 4189 1523 4241 καὶ
1554 4189 1624 4243 ἐν
1661 4192 1806 4263 ἠμέ-

225 4275 356 4327 ραις
399 4266 583 4334 λιμοῦ
638 4271 1174 4338 χορτασθήσονται,
1226 4276 1315 4330 ὅτι
1373 4281 1426 4331 οὶ
1473 4281 1805 4349 ἁμαρτωλοὶ

232 4352 621 4411 ἀπολοῦνται.
675 4361 796 4414 Ὅτι
839 4364 936 4416 τοῦ
981 4365 1154 4434 δεξιοῦ
1202 4369 1500 4440 τάγματος,
1558 4373 1700 4442 λέγω
1749 4376 1806 4428 δὲ

229 4442 334 4496 τῶν
359 4445 608 4513 δικαίων,
643 4453 704 4505 ού
735 4455 891 4524 μόνον
918 4458 1266 4530 ὑποστηρίζει
1293 4465 1320 4516 ό
1349 4461 1481 4528 Θεὸς
1511 4464 1609 4537 τὴν
1635 4466 1800 4539 ζωὴν,
1836 4493 1879 4548 ι)

231 4532 360 4588 ἀλλὰ
391 4542 486 4592 καὶ
522 4539 630 4604 τὰς
669 4548 1064 4615 περιμενούσας
1113 4552 1307 4616 αὐτοὺς
1345 4555 1402 4606 ὲν
1440 4555 1517 4626 τῷ
1560 4532 1803 4626 μέλλοντι

230 4625 377 4680 αἰῶνι
419 4633 642 4707 ἡμέρας
696 4636 937 4708 ἀκριϐῶς
975 4637 1101 4704 οἶδε,
1159 4647 1258 4714 τήν
1304 4663 1362 4698 τε
1402 4648 1806 4722 ἡτοιμασμένην

227 4717 402 4784 αὐτοῖς
449 4724 842 4798 κληρονομίαν,
891 4733 1016 4804 περὶ
1057 4729 1124 4806 ἦς
1167 4737 1424 4808 ἀνωτέρω
1459 4717 1672 4811 ἐλέχθη.
1715 4717 1806 4794 Διὸ

226 4809 370 4865 οὐδὲν
396 4817 602 4881 αὐτοὺς
630 4820 961 4892 καταϐλάψει
993 4824 1053 4878 τὸ
1080 4826 1276 4898 βραχὺ,
1313 4829 1407 4883 καὶ
1435 4809 1673 4902 λυπηρδν
1708 4834 1801 4888 τοῦ

227 4904 486 4975 παρόντος
527 4911 673 4981 βίου,
717 4913 900 4967 καὶτὸ
939 4917 1194 4972 πένεσθαι
1234 4921 1327 4973 καὶ
1373 4923 1671 4994 πτωχεύειν
1713 4926 1801 4979 διὰ

229 4989 314 5045 τὸν
341 4997 561 5071 Κύριον,
601 5003 642 5055 Γ
646 5005 906 5074 υμνάσιον
935 5006 1043 5080 γὰρ
1074 5010 1252 5064 αὐτῶν
1277 5014 1392 5066 ἐστι
1421 4989 1525 5086 τῆς*
1546 5018 1801 5089 προαιρέ-

392 5092 425 5160 ή
451 5095 740 5166 καρτερία,
771 5096 838 5150 δι’
866 5092 934 5169 ἧς
961 5099 1059 5171 τὴν
1100 5103 1290 5175 στενὴν
1315 5105 1407 5158 καὶ
1437 5105 1798 5179 τεθλιμμένην

232 5172 516 5266 ὁδεύοντες,
563 5182 844 5254 τεύξονται
888 5191 997 5244 τῶν
1045 5172 1488 5266 ἐπηγγελμένων,
1550 5172 1691 5253 ’.ἀντὶ
1740 5172 1797 5254 δὲ

229 5263 341 5358 τοῦ,
364 5270 658 5338 γινώσκει,
681 5277 710 5328 ό
733 5275 1048 5349 Σύμμαχος,
1076 5263 1360 5350 Προοῖδεν
1385 5290 1418 5340 ό
1448 5289 1662 5357 Κύριος
1689 5292 1795 5358 τὰς

230 5350 595 5454 ᾐμέραςτῶν
625 5366 897 5437 ἀμώμων,
930 5372 1210 5437 ἐξέδωκεν.
1244 5379 1354 5432 Καὶ
1395 5350 1609 5435 alios:
1638 5350 1792 5454 ’μέγᾶι

233 5445 455 5522 ὑπάρξει
487 5457 734 5522 τούτοις·
784 5461 854 5515 ἐν
897 5464 1006 5536 γὰρ
1052 5467 1234 5536 καιρῷ
1284 5471 1522 5541 πονηρῷ
1559 5445 1795 5531 oi).de-

214 5547 754 5618 αισχυνθήσονται,
780 5555 877 5609 καὶ
899 5556 969 5610 ἐν
993 5557 1240 5628 ἡμέραις
1260 5563 1438 5633 λιμοῦ
1462 5569 1794 5638 χορτασθήο

296 5720 340 5753 ’⁸
375 5723 505 5784 Luc.
544 5745 622 5794 si,
655 5731 704 5790 5.

544 5821 815 5890 Pnaot.
860 5829 976 5894 Gn.
1025 5830 1261 5894 XXIII.

1927 1917 2272 1976 invadentem
2302 1925 2672 1993 suspeximus,
2708 1942 2828 1996 qua:
2862 1930 2988 1983 talis
3027 1930 3213 1999 utique
3256 1929 3378 1993 fuit,
3430 1937 3490 1982 ut

1925 2011 2061 2066 nihil
2087 2014 2423 2069 aberraverit
2467 2016 2514 2072 is
2556 2019 2648 2086 qui
2680 2020 2816 2073 dixit
2845 2021 3084 2090 gladium
3131 2037 3319 2077 eorum
3369 2019 3489 2074 inﬂ-

1924 2117 2051 2157 xum
2082 2103 2136 2158 in
2169 2106 2334 2159 carda
2373 2105 2638 2177 ipsorum,
2669 2118 2724 2166 et
2752 2126 2914 2167 arcus
2943 2128 3130 2168 eorum
3176 2112 3487 2168 contractos

1920 2211 2063 2253 esse.

1987 2453 2156 2514 Vens.
2209 2460 2295 2516 18.
2342 2455 2532 2517 Melius
2579 2473 2657 2519 est
2708 2459 2968 2521 modicum
2990 2469 3161 2538 justo,
3199 2473 3304 2525 etc.
3359 2470 3482 2526 Nec

1915 2565 2025 2604 non
2057 2552 2218 2606 modo
2251 2557 2611 2622 praenuntiata
2641 2555 2820 2622 fuere,
2851 2559 2944 2614 sed
2976 2569 3030 2614 et
3063 2563 3184 2616 aliis
3225 2565 3484 2633 tempori-

1915 2639 2018 2695 bus
2052 2655 2216 2712 opere
2241 2645 2526 2715 completa.
2551 2645 2741 2703 Justus
2763 2649 2980 2718 quidem
3003 2667 3292 2721 pauperem
3318 2668 3482 2724 agens

1914 2731 2080 2786 vitam
2133 2735 2324 2802 paucis
2371 2745 2660 2794 contentus
2711 2749 2814 2805 est,
2871 2742 2937 2795 ad
2994 2743 3107 2798 haec
3149 2745 3201 2798 in
3237 2750 3481 2805 oratione

1915 2813 2238 2883 proferenda
2275 2819 2578 2884 institutus,
2613 2821 2812 2877 Panem
2847 2836 3084 2881 nostrum
3115 2831 3479 2899 quotidianum

1913 2903 1984 2958 da
2013 2905 2162 2961 nobis
2191 2908 2347 2964 hodie
2373 2911 2442 2964 "°.
2484 2910 2750 2967 Peccator
2786 2925 2963 2970 autem
2995 2917 3201 2973 divitiis
3231 2918 3476 2986 aﬂluens.

1913 3009 1974 3049 se
2002 2997 2145 3052 bono
2176 2997 2280 3052 frui
2311 3001 2629 3056 arbitratur.
2664 3004 2731 3058 At
2758 3006 2926 3074 probe
2955 3009 3100 3074 novi,
3157 3011 3355 3082 inquit,
3399 3015 3480 3068 id-

1912 3101 2019 3155 que
2065 3095 2293 3146 caeteros
2339 3093 2529 3156 doceo,
2569 3096 2738 3150 multo
2780 3100 3208 3166 praestantiorem
3247 3105 3478 3172 justum.

1910 3181 2001 3251 qui
2035 3184 2413 3252 quotidianum
2447 3203 2476 3242 a
2521 3187 2628 3244 Deo
2659 3203 2852 3260 panem
2883 3196 3098 3265 accipit,
3128 3207 3477 3266 peccatorum

1911 3273 2119 3329 divitiis
2146 3291 2289 3331 esse.
2323 3276 2478 3344 Quod
2512 3281 2558 3336 si
2609 3296 2830 3338 causam
2860 3289 3219 3356 perconteris,
3265 3290 3476 3346 ediscat

1910 3363 2060 3429 licet,
2093 3366 2218 3436 quia
2256 3369 2344 3425 ille
2376 3373 2598 3440 quidem
2631 3379 2818 3444 paucis
2845 3384 3156 3440 contentus,
3190 3378 3475 3437 Dominum

1911 3455 2073 3512 habet
2115 3460 2207 3530 qui
2243 3462 2480 3517 animam
2529 3474 2583 3519 et
2613 3465 2778 3520 vitam
2827 3469 2946 3536 ejus
2999 3471 3207 3532 i'ulciat,
3263 3473 3476 3545 ipsique

1909 3548 2199 3619 plusquam
2250 3567 2440 3608 omnes
2479 3555 2683 3612 divitiae
2717 3559 2947 3615 snmciat
2976 3579 2988 3616 :
3043 3572 3096 3616 at
3130 3573 3474 3633 peccatorum

1909 3639 2135 3696 brachia
2165 3658 2274 3698 non
2304 3646 2527 3701 robusta
2576 3659 2817 3716 manent,
2849 3669 3026 3722 neque
3059 3655 3260 3710 divitiae
3287 3672 3474 3711 eorum

1911 3730 2081 3786 ﬁrma:
2130 3742 2296 3799 sunt;
2357 3752 2524 3806 prope
2553 3737 2863 3796 diemenim
2919 3752 3270 3799 conterentur
3317 3748 3473 3816 quasi

1909 3820 2058 3874 olera
2090 3822 2402 3890 herbarum,
2437 3836 2490 3880 et
2516 3835 2772 3898 tanquam
2804 3830 2987 3885 fenum
3017 3841 3286 3889 arescent.

1980 3993 2147 4056 Vens.
2193 4000 2258 4054 18
2288 4031 2313 4041 -
2343 4000 2432 4056 20.
2485 3999 2644 4057 Nat-it
2700 4003 2954 4060 Dominus
3005 4009 3116 4062 vias
3167 4008 3471 4067 immacula-

1909 4099 2102 4154 tarum,
2141 4101 2190 4145 et
2238 4092 2518 4148 ha’reditas
2563 4111 2742 4148 eorum
2791 4096 2845 4148 in
2893 4106 3147 4151 a’ternum
3198 4099 3317 4153 erit.
3351 4099 3475 4155 Non

1907 4182 2295 4251 confundenlur
2335 4185 2387 4237 in
2422 4195 2646 4253 tempore
2675 4188 2837 4251 man,
2891 4197 2938 4241 et
2985 4189 3041 4243 in
3087 4190 3267 4244 diebus
3313 4191 3474 4260 famis

1907 4275 2311 4341 saturabumur,
2342 4277 2464 4346 quia
2495 4287 2791 4345 peccatores
2818 4277 3080 4348 peribunt.
3112 4279 3250 4347 Quia
3283 4297 3472 4337 eorum

1907 4367 2000 4437 qui
2032 4366 2087 4420 in
2123 4367 2314 4422 dextro
2365 4369 2558 4423 ordine
2603 4378 2750 4437 sunt,
2783 4372 2835 4426 id
2886 4381 2970 4427 est
3015 4373 3309 4442 justorum,
3363 4388 3475 4430 non

1909 4459 2070 4513 modo
2116 4460 2283 4513 vitam
2319 4458 2475 4514 fulcit
2515 4458 2817 4530 Dominus;
2869 4464 2961 4518 sed
2995 4465 3158 4518 etiam
3193 4465 3332 4530 dies,
3377 4467 3471 4536 qui

1908 4549 2058 4620 ipsos
2091 4551 2145 4604 in
2183 4550 2364 4605 futuro
2395 4553 2596 4607 saeculo
2636 4561 2977 4622 exspectant,
3008 4567 3262 4609 accurate
3296 4559 3470 4619 novit,

1906 4651 2070 4712 atque
2121 4651 2366 4712 paratam
2402 4645 2510 4698 illis
2541 4644 2932 4707 haereditatem.
2968 4645 3036 4700 de
3078 4661 3184 4715 qua
3220 4647 3474 4716 superius

1904 4735 2111 4790 dictum
2161 4743 2266 4791 est.
2319 4734 2500 4801 Quare
2552 4737 2863 4791 nocumenti
2913 4737 3050 4792 nihil
3098 4737 3288 4793 all‘eret
3339 4738 3473 4808 ipsis

1905 4827 2197 4897 praesentis
2228 4826 2353 4881 vitae
2400 4827 2641 4882 brevitas
2693 4841 2758 4879 an
2801 4828 3055 4892 tristitia,
3084 4836 3138 4884 et
3183 4830 3471 4900 pauperies

1902 4918 2196 4988 inopiaque
2236 4933 2398 4988 quam
2452 4933 2551 4988 pro
2598 4917 2826 4972 Domino
2871 4921 3102 4991 amplexi
3151 4929 3298 4977 sunt.
3333 4920 3468 4976 Nam

1902 5024 2092 5065 eorum
2123 5009 2386 5082 propositi
2424 5019 2478 5064 et
2508 5011 2807 5065 Voluntatis
2842 5011 3159 5066 exercitatio
3201 5011 3301 5067 fuit
3333 5012 3471 5071 tole-

1902 5102 2101 5166 rantia,
2137 5117 2246 5174 qua
2292 5103 2347 5156 in
2398 5110 2627 5172 angusta
2683 5110 2944 5174 arctaque
2991 5103 3075 5158 via
3129 5103 3468 5169 incedentes,

1899 5193 2170 5264 promissa
2197 5203 2619 5264 consequentur.
2645 5191 2752 5250 Pro
2774 5195 2868 5249 illo
2900 5205 3100 5261 autem,
3128 5197 3288 5262 novit,
3317 5195 3471 5268 Sym-

1898 5286 2149 5349 machus,
2175 5285 2417 5354 prwvidit
2440 5286 2698 5340 Dominus
2727 5286 2838 5342 dies
2870 5287 3354 5351 immaculatorum,
3388 5289 3470 5344 in-

1901 5386 2232 5448 terpretatus
2289 5387 2394 5434 est.
2454 5378 2724 5448 Aliudque
2783 5393 3037 5450 maguum
3086 5380 3287 5434 bonum
3332 5378 3469 5448 ipsis

1899 5470 2152 5526 Obveniet
2177 5487 2191 5538 ;
2220 5473 2342 5526 nam
2375 5471 2428 5525 in
2450 5482 2674 5541 tempore
2694 5473 2834 5527 malo
2857 5489 2960 5527 non
2989 5472 3396 5542 confundantur,
3417 5481 3468 5523 et

1903 5565 1954 5618 in
1975 5563 2158 5621 diebus
2187 5562 2346 5635 famis
2370 5564 2770 5621 saturnbuntur.
2801 5563 2999 5622 Malum
3029 5573 3267 5633 tempus,
3299 5563 3351 5618 id
3384 5575 3469 5618 est

3109 5841 3174 5920 t1
