4010 6522
212 382 322 438 315

1319 384 1824 442 COMMENTARM
1864 385 1932 440 IN
1975 383 2316 441 PSALMOS.

3372 389 3480 446 5H

210 515 301 562 τες
329 495 493 550 αὑτοῦ
525 497 585 550 τὸ
611 492 748 568 αἷμα
774 496 895 551 καθ’
919 495 1125 558 ἑαυτῶν
1154 497 1256 553 καὶ
1273 496 1413 551 κατά
1446 497 1554 555 τῶν
1596 498 1789 552 τέκνων

1904 499 2083 568 ipsum
2111 496 2200 552 hic
2230 495 2492 564 declarat,
2521 505 2598 551 ita
2630 496 2859 567 loquens
2893 515 2907 551 :
2936 493 3302 550 Dilataverunt
3325 509 3483 564 super

211 591 425 644 αὐτῶν·
456 591 485 644 ὃ
511 591 575 663 δὴ
596 592 688 644 καὶ
721 590 874 661 αὑτῷ
905 590 1200 661 παρίστησι
1241 589 1329 643 διὰ
1364 592 1473 644 τῶν
1499 592 1794 662 προκειμέ-

209 697 318 734 νων
344 679 546 748 λέγων·
579 681 959 734 Ἐπλὰτυναν
989 681 1080 732 ἐπ’
1102 679 1207 748 ἐμὲ
1236 679 1301 732 τὸ
1332 682 1526 750 στόμα
1558 682 1787 742 αὐτῶν.

210 767 324 824 Εἶτ’
360 770 548 838 ἐπειδὴ
593 770 862 841 παρεδόθη
897 773 1078 840 αὐτοῖς
1121 770 1196 833 ὼς
1227 770 1495 840 πρόϐατον
1528 773 1620 825 ἐπὶ
1654 791 1793 842 σιρα-

210 863 335 936 γὴν,
380 864 475 918 καὶ
510 863 589 927 ὡς
627 865 799 935 ἀμνὸς
841 864 1043 927 ἄκακος
1083 863 1321 917 ἐναντίον
1375 864 1468 917 τοῦ
1513 866 1793 939 κείραντος

210 958 446 1026 ἄφωνος,
480 957 712 1030 ὁρῶντες
742 957 902 1010 αὑτοῦ
935 956 996 1010 τὸ
1031 956 1203 1020 πάθος
1240 957 1584 1026 ἐπεφώνουν·
1613 955 1790 1029 Εὖγε,

208 1046 372 1121 εὖγε,
407 1047 571 1105 εἶδον
599 1054 651 1104 οἱ
683 1051 972 1120 ὀφθαλμοὶ
1003 1050 1191 1119 ἡμῶν.

278 1137 470 1207 Εἷδες,
509 1143 716 1210 Κύριε,
750 1141 836 1211 μὴ
883 1141 1378 1210 παρασιωπήσῃς.
1436 1142 1546 1194 Καὶ
1587 1140 1792 1195 ἄνωθεν

212 1229 365 1286 εἷπε·
417 1235 568 1287 Πότε
622 1235 855 1303 eadem;
909 1235 1003 1288 καὶ
1062 1234 1152 1288 διὰ
1207 1234 1316 1288 τῶν
1370 1233 1744 1306 προκειμένων
1774 1252 1787 1265 ·

210 1325 405 1390 Εἶδες,
436 1325 628 1392 Κύριε.
655 1325 718 1378 Τί
749 1325 804 1378 δὲ
851 1323 1018 1390 εἷδεν;
1058 1327 1144 1390 Ὠς
1187 1325 1378 1389 δολίως
1429 1326 1576 1396 αὐτῷ
1622 1342 1792 1399 προσ-

206 1417 395 1488 ῄεσαν,
430 1419 521 1472 καὶ
561 1418 635 1482 ὡς
675 1418 978 1472 ὲπλάτυναν
1027 1420 1147 1472 κατ’
1184 1417 1349 1472 αὑτοῦ
1387 1419 1448 1472 τὸ
1481 1419 1655 1489 στόμα
1697 1420 1793 1472 αὑ-

207 1509 335 1575 τῶν,
373 1511 466 1564 καὶ
493 1511 568 1574 ὡς
601 1511 719 1564 κατ’
753 1511 918 1582 εὐχὰς
959 1511 1267 1582 πράξαντες
1311 1511 1580 1565 ἐπεϐόων·
1611 1507 1788 1580 Εὖγε,

208 1596 376 1670 εὖγε,
424 1596 588 1655 εἶδον
635 1605 688 1655 oi
743 1601 1036 1670 ὀφθαλμοὶ
1087 1601 1276 1670 ἡμῶν.
1330 1603 1402 1655 Σὺ
1452 1602 1542 1666 δὲ,
1594 1603 1788 1672 Κύριε,

207 1690 375 1744 ταῦτα
411 1691 765 1764 θεασάμενος,
813 1693 1182 1763 ἀνασχόμενός
1215 1711 1274 1746 τε
1307 1695 1402 1748 καὶ
1437 1693 1790 1767 μακροθυμή-

211 1800 326 1848 σας,
348 1784 434 1854 μὴ
458 1785 970 1854 παρασιωπήσῃς·
1007 1785 1120 1838 ἀλλ’
1149 1786 1432 1840 ἀναλαϐὼν
1473 1787 1534 1839 τὸ
1580 1787 1680 1858 τῆς
1715 1787 1794 1839 δι-

1894 608 1976 644 me
2022 608 2079 644 os
2129 608 2306 645 suum.
2338 588 2541 644 Deinde
2589 589 2720 660 quia
2757 589 2894 660 ipsis
2933 588 3171 645 traditus
3205 587 3309 643 fuit
3336 589 3481 652 sicut

1895 683 2014 737 ovis
2049 684 2115 737 ad
2152 683 2570 753 jugulationem,
2609 690 2664 737 et
2702 682 2846 736 sicut
2878 697 3054 751 agnus
3092 681 3212 736 sine
3245 681 3476 748 malitia,

1896 789 2081 830 coram
2115 763 2376 829 tondente
2406 775 2526 830 sine
2550 775 2976 838 voce,videntes
3010 773 3131 843 ejus
3162 774 3477 844 passionem

1895 865 1977 920 sic
2023 865 2469 921 vociferabantur
2520 882 2534 922 :
2601 863 2769 935 Euge,
2828 863 3005 934 Euge!
3047 864 3290 919 viderunt
3339 864 3481 920 oculi

1894 958 2085 1012 nostri.

1967 1133 2347 1191 Vens.23-26.
2414 1132 2626 1198 Vidisti,
2671 1134 2917 1195 Domine,
2967 1151 3032 1189 ne
3081 1134 3263 1190 sileas.
3303 1133 3480 1206 Supe-

1893 1229 2010 1283 rius
2041 1228 2180 1281 dixit
2234 1247 2246 1281 :
2289 1227 2514 1294 Quando
2562 1229 2847 1297 respicies?
2897 1229 2952 1281 in
2995 1227 3252 1296 prteseuti
3297 1241 3477 1282 vero:

1904 1319 2116 1385 Vidisti,
2142 1320 2412 1376 Domine?
2440 1321 2645 1392 Ecquid
2665 1323 2838 1377 vidit?
2857 1322 3014 1388 Quod
3049 1322 3236 1377 dolose
3263 1337 3324 1378 se
3345 1337 3481 1384 con-

1893 1414 2167 1478 venerint,
2207 1421 2263 1468 et
2321 1413 2466 1483 quod
2523 1414 2878 1470 dilataverint
2937 1423 3132 1470 contra
3187 1417 3367 1485 ipsum
3416 1428 3480 1470 os

1895 1522 2078 1566 suum.
2108 1513 2163 1560 ct
2208 1507 2378 1576 quod,
2421 1522 2480 1561 re
2533 1523 2634 1578 pro
2692 1516 2821 1563 voto
2876 1517 3050 1579 gesta,
3077 1507 3477 1563 clamaverint:

1895 1597 2064 1670 Euge,
2084 1596 2227 1668 Euge
2248 1598 2268 1650 !
2300 1597 2538 1653 viderunt
2561 1601 2701 1653 oculi
2733 1601 2921 1654 nostri.
2943 1598 3026 1653 Tu
3058 1606 3264 1663 autem,
3295 1595 3483 1652 Domi-

1894 1705 1983 1758 ne,
2018 1691 2114 1761 qui
2152 1691 2267 1755 hzec
2288 1692 2504 1758 vidisti,
2542 1693 2638 1749 sed
2677 1693 2952 1764 patienter
2983 1708 3050 1748 ac
3078 1692 3358 1748 moderate
3391 1701 3483 1746 tu-

1896 1782 2031 1849 listi,
2067 1799 2128 1836 ne
2151 1783 2308 1838 sileas
2337 1800 2356 1838 :
2388 1785 2483 1840 sed
2515 1794 2798 1857 assumpto
2817 1787 3048 1858 iustitia:
3081 1795 3186 1840 tuae
3216 1784 3480 1841 tribunali

206 1877 498 1949 καιοσύνης
525 1895 619 1931 σου
648 1879 930 1949 κριτήριον
950 1879 1075 1947 λέγε
1095 1897 1106 1909 ·
1143 1879 1333 1933 Ταῦτα
1353 1880 1666 1948 ἐποίησας,
1693 1881 1789 1934 καὶ

1897 1875 1984 1928 dic
2023 1893 2035 1928 :
2070 1874 2200 1928 11αό
2244 1876 2437 1945 fecisti,
2464 1887 2513 1930 et
2562 1879 2704 1931 tacui
2743 1879 2827 1945 ‘7;
2874 1892 2940 1932 ac
2969 1892 3192 1931 rursum
3225 1895 3239 1932 :
3285 1873 3477 1938 Tacui,

205 1967 498 2041 ἐσίγησα·
535 1971 629 2024 καὶ
658 1971 817 2024 πάλιν
841 1989 855 2002 ·
899 1970 1265 2039 Ἐσιώπησα,
1288 1973 1374 2042 μὴ
1405 1972 1502 2027 καὶ
1530 1973 1621 2027 ἀεὶ
1651 1989 1791 2027 σιω-

208 2057 510 2127 πήσομαι;
557 2058 940 2131 Ἀνθρωπίνως
959 2053 1016 2107 δὲ
1067 2060 1298 2112 ἱκετεύει
1338 2058 1510 2125 λέγων
1537 2061 1674 2131 πρὸς
1701 2060 1791 2112 τὸν

207 2148 402 2202 ἑαυτοῦ
442 2151 698 2221 Πατέρα’
740 2150 838 2220 Μὴ
870 2150 1146 2220 ἀποστῇς
1169 2152 1269 2206 ἀπ’
1299 2151 1444 2221 ἐμοῦ
1463 2168 1475 2181 ·
1507 2151 1621 2216 καὶ,
1660 2151 1788 2215 Ἐξ-

209 2239 478 2310 εγέρθητι
513 2243 610 2296 καὶ
650 2244 916 2312 προσ-χες
942 2241 1017 2313 τῇ
1043 2244 1257 2312 κρίσει,
1289 2247 1323 2298 ὀ
1361 2245 1505 2310 Θεός
1525 2261 1645 2314 μου
1687 2245 1787 2303 καὶ

207 2333 238 2384 ό
263 2332 478 2398 Κυριός
516 2349 636 2402 μου
680 2337 769 2399 εἰς
817 2332 931 2402 τὴν
977 2333 1156 2402 δίκην
1187 2351 1327 2403 μου.
1365 2334 1522 2388 Κατά
1557 2335 1666 2407 γὰρ
1699 2335 1788 2387 τὸν

204 2422 395 2492 καιρὸν
425 2423 520 2476 τοῦ
551 2425 689 2496 ὑπὲρ
719 2424 873 2497 ἡμῶν
903 2425 1107 2489 πάθους
1129 2427 1381 2491 τοιαύτας
1402 2427 1552 2496 ἠφίει
1580 2425 1784 2496 φωνὰς,

201 2514 290 2566 ἵνα
337 2515 602 2587 πιστευθῇ
651 2516 938 2590 ἄνθρωπος
990 2518 1267 2588 ἀτρεκέως
1336 2518 1478 2572 κατὰ
1526 2519 1784 2590 ἀλήθειαν

201 2606 460 2677 γεγονὼς,
486 2609 580 2662 καὶ
606 2610 695 2663 τὸν
721 2609 859 2681 ὑπὲρ
893 2616 924 2680 ἠ
933 2611 1048 2682 μῶν
1078 2611 1306 2666 θάνατον
1328 2613 1590 2676 ἑκουσίως
1622 2629 1788 2665 κατα-

196 2699 505 2771 δεχόμενος.
559 2701 670 2754 Καὶ
711 2701 796 2770 μὴ
845 2701 1281 2771 ἐπιχαρήσειάν
1311 2721 1435 2772 μοι,
1470 2703 1556 2773 μὴ
1605 2704 1788 2756 εἴποι-

195 2806 320 2844 σαν
371 2791 441 2844 ἑν
490 2793 764 2860 καρδίαις
802 2793 1032 2846 αὐτῶνθ
1085 2790 1262 2864 Εὖγε,
1311 2790 1472 2863 εὖγε,
1521 2797 1559 2864 ἡ
1614 2795 1785 2864 ψυχὴ

195 2884 403 2953 ἡμῶν]
444 2885 600 2954 μηδὲ
644 2887 957 2939 εἵποισανο
1007 2889 1375 2956 Κατεπίομεν
1417 2889 1630 2941 αὐτόν.
1677 2888 1787 2940 -Σοῦ

193 2979 330 3050 γὰρ,
347 2979 534 3048 φησὶν,
557 2977 934 3044 ἐπεξελθόντος
958 2981 1070 3040 τοῖς
1088 2979 1530 3050 τετολμημένοις,
1560 2979 1651 3032 καὶ
1674 2978 1790 3051 κρί-

193 3087 389 3134 ναντος
424 3069 565 3123 κατὰ
592 3070 694 3140 τὴν
727 3069 1074 3140 δικαιοσύνην
1126 3085 1239 3132 σου,
1283 3069 1382 3122 οὐκ
1429 3071 1788 3142 ἐπιχαρήσον-

189 3178 320 3222 ται,
373 3161 482 3213 οὐδ’
531 3158 747 3231 ἐροῦσιν
794 3161 852 3212 ὲν
891 3165 1012 3224 ταῖς
1061 3161 1313 3232 καρδίαις
1344 3163 1556 3215 αὐτῶνθ
1607 3159 1784 3233 Εὖγε,

1898 1986 1968 2022 an
1987 1985 2188 2038 semper
2211 1969 2389 2024 tacebo
2406 1971 2489 2024 Mi‘3
2521 1970 2771 2026 Humano
2801 1980 2982 2025 autem
3009 1985 3163 2025 more
3196 1968 3346 2024 Patri
3377 1982 3481 2024 suo

1897 2061 2172 2131 supplicat
2204 2062 2292 2115 his
2323 2061 2508 2116 verbis
2548 2077 2561 2116 :
2599 2061 2683 2117 Ne
2730 2062 2973 2118 discedas
3005 2080 3037 2116 a
3081 2078 3163 2116 me
3186 2077 3205 2127 ;
3231 2067 3285 2115 et
3320 2079 3334 2116 :
3367 2059 3482 2114 Ex.

1895 2169 2049 2223 surge
2077 2163 2124 2208 et
2153 2153 2362 2209 intende
2397 2155 2605 2224 judicio
2631 2171 2766 2219 meo,
2795 2154 2938 2208 Deus
2961 2169 3104 2209 meus
3137 2161 3186 2207 et
3216 2151 3479 2206 Dominus

1896 2261 2042 2300 meus
2063 2246 2117 2298 in
2133 2261 2352 2298 causam
2385 2263 2575 2300 meam.
2607 2246 2875 2315 Tempore
2905 2260 3143 2315 namque
3180 2258 3279 2314 pro
3317 2241 3480 2298 nobis

1895 2343 2163 2407 susceptae
2195 2337 2472 2406 passionis
2505 2338 2642 2392 tales
2663 2336 2945 2390 emittebat
2974 2349 3160 2400 voces,
3199 2343 3258 2387 ut
3283 2332 3476 2388 crede-

1893 2436 2046 2484 retur
2075 2429 2237 2486 homo
2257 2430 2433 2485 factus
2456 2431 2758 2486 secundum
2789 2431 2868 2485 rei
2900 2429 3204 2490 veritatem,
3223 2441 3287 2480 ac
3313 2441 3479 2496 spon-

1892 2524 1948 2572 te
1972 2533 2071 2587 pro
2110 2519 2271 2574 nobis
2296 2527 2528 2575 mortem
2585 2519 2923 2590 suscepisse.
2957 2517 3025 2572 Et
3050 2535 3154 2572 non
3182 2532 3479 2586 supergau-

1893 2607 2050 2663 deant
2082 2609 2229 2675 mihi,
2255 2629 2317 2666 ne
2353 2611 2534 2664 dicant
2571 2613 2624 2664 in
2669 2609 2915 2665 cordibus
2958 2609 3070 2663 suis
3099 2625 3117 2662 :
3141 2607 3308 2678 Euge,
3335 2606 3481 2678 Euge

1895 2704 2089 2758 animle
2127 2705 2347 2759 nostrte!
2378 2722 2469 2759 nec
2490 2705 2674 2758 dicant
2707 2703 3125 2758 :Devoravimus
3158 2720 3300 2757 eum.
3340 2701 3397 2755 Si
3419 2709 3480 2758 tu

1894 2780 2062 2857 enim.
2091 2796 2291 2866 inquit,
2322 2797 2433 2850 haec
2466 2796 2711 2850 facinora
2735 2795 3047 2859 ulciscaris,
3079 2805 3132 2850 et
3155 2795 3371 2865 judices
3393 2809 3479 2849 se-

1894 2885 2426 2954 cundumjustitiam
2461 2897 2632 2951 tuam,
2652 2901 2997 2958 nequaquam
3021 2886 3099 2939 illi
3130 2887 3477 2957 gaudebunt:

1895 2992 2073 3046 neque
2102 2977 2292 3033 dicent
2321 2979 2376 3032 in
2410 2979 2672 3034 cordibus
2707 2979 2824 3034 suis
2859 2999 2872 3033 :
2910 2978 3077 3049 Euge,
3123 2975 3308 3048 Euge!
3339 2991 3471 3047 prae-

1894 3069 2067 3123 valuit
2094 3070 2274 3124 anima
2309 3078 2518 3126 nostra.
2546 3070 2774 3126 Etiamsi
2807 3072 2952 3127 enim
2980 3071 3035 3125 id
3061 3086 3155 3126 ore
3183 3069 3479 3140 aliquando

1896 3161 2259 3230 protulerint,
2305 3173 2358 3216 at
2390 3162 2555 3220 corde
2592 3178 2702 3217 non
2738 3163 2812 3217 ita
2842 3164 3156 3232 loquentur,
3185 3178 3364 3232 neque
3393 3161 3479 3217 di-

187 3248 358 3325 εὖγε,
380 3251 599 3323 ἴσχυσεν
629 3255 661 3323 ἡ
691 3253 836 3324 ψυχὴ
871 3253 1047 3325 ἡμῶν.
1089 3255 1150 3306 Εἰ
1181 3253 1290 3324 γὰρ
1329 3255 1422 3307 καὶ
1451 3253 1530 3325 τῷ
1565 3256 1788 3327 στόματι

1896 3262 2065 3310 cent:
2100 3253 2480 3309 Devoravimus
2535 3272 2676 3321 eum,
2725 3255 2949 3327 quando
3016 3257 3478 3311 resurrectionem

192 3346 379 3397 αὐτῶν
407 3361 538 3397 ποτε
567 3347 725 3398 τοῦτο
755 3345 1061 3416 εἰρήκασιν,
1091 3345 1206 3398 ἀλλ’
1248 3347 1308 3399 οὐ
1357 3349 1450 3400 καὶ
1496 3352 1615 3411 ταῖς
1649 3367 1787 3422 καρ-

190 3435 340 3496 δίαις
364 3435 542 3488 αὐτῶν
582 3436 796 3508 ἐροῦσιν
819 3454 832 3466 ⁶
866 3437 985 3489 οὐδὲ
1017 3439 1247 3508 φήσουσι
1267 3455 1280 3468 ⁸
1306 3440 1674 3511 Κατεπίομεν
1692 3445 1790 3496 αὺ-

189 3529 328 3591 τὸν,
385 3527 482 3599 τὴν
532 3529 829 3582 ἀνάστασίν
892 3547 991 3600 μου
1039 3531 1131 3584 καὶ
1181 3532 1281 3602 τῆς
1322 3533 1644 3604 Ἐκκλησίας
1691 3537 1788 3606 τῆς

190 3618 342 3689 ἐμῆς
365 3618 463 3688 τὴν
492 3617 613 3670 καθ’
637 3618 766 3689 ὅλης
790 3618 890 3688 τῆς
915 3619 1238 3690 οἰκουμένης
1263 3619 1470 3690 ἵδρυσιν
1503 3621 1794 3692 θεώμενοι.

185 3699 574 3764 Καταπίνεται
601 3710 696 3778 μὲν
719 3709 826 3782 γὰρ
852 3712 880 3762 ὁ
910 3709 1055 3774 ἅπαξ
1086 3711 1164 3772 εἰς
1209 3710 1365 3780 βυθὸν
1398 3712 1652 3782 χωρήσας
1696 3715 1789 3764 καὶ

194 3799 398 3873 μηκέτ’
431 3799 816 3871 ἀναϐεϐηκώς*
849 3801 990 3855 οὕτω
1021 3803 1128 3873 γάρ
1163 3819 1290 3855 ποτε
1322 3803 1582 3855 κατέπιεν
1627 3807 1654 3856 ὁ
1695 3805 1789 3857 θά-

188 3909 358 3954 νατος
393 3893 638 3963 ἰσχύσας.
678 3893 834 3946 Ἀλλά
861 3896 1020 3948 κάκεῖ
1057 3897 1104 3948 οἰ
1149 3894 1544 3958 καταποθέντες
1570 3897 1788 3950 ἐπαλιν-

190 3985 504 4056 δρόμησαν,
537 3984 619 4037 διὸ
649 3985 921 4039 λέλεκταιο
955 3987 1063 4041 Καὶ
1100 3985 1284 4041 πάλιν
1310 3986 1558 4055 ἀφεῖλεν
1579 3991 1610 4042 ὁ
1645 3989 1788 4056 Θεὸς

193 4072 326 4128 πᾶν
357 4073 624 4141 δάκρυον
654 4075 770 4128 ἀπὸ
798 4073 1024 4140 παντὸς
1056 4073 1399 4143 προσώπου.

269 4168 382 4220 Καὶ
422 4167 657 4221 ἐνταῦθα
699 4168 898 4233 τοίνυν,
923 4170 970 4221 εἰ
1009 4168 1104 4221 καὶ
1132 4171 1267 4240 πρὸς
1305 4171 1493 4243 καιρόν
1526 4187 1644 4223 τινα
1678 4170 1789 4222 ἕδο-

194 4259 298 4326 ξαν
342 4259 504 4312 αὑτὸν
549 4259 907 4325 καταπίνειν,
972 4259 1085 4314 ἀλλ’
1112 4262 1211 4314 οὐκ
1248 4263 1327 4326 εἰς
1371 4263 1553 4326 τέλος,
1600 4263 1784 4334 φησὶν,

193 4347 418 4421 ἐροῦσι,
468 4350 821 4422 προφητικῶς
861 4351 978 4403 κατ’
1022 4351 1160 4405 αὑτά
1194 4352 1496 4417 θεσπίζων·
1534 4355 1788 4421 Αἰσχυν-

195 4442 454 4508 θείησαν
496 4441 594 4496 καὶ
637 4441 1079 4509 ἐντραπείησαν
1120 4441 1240 4513 ἅμα
1281 4445 1335 4495 οἱ
1377 4443 1787 4512 ἐπιχαίροντες

194 4537 326 4602 τοῖς
362 4535 570 4602 κακοῖς
615 4552 766 4605 μου’
818 4536 1294 4591 ἑνδυσάσθωσαν
1342 4537 1645 4605 αἰσχύνην
1687 4536 1786 4590 καὶ

194 4628 504 4700 ἐντροπὴν
555 4631 608 4681 οἱ
661 4629 1329 4699 μεγαλορῤημονοῦντες
1379 4630 1471 4682 ἐπ’
1515 4629 1636 4698 ἐμέ.
1677 4629 1787 4681 Καὶ

194 4723 376 4777 ταῦτα
401 4723 458 4775 δὲ
485 4723 632 4786 ὅπως
657 4723 846 4786 τέλους
866 4723 1053 4792 ἔτυχεν
1082 4722 1459 4792 ἀναφερόμενα
1485 4721 1577 4773 ἐπὶ
1603 4721 1665 4773 τὸ
1691 4720 1784 4772 τοῦ

195 4797 454 4886 Σωτῆρος
477 4814 634 4887 ἡμῶν
681 4816 990 4886 πρόσωπον,
1025 4814 1203 4886 ῥᾴδιον
1229 4815 1292 4886 δὴ
1329 4815 1476 4867 ἰδεῖν.
1519 4814 1608 4884 Ἐξ
1647 4813 1788 4866 ὲκεί-

194 4925 290 4960 νου
317 4907 446 4978 γὰρ,
477 4909 572 4961 καὶ
611 4909 690 4971 εἰς
721 4909 878 4979 δεῦρο
910 4905 1005 4960 τοῦ
1037 4907 1227 4977 χρόνου
1262 4907 1661 4978 ἀπερριμμένοι
1691 4905 1788 4958 καὶ

196 4998 494 5070 ἀπόϐλητοι
527 4999 851 5071 τυγχάνουσι
903 4999 1072 5053 πάλαι
1120 4999 1396 5070 κομῶντες
1447 5001 1539 5052 ἐπὶ
1575 4999 1786 5062 πολλοῖς

194 5089 554 5162 χαρίσμασιν.
593 5092 654 5144 Οἱ
695 5091 740 5143 δ’
781 5090 839 5157 ἐξ
886 5091 1140 5146 ἀπάντων
1187 5091 1296 5144 τῶν
1347 5090 1514 5144 ἐθνῶν
1557 5091 1648 5144 τὸν
1693 5091 1784 5142 ὑπ’

195 5183 379 5238 αὐτῶν
405 5185 748 5258 ἀνῃρημένον
781 5186 1237 5257 παραδεδεγμένοι
1263 5186 1359 5257 τῆς
1397 5185 1496 5256 μὲν
1524 5183 1782 5237 πολυθέου

197 5277 411 5348 πλάνης
436 5275 860 5349 ἠλευθέρωνται,
892 5277 981 5329 τὸν
1021 5277 1063 5330 δ’
1098 5279 1190 5330 ἐπὶ
1222 5279 1438 5332 πάντων
1461 5277 1593 5330 Θεὸν
1632 5277 1788 5330 εὐσε-

197 5369 421 5433 βοῦντες
445 5369 800 5422 διατελοῦσιν.
830 5365 943 5422 Εἶθ’
977 5371 1024 5423 οἱ
1071 5371 1166 5440 μὲν
1205 5369 1467 5442 αἰσχύνην
1510 5371 1786 5442 καταχεά-

201 5481 352 5536 μενοι
384 5463 466 5533 ἐφ’
487 5459 569 5527 οἷς
600 5463 852 5538 ἔδρασαν,
886 5466 1280 5536 ἐνετράπησαν,
1323 5466 1370 5516 οἱ
1415 5463 1471 5516 δὲ
1508 5466 1650 5536 χαρᾷ
1694 5464 1788 5517 καὶ

197 5556 508 5629 παρρησίας
539 5558 807 5629 ὁσημέραι
858 5556 1217 5629 πληροῦνται·
1253 5555 1327 5618 ὡς
1359 5555 1695 5628 πληροῦσθαι
1728 5556 1788 5607 τὸ

198 5647 352 5720 παρὰ
374 5648 596 5702 Μωῦσεί
630 5647 806 5717 λόγιον
838 5648 1016 5719 φῆσαν
1047 5645 1181 5716 πρὸς
1208 5643 1297 5698 τὸν
1336 5643 1599 5698 Ἰουδαίων
1625 5643 1782 5698 λαόνο

269 5830 314 5886 2'
350 5830 656 5904 Psal.xux,
688 5832 776 5906 21.
852 5832 896 5866 ⁸⁸
935 5828 1040 5888 lsa.
1081 5843 1223 5894 ιιι-ιι,
1264 5827 1347 5902 l-l.
1426 5822 1470 5857 δ’
1511 5823 1613 5880 lsa.
1651 5840 1791 5892 xxv,
1828 5823 1882 5879 8.

1893 3361 2095 3412 meam,
2123 3357 2177 3403 et
2225 3348 2528 3404 Ecclesiam
2583 3349 2713 3405 item
2775 3365 2952 3405 meam
2993 3351 3102 3406 late
3136 3367 3232 3422 per
3286 3347 3478 3405 orbem

1893 3453 2247 3512 propagatam
2278 3442 2645 3514 conspicient.
2683 3440 2733 3503 Is
2763 3458 3001 3512 namque
3035 3443 3353 3510 devoratur,
3383 3445 3476 3515 qui

1892 3535 2062 3588 semel
2086 3533 2140 3587 in
2166 3535 2499 3604 profundum
2534 3535 2814 3605 delapsus,
2834 3534 2964 3589 inde
2999 3551 3280 3605 nunquam
3309 3552 3483 3592 emer—

1892 3625 1969 3694 git
1999 3647 2012 3678 :
2049 3626 2128 3680 sic
2155 3627 2298 3679 enim
2334 3643 2483 3680 mors
2513 3627 2665 3690 olim,
2697 3641 2822 3680 cum
2880 3627 3217 3696 praevaleret,
3248 3626 3476 3682 devort»

1892 3715 2004 3767 bat.
2059 3716 2256 3768 Verum
2306 3717 2397 3784 qui
2437 3717 2682 3770 dcvorati
2735 3724 2885 3780 sunt,
2926 3716 3037 3784 jam
3089 3724 3474 3779 revertuntur,

1891 3822 2061 3876 quare
2081 3807 2289 3860 dictum
2315 3814 2400 3861 est
2437 3825 2451 3862 :
2491 3806 2555 3860 Et
2584 3824 2796 3861 rursum
2820 3809 3039 3862 abstulit
3072 3808 3333 3864 Dominus
3363 3827 3477 3864 om-

1891 3915 2009 3951 nem
2044 3899 2336 3969 lacrymam
2363 3898 2427 3951 ab
2467 3900 2609 3953 omni
2632 3900 2780 3954 vultu
2811 3901 2882 3950 ⁸9.

1961 4162 2063 4218 ilic
2113 4165 2279 4234 igitur
2310 4165 2527 4219 etiamsi
2583 4165 2650 4219 ad
2691 4172 2907 4236 tempus
2948 4165 3127 4235 ipsum
3184 4166 3476 4224 devorasse

1890 4258 1991 4314 visi
2025 4266 2188 4324 sunt;
2213 4266 2268 4311 at
2297 4274 2408 4312 non
2442 4259 2496 4312 in
2526 4257 2686 4312 linem
2712 4274 2907 4328 usque,
2942 4259 3138 4328 inquit,
3166 4259 3238 4314 ita
3265 4261 3473 4328 dicent,

1891 4352 2317 4423 propheticeque
2344 4354 2530 4408 statim
2555 4353 2890 4406 vaticinatur
2915 4371 2928 4406 :
2958 4350 3290 4406 Erubescant
3323 4363 3372 4407 et
3395 4370 3477 4408 re-

1893 4455 2167 4499 vereantur
2192 4445 2373 4508 simul,
2404 4445 2495 4514 qui
2516 4444 2862 4514 gratulantur
2890 4445 3048 4497 malis
3069 4445 3219 4498 meis.
3240 4443 3477 4500 Induan—

1892 4544 1979 4588 tur
2032 4533 2338 4603 confusione
2372 4544 2421 4588 et
2475 4535 2765 4589 reverentia
2815 4534 2907 4603 qui
2962 4549 3155 4605 magna
3189 4535 3476 4604 loquuntur

1892 4643 2046 4696 super
2080 4644 2178 4681 me.
2231 4625 2356 4681 Haec
2412 4641 2579 4696 porro
2612 4641 2774 4695 quem
2817 4626 2981 4679 linem
3023 4624 3218 4679 sortita
3263 4624 3376 4679 sint
3403 4622 3474 4677 ad

1893 4735 2187 4787 personam
2229 4717 2536 4772 Salvatoris
2569 4715 2748 4771 nostri
2781 4715 3031 4782 reducta,
3061 4713 3367 4784 intelligere
3391 4712 3476 4768 fa-

1894 4807 1997 4862 cile
2021 4816 2123 4862 est.
2160 4805 2236 4861 Ex
2259 4822 2324 4862 eo
2354 4806 2556 4876 quippe
2585 4805 2654 4860 ad
2687 4805 2793 4861 hoc
2825 4820 3002 4876 usque
3031 4812 3247 4874 tempus
3273 4803 3475 4875 abjecti

1895 4913 1959 4953 ac
1993 4899 2204 4968 depulsi
2236 4906 2387 4963 sunt,
2433 4898 2524 4970 qui
2560 4899 2691 4952 olim
2737 4898 2915 4968 gratia
2959 4897 3232 4968 donisque
3282 4897 3473 4953 multis

1894 4992 2254 5048 ornabantur.
2315 4992 2386 5046 At
2438 4999 2709 5065 quotquot
2768 4987 2836 5047 ex
2899 4991 3154 5064 gentibus
3201 4991 3472 5048 universis

1892 5097 2039 5147 eum,
2067 5082 2163 5152 qui
2209 5083 2280 5138 ab
2324 5083 2433 5140 illis
2484 5083 2812 5140 interfectus
2854 5090 2959 5150 est,
2989 5093 3335 5154 receperunt,
3371 5082 3414 5140 ii
3439 5098 3472 5140 a

1893 5177 2190 5231 multorum
2237 5177 2466 5231 deorum
2515 5192 2706 5234 errore
2743 5177 2958 5234 liberati
2995 5185 3145 5243 sunt,
3193 5176 3472 5248 Deumque

1893 5269 2278 5324 universorum
2339 5277 2658 5325 constanter
2717 5284 2782 5325 ac
2830 5270 2919 5341 pie
2986 5271 3197 5326 colunt.
3259 5268 3472 5325 Exhinc

1894 5377 2062 5433 porro
2089 5360 2166 5414 illi
2187 5362 2431 5433 quidem,
2456 5361 2527 5416 ob
2556 5361 2774 5416 facinus
2794 5369 3032 5428 tantum,
3058 5361 3271 5432 pudore
3292 5357 3471 5415 affecti

1897 5470 1960 5509 ac
2020 5454 2237 5510 confusi
2289 5462 2448 5522 sunt;
2479 5454 2558 5508 illi
2592 5461 2774 5511 autem
2816 5453 3018 5526 gaudio
3073 5453 3384 5522 fiduciaque
3412 5448 3470 5505 in

1895 5549 2013 5605 dies
2041 5549 2362 5620 replentur;
2393 5548 2468 5602 ita
2529 5555 2589 5603 ut
2638 5548 2773 5604 illud
2826 5547 3027 5619 Moysis
3065 5545 3348 5602 oraculum
3398 5541 3469 5598 ad

1895 5641 2205 5701 Judaorum
2241 5641 2501 5716 populum
2546 5651 2805 5714 spectans
2841 5641 3133 5712 impleatur
3169 5659 3185 5698 :
3220 5636 3468 5711 Prasrtg-
