4010 6518
585 356 694 413 515

1299 349 1568 408 EUSEBII
1599 347 2081 419 CIESARIENSIS
2118 345 2269 405 OPP.
2313 347 2493 404 PARS
2527 348 2616 405 lli.
2657 379 2726 390 -—
2759 345 3166 405 EXEGETICA.

3747 344 3875 403 316

589 483 675 529 tus
712 474 801 547 qui
828 472 1095 529 vobiscum
1128 482 1392 535 versatur,
1414 472 1514 527 erit
1542 487 1703 542 supra
1730 487 1926 541 supra;
1961 481 2018 524 tu
2049 486 2150 523 au-

2263 470 2328 524 '0
2355 470 2740 540 προσήλυτος
2778 473 2811 524 ὁ
2836 470 2906 523 ἐν
2935 467 3078 538 ὑμῖν
3109 466 3281 525 ἔσται
3323 464 3445 519 ἄνω
3471 464 3595 519 ἄνω
3613 483 3627 495 ·
3661 464 3763 519 σὺ
3792 465 3873 518 δὲ

589 576 694 620 tem
717 564 821 619 eris
846 564 991 633 infra
1032 562 1197 631 infra.
1224 560 1345 631 Ipse
1366 562 1467 616 erit
1498 561 1591 615 tibi
1629 570 1805 630 caput,
1832 569 1888 614 tu
1918 561 2022 615 eris
2053 561 2151 630 ipsi

552 652 555 655 ’
587 654 763 709 cauda
791 654 857 705 ⁵⁰.

659 742 825 797 Vsus.
853 741 942 807 27,
961 741 1049 797 28.
1070 740 1350 795 Exsultent
1371 750 1421 794 et
1439 740 1682 794 laetentur
1694 740 1782 811 qui
1802 740 2151 808 uoluntjusti-

589 838 719 890 tiam
732 852 919 900 meam,
942 844 993 889 et
1007 835 1401 904 dicantsemper
1429 852 1447 889 :
1478 834 1852 905 Magniﬁcetur
1869 836 2147 900 Dominus,

582 928 675 997 qui
697 927 871 980 volunt
897 942 1076 996 pacem
1093 928 1228 981 servi
1243 926 1380 996 ejus.
1399 926 1467 980 Et
1488 927 1664 998 lingua
1682 944 1797 982 mea
1816 921 2153 981 meditabitur

579 1020 846 1088 justitiam
874 1031 1041 1085 tuam,
1077 1029 1187 1074 tota
1214 1019 1546 1074 diealaudem
1577 1030 1745 1074 tuam.
1783 1020 2001 1074 Initium
2033 1034 2153 1089 pro—

584 1115 780 1184 phetia:
804 1114 1075 1183 judicium
1107 1122 1161 1170 et
1191 1114 1397 1169 bellum
1436 1113 1752 1168 minabatur
1773 1114 1840 1169 iis
1866 1113 1957 1183 qui
1990 1113 2153 1183 impie

583 1212 830 1274 egerunt,
876 1213 1038 1275 atque
1085 1205 1472 1275 impugnarunt
1504 1220 1629 1260 eum
1659 1205 1752 1274 qui
1778 1205 1833 1259 in
1870 1206 1989 1274 ipsa
2024 1219 2152 1274 pro-

584 1298 771 1367 phetia
800 1298 1007 1365 fertur;
1041 1296 1220 1352 media
1262 1314 1392 1353 vero
1429 1313 1610 1352 mores
1654 1313 1842 1353 eorum
1887 1297 2153 1367 perstrin~

584 1398 755 1459 gunt;
809 1396 1079 1459 postrema
1127 1394 1331 1454 autem,
1386 1389 1739 1459 ignominiam
1787 1395 1841 1444 et
1882 1388 2154 1444 confusio-

584 1496 708 1535 nem
737 1496 845 1551 qua
880 1480 1147 1535 alliciendi
1176 1492 1304 1537 sunt
1352 1479 1692 1536 describunt.
1723 1478 1787 1534 At
1828 1482 1995 1537 totius
2024 1496 2152 1551 pro-

582 1571 780 1642 phetiae
809 1586 1019 1627 summa
1050 1571 1494 1635 exsultationem,
1526 1573 1765 1627 laetitiam
1796 1579 1848 1627 et
1883 1573 2026 1631 bona
2056 1587 2153 1626 an-

583 1665 799 1718 nuntiat
832 1664 900 1718 iis
924 1664 1017 1734 qui
1049 1665 1237 1719 volunt
1267 1663 1540 1733 justitiam
1570 1664 1710 1733 ejus.
1737 1663 1841 1719 Per
1880 1664 2151 1735 justitiam

581 1771 714 1810 vero
745 1754 886 1824 ejus,
917 1754 1259 1810 divinitatem
1290 1755 1463 1825 ipsius
1516 1756 1823 1825 intelligas;
1858 1755 1985 1825 quia
2032 1756 2149 1825 ipse

581 1846 756 1914 factus
782 1857 861 1900 est
892 1846 1042 1909 nobis
1080 1824 1341 1914 sapientia
1372 1864 1402 1899 (ι
1431 1845 1561 1911 Deo,
1597 1857 1645 1900 et
1679 1824 1918 1915 justitia,
1952 1855 2000 1901 et
2024 1824 2150 1901 δέω-
2184 1824 2227 1878 Β

580 1939 858 2007 ctiﬁcatio,
900 1947 951 1991 et
986 1936 1269 2005 redemptio
1292 1937 1361 1990 ⁵¹.
1396 1936 1500 2002 Qui
1546 1937 1712 2007 igitur
1752 1936 1900 1991 illam
1948 1936 2154 1990 intelli-

586 2037 743 2099 gunt,
773 2029 1067 2095 exsultent,
1093 2028 1189 2091 ait,
1222 2037 1275 2083 et
1308 2028 1593 2093 laztentur;
1628 2028 1883 2098 ipsosque
1915 2028 2153 2083 instituit

589 2131 649 2176 ut
670 2121 856 2176 dicant
876 2136 1110 2191 semper,
1134 2119 1506 2191 Magniﬁcelur
1534 2119 1814 2184 Dominus,
1850 2123 1896 2177 si
1933 2124 2152 2192 quidem

584 2229 779 2283 pacem
799 2228 925 2268 cum
953 2228 1019 2268 eo
1049 2213 1141 2282 qui
1176 2213 1230 2266 in
1253 2211 1510 2266 vaticinio
1537 2211 1710 2267 fertur
1732 2214 2148 2283 amplectantur;

582 2301 1021 2372 quandoquidem
1051 2302 1088 2355 ii
1116 2303 1211 2372 qui
1244 2310 1436 2356 contra
1460 2317 1583 2357 eum
1603 2302 1939 2357 inimicitiam
1973 2321 2148 2360 susce-

580 2402 800 2464 perunt,
836 2393 1032 2464 dignas
1059 2409 1157 2464 pro
1184 2408 1251 2448 eo
1273 2408 1462 2463 poenas
1491 2394 1780 2449 dederunt.
1814 2394 1938 2451 Hinc
1969 2405 2150 2451 autem

579 2502 686 2555 pax
722 2501 785 2540 ea
811 2487 929 2557 ipsa
965 2486 1150 2549 fuerit,
1182 2500 1345 2555 quam
1377 2486 1469 2541 ille
1512 2486 1799 2554 discipulis
1844 2488 1959 2543 suis
1985 2488 2151 2557 largi-

579 2588 673 2634 tus
688 2586 791 2644 est,
826 2578 1016 2635 dicens
1044 2594 1059 2629 :
1090 2577 1284 2631 Pacem
1310 2595 1475 2631 meam
1495 2578 1562 2633 do
1593 2578 1759 2641 vobis,
1789 2594 1967 2647 pacem
1985 2597 2152 2643 meam

576 2670 816 2740 relinquo
845 2671 1067 2735 pobis".
1112 2669 1178 2724 Et
1214 2669 1328 2723 haec
1358 2670 1425 2724 de
1468 2671 1536 2725 iis
1565 2674 1657 2740 qui
1705 2673 1893 2735 volunt
1924 2686 1987 2726 ac
2027 2670 2153 2725 dili—

574 2765 713 2828 gunt
745 2774 932 2828 pacem
968 2758 1109 2827 ejus,
1143 2773 1207 2813 ac
1250 2758 1517 2827 justitiam
1557 2760 1677 2829 ejus
1729 2761 2017 2818 honorant.
2049 2760 2154 2815 De-

579 2866 730 2905 inum
774 2852 842 2906 de
870 2853 1055 2921 seipso
1093 2853 1322 2922 loquens
1371 2854 1642 2909 sermonis
1685 2854 1845 2909 linem
1879 2854 2150 2925 obsignat,

576 2943 769 3005 dicens
801 2960 816 2995 :
851 2942 919 3010 Et
952 2944 1133 3015 lingua
1163 2962 1278 2998 mea
1309 2945 1648 2998 meditabitur
1666 2946 1942 3015 justitiam
1982 2957 2149 3011 tuam,

577 3043 692 3088 tota
732 3034 818 3088 die
862 3034 1072 3097 laudem
1113 3045 1281 3089 tuam.
1317 3035 1434 3101 llis,
1483 3037 1679 3106 inquit,
1726 3038 1799 3095 ita
1844 3039 2011 3108 gestis
2044 3047 2152 3091 tam

575 3125 727 3187 circa
754 3142 849 3181 eos
880 3127 972 3196 qui
1005 3143 1090 3182 me
1113 3128 1364 3198 diligunt,
1401 3144 1562 3198 quam
1596 3127 1742 3182 circa
1769 3144 1863 3183 eos
1892 3130 1985 3199 qui
2026 3131 2151 3185 odio

577 3214 799 3281 habent,
819 3232 928 3271 non
953 3216 1114 3273 ﬁnem
1138 3217 1333 3272 faciam
1359 3218 1656 3273 meditandi
1678 3220 1945 3289 justitiam
1976 3228 2144 3287 tuam,

577 3314 692 3367 tota
722 3307 809 3369 die
856 3309 1072 3365 laudem
1109 3317 1258 3363 tuam
1289 3326 1301 3360 :
1341 3324 1451 3363 non
1495 3311 1751 3371 omnibus
1800 3310 2014 3376 diebus,
2051 3313 2143 3369 sed

580 3411 687 3461 una
721 3397 837 3453 sola
872 3398 978 3463 die,
1009 3415 1183 3469 eaque
1212 3400 1425 3454 inﬁnita
1459 3415 1523 3454 ac
1551 3400 1799 3470 perenni.
1835 3399 1970 3454 Nam
2001 3417 2150 3467 man-

576 3488 661 3543 sio
697 3488 787 3542 illa
829 3498 883 3544 et
912 3491 1274 3546 commoratio
1333 3491 1475 3560 apud
1514 3499 1587 3554 te,
1631 3491 1749 3546 dies
1795 3499 1881 3546 est
1920 3499 2143 3552 aeterna.

578 3580 881 3647 Meditabor
911 3593 1091 3638 autem
1121 3584 1290 3649 illam,
1318 3584 1680 3659 laudibusque
1703 3585 2145 3656 celebrabo,quia

574 3672 724 3741 justo
754 3687 886 3728 sane
916 3673 1148 3744 judicio,
1189 3690 1299 3729 non
1348 3690 1510 3729 unam
1542 3684 1777 3746 gentem,
1813 3677 1909 3732 sed
1956 3692 2146 3733 omnes

575 3780 827 3844 prorsus,
848 3766 954 3821 late
978 3782 1074 3836 per
1100 3767 1286 3821 orbem
1307 3766 1553 3835 dillusas,
1578 3768 1750 3839 gratia
1782 3776 1834 3825 et
1862 3771 2147 3837 vocatione

575 3868 668 3911 tua
692 3859 947 3928 dignatus
980 3874 1059 3913 es.
1095 3858 1407 3914 Secundum
1439 3862 1599 3927 aliam
1632 3869 1811 3915 autem
1840 3863 2148 3935 explicandi

574 3949 866 4014 rationem,
895 3949 1023 4018 quia
1049 3967 1229 4004 sumus
1258 3967 1446 4017 corpus
1480 3950 1700 4015 Christi,
1732 3962 1779 4005 et
1826 3954 2058 4007 membra
2085 3970 2149 4007 ea:

573 4039 804 4106 parte",
840 4039 931 4108 qui
988 4038 1188 4094 divinis
1237 4040 1606 4094 exercitantur
1652 4040 1979 4110 disciplinis,
2031 4042 2144 4110 ejus

576 4131 766 4200 lingua
789 4131 1093 4200 nuncupari
1118 4132 1352 4201 possint,
1381 4132 1455 4195 ita
1489 4139 1549 4185 ut
1571 4131 1637 4187 iis
1660 4132 1784 4202 jure
1808 4133 1921 4187 haec
1950 4134 2141 4193 referri

573 4231 796 4294 queant.

2251 562 2366 631 ἔσῃ
2395 561 2549 616 κάτω
2577 560 2732 615 κάτω
2751 578 2764 591 ·
2795 562 2974 627 αὑτός
3002 576 3118 615 σου
3155 560 3325 614 ἔσται
3354 555 3611 626 κεφαλὴ,
3645 557 3741 612 σὺ
3787 556 3868 611 δὲ

2253 654 2369 720 ἔσῃ
2397 652 2562 720 οὐρά.

2335 742 2822 813 Ἀγαλλιάσαιντο
2843 741 2941 796 καὶ
2967 742 3447 811 εὐφρανθείησαν
3465 742 3519 792 al
3548 738 3862 805 θέλον-τες

2250 835 2365 903 τὴν
2392 835 2785 904 δικαιοσύνην
2811 855 2929 905 μου
2960 836 3058 890 καὶ
3086 834 3424 894 εἰπάτωσαν
3451 832 3549 887 διὰ
3576 832 3859 896 παντός’

2252 927 2690 997 Μεγαλυνθήτω
2719 932 2751 983 ὀ
2783 930 3017 996 Κύριος,
3046 931 3099 982 οὶ
3130 926 3405 992 θέλοντες
3440 924 3554 993 thr
3582 924 3861 992 εἰρήνην

2251 1020 2357 1074 τοῦ
2385 1019 2608 1073 δούλου
2637 1019 2841 1075 αὐτοῦ.
2880 1020 2991 1074 Καὶ
3018 1021 3055 1089 ἡ
3084 1017 3333 1089 γλῶσσά
3354 1035 3473 1087 μου
3504 1014 3859 1086 μελετήσει

2252 1115 2368 1183 τὴν
2393 1114 2784 1181 δικαιοσύνην
2810 1128 2948 1177 σου,
2964 1112 3116 1179 ὅλην
3137 1110 3251 1179 thr
3277 1109 3502 1178 ἡμέραν
3528 1108 3641 1161 τὸν
3669 1108 3858 1162 ἐπαι-

2252 1206 2364 1260 νόν
2410 1205 2627 1260 σου.Ἡ
2673 1204 2771 1276 μὲν
2818 1205 2960 1277 ἁρχὴ
3007 1204 3102 1275 τῆς
3145 1201 3481 1274 προφητείας
3526 1200 3688 1270 δίκην
3747 1201 3855 1253 καὶ

2254 1299 2489 1369 πόλεμον
2517 1297 2897 1351 ἐπελεύσεσθαι
2917 1295 3127 1369 ἠπείλει
3152 1294 3293 1349 κατὰ
3318 1294 3425 1355 τῶν
3450 1293 3853 1363 ἀδικησάντων

2254 1394 2348 1447 καὶ
2380 1390 2801 1463 πολεμησάντων
2838 1390 2929 1443 τὸν
2963 1386 3435 1459 προφητευόμενον
3455 1402 3468 1414 ·
3495 1383 3572 1448 τὰ,
3600 1384 3664 1436 δὲ
3700 1383 3853 1453 μέσα

2252 1484 2344 1537 τὸν
2392 1483 2592 1555 τρόπον
2634 1482 2814 1536 αὐτῶν
2865 1478 3136 1534 διέϐαλλε·
3172 1477 3241 1531 τὰ
3286 1478 3341 1530 δὲ
3398 1476 3491 1529 ἐπὶ
3534 1475 3689 1541 τέλει
3738 1477 3849 1546 τὴν

2254 1574 2667 1630 καταλαϐοῦσαν
2692 1573 2885 1636 αὐτοὺς
2912 1572 3201 1643 διέγραφεν
3226 1569 3484 1640 αἰσχύνην
3517 1569 3610 1631 καὶ
3643 1571 3847 1640 ἐντρο-

2255 1668 2383 1738 πὴν.
2436 1667 2503 1720 Ἢ
2540 1667 2595 1719 δὲ
2627 1666 2724 1736 τῆς
2764 1665 2890 1735 ὅλης
2932 1661 3265 1735 προφητείας
3297 1660 3612 1731 περιγραφὴ
3653 1660 3843 1727 ἀγαλ-

2254 1758 2431 1812 λίασιν
2463 1760 2556 1811 καὶ
2587 1757 2941 1827 εὐφροσύνην,
2976 1755 3070 1807 καὶ
3102 1753 3280 1823 ἀγαθὰ
3337 1754 3553 1816 πάντας,
3598 1752 3846 1820 εὐαγγε-

2252 1852 2454 1917 λίζεται
2480 1852 2603 1916 τοὺς
2624 1853 2722 1923 τὴν
2743 1850 3086 1921 δικαιοσύνην
3116 1848 3279 1903 αὑτοῦ
3303 1848 3572 1911 θέλοντας.
3598 1846 3851 1917 Νοήσεις

2252 1944 2308 1997 δὲ
2354 1944 2450 2015 τὴν
2493 1943 2655 1997 αὐτοῦ
2701 1942 3062 2013 δικαιοσύνην,
3095 1941 3322 2011 θεότητα
3355 1939 3515 1992 αὐτοῦ
3545 1938 3810 2003 έκλαὸών
3830 1956 3844 1969 ο

2254 2036 2439 2107 ἐπειδὴ
2460 2038 2619 2099 αὐτὸς
2639 2034 2891 2106 ἐγενήθη
2908 2034 3051 2104 ἡμῖν
3074 2034 3259 2101 σοφία
3278 2032 3396 2087 ἀπὸ
3424 2031 3593 2095 Θεοῦ,
3612 2031 3651 2085 δ
3656 2048 3849 2085 (καιο-

2254 2134 2414 2201 σύνη
2445 2149 2508 2185 τε
2551 2130 2646 2184 καὶ
2680 2127 2971 2199 ἁγιασμὸς
3003 2126 3101 2180 καὶ
3130 2126 3567 2192 ἀπολύτρωσις.
3599 2124 3670 2176 Οἱ
3709 2123 3845 2191 γοῦν

2253 2222 2454 2293 ταύτην
2491 2221 2779 2290 νοήσαντες
2809 2216 3248 2287 άγαλλιάσαιντο,
3284 2214 3437 2285 φησὶ,
3474 2214 3567 2275 καὶ
3593 2213 3847 2283 εὔφρανα

2256 2313 2477 2383 θείησαν
2498 2329 2511 2342 °
2551 2310 2771 2374 τούτους
2805 2310 2860 2363 δὲ
2896 2310 2990 2363 κα)⁵
3013 2308 3253 2362 διδάσκει
3283 2307 3459 2376 λέγειν
3490 2306 3599 2370 ἀεὶ,
3640 2308 3832 2376 Mago

2253 2401 2527 2468 λυνθήτω
2557 2404 2588 2454 ὀ
2616 2402 2846 2469 Κύριος,
2877 2402 2925 2453 εἰ
2952 2400 3012 2471 δὴ
3058 2399 3384 2463 άσπάζοιντο
3425 2397 3522 2469 τὴν
3571 2397 3720 2468 πρὸς
3753 2397 3849 2448 τὸν

2254 2495 2724 2567 προφητευόμενον
2748 2495 2967 2564 εἰρήνην
2984 2507 2995 2520 ·
3016 2490 3137 2544 ἐπεὶ
3156 2492 3207 2543 οἱ
3222 2491 3483 2561 ἀράμενοι
3507 2488 3646 2559 πρὸς
3674 2486 3846 2540 αὐτὸν

2254 2589 2472 2659 ἔχθραν,
2509 2587 2664 2657 δίκην
2690 2585 2982 2639 δεδώκασιν
3023 2584 3120 2655 τὴν
3158 2583 3334 2648 ἀξίαν.
3366 2581 3463 2652 Εῑη
3497 2580 3541 2641 δ’
3575 2580 3643 2634 ἂν
3698 2582 3843 2653 αὕτη

2252 2684 2285 2752 ἡ
2322 2681 2508 2751 εἰρήνη
2560 2678 2744 2745 αὐτοῦ,
2787 2680 2851 2748 ἢν
2885 2676 3165 2749 ἐχαρίζετο
3188 2678 3300 2739 τοῖς
3336 2673 3524 2728 ἑαυτοῦ
3561 2673 3844 2747 μαθηταῖς

2253 2773 2458 2841 λέγων·
2512 2772 2775 2839 Εἰρήνην
2814 2770 2927 2838 thr
2963 2768 3116 2837 ἐμὴν
3148 2766 3355 2836 δίδωμι
3396 2764 3557 2835 ὑμῖν,
3584 2765 3844 2833 είρήνητ·

2253 2842 2367 2932 thr
2384 2861 2538 2933 ἐμὴν
2558 2863 2770 2931 ἀφίημι
2796 2861 2955 2930 ὑμῖν.
2982 2860 3089 2912 Καὶ
3116 2858 3295 2919 ταῦτα,
3320 2859 3416 2929 μὲν
3440 2874 3505 2910 πε
3515 2858 3566 2929 pl.
3587 2857 3704 2910 τῶν
3735 2858 3842 2911 ὲθεο

2252 2957 2450 3009 λόντων
2507 2957 2601 3009 καὶ
2646 2954 2983 3023 ἀγαπώντων
3012 2951 3108 3025 τὴν
3151 2953 3370 3023 είρήνην
3402 2948 3591 3013 αὐτοῦ,
3624 2952 3734 3021 τήν
3782 2969 3837 3003 τε

2253 3048 2595 3119 δικαιοσύνην
2647 3047 2809 3101 αὑτοῦ
2863 3045 3162 3116 τιμώντων.
3197 3043 3478 3105 Λοιπὸνδὲ
3513 3042 3677 3107 αὐτὸς
3710 3045 3839 3113 περὶ

2179 3163 2221 3219 C
2255 3140 2447 3195 ἑαυτοῦ
2484 3140 2545 3193 τὸ
2591 3139 2741 3203 τέλος
2783 3138 2877 3191 τοῦ
2927 3139 3124 3201 παντὸς
3168 3137 3327 3204 λόγου
3378 3134 3838 3205 ἐπισφραγίζεται

2244 3234 2499 3302 φάσκων·
2534 3232 2641 3285 Καὶ
2685 3233 2723 3299 ἠ
2768 3229 3018 3299 γλῶσσά
3058 3247 3191 3298 μου»
3215 3227 3537 3297 μελετήσει
3583 3225 3703 3293 thr
3750 3227 3837 3279 ὄι-

2240 3324 2575 3390 καιοσύνην
2607 3338 2743 3387 σου,
2781 3322 2934 3389 ὅλην
2982 3321 3097 3390 thr
3136 3320 3363 3397 ἡμέραν
3418 3318 3523 3372 τὸν
3574 3317 3837 3379 ἔπαινόν

2246 3431 2397 3479 σου;
2449 3415 2687 3481 Τούτων,
2726 3416 2880 3487 φησὶ,
2916 3414 3235 3486 γενομένων
3271 3412 3361 3465 ὲπί
3409 3428 3468 3465 τε
3521 3410 3651 3473 τοὺς
3694 3411 3835 3477 ἀτα-

2245 3503 2465 3567 πῶντάς
2498 3521 2565 3575 με
2603 3505 2696 3559 καὶ
2731 3505 3021 3575 μισοῦντάς
3057 3521 3143 3574 με,
3184 3504 3242 3567 ού
3279 3501 3555 3571 παύσομαι
3590 3498 3833 3569 μελετῶν

2246 3597 2346 3668 τὴν
2373 3596 2716 3667 δικαιοσύνην
2744 3616 2859 3664 σου,
2893 3598 2985 3652 xui.
3017 3597 3143 3667 ὃλην
3173 3597 3271 3668 τὴν
3297 3596 3507 3667 ἡμέραν
3550 3592 3642 3647 τὸν
3668 3591 3833 3645 ἐπαι-

2248 3688 2336 3741 νόν
2365 3705 2479 3750 σου,
2508 3690 2627 3759 οὐχὶ
2659 3689 2837 3753 πάσας
2861 3689 2959 3752 τὰς
2982 3687 3366 3760 ἡμέρας,ἀλλὰ
3388 3687 3515 3757 μίαν
3541 3684 3708 3755 μόνην
3734 3682 3831 3755 τὴν

2249 3779 2471 3851 ἄπειρον
2501 3781 2594 3833 καὶ
2625 3781 2867 3852 διηνεκῆ.
2909 3782 2972 3833 Ἦ
2998 3781 3105 3849 γὰρ
3139 3780 3287 3851 παρὰ
3322 3779 3404 3831 σοὶ
3434 3776 3569 3848 μονὴ
3600 3776 3695 3829 καὶ
3722 3776 3831 3829 δια-

2248 3871 2409 3943 τριϐὴ
2467 3873 2647 3943 ἡμέρα
2678 3872 2892 3936 αἰώνιος
2924 3873 3201 3941 τυγχάνει.
3241 3870 3536 3940 Μελετήσω
3566 3868 3622 3920 δὲ
3658 3868 3829 3937 αὐτὴν

2252 3963 2526 4032 ἀνυμνῶν,
2571 3964 2691 4017 καθ’
2728 3965 2793 4035 ἢν
2848 3964 2917 4017 τὰ
2965 3964 3156 4025 δίκαια,
3186 3964 3398 4034 κρίνας,
3432 3963 3530 4031 ούχ
3562 3960 3618 4012 ἓν
3652 3958 3827 4025 ἔθνος,

2250 4050 2384 4104 ἀλλὰ
2436 4053 2613 4106 πάντα
2645 4053 2713 4107 τὰ
2753 4053 2874 4107 καθ’
2902 4054 3029 4124 ὅλης
3062 4054 3162 4123 τῆς
3198 4053 3518 4123 οἰκουμένης
3574 4050 3673 4121 τῆς
3727 4050 3829 4119 σῆς

2249 4144 2468 4214 χάριτος
2512 4145 2606 4197 καλ⁸
2650 4146 2891 4216 κλήσεως
2922 4146 3284 4216 κατηξίωσας.
3346 4145 3481 4197 Καθ’
3530 4141 3722 4213 ἑτέραν
3773 4140 3829 4192 δὲ

2246 4233 2502 4300 διάνοιαν,
2545 4238 2667 4290 ἐπεὶ
2708 4236 2879 4307 σῶμά
2909 4238 3101 4304 ἐσμεν
3134 4235 3410 4305 Χριστοῦ,
3440 4234 3538 4289 καὶ
3560 4232 3714 4302 μέλη
3758 4232 3827 4286 ἐκ

568 4319 809 4390 μέρους,
841 4320 889 4373 oi
916 4320 1151 4390 ἀσκηταὶ
1181 4320 1288 4374 τῶν
1320 4320 1478 4374 θείων
1513 4321 1868 4393 μαθημάτων,
1903 4322 2142 4393 λέγοιντο
2180 4326 2247 4381 ἂν
2309 4333 2473 4386 αὑτοῦ
2506 4333 2745 4402 γλῶσσα,
2817 4334 2891 4397 ὡς
2926 4334 3182 4389 δύνασθαι
3216 4334 3309 4386 καὶ
3343 4333 3422 4395 εἰς
3454 4330 3652 4399 αύτούς
3690 4329 3827 4385 tiva-

573 4416 834 4491 φέρεσθαι
863 4418 931 4472 τὰ
960 4419 1313 4489 προκείμενα.

625 4536 677 4593 1.
712 4534 779 4591 ΙΝ
816 4535 1050 4601 FINEM,
1096 4533 1323 4591 SERVO
1362 4534 1598 4590 DOMINI
1640 4535 1846 4592 DAVil)
1886 4536 2101 4591 XXXV.
2175 4554 2222 4608 ι)

642 4707 828 4781 Neque
854 4710 1112 4779 psalmus,
1144 4726 1321 4780 neque
1376 4712 1663 4776 canticum,
1699 4726 1875 4782 neque
1910 4711 2040 4782 quid
2071 4714 2147 4768 si-

574 4799 704 4854 mile
732 4800 1084 4868 inscribitur;
1114 4801 1533 4872 doctrinamque
1576 4803 1978 4873 complectitur,
2025 4820 2146 4873 qua:

573 4891 679 4947 sub
706 4892 920 4948 initium
948 4894 1169 4963 quidem
1202 4896 1475 4966 quoslibet
1504 4896 1702 4951 timore
1725 4895 1819 4949 Dei
1859 4912 1923 4950 ac
1948 4897 2146 4966 pietate

572 4998 797 5051 vacuos,
839 4985 932 5055 qui
978 4986 1102 5045 ideo.
1134 4987 1280 5041 omni
1329 4987 1696 5057 improbitatis
1739 4987 1924 5057 generi
1976 4988 2146 5041 dediti

574 5083 726 5141 sunt,
776 5080 1053 5151 coarguit;
1097 5080 1242 5150 quod
1295 5081 1700 5135 conclusionem
1742 5096 1872 5135 vero
1907 5088 2139 5150 spectat,

571 5183 760 5224 eorum
804 5169 963 5228 ﬁnem
994 5172 1284 5243 signiﬁcat.
1316 5170 1611 5243 Postquam
1646 5172 1813 5243 igitur
1856 5172 1938 5227 sic
1974 5187 2137 5227 orsus

2388 4540 2497 4592 ΕΙΣ
2532 4539 2622 4594 ΤΟ
2661 4539 3263 4670 ΤΕΛυῖᾎΓὲΞΙΔΔἋἸέᾼΩ
3302 4537 3561 4591 ΚΥΡΙΟΥ
3601 4536 3690 4590 ΤΩ

2317 4702 2453 4756 Οὔτε
2474 4703 2735 4772 ψαλμὸς,
2754 4700 2876 4754 οὕτε
2892 4700 3176 4771 ᾡδὴ,ηοῠτε
3198 4719 3252 4754 τι
3269 4698 3505 4754 τοιοῦτον
3525 4698 3826 4769 ἐπιγέγρα-

2246 4811 2407 4851 πται·
2443 4794 2789 4848 διδασκαλίαν
2822 4794 2880 4847 δὲ
2928 4792 3172 4865 περιέχει
3206 4792 3346 4846 κατὰ
3380 4791 3477 4861 μὲν
3508 4789 3605 4861 τὴν
3647 4789 3825 4860 ἀρχὴν

2246 4889 2569 4958 ὲλέγχουσαν
2602 4888 2778 4941 πάντα
2803 4888 2894 4940 τὸν
2920 4887 3119 4956 ἄφοϐον
3150 4886 3243 4940 καὶ
3286 4883 3580 4951 ἀνευλαὸῆ,
3611 4884 3701 4935 καὶ
3729 4882 3825 4936 διὰ

2247 4980 2403 5033 τοῦτο
2450 4981 2651 5042 πάσαις
2698 4978 3063 5050 παρανομίαις
3102 4976 3470 5047 ὲκδεδομένον,
3502 4974 3640 5027 κατὰ
3676 4974 3731 5026 δὲ
3757 4972 3825 5026 τὸ

2245 5079 2618 5150 συμπέρασμα
2661 5077 2723 5129 τὸ
2764 5075 2869 5128 τῶν
2897 5074 3150 5127 τοιούτων
3183 5072 3353 5133 τέλος.
3392 5068 3574 5123 Εἰπὼν
3600 5068 3727 5137 γοῦν
3759 5070 3824 5120 ἐν

2244 5170 2408 5239 ἀρχῇ·
2449 5167 2642 5236 φησὶν
2693 5170 2725 5220 ὀ
2775 5166 3115 5235 παράνομος
3169 5162 3275 5217 τοῦ
3337 5160 3695 5233 ἁμαρτάνειν
3746 5160 3824 5213 ἐν

640 5324 688 5356 ⁸⁸
724 5323 883 5383 Deut.
914 5341 1121 5391 xxvm,
1155 5326 1243 5381 45.
1318 5328 1361 5359 ⁵⁸
1403 5325 1422 5380 1
1454 5326 1580 5382 Cor.
1623 5342 1677 5391 ι,
1712 5326 1801 5381 50.
1878 5326 1921 5357 ⁵³
1962 5323 2121 5380 Joan.

2266 5362 2280 5389 ,
2315 5326 2406 5383 27.
2482 5323 2579 5377 ⁵³1
2617 5322 2745 5378 Cor.
2780 5340 2835 5387 x,
2882 5322 2974 5376 27.

640 5435 847 5510 (l)_Sic
882 5456 1015 5495 mss.
1064 5440 1127 5494 Et
1159 5441 1273 5496 haec
1301 5442 1462 5497 lectio
1492 5441 1796 5510 frequentet
1817 5441 2129 5500 occurritin

572 5504 995 5581 _S_S'_.'Patrihlis,
1048 5520 1107 5581 et
1163 5512 1218 5566 in
1270 5513 1553 5567 codicibus
1592 5504 1815 5581 διεροῖς.
1860 5512 2134 5581 Interpres

567 5574 831 5653 Vulgat_._:
876 5574 1184 5653 ’ξζκμέλους
1214 5583 1361 5653 legit,
1398 5581 1635 5653 membra,
1653 5580 1715 5634 de
1745 5584 1991 5653 membro.

639 5648 716 5721 (‘2)
750 5648 875 5721 llaec
899 5648 1218 5721 Scholiast-is
1242 5648 1371 5706 n'ota
1393 5653 1503 5705 Καὶ
1522 5651 1681 5713 αὐτὸς
1718 5651 1815 5720 μὲν
1844 5652 1871 5703 ὁ
1898 5667 2136 5721 συγγρα-

572 5719 701 5784 φεὺς
727 5719 806 5783 εἷς
832 5737 889 5772 τε
930 5721 1020 5773 τὸν
1052 5718 1211 5776 Δαυῒδ
1248 5723 1340 5775 καὶ
1372 5724 1450 5784 εἰς
1479 5722 1568 5773 τὸν
1602 5718 1830 5790 Χριστὸν
1883 5718 2136 5784 ἐξέλαϐεν

570 5787 661 5840 τὸν
688 5788 917 5860 ψαλμὸν,
942 5792 1136 5863 μᾶλλον
1158 5793 1214 5845 σὲ
1238 5794 1315 5853 εἰς
1345 5792 1435 5844 τὸν
1469 5791 1719 5866 Χριστὸν,
1757 5794 1784 5844 ὁ
1813 5790 1868 5845 δὲ
1899 5793 1982 5845 ἐπ’
2004 5792 2136 5865 ὡφε-

692 5808 917 5859 φαλμον,
942 5808 1136 5859 μαλλον
1158 5808 1214 5845 οε
1238 5808 1315 5853 εις
1345 5808 1435 5844 τον
1469 5808 1719 5859 Αριστον,
1757 5808 1784 5844 ο
1813 5808 1868 5845 οε
1899 5808 1967 5845 επ
2004 5808 2139 5859 ωφε-

2241 5444 2361 5515 λείᾳ
2385 5443 2492 5496 τῶν
2523 5441 2729 5515 ἐχθρῶν
2744 5439 2931 5515 -ταῦτα
2960 5438 3232 5515 λέγεσθαι,
3266 5434 3320 5515 id
3372 5443 3455 5515 est
3489 5452 3502 5486 :
3539 5431 3669 5515 Hic.
3694 5431 3814 5499 qui-

2241 5501 2358 5567 dem
2393 5499 2706 5581 scriptor‘de
2736 5511 2933 5565 Davide
2960 5499 3117 5581 ac'de
3150 5507 3364 5561 Christo
3388 5504 3524 5581 hunc
3551 5499 3814 5581 psalmum

2244 5570 2542 5652 explicavit,
2574 5585 2648 5636 ita
2669 5591 2726 5635 ut
2751 5582 2917 5649 magis
2941 5580 3151 5652 Christo
3186 5570 3813 5652 accommodaretuiilius

2245 5640 2362 5709 vero
2412 5655 2485 5708 ait
2528 5640 2598 5707 ad
2629 5640 2913 5706 utilitatEm
2947 5650 3281 5703 inimicorum
3314 5645 3423 5698 hare
3452 5642 3591 5696 dicta
3626 5640 3809 5707 fuisse.

2245 5725 2392 5795 Haec,
2416 5726 2632 5804 inquam
2648 5774 2664 5803 ,
2687 5733 2813 5780 nota
2848 5722 2902 5776 in
2928 5727 3131 5777 textum
3165 5718 3477 5787 irrepserat.
