4010 6530
180 388 281 443 517

1290 384 1796 442 COMMENTARIA
1834 384 1902 441 ΙΝ
1936 384 2282 446 PSALMGS.

3343 388 3403 444 3‘1
3414 387 3448 443 8

177 500 386 566 ἐαυτῷ,
427 502 561 575 πρὸς
620 501 699 574 τῷ
748 502 913 567 τέλει,
958 502 1113 556 Ἐκεῖ
1147 503 1377 557 ἔπεσαν
1433 501 1657 568 πάντες
1708 519 1747 555 ο.

1869 502 2046 559 fuerat
2081 522 2095 558 :
2128 504 2280 557 Dixit
2302 503 2534 572 injustus
2579 508 2637 554 ut
2659 499 2931 572 delinquat
2964 502 3018 555 in
3048 502 3357 572 semetipso;
3391 504 3448 556 in

177 592 545 663 ἐργαζόμενοι
581 594 698 663 τὴν
730 595 1007 665 ἀνομίαν,
1036 593 1393 663 ἐξώσθησαν
1421 598 1519 650 καὶ
1549 599 1619 650 οὑ
1654 596 1757 650 δυ-

174 684 465 753 νήσονται
496 686 740 756 στῆναι.
766 688 924 741 Κατὰ
961 687 1018 740 δὲ
1050 688 1117 741 τὰ
1155 687 1293 758 μέσα
1342 687 1617 755 θεολογίαν
1658 705 1754 739 πε-

176 777 346 848 ριέχει
388 778 484 832 καὶ
523 775 632 831 τῶν
683 777 945 848 θεοφιλῶν
993 778 1201 850 ἀνδρῶν
1249 778 1457 847 ἀγαθὰς
1512 778 1751 842 ἐλπίδας.

172 866 438 921 Λέλεκται
465 868 522 921 δὲ
560 868 733 922 ταῦτα
754 867 832 938 τῷ
855 867 1027 938 δούλῳ
1052 868 1257 939 Κυρίου
1283 867 1361 938 τῷ
1378 867 1570 920 Δαυῒδ.
1585 866 1756 921 Τοῦτο

172 958 281 1032 γὰρ
310 961 343 1031 ἡ
391 960 687 1031 προγραφὴ
724 962 1004 1031 σημαίνει⁸
1032 959 1109 1024 ὃς,
1135 959 1402 1031 ἀφορίσας
1437 959 1629 1012 ἑαυτὸν
1656 959 1754 1029 τῆς

169 1050 280 1105 τῶν
314 1051 648 1124 παρανόμων
672 1051 891 1115 τάξεως,
909 1049 1109 1121 συνῆψε
1141 1053 1207 1119 τῇ
1241 1048 1335 1103 τοῦ
1363 1049 1498 1102 Θεοῦ
1526 1050 1749 1121 ἱκετείᾳ,

167 1143 249 1214 τῷ
272 1145 424 1216 νόμῳ
457 1145 549 1196 καὶ
579 1146 697 1205 ταῖς
731 1143 825 1196 τοῦ
860 1142 993 1195 Θεοῦ
1032 1142 1315 1211 διαταγαῖς
1342 1142 1533 1195 ἑαυτὸν
1580 1158 1753 1196 κατατ-

165 1235 463 1299 δουλώσας.
507 1236 754 1289 Διδάσκει
801 1234 857 1288 δὲ
896 1234 1145 1298 καὶτοὺς
1185 1232 1406 1295 λοιποὺς
1432 1231 1754 1304 ἀνθρώπους

161 1330 237 1382 τὰ
270 1330 432 1400 ὃμοια
465 1328 615 1400 αὑτῴ
652 1327 932 1400 πράττειν,
960 1328 1054 1381 καὶ
1093 1327 1167 1398 μὴ
1202 1324 1609 1394 συναπάγεσθαι
1640 1328 1754 1389 τοῖς

163 1423 526 1494 παρανόμοις.

236 1514 433 1581 Φησὶν
457 1518 490 1568 ό
524 1513 869 1583 παράνομος
895 1512 1001 1567 τοῦ
1031 1512 1392 1582 ἁμαρτάνειν
1429 1512 1498 1564 ὲν
1526 1508 1719 1574 ἑαυτῷ
1736 1526 1749 1539 ο

164 1607 277 1661 οὐκ
325 1605 459 1659 ἔστι
498 1608 681 1675 φόϐος
731 1605 878 1659 Θεοῦ
919 1604 1207 1659 ἀπέναντι
1254 1603 1374 1657 τῶν
1429 1602 1753 1672 ὀφθαλμῶν

162 1696 368 1752 αὐτοῦ.
400 1698 519 1751 Ὅτι
549 1696 852 1751 ἐδόλωσεν
882 1696 1139 1750 ἐνώπιον
1175 1694 1386 1758 αὐτοῦ,
1418 1693 1523 1747 τοῦ
1552 1693 1753 1762 εὑρεῖν

162 1791 279 1860 τὴν
296 1792 554 1861 ἀνομίαν
577 1789 763 1844 αὑτοῦ
795 1789 893 1845 καὶ
920 1788 1204 1860 μισῆσαι.
1227 1788 1566 1859 Σαφέστερον
1594 1787 1651 1839 δὲ
1683 1787 1753 1841 τὰ

1860 596 1967 649 line
2002 598 2075 649 ait
2108 612 2122 648 :
2158 595 2244 649 Ibi
2269 593 2565 648 ceciderunt
2594 610 2773 647 omnes
2819 594 2909 663 qui
2939 604 3226 662 operantur
3256 594 3453 663 iniqui-

1860 696 2041 750 tatem,
2072 687 2280 756 expulsi
2312 696 2436 739 sunt
2468 702 2559 739 nec
2588 695 2832 754 poterunt
2857 696 3019 740 stare.
3046 687 3107 740 In
3136 686 3317 741 medio
3348 701 3450 740 au-

1859 787 1971 835 tem
2044 779 2372 849 theologiam
2403 792 2466 831 ac
2502 777 2699 831 bonam
2734 778 2949 848 piorum
2989 779 3270 833 hominum
3295 793 3447 848 spem

1857 874 2260 943 complectitur.
2284 871 2410 926 Haec
2440 886 2608 941 porro
2632 869 2821 925 Davidi
2848 889 3009 929 servo
3038 872 3257 928 Domini
3293 872 3447 927 dicta

1858 972 2017 1029 sunt;
2057 965 2109 1019 id
2140 966 2284 1019 enim
2316 965 2606 1036 inscriptio
2637 965 2912 1036 signiﬁcat
2939 982 2958 1019 ι
2983 965 3079 1035 qui
3114 964 3285 1020 David
3317 980 3446 1019 cum

1856 1070 1914 1111 se
1955 1056 2023 1111 ab
2048 1058 2420 1127 improborum
2453 1058 2646 1112 ordine
2684 1057 3028 1121 seinovisset,
3062 1055 3176 1114 Deo
3212 1072 3272 1112 se
3307 1071 3445 1125 sup-

1856 1149 2052 1219 plicem
2082 1150 2353 1215 exhibuit,
2385 1165 2449 1204 ac
2496 1150 2603 1220 legi
2636 1149 2952 1220 divinisque
2984 1149 3206 1204 statutis
3256 1148 3447 1219 subje-

1856 1242 1931 1296 cit
1965 1262 1977 1296 :
2010 1243 2333 1313 caaterisque
2366 1243 2692 1298 hominibus
2722 1257 2916 1296 aucror
2946 1251 3051 1304 est,
3089 1248 3151 1299 ut
3188 1239 3452 1295 similiter

1857 1341 2042 1401 agant,
2091 1349 2269 1404 neque
2326 1332 2394 1388 ad
2432 1334 2810 1404 improborum
2866 1331 3211 1387 consortium
3257 1328 3448 1385 detra-

1857 1424 2091 1484 bantur.

1924 1514 2090 1572 Vens.
2121 1516 2241 1572 2-5.
2280 1514 2431 1572 Dixit
2479 1518 2710 1586 injustas
2755 1524 2815 1569 ut
2855 1514 3126 1587 delinquat
3166 1516 3222 1570 in
3254 1521 3448 1569 semet-

1853 1610 1987 1678 ipso,
2027 1627 2129 1665 non
2159 1621 2237 1665 est
2271 1612 2427 1665 timor
2466 1610 2565 1666 Dei
2622 1621 2743 1665 ante
2784 1610 2960 1663 oculos
3004 1609 3141 1678 ejus.
3180 1609 3445 1675 Quoniam

1855 1701 2036 1756 dolose
2051 1705 2151 1772 egit
2167 1704 2221 1756 in
2241 1713 2518 1772 conspectu
2531 1703 2667 1772 ejus,
2683 1712 2739 1755 ut
2754 1703 3050 1756 inveniatur
3062 1702 3313 1772 iniquitas
3330 1701 3445 1775 ejus

1858 1794 1927 1847 ad
1951 1795 2150 1849 odium.
2176 1794 2301 1851 Ηξεο
2327 1798 2571 1866 apertius
2593 1795 2954 1867 Symmachus
2968 1795 3053 1849 his
3070 1795 3249 1851 verbis
3273 1795 3443 1857 inter-

160 1885 501 1958 προκείμενα
529 1884 871 1956 ἡρμήνευσεν
900 1885 927 1935 6
967 1882 1283 1953 Σύμμαχος,
1306 1881 1490 1934 τοῦτον
1519 1879 1747 1942 ἀποδοὺς

1854 1892 2102 1953 pretatus
2141 1894 2268 1941 est:
2312 1861 2465 1939 Dixit
2517 1884 2581 1939 de
2629 1861 2918 1954 defectione
2967 1886 3115 1955 impii
3154 1885 3297 1939 intus
3350 1900 3444 1938 car

158 1981 254 2035 τὸν
275 1981 504 2051 τρόπον·
529 1962 727 2047 Φηάὶν
766 1978 898 2047 περὶ
934 1976 1309 2039 ἀσυνθεσίας
1347 1974 1454 2027 τοῦ
1490 1972 1751 2038 ἀσεϐοῦς

160 2070 465 2138 ἐνδοθενη
480 2069 693 2139 καρδία
703 2085 853 2138 μου·
883 2069 965 2122 Οὐ
996 2067 1298 2135 πρόκειται
1330 2068 1363 2118 ὁ
1390 2065 1573 2133 φόϐος
1602 2063 1752 2131 Θεοῦ

159 2162 447 2232 ἄντικρυς
479 2160 598 2216 τῶν
634 2161 956 2232 ὀφθαλμῶν
996 2158 1203 2220 αὑτοῦ.
1237 2160 1366 2211 Ὅτι
1410 2157 1751 2221 ἐξολισθαί-

158 2271 295 2309 νειν
336 2254 410 2307 τὰ
446 2255 578 2322 περὶ
640 2253 825 2309 αὐτοῦ
872 2251 1054 2315 δοκεῖ,
1103 2251 1209 2305 τοῦ
1261 2249 1575 2318 εὑρεθῆναι
1638 2247 1754 2317 τὴν

159 2347 406 2401 ἀδικίαν
427 2336 616 2400 αὑτοῦ
642 2348 731 2411 εὶς
757 2345 823 2399 τὸ
840 2342 1173 2414 μισηθῆναι
1202 2340 1413 2409 αὐτήν.
1429 2342 1527 2395 Διὰ
1549 2341 1753 2395 τούτων

155 2438 268 2509 γὰρ
312 2438 476 2502 αὐτὸς
508 2440 537 2491 6
570 2437 752 2501 Δαυῒδ,
799 2434 985 2507 Ἐμοῦ,
1033 2435 1218 2508 φησιν,
1266 2437 1299 2505 ἠ
1342 2434 1539 2505 καρδία
1590 2434 1686 2487 καὶ
1723 2435 1752 2487 6

154 2528 290 2599 ἐμὸς
316 2528 576 2601 λογισμὸς
610 2527 780 2582 ταῦτα
812 2528 940 2598 περὶ
966 2525 1060 2579 τοῦ
1088 2523 1317 2591 ἀσεϐοῦς
1343 2525 1535 2597 ἀνδρὸς
1572 2524 1751 2578 ἐνενό-

151 2636 276 2691 ησε.
302 2620 412 2692 Τὴν
441 2618 547 2693 γὰρ
607 2616 945 2690 θεωρητικὴν
977 2614 1141 2669 αὐτοῦ
1177 2615 1426 2686 δύναμιν,
1452 2616 1519 2669 δι’
1539 2610 1607 2689 ἧς
1633 2616 1751 2670 ἐδύ-

151 2728 291 2765 νατο
304 2698 503 2781 γνῶναι
517 2710 609 2764 τὸν
626 2708 788 2779 φόϐον
802 2709 894 2762 τοῦ
911 2706 1069 2772 Θεοῦ,
1091 2706 1349 2761 ὲδὸλωσεν
1391 2706 1617 2779 αὐτοὺς(
1633 2718 1660 2760 s
1674 2707 1748 2780 ic)

149 2804 350 2858 ἑαυτὸν
374 2804 474 2875 τῆς
506 2802 742 2866 διανοίας
779 2802 941 2855 αὑτοῦ
979 2804 1107 2865 τοὺς
1145 2800 1456 2872 ὀφθαλμοὺς
1500 2799 1751 2871 διαστρέ-

146 2897 282 2969 ψας.
309 2898 400 2950 Διὸ
420 2896 564 2951 κατὰ
584 2896 684 2968 τὴν
712 2894 1007 2967 Ἐϐραϊκὴν
1032 2895 1339 2963 ἀνάγνωσιν
1357 2910 1371 2923 ’
1404 2894 1507 2946 Ἐν
1527 2894 1750 2961 ὀφθαλ-

144 2991 292 3061 μοῖς
331 2989 519 3046 αὐτοῦ
575 2989 792 3061 εἴρηται
828 2984 1244 3050 δεδολωκέναι,
1274 2982 1381 3037 τοῦ
1412 2983 1611 3052 εὑρεῖν
1634 2982 1750 3052 τὴν

146 3078 415 3148 ἀνομίαν
437 3077 649 3140 αὐτοῦ,
683 3077 781 3131 καὶ
800 3076 1097 3147 μισῆσαι·
1132 3074 1308 3141 Οὕτω,
1341 3076 1525 3147 φησὶν,
1558 3074 1748 3128 ἑαυτὸν

146 3169 461 3242 διέστρεψε,
489 3170 583 3244 καὶ
612 3168 703 3223 τὸν
734 3168 896 3238 φόϐον
921 3167 1016 3221 τοῦ
1048 3168 1183 3221 Θεοῦ
1216 3167 1323 3223 τῶν
1352 3166 1547 3221 ἑαυτοῦ
1581 3168 1748 3240 ἀπέρ-

1850 1990 2021 2028 meum
2040 1991 2057 2027 :
2074 1973 2196 2028 Non
2228 1976 2526 2044 propositus
2550 1984 2627 2029 est
2646 1976 2805 2028 timor
2830 1974 2927 2027 Dei
2955 1984 3075 2029 ante
3097 1974 3274 2028 oculos
3301 1974 3439 2042 ejus.

1854 2068 1994 2134 Quia
2030 2085 2181 2122 ruere
2201 2067 2440 2128 videntur
2459 2084 2541 2121 res
2577 2071 2714 2137 ejus,
2746 2076 2804 2120 ut
2856 2068 3155 2121 inveniatur
3182 2066 3441 2137 iniquitas

1851 2157 1965 2227 ejus
1993 2157 2061 2211 ad
2095 2158 2376 2225 adiendum
2397 2175 2535 2212 eam.
2556 2156 2653 2213 His
2687 2159 2890 2230 quippe
2914 2158 3084 2213 David
3116 2158 3231 2212 haec
3261 2172 3443 2212 enun-

1853 2250 1953 2305 tiat
1984 2270 1996 2305 :
2023 2249 2132 2306 Cor
2158 2266 2339 2306 meum
2368 2259 2422 2305 et
2454 2251 2716 2322 cogitatio
2742 2266 2861 2305 mea
2894 2250 3009 2305 haec
3038 2249 3107 2305 de
3125 2250 3298 2320 impio
3321 2250 3443 2305 viro

1851 2343 2261 2399 intellexerunt.
2292 2342 2427 2397 Nam
2472 2359 2569 2415 per
2618 2342 2942 2414 speculandi
2991 2343 3127 2408 vim,
3183 2357 3293 2413 qua
3341 2341 3441 2398 Dei

1853 2435 2104 2489 timorem
2136 2450 2303 2496 nosse
2334 2442 2572 2507 poterat,
2606 2435 2872 2491 intellexit
2902 2450 3027 2489 eum
3052 2434 3172 2489 suis
3196 2450 3255 2489 se
3296 2432 3443 2490 dolis

1852 2524 2159 2597 decepisse,
2209 2531 2522 2598 mentisque
2551 2542 2664 2581 sua:
2710 2527 2902 2582 oculos
2931 2526 3217 2580 evertisse.
3255 2524 3440 2590 Quare

1853 2619 2156 2674 secundum
2198 2619 2525 2685 Hebraicam
2566 2620 2859 2674 lectionem
2899 2618 3104 2673 dicitur
3131 2633 3144 2670 :
3172 2614 3240 2671 In
3269 2616 3442 2671 oculis

1851 2711 1966 2781 ejus
1997 2710 2178 2765 dolose
2223 2713 2409 2781 egisse,
2456 2721 2514 2766 ut
2562 2712 2795 2766 inveniat
2830 2711 3166 2781 iniquitatem
3214 2708 3351 2779 ejus,
3387 2716 3439 2763 et

1851 2803 1972 2857 odio
2003 2803 2214 2858 habeat.
2236 2803 2336 2871 Ita,
2369 2804 2568 2875 inquit,
2589 2818 2711 2859 sese
2742 2802 3032 2865 subvertit,
3066 2802 3437 2871 timoremque

1850 2892 1947 2949 Dei
1976 2894 2045 2948 ab
2082 2894 2259 2950 oculis
2292 2893 2410 2949 suis
2455 2893 2677 2963 abjecit,
2712 2901 2770 2948 ut
2821 2892 3086 2962 iniquitas
3115 2891 3236 2961 ejus
3261 2890 3439 2945 mani-

1852 2986 1991 3042 festa
2035 2985 2314 3059 evaderet,
2356 2986 2602 3056 ipsisque
2634 2985 2811 3055 oculis
2843 2990 3054 3055 pateret
3086 2998 3150 3038 ac
3182 2982 3434 3037 invenire-

1853 3089 1939 3134 tur
1965 3122 1980 3149 ,
2035 3095 2209 3151 eoque
2242 3078 2405 3135 modo
2454 3079 2616 3149 digna
2667 3078 2796 3134 odio
2824 3088 2991 3132 esset.
3024 3075 3211 3130 Palam
3251 3081 3436 3129 autem

1852 3171 1942 3226 ille
1971 3187 2031 3227 se
2069 3178 2294 3239 peccato
2327 3169 2553 3233 dedidit,
2604 3170 2677 3222 ita
2711 3176 2772 3223 ut
2810 3168 2974 3223 verba
3019 3166 3134 3222 oris
3165 3165 3286 3236 ejus
3327 3163 3437 3219 ini-

150 3238 321 3336 ριψεν
361 3238 678 3334 όνφθαλμῶν,
718 3262 795 3325 ὡς
841 3261 940 3334 τὴν
993 3261 1221 3333 ἀνομίαν
1271 3261 1435 3316 αὐτοῦ
1492 3238 1743 3347 προεμανῆ

1854 3267 2033 3334 quitas
2065 3238 2120 3319 et
2159 3262 2320 3318 dolus
2351 3270 2561 3331 essent,
2609 3259 2734 3316 Haec
2776 3267 2957 3315 autem
2990 3259 3109 3330 ipsa
3140 3256 3433 3312 admodum

147 3354 469 3425 τυγχάνειν,
508 3354 601 3406 καὶ
647 3352 808 3407 πάλιν
836 3351 1067 3421 ὁρᾶσθαι
1098 3354 1191 3406 καὶ
1211 3353 1625 3422 εὑρίσκεσθαι·
1650 3354 1744 3407 καὶ

151 3447 234 3501 διὰ
257 3445 425 3500 τοῦτο
451 3444 642 3516 μίσους
668 3445 826 3515 ἀξίαν
853 3441 1012 3499 εἶναι.
1050 3443 1401 3508 Ἀκαλὺπτως
1433 3444 1489 3498 δὲ
1521 3447 1549 3499 6
1570 3446 1744 3500 τοιοῦ-

153 3556 233 3604 τος
276 3537 545 3603 ἐξέδωκεν
577 3537 764 3611 ἑαυτὸν
790 3539 857 3609 τῇ
889 3536 1154 3608 ἁμαρτίᾳ,
1185 3536 1261 3600 ὡς
1286 3537 1381 3590 καὶ
1415 3536 1483 3590 τὰ
1520 3538 1741 3609 ῥήματα

154 3632 240 3705 τοῦ
265 3630 548 3701 στόματος
574 3628 737 3683 αὑτοῦ
771 3622 1003 3699 ἀνομίαν
1038 3624 1175 3682 εἶναι
1205 3628 1300 3681 καὶ
1323 3628 1487 3683 δόλον.
1509 3630 1658 3682 Πάνυ
1688 3630 1745 3701 δὲ

153 3725 332 3779 ταῦτα
359 3723 501 3777 ἑκὼν
528 3723 718 3789 εἵλετο,
745 3723 841 3777 ἅτε
871 3722 933 3793 δὴ
960 3720 1308 3785 αὑτεξοὺσιος
1345 3720 1441 3783 ὢν,
1470 3722 1563 3774 καὶ
1587 3722 1744 3775 δυνά-

155 3836 324 3890 μενος
365 3817 465 3888 μὲν
496 3817 594 3889 τὴν
624 3816 833 3888 ἀγαθὴν
874 3814 1151 3887 μετελθεῖν
1173 3813 1312 3879 όδὸν,
1352 3814 1429 3885 μὴ
1466 3814 1745 3886 βουληθεὶς

152 3910 238 3967 δέ·
301 3908 383 3981 διὸ
425 3908 704 3963 λέλεκται·
766 3912 887 3963 Οὐκ
947 3906 1248 3975 ἐϐουλήθη
1306 3906 1579 3961 συνιέναι
1638 3907 1745 3969 τοῦ

152 4000 480 4072 ἀγαθῦναι·
519 4001 776 4070 ἀνομίαν
820 4001 875 4053 δὲ
919 3999 1300 4070 διελογίσατο
1340 3998 1439 4052 ἐπὶ
1475 3998 1587 4066 τῆς
1614 4000 1736 4054 κοί-

153 4111 259 4163 της
291 4094 503 4148 αὑτοῦ.
531 4092 667 4147 Οὐδὲ
695 4094 823 4165 γὰρ,
849 4094 991 4147 κατὰ
1032 4092 1123 4146 τὸν
1159 4092 1349 4165 καιρὸν
1384 4092 1485 4163 τῆς
1511 4091 1741 4164 ἡσυχίας

1851 3355 2021 3411 libere
2062 3354 2247 3425 elegit,
2304 3360 2493 3425 utpote
2543 3353 2702 3408 liberi
2764 3352 3000 3417 arbitrii,
3054 3367 3221 3422 penes
3270 3366 3435 3423 quem

1849 3456 1967 3515 erat
1991 3447 2134 3501 viam
2186 3446 2336 3502 adire
2366 3446 2589 3509 bonam,
2621 3446 2765 3520 quod
2799 3446 2888 3500 ille
2922 3445 3126 3513 noluit;
3165 3444 3435 3515 quamobo

1856 3554 1972 3593 rem
2036 3537 2244 3592 dictum
2279 3544 2403 3593 est:
2438 3535 2627 3590 Noluit
2666 3536 2955 3607 intelligere
2985 3546 3044 3589 ut
3075 3536 3199 3591 bene
3236 3544 3435 3607 ageret;

1848 3631 1967 3693 sed,
1998 3631 2330 3701 iniquitatem
2354 3629 2635 3683 meditatus
2659 3639 2736 3683 est
2763 3630 2816 3697 in
2835 3629 3076 3684 cubiculo
3106 3628 3224 3685 suo.
3249 3628 3437 3699 Neque

1848 3725 1994 3781 cnim
2026 3723 2228 3795 quietis
2278 3730 2543 3793 tempore,
2586 3736 2694 3793 quo
2739 3730 2862 3792 post
2894 3721 3091 3775 diurna
3142 3736 3307 3790 opera
3336 3721 3437 3773 ho-

1848 3816 2027 3881 mines
2052 3816 2186 3880 otio,
2237 3798 2629 3885 tranquillitati
2666 3820 2721 3868 et
2770 3828 2965 3880 somno
3006 3828 3069 3867 se
3110 3812 3311 3867 dedere
3352 3827 3439 3867 so-

1848 3907 1982 3973 lent,
2018 3907 2143 3963 talis
2181 3907 2345 3961 homo
2395 3906 2449 3960 in
2491 3905 2789 3977 tranquillo
2838 3912 2983 3961 statu
3031 3904 3301 3975 degebat;
3337 3899 3436 3959 sed

1849 4016 1916 4059 eo
1947 4016 2166 4072 quoque
2196 4008 2441 4072 tempore
2470 4000 2805 4070 iniquitatem
2843 3998 3130 4063 meditatus
3155 4004 3235 4051 est
3254 3997 3307 4049 ir.
3340 4008 3432 4049 stt-

1851 4094 1944 4148 bili
1975 4111 2089 4149 suo.

156 4180 277 4253 ὲνῷ
321 4185 460 4258 μετὰ
490 4187 587 4249 τὰς
623 4184 993 4257 μεθημερινὰς
1037 4182 1265 4256 πράξεις
1300 4184 1526 4247 ἑαυτοὺς
1563 4183 1895 4238 ἐπιδιδόασιν
1956 4184 2231 4255 ἄνθρωποι
2265 4182 2472 4257 ἠρεμίᾳ
2533 4181 2627 4235 καὶ
2669 4179 2962 4252 εὐσταθείᾳ
2990 4179 3085 4248 καὶ
3146 4178 3316 4250 ὕπνῳ,
3372 4179 3433 4232 ὲν

157 4277 491 4333 καταστάσει
525 4276 734 4348 γαλήνῃ
772 4276 993 4345 γέγονεν
1049 4275 1077 4327 6
1113 4274 1379 4355 τοιοῦτος·
1423 4274 1557 4349 ἀλλὰ
1591 4277 1683 4331 καὶ
1719 4277 1777 4345 ἐν
1815 4274 1989 4349 τούτῳ
2015 4277 2094 4350 τῷ
2152 4276 2329 4348 καιρῷ
2360 4274 2619 4345 ἀνομίαν
2636 4274 3016 4344 διελογίσατο
3044 4272 3142 4326 ἐπὶ
3170 4271 3279 4341 τῆς
3307 4273 3432 4327 κοί-

156 4387 260 4441 της
300 4370 512 4427 αὑτοῦ.

223 4465 426 4533 Κύριε,
455 4464 525 4517 ἐν
554 4463 633 4530 τῷ
666 4463 898 4532 οὐρανῷ
926 4464 993 4518 τὸ
1014 4466 1185 4540 ἔλεός
1212 4481 1349 4520 σου.
1374 4466 1586 4539 Σφόδρα
1611 4467 1741 4521 ἀκο-

1918 4462 2084 4520 Vsns.
2114 4463 2167 4528 6,
2204 4464 2255 4517 7.
2275 4461 2519 4526 Domine,
2542 4461 2598 4514 in
2618 4459 2745 4514 caelo
2770 4458 3133 4523 misericordia
3157 4467 3267 4513 tua.
3301 4457 3435 4516 Post

156 4551 364 4619 λοὺθως
394 4554 532 4626 μετὰ
563 4556 664 4626 τὴν
702 4556 1020 4627 ὑπογραφὴν
1044 4557 1143 4627 τῆς
1167 4556 1261 4610 τοῦ
1296 4558 1612 4629 παρανόμου
1642 4576 1740 4611 κα-

1854 4558 2179 4627 descriptam
2195 4553 2431 4627 improbi
2455 4551 2698 4607 hominis
2719 4549 3039 4618 nequitiam,
3059 4548 3431 4620 praecellentes

159 4648 280 4711 κίας
308 4647 404 4701 τὸν
437 4647 840 4718 ὑπερϐάλλοντα
872 4648 1098 4705 πλοῦτον
1125 4649 1223 4720 τῆς
1255 4649 1347 4701 τοῦ
1373 4648 1504 4702 Θεοῦ
1538 4667 1744 4721 μακρο-

160 4738 363 4812 θυμίας
401 4742 751 4812 παρίστησιν,
789 4740 857 4793 δι’
894 4736 962 4815 ἧς
997 4741 1091 4796 καὶ
1136 4740 1244 4793 τῶν
1286 4742 1618 4813 παρανόμων
1646 4742 1740 4806 καὶ

158 4832 373 4887 ἀσεϐῶν
406 4832 614 4904 ἀνδρῶν
663 4830 912 4902 ἀνέχεται
932 4849 945 4861 ·
980 4831 1267 4896 διδάσκων,
1295 4833 1376 4885 ὅτι
1404 4834 1435 4885 ὀ
1474 4832 1739 4898 πλοῦτος

159 4924 270 5003 τῆς
294 4926 705 4995 χρηστότητος
737 4924 922 4979 αὐτοῦ
964 4923 1065 4978 καὶ
1106 4921 1212 4991 τῆς
1243 4924 1473 4994 ἀνοχῆς
1501 4924 1599 4978 καὶ
1629 4924 1739 5003 τῆς

157 5000 568 5087 μακροθυμίας
600 5017 747 5070 ἐλέου
784 5017 1136 5088 πεπλήρωται
1167 5016 1422 5088 μεγάλου.
1450 5017 1558 5069 Καὶ
1580 5000 1739 5071 τοῦτο

160 5110 222 5163 τὸ
251 5111 400 5175 ἕλεος
434 5110 526 5164 τοῦ
553 5109 687 5164 Θεοῦ
732 5111 901 5180 αἴτιον
928 5110 1183 5181 τυγχάνει
1214 5111 1311 5183 τῆς
1336 5109 1443 5163 τῶν
1476 5111 1741 5184 ἁμαρτω-

161 5200 270 5257 λῶν
317 5203 412 5256 καὶ¹
446 5202 655 5256 ἀσεϐῶν
687 5203 893 5275 ἀνδρῶν
925 5203 1069 5274 ζωῆς
1101 5220 1159 5256 τε
1202 5203 1296 5256 καὶ
1325 5201 1607 5272 εὐθυμίας.
1640 5202 1742 5255 Τὸν

167 5296 264 5367 μὲν
305 5292 397 5350 οῦν
439 5296 709 5368 θησαυρὸν
762 5294 855 5363 τοῦ
906 5296 1086 5358 ἐλέους
1119 5294 1300 5366 ςαὺτοῦ
1352 5292 1743 5366 τεταμιεῦσθαί

166 5404 328 5459 φησιν
375 5390 432 5441 ὲν
484 5388 560 5460 τῷ
598 5387 811 5460 οὐρανῷ
857 5386 993 5440 ἀλλὰ
1028 5388 1121 5441 καὶ
1157 5387 1253 5458 τὴν
1290 5386 1548 5459 ἀλήθειαν
1578 5386 1741 5440 αὐτοῦ

166 5474 305 5533 εἶναι
334 5482 461 5550 παρ’
492 5480 658 5553 αὐτῷ,
687 5480 1016 5553 πληροῦντες
1036 5484 1053 5502 ⁴
1072 5479 1247 5533 πάντα
1266 5478 1336 5532 τὰ
1352 5481 1738 5553 ὑπερουράνιαο

164 5570 312 5641 ὅμως
350 5571 405 5625 δὲ
454 5572 755 5643 καὶμέχρι
805 5571 923 5626 τῶν
973 5570 1265 5641 νεφελῶν,
1299 5572 1353 5643 ἢ,
1397 5571 1575 5641 μέχρι
1629 5573 1745 5627 τῶν

166 5662 428 5731 αἰθέριον,
453 5663 591 5718 κατὰ
620 5665 711 5718 τὸν
734 5664 1046 5736 Σύμμαχον,
1068 5664 1296 5734 διήκειν.
1314 5663 1468 5718 υὺτω
1492 5664 1622 5734 γοῦν
1647 5667 1738 5721 καὶ

238 5843 284 5884 ³⁸
322 5843 478 5910 Rom.
512 5863 586 5915 tt,
618 5847 671 5908 ι.
749 5849 792 5881 ⁸⁸
832 5848 978 5905 Psal.
1013 5863 1254 5903 vawm
1330 5846 1386 5904 °.

1849 4652 1973 4706 illas
2020 4649 2221 4704 divinae
2269 4646 2575 4709 tolerantiae
2632 4642 2851 4698 divitias
2897 4642 3188 4709 admodum
3240 4653 3435 4697 conse-

1848 4750 2082 4815 quenter
2118 4748 2364 4803 enarrat,
2410 4752 2519 4808 qua
2562 4736 2780 4805 iniquos
2834 4732 3139 4803 impiosque
3180 4729 3432 4785 homines

1846 4835 1990 4893 ferre
2015 4832 2392 4895 solet,docens
2409 4828 2626 4893 divitias
2661 4826 2910 4880 bonitatis
2939 4824 3053 4894 ejus
3082 4832 3130 4877 et
3162 4821 3432 4892 patientia

1847 4939 1897 4985 et
1925 4925 2350 4997 longanimitatis
2371 4924 2452 4990 ⁸⁸,
2503 4916 2889 4977 misericordia
2943 4929 3138 4986 magna
3193 4913 3428 4983 repletas

1849 5036 1992 5077 esse.
2025 5021 2205 5091 Atque
2244 5020 2435 5075 isthmc
2482 5014 2866 5071 misericordia
2899 5012 2995 5067 Dei
3032 5011 3090 5064 in
3122 5022 3290 5062 causa
3319 5013 3425 5072 est,

1849 5112 1996 5183 quod
2027 5120 2343 5182 peccatores
2371 5116 2425 5165 et
2456 5108 2608 5179 impii
2642 5108 2827 5163 vivant
2866 5112 2920 5161 et
2957 5102 3212 5157 alacriter
3241 5108 3424 5171 agant.

1849 5204 2193 5261 Tbesaurum
2248 5202 2432 5273 itaque
2487 5199 2883 5256 misericordiae
2932 5196 3052 5267 ejus
3096 5195 3152 5249 in
3175 5192 3315 5248 cmlo
3341 5207 3428 5247 re-

1849 5296 2133 5351 conditum
2162 5295 2261 5359 ait,
2300 5292 2398 5350 sed
2429 5292 2716 5349 veritatem
2756 5303 2974 5361 quoque
3000 5287 3120 5356 ejus
3147 5300 3313 5355 penes
3345 5283 3428 5352 ip-

1850 5403 1973 5443 sum
2003 5402 2153 5454 esse;
2184 5386 2300 5441 haec
2350 5391 2533 5439 autem
2580 5382 2826 5437 coelestia
2876 5393 3061 5433 omnia
3113 5374 3424 5445 complent;

1852 5491 2091 5537 attamen
2124 5496 2287 5552 usque
2315 5478 2384 5532 ad
2422 5476 2604 5542 nubes,
2632 5476 2737 5538 vel,
2771 5480 2831 5527 ut
2855 5468 3216 5544 Symmachus
3239 5466 3422 5530 habet,

1851 5590 2012 5644 usque
2044 5571 2111 5626 ad
2136 5573 2332 5627 tet/tera
2363 5575 2671 5641 penetrant.
2712 5565 2802 5621 Sic
2827 5566 2883 5620 in
2905 5565 3012 5619 alto
3042 5574 3257 5632 quoque
3284 5554 3425 5627 psal-

1846 5681 1937 5723 mo
1966 5666 2172 5723 dictum
2194 5673 2278 5723 est
2304 5680 2318 5719 :
2358 5662 2420 5721 In
2447 5661 2574 5718 caelo
2600 5660 2988 5733 prwparabitur
3016 5655 3210 5712 veritas
3239 5659 3331 5705 tua
3351 5648 3421 5706 ".
