4010 6522
620 368 729 430 525

1327 369 1593 428 EUSEBll
1632 362 2111 427 CESARIENSIS
2148 368 2297 425 OPP.
2334 369 2515 425 PARS
2552 370 2643 426 Ill.
2683 400 2751 412 --
2790 370 3200 431 EXEGETICA.

3814 376 3923 431 εει

615 492 777 546 ‘cebat
805 492 858 545 in
883 490 1153 559 semetipso
1188 499 1244 542 ut
1276 488 1618 561 delinqueret,
1652 490 2047 559 hominumque
2092 489 2175 559 ips

2299 488 2357 542 δὲ
2401 490 2540 543 αὐτὰ
2586 491 2711 561 ἔφη,
2775 492 2913 562 μετά
2959 493 3019 545 τὸ
3052 482 3364 563 ὑπογράψαι
3408 491 3592 543 ὁποῖον
3647 490 3826 543 ἔσται
3862 500 3921 547 τὸ

617 584 900 648 similium,
934 582 1214 637 memoria.

2299 581 2450 645 τέλος
2502 582 2609 635 τῶν
2663 584 2719 635 ὲν
2739 586 2804 654 τῇ
2848 582 3025 655 σκέπῃ
3061 583 3155 637 τοῦ
3188 583 3321 636 Θεοῦ
3349 582 3667 653 ἡλπικότων
3702 582 3917 636 tm-

614 678 904 750 λαμϐάνων
934 676 1030 748 τὴν
1067 678 1285 749 μνήμην
1318 676 1411 730 τοῦ
1444 678 1563 731 κατ’
1593 677 1766 748 ἀρχὰς
1795 675 2109 749 παρανόμου
2128 717 2144 745 ,
2168 675 2227 743 ὃς
2265 677 2501 747 ἔφασκεν
2526 679 2597 732 ἐν
2630 678 2823 744 ἐαυτῷ
2851 678 2955 732 τοῦ
2991 677 3366 748 ἁμαρτάνειν,
3408 678 3502 731 καὶ
3538 677 3657 731 τῶν
3712 677 3917 750 ἐκείνᾳ

615 771 873 845 παραπλη
882 772 1028 827 σίων.

1103 892 1154 945 1.
1186 889 1458 946 DAVlDlS
1495 888 1733 947 XXXVI.

686 999 818 1055 Noli
865 1001 1110 1055 azmulari
1149 1003 1205 1054 in
1258 1002 1697 1073 malignantibus,
1732 1021 1892 1075 neque
1941 990 2190 1061 zelaveris

606 1074 858 1152 facientes
907 1093 1257 1163 iniquitatem.
1300 1093 1438 1159 Quia
1491 1095 1545 1148 in
1600 1074 1927 1166 praecedenti
1983 1098 2192 1167 psalmo

608 1192 949 1249 peccatorem
977 1185 1266 1240 induxerat
1299 1203 1418 1242 sese
1450 1187 1516 1241 ad
1551 1199 1771 1258 peccata
1799 1190 2188 1254 concitantem,

606 1281 882 1348 vitamque
931 1278 1072 1349 ejus,
1110 1295 1325 1333 necnon
1358 1280 1519 1335 linem
1550 1281 1891 1351 exitiumque
1919 1282 2065 1336 illius
2094 1283 2188 1336 dc-

606 1369 923 1438 scripserat;
956 1377 1355 1438 consequenter
1386 1370 1439 1423 in
1466 1370 1566 1424 hoc
1598 1371 1807 1441 psalmo
1850 1372 2095 1425 hortatur
2119 1372 2187 1426 ad

605 1462 962 1517 declinandos
1006 1462 1377 1531 improborum
1423 1478 1627 1529 mores,
1658 1474 1711 1518 et
1743 1480 1851 1519 non
1882 1466 2186 1521 :emulanda

604 1568 794 1608 eorum
842 1569 1027 1624 opera.
1086 1553 1355 1619 Quoniam
1403 1571 1533 1609 vero
1584 1556 1730 1610 aliud
1785 1564 1867 1611 est
1914 1558 2180 1623 aemulari,

601 1644 750 1698 aliud
795 1646 1000 1711 zelare;
1034 1645 1185 1699 dicas
1235 1646 1514 1700 concitare
1545 1656 1598 1701 et
1626 1647 1693 1702 ad
1732 1649 2056 1719 zelotypiam
2104 1650 2188 1703 in-

602 1737 859 1801 cendere,
898 1738 950 1791 id
992 1754 1112 1794 esse
1155 1739 1421 1793 aemulari.
1454 1739 1636 1806 Quare
1675 1740 1871 1812 Aquila
1902 1743 1982 1798 sic
2011 1744 2182 1797 inter-

602 1836 850 1897 pretatur
876 1847 887 1881 :
917 1827 999 1882 Ne
1042 1828 1240 1882 dimica
1287 1846 1405 1882 cum
1451 1831 1898 1901 malignantibus;
1937 1830 2183 1902 Symma-

601 1921 740 1977 chus
768 1938 938 1977 vero:
970 1921 1051 1977 Ne
1086 1924 1344 1977 altercare
1389 1940 1507 1976 cum
1549 1924 1826 1993 maleﬁcis.
1862 1924 1977 1979 Hoc
2020 1940 2185 1994 porro

599 2011 807 2066 dictum
853 2028 917 2068 ex
971 2014 1056 2067 his
1099 2015 1371 2085 intelligas
1400 2034 1411 2068 :
1442 2014 1554 2084 Ipsi
1585 2032 1665 2069 me
1690 2025 2101 2084 provocaverunt
2131 2016 2185 2069 in

596 2122 658 2159 eo
690 2107 781 2177 qui
813 2124 916 2161 non
942 2118 1058 2161 erat
1096 2108 1258 2173 Deus,
1289 2119 1339 2162 et
1367 2110 1713 2163 irritaverant
1745 2111 1797 2163 in
1830 2109 1985 2163 idolis
2017 2111 2128 2163 suis
2165 2125 2184 2163 :

594 2205 650 2253 et
673 2215 764 2269 ego
784 2200 1081 2269 provocabo
1110 2218 1197 2255 eos
1228 2202 1281 2254 in
1310 2218 1369 2255 eo
1396 2203 1486 2271 qui
1515 2220 1616 2255 non
1648 2210 1725 2255 est
1769 2204 2015 2271 populus,
2051 2213 2099 2256 et
2130 2204 2185 2255 in

596 2302 746 2363 gente
774 2294 1051 2363 insipiente
1082 2294 1309 2348 irritabo
1371 2296 1495 2347 illos
1515 2297 1578 2348 ⁸³.
1607 2296 1901 2365 Apostolus
1921 2299 2050 2351 item
2079 2296 2185 2352 Co-

600 2382 820 2439 rinthiis
856 2384 1102 2439 scribens
1130 2386 1202 2439 ita
1231 2387 1509 2455 loquitur:
1540 2387 1621 2440 An
1652 2388 1970 2442 mntalamur
2003 2389 2183 2444 Domi-

596 2490 723 2529 num
755 2474 1051 2546 ?Nunquid
1082 2477 1326 2545 fortiores
1368 2478 1464 2533 illo
1495 2497 1677 2533 sumus
1702 2480 1783 2533 “?
1809 2480 1971 2535 Zelus
2002 2490 2182 2535 autem

597 2584 694 2625 seu
752 2570 1007 2625 voluntas
1069 2570 1378 2641 cujuspiam
1430 2573 1771 2643 adipiscendi
1822 2574 1873 2628 id
1924 2575 2068 2645 quod
2125 2576 2182 2629 in

596 2661 849 2731 proximo
874 2677 997 2719 esse
1024 2663 1346 2727 arbitratur,
1375 2664 1518 2717 bona
1545 2674 1652 2720 est.
1685 2664 1777 2721 Est
1804 2667 1943 2721 alius
1970 2667 2181 2723 medius

596 2755 770 2819 zelus,
810 2755 1137 2827 plerumque
1172 2757 1297 2811 talis
1326 2758 1541 2827 qualem
1570 2758 1836 2813 describit
1868 2760 2010 2814 idem
2046 2775 2180 2830 apo-

592 2848 771 2903 stolus
827 2848 914 2904 his
949 2848 1129 2904 verbis
1165 2868 1177 2903 :
1212 2848 1567 2903 Emulantur
1623 2868 1710 2905 vos
1760 2869 1863 2906 non
1914 2851 2057 2915 bene,
2090 2852 2180 2906 sed

590 2939 867 2995 excludere
895 2958 983 2995 vos
1020 2942 1282 2996 volunt“.
1322 2941 1529 2997 Invidia
1562 2960 1693 2999 sane
1725 2960 2001 3015 nunquam
2037 2946 2179 2999 bona

593 3048 718 3088 esse
746 3043 943 3103 queat;
974 3049 1099 3087 nam
1134 3034 1291 3088 dolor
1308 3042 1391 3088 est
1420 3035 1487 3089 de
1515 3036 1792 3106 prosperis
1828 3037 2060 3105 proximi
2094 3054 2179 3093 re-

594 3124 699 3180 bus
725 3143 737 3179 :
766 3126 917 3181 zelus
967 3142 1098 3181 vero
1146 3126 1422 3181 interdum
1477 3128 1676 3193 bonus,
1713 3128 1790 3181 uti
1830 3129 2173 3185 tradidimus.

2803 887 2941 959 T011
2986 888 3183 940 sam
3227 885 3363 956 Aq'.

2358 1001 2454 1075 Μὴ
2494 999 2836 1069 παραζιμω
2870 999 2941 1052 ἐν
2971 998 3495 1069 πονηρευομένοις,
3523 1002 3697 1071 μηδὲ
3722 1003 3911 1071 ζήλου

2294 1096 2435 1160 τοὺς
2495 1093 2817 1159 ποιοῦντας
2870 1091 2985 1160 τὴν
3036 1092 3313 1161 ἀνομίαν.
3384 1094 3606 1165 Ἐπειδὴ
3667 1098 3797 1169 γὰρ
3856 1100 3909 1151 ὲν

2292 1190 2488 1259 ἐκείνῳ
2532 1189 2719 1259 εἰσῆγε
2760 1187 2851 1241 τὸν
2900 1188 3216 1258 παράνομον
3270 1188 3646 1260 παρορμῶντα
3712 1192 3907 1246 ὲαυτὺν

2295 1284 2373 1344 εἰς
2409 1282 2700 1351 ἁμαρτίας,
2736 1279 2827 1333 τόν
2855 1296 2913 1332 τε
2945 1279 3057 1349 βίον
3088 1279 3371 1351 ὑπέγραφε
3398 1280 3492 1333 τοῦ
3525 1280 3797 1335 τοιούτου
3822 1286 3907 1339 καὶ

2294 1373 2355 1424 τὸ
2390 1372 2543 1434 τέλος
2571 1371 2670 1441 τῆς
2696 1370 3079 1440 καταστροφῆς
3108 1369 3291 1423 αὑτοῦ·
3335 1369 3649 1435 ἀκολούθως
3691 1376 3799 1427 ἐπὶ
3821 1375 3906 1429 τοῦ

2296 1465 2562 1536 παρόντος
2616 1465 2872 1543 παραινεῖ
2939 1462 3159 1531 φεύγειν
3208 1463 3335 1525 τοὺς
3393 1462 3503 1515 τῶν
3550 1467 3905 1536 παρανόμων

2295 1558 2548 1629 τρόπους,
2589 1557 2723 1627 μηδὲ
2766 1553 2861 1617 τὰς
2894 1554 3111 1625 ὁμοίους
3162 1554 3341 1606 αὐτῶν
3384 1555 3618 1623 πράξεις
3673 1558 3900 1629 ζηλοῦν.

2310 1650 2459 1702 Ἐπεὶ
2484 1649 2528 1702 δ’
2555 1648 2742 1719 ἕτερον
2765 1648 2885 1719 ἐστι
2904 1646 2995 1698 τοῦ
3032 1644 3226 1714 ζηλοῦν
3244 1645 3304 1721 τὸ
3325 1642 3708 1716 παραζηλοῦν,
3737 1652 3899 1719 ἐρεῖς,

2287 1742 2368 1794 ὅτι
2406 1740 2467 1793 τὸ
2509 1736 2771 1810 ἐρεθίζειν
2811 1734 2905 1789 καὶ
2935 1732 3013 1799 εἰς
3048 1736 3374 1805 ζηλοτυπίαν
3420 1737 3690 1809 ἐγείρειν,
3745 1739 3899 1792 τοῦτό

2292 1836 2407 1886 ἐστι
2431 1832 2491 1885 τὸ
2523 1827 3057 1901 παραζηλοῦν.⁸Ὀθεν
3085 1829 3113 1879 ὁ
3142 1828 3238 1898 μὲν
3255 1826 3483 1891 Ἀκύλας
3507 1831 3891 1900 ήρμήνευπνε

2288 1928 2345 1979 Μ
2353 1924 2385 1993 ἡ
2417 1922 2705 1993 ιἰαμάχου
2735 1922 2805 1975 ἐν
2836 1918 3341 1988 πονηρευομένοις
3360 1936 3373 1950 ο
3402 1922 3429 1971 ό
3462 1918 3519 1972 δὲ
3546 1920 3890 1992 Σύμμαχος-

2286 2017 2383 2084 Μὴ
2419 2009 2747 2084 φιλονείκει
2796 2013 3173 2079 κακούργοις.
3219 2011 3450 2082 Νοήσεις
3480 2011 3536 2063 δὲ
3564 2013 3633 2065 τὸ
3662 2015 3891 2085 εἰρημέο

2287 2126 2375 2161 νον
2425 2107 2519 2159 καὶ
2560 2106 2666 2159 ἀπὸ
2705 2107 2830 2157 τοῦ·
2860 2103 3036 2157 Αὐτοὶ
3085 2102 3515 2171 πιιρεζήλωσὰν
3540 2122 3624 2174 με
3676 2108 3785 2159 ἐπ’
3826 2111 3888 2161 οὐ

2289 2197 2438 2263 Θεῷ,
2470 2195 2854 2266 παρώργισάν
2899 2214 2975 2265 με
3028 2195 3097 2247 ὲν
3152 2194 3273 2260 τοῖς
3326 2192 3601 2263 εἰδώλοις
3653 2200 3887 2253 αὐτῶγ’

2490 2272 2897 2359 παριιῇιλώσιο
2942 2288 3164 2354 αὐτοὺς
3223 2288 3314 2340 ἐπ’
3367 2282 3478 2342 οὐκ
3533 2290 3746 2345 ἕθνει’
3801 2296 3887 2348 ἐπ’

2284 2386 2441 2438 ἔθνει
2475 2382 2747 2447 ἀσυνέτῳ
2771 2373 3067 2449 παροργιῶ
3096 2378 3336 2447 αὐτούς.
3362 2372 3517 2434 ῧῦτω
3550 2384 3651 2438 καὶ
3680 2378 3711 2437 ὁ
3731 2387 3889 2441 Ἀπό-

2288 2474 2469 2535 στολος
2512 2473 2738 2543 γράφων
2784 2468 3090 2542 Κορινθίοις
3134 2467 3353 2537 ἐλεγενλ
3405 2472 3475 2526 Ἦ
3501 2470 3888 2544 παραζηλοῦ-

2278 2587 2394 2639 μεν
2429 2569 2535 2621 τὸν
2588 2570 2841 2636 Κύριον;
2894 2567 2991 2636 Μὴ
3025 2570 3393 2636 ἰσχυρότεροι
3426 2569 3618 2622 αὑτοῦ
3658 2571 3885 2641 eam;

2284 2644 2356 2713 Τὸ
2401 2661 2456 2713 δὲ
2500 2657 2694 2731 ζηλοῦν
2748 2660 2843 2713 τοῦ
2900 2659 3182 2729 βούλεσθαι
3216 2661 3309 2713 καὶ
3340 2661 3515 2731 ἑαυτῷ
3544 2663 3884 2734 ὑπάρχεινὸ

2283 2752 2492 2823 νομίζει
2524 2752 2600 2823 τῷ
2634 2752 2802 2816 πέλας
2837 2755 3115 2828 παρεῖναι,
3144 2753 3367 2820 ἀγαθόν.
3404 2752 3509 2806 Καὶ
3538 2754 3661 2807 ἔστι
3697 2755 3763 2808 τὸ
3790 2755 3883 2828 ζη-

2281 2844 2404 2897 λοῦν
2433 2844 2621 2915 μέσον·
2657 2825 2914 2907 πολλάκις
2957 2844 3066 2915 γὰρ
3117 2846 3145 2897 ὁ
3191 2843 3351 2914 ζῆλος
3389 2846 3516 2915 περὶ
3553 2839 3619 2898 οὗ
3660 2838 3691 2901 ὁ
3717 2825 3881 2912 αὒτδς

2282 2952 2475 3007 φησιν·
2512 2935 2822 3002 Ζηλοῦσιν
2851 2933 3006 3004 ὑμᾶς
3037 2939 3109 2990 οὐ
3143 2936 3361 3002 καλῶς,
3393 2928 3528 2990 ἀλλ’
3562 2938 3877 2994 ἐκκλεῖσαι

2282 3025 2434 3095 ὑμᾶς
2467 3025 2985 3090 θέλουσιν.Φθόνος
3027 3027 3125 3097 μὲν
3158 3023 3248 3081 οῦν
3278 3027 3377 3079 οὐκ
3412 3024 3476 3080 ἂν
3500 3028 3723 3095 γένοιτό
3752 3048 3877 3083 ποτε

2279 3118 2513 3193 ἀγαθός·
2550 3118 2691 3196 λύπη
2721 3118 2829 3188 γάρ
2860 3121 3007 3171 ἐστιν
3063 3118 3156 3172 ἐπὶ
3208 3122 3273 3189 τῇ
3328 3118 3433 3195 τοῦ.
3458 3119 3631 3184 πέλας
3667 3122 3873 3193 εὐπρα-

595 3213 697 3269 Hic
747 3230 933 3285 porro,
965 3216 1265 3271 secundum
1319 3216 1596 3286 Aquilam,
1642 3234 1753 3271 non
1802 3218 2175 3274 dimicandum

2284 3203 2405 3281 γίᾳξ
2438 3190 2595 3276 ζῆλος
2636 3190 2693 3258 δέ
2731 3208 2878 3260 ἐστιν
2911 3208 3001 3260 ὅτε
3032 3207 3243 3276 γίνεται
3279 3190 3481 3277 ἀγαθὸς
3514 3207 3708 3274 καθὼς
3741 3190 3875 3265 ἀπο-

591 3319 715 3360 esse
740 3320 864 3359 cum
898 3307 1321 3377 malignantibus
1343 3316 1560 3375 monet;
1588 3310 1889 3364 secundum
1923 3310 2173 3381 Symma-

591 3396 781 3459 chum,
816 3414 923 3451 non
961 3399 1338 3453 altercandum
1392 3416 1514 3454 cum
1549 3402 1847 3469 malelicis;
1874 3403 2172 3459 secundum

589 3488 841 3555 quintam
877 3487 1195 3553 editionem,
1225 3506 1335 3544 non
1385 3492 1587 3545 irritari
1620 3500 1874 3562 oportere
1906 3510 2027 3548 cum
2057 3510 2174 3549 ma-

590 3578 925 3650 lignantibus
945 3599 958 3647 ;
978 3583 1276 3636 secundum
1299 3600 1428 3638 vero
1452 3584 1596 3637 LXX
1622 3605 1632 3638 :
1661 3584 1781 3639 Noli
1810 3587 2051 3641 aamulari
2078 3604 2173 3643 ne-

588 3685 698 3741 que
746 3672 1037 3736 concitari,
1070 3672 1115 3728 si
1160 3674 1296 3729 alios
1332 3676 1472 3729 male
1504 3685 1725 3747 agentes
1754 3678 1964 3743 videas,
1996 3695 2172 3749 neque

586 3771 643 3819 te
668 3765 945 3818 concitent
980 3764 1213 3834 improbi
1251 3782 1511 3837 prospere
1541 3778 1785 3839 agentes,
1826 3779 1883 3824 ut
1931 3779 1989 3824 tu
2032 3787 2174 3841 quo-

586 3871 695 3926 que
750 3856 885 3911 velis
940 3872 1054 3910 rem
1105 3857 1245 3912 bene
1292 3874 1501 3929 gerere.
1546 3860 1845 3930 linamque
1872 3861 1926 3915 in
1958 3878 2017 3916 re
2047 3878 2173 3932 pro-

584 3961 748 4016 spera
799 3954 853 4000 et
897 3946 953 4000 in
1004 3946 1220 4002 deliciis
1270 3959 1494 4017 agentes
1525 3957 1577 4005 te
1606 3950 1903 4021 instigant;
1930 3960 1983 4005 at
2012 3964 2069 4005 tu
2104 3967 2170 4007 ne

584 4036 861 4089 aemuleris
898 4051 1075 4105 neque
1106 4038 1420 4101 concitaris,
1455 4040 1550 4094 scd
1584 4055 1761 4110 neque
1787 4041 2048 4096 zelaveris
2087 4040 2169 4095 la-

586 4128 796 4183 cientes
839 4128 1217 4198 iniquitatem;
1260 4146 1329 4185 ne
1368 4131 1557 4187 beatos
1588 4134 1851 4204 praedices
1884 4135 2029 4199 illos,
2064 4150 2168 4189 neu

587 4231 746 4292 putes
775 4221 829 4274 in
860 4221 1020 4277 bonis
1046 4223 1254 4277 versari
1284 4242 1295 4276 :
1323 4239 1424 4279 nec
1464 4226 1583 4294 pari
1627 4226 1788 4281 modo
1826 4242 1941 4281 rem
1979 4242 2169 4297 gerere

584 4321 836 4383 exoptes.

658 4488 822 4545 Vens.
857 4491 1019 4545 2-9.
1074 4491 1336 4558 Quoniam
1394 4502 1647 4564 tanquam
1693 4495 1871 4562 fenum
1927 4493 2168 4547 velociter

582 4592 842 4639 arescent.
917 4583 1121 4639 Deinde
1193 4601 1415 4640 causam
1479 4588 1689 4657 aperit,

580 4675 707 4731 linis
757 4678 972 4731 illorum
1019 4678 1165 4743 talis,
1222 4680 1400 4748 qualis
1455 4679 1564 4734 leni
1622 4680 1802 4734 exitus
1841 4688 1959 4744 est;
2020 4678 2166 4748 quod

579 4780 707 4819 cum
756 4766 1151 4836 aliquantisper
1191 4767 1455 4831 ﬂoruerit,
1486 4767 1749 4822 velociter
1775 4766 1990 4819 arescit.
2026 4761 2163 4818 Nam

579 4858 753 4911 omnis
782 4876 910 4911 caro
936 4860 1135 4926 ferrum.
1168 4869 1215 4913 et
1243 4862 1413 4913 omnis
1439 4861 1614 4931 gloria
1645 4859 1757 4928 ejus
1781 4858 1931 4927 quasi
1961 4858 2059 4925 ﬂos
2087 4856 2163 4926 {e-

580 4950 656 5003 tii.
698 4948 1042 5005 Exsiccatum
1092 4963 1167 5005 est
1224 4953 1422 5017 fenum,
1471 4961 1519 5005 et
1572 4952 1671 5018 ﬂos
1726 4950 1999 5006 decidit“.
2055 4950 2162 5006 Sed

576 5041 769 5104 etiam,
803 5043 1244 5112 quemadmodum
1279 5043 1425 5097 olera
1456 5040 1737 5095 herbarum
1767 5040 1872 5094 cito
1902 5040 2159 5097 deciderit.

580 5132 661 5189 Ne
711 5134 929 5203 quidem
975 5134 1124 5204 digni
1170 5144 1299 5189 sunt
1348 5134 1439 5203 qui
1481 5133 1723 5187 oleribus
1752 5133 1804 5185 in
1840 5146 1971 5203 agro
2000 5135 2163 5189 cultis

579 5235 985 5296 comparentur.
1017 5227 1148 5294 Quae
1180 5242 1346 5281 causa
1376 5226 1542 5294 igitur
1579 5226 1664 5277 est
1695 5240 1794 5277 cur
1816 5240 1911 5279 eos
1939 5226 2162 5280 temule-

579 5336 726 5384 mur,
760 5321 851 5392 qui
884 5336 1009 5375 cum
1044 5322 1193 5375 brevi
1221 5329 1463 5388 tempore
1489 5317 1795 5377 ﬂoruerint,
1828 5333 1951 5371 cras
1982 5320 2033 5371 in
2059 5318 2159 5371 cli-

578 5410 781 5464 banum
833 5410 1139 5471 mittentur,
1174 5415 1233 5461 ut
1281 5408 1439 5461 docet
1488 5402 1841 5461 Salvator"?
1894 5406 2057 5477 Spera
2104 5409 2159 5462 in

583 5503 827 5566 Domino,
860 5513 908 5557 et
940 5503 1027 5571 fac
1051 5502 1358 5561 bonitatem,
1387 5509 1433 5552 et
1464 5500 1703 5553 inhabita
1734 5509 1951 5563 terram,
1980 5510 2027 5554 et
2062 5518 2159 5569 pa-

573 5597 736 5651 sceris
765 5598 819 5649 in
847 5596 1045 5648 divitiis
1076 5594 1211 5663 ejus.
1252 5592 1522 5645 Delectare
1550 5593 1601 5645 in
1640 5591 1883 5657 Domino,
1915 5604 1964 5647 et
2007 5591 2156 5647 dabit

2280 3292 2611 3365 δεδώκαμεν.
2660 3297 2919 3350 Ἐνταῦθα
2948 3298 3004 3350 δὲ
3032 3301 3060 3351 ὁ
3087 3299 3242 3368 λόγος
3272 3300 3411 3353 κατά
3454 3301 3551 3371 μὲν
3577 3302 3677 3353 τὸν
3715 3304 3875 3358 Ἀκύ-

2279 3388 2376 3442 λαν
2428 3388 2501 3459 μὴ
2567 3390 2930 3461 διαμάχεσθαι
2988 3386 3045 3444 ὲν
3100 3393 3557 3465 πονηρευομένοις
3590 3400 3875 3466 παραινεῖ,

2279 3481 2418 3533 κατά
2465 3482 2521 3535 δὲ
2571 3482 2886 3559 Σύμμαχον,
2926 3480 2999 3555 μὴ
3033 3482 3355 3553 φιλονεικεῖν
3405 3486 3463 3537 ἐν
3511 3486 3873 3557 κακούργοις,

2278 3575 2420 3628 κατὰ
2462 3574 2516 3627 δὲ
2565 3575 2662 3646 τὴν
2706 3562 2963 3647 πέμπτην
3014 3576 3244 3638 ἔκδοσιν,
3301 3578 3374 3647 μὴ
3423 3571 3770 3648 ἐρεθίζεσθαι
3820 3584 3875 3633 ἐν

2279 3664 2759 3736 πονηρευομένοις·
2816 3665 2955 3718 κατὰ
3011 3665 3066 3717 δὲ
3118 3668 3243 3729 τοὺς
3304 3662 3732 3737 Ἑϐδομήκοντα·
3781 3671 3872 3739 Μὴ

2280 3755 2603 3827 παροξύνου,
2641 3756 2797 3826 φησὶ,
2832 3756 2966 3827 μηδὲ
3013 3756 3257 3828 ἐρεθίζου
3286 3757 3425 3828 ὁρῶν
3456 3757 3680 3827 ἐτέρους
3708 3777 3872 3831 πονη-

2282 3849 2601 3919 ρευομένους
2620 3866 2633 3879 ·
2665 3847 2800 3920 μηδέ
2830 3867 2886 3901 σε
2918 3850 3278 3920 ὲγειρέτωσαν
3302 3850 3686 3922 εὐθηνούμενοι
3711 3854 3869 3906 κακοὶ

2277 3942 2368 3994 ὲπὶ
2394 3932 2453 3993 τὸ
2487 3940 2580 3993 καὶ
2606 3940 2811 3994 ἐθέλειν
2844 3940 3043 4011 ὁμοίως
3074 3942 3259 4003 αὐτοῖς
3280 3941 3595 4013 εὐπραγεῖν.
3633 3944 3867 3997 Ἐκεῖνοι

2280 4032 2375 4100 μὲν
2415 4026 2523 4102 γὰρ
2556 4028 2937 4102 εὑθηνούμενοι
2989 4031 3080 4083 καὶ
3134 4029 3443 4100 τρυφῶντες
3490 4032 3867 4103 παραζηλοῦσί

2279 4138 2369 4173 σε’
2409 4122 2471 4173 σὺ
2503 4110 2559 4173 δὲ
2592 4120 2666 4193 μὴ
2700 4110 3017 4191 παραζήλου
3048 4120 3183 4191 μηδὲ
3209 4120 3541 4191 παροξύνου·
3566 4122 3708 4174 ἀλλὰ
3733 4125 3866 4194 Met

2277 4208 2438 4283 ζήλου
2456 4214 2579 4275 τοὺς
2597 4212 2881 4276 ποιοῦντας
2908 4212 3156 4283 ἀνομίαν,
3184 4211 3317 4283 μηδὲ
3344 4212 3615 4283 μακάριζε
3644 4216 3863 4281 αὐτοὺς,

2276 4305 2367 4357 καὶ
2394 4306 2449 4357 ὲν
2476 4303 2699 4373 ἀγαθοῖς
2744 4300 2883 4358 εἷναι
2927 4304 3144 4375 νόμιζε·
3189 4303 3310 4375 μηδ’
3342 4302 3501 4375 εὔχου
3536 4305 3631 4358 καὶ
3668 4307 3862 4360 σαυτὸν

2274 4396 2473 4467 ὁμοίως
2505 4397 2686 4461 αὐτοῖς
2718 4398 2994 4469 πράττειν.

2351 4491 2477 4543 ’Ὁτι
2525 4490 2666 4543 ὡσεί
2736 4491 2942 4558 χόρτος
3025 4488 3172 4557 ταχὺ
3231 4489 3856 4557 ἀποξηρανθήσονται.

1770 4587 1957 4641 dicens
1975 4627 1990 4652 ,
2046 4588 2175 4656 quia
2211 4596 2248 4648 ι)
2276 4578 2410 4634 Εἶτα
2438 4581 2535 4651 τὴν
2570 4576 2747 4634 αἰτίαν
2774 4578 3032 4641 διδάσκει,
3059 4577 3251 4647 λέγων,
3280 4580 3362 4631 ὅτι
3394 4579 3454 4631 τὸ
3480 4579 3633 4642 τέλος
3678 4582 3859 4633 αὐτῶν

2272 4674 2510 4727 τοιοῦτόν
2536 4676 2703 4737 ἐστιν,
2731 4676 2913 4726 ὁποῖον
2940 4670 3000 4725 τὸ
3037 4672 3129 4725 τοῦ
3159 4671 3350 4743 χόρτου
3368 4684 3381 4702 ⁸
3419 4672 3477 4735 ὂς
3508 4672 3643 4744 πρὸς
3680 4673 3860 4740 ὀλίγον

2272 4768 2531 4839 ἀνθήσας,
2578 4768 2714 4837 ταχυ
2777 4764 3221 4836 ἀποξηραίνεται.
3284 4765 3456 4819 Πᾶσα
3526 4766 3635 4837 γὰρ
3701 4769 3859 4835 σὰρξ

2267 4860 2502 4930 χόρτος,
2534 4858 2632 4911 καὶ
2672 4855 2840 4911 πᾶσα
2866 4856 3017 4921 δόξα
3059 4856 3249 4925 αὐτῆς
3281 4858 3363 4924 ὠς
3387 4856 3571 4922 ἄνθος
3612 4858 3857 4925 χόρτου.

2282 4948 2609 5019 Ἐξηράνθη
2627 4953 2658 5004 ό
2680 4949 2914 5018 χόρτος,
2930 4950 3027 5002 καὶ
3055 4948 3121 5002 τὸ
3149 4949 3333 5010 ἄνθος
3347 4944 3659 5012 ἐξέπεσεν.
3695 4950 3859 5003 Ἀλλὰ

2269 5043 2382 5106 καὶ,
2404 5042 2548 5095 ὡσεὶ
2567 5040 2807 5111 λάχανα
2827 5042 3016 5110 χλόης
3046 5040 3197 5111 ταχὺ
3224 5029 3673 5095 ἀποπεσοῦνται
3697 5059 3713 5073 ο
3738 5044 3859 5096 οὐδὲ

2268 5132 2701 5204 γεωργουμένοις
2745 5131 2996 5203 λαχάνοις
3035 5130 3175 5198 ἄξιοί
3224 5133 3329 5185 είσι
3381 5132 3855 5203 παραϐάλλεσθαι.

2270 5224 2334 5277 Τί
2354 5221 2447 5278 οὖν
2477 5225 2624 5291 ἄξιον
2650 5221 2844 5294 ζηλοῦν
2870 5224 3110 5289 τούτους,
3136 5226 3185 5278 οῖ
3212 5223 3347 5296 πρὸς
3377 5224 3553 5293 ὀλίγον
3580 5224 3855 5295 ἀνθήσαν-

2265 5335 2375 5380 τες,
2430 5306 2616 5388 αὔριον
2672 5316 2752 5382 είς
2809 5317 3057 5373 κλίϐανον
3108 5318 3410 5388 βάλλονται.
3432 5318 3507 5381 ὡς
3555 5316 3854 5384 ἐδίδαξενό

2267 5406 2487 5479 Σωτήρ;
2522 5411 2816 5465 Ἔλπισον
2844 5411 2943 5465 ἐπὶ
2989 5412 3229 5479 Κύριον,
3272 5410 3368 5464 καὶ
3404 5410 3555 5463 ποίει
3588 5412 3852 5479 χρηστό-

2264 5517 2430 5567 τητα,
2475 5502 2571 5555 καὶ
2616 5504 2999 5572 κατασκήνου
3037 5502 3152 5571 τὴν
3184 5501 3435 5573 γῆννκα²
3463 5502 3847 5571 ποιμανθήσπ

2262 5594 2358 5648 ἐπὶ
2406 5593 2485 5662 τῷ
2535 5597 2775 5665 πλούτῳ
2816 5596 3022 5664 αὐτῆς.
3070 5598 3542 5665 Κατατρύφησον
3579 5595 3689 5650 τοῦ
3737 5600 3859 5651 Κυ-

645 5776 694 5808 ⁶⁸
731 5776 886 5831 De‘ut.
922 5790 1070 5828 xxx"
1094 5815 1107 5840 ,
1139 5774 1230 5826 21.
1311 5776 1355 5806 ⁸⁸
1396 5771 1413 5825 1
1444 5773 1570 5829 Cor.
1606 5790 1634 5828 ι
1658 5818 1672 5844 ,
1710 5774 1799 5828 92.
1879 5775 1920 5805 ⁸⁸
1942 5774 2115 5831 Galat.
2152 5792 2175 5831 l‘

2284 5774 2361 5829 l7.
2442 5777 2486 5807 ⁶⁶
2525 5774 2629 5830 lsa.
2665 5791 2766 5840 ιι,
2803 5775 2855 5830 6.
2936 5775 2977 5807 ⁸⁷
3018 5774 3205 5831 Matth.
3240 5790 3324 5839 vr,
3354 5772 3442 5828 '50.
