4010 6546
153 391 274 448 325

1290 366 1797 442 COMMENTARIA
1836 383 1902 439 IN
1944 377 2302 445 PSAL-MOSI

145 510 315 582 ρίου,
330 506 431 561 καὶ
459 504 579 571 δῴη
600 518 700 558 σοι
721 500 918 556 πάντα
950 501 1022 556 τὰ
1049 499 1340 571 αιτήματα
1363 502 1476 571 τῆς
1504 501 1727 571 καρδίας

1855 503 1950 558 tibi
1989 521 2166 559 omnes
2193 506 2474 574 petitiones
2505 508 2682 563 cordis
2719 510 2817 564 tui.
2852 511 3141 584 Postquam
3171 519 3424 588 superio-

151 614 300 656 σου.
343 596 714 668 Ἀποστρέψας
747 593 841 648 τοῦ
872 592 1036 665 ζήλου
1078 592 1188 647 τῶν
1229 593 1482 664 πονηρῶν
1515 593 1603 646 διὰ
1637 593 1748 648 τῶν

151 689 415 763 πρώτων,
448 688 608 751 εὐθὺς
639 691 702 740 ὲκ
732 685 1077 758 παραλλήλου
1124 685 1224 756 τὴν
1268 685 1436 757 ὀρθὴν
1468 687 1560 740 καὶ
1596 687 1748 757 βασι-

148 780 318 853 λικὴν
344 781 462 835 ὁδὸν
499 778 703 849 τίθησι,
737 776 950 840 δεικνὺς
982 775 1173 829 ὁποίαν
1208 776 1312 847 χρὴ
1357 775 1620 847 βαδίζειν.
1657 779 1748 832 Διό

151 889 355 944 φησιν·
393 873 539 924 Ἀνω
578 869 764 939 βλέπε,
811 861 856 921 ὢ
899 861 1073 930 οὗτος,
1108 867 1327 937 ἀφορῶν
1369 869 1448 930 είς
1501 867 1592 922 τὸν
1639 869 1747 922 τῶν

148 965 296 1019 ὅλων
326 964 688 1036 κυϐερνήτην,
734 962 828 1014 καὶ
878 960 1040 1013 αὐτὸν
1074 960 1300 1013 σεαυτοῦ
1355 961 1541 1016 ἐλπίδα
1585 961 1748 1034 θέμε-

148 1069 265 1118 νος⁶
287 1053 478 1126 Θάρσει
499 1053 574 1117 ὡς
601 1052 690 1106 ἐπὶ
725 1050 966 1122 μεγάλην
992 1051 1240 1122 ἄγκυραν
1263 1051 1616 1123 ἡδρασμένος.
1636 1055 1746 1108 Καὶ

145 1145 223 1199 τὰ
262 1146 364 1218 μὲν
393 1147 492 1218 τῆς
519 1145 758 1207 διανοίας
813 1160 906 1197 σου
953 1141 1156 1214 ταύτην
1184 1142 1355 1212 ἐχέτω
1396 1143 1494 1214 τὴν
1521 1143 1741 1197 ὲλπίδα·

142 1240 277 1302 ταῖς
322 1238 379 1291 δὲ
431 1237 690 1309 πράξεσιν
727 1233 960 1308 ὲργάξου
1011 1235 1108 1288 καὶ
1153 1236 1308 1289 ποίει
1341 1239 1743 1306 χρηστότητα,

143 1328 357 1383 ὡσανεὶ
407 1329 641 1399 σπόρους
671 1326 853 1397 σαυτῷ
886 1325 1216 1397 βαλλόμενος
1245 1327 1332 1379 ἐπ’
1374 1326 1550 1398 ἀγαθῇ
1607 1345 1743 1399 καρ-

145 1417 274 1471 πῶν
307 1417 626 1488 συγκομιδῇ.
665 1417 849 1471 Ταῦτα
894 1415 950 1468 δὲ
992 1415 1063 1470 τὰ
1095 1415 1188 1468 δύο
1230 1416 1591 1487 κτησάμενος,
1632 1435 1743 1488 μη-

145 1507 270 1563 κέτι
300 1509 426 1580 περί
441 1527 583 1573 τινος
605 1507 833 1578 ἀγωνία.
855 1504 1258 1574 Κατασκήνου
1282 1505 1397 1574 τὴν
1420 1505 1742 1580 γῆνάμερί-

151 1621 324 1674 μνως,
354 1603 448 1656 καὶ
485 1603 583 1674 τὴν
619 1602 953 1675 πρόσκαιρον
992 1600 1220 1670 ταυτηνὶ
1264 1598 1428 1671 ζωήν,
1460 1599 1648 1673 ῶσπερ
1681 1602 1740 1655 ὲν

151 1698 350 1768 σκηνῇ,
385 1695 518 1768 πρὸς
558 1695 737 1764 ὀλίγον
794 1693 968 1758 ἑστὼς
1022 1693 1196 1762 δίαγε.
1235 1692 1593 1766 Ποιμανθήσῃ
1629 1693 1738 1766 γὰρ

145 1789 306 1860 δίκην
338 1789 652 1861 θρέμματος
694 1784 900 1855 ἀγαθοῦ
936 1784 1041 1837 ὑπὸ
1087 1782 1305 1855 ποιμένι
1339 1781 1486 1852 καλῷ
1517 1800 1738 1855 ποιμαι-

1850 596 2004 651 ribus
2050 595 2212 651 dictis
2247 598 2317 652 ab
2359 599 2707 656 aemulatione
2741 601 3112 672 improborum
3160 621 3426 665 avocave-

1850 688 2155 753 rattstatim
2185 705 2253 743 ex
2285 690 2539 761 opposito
2567 699 2772 746 rectam
2798 693 3110 769 regiamque
3127 698 3268 753 viam
3295 716 3424 770 pro-

1849 778 2022 848 ponit,
2078 778 2330 834 indicans
2381 795 2488 849 qua
2531 781 2604 836 sit
2649 781 3030 839 incedendum.
3079 788 3423 861 Quapropter

1848 868 1922 920 ait
1949 887 1962 923 :
1988 867 2132 925 Heus
2164 876 2244 936 tu,
2268 885 2486 925 sursum
2536 873 2739 941 aspice,
2771 888 2837 929 ac
2887 877 3271 934 universorum
3303 899 3423 938 mo-

1845 959 2152 1014 deratorem
2199 959 2436 1024 intuere,
2496 967 2659 1032 atque
2707 962 2886 1034 ipsum
2943 981 3095 1036 spem
3149 972 3424 1030 constitue

1846 1059 1997 1103 tuam
2025 1067 2038 1103 :
2065 1049 2210 1105 bono
2244 1050 2429 1104 animo
2457 1059 2598 1116 esto,
2634 1061 2693 1107 ut
2725 1069 2921 1127 magna
2951 1060 3193 1115 anchora
3239 1062 3424 1120 ﬁrma-

1843 1148 1953 1196 tus.
1987 1139 2054 1194 Et
2085 1148 2264 1196 mente
2293 1140 2510 1212 quidem
2538 1158 2691 1212 spem
2722 1145 2884 1199 talem
2915 1149 3134 1218 capias;
3161 1153 3421 1222 operibus

1843 1240 2022 1287 autem
2047 1248 2346 1303 exsequere
2383 1243 2433 1288 et
2463 1234 2550 1304 [ac
2579 1234 2900 1301 bonitatem;
2928 1249 2987 1293 ut
3026 1241 3094 1298 iis
3126 1257 3228 1299 ceu
3255 1244 3422 1314 jactis

1841 1325 1942 1379 tibi
1968 1326 2290 1391 seminibus,
2321 1328 2559 1398 opimam
2590 1329 2866 1385 fructuum
2889 1333 3098 1402 copiam
3123 1337 3416 1406 percipias.
3457 1396 3467 1415 δ

1842 1416 2115 1472 Horumce
2146 1433 2311 1488 porro
2340 1417 2572 1474 duorum
2621 1422 2850 1491 potitus,
2885 1440 2953 1479 ne
3003 1426 3143 1480 ultra
3175 1427 3242 1482 de
3281 1445 3419 1499 quo-

1839 1511 1984 1581 piam
2013 1511 2210 1567 anxius
2230 1521 2372 1578 esto,
2396 1512 2636 1568 inhabita
2659 1524 2853 1569 terram
2877 1517 2996 1572 sine
3024 1519 3412 1586 sollicitudine,

1840 1617 1903 1657 ac
1935 1612 2339 1673 temporaneam
2368 1604 2578 1661 hancce
2603 1606 2790 1670 vitam,
2816 1609 2974 1678 quasi
3004 1611 3060 1664 in
3097 1612 3417 1668 tabernacu-

1836 1695 1912 1762 lo,
1942 1695 2094 1751 brevi
2127 1696 2317 1767 exigas
2353 1715 2365 1749 :
2396 1697 2597 1753 etenim
2647 1698 2821 1753 instar
2871 1700 3025 1756 bonae
3064 1703 3290 1772 pecudis
3317 1721 3415 1760 cu-

1836 1795 1992 1844 rante
2025 1789 2168 1844 bono
2196 1798 2416 1860 pastore
2447 1791 2709 1860 pasceris.
2732 1791 2867 1846 Nam
2901 1793 2945 1850 si
2970 1810 3090 1864 quae
3111 1797 3294 1851 insunt
3313 1797 3414 1852 ho-

144 1881 395 1953 νόμενος.
425 1882 489 1934 Et
530 1878 639 1950 γάρ
687 1878 770 1941 τίς
823 1878 970 1930 ἐστιν
1019 1878 1075 1929 ὲν
1119 1872 1426 1945 ἀνθρώποις
1479 1872 1727 1944 ἀληθινὸς

1830 1881 2071 1936 minibus
2100 1897 2242 1937 veras
2271 1882 2436 1936 animi
2463 1883 2684 1952 divitias,
2713 1896 2835 1955 qute
2869 1885 2925 1940 in
2956 1886 3156 1943 divinis
3187 1887 3414 1960 dogma-

142 1972 325 2045 ψυχῆς
379 1971 628 2034 πλοῦτος,
674 1970 702 2022 6
745 1970 801 2022 ὲν
844 1967 1008 2032 θείοις
1062 1966 1296 2038 δόγμασι
1323 1965 1432 2042 ,καὶ
1470 1967 1581 2029 τοῖς
1623 1965 1732 2019 τῶν

144 2065 315 2118 θείων
345 2062 788 2134 ἀναγνωσμάτων
825 2059 1135 2131 μαθήμασι,
1155 2056 1358 2110 τούτων
1387 2056 1731 2122 ἀπολαύσεις,

149 2149 298 2202 ὥστε
348 2149 552 2218 λέγειν·
587 2150 803 2218 Κύριος
831 2147 1127 2217 ποιμαίνει
1161 2161 1258 2216 με,
1295 2146 1391 2198 καὶ
1439 2145 1620 2199 οὐδέν
1657 2164 1736 2216 με

153 2239 500 2310 ὐστερήσει.
524 2241 688 2295 Οὐδὲν
719 2240 826 2312 γάρ
851 2257 910 2293 σε
935 2240 1221 2312 ύστερήσει
1241 2239 1660 2309 ποιμαινόμενον
1675 2241 1734 2294 ὲν

153 2333 460 2405 τῷπλούτῳ
487 2332 580 2386 τοῦ
610 2332 775 2386 καλοῦ
823 2331 1098 2403 ποιμένος,
1127 2329 1204 2402 τῷ
1234 2331 1592 2411 δεδωρημένῳ
1618 2335 1732 2396 τοῖς

147 2425 232 2478 ἔτι
260 2426 351 2478 ἐπὶ
382 2426 484 2497 γῆς
518 2425 958 2497 ποιμαινομένοις
983 2424 1310 2497 ἀνθρώποις.
1353 2427 1497 2478 Ἀντὶ
1531 2425 1587 2478 δὲ
1610 2424 1728 2489 τοῦ,

140 2518 259 2574 Καὶ
281 2516 656 2586 ποιμανθήσῃ
673 2517 772 2570 ἐπὶ
789 2517 866 2583 τῷ
879 2518 1120 2581 πλούτῳ
1143 2516 1352 2586 αὐτῆς,
1369 2518 1396 2570 6
1411 2517 1726 2589 Σύμμαχος,

138 2608 258 2665 Καὶ
301 2609 618 2678 ποιμαίνου
646 2607 956 2678 διηνεκῶς,
989 2609 1280 2675 ἐξέδωκεν·
1314 2609 1342 2661 6
1381 2608 1439 2662 δὲ
1475 2608 1726 2675 Ἀκύλας,

137 2701 258 2758 Καὶ
287 2699 469 2771 νέμου
502 2701 727 2755 πίστιν.
761 2696 874 2754 Εἶθ’
911 2700 1098 2773 ὥσπερ
1136 2702 1244 2756 τῶν
1280 2701 1728 2774 πονηρευομένων

138 2795 366 2850 καὶτῶν
380 2793 674 2848 ποιούντων
695 2793 793 2865 τὴν
815 2794 1043 2865 ἀνομίαν
1063 2794 1347 2866 ὑπέγραψε
1366 2795 1426 2847 τὸ
1444 2794 1617 2861 τέλος,
1633 2794 1726 2848 οὓ-

134 2903 253 2948 τως
271 2885 364 2939 καὶ
395 2885 478 2938 σοὶ
493 2885 572 2956 τῷ
592 2885 863 2948 ἐλπίζοντι
892 2886 984 2938 ἐπὶ
1012 2885 1101 2938 τὸν
1135 2885 1339 2956 Κύριον
1370 2885 1464 2938 καὶ
1486 2885 1728 2940 ποιοῦντι

135 2978 486 3050 χρηστότητα
499 2976 671 3031 ὁπόσα
693 2977 922 3049 ὑπάρξει
938 2977 1117 3046 ἀγαθά
1127 2975 1354 3048 καταριθ
1363 2994 1425 3046 με
1432 2979 1561 3030 ῖται.
1579 2978 1625 3029 Π
1633 2977 1731 3048 ρῶ-

133 3090 233 3125 τον
269 3073 365 3142 μὲν
399 3071 508 3142 γὰρ
537 3071 882 3142 ποιμανθήσῃ
914 3070 1006 3124 ἐπὶ
1039 3069 1116 3142 τῷ
1151 3069 1363 3141 πλούτῳ
1389 3071 1467 3142 τῷ
1491 3070 1728 3143 ἀληθινῷ

132 3163 236 3218 τοῦ
288 3163 453 3217 καλοῦ
507 3165 795 3234 ποιμένος⁶
824 3163 1110 3236 δεύτερον,
1143 3165 1580 3236 κατατρυερήσεις
1630 3164 1725 3218 τοῦ

1833 1972 1982 2028 tibus
2033 1980 2087 2028 et
2134 1972 2336 2030 divinis
2370 1973 2696 2030 lectionibus
2732 1984 3072 2045 spectantur,
3101 1978 3166 2034 iis
3211 1978 3411 2036 frueris

1833 2067 1907 2119 ita
1936 2070 1997 2119 ut
2025 2064 2179 2122 dicas
2205 2085 2218 2122 :
2246 2066 2505 2122 Dominus
2534 2067 2706 2136 pascit
2736 2085 2817 2122 me
2856 2077 2907 2123 et
2937 2070 3070 2124 nihil
3112 2073 3240 2126 mihi
3290 2073 3412 2129 dee-

1833 2158 1904 2210 rit
1927 2157 1991 2212 ⁸⁸.
2017 2156 2162 2212 Nihil
2207 2159 2409 2230 quippe
2458 2158 2632 2215 deerit
2667 2160 2785 2226 tibi,
2819 2161 2867 2215 si
2901 2163 2954 2216 in
2989 2163 3119 2218 boni
3172 2167 3410 2236 pastoris

1833 2249 2036 2305 divitiis
2065 2252 2332 2322 pascaris,
2366 2269 2490 2323 quae
2511 2260 2809 2323 erogantur
2835 2255 3144 2311 hominibus
3177 2258 3231 2311 in
3262 2267 3408 2315 terra

1831 2345 2205 2412 pascentibus.
2238 2341 2346 2398 Pro
2379 2344 2474 2400 illo
2505 2353 2684 2401 autem
2719 2363 2733 2400 :
2764 2345 2834 2399 Et
2859 2349 3095 2416 pasceris
3125 2350 3181 2403 in
3209 2349 3406 2405 divitiis

1829 2434 1966 2504 ejus,
2001 2435 2361 2506 Symmachus
2400 2455 2413 2491 :
2445 2435 2515 2491 Et
2539 2453 2754 2507 pascere
2800 2440 3040 2505 assidue;
3070 2442 3264 2512 Aquila
3294 2461 3306 2496 :
3338 2441 3408 2496 Et

1825 2542 2041 2597 pascere
2078 2527 2202 2600 ﬁde,
2236 2530 2545 2587 ediderunt.
2582 2531 2696 2588 Sub
2747 2533 2862 2589 haec
2910 2541 3113 2600 autem,
3143 2536 3408 2605 quemad-

1828 2622 2050 2676 modum
2079 2622 2452 2692 improborum
2497 2632 2551 2681 et
2595 2628 2940 2696 operantium
2973 2627 3315 2698 iniquitatem
3345 2629 3408 2684 li-

1829 2731 1952 2770 nem
2003 2715 2328 2786 descripsit;
2381 2719 2461 2773 sic
2509 2727 2711 2789 quanta
2743 2720 2841 2774 tibi
2875 2720 2928 2774 in
2964 2719 3251 2776 Dominum
3284 2738 3407 2793 spe-

1828 2804 1996 2869 ranti,
2037 2821 2100 2861 ac
2149 2807 2450 2862 bonitatem
2497 2807 2718 2863 facienti
2767 2818 3032 2866 eventura
3084 2812 3226 2865 bona
3272 2813 3404 2878 sint,

1829 2907 2134 2954 enumerat.
2160 2899 2295 2953 Nam
2327 2902 2506 2970 primo
2535 2902 2588 2956 in
2612 2903 2759 2958 veris
2784 2902 2912 2956 boni
2943 2905 3180 2972 pastoris
3202 2905 3407 2960 divitiis

1832 2993 2110 3061 pasceris;
2149 2993 2414 3056 secundo,
2450 2994 2808 3048 delectaberis
2833 2994 2886 3047 in
2919 2995 3181 3062 Domino;
3223 2995 3405 3059 tertio,

1829 3085 1979 3138 dabit
2027 3085 2123 3138 tibi
2167 3085 2457 3154 petitiones
2492 3084 2676 3141 cordis
2705 3085 2804 3140 tui.
2837 3085 3104 3141 Delectari
3138 3095 3318 3142 autem
3349 3088 3406 3144 iit

1831 3173 2061 3230 Domino
2113 3175 2335 3240 valebit,
2388 3175 2639 3247 quisquis
2699 3176 2893 3231 animae
2950 3176 3203 3231 sensibus
3252 3178 3407 3246 puris

133 3255 366 3327 Κυρίου·
401 3256 494 3309 καὶ
526 3256 729 3326 τρίτον,
751 3256 911 3309 δώσει
940 3274 1022 3310 σοι
1051 3256 1120 3309 τά
1154 3257 1431 3327 αἰτήματα
1463 3257 1561 3327 τῆς
1587 3273 1722 3328 καρ-

1830 3266 2180 3336 purgatisque
2214 3265 2397 3330 fuerit,
2426 3266 2500 3319 ita
2528 3277 2586 3320 ut
2616 3282 2811 3337 panem
2853 3266 3038 3322 vivum
3070 3282 3134 3322 ac
3160 3265 3406 3322 viviﬁcas

131 3348 260 3412 δίας
289 3365 404 3403 σου.
433 3350 798 3420 Κατατρυφᾷν
822 3349 879 3402 δὲ
905 3347 1000 3402 τοῦ
1026 3348 1230 3419 Κυρίου
1259 3347 1546 3420 δυνήσεται
1568 3348 1597 3399 6
1621 3348 1722 3420 τῆς

133 3440 319 3512 ψυχῆς
374 3440 437 3493 τὰ
493 3439 822 3512 αἰσθητήρια
887 3439 1375 3511 κεκαθαρισμένος,
1425 3439 1501 3503 ὼς
1563 3439 1721 3493 δύνα-

135 3531 267 3585 σθαι
288 3531 482 3585 ἐσθίειν
509 3532 598 3585 τὸν
621 3531 797 3596 ζῶντα
818 3531 980 3603 ἄρτον
1005 3533 1097 3585 καὶ
1123 3532 1221 3595 τὰς
1246 3532 1535 3596 ζωοποιοὺς
1554 3529 1717 3583 αὐτοῦ

138 3626 372 3696 σάρκας,
402 3624 577 3678 πίνειν
613 3640 674 3677 τε
715 3623 777 3676 τὸ
820 3624 1084 3695 σωτήριον
1111 3622 1276 3676 αὐτοῦ
1309 3618 1466 3694 αἷμα.
1497 3623 1719 3686 Τούτοις

125 3716 472 3795 τρεφόμενος
509 3715 603 3769 καὶ
646 3714 1008 3785 πιαινόμενος,
1036 3716 1133 3786 τῆς
1170 3715 1350 3768 ἐνθέου
1391 3715 1558 3785 μέθης
1584 3716 1718 3768 ἀπο-

133 3805 334 3860 λαύων·
356 3805 828 3874 Κατατρύςεησον
844 3804 948 3857 τοῦ
960 3805 1202 3872 Κυρίου,
1231 3804 1326 3856 καὶ
1341 3803 1515 3857 δώσει
1533 3820 1630 3857 σοι
1647 3807 1718 3860 τὰ

130 3897 427 3967 αἰτήματα
454 3897 564 3965 τῆς
591 3897 836 3965 καρδίας
867 3911 1002 3951 σου.
1038 3897 1179 3967 Ἤδη
1208 3897 1306 3966 μὲν
1334 3896 1442 3967 γάρ
1467 3896 1716 3949 ἐντεῦθεν

133 3990 565 4062 κατατρυφήσει,
599 3988 860 4059 ἐθελήσας
907 4005 965 4041 σε
1015 3988 1176 4041 αὐτὸν
1229 3987 1503 4042 ἐπιδοῦναι
1545 3987 1712 4058 αὐτῷ.

130 4081 284 4136 Αἴτει
335 4079 393 4133 δὲ
446 4079 607 4133 αὑτὸν
648 4081 739 4132 καὶ
765 4078 834 4132 τὰ
867 4079 1150 4150 μέλλοντα,
1184 4072 1259 4133 ὧν
1288 4080 1590 4153 προσδοκᾷς
1615 4081 1715 4149 τὴν

1824 3374 2020 3414 carnes
2051 3360 2172 3429 ejus
2205 3360 2367 3415 edere
2395 3359 2592 3428 possit,
2623 3375 2687 3414 ac
2732 3360 3029 3415 salutarem
3070 3359 3190 3429 ejus
3219 3359 3408 3415 bibere

1825 3448 2165 3518 sanguinem.
2201 3448 2295 3504 llis
2341 3451 2617 3504 enutritus
2666 3457 2719 3504 et
2773 3448 3168 3520 impinguatus,
3221 3450 3406 3505 divina

1822 3538 2010 3594 fruens
2039 3541 2302 3594 ebrietate
2337 3561 2349 3595 :
2384 3541 2657 3594 Delectare
2686 3541 2741 3594 in
2775 3539 3022 3605 Domino,
3055 3550 3110 3602 et
3130 3540 3279 3594 dabit
3310 3539 3408 3595 tibi

1822 3631 2095 3698 petitiones
2120 3629 2298 3683 cordis
2334 3631 2431 3686 tui.
2464 3629 2584 3684 Jam
2612 3631 2758 3686 enim
2803 3632 2893 3685 ille
2929 3646 3146 3701 quoque
3171 3631 3404 3685 delecta-

1822 3721 1990 3784 bitur,
2016 3721 2162 3792 quod
2185 3723 2470 3792 percupiat
2502 3730 2562 3776 ut
2590 3722 2692 3792 ipsi
2719 3730 2782 3776 te
2799 3723 2986 3777 dedas.
3017 3721 3238 3777 Postula
3273 3722 3404 3775 item

1823 3812 1892 3865 ab
1938 3827 2003 3866 eo
2059 3820 2117 3866 ut
2163 3828 2228 3867 ea
2272 3829 2394 3883 qua:
2425 3814 2609 3867 futura
2643 3821 2932 3883 exspectas
2963 3813 3104 3867 dona
3141 3812 3399 3882 :ccipias.

1821 3901 1954 3956 Nam
1995 3903 2086 3973 qui
2118 3906 2405 3974 prasentia
2441 3904 2643 3959 aﬂ‘atim
2669 3905 2931 3974 elargitus
2963 3911 3067 3968 est,
3098 3919 3161 3958 ea
3185 3903 3403 3958 obtine-

1819 3994 1898 4048 bit
1939 4011 2060 4065 qute
2105 4013 2196 4049 nec
2245 3996 2428 4050 oculus
2459 3996 2609 4060 vidit,
2646 4013 2735 4050 nec
2786 3997 2934 4050 auris
2968 3995 3190 4059 audivit,
3225 4010 3317 4048 nec
3344 3994 3404 4049 itt

1821 4103 1912 4142 cor
1940 4088 2237 4142 hominibus
2270 4089 2588 4143 ascendit”.

131 4174 314 4246 λῆψιν.
361 4176 420 4227 ὐ
469 4173 576 4245 γὰρ
615 4174 683 4228 τὰ
708 4175 948 4246 παρόντα
981 4173 1225 4237 δεδωκὼς
1257 4173 1504 4243 ἀφθόνως
1565 4175 1867 4247 δωρήσεται
1937 4183 2031 4236 καὶ
2069 4182 2106 4236 ἃ
2149 4183 2454 4252 ὀφθαλμὸς
2489 4184 2600 4235 οὐκ
2663 4177 2842 4247 εἶδεν,
2871 4181 3012 4236 οὐδὲ
3045 4176 3154 4248 οὖς
3215 4179 3402 4249 ἥκου-

129 4283 267 4333 σεν,
296 4266 422 4321 οὐδ’
435 4265 533 4319 ἐπὶ
560 4265 811 4333 καρδίαν
834 4265 1149 4334 ἀνθρώπου
1181 4267 1381 4336 ἀνέϐη.

221 4358 363 4411 Ἀντὶ
381 4357 438 4410 δὲ
467 4354 582 4421 τοῦ,
622 4355 964 4426 Ὑποτάγηθι
994 4357 1073 4422 τῷ
1115 4359 1326 4424 Κυρίῳ.
1360 4362 1458 4415 aceti.
1489 4359 1712 4413 ἱκέτευ-

129 4463 253 4507 σον
281 4449 490 4514 αὐτὸν,
538 4450 567 4501 6
612 4448 838 4512 Ἀκύλας
871 4448 1034 4521 φησί’
1068 4449 1335 4518 Σίγησον
1375 4452 1454 4515 τῷ
1499 4453 1710 4519 Κυρίῳ,

1891 4361 1998 4417 Pro
2027 4379 2093 4417 eo
2125 4371 2327 4427 autem,
2359 4363 2614 4419 Subditus
2645 4373 2755 4420 esto
2786 4364 3036 4441 Domino,
3061 4378 3106 4419 et
3141 4383 3235 4420 ora
3256 4383 3396 4430 eum,

1824 4455 2016 4524 Aquila
2042 4455 2138 4516 ait,
2165 4454 2275 4509 Sile
2315 4456 2560 4520 Domino,
2597 4467 2644 4510 et
2677 4467 2921 4525 exspecta
2959 4472 3112 4522 eum;
3146 4457 3399 4529 Symma-

132 4543 236 4596 καὶ
269 4537 706 4607 ἁποκαραδόκει
737 4539 951 4592 αὐτόν·
1006 4540 1034 4592 6
1068 4538 1124 4591 δὲ
1165 4539 1457 4610 Σύμμαχος
1477 4559 1495 4572 υ
1544 4541 1715 4595 Ἡσύ-

1830 4547 1956 4601 L'llllS
1988 4563 2134 4613 vero,
2171 4547 2390 4612 Quiesce
2413 4546 2663 4610 Domino,
2695 4557 2741 4600 et
2772 4548 3008 4615 supplictt
3033 4549 3152 4616 ipsi.
3213 4547 3402 4600 Enim-

129 4633 272 4706 χαζε
303 4632 384 4699 τῷ
413 4631 626 4699 Κυρίῳ,
657 4631 753 4684 καὶ
789 4631 1012 4686 ἱκέτευε
1038 4631 1216 4698 αὐτῷ.
1260 4632 1340 4686 Τὰ
1373 4633 1480 4705 γὰρ
1519 4635 1715 4704 προλε-

127 4727 332 4800 χθέντα
359 4725 688 4796 πράττοντα,
711 4725 805 4778 καὶ
826 4726 916 4778 ἐπὶ
938 4728 1048 4788 τοῖς
1070 4727 1117 4778 εί
1125 4742 1193 4796 pr,
1202 4725 1380 4796 μένοις
1406 4725 1713 4792 ἐλπίζοντα,

126 4817 426 4892 ἡσυχάζειν
460 4820 724 4889 προσήκει
759 4817 897 4881 τέως
941 4819 998 4871 ὲν
1041 4817 1118 4888 τῷ
1167 4819 1412 4889 παρόντι,
1451 4820 1542 4872 καὶ
1580 4820 1717 4890 μετά

129 4909 346 4980 σιωπῆς
371 4908 674 4979 προσδοκᾷν
701 4907 770 4961 τά
809 4909 1210 4980 ἐπηγγελμένα.
1244 4909 1341 4977 Μὴ
1371 4909 1714 4978 παροῷῖλου

125 5001 205 5059 ἐν
242 5000 323 5067 τῷ
366 5001 851 5071 κατευοδουμένῳ
880 5003 949 5055 ἐν
980 4997 1054 5070 τῇ
1104 5001 1218 5067 ὀδῷ
1252 5003 1461 5066 αὑτοῦ,
1494 5003 1563 5055 ἐν
1608 5006 1714 5058 ἀν-

130 5093 344 5163 θρώπῳ
371 5093 640 5147 ποιοῦντι
687 5093 1076 5162 παρανομίας.
1123 5092 1360 5146 Παῦσαι
1383 5092 1502 5146 ἀπὸ
1537 5092 1716 5164 ὀργῆς

128 5189 234 5242 καὶ
253 5184 641 5256 ἐγκατάλειπε
663 5185 871 5256 θυμὸν,
893 5185 978 5255 μὴ
1001 5183 1341 5254 παραζηλου
1361 5185 1515 5240 ὥστε
1532 5203 1716 5255 πονη-

123 5283 430 5354 ρεύεσθαι.
477 5283 598 5335 Ὅτι
655 5285 709 5336 οἱ
772 5282 1236 5350 πονηρευόμενοι
1284 5281 1714 5350 ἐξολοθρευθὴ-

126 5392 368 5440 σονται,
425 5378 479 5430 οὶ
524 5376 592 5430 δὲ
645 5375 1052 5445 ὑπομένοντες
1102 5376 1209 5429 τὸν
1252 5377 1490 5445 Κύριον,
1542 5375 1712 5430 αὐτοὶ

127 5468 661 5538 κληρονομήσουσι
709 5467 846 5539 γῆν.
895 5467 1370 5540 Ἐπαναλαμϐάνει
1418 5469 1509 5522 τὸν
1553 5468 1710 5538 λόγον

125 5561 466 5629 ἀναγκαίως.
499 5561 654 5615 Ἐπεὶ
673 5561 781 5632 γὰρ
805 5559 998 5628 ἔγνως,
1030 5559 1214 5631 φησιν,
1241 5560 1420 5624 ὁποῖός
1448 5577 1529 5613 σοι
1556 5560 1711 5616 πλοῦ-

123 5669 223 5718 τος
252 5652 624 5724 τεταμίευται,
661 5653 735 5724 μὴ
786 5651 1100 5725 παραξήλου
1143 5653 1201 5705 ὲν
1245 5651 1323 5723 τῷ
1368 5651 1708 5724 νομιζομένῳ

202 5835 247 5867 ⁸⁸
285 5833 428 5894 Psal.
473 5848 586 5890 xstt
613 5877 626 5902 ,
666 5839 712 5892 ι.
793 5836 836 5866 ⁸⁸
879 5834 895 5888 l
931 5836 1058 5891 Cor.
1105 5849 1179 5905 tt,
1211 5834 1268 5894 9.

1822 4652 1954 4690 vero
1982 4653 2080 4708 par
2106 4646 2191 4692 est
2221 4655 2344 4694 eum
2385 4639 2478 4709 qui
2530 4637 2788 4707 superius
2834 4646 3133 4691 memorata
3167 4636 3397 4705 peragit,

1821 4735 1875 4782 et
1901 4729 1954 4782 in
1991 4730 2265 4799 praedictis
2298 4746 2449 4800 spem
2496 4728 2684 4793 habet,
2724 4728 3009 4796 quiescere
3050 4727 3178 4781 dttnt
3211 4726 3264 4779 in
3295 4726 3401 4780 hac

1819 4819 1932 4873 vita
1969 4829 2240 4885 versatur,
2267 4827 2320 4874 et
2347 4835 2470 4873 cum
2507 4819 2729 4873 silentio
2755 4818 3024 4888 promissa
3054 4825 3395 4886 exspectare.

1823 4909 1955 4964 Noli
1989 4913 2231 4966 aemulari
2259 4914 2313 4966 in
2355 4929 2413 4965 eo
2451 4913 2542 4982 qui
2575 4919 2919 4980 prosperatur
2952 4911 3007 4963 in
3057 4911 3142 4963 via
3189 4927 3308 4974 sua,
3341 4910 3399 4962 in

1821 5002 2027 5056 [tantine
2060 5003 2284 5063 faciente
2321 5004 2638 5072 injustitias.
2695 5002 2886 5057 Desine
2927 5001 2992 5055 ab
3035 5002 3118 5055 ira
3151 5013 3200 5056 et
3247 5002 3399 5056 dere-

1819 5093 1992 5164 linque
2031 5095 2299 5159 furerent,
2331 5095 2440 5148 noli
2484 5095 2730 5148 wtttulari
2781 5103 2837 5146 ut
2894 5093 3224 5164 malignerts.
3252 5094 3398 5160 Quo-

1819 5191 1961 5243 niam
1991 5190 2080 5260 qui
2113 5189 2479 5259 malignanlur
2519 5186 3013 5242 exterminabuntttr
3039 5203 3057 5240 :
3079 5195 3396 5240 susttnenles

1819 5292 1994 5336 autem
2021 5280 2330 5345 Dominum,
2361 5281 2462 5349 ipsi
2498 5277 2882 5334 hwreditabunt
2917 5287 3132 5331 terram.
3169 5275 3395 5331 Sermo-

1818 5391 1940 5430 nem
1971 5374 2288 5430 necessario
2333 5374 2551 5444 repetit.
2593 5371 2754 5439 Quia,
2803 5371 3004 5440 inquit,
3039 5369 3186 5424 nosti
3214 5368 3396 5438 qualis

1817 5467 1914 5521 tibi
1949 5467 2244 5523 thesaurus
2273 5467 2592 5522 reconditus
2645 5466 2738 5530 sit,
2771 5465 2884 5519 noli
2930 5461 3174 5518 aemulari
3217 5460 3395 5514 homi-

1787 5575 1940 5614 -nem
1990 5559 2266 5631 iniquitati
2293 5559 2568 5623 deditum,
2607 5559 2700 5628 qui
2748 5559 2804 5612 in
2833 5554 3088 5628 praesenti
3133 5553 3240 5606 vita
3277 5564 3393 5603 rem

1817 5667 2080 5724 prospere
2101 5668 2281 5726 ,agere
2311 5660 2569 5726 putatur;
2608 5667 2678 5707 ne
2718 5649 3021 5714 stimulere,
3060 5661 3166 5701 neu
3197 5642 3394 5714 hujus-

3312 403 3443 488 5‘26.

3433 4865 3442 4912 ί
