4010 6532
589 377 698 434 327

1266 372 1532 430 EUSEBII
1571 368 2046 428 CESARIENSIS
2069 369 2222 426 OPP.
2253 367 2433 425 PARS
2469 369 2557 425 lll.
2592 400 2661 410 —
2701 361 3112 428 EXEGETICA.

3751 375 3876 429 528

588 495 737 552 modi
767 494 1036 549 hominem
1059 492 1276 546 beatum
1307 491 1652 560 pronunties,
1674 504 1796 544 cum
1817 488 1986 558 probe
2014 489 2164 544 noris

2270 489 2412 544 κατὰ
2475 489 2565 542 τὸν
2621 489 2866 560 παρόντα
2923 489 3036 559 βίον
3096 489 3507 544 κατευοδοῦσθαι
3568 489 3877 562 ἀνθρώπῳ

590 587 699 657 ipsi
733 585 1028 654 repositam
1061 580 1196 634 iram
1223 580 1278 632 in
1305 577 1392 633 die
1430 577 1524 631 ira:
1555 583 1608 632 et
1631 576 1765 645 justi
1801 575 1995 645 judicii
2040 574 2155 630 Dei.

592 678 954 746 Quamobrem
983 673 1095 728 noli
1129 671 1334 726 irritari
1360 677 1454 723 aut
1484 669 1670 723 furore
1702 668 1921 722 incendi
1971 673 2161 722 contra

591 771 838 842 impium,
861 767 954 837 qui
991 765 1219 820 feliciter
1247 778 1361 818 rem
1392 778 1550 833 agere
1579 761 1948 822 existimatur,
1985 774 2162 829 neque

588 861 862 918 mmuleris
892 860 1071 930 ipsum
1126 864 1188 910 ut
1231 857 1384 927 paria
1435 856 1640 910 scelera
1685 855 1847 910 edere
1895 861 2160 922 exoptes;

589 955 725 1009 bene
760 951 1030 1022 siquidem
1078 950 1223 1004 nosti
1259 963 1322 1002 ac
1372 962 1696 1018 persuasum
1747 947 1905 1014 plane
1951 944 2156 1010 habes,

588 1043 961 1114 improborum
1000 1041 1160 1095 linem
1191 1039 1484 1096 exitiosum
1516 1052 1659 1093 esse.
1690 1035 1833 1089 Nam
1869 1037 1959 1106 qui
2003 1038 2161 1089 mali-

585 1145 818 1206 gnantur
849 1131 1362 1198 exterminabuntur,
1385 1145 1448 1184 ac
1489 1131 1588 1186 soli
1619 1131 1887 1199 patientes
1917 1137 1972 1184 et
1998 1131 2161 1184 susti-

587 1239 764 1280 nentes
791 1224 1092 1287 Dominum,
1134 1223 1238 1292 ipsi
1276 1221 1914 1276 [imreditabuntterram
1949 1221 2005 1276 Si
2050 1236 2158 1292 qua

585 1318 731 1371 enim
755 1325 902 1371 terra
933 1323 1019 1371 est
1053 1316 1262 1372 sanctis
1291 1314 1426 1369 viris
1473 1313 1766 1384 promissa,
1809 1313 1952 1366 hanc
1983 1315 2158 1365 haere-

586 1409 840 1464 ditabunt
889 1408 984 1478 qui
1032 1407 1308 1462 sustinent
1361 1404 1688 1467 Dominum,
1729 1403 1821 1472 qui
1871 1417 1995 1456 eum
2038 1404 2159 1457 aliis

585 1501 916 1556 enumeratis
959 1500 1116 1554 bonis
1149 1500 1204 1553 in
1243 1496 1611 1551 hmreditatem
1657 1495 1765 1550 illis
1798 1493 2016 1547 dandus
2045 1505 2146 1549 est.

584 1593 740 1660 Quod
767 1593 815 1649 si
856 1593 909 1646 in
943 1593 1098 1647 caelis
1121 1590 1419 1645 Jerusalem
1451 1596 1504 1643 et
1535 1585 1668 1641 Sion
1704 1598 1881 1642 nlons'
1909 1585 2001 1640 Dei
2036 1602 2148 1639 ca:-

585 1687 741 1744 iestis
760 1687 925 1748 adsit,
947 1695 1146 1741 terram
1171 1685 1299 1739 item
1319 1682 1598 1736 cmlestem
1621 1678 1802 1751 dignis
1826 1678 2161 1750 promissam

586 1777 888 1850 putandum
912 1787 1014 1831 est.

2265 581 2502 634 ποιοῦντι
2536 581 2907 651 παρανομίαςο
2945 581 3017 654 μὴ
3051 582 3158 653 γὰρ
3190 581 3512 654 παροξῦνον,
3553 581 3701 652 μηδὲ
3757 601 3874 652 με.-

2263 673 2452 744 κάριζε
2480 673 2568 726 τὸν
2602 673 2859 738 τοιοῦτον,
2900 673 3141 746 ἁγριὸὦς
3171 674 3345 738 εἰδὼς,
3379 675 3460 727 ὅτι
3497 673 3658 744 μένει
3691 674 3874 726 αὐτὸν

2261 763 2397 834 ὀργὴ
2435 764 2490 815 ὲν
2540 763 2721 835 ἡμέρα
2762 764 2932 834 ὀργῆς
2966 763 3060 817 καὶ
3111 763 3506 835 δικαιοκρισίας
3540 763 3640 817 τοῦ
3690 763 3869 817 Θεοῦ.

2263 855 2352 907 Διὸ
2387 857 2449 908 σὺ
2483 855 2555 925 μὴ
2590 853 2828 924 ὀργίζου,
2865 855 3000 926 μηδὲ
3033 855 3207 926 θυμοῦ
3257 855 3398 910 κατὰ
3422 854 3519 908 τοῦ
3553 854 3874 925 νομιζομέ-

2261 964 2351 998 νου
2381 945 2622 1015 εὐθηνεῖν
2665 945 2915 1009 ἀσεϐοῦς,
2948 947 3079 1018 μηδὲ
3112 947 3271 1018 ζήλου
3305 946 3467 1000 αὑτὸν
3512 945 3591 1009 ὡς
3635 945 3744 1000 καὶ
3777 947 3873 1000 θέ-

2261 1037 2372 1090 λειν
2403 1038 2470 1090 τὰ
2500 1039 2660 1108 ὅμοια
2699 1037 2850 1108 αὐτῷ
2888 1038 3307 1110 πονηρεύεσθαι·
3345 1034 3403 1093 εὖ
3446 1038 3557 1109 γὰρ
3593 1039 3721 1092 ἴσθι
3770 1042 3874 1092 καὶ

2262 1127 2494 1180 πέπεισο
2529 1127 2791 1198 ἀκριϐῶς,
2820 1129 2901 1181 ὅτι
2936 1129 2996 1182 τὸ
3041 1129 3194 1193 τέλος
3237 1130 3343 1184 τῶν
3391 1132 3874 1200 πονηρευομένων

2259 1217 2502 1289 ὀλέθριον
2546 1220 2824 1290 τυγχάνει.
2858 1223 2922 1273 Oi
2968 1221 3076 1290 γὰρ
3125 1224 3597 1290 πονηρευόμενοι
3648 1223 3877 1286 ἐξολο-

2261 1311 2715 1376 θρευθιὶσονται,
2752 1313 2900 1381 μόνοι
2934 1313 2991 1365 δὲ
3024 1315 3072 1365 οἱ
3117 1313 3455 1385 μακρόθυμοι
3495 1313 3594 1367 καὶ
3627 1314 3874 1383 ὑπομέ-

2260 1421 2471 1470 νοντες
2518 1404 2624 1457 τὸν
2663 1406 2898 1472 Κύριον,
2943 1406 3113 1459 αὐτοὶ
3157 1405 3704 1474 κληρονομήσουσι
3753 1406 3872 1473 τὴν

2261 1495 2398 1566 γῆν.
2433 1496 2501 1549 Ei
2527 1514 2609 1561 τις
2635 1498 2742 1569 γάρ
2777 1498 2890 1550 ἐστι
2920 1497 2992 1566 γῆ
3018 1497 3194 1568 ἀγαθὴ
3221 1501 3332 1561 τοῖς
3365 1498 3538 1565 ἁγίοις
3576 1499 3870 1568 ἐπηγγελ-

2267 1587 2424 1658 μένη,
2473 1588 2676 1660 ταύτην
2712 1589 3207 1660 κληρονομήσουσιν
3251 1589 3302 1640 oi.
3349 1587 3738 1658 ὑπομένοντες
3779 1590 3869 1641 τὸν

2264 1679 2467 1750 Κύριον
2491 1696 2505 1710 ο
2545 1681 2682 1752 μετὰ
2722 1682 2824 1754 γὰρ
2851 1681 2958 1734 τῶν
2991 1681 3164 1735 ἄλλων
3197 1681 3304 1734 τῶν
3345 1681 3868 1752 κατηριθμημένων

2265 1772 2506 1839 ἀγαθῶν,
2543 1773 2637 1826 καὶ
2663 1773 2824 1836 αὐτὸς
2851 1774 3031 1837 αὐτοῖς
3069 1773 3351 1844 δοθήσεται
3377 1775 3405 1826 ὁ
3439 1773 3675 1842 κλῆρος.
3719 1769 3787 1824 Ei
3825 1773 3866 1824 δ’

585 1874 732 1926 ἔστιν
783 1873 834 1925 ὲκ.
884 1873 1127 1942 οὐρανοῖς
1174 1867 1518 1941 Ἰερουσαλὴμ
1574 1869 1664 1922 καὶ
1708 1864 1844 1922 Σιὼν
1892 1863 2018 1936 ὅρος
2063 1863 2158 1916 τοῦ
2198 1866 2330 1920 Θεοῦ
2365 1869 2422 1922 τὸ
2449 1870 2792 1943 ἐπουράνιον,
2827 1870 3116 1924 ἀκόλουθόν
3177 1872 3292 1924 ἐστι
3352 1869 3445 1924 καὶ
3480 1871 3589 1941 γῆν
3621 1870 3870 1939 ἐπουρὰ-

585 1987 697 2027 νιον
729 1970 868 2022 νοεῖν
899 1967 995 2039 τὴν
1027 1967 1440 2038 ἐπηγγελμένην
1467 1967 1577 2027 τοῖς
1601 1963 1788 2028 ἀξίοις.

658 2061 821 2116 Vens.
850 2060 1036 2128 i0,H.
1082 2058 1151 2112 Et
1187 2059 1357 2112 adhuc
1384 2057 1658 2126 pusillum,
1697 2064 1746 2108 et
1781 2070 1882 2108 non
1921 2054 2022 2107 erit
2051 2069 2164 2121 pec-

2344 2052 2452 2106 Καὶ
2477 2055 2563 2107 ἔτι
2593 2055 2820 2123 ὀλίγον,
2869 2053 2966 2106 καὶ
2997 2055 3066 2107 οὐ
3092 2053 3178 2123 μὴ
3211 2053 3447 2121 ὑπάρξῃ
3475 2054 3868 2124 ἁμαρτωλός.

586 2163 758 2219 cator,
793 2161 902 2208 etc.
952 2151 1050 2206 Hic
1098 2153 1354 2221 superius
1385 2149 1530 2203 dicta
1585 2149 1994 2216 interpretatur,
2033 2146 2164 2200 illud

587 2245 823 2307 scilicet,
851 2243 1115 2310 Quoniam
1148 2252 1397 2311 tanquam
1430 2239 1608 2309 fenum
1634 2240 1882 2292 uelociter
1905 2247 2162 2301 arescent,

587 2349 636 2394 et
666 2337 1108 2408 quemadmodum
1142 2336 1290 2389 olera
1331 2333 1606 2386 herbarum
1640 2332 1742 2384 cito
1789 2329 2048 2394 decident,
2079 2329 2165 2385 his

588 2434 844 2504 explicat,
890 2431 1075 2485 Adhuc
1108 2429 1392 2498 pusillum,
1427 2437 1477 2482 et
1509 2443 1616 2480 non
1649 2430 1746 2480 erit
1795 2436 2071 2494 peccator;
2116 2433 2164 2478 et

587 2541 789 2595 quaeres
823 2524 998 2578 locum
1031 2523 1166 2591 ejus,
1199 2531 1248 2575 et
1284 2537 1386 2573 non
1418 2519 1677 2573 invenies:
1711 2518 1843 2572 illud
1876 2533 2027 2582 vero,
2063 2516 2166 2570 De-

588 2617 783 2671 lectare
807 2618 861 2670 in
895 2615 1140 2676 Domino,
1166 2623 1214 2666 et
1253 2612 1399 2665 dabit
1429 2611 1525 2664 tibi
1564 2611 1838 2681 petitiones
1868 2610 2039 2663 cordis
2064 2610 2162 2672 tui,

587 2708 676 2764 his
707 2708 950 2778 apertius
993 2713 1236 2768 enarrat,
1264 2703 1533 2758 Mansueti
1581 2712 1756 2756 autem
1784 2702 2167 2757 Iucreditabunt

589 2813 810 2862 terram,
836 2808 884 2852 et
931 2797 1331 2852 delectabantur
1366 2798 1417 2850 in
1463 2796 1805 2850 multitudine
1831 2797 1999 2864 pacis.
2048 2795 2166 2860 Quo

589 2899 750 2962 pacto
780 2899 960 2945 autem
995 2891 1048 2943 in
1084 2887 1314 2942 Domino
1343 2888 1468 2957 quis
1508 2887 1890 2950 delectabitur,
1925 2887 2169 2943 declarat

592 2985 709 3054 ipse
739 2983 868 3037 dum
903 2982 999 3044 ait,
1031 2995 1197 3050 penes
1231 2995 1354 3034 cum
1392 2980 1796 3034 multitudinem
1835 2978 1987 3049 pacis
2019 2995 2162 3042 esse,

587 3091 698 3148 qua
726 3075 896 3128 multa
925 3086 1059 3142 pace
1091 3071 1343 3125 fruentur
1372 3072 1408 3125 ii
1441 3073 1534 3141 qui
1565 3073 1619 3125 in
1652 3071 1882 3126 Domino
1913 3072 2165 3127 delectati

590 3166 812 3221 fuerint.
852 3163 947 3218 llis
1001 3177 1169 3234 porro
1210 3162 1476 3228 docetur,
1510 3163 1672 3216 aliam
1721 3163 1920 3217 bonam
1961 3170 2164 3218 terram

587 3273 732 3322 esse,
754 3256 1056 3311 mansuetis
1083 3254 1432 3316 destinatam,
1467 3270 1531 3309 ac
1554 3255 1994 3320 delectationem,
2028 3257 2168 3310 mul-

589 3347 990 3416 titudinemque
1028 3346 1183 3416 pacis
1209 3346 1261 3400 in
1298 3346 1536 3401 futuram
1568 3347 1734 3400 vitam
1767 3348 2022 3402 remittit.
2047 3347 2163 3402 Non

589 3439 878 3509 ignorabat
927 3439 1071 3493 enim
1103 3437 1268 3508 justis
1326 3437 1549 3509 perinde
1588 3445 1752 3509 atque
1785 3440 2166 3510 peccatoribus

589 3530 648 3584 in
678 3529 779 3584 hac
805 3529 915 3583 vita
946 3529 1290 3583 moriendum
1321 3545 1464 3594 esse,
1499 3531 1574 3583 ita
1609 3536 1668 3584 ut
1696 3529 1764 3584 de
1804 3531 1909 3585 illis
1951 3547 2168 3602 quoque

589 3617 700 3672 dici
732 3617 906 3687 possit
932 3635 944 3670 :
970 3617 1160 3672 Adhuc
1189 3618 1470 3688 pusillum.
1503 3626 1556 3673 et
1588 3635 1699 3673 non
1731 3620 1835 3675 erit
1861 3621 2080 3691 justus;
2113 3630 2168 3678 et

589 3723 802 3779 quarres
831 3709 1012 3763 locum
1046 3709 1190 3779 ejus,
1222 3717 1276 3766 et
1304 3725 1421 3776 .non
1446 3710 1690 3767 invenies
1718 3730 1731 3766 :
1764 3727 1890 3766 nam
1920 3713 1996 3768 illi
2026 3728 2166 3783 quo-

589 3815 697 3870 que
727 3801 1043 3856 moriuntur
1089 3801 1548 3872 quemadmodum
1584 3811 1638 3858 et
1671 3812 2010 3874 peccatores.
2057 3804 2167 3860 Ne-

589 3905 697 3960 que
720 3888 788 3943 de
824 3889 926 3944 hac
953 3897 1100 3944 terra
1134 3891 1217 3944 sic
1260 3891 1474 3946 locutus
1504 3901 1608 3956 est,
1645 3892 1912 3948 Mansueti
1945 3896 2170 3949 haeredi-

591 3980 778 4032 tabent
803 3989 1039 4041 terram;
1073 3995 1196 4033 cum
1234 3981 1401 4050 probe
1453 3983 1618 4038 sciret
1663 3982 1884 4056 Moysen
1921 3974 2166 4040 omnium

591 4070 966 4134 mitissimum,
1006 4071 1134 4124 olim
1167 4072 1234 4126 de
1273 4073 1451 4129 medio
1480 4075 1761 4131 hominum
1794 4078 2068 4132 sublatum
2101 4080 2168 4134 ab

594 4160 698 4216 hac
731 4170 875 4218 terra
896 4162 1253 4235 demigrasse.

675 4421 834 4477 Vens.
863 4424 948 4480 i2.
988 4424 1296 4481 Observabit
1322 4441 1567 4496 peccator
1588 4431 1821 4499 justum,
1850 4440 1897 4483 et
1929 4429 2168 4483 stridebit

594 4531 748 4585 super
765 4531 883 4570 eum
905 4516 1145 4572 dentibus
1174 4522 1310 4584 suis.
1333 4531 1438 4578 etc.
1458 4522 1750 4593 Impiorum
1779 4531 1968 4576 contra
1993 4523 2170 4589 justos

594 4609 832 4666 insultus
868 4612 1260 4684 amborumque
1298 4616 1457 4670 linem
1490 4617 1774 4670 describit.
1807 4615 1942 4669 Cum
1977 4631 2170 4684 peccao

2267 2145 2617 2217 Διερμηνεύει
2669 2146 2734 2199 τὰ
2785 2146 3041 2216 ἀνωτέρω
3083 2146 3401 2215 λελεγμένα,
3448 2145 3506 2198 τὸ
3554 2147 3688 2217 μὲν,
3743 2152 3872 2202 Ὀτι

2265 2239 2406 2291 ὡσεὶ
2452 2240 2667 2308 χοζρτος
2709 2237 2860 2308 ταχὺ
2908 2237 3533 2307 ἀποξηρανθήσονται,
3574 2242 3686 2293 καὶ
3726 2244 3868 2296 ὡσεὶ

2265 2331 2503 2401 λάχανα
2532 2335 2720 2401 χλόης
2758 2332 2910 2400 ταχὺ
2941 2333 3409 2396 ἀποπεσοῦνται,
3443 2332 3531 2386 διὰ
3563 2335 3698 2400 τοῦ,
3751 2339 3870 2389 Ἔτι

2268 2425 2494 2494 ὀλίγον,
2525 2426 2620 2478 καὶ
2648 2427 2718 2478 οὐ
2746 2425 2831 2493 μὴ
2872 2424 3110 2492 ὑπάρξῃ
3147 2428 3179 2478 ό
3203 2426 3592 2494 ἁμαρτωλός·
3641 2430 3750 2480 καὶ
3788 2428 3872 2495 ζη-

2266 2516 2472 2581 τήσεις
2503 2515 2609 2568 τὸν
2638 2516 2823 2568 τόπον
2853 2517 3038 2569 αὑτοῦ
3069 2515 3168 2568 καὶ
3198 2518 3268 2568 οὐ
3292 2515 3380 2583 μὴ
3421 2517 3615 2583 εὕρῃς
3635 2534 3650 2546 ο
3689 2518 3763 2570 τὸ

2266 2607 2742 2674 Κατατρύφησον
2779 2605 2885 2658 τοῦ
2913 2607 3152 2671 Κυρίου,
3187 2605 3282 2656 καὶ
3318 2604 3495 2656 δώσει
3533 2623 3645 2660 σοι
3682 2611 3766 2660 τὰ
3790 2612 3868 2660 a1-

2268 2696 2495 2765 τήματα
2544 2695 2651 2763 τῆς
2697 2697 2943 2764 καρδίας
2993 2713 3131 2758 σου,
3177 2697 3505 2767 σαφέστερον
3557 2699 3868 2752 ἀποδίδωσι

2266 2789 2354 2842 διὰ
2390 2789 2504 2853 τοῦ,
2539 2793 2601 2842 Ol
2641 2789 2710 2842 δὲ
2750 2789 2956 2858 πραεῖς
2992 2788 3516 2857 κληρονομήσουσι
3565 2791 3694 2857 τὴν
3728 2791 3859 2858 γῆν,

2268 2882 2362 2934 καὶ
2403 2881 2972 2950 κατατρυρήσουσιν
3010 2881 3109 2933 ἐπὶ
3152 2880 3364 2947 πλήθει
3403 2881 3684 2949 εἰρήνης.
3743 2885 3860 2945 Πῶς

2267 2974 2374 3044 γάρ
2407 2991 2491 3036 τις
2523 2975 2930 3045 κατατρυφήσει
2969 2973 3061 3026 τοῦ
3093 2974 3294 3044 Κυρίου
3341 2974 3674 3044 παρίστησι,
3731 2978 3859 3045 πλῆ·

2269 3063 2358 3126 θος
2391 3065 2612 3134 εἰρήνης
2646 3065 2772 3133 παρ’
2802 3061 2949 3132 αὑτῷ
2982 3057 3119 3115 εἶναι
3163 3063 3332 3130 λέγων
3353 3078 3366 3092 ⁸
3403 3059 3462 3115 οὖ
3495 3065 3752 3136 πλήθους
3785 3071 3854 3120 εξ·

2272 3159 2439 3229 ρήνης
2483 3155 2878 3210 ἀπολαύσουσιν
2918 3158 2964 3208 οἱ
3007 3155 3100 3208 τοῦ
3136 3157 3338 3227 Κυρίου
3387 3163 3857 3228 κατατρυφήσαν-

2266 3267 2376 3311 τες.
2414 3250 2511 3303 Διὰ
2543 3249 2746 3302 τούτων
2778 3248 2834 3300 δὲ
2874 3250 2901 3300 6
2947 3247 3102 3316 λόγος
3143 3249 3325 3317 σαφῶς
3364 3250 3557 3320 ἑτέραν
3593 3253 3723 3305 τινὰ
3759 3255 3856 3322 γῆν

2269 3341 2476 3411 ἀγαθὴν
2512 3341 2608 3411 τὴν
2651 3343 2763 3400 τοῖς
2805 3340 3004 3410 πραέσι
3051 3341 3416 3412 δοθησομένην
3446 3342 3720 3404 διδάσκει,
3769 3347 3857 3396 καὶ

2269 3432 2475 3504 τρυφὴν
2505 3431 2597 3484 καὶ
2626 3431 2828 3500 πλῆθος
2855 3433 3074 3502 εἰρήνης
3103 3435 3180 3495 εὶς
3211 3431 3506 3502 μέλλουσαν
3531 3434 3855 3504 ἀναπέμπει

2269 3521 2435 3592 ζωήν.
2484 3521 2558 3572 Οὐ
2592 3520 2702 3592 γὰρ
2732 3521 2940 3590 ἠγνόει,
2989 3521 3068 3574 δτι
3114 3522 3314 3592 ὁμοίως
3352 3525 3464 3584 τοῖς
3505 3523 3855 3594 ἁμαρτωλοῖς

2269 3612 2412 3666 κατὰ
2453 3612 2542 3665 τὸν
2569 3613 2814 3684 παρόντα
2846 3613 2958 3682 βίον
2994 3614 3090 3668 καὶ
3115 3616 3162 3666 οἱ
3188 3614 3382 3667 δίκαιοι
3409 3614 3851 3686 τελευτήσουσιν,

2269 3704 2344 3768 ὡς
2382 3704 2640 3760 δύνασθαι
2673 3706 2768 3758 καὶ
2801 3705 2928 3776 περὶ
2967 3707 3144 3758 αὐτῶν
3173 3706 3422 3774 λέγεσθαι
3447 3707 3508 3760 τό
3535 3724 3548 3739 ο
3583 3708 3710 3760 Ἔτι
3744 3710 3853 3761 ὀλί-

2269 3815 2386 3866 γον,
2415 3799 2510 3850 καὶ
2533 3800 2594 3850 οὐ
2637 3798 2709 3868 μὴ
2761 3796 2978 3868 ὑπάρξῃ
3030 3800 3057 3850 6
3085 3797 3306 3860 δίκαιος,
3339 3798 3431 3849 καὶ
3465 3799 3728 3869 ζητήσεις
3768 3800 3854 3852 τὸν

2269 3889 2432 3941 τόπον
2454 3886 2638 3952 αὑτοῦ,
2665 3887 2760 3939 καὶ
2781 3887 2842 3938 οὐ
2865 3887 2938 3957 μὴ
2965 3885 3130 3958 εῦρῃς
3148 3903 3160 3916 ·
3181 3886 3468 3939 τελευτῶσι
3502 3887 3614 3958 γὰρ
3651 3889 3853 3957 ὁμοίως

2269 3982 2379 4041 τοῖς
2411 3978 2750 4049 ἁμαρτωλοῖς
2781 3979 2875 4030 καὶ
2908 3979 3078 4030 αὐτοί.
3112 3980 3223 4032 Οὐκ
3248 3978 3311 4031 ἂν
3342 3978 3398 4030 δὲ
3432 3976 3551 4032 εἷπε
3592 3982 3727 4051 περὶ
3756 3982 3851 4050 τῆς

2273 4071 2552 4141 παρούσης
2602 4070 2704 4140 γῆς
2740 4069 2857 4122 τόδε
2883 4086 2896 4099 ·
2954 4073 3015 4123 Ol
3070 4069 3270 4137 πραεῖς
3314 4071 3848 4140 κληρονομήσουσι

2272 4162 2384 4228 τὴν
2408 4160 2545 4229 γῆν,
2582 4161 2765 4230 σαφῶς
2797 4161 2938 4232 ὁρῶν
2968 4161 3076 4214 τῶν
3102 4162 3314 4215 πάντων
3348 4161 3656 4234 πραότατον
3686 4164 3850 4216 Μωῦ-

2275 4252 2392 4315 σέα,
2427 4252 2592 4304 πάλαι
2631 4253 2688 4318 ἐξ
2723 4252 3022 4324 ἀνθρώπων
3070 4253 3356 4324 γενόμενον
3390 4255 3484 4307 καὶ
3517 4254 3615 4324 τῆς
3648 4254 3850 4324 παρού-

2275 4359 2371 4413 σης
2401 4343 2504 4412 γῆς
2531 4343 2965 4414 ἀπηλλαγμένον.

2342 4435 2826 4504 Παρατηρήσεται
2877 4441 2910 4490 ό
2939 4437 3284 4505 ἁμαρτωλὸς
3325 4437 3429 4490 τὸν
3459 4436 3718 4499 δίκαιον,
3757 4437 3848 4490 καὶ

2267 4529 2478 4599 βρύξει
2506 4530 2596 4582 ἐπ’
2617 4528 2803 4582 αὑτὸν
2824 4529 2964 4594 τοὺς
2983 4527 3232 4593 ὀδόντας
3258 4528 3464 4581 αὐτοῦ.
3487 4527 3609 4580 Τῶν
3637 4545 3698 4580 τε
3725 4529 3850 4582 ἀσε-

2273 4622 2382 4675 ϐῶν
2421 4620 2517 4684 τὰς
2564 4621 2704 4673 κατὰ
2745 4620 2850 4671 τῶν
2895 4619 3116 4672 δικαίων
3164 4619 3578 4681 ἐπαναστάσεις,
3615 4620 3715 4672 καὶ
3748 4623 3886 4689 duo.

592 4711 702 4767 tor,
736 4703 940 4774 inquit,
980 4720 1088 4759 non
1127 4708 1263 4762 satis
1295 4723 1418 4762 esse
1466 4708 1570 4762 sibi
1602 4708 1809 4762 scelera
1858 4722 1955 4760 sua
1995 4717 2164 4776 putet,

2275 4715 2513 4785 φοτέρων
2543 4713 2651 4764 τῶν
2701 4713 2990 4782 ταγμάτων
3019 4710 3084 4764 τὰ
3125 4711 3271 4781 τέλη.
3306 4710 3390 4781 Μὴ
3421 4711 3530 4781 γὰρ
3570 4713 3852 4782 ἀρκούμεο

591 4795 800 4862 justum
827 4812 1057 4851 cernens
1090 4798 1344 4867 religiose
1369 4799 1664 4857 viventem,
1701 4797 1752 4850 id
1786 4796 1926 4851 ferre
1959 4800 2166 4868 nequit,

594 4887 724 4955 quia
760 4888 924 4941 vitam
967 4890 1087 4958 ejus
1139 4891 1506 4960 improbitatis
1552 4906 1664 4943 sua:
1714 4890 2166 4959 vituperationem

594 4998 719 5037 esse
746 4983 1077 5050 arbitratur;
1119 5002 1288 5056 quare
1321 4986 1431 5038 ait:
1471 4983 1568 5038 Vel
1601 4984 1720 5037 visu
1755 4985 1871 5037 solo
1904 5000 2170 5040 onerosus

595 5076 757 5129 nobis
785 5083 890 5137 est,
920 5076 1150 5146 ideoque
1181 5077 1435 5130 observat
1459 5091 1584 5130 eum
1615 5081 1675 5128 ut
1701 5073 1940 5142 dejiciat.
1969 5075 2168 5131 Verum

593 5164 780 5234 justus
833 5168 970 5223 nihil
1005 5169 1159 5237 pensi
1217 5167 1400 5228 habet,
1453 5181 1629 5235 neque
1679 5167 1830 5220 novit
1873 5184 1992 5237 quae
2029 5171 2168 5224 clam

596 5267 787 5313 contra
823 5274 883 5314 se
913 5267 1207 5314 struuntur
1253 5256 1714 5311 machinamenta.
1750 5257 2014 5316 Dominus
2041 5277 2170 5316 vero

597 5349 842 5404 omnium
873 5351 1167 5418 inspector.
1199 5347 1319 5415 ejus
1346 5346 1438 5415 qui
1465 5347 1594 5400 talia
1629 5349 1924 5404 meditatur
1954 5352 2168 5408 ruinam

595 5445 960 5514 prospiciens,
995 5439 1223 5494 consilia
1257 5437 1379 5506 ejus
1405 5437 1634 5494 deridet.
1668 5439 1734 5493 Et
1755 5441 2021 5500 hactenus
2049 5447 2171 5514 qui-

591 5537 717 5592 dem
774 5535 910 5590 nihil
959 5531 1105 5584 aliud
1137 5530 1245 5600 agit
1295 5545 1456 5600 quam
1506 5533 1685 5590 ridere
1732 5535 2009 5591 hominem
2041 5538 2167 5591 talia

595 5629 802 5684 frustra
852 5624 1202 5694 cogitantem.
1251 5623 1386 5676 Cum
1418 5633 1596 5680 autem
1635 5636 1888 5696 peccator
1923 5630 1986 5682 ad
2035 5629 2168 5682 faci-

595 5732 730 5770 nora
789 5711 1170 5784 progreditur,
1225 5713 1479 5782 acuitque
1520 5716 1762 5786 gladios,
1819 5725 1875 5770 ut
1941 5718 2166 5773 insidias

598 5816 754 5876 paret
780 5807 844 5859 ad
878 5819 1065 5860 necem
1095 5802 1166 5870 ei,
1198 5805 1288 5874 qui
1322 5814 1541 5874 propter
1577 5808 1739 5865 Deum
1769 5809 2002 5878 in0piam
2032 5825 2161 5876 pau-

2275 4823 2382 4868 νος,
2421 4807 2572 4875 φησὶ,
2603 4807 2710 4867 τοῖς
2739 4802 2930 4856 ἑαυτοῦ
2964 4803 3067 4872 πλη
3077 4803 3254 4873 μμελή
3265 4820 3424 4872 μασιν
3451 4805 3478 4854 6
3502 4803 3852 4875 ἁμαρτωλὸς,

2275 4898 2333 4948 οὐ
2380 4897 2534 4966 φέρει
2579 4895 2788 4964 βλέπων
2832 4895 2922 4946 τὸν
2954 4894 3154 4946 δίκαιον
3197 4893 3585 4946 θεοσεϐοῦντα·
3635 4896 3855 4967 ἔλεγχον

2276 4982 2384 5052 γὰρ
2414 4982 2505 5034 τὸν
2538 4981 2745 5034 ἐκείνου
2778 4980 2890 5051 βίον
2919 4980 3019 5051 τῆς
3056 4980 3247 5033 ἑαυτοῦ
3275 4981 3578 5052 μοχθηρίας
3604 4986 3849 5055 ἡγεῖται·

2276 5070 2356 5123 διὸ
2391 5071 2569 5140 λέγει’
2618 5072 2798 5142 Βαρὺς
2839 5073 2967 5141 ἡμῖν
3015 5073 3127 5124 ἐστι
3175 5072 3268 5124 καὶ
3319 5071 3692 5144 βλεπόμενος·
3731 5074 3855 5128 ὅθεν

2277 5164 2526 5234 ἐπιτηρεῖ
2558 5164 2704 5226 ὅπως
2736 5163 2896 5216 αὐτὸν
2927 5163 3226 5235 καταϐάλῃ.
3276 5165 3414 5217 Ἀλλ’
3449 5167 3478 5217 6
3519 5166 3617 5235 μὲν
3649 5165 3854 5229 δίκαιος

2277 5257 2335 5308 οὐ
2386 5257 2782 5326 προσποιεῖται,
2831 5255 2952 5309 οὐδὲ
2996 5255 3250 5323 γινώσκει
3298 5256 3368 5310 τὰ
3412 5256 3687 5327 λαθραίως
3733 5259 3853 5310 κατ’

2277 5346 2443 5398 αὐτοῦ
2475 5345 2866 5417 μηχανώμεναο
2906 5347 2934 5397 ὁ
2965 5345 3020 5399 δὲ
3049 5347 3433 5418 παντεπόπτης
3458 5347 3689 5420 Κύριος,
3721 5366 3853 5420 προ-

2275 5438 2416 5509 ορῶν
2457 5439 2552 5509 τὴν
2584 5438 2676 5492 τοῦ
2698 5438 2868 5492 ταῦτα
2893 5439 3268 5510 διανοουμένου
3313 5440 3536 5502 πτῶσιν,
3566 5441 3676 5495 τῶν
3710 5441 3850 5509 λογι-

2279 5529 2434 5600 σμῶν
2460 5530 2620 5584 αὑτοῦ
2651 5534 2946 5606 καταγελᾷ.
2985 5535 3096 5588 Καὶ
3132 5534 3268 5598 τέως
3313 5536 3411 5604 μὲν
3439 5534 3599 5588 πλέον
3629 5535 3787 5588 οὐδὲν
3818 5534 3851 5605 ἢ

2275 5624 2411 5695 γελᾷ
2458 5627 2542 5678 ἐπ’
2569 5625 2718 5697 αὑτῷ
2759 5630 2934 5701 μάτην
2969 5627 3194 5682 τοιαῦτα
3225 5627 3591 5697 λογιζομένῳ·
3631 5626 3852 5681 ἐπειδὰν

2273 5716 2316 5768 δ’
2360 5718 2449 5770 ἐπὶ
2490 5717 2559 5770 τὰ
2591 5718 2723 5789 ἔργα
2756 5723 2926 5791 χωρῇ,
2961 5721 3234 5792 ἀκονήσας
3272 5717 3568 5772 ὲαυτοῦ⁶τὰ
3615 5717 3744 5784 ξίφη
3779 5718 3849 5780 ὡς

2277 5810 2435 5876 μέχρι
2470 5809 2698 5868 θανάτου
2748 5810 3124 5866 ἐπιϐουλεῦσαι
3158 5811 3235 5882 τῷ
3266 5809 3362 5880 τήν
3408 5809 3497 5864 διὰ
3541 5810 3676 5865 Θεὸν
3708 5827 3846 5863 πτω-
