4010 6530
316 327 382 385 29
1407 324 1908 394 COMMENTARIA
1950 335 2016 390 ΙΝ
2054 329 2391 393 PSALMOS.

3405 325 3511 388 330

273 445 428 516 κείαν
455 445 549 501 καὶ
593 445 778 504 πενίαν
820 449 1154 522 ἀνειληφότι,
1189 451 1280 506 καὶ
1312 453 1410 523 τὴν
1446 454 1620 526 ἄκραν
1650 471 1845 526 κατορ-

1952 455 2262 524 periemque
2291 453 2574 524 amplexus
2619 468 2681 509 ac
2717 469 2943 510 summa:
2966 450 3318 524 philosophiae
3359 449 3510 504 dedi-

275 536 455 590 θοῦντι
489 538 820 610 φιλοσοφίαν,
863 543 923 596 τὸ
949 542 1247 613 τηνικαῦτα
1286 543 1505 615 στρέφει
1533 545 1630 617 τὴν
1671 545 1847 598 αὐτῶν

277 629 547 700 ῥομφαίαν
579 631 720 685 κατὰ
749 634 846 704 τῆς
887 634 1066 688 αὐτῶν
1097 633 1322 705 καρδίας
1359 636 1386 687 ὁ
1416 636 1578 688 πάλαι
1620 651 1847 702 καταγε-

275 718 382 772 λῶν
409 722 586 775 αὐτῶν
621 725 840 795 Κύριος,
864 716 956 777 καὶ
978 725 1044 778 τὰ
1073 727 1208 780 κατά
1236 727 1328 779 τού
1350 726 1555 779 δικαίου
1584 727 1711 791 τόξα
1739 726 1846 780 τῶν

278 812 490 866 ἀσεϐῶν
534 817 828 889 συντρῐόει.
868 817 1263 870 Μετελεύσεται
1310 819 1418 889 γὰρ
1462 820 1690 882 αὐτούς’
1726 817 1845 872 οὐδὲ

276 904 359 957 ἔτι
384 905 557 974 γελῶν
581 909 664 977 ἐφ’
695 903 774 971 οἷς
799 909 1130 964 διανοοῦνται
1151 951 1163 974 ,
1193 911 1328 964 ἀλλὰ
1349 915 1414 982 τῇ
1439 912 1560 984 δίκῃ
1578 916 1650 983 τῇ
1681 929 1846 983 προσ-

273 996 483 1066 ηκούσῃ
509 1000 624 1051 κατ’
650 999 825 1054 αὐτῶν
854 999 1148 1072 χρώμενος.
1181 997 1362 1054 Ταῦτα
1390 1001 1466 1063 δὲ,
1495 1002 1574 1054 ὅτι
1601 1002 1674 1074 μὴ
1701 1002 1846 1069 λόγοι

275 1088 650 1158 τυγχάνουσιν,
683 1089 793 1142 ἀλλ’
822 1091 957 1161 ἔργα
991 1091 1161 1161 ἀληθῆ
1195 1091 1608 1163 μαρτυρούμενα
1636 1094 1723 1145 ὑπ’
1759 1093 1847 1145 αύ-

275 1176 376 1248 τῆς
409 1179 704 1250 ἐνεργείας,
733 1180 824 1234 καὶ
856 1183 986 1251 ἡμῖν
1035 1180 1216 1244 αὐτοῖς
1257 1185 1370 1244 τοῖς
1404 1181 1574 1236 ταῦτα
1619 1182 1736 1235 νυνὶ
1771 1182 1846 1234 δι-

276 1270 508 1336 εξιοῦσιν
537 1275 568 1345 ἡ
597 1277 756 1345 πεῖρα
781 1274 888 1328 τῶν
917 1275 1092 1343 ἔργων
1121 1275 1477 1329 ἐπιστώσατο.
1523 1275 1846 1346 Ὀφθαλμοίς

275 1363 406 1432 γοῦν
455 1363 885 1436 παρειλήφαμεν,
925 1360 998 1429 ὡς
1035 1367 1083 1419 οἱ
1120 1366 1434 1436 ἁμαρτωλοὶ
1467 1368 1525 1418 ὲν
1568 1369 1678 1429 τοῖς
1725 1365 1843 1419 καθ’

272 1451 430 1523 ὴμῶν
467 1452 722 1523 διωγμοῖς
770 1455 1038 1522 ῥομφαίαν
1086 1457 1392 1509 ἐσπάσαντο
1437 1457 1577 1510 κατά
1619 1455 1728 1509 τῶν
1767 1455 1845 1508 δι-

273 1542 463 1606 καίων,
500 1543 592 1596 καὶ
629 1541 703 1606 ὡς
747 1544 1013 1599 ἐνέτειναν
1059 1546 1128 1598 τὰ
1161 1547 1287 1612 τόξα
1331 1546 1508 1600 αὐτῶν
1539 1546 1632 1600 τοῦ
1677 1564 1846 1599 κατα-

273 1633 455 1686 ϐαλεῖν
486 1634 690 1704 πένητα
723 1635 815 1687 καὶ
849 1633 1080 1706 πτωχὸν,
1115 1638 1208 1689 καὶ
1247 1637 1340 1690 τοῦ
1374 1637 1570 1707 σφάξαι
1602 1637 1730 1700 τοὺς
1759 1637 1846 1688 εύ-

273 1724 385 1790 θεῖς
410 1729 477 1798 τῇ
513 1727 728 1798 καρδία,
774 1728 866 1780 καὶ
907 1723 981 1791 ὡς
1014 1727 1255 1798 ἔπραξαν
1284 1728 1377 1781 καὶ
1424 1729 1718 1782 κατέϐαλον
1753 1728 1844 1782 καὶ

272 1817 483 1871 ἀνεῖλον
517 1819 777 1882 ποικίλοις
815 1816 1037 1889 τρόποις
1083 1817 1325 1873 θανάτων
1370 1820 1495 1882 τοὺς
1535 1819 1671 1872 κατὰ
1713 1819 1844 1872 Θεὸν

272 1905 696 1978 ἀνδρισαμένους
743 1909 932 1976 ἁγίους
977 1909 1276 1979 μάρτυρας.
1321 1909 1529 1980 ’Ὠσπερ
1581 1909 1636 1962 δὲ
1675 1911 1845 1964 ταῦτα

275 1997 714 2069 ίστορησάμενοι,
761 1997 903 2051 οὕτω
953 1998 1046 2051 καὶ
1097 1998 1196 2070 τὴν
1248 1998 1606 2069 μετελθοῦσαν
1653 2001 1846 2065 αὐτοὺς

273 2086 366 2139 τοῦ
407 2086 540 2140 Θεοῦ
587 2087 741 2157 δίκην
780 2087 1102 2159 τεθεάμεθα,
1132 2089 1384 2160 τοιαύτην
1414 2091 1729 2162 γενομένην,
1771 2089 1845 2156 ὡς

278 2177 354 2246 μὴ
387 2177 650 2247 ἁμαρτεῖν
681 2175 772 2230 τὸν
801 2179 1044 2249 φήσαντα
1073 2177 1306 2248 ἀληθῶς,
1333 2179 1430 2249 τὴν
1459 2181 1731 2251 ῥομφαίαν
1750 2181 1846 2233 a6-

274 2265 382 2319 τῶν
411 2267 808 2339 εἰσεληλυθέναι
838 2270 916 2332 είς
941 2269 1040 2340 τὴν
1063 2269 1286 2340 καρδίαν
1313 2269 1490 2322 αὐτῶν
1514 2271 1607 2323 καὶ
1629 2271 1696 2325 τὰ
1716 2271 1844 2338 τόξα

197 2342 202 2346 ⁴
273 2345 453 2412 αὐτῶν
479 2360 873 2430 συντετρῖφθαι.

341 2451 639 2518 Δρεῖσσον
663 2454 871 2521 ὀλίγον
909 2452 989 2518 τῷ
1013 2452 1236 2520 δικαίῳ.
1282 2454 1357 2509 Οὐ
1387 2453 1704 2525 προείρηται
1743 2451 1840 2525 μόε-

268 2555 381 2601 νον,
413 2539 545 2592 ἀλλά
586 2539 652 2594 δι’
691 2539 866 2612 ἔργων
907 2542 1394 2616 ἀποπεπλήρωται,
1435 2545 1527 2596 καὶ
1565 2543 1655 2596 τὸν
1686 2543 1842 2597 ἄλλον

269 2627 326 2680 δὲ
375 2629 584 2700 χρόνον.
631 2630 686 2683 Ὀ
729 2630 825 2701 μὲν
867 2631 1072 2696 δίκαιος
1106 2631 1422 2704 πτωχεύων,
1467 2636 1716 2706 ἀρκεῖται
1767 2636 1844 2708 τῷ

270 2719 457 2788 ὀλίγῳ,
505 2720 879 2792 δεδιδαγμένος
919 2726 975 2778 ἐν
1006 2729 1278 2797 προσευχῇ
1324 2722 1540 2796 λέγειν’
1591 2729 1700 2782 Τὸν
1738 2729 1840 2797 ἄρ-

274 2826 383 2862 τον
405 2810 572 2878 ἡμῶν
607 2816 711 2865 τὸν
744 2814 1054 2868 ἐπιούσιον
1091 2815 1196 2882 δὸς
1225 2814 1368 2886 ’ἡμῖν
1401 2816 1689 2886 σήμερον·
1726 2822 1754 2873 ὁ
1787 2819 1843 2874 δὲ

275 2900 616 2972 ἁμαρτωλὸς,
664 2903 876 2975 πλούτῳ
925 2908 1376 2978 περιρρεόμενος,
1436 2909 1640 2976 ἀγαθοῦ
1699 2927 1843 2972 τινος

274 2992 571 3045 ἀπόλαυσιν
608 2995 835 3064 νομίζει.
880 2995 1016 3056 ’ᾼλλ’
1051 2996 1182 3066 ἐγὼ,
1214 2999 1397 3068 φησιν,
1425 2995 1485 3051 εὖ
1528 2995 1663 3066 οἶδα,
1697 3000 1841 3056 διδάο

276 3097 392 3133 σκω
422 3082 476 3136 δὲ
513 3084 606 3136 καὶ
642 3084 891 3155 ἐτέρους·
937 3087 1017 3139 ὃτι
1079 3087 1253 3160 πολλῷ
1281 3088 1501 3159 βελτιων
1539 3092 1684 3144 ἐστὶν
1714 3094 1742 3146 ό
1766 3092 1844 3146 δίο

272 3187 428 3236 καιος
457 3171 546 3226 τὸν
577 3175 850 3248 ἐφήμερον
887 3177 1048 3254 ἄρτον
1079 3180 1228 3251 παρὰ
1272 3179 1365 3233 τοῦ
1395 3181 1527 3234 Θεοῦ
1554 3182 1841 3254 λαμϐάνων

271 3261 366 3315 τοῦ
395 3262 501 3316 τῶν
550 3265 884 3336 ἁμαρτωλῶν
911 3253 1165 3323 ττλούτου.
1198 3271 1259 3324 El
1286 3271 1328 3324 δ’
1369 3273 1597 3346 ἐρωτᾷς,
1629 3253 1730 3347 τὴν
1762 3279 1845 3330 αίιο

269 3353 393 3405 τίαν
435 3355 702 3424 μάνθανε*
735 3360 815 3412 δτι
845 3361 872 3412 ό
908 3361 1006 3430 μὲν
1046 3361 1210 3432 ὀλίγῳ
1245 3364 1582 3436 ἀρκούμενος
1622 3367 1844 3438 ἔχειτὸν

275 3444 481 3516 Κύριον
511 3448 715 3520 ύποστη
727 3450 939 3519 ρίζοντα
965 3453 1126 3506 αὐτοῦ
1149 3453 1246 3520 τὴν
1266 3454 1441 3527 ψυχὴν
1469 3457 1562 3510 καὶ
1582 3458 1680 3529 τὴν
1701 3457 1845 3530 ζωὴν

275 3534 370 3586 καὶ
401 3534 491 3588 τὸν
540 3536 673 3606 βίον,
722 3539 860 3612 ὑπὲρ
903 3541 1077 3594 πάντα
1116 3560 1175 3597 τε
1227 3545 1454 3599 πλοῦτον
1501 3548 1844 3619 ἐπαρκοῦντα

275 3625 457 3697 αὐτῷ’
487 3629 539 3679 οι
583 3628 640 3682 δὲ
678 3629 785 3682 τῶν
814 3632 1150 3702 ἁμαρτωλῶν
1179 3635 1457 3707 βραχίονες
1485 3638 1545 3690 ού
1572 3639 1847 3710 διαμένου-

277 3732 364 3770 σιν
399 3719 630 3790 ίσχυροὶ,
669 3721 790 3775 οὐδὲ
827 3725 855 3776 ὁ
896 3723 1121 3787 πλοῦτος
1153 3727 1328 3779 αὐτῶν
1360 3727 1604 3797 βέϐαιος·
1642 3746 1846 3800 συντρι-

278 3807 535 3879 εήσονται
586 3811 694 3883 γὰρ
739 3813 861 3866 ὅσον
896 3815 1105 3868 οὐδέπω
1153 3817 1432 3886 γενόμενοι
1472 3819 1603 3871 ὡσεὶ
1640 3819 1846 3890 λάχανα

277 3897 440 3968 χλόης
467 3899 559 3952 καὶ
586 3900 717 3954 ὡσεὶ
749 3902 940 3974 χόρτος
971 3905 1473 3976 ἀποξηραινόμενοι.

346 3989 638 4044 Γινώσκει
683 3995 895 4060 Κύριος
944 3995 1049 4061 τὰς
1081 3995 1258 4061 ὀδοὺς
1288 3997 1406 4050 τῶν
1447 3997 1718 4067 ἀμώμων,
1749 4001 1848 4055 καὶ

273 4081 314 4147 ἡ
345 4085 707 4152 κληρονομία
729 4084 927 4140 αὐτῶν
944 4091 1030 4154 εὶς
1055 4091 1161 4141 τὸν
1178 4087 1364 4143 αἰῶνα
1382 4089 1572 4144 ἔσται.
1603 4095 1683 4146 Οὐ
1709 4111 1831 4147 κατε

269 4175 784 4242 αισχυνθήσονται
832 4179 902 4232 ἐν
939 4180 1119 4248 καιρῷ
1162 4181 1422 4250 πονηρῷ,
1463 4184 1562 4236 καὶ
1593 4184 1662 4238 ἑν
1699 4185 1845 4256 ἠμέ-

265 4280 402 4330 ραις
446 4267 622 4334 λιμοῦ
678 4270 1214 4337 χορτασθήσονται,
1267 4273 1355 4326 ὅτι
1412 4277 1465 4328 οὶ
1512 4276 1844 4345 ἁμαρτωλοὶ

273 4357 662 4412 ἀπολοῦνται.
715 4362 836 4414 ’Ότι
879 4363 976 4414 τοῦ
1022 4363 1195 4432 δεξιοῦ
1242 4366 1540 4436 τάγματος,
1597 4367 1740 4436 λέγω
1789 4369 1846 4422 δὲ

269 4445 383 4500 τῶν
409 4447 649 4515 δικαίων,
683 4454 745 4506 ού
776 4455 932 4525 μόνον
959 4457 1307 4528 ὑποστηρίζει
1334 4461 1361 4512 ό
1390 4457 1522 4523 Θεὸς
1551 4459 1649 4531 τὴν
1676 4460 1840 4532 ζωὴν,
1877 4486 1920 4541 ι)

273 4536 410 4590 ἀλλά
442 4541 538 4593 καὶ
574 4541 672 4606 τὰς
710 4547 1106 4615 περιμενούσας
1154 4549 1349 4612 αὐτοὺς
1386 4551 1444 4602 ἐν
1481 4550 1558 4621 τῷ
1602 4550 1844 4620 μέλλοντι

272 4629 429 4682 αἰῶνι
473 4633 684 4706 ἡμέρας
738 4636 980 4708 ἀκριϐῶς
1017 4636 1144 4702 οἶδε,
1201 4644 1301 4711 τήν
1346 4660 1403 4694 τε
1444 4643 1848 4715 ἡτοιμασμένην

269 4722 456 4786 αὐτοῖς
503 4724 885 4798 κληρονομίαν,
933 4732 1059 4802 περὶ
1099 4727 1166 4804 ἦς
1210 4733 1466 4804 ἀνωτέρω
1501 4734 1714 4805 ἐλέχθη.
1757 4735 1848 4788 Διὸ

269 4815 424 4869 οὐδὲν
451 4818 645 4883 αὐτοὺς
673 4820 1005 4892 καταδλάψει
1036 4823 1096 4876 τὺ
1123 4824 1320 4896 βραχὺ,
1356 4826 1450 4879 καὶ
1477 4826 1716 4898 λυπηρὸν
1751 4828 1844 4882 τοῦ

269 4907 540 4980 παρόντος
580 4910 717 4981 βίον,
761 4913 852 4966 καὶ
882 4913 944 4966 τὸ
983 4915 1237 4969 πένεσθαι
1277 4917 1371 4970 καὶ
1417 4918 1714 4989 πτωχεύειν
1757 4919 1844 4973 διά

267 4997 362 5052 τὸν
389 5000 610 5072 Κύριον.
648 5004 951 5075 Γυμνάσιον
979 5005 1088 5079 γὰρ
1119 5007 1296 5061 αὐτῶν
1321 5011 1436 5062 ἐστι
1465 5011 1562 5082 τῆς
1590 5011 1845 5083 προαιρέ-

271 5106 412 5154 σεως
441 5095 474 5162 ὴ
501 5096 785 5166 καρτερία,
815 5096 883 5150 δι’
911 5092 978 5169 ἧς
1006 5097 1104 5170 τὴν
1145 5099 1335 5172 στενὴν
1359 5101 1452 5154 καὶ
1481 5101 1843 5172 τεθλιμμένην

269 5177 566 5249 ὁδεύοντες,
613 5182 890 5255 τεύξονται
934 5189 1042 5244 τῶν
1091 5193 1533 5264 ἐπηγγελμένων.
1595 5193 1736 5247 Ἀντὶ
1786 5193 1842 5247 δὲ

265 5269 388 5332 τοῦ,
412 5272 704 5340 γινώσκει,
729 5278 757 5330 ό
780 5275 1094 5348 Σύμμαχος,
1123 5281 1406 5348 Προοῖδεν
1431 5286 1463 5336 ό
1493 5285 1708 5352 Κύριος
1735 5285 1841 5351 τὰς

265 5360 509 5432 ἡμέρας,
526 5365 644 5419 τῶν
673 5366 944 5438 ἀμώμων,
977 5372 1257 5436 ἐξέδωκεν.
1291 5375 1400 5429 Καὶ
1441 5375 1567 5430 ἀλλο
1600 5376 1656 5430 δὲ
1702 5377 1839 5448 μέγα

269 5456 504 5527 ὑπάρξει
536 5458 782 5523 τούτοις’
832 5461 902 5515 ἐν
945 5463 1054 5535 γὰρ
1100 5465 1282 5533 καιρῷ
1331 5467 1570 5537 πονηρῷ
1607 5472 1680 5524 οὺ
1712 5486 1842 5524 κατ-

245 5549 803 5618 αισχυνθήσονται,
828 5554 925 5608 καὶ
947 5555 1017 5609 ἐν
1041 5555 1288 5625 ἡμέραις
1309 5559 1486 5630 λιμοῦ
1509 5562 1842 5632 χορτασθήο

339 5729 386 5761 ²⁶
422 5729 555 5788 Luc.
593 5748 671 5797 si,
705 5734 754 5790 3.

596 5824 865 5890 Ριτιιοι..
911 5829 1026 5892 Ga.
1073 5828 1311 5892 XXI".

1948 554 2036 601 tus
2062 554 2165 606 est,
2203 545 2573 611 inferendam;
2627 554 2740 600 tum
2769 546 3047 608 Dominus,
3084 544 3175 614 qui
3207 533 3334 598 olim
3366 542 3510 596 deri-

1946 634 2108 689 debat
2140 652 2265 702 cos,
2323 637 2560 708 gladium
2610 639 2770 692 vertit
2830 639 2882 691 in
2931 636 3096 691 corda
3132 637 3407 706 ipsorum,
3457 639 3510 688 et

1946 739 2107 781 arcus
2143 728 2429 798 impiorum
2481 736 2670 784 contra
2698 729 2908 798 justum
2939 737 3157 798 paratos
3191 725 3507 794 confringit.

1945 814 2063 870 Non
2096 817 2208 887 jam
2250 819 2610 889 cogitationes
2641 835 2829 872 eorum
2863 818 3120 872 dcridens
3153 816 3366 870 invadet
3391 831 3507 877 eos,

1947 908 2040 963 sed
2074 912 2370 979 promerita
2403 911 2507 966 illis
2540 912 2744 966 ultione
2776 918 2978 965 utetur.
3006 909 3160 976 Quod
3196 918 3373 962 autem
3395 908 3509 961 lucc

1946 1015 2053 1052 non
2100 1017 2248 1054 mera
2279 1002 2442 1056 verba
2479 1001 2610 1069 sint,
2646 1002 2739 1056 sed
2788 1017 2874 1055 res
2904 1008 3068 1070 gesta:
3098 1014 3161 1054 ac
3201 998 3321 1069 ipso
3349 1011 3511 1066 Opere

1944 1092 2346 1160 comprobatae,
2393 1093 2552 1148 nobis
2596 1094 2687 1164 qui
2742 1092 2854 1146 haec
2884 1105 3201 1147 enarramus
3249 1089 3332 1145 vel
3393 1091 3510 1158 ipsa

1945 1181 2278 1250 experientia
2313 1183 2785 1238 commonstravil.
2826 1182 2960 1251 Ipsis
2995 1183 3159 1251 igitur
3191 1180 3364 1233 oculis
3389 1194 3511 1247 per-

1945 1271 2211 1340 cepimus,
2241 1281 2555 1341 peccalores
2586 1274 2640 1328 in
2687 1273 3163 1344 persecutiouibus
3202 1271 3256 1325 in
3289 1286 3390 1335 nos
3417 1286 3512 1323 exs

1944 1363 2125 1419 citatis
2152 1363 2416 1419 adversus
2442 1364 2622 1432 justus
2654 1365 2888 1434 gladium
2923 1365 3176 1418 eduxisse
3201 1402 3216 1425 ,
3242 1373 3513 1430 arcusque

1945 1471 2076 1512 suos
2110 1458 2410 1514 intendisse
2439 1469 2497 1513 ut
2527 1460 2826 1528 dejicerent
2856 1473 3146 1530 pauperem
3173 1466 3226 1513 et
3270 1458 3508 1527 inopem,

1944 1555 1998 1602 et
2030 1555 2089 1601 ut
2124 1550 2463 1604 trucidarent
2518 1560 2697 1605 rectos
2747 1549 2940 1612 corde;
2992 1549 3339 1618 idipsumque
3371 1561 3514 1617 pray-

1946 1637 2182 1693 stitisse:
2215 1649 2436 1696 sanctos
2471 1648 2737 1711 martyres
2767 1656 2864 1710 pro
2896 1639 3006 1694 Deo
3038 1639 3250 1694 fortiter
3289 1647 3513 1708 agentes

1945 1726 2211 1796 dejecisse
2271 1740 2324 1784 et
2377 1731 2661 1800 multiplici
2716 1730 2910 1786 mortis
2954 1746 3151 1800 genere
3201 1729 3509 1782 sustulisse.

1879 1804 1919 1859 Β
1951 1815 2019 1870 Ut
2050 1828 2229 1872 autem
2265 1819 2380 1874 haec
2429 1820 2688 1887 vidimus,
2717 1821 2790 1873 ita
2835 1829 2888 1876 et
2919 1821 3178 1875 ultionem
3221 1818 3313 1874 Dei
3363 1819 3513 1888 ipsos

1950 1908 2296 1965 invadentem
2325 1913 2695 1981 suspeximus,
2732 1929 2851 1982 qua:
2886 1914 3011 1968 talis
3050 1913 3236 1982 utique
3280 1911 3401 1975 fuit,
3453 1919 3512 1963 ut

1949 2002 2085 2057 nihil
2111 2004 2448 2059 aberraverit
2492 2004 2538 2059 is
2580 2006 2672 2074 qui
2703 2007 2840 2060 dixit
2869 2007 3108 2076 gladium
3155 2020 3343 2060 eorum
3392 2000 3513 2057 inﬂ-

1949 2109 2076 2148 xum
2107 2093 2162 2148 in
2195 2095 2360 2149 carda
2398 2093 2662 2165 ipsorum,
2694 2105 2748 2152 et
2776 2112 2938 2152 arcus
2967 2112 3154 2152 eorum
3200 2095 3512 2150 confractos

1945 2202 2088 2244 esse.

2014 2443 2184 2504 Vens.
2237 2449 2323 2505 £6.
2370 2444 2560 2505 Melius
2606 2460 2684 2506 est
2734 2445 2996 2506 modicum
3017 2453 3188 2522 justo,
3226 2456 3332 2508 clc.
3386 2452 3509 2508 "ac

1943 2555 2053 2594 non
2085 2542 2247 2596 modo
2278 2543 2639 2612 praenuntiata
2669 2542 2848 2608 fuere,
2878 2544 2973 2600 sed
3004 2553 3058 2598 et
3091 2546 3212 2599 aliis
3252 2546 3512 2615 tempori-

1944 2630 2047 2687 bus
2081 2645 2245 2702 opere
2270 2634 2555 2703 completa.
2580 2631 2769 2689 Justus
2791 2634 3008 2704 quidem
3032 2651 3320 2705 pauperem
3347 2651 3510 2707 agens

1943 2723 2110 2777 vitam
2161 2723 2353 2792 paucis
2400 2732 2690 2781 contentus
2740 2735 2844 2791 est,
2899 2727 2966 2780 ad
3023 2727 3137 2782 haec
3177 2729 3230 2782 in
3265 2732 3510 2787 oratione

1945 2805 2268 2874 proferenda
2305 2808 2607 2871 institutus,
2642 2809 2842 2864 Panem
2877 2821 3114 2865 nostrum
3145 2813 3509 2882 quotidianum

1943 2894 2015 2950 da
2043 2897 2193 2951 nobis
2222 2897 2378 2952 hodie
2402 2899 2472 2952 "°.
2514 2897 2780 2955 Peccator
2816 2910 2993 2955 autem
3025 2901 3231 2956 divitiis
3261 2901 3506 2968 afﬂuens.

1943 3000 2005 3041 se
2033 2988 2176 3042 bono
2207 2987 2312 3043 frui
2342 2989 2660 3044 arbitratur.
2695 2991 2762 3044 At
2789 2991 2956 3060 probe
2987 2993 3132 3058 novi,
3187 2995 3385 3065 inquit,
3431 2997 3510 3050 id—

1943 3091 2050 3147 que
2097 3086 2324 3135 caeteros
2371 3081 2560 3144 doceo,
2600 3083 2770 3136 multo
2811 3084 3239 3152 praestantiorem
3278 3088 3510 3155 justum,

1942 3173 2034 3242 qui
2067 3173 2445 3242 quotidianum
2479 3191 2508 3229 a
2552 3174 2660 3231 Deo
2690 3189 2883 3247 panem
2915 3180 3130 3250 accipit,
3161 3189 3509 3250 peccatorum

1943 3264 2152 3320 divitiis
2178 3281 2322 3321 esse.
2355 3265 2510 3332 Quod
2545 3267 2590 3323 si
2641 3283 2862 3324 causam
2893 3272 3251 3341 perconteris,
3297 3272 3508 3328 ediscat

1943 3355 2093 3420 licet,
2126 3356 2251 3426 quia
2289 3358 2378 3413 ille
2409 3360 2631 3428 quidem
2663 3364 2851 3431 paucis
2877 3369 3189 3425 contentus,
3223 3361 3508 3418 Dominum

1944 3447 2106 3503 habet
2149 3450 2241 3520 qui
2277 3450 2514 3505 animam
2563 3461 2617 3506 ct
2647 3452 2812 3507 vitam
2861 3454 2981 3522 ejus
3033 3455 3240 3516 fulciat.
3297 3455 3510 3526 ipsique

1944 3539 2234 3610 plusquam
2285 3556 2476 3597 omnes
2514 3543 2717 3598 divitiae
2751 3545 2982 3600 suﬂiciat
3011 3564 3023 3601 :
3078 3557 3131 3600 at
3164 3556 3508 3616 peccatorum

1943 3630 2170 3686 brachia
2200 3648 2308 3687 non
2339 3635 2562 3689 robusta
2611 3645 2852 3702 manent,
2885 3654 3061 3707 neque
3095 3639 3295 3693 divitia:
3322 3654 3509 3694 eorum

1947 3722 2117 3776 firma:
2166 3731 2332 3788 sunt;
2392 3741 2560 3794 prope
2589 3725 2729 3780 dicm
2756 3729 2899 3782 enim
2955 3736 3306 3782 conterentur
3353 3730 3508 3798 quasi

1945 3811 2094 3866 olera
2125 3813 2438 3878 herbarum,
2473 3824 2526 3868 et
2553 3823 2809 3886 tanquam
2840 3816 3023 3870 fenum
3049 3825 3322 3873 arescent.

2017 3984 2184 4046 Vsus.
2231 3990 2295 4044 18
2325 4020 2350 4030 -
2380 3988 2469 4044 20.
2522 3988 2682 4044 Novit
2736 3990 2992 4045 Dominus
3043 3993 3154 4046 vias
3205 3993 3509 4048 immacula-

1947 4091 2140 4145 tarum,
2179 4092 2227 4136 et
2276 4081 2556 4137 ha’reditas
2601 4098 2780 4136 eorum
2829 4082 2883 4134 in
2933 4090 3184 4136 trternum
3235 4083 3355 4136 erit.
3389 4081 3514 4137 Non

1945 4173 2333 4243 confundantur
2373 4175 2425 4226 in
2461 4184 2684 4242 tempore
2715 4174 2876 4238 malo,
2930 4182 2978 4226 et
3024 4174 3080 4227 in
3126 4173 3306 4227 diebus
3352 4174 3512 4244 famis

1947 4266 2350 4330 saturabuutur,
2381 4266 2503 4335 quia
2534 4274 2830 4333 peccatores
2858 4262 3119 4334 peribunt.
3151 4264 3289 4330 Quia
3322 4278 3512 4319 eorum

1947 4359 2040 4429 qui
2072 4358 2127 4411 in
2163 4357 2354 4412 dextro
2405 4357 2598 4411 ordine
2643 4365 2791 4424 sunt,
2823 4357 2875 4411 id
2927 4365 3010 4412 est
3055 4357 3349 4425 justorum,
3403 4367 3514 4412 non

1949 4450 2111 4506 modo
2156 4451 2324 4503 vitam
2361 4447 2515 4502 fulcit
2555 4447 2816 4502 Dominus
2841 4465 2861 4515 ;-
2909 4449 3002 4504 sed
3036 4449 3198 4502 etiam
3234 4449 3373 4512 dies,
3418 4448 3511 4518 qui

1949 4541 2099 4612 ipsos
2132 4542 2186 4595 iu
2223 4541 2406 4595 futuro
2437 4540 2637 4595 saeculo
2677 4546 3018 4609 exspectant,
3049 4550 3304 4592 accurate
3337 4541 3512 4601 novit,

1948 4643 2112 4704 atque
2163 4641 2408 4702 paratam
2444 4633 2552 4686 illis
2583 4631 2974 4692 hzercditatem,
3010 4630 3078 4684 de
3119 4645 3226 4700 qua
3261 4630 3515 4699 superius

1946 4727 2153 4782 dictum
2203 4733 2308 4780 est.
2361 4724 2542 4790 Quare
2593 4723 2906 4778 nocumenli
2956 4722 3093 4776 nihil
3141 4721 3331 4776 afferet
3382 4720 3516 4792 ipsis

1947 4817 2240 4889 praesentis
2271 4816 2396 4870 vitae
2443 4815 2684 4870 brevitas
2736 4828 2800 4866 an
2844 4813 3098 4877 tristitia,
3127 4820 3182 4868 et
3225 4811 3514 4882 pauperies

1945 4909 2240 4979 inopiaque
2280 4923 2442 4978 quam
2496 4921 2594 4977 pro
2641 4905 2870 4959 Domino
2915 4904 3146 4975 amplexi
3195 4911 3342 4960 sunt.
3376 4903 3511 4958 Nam

1946 5017 2136 5057 eorum
2167 4999 2431 5072 propositi
2468 5007 2523 5053 et
2553 4997 2851 5051 voluntatis
2887 4995 3203 5050 exercitatio
3246 4994 3345 5050 fuit
3378 4994 3515 5053 tole-

1947 5093 2146 5157 rantia,
2182 5107 2290 5164 qua
2337 5093 2392 5146 in
2443 5098 2672 5160 angusta
2728 5095 2990 5159 arctaque
3035 5088 3120 5143 via
3175 5086 3512 5151 incedentes,

1944 5185 2215 5257 promissa
2242 5191 2665 5253 consequentur.
2691 5179 2798 5236 Pro
2820 5181 2914 5234 illo
2945 5189 3146 5245 autem,
3174 5180 3334 5244 novit,
3363 5177 3517 5250 Sym-

1944 5278 2194 5340 machus,
2220 5274 2463 5345 praevidit
2487 5274 2744 5328 Dominus
2774 5271 2884 5327 dies
2916 5271 3401 5333 immaculatorum,
3434 5271 3516 5325 in-

1947 5377 2278 5440 terpretatus
2335 5377 2440 5423 est.
2501 5365 2771 5436 Aliudque
2830 5379 3084 5435 maguum
3133 5363 3334 5418 bonum
3379 5359 3516 5430 ipsis

1945 5462 2199 5518 Obveniet
2223 5477 2238 5528 ;
2267 5464 2389 5516 nam
2422 5461 2475 5514 in
2498 5471 2722 5528 tempore
2741 5458 2881 5513 malo
2905 5473 3008 5512 non
3037 5455 3444 5526 confundantur,
3465 5463 3516 5505 rt

1949 5557 2002 5610 in
2023 5554 2205 5612 diebus
2234 5553 2394 5626 famis
2418 5551 2819 5610 saturabuntur.
2849 5549 3047 5607 Malum
3078 5557 3315 5617 tempus,
3347 5545 3400 5600 id
3433 5557 3518 5600 est

3159 5825 3224 5900 £1
