4010 6560
502 386 599 435 33!

1211 380 1477 436 EUSEBII
1509 376 1987 433 CIESARIENSIS
2027 378 2068 432 0

2173 421 2175 429 ,
2222 374 2399 429 PARS
2434 373 2520 431 lli.
2562 408 2627 415 —
2662 374 3062 431 EXEGETICA.

3670 372 3791 427 53!

504 514 723 573 tempus
746 502 841 559 ira:
862 502 1125 559 adversus
1147 502 1362 571 impios,
1389 516 1497 571 quo
1521 499 1597 553 illi
1628 501 1847 570 quidem
1867 500 2068 570 justum

2184 514 2413 551 σονται.
2463 498 2667 569 Καιρδς
2704 498 2759 551 δὲ
2792 497 3029 569 πονηρός
3078 496 3223 549 ἐστιν
3268 496 3296 551 ὁ
3330 497 3429 565 τῆς
3475 494 3616 548 κατά
3664 495 3794 547 τῶν

506 596 893 666 Deijudieium
924 595 1314 664 experientur;
1363 594 1455 663 qui
1491 609 1621 648 vero
1661 594 1717 648 in
1766 592 1958 647 dextro
2000 607 2084 646 or-

505 688 633 743 dine
679 697 827 752 sunt,
882 688 1135 758 gloriam,
1191 686 1453 740 honorem
1504 695 1559 741 et
1617 685 2081 755 incorruptionem

506 780 851 844 obtinebunt,
891 786 947 833 ut
976 779 1068 849 qui
1110 778 1277 832 vitam
1311 785 1567 832 aeternam
1598 777 1935 848 quaesierint.
1970 775 2083 831 lmo

506 887 635 924 vero
662 879 868 926 statuto
902 880 1150 943 tempore
1183 871 1343 941 justi,
1376 870 1563 925 divino
1611 873 1871 925 alimento
1902 870 2079 940 potiti,

505 962 941 1025 saturabnntur;
979 970 1295 1032 peccatores
1338 968 1520 1015 autem
1554 960 1693 1014 fame
1742 969 1795 1014 et
1841 968 2082 1030 egestate

505 1053 846 1108 rationabilis
878 1054 986 1107 cibi
1029 1054 1305 1123 peribunt.
1338 1051 1471 1117 Quis
1514 1060 1692 1105 autem
1723 1052 1891 1106 oculis
1944 1068 2079 1105 con-

504 1146 801 1215 templatus
831 1146 1028 1215 impios
1060 1150 1152 1216 qui
1183 1160 1299 1200 :evo
1334 1152 1525 1198 nostro
1556 1159 1619 1197 ex
1652 1143 1882 1207 divitiis,
1911 1143 2079 1213 gloria

500 1246 552 1291 et
585 1239 943 1309 dignitatibus
980 1240 1033 1293 in
1068 1236 1432 1292 admiratione
1475 1236 1645 1297 fuere,
1684 1236 1738 1289 in
1773 1238 2079 1306 multasque

499 1334 688 1397 gentes
720 1328 1010 1396 imperium
1042 1328 1352 1390 obtinuere,
1383 1336 1608 1395 repente
1630 1326 1697 1379 ab
1726 1325 1827 1379 bac
1858 1326 2079 1379 celsitu-

498 1419 627 1473 tline
682 1418 887 1489 lapsos,
936 1435 1044 1473 non
1092 1418 1325 1474 fateatur
1378 1434 1564 1473 verum
1619 1432 1743 1472 esse
1794 1417 2076 1471 oraculum

501 1513 815 1579 lmjnsmodi
852 1534 865 1567 :
900 1512 1113 1567 Inimici
1150 1529 1267 1567 vero
1298 1511 1535 1574 Domini,
1570 1526 1690 1564 mox
1724 1520 1780 1563 ut
1822 1510 2078 1579 honoriﬁ-

498 1606 605 1657 δίιῑὶ
644 1608 857 1673 [uerunt
901 1615 949 1658 et
993 1604 1242 1669 exaltati,
1292 1605 1590 1673 deﬁcientes
1637 1601 2077 1675 quemadmodum

496 1695 677 1764 {unius
717 1697 1064 1766 defecerunt?
1110 1696 1315 1750 Fumus
1363 1696 1619 1751 exstincti
1670 1695 1813 1766 ignis
1860 1695 2074 1765 signum

494 1798 581 1843 est
606 1808 617 1841 :
650 1804 821 1857 quare
843 1789 897 1844 hi
921 1789 1013 1859 qui
1038 1799 1277 1859 tempore
1299 1804 1399 1843 suo
1424 1789 1681 1843 ardentes
1706 1789 1848 1857 ignis
1875 1787 2069 1851 instar,

2186 589 2399 643 ἀσεϐὦν
2434 590 2625 661 ὀργῆς.
2666 592 2725 642 ὲν
2766 583 2809 657 ᾧ
2854 592 2901 642 οἱ
2948 590 3047 659 μὲν
3093 588 3194 658 τῆς
3238 588 3635 659 δικαιοκρισίας
3676 586 3786 640 τοῦ

2186 678 2322 733 Θεοῦ
2350 682 2831 751 πειρασθήσονται,
2857 682 2904 734 οἱ
2931 681 2988 733 δὲ
3012 679 3105 732 τοῦ
3129 678 3303 745 δεξιοῦ
3339 683 3616 753 τάγματος
3642 682 3788 734 ἀπο-

2186 773 2459 843 λείψονται
2484 773 2640 838 δόξαν
2681 773 2775 825 καὶ
2802 772 2966 843 τιμὴν
2999 774 3093 826 καὶ
3123 774 3448 845 ἀφθαρσίαν,
3478 773 3784 845 ζητοῦντες

2185 864 2329 935 ζωὴν
2380 864 2617 919 αἰώνιον.
2672 867 2745 918 Οὐ
2784 866 2887 937 μὴν
2921 866 3055 919 ἀλλὰ
3104 868 3197 919 καὶ
3242 868 3383 921 κατὰ
3424 866 3515 919 τὸν
3556 866 3779 920 ἑστῶτα

2187 956 2395 1028 καιρὸν,
2424 958 2471 1009 οἱ
2520 957 2618 1026 μὲν
2650 958 2849 1012 δίκαιοι
2879 959 2978 1030 τῆς
3006 959 3188 1012 ἐνθέου
3220 959 3427 1031 τροφῆς
3467 958 3777 1011 ἀπολαῦον-

2183 1065 2273 1111 τες
2304 1048 2802 1121 χορτασθήσονται·
2844 1054 2891 1105 οἱ
2932 1052 2987 1105 δὲ
3018 1051 3330 1125 ἁμαρτωλοὶ
3367 1051 3509 1122 λιμῷ
3544 1052 3639 1104 καὶ
3682 1036 3777 1105 tv:-

2180 1139 2298 1210 δεία
2326 1140 2549 1212 λογικῆς
2587 1143 2793 1213 τροφῆς
2839 1143 3185 1197 ἀπολοῦνται.
3221 1144 3317 1208 Τίς
3357 1144 3415 1197 δὲ
3462 1142 3775 1213 ὀφθαλμοῖς

2182 1232 2513 1303 παραλαϐὼν
2544 1235 2669 1297 τοῦς
2700 1234 2823 1287 καθ’
2852 1236 2996 1306 ἡμᾶς
3020 1236 3237 1299 ἀσεϐεῖς
3270 1236 3483 1306 πλούτῳ
3518 1238 3612 1290 καὶ
3638 1236 3777 1310 δόξῃ

2182 1325 2276 1378 καὶ
2308 1324 2581 1395 ἀξιώμασι
2608 1326 3050 1399 θαυμασθέντας,
3089 1330 3337 1401 μεγάλων
3368 1347 3424 1382 τε
3458 1329 3626 1382 ὲθνῶν
3665 1329 3777 1401 ἆρ-

2182 1417 2395 1483 ξαντας.
2428 1419 2640 1489 ἀθρόως
2685 1422 3015 1485 ἐκπεσόντας
3056 1422 3151 1475 τοῦ
3197 1422 3507 1493 ὑψώματος,
3551 1422 3655 1474 οὐκ
3704 1422 3775 1474 ἂν

2178 1511 2565 1582 ὁμολογήσειεν
2609 1514 2784 1586 ἀληθῆ
2822 1516 3112 1585 τυγχάνειν
3148 1514 3208 1567 τὸ
3238 1515 3416 1585 φῆσαν
3450 1514 3625 1582 λόγιον
3647 1531 3665 1545 ο
3705 1516 3774 1567 Ol

2178 1602 2230 1655 δ’
2272 1604 2471 1671 ἐχθροὶ
2514 1605 2621 1658 τοῦ
2662 1606 2809 1659 Θεοῦ
2848 1607 2965 1676 ἅμα
3011 1606 3090 1671 τῷ
3135 1604 3505 1674 δοξασθῆναι
3537 1606 3775 1672 αὐτοὺς

2178 1694 2276 1748 καὶ
2298 1694 2625 1763 ἐπαρθῆναι
2651 1697 3002 1763 ἐκλιπόντες
3032 1698 3172 1751 ὡσεὶ
3203 1698 3432 1763 καπνὸς
3454 1696 3768 1760 ἐξέλιπον.

2180 1788 2401 1851 Καπνὸς
2428 1790 2484 1842 δὲ
2529 1790 2699 1861 πυρὸς
2732 1790 3049 1854 σϐεσθέντος
3079 1793 3302 1861 σημεῖον
3326 1806 3340 1818 ’
3384 1789 3464 1842 διὸ
3505 1790 3600 1843 καὶ
3647 1791 3776 1843 τοὺ-

492 1881 694 1937 deinde
713 1883 967 1938 exstincti
994 1888 1144 1946 sunt,
1170 1881 1419 1936 similiter
1453 1882 1505 1935 in
1538 1883 1844 1952 exemplum
1870 1882 2068 1935 haben-

2177 1898 2301 1944 τους
2328 1882 2502 1955 καιρῷ
2531 1881 2830 1951 φλὲξαντας
2862 1885 3031 1953 πυρὸς
3063 1883 3239 1954 δίκην.
3268 1882 3501 1937 κάπειτα
3532 1883 3777 1936 ἀποσϐε-

492 1979 604 2027 ιιιι.

569 2064 731 2131 \'£ns.
767 2066 857 2130 2|,
881 2066 971 2119 ‘29..
1016 2064 1299 2119 Mutantur
1342 2076 1600 2133 peccator,
1637 2078 1684 2121 et
1729 2083 1831 2121 non
1858 2066 2019 2121 solvet
2052 2083 2069 2119 :

492 2166 667 2211 iustus
719 2169 895 2212 autem
950 2160 1228 2213 miseretur
1256 2170 1303 2214 et
1359 2162 1569 2216 tribuet.
1627 2158 1720 2213 Ille
1760 2175 1883 2213 cum
1936 2159 2071 2212 nihil

492 2250 823 2317 possideret,
858 2251 1170 2321 multosque
1194 2266 1223 2303 a
1252 2252 1371 2304 viro
1395 2252 1547 2319 justo
1580 2251 1740 2305 utiles
1770 2251 2069 2306 salutares-

490 2357 600 2410 qne
628 2356 910 2396 sermones
942 2352 1134 2397 mutuo
1166 2346 1456 2412 acciperet,
1490 2352 1582 2395 aut
1607 2359 1637 2396 a
1664 2341 1770 2396 Deo
1789 2342 2069 2397 beneﬁciis

489 2444 805 2496 ornaretur,
830 2433 1073 2489 debitum
1098 2451 1206 2490 non
1234 2436 1415 2490 solvit.
1449 2433 1583 2487 Nam
1610 2433 1879 2503 adjutuni,
1906 2450 2070 2505 opor-

488 2525 597 2578 tuit
645 2539 810 2594 opera
858 2540 923 2579 ac
970 2532 1124 2595 gesta
1164 2526 1408 2594 acceptis
1454 2525 1617 2595 digna
1676 2524 1953 2579 exhibere.
2000 2524 2069 2577 At

488 2617 581 2672 ille
612 2632 721 2671 non
752 2617 935 2680 solvit,
974 2627 1267 2686 manetque
1290 2616 1516 2685 justitia:
1544 2617 1800 2686 operibus
1840 2631 2064 2671 vacuus.

486 2707 677 2763 Justus
710 2724 839 2763 vero
869 2708 1078 2763 divitiis
1105 2724 1226 2778 quae
1275 2707 1575 2763 secundum
1622 2706 1789 2761 Deum
1820 2716 1948 2762 sunt
1982 2707 2061 2761 af-

486 2801 686 2866 fluens,
724 2801 1021 2857 miseretur
1058 2812 1112 2856 et
1164 2800 1354 2855 tribuit
1401 2800 1704 2869 egentibus.
1760 2798 1865 2853 Sed
1905 2800 2067 2854 etiam

485 2892 579 2963 qui
626 2891 779 2962 justo
810 2892 1163 2956 benedicuut,
1210 2890 1331 2960 ejus
1377 2887 1689 2943 cohaeredes
1719 2898 1898 2944 erunt.
1932 2887 2067 2942 Eam

482 2987 630 3036 enim
658 2984 835 3052 ipsam
865 2998 1161 3052 supernam
1196 2979 1583 3043 hzereditatem,
1621 2980 1909 3048 quaajusto
1938 2994 2065 3049 pro-

484 3076 658 3130 missa
684 3076 811 3139 fuit,
846 3073 1529 3141 benedicentibusjustum
1559 3070 1721 3125 etiam
1753 3073 2062 3142 pollicetur.

484 3170 619 3235 Qua:
646 3175 958 3223 consonant
987 3168 1213 3222 oraculo
1257 3164 1528 3219 Abraham
1567 3166 1837 3233 spectanti
1887 3179 1951 3219 ac
1978 3165 2064 3219 di-
2092 3197 2133 3253 ρ

482 3260 629 3315 centi
659 3277 671 3311 :
705 3258 774 3312 Et
806 3259 1108 3313 benedicam
1142 3256 1496 3310 benedicentes
1527 3263 1573 3308 te
1596 3254 1661 3308 “.
1691 3252 1826 3309 Illud
1860 3266 2063 3324 autem,

484 3350 865 3405 Maledicenles
917 3359 1093 3403 autem
1143 3350 1192 3402 ei
1239 3347 1590 3417 disperibunt,
1634 3346 1789 3402 aliine
1827 3356 1912 3403 est
1942 3350 2067 3405 huic

486 3440 553 3495 ad
584 3441 959 3494 Abrahamum
1010 3440 1178 3502 dicto,
1216 3448 1264 3491 et
1296 3436 1725 3491 maledicentibus
1756 3439 1850 3493 tibi
1895 3440 2064 3493 male-

482 3533 745 3586 dicam".
781 3529 1250 3597 Quemadmodum
1277 3529 1421 3584 enim
1452 3532 1543 3601 qui
1580 3532 1811 3603 lapidem
1842 3546 2062 3585 sursum

482 3625 634 3692 jacit,
682 3624 762 3677 sic
809 3623 903 3693 qui
954 3621 1259 3677 maledictis
1287 3622 1496 3692 justum
1532 3625 1760 3695 impetit,
1796 3626 1923 3694 quia
1955 3641 2064 3681 non

485 3722 666 3784 potest
716 3715 869 3784 justo
910 3713 1262 3768 maledictum
1314 3714 1539 3780 hwrere,
1591 3724 1857 3770 retortum
1906 3716 1963 3770 in
2005 3731 2065 3771 se

483 3806 785 3862 maledicus
823 3806 1083 3876 excipiet.

552 4062 719 4118 Vens.
768 4064 860 4129 ‘25,
898 4064 988 4119 24.
1028 4064 1176 4134 Apud
1244 4063 1530 4119 Dominum
1571 4082 1783 4137 gressus
1834 4066 2061 4122 hominis

478 4156 795 4227 dirigentur.
826 4156 1032 4211 Praeter
1064 4172 1231 4226 supra
1267 4166 1587 4223 memorata,
1623 4159 1737 4213 haec
1769 4162 1932 4215 etiam
1964 4161 2061 4215 bo-

482 4248 614 4301 mini
646 4246 741 4301 Dei
778 4248 1018 4305 adsunt:
1054 4251 1171 4305 vias
1201 4250 1320 4319 ejus
1352 4249 1493 4306 Deus
1528 4254 1859 4322 complanat,
1900 4255 1973 4308 ita
2003 4264 2062 4309 ut

478 4343 591 4399 vita
640 4344 762 4413 ejus
815 4343 1049 4400 feliciter
1090 4347 1340 4401 elabatur
1370 4365 1381 4399 :
1416 4361 1480 4400 ac
1530 4348 1648 4401 sine
1681 4348 1791 4401 ullo
1829 4350 1985 4403 obice
2016 4351 2060 4404 is

478 4435 736 4505 religiose
772 4438 902 4506 agit,
955 4453 984 4491 a
1020 4439 1347 4508 nemineque
1388 4441 1797 4510 supplantatur,
1836 4450 2059 4512 propter

2176 1972 2416 2036 οθὲντας,
2444 1974 2641 2044 ὁμοίως
2670 1976 2726 2026 ὲν
2750 1974 2828 2045 τῷ
2859 1974 3257 2046 παραδείγματι
3283 1974 3382 2044 (1).

2243 2065 2568 2125 Δανείζεται
2596 2069 2628 2118 ό
2676 2066 3045 2135 ἁμαρτωλὸς,
3092 2067 3190 2119 καὶ
3237 2068 3350 2120 οὐκ
3386 2067 3699 2121 ἁποτίσεν
3737 2070 3775 2122 ὁ

2171 2153 2238 2207 δὲ
2270 2154 2499 2219 δίκαιος
2533 2156 2800 2222 εὶκτείρει
2839 2155 2935 2208 καὶ
2982 2154 3151 2208 διδοῖ.
3187 2156 3368 2226 Μηδὲν
3401 2158 3771 2228 κεκτημένος,

2172 2246 2319 2319 παρά
2352 2246 2444 2299 τοῦ
2480 2246 2685 2299 δικαίου
2716 2246 2974 2310 πολλάκις
3001 2247 3380 2319 δανειζόμενος
3404 2248 3597 2317 λόγους
3619 2250 3771 2319 ὠφε-

2170 2340 2359 2409 λίμους
2403 2339 2497 2391 καὶ
2541 2338 2863 2411 σωτηρίους,
2901 2340 2934 2409 ἢ
2970 2340 3120 2413 παρὰ
3150 2339 3245 2393 τοῦ
3273 2341 3408 2395 Θεοῦ
3438 2342 3771 2411 εὐεργεσίας

2170 2432 2472 2502 τυγχάνων,
2519 2433 2619 2485 οὐκ
2669 2432 2985 2486 ἀποτίννυσι
3025 2433 3123 2505 τὴν
3172 2434 3413 2505 ὀφειλὴν.
3460 2435 3589 2488 Δέον
3650 2436 3770 2509 γὰρ

2169 2522 2542 2592 ὠφεληθέντα,
2566 2522 2703 2594 ἔργα
2745 2524 2839 2576 καὶ⁵
2884 2524 3112 2596 πράξεις
3144 2528 3446 2597 παρασχεῖν
3488 2526 3646 2592 ἀξίας
3689 2521 3770 2579 ὦν

2168 2614 2413 2683 εἴληφεν.
2457 2615 2513 2667 '0
2548 2614 2605 2667 δὲ
2632 2615 2732 2668 οὐκ
2780 2616 3150 2678 άποτίννυσιν,
3197 2618 3351 2687 μένει
3394 2616 3450 2669 δὲ
3504 2617 3767 2688 ἄκαρπος

2166 2705 2276 2759 τῶν
2308 2706 2407 2777 τῆς
2436 2705 2783 2779 δικαιοσύνης
2823 2708 3018 2779 ἔργων.
3069 2710 3127 2762 Ὀ
3159 2708 3213 2762 δὲ
3250 2709 3476 2773 δίκαιος,
3508 2709 3768 2764 πλουτῶν

2168 2799 2227 2851 ὲν
2252 2797 2331 2869 τῷ
2368 2800 2508 2853 κατά
2537 2799 2669 2853 Θεὸν
2700 2800 2934 2872 πλούτῳ,
2968 2802 3228 2873 οἰκτείρει
3264 2802 3356 2855 καὶ
3384 2802 3616 2872 παρέχει
3640 2806 3768 2866 τοῖς

2166 2890 2460 2961 δεομένοις.
2507 2891 2664 2944 Ἀλλά
2689 2894 2785 2946 καὶ
2819 2895 2869 2945 οἱ
2894 2894 2984 2946 τὸν
3016 2894 3221 2947 δίκαιον
3246 2893 3594 2962 εὐλογοῦντες
3625 2910 3767 2963 συγ-

2168 2981 2493 3053 κληρονόμοι
2523 2981 2689 3035 αὐτοῦ
2731 2983 3071 3053 γενήσονται.
3110 2984 3213 3035 Ἢν
3243 2983 3351 3053 γὰρ
3390 2983 3769 3055 ἐπηγγείλατο

2166 3074 2445 3146 άνωτέραν
2476 3078 2587 3139 τοῖς
2616 3074 2845 3137 δικαίοις
2870 3074 3233 3146 κληρονομίαν
3276 3078 3301 3130 ὁ
3334 3076 3507 3144 λόγος,
3547 3076 3763 3150 ταύτην

2167 3164 2336 3237 αὐτὴν
2380 3165 2474 3218 καὶ
2522 3168 2634 3229 τοῖς
2681 3164 2963 3233 εὐλογοῦσι
3006 3166 3097 3219 τὸν
3143 3168 3349 3220 δίκαιον
3386 3169 3761 3239 ὑπισχνεῖται,

2169 3257 2480 3322 ἀκολούθως
2510 3258 2587 3328 τῷ
2628 3258 2763 3329 πρὸς
2794 3258 2887 3311 τὸν
2928 3258 3179 3330 Ἀϐραάμ
3211 3261 3442 3332 χρησμῴ
3482 3264 3756 3333 φήσαντι·

2168 3352 2277 3405 Καὶ
2310 3349 2624 3420 εὐλογήσω
2657 3350 2801 3416 τοὺς
2840 3352 3249 3421 εὐλογοῦντάς
3295 3367 3387 3406 σε.
3422 3354 3494 3405 Τὸ
3525 3355 3605 3418 δὲ,
3636 3358 3756 3410 Καὶ

2167 3444 2222 3494 οἱ
2260 3442 2659 3511 καταρώμενοι
2690 3442 2878 3495 αὐτὸν
2907 3443 3540 3511 ἐξολοθρευθήσονται,
3566 3446 3758 3515 ὅμοιον

2167 3531 2233 3586 ἂν
2268 3532 2354 3601 εἴη
2397 3530 2471 3601 τῷ
2500 3532 2814 3602 λελεγμένῳ
2844 3533 2981 3603 πρὸς
3012 3534 3101 3586 τὸν
3145 3532 3392 3603 Ἀϐραάμ
3412 3550 3425 3562 ·
3472 3532 3581 3587 Καὶ
3610 3534 3758 3601 τοὺς

2167 3622 2617 3690 καταρωμένους
2641 3639 2714 3676 σε
2738 3621 3167 3693 καταράσομαι.
3198 3624 3407 3695 Ὥσπερ
3434 3622 3539 3696 γάρ
3572 3627 3601 3678 ὁ
3630 3624 3757 3694 βάλ-

2166 3711 2273 3764 λων
2311 3711 2456 3764 λίθον
2496 3714 2573 3776 εἰς
2610 3713 2739 3782 ὕψος
2770 3715 2862 3765 ἐπὶ
2893 3716 2991 3785 τὴν
3031 3714 3270 3785 κεφαλὴν
3314 3716 3509 3769 ἑαυτοῦ
3541 3716 3753 3786 βάλλει,

2164 3802 2336 3867 οὕτως
2374 3806 2401 3857 ὁ
2433 3805 2700 3873 κατάραις
2731 3805 2939 3875 βάλλων
2965 3806 3055 3858 τὸν
3082 3805 3311 3870 δίκαιον,
3340 3806 3426 3860 διά
3452 3808 3513 3860 τὸ
3544 3809 3619 3880 μὴ
3651 3809 3751 3863 δύ-

2166 3895 2361 3949 νασθαι
2390 3898 2633 3967 κατάραν
2662 3896 2911 3950 ἵστασθαι
2933 3899 3053 3951 κατ’
3080 3897 3267 3962 αὑτοῦ,
3290 3899 3753 3971 ἀντιστρέφουσαν

2163 3987 2332 4058 αὐτὴν
2362 3988 2441 4051 εἰς
2462 3988 2652 4040 ἑαυτὸν
2685 3988 2933 4057 λήψεται.

2232 4077 2397 4145 Παρὰ
2425 4078 2647 4144 Kvplov
2692 4078 2765 4131 τὰ
2813 4077 3142 4149 ὃιαϐήματα
3190 4080 3505 4149 ἀνθρώπου
3542 4098 3752 4137 κατευ-

2164 4172 2420 4225 θύνεται.
2462 4170 2606 4242 Πρὸς
2651 4174 2764 4236 τοῖς
2810 4174 3121 4244 εἰρημένοις
3165 4176 3257 4228 καὶ
3298 4174 3469 4228 ταῦτα
3513 4176 3748 4248 ὑπάρχει

2160 4261 2238 4334 τῷ
2264 4263 2358 4316 τοῦ
2392 4264 2526 4316 Θεοῦ
2569 4263 2873 4334 ἀνθρώπῳ·
2912 4266 3008 4329 τάς
3047 4267 3199 4330 ὁδοὺς
3226 4266 3391 4320 αὑτοῦ
3437 4268 3745 4339 ἐξομαλίζει

2160 4357 2187 4408 ὁ
2221 4354 2370 4418 Θεὸς,
2401 4353 2541 4407 ὥστε
2592 4356 2800 4426 εὑροεῖν
2835 4357 3000 4411 αὑτοῦ
3032 4357 3123 4409 τὸν
3153 4358 3287 4427 βίον,
3329 4360 3423 4411 καὶ
3454 4361 3745 4429 ἀπαραποσ

2159 4443 2353 4507 δίστως
2404 4445 2695 4511 θεοσεϐεῖν,
2744 4448 2973 4518 μηδενὸς
3029 4449 3472 4514 ὑποσκελίζοντος
3518 4450 3606 4504 διὰ
3651 4449 3744 4501 τὸν

476 4545 601 4583 cum
628 4531 720 4600 qui
744 4547 967 4602 gressus
990 4533 1112 4602 ejus
1135 4532 1343 4605 dirigit,
1373 4544 1422 4588 et
1446 4537 1586 4588 viam
1615 4540 1728 4605 ejus
1753 4538 1905 4604 volet,
1930 4539 2057 4608 quia

2173 4535 2563 4589 κατευθύνοντα
2609 4538 2773 4591 αὑτοῦ
2823 4540 2891 4591 τὰ
2928 4539 3260 4611 διαδήματα,
3307 4542 3405 4594 καὶ
3447 4540 3560 4607 τὴν
3598 4540 3744 4595 6645s-

476 4622 627 4679 tllatu
658 4624 1053 4694 approbatione
1082 4626 1303 4697 dignam
1336 4637 1491 4697 parat
1518 4645 1532 4692 ;
1570 4630 1641 4680 ita
1671 4636 1730 4682 ut
1761 4627 1881 4683 ideo
1908 4630 2057 4684 dica~

472 4721 588 4782 tur,
614 4726 664 4767 et
696 4716 831 4768 tiam
859 4716 975 4786 ejus
1002 4718 1156 4773 volet.
1184 4716 1316 4773 Cum
1344 4719 1588 4773 ceciderit
1614 4737 1715 4774 non
1757 4722 2055 4787 collidetur,

474 4808 598 4875 quia
653 4806 911 4863 Dominus
956 4813 1198 4880 supponit
1238 4828 1453 4869 manum
1499 4830 1673 4869 suam.
1730 4812 1787 4867 Si
1840 4816 2058 4885 quando

475 4898 759 4969 contingat
795 4916 919 4955 eum
950 4904 1057 4957 labi
1094 4914 1147 4957 et
1177 4903 1231 4957 in
1264 4906 1568 4967 tentatione
1593 4907 1812 4972 cadere,
1844 4923 1907 4961 ac
1957 4910 2059 4962 im-

475 4990 787 5059 pingentem
818 4992 872 5046 in
910 5004 1192 5064 peceatum
1218 4996 1517 5066 quodpiam
1548 5014 1726 5061 ruere,
1760 5014 1869 5053 non
1902 5000 2057 5053 colli-

475 5080 638 5137 detur
684 5090 908 5151 tamen;
940 5087 1034 5141 sed
1070 5096 1128 5141 ut
1167 5104 1471 5159 generosus
1511 5090 1735 5152 athleta,
1783 5106 1907 5144 eum
1945 5092 2054 5145 vim

476 5187 773 5243 perpessus
802 5176 1145 5248 aliquantum
1177 5183 1429 5245 cesserit,
1471 5181 1761 5237 confestim
1811 5198 1930 5239 sese
1969 5200 2056 5240 reo

474 5264 661 5337 cipiet.

545 5438 713 5496 Vens.
745 5442 838 5506 25,
874 5443 967 5499 26.
1022 5444 1216 5498 Iunior
1259 5444 1359 5507 fui,
1407 5445 1597 5497 etenim
1645 5448 1813 5513 senui,
1864 5458 1910 5503 et
1950 5467 2051 5505 non

472 5536 577 5589 ridi
605 5536 820 5606 justum
847 5537 1177 5602 derelictum,
1209 5554 1301 5591 nec
1329 5554 1500 5593 semen
1532 5538 1649 5610 ejus
1679 5557 1917 5612 qumrcns
1957 5561 2053 5615 po-

541 5693 583 5725 “
625 5691 763 5750 Gen.
800 5710 900 5759 xu,
937 5695 992 5751 5.
1068 5695 1113 5726 ⁷¹
1156 5694 1286 5750 ibid.

541 5840 619 5910 (ι)
660 5837 864 5897 Textus
891 5840 1121 5897 deﬁcere
1152 5843 1380 5899 videtur.

2165 4626 2350 4680 αὑτοῦ
2380 4628 2627 4694 θελήσει
2647 4670 2660 4692 ,
2692 4630 2962 4700 ἀποδοχῆς
2990 4631 3146 4695 ἀξίαν
3179 4630 3461 4683 ποιοῦντα·
3496 4631 3635 4683 ὥστε
3656 4630 3743 4684 λέ-

2164 4718 2377 4787 γεσθαι,
2410 4720 2515 4773 Καὶ
2552 4720 2667 4786 τὴν
2690 4720 2833 4775 ὁδὸν
2862 4721 3047 4775 αὐτοῦ
3086 4721 3348 4789 θελήσει.
3386 4724 3560 4774 Ὅταν
3581 4722 3741 4791 πέσῃ

2164 4814 2235 4865 οὺ
2290 4813 2878 4882 καταρῤαχθήσεται,
2940 4814 3025 4868 ὅτι
3056 4815 3275 4881 Κύριος
3350 4812 3743 4882 ἀντιστηρίζα

2166 4900 2333 4970 χεῖρα
2372 4904 2580 4958 αὑτοῦ.
2611 4905 2673 4957 Εἰ
2716 4904 2771 4957 δὲ
2816 4905 2909 4957 καί
2960 4908 3146 4957 πεσεῖν
3176 4904 3335 4957 αὐτόν
3366 4920 3493 4957 ποτε
3523 4903 3741 4973 ὀλισθή-

2167 5007 2334 5044 σαντα
2382 4997 2584 5066 συμϐῇ,
2630 4997 2724 5049 καὶ⁵
2760 4998 2817 5048 ὲν
2871 4997 3159 5067 πειρασμῷ
3208 4998 3495 5067 γενόμενος
3529 4995 3743 5067 ὀλισθή-

2166 5102 2326 5151 σειεν,
2373 5088 2609 5151 ὀκλάσας
2640 5106 2698 5141 τε
2751 5089 3014 5142 ῦποπέσοι
3053 5089 3159 5143 τινί
3211 5091 3584 5162 ἁμαρτήματι,
3625 5088 3740 5141 ἀλλ’

2163 5178 2222 5229 οὑ
2260 5179 2773 5250 καταρῤαχθήσεται
2796 5198 2809 5210 ⁸
2860 5176 2948 5233 οἷα
2992 5181 3049 5235 δὲ
3082 5185 3325 5250 γενναῖος
3373 5180 3610 5250 ἀθλητὴς
3643 5180 3739 5232 ὲκ-

2165 5268 2405 5334 ϐιασθεὶς
2446 5272 2539 5324 καὶ
2569 5271 2702 5342 πρὸς
2730 5272 2905 5341 ὀλίγον
2936 5271 3141 5335 ἐνδοὺς,
3178 5270 3517 5343 παραχρῆμα
3546 5269 3739 5322 ἑαυτὸν

2162 5363 2514 5435 ἀναλήψεται.

2232 5454 2528 5523 Νεώτερος
2585 5457 2899 5527 ἐγενόμην,
2964 5458 3058 5511 καὶ
3118 5456 3227 5527 γὰρ
3279 5454 3566 5526 ἐγήρασα,
3637 5454 3733 5505 καὶ

2162 5550 2274 5603 οὐκ
2296 5544 2459 5603 εἶδον
2488 5548 2720 5604 δικαιον
2768 5547 3416 5620 ἐγκαταιελειμμένον,
3470 5544 3612 5603 οὐδὲ
3669 5548 3733 5598 τὸ
