4010 6528
263 369 366 423 555

1389 364 1888 421 COMMENTARIA
1931 366 1997 420 IN
2038 364 2374 421 PSALMOS.
3416 366 3495 419 εδ.

267 487 502 556 σπέρμα
533 486 957 555 αὐτουῐὴῖοῦν
1012 488 1249 557 ἄρτους.
1319 488 1455 540 Ἀλλ’
1520 492 1581 542 ἐκ
1639 490 1831 541 παίδων

1943 506 2053 545 nes.
2096 490 2137 542 Α
2167 504 2375 559 puero,
2420 488 2628 558 inquit,
2683 487 2748 542 ad
2804 492 3137 543 senectutem
3168 501 3342 557 usque
3382 486 3521 555 justi

264 580 424 651 μέχρι
492 581 678 651 γήρως
743 580 836 633 τὸν
903 579 998 633 τοῦ
1060 580 1269 633 δικαίου
1332 582 1835 653 περιεργασάμενος

266 671 399 741 βίον.
436 671 556 724 Ὀτι
584 670 702 724 οὐδὲ
730 665 809 735 εἷς
844 670 1031 740 γέγονε
1058 672 1245 743 καιρὸς
1278 670 1398 724 καθ’
1422 672 1481 724 ὃν
1513 671 1716 744 ἔρημος
1742 691 1836 726 καο

266 762 610 817 ταλέλειπται
652 766 681 816 6
729 761 953 825 δίκαιος,
984 746 1070 815 ἀεὶ
1119 763 1174 815 δὲ
1208 762 1474 833 πάρεδρον
1521 765 1609 818 καὶ
1645 764 1837 836 βοηθὸν

266 856 527 927 κέκτηται
572 854 662 907 τὸν
692 853 884 907 ἑαυτοῦ
925 854 1144 923 Κύριον.
1178 852 1266 905 Διό
1300 870 1491 922 φησιν·
1542 854 1836 923 Νεώτερος

262 948 572 1017 ἐγενόμην,
606 946 639 1017 ἦ
684 946 822 999 κατὰ
861 945 950 999 τὸν
982 945 1296 1016 Σύμμαχον,
1345 945 1482 1011 νέος
1522 946 1833 1016 ἐγενόμην,

259 1041 417 1096 ἀλλὰ
467 1040 563 1093 καὶ
592 1038 878 1109 ἐγήρασα,
914 1038 1009 1091 καὶ
1041 1041 1152 1092 οὐκ
1192 1034 1354 1090 εἶδον
1396 1037 1627 1091 δίκαιον
1664 1040 1837 1107 ἐγκα-

260 1131 745 1202 ταλελειμμένον,
792 1131 934 1185 οὐδὲ
986 1132 1050 1183 τὸ
1106 1131 1343 1200 σπέρμα
1390 1132 1576 1186 αὐτοῦ
1624 1130 1837 1199 ζητοῦν

259 1226 499 1293 ὰρτους.
532 1225 639 1277 Καὶ
668 1222 784 1286 πῶς
822 1222 931 1293 γὰρ
959 1217 1069 1276 οἷόν
1100 1241 1157 1276 τε
1191 1219 1257 1293 ἦν
1287 1223 1346 1276 τὸ
1392 1225 1611 1295 σπέρμα
1639 1224 1733 1276 τοῦ
1759 1226 1836 1277 δι-

260 1315 416 1369 καίου
466 1315 643 1378 ἐνδεὲς
686 1314 865 1383 ἄρτων
914 1313 1183 1381 γενέσθαι,
1219 1314 1380 1367 ὁπότε
1426 1315 1586 1375 αὐτὸς
1629 1314 1716 1367 διὰ
1746 1315 1835 1367 τὶν

258 1409 410 1479 παρὰ
458 1408 550 1461 τοῦ
598 1407 732 1461 Θεοῦ
781 1407 1184 1479 χορηγούμενον
1235 1408 1381 1478 αύτῷ
1410 1407 1637 1461 πλοῦτον
1681 1408 1835 1474 ὅλην

258 1501 372 1569 τὴν
413 1500 639 1571 ἡμέραν
677 1501 839 1555 ἐλεεῖ
870 1502 966 1555 καὶ
999 1499 1286 1564 δανείζει;
1319 1502 1552 1573 Νοήσεις
1595 1501 1651 1554 δὲ
1678 1501 1835 1554 τοῦτο

257 1596 398 1647 κατὰ
445 1595 545 1664 μὲν
573 1593 669 1665 τὴν
700 1594 939 1647 διάνοιαν
992 1592 1199 1665 μαθὼν,
1234 1595 1337 1657 ὅτι,
1378 1594 1615 1647 τάλαντα
1654 1592 1833 1646 λαϐὼν

256 1686 409 1757 παρὰ
439 1686 533 1741 τοῦ
568 1687 943 1741 οἰκοδεσπότου
983 1688 1077 1740 καὶ
1121 1687 1220 1757 τὴν
1256 1688 1391 1757 μνᾶν
1425 1688 1524 1758 τὴν
1559 1686 1708 1757 παρὰ
1740 1686 1832 1739 τοῦ

1938 582 2103 634 vitam
2133 580 2373 635 studiose
2400 580 2662 651 perpendi
2690 598 2702 635 :
2750 579 2898 633 nullo
2922 579 3133 649 quippe
3162 586 3405 649 tempore
3430 578 3521 647 ju-
3584 628 3591 631 η,

1939 681 2060 727 stus
2086 672 2374 731 deseritur,
2406 673 2498 726 sed
2534 670 2821 725 Dominum
2874 686 3032 725 suum
3077 685 3292 740 semper
3335 681 3524 725 astan-
3580 652 3587 659 ”

1938 773 2046 819 tem
2075 766 2569 834 opitulatoremque
2596 763 2782 819 habet.
2816 762 2996 828 Quare
3040 764 3148 825 ait,
3184 763 3371 832 junior
3410 763 3519 833 fuit,

1938 858 2052 912 sive
2082 857 2384 912 secundum
2420 856 2827 928 Symmachum,
2856 856 3065 925 juvenis
3088 855 3188 925 fui,
3217 855 3306 909 sed
3333 858 3519 922 senui,

1934 958 1985 1003 et
2008 967 2110 1003 non
2143 950 2247 1004 vidi
2270 949 2480 1019 justum
2508 947 2851 1012 derelictum,
2886 964 2976 1000 nec
3021 963 3195 1000 semen
3224 947 3343 1016 ejus
3378 964 3523 1017 quae-

1936 1057 2055 1094 rens
2083 1057 2265 1105 panes.
2300 1039 2365 1092 Et
2392 1038 2507 1109 qui,
2540 1053 2748 1108 quaeso,
2774 1046 2955 1107 potest
2980 1036 3117 1106 justi
3148 1052 3334 1092 semen
3364 1052 3524 1107 egere

1936 1134 2192 1204 panibus,
2224 1132 2446 1204 quando
2484 1132 2621 1201 ipse,
2676 1130 2786 1186 Deo
2830 1131 3052 1185 divitias
3095 1130 3199 1185 sibi
3254 1130 3524 1186 submini-

1934 1235 2165 1290 strante,
2202 1236 2313 1280 tota
2337 1224 2422 1277 die
2448 1224 2727 1277 miseretur
2755 1231 2804 1277 et
2835 1224 3181 1277 commodat?
3210 1221 3335 1277 Haec
3360 1237 3524 1292 porro

1936 1320 2208 1390 intelligas
2258 1333 2320 1371 ac
2355 1324 2537 1372 mente
2586 1315 2877 1386 percipias,
2914 1316 2958 1371 si
2992 1315 3285 1371 cdidiceris
3342 1316 3523 1385 ipsum

1933 1427 2057 1466 cum
2081 1411 2283 1466 talenta
2312 1425 2341 1463 a
2366 1408 2778 1479 patrefamilias,
2809 1415 2863 1462 et
2896 1423 3077 1462 mnam
3109 1423 3139 1462 a
3174 1406 3406 1461 Domino
3432 1421 3527 1461 ac-

1933 1503 2197 1572 cepisset,
2231 1502 2299 1556 iis
2328 1502 2396 1555 ad
2430 1500 2861 1571 negotiationem
2898 1516 3057 1555 usum
3091 1515 3248 1560 esse,
3294 1498 3525 1553 Domino

1933 1594 2399 1664 obtemperantem
2444 1593 2519 1646 ita
2549 1593 2794 1663 loquenti
2824 1613 2835 1647 :
2876 1593 3124 1663 Oportuit
3159 1600 3206 1646 te
3246 1592 3524 1661 pecuniam

1936 1702 2103 1741 nteant
2120 1686 2313 1755 jecisse
2343 1685 2412 1737 ad
2442 1701 2677 1737 mensam
2701 1685 2765 1738 ⁷³.
2802 1683 3029 1754 Eloquia
3052 1683 3287 1749 Domini,
3316 1684 3524 1755 eloquia

256 1781 484 1852 Κυρίου,
527 1784 592 1852 τῇ
638 1781 841 1835 τούτων
887 1782 1085 1853 χρῆται
1127 1781 1483 1851 πραγματείᾳ
1523 1780 1831 1853 πειθαρχῶν

1935 1788 2108 1840 casta,
2128 1787 2400 1847 argentum
2423 1777 2540 1845 igne
2570 1777 2955 1840 examinatum,
2980 1776 3261 1845 probatum
3283 1786 3437 1831 terra:
3455 1778 3522 1831 ⁷⁸.

254 1871 331 1942 τῷ
347 1849 590 1943 ⁷φήσαντι.
610 1890 622 1902 ·
657 1872 812 1926 Ἔδει
843 1849 1011 1926 σὲτὸ
1042 1849 1327 1941 ἀργύριόν
1358 1849 1477 1941 μοι)
1499 1849 1720 1937 ,βαλεῖν
1749 1849 1831 1939 εὶς

1939 1870 2202 1940 Quisquis
2233 1869 2400 1940 igitur
2422 1868 2591 1923 divini
2628 1870 2899 1924 sermonis
2923 1872 3187 1925 exercitio
3219 1871 3522 1933 incumbit,

254 1962 565 2031 τράπεζαν.
617 1964 693 2019 Τὰ
738 1966 913 2034 λόγια
954 1966 1175 2032 Κυρίου
1211 1966 1388 2033 λόγια
1433 1965 1606 2034 ἁγνὰ,
1655 1965 1838 2034 ἀργύ-

255 2073 388 2122 ριον
439 2055 887 2125 πεπυρωμένον,
936 2055 1210 2125 δοκίμιον
1252 2055 1326 2124 τῇ
1380 2055 1477 2125 τῇ.
1533 2058 1590 2109 '0
1658 2058 1836 2111 τοίνυν

255 2149 613 2220 ἀνακείμενος
644 2152 710 2220 τῇ
740 2149 849 2202 τῶν
877 2149 1035 2203 θείων
1066 2152 1297 2221 ἀσκήσει
1323 2150 1517 2219 λόγων,
1544 2152 1636 2204 καὶ
1667 2151 1837 2205 πολλὰ

256 2241 447 2310 λογικὰ
474 2242 731 2313 χρήματα
760 2226 1100 2311 συναγαγὼν,
1126 2243 1277 2297 οὐδὲν
1310 2242 1497 2315 ἕτερον
1524 2240 1631 2297 οἶδε
1663 2245 1835 2316 πράτ-

254 2350 386 2396 τειν,
418 2333 449 2404 ἢ
478 2333 565 2386 διὰ
588 2333 766 2403 πάσης
796 2334 1007 2407 ἡμέρας
1049 2334 1218 2387 ἐλεεῖν
1246 2335 1340 2388 καὶ
1367 2334 1652 2400 δανείζειν.
1677 2335 1833 2389 Κατὰ

252 2426 310 2480 δὲ
353 2426 446 2478 τὸν
496 2425 747 2489 Ἀκύλαν,
783 2426 937 2494 ὅλην
980 2425 1096 2493 τὴν
1143 2426 1374 2496 ἡμέραν
1418 2427 1685 2495 δωρεῖται
1733 2428 1832 2482 καὶ

250 2517 527 2577 δανείζὲι·
569 2521 683 2581 τοῖς
729 2519 825 2589 μὲν
866 2519 1139 2589 δωρεῖται,
1182 2522 1296 2582 τοῖς
1341 2519 1397 2572 δὲ
1438 2519 1708 2584 δανείζει·
1762 2521 1831 2574 τὰ

254 2611 353 2681 μὲν
376 2610 619 2681 δόγματα
659 2610 990 2681 θεωρήματα
1027 2610 1279 2681 δωρεῖται
1303 2613 1422 2674 ταῖς
1455 2609 1564 2663 τῶν
1592 2611 1833 2684 χωρούν-

251 2718 360 2755 των
387 2704 613 2773 ψυχαῖς·
650 2702 718 2756 τὰ
757 2703 799 2755 δ’
829 2706 887 2757 ὲν
930 2703 1148 2772 ⁴ἰνιθικαῖς
1177 2703 1419 2765 ἐντολαῖς
1460 2703 1713 2767 δανείζει,
1740 2707 1832 2758 ἐπὶ

250 2793 331 2865 τῷ
374 2795 498 2859 τοὺς
535 2794 822 2865 εἰληφότας
853 2794 917 2848 δι’
963 2794 1139 2867 ἔργων
1167 2795 1258 2848 τὸν
1290 2796 1499 2863 καρπὸν
1542 2796 1832 2850 ἀποδοῦναι

250 2886 346 2941 τοῦ
373 2887 582 2950 δάνους.
627 2887 815 2951 Οὕτως
842 2886 1045 2959 ἀκούσῃ
1073 2888 1167 2941 καὶ
1192 2888 1472 2951 Μωῠσέως
1502 2889 1833 2957 ἐπαγγελλο-

251 2980 414 3051 μένου
459 2982 571 3043 τοῖς
608 2978 715 3033 τῶν
758 2979 915 3033 θείων
965 2979 1144 3050 νόμων
1189 2978 1442 3047 φύλαξιν·
1484 2979 1564 3043 τὸ,
1606 2981 1833 3045 Δανιεῑς

246 3071 453 3125 ἔθνεσι
500 3072 771 3138 πολλοῖς,
816 3072 897 3125 σὺ
930 3070 997 3124 δὲ
1030 3074 1103 3125 οὐ
1136 3070 1343 3124 δανιεῖ.
1376 3073 1486 3125 Καὶ
1528 3072 1716 3125 τοῦτόν
1766 3088 1830 3140 γε

244 3165 340 3218 τὸν
379 3166 579 3237 τρόπον
611 3168 661 3218 οί
697 3165 829 3219 θεῖοι
865 3164 1153 3219 ἀπόστολοι
1190 3164 1459 3229 ὲδάνειζον
1489 3165 1667 3218 ἔθνεσι
1698 3166 1829 3219 πολε
1857 3196 1900 3255 C

243 3259 380 3325 λοῖς,
412 3259 509 3313 καὶ
538 3259 772 3330 μάλιστὰ
797 3275 861 3327 γε
892 3260 920 3311 ό
951 3258 1185 3321 Παῦλος·
1224 3259 1316 3311 καὶ¹
1345 3257 1432 3310 διὰ
1462 3257 1618 3311 τοῦτο
1652 3258 1702 3311 οἱ
1729 3277 1830 3328 μα-

244 3350 598 3422 θητευόμενοι
626 3352 827 3417 αὐτοῖς.
853 3352 1073 3423 σπέρμα
1091 3351 1242 3414 ὄντες
1262 3350 1462 3413 αὐτῶν,
1489 3350 1829 3404 ούδεπώπατε

244 3441 449 3505 ἐνδεεῖς
477 3436 615 3511 ἦσαν
646 3443 826 3512 ἄρτων
849 3458 864 3473 ο
901 3441 995 3495 ἆτε
1030 3440 1095 3511 δὴ
1135 3440 1347 3510 ἔχοντες
1376 3441 1504 3505 τοὺς
1532 3442 1831 3512 χορηγούν-

243 3550 349 3597 τας
388 3534 569 3596 αὐτοῖς
613 3532 711 3603 τὴν
759 3532 982 3602 λογικὴν
1021 3531 1246 3603 τροφὴν,
1280 3526 1348 3602 ἧς
1391 3531 1832 3602 μεταλαμϐάνον-

239 3643 360 3691 τες,
413 3624 686 3694 εὐλογίαις
732 3624 1084 3696 ἐπληροῦντο.
1138 3624 1228 3676 Διὸ
1276 3624 1556 3678 λέλεκται·
1605 3626 1713 3678 Καὶ
1763 3624 1831 3678 τό

240 3717 487 3787 σπέρμα
523 3717 709 3772 αὐτοῦ
738 3719 825 3783 είς
863 3717 1146 3786 εὐλογίαν
1188 3715 1381 3769 ἔσται.
1411 3718 1523 3770 Καὶ
1566 3716 1706 3769 κατὰ
1743 3718 1832 3786 ψι-

237 3810 345 3881 λὴν
376 3810 431 3863 δὲ
468 3810 566 3881 τὴν
594 3808 757 3873 λέξιν,
791 3808 957 3872 εἴτις
996 3807 1273 3877 λογίσαιτο
1308 3810 1457 3871 ὅπως
1501 3808 1716 3881 εἴρηται
1754 3809 1831 3879 τῷ

239 3903 461 3973 Σωτῆρι
497 3902 578 3964 τὸ,
610 3903 718 3956 Καὶ
753 3900 823 3954 ἐν
851 3901 930 3967 τῷ
955 3900 1119 3954 αἰῶνι
1153 3902 1342 3967 τούτῳ
1387 3902 1831 3955 ἑκατονταπλα-

239 3995 426 4048 σίονα
451 3992 728 4062 λήψεται,
760 3993 941 4065 ἔργοις
984 4010 1045 4045 τε
1090 3994 1273 4056 αὐτοῖς
1307 3993 1561 4047 θεάσαιτο
1593 3994 1829 4067 πληρού-

244 4103 410 4159 μενον
443 4087 535 4139 τὸν
577 4086 733 4155 λόγον
784 4087 873 4139 διὰ
921 4085 1028 4139 τῶν
1082 4086 1247 4140 αὑτοῦ
1316 4087 1593 4157 μαθητῶν,
1640 4088 1828 4158 ὄψεται

238 4177 368 4239 πῶς
389 4179 417 4230 6
440 4177 645 4240 δίκαιος
669 4176 796 4247 ὃλην
830 4177 926 4249 τὴν
952 4178 1163 4249 ἡμέραν
1188 4178 1329 4230 ἐλεεῖ
1356 4179 1449 4231 καί⁵
1476 4178 1728 4241 δανείζει.
1765 4180 1828 4231 Et

238 4267 356 4338 γὰρ
385 4267 603 4320 πάντων
630 4266 739 4321 τῶν
770 4268 1133 4322 πιστευόντων
1158 4263 1226 4338 ἦν
1253 4270 1286 4337 ὴ
1331 4267 1477 4339 ψνχὴ
1511 4270 1605 4322 καὶ
1632 4271 1665 4339 ἡ
1694 4287 1829 4341 καρ-

236 4358 333 4410 δία
387 4357 504 4429 μία,
561 4359 655 4412 καὶ
697 4359 869 4422 οὐδεὶς
920 4358 1105 4427 ἔλεγεν
1150 4358 1279 4412 ἴδιόν
1318 4377 1370 4412 τι
1423 4360 1617 4413 ἑαυτοῦ
1665 4356 1824 4422 εἶναι,

237 4450 360 4505 ἀλλ’
395 4446 465 4522 ἦν
488 4451 665 4505 πάντα
706 4456 879 4513 κοινά,
906 4454 1019 4506 ὅσοι
1054 4471 1112 4506 τε
1145 4449 1286 4525 ἦσαν
1317 4452 1497 4524 κύριοι
1528 4454 1825 4525 κτημάτων

1938 1962 2248 2030 multasque
2301 1958 2655 2023 rationabiles
2698 1959 2919 2015 divitias
2977 1961 3223 2032 colligit,
3280 1960 3327 2016 is
3381 1961 3519 2016 nihil

1938 2054 2086 2107 aliud
2118 2068 2279 2123 agere
2314 2053 2494 2115 novit,
2535 2068 2697 2124 quam
2729 2061 2790 2106 ut
2819 2061 2934 2107 tota
2961 2054 3049 2108 die
3098 2055 3426 2110 misereatur
3469 2063 3525 2110 et

1936 2144 2267 2199 commodet.
2298 2142 2609 2198 Secundum
2658 2142 2912 2213 Aquilam
2951 2161 3082 2200 vero
3106 2186 3121 2209 .
3169 2156 3280 2201 tota
3312 2146 3396 2200 die
3428 2147 3522 2201 dat

1934 2247 1983 2290 et
2016 2235 2352 2290 commodat:
2380 2236 2504 2290 aliis
2542 2235 2762 2306 quidem
2818 2236 2911 2291 dat
2938 2277 2952 2301 ,
3002 2238 3124 2293 aliis
3157 2245 3340 2293 autem
3372 2254 3525 2293 coni-

1934 2328 2156 2395 modat;
2190 2328 2444 2400 dogmata
2474 2328 2540 2382 ad
2590 2330 3020 2399 speculationem
3067 2330 3161 2385 dat
3192 2331 3260 2387 iis
3287 2337 3520 2402 quorum

1933 2434 2165 2490 capaces
2197 2421 2392 2475 anima:
2422 2428 2580 2486 sunt;
2618 2422 2845 2475 moralia
2885 2430 3154 2493 prmcepta
3183 2423 3518 2484 commodat,

1934 2523 1994 2568 ut
2027 2515 2120 2584 qui
2155 2514 2508 2583 acceperint,
2571 2522 2763 2569 mutuo
2801 2516 3014 2585 accepti
3071 2516 3309 2571 fructum
3342 2517 3525 2586 operi-

1932 2607 2035 2663 bus
2064 2607 2315 2663 reddant.
2355 2607 2447 2663 Sic
2476 2608 2669 2663 audias
2704 2606 2942 2678 Moysem
2985 2608 3294 2662 divinarum
3341 2610 3520 2678 legum

1931 2700 2236 2755 cultoribus
2300 2700 2406 2755 hoc
2466 2702 2813 2770 pollicentem
2854 2720 2867 2755 :
2918 2700 3230 2755 Fcenerabis
3278 2699 3520 2769 gentibus

1933 2795 2138 2856 multis,
2170 2802 2220 2847 et
2253 2804 2309 2846 tu
2358 2811 2462 2848 non
2516 2795 2667 2863 fenus
2717 2796 2940 2862 accipies
2980 2796 3048 2848 ⁷⁸.
3116 2793 3181 2847 Et
3227 2809 3295 2848 eo
3332 2794 3523 2861 utique

1934 2886 2096 2941 modo
2132 2886 2303 2939 divini
2338 2888 2572 2955 apostoli
2606 2888 2952 2942 fmnerabant
2984 2888 3242 2957 gentibus
3286 2888 3476 2941 multis
3503 2929 3520 2952 ,

1932 2977 2279 3047 maximeque
2311 2976 2514 3031 Paulus
2553 2997 2569 3032 :
2615 2994 2787 3048 quare
2833 2978 3094 3049 discipuli
3141 2994 3332 3034 eorum
3360 3018 3376 3043 ,
3420 2982 3515 3046 qui

1935 3086 2123 3126 semen
2161 3072 2405 3140 ipsorum
2448 3080 2628 3133 erant,
2660 3088 2941 3142 nunquam
2977 3073 3208 3141 egebant
3242 3073 3478 3143 panibus
3503 3116 3518 3137 ,

1934 3171 2122 3233 utpote
2149 3164 2351 3234 quibus
2374 3166 2632 3219 adessent
2653 3165 2745 3235 qui
2770 3166 3146 3220 rationabilem
3178 3167 3360 3221 cibum
3385 3181 3521 3235 sups

1933 3254 2280 3325 peditarent:
2320 3255 2478 3323 cujus
2515 3255 2813 3326 participes
2840 3271 2967 3310 cum
3022 3264 3240 3319 essent,
3299 3255 3521 3311 benedi-

1932 3349 2207 3404 ctionibus
2238 3349 2612 3419 replebantur.
2642 3347 3009 3415 Quamobrem
3040 3349 3246 3403 dictum
3282 3359 3399 3411 est,
3449 3346 3521 3401 Et

1932 3457 2105 3494 semen
2128 3441 2241 3510 ejus
2258 3443 2318 3495 in
2342 3441 2699 3496 benedictione
2735 3442 2857 3496 erit.
2910 3441 2968 3495 Si
3000 3441 3125 3512 quis
3160 3457 3290 3496 vero
3317 3456 3520 3495 secun—

1931 3534 2060 3588 dum
2102 3536 2301 3589 nudam
2352 3536 2638 3590 lectionem
2689 3550 2874 3590 secum
2922 3535 3257 3602 reputaverit
3286 3550 3392 3603 qua
3424 3549 3518 3586 ra-

1932 3626 2081 3680 tione
2120 3641 2151 3679 a
2181 3624 2463 3681 Salvatore
2496 3628 2704 3681 dictum
2738 3628 2842 3689 sit,
2882 3624 2946 3679 In
2987 3626 3083 3679 hoc
3109 3626 3305 3679 san:qu
3338 3634 3521 3678 centu-

1931 3717 2077 3785 plum
2108 3718 2316 3785 recipiet
2345 3717 2412 3779 ",
2440 3733 2665 3787 remque
2714 3733 2879 3787 opere
2918 3733 3017 3787 per
3062 3716 3185 3784 ejus
3216 3717 3519 3786 discipulos

1931 3809 2338 3878 comprobatam
2395 3808 2633 3871 viderit.
2706 3810 2754 3863 is
2810 3824 2943 3863 sane
2993 3807 3363 3877 deprehendet
3410 3825 3519 3877 qun

1932 3908 2096 3969 pacto
2118 3898 2303 3967 justus
2331 3906 2445 3952 tota
2469 3899 2559 3952 die
2590 3899 2916 3953 misereatur
2946 3906 3001 3952 et
3028 3897 3359 3953 commodet.
3382 3896 3517 3951 Nam

1932 3992 1977 4045 si
2006 3990 2248 4044 omnium
2285 3990 2524 4045 tidelium
2555 4006 2653 4045 cor
2678 4006 2847 4045 unum
2887 3998 2943 4045 et
2994 3991 3177 4045 anima
3212 4004 3318 4044 una
3355 3999 3516 4054 erat,

1930 4084 2227 4154 nullusque
2258 4083 2475 4137 dicebat
2505 4083 2607 4137 sibi
2641 4084 2771 4152 quid
2801 4083 3083 4153 proprium
3116 4098 3262 4146 esse,
3299 4082 3388 4136 sed
3413 4099 3519 4137 om-

1932 4171 2021 4223 nia
2049 4178 2200 4223 erant
2250 4170 2574 4233 communia,
2606 4178 2662 4223 et
2693 4178 2963 4239 quotquot
2992 4184 3343 4239 possessores
3375 4184 3518 4239 pra:-

1930 4262 2146 4317 diorum
2176 4271 2356 4324 erant,
2385 4261 2686 4317 vendentes
2718 4264 2995 4331 ponebant
3039 4270 3166 4317 ante
3194 4263 3360 4333 pedes
3387 4277 3521 4332 ape-

1931 4361 2220 4425 stolorum,
2253 4359 2682 4430 dividebantque
2727 4360 2961 4430 singulis
2994 4368 3151 4429 prout
3178 4361 3363 4429 cuique
3388 4376 3518 4425 opus

1927 4462 2041 4506 erat
2071 4452 2150 4515 '7;
2187 4448 2538 4506 manifestum
2567 4467 2699 4507 sane
2733 4460 2817 4506 est
2856 4453 3005 4522 ipsos
3040 4460 3153 4506 tota
3182 4453 3271 4506 die
3318 4452 3518 4507 miser-

238 4544 648 4613 πιπράσκοντες
680 4543 926 4597 ἐτίθεσαν
952 4545 1102 4614 παρὰ
1118 4547 1246 4608 τοὺς
1269 4545 1436 4608 πόδας
1465 4545 1572 4598 τῶν
1592 4547 1823 4599 ἀποστό-

1934 4553 2016 4598 tos
2049 4559 2171 4599 esse
2197 4550 2251 4597 et
2281 4544 2677 4598 commodasse.

236 4635 372 4697 λων,
402 4634 479 4686 διε
487 4634 705 4704 μέριζόν
722 4652 780 4687 τε
803 4635 1036 4706 ἑκάστῳ,
1072 4636 1257 4690 καθότι
1287 4636 1352 4691 ἄν
1372 4654 1457 4696 τις
1482 4638 1670 4708 χρείαν
1692 4634 1825 4708 εἶχε·
1847 4638 2003 4710 δῆλον
2030 4637 2183 4699 ὅπως
2206 4636 2333 4707 ὅλην
2354 4636 2454 4708 τὴν
2487 4639 2697 4707 ἡμέραν
2724 4630 2867 4688 οὗτοι
2898 4636 3089 4706 ἠλέουν
3110 4637 3203 4688 καὶ
3226 4634 3516 4699 ὲδάνειζον.

319 4742 641 4808 Ἕκκλινον
682 4753 799 4808 ἀπὸ
849 4755 1058 4819 κακοῦ,
1110 4756 1206 4810 καὶ
1260 4758 1521 4825 ποίησον
1572 4759 1816 4829 ἀγαθόν.

250 4842 657 4915 Ἐλευθερῲσας
704 4845 925 4899 σεαυτὸν
974 4848 1154 4919 πάσης
1200 4848 1417 4913 κακίας,
1446 4848 1537 4901 ἐπὶ
1586 4848 1666 4902 σοὶ
1714 4849 1822 4920 γάρ

235 4939 359 4991 ἐστι
388 4938 565 5000 τοῦτο,
602 4939 692 4991 καὶ
729 4938 1007 5011 βουληθεὶς
1051 4940 1289 5013 δυνήσῃ·
1334 4940 1397 4993 ού
1444 4940 1549 5011 μὴν
1597 4939 1697 5012 ἤδη
1733 4943 1821 4995 τέ-

234 5031 386 5094 λειος
418 5030 514 5103 ἔσῃ
557 5028 714 5084 τοῦτο
743 5030 974 5103 πράξας,
1002 5035 1048 5085 εἰ
1102 5032 1175 5103 μὴ
1210 5034 1303 5087 καὶ
1346 5032 1407 5086 τὸ
1439 5032 1690 5105 δεύτερόν
1743 5052 1823 5089 σοι

240 5119 445 5193 παρείη
473 5140 485 5153 ·
517 5121 673 5175 τοῦτο
699 5123 741 5175 δ’
770 5123 887 5176 ἐστὶ
913 5123 973 5176 τὸ
995 5123 1320 5196 ἐργάζεσθαι
1346 5122 1407 5176 τὸ
1434 5123 1654 5191 ἀγαθόν.
1681 5125 1824 5197 Πρὸς

234 5212 353 5283 γὰρ
382 5210 443 5265 τὸ
478 5210 552 5283 μὴ
583 5212 834 5266 κλέπτειν
860 5216 1124 5285 προσήκει
1154 5232 1211 5268 σε
1251 5215 1345 5268 καὶ
1374 5213 1481 5267 τῶν
1517 5214 1623 5268 σῶν
1653 5216 1827 5288 ὑπαρ-

232 5306 447 5379 χόντων
493 5308 605 5371 τοῖς
653 5306 926 5379 δεομένοις
970 5311 1244 5362 κοινωνεῖν
1267 5326 1279 5338 ·
1327 5309 1421 5363 καὶ
1468 5310 1604 5382 πρὸς
1642 5310 1703 5365 τὸ
1749 5310 1823 5381 μὴ

233 5398 607 5463 πλεονεκτεῖν,
639 5399 845 5472 ἕτερον,
876 5398 937 5452 τὸ
978 5400 1073 5454 καὶ
1120 5402 1425 5472 εὐεργετεῖν
1467 5404 1593 5467 τοὺς
1627 5403 1819 5475 δεομέ-

230 5509 365 5555 νους
386 5509 401 5523 ⁸
431 5493 525 5546 καὶ
551 5493 686 5565 πρὸς
709 5491 771 5545 τὸ
799 5493 997 5559 κακίας
1028 5493 1347 5565 ἀπέχεσθαι,
1376 5496 1437 5548 τὸ
1487 5498 1572 5550 καὶ
1601 5497 1822 5569 ἐτέρους

228 5585 349 5639 ἀπὸ
388 5585 584 5649 κακίας
621 5585 863 5656 ῥύεσθαι.
913 5586 1079 5640 Ἐπὰν
1116 5585 1172 5640 δὲ
1214 5586 1385 5640 ταῦτα
1432 5590 1679 5660 ποιήσῃς,
1716 5606 1817 5642 κα-

230 5676 573 5744 τασκήνου,
620 5676 806 5749 φησὶν,
844 5681 930 5745 είς
970 5677 1155 5733 αἰῶνα
1197 5678 1428 5746 αἰῶνος.
1492 5680 1633 5733 Ἀνθ’
1685 5673 1745 5733 οὗ
1795 5682 1821 5734 6

2001 4755 2167 4812 Vens.
2202 4756 2432 4812 27-29.
2490 4755 2711 4809 Declina
2763 4772 2796 4808 α
2840 4754 3013 4820 ηιαίο,
3052 4762 3100 4807 et
3155 4754 3243 4823 [ac
3303 4753 3516 4812 bonum.

1932 4850 2068 4907 Cum
2106 4859 2158 4906 te
2194 4852 2260 4907 ab
2288 4849 2437 4905 omni
2478 4849 2684 4905 malitia
2716 4847 3018 4911 exemeris,
3072 4864 3241 4919 penes
3284 4853 3338 4902 te
3373 4848 3517 4903 enim

1929 4943 2062 5000 illud
2093 4952 2212 5007 est,
2244 4951 2298 4999 et
2332 4943 2377 4999 si
2410 4943 2545 4998 velis
2573 4943 2777 5013 poteris
2804 4960 2818 5009 ;
2865 4957 2975 4996 non
3008 4941 3225 5007 statim,
3258 4942 3362 4997 hoc
3395 4957 3521 5012 pcr-

1932 5046 2075 5101 acto,
2113 5034 2390 5108 perfectus
2422 5035 2552 5102 eris,
2582 5035 2684 5090 nisi
2716 5035 2863 5089 aliud
2897 5034 3201 5091 secundum
3246 5022 3516 5097 adfuerit,

1934 5132 1989 5187 id
2017 5139 2128 5193 est,
2177 5137 2237 5184 ut
2271 5128 2443 5184 facias
2474 5130 2702 5185 bonum.
2755 5128 2889 5182 Nam
2952 5135 3317 5202 prteterquam
3372 5128 3518 5200 quod

1934 5220 2107 5276 furari
2163 5235 2274 5274 non
2324 5219 2481 5284 licet,
2529 5219 2784 5274 convenit
2822 5219 2986 5275 etiam
3036 5234 3163 5274 cum
3227 5221 3517 5299 egentibus

1931 5313 2072 5367 bona
2102 5326 2200 5367 sua
2228 5311 2674 5377 communicare;
2708 5327 2772 5365 ac
2804 5319 3169 5382 praeterquam
3202 5311 3351 5382 quod
3386 5326 3517 5364 ava-

1930 5419 2049 5458 rum
2085 5418 2208 5459 esse
2242 5419 2347 5458 non
2375 5410 2622 5474 oportet,
2663 5403 2812 5457 aliud
2863 5403 3196 5475 requiritur,
3242 5413 3301 5459 ut
3330 5404 3517 5473 egenis

1931 5497 2195 5552 beneﬁcia
2252 5503 2615 5567 praestentur;
2671 5510 2735 5550 ac
2796 5505 2994 5566 praeter
3046 5496 3432 5552 abstinentiam
3483 5511 3513 5549 a

1930 5590 2111 5653 malis,
2139 5605 2278 5660 opus
2301 5596 2385 5646 est
2413 5599 2466 5645 et
2499 5590 2634 5645 alios
2666 5604 2695 5642 a
2717 5590 2877 5645 malis
2907 5604 3122 5644 eruere.
3152 5588 3287 5643 Cum
3331 5593 3514 5642 autem

1930 5682 2045 5739 bzec
2072 5683 2272 5755 egeris,
2305 5683 2576 5751 inhabita,
2634 5682 2843 5753 inquit,
2897 5682 2950 5736 in
3007 5682 3257 5739 sarculum
3309 5682 3513 5739 saeculi.

338 5833 385 5865 "
422 5831 557 5890 Luc.
592 5850 719 5900 xu,
756 5833 846 5890 25.
924 5836 970 5870 τί
1008 5834 1151 5895 Psal.
1187 5852 1273 5903 ιιι,
1312 5837 1360 5893 7.
1439 5837 1482 5871 ⁷⁸
1522 5835 1679 5894 Deut.
1715 5850 1818 5903 xv,

1982 5839 2029 5872 "‘
2058 5838 2248 5897 Matth.
2284 5855 2409 5912 xxx,
2439 5841 2537 5899 29.
2608 5844 2652 5877 ⁷⁷
2691 5842 2821 5899 Act.
2851 5858 2927 5910 Iv,
2960 5841 3149 5899 iiii-'55.
