4010 6542
262 399 364 454 357

1386 391 1879 449 CCMMENTABIA
1924 392 1988 446 IN
2031 392 2366 451 PSALMOS.

3394 392 3498 447 358

322 507 512 567 ειδον
531 510 638 565 τόν
673 509 862 578 ἀσεσῆ
902 512 1423 581 ὑπερνψούμενον,
1468 511 1565 563 καὶ
1592 508 1822 577 ἐπαιρό-

2005 506 2169 564 .Vsas.
2199 507 2384 563 55-57.
2436 505 2555 559 Vidi
2596 507 2812 575 impiam
2841 506 3285 575 superexaltatum
3315 516 3364 559 ct
3396 508 3500 560 ele-

255 617 444 670 μενον
464 600 546 668 ὡς
576 601 685 667 τὰς
715 600 966 668 κέδρους
993 601 1099 655 τοῦ
1116 602 1390 656 Λιϐάνου.
1413 600 1598 662 Οὕτως
1622 599 1716 651 ἐπὶ
1731 599 1825 652 τοῦ

262 679 526 760 παρόντος
548 688 638 744 διὰ
667 689 859 759 πείρας
893 689 1205 759 ἐληλυθέναι
1236 689 1331 743 τοῦ
1360 690 1543 751 τέλους
1564 688 1672 743 τῶν
1703 691 1828 743 das-

262 781 369 834 δῶν
394 794 590 852 φησιν·
631 781 706 833 Οὑ
759 780 869 851 γὰρ
905 781 963 848 ἐξ
989 782 1156 851 ἀκοῆς
1194 782 1358 835 πάλαι
1400 782 1530 834 ποτὲ
1564 782 1827 852 γενόμενα

261 871 460 942 ἑτέρων
491 871 755 938 λεγόντων
805 871 1018 941 ἀκήκοα
1040 887 1053 901 ο
1121 870 1236 925 ἀλλ’
1267 871 1425 934 αὐτὸς
1472 868 1630 933 εἶδον,
1671 870 1824 941 φησὶ,

263 961 609 1034 βλασφήμους
651 963 849 1033 ἄνδρας
894 963 987 1014 καὶ
1020 961 1209 1025 ἀθέους
1251 962 1690 1033 θαυμαζομένους
1729 963 1825 1033 μὲν

268 1055 367 1108 ὑπὸ
399 1055 635 1118 πάντων,
675 1054 1068 1125 ἐπαιρομένους
1099 1054 1157 1107 δὲ
1194 1055 1287 1108 καὶ
1321 1054 1681 1125 γαυριῶντας,
1716 1056 1819 1107 οἰο-

266 1148 456 1218 μένους
497 1163 553 1200 τε
589 1146 913 1209 διαιωνίζειν
945 1148 1001 1199 ὲν
1036 1145 1113 1215 τῷ
1145 1145 1263 1217 βίῳ.
1306 1146 1444 1199 Ἀλλ’
1475 1146 1549 1211 ὼς
1582 1147 1663 1200 ἔτι
1694 1146 1824 1216 παρ’

267 1240 483 1312 ὶμαυτῷ
510 1239 878 1311 διελογιζόμην
904 1238 1020 1302 πῶς
1048 1240 1175 1303 οἵδε,
1193 1240 1393 1311 καίπερ
1414 1240 1625 1304 ἀσεϐεῖς
1652 1240 1821 1305 ὄντες,

270 1332 527 1385 τοσούτων
569 1331 928 1402 τετυχήκασι,
983 1330 1231 1402 δεύτερον
1286 1332 1482 1395 αὑτοὺς
1531 1332 1824 1387 θεάσασθαι

262 1419 564 1491 βουληθεὶς,
618 1422 797 1493 ἐπῇρα
840 1422 965 1485 τοὺς
999 1420 1306 1493 ὀφθαλμούς
1328 1439 1341 1452 ·
1376 1424 1426 1477 οἱ
1470 1422 1526 1476 δὲ
1557 1424 1659 1477 οὑκ
1684 1419 1825 1495 ἦσαν

262 1510 514 1582 οὐδαμοῦ,
547 1512 769 1581 ἀφανεῖς
792 1513 837 1565 δ’
874 1511 1087 1584 ἀθρόως
1126 1512 1390 1585 ὑπῆρχον.
1426 1509 1558 1568 Εἶτα
1594 1515 1650 1568 δὲ
1682 1514 1825 1585 ἴχνος

261 1604 435 1658 αὐτῶν
474 1604 567 1658 καὶ
604 1604 913 1675 ὑπόλειμμα
958 1604 1237 1675 βουληθεὶς
1288 1606 1606 1660 καταλαὸεἰν
1629 1646 1643 1671 ,
1704 1607 1825 1660 οὑδὲ

262 1697 349 1750 τὸν
385 1696 547 1750 τόπον
574 1697 632 1749 ὲν
667 1688 712 1763 ᾧ
755 1697 974 1751 ἑστάναι
1032 1696 1249 1751 ἐδόκουν
1292 1699 1472 1769 εὑρεῖν
1508 1697 1820 1769 δεδύνημαι.

259 1787 455 1859 Διόπερ
487 1788 672 1859 ἐπειδὴ
713 1787 921 1841 τοιοῦτο
976 1797 1042 1841 το
1080 1786 1284 1841 τούτων
1333 1789 1503 1853 τέλος,
1553 1787 1721 1858 φεῦγε
1760 1789 1823 1840 σὺ

1931 610 2111 655 catum
2167 602 2304 654 sicut
2338 598 2519 654 cedros
2567 596 2778 663 Libani,
2829 608 2938 654 etc.
2987 597 3077 653 Sic
3131 600 3185 653 in
3244 599 3501 669 praesenti.

1933 694 2091 747 linem
2130 707 2190 747 se
2231 691 2524 761 impiormn
2574 691 2912 760 experientia
2960 691 3250 746 edidicisse
3292 706 3500 745 memo-

1930 790 2035 837 rat.
2088 780 2273 853 Neque
2310 784 2453 837 enim
2485 782 2598 836 haec
2629 783 2760 837 olim
2805 794 2954 852 gesta
2995 798 3059 837 ex
3108 784 3335 837 aliorum
3370 797 3500 835 nar-

1931 885 2052 929 ratu
2102 874 2326 930 auribus
2374 875 2600 943 excepi:
2658 874 2752 929 sed
2794 875 2931 942 ipse,
2963 874 3158 943 inquit,
3196 873 3303 928 vidi
3350 873 3498 928 viros

1930 969 2245 1038 blasphema
2274 967 2611 1037 proferentes
2649 976 2700 1021 et
2738 967 2929 1021 atheos
2956 967 3208 1021 omnibus
3240 966 3293 1019 in
3327 963 3500 1018 admi-

1932 1062 2141 1117 ratione
2184 1061 2435 1125 habitos,
2484 1061 2656 1116 elatos
2708 1068 2762 1114 et
2818 1059 3193 1121 exsultantes,
3247 1063 3509 1127 putantes

1930 1153 2034 1207 sibi
2086 1160 2404 1223 perpetuam
2460 1151 2575 1206 fore
2608 1152 2795 1205 vitam.
2845 1148 2951 1206 Sed
2985 1149 3113 1203 dum
3163 1162 3374 1201 mecum
3408 1161 3500 1201 rev

1930 1251 2202 1315 putarem.
2248 1244 2523 1314 quomodo
2568 1242 2642 1296 illi
2687 1242 2940 1312 quamvis
3000 1241 3173 1311 impii,
3228 1246 3307 1293 tot
3353 1240 3499 1294 nacti

1930 1338 2071 1392 bona
2108 1346 2327 1401 essent,
2375 1338 2562 1393 oculos
2598 1338 2840 1392 secundo
2873 1336 3101 1399 sustuli,
3138 1344 3195 1387 ut
3251 1339 3498 1386 contem-

1930 1428 2111 1498 plarer
2148 1429 2334 1497 ipsos:
2373 1437 2427 1482 at
2460 1429 2534 1483 illi
2567 1443 2840 1497 nusquam
2875 1434 3052 1490 erant,
3083 1425 3178 1481 sed
3210 1423 3497 1479 confestim

1930 1528 2284 1574 evanuerant.
2344 1520 2546 1575 Deinde
2603 1520 2891 1591 vestigium
2947 1534 3012 1573 ac
3089 1525 3498 1572 monumentum

1929 1622 2119 1663 eorum
2147 1608 2553 1680 deprehendere
2586 1612 2794 1673 volens,
2837 1625 2905 1664 ne
2956 1610 3135 1663 locum
3178 1608 3394 1678 quidem
3443 1607 3499 1666 in

1930 1714 2039 1769 quo
2062 1701 2280 1755 stetisse
2310 1701 2632 1755 videbantur
2676 1702 2914 1770 reperire
2944 1700 3114 1770 potui.
3163 1699 3500 1767 Quapropter

1930 1794 2059 1860 quia
2084 1791 2209 1846 talis
2234 1807 2421 1846 eorum
2456 1792 2580 1847 linis
2612 1804 2717 1857 est,
2766 1792 2889 1863 fuge
2923 1800 3001 1857 tu,
3033 1790 3321 1861 discipule,
3362 1790 3500 1843 tales

257 1880 287 1933 ὁ
319 1877 755 1949 μαθητευόμενος
780 1878 968 1932 τοῦτον
992 1877 1099 1932 τῶν
1127 1878 1339 1933 ἀσεϐῶν
1373 1880 1462 1933 τὸν
1483 1879 1703 1952 τρόπον,
1734 1880 1822 1933 καὶ

1932 1882 2221 1952 impiorum
2272 1899 2485 1948 mores,
2530 1885 2689 1940 ablue
2733 1900 2950 1941 omnem
3005 1884 3293 1947 malitiam,
3335 1882 3507 1950 dilige

259 1967 519 2036 andvulav
568 1969 663 2038 μὲν
702 1967 896 2022 ἑαυτοῦ
958 1969 1138 2021 πᾶσαν
1181 1968 1399 2033 κακίαν,
1455 1970 1739 2041 ἀγάπησω
1772 1969 1829 2023 δὲ

258 2059 358 2130 τὴν
386 2059 599 2112 εὑθεῖαν
622 2059 758 2114 ὁδόν.
791 2060 957 2113 Μένει
984 2060 1092 2131 γὰρ
1117 2060 1527 2132 ἐγκατάλειμμα
1557 2062 1652 2115 καὶ
1676 2061 1827 2126 ἐλπὶς

260 2150 461 2221 ἀγαθὴ,
490 2152 567 2222 τῷ
599 2152 697 2223 τὴν
737 2154 958 2225 εἰρήνην
986 2154 1079 2207 καὶ
1107 2153 1203 2225 τὴν
1232 2153 1415 2224 φιλίαν
1452 2156 1550 2225 τὴν
1582 2155 1716 2227 πρὸς
1738 2154 1827 2208 τὸν

260 2243 392 2297 Θεὸν
421 2245 827 2315 μεταδιώξαντι,
859 2248 951 2300 καὶ
973 2248 1061 2301 διὰ
1088 2247 1244 2301 τοῦτο
1270 2247 1528 2318 εὶρηνικῷ
1557 2248 1828 2319 ἀνθρώπῳ

260 2338 554 2408 γενομένῳ.
593 2338 749 2392 Κατά
767 2338 822 2391 δὲ
853 2339 944 2390 τὸν
974 2338 1289 2409 Σύμμαχον,
1318 2340 1623 2403 Φύλασονε,
1642 2340 1824 2410 φησὶν,

256 2426 595 2496 ἁπλότητα,
629 2429 727 2484 καὶ
762 2430 869 2498 ὅρα
895 2431 1061 2495 εὐθὺ,
1091 2430 1328 2486 ὄτιέστι
1363 2432 1672 2501 μέλλοντα
1721 2431 1827 2486 ἁν-

256 2518 465 2586 θρώπφ
509 2519 804 2587 εὶρηνικῷ.
1312 2560 1319 2569 .

638 2631 927 2687 ΨΑΛΜΟΣ
967 2635 1053 2687 ΤΩ
1093 2634 1288 2687 ΔΑΥΙΔ
1320 2635 1439 2690 ΛΖ¹.

783 2728 885 2791 Εἰς
932 2725 1293 2796 ἀνάμνησιν.

322 2812 518 2881 Κύριε,
557 2812 643 2883 μὴ
692 2812 770 2879 τῷ
804 2815 966 2883 θυμῷ
1004 2828 1121 2867 σου
1159 2814 1415 2885 ἐλέγξῃς
1444 2833 1542 2885 με,
1567 2816 1720 2885 μηδὲ
1750 2817 1824 2885 τῇ

254 2901 402 2973 (prii
433 2919 548 2957 σου
588 2904 918 2973 παιδεύσῃς
936 2922 1030 2975 με.
1063 2905 1253 2969 Αὑτοῖς
1285 2908 1492 2977 ῥήμασι
1525 2908 1615 2959 καὶ
1636 2908 1823 2970 αὑταῖς

254 2994 545 3059 συλλαϐαῖς
584 2998 676 3050 καὶ
704 2999 733 3050 ό
775 3004 827 3062 ς’
848 2998 1061 3069 ψαλμὸς
1089 2998 1262 3069 τούτῳ
1306 2998 1699 3070 παραπλησίως
1728 2999 1825 3070 ἀρ-

251 3103 423 3157 χεται,
454 3088 546 3142 καὶ
580 3089 648 3143 τά
684 3088 845 3143 λοιπά
873 3090 929 3143 δὲ
951 3090 1043 3143 τοῦ
1082 3091 1239 3143 ἕκτου
1268 3095 1379 3155 τοῖς
1413 3095 1470 3145 ὲν
1496 3092 1574 3163 τῷ
1600 3110 1820 3164 προκει-

255 3179 403 3249 μένῳ
432 3180 749 3251 φερομένοις
784 3183 1016 3251 συγγενῆ
1046 3184 1321 3254 τυγχάνει.
1366 3184 1501 3237 Ἀλλ’
1525 3187 1582 3238 ὲν
1617 3186 1714 3256 μὲν
1746 3185 1824 3256 τῷ
1850 3225 1890 3280 C

249 3272 442 3342 Ξκτῳή
470 3274 761 3345 προγραφὴ
779 3278 1049 3347 περιεῖχεν
1065 3292 1079 3306 ’
1112 3279 1216 3342 Εἰς
1238 3276 1303 3330 τὸ
1327 3276 1501 3343 τέλος
1517 3278 1581 3331 ἑνν
1612 3278 1822 3348 ὕμνοις

250 3363 405 3431 ὑπὲρ
448 3363 559 3432 τῆς
609 3364 822 3435 ὀγδόης
849 3366 1091 3436 ψαλμὸς
1142 3368 1222 3434 τῷ
1270 3371 1482 3425 Δαυΐδθ
1548 3375 1605 3425 ὲν
1650 3373 1705 3426 δὲ
1745 3374 1824 3445 τῷ

253 3456 482 3528 παρόντι
509 3456 713 3510 τούτων
743 3460 838 3529 μὲν
860 3459 1031 3521 οὐδὲν,
1062 3461 1221 3530 μόνον
1247 3462 1303 3516 δὲ
1330 3464 1434 3517 τὸν
1456 3466 1704 3535 ψαλμὸν
1745 3467 1824 3533 τῷ

250 3547 434 3601 Δαυτδ
474 3550 562 3614 εἰς
605 3547 948 3617 ἀνάμνησιν
992 3550 1277 3607 δέδεικται.
1317 3556 1388 3606 Ἥ
1423 3572 1485 3624 γε
1523 3557 1629 3629 μὴν
1660 3575 1825 3629 προσ-

248 3640 394 3713 θήκη
430 3643 485 3712 ἡ,
542 3643 629 3707 εις
658 3641 1020 3711 ἀνάμνησιν,
1064 3643 1238 3696 ἔοικεν
1287 3647 1627 3717 ἀναπέμπειν
1675 3652 1824 3719 ἡμᾶς

249 3733 332 3796 εἰς
358 3732 456 3805 τὴν
483 3734 541 3785 ὲν
559 3733 635 3805 τῷ
658 3733 801 3804 ἕκτῳ
825 3736 1166 3806 πρργραφὴν,
1191 3735 1319 3789 ὥστ’
1342 3734 1480 3792 εἶναι
1506 3739 1570 3792 τὰ
1584 3741 1823 3810 παρόντα

248 3826 339 3889 εις
361 3826 426 3877 τὸ
453 3824 646 3890 τέλος,
671 3826 783 3888 καὶ,
802 3827 872 3879 ἐν
893 3827 1122 3896 ὕμνοις,
1143 3829 1238 3881 καὶ
1264 3830 1409 3896 ὑπὲρ
1444 3828 1550 3897 τῆς
1572 3832 1785 3901 ὀγδόης
1806 3851 1818 3863 ·

248 3916 469 3969 πάντων
489 3914 599 3986 γάρ
618 3915 684 3968 ἂν
708 3916 791 3987 εῐη
811 3915 1011 3969 τούτων
1035 3920 1444 3987 παραστατικὸν
1460 3921 1540 3983 τὸ,
1576 3924 1662 3986 εἰς
1677 3922 1821 3976 ἀνά-

241 4021 499 4078 matr.
552 4006 689 4060 Ἀλλ’
742 4008 865 4061 ἐπεὶ
915 4008 1203 4073 διεξιόντες
1259 4010 1327 4063 τὰ
1360 4012 1416 4064 ἐν
1456 4011 1534 4083 τῷ
1573 4013 1822 4083 immuni

250 4096 596 4151 ὑποπεσόντα
624 4099 703 4161 εἰς
729 4098 829 4169 τὴν
872 4100 1195 4172 προγραφὴν
1232 4103 1549 4173 εἰρήκαμεν,
1591 4106 1678 4171 εὶς
1708 4104 1822 4173 τὴν

246 4188 471 4242 ἐκείνων
523 4187 863 4258 ἀνάμνησιν
921 4191 1015 4243 καὶ
1070 4193 1232 4262 ἡμεῖς
1280 4194 1670 4265 ἀναπέμψομεν
1730 4198 1821 4251 τὸν

246 4281 662 4351 ἐντυγχάνοντα.
687 4284 843 4336 Δοκεῖ
864 4282 920 4336 δέ
944 4301 1033 4354 μοι
1058 4287 1086 4337 ό
1107 4285 1287 4347 Δαυῒδ,
1311 4285 1581 4358 διαφόρως
1605 4292 1662 4341 ὲν
1692 4289 1821 4343 πο).-

244 4368 361 4436 λοῖς
394 4374 522 4443 περὶ
547 4373 641 4427 τοῦ
672 4374 1005 4446 πραχθέντος
1042 4377 1191 4447 αὐτῷ
1220 4378 1508 4451 πλημμελή
1519 4398 1686 4451 ματος
1730 4382 1819 4449 ὲξ-

243 4461 738 4533 ομολογησάμενος,
777 4466 919 4531 ἰδίως
954 4467 1045 4520 τὸν
1090 4468 1335 4538 παρόντα
1378 4470 1590 4539 ψαλμὸν
1620 4472 1823 4543 ἀφωρι-

1931 1975 2071 2029 viam
2105 1984 2334 2031 rectam.
2375 1976 2594 2031 Manent
2622 1976 2765 2031 enim
2807 1976 3051 2045 reliquis:
3082 1990 3313 2045 spesque
3358 1974 3503 2028 bona.

1928 2082 2052 2122 erm
2079 2069 2170 2138 qui
2211 2084 2398 2138 pacem
2430 2068 2840 2139 amicitiamque
2890 2068 2985 2124 Dei
3033 2068 3401 2138 persequitur,
3444 2072 3497 2119 et

1928 2157 2051 2211 ideo
2090 2157 2253 2213 homo
2280 2159 2541 2228 paciticus
2572 2158 2799 2214 effectus
2825 2166 2929 2212 est.
2975 2156 3289 2212 Secundum
3337 2155 3497 2225 Sym-

1927 2247 2179 2302 machum
2225 2257 2441 2314 autem,
2481 2247 2702 2303 Custodi
2738 2248 3167 2317 simplicitatem,
3217 2247 3414 2317 inquit,
3452 2256 3497 2301 at

1926 2339 2040 2393 vide
2086 2340 2415 2411 wquitatem,
2459 2341 2709 2412 quoniam
2757 2342 2942 2410 futura
2995 2350 3117 2395 sunt
3166 2340 3365 2394 homini
3401 2354 3496 2406 pa-
3578 2354 3581 2357 ί

1924 2429 2098 2498 ciﬁco.

2206 2631 2259 2686 1.
2302 2630 2629 2686 PSALMUS
2680 2631 2911 2685 DAVlDl
2947 2629 3212 2686 XXXVII.

2232 2723 2294 2777 In
2325 2728 2815 2779 rememorationem
2844 2724 2907 2778 de
2932 2724 3189 2780 Sabbato.

1997 2815 2165 2871 Vsus.
2211 2816 2267 2871 2.
2310 2816 2567 2881 Domine,
2601 2835 2664 2872 ne
2717 2820 2772 2871 in
2803 2820 2984 2887 furore
3025 2826 3115 2870 tuo
3153 2833 3347 2887 arguas
3394 2832 3493 2879 me,

1924 2926 2084 2979 neque
2114 2911 2167 2963 in
2201 2911 2285 2963 ira
2309 2920 2399 2965 tua
2431 2913 2689 2979 corripias
2723 2927 2823 2965 me.
2858 2912 2994 2980 Ipsis
3026 2911 3210 2965 verbis
3255 2910 3499 2980 ipsisque

1925 3002 2153 3072 syllabis
2180 3012 2365 3058 sextus
2394 3019 2613 3074 quoque
2660 3004 2904 3073 psalmus
2942 3004 3147 3073 pariter
3186 3003 3494 3065 inchoatur.

1922 3099 1977 3146 at
2004 3093 2213 3162 reliqua
2247 3107 2368 3162 quae
2398 3093 2451 3147 in
2500 3102 2654 3148 sexto
2698 3101 3043 3163 comparent,
3090 3094 3255 3162 hujus
3303 3094 3495 3164 psalmi

1924 3183 2085 3238 dictis
2119 3182 2296 3238 allinia
2330 3193 2476 3239 sunt.
2506 3184 2572 3238 At
2610 3185 2664 3239 in
2704 3194 2860 3240 sexto
2892 3186 3104 3255 psalmo
3138 3186 3221 3239 sic
3262 3184 3495 3239 habebat
3572 3238 3581 3243 -

1924 3276 2211 3346 inscriptio
2245 3297 2257 3331 :
2299 3276 2360 3331 In
2391 3278 2547 3346 ﬁnem
2582 3279 2635 3331 in
2664 3277 2870 3347 hymnis
2901 3286 2997 3346 pro
3040 3288 3226 3332 octava
3257 3278 3497 3348 psalmus

1924 3363 2134 3419 Davidi.
2180 3365 2237 3421 ln
2288 3370 2539 3437 praesenti
2576 3380 2755 3423 autem
2810 3369 2950 3423 nihil
2994 3369 3189 3423 horum
3242 3368 3495 3437 habetur,

1924 3457 2017 3512 sed
2051 3456 2337 3524 duntaxat,
2371 3460 2607 3529 psalmus
2642 3460 2868 3524 Davidi,
2904 3462 2960 3515 in
2986 3462 3495 3516 rememorationem.

1924 3548 2037 3604 Hoc
2078 3566 2243 3621 porro
2274 3552 2705 3607 additamentum
2726 3592 2741 3616 ,
2776 3554 2831 3607 in
2863 3554 3385 3618 rememorationem,
3417 3553 3499 3606 vi-

1924 3643 2083 3696 detur
2109 3659 2209 3699 nos
2239 3645 2307 3696 ad
2344 3646 2539 3714 psalmi
2576 3646 2715 3700 sexti
2753 3646 3165 3717 inscriptionem
3197 3646 3494 3709 remittere,

1925 3734 2000 3787 ita
2037 3741 2095 3786 ut
2125 3748 2247 3803 quae
2275 3734 2388 3801 jam
2418 3733 2471 3787 in
2502 3735 2755 3789 manibus
2791 3744 2939 3799 sunt,
2971 3737 3025 3789 in
3058 3737 3237 3803 finem,
3272 3735 3326 3787 in
3353 3734 3500 3802 Itym-

1924 3825 2027 3889 nis,
2052 3836 2103 3879 et
2127 3840 2223 3893 pro
2255 3835 2438 3878 octava
2465 3825 2610 3879 dicta
2652 3826 2755 3881 sint
2782 3844 2795 3893 ;
2826 3842 2952 3881 nam
2993 3828 3109 3881 haec
3131 3826 3315 3880 omnia
3344 3840 3498 3896 repe-

1923 3927 2038 3971 tere
2072 3926 2125 3971 et
2152 3918 2438 3973 declarare
2463 3919 2679 3972 videtur
2710 3919 2865 3981 illud,
2905 3920 2959 3972 in
2988 3918 3493 3972 rememorationem.

1922 4006 2122 4062 Verum
2152 4010 2279 4079 quia
2314 4025 2436 4063 cum
2472 4018 2683 4064 sextum
2727 4011 2995 4081 psalmum
3053 4011 3495 4081 cxplanaremus,

1921 4115 2043 4169 qua:
2088 4100 2500 4171 inscriptionem
2542 4104 2865 4173 spectabant
2912 4103 3346 4173 explicavimus,
3396 4118 3498 4160 nos

1923 4208 2139 4263 quoque
2171 4194 2225 4247 in
2267 4196 2755 4248 rememoratianem
2800 4210 2989 4250 eorum
3020 4195 3277 4249 lectorem
3314 4196 3499 4251 remit-

1922 4293 2121 4341 temus.
2146 4285 2376 4342 Videtur
2405 4303 2573 4358 porro
2606 4288 2739 4342 mihi
2766 4286 3045 4351 Davidem,
3073 4303 3199 4341 cum
3228 4288 3283 4342 in
3310 4288 3497 4344 multis

1922 4378 2020 4432 abs
2056 4394 2115 4434 se
2146 4387 2521 4449 perpetratum
2554 4378 2771 4435 facinus
2802 4381 2955 4434 varie
3005 4378 3296 4435 confessus
3328 4389 3496 4444 esset,

1922 4468 2067 4524 hunc
2122 4470 2227 4525 sibi
2291 4471 2562 4540 psalmum
2612 4472 2833 4542 proprie
2899 4473 2953 4526 in
3011 4472 3498 4525 remunerationem

245 4552 403 4607 κέναι
435 4553 614 4625 ἑαυτῷ
658 4558 746 4622 εὶς
771 4556 1130 4627 ἀνάμνησιν,
1156 4559 1231 4622 ὡς
1264 4560 1350 4615 ἀεὶ
1374 4561 1468 4615 καὶ
1498 4561 1586 4616 διὰ
1620 4564 1817 4627 παντὸς

1924 4561 2257 4631 seposuisse,
2298 4564 2371 4616 ita
2415 4572 2475 4617 ut
2524 4580 2648 4619 eum
2705 4579 2924 4633 semper
2958 4564 3011 4617 in
3047 4579 3143 4619 ore
3200 4562 3386 4625 ferret,
3431 4577 3497 4617 eo

243 4643 433 4715 φέρειν
467 4645 598 4698 αὑτὸ
637 4646 741 4700 ἀνά
768 4648 963 4718 στόμα.
1019 4648 1335 4719 Κεχρῆσθαι
1396 4649 1452 4702 δὲ
1505 4652 1655 4724 αὑτῷ
1696 4655 1817 4708 ἀντὶ

244 4736 461 4807 ἐπῳδῆς
487 4738 580 4790 ἐπὶ
611 4737 873 4810 θεραπείᾳ
918 4740 1015 4810 τῆς
1053 4740 1217 4793 αὑτοῦ
1261 4741 1461 4813 ψυχῆς.
1517 4745 1818 4817 Ἱκετηρὶαν

243 4826 377 4897 γοῦν
406 4829 716 4901 ἀναπέμπει
760 4831 837 4902 τῷ
870 4832 1007 4903 Θεῷ,
1034 4833 1099 4887 δι’
1133 4830 1201 4906 ἦς
1232 4834 1567 4907 ἀποστρέφει
1600 4838 1696 4908 μὲν
1721 4840 1817 4909 τὴν

242 4921 415 4993 ὀργὴν
437 4922 534 4993 τὴν
564 4924 695 4976 πᾶσι
716 4926 827 4988 τοῖς
854 4926 1256 4997 ἁμαρτάνουσιν
1278 4929 1681 5001 ὲπηρτημὲνην,
1707 4932 1819 4985 ἱλά-

242 5027 436 5067 σκεται
466 5012 522 5065 δὲ
560 5014 652 5067 τὸν
683 5016 884 5083 ἀγαθὸν
918 5017 1119 5086 Κύριον
1148 5024 1267 5083 ταῖς
1298 5020 1414 5091 μεθ’
1449 5023 1814 5095 ὑπερϐαλλού-

244 5118 348 5172 σης
388 5103 824 5176 ἐξομολογήσεως
870 5112 1092 5177 φωναῖς.
1138 5112 1324 5180 Λέγων
1370 5112 1458 5165 δέ’
1491 5116 1691 5183 Κύριε,
1728 5116 1814 5186 μὴ

244 5193 326 5259 τῷ
362 5194 527 5264 θυμῷ
572 5212 687 5250 σου
728 5198 983 5268 ἐλέγξῃς
1003 5220 1099 5270 με,
1133 5203 1193 5256 οὑ
1232 5204 1321 5257 τὸν
1350 5204 1568 5277 ἔλεγχον
1611 5226 1815 5280 παραι-

243 5289 437 5345 τεῖται.
498 5287 631 5342 ἀλλὰ
675 5290 766 5343 τὸν
802 5293 938 5361 μετὰ
977 5292 1144 5363 θυμοῦ
1170 5312 1184 5325 ο
1214 5296 1334 5349 οὑδὲ
1370 5298 1432 5350 τὸ
1463 5299 1815 5371 παιδευθῆναι

243 5378 458 5446 φεύγει.
496 5380 630 5433 ἀλλὰ
648 5382 710 5435 τὸ
743 5382 880 5452 μετά
906 5384 1073 5455 ὀργῆς
1095 5401 1109 5415 ο
1140 5384 1270 5439 ὡσεὶ
1303 5388 1395 5441 καὶ
1438 5390 1605 5461 ξατρῷ
1631 5409 1714 5455 τις
1747 5393 1817 5447 τὰ

243 5468 331 5521 διὰ
382 5470 653 5542 καυτῆρος
708 5475 801 5527 καὶ
865 5473 1082 5546 σιδήρου
1133 5479 1227 5531 καὶ
1272 5482 1481 5552 πικρῶν
1528 5484 1815 5540 ἀντιδότων

244 5560 606 5631 προσφέροντι
638 5564 961 5637 βοηθήματα
978 5568 1069 5621 ἐπὶ
1096 5568 1152 5623 θε
1162 5573 1362 5643 ραπεία
1385 5575 1585 5640 πάθους
1606 5579 1818 5632 ὑποκεί-

246 5666 405 5719 μενος
438 5650 613 5721 λέγοιο
648 5654 738 5725 Μὴ
764 5654 851 5710 διὰ
879 5658 1044 5727 πυρός
1073 5676 1139 5729 με
1170 5660 1531 5737 θεραπεύσῃς,
1566 5669 1698 5737 μηδὲ
1728 5669 1814 5723 διὰ

247 5740 461 5814 σιδήρου
493 5744 589 5798 καὶ
619 5746 821 5816 τομῶν,
880 5749 1013 5802 ἀλλὰ
1045 5750 1131 5805 διὰ
1158 5752 1333 5821 ἠπίων
1376 5756 1468 5809 καὶ
1500 5760 1813 5830 πραοτέρων

247 5836 569 5903 φαρμάκων.
614 5839 667 5891 '0
697 5839 803 5909 γὰρ
835 5842 1074 5908 τοιοῦτος
1114 5845 1173 5897 οὐ
1236 5845 1331 5913 τὴν
1380 5847 1672 5917 θεραπεξαν
1710 5853 1808 5921 ἀρ-

1926 4670 2057 4711 usus
2087 4655 2244 4725 quasi
2280 4655 2638 4711 delinimento
2690 4656 2756 4710 ad
2807 4655 3069 4711 medelam
3127 4655 3322 4709 anima:
3360 4671 3492 4710 sum.

1923 4744 2387 4816 Supplicationem
2422 4746 2606 4815 itaque
2648 4745 2759 4801 Deo
2792 4746 3013 4809 emittit,
3040 4762 3147 4815 qua
3192 4745 3328 4801 iram
3370 4746 3495 4815 qui-

1920 4836 2043 4893 dem
2087 4838 2446 4908 peccantibus
2500 4839 2759 4893 omnibus
2819 4838 3216 4908 impendentem
3260 4839 3496 4903 avertit,

1922 4930 2256 4999 vocibusque
2284 4931 2498 4986 eximia:
2538 4930 2907 4987 confessionis
2954 4931 3155 4986 bonum
3205 4931 3495 4986 Dominum

1919 5027 2217 5097 propitium
2250 5026 2355 5082 sibi
2398 5026 2550 5081 facit.
2590 5028 2726 5082 Cum
2763 5042 2893 5083 vero
2928 5026 3024 5089 ait,
3064 5027 3316 5093 Domine,
3351 5045 3416 5083 no
3442 5028 3498 5081 in

1916 5118 2097 5187 furore
2136 5126 2225 5170 tuo
2274 5132 2471 5186 arguas
2526 5134 2640 5181 me,
2698 5134 2809 5172 non
2863 5119 3340 5188 reprehensionem
3401 5119 3499 5174 de-

1918 5216 2150 5273 trectat,
2185 5207 2283 5265 sed
2330 5225 2456 5264 cum
2498 5210 2684 5265 furore
2728 5208 3114 5279 conjunctam;
3157 5204 3333 5282 neque
3372 5226 3498 5264 cor-

1918 5301 2223 5371 reptionem
2254 5299 2417 5372 fugit,
2454 5303 2561 5358 sed-
2584 5316 2707 5357 cum
2760 5302 2841 5357 ira
2889 5302 3131 5359 editam:
3167 5320 3232 5359 ac
3280 5304 3326 5358 si
3356 5317 3498 5373 ,συιδ

1918 5394 2133 5449 medico
2167 5409 2261 5463 per
2292 5392 2662 5458 adustionem,
2699 5393 2907 5448 ferrum
2938 5405 2993 5450 et
3024 5394 3221 5450 acerba
3255 5393 3495 5448 remedia

1919 5481 2164 5536 levamen
2192 5482 2369 5537 morbi
2406 5482 2653 5539 offerenti
2704 5483 2990 5553 subjectus
3018 5485 3202 5541 dicat:
3255 5482 3333 5537 Ne
3362 5475 3493 5544 milii

1918 5572 2121 5644 ignem,
2150 5589 2219 5630 ne
2250 5573 2477 5639 ferrum,
2508 5591 2577 5631 ne
2600 5577 2877 5633 sectiones
2904 5576 2974 5632 ad
3012 5578 3278 5633 medelam
3305 5575 3497 5628 adum-

1917 5666 2209 5731 νευεγεοιι
2260 5665 2443 5723 dulcia
2496 5668 2825 5740 mitioraque
2865 5670 3143 5726 remedia;
3192 5668 3317 5722 talis
3348 5668 3492 5723 enim

1916 5758 2083 5813 homo
2107 5774 2215 5814 non
2245 5764 2583 5816 curationem
2614 5764 2823 5829 abnuit,
2866 5764 2958 5819 sed
2997 5763 3270 5817 duriorem
3304 5764 3483 5833 opitu-

1918 5856 2063 5913 landi
2099 5857 2385 5915 rationem.
2444 5859 2773 5931 Plerumque
2820 5868 2997 5917 autem
3032 5854 3289 5928 diximus,
3354 5860 3488 5914 iram
