4010 6530
524 387 628 441 Ξῗθ
1177 385 1441 441 EUSEBII
1472 384 1944 441 C£SARIENSIS
1983 384 2132 440 OPP.
2176 384 2355 439 PARS
2395 384 2477 438 ΙΙΙ,
2518 416 2587 425 -
2614 385 3021 441 EXEGETICA.
3664 390 3783 439 540

524 513 577 556 et
605 502 845 556 furorem
880 501 973 556 Dei
1004 501 1053 555 in
1087 501 1347 557 divinitus
1376 503 1593 558 traditis
1625 502 1947 573 Scripturis,
1977 519 2085 557 non

2189 507 2377 567 νεῖται,
2400 502 2533 556 ἀλλά
2562 503 2653 555 τὸν
2684 504 2950 556 ἐπίπονον
2989 500 3187 571 τρόπον
3224 499 3331 552 τῶν
3383 499 3777 572 βοηθημάτων.

524 593 693 647 animi
727 602 906 649 motus
932 594 984 646 in
1020 592 1127 647 Deo
1153 595 1484 665 signiﬁcare,
1515 611 1638 649 nam
1671 595 1738 649 ab
1764 595 1831 649 iis
1859 610 2086 648 vacuum

2194 593 2457 656 Πολλάκις
2489 593 2546 645 δὲ
2597 593 2828 664 είρηται,
2860 593 2935 655 ὡς
2974 591 3109 663 ὀργὴ
3141 591 3235 645 καὶ⁸
3257 590 3425 660 θυμὸς
3448 589 3581 643 Θεοῦ
3611 590 3782 659 λεγό-

526 685 738 741 Numen
780 696 892 753 est;
926 686 1017 741 sed
1052 704 1149 757 per
1196 690 1605 744 translationem
1652 689 1767 743 haec
1818 690 1992 742 solent
2036 688 2086 741 in

2195 703 2331 757 μενα
2386 688 2443 738 ὲν
2493 688 2611 748 ταῖς
2640 685 3012 747 θεοπνεύστοις
3068 686 3105 735 Γ
3111 685 3308 754 ραφαίς
3338 684 3397 735 οὑ
3445 682 3590 754 πάθη
3638 683 3779 754 περὶ

527 776 814 848 Scriptura
856 779 1156 843 nominari,
1191 781 1647 850 quemadmodum
1704 781 1870 845 oeuli,
1906 796 2091 847 aures,

526 885 742 932 manus,
776 870 951 940 digiti,
984 872 1151 941 pedes
1180 884 1231 928 et
1262 874 1470 944 reliqua
1505 875 1781 929 membra:
1825 891 1945 944 quze
1979 875 2093 942 ipse

525 961 841 1016 hominibus
891 964 1099 1018 utiliter
1147 965 1460 1034 dispensat,
1516 966 1825 1019 auditorum
1884 966 2093 1034 simpli-

520 1051 670 1105 citati
702 1066 761 1106 se
808 1062 1201 1123 attemperans.
1241 1056 1331 1109 Sic
1382 1057 1549 1126 igitur
1596 1057 1830 1111 inllictas
1884 1072 1949 1109 ex
1996 1055 2092 1119 Dei

514 1140 726 1208 judicio
795 1146 1153 1211 peccantibus
1204 1162 1435 1216 pmnas,
1491 1164 1612 1217 quae
1666 1163 1797 1203 sane
1854 1147 2094 1201 molestae

521 1228 839 1299 acerbaeqne
872 1233 1205 1301 patientibus
1236 1244 1387 1300 sunt,
1421 1238 1577 1306 quasi
1610 1253 1674 1291 ex
1708 1238 1786 1289 ira
1822 1247 1870 1291 et
1911 1239 2094 1291 furore

522 1315 764 1374 invectas
794 1320 1102 1378 adumbrat.
1150 1323 1265 1378 lloc
1319 1330 1502 1395 itaque
1548 1326 1706 1381 docet
1761 1343 1920 1381 sacer
1949 1328 2095 1396 Apoc

522 1410 696 1465 stolus
738 1412 964 1477 dicens,
1019 1413 1317 1470 Secundum
1366 1429 1541 1472 autem
1603 1419 1859 1472 duritiam
1908 1429 2090 1486 tuam,

519 1511 571 1556 et
599 1503 926 1570 impunitam
955 1522 1066 1569 cor,
1101 1506 1430 1562 thesaurizas
1482 1510 1574 1564 tibi
1610 1511 1749 1563 iram
1782 1511 1836 1564 in
1862 1511 1946 1564 die
1973 1512 2088 1575 irw,

520 1603 570 1646 et
598 1595 929 1649 revelationis
947 1597 1084 1665 justi
1104 1598 1301 1667 judicii
1336 1599 1453 1663 Dei,
1487 1603 1575 1670 qui
1611 1601 1787 1655 reddet
1818 1602 2094 1672 unicuique

521 1693 807 1746 secundum
839 1710 997 1762 opera
1041 1695 1154 1764 ejus
1177 1697 1222 1727 ⁸⁸
1250 1716 1261 1751 :
1300 1712 1363 1751 ac
1394 1698 1439 1753 si
1474 1699 1599 1767 quis
1620 1698 1873 1753 inductas
1903 1714 1933 1751 a
1976 1699 2093 1768 lege

522 1782 811 1839 liomicidis
853 1800 1066 1853 poenas,
1106 1787 1240 1839 iram
1287 1803 1350 1842 ac
1392 1789 1629 1844 furorem
1669 1790 1936 1861 appellet;
1981 1805 2089 1845 non

2191 778 2279 829 τὸν
2311 778 2446 829 Θεὸν
2476 777 2748 848 σημαίνει,
2784 777 2984 839 παντὸς
3015 776 3123 847 γὰρ
3162 775 3362 838 πάθους
3392 775 3675 846 ἀλλότριον
3708 776 3777 829 τὺ

2191 868 2345 922 Θεῖον
2366 886 2377 898 ·
2415 869 2554 922 κατά
2586 869 2894 940 μεταφορὰν
2926 869 2981 920 δὲ
3013 868 3081 920 τά
3100 866 3323 921 τοιαῦτα
3352 867 3537 920 εἴωθεν
3563 868 3776 938 όνομά-

2194 957 2306 1023 ζειν
2325 963 2352 1013 ὁ
2368 960 2467 1029 τῆς
2496 961 2716 1030 Γραφῆς
2745 960 2919 1027 λόγος,
2948 958 3022 1022 ὼς
3044 960 3138 1011 καὶ
3166 958 3475 1028 ὀφθαλμοὺς
3490 958 3651 1022 Θεοῦ,
3674 962 3775 1012 καὶ

2194 1045 2306 1104 ὦτα
2363 1052 2455 1103 καὶ
2512 1054 2699 1120 χεῖρας
2733 1050 2825 1103 καὶ
2877 1049 3190 1111 δακτύλους,
3232 1050 3325 1100 καὶ
3373 1048 3540 1112 πόδας
3567 1049 3665 1101 καὶ
3694 1049 3773 1101 τὰ

2192 1144 2353 1197 λοιπά
2402 1142 2568 1213 μέληο
2620 1142 2761 1212 ἅπερ
2812 1141 2888 1203 ὡς
2940 1140 3075 1211 πρὸς
3122 1140 3436 1211 ἀνθρώπους
3477 1140 3775 1211 χρησίμως

2192 1238 2571 1305 οἰκονομεῖται,
2599 1232 2905 1301 συγκατιὼν
2933 1236 2997 1302 τῇ
3029 1232 3135 1285 τῶν
3176 1232 3535 1303 ἀκροωμένων
3569 1235 3775 1301 νηπιόο

2191 1343 2334 1396 τητι.
2372 1325 2555 1388 Οὕτως
2592 1321 2683 1377 οὖν
2723 1324 2817 1376 καὶ
2849 1323 2949 1386 τὰς
2988 1324 3329 1395 ἐπαγομένας
3364 1324 3633 1395 τιμωρίας
3656 1329 3775 1388 τοῖς

2193 1417 2565 1487 ἁμαρτάνουσι
2586 1416 2726 1468 κατά
2753 1415 2886 1468 Θεοῦ
2909 1416 3108 1487 κρίσιν,
3130 1415 3456 1484 σκυθρωπάς
3480 1414 3649 1479 οὔσας
3675 1418 3774 1469 καὶ

2194 1509 2448 1576 ἀλγεινὰς
2477 1511 2590 1571 τοῖς
2630 1508 2948 1577 πάσχουσιν,
2978 1508 3176 1560 ὡσανεὶ
3196 1506 3256 1570 ἐξ
3285 1508 3453 1577 ὀργῆς
3474 1507 3567 1561 καὶ
3588 1507 3772 1577 θυμοῦ

2195 1600 2541 1670 ἐπαγομένας
2570 1599 2956 1653 ὑποτυποῦται.
2996 1594 3161 1653 Τοῦτο
3191 1598 3321 1667 γοῦν
3345 1600 3583 1652 διδάσκει
3608 1602 3709 1652 καὶ
3743 1603 3775 1654 ὁ

2197 1693 2341 1764 ἱερὸς
2369 1690 2688 1755 Ἀπόστολος
2712 1691 2913 1759 λέγων·
2947 1694 3106 1744 Κατὰ
3140 1690 3207 1743 δὲ
3239 1690 3352 1758 τὴν
3378 1692 3776 1759 σκληρότητά

2194 1798 2310 1835 σου
2328 1781 2423 1834 καὶ
2452 1782 2854 1851 ἀμετανόητον
2866 1781 3113 1849 καρδίαν
3128 1780 3497 1849 θησαυρίζεις
3528 1783 3774 1848 σεαυτῷ

520 1872 664 1940 quod
693 1889 880 1928 revera
916 1876 997 1930 lex
1032 1877 1108 1930 ira
1134 1889 1185 1931 et
1218 1878 1401 1933 furore
1442 1880 1791 1950 corripiatur,
1826 1880 1920 1935 sed
1943 1882 2086 1951 quod

2189 1873 2375 1942 ὀργὴν
2387 1874 2456 1926 ὲν
2474 1872 2659 1941 ἡμέρᾳ
2674 1872 2853 1942 ὀργῆς
2867 1873 2963 1926 καί
2978 1874 3414 1940 ἀποκαλύψεως
3428 1874 3525 1925 καὶ
3541 1873 3772 1928 δικαιο-

523 1964 570 2018 is
593 1966 686 2035 qui
716 1968 1042 2038 supplicium
1072 1970 1193 2032 luit,
1226 1971 1464 2027 inﬂictas
1490 1988 1677 2042 ptenas
1708 1990 1807 2042 pro
1838 1975 1915 2027 ira
1954 1974 2090 2043 legis

518 2052 735 2108 habeat.
769 2054 887 2109 Jam
924 2073 1055 2111 vero
1098 2059 1319 2127 maligni
1370 2075 1586 2129 quoque
1636 2060 1950 2123 dwmones,
1996 2059 2090 2129 qui

519 2148 907 2216 suppliciorum
938 2149 1119 2219 impiis
1149 2150 1423 2203 illatorum
1448 2152 1682 2206 ministri
1710 2159 1857 2213 sunt,
1877 2165 2089 2205 necnon

517 2240 749 2294 virtutes
786 2240 881 2295 Dei
938 2241 1319 2307 administrze,
1369 2244 1449 2296 ira
1497 2255 1549 2298 et
1601 2245 1753 2299 furor
1801 2253 2085 2299 vocantur.

516 2329 721 2385 Eodem
772 2333 933 2387 modo
985 2333 1053 2388 de
1104 2334 1290 2389 decem
1338 2337 1513 2405 plagis
1559 2345 1749 2391 contra
1804 2337 2089 2407 AEgyptios

518 2421 782 2478 immissis
807 2424 1014 2478 dictum
1049 2434 1152 2488 est,
1193 2425 1344 2479 Misit
1386 2428 1440 2480 in
1469 2445 1555 2481 eos
1588 2428 1820 2497 furorem
1849 2437 1897 2481 et
1928 2429 2086 2488 iram.

515 2512 894 2569 immissionem
933 2532 1025 2584 per
1055 2519 1265 2586 angelos
1294 2519 1461 2573 malos
1485 2520 1552 2572 ’".
1595 2519 1688 2574 Sic
1738 2521 1960 2575 dextera
1995 2520 2089 2576 Dei

516 2598 778 2656 dicuntur
827 2604 966 2658 bona
1016 2621 1112 2675 per
1152 2607 1407 2661 dexteras
1464 2608 1745 2679 bonasque
1791 2618 2090 2679 potestates

516 2687 695 2759 dignis
727 2693 1162 2749 subministrata.
1198 2693 1481 2766 Supplicat
1526 2698 1710 2768 itaque
1746 2698 1937 2762 David,
1966 2716 2033 2755 ne
2059 2715 2089 2753 a

516 2780 772 2849 malignis
799 2786 1163 2852 potestatibus
1184 2797 1537 2858 coarguatur,
1554 2806 1731 2859 neque
1749 2790 2091 2847 immissione

514 2873 830 2941 angelorum
877 2877 1120 2932 tristium
1172 2881 1548 2950 corripiatur;
1605 2882 1699 2937 sed
1757 2884 2089 2939 salutaribus

514 2961 717 3026 verbis,
736 2964 1070 3035 utilibusque
1099 2966 1428 3038 disciplinis,
1449 2978 1501 3025 et
1532 2972 1640 3025 alio
1659 2987 1877 3042 quoque
1904 2973 2087 3037 modo,

515 3063 667 3123 rogat
693 3072 761 3111 ne
793 3068 1040 3113 servetur
1071 3061 1137 3115 ad
1169 3062 1313 3117 diem
1359 3064 1453 3118 ira:
1476 3074 1530 3119 et
1560 3065 1909 3119 revelationis
1952 3066 2089 3135 justi

2191 1968 2426 2035 κρισίας
2438 1966 2543 2019 τοῦ
2562 1964 2729 2028 Θεοῦ,
2745 1966 2811 2030 ὃς
2822 1964 3116 2019 ἀποδώσει
3131 1964 3364 2031 ἑκάστῳ
3374 1966 3521 2018 κατὰ
3538 1964 3609 2017 τὰ
3620 1965 3775 2035 ἔργα

2189 2058 2374 2112 αὑτοῦ
2396 2075 2411 2089 ·
2435 2058 2509 2121 ὡς
2539 2058 2591 2110 εί
2620 2074 2703 2118 τις
2739 2058 2831 2110 καὶ
2850 2057 2947 2118 τὰς
2968 2058 3029 2109 ὲκ
3068 2056 3161 2108 τοῦ
3177 2056 3341 2126 νόμου
3358 2057 3432 2126 τῷ
3457 2055 3776 2127 ἀνδροφόνῳ

2190 2151 2401 2217 ὲπηρτη
2410 2148 2575 2216 μένας
2596 2146 2839 2208 κολάσεις
2854 2146 3019 2216 ὀργὴν
3058 2147 3150 2198 καὶ
3168 2146 3334 2217 θυμὸν
3356 2146 3610 2217 ὀνομάζοι
3625 2164 3637 2175 ⁸
3669 2150 3775 2201 οὐκ

2189 2240 2402 2311 ἀληθῶς
2417 2238 2509 2291 τοῦ
2525 2238 2689 2307 νόμου
2705 2236 3043 2309 θυμουμένου
3074 2240 3167 2290 καὶ
3190 2239 3565 2309 ὀργιζομένου,
3593 2240 3691 2292 τοῦ
3714 2242 3775 2294 δὲ

2189 2332 2546 2402 κολαζομένου
2569 2331 2736 2402 ὀργὴν
2763 2332 2855 2385 τοῦ
2880 2333 3043 2401 νόμου
3064 2333 3161 2403 τὴν
3187 2334 3453 2403 τιμωρίαν
3474 2333 3749 2404 ὑπειληᾳό
3764 2370 3775 2376 -

2188 2428 2443 2498 τος.Ἤδη
2457 2428 2512 2479 δὲ
2528 2426 2685 2479 καὶοὶ
2704 2425 2800 2487 τάς
2817 2425 3063 2489 κολάσεις
3081 2424 3481 2495 διακονούμενοι
3498 2426 3637 2479 κατά
3658 2427 3775 2478 τῶν

2189 2520 2398 2573 ἀσεϐῶν
2432 2522 2654 2592 πονηροὶ
2679 2520 2949 2589 δαίμονες,
2982 2520 3041 2571 αἵ
3070 2536 3129 2570 τε
3160 2519 3488 2589 ὑπηρετικαὶ
3503 2518 3773 2588 δυνάμεις

2188 2613 2281 2665 τοῦ
2298 2612 2432 2665 Θεοῦ
2446 2614 2502 2665 αἱ
2517 2612 2733 2675 τοιαίδε,
2746 2611 2881 2683 ὀργὴ
2894 2613 2987 2664 καὶ
3002 2610 3064 2662 θυ
3074 2610 3169 2680 μὸς
3186 2609 3475 2681 ὠνομάσθη
3484 2610 3773 2666 σαν.υῦτω

2189 2703 2319 2771 γοῦν
2366 2703 2579 2773 εἴρηται
2628 2705 2684 2755 ὲν
2725 2702 2801 2772 τῷ
2842 2701 3100 2772 περὶτῆς
3128 2700 3471 2771 δεκαπλήγου
3495 2700 3595 2769 τῆς
3639 2705 3769 2753 κατ’

2189 2792 2499 2860 Αἰγυπτίων
2545 2791 2876 2863 ἐπαχθείσης
2909 2792 3051 2861 λόγῳ
3096 2792 3189 2843 τό·
3240 2790 3628 2843 Ἀπέστειλεν
3671 2791 3770 2842 ἐπ’

2187 2882 2409 2947 αὐτοὺς
2439 2882 2629 2951 θυμὸν
2654 2883 2753 2934 καὶ
2779 2881 2984 2951 ὀργὴν,
3000 2880 3357 2947 ἀποστολὴν
3381 2880 3455 2933 δι’
3492 2880 3774 2949 ἀγγέλων

2188 2973 2485 3042 πονηρῶν.
2534 2973 2689 3026 Οῦτω
2732 2971 2881 3038 δεξιά
2931 2971 3176 3025 λέλεκται
3235 2971 3369 3024 Θεοῦ
3422 2970 3491 3023 τὰ
3529 2970 3619 3024 διὰ
3654 2970 3771 3023 τῶν

2187 3064 2375 3131 δεξιῶν
2431 3066 2524 3117 καὶ
2584 3065 2801 3133 ἀγαθῶν
2832 3064 3110 3133 δυνάμεων
3157 3067 3270 3127 τοῖς
3300 3063 3469 3128 ἀξίοις
3499 3063 3771 3134 χορηγοῦ⁴

510 3144 706 3213 judicii
742 3147 859 3214 Dei,
887 3151 979 3204 sed
1003 3152 1115 3220 jam
1156 3152 1209 3206 in
1246 3156 1503 3223 praesenti
1541 3156 1649 3210 vita
1676 3166 1730 3211 et
1778 3166 1905 3211 ante
1939 3172 2086 3210 mor-

2192 3172 2345 3224 μενα.
2406 3156 2654 3210 Ὶκετεύει
2717 3158 2891 3209 τοίνυν
2945 3159 2973 3209 ὁ
3013 3155 3173 3208 Δαυῒδ
3228 3156 3304 3226 μὴ
3358 3154 3445 3208 διὰ
3508 3156 3770 3224 πονηρῶν

517 3246 624 3294 tem
655 3248 877 3305 peccata
902 3240 1070 3307 cluat,
1108 3243 1251 3317 quod
1290 3244 1477 3313 utique
1501 3254 1696 3300 nactus
1719 3254 1823 3300 est.
1862 3245 1926 3299 Et
1958 3260 2086 3301 vero

2189 3248 2466 3319 δυνάμεων
2494 3248 2842 3320 ἐλεγχθῆναι,
2880 3250 3015 3321 μηδὲ
3054 3250 3120 3302 δι’
3172 3248 3471 3319 ἀποστολῆς
3513 3248 3771 3315 ἀγγέλων

514 3327 728 3383 videtur
754 3345 971 3398 pmnam
1015 3333 1253 3402 dedisse,
1287 3350 1384 3404 per
1430 3336 1767 3391 calamitates
1797 3346 1921 3391 ante
1968 3337 2086 3391 obi-

2190 3340 2530 3411 σκυθρωπῶν
2580 3341 2928 3412 παιδευθῆναι
2950 3358 2964 3372 ·
3008 3341 3095 3394 διὰ
3132 3340 3303 3409 λόγων
3353 3340 3410 3392 δὲ
3455 3339 3767 3409 σωτηρίων,

514 3426 629 3474 tum
651 3420 755 3489 ipsi
784 3422 985 3484 illatas,
1012 3432 1071 3476 ut
1097 3440 1160 3479 ex
1187 3424 1498 3497 Regnorum
1521 3426 1748 3482 historia
1772 3427 2083 3484 didicimus.

2189 3432 2279 3485 καὶ
2317 3432 2652 3502 μαθημάτων
2694 3434 2991 3503 ὠφελίμων
3032 3434 3123 3486 καὶ
3170 3432 3343 3495 άλλως
3386 3431 3446 3485 δὲ
3494 3431 3771 3485 ἀντιϐολεῖ

513 3509 632 3565 Alia
677 3526 895 3581 quoque
939 3515 1150 3571 ratione
1182 3516 1249 3572 de
1308 3534 1367 3574 se
1422 3518 1538 3587 ipse
1579 3534 1769 3587 pmnas
1813 3521 2084 3591 sumpsit,

2192 3524 2266 3595 μὴ
2294 3524 2596 3595 τηρηθῆναι
2636 3526 2715 3589 είς
2765 3526 2978 3597 ἡμέραν
3026 3525 3193 3594 ὀργῆς
3227 3526 3320 3578 καὶ
3365 3522 3770 3592 ἀποκαλύψεως

513 3598 643 3653 dum
677 3617 736 3656 se
776 3603 831 3658 in
877 3605 1045 3659 variis
1085 3608 1453 3666 confessionis
1487 3611 1662 3666 modis
1702 3611 2085 3668 allliCtionibus

2190 3617 2285 3669 καὶ
2331 3616 2724 3688 δικαιοκρισίας
2767 3617 2859 3670 τοῦ
2911 3616 3070 3677 Θεοῦ,
3110 3615 3209 3686 ἤδη
3251 3616 3307 3667 δὲ
3348 3614 3595 3667 ἐντεῦθεν
3620 3616 3769 3667 κατὰ

512 3690 740 3748 dedidit.
774 3691 888 3748 Hoc
922 3704 1083 3765 pacto
1119 3698 1283 3756 etiam
1317 3701 1557 3770 loquitur
1588 3719 1600 3757 :
1639 3699 1695 3753 Si
1725 3701 1853 3771 quid
1893 3718 2085 3773 perpe-

2189 3708 2278 3762 τὸν
2312 3709 2553 3777 παρόντα
2583 3710 2693 3779 βίον
2721 3709 2824 3779 πρὸ
2850 3709 2947 3778 τῆς
2978 3702 3234 3776 τελευτῆς
3263 3706 3665 3760 ἀπολούσασθαι
3694 3710 3770 3761 τὲ

510 3786 676 3849 travi,
699 3802 809 3856 quo
829 3787 1028 3857 dignus
1068 3790 1169 3845 sim
1204 3792 1296 3860 qui
1323 3807 1351 3844 a
1382 3792 1570 3849 furore
1593 3808 1830 3864 arguar;
1859 3804 1912 3848 at
1946 3796 2085 3850 resi-

2189 3797 2589 3867 ἁμαρτήματα·
2633 3800 2726 3852 καὶ
2771 3798 2924 3867 ἔτυχέ
2978 3814 3037 3865 γε
3083 3796 3176 3850 τοῦ
3228 3797 3450 3850 σκοποῦ.
3506 3795 3769 3849 Φαίνεται

511 3875 731 3943 piscens
762 3892 893 3947 rogo
926 3887 982 3932 ut
1018 3894 1047 3932 a
1078 3881 1266 3943 verbo,
1295 3897 1404 3935 non
1447 3898 1478 3937 a
1527 3883 1709 3941 furore
1754 3900 1986 3955 arguar;
2026 3894 2079 3940 et

2189 3887 2313 3955 γοῦν
2344 3888 2498 3961 δίκην
2526 3890 2793 3953 δεδωκὼς,
2823 3889 2887 3942 δι’
2912 3882 2986 3941 ὧν
3016 3888 3183 3942 ἔπαθε
3216 3889 3320 3959 πρὸ
3358 3889 3455 3957 τῆς
3482 3887 3765 3956 τελευτῆς,

511 3980 542 4020 a
578 3966 848 4034 doctrina,
877 3986 987 4023 non
1022 3971 1090 4024 ab
1116 3972 1195 4025 ira
1223 3975 1509 4044 corripiar.

2189 3979 2256 4043 ὡς
2296 3983 2358 4034 ὲκ
2408 3983 2508 4052 τῆς
2564 3984 2796 4054 ἱστορίας
2844 3983 2950 4035 τῶν
2999 3981 3293 4035 Βασιλειῶν
3340 3980 3762 4051 μεμαθήκαμεν.

512 4057 622 4113 Καὶ
648 4057 821 4121 ἄλλως
881 4059 934 4112 δὲ
982 4062 1143 4124 αὐτὸς
1196 4064 1384 4117 ἑαυτὸν
1438 4070 1756 4137 ἐτιμωρεῖτο
1821 4070 2097 4134 παντοίαις
2158 4074 2471 4128 ὑποϐάλλων
2522 4076 2824 4129 κακώσεσιν
2878 4077 2934 4128 ὲν
2982 4078 3092 4138 τοῖς
3158 4075 3254 4145 τῆς
3314 4073 3754 4144 ὲξομολογήσεως

512 4146 750 4217 τρόποις.
797 4151 905 4204 Καὶ
964 4152 1137 4216 ἄλλως
1187 4155 1243 4207 δέ
1284 4173 1477 4225 φησιν·
1508 4160 1556 4209 εί
1613 4160 1922 4229 πέπρακταί
1990 4180 2073 4233 μοι
2112 4168 2349 4222 τοιοῦτον
2411 4170 2496 4237 ἐφ’
2524 4165 2604 4231 οἷς
2653 4169 2797 4234 ἀξιον
2864 4169 2968 4220 ὑπὸ
3030 4166 3202 4238 θυμοῦ
3244 4166 3584 4237 ἐλεγχθῆναι,
3625 4163 3765 4216 ἀλλά

511 4252 573 4310 τε
628 4242 962 4311 μετανοήσας
1011 4245 1313 4315 παρακαλῶ
1354 4248 1456 4299 ὑπὸ
1500 4247 1675 4315 λόγου,
1722 4250 1815 4304 καὶ
1872 4252 1945 4322 μὴ
1999 4254 2101 4311 ὑπὸ
2140 4257 2311 4329 θυμοῦ
2356 4260 2693 4330 ἐλεγχθῆναι,
2730 4261 2824 4312 καὶ
2878 4258 2983 4313 ὑπὸ
3012 4258 3377 4322 διδασκαλίας,
3406 4256 3606 4326 καὶμὴ
3655 4254 3763 4305 ὑπὸ

510 4330 681 4403 ὀργῆς
718 4336 1084 4407 παιδευθῆναι.

582 4449 751 4507 Vens.
782 4453 834 4507 5.
872 4436 1134 4519 Quoniam
1179 4460 1384 4529 sagitta:
1435 4470 1537 4514 tua:
1574 4462 1753 4530 inﬁxa:
1774 4474 1894 4517 sunt
1934 4465 2078 4519 mihi.

2261 4464 2647 4530 Ὅτιτὰβέλη
2686 4479 2801 4517 σου
2841 4460 3222 4531 ἐνεπὰγησὰν
3258 4479 3376 4530 μοι.
3426 4463 3484 4513 '0
3515 4462 3614 4531 μὲν
3650 4458 3761 4531 γάρ

512 4544 793 4616 Siquidem
841 4550 1043 4605 athleta
1086 4551 1211 4616 Job,
1242 4554 1427 4606 omnia
1476 4557 1839 4611 tentationum
1879 4574 2079 4627 genera

2189 4556 2421 4628 ἀθλητὴς
2463 4555 2600 4620 Ἰὼϐ,
2636 4556 2917 4618 παντοίους
2945 4553 3241 4624 ὑπομείνας
3274 4553 3632 4622 πειρασμοὺς,
3658 4551 3761 4603 οὐκ

509 4653 823 4707 perpessus,
859 4656 969 4694 non
1002 4642 1284 4712 ignorabat
1322 4645 1588 4700 undenam
1622 4647 1736 4701 haec
1769 4648 1870 4702 sibi
1900 4648 2083 4703 eveni-

510 4734 652 4793 rent,
700 4743 870 4797 quare
896 4728 1115 4783 dicebat
1149 4749 1160 4783 :
1209 4729 1431 4800 Sagitta:
1469 4736 1607 4786 enim
1665 4735 1879 4790 Domini
1916 4738 2081 4790 inore

506 4836 621 4873 meo
646 4831 787 4884 sunt,
827 4839 1051 4891 quarum
1084 4824 1167 4878 ira
1188 4841 1354 4877 meum
1383 4826 1539 4880 ebibit
1560 4831 1865 4898 sanguinem
1894 4831 1958 4883 ⁸².
1983 4828 2083 4886 Da.-

504 4912 595 4965 vid
628 4921 807 4965 autem
840 4930 948 4967 non
978 4916 1032 4968 in
1055 4930 1285 4985 corpore
1313 4919 1473 4973 veluti
1503 4920 1604 4975 Job
1636 4923 1807 4993 plagis
1832 4922 2078 4984 aﬂ‘ectus,

506 5003 604 5058 sed
633 5004 683 5056 in
717 5006 834 5074 ipsa
866 5007 1045 5061 anima
1086 5008 1232 5063 letali
1257 5013 1481 5067 vulnere
1511 5014 1822 5077 confossus,
1866 5030 1972 5069 non
2006 5016 2081 5067 ait

506 5097 968 5163 quemadmodum
1025 5099 1121 5155 Job
1152 5122 1163 5156 :
1200 5102 1420 5173 Sagitta:
1468 5105 1682 5160 Domini
1736 5109 1789 5159 in
1834 5122 1921 5158 ore
1963 5121 2075 5157 meo

505 5195 663 5247 sunt;
691 5185 787 5240 sed
819 5207 831 5242 :
869 5189 1134 5255 Quoniam
1171 5196 1382 5263 sagittae
1416 5205 1517 5249 tua;
1548 5198 1727 5265 infixa:
1775 5206 1897 5249 sunt
1926 5195 2074 5259 mihi,

503 5287 552 5331 at
586 5281 1091 5354 con/irmastisuper
1125 5304 1204 5341 me
1244 5306 1456 5341 manum
1486 5299 1651 5341 tuam.
1683 5288 1775 5342 llic
1799 5304 1927 5342 vero
1962 5305 2075 5341 ma-

506 5385 636 5423 num
670 5370 762 5425 Dei
796 5387 1060 5430 memorat
1093 5378 1178 5431 liis
1211 5380 1395 5433 verbis
1428 5399 1441 5433 :
1484 5378 1677 5432 Manus
1702 5380 1839 5432 enim
1866 5379 2078 5431 Domini

502 5470 579 5513 est
609 5478 726 5530 qua:
749 5466 918 5533 tetigit
959 5468 1115 5521 me”.
1147 5469 1405 5524 Diabolus
1438 5480 1618 5523 autem
1653 5469 2032 5523 Dominodixit
2063 5490 2074 5523 :

504 5548 657 5607 Mitte
692 5570 905 5609 manum
938 5568 1103 5623 tuam,
1130 5569 1179 5613 et
1204 5570 1357 5629 tange
1384 5562 1560 5613 omnia
1584 5576 1700 5628 qua?
1724 5560 1874 5613 habet
1897 5562 1943 5592 ⁸⁵
1980 5580 1992 5613 :
2025 5569 2078 5616 et

504 5659 723 5708 rursum
756 5669 766 5678 -
804 5648 955 5705 Mitte
989 5668 1203 5706 manum
1254 5662 1398 5704 tuam
1461 5662 1508 5705 et
1538 5661 1689 5722 tange
1718 5669 1925 5706 carnem
1963 5655 2075 5723 ejus

575 5801 617 5833 '°
656 5802 815 5862 Rom.
857 5823 922 5874 n,
961 5808 1012 5871 5,
1044 5810 1094 5862 6.
1174 5810 1211 5840 '“
1258 5806 1404 5864 Psal.
1441 5823 1656 5872 Lxxvu,
1692 5808 1779 5865 i9.

1928 5812 1970 5841 ⁸³
2010 5808 2109 5866 Job
2141 5825 2231 5875 γι,
2268 5810 2319 5865 4.
2396 5812 2437 5843 υ
2475 5810 2573 5865 Job
2608 5825 2700 5863 xix
2728 5848 2741 5873 ,
2778 5808 2866 5863 21.

2188 4649 2371 4720 ἠγνόει
2409 4648 2568 4702 πόθεν
2598 4647 2744 4718 αὐτῷ
2776 4648 2924 4701 ταῦτ’
2960 4649 3166 4715 ἐγίνετο
3188 4664 3200 4677 ·
3231 4646 3309 4699 διὸ
3349 4645 3559 4712 ἔλεγεν·
3601 4643 3759 4709 Βέλη

2190 4743 2297 4811 γὰρ
2334 4741 2554 4808 Κυρίου
2586 4741 2655 4792 ἐν
2682 4739 2760 4805 τῷ
2787 4740 3036 4808 στόματί
3054 4739 3169 4808 μοῦ
3197 4742 3371 4801 εἰσιν,
3401 4731 3486 4790 ὧν
3508 4740 3542 4790 ό
3572 4737 3761 4804 θυμιλς

2188 4829 2385 4883 αὐτῶν
2441 4829 2668 4882 ἐκπίνει
2711 4846 2827 4897 μου
2870 4829 2934 4881 τὸ
3000 4824 3159 4897 αἷμα.
3209 4830 3265 4881 '0
3309 4827 3364 4879 δὲ
3407 4826 3667 4887 Δαυῗδ,οὐ
3693 4826 3759 4877 τὸ

2190 4920 2347 4990 σῶμα
2373 4919 2598 4989 πληγεὶς
2624 4921 2821 4990 ὁμοίως
2853 4919 2929 4988 τῷ
2968 4919 3106 4983 Ίὼὸ,
3134 4920 3303 4988 αὐτὴν
3344 4918 3399 4970 δὲ
3446 4917 3543 4987 τὴν
3580 4916 3759 4987 ψυχὴν

2188 5011 2404 5081 καιρίαν
2426 5009 2673 5081 τρωθεὶς,
2700 5010 2797 5078 οὐχ
2824 5008 3021 5078 δμοίως
3049 5006 3124 5077 τῷ
3164 5006 3280 5059 ’1ὼὸ
3326 5006 3520 5073 φάσκει
3550 5021 3563 5034 ·
3598 5004 3755 5070 Βέλη

2184 5107 2291 5171 γὰρ
2316 5104 2534 5170 Κυρίου
2563 5102 2632 5154 ἐν
2668 5102 2745 5165 τῷ
2778 5102 3029 5168 στόματί
3067 5117 3184 5168 μου
3212 5098 3413 5150 ἐστίν’
3450 5095 3585 5157 ἀλλ’,
3628 5096 3759 5147 Ὀτι

2185 5194 2254 5246 τὰ
2282 5194 2436 5259 ,ϐέλη
2470 5208 2585 5245 σου
2628 5192 3011 5261 erantimch
3047 5210 3167 5260 μοι,
3218 5192 3311 5243 καὶ
3356 5188 3758 5256 ἐπεστήριξας

2184 5286 2274 5337 ἐπ’
2304 5285 2407 5353 ἐμὲ
2441 5284 2555 5351 τὴν
2575 5284 2741 5354 χεῖρά
2762 5302 2897 5339 σου.
2934 5286 2990 5337 Ὀ
3018 5284 3073 5336 δὲ
3104 5282 3427 5354 μνημονεύει
3454 5282 3549 5353 τῆς
3575 5284 3757 5351 χειρὸ³ς

2186 5378 2388 5447 Κυρίου
2418 5378 2589 5444 λέγων
2610 5394 2621 5405 ·
2650 5378 2784 5443 Χεὶρ
2808 5377 2912 5444 γὰρ
2935 5377 3155 5443 Κιιρίου
3194 5374 3363 5427 ἐστὶν
3397 5375 3435 5440 ὴ
3474 5371 3753 5441 ἁψαμένη

2179 5486 2316 5536 μου.
2374 5469 2481 5521 Καὶ
2533 5470 2561 5519 ὁ
2606 5467 2845 5529 διάϐολος
2875 5466 2952 5535 τῷ
2976 5466 3183 5537 Κυρίῳ,
3221 5465 3600 5517 Ἀπόστειλον
3639 5461 3755 5527 τὴν

2186 5561 2349 5629 χεῖρά
2374 5580 2489 5615 σου
2512 5561 2603 5614 καὶ
2636 5562 2785 5629 ἅψαι
2814 5559 3055 5612 πάντων
3089 5554 3175 5612 ὧν
3202 5559 3344 5627 ἕχει,
3378 5560 3580 5626 ἔφασκε
3599 5572 3612 5585 ⁸
3658 5554 3751 5609 καὶ

2187 5654 2343 5707 πάλιν
2364 5671 2375 5683 ·
2423 5656 2798 5709 Ἀπόστειλον
2822 5651 2933 5719 τὴν
2954 5648 3121 5721 χεῖρά
3156 5668 3291 5713 σου,
3343 5649 3435 5703 καὶ
3468 5648 3610 5715 ἅψαι
3630 5642 3751 5700 tibi

2966 5808 3014 5841 ”
3051 5805 3150 5863 Job
3184 5822 3231 5871 ι,
3272 5806 3356 5860 ll.
