4010 6538
263 369 360 425 σιι

1390 371 1890 429 COMMENTAHIA
1927 374 1992 430 IN
2034 373 2374 430 PSALMOS.

3423 376 3530 430 ΞΗ

263 491 505 564 σαρκῶν
516 493 702 549 αὑτοῦ
721 493 818 548 καί
837 493 955 547 τῶν
976 494 1201 550 ὀστέων
1215 496 1423 552 αὑτοῦ.
1443 496 1579 549 Ἀλλ’
1594 498 1756 569 ἑτέρα
1769 514 1851 561 τις

1958 510 2002 553 et
2033 516 2156 553 ossa
2183 499 2296 568 ejus
2327 495 2602 552 “.Verum
2631 495 2737 549 alia
2773 509 2972 549 manus
2995 499 3206 558 erat,et
3226 492 3346 548 alia:
3360 495 3529 563 sagit-

264 584 331 659 ἦν
348 588 468 660 χεὶρ
483 587 576 641 καὶ
587 587 675 640 ἑτε
683 604 748 659 ρα
762 585 886 656 βέλη
907 587 1012 640 τῶν
1030 588 1244 658 σαρκῶν
1255 587 1417 641 αὐτοῦ
1435 589 1502 642 τά
1515 589 1615 642 καθ
1625 589 1848 660 ικόμενα

265 679 472 734 καὶτῶν
490 679 814 751 σωματικῶν
845 679 1217 750 ὑπαρχόντων·
1234 681 1467 733 ἐνταῦθα
1482 681 1524 734 δ’
1548 680 1849 752 ἐπειδήπερ

265 771 362 842 τὴν
384 770 560 841 ψυχὴν
576 770 744 842 αὐτὴν
761 771 1048 841 νενόσηκεν
1065 774 1092 825 6
1106 771 1290 837 Δαυῒδ,
1305 773 1389 826 ’ἐτε
1397 791 1462 845 ρα
1481 773 1612 844 βέλη
1628 774 1850 829 καθικέρ

266 862 389 916 σθαι
413 862 576 916 αὐτοῦ
598 863 875 935 σημαίνει,
905 864 998 918 καὶ
1015 864 1209 937 ἑτέραν
1230 868 1387 936 χεῖρα
1407 866 1500 920 τοῦ
1527 867 1659 920 Θεοῦ
1681 864 1851 939 ἧφθαι

264 954 452 1020 αὐτοῦ,
495 955 637 1010 καθά
692 955 936 1027 ἐφθημεν
993 957 1262 1020 εἰπόντες,
1323 957 1390 1009 τὰ
1445 957 1638 1026 λογικὰ
1687 958 1848 1031 βέλη,

268 1047 467 1118 μᾶλλον
488 1047 543 1101 δὲ
570 1047 767 1112 αὐτοὺς
799 1047 894 1100 τοῦ
946 1045 1081 1100 Θεοῦ
1131 1047 1322 1117 λόγους
1365 1049 1655 1113 νύττοντας
1687 1051 1850 1103 αὐτοῦ

264 1141 366 1213 τὴν
396 1140 595 1212 ψυχὴν,
647 1141 740 1194 καὶ
787 1139 884 1210 τὴν
945 1140 1250 1210 συνείδησιν
1285 1142 1455 1213 αὐτὴν
1505 1143 1852 1213 τιμωρουμέ-

263 1250 410 1296 νους.
442 1235 666 1304 Μήποτε
694 1233 750 1287 δὲ
805 1232 900 1285 καὶ
934 1233 1094 1286 αὐτὸν
1124 1234 1212 1287 τὸν
1245 1234 1488 1289 διάϐολον
1519 1237 1614 1290 καὶ
1646 1235 1714 1288 τὰ
1757 1235 1850 1288 τοῦ

261 1326 511 1380 διαϐόλου
540 1325 910 1396 πεπυρωμένα
937 1324 1065 1397 βέλη
1099 1326 1168 1380 τά
1185 1325 1462 1396 παθητικά
1485 1328 1581 1380 καὶ
1614 1328 1854 1398 ἐρωτικὰ

261 1419 332 1473 τά
385 1421 466 1483 εἰς
514 1418 808 1490 ἐπιθυμίαν
843 1419 1006 1472 αὐτὸν
1047 1417 1324 1489 ἐξάψαντα
1368 1421 1468 1490 τῆς
1513 1419 1608 1474 τοῦ
1657 1421 1853 1491 Οὐρίου

263 1511 520 1580 γυναικὸς
579 1511 868 1582 σημαίνει;
901 1504 977 1564 ὧν
1012 1511 1104 1564 καὶ
1152 1514 1180 1565 6
1240 1512 1560 1576 Ἀπόστολος
1615 1511 1853 1565 διδάσκει

261 1603 434 1672 λέγων
454 1620 466 1632 ο
501 1601 858 1657 Ἀναλάὸετε
891 1601 1005 1671 τὴν
1020 1604 1369 1656 πανοπλίαν
1391 1603 1498 1657 τοῦ
1517 1603 1689 1667 Θεοῦ,
1708 1603 1856 1670 πρὸς

262 1694 325 1748 τὸ
375 1693 671 1748 δύνασθαι
716 1693 915 1748 πάντα
979 1694 1051 1747 τὰ
1093 1693 1490 1762 πεπυρωμένα
1537 1693 1697 1760 ,ϐέλη
1749 1693 1854 1747 τοῦ

260 1786 530 1855 πονηροῦ
580 1785 815 1841 σϐέσαι.
873 1787 1082 1857 ’Ὠσπερ
1129 1785 1186 1838 δὲ
1226 1785 1346 1839 Ἰὼϐ
1380 1787 1449 1840 τὰ
1476 1785 1564 1840 τοῦ
1604 1784 1854 1839 διαϐόλου

1949 597 2022 646 tu:
2051 608 2174 663 qua:
2209 606 2432 646 carnem
2471 597 2526 646 et
2555 605 2821 660 corporea
2851 589 2971 658 ejus
3017 587 3359 658 attingebant
3392 605 3405 640 :
3443 587 3530 639 hic

1953 693 2134 740 autem
2181 684 2309 756 quia
2368 681 2540 736 David
2595 681 2776 735 anima
2807 679 3218 754 aagrotabat._se
3250 678 3374 733 aliis
3402 693 3532 732 eon-

1952 777 2161 833 fossum
2225 770 2708 846 telis,'aliamque
2763 791 2986 829 manum
3045 773 3140 828 Dei
3187 788 3246 828 se
3286 771 3532 842 tetigisse

1951 869 2244 941 signiﬁcat,
2268 871 2345 924 uti
2379 870 2634 940 superius
2654 867 2917 932 diximus,
2949 865 3208 920 nimirum
3242 863 3535 918 rationabi-

1950 961 2032 1016 les
2067 959 2318 1030 sagittas,
2348 959 2458 1012 imo
2480 973 2609 1013 vero
2641 959 2758 1026 ipsa
2797 955 2892 1012 Dei
2928 956 3115 1020 verba,
3140 970 3262 1024 qua:
3295 953 3534 1008 animam

1954 1049 2284 1120 pungebant,
2314 1055 2368 1103 et
2402 1047 2469 1103 de
2509 1047 2851 1102 conscientia
2891 1047 3012 1116 ejus
3063 1047 3394 1118 supplicium
3440 1061 3535 1099 su-

1953 1141 2192 1196 mebant.
2223 1139 2363 1194 Num
2393 1140 2533 1194 forte
2565 1140 2741 1208 ipsum
2776 1139 3056 1194 diabolum
3077 1147 3128 1193 et
3155 1139 3322 1210 ignita
3346 1137 3537 1193 diabo-

1953 1233 1990 1286 li
2032 1232 2138 1287 tela
2171 1229 2424 1286 affectum
2451 1232 2750 1286 excitantia
2782 1239 2836 1285 et
2879 1231 3167 1296 amatoria,
3199 1245 3322 1300 qua:
3355 1229 3537 1299 ipsum

1953 1323 2020 1376 ad
2055 1319 2558 1391 concupiscentiam
2604 1320 2792 1376 uxoris
2831 1318 2976 1375 Uriac
3023 1319 3418 1382 accendebant,
3451 1319 3538 1374 his

1955 1414 2163 1468 indicat
2187 1413 2210 1466 ?
2241 1413 2310 1466 de
2341 1413 2542 1483 quibus
2569 1415 2683 1467 tuaac
2712 1414 2918 1467 inunita
2945 1413 3039 1467 dat
3067 1412 3364 1482 Apostolus
3392 1429 3407 1466 :
3433 1411 3539 1464 Ac-

1953 1507 2109 1574 cipite
2135 1514 2471 1558 armaturam
2497 1503 2616 1571 Dei,
2634 1515 2689 1558 ut
2709 1505 2923 1574 possitis
2948 1506 3125 1559 omnia
3154 1504 3261 1558 tela
3281 1505 3541 1575 nequissi-

1955 1599 2028 1652 mi
2051 1599 2383 1669 exstinguere
2411 1599 2478 1653 ".
2505 1597 2977 1663 Quemadmodum
3008 1604 3188 1650 autem
3221 1593 3324 1649 Job
3347 1594 3539 1648 diabo-

1955 1690 1992 1744 li
2031 1691 2262 1762 sagittas
2292 1699 2344 1745 et
2373 1689 2622 1745 immissa
2652 1692 2870 1758 corpori
2901 1703 3003 1742 suo
3041 1689 3252 1750 ulcera,
3285 1685 3414 1757 quia
3446 1685 3540 1739 Dei

1959 1783 2229 1853 permissu
2269 1782 2612 1844 acciderant,
2643 1783 2873 1852 sagittas
2927 1780 3144 1834 Domini
3207 1779 3421 1834 vocavit
3465 1777 3543 1832 di-

261 1879 392 1951 βέλη
423 1881 517 1933 καὶ
541 1878 610 1933 τά
653 1879 784 1950 ἕλκη
814 1879 882 1933 τὰ
903 1878 1222 1932 ἐπιτεθέντα
1264 1879 1413 1950 αὐτῷ
1459 1878 1601 1932 κατὰ
1630 1879 1724 1932 τοῦ
1746 1878 1854 1932 σώ-

1958 1891 2090 1930 ccns
2126 1893 2138 1929 :
2185 1871 2329 1926 Nam
2366 1875 2578 1944 sagitta:
2618 1872 2836 1926 Domini
2881 1875 2936 1924 in
2982 1886 3200 1939 corpore
3233 1885 3344 1924 meo
3397 1880 3542 1932 sunt,

262 1987 432 2042 ματος
455 2009 470 2034 ,
523 1969 712 2040 ἐπειδὴ
741 1968 886 2023 κατὰ
917 1967 1268 2040 συγχώρησιν
1307 1970 1517 2038 ἐγίνετο
1564 1970 1657 2022 τοῦ
1695 1969 1853 2032 Θεοῦ,

263 2061 392 2132 βέλη
422 2060 630 2132 Κυρίου
659 2060 942 2130 ὠνόμασεν
965 2059 1134 2113 εἰπών
1155 2078 1167 2090 ·
1204 2061 1360 2128 Bai-.171
1397 2061 1507 2132 γὰρ
1538 2062 1759 2129 Κυρίου
1787 2061 1857 2114 ἐν

259 2149 344 2217 τῷ
371 2151 628 2220 στόματί
636 2168 756 2220 μου
789 2151 980 2214 ἐστίν,
1008 2144 1086 2204 ὧν
1116 2155 1148 2205 ό
1175 2151 1361 2220 θυμὸς
1393 2151 1592 2206 αὐτῶν
1625 2154 1853 2206 ἐκπίνει

259 2261 376 2315 μου
437 2245 500 2298 τὸ
547 2239 720 2314 οἶμαο
778 2244 952 2308 οὕτως
987 2244 1133 2310 εἰκὸς
1177 2246 1271 2298 καὶ
1304 2245 1394 2298 τὸν
1431 2245 1593 2299 Δαυῒδ
1621 2246 1854 2300 ἐνταῦθα

262 2335 393 2406 βέλη
430 2337 634 2409 Κυρίου
688 2336 988 2407 εἰρηκέναι,
1025 2337 1145 2389 ἐπεὶ
1187 2337 1330 2390 κατά
1364 2337 1712 2409 condimch
1758 2338 1852 2392 τοῦ

260 2430 470 2499 Κυρίου
494 2428 996 2498 κατεστρατεύσατο
1011 2428 1177 2481 αὐτοῦ
1201 2430 1229 2481 6
1255 2429 1456 2483 ἁντίπα
1467 2434 1570 2494 λος,
1595 2431 1682 2483 ἵνα
1708 2431 1853 2504 μάθῃ

261 2519 337 2591 μὴ
361 2520 571 2588 λέγειν·
595 2523 677 2575 Οὐ
711 2522 798 2591 μὴ
836 2519 1114 2575 σαλευθῶ
1156 2523 1244 2587 είς
1293 2521 1400 2574 τὸν
1435 2522 1639 2576 αίῶνα.
1703 2523 1854 2575 Ἐπεὶ

257 2611 369 2683 γάρ
425 2615 490 2684 τῇ
535 2612 718 2683 χάριτι
764 2611 858 2666 τοῦ
906 2611 1040 2665 Θεοῦ
1099 2612 1508 2684 δυναμούμενος
1577 2613 1719 2684 μέγα
1767 2611 1850 2682 ἐφ’

260 2704 439 2776 ἑαυτῷ
469 2705 734 2778 ὲφρόνησέ
753 2704 996 2772 ποτε,ώς
1027 2705 1496 2761 ἀπαυθαδίσασθαι
1524 2708 1617 2760 καὶ
1640 2708 1816 2762 εἰπεῖν
1833 2722 1850 2737 ο

273 2795 414 2865 Ἐγὼ
443 2795 513 2850 δὲ
543 2793 681 2850 εἶπα
709 2798 778 2851 ὲν
800 2795 874 2864 τῇ
896 2797 1142 2864 εὐθηνίᾳ
1167 2815 1316 2866 μου’
1348 2801 1430 2852 Οὐ
1457 2797 1544 2868 μὴ
1576 2797 1855 2852 σαλευθῶ

257 2889 347 2953 εἰς
394 2887 502 2941 τὸν
547 2887 764 2941 αἰῶναο
799 2886 990 2940 τούτου
1020 2888 1179 2958 χάριν
1205 2889 1431 2952 εἰκότως
1463 2889 1736 2961 παρεδόθη
1777 2889 1855 2961 τῷ

260 2979 598 3053 πειράζοντι,
622 2981 701 3044 ὃς,
725 2980 824 3050 τῆς
870 2979 1050 3050 ψυχῆς
1087 2981 1252 3034 αὐτοῦ
1287 2980 1695 3052 καθαψάμενος,
1733 2999 1856 3052 μει-

260 3071 431 3138 ζόνως
481 3073 642 3127 αὐτὸν
675 3075 708 3144 ἦ
739 3074 831 3126 τὸν
871 3071 991 3126 Ἰὼϐ
1046 3073 1377 3144 ἐζημίωσεν.
1420 3075 1482 3128 Εἰ
1516 3075 1573 3127 δὲ
1617 3076 1666 3127 οἰ
1705 3075 1853 3144 λόγοι

257 3164 354 3218 τοῦ
380 3164 540 3228 Θεοῦ,
574 3166 623 3222 οἰ
672 3166 770 3237 τῆς
807 3165 1206 3236 δικαιοκρισίας
1240 3165 1401 3219 αὐτοῦ
1459 3167 1854 3237 ὐπομνηστικοὶ

258 3257 356 3312 καὶ
388 3257 484 3327 τῆς
543 3258 714 3330 ὀργῆς
740 3258 838 3329 τῆς
876 3263 989 3323 τοῖς
1016 3260 1428 3332 ἁμαρτάνουσιν
1461 3259 1853 3332 ἐπηρτημένης

256 3349 649 3413 διδασκαλικοὶ,
697 3350 867 3421 βελῶν
905 3354 1044 3405 εἰσιν
1093 3351 1361 3424 ὀξύτεροι,
1404 3351 1506 3422 τὴν
1545 3352 1850 3422 συνείδησιν

257 3441 543 3506 νύττοντες
566 3460 578 3472 ·
603 3444 698 3497 καὶ
719 3443 894 3508 οὕτως
917 3444 1093 3509 εἴποις
1118 3444 1184 3497 ἂν
1217 3444 1306 3497 τὸν
1335 3442 1518 3506 Δαυῒδ,
1543 3447 1655 3509 τοῖς
1684 3446 1852 3515 ἱεροῖς

255 3535 470 3599 τούτοις
485 3536 580 3588 καὶ
600 3535 765 3599 θείοις
783 3535 959 3605 βέλεσι
985 3536 1173 3590 κεντού
1183 3554 1367 3607 μενον,
1395 3536 1632 3604 εὐλόγως
1653 3553 1851 3607 παραιο

255 3628 470 3683 τείσθαι
498 3629 590 3683 τὸν
611 3628 702 3682 διὰ
724 3628 816 3682 τοῦ
843 3628 1013 3700 θυμοῦ
1041 3628 1280 3698 ἔλεγχον.
1313 3628 1696 3699 Προσλαϐόντα
1721 3629 1850 3698 γάρ,

255 3721 416 3790 φησὶ,
451 3721 553 3791 τὴν
581 3720 750 3792 ὀργὴν
776 3720 870 3774 καὶ
895 3720 985 3772 τὸν
1019 3719 1189 3790 θυμὸν
1224 3719 1292 3772 τά
1329 3719 1481 3789 παρὰ
1505 3719 1598 3771 σοῦ
1631 3719 1854 3772 καθικό-

259 3817 402 3887 μενά
433 3833 523 3885 μοι
560 3814 709 3886 βέλη,
768 3816 966 3878 ἱκανῶς
1003 3832 1070 3884 με
1109 3817 1454 3886 τιμωρεῖται,
1506 3816 1598 3868 καὶ
1640 3816 1930 3886 αὐτάρκως

256 3909 583 3981 ἑπαλλήλων
613 3909 924 3980 συμφορῶν.

334 4026 457 4078 οὐκ
505 4024 676 4078 ἐστιν
717 4024 882 4090 ἴασις
935 4023 1004 4076 ἐν
1039 4022 1110 4092 τῇ
1144 4025 1332 4091 σαρκί
1355 4041 1474 4092 μου
1509 4025 1629 4078 ἀπὸ
1675 4039 1856 4093 προσ-
1917 4019 1928 4029 ’

252 4123 424 4175 ὠπου
461 4119 572 4188 τῆς
617 4119 801 4190 ὀργῆς
850 4137 987 4184 σου,
1035 4122 1146 4173 οὐκ
1182 4119 1355 4172 ἔστιν
1391 4117 1599 4188 εἰρήνη
1627 4119 1696 4172 ἐν
1725 4119 1854 4185 τοῖς

257 4213 498 4278 ὀστέοις
525 4231 644 4282 μου
687 4212 805 4266 ἀπὸ
845 4210 1169 4280 προσώπου
1224 4209 1344 4264 τῶν
1382 4209 1682 4280 ἁμαρτιῶν
1707 4229 1849 4281 μου.

255 4305 373 4377 Τὴν
403 4303 514 4377 γάρ
546 4304 722 4376 σάρκα
749 4321 872 4374 μου,
904 4303 970 4356 δι’
995 4299 1064 4374 ἧς
1088 4303 1403 4374 πέπρακταί
1431 4321 1520 4374 μοι
1557 4305 1618 4356 τὸ
1667 4305 1851 4374 ἁμάρ-

257 4415 434 4468 τημα,
476 4398 731 4451 κολάσεσι
785 4395 1081 4466 παρέδωκα
1123 4397 1538 4468 τιμωρούμενος
1592 4399 1849 4468 ἐμαυτόν.

255 4489 434 4544 Τοῦτο
456 4489 566 4561 γάρ
591 4489 685 4543 καὶ
715 4489 902 4560 ἐδήλου
929 4487 996 4541 δι’
1020 4489 1222 4561 ἑτέρων
1244 4489 1447 4559 λέγων·
1485 4491 1592 4544 Καί
1624 4493 1855 4545 ἐταπεί-

1955 1984 2181 2038 quarum
2198 1967 2352 2036 furor
2380 1967 2538 2021 ebibit
2565 1982 2736 2020 meum
2773 1967 3082 2033 sanguinem
3112 1965 3190 2030 “7;
3222 1965 3294 2018 ita
3347 1963 3542 2019 verisi-

1955 2061 2081 2114 mile
2121 2068 2206 2115 est
2236 2059 2360 2114 ideo
2398 2057 2658 2114 Davidem
2689 2059 2778 2112 hic
2805 2059 3039 2128 sagittas
3070 2057 3285 2111 Domini
3314 2055 3542 2116 dixisse.

1955 2155 2083 2224 quia
2126 2169 2193 2208 ex
2233 2152 2327 2208 Dei
2364 2168 2634 2208 concessu
2688 2153 2948 2208 inimicus
2984 2168 3110 2206 eum
3172 2149 3544 2222 Oppugnabat,

1955 2255 2014 2300 ut
2039 2245 2308 2302 edisceret
2339 2261 2451 2300 non
2481 2246 2556 2299 ita
2583 2245 2914 2315 loquendum
2950 2260 3072 2300 esse
3104 2263 3117 2298 :
3158 2242 3282 2296 Non
3301 2244 3544 2296 movebar

1954 2339 2007 2390 in
2032 2346 2286 2392 wternum
2317 2338 2386 2392 ⁸³.
2412 2336 2554 2404 Quia
2583 2338 2730 2392 enim
2761 2337 3060 2406 aliquando
3092 2334 3189 2390 Dei
3228 2334 3401 2405 gratia
3434 2333 3546 2388 ιυι-

1955 2438 2049 2484 tus
2074 2444 2270 2499 magna
2297 2429 2366 2484 de
2395 2445 2456 2484 se
2487 2437 2762 2491 senserat,
2803 2429 2877 2482 ita
2926 2436 2987 2482 ut
3038 2435 3360 2498 arroganter
3391 2426 3548 2481 dice-

1953 2532 2034 2576 ret
2067 2541 2078 2576 :
2120 2520 2234 2592 Ego
2271 2534 2445 2576 autent
2481 2521 2594 2576 dixi
2631 2523 2684 2576 in
2711 2521 3046 2575 abundantia
3086 2537 3202 2574 men
3232 2535 3250 2574 :
3283 2518 3407 2574 Non
3433 2537 3549 2572 mo-

1953 2613 2104 2668 rebor
2163 2617 2217 2667 in
2258 2625 2514 2668 wternum
2562 2615 2642 2680 '9;
2679 2614 2802 2668 ideo
2847 2614 2974 2684 jure
3015 2614 3274 2668 tentatori
3309 2611 3546 2666 traditus

1952 2716 2056 2762 est.
2091 2706 2186 2776 qui
2244 2708 2485 2762 animam
2535 2707 2658 2777 ejus
2705 2707 2964 2769 adortus,
3005 2705 3186 2775 majus
3235 2704 3341 2774 ipsi
3379 2718 3544 2774 quam

1952 2799 2090 2855 Jobo
2109 2800 2368 2854 damnum
2397 2801 2600 2855 intulit.
2634 2799 2792 2867 Quod
2819 2803 2865 2855 si
2889 2815 3177 2856 sermones
3201 2796 3318 2860 Dei,
3351 2797 3446 2867 qui
3477 2794 3547 2850 de

1950 2893 2103 2962 justo
2129 2893 2250 2961 ejus
2271 2893 2492 2962 judicio
2511 2893 2837 2958 admonent,
2861 2899 2916 2947 et
2959 2889 3366 2960 imprudentem
3417 2900 3547 2956 pec-

1955 2986 2210 3040 cantibus
2243 2985 2379 3038 iram
2413 2985 2538 3055 ejus
2566 2985 2818 3048 edocent,
2847 2983 3065 3054 sagittis
3091 2980 3371 3036 acutiores
3394 2986 3544 3043 sunt,

1959 3087 2316 3150 punguntque
2367 3078 2796 3144 conscientiam;
2843 3092 2976 3132 sane
3031 3074 3240 3130 dixeris
3288 3071 3546 3126 Daxidem

1959 3171 2134 3227 sacris
2174 3171 2326 3227 hisce
2361 3186 2426 3226 ac
2469 3171 2676 3226 divinis
2720 3170 2940 3241 sagittis
2983 3171 3327 3234 confossum,
3359 3182 3545 3238 repre-

1958 3265 2279 3320 hensionem
2302 3279 2426 3319 cum
2463 3263 2648 3318 furore
2681 3264 2884 3334 illatam
2912 3263 3038 3333 jure
3069 3276 3378 3318 recusasse.
3408 3258 3544 3315 Nam

1957 3358 2064 3412 tela
2089 3357 2186 3414 abs
2220 3364 2273 3412 te
2303 3357 2434 3412 mihi
2477 3357 2746 3419 immissa,
2771 3359 2867 3422 ait,
2887 3373 3010 3427 quae
3035 3357 3172 3410 iram
3207 3365 3262 3410 et
3304 3353 3546 3409 furorem

1956 3455 2111 3501 tuum
2158 3455 2578 3518 przeverterunt,
2613 3446 2948 3502 sullicienter
2993 3447 3062 3500 de
3096 3461 3183 3500 me
3218 3444 3548 3516 supplicium

1960 3548 2209 3604 sumunt,
2244 3555 2308 3593 ac
2336 3540 2473 3595 satis
2525 3555 2611 3594 me
2640 3539 2913 3611 castigant
2951 3559 2963 3594 :
2999 3538 3094 3594 sed
3125 3539 3296 3593 etiam
3350 3549 3549 3590 manus

1961 3639 2055 3685 tua
2110 3647 2206 3702 per
2249 3632 2431 3686 illatas
2472 3631 2789 3702 frequenter
2841 3631 3187 3686 calamitates
3237 3643 3326 3684 me
3366 3626 3548 3682 conti-

1962 3733 2058 3791 git.

1969 3836 2036 3889 με
2073 3819 2327 3885 κολάζει·
2365 3820 2500 3873 ἀλλὰ
2523 3820 2618 3873 καὶ
2650 3821 2682 3890 ἡ
2714 3819 2835 3890 χείρ
2877 3835 2968 3874 σου
3002 3817 3286 3890 καθήψατο
3317 3813 3406 3868 διά
3440 3813 3550 3867 τῶν

2033 4022 2203 4078 Vsus.
2245 4022 2300 4078 4.
2344 4021 2463 4075 Non
2506 4030 2584 4074 est
2637 4019 2845 4073 curatio
2889 4019 2943 4072 in
2983 4035 3142 4072 carne
3187 4034 3303 4071 mea
3345 4035 3378 4073 a
3413 4017 3552 4090 facie

1960 4119 2056 4172 ira:
2098 4126 2223 4181 tuw,
2253 4127 2303 4170 et
2347 4133 2449 4169 non
2479 4124 2556 4168 est
2593 4129 2700 4182 pax
2727 4111 2938 4167 ossibus
2977 4113 3106 4166 meis
3137 4129 3168 4164 a
3199 4111 3338 4180 [acie
3365 4128 3552 4180 pecca-

1960 4220 2136 4264 torum
2181 4224 2438 4263 meoram.
2481 4208 2716 4261 Carnem
2755 4205 2958 4276 quippe
2999 4219 3197 4269 meam,
3220 4219 3328 4275 qua
3356 4219 3554 4275 pecca-

1960 4311 2074 4354 tum
2108 4300 2329 4365 admisi,
2360 4296 2646 4368 suppliciis
2681 4296 2903 4362 tradidi,
2937 4295 3199 4349 ultionem
3239 4294 3308 4348 de
3337 4309 3425 4348 me
3457 4308 3552 4348 su-

1961 4409 2136 4448 mens.
2171 4391 2286 4446 lloe
2317 4393 2463 4446 enim
2519 4394 2573 4446 in
2625 4391 2748 4446 aliis
2796 4403 3018 4460 quoque
3049 4388 3187 4442 locis
3221 4385 3551 4457 signiﬁcavit

1961 4485 2153 4539 dicens
2190 4503 2202 4537 :
2237 4482 2305 4536 Et
2333 4483 2684 4536 humiliabam
2715 4482 2770 4535 in
2793 4480 3000 4551 jejunio
3035 4481 3272 4531 animam
3288 4492 3458 4530 meam
3477 4476 3546 4542 ⁹⁰;

255 4600 414 4639 νουν
433 4583 504 4636 ἐν
523 4581 772 4648 νηστείᾳ
797 4579 912 4648 τὴν
934 4580 1144 4649 ψυχήν
1159 4599 1300 4650 μου·
1331 4583 1445 4644 καὶ,
1462 4585 1533 4636 Ἢ
1555 4582 1715 4652 σάρξ
1736 4603 1854 4654 μου

1963 4583 2017 4629 et
2051 4595 2062 4630 :
2109 4574 2250 4630 Caro
2309 4590 2424 4628 mea
2460 4575 2744 4627 immutata
2783 4581 2863 4625 est
2904 4579 3116 4639 propter
3145 4568 3315 4622 oleum
3351 4568 3545 4631 ";et:

257 4675 562 4745 ἠλλοιώθη
577 4673 650 4726 δι’
671 4673 898 4728 ἔλαιον·
929 4675 1044 4738 καὶ,
1065 4676 1473 4745 Ἐπελαθόμην
1505 4677 1611 4730 τοῦ
1644 4677 1858 4748 φαγεῖν

256 4767 561 4836 τὸνᾶρτον
577 4785 695 4837 μου
721 4766 837 4820 ἀπὸ
866 4765 1192 4834 προσώπου
1222 4767 1330 4822 τοῦ
1359 4770 1698 4838 στεναγμοῦ
1713 4789 1856 4839 μου,

258 4860 357 4913 καὶ
404 4859 506 4911 ὅσα
558 4855 803 4910 τοιαῦτα.
860 4857 1005 4910 Ἀντὶ
1047 4858 1104 4910 δὲ
1157 4857 1266 4924 τῆς
1302 4857 1502 4928 ὁρτῆς,
1553 4859 1860 4930 συμφώνως

272 4950 507 5014 Ἀκύλας
558 4949 652 5003 καί⁹
702 4951 731 5002 6
787 4948 1103 5020 Σύμμαχος,
1184 4949 1317 5002 Ἀπὸ
1369 4951 1698 5017 προσώπου
1745 4953 1858 5021 τῆς

257 5041 668 5112 ἑμόριμήσεώς
719 5057 856 5107 σου,
905 5043 1282 5113 ήρμήνευσαν.
1324 5043 1590 5116 Ἀπήρκει
1619 5045 1728 5115 γάρ
1765 5062 1856 5115 μοι

257 5130 295 5208 ἦ
327 5135 438 5189 ἀπὸ
458 5134 566 5188 τῶν
597 5134 705 5187 σῶν
739 5134 897 5188 θείων
929 5133 1163 5206 Γραφῶν
1195 5135 1551 5205 ὲμϐρίμησις,
1581 5137 1674 5190 καὶ
1705 5138 1737 5207 ἡ
1765 5136 1854 5190 διὰ

258 5226 358 5280 τοῦ
399 5225 693 5297 προσώπου
749 5225 940 5280 Ναθὰν
987 5226 1209 5298 ἀπειλή.
1256 5227 1402 5280 Ἀντὶ
1429 5227 1486 5279 δὲ
1514 5227 1609 5281 τοῦ
1639 5245 1654 5260 ο
1719 5227 1854 5282 Ἀπὸ

260 5316 588 5385 προσώπου
621 5315 738 5370 τῶν
774 5316 1073 5385 ἁμαρτιῶν
1110 5335 1250 5387 μου,
1281 5321 1310 5371 6
1335 5321 1632 5391 Σύμμαχος
1667 5321 1853 5393 ἡρμή-

260 5424 440 5472 νευσε,
503 5408 606 5462 Διὰ
635 5409 744 5475 τὰς
797 5408 1083 5477 ἁμαρτίας
1135 5426 1268 5477 μου.
1330 5412 1563 5464 Ἀτοπον
1610 5411 1666 5464 δὲ
1702 5411 1856 5465 οὐδὲν

261 5501 399 5554 ὀστᾶ
421 5501 545 5564 τούς
571 5502 805 5565 οἰκείους
829 5501 1144 5555 ἀποκαλεῖν.
1177 5503 1239 5556 Ei
1271 5503 1378 5575 γάρ
1405 5506 1573 5576 ἐσμεν
1609 5505 1855 5578 ἀλλήλων

266 5592 428 5666 μέλη,
456 5594 549 5647 καὶ
581 5594 657 5656 ώς
689 5594 770 5647 ἐνὶ
813 5593 1016 5658 πάντες
1052 5593 1516 5667 κατελογίσθημεν
1557 5597 1770 5669 σώματι
1794 5595 1854 5648 τὸ

339 5777 384 5808 ³⁸
424 5776 529 5832 Job
563 5794 633 5842 ιι,
671 5779 721 5830 εἰ.

269 5844 317 5878 ’⁸
358 5845 503 5904 Psal.
540 5865 707 5910 cvm,
745 5850 832 5905 24.
909 5844 964 5884 ’ί
996 5850 1141 5907 Psal.
1175 5865 1258 5913 Ct,

820 5781 864 5811 ⁸⁵
907 5779 1117 5859 Ειιῑιεε..
1165 5793 1250 5838 γι,
1483 5783 1524 5812 ⁸⁷
1566 5779 1666 5836 Job
1701 5798 1786 5846 γι,
1845 5808 1854 5825 κ

1973 5783 2018 5815 ⁸⁵
2056 5780 2202 5838 Psal.
2263 5794 2428 5846 xxtx,
2488 5776 2542 5832 7.
2619 5774 2664 5806 ”
2705 5773 2836 5829 ibid.

1965 4666 2176 4722 Oblitus
2207 4681 2324 4719 sum
2369 4663 2636 4718 comedere
2669 4679 2858 4732 panem
2891 4676 3060 4713 meum
3089 4675 3120 4711 a
3149 4657 3287 4726 facie
3324 4657 3549 4726 gemitus

1962 4761 2064 4813 mei
2089 4762 2158 4824 ",
2187 4767 2241 4813 et
2272 4759 2493 4814 similia.
2523 4756 2630 4810 Pro
2671 4763 2854 4810 autem
2907 4755 3026 4815 irae,
3054 4751 3251 4822 Aquila
3301 4758 3356 4806 et
3387 4747 3551 4821 Sym-

1961 4851 2212 4915 machus,
2251 4869 2284 4905 a
2323 4850 2459 4920 {acie
2488 4850 2730 4918 fremitus
2789 4846 2886 4909 tui,
2919 4844 3178 4900 similiter
3205 4841 3548 4913 interpretati

1961 4956 2113 4999 sunt.
2149 4944 2298 4998 Satis
2324 4943 2526 5012 quippe
2552 4941 2690 4994 mihi
2725 4944 2845 4994 erat
2881 4935 3138 4991 fremitus
3172 4934 3262 4989 ille
3289 4935 3383 5004 qui
3404 4933 3548 4988 diri-

1961 5035 2050 5090 nis
2083 5034 2386 5103 Seripturis
2412 5035 2522 5086 tuis
2569 5029 2910 5091 enuntiatur,
2939 5034 2994 5082 et
3045 5025 3423 5081 interminatio
3453 5039 3550 5094 per

1960 5127 2177 5182 Nathan
2211 5128 2536 5198 prophetam
2597 5125 2763 5179 facta.
2816 5121 2924 5177 Pro
2965 5119 3059 5175 illo
3111 5127 3317 5184 autem,
3349 5135 3384 5173 a
3412 5118 3549 5188 facie

1959 5229 2296 5291 peccatorum
2338 5233 2609 5282 meorum,
2662 5215 3049 5288 Symmachus,
3085 5223 3298 5283 propter
3334 5218 3548 5280 peccata

1960 5331 2096 5378 mea,
2136 5313 2527 5382 interpretatus
2585 5316 2689 5364 est.
2743 5308 2891 5362 Nihil
2925 5321 3092 5378 porro
3139 5303 3438 5360 absurdum
3465 5309 3550 5356 est

1957 5422 2084 5463 ossa
2109 5405 2445 5461 domesticos
2468 5419 2688 5458 vocare.
2717 5401 2853 5456 Nam
2877 5402 2924 5457 si
2957 5401 3095 5456 alter
3115 5399 3342 5454 alterius
3372 5409 3551 5451 mem-

1961 5501 2059 5554 bra
2086 5515 2304 5564 sumus,
2339 5509 2395 5553 et
2424 5497 2584 5568 quasi
2620 5497 2677 5551 in
2719 5511 2891 5550 unum
2930 5509 3136 5564 corpus
3165 5504 3357 5546 omnes
3397 5503 3550 5543 com-

1963 5596 2270 5666 pingimur,
2299 5601 2450 5649 certe
2484 5607 2612 5649 ossa
2648 5591 2898 5662 singulos
2931 5589 3089 5644 nobis
3141 5585 3422 5657 proximos
3453 5598 3550 5652 ap-

2935 5770 2978 5800 ’°
3017 5766 3163 5824 Psal.
3207 5781 3393 5829 χχχιιι,
3463 5762 3548 5819 l3.
