4010 6514
528 369 633 426 N3

1216 375 1485 434 EL'SEBII
1525 377 2008 434 CJESARIENSIS
2042 377 2192 434 OPP.
2235 377 2413 433 PARS
2446 378 2535 433 ill.
2571 411 2638 420 —-
2677 372 3085 436 EXECETICA.

3696 385 3816 435 ευ

529 487 734 557 pellere
763 490 1036 545 convenit.
1063 491 1328 547 Caeterum
1357 493 1472 549 haec
1509 511 1618 549 non
1656 496 1748 550 uni
1787 502 1979 551 sancto
2003 494 2108 549 Da-

2215 497 2489 567 ἀπεῖργον,
2519 495 2612 548 καὶ
2632 495 2766 550 όστᾶ
2797 497 2922 559 τοὺς
2949 496 3086 549 κατὰ
3123 493 3288 566 μέρος
3322 494 3417 548 καὶ
3446 493 3811 566 χρειωδαστάο

528 578 640 634 vidi
676 581 971 650 contigisse
998 581 1253 644 dicimus,
1287 585 1382 639 sed
1414 587 1578 641 etiam
1604 587 1790 642 multis
1818 589 1979 654 aliis;
2004 573 2114 643 im°o

527 683 658 724 vero
690 669 958 741 hodieque
987 673 1196 727 sanctis
1230 675 1364 730 viris
1422 675 1661 746 idipsum
1713 677 1767 730 in
1809 679 2114 733 tentatione

526 763 748 818 accidit.
780 761 914 816 Nam
965 763 1353 835 inexspectata:
1408 768 1731 838 plerumque
1763 769 2112 824 calamitates

523 852 869 917 oboriuntur,
902 863 960 910 ut
995 856 1335 914 tolerabilius
1385 861 1459 914 sit
1502 861 1700 916 bellum
1761 862 1828 915 ab
1873 861 2115 916 inimicis

525 943 734 998 lllatum
764 945 1196 1016 prOpinquorum
1251 947 1477 1018 impetu,
1504 966 1644 1020 quos
1706 950 1948 1005 diximus
1989 966 2114 1005 ossa

523 1036 732 1118 tr0pice
780 1047 1000 1093 vocatos
1039 1055 1182 1096 esse.
1214 1039 1373 1108 Quod
1427 1043 1471 1097 si
1512 1042 1627 1098 hate
1673 1044 1933 1098 omnibus
1965 1059 2116 1097 com-

520 1127 732 1191 munia,
767 1131 1080 1188 communis
1129 1133 1388 1188 omnibus
1450 1150 1583 1188 sane
1645 1133 1810 1187 fuerit
1841 1133 2115 1188 orationis

520 1221 743 1276 modus.
781 1221 1020 1278 Cuilibet
1045 1241 1283 1295 namque
1314 1227 1714 1280 tentationibus
1747 1227 2016 1295 impetito,
2050 1241 2114 1279 ac

519 1312 762 1377 defesso,
796 1316 1151 1386 cupientique
1193 1318 1650 1390 tranquillitatem
1685 1333 1715 1371 a
1765 1317 1873 1372 Deo
1900 1317 2115 1372 obtine-

521 1419 602 1466 re,
638 1404 755 1459 haec
794 1409 1040 1475 precatio
1065 1408 1347 1471 convenit.

592 1495 757 1554 Vsus.
810 1499 844 1552 5
879 1529 905 1540 -
956 1501 1042 1556 1‘2.
1098 1501 1365 1568 Quoniam
1411 1502 1714 1572 iniquitates
1761 1517 1887 1555 metu
1929 1515 2115 1568 super-

516 1608 712 1662 gressa:
767 1601 888 1646 sunt
927 1603 1081 1661 caput
1125 1611 1316 1658 meum,
1355 1595 1490 1648 sicut
1547 1613 1679 1648 onus
1723 1611 1878 1664 grave
1910 1611 2106 1666 grava-

519 1695 589 1737 ta:
644 1695 768 1739 sunt
824 1701 979 1754 super
1039 1703 1139 1742 me.
1203 1685 1529 1740 Putruerunt
1593 1701 1642 1740 et
1693 1694 1954 1754 corruptis
1992 1695 2114 1739 sunt

517 1777 793 1832 cicatrices
839 1795 986 1832 mete.
1031 1778 1126 1833 llis
1157 1778 1440 1839 docemur.
1474 1795 1541 1833 ne
1583 1779 1724 1832 mala
1765 1779 2108 1833 occultemus

2213 600 2337 646 τους
2376 583 2608 653 μάλιστα
2638 584 2838 653 λέγειν.
2888 584 3035 654 Πλὴν
3057 584 3177 653 οὐχὶ
3210 584 3358 655 μόνῳ
3388 583 3559 637 ταῦτα
3584 583 3814 655 συμϐῆ-

2215 676 2302 728 ναί
2337 693 2517 745 φαμεν
2555 674 2634 746 τῷ
2668 675 2944 744 θεσπεσίῳ
2977 674 3158 737 Δαυῖδ,
3199 675 3334 729 ἀλλὰ
3372 674 3481 746 γὰρ
3517 677 3610 728 καὶ
3646 675 3812 728 πλεί-

2218 783 2358 832 στοις
2385 769 2616 840 ἑτέροις⁸
2644 768 2844 840 μᾶλλον
2864 768 2920 822 δὲ
2943 769 3038 822 καὶ
3066 769 3144 832 εις
3163 767 3322 840 δεῦρο
3349 768 3647 840 πράττεται
3678 784 3812 820 πει-

2219 860 2532 932 ραζομένων
2560 861 2747 928 ἀγῖων.
2808 859 3084 930 Ἀδόκητοι
3131 859 3240 932 γὰρ
3281 859 3629 931 περιστάσεις
3671 861 3812 912 ἀνα-

2217 952 2437 1022 φύονται
2487 953 2766 1016 πολλάκις,
2823 953 2962 1007 ὥστε
3011 952 3468 1024 δυσφορητότερον
3515 948 3660 1006 εἶναι
3705 952 3809 1005 τοῦ

2216 1045 2344 1113 παρ’
2373 1043 2581 1117 ἐχθρῶν
2613 1044 2846 1114 πολέμου
2871 1043 2970 1107 τὰς
2995 1044 3100 1099 τῶν
3133 1044 3349 1097 οἰκείων
3375 1044 3806 1107 ἐπαναστάσεις,

2214 1134 2308 1197 οὓς
2332 1136 2427 1188 καὶ⁵
2451 1135 2584 1188 ὁστεῖ
2601 1152 2781 1205 φαμεν
2801 1135 3114 1205 ὠνομάσθαι
3137 1133 3432 1209 τροπικῶς.
3455 1135 3515 1186 Ei
3536 1133 3591 1187 δὲ
3624 1133 3809 1187 ἅπασι

2213 1226 2385 1280 ταῦτα
2419 1227 2590 1291 κοινὰ,
2620 1228 2794 1290 κοινὸς
2826 1227 2890 1282 ἂν
2927 1229 3010 1298 εἴη
3049 1227 3262 1281 πάντων
3296 1227 3394 1296 τῆς
3427 1227 3748 1295 προσευχῆς
3780 1227 3809 1279 ό

2212 1319 2430 1388 τρόπος.
2447 1321 2613 1374 Παντὶ
2629 1320 2736 1392 γὰρ
2752 1319 2980 1392 ἁρμόζει
3002 1337 3064 1374 πε
3075 1319 3377 1391 ιραζομένῳ
3401 1319 3494 1371 καὶ
3508 1318 3805 1387 κάμνοντι,

2213 1411 2517 1482 γλιχομένῳ
2545 1429 2602 1464 τε
2637 1414 2816 1481 τυχεῖν
2851 1412 3187 1483 ἡμερότητος
3215 1411 3314 1481 τῆς
3337 1411 3488 1484 παρὰ
3511 1408 3676 1462 Θεοῦ.

2287 1504 2414 1557 ’Ὁτι
2465 1507 2524 1557 al
2575 1505 2812 1573 ἀνομίαι
2856 1522 2974 1574 μου
3013 1502 3321 1572 ὐπερῇραν
3369 1504 3482 1564 τὴν
3519 1502 3807 1571 κεφαλήν

2207 1615 2362 1666 μου,
2420 1597 2565 1651 ὡσεί
2621 1599 2868 1667 φορτίον
2892 1597 3053 1664 βαρὺ
3091 1597 3510 1665 ἐϐαρύνθησαν
3532 1596 3626 1648 ἐπ’
3672 1596 3787 1665 ἐμὲ

2213 1689 2608 1758 Προσώζεσαν
2635 1691 2732 1744 καί
2771 1689 3094 1756 ἐσάπησαν
3139 1692 3189 1742 οἱ
3208 1687 3497 1757 ,ιιώλωπές
3523 1705 3670 1757 μου.
3705 1689 3807 1741 Διὰ

2213 1781 2421 1837 τούτων
2482 1783 2723 1838 διδάσκει
2777 1784 2925 1854 ἡμᾶς
2980 1785 3008 1836 ὁ
3049 1782 3226 1851 λόγος,
3274 1781 3350 1852 μὴ
3409 1781 3680 1852 κρύπτειν
3734 1781 3803 1834 τὰ

517 1877 731 1931 nostra,
747 1885 850 1924 neu
879 1879 1096 1940 pet-cata
1116 1886 1214 1926 ceu
1233 1872 1520 1940 quemdam
1546 1871 1817 1940 nigrorem
1848 1881 1898 1926 et
1923 1884 2106 1925 eorru-

2217 1878 2425 1932 ἑαυτῶν
2459 1876 2624 1942 κακὰ,
2673 1877 2792 1948 μηδ’
2831 1876 3020 1948 ὥσπερ
3061 1876 3179 1929 τινὰ
3231 1874 3484 1948 μελανίαν
3509 1877 3602 1927 καὶ
3633 1873 3806 1944 σῆψιν

516 1967 757 2038 ptionem
782 1965 836 2020 iu
851 1965 1044 2020 intimo
1061 1965 1256 2019 anima:
1285 1963 1701 2019 concludamus.
1727 1962 1860 2018 Tota
1879 1964 1964 2018 die
1984 1981 2111 2018 con-

519 2063 762 2118 tristatus
798 2059 1153 2131 ingrediebar,
1184 2062 1433 2131 quoniam
1452 2062 1630 2114 anima
1657 2078 1772 2115 utea
1802 2062 2018 2129 impleta
2033 2071 2109 2116 est

518 2151 860 2208 illusionibus
886 2151 1244 2205 illudentt'un'.
1279 2151 1370 2205 Sic
1395 2167 1560 2221 porro
1590 2150 1888 2220 intelligas:
1908 2167 2030 2207 cum
2056 2153 2109 2206 in

518 2243 677 2299 titulo
705 2242 1069 2314 significasset
1087 2245 1354 2313 psalmum
1376 2244 1428 2296 in
1449 2246 1934 2298 rememorationem
1963 2261 2106 2312 esse,

515 2331 640 2402 jure
669 2333 797 2386 illuc
831 2334 1150 2396 remittitur,
1189 2340 1244 2387 et
1274 2348 1397 2403 quae
1428 2334 1533 2388 sibi
1557 2334 1668 2402 jam
1699 2335 1828 2389 olim
1861 2337 2099 2404 contige-

519 2432 644 2478 rant
675 2424 892 2494 repetit,
921 2423 1087 2480 Docet
1116 2413 1242 2480 item
1267 2427 1483 2494 qualem
1515 2425 1568 2480 in
1591 2427 1959 2483 conditionem
1986 2437 2111 2499 post

520 2513 735 2583 lapsum
767 2513 1287 2583 peccati'devenerit
1315 2534 1327 2569 :
1354 2532 1459 2587 qua
1485 2517 1550 2572 de
1573 2532 1741 2571 causa
1767 2527 1934 2572 totam
1965 2520 2108 2574 hanc

517 2604 925 2661 confessionem
971 2605 1106 2661 edit.
1149 2605 1206 2662 In
1245 2608 1359 2663 hazc
1405 2609 1612 2672 omnia,
1658 2610 1858 2680 inquit,
1913 2611 2105 2676 incidi,

519 2694 649 2763 quia
681 2694 918 2764 quodam
949 2702 1216 2768 tempore,
1249 2695 1356 2753 Cor
1388 2715 1559 2752 meum
1589 2699 1964 2754 conturbatum
2003 2711 2106 2766 est,

516 2795 566 2842 et
619 2784 896 2856 dereliquit
947 2803 1027 2841 mo
1073 2791 1240 2843 virtus
1293 2807 1442 2854 mea,
1499 2800 1550 2846 et
1605 2791 1780 2846 lumen
1829 2793 2102 2847 oculorum

2215 1968 2356 2022 κατὰ
2401 1967 2598 2040 βάθους
2635 1969 2735 2038 τῆς
2786 1967 2963 2038 ψυχῆς
3005 1967 3248 2038 συνέχειν
3306 1966 3373 2022 τὰ
3399 1967 3803 2038 ἁμαρτήματα.

2217 2063 2412 2129 Ὅλην
2459 2061 2574 2128 τὴν
2619 2060 2848 2130 ἡμέραν
2899 2057 3334 2127 σκυθρωπάζων
3385 2059 3803 2126 ἐπορευόμην,

2213 2151 2302 2207 ὅτι
2329 2154 2367 2220 ἡ
2396 2152 2565 2221 ψυχή
2594 2169 2713 2222 μου
2747 2149 3092 2217 ἐνεπλήσθη
3125 2147 3470 2218 ἐμπαιγμῶν
3486 2147 3808 2216 ἐμπαιζόν-

2212 2261 2350 2300 των.
2384 2245 2616 2316 Νοήσεις
2645 2243 2701 2296 δέ
2748 2242 2842 2296 καὶ
2874 2241 3068 2304 οὕτως,
3106 2240 3704 2312 προεπισημηνάμενος
3747 2239 3805 2290 ἐν

2210 2337 2276 2408 τῇ
2313 2336 2626 2405 προγραφῇ,
2659 2333 2732 2398 ὼς
2782 2332 2890 2405 ἄρα
2931 2333 3015 2403 εἴη
3049 2333 3136 2397 εὶς
3165 2329 3524 2400 ἀνάμνησιν,
3569 2330 3805 2392 εἰκότως

2211 2423 2689 2493 ἀναπεμπὰζεται,
2754 2424 2847 2475 καὶ
2890 2422 2957 2475 τὰ
2987 2421 3154 2476 πάλαι
3200 2418 3349 2488 αὐτῷ
3407 2417 3803 2489 συμϐεὸηκότα

2211 2512 2675 2583 ἐπαναλαμϐάνει.
2734 2513 2982 2567 Διδάσκει
3020 2528 3078 2563 τε
3124 2512 3179 2562 ἐν
3225 2504 3308 2572 οἷς
3335 2509 3544 2577 γέγονε,
3587 2507 3671 2576 τῷ
3703 2508 3805 2576 τῆς

2212 2606 2482 2678 ἁμαρτίας
2508 2605 2704 2676 ὁλίσθῳ
2735 2598 3142 2677 περιπεσὼνβῦ
3174 2603 3333 2674 χάριν
3367 2602 3461 2654 καὶ
3487 2602 3585 2670 τὴν
3613 2603 3805 2654 πᾶσαν

2211 2700 2443 2750 ποιεῖται
2465 2697 2870 2768 ἐξομολόγησιν.
2897 2698 2988 2760 Εἰς
3015 2695 3186 2749 ταῦτα
3209 2695 3316 2766 γὰρ
3334 2695 3507 2748 πάντα
3536 2693 3802 2764 ἐλήλυθα,

2211 2789 2396 2860 φησὶν,
2434 2789 2734 2862 ἐπειδήπερ
2782 2788 2958 2858 καιρῴ
3004 2806 3109 2843 τινι
3165 2789 3226 2842 Ἠ
3259 2787 3471 2854 καρδία
3504 2803 3624 2854 μου
3668 2787 3808 2838 ἑτα-

518 2893 752 2932 msorum
799 2887 849 2931 et
891 2879 1064 2948 ipsum
1108 2897 1210 2935 uon
1251 2892 1365 2938 erat
1429 2899 1650 2941 mecum.
1715 2883 1850 2938 Nam
1896 2887 2105 2956 peccati

2215 2881 2419 2951 ράχοη,
2460 2883 2557 2936 καὶ
2603 2879 2985 2951 ἐγκατέιιῖειπέ
3019 2897 3096 2949 με
3129 2881 3165 2946 ἡ
3202 2880 3380 2948 ἰσχύς
3416 2896 3556 2948 μου,
3593 2879 3696 2930 καὶ
3740 2877 3803 2931 τὸ

519 2979 763 3040 tempore
792 2971 876 3023 vis
915 2987 1032 3025 mea
1066 2973 1402 3037 intelligendi
1448 2990 1554 3029 non
1593 2991 1812 3045 parvam
1848 2993 2107 3048 perpessa

519 3071 608 3119 est
636 3061 1042 3128 confusionem,
1077 3066 1335 3135 perplexa
1379 3073 1434 3120 et
1467 3068 1764 3124 obscurata
1808 3071 1878 3124 ab
1907 3087 1974 3126 eo
2013 3073 2108 3141 qui

519 3156 731 3227 peccati
773 3156 903 3210 mibi
958 3167 1152 3211 auctor
1200 3157 1397 3213 fuerat.
1459 3159 1613 3214 Tunc
1668 3162 1869 3235 quippe
1905 3165 2106 3220 dereli-

2209 2973 2334 3043 φῶς
2354 2975 2472 3028 τῶν
2488 2973 2813 3044 ὀφθαλμῶν
2826 2992 2966 3045 μου,
2994 2974 3086 3025 καὶ
3102 2972 3247 3026 αὐτὸ
3271 2975 3381 3026 οὐκ
3397 2969 3474 3041 ἦν
3481 2970 3607 3040 μετ’
3622 2970 3801 3040 ἐμοῦ.

2209 3069 2368 3122 Κατὰ
2405 3069 2514 3140 γὰρ
2545 3069 2634 3121 τὸν
2668 3069 2767 3139 τῆς
2803 3067 3076 3139 ἁμαρτίας
3129 3065 3320 3137 καιρὸν
3356 3066 3416 3119 οὐ
3448 3063 3653 3136 μικρὰν
3703 3066 3805 3118 ὐπ-

2211 3159 2424 3231 έμεινεν
2455 3158 2621 3213 αὑτοῦ
2648 3159 2890 3232 ταραχὴν
2912 3160 2972 3211 τὸ
3000 3157 3363 3228 διανοητικὴν,
3400 3155 3672 3227 συγχυθὲν
3712 3157 3805 3210 καὶ

519 3247 641 3316 quit
669 3262 796 3302 eum
826 3248 1002 3303 virtus
1041 3251 1165 3318 ejus
1193 3269 1204 3304 τ
1233 3266 1344 3306 non
1378 3251 1521 3304 ultra
1549 3252 1696 3306 enim
1731 3255 1916 3310 dicere
1953 3266 2106 3327 pote-

2215 3253 2486 3307 σκοτωθέν
2513 3253 2619 3306 ὑπὸ
2640 3251 2734 3305 τοῦ
2765 3251 2862 3322 τὴν
2894 3251 3166 3323 ἁμαρτίαν
3198 3248 3565 3321 ἐνεργοῦντος,
3600 3248 3681 3311 ὡς
3712 3257 3804 3302 και

519 3347 626 3400 rat,
663 3338 856 3394 Omnia
891 3355 1104 3408 possunt
1139 3342 1192 3394 in
1231 3359 1290 3397 eo
1311 3344 1400 3413 qui
1436 3359 1515 3396 me
1545 3344 1901 3414 confortat”,
1931 3348 2109 3404 victus

519 3431 731 3487 scilicet
779 3449 809 3486 a
865 3442 1015 3488 motu
1059 3434 1249 3499 animi,
1307 3451 1371 3489 ac
1417 3435 1630 3492 viribus
1677 3436 1996 3496 destitutus.
2044 3438 2111 3496 Et

518 3535 650 3576 vero
681 3521 827 3576 aliud
876 3523 1158 3593 quidpiam
1212 3523 1344 3576 mihi
1375 3539 1638 3595 pergrave
1689 3526 1932 3582 oblatum
1978 3538 2104 3585 est:

518 3629 647 3670 nam
679 3615 853 3671 lumen
894 3617 1170 3670 oculorum
1211 3634 1466 3680 meorum,
1496 3615 1572 3689 (id
1601 3625 1720 3672 erat
1758 3619 2112 3689 propheticus

518 3709 767 3780 spiritus,
787 3710 880 3780 qui
912 3709 1108 3764 animae
1126 3709 1247 3778 ejus
1275 3710 1450 3769 visum
1483 3710 1839 3775 illustrabat),
1863 3723 1911 3766 et
1940 3713 2110 3781 ipsum

518 3816 626 3858 non
674 3809 788 3854 erat
833 3817 1078 3857 mecum:
1112 3817 1199 3855 me
1224 3801 1425 3872 quippe
1469 3802 1788 3873 reliquerat,
1836 3818 1898 3858 ac
1927 3820 2111 3860 reces-

519 3901 698 3958 serat;
731 3895 858 3964 quia
902 3896 955 3948 in
991 3895 1306 3950 malevolain
1340 3896 1574 3950 animam
1610 3913 1712 3950 non
1744 3897 1986 3951 introibit
2021 3916 2112 3952 sa-

517 3987 738 4055 pientia,
800 4003 890 4041 nec
926 3985 1187 4040 habitabit
1231 3987 1280 4040 in
1335 4003 1552 4056 corpore
1608 3987 1819 4042 subdito
1858 3992 2107 4057 peccatis.

522 4079 756 4149 Spiritus
801 4081 940 4133 enim
983 4090 1200 4134 sanctus
1240 4078 1536 4148 disciplima
1581 4079 1793 4150 eﬂ'ugiet
1825 4080 2028 4144 dolum,
2062 4092 2112 4136 et

521 4172 727 4242 auferet
755 4191 808 4228 se
836 4191 868 4227 a
894 4173 1304 4244 cogitationibus
1331 4190 1449 4244 qua'
1470 4184 1593 4228 sunt
1620 4176 1733 4228 sine
1754 4175 2025 4230 intellectu
2042 4178 2110 4231 θλ.

521 4269 639 4323 lmo
667 4266 831 4322 etiam
871 4268 963 4337 qui
997 4276 1160 4323 antea
1199 4268 1364 4322 amici
1393 4275 1448 4322 et
1492 4270 1728 4338 proximi
1775 4269 1895 4339 ejus
1928 4281 2107 4332 erant,

521 4360 619 4433 qui
648 4374 773 4413 cum
801 4359 922 4429 ipso
944 4359 1093 4414 omni
1124 4368 1373 4429 tempore
1405 4359 1698 4430 degebant,
1733 4376 1798 4415 eo
1830 4363 2020 4416 relicto
2048 4365 2112 4416 de

519 4453 676 4523 longe
718 4461 1000 4517 steterunt,
1052 4468 1174 4506 cum
1209 4453 1501 4521 nequirent
1550 4453 1691 4506 ultra
1743 4453 1844 4522 ipsi
1879 4453 2105 4520 adesse;

2213 3349 2292 3410 εἰς
2316 3345 2624 3418 ἀφροσύνην
2665 3347 2850 3397 πεσεῖν
2884 3346 2978 3397 καὶ
3017 3344 3276 3414 πράττειν
3293 3341 3604 3412 ἀφροσύνης
3637 3341 3800 3412 ἔργα.

2197 3439 2347 3492 τότε
2377 3438 2432 3491 δὲ
2459 3439 2553 3491 καὶ
2579 3436 2966 3506 ἐγκατέλειπεν
2999 3436 3218 3508 αὑτὸνὴ
3253 3435 3405 3505 ἰσχὺς
3441 3433 3638 3486 αὑτοῦ·
3672 3436 3805 3487 0-3:-

2212 3529 2292 3587 ἑτι
2314 3529 2423 3601 γὰρ
2459 3524 2569 3592 οἷός
2595 3546 2654 3582 τε
2670 3525 2736 3599 ἦν
2766 3527 2945 3595 λέγειν
2964 3544 2977 3558 ’
3004 3527 3206 3580 Πάντα
3227 3526 3416 3594 ἰσχύω
3435 3523 3600 3590 ἐντῷ
3626 3524 3806 3578 ἐνδυ-

2212 3621 2500 3691 ναμσῦντί
2520 3639 2618 3691 με,
2651 3620 2894 3691 νικηθεὶς
2925 3619 3028 3674 ὑπὸ
3056 3617 3149 3672 τοῦ
3178 3617 3382 3681 πάθους
3421 3618 3513 3670 καὶ
3543 3616 3805 3686 ἐξατονή-

2213 3728 2331 3775 σας.
2356 3713 2464 3769 Καὶ
2495 3711 2622 3766 ἄλλο
2648 3711 2704 3764 δέ
2739 3728 2814 3773 τι,
2839 3709 2991 3779 φησὶ,
3019 3708 3254 3778 χαλεπὸν
3283 3708 3407 3778 περὶ
3440 3707 3536 3777 ἐμὲ
3569 3705 3801 3774 γέγονε’

2218 3804 2289 3859 Τὸ
2342 3803 2450 3875 γὰρ
2509 3803 2634 3874 φῶς
2663 3802 2779 3857 τῶν
2813 3800 3137 3871 ὀφθαλμῶν
3160 3818 3280 3869 μου
3331 3797 3508 3867 (τοῦτο
3542 3797 3600 3851 δὲ
3636 3793 3712 3868 ἦν
3749 3798 3807 3852 τὸ

2214 3898 2549 3972 προφητικὸν
2574 3897 2811 3968 πνεῦμα,
2838 3895 2900 3948 τὸ
2923 3893 3154 3964 φωτίζον
3175 3893 3336 3946 αὑτοῦ
3361 3892 3462 3962 τῆς
3707 3893 3804 3962 τὴν

2211 3993 2417 4066 ὅρασιν)
2454 3992 2551 4046 καὶ
2593 3989 2737 4045 αὐτὸ
2789 3991 2898 4042 οὐκ
2937 3985 3016 4058 ἦν
3033 3989 3159 4057 μετ’
3184 3985 3352 4055 ἐμοῦ,
3379 3985 3713 4055 καταλεῖψὰν
3738 4001 3802 4056 με

2212 4087 2306 4138 καὶ
2331 4084 2694 4154 ἀναχωρῆσαν
2712 4100 2723 4112 ·
2753 4081 2872 4135 ἐπεὶ
2899 4083 2988 4147 εις
3015 4082 3390 4149 κακότεχνον
3429 4078 3643 4148 ψυχὴν
3691 4082 3803 4132 οὐκ

2211 4181 2621 4236 εἰσελεύσεται
2657 4177 2876 4245 σοφία·
2908 4172 3053 4229 οὐδὲ
3087 4172 3434 4238 κατοικήσει
3478 4173 3549 4225 ἐν
3571 4171 3804 4240 σώματι

2212 4269 2515 4339 κατάχρεῳ
2548 4268 2890 4338 ἁμαρτίαις·
2925 4266 3096 4335 ἅγιον
3124 4268 3230 4335 γὰρ
3257 4264 3498 4333 Πνεῦμα
3529 4263 3803 4330 παιδείας

2210 4365 2491 4434 φεύξεται
2525 4363 2731 4426 δόλον,
2773 4361 2872 4415 καὶ
2916 4358 3414 4425 ἀπαναστήσεται
3459 4359 3576 4414 ἀπὸ
3637 4361 3802 4428 Jort-

2211 4454 2383 4524 σμῶν
2415 4452 2748 4508 ἀσυνέτων.
2791 4449 2952 4510 Ἀλλὰ
2981 4450 3076 4504 καὶ
3102 4451 3150 4502 oi
3175 4449 3438 4520 πρότερον
3460 4447 3628 4503 αὑτοῦ
3657 4448 3802 4515 φίλοι

521 4547 617 4603 sed
660 4547 872 4616 procul,
913 4544 1059 4598 illam
1105 4545 1265 4599 amici
1319 4545 1402 4599 sui
1452 4545 1817 4600 calamitatem
1852 4547 2106 4616 deplora-

2215 4548 2306 4602 καὶ
2367 4545 2593 4616 πλησίον
2633 4543 2820 4606 αὑτοῦ,
2869 4545 2920 4596 οἱ
2965 4542 3056 4595 τὸν
3091 4540 3383 4611 σύμπαντα
3423 4540 3615 4611 χρόνον
3653 4538 3802 4607 αὑτῷ

519 4638 672 4699 bant.
701 4638 937 4704 Quinam
962 4636 1062 4697 illi,
1103 4637 1209 4690 nisi
1242 4637 1336 4706 qui
1374 4653 1549 4706 nuper
1575 4636 1642 4691 de
1677 4637 1837 4693 bonis
1870 4638 1991 4706 ejus
2017 4640 2106 4693 lae-

521 4731 804 4793 tabantur,
836 4729 1091 4784 videlicet
1124 4729 1301 4800 angeli
1326 4728 1452 4783 boni
1494 4743 1556 4782 ac
1590 4730 1825 4784 ministri
1871 4729 1985 4792 Dei,
2013 4733 2104 4800 qui

521 4823 591 4878 de
631 4822 914 4882 hominum
969 4823 1145 4877 salute
1185 4837 1293 4876 una
1340 4821 1575 4892 gaudere
1628 4822 1848 4877 solent?
1897 4823 2109 4888 Quibus

523 4915 717 4991 procul
765 4929 852 4969 me
901 4914 1120 4985 positis,
1177 4914 1268 4968 alii
1313 4915 1538 4985 quidam
1571 4917 1778 4985 peccati
1830 4925 2107 4981 auctores,

524 5021 698 5080 prope
738 5013 950 5062 stantes
991 5008 1098 5061 vim
1139 5006 1412 5062 faciebant
1455 5015 1510 5062 et
1565 5009 1760 5064 animai
1810 5009 2111 5066 illudebant

525 5115 678 5154 int-ai.
716 5096 781 5152 lli
812 5115 1047 5170 uanique
1076 5101 1207 5153 olim
1259 5101 1510 5155 sitientes
1544 5101 1866 5170 sanguinem
1905 5119 2108 5167 meum,

525 5199 690 5262 atque
736 5206 766 5246 a
810 5190 986 5261 longis
1036 5202 1186 5248 retro
1214 5193 1555 5262 temporibus
1596 5203 1952 5265 percptantes
2001 5199 2114 5253 rui-

526 5298 652 5338 nam
675 5283 861 5338 videre
891 5299 1090 5346 meam,
1121 5285 1280 5355 quasi
1305 5285 1770 5354 opportunitatem
1795 5289 1964 5347 nacti,
1987 5302 2112 5344 cum

526 5377 776 5433 viderent
817 5377 1073 5433 virtutem
1118 5393 1295 5433 meam
1352 5392 1438 5432 me
1491 5377 1878 5445 dereliquisse,
1923 5387 1978 5433 et
2030 5381 2114 5433 lu-

524 5483 649 5523 men
699 5467 984 5521 oculorum
1035 5483 1282 5522 meorum
1327 5483 1357 5522 a
1407 5483 1494 5522 tne
1533 5467 1850 5529 recessisse,
1897 5469 2106 5524 amicos

524 5575 743 5630 quoque
782 5567 838 5615 et
871 5561 1152 5630 proximos
1201 5562 1362 5629 longe
1410 5570 1673 5622 remotos,
1705 5559 1995 5614 confestim
2043 5561 2117 5615 ir-

528 5661 754 5710 ruentes
782 5655 894 5710 vim
929 5653 1204 5710 faciebant
1237 5654 1433 5709 anima:
1479 5668 1649 5718 mem;
1687 5666 1749 5708 ac
1782 5659 1970 5724 utpote
2011 5668 2120 5710 ma-

602 5837 648 5869 ’⁸
685 5833 923 5906 Philipp.
961 5851 1034 5901 ir,
1074 5832 1157 5889 l5.
1235 5834 1280 5866 ’δ
1320 5828 1446 5905 Sap.
1489 5850 1542 5901 ι,
1576 5831 1628 5901 ι,

2216 4639 2487 4701 συνόντες,
2519 4637 2776 4698 ἐάσαντες
2799 4635 2960 4689 αὑτὸν
2983 4635 3284 4703 μακρόθεν
3305 4633 3597 4698 ἔστησαν,
3623 4631 3800 4685 οὐκέτ’

2216 4732 2366 4801 αὐτῷ
2398 4732 2635 4784 συνεῖναι
2660 4728 2968 4798 δυνάμενοι,
3011 4726 3290 4800 πόρρωθεν
3317 4725 3374 4778 δέ
3400 4723 3802 4792 ἀποκλειόμενοι

2216 4823 2292 4886 ὡς
2315 4823 2516 4875 οἰκείου
2544 4820 2698 4890 φίλου
2728 4819 3036 4890 συμφοράν.
3074 4817 3229 4881 Τίνες
3250 4817 3293 4870 δ’
3320 4813 3456 4887 ἦσαν
3494 4811 3640 4869 οὗτοι
3685 4815 3802 4867 ἀλλ’

2218 4915 2251 4986 ἢ
2301 4916 2349 4967 oi
2389 4915 2483 4968 ἐπὶ
2533 4917 2644 4977 τοῖς
2701 4912 2984 4984 προτέροις
3013 4910 3239 4979 ἀγαθοῖς
3279 4909 3444 4963 αὑτοῦ
3493 4908 3802 4979 χαίροντες,

2219 5007 2438 5075 ἄγγελοι
2477 5007 2678 5078 δηλαδὴ
2707 5005 2903 5074 ἀγαθοὶ
2935 5005 3030 5058 καὶ
3063 5005 3364 5076 λειτουργοὶ
3396 5001 3555 5065 Θεοῦ,
3590 5004 3656 5071 τῇ
3690 5002 3804 5054 τῶν

2221 5099 2524 5170 ἀνθρώπων
2577 5099 2893 5170 συγχαίρειν
2939 5097 3191 5160 εἰωθότες
3230 5097 3513 5168 σωτηρίας
3563 5089 3664 5146 Ὦν
3693 5111 3804 5163 μα-

2222 5193 2360 5266 κράν
2391 5210 2490 5264 μου
2521 5193 2847 5263 γενομένων,
2876 5191 3025 5247 ἄλλοι
3053 5190 3196 5254 τινὲς
3215 5191 3319 5262 τὴν
3357 5185 3631 5260 ἁμαρτίαν
3657 5187 3807 5257 ἐνερ-

2222 5285 2467 5354 γοῦντες,
2496 5285 2722 5356 πλησίον
2751 5301 2852 5354 μου
2883 5284 3185 5354 γενόμενοι,
3223 5279 3559 5346 ἐξεϐιάζοντο
3589 5277 3805 5348 καὶτῆς

2220 5379 2358 5449 ἐμῆς
2386 5377 2564 5448 ψυχῆς
2613 5375 2962 5440 κατέπαιζον.
3004 5373 3176 5430 Πάλαι
3202 5373 3311 5443 γὰρ
3349 5362 3492 5425 οὗτοι
3544 5367 3805 5436 διψῶντες

2219 5469 2469 5540 τοῦέμοῦ
2490 5470 2737 5540 αἵματος,
2779 5469 2872 5532 καὶ
2905 5469 2968 5520 ἐκ
3015 5464 3240 5538 μακρῶν
3281 5462 3488 5536 χρόνων
3521 5458 3805 5529 εὐχόμενοι

2224 5560 2520 5615 θεάσασθαί
2556 5578 2656 5633 μου
2681 5559 2778 5629 τὴν
2809 5556 3250 5620 πτῶσιν,ὼσανεὶ
3277 5551 3469 5624 καιροῦ
3491 5549 3802 5622 λαϐόμενοι,

2227 5654 2315 5708 ὅτε
2360 5650 2498 5707 εἶδον
2553 5649 2987 5709 καταλείπουσάν
3027 5666 3093 5721 με
3124 5648 3226 5721 τὴν
3257 5647 3430 5720 ἰσχὺν,
3468 5646 3562 5699 καὶ
3599 5643 3662 5696 τὸ
3691 5639 3805 5708 φῶς
