4010 6540
252 371 360 431 διεδ

1386 377 1889 435 COMMENTARIA
1931 379 1999 434 ΙΝ
2039 379 2378 437 PSALMOS.

3415 385 3519 440 316

249 491 666 566 τῶνόρὶιλμῶν
720 514 820 568 μου
848 496 1210 570 ἀναχωρῆσὰν
1245 515 1369 569 μου,
1391 498 1518 562 τούς
1555 516 1614 552 τε
1648 498 1832 568 φίλους

1938 499 2116 564 levoli,
2155 499 2316 553 locuti
2345 507 2468 553 sunt
2498 498 2630 553 mihi
2665 500 2944 561 vanitates,
2975 501 3147 554 malas
3197 499 3331 554 mihi
3370 501 3520 555 intus

253 584 345 637 καὶ
387 585 514 648 τοὺς
550 586 778 656 πλησίον
827 588 1044 660 μακρὰν
1091 589 1448 660 γενομένους,
1491 589 1832 660 παραχρῆμα

249 677 682 749 ἐπιπηδήσαντες
709 679 1051 744 ἐξεϐιάζοντο
1077 683 1177 752 τὴν
1210 681 1388 752 ψυχήν
1428 697 1528 752 μου
1559 697 1576 712 ⁹
1625 681 1719 734 καὶ
1758 679 1834 744 ὼς

247 767 314 822 ἂν
343 770 653 826 ὲθελόκακοι
695 773 1012 842 ἐλάλησάν
1053 791 1155 844 μοι
1208 775 1633 843 ματαιότητας,
1689 771 1835 826 ἔνδον

1937 591 2296 662 cogitationes
2331 601 2721 662 suggerentes;
2753 592 2862 644 imo
2890 591 3055 646 etiam
3086 591 3273 647 dolose
3307 591 3521 648 deniul-

1940 692 2128 739 centes
2180 698 2244 738 ac
2283 683 2649 752 decipientes,
2702 683 2862 754 quasi
2911 681 2978 737 ad
3014 683 3157 738 bona
3201 685 3521 740 inescabant

1944 788 2052 838 me,
2083 773 2212 828 dum
2247 773 2301 828 in
2337 784 2618 843 peccatum
2653 775 3023 830 detraherent.

249 861 640 928 ὑποϐάλλοντες
673 883 773 936 μου
800 865 878 928 είς
894 865 992 936 τὴν
1014 864 1193 936 ψυχὴν
1217 865 1485 936 ματαίους
1511 863 1832 934 λογισμούς·
1874 863 2011 919 ἀλλὰ
2039 866 2131 919 καὶ
2161 867 2257 919 σὺν
2285 865 2422 938 δόλῳ
2449 865 2725 936 θὲλγοντες
2760 867 2855 921 καὶ
2894 867 3234 933 ἀπατῶντες,
3297 869 3372 933 ὼς
3428 869 3521 924 ἰπὶ

249 952 474 1021 ἀγαθοῖς
499 954 776 1020 ὲδελέαζον
806 959 1161 1024 meamne;
1205 975 1270 1030 με
1299 962 1378 1022 είς
1404 959 1500 1032 τὴν
1533 959 1828 1031 ἁμαρτίαν.

331 1049 476 1120 Ἐγὼ
516 1050 584 1104 δὲ
629 1051 771 1106 ὡσεί
833 1052 1033 1122 κωφὸς
1080 1055 1192 1107 οὐκ
1246 1052 1492 1122 ἤκουον,
1536 1045 1633 1108 ita)
1682 1053 1826 1107 ὡσεί

247 1140 479 1210 ἅλαλος
529 1145 640 1198 οὐκ
686 1145 944 1216 ἀνοίγων
991 1146 1054 1199 τὸ
1085 1147 1279 1215 στόμα
1330 1146 1536 1200 αὐτοῦ.
1575 1147 1830 1216 Ιίαὶέγε-

245 1235 446 1303 νόμην
471 1235 612 1289 ὡσεί
655 1235 965 1305 ἄνθρωπος
1003 1240 1112 1290 οὐκ
1139 1239 1397 1301 ἀκούων,
1423 1239 1516 1291 καὶ
1542 1239 1652 1292 οὐκ
1673 1238 1832 1307 ἔχων

244 1327 316 1379 ἐν
368 1326 449 1394 τῷ
500 1329 747 1397 στόματι
805 1329 990 1382 αὑτοῦ
1039 1329 1350 1399 ἐλεγμούς.
1407 1329 1557 1381 Ἐπεὶ
1599 1329 1829 1393 τούτοις,

247 1418 431 1487 φησὶν,
468 1419 619 1472 οὐδὲν
681 1416 825 1491 εἶχον
849 1422 1026 1490 λέγειν
1074 1420 1334 1492 αἰσχύνης
1367 1420 1827 1492 πεπληρωμένος

243 1510 398 1564 οὐδὲν
432 1511 539 1582 γάρ
576 1529 665 1582 μοι
699 1513 856 1581 λόγος
907 1509 972 1584 ἦν
1021 1513 1156 1584 πρὸς
1201 1511 1516 1580 ἀπολογίαν,
1543 1512 1653 1564 οὐδ’
1687 1508 1830 1582 εἶχόν

245 1613 365 1650 τινα
395 1600 503 1661 τοῖς
552 1597 764 1670 ἐχθροῖς
812 1599 1283 1672 προσφθέγγεσθαι
1318 1600 1466 1664 ἅπαξ
1508 1601 1601 1653 ὑπ’
1651 1601 1830 1654 αὐτῶν

245 1689 626 1760 νενικημένος·
656 1692 755 1744 οὐκ
801 1693 1023 1763 ἐμαυτῷ
1069 1692 1308 1766 θαρρῶν,
1344 1693 1452 1746 οὐδ’
1503 1692 1669 1764 ἄλλην
1709 1696 1832 1746 τινὰ

246 1780 354 1851 πρὸ
371 1780 664 1852 ὀφθαλμῶν
701 1781 927 1854 θέμενος
972 1785 1162 1838 ἐλπίδα
1209 1785 1242 1857 ἢ
1301 1786 1380 1849 σὲ,
1410 1786 1480 1841 τὰ
1511 1787 1610 1857 τῆς
1637 1786 1833 1850 ἰάσεως

245 1865 561 1937 ὑπέγραφον
587 1869 828 1941 ἐμαυτῷ.
871 1873 1027 1926 Ἐπεὶ
1077 1870 1169 1927 οῦν
1193 1875 1288 1928 ἐπὶ
1324 1875 1400 1928 σὲ
1437 1874 1693 1943 ἤλπισα,
1719 1879 1834 1931 Κύ-

243 1974 364 2025 ριε,
396 1960 434 2026 ἠ
488 1960 545 2013 δὲ
581 1961 758 2028 ἐλπίς
797 1965 869 2016 οὺ
917 1967 1341 2036 καταισχύνει·
1384 1967 1472 2020 διὰ
1526 1968 1683 2022 τοῦτο
1719 1970 1833 2021 εἰσι·

245 2046 476 2121 ακούσῃ,
495 2049 576 2102 ὅτι
603 2050 833 2123 θελητὴς
862 2053 1044 2118 ἐλέους
1069 2051 1139 2119 εἴ,
1162 2056 1258 2110 καὶ
1282 2058 1340 2110 οὐ
1374 2057 1545 2122 θέλεις
1568 2059 1658 2111 τὸν
1680 2059 1836 2113 θάνα·

246 2155 338 2192 τον
377 2139 470 2194 τοῦ
523 2142 874 2212 ἁμαρτωλοῦ,
926 2146 1002 2210 ὼς
1040 2149 1138 2224 τὴν
1183 2148 1470 2219 μετάνοιαν
1502 2150 1686 2205 αὑτοῦ.
1721 2152 1832 2215 Διὸ,

249 2228 476 2295 ἑλπίσας
523 2234 615 2286 ἐπὶ
667 2233 747 2298 σὲ,
783 2237 1014 2290 ἱκετεύω
1061 2239 1160 2309 τῆς
1204 2239 1353 2313 παρά
1390 2240 1482 2293 σοῦ
1537 2241 1834 2312 θεραπείας

245 2325 463 2390 τυχετνο
508 2323 753 2390 Μήποτε
807 2327 1140 2396 ἐπιχειρῶσι
1187 2348 1288 2400 μοι
1329 2335 1383 2385 οἱ
1438 2333 1640 2400 ἐχθροί
1689 2352 1830 2402 μου,

245 2414 399 2468 οῦπω
442 2417 540 2486 μὲν
589 2417 698 2487 γὰρ
751 2419 1030 2483 παντελῶς
1073 2422 1373 2494 ἐχάρησαν.
1410 2424 1830 2495 Ἐπιχαροῦνται

150 2559 159 2566 ,
242 2506 332 2570 δὲ,
361 2508 408 2559 εί
447 2507 520 2578 μὴ
547 2509 766 2581 τύχοιμι
791 2511 885 2564 τοῦ
917 2512 1009 2565 σοῦ
1061 2513 1264 2578 ἐλέους.
1312 2515 1452 2568 Ἀλλ’
1481 2517 1569 2569 ἵνα
1611 2515 1684 2588 μὴ
1714 2518 1832 2570 ἐπι-

243 2600 460 2671 χαρεῖἐν
497 2619 585 2671 μοι
612 2603 660 2655 οἱ
688 2603 872 2676 ἐχθροί
907 2623 1030 2676 μου,
1059 2606 1107 2658 οἱ
1137 2606 1234 2679 ἥδη
1261 2609 1353 2662 καὶ
1379 2607 1645 2680 πρότερον
1672 2611 1728 2662 ὲν
1751 2607 1829 2679 τῷ

247 2688 570 2760 σαλευθῆναι
599 2691 766 2755 πόδας
796 2711 897 2764 μου
944 2698 1252 2768 μεγαλορῤη
1264 2692 1614 2768 μονήσαντες,
1642 2699 1734 2751 ἐπὶ
1771 2698 1830 2752 σὲ

245 2779 570 2850 κατέφυγον,
596 2783 687 2836 καί
712 2802 852 2856 φημι
875 2802 889 2816 °
926 2786 1024 2854 Μὴ
1058 2792 1564 2858 καταισχυνθείην
1599 2793 1687 2857 είς
1726 2791 1833 2845 τὸν

242 2872 450 2928 ιιίῶνα.
471 2875 545 2926 Ού
563 2876 670 2946 γὰρ
691 2877 864 2949 πάντη
890 2880 1286 2951 περιετράπην,
1319 2881 1440 2934 οὐδὲ
1471 2881 1671 2954 πτῶμα
1703 2882 1830 2938 ἕπε-

246 2981 339 3019 σον
362 2965 622 3030 τοιοῦτον,
652 2963 762 3021 οἷον
787 2971 834 3026 οἱ
863 2970 1166 3025 ἀποστάται
1199 2988 1292 3025 σου
1323 2973 1624 3044 γενόμενοι.

243 3163 354 3217 ΕΙΣ
374 3165 462 3218 T0
495 3166 714 3220 ΤΕᾹΟΣ
743 3168 828 3220 ΤΩ
853 3167 1150 3238 ΙΔΙΘΟΥΜ,
1177 3172 1308 3225 (Mli
1345 3173 1430 3226 ΤΩ
1463 3174 1662 3227 ΔΑΥΙΔ
1693 3177 1825 3231 AH’.

317 3335 523 3407 Πολλὴν
556 3337 612 3391 δὲ
667 3337 965 3410 ἐμφέρειαν
1011 3340 1126 3412 ἔχει
1161 3342 1230 3397 τὰ
1279 3345 1338 3396 ὲν
1378 3347 1443 3416 τῇ
1493 3345 1832 3420 προκειμένῃ

241 3427 357 3500 ᾠδῇ
392 3428 660 3498 λεγόμενα
700 3437 813 3496 τοῖς
854 3434 912 3486 ὲν
943 3433 1022 3504 τῷ
1065 3435 1170 3506 πρὸ
1201 3435 1390 3490 τούτου
1425 3437 1644 3510 ψαλμῷ.
1691 3439 1831 3492 Ἀλλ’

241 3523 452 3578 ἐκεῖνον
487 3523 586 3592 μὲν
611 3524 639 3576 ό
675 3522 838 3576 Δαυῖδ
867 3523 1106 3594 ψάλλων,
1151 3529 1237 3594 είς
1273 3527 1618 3598 ἀνάμνησιν
1653 3529 1831 3602 ἑαυτῷ

244 3611 601 3666 συνέταττενο
667 3609 816 3679 οὗτος
843 3615 900 3668 δὲ
946 3616 1044 3688 ἤδη
1090 3619 1183 3674 καὶ
1229 3620 1449 3692 ἑτέρους
1495 3621 1830 3693 παραδίδωσι

239 3701 370 3766 τοὺς
392 3701 459 3755 τὰ
490 3704 652 3774 ὅμοια
679 3704 1015 3767 πεπονθότας
1045 3706 1214 3777 αὐτῷ,
1246 3709 1333 3762 διὰ
1369 3711 1468 3780 τῆς
1493 3711 1613 3782 ἴσης
1641 3711 1832 3783 ἐξομο-

239 3794 522 3865 λογήσεως
545 3794 742 3865 ζηλοῦν
761 3798 923 3850 αὑτὸν
975 3798 1068 3852 καὶ
1111 3801 1392 3870 μιμεῖσθαι
1434 3801 1705 3855 παιδεύων
1731 3820 1744 3832 ο
1782 3805 1832 3857 εί

247 3887 324 3957 μὴ
341 3886 450 3956 ἄρα
479 3887 540 3940 τὸ
569 3888 793 3960 Πνεῦμα
827 3891 887 3943 τὸ
915 3891 1068 3960 ἅγιον
1097 3893 1186 3946 διὰ
1227 3893 1319 3946 τοῦ
1375 3893 1609 3965 Ἰδιθοὺμ
1659 3894 1833 3948 ταῦτα

241 3976 336 4030 τὸν
363 3977 523 4033 Δαυῗδ
546 3980 793 4036 ἐδίδασκε
819 3982 1019 4050 λέγειν.
1068 3983 1292 4049 Ἦξίωτο
1323 3983 1428 4057 γὰρ
1473 3987 1568 4039 καὶ
1613 3987 1775 4050 αὐτὸς
1806 3989 1834 4040 ό

259 4067 492 4139 Ἰδιθοῦμ
522 4070 830 4139 πνεύματος
867 4075 1227 4144 προφητικοῦ.
1279 4075 1638 4146 Μανθὰνομεν
1667 4077 1722 4129 δὲ
1747 4076 1836 4130 διὰ

241 4161 356 4215 τῶν
391 4164 787 4236 προκειμένων,
816 4168 892 4231 ὼς
939 4167 1048 4239 ἄρα
1081 4170 1345 4239 προσήκει
1393 4170 1622 4222 ἕκαστον
1658 4169 1834 4241 ἐαυτῷ

243 4254 607 4326 διαλέγεσθαι,
657 4261 790 4330 μηδὲ
843 4260 1157 4332 περιμένειν
1197 4264 1320 4325 τοὺς
1349 4261 1547 4327 ἔξωθεν
1583 4260 1836 4314 διδασκά-

241 4349 390 4414 λους,
445 4352 607 4406 αὑτὸν
636 4351 703 4405 δι’
749 4353 946 4407 ἑαυτοῦ
1005 4353 1440 4427 προσομιλοῦντα
1485 4353 1563 4424 τῷ
1590 4352 1835 4424 λογισμῷ

244 4443 340 4496 καὶ
367 4445 433 4511 τῇ
472 4443 698 4515 διανοίᾳ.

2009 1046 2173 1103 Vsus.
2241 1048 2324 1104 l7.
2381 1047 2492 1119 Ego
2555 1058 2732 1102 autem
2821 1057 3071 1118 tanquam
3134 1051 3330 1107 surdus
3411 1071 3518 1110 non

1937 1139 2235 1202 audiebam,
2291 1149 2336 1194 et
2383 1140 2519 1193 sicut
2565 1149 2740 1192 mutus
2795 1155 2898 1192 non
2950 1141 3188 1208 aperiens
3236 1159 3294 1196 os
3340 1160 3514 1200 suum.

1939 1229 2008 1284 Et
2028 1232 2202 1300 [actus
2234 1248 2350 1285 sum
2375 1232 2512 1285 sicut
2543 1231 2696 1284 homo
2729 1248 2831 1284 non
2857 1231 3096 1300 audiens,
3121 1245 3170 1287 et
3195 1251 3297 1288 non
3325 1234 3518 1293 habens

1937 1321 2102 1377 inore
2152 1340 2248 1378 suo
2291 1323 2711 1394 redargutiones.
2760 1323 3030 1388 Quoniam
3057 1364 3072 1388 ,
3125 1324 3344 1395 inquit,
3388 1327 3520 1384 mihi

1939 1413 2148 1484 pudore
2206 1414 2436 1476 suffuso,
2489 1414 2625 1468 nihil
2683 1415 3006 1484 suppetebat
3044 1417 3189 1485 quod
3236 1417 3517 1487 dicerem;

1938 1507 2126 1562 nullus
2155 1507 2356 1576 quippe
2401 1505 2468 1559 ad
2500 1505 2875 1560 defensionem
2914 1520 3094 1559 sermo
3136 1508 3518 1572 succurrebat,

1938 1615 2116 1669 neque
2167 1599 2440 1660 inimicos.
2479 1599 2644 1653 semel
2689 1597 2756 1650 ab
2787 1597 2855 1652 iis
2884 1599 3085 1658 victus,
3120 1599 3322 1669 alloqui
3371 1601 3520 1656 vale-

1936 1690 2083 1753 bam,
2115 1690 2247 1744 mihi
2283 1706 2390 1745 non
2430 1689 2622 1751 ﬁdens,
2661 1703 2838 1760 neque
2865 1689 3024 1740 aliain
3059 1697 3254 1758 praeter
3284 1699 3334 1744 te
3367 1707 3517 1761 spem

1937 1797 2048 1852 prae
2094 1782 2273 1837 oculis
2310 1783 2539 1846 habens,
2593 1781 2739 1835 hunc
2770 1779 2904 1834 mihi
2940 1781 3244 1836 curationis
3296 1783 3518 1837 modum

1937 1873 2273 1944 praescripsi.
2316 1873 2580 1940 Quoniam
2619 1873 2785 1942 igitur
2829 1875 2880 1928 in
2917 1883 2963 1928 te
2997 1873 3222 1944 sperari.
3276 1874 3517 1940 Damius,

1935 1981 2050 2034 spes
2100 1973 2282 2018 autem
2323 1982 2425 2018 non
2473 1965 2750 2034 confundit
2775 1966 2860 2030 ⁹³;
2895 1965 3018 2020 ideo
3067 1966 3349 2029 exaudies,
3391 1969 3518 2037 quia

1937 2055 2378 2109 misericordiam
2430 2056 2533 2120 vis,
2581 2070 2761 2125 neque
2796 2055 2878 2110 vis
2911 2062 3138 2109 mortem
3176 2057 3506 2125 peccatoris,

1937 2147 2030 2202 sed
2071 2146 2445 2217 pmnitentiam
2484 2147 2622 2215 ejus.
2661 2146 2842 2211 Quare
2902 2161 3028 2200 cum
3088 2147 3141 2200 in
3177 2156 3228 2202 te
3267 2162 3520 2218 sperave-

1936 2237 2061 2300 rim,
2099 2236 2331 2292 obsecro
2385 2248 2534 2290 tuam
2588 2237 2720 2290 mihi
2775 2240 3112 2292 curationem
3164 2238 3412 2293 obtinere
3450 2239 3518 2290 li-

1933 2327 2420 2400 ceatzNequando
2475 2329 2901 2400 supergaudcant
2959 2331 3088 2382 milii
3140 2331 3344 2384 inimici
3393 2332 3515 2394 mei,

1932 2425 2177 2479 nondum
2207 2425 2354 2479 enim
2388 2425 2605 2494 penitus
2640 2424 2813 2494 gavisi
2839 2431 2987 2479 sunt.
3029 2423 3519 2495 Supergaudcbunt

1932 2523 2136 2582 autem,
2167 2515 2277 2569 nisi
2305 2514 2737 2570 misericordiam
2765 2529 3074 2583 consequar
3099 2523 3246 2568 tuam
3276 2534 3288 2569 :
3325 2515 3420 2570 sed
3449 2531 3519 2572 ne

1931 2608 2372 2679 supergaudeant
2427 2608 2560 2661 mihi
2615 2607 2822 2661 inimici
2877 2609 3003 2670 mei,
3058 2607 3150 2677 qui
3197 2607 3308 2677 jam
3358 2619 3517 2664 antea

1931 2716 2056 2755 cum
2101 2707 2582 2755 commoverentur
2617 2699 2780 2768 pedes
2825 2698 2928 2753 mei
2971 2713 3168 2767 magna
3219 2699 3520 2769 loqueban-

1932 2801 2043 2859 tur,
2068 2793 2136 2846 ad
2165 2801 2217 2847 te
2251 2792 2495 2862 confugi,
2534 2805 2598 2844 ac
2626 2790 2774 2853 dico,
2802 2788 2924 2842 Non
2957 2788 3256 2858 confundor
3286 2791 3340 2844 in
3366 2801 3521 2845 ωεστ-

1934 2904 2082 2942 nam.
2125 2885 2313 2956 Neque
2358 2885 2502 2939 enim
2547 2883 2765 2953 penitus
2802 2897 3030 2936 eversus
3061 2897 3204 2944 sum,
3249 2898 3425 2952 neque
3463 2882 3518 2936 in

1934 2976 2097 3030 talem
2128 2977 2342 3030 ruinam
2387 2973 2649 3044 delapsus
2688 2973 2904 3042 qualem
2938 2971 2974 3026 ii
2999 2973 3095 3041 qui
3129 2972 3224 3027 abs
3271 2980 3324 3028 te
3363 2988 3520 3042 pror-

1855 3079 1900 3140 (ζ
1933 3084 2028 3125 sus
2067 3067 2408 3122 defecerunt.

2007 3177 2060 3232 1.
2097 3175 2162 3230 ΙΝ
2203 3175 2416 3230 FINEM
2458 3171 3170 3299 [Diigl‘il‘liuCANTlCUll
3212 3170 3445 3230 DAVID.

2004 3338 2136 3406 Qua:
2166 3338 2221 3395 in
2258 3339 2362 3392 hoc
2406 3337 2623 3392 cantico
2671 3343 2889 3392 exstant
2931 3334 3156 3390 multam
3205 3333 3520 3390 aﬂinitatem

1933 3431 2136 3486 habent
2166 3445 2290 3486 cum
2339 3431 2407 3485 iis
2441 3445 2563 3500 quae
2608 3429 2661 3483 in
2715 3429 3038 3499 prmeedenti
3075 3428 3282 3497 psalmo
3331 3428 3522 3495 legun-

1935 3531 2045 3577 tur.
2081 3521 2187 3577 Sed
2235 3522 2386 3576 illum
2437 3521 2658 3592 quidem
2699 3521 2940 3591 psallens
2967 3519 3132 3573 David
3171 3519 3225 3572 iu
3276 3535 3523 3572 rememo-

1936 3617 2196 3668 rationcm
2243 3614 2348 3668 sibi
2391 3612 2732 3682 composuit;
2767 3613 2854 3666 hic
2884 3629 3010 3666 vero
3050 3619 3237 3666 narrat
3267 3611 3405 3667 alios
3443 3612 3521 3666 si-

1935 3709 2087 3762 milia
2118 3721 2436 3777 perpessos,
2472 3721 2612 3776 quos
2636 3706 2700 3760 ad
2733 3706 2817 3760 sui
2846 3705 3204 3758 imitationem
3242 3719 3304 3758 ac
3337 3720 3521 3758 exeni-

1936 3801 2085 3869 plum
2113 3798 2181 3854 de
2221 3813 2280 3852 se
2323 3797 2651 3864 sumendum
2682 3797 2945 3850 instituit.
2979 3795 3094 3849 Nisi
3126 3793 3360 3849 fortasse
3395 3793 3520 3864 Spi-

1936 3893 2076 3946 ritus
2117 3898 2344 3946 sanctus
2383 3888 2638 3942 ldithumi
2669 3888 2975 3942 ministerio
3014 3886 3270 3941 Davidem
3305 3887 3372 3940 ad
3405 3887 3520 3941 haec

1935 3983 2168 4038 dicenda
2203 3981 2492 4038 erudierit.
2545 3980 2679 4035 Nam
2734 3981 2850 4050 ipse
2885 3995 3105 4050 quoque
3135 3977 3368 4034 ldithum
3413 3980 3521 4050 spi-

1937 4076 2042 4129 ritu
2076 4073 2398 4145 prophetico
2443 4072 2698 4142 dignatus
2734 4070 2929 4125 fuerat.
2972 4067 3068 4124 His
3099 4083 3266 4138 porro
3313 4067 3516 4122 edisci-

1937 4184 2061 4223 mus
2103 4181 2202 4238 par
2233 4181 2357 4222 esse
2391 4164 2638 4233 singulos
2687 4177 2872 4217 secum
2902 4160 3166 4230 colloqui.
3199 4175 3377 4228 neque
3423 4175 3521 4215 e1-

1935 4261 2214 4315 trinsecus
2260 4257 2555 4328 magistros
2596 4263 2937 4326 exspectare,
2988 4253 3086 4309 sed
3133 4252 3425 4308 ratiocinio
3462 4263 3519 4307 et

1936 4351 2268 4425 cogitatione
2296 4365 2578 4406 sermones
2609 4362 2795 4404 secum
2819 4346 3091 4402 conferre.

309 4530 475 4588 Εἴπα
493 4552 506 4565 ’
536 4537 790 4601 diuidi-Iw
816 4537 921 4604 τὰς
953 4538 1133 4605 ὁδούς
1146 4557 1285 4609 μου.
1311 4541 1444 4594 Κατ’
1470 4539 1653 4604 αὐτὸν,
1673 4541 1826 4611 φησὶ,

2011 4533 2176 4588 Vens.
2207 4531 2323 4597 2,5.
2367 4530 2493 4584 Dixi
2521 4547 2538 4583 :
2573 4527 2882 4583 Custodiam
2907 4529 3018 4581 vias
3053 4543 3217 4580 nicas.
3254 4526 3401 4594 ipso,
3434 4525 3521 4579 in-

241 4625 338 4679 τδν
365 4626 556 4697 καιρὸν
615 4627 708 4680 τοῦ
756 4629 1087 4700 πειρασμοῦ,
1123 4630 1574 4694 ὲπαναϐαίνοντός
1617 4649 1707 4702 μοι
1739 4630 1834 4684 τοῦ

242 4716 346 4789 τὴν
399 4719 674 4789 ἁμαρτίαν
718 4719 1091 4791 ἐνεργοῦντος,
1121 4719 1236 4790 ἐγὼ
1279 4722 1526 4791 ἔλεγον-ο
1587 4721 1836 4786 Φυνίάξω

242 4812 355 4876 τὰς
393 4809 571 4875 ὁδούς
603 4829 724 4878 μου
765 4810 870 4865 τοῦ
900 4810 988 4880 μὴ
1043 4811 1405 4881 ἁμαρτάνειν
1451 4812 1522 4865 ἐν
1581 4812 1833 4882 γλώσσῃ

236 4919 384 4974 μου.
426 4904 560 4958 Τότε
604 4904 660 4958 δὲ
706 4905 804 4958 καὶ
831 4905 1054 4974 ἐθέμην
1089 4903 1169 4970 τῷ
1201 4906 1454 4974 στόματί
1478 4923 1598 4975 μου
1643 4909 1837 4973 φυλα-

244 4994 393 5062 κήνο
434 4996 533 5047 καί
590 4995 913 5064 ἐκωμὼθην
967 4996 1066 5050 καὶ
1110 4996 1532 5062 ἑταπεινώθην,
1569 4996 1663 5050 καὶ
1712 4997 1838 5051 ἐσί-

197 5089 204 5100 ’
243 5102 410 5158 τησα
439 5087 508 5152 ἐξ
546 5087 802 5152 ἀγαθῶν.
843 5090 900 5141 '0
923 5088 978 5141 δὲ
1022 5089 1318 5160 Σύμμαχος
1354 5087 1529 5152 οὓτως
1569 5089 1839 5160 ἡρμήνευ-

247 5193 343 5230 σεν
362 5193 375 5207 ·
406 5173 628 5231 Εἶπον·
667 5178 922 5244 Φυλὰξω
951 5179 1054 5246 τὰς
1075 5181 1254 5247 ὁδούς
1268 5199 1409 5251 μου,
1435 5182 1522 5250 μὴ
1552 5179 1838 5250 ἁμαρτεῖν

245 5269 348 5323 διὰ
384 5269 496 5338 τῆς
532 5271 823 5342 γλώσσης
875 5290 1014 5341 μου.
1076 5273 1332 5338 Φυλάξω
1371 5273 1436 5326 τὸ
1478 5275 1674 5343 στόμα
1715 5291 1836 5341 μου

245 5361 426 5433 φιμῷ,
455 5365 542 5418 ἐτι
572 5363 748 5432 ὄντος
776 5364 1036 5432 ἀσεϐοῦς
1073 5366 1141 5430 ἐξ
1180 5367 1461 5432 ἐναντίας
1487 5383 1626 5435 μου.
1661 5367 1834 5419 ’Ἁλα-

246 5461 358 5522 λος
386 5457 679 5528 ἐγενόμην
715 5455 882 5527 σιγῇ,
913 5457 1261 5525 ἐσιωπήθην
1286 5458 1372 5528 μὴ
1405 5456 1491 5511 ὢν
1519 5461 1588 5512 ἐν
1613 5457 1833 5528 ἀγαθῷ.

260 5551 424 5623 Ὁρᾷς
453 5551 574 5604 τίνα
598 5550 800 5622 τρόπον
832 5551 929 5622 τὴν
949 5550 1128 5604 αἰτίαν
1152 5551 1246 5604 τοῦ
1277 5552 1352 5623 μὴ
1375 5551 1580 5623 τολμᾷν
1608 5551 1837 5622 διαίρειν

247 5642 309 5696 τὸ
343 5641 521 5711 στόμα
553 5641 790 5707 ἐδίδαξεν
838 5641 1006 5694 είπών
1031 5662 1042 5672 ν
1069 5642 1181 5696 Καὶ
1229 5641 1545 5706 ἐσιώπησα
1590 5640 1659 5704 ἐξ
1692 5641 1838 5711 ἁγα-

251 5730 391 5795 θὼν,
449 5732 506 5801 ἢ,
547 5730 894 5801 ὲσιωπήθην
923 5729 1010 5801 μὴ
1058 5730 1142 5786 ὢν
1189 5731 1258 5787 ἐν
1306 5730 1527 5802 ἀγαθῷ,
1573 5729 1711 5785 κατὰ
1740 5729 1840 5804 ,τὸν

325 5890 367 5923 ⁸⁸
411 5887 566 5972 κομι.
603 5905 656 5957 v,

1935 4629 2083 4698 quit,
2111 4625 2712 4691 tentationistempore,
2750 4620 3038 4674 invadente
3067 4634 3151 4672 me
3181 4617 3389 4687 peccati
3426 4631 3520 4668 an.

1936 4728 2110 4780 ctore,
2142 4731 2235 4786 ego
2264 4715 2378 4767 dixi
2412 4712 2764 4767 :Custodiam
2790 4711 2902 4764 vias
2935 4725 3099 4764 meas.
3128 4718 3184 4761 ut
3216 4724 3319 4762 non
3350 4706 3514 4761 detin-

1935 4823 2095 4878 quam
2132 4808 2185 4859 iu
2215 4805 2394 4873 lingua
2431 4819 2565 4856 mea.
2602 4801 2760 4855 Tunc
2793 4815 2943 4863 vero,
2974 4799 3132 4867 posui
3169 4799 3252 4851 ori
3283 4814 3394 4851 mea
3427 4814 3518 4851 cu-

1936 4898 2168 4953 stodiam
2194 4913 2212 4952 :
2242 4896 2479 4952 obmutui
2524 4903 2572 4948 et
2609 4893 2920 4946 humiliatus
2950 4909 3091 4955 sum,
3124 4901 3172 4946 et
3204 4893 3330 4946 silui
3362 4909 3393 4946 α
3425 4891 3518 4946 ὑο-

1937 4993 2042 5046 nis.
2072 4989 2436 5063 Symmachus
2469 4994 2648 5041 autem
2675 4987 2755 5042 sic
2791 4987 3182 5054 interpretatus
3211 4995 3314 5047 est,
3349 4985 3516 5039 Dixi:

1937 5081 2251 5137 Custodiam
2306 5081 2414 5135 vias
2468 5095 2634 5143 meas,
2666 5087 2723 5131 ut
2776 5094 2880 5131 non
2929 5077 3232 5142 delinquant
3279 5093 3371 5145 per
3413 5077 3517 5130 lin-

1935 5190 2094 5245 guam
2126 5190 2317 5227 meam.
2359 5169 2672 5226 Custodiam
2705 5186 2761 5223 os
2793 5185 2963 5222 meum
3000 5168 3170 5239 freno,
3203 5185 3320 5222 cum
3347 5167 3517 5221 adhuc

1937 5269 2006 5322 sit
2032 5267 2225 5336 impius
2253 5264 2530 5318 adversum
2569 5280 2668 5317 me.
2711 5261 2892 5316 Mutus
2917 5262 3091 5331 factus
3135 5277 3249 5314 sum
3281 5261 3512 5320 silentio,

1939 5360 2083 5414 tacui
2116 5360 2166 5412 in
2198 5358 2331 5412 bono
2363 5375 2465 5411 non
2506 5357 2760 5410 existens.
2803 5353 2994 5408 Viden’
3037 5368 3148 5423 quo
3193 5359 3353 5422 pacto
3391 5365 3517 5404 cau-

1937 5470 2052 5509 sam
2087 5453 2298 5514 achrat,
2351 5467 2450 5505 cur
2493 5467 2601 5504 non
2649 5448 2846 5503 audeat
2874 5464 2937 5503 os
2986 5445 3200 5517 aperire
3250 5457 3374 5497 cum
3416 5442 3514 5504 ait,

1936 5556 1985 5599 et
2021 5545 2146 5598 silui
2175 5561 2207 5597 a
2243 5543 2428 5604 bonis;
2461 5542 2544 5596 vel
2575 5540 2876 5596 secundum
2911 5535 3316 5609 Symmachum,
3350 5535 3513 5595 tacui,

1941 5638 1995 5691 in
2037 5637 2170 5691 bono
2217 5653 2320 5690 non
2357 5636 2632 5690 existens?
2657 5633 2794 5687 Cum
2825 5632 2970 5686 enim
3001 5631 3054 5683 in
3091 5626 3252 5682 bonis
3282 5641 3392 5680 non
3423 5639 3518 5678 ex-

1942 5731 2188 5796 isterem,
2235 5741 2415 5799 neque
2453 5725 2710 5782 ﬁduciam
2747 5723 3022 5786 haberem,
3047 5716 3364 5775 recordatus
3395 5731 3515 5774 sum
