4010 6530
515 353 620 409 547

1226 341 1495 399 EUSEBll
1532 336 2015 396 CESARIENSlS
2058 334 2188 390 OPP
2238 331 2418 390 PARS
2446 331 2533 386 Ill.
2576 363 2644 374 -—
2683 330 3094 388 EXEGETICA.

3670 334 3796 388 348

513 468 637 535 ejus
677 464 768 536 qui
804 465 878 518 ait
912 483 924 517 ε
954 463 1214 523 Peccasti.
1259 463 1462 532 quiesce
1488 459 1575 512 “z
1623 472 1794 528 quare
1830 456 1973 509 tacui
2029 455 2079 507 in

2188 451 2511 522 Σύμμαχον;
2543 448 2636 521 Μὴ
2665 466 2773 521 γαρ
2795 449 2871 502 ὣν
2927 451 2984 503 ἐν
3025 448 3268 518 ἀγαθοῖς,
3295 449 3428 521 μηδὲ
3463 452 3799 522 παρρησίαν

517 558 658 612 bona
688 574 789 609 non
823 555 1071 609 existens.
1132 551 1318 624 Neque
1352 551 1526 606 solum
1568 547 1804 600 obmutui
1831 555 1881 599 et
1914 544 2089 596 nunti-

517 652 680 706 liatus
721 665 836 703 sum
865 657 911 702 et
960 646 1085 700 silui
1113 662 1144 698 a
1190 642 1362 707 bonis,
1409 641 1503 697 sed
1537 640 1724 701 etiam,
1751 637 1903 690 dolor
1941 651 2089 689 ms

512 750 791 797 renovatus
835 748 932 794 est.
969 737 1104 792 Nam
1144 737 1300 791 dolor
1345 735 1544 788 anima:
1590 745 1743 794 mea,
1779 736 1835 784 et
1868 728 2026 783 ulcus
2060 743 2090 780 a

515 839 740 905 peccato
784 832 916 886 mihi
948 831 1184 893 illatum,
1215 843 1340 882 cum
1381 827 1438 880 in
1483 825 1652 878 imum
1697 831 1889 892 pectus
1937 819 2092 874 deve-

511 927 705 986 nisset.
729 934 786 979 et
818 924 874 978 in
917 923 1038 988 ipsa
1081 918 1421 976 conscientia
1457 915 1688 970 inﬁxum
1733 921 1899 978 esset,
1936 926 2092 966 reno-

511 1020 763 1082 vabatur,
819 1018 1059 1072 instante
1108 1024 1274 1084 atque
1321 1009 1690 1081 exprobrante
1731 1007 1942 1078 peccati
1991 1020 2090 1058 au-

508 1114 685 1166 ctare.

578 1371 747 1428 Vsus.
780 1369 816 1426 ι
844 1400 872 1413 -
903 1369 956 1423 6.
1000 1368 1275 1423 Concaluit
1310 1381 1399 1419 cor
1426 1355 1600 1418 meum
1643 1364 1787 1416 intra
1829 1375 1930 1414 me.
1980 1356 2091 1412 Me-

507 1479 651 1525 mor.
687 1461 888 1531 inquit,
922 1459 1156 1530 peccati,
1190 1457 1359 1510 animi
1391 1454 1634 1522 deliquio
1666 1467 1767 1507 ceu
1798 1451 1920 1520 igne
1941 1463 2090 1502 com-

507 1553 743 1608 burcbar
768 1571 780 1605 :
810 1553 879 1604 ab
922 1549 1149 1619 ipsaque
1184 1545 1522 1600 conscientia
1565 1544 1846 1605 incensus,
1880 1540 2087 1594 locutus

505 1661 624 1718 sum
650 1645 704 1697 in
734 1642 913 1714 lingua
945 1657 1058 1694 mea
1086 1657 1102 1693 :
1131 1637 1332 1692 Notum
1359 1638 1444 1706 {ac
1476 1637 1624 1700 mihi,
1660 1634 1904 1694 Domine.
1929 1633 2088 1702 ﬁnem

506 1754 700 1790 meum.
738 1735 913 1788 Etiam
942 1741 1066 1804 post
1089 1730 1524 1793 confessionem,
1556 1729 1649 1798 qui
1675 1726 1806 1780 mihi
1837 1725 1960 1779 linis
2003 1724 2081 1776 fu-

505 1830 666 1875 turus
693 1819 766 1874 sit
798 1819 1044 1872 ediscere
1069 1817 1311 1886 postulo.
1346 1814 1472 1869 Hzec
1506 1829 1671 1884 porro
1706 1813 1923 1866 dicebat
1954 1823 2077 1863 cum

503 1911 742 1983 graviter
761 1916 1120 1981 premeretur,
1157 1915 1311 1962 ratus
1332 1915 1740 1975 tcmporaneam
1771 1903 1911 1956 lianc
1935 1914 2079 1953 mor-

503 2003 774 2072 talemque
805 2001 971 2054 vitam
1005 1999 1077 2054 ob
1109 1998 1326 2052 taedium
1363 1995 1777 2064 molestiamque
1811 1992 1930 2061 ejus
1953 1989 2077 2042 diu-

503 2095 880 2151 turnissimam
911 2107 1053 2147 esse.
1087 2091 1268 2157 Quare
1312 2089 1498 2143 obitus
1529 2087 1631 2141 sibi
1676 2095 1892 2154 tempus
1939 2081 2080 2135 indi-

501 2186 616 2240 cari
648 2183 989 2254 pcroptabat,
1039 2189 1099 2235 ut
1152 2187 1379 2249 accepto
1413 2177 1683 2231 libertatis
1714 2190 1778 2228 ac
1821 2174 2080 2228 tentatio-

501 2294 632 2332 num
669 2277 848 2332 exitus
883 2275 1065 2329 fausto
1113 2273 1331 2334 nuntio,
1371 2270 1627 2323 alacriter
1665 2276 1868 2337 ageret.
1904 2265 1958 2318 In
2000 2280 2080 2318 se-

502 2366 802 2438 quentibus
830 2380 960 2420 vero
991 2365 1072 2417 sic
1104 2362 1180 2414 ait
1208 2380 1220 2415 :
1247 2359 1462 2414 Advena
1503 2375 1595 2427 ego
1627 2373 1743 2410 sum
1779 2354 1917 2424 apud
1951 2365 1998 2407 te
2027 2362 2078 2406 et

499 2457 824 2526 peregrinus,
858 2457 992 2508 sicut
1020 2469 1197 2505 omnes
1223 2459 1402 2519 patres
1434 2449 1553 2500 mei.
1593 2445 1724 2499 Ecce
1751 2443 2080 2498 mensurabi-

500 2548 574 2601 les
604 2547 829 2615 posuisti
862 2544 974 2598 dies
1028 2560 1189 2606 meos,
1239 2552 1288 2596 et
1338 2541 1639 2594 substantia
1675 2555 1788 2592 mea
1826 2547 2078 2605 tanquam

501 2638 724 2693 nihilum
759 2646 883 2690 ante
930 2645 996 2689 te.
1046 2633 1152 2688 Pro
1198 2650 1308 2703 quo
1343 2631 1723 2704 Symmachus,
1766 2628 1897 2682 Ecce
1928 2627 2081 2698 quasi

497 2729 765 2799 palmares
812 2726 1008 2781 dedisti
1051 2725 1164 2780 dies
1217 2742 1380 2789 meos,
1429 2723 1620 2778 edidit.
1648 2721 1804 2774 Alius
1846 2719 2080 2773 fortasse

499 2821 724 2882 dixerit,
773 2818 1098 2882 παλαιστάς,
1133 2819 1252 2872 sive
1297 2815 1650 2870 adversarios
1680 2812 1798 2867 dics
1838 2810 2079 2865 hominis

500 2920 747 2975 vocatos,
782 2913 909 2982 quia
939 2911 1260 2973 certamine,
1293 2909 1494 2978 πάλης,
1519 2909 1632 2962 sive
1671 2921 1849 2976 pugna
1878 2912 1932 2958 et
1953 2911 2076 2956 ten-

499 3004 801 3059 tationibns
832 2992 1024 3073 repleti
1042 3010 1189 3056 sunt.
1215 2999 1587 3070 Deincepsque
1619 2999 1695 3051 ait
1721 3017 1733 3052 :
1763 2996 2080 3051 Snbstantia

499 3113 618 3150 mea
651 3076 899 3166 tanquam
943 3095 1165 3148 nihilum
1213 3103 1334 3146 ante
1368 3103 1453 3154 te;
1486 3107 1583 3162 pro
1624 3105 1734 3159 quo
1769 3091 1964 3158 Aquila
1995 3091 2080 3142 in-

499 3197 856 3258 terpretatur,
885 3197 934 3240 et
983 3186 1239 3240 demersio
1269 3203 1386 3239 mea
1431 3185 1584 3254 quasi
1612 3200 1715 3237 non
1747 3192 1824 3237 est
1859 3184 1912 3236 in
1953 3199 2069 3236 con-

498 3291 680 3353 spectu
716 3290 833 3344 tuo;
870 3279 1236 3350 Symmachus
1263 3293 1416 3340 vero,
1447 3286 1495 3330 et
1533 3276 1637 3328 vita
1672 3291 1786 3328 mea
1807 3276 1960 3345 quasi
1993 3276 2075 3328 ni-

498 3372 576 3428 hil
609 3389 786 3426 coram
820 3383 886 3424 te.
925 3369 1173 3439 Namque
1207 3376 1381 3422 totum
1422 3370 1548 3422 vita:
1587 3368 1825 3422 hominis
1863 3378 2078 3437 tempus

399 3528 402 3532 I
496 3479 624 3520 cum
678 3465 788 3518 vita
830 3462 924 3515 Dei
975 3470 1140 3531 atque
1197 3461 1412 3514 saeculis
1461 3460 1744 3513 immensis
1790 3460 2074 3523 collatum,

497 3555 659 3628 quasi
691 3555 920 3609 nihilum
957 3561 1042 3607 est
1086 3553 1141 3607 in
1187 3561 1484 3622 conspectu
1522 3550 1637 3605 Dei.
1666 3550 1847 3617 Quare
1877 3551 1984 3602 alio
2021 3551 2074 3604 in

500 3649 622 3704 loco
655 3649 863 3703 dictum
893 3668 905 3702 :
938 3646 1068 3701 ϐωιὶ
1109 3644 1369 3715 peribunt,
1406 3655 1458 3696 tu
1493 3653 1667 3697 autem
1697 3660 1990 3713 pet-manes,
2026 3652 2074 3695 et

498 3757 678 3797 omnes
731 3741 866 3794 sicut
891 3741 1252 3794 vestimentum
1283 3745 1601 3791 veternscent
1628 3753 1646 3790 :
1667 3745 1717 3790 et
1750 3737 1881 3789 sicut
1925 3751 2075 3804 oper-

501 3833 695 3887 torium
741 3834 967 3885 mutabis
997 3849 1083 3886 eos
1112 3840 1162 3885 et
1209 3831 1575 3884 mutabuntur.
1613 3829 1690 3883 Tu
1729 3839 1901 3881 autem
1936 3828 2074 3880 idem

498 3923 610 3992 ipse
637 3939 714 3987 es,
746 3931 795 3976 et
830 3923 956 3975 anni
988 3923 1064 3974 tui
1111 3937 1214 3973 non
1259 3920 1587 3988 deﬁcient”.
1618 3915 1725 3972 Sed
1756 3917 1917 3971 etiam
1957 3930 2075 3968 om-

499 4015 591 4068 nia
639 4013 922 4069 hominum
967 4012 1169 4074 studia,
1204 4011 1420 4064 vanitas
1454 4011 1752 4062 vanitatnm
1799 4014 1960 4072 sunt;
1997 4013 2071 4066 et,

500 4107 750 4160 universa
786 4106 1019 4166 vanitas,
1089 4105 1258 4157 omnis
1305 4103 1456 4156 homo
1489 4102 1700 4162 vivens;
1737 4099 1872 4162 sive,
1906 4099 2074 4152 omnis

500 4197 654 4250 homo
683 4197 1023 4258 constitutus,
1069 4195 1370 4249 secundum
1414 4193 1699 4262 Aquilam;
1730 4191 1863 4253 sive,
1907 4193 2074 4244 omnis
2105 4185 2107 4187 ’

501 4290 658 4342 homo
683 4296 854 4348 stans,
884 4285 1185 4340 secundum
1220 4284 1628 4356 Symmachum.
1653 4281 1788 4336 Nam
1815 4284 1906 4352 qui
1932 4299 2077 4339 nunc

501 4390 632 4444 stat,
672 4395 734 4433 ac
767 4379 1018 4449 praesenti
1066 4386 1310 4448 tempore
1343 4377 1508 4429 vitam
1551 4375 1817 4436 decurrit,
1859 4378 2074 4431 vanitas

501 4489 635 4530 sane
671 4472 858 4526 fuerit.
895 4469 954 4524 Si
989 4473 1171 4541 itaque
1207 4469 1354 4523 nulla
1381 4467 1693 4520 hominibus
1723 4468 1926 4523 inesset
1949 4486 2075 4540 spes

2191 541 2362 609 ἄγων,
2395 541 2720 609 ἐμεμνήμην
2752 539 2845 592 τοῦ
2871 539 3154 607 λέγοντος·
3192 539 3500 608 Ἠμαρτες,
3536 541 3796 607 ἡσύχαρ

2191 650 2308 686 σοι⁴
2330 650 2343 661 -
2369 631 2449 684 διὸ
2477 630 2789 699 ἐσιώπησα
2809 630 2893 700 μὴ
2921 632 3006 684 ῶν
3039 633 3109 684 ἐν
3127 631 3346 701 ἀγαθῷ.
3395 633 3469 684 Οὐ
3521 631 3689 702 μόνον
3735 631 3794 684 εξ,-

2190 723 2510 792 ἐκωφὼθην
2543 722 2641 775 καὶ
2666 724 2924 791 ἐσίγησα
2958 722 3027 786 ἐξ
3081 721 3339 793 ἀγαθῶν,
3365 722 3500 777 ἀλλὰ
3545 723 3641 776 καὶ
3674 722 3795 777 ἆλ-

2191 814 2346 884 τημά
2364 833 2484 883 μου
2511 815 2922 882 ἀνεκαινίσθη.
2949 814 3023 867 Τὸ
3049 813 3155 887 γὰρ
3190 814 3290 884 τῆς
3317 813 3491 884 ψυχῆς
3543 831 3648 886 μου
3693 813 3794 867 ἆλ-

2191 923 2286 975 γος
2330 906 2424 958 καὶ
2453 906 2513 959 τὸ
2547 906 2611 958 ἐκ
2639 906 2737 976 τῆς
2778 906 3053 978 ἁμαρτίας
3083 907 3438 976 ἐγγενόμενόν
3468 923 3559 977 μοι
3591 905 3792 972 ἕλκος,

2191 997 2332 1051 κατὰ
2363 997 2557 1066 βάθους
2617 996 2954 1067 ἐγκείμενον,
2997 998 3090 1050 καὶ
3119 998 3237 1050 κατ’
3263 997 3431 1068 αὐτῆς
3465 997 3566 1068 τῆς
3602 1014 3794 1050 συνει-

2189 1088 2394 1158 δήσεως
2449 1086 2911 1157 ἐμπεπηγμένον,
2959 1085 3272 1148 ἁνενεοῦτο,
3322 1085 3792 1148 ἐπαναδαίνοντός

2193 1197 2282 1250 μοι
2331 1180 2426 1231 καὶ
2486 1177 2903 1242 ἐπονειδίζοντος
2951 1177 3043 1230 τοῦ
3085 1177 3182 1248 τὴν
3222 1176 3495 1249 ἁμαρτίαν
3541 1179 3792 1248 ἐνηργη-

2192 1273 2365 1336 κότος.

2273 1364 2624 1434 Ἐθερμὰνθη
2656 1365 2693 1431 ἡ
2721 1362 2929 1431 καρδία
2952 1381 3070 1431 μου
3090 1363 3262 1429 ἐντός
3275 1380 3416 1432 μου.
3436 1362 3792 1432 Ἀναμιμνη-

2191 1458 2474 1527 σχόμενος,
2508 1455 2664 1524 φησὶ,
2697 1454 2794 1524 τῆς
2818 1453 3112 1523 ἁμαρτίας,
3154 1452 3252 1523 τῆς
3276 1451 3514 1522 ἀθυμίας
3553 1452 3792 1523 ἐνεπιμι-

2190 1550 2414 1621 πράμην
2462 1547 2614 1618 πυρὶ,
2647 1547 2740 1598 ὑπ’
2776 1544 2943 1614 αὐτῆς
2992 1543 3330 1616 πυρούμενος
3372 1545 3473 1612 τῆς
3527 1542 3791 1613 συνειδή-

2191 1638 2676 1703 σεως,⁹Ελάλησα
2708 1637 2777 1690 ἐν
2802 1635 3052 1706 γλώσσῃ
3095 1652 3245 1705 μου’
3295 1633 3612 1703 Γνώρισόν
3655 1654 3790 1705 μοι,

2189 1734 2385 1800 Κύριε,
2421 1729 2487 1783 τὸ
2522 1728 2710 1798 πέρας
2732 1746 2871 1796 μου.
2897 1727 3008 1780 Καὶ
3058 1727 3195 1797 μετὰ
3240 1727 3338 1798 τὴν
3385 1725 3791 1797 ἐξομολόγησιν

2181 1825 2367 1876 ὁποίου
2401 1821 2590 1884 τέλους
2622 1820 2884 1891 τεύξομαι
2921 1819 3112 1891 μαθεῖν
3148 1820 3303 1884 ἀξιῶ.
3336 1819 3694 1892 Βαρούμενος
3733 1820 3792 1873 δὲ

2182 1915 2355 1970 ταῦτα
2383 1916 2558 1983 ἔλεγε,
2581 1913 2679 1985 τὴν
2713 1914 3046 1985 πρόσκαιρον
3079 1913 3173 1966 καὶ
3197 1912 3396 1983 Θνητὴν
3426 1911 3570 1983 ζωὴν
3605 1913 3704 1966 διὰ
3728 1916 3794 1964 τὸ

2182 2006 2414 2076 ἐπαχθὲς
2462 2007 2630 2076 αὐτῆς
2677 2003 3026 2076 μακροτάτην
3073 2003 3394 2074 ⁴ἡγούμενος.
3436 2004 3527 2057 Διὸ
3573 2021 3792 2076 γνωρι-

2184 2095 2375 2167 σθῆναι
2408 2095 2556 2166 αύτῷ
2581 2095 2672 2148 τὸν
2697 2095 2796 2164 τῆς
2837 2095 3157 2168 ἀπαλλαγῆς
3222 2095 3412 2167 χρόνον
3442 2095 3635 2148 ἐπόθει
3658 2113 3672 2125 ·
3716 2097 3786 2147 ἵν’

2182 2187 2416 2258 εὔθυμος
2463 2187 2692 2256 γένοιτο,
2724 2187 2823 2258 τὴν
2857 2185 2966 2240 ἀπὸ
3009 2187 3118 2239 τῶν
3163 2187 3290 2258 τῇδε
3338 2185 3660 2256 ἐλευθερίαν
3691 2186 3795 2238 καὶ

2179 2279 2287 2331 τῶν
2317 2278 2687 2350 πειρατηρίων
2716 2277 2812 2349 τὴν
2839 2279 3158 2349 ἀπαλλαγὴν
3191 2277 3630 2346 εύαγγελισθείς.
3673 2279 3788 2330 Καὶ

2181 2373 2238 2424 ὲν
2271 2373 2382 2434 τοῖς
2419 2371 2461 2423 δ’
2495 2371 2619 2441 ἑξῆς
2664 2370 2868 2442 προῖὼν
2913 2369 3126 2438 ἔλεγεν·
3160 2369 3454 2438 Πάροικος
3499 2367 3617 2438 ἐγώ
3666 2371 3786 2438 ειμι

2182 2464 2338 2531 παρὰ
2362 2463 2461 2515 σοὶ
2497 2463 2596 2516 καὶ
2631 2462 3061 2532 παρεπίδημος,
3090 2461 3284 2528 καθὼς
3314 2461 3536 2527 πάντες
3575 2465 3635 2515 οι
3663 2477 3780 2514 πα-

2181 2550 2345 2619 τέρες
2369 2569 2509 2620 μου.
2532 2551 2676 2605 Ἰδοὺ
2707 2553 3046 2617 παλαιστὰς
3071 2553 3212 2605 ἕθου
3241 2551 3349 2617 τὰς
3379 2551 3604 2620 ἡμέρας
3633 2569 3785 2619 μου,

2183 2644 2280 2696 καὶ
2332 2645 2363 2711 ἠ
2411 2644 2756 2708 ὑπόστασίς
2786 2661 2907 2712 μου
2953 2643 3095 2696 ὡσεὶ
3142 2643 3322 2698 οὐθὲν
3351 2642 3609 2698 ἐνώπιὼ-
3638 2658 3782 2696 σου.

2194 2736 2334 2788 Ἀνθ’
2364 2732 2424 2789 οὗ
2456 2739 2484 2790 6
2524 2737 2840 2807 Σύμμαχος,
2871 2735 3017 2789 Ἰδοὺ
3067 2736 3149 2801 ὠς
3195 2735 3493 2804 σπιθαμὰς
3548 2734 3790 2800 ἔδωκας

2183 2826 2288 2892 τὰς
2340 2826 2567 2894 ἡμέρας
2602 2846 2743 2896 μου,
2779 2827 3262 2893 ἐξέδωκεν.Ἀλλος
3301 2827 3346 2879 δ’
3374 2827 3439 2880 ἂν
3484 2828 3631 2880 εῐποι
3669 2842 3783 2881 πα-

2181 2920 2437 2987 λαιστὰς
2466 2923 2717 2994 εἰρῆσθαι
2742 2921 2839 2985 τὰς
2870 2922 2979 2974 τῶν
3014 2921 3315 2994 ἀνθρώπων
3341 2920 3576 2992 ἡμέρας,
3601 2920 3704 2973 διὰ
3727 2922 3786 2974 τὸ

2185 3014 2581 3087 πεπληρῶσθαι
2636 3015 2805 3079 αὐτὰς
2849 3014 3060 3084 ἀγῶνος
3098 3016 3191 3068 καὶ
3223 3014 3399 3084 πάλης
3433 3014 3528 3067 καὶ
3577 3031 3781 3086 πειρα-

2181 3106 2406 3177 τηρίων.
2426 3107 2585 3178 Ἑξῆς
2621 3107 2834 3170 τούτοις
2864 3107 3032 3177 φησί·
3072 3107 3182 3162 Καὶ
3213 3107 3250 3174 ἠ
3286 3106 3632 3170 ὑπόστασις
3656 3123 3784 3174 μου

2182 3201 2327 3255 ὡσεὶ
2353 3200 2533 3254 οὐθὲν
2555 3199 2812 3253 ἐνώπιόν
2851 3215 2968 3252 σου
2989 3216 3000 3228 ·
3033 3198 3150 3252 ἀνθ’
3168 3195 3229 3250 οὗ
3262 3199 3292 3250 6
3324 3196 3556 3261 Ἀκύλας
3585 3201 3748 3270 ηρμή

2180 3310 2366 3346 νευσε·
2399 3293 2508 3346 Καὶ
2549 3293 2586 3360 ή
2627 3290 2958 3357 κατάδυσις
2984 3309 3104 3360 μου
3139 3291 3216 3356 ὠς
3251 3293 3362 3344 οὐκ
3390 3290 3564 3343 ἐστιν
3589 3290 3781 3345 έναι-ο

2178 3385 2310 3437 τίον
2342 3399 2492 3438 σοιν
2537 3385 2566 3436 6
2603 3382 2660 3434 δὲ
2709 3381 3032 3452 Σύμμαχοςο
3067 3381 3176 3435 Καὶ
3207 3382 3243 3447 ἡ
3274 3380 3494 3446 βίωσίς
3528 3398 3653 3449 μου
3699 3382 3781 3449 ὼς

2177 3472 2361 3526 οὐδὲν
2400 3472 2648 3539 ἀντικρύ
2683 3487 2820 3524 σου.
2842 3473 2899 3523 '0
2946 3471 3054 3542 γὰρ
3105 3473 3208 3534 πᾶς
3240 3471 3337 3541 τῆς
3371 3468 3514 3540 ζωῆς
3562 3469 3782 3542 ἀνθρὼ-

2179 3580 2282 3616 που
2311 3563 2522 3633 χρόνος,
2557 3560 3044 3633 παραϐαλλόμενος
3092 3563 3157 3632 τῇ
3202 3561 3294 3612 τοῦ
3345 3560 3479 3621 Θεοῦ
3509 3559 3644 3630 ζωῇ,
3683 3561 3779 3614 καὶ

2177 3659 2290 3719 τοῖς
2335 3655 2498 3709 αίῶσι
2542 3660 2655 3720 τοῖς
2690 3657 2962 3727 ἀπείροις,
2992 3653 3180 3724 ὥσπερ
3206 3653 3364 3706 οὐθέν
3391 3655 3506 3706 ἐστι
3537 3652 3778 3706 ἐνώπιον

2176 3745 2271 3799 τοῦ
2301 3746 2486 3800 .Θεοῦ.
2541 3746 2632 3800 Διὸ
2683 3746 2916 3818 ἀλλαχοῦ
2966 3747 3210 3818 εἴρηται·
3262 3749 3325 3798 Ol
3372 3745 3617 3812 οὐρανοί
3661 3748 3779 3801 άπ-

2177 3838 2457 3892 ολοῦνται
2477 3856 2492 3870 ο
2519 3838 2599 3892 σὺ
2625 3838 2692 3892 δὲ
2716 3838 3034 3908 διαμένεις,
3054 3838 3150 3890 καὶ
3182 3836 3404 3904 πάντες
3428 3839 3510 3904 ὡς
3538 3838 3778 3906 ἱμάτιον·

2181 3930 2704 3996 παλαιωθήσονται
2728 3947 2743 3960 ·
2773 3932 2870 3983 καὶ
2901 3930 3045 3983 ὡσεὶ
3075 3931 3377 3998 περιϐολαί
3409 3929 3632 3996 ἑλίξεις
3659 3934 3773 3983 aiio

2180 4023 2341 4088 τοὺς,
2379 4023 2475 4075 καὶ
2511 4021 2985 4091 ἀλλαγήσονται.
3029 4022 3111 4075 Σὺ
3153 4021 3220 4075 δὲ
3257 4026 3288 4075 ὀ
3332 4022 3517 4090 αὐτὸς
3552 4019 3626 4086 εἴ,
3672 4024 3774 4077 καί

2177 4113 2248 4165 τὰ
2291 4114 2394 4179 ἔτη
2441 4131 2556 4166 σου
2603 4115 2715 4166 οὐκ
2759 4113 3174 4180 ἐκλείψουσιν.
3215 4113 3375 4166 Ἀλλὰ
3423 4113 3519 4167 καὶ
3553 4115 3708 4166 πᾶσα
3741 4117 3774 4185 ἡ

2177 4202 2327 4275 παρὰ
2342 4204 2653 4276 ἀνθρώποις
2677 4204 2879 4276 σπουδὴ
2906 4206 3204 4277 ματαιότης
3233 4205 3607 4275 ματαιοτήτων
3627 4206 3770 4266 ἐστὶ,

2177 4295 2293 4357 καὶ,
2330 4293 2402 4346 τὰ
2430 4296 2755 4365 σύμπαντα
2781 4297 3126 4364 ματαιότης,
3159 4294 3277 4360 πᾶς
3301 4293 3610 4361 ἅνθρωπος
3634 4291 3768 4355 ζῶν,

2179 4385 2234 4454 ἦ,
2269 4383 2386 4450 πᾶς
2412 4384 2722 4453 ἄνθρωπος
2745 4386 3185 4456 ἐστηλωμένος,
3205 4387 3346 4438 κατὰ
3369 4385 3460 4438 τὸν
3502 4383 3735 4436 Ἀκύλαν
3754 4402 3766 4413 ·

2177 4475 2233 4546 ἢ,
2259 4472 2377 4540 πᾶς
2397 4474 2709 4542 ἄνθρωπος
2729 4474 2938 4541 ἑστὼς,
2964 4476 3102 4529 κατὰ
3129 4476 3219 4529 τὸν
3247 4475 3556 4545 Σύμμαχον.
3576 4474 3635 4527 ’0
3657 4475 3731 4542 γᾶ
3741 4491 3770 4544 ρ

501 4565 953 4630 immortalitatis,
1005 4565 1125 4618 vita:
1170 4573 1384 4617 aeterna)
1426 4575 1489 4613 ac
1532 4560 1684 4630 regni
1721 4563 2008 4628 caelorum,
2046 4581 2076 4619 e

2186 4566 2272 4619 νῦν
2301 4565 2472 4629 ἑστὼς
2498 4567 2593 4618 καὶ
2617 4569 2644 4619 6
2672 4567 2814 4620 κατὰ
2847 4569 2937 4620 τὸν
2962 4569 3201 4639 παρόντα
3231 4568 3418 4638 χρόνον
3440 4567 3541 4637 τὴν
3563 4565 3769 4635 θνητὴν

499 4673 561 4713 re
585 4673 717 4712 sane
753 4664 1036 4728 putaretur
1065 4655 1280 4708 vanitas
1309 4668 1430 4706 esse
1461 4653 1639 4706 omnis
1666 4654 1829 4708 homo
1855 4656 2063 4712 vivens.

2175 4659 2252 4711 ἔτι
2289 4658 2433 4729 ζωὴν
2469 4647 2758 4725 διεξανύιυν
2809 4661 3109 4731 ματαιότης
3153 4660 3218 4713 ἂν
3262 4660 3367 4730 εἴη.
3405 4660 3468 4712 El
3511 4657 3644 4727 γοῦν
3692 4658 3769 4727 μὴ

500 4750 756 4804 ἀπέκειτό
784 4743 1202 4821 τις’ἀνθρώποις
1246 4747 1398 4810 ἐλπὶς
1446 4747 1766 4817 ἀθανασίας,
1818 4754 1911 4805 καὶ
1960 4753 2104 4826 ζωῆς
2142 4755 2360 4808 αἰωνίου
2397 4755 2672 4824 βασιλείας
2699 4773 2756 4809 τε
2784 4757 3048 4827 οὐρανῶν,
3080 4755 3314 4822 εὐλόγως
3374 4754 3440 4808 ἂν
3504 4753 3766 4826 ἐνομίσθη

506 4843 732 4914 μάταιόν
765 4861 816 4895 τι
848 4839 985 4895 εἶναι
1027 4844 1132 4904 πᾶς
1167 4841 1449 4912 ἄνθρωπος
1482 4842 1609 4905 ζῶν.

574 4935 741 4991 Vens.
780 4939 856 4991 8-
895 4938 981 4990 l2.
1022 4936 1087 4989 Et
1122 4953 1255 4990 nunc
1299 4953 1415 5006 quw
1452 4949 1528 4991 est
1564 4943 1886 5009 exspectatio
1934 4960 2070 5007 mea,

502 5046 672 5086 nonne
729 5029 1023 5084 Dominus?
1071 5036 1178 5083 etc.
1217 5029 1341 5083 llaec
1387 5045 1552 5099 porro
1603 5033 1683 5088 sic
1717 5035 1886 5088 edidit
1916 5036 2076 5106 Sym-

505 5118 770 5173 machus:
806 5117 964 5172 Nuuc
994 5120 1155 5189 igitur
1199 5119 1322 5189 quid
1388 5134 1646 5191 exspecto,
1715 5125 1964 5181 Domine?
1997 5143 2076 5180 rc-

505 5210 714 5263 mansio
770 5227 883 5263 mea
918 5211 973 5262 in
1023 5221 1070 5264 te
1126 5221 1216 5267 est.
1259 5213 1337 5266 Ab
1402 5214 1642 5268 omnibus
1701 5219 2078 5286 transgressio-

507 5301 658 5356 nibus
708 5303 836 5356 meis
890 5301 1083 5356 redime
1147 5321 1254 5368 me,
1327 5306 1744 5374 cxprobrabilcm
1811 5309 2078 5376 insipienti

503 5409 570 5449 tte
612 5408 776 5462 ponas
809 5411 909 5448 me.
968 5393 1150 5449 Mutus
1195 5399 1371 5466 {actus
1422 5415 1563 5462 sum,
1619 5416 1725 5452 non
1777 5401 1973 5466 aperies
2018 5417 2074 5454 os

507 5499 676 5537 meum
703 5500 721 5538 :
753 5494 807 5536 tu
836 5485 971 5538 enim
1010 5487 1204 5555 fecisti.
1236 5485 1365 5543 Post
1401 5504 1464 5542 ea
1497 5504 1617 5558 quas
1651 5489 1904 5557 superius
1933 5490 2076 5543 dicta

507 5582 658 5638 sunt,
691 5573 788 5638 ait,
823 5575 958 5630 nihil
1003 5576 1135 5630 mihi
1188 5579 1463 5645 relictum,
1501 5577 1747 5641 Domine,
1794 5578 1898 5631 nisi
1934 5587 1992 5632 ut
2026 5589 2075 5635 te

580 5754 626 5785 '°
665 5753 796 5812 Gen.
836 5773 906 5825 tv,
946 5758 996 5826 7,
1044 5775 1154 5816 sec.
1194 5755 1355 5813 LXX.
1435 5756 1479 5794 ’⁷
1523 5753 1661 5811 Psal.
1701 5772 1786 5820 ει,
1821 5757 2004 5826 27,28.

2252 4943 2359 4996 Καὶ
2385 4942 2502 4996 νῦν
2522 4945 2613 5009 τίς
2645 4945 2683 5012 ἡ
2716 4942 2986 5012 ὑπομονὴ
3013 4961 3151 5012 μου,
3176 4944 3309 5010 οὐχ)
3336 4944 3583 5010 Κύριος;
3625 4944 3682 4995 ὐ
3708 4943 3766 4995 es

2186 5034 2478 5106 Σύμμαχος
2506 5036 2676 5100 οὕτως
2709 5036 2776 5089 τὰ
2808 5036 3143 5107 προκείμενα
3175 5035 3400 5098 ἐξέδωκε
3437 5036 3603 5106 ρητάο
3633 5033 3766 5089 Α’ῐνν

2181 5122 2294 5180 οὖν
2333 5128 2388 5179 τί
2428 5126 2762 5195 προσδοκῶ,
2809 5127 3114 5191 Δέσποτα;
3157 5130 3192 5195 ἡ
3227 5125 3494 5196 ἀναμονή
3524 5144 3644 5194 μου
3673 5131 3764 5193 εἰς

2184 5217 2257 5270 σέ
2299 5218 2640 5272 somniasti}
2684 5217 2896 5272 πασῶν
2945 5217 3064 5271 τῶν
3110 5218 3367 5272 ἀθεσιῶν
3392 5237 3511 5288 μου
3543 5217 3764 5282 ἐξέλου

2181 5326 2277 5378 με,
2320 5309 2735 5362 ἐπονείδιστον
2787 5309 2997 5379 ἄφρονι
3037 5311 3122 5379 μὴ
3173 5311 3356 5382 τάξῃς
3402 5313 3760 5381 με.Ἀλαλι-ς

2181 5401 2495 5469 ἐγενόμην,
2521 5403 2630 5454 οὐκ
2650 5402 2910 5467 ἀνοίξεις
2937 5403 3127 5472 στόμα
3152 5421 3292 5472 ,κου’
3320 5404 3400 5457 σὺ
3427 5405 3535 5472 γὰρ
3555 5405 3759 5469 ἐποίη-

2179 5508 2314 5557 σας.
2339 5493 2493 5546 Μετὰ
2519 5492 2587 5546 τὰ
2622 5491 3025 5566 προλελεγμένα
3049 5498 3247 5563 πάντα,
3274 5496 3456 5567 φησὶν,
3481 5495 3631 5549 οὐδέν
3667 5511 3758 5564 μοι

2177 5583 2444 5648 λείπεται,
2479 5579 2522 5640 ὦ
2558 5586 2812 5659 Κύριαῆ
2865 5589 2921 5641 σὲ
2965 5588 3266 5660 προσδοκᾷν
3319 5587 3408 5642 καὶ
3457 5589 3538 5652 εἰς
3571 5587 3629 5641 σὲ
3659 5584 3758 5652 τὰς
