4010 6592
271 389 397 446 319‘

1398 383 1905 442 COMMENTABIA
1946 384 2014 440 IN
2055 384 2402 441 PSALMOS.

3430 395 3534 448 εἷἰο

272 506 490 568 ὲλπίδας
512 504 691 576 ἔχειν·
716 498 873 576 παρά
894 500 990 556 σοῦ
1020 500 1132 573 γὰρ
1159 502 1258 573 τῆς
1284 500 1465 573 ψυχῆς
1490 504 1524 573 ἡ
1555 500 1819 556 ὑπόστασί

1952 509 2263 571 exspectem
2307 511 2360 558 et
2410 501 2465 556 in
2513 509 2565 557 te
2609 518 2759 572 spem
2810 502 3040 559 habeam
3076 521 3091 558 :
3124 519 3249 559 nam
3296 508 3439 576 apud
3485 518 3536 564 te

270 601 405 652 ἐστι.
443 596 534 649 Διὸ
573 596 765 668 δέομαι
793 595 887 648 καὶ
916 592 1148 647 ἱκετεύω
1174 592 1609 665 ὲλευθερωθῆναί
1648 610 1714 664 με
1742 593 1850 646 τῶν

270 689 394 759 τῇδε
440 686 650 750 κακῶν,
677 688 771 741 καὶ
815 686 923 739 τῶν
972 684 1209 757 ἀνομιῶν
1244 702 1343 757 μου
1377 684 1848 756 ρυσθῆναι.”Απαξ

267 780 377 850 γὰρ
404 780 801 851 περιπέπτωκα
831 779 1045 851 ἄφρονι,
1077 779 1205 850 περὶ
1233 771 1294 832 οὗ
1324 780 1418 832 καὶ
1449 779 1707 850 ἀνωτέρω
1733 778 1848 830 ἔλε-

267 886 393 938 γονο
434 872 537 925 Ἐν
585 869 666 935 τῷ
706 870 1009 938 συστῆναι
1054 869 1162 923 τὸν
1198 869 1547 939 ἁμαρτωλὸν
1594 868 1848 923 ἐνώπιόν

266 980 403 1032 μου,
444 962 783 1033 ἐκωφὼθην,
812 963 911 1017 καὶ
939 962 1342 1031 ἐταπεινώθην
1368 964 1467 1016 καὶ
1493 963 1752 1032 ἐσίγησα
1775 960 1845 1026 ἐξ

264 1053 523 1124 ἀγαθῶν.
565 1056 771 1109 Αὐτίκα
799 1056 928 1124 γοῦν
971 1054 1248 1127 ἀφροσύνῃ
1280 1054 1604 1127 παραδοθεὶς
1646 1055 1844 1123 γέγονα

265 1147 654 1211 ἐπονείδιστος·
689 1148 912 1211 εἰκότως
943 1144 1056 1212 οὖν,
1079 1150 1154 1213 ὠς
1180 1150 1246 1202 ἂν
1273 1147 1634 1218 γνωσιμαχῶν
1658 1148 1741 1216 ἐφ’
1763 1142 1844 1210 οἷς

262 1238 530 1309 ἥμαρτον,
561 1237 880 1308 ἐκωςρώθην
900 1239 996 1292 καὶ
1019 1241 1130 1292 οὐκ
1157 1237 1371 1306 ἦνοιξα
1392 1238 1457 1291 τὸ
1493 1238 1684 1306 στόμα
1699 1254 1839 1305 μου,

262 1328 354 1382 ὅτι
397 1331 477 1384 σὺ
522 1332 829 1398 ἐποίησας.
849 1331 905 1383 '0
952 1330 1060 1401 γὰρ
1112 1332 1202 1394 σὺς
1254 1330 1416 1399 φόϐος
1465 1328 1725 1398 κωφῶσαί
1771 1345 1837 1398 με

258 1423 507 1492 ἐποίησε.
539 1423 785 1493 πλήττων
825 1439 892 1493 με
938 1423 1025 1491 ,ἐφ’
1057 1416 1139 1485 οἷς
1175 1422 1442 1492 ἥμαρτον,
1477 1421 1572 1474 καὶ
1612 1437 1838 1473 κατασι-

252 1511 442 1579 γάζων
471 1513 604 1586 πρὸς
639 1513 700 1567 τὸ
726 1515 800 1584 μὴ
836 1513 1191 1583 φθέγγεσθαι.
1212 1513 1355 1565 Ἀντὶ
1384 1512 1440 1565 δὲ
1464 1510 1579 1574 τοῦ,
1609 1510 1839 1576 ὄνειδος

251 1603 471 1673 ἄφρονι
505 1604 732 1671 ἔδωκάς
774 1622 874 1675 με,
900 1606 929 1657 ὁ
971 1606 1067 1676 μὲν
1113 1605 1362 1667 Ἀκύλας,
1393 1602 1622 1669 ὄνειδος
1657 1603 1838 1669 ἀπορ-

252 1696 473 1763 ρέοντι,
494 1698 647 1769 φησὶ,
667 1697 751 1767 μὴ
779 1696 892 1765 θῇς
915 1715 990 1766 με
1014 1715 1027 1728 ’
1063 1699 1091 1750 ὁ
1116 1699 1173 1751 δὲ
1202 1697 1515 1768 Σύμμαχος,
1546 1692 1835 1748 ἐπονείδι-

251 1803 408 1841 στον
456 1787 671 1857 ἄφρονι
714 1788 800 1858 μὴ
848 1788 967 1855 δῷς
1006 1806 1112 1858 με’
1157 1792 1191 1859 ἡ
1243 1789 1300 1842 δὲ
1330 1788 1552 1858 πέμπτη
1596 1784 1833 1846 ἐκδοσιςο

1958 598 2042 646 est
2076 594 2389 649 substantia
2425 594 2642 649 animae.
2698 592 2879 659 Quare
2924 595 3173 664 supplico
3207 610 3271 650 ac
3306 611 3437 666 rogo
3469 599 3536 651 li-

1957 682 2140 737 berari
2172 699 2258 738 me
2289 685 2358 739 ab
2399 684 2548 739 hisce
2578 684 2761 746 malis,
2793 690 2849 738 et
2883 684 2952 738 ab
2978 685 3364 754 iniquitatibus
3397 691 3534 743 meis

1954 772 2113 842 eripi.
2159 770 2337 828 Semel
2367 774 2511 829 enim
2557 774 2902 844 insipientem
2946 775 3147 830 oﬂendi
3178 780 3245 831 de
3287 794 3397 847 quo
3436 796 3532 833 su-

1954 864 2140 933 perius
2170 863 2419 920 dicebam
2450 885 2463 920 :
2494 864 2626 920 Cum
2654 868 2961 920 consisteret
2985 877 3226 936 peccator
3251 868 3530 925 adversum

1954 971 2057 1017 me,
2100 956 2336 1009 obmutui
2377 967 2427 1010 et
2459 957 2774 1011 humiliatus
2820 975 2959 1022 sum,
2994 970 3045 1013 et
3085 962 3214 1015 silui
3267 978 3299 1015 ιι
3353 965 3526 1018 bonis.

1955 1046 2261 1102 Confestim
2315 1049 2497 1119 itaque
2548 1050 2879 1119 insipientia:
2923 1052 3185 1117 traditus,
3229 1055 3529 1123 probrosus

1950 1140 2177 1197 effectus
2212 1158 2331 1197 sum
2363 1162 2376 1197 :
2416 1143 2539 1211 jure
2583 1158 2714 1211 ergo
2749 1154 3032 1212 peccatum
3068 1155 3122 1200 et
3153 1146 3526 1202 infirmitatem

1950 1249 2255 1304 agnoscens
2287 1251 2484 1298 meam,
2522 1237 2760 1290 obmutui
2785 1248 2832 1292 ct
2876 1255 2978 1291 non
3014 1241 3195 1305 aperui
3246 1257 3301 1293 os
3334 1256 3525 1302 meum,

1946 1328 2197 1396 quoniam
2233 1339 2286 1380 tu
2315 1329 2505 1394 fecisti.
2531 1328 2719 1384 Timor
2751 1332 2896 1385 enim
2928 1332 3003 1384 tui
3038 1347 3123 1384 me
3149 1333 3527 1387 obmutescere

1948 1417 2097 1483 fecit,
2135 1435 2329 1490 meque
2367 1422 2437 1475 ob
2491 1431 2719 1490 peccata
2771 1438 2891 1477 inea
2924 1425 3177 1492 perculit,
3235 1431 3289 1477 et
3340 1431 3526 1479 tacere

1948 1511 2096 1573 fecit,
2134 1520 2195 1566 ut
2226 1530 2333 1567 non
2364 1515 2505 1566 ultra
2538 1515 2810 1584 loquerer.
2840 1515 2944 1570 Pro
2975 1517 3067 1569 illo
3097 1524 3302 1579 autem,
3331 1533 3524 1587 oppro-

1947 1606 2119 1657 brium
2154 1606 2424 1675 insipienti
2451 1607 2644 1661 dedisti
2671 1624 2780 1672 me;
2812 1608 3031 1678 Aquila,
3063 1610 3400 1678 opprobrium
3429 1609 3523 1665 de-

1944 1695 2130 1762 ﬂuenti
2165 1712 2228 1748 ne
2258 1713 2420 1764 ponas
2476 1714 2591 1760 me;
2631 1696 2995 1769 Symmachus
3030 1716 3180 1765 vero,
3230 1704 3493 1771 exprobra

1946 1786 2100 1839 bilem
2124 1788 2395 1856 insipienti
2427 1807 2490 1843 ne
2534 1806 2700 1858 ponas
2743 1807 2857 1855 me;
2889 1792 3079 1860 quinta
3108 1793 3297 1856 editio,
3332 1809 3523 1863 oppro-

255 1879 485 1945 6νειδος
514 1880 725 1947 ἄφρονι
766 1879 853 1947 μὴ
895 1878 1013 1945 δῷς
1053 1881 1334 1949 με.”οπερ
1361 1877 1704 1949 παράκλησιν
1736 1877 1821 1945 έμ-

1941 1876 2108 1931 brium
2134 1879 2399 1947 insipienti
2426 1898 2489 1934 ne
2510 1880 2713 1935 dederis
2750 1898 2850 1937 me.
2876 1881 3030 1948 Quod
3058 1883 3176 1952 ejus
3204 1885 3295 1953 qui
3326 1901 3524 1955 pecca-

249 1970 434 2040 φαίνει
457 1970 549 2023 τοῦ
575 1971 976 2042 ἡμαρτηκότος.
1004 1970 1337 2034 ἱκετεύοντος
1367 1970 1439 2041 μὴ
1469 1968 1833 2041 παραδοθῆναι

254 2068 337 2128 είς
380 2065 680 2136 ὀνειδισμὸν
708 2064 922 2136 ἄφρονι.
955 2065 1017 2117 Ei
1045 2063 1088 2116 δ’
1120 2062 1281 2125 αὐτὸς
1310 2064 1338 2115 ὁ
1374 2060 1577 2133 Κύριος
1607 2058 1835 2130 παραδί-

245 2153 415 2206 δωσιν
449 2154 642 2224 ἄφρονι
664 2153 754 2205 τὸν
783 2152 1156 2223 ἡμαρτηκότα,
1191 2150 1542 2215 ὀνειδίζεσθαι
1571 2150 1707 2220 πρὸς
1737 2148 1833 2201 αύ-

255 2242 370 2306 τοῦ,
402 2245 495 2297 καὶ
536 2243 690 2298 τοῦτο
737 2242 801 2296 ἂν
844 2245 1017 2307 εἴποις
1063 2244 1149 2295 ἐπ’
1176 2242 1410 2312 ὠφελείᾳ
1458 2241 1700 2310 γίνεσθαι
1734 2237 1828 2292 τοῦ

247 2334 670 2406 ὀνειδιζομένου,
705 2335 782 2397 ὠς
809 2335 895 2396 ἂν,
929 2334 1279 2404 κακούμενος,
1306 2332 1526 2403 μείζονα
1557 2332 1832 2399 ποιήσοιτο

246 2428 351 2498 τὴν
379 2428 472 2480 ἐπὶ
500 2429 613 2490 τοῖς
639 2420 1044 2496 ἡμαρτημένοις
1069 2425 1451 2496 ἐξομολόγησιν
1468 2440 1481 2453 ⁸
1513 2423 1650 2493 ὅπερ
1674 2421 1828 2491 ἠξίου

249 2520 328 2592 μὴ
373 2519 561 2573 παθεῖν
611 2522 639 2573 ὁ
688 2517 867 2581 Δαυῖδ,
898 2519 973 2582 ὠς
1005 2519 1181 2572 πάντα
1228 2519 1479 2590 πράττων
1512 2516 1579 2569 τὰ
1606 2514 1684 2585 τῷ
1711 2514 1828 2585 Θεῷ

242 2611 454 2682 ἀρεστὰ
478 2612 536 2677 ἐξ
568 2608 779 2664 ἑαυτοῦ.
799 2610 1168 2677 Ἀπόστησον
1190 2610 1291 2663 ἀπ’
1313 2608 1458 2677 ἐμοῦ
1490 2606 1596 2673 τὰς
1618 2604 1829 2675 μάστι-

235 2702 356 2776 τάξ*
388 2709 530 2758 d'ov'
563 2703 681 2758 ἀπὸ
708 2700 816 2772 γὰρ
841 2700 952 2769 τῆς
976 2699 1174 2769 χειρὸς
1197 2700 1307 2767 τῆς
1329 2701 1543 2770 ἰσχύος
1574 2716 1691 2754 σου
1712 2696 1827 2768 ἐγὼ

146 2790 159 2800 ’
231 2796 528 2863 ἐξέλιπον
547 2812 561 2827 ·
607 2797 676 2849 ἐν
707 2793 981 2864 ἐλεγμοῖς
1002 2793 1153 2861 ὑπὲρ
1174 2794 1426 2861 ἀνομίας
1460 2791 1827 2855 ἐπαίδευσας

231 2889 577 2957 ἄνθρωπον.
608 2887 705 2940 καὶ
741 2886 1029 2953 ἐξέτηξας
1057 2885 1138 2950 ὠς
1172 2883 1447 2953 ἀράχνην
1471 2882 1586 2951 τὴν
1613 2882 1829 2951 ψυχὴν

130 3002 137 3009 ”
225 2981 452 3044 αὐτοῦ,
476 2980 643 3049 πλὴν
658 2979 859 3049 μάτην
887 2979 1002 3044 πᾶς
1027 2978 1357 3045 ἄνθρωπος’
1382 2975 1712 3044 διάψαὰμα.

324 3096 414 3148 Ἐν
468 3094 566 3165 μὲν
606 3093 688 3164 τῷ
738 3094 844 3162 πρὸ
894 3093 1082 3146 τούτου
1114 3089 1315 3161 ψαλμῷ
1346 3092 1603 3160 παρεῖχεν
1635 3088 1826 3142 ἑαυτὸν

224 3189 688 3255 ἑπιστρεπτικαῖς
720 3186 971 3253 πληγαῖς,
1000 3178 1087 3237 οἷά
1129 3200 1212 3245 τις
1252 3181 1546 3251 εὐγνώμων
1576 3180 1823 3251 μαθητὴς
1849 3221 1891 3278 C

222 3278 542 3347 διδασκάλῳ
563 3294 575 3308 ⁸
608 3278 687 3330 διὸ
712 3277 895 3345 ἔλεγεν
916 3295 929 3307 ·
973 3275 1121 3345 Ἐγὼ
1140 3277 1227 3340 εἰς
1248 3273 1543 3344 μάστιγας
1567 3272 1817 3340 ἕτοιμος.

236 3372 403 3425 Ἐπεὶ
427 3371 483 3423 δὲ
512 3370 696 3423 λοιπὸν
724 3370 1010 3441 αὐτάρκως
1042 3368 1151 3421 τῶν
1182 3368 1461 3438 μαστίγων
1490 3366 1821 3437 ὲπεπειρᾶτο

220 3460 511 3531 ἑπιμόνως
558 3460 719 3514 αὐτὸν
764 3460 1160 3530 αἰκιζομένων,
1213 3456 1444 3511 ἱκετεύει
1487 3455 1580 3508 τοῦ
1629 3455 1817 3508 λοιποῦ

222 3549 567 3613 παύσασθαι,
600 3551 694 3603 καὶ
739 3550 896 3622 μέχρι
940 3548 1129 3601 τούτου
1180 3548 1365 3619 στῆναι
1398 3545 1497 3609 τὰς
1530 3545 1815 3617 μάστιγας,

222 3638 488 3715 ὁμολογεῖ
528 3660 587 3695 τε
629 3642 755 3712 ἑξῆς
796 3641 999 3709 λέγων⁹
1048 3640 1181 3692 Ἇπὸ
1220 3636 1328 3707 τῆς
1367 3638 1578 3705 ισχύος
1622 3638 1818 3707 χειρός

219 3755 350 3793 σου
398 3735 513 3806 ἐγὼ
558 3734 861 3800 ἐξέλιπον.
894 3732 1029 3804 Περὶ
1057 3733 1113 3786 δὲ
1138 3733 1238 3801 τῆς
1279 3732 1457 3802 χειρὸς
1482 3730 1685 3800 ταύτης
1725 3731 1817 3783 καὶ

222 3825 486 3897 ἀνωτέρω
522 3825 738 3895 ἐλέγετο
763 3841 775 3855 ·
820 3820 1250 3889 Ἐπεστήριξας
1291 3821 1382 3873 ἐπ’
1415 3818 1519 3888 ἐμὲ
1548 3820 1662 3886 τὴν
1692 3820 1814 3888 χεῖσ-

220 3918 299 3984 ρά
351 3933 489 3971 σου.
525 3912 657 3970 Εἶτα
704 3916 964 3977 διδάσκει,
1007 3914 1088 3966 ὅτι
1124 3914 1196 3984 μὴ
1231 3913 1464 3983 μάτηνή
1502 3912 1621 3981 χεὶρ
1654 3910 1809 3963 ἐπαί-

220 4010 372 4073 δευε,
402 4008 535 4080 μηδὲ
559 4011 637 4072 εἰς
670 4006 836 4078 ἀργὸν
862 4005 1183 4075 ἐμαστίγου,
1208 4002 1324 4057 ἀλλ’
1347 4004 1433 4055 ἐπ’
1453 4000 1692 4071 ὠφελείᾳ
1719 4000 1812 4053 τοῦ

220 4100 633 4170 ἡμαρτηκότος·
669 4097 749 4150 διό
776 4113 975 4165 φησιν·
1028 4096 1126 4147 Ἐν
1172 4092 1444 4162 ἐλεγμΟἷς
1490 4090 1641 4159 ὑπὲρ
1672 4092 1811 4145 ἀνο-

219 4192 367 4260 μίας
398 4189 762 4254 ἐπαίδευσας
813 4186 1334 4256 ᾶνθρωπον.’Υπὲρ
1377 4184 1485 4254 γὰρ
1526 4184 1626 4253 τῆς
1680 4200 1814 4256 παρ-

222 4281 490 4353 αχθείσης
538 4280 766 4349 ἀνομίας
815 4280 907 4333 καὶ
944 4278 1032 4330 διὰ
1079 4276 1141 4329 τὸ
1190 4274 1466 4346 παραχθὲν
1506 4273 1810 4343 ἁμάρτημα

222 4373 464 4443 ἐλέγχων
496 4372 587 4424 τὸν
620 4370 1006 4440 παιδευόμενον
1048 4366 1267 4429 καὶτὰς
1302 4366 1571 4436 μάστιγας
1605 4365 1809 4433 ὲπῆγες

223 4464 323 4516 καὶ
365 4463 465 4534 τὴν
516 4462 675 4533 χεῖρά
709 4478 803 4514 σου
835 4457 1224 4529 προλεχθεῖσαν
1247 4474 1259 4486 ’
1291 4455 1501 4518 τούτοις
1536 4455 1591 4507 δὲ
1628 4455 1809 4517 αὐτοῖς

224 4556 322 4607 καὶ
349 4554 449 4624 τὴν
476 4552 653 4624 ψυχὴν
682 4551 773 4604 τοῦ
802 4549 1190 4620 παιδευομένου
1214 4546 1492 4617 ὲξέτηξας,
1524 4563 1808 4600 ταπεινου-
1837 4572 1883 4630 D

227 4646 401 4716 μένην
423 4645 518 4697 καὶ
546 4642 949 4714 λεπτυνομένην
981 4644 1065 4695 ἐπ’
1090 4639 1326 4710 ὠφελείᾳ
1351 4640 1417 4708 τῇ
1448 4638 1638 4709 αὐτῆς.
1666 4637 1804 4690 Καθ’

221 4738 278 4790 ὃν
314 4737 424 4808 γὰρ
451 4736 658 4808 ἐτρύφα
683 4735 890 4807 χρόνον,
931 4736 1010 4796 εἰς
1040 4730 1314 4803 ἁμαρτίας
1348 4729 1599 4793 ὲξώλισθε
1619 4768 1634 4793 ,
1666 4728 1806 4782 κατὰ

222 4832 314 4883 τ6’
347 4831 571 4898 Ἕφαγε
613 4827 711 4880 καὶ
749 4827 919 4879 ἔπιεν
952 4824 1166 4886 Ἰακὼϐ,
1192 4823 1287 4876 καὶ
1330 4820 1736 4876 ἀπελάκτισεν
1773 4823 1806 4874 ὁ

222 4920 630 4992 ἠγαπημένοις,
662 4918 1002 4984 ἐπλατύνθη
1036 4917 1132 4969 καὶ
1176 4916 1518 4983 ἐπαχύνθη,
1559 4914 1656 4966 καὶ
1696 4914 1807 4966 ἀπ-

222 5011 373 5077 έστη
410 5010 526 5063 ἀπὸ
563 5006 711 5062 Θεοῦ
740 5006 846 5061 τοῦ
886 5004 1203 5073 τρέφοντος
1227 5002 1428 5057 αὐτόν.
1469 4999 1578 5062 Διὸ,
1608 4999 1707 5052 ἵνα
1737 4997 1805 5050 τὸ

224 5100 459 5169 πνεῦμα
492 5096 655 5165 σωθῇ
700 5098 769 5151 ἐν
814 5095 889 5164 τῇ
939 5092 1127 5163 ἡμέρᾳ
1155 5092 1260 5145 τοῦ
1290 5091 1531 5157 Κυρίου,
1565 5091 1604 5157 ἡ
1646 5088 1803 5157 σὰρξ

226 5189 617 5259 παραδέδοται
645 5192 731 5254 εὶς
762 5188 1008 5253 ὄλεθρον
1026 5202 1039 5215 ’
1094 5181 1161 5255 ἧς
1189 5182 1622 5253 τιμωρουμένης,
1645 5183 1804 5251 ἐκτή-

226 5300 379 5336 κεται
429 5282 575 5353 ψυχὴ
608 5279 989 5351 ὲξισχνουμένη
1024 5278 1179 5347 δίκην
1217 5276 1457 5347 ἀράχνης
1478 5291 1493 5305 ·
1524 5274 1604 5327 διό
1636 5290 1799 5345 φησι·

226 5376 328 5429 Καὶ
357 5375 645 5442 ἐξέτηξας
664 5375 744 5438 ὡς
775 5370 1048 5440 ἀράχνην
1078 5370 1189 5435 τὴν
1213 5368 1425 5438 ψυχὴν
1454 5366 1642 5422 αὑτοῦ
1661 5383 1674 5395 ·
1706 5367 1801 5420 καὶ

226 5468 465 5537 ἐπιλέγει
487 5484 501 5499 ο
523 5466 697 5535 Πλὴν
724 5466 922 5535 μάτην
944 5462 1061 5528 πᾶς
1080 5461 1409 5529 ἄνθρωπος,
1441 5461 1600 5515 πάλιν
1629 5459 1720 5512 τὸν
1744 5460 1801 5510 ἐν

225 5559 299 5630 τῷ
324 5561 424 5632 βίῳ
452 5560 628 5631 τούτῳ
658 5558 782 5627 εἰκῆ
818 5558 910 5611 καὶ
946 5556 1120 5627 μάτην
1169 5553 1467 5624 μοχθοῦντα
1516 5553 1606 5606 καὶ
1634 5568 1798 5606 κακο-

141 5638 147 5647 ί
226 5654 495 5710 πιθοῦντα
526 5650 842 5714 ταλανίζων.

332 5810 375 5843 ’⁸
423 5812 577 5866 Deut.
617 5825 807 5871 smn,
854 5806 938 5859 l5.
1013 5805 1055 5835 ”
1098 5802 1271 5857 lCor.
1310 5803 1439 5865 v,5.

1935 1971 2014 2023 vit
2063 1970 2500 2040 deprecationem
2544 1974 2783 2036 exhibet,
2834 1976 3080 2044 rogantis
3115 1992 3183 2031 ne
3220 1978 3273 2031 in
3321 1993 3519 2048 oppro-

1936 2061 2114 2115 brium
2144 2062 2420 2131 insipienti
2448 2063 2714 2117 tradatur.
2750 2064 2904 2131 Quod
2937 2066 2981 2120 si
3011 2068 3230 2135 quando
3255 2067 3516 2123 Dominus

1933 2164 2246 2224 peccantem
2297 2155 2581 2223 insipienti
2614 2158 2812 2222 tradat,
2853 2166 2912 2211 ut
2963 2159 3275 2228 opprobriis
3325 2162 3395 2213 ab
3441 2177 3514 2215 eo

1933 2243 2231 2298 aﬂiciatur:
2267 2244 2501 2314 idipsum
2528 2245 2582 2298 in
2614 2248 2901 2301 utilitatem
2932 2249 3053 2317 ejus
3076 2250 3167 2318 qui
3200 2252 3515 2320 opprobriis

1932 2344 2195 2389 oneratur
2219 2338 2403 2403 vertit,
2438 2345 2495 2391 ut
2527 2347 2751 2392 vexatus
2788 2339 3050 2408 majorem
3079 2341 3291 2394 emittat
3320 2342 3385 2396 de
3416 2343 3515 2396 ad-

1936 2430 2122 2485 missis
2167 2431 2405 2499 peccatis
2458 2431 2882 2486 confessionem.
2920 2433 3073 2499 Quod
3113 2450 3180 2489 ue
3236 2445 3516 2504 pateretur

1928 2519 2097 2574 David
2128 2523 2375 2591 rogabat,
2408 2531 2597 2593 utpote
2622 2525 2715 2594 qui
2746 2526 2931 2578 omnia
2966 2541 3064 2595 pro
3089 2527 3303 2582 viribus
3326 2537 3512 2599 ageret

1928 2625 2048 2679 quae
2079 2611 2187 2667 Deo
2218 2614 2415 2682 placita
2445 2624 2683 2684 putaret.
2720 2614 2914 2669 Amore
2938 2633 2971 2669 a
3005 2634 3085 2670 me
3122 2618 3311 2688 plagas
3364 2629 3505 2675 tuas.

1927 2701 1972 2753 Α
1998 2702 2311 2771 fortitudine
2340 2706 2478 2758 enim
2525 2724 2714 2760 manus
2749 2717 2853 2761 tute
2884 2726 2976 2777 ego
3004 2710 3169 2779 defeci
3196 2728 3214 2764 :
3250 2714 3303 2765 in
3337 2714 3510 2767 incre-

1925 2795 2226 2862 pationibus
2262 2808 2475 2865 propter
2503 2800 2837 2869 iniquitatem
2870 2804 3174 2870 corripuisti
3202 2804 3464 2857 hominem
3487 2821 3506 2858 :

1926 2895 1976 2939 et
2009 2889 2273 2941 tabescere
2302 2889 2475 2958 fecisti
2516 2891 2654 2943 sicut
2686 2908 2939 2945 araneam
2975 2895 3208 2946 animant
3245 2896 3382 2964 ejus,
3419 2912 3506 2949 ιιι-ο

1927 2988 2228 3035 rumtamen
2256 2998 2383 3036 vane
2419 2986 2591 3037 onmis
2624 2987 2800 3037 homo.
2838 2984 3175 3053 Diapsalma.

1997 3091 2057 3145 In
2105 3070 2434 3161 praecedenti
2470 3095 2680 3164 psalmo
2725 3110 2845 3150 sese
2878 3096 3053 3166 plagis
3087 3096 3155 3149 ad
3200 3097 3506 3165 correptio-

1927 3198 2073 3248 nem,
2115 3198 2215 3239 ceu
2251 3185 2521 3255 ingenuus
2550 3187 2857 3257 discipulus
2905 3187 3191 3258 magistro,
3238 3188 3501 3255 tradidit;

1923 3290 2095 3345 quare
2125 3277 2362 3340 dicebat,
2399 3295 2493 3347 ego
2517 3280 2568 3331 in
2597 3280 2811 3349 ﬂagella
2838 3289 3061 3348 paratus
3095 3297 3232 3333 sum.
3264 3279 3333 3332 At
3360 3296 3502 3350 quo-

1922 3363 2068 3417 niam
2092 3364 2351 3435 deinceps
2380 3367 2591 3436 ﬂagella
2625 3378 2710 3420 sat
2739 3378 2993 3437 expertus
3029 3375 3173 3431 erat,
3208 3384 3332 3422 cum
3377 3384 3502 3425 sese

1921 3456 2141 3510 assidue
2194 3456 2482 3522 laceraret,
2531 3466 2785 3527 precatur
2833 3459 3049 3512 domum
3093 3475 3282 3512 eorum
3337 3460 3501 3514 finem

1920 3545 2037 3599 dari
2071 3553 2125 3599 et
2160 3546 2248 3600 bic
2282 3548 2478 3601 sistere
2507 3547 2736 3616 ﬂagella,
2772 3564 2834 3601 ac
2886 3548 3145 3617 deinceps
3194 3550 3277 3603 liis
3310 3550 3496 3603 verbis

1918 3640 2226 3702 confitetur,
2272 3656 2303 3691 a
2337 3639 2646 3707 fortitudine
2690 3656 2878 3692 manus
2925 3650 3029 3693 tua:
3067 3658 3157 3710 ego
3205 3641 3389 3708 deferi.
3424 3640 3500 3695 De

1920 3729 2020 3782 hac
2055 3745 2218 3799 porro
2249 3745 2411 3784 manu
2437 3732 2691 3799 superius
2720 3731 2949 3793 dictum,
2985 3732 3318 3799 conﬁrmasti
3341 3747 3500 3799 super

1918 3836 1998 3872 me
2017 3836 2230 3873 manum
2265 3832 2427 3874 tuam.
2457 3821 2569 3875 Sub
2604 3822 2716 3875 haec
2747 3823 2928 3888 docet,
2963 3838 3182 3875 manum
3215 3823 3363 3875 illam
3387 3838 3495 3877 non

1917 3912 2123 3965 frustra
2153 3914 2453 3983 corrigere.
2486 3930 2662 3985 neque
2711 3915 2764 3967 in
2809 3930 3025 3969 cassum
3061 3913 3353 3983 castigare,
3398 3915 3494 3969 sed

1915 4019 2013 4072 pro
2049 4005 2328 4073 peccantis
2356 4006 2589 4059 utilitate
2616 4020 2818 4074 .quare
2841 4009 2937 4066 ait,
2967 4006 3021 4059 in
3050 4006 3494 4074 increpationibus

1911 4105 2123 4163 propter
2152 4098 2483 4167 iniquitatem
2536 4099 2841 4166 corripuisti
2879 4096 3160 4151 hominem.
3215 4097 3350 4152 Nam
3393 4114 3494 4168 pro

1914 4187 2153 4241 admissa
2200 4188 2508 4257 iniquitate,
2547 4197 2599 4241 et
2644 4204 2740 4257 pro
2785 4199 3007 4256 peccato
3056 4188 3201 4243 edito
3238 4204 3363 4243 emn
3398 4189 3499 4259 qu‘.

1911 4279 2310 4348 corripiebatur
2341 4295 2598 4349 arguens,
2639 4279 2850 4350 ﬂagella
2876 4290 2930 4334 et
2971 4292 3326 4334 memoratam
3367 4297 3487 4334 ma-

1909 4385 2037 4423 num
2066 4369 2329 4424 inﬂixisti.
2368 4368 2530 4424 Hisce
2552 4384 2716 4439 porro
2749 4368 2986 4423 animam
3012 4370 3159 4424 illius
3184 4370 3278 4439 qui
3310 4373 3489 4424 corrio

1910 4457 2156 4526 piebatur
2186 4460 2468 4515 tabescere
2491 4459 2688 4522 fecisti,
2719 4460 3083 4528 pro,utilitate
3113 4460 3285 4530 ipsius
3310 4461 3492 4513 Immi-

1911 4547 2093 4600 liatam
2130 4556 2183 4601 et
2209 4557 2578 4603 extenuatam.
2616 4549 2747 4603 Nam
2774 4566 2883 4619 quo
2919 4559 3162 4619 tempore
3191 4550 3243 4604 in
3276 4549 3487 4603 deliciis

1912 4640 2124 4709 agebat,
2160 4650 2273 4694 tum
2307 4642 2360 4694 in
2391 4650 2615 4711 peccata
2648 4643 2796 4711 lapsa
2830 4650 2935 4705 est,
2971 4657 3045 4695 SBt
3067 4641 3272 4694 undum
3308 4641 3440 4694 illud
3470 4658 3482 4669 ’

1913 4729 2150 4784 Comedit
2179 4742 2227 4785 et
2255 4731 2382 4785 bibit
2403 4731 2591 4795 Jacob,
2621 4744 2669 4784 et
2699 4731 3051 4784 recalcitrueit
3085 4730 3310 4783 dilectus
3340 4740 3390 4784 et
3412 4732 3484 4783 iu.

1911 4834 2179 4878 crassatus
2204 4836 2301 4889 est,
2324 4836 2373 4879 et
2399 4828 2611 4880 recessit
2637 4844 2668 4879 a
2694 4827 2797 4879 Deo
2820 4826 2909 4893 qui
2941 4825 3205 4879 nutriebat
3228 4825 3400 4892 ipsum
3414 4825 3485 4881 “.

1910 4910 2297 4976 Quamobrem,
2344 4923 2400 4965 ut
2446 4915 2667 4983 spiritus
2707 4914 2886 4968 salvus
2928 4915 2996 4967 sit
3034 4916 3086 4967 in
3121 4914 3205 4967 die
3244 4914 3482 4978 Domini,

1910 5020 2035 5058 caro
2060 5003 2258 5057 tradita
2296 5015 2373 5058 est
2403 5006 2458 5059 in
2490 5007 2759 5060 interitum
2782 5008 2826 5038 ”
2856 5022 2869 5059 :
2898 5021 3005 5075 qua
3049 5006 3319 5075 supplicio
3350 5006 3484 5061 aﬂ‘e-

1910 5102 2021 5161 cta,
2073 5096 2256 5149 anima
2307 5097 2536 5151 tabescit
2572 5105 2626 5153 et
2673 5106 3003 5153 extenuatur
3056 5099 3198 5151 sicut
3239 5112 3480 5152 aranea:

1907 5188 2029 5245 ideo
2059 5191 2155 5254 ait,
2188 5189 2254 5243 Et
2296 5192 2555 5245 tabescere
2582 5191 2753 5260 fecisti
2785 5192 2922 5246 sicut
2954 5206 3205 5244 araneam
3248 5189 3482 5242 animum

1907 5298 2077 5337 meam
2113 5299 2131 5336 :
2162 5283 2361 5353 quibus
2423 5282 2649 5351 adjicit,
2703 5283 3072 5345 Verumtamen
3135 5295 3264 5334 uane
3314 5280 3482 5332 omnis

1906 5375 2081 5441 homo,
2126 5376 2387 5431 miserum
2434 5376 2616 5429 denuo
2641 5374 2949 5445 praedicans
2980 5388 3126 5437 eum,
3168 5370 3261 5441 qui
3294 5370 3347 5422 in
3382 5369 3482 5422 hac

1906 5469 2015 5523 vita
2046 5468 2102 5523 in
2132 5467 2413 5523 laboribus
2441 5473 2493 5523 et
2522 5466 2780 5523 mrumuis
2815 5464 3018 5522 frustra
3052 5469 3326 5520 versatur.
