4010 6532
510 362 607 417 531

1216 358 1481 415 EUSEBII
1521 358 2001 415 CESARIENSIS
2038 356 2187 414 OPP.
2219 354 2398 410 PARS
2434 353 2523 412 lll.
2553 386 2623 396 —
2652 354 3062 413 EXEGETICA.

3663 362 3795 416 333

596 478 756 535 Vens.
788 482 875 541 15,
913 480 998 533 ii.
1037 478 1251 532 Exaudi
1283 483 1575 533 orationem
1618 495 1808 544 meam,
1842 476 2083 541 Domine,

2260 473 2644 530 Εισάκουσον
2686 473 2797 543 τῆς
2840 473 3189 543 προσευχῆς
3231 492 3369 544 μου,
3410 476 3612 545 Κύριε,
3664 480 3790 534 καὶ

510 580 560 625 et
588 572 1007 640 deprecationem
1055 588 1224 624 meam
1274 587 1290 625 :
1330 571 1547 625 auribus
1580 572 1784 641 percipe
1818 569 2083 640 lacrymas

512 679 678 719 meas.
716 661 799 717 Ne
832 664 1013 723 sileas,
1049 662 1299 732 quoniam
1330 661 1532 715 advena
1575 680 1667 733 ego
1704 679 1820 716 sum
1852 660 1991 731 apud
2039 671 2087 715 te

509 762 561 807 et
583 756 907 824 peregrinus,
939 758 1076 808 sicut
1117 773 1293 809 omnes
1321 764 1497 824 patres
1532 755 1653 808 mei.
1691 752 1791 808 Hic
1822 769 1880 809 se
1910 752 2085 806 conli-

514 854 655 899 tetur
697 847 958 900 advenam
1002 856 1056 901 et
1106 849 1495 917 peregrinum:
1536 846 1686 902 novit
1714 853 1893 899 autem
1923 844 2084 897 aliam

470 954 477 959 ‘
514 950 632 991 esse
664 936 1095 1004 refrigerationis
1142 939 1331 999 'vitam.
1364 954 1529 1007 quam
1561 937 1778 1006 assequi
1813 942 2083 1005 peroptat,

513 1028 731 1081 dicens:
766 1026 990 1082 Remitte
1021 1029 1149 1081 milii
1181 1039 1236 1081 ut
1276 1030 1576 1099 refrigerer.
1610 1026 1725 1081 Non
1759 1027 1940 1095 itaque
1968 1040 2087 1078 om-

512 1134 632 1177 nem
657 1123 931 1177 hominem
966 1123 1233 1177 advenam
1260 1138 1382 1176 esse
1411 1129 1615 1175 temere
1643 1119 1796 1181 dicit,
1844 1133 1941 1172 nec
1972 1116 2087 1170 fru-

511 1224 623 1271 stra
666 1231 789 1267 cum
822 1214 948 1267 ﬂetu
1004 1222 1057 1267 et
1091 1213 1352 1283 lacrymis
1394 1210 1832 1280 deprecationem
1864 1208 2082 1271 emittit,

512 1321 713 1377 gnarus
757 1307 968 1360 scilicet
1001 1304 1170 1367 illius,
1210 1304 1362 1357 Beati
1393 1302 1483 1373 qui
1519 1303 1664 1371 flent,
1700 1303 1947 1371 quoniam
1987 1300 2086 1368 ipsi

512 1397 807 1459 ridebunt‘,
826 1404 899 1457 et,
920 1395 1071 1448 Beati
1101 1394 1188 1462 qui
1221 1393 1416 1462 lugent,
1452 1392 1699 1460 quoniam
1721 1390 1822 1457 ipsi
1842 1387 2083 1441 consola-

512 1489 706 1541 buntur
735 1491 777 1541 '.
807 1488 881 1540 Ac
907 1494 1053 1540 recte
1095 1484 1236 1538 facta
1280 1500 1377 1539 sua
1413 1493 1536 1553 post
1559 1483 1672 1537 hzec
1698 1483 1768 1535 ita
1801 1482 2081 1549 describit,

512 1581 595 1635 his
643 1593 950 1634 sermonem
999 1575 1332 1631 concludens
1383 1594 1396 1629 :
1436 1574 1697 1640 Quoniam
1745 1572 1943 1626 advena
1993 1590 2085 1642 ego

510 1688 626 1723 sum
656 1679 703 1722 et
758 1668 1083 1737 peregrinus,
1128 1669 1263 1721 sicut
1309 1682 1485 1719 omnes
1534 1674 1709 1734 patres
1759 1666 1875 1719 mei.
1910 1662 2085 1718 Rarus

510 1778 643 1815 sane
678 1770 761 1814 est
794 1762 841 1815 is
868 1762 959 1829 qui
994 1760 1169 1830 possit
1211 1758 1277 1812 ad
1324 1758 1681 1811 imitationem
1708 1757 2081 1825 religiosorum

511 1865 728 1925 patrum
758 1860 811 1907 et
846 1854 1234 1923 prophetarum
1264 1850 1379 1913 Dci,
1424 1866 1533 1904 non
1578 1859 1635 1903 ut
1665 1849 1866 1909 incola.
1902 1848 1997 1903 sed
2026 1855 2083 1900 ut

510 1947 717 1999 advena
752 1955 1159 2015 temporaneam
1194 1943 1394 1998 ducere
1428 1944 1597 1995 vitam
1649 1960 1660 1997 :
1716 1956 1819 2010 qua
1855 1940 1908 1994 in
1951 1958 2008 1994 re
2036 1940 2083 1994 is

509 2038 602 2108 qui
660 2037 904 2106 loquitur
949 2036 1309 2106 gloriabatur,
1360 2036 1702 2104 peregrinam
1753 2040 1805 2086 et
1853 2032 2083 2086 alienam

514 2128 804 2181 humanam
834 2127 996 2179 vitam
1030 2126 1329 2180 aestimans.
1364 2124 1587 2177 Remitte
1631 2124 1760 2176 milii
1786 2132 1842 2175 ut
1870 2122 2087 2199 [refrige-

514 2236 599 2274 rer
629 2222 935 2289 priusquam
977 2218 1182 2281 abeam,
1217 2228 1263 2270 et
1305 2216 1532 2285 amplius
1557 2233 1659 2270 non
1693 2232 1801 2269 ero.
1837 2214 1943 2267 Pro
1977 2228 2087 2283 quo

515 2310 877 2383 Symmachus
904 2311 999 2372 ait,
1034 2309 1263 2363 Abscede
1286 2325 1317 2362 a
1346 2326 1425 2364 me
1459 2318 1514 2361 ut
1552 2302 1775 2371 rideam,
1806 2316 2086 2376 antequam

513 2400 699 2455 abeam
747 2409 794 2453 et
829 2417 931 2453 non
977 2400 1225 2455 existant.
1269 2398 1384 2453 Nisi
1425 2399 1568 2452 enim
1618 2397 1705 2451 hic
1736 2397 1960 2450 mutatis
1991 2411 2086 2466 per

513 2494 743 2564 gratiam
772 2500 920 2546 tuam
959 2492 1011 2545 in
1048 2493 1220 2547 risum
1245 2492 1503 2561 lacrymis
1532 2490 1760 2552 rideam,
1794 2505 1859 2545 ac
1895 2490 1996 2544 nisi
2030 2489 2085 2543 in

516 2589 765 2655 praesenti
800 2586 910 2638 vita
944 2587 1192 2639 remittas
1225 2585 1355 2637 mihi
1389 2584 1645 2637 delictum
1692 2591 1745 2636 et
1781 2581 2084 2635 facinorum

512 2675 727 2728 veniam
780 2674 1043 2744 praebeas,
1075 2682 1132 2727 ut
1166 2674 1433 2742 meipsum
1470 2670 1728 2741 recipiam
1774 2677 1826 2723 et
1857 2670 2085 2739 refrige—

514 2781 659 2831 rcm;
712 2776 833 2835 post
878 2769 1084 2820 exitum
1136 2781 1166 2818 a
1203 2766 1311 2819 vita
1360 2764 1571 2817 nullum
1616 2763 1721 2816 erit
1751 2762 2086 2832 pmnitentiae

514 2865 751 2927 tempus.
782 2856 861 2911 Ac
896 2858 941 2910 si
986 2859 1200 2909 veniam
1234 2871 1341 2907 non
1372 2865 1701 2921 consequar,
1741 2851 1795 2904 in
1824 2851 1934 2903 vita
1965 2864 2086 2919 quae

514 2948 657 3018 apud
692 2958 743 3003 te
766 2956 849 3003 est
881 2948 1113 3017 amplius
1146 2962 1254 3001 non
1274 2960 1369 3001 ero
1393 2962 1407 3011 ;
1438 2944 1533 2999 sed
1561 2944 1795 3014 rejectus
1822 2944 2086 2998 assimila-

513 3040 609 3093 bor
644 3040 1077 3094 descendentibus
1120 3041 1177 3093 in
1225 3040 1418 3093 lacum.
1449 3039 1630 3104 Quare
1655 3038 1709 3091 in
1736 3037 1836 3091 hac
1863 3036 1970 3091 vita
2003 3035 2084 3091 sic

2189 566 2299 635 τῆς
2341 566 2605 633 δεήσεως
2645 584 2762 636 μου
2782 584 2794 597 ·
2828 567 3103 620 ἐνώτισαι
3149 566 3267 620 τῶν
3310 568 3586 637 δακρύων
3619 589 3784 640 μου.

2187 658 2282 725 Μὴ
2314 657 2809 727 παρασιωπήσῃς,
2846 658 2931 711 ὅτι
2976 657 3259 727 πάροικος
3286 660 3400 730 ἐγώ
3427 664 3541 730 ειμι
3584 662 3659 715 ἐν
3692 664 3787 731 τῇ

2186 750 2265 822 τῇ
2304 750 2403 805 καὶ
2445 750 2876 819 παρεπίδημος,
2916 752 3107 818 καθὼς
3140 751 3363 819 πάντες
3410 756 3463 808 ol
3510 755 3785 824 πατέρες

2180 860 2319 912 μου.
2339 839 2601 894 Ἐνταῦθα
2632 839 2881 909 ὁμολογεῖ
2927 840 3185 911 πάροικος
3229 836 3366 894 εἶναι
3396 843 3490 895 καὶ
3520 848 3779 915 παρεπί-

2184 933 2353 1004 δημος
2377 948 2389 961 ·
2429 928 2536 985 οἶδέ
2568 948 2627 984 τε
2657 931 2849 1005 ἑτέραν
2895 932 3037 1003 ζωὴν
3073 932 3448 1001 ἀναψύξεως,
3479 928 3546 1005 ἦς
3579 940 3780 1006 τυχεῖν

2185 1024 2425 1095 γλίχεται
2472 1023 2677 1091 λέγων’
2708 1025 2865 1081 Ἀνε(
2908 1041 3031 1093 μοι,
3066 1025 3167 1077 ἵνα
3211 1026 3519 1093 ἁναψῠξω.
3549 1027 3777 1082 Οὔκουν

2189 1117 2365 1187 μάτην
2397 1116 2572 1169 πάντα
2606 1114 2887 1186 ἄνθρωπον
2917 1116 3179 1187 πάροικον
3210 1116 3383 1185 ἔλεγε,
3422 1120 3557 1189 μετά
3591 1122 3775 1175 κλαυ-

2187 1206 2321 1277 θμοῦ
2353 1207 2408 1259 δὲ
2432 1208 2525 1260 καὶ
2552 1206 2799 1277 δακρύων
2827 1207 2923 1278 τὴν
2951 1208 3229 1279 ἱκετηρίαν
3251 1210 3581 1279 ἀναπέμπει,
3603 1213 3776 1282 ἀκριο

2187 1296 2294 1360 ϐὡς
2326 1295 2499 1359 εἰδὼς,
2546 1298 2626 1350 ὅτι
2659 1296 2946 1366 Μακάριοι
2994 1300 3047 1350 οἱ
3093 1298 3427 1365 κλαίοντες,
3459 1299 3546 1352 ὅτι
3596 1301 3774 1370 reide

2185 1404 2417 1449 σονται,
2447 1389 2559 1450 καὶ,
2605 1388 2890 1456 Μακάριοι
2922 1393 2975 1443 οἱ
3007 1390 3385 1456 πενθοῦντες,
3436 1392 3525 1445 ὅτι
3570 1411 3773 1462 παρα-

2186 1480 2591 1545 κληθήσονται
2620 1496 2633 1510 ⁸
2667 1481 2758 1533 καὶ
2790 1480 2858 1533 τὰ
2902 1480 3295 1555 κατορθώματα
3334 1483 3389 1535 δὲ
3432 1484 3595 1537 αὑτοῦ
3633 1487 3774 1540 ὑπο-

2183 1573 2383 1640 γράφει
2417 1572 2680 1640 ἐπιλέγων
2702 1590 2714 1602 ·
2749 1573 2868 1625 Ὀτι
2900 1571 3181 1640 πάροικος
3206 1572 3318 1643 ἐγώ
3339 1577 3453 1643 εὶμι
3486 1576 3585 1628 καὶ
3617 1591 3775 1647 παρ-

2185 1666 2492 1733 επίδημος,
2529 1664 2721 1730 καθὼς
2746 1664 2965 1731 πάντες
2997 1668 3050 1718 οἱ
3080 1665 3326 1734 πατέρες
3350 1686 3488 1736 μου.
3521 1670 3767 1725 Σπανίου

2186 1756 2242 1809 δέ
2272 1759 2417 1810 ἐστιν
2450 1756 2641 1829 ἀνδρὸς
2667 1757 2727 1809 τὸ
2757 1757 3013 1812 δύνασθαι
3036 1758 3174 1811 κατά
3207 1758 3432 1829 μίμησιν
3452 1760 3559 1814 τῶν
3585 1761 3774 1831 θεοφι-

2188 1849 2294 1903 λῶν
2342 1849 2591 1919 πατέρων
2634 1850 2731 1903 καὶ
2777 1849 2885 1902 τῶν
2932 1850 3222 1922 προφητῶν
3264 1851 3356 1903 τοῦ
3405 1852 3541 1905 Θεοῦ
3578 1854 3658 1925 μὴ
3690 1856 3771 1920 ὡς

2189 1944 2413 2007 ἔνοικος,
2444 1943 2557 1996 ἀλλ’
2585 1943 2659 2006 ὡς
2710 1945 2970 2014 πάροικος
3014 1944 3112 2015 τὴν
3165 1944 3495 2017 πρόσκαιρον
3521 1946 3775 2003 διαϐιοῦν

2188 2036 2332 2107 ζωήν
2351 2053 2364 2066 ο
2392 2036 2475 2105 ἐφ’
2495 2029 2538 2103 ᾧ
2561 2036 2652 2088 καὶ
2678 2038 2704 2088 ὁ
2737 2034 2925 2105 παρὼν
2948 2035 3267 2106 ἐσεμνύνετο
3291 2036 3578 2107 παροικίαν
3595 2038 3774 2109 ἡγού-

2190 2143 2346 2197 μενος
2374 2126 2467 2178 καὶ
2492 2125 2753 2191 ξενιτείαν
2778 2125 2867 2178 τὸν
2898 2123 3235 2196 ἀνθρώπινον
3264 2124 3375 2195 βίον
3396 2144 3410 2158 ’
3438 2128 3615 2194 Ἀνες
3640 2147 3771 2198 μοι,

2187 2216 2286 2269 ἵνα
2317 2215 2607 2283 άναψύξω
2629 2213 2743 2282 πρὸ
2776 2213 2881 2268 τοῦ
2907 2232 2984 2284 με
3015 2216 3315 2280 ἀπελθεῖν,
3335 2218 3429 2270 καὶ
3455 2218 3657 2271 σὺκέτι
3679 2220 3773 2289 μὴ

2186 2305 2448 2374 ὑπάρξω.
2479 2306 2616 2360 ‘AvO‘
2635 2302 2695 2360 οὗ
2720 2307 2747 2358 ὁ
2773 2305 3065 2378 Σύμμαχος
3091 2324 3222 2379 φησι
3242 2325 3256 2338 ·
3289 2309 3589 2379 Ἀπόσχου
3615 2328 3769 2379 μου,

2186 2400 2285 2453 ἵνα
2311 2400 2597 2469 μειδιάσω
2622 2400 2763 2467 πρὶν
2783 2400 3068 2456 ἀπελθεῖν
3084 2418 3182 2471 με,
3211 2401 3307 2454 καί
3330 2401 3415 2471 μὴ
3445 2403 3770 2473 ὑπάρχειν.

2200 2489 2322 2544 Ἐἀν
2352 2491 2461 2562 γάρ
2493 2490 2759 2555 ἐντεῦθεν,
2789 2494 2940 2564 φησὶ,
2975 2492 3071 2565 μὴ.
3108 2492 3423 2564 μεταϐαλὼν
3449 2495 3517 2548 τά
3547 2495 3773 2567 δάκρυα

2186 2584 2265 2645 εἰς
2290 2582 2498 2651 γέλωτα
2519 2583 2607 2637 διὰ
2639 2585 2736 2655 τὴν
2770 2585 2868 2657 σὴν
2908 2586 3087 2656 χάριν,
3125 2584 3405 2657 μειδιάσω,
3435 2589 3528 2640 καὶ
3559 2588 3660 2641 ἐὰν
3694 2591 3771 2660 μὴ

2186 2678 2243 2727 ὲν
2286 2675 2363 2745 τῷ
2409 2677 2637 2747 παρόντι
2677 2677 2776 2747 βίῳ
2806 2679 2938 2748 ἀνῇς
2970 2696 3057 2749 μοι
3082 2680 3143 2731 τὸ
3167 2680 3470 2752 ἁμάρτημα
3502 2680 3597 2732 καὶ
3634 2697 3769 2745 συγ-

2185 2768 2439 2838 χωρήσῃς
2470 2768 2538 2821 τὰ
2568 2770 2951 2840 πεπραγμένα,
2988 2770 3075 2825 ἴνα
3101 2771 3352 2825 ἀναλάϐω
3396 2771 3637 2842 ἐμαυτὸν
3677 2773 3771 2824 καὶ

2186 2860 2441 2930 ἀναψύξω
2478 2861 2809 2930 ἀπαλλαγεὶς
2850 2862 2943 2915 τοῦ
2986 2864 3317 2936 προσκαίρου
3350 2864 3485 2935 βίου,
3515 2864 3617 2916 οὐκ
3651 2863 3771 2916 ἐστι

2186 2950 2379 3022 καιρὸς
2403 2952 2701 3022 μετανοίας.
2724 2954 2813 3024 Μὴ
2834 2951 3011 3023 τυχὼν
3035 2953 3090 3006 δὲ
3112 2955 3358 3023 ἀφέσεως
3384 2955 3569 3008 οὐκέτι
3596 2956 3767 3025 ὑπάρ-

2186 3040 2261 3107 ξω
2292 3044 2349 3097 ὲν
2392 3046 2459 3113 τῇ
2504 3045 2654 3115 παρά
2688 3046 2770 3097 σοὶ
2812 3044 2956 3115 ζωῇο
3004 3045 3308 3116 ἀπόϐλητος
3352 3046 3409 3099 δὲ
3447 3047 3769 3118 γενόμενος,

511 3130 798 3201 deprecor,
838 3130 919 3184 Ne
947 3132 1106 3185 sileas
1142 3149 1175 3183 a
1204 3147 1303 3195 me,
1332 3130 1604 3201 nequando
1638 3138 1810 3184 taceas
1842 3144 1875 3182 a
1906 3144 2007 3194 me,
2034 3136 2083 3182 et

2187 3135 2619 3204 ὀμοιωθήσομαι
2652 3137 2776 3202 τοῖς
2800 3138 3267 3191 καταϐαίνουσιν
3290 3141 3374 3204 εις
3397 3137 3650 3192 λάκκον.
3679 3139 3768 3192 At!

515 3220 856 3277 assimilabor
882 3220 1314 3276 descendentibus
1345 3222 1400 3275 in
1429 3221 1628 3275 lacum.

828 3481 882 3534 i.
916 3479 983 3533 IN
1017 3479 1226 3534 FINEM
1269 3480 1501 3535 DAVIDI
1530 3482 1771 3539 XXXIX.

588 3570 752 3627 νεεδ.
789 3571 868 3625 2ο
910 3574 963 3627 4.
1020 3572 1345 3643 Exspectans
1408 3576 1700 3643 exspectavi
1767 3575 2084 3645 Dominum,

514 3673 565 3716 et
598 3664 826 3718 intendit
881 3666 1029 3721 milii.
1057 3696 1123 3705 ——
1154 3666 1414 3731 Quoniam
1460 3667 1733 3721 tribulatio
1776 3669 2085 3736 patientiam

514 3767 812 3826 operatur:
864 3758 1124 3825 patientia
1175 3770 1350 3813 autem
1406 3758 1785 3827 probationem,
1844 3760 2085 3829 probatio

512 3869 629 3907 vero
673 3869 813 3921 spem
848 3870 863 3906 :
897 3870 1011 3922 spes
1064 3865 1239 3906 autem
1290 3871 1394 3907 non
1429 3854 1704 3922 confundit
1733 3855 1773 3908 ⁸.
1812 3852 1943 3909 Jure
1970 3855 2087 3923 qui-

510 3946 633 3999 dem
667 3945 848 4013 justus
878 3960 987 3999 non
1026 3946 1227 4000 frustra
1252 3954 1554 4015 exspectat,
1591 3946 1687 4001 sed
1724 3962 1872 4016 spem
1904 3948 2084 4001 inten-

510 4035 646 4089 dens
675 4051 854 4097 suam,
895 4052 997 4089 nec
1029 4035 1330 4106 desperans
1375 4036 1441 4091 de
1474 4052 1537 4089 ca
1586 4054 1707 4107 qua:
1755 4054 1785 4091 a
1843 4037 1954 4093 Deo
1998 4047 2084 4094 est

512 4132 713 4193 salute,
751 4131 1091 4201 inpatientia
1126 4139 1459 4201 perseverat.
1509 4130 1770 4197 Quamvis
1817 4150 1923 4187 non
1972 4144 2085 4189 sta-

512 4222 610 4274 tim
658 4235 821 4291 atquc
865 4231 1121 4291 precatus
1156 4231 1238 4277 est
1269 4223 1560 4278 exauditus
1613 4223 1794 4289 fuerit,
1844 4233 2081 4281 attamen

512 4316 786 4381 sperando
813 4324 1115 4382 permanet,
1168 4330 1232 4368 ac
1266 4323 1576 4383 perseverat
1611 4316 1665 4369 in
1694 4317 2085 4372 obsecrationi-

510 4407 614 4460 bus
645 4416 698 4461 et
730 4407 1093 4462 orationibus.
1128 4406 1284 4473 Quod
1314 4408 1359 4462 si
1390 4410 1717 4479 quandoque
1754 4412 1986 4475 labatur,
2025 4423 2083 4467 ut

2190 3228 2435 3281 ἐντεῦθεν
2487 3230 2710 3283 ἱκετεύω
2754 3230 2957 3299 λέγων’
3003 3231 3101 3300 Μὴ
3146 3233 3620 3301 παρασιωπήσῃς
3664 3234 3771 3288 ἀπ’

2187 3320 2354 3388 ἐμοῦ,
2374 3320 2606 3389 μήποτε
2625 3322 3103 3392 παρασιωπήσῃς
3119 3325 3218 3379 ἀπ’
3243 3323 3409 3394 ἐμοῦ,
3440 3324 3537 3378 καὶ
3559 3328 3771 3394 ὁμοιω-

2189 3411 2446 3481 θιξσομαι
2483 3413 2605 3480 τοῖς
2634 3414 3100 3469 καταϐαίνουσιν
3124 3419 3211 3482 εὶς
3237 3416 3489 3471 λάκκον.

2539 3506 2646 3557 ΕΙΣ
2683 3506 2769 3559 ΤΟ
2807 3507 3026 3559 ΤΕΛυΣ
3062 3506 3260 3559 ΔΑΥΙΔ
3299 3506 3421 3561 ΛΘ’.

2268 3597 2599 3667 Ὑπομένων
2621 3598 2910 3667 ὑπέμεινα
2936 3600 3041 3651 τὸν
3061 3601 3300 3667 Κύριον,
3326 3601 3423 3653 καὶ
3456 3602 3769 3671 προσέσχε

2181 3707 2301 3757 μοι.
2321 3689 2647 3757 -Ὲπειδὴ
2689 3693 2725 3758 ἡ
2764 3692 2970 3758 θλίψις
2994 3691 3307 3759 ὑπομονὴν
3335 3693 3764 3762 κατεργάζεται,

2187 3782 2225 3848 ἡ
2247 3780 2313 3833 δὲ
2338 3780 2609 3850 ὑπομονὴ
2638 3780 2909 3851 δοκιμὴν,
2936 3783 2974 3848 ἠ
3004 3781 3071 3834 δὲ
3095 3782 3305 3850 δοκιμὴ
3328 3784 3545 3837 ἐλπίδα
3565 3802 3578 3817 ο
3619 3786 3656 3852 ἠ
3697 3772 3766 3839 δὲ

2189 3872 2370 3938 ἐλπὶς
2416 3875 2487 3926 οὐ
2536 3874 2943 3941 καταισχύνει.
2980 3874 3217 3939 Είκότως
3263 3876 3361 3946 οὐχ
3412 3876 3595 3940 ἁπλῶς
3622 3878 3650 3928 ὁ
3681 3877 3763 3930 δε-

2184 3978 2338 4019 καιος
2380 3962 2659 4032 ὑπομένει,
2687 3961 2799 4014 ἀλλ’
2828 3961 3111 4015 ἐπιτείνων
3158 3962 3254 4033 τὴν
3308 3963 3500 4017 ἐλπίδα
3545 3965 3639 4018 καὶ
3685 3964 3765 4035 μὴ

2184 4053 2574 4121 ἀπογινώσκων
2601 4053 2699 4124 τὴν
2729 4055 2877 4124 παρὰ
2898 4054 3016 4124 Θεῷ
3043 4060 3332 4126 σωτηρίαν,
3365 4056 3670 4127 παραμένει
3694 4059 3760 4128 τῇ

2185 4146 2451 4215 ὑπομονῇ.
2487 4143 2605 4196 Κᾶν
2656 4145 2996 4216 παραχρῆμα
3039 4145 3249 4218 δεηθεὶς
3298 4146 3371 4217 μὴ
3418 4147 3760 4218 ὑπακουσθῇ,

2183 4239 2331 4309 ὅμως
2374 4237 2607 4301 ἐλπίζων
2647 4238 2903 4308 ὑπομένει
2942 4240 3037 4292 καὶ
3070 4242 3470 4311 προσκαρτερεῖ
3495 4242 3613 4302 ταῖς
3638 4240 3763 4310 δεή-

2186 4344 2304 4380 σεσι
2330 4327 2423 4380 καὶ
2444 4329 2563 4389 ταῖς
2590 4332 2935 4399 προσευχαῖς.
2958 4331 3018 4383 Εἰ
3044 4331 3099 4384 δὲ
3128 4331 3219 4384 καὶ
3248 4333 3304 4383 ἐν
3330 4330 3603 4401 σφάλματί
3630 4346 3762 4382 ποτε

2184 4419 2409 4487 γένοιτο,
2445 4418 2628 4489 ὥσπερ
2657 4420 2684 4471 ὀ
2712 4420 2893 4484 Δαυῒδ,
2926 4422 3178 4492 ὁμολογεῖ
3208 4422 3280 4493 μὴ
3308 4424 3519 4491 ἀγνοεῖν
3540 4418 3628 4476 οἷα
3658 4438 3763 4475 κα-

512 4496 700 4551 Davidi
738 4498 956 4560 accidit.
993 4499 1282 4551 conﬁtetur
1310 4516 1417 4552 non
1446 4501 1693 4569 ignorare
1716 4515 1773 4554 se
1796 4518 2081 4572 quousque

2185 4510 2293 4561 κῶν
2326 4508 2596 4579 ἐλήλυθεν.
2633 4512 2695 4563 Εἰ
2732 4510 2787 4563 δὲ
2824 4513 2917 4564 καὶ
2954 4514 3091 4582 μετά
3122 4512 3293 4565 ταῦτα
3338 4514 3593 4567 ἀνα).άῦοι
3636 4515 3763 4566 ἑαυ-

510 4591 781 4644 malorum
842 4591 1145 4644 devenerit.
1186 4591 1242 4643 Si
1288 4606 1417 4645 vero
1458 4599 1643 4661 postea
1683 4594 2017 4663 resipiscens
2049 4609 2079 4645 a

509 4681 663 4750 lapsu
695 4697 753 4736 se
795 4681 1065 4746 retrahat,
1113 4682 1317 4750 gratias
1362 4693 1500 4753 aget,
1564 4691 1864 4753 notumque
1916 4683 2076 4738 faciet

508 4775 766 4829 omnibus
796 4790 860 4826 es
892 4774 1038 4843 quali
1070 4775 1305 4829 miseria:
1334 4776 1548 4847 gurgite
1591 4794 1650 4832 se
1682 4776 1933 4830 eduxerit
1968 4792 2081 4830 me-

507 4866 663 4919 dicus
723 4874 777 4918 et
834 4872 1085 4918 servator
1133 4867 1329 4920 animm
1378 4867 1587 4937 ipsius;
1651 4882 1822 4935 quare
1868 4866 2012 4921 dicet
2066 4886 2078 4920 :

510 4956 712 5011 Eduxit
745 4974 823 5010 me
842 4957 905 5011 de
938 4957 1055 5010 lacu
1089 4959 1313 5011 miseria:
1342 4970 1389 5012 et
1423 4961 1486 5013 de
1518 4960 1628 5012 luto
1650 4960 1816 5028 fwcis.
1837 4958 1894 5012 ιιι
1920 4974 2082 5028 porro

508 5050 797 5115 obtinebit,
826 5052 954 5119 quia
988 5060 1313 5121 exspectans
1370 5060 1707 5121 exspectant
1768 5052 2078 5106 Dominum.

512 5143 716 5196 Lacum
757 5144 1014 5202 miseriae.
1058 5144 1388 5214 profundum
1429 5146 1659 5213 peccati,
1697 5145 1867 5197 lutum
1908 5143 2078 5208 faecis,

511 5238 675 5290 lutosi
713 5237 960 5306 corporis
993 5239 1322 5307 voluptates.
1374 5237 1426 5289 in
1479 5252 1612 5303 quas
1641 5236 1863 5305 delapsa
1897 5237 2079 5290 anima

508 5329 847 5400 dcmergitur
876 5338 928 5384 et
952 5331 1109 5399 quasi
1142 5331 1196 5382 in
1230 5327 1503 5399 profundo
1536 5329 1811 5390 obruitur,
1858 5346 1965 5383 non
1996 5330 2081 5383 in-

500 5421 647 5491 juria
684 5423 1063 5491 appellaveris.
1113 5421 1217 5487 Qui
1258 5422 1424 5489 igitur
1466 5436 1532 5473 ex
1588 5420 1676 5473 his
1729 5422 1971 5484 emersit,
2024 5430 2078 5477 et

506 5512 806 5567 Salvatoris
842 5512 1066 5565 dextera
1086 5513 1317 5565 eductus
1346 5518 1451 5567 est.
1485 5524 1547 5562 ac
1570 5509 1766 5565 deinde
1789 5511 1855 5564 ad
1887 5528 2077 5581 puram

502 5612 556 5657 ct
585 5613 790 5658 rectam
833 5604 1099 5657 rationem
1154 5602 1348 5654 anima:
1391 5616 1503 5655 sua:
1538 5602 1765 5671 vestigia
1822 5602 2076 5669 ﬁrmavit,

576 5761 589 5790 ¹
632 5758 766 5814 Luc.
802 5775 890 5825 τι,
923 5759 1012 5812 21.
1096 5762 1113 5791 ²
1154 5759 1347 5813 Matth.
1387 5774 1437 5825 γ,
1609 5759 1627 5791 ³
1670 5761 1827 5816 item.
1864 5778 1917 5828 v,
1952 5761 2005 5817 3.

2184 4602 2277 4654 τὸν
2324 4602 2417 4655 τοῦ
2497 4602 2811 4672 σφάλματος
2867 4603 3273 4676 συνῃσθημένος
3302 4646 3315 4670 ,
3375 4606 3760 4676 εὐχαριστήσει

2196 4695 2465 4765 ίνωρίζων
2514 4697 2603 4766 ἀφ’
2635 4698 2746 4749 οἴου
2802 4696 2997 4765 βάθους
3050 4697 3421 4768 ταλαιπωρίας
3460 4698 3761 4767 ἀνιμήσατο

2184 4784 2343 4838 αὑτὸν
2366 4787 2394 4838 ὁ
2416 4786 2513 4856 τῆς
2533 4786 2710 4856 ψυχῆς
2731 4786 2893 4839 αὐτοῦ
2914 4787 3201 4856 γενόμενος
3229 4786 3409 4857 ίατρὸς
3439 4787 3529 4839 καὶ
3554 4789 3691 4854 σωτή
3704 4805 3754 4856 ρ’

2181 4871 2370 4944 διόπερ
2399 4876 2545 4945 ἐρείο
2569 4874 2866 4944 ,Ἀνήγαγέ
2898 4892 2974 4944 με
3002 4876 3071 4929 ἐκ
3104 4876 3333 4931 λάκκου
3362 4878 3761 4943 ταλαιπωρίας

2183 4964 2277 5016 καὶ
2311 4966 2428 5019 ἀπὸ
2462 4966 2660 5033 πηλοῦ
2686 4969 2873 5034 ἰλύος.
2912 4967 3113 5021 Τούτου
3157 4968 3212 5021 δὲ
3240 4968 3509 5033 τεύξεται,
3542 4967 3755 5036 inniti;-

2183 5071 2286 5126 περ
2328 5057 2615 5127 ὑπομένων
2668 5060 2929 5131 ὑπέμεινε
2970 5061 3061 5114 τὸν
3090 5059 3311 5131 Κύριον.
3342 5059 3555 5113 Λάκκον
3582 5059 3639 5111 δὲ
3665 5076 3760 5111 ται

2180 5145 2484 5219 λαιπωρίας
2514 5150 2575 5202 τὸ
2608 5149 2767 5219 βάθος
2805 5151 2905 5219 τῆς
2938 5151 3230 5223 ἁμαρτίας.
3262 5150 3356 5203 καὶ
3406 5149 3571 5220 πηλὸν
3615 5148 3757 5210 ἰλύος

2178 5237 2277 5301 τὰς
2323 5238 2418 5292 τοῦ
2476 5238 2753 5309 πηλώδους
2786 5241 3031 5313 σώματος
3059 5240 3411 5312 ἡδυπαθείας,
3446 5242 3500 5292 ἐν
3526 5232 3610 5300 αἶς
3643 5238 3758 5290 ὀλι-

2183 5330 2429 5401 σθησασα
2459 5331 2604 5402 ψυχὴ
2634 5332 2951 5403 βαπτίζεται
2982 5336 3073 5389 καὶ
3100 5335 3289 5405 ὥσπερ
3318 5337 3375 5388 ὲν
3406 5332 3550 5404 βυθῴ
3590 5348 3759 5384 κατα-

2181 5422 2487 5486 ποντοῦται,
2524 5426 2623 5477 οὐκ
2650 5424 2715 5477 ἂν
2744 5426 3009 5498 ἁμάρτοις
3039 5426 3228 5481 εἰπών.
3248 5428 3304 5480 Ὀ
3328 5424 3391 5495 δὴ
3422 5420 3512 5477 οὖν
3543 5424 3605 5475 ὲκ
3630 5422 3755 5474 τοῦδ

2182 5532 2285 5568 των
2312 5517 2613 5587 ἀνακύψας,
2648 5520 2743 5573 καὶ
2776 5520 2879 5573 ὑπὸ
2910 5521 3008 5591 τῆς
3042 5521 3220 5587 δεξιᾶς
3248 5519 3341 5573 τοῦ
3380 5518 3628 5590 Σωτῆρος
3658 5518 3756 5570 ἀν-

2184 5607 2416 5679 ιμηθεὶς,
2434 5604 2548 5666 εἶτα
2568 5612 2749 5669 λοιπὸν
2771 5613 2827 5666 ὲν
2851 5612 3073 5685 καθαρῷ
3093 5612 3171 5684 τῷ
3190 5613 3331 5683 λόγῳ
3346 5611 3441 5675 τὰς
3463 5610 3561 5683 τῆς
3580 5608 3757 5679 ψνκῆἱ
