4010 6540
266 347 373 402 τιΰῦ

1392 344 1843 401 COMMENTARI
1857 348 1894 403 Α
1933 346 1999 403 IN
2040 345 2374 406 PSALMOS.

3420 354 3487 408 3!;
3498 352 3527 408 ὅ

270 460 452 531 βάσεις
483 456 761 533 στηρίξας,
789 460 1024 530 εὐλόγως
1060 462 1207 532 tps'i'
1245 462 1353 514 Καὶ
1388 460 1650 530 άνήγατέ
1676 478 1753 531 με
1775 462 1843 515 ἐκ

1951 464 2149 518 merito
2174 463 2322 517 dicat
2358 482 2370 517 :
2404 458 2470 517 Et
2516 464 2697 517 eduxit
2744 481 2823 518 me
2850 464 2915 519 de
2944 465 3065 519 lacu
3095 466 3322 520 miseria:
3374 475 3423 519 et
3459 466 3525 520 ds

264 552 494 607 ,λάκκου
524 554 923 621 ταλαιπωρίας
966 553 1065 607 καὶ
1109 553 1228 607 ἀπὸ
1272 554 1471 620 πηλοῦ
1514 556 1713 621 ἰλύος·
1745 558 1843 610 καί

265 644 528 713 ἔστησεν
548 646 644 698 ἐπὶ
686 644 909 713 πέτραν
930 646 1072 712 τοὺς
1106 646 1295 710 πόδας
1322 662 1463 713 μου,
1491 647 1589 700 καὶ
1627 651 1846 716 κατηύ-

267 738 408 791 θυνε
442 737 512 790 τὰ
551 736 880 807 διαϐήματά
917 756 1054 808 μου.
1091 738 1301 809 Πέτραν
1343 738 1398 790 δὲ
1446 740 1583 809 πρὸς
1613 741 1846 793 ἀντιδια-

269 829 456 900 στολὴν
494 830 585 882 τοῦ
614 830 834 902 στερεοῦ
859 830 1015 899 λόγου
1041 829 1287 901 θεμέλιον
1317 832 1595 902 ὀνομάζει,
1627 834 1710 902 ἐφ’
1735 834 1792 887 ὃν
1816 835 1844 886 ὁ

269 918 515 991 βεϐηκὼς
536 922 727 991 φήσει·
752 921 846 986 Τίς
875 918 1030 990 ἡμᾶς
1059 921 1296 987 χωρίσει
1326 920 1444 974 ἀπὸ
1473 921 1581 990 τῆς
1607 920 1844 992 ἀγάπης

266 1009 373 1063 τοῦ
401 1011 690 1080 Χριστοῦ,
731 1012 959 1080 θλίψις,
1006 1012 1043 1079 ἢ
1078 1014 1465 1080 στενοχωρία,
1501 1013 1538 1081 ἣ
1568 1013 1841 1083 διωγμὸς,

267 1103 306 1172 ἧ
331 1106 507 1174 λιμός
528 1123 541 1169 ;
577 1107 669 1159 καὶ
692 1105 759 1159 τὰ
789 1104 933 1177 ἑξῆς.
958 1106 1029 1158 Οὐ
1067 1106 1225 1177 μόνον
1249 1105 1292 1160 δ’
1321 1106 1509 1178 ἔστησε
1533 1108 1658 1171 τοὺς
1684 1109 1847 1173 πόδας

268 1198 361 1251 ἰπὶ
386 1198 483 1269 τὴν
503 1199 726 1271 πέτραν,
752 1198 886 1253 ἀλλὰ
912 1200 1005 1252 καὶ
1034 1198 1269 1270 βαδίζειν
1290 1200 1382 1253 καὶ
1407 1198 1621 1273 τρέχειν
1642 1204 1729 1254 ἐπ’
1748 1205 1846 1255 αὺ-

265 1290 365 1359 τῆς
397 1289 486 1343 διὰ
514 1290 611 1359 τῆς
643 1289 747 1345 τῶν
783 1289 959 1344 καλῶν
993 1291 1397 1363 εὐδοκιμήσεως
1424 1295 1599 1345 ποιεῖ·
1622 1294 1704 1346 διὸ
1732 1296 1846 1347 ὲπι-

265 1379 445 1448 λέγει’
493 1382 602 1434 Καὶ
660 1384 993 1450 κατηύθυνε
1041 1384 1113 1437 τὰ
1169 1383 1497 1453 διαϐήματά
1541 1404 1680 1454 μου.
1713 1382 1847 1441 Εἶτα

265 1472 589 1538 ἀκολούθως,
624 1474 699 1539 ὡς
726 1474 790 1529 ἂν
823 1476 1180 1547 μεταΰληθεὶς
1206 1477 1315 1530 ἀπὸ
1340 1478 1449 1529 τῶν
1474 1478 1731 1550 χειρόνων
1752 1478 1847 1533 ἐπὶ

263 1563 330 1616 τὰ
352 1565 604 1636 κρείττω,
625 1566 685 1618 τὸ
712 1567 810 1637 μὲν
836 1567 1061 1621 παλαιὸν
1087 1564 1259 1640 ᾆσμα,
1282 1568 1348 1621 δι’
1374 1566 1435 1625 οὗ
1464 1571 1845 1625 ά’πεκ).αύσατο

262 1653 333 1707 τὰ
362 1656 419 1708 ἐν
451 1660 562 1719 τοῖς
595 1657 700 1728 πρὸ
728 1657 917 1711 τούτου
964 1658 1200 1730 ψαλμοῖς
1238 1658 1561 1731 λελεγμένα,
1597 1663 1848 1716 ἀποτίθε-

262 1763 353 1799 ται
374 1764 387 1778 ο
418 1748 783 1819 ἀναλαμϐάνει
812 1750 869 1803 δὲ
898 1745 1049 1821 ᾆσμα
1080 1751 1265 1805 καινὸν
1308 1752 1402 1805 τοῦ
1444 1752 1715 1817 σώσαντος
1744 1756 1849 1807 αύ-

260 1840 376 1905 τὸν,
399 1840 492 1893 καὶ
516 1841 873 1911 ὲμδάλλοντος
896 1844 975 1906 εἰς
1004 1844 1063 1895 τὺ
1088 1844 1262 1914 στόμα
1288 1844 1452 1898 αὐτοῦ
1484 1846 1668 1899 καινὸν
1695 1842 1847 1918 ᾆσμα

265 1932 359 1983 καὶ
376 1930 561 2001 ὕμνον,
581 1932 988 2002 ἀποδυσαμένου
1023 1934 1115 1986 τὸν
1149 1934 1375 1988 παλαιὸν
1415 1934 1702 2004 ἄνθρωπον
1748 1938 1845 1990 σὺν

264 2027 385 2087 ταῖς
436 2024 695 2095 πράξεσιν
752 2024 938 2090 αὑτοῦ,
976 2025 1335 2097 ὲνδυσαμένου
1368 2027 1426 2081 δὲ
1465 2027 1559 2081 τὸν
1604 2027 1722 2081 νέον
1755 2028 1846 2081 τὸν

266 2115 727 2186 ἀνακαινούμενον
760 2120 879 2171 κατ’
907 2118 1199 2187 ἐπίγνωσιν
1230 2120 1322 2172 τοῦ
1349 2118 1504 2172 Θεοῦ.
1538 2114 1673 2174 Εἶτα
1708 2121 1845 2191 μετὰ

267 2208 445 2262 πάντα
478 2210 653 2264 ταῦτα
685 2212 986 2283 ὑπόδειγμα
1029 2212 1241 2275 πολλοῖς
1278 2213 1509 2280 γίνεται,
1546 2212 1622 2276 ὡς
1653 2212 1718 2265 ἂν
1750 2214 1845 2267 καὶ

266 2299 463 2369 ἕτεροι,
492 2300 591 2371 τὴν
620 2300 917 2371 μεταϐολὴν
946 2302 1107 2355 αὐτοῦ
1143 2300 1427 2371 θεώμενοι,
1456 2303 1678 2367 ἐλπίδας
1704 2305 1845 2372 ἁγα-

265 2392 364 2455 θὰς
394 2392 730 2456 άναλάόοιεν,
767 2394 860 2446 καὶ
904 2394 1006 2464 τὴν
1047 2392 1154 2446 ἀπὸ
1197 2392 1304 2445 τῶν
1354 2392 1611 2463 χειρόνων
1643 2394 1734 2447 ἐπὶ
1775 2394 1844 2448 τὰ

264 2483 497 2557 κρείττω
530 2486 843 2555 ποιήσαιντο
868 2484 1166 2556 μεταϐολήν
1186 2502 1200 2515 ’
1227 2484 1305 2537 διό
1334 2501 1497 2555 φησιν
1516 2501 1529 2515 ·
1562 2487 1842 2553 Ὄψονται

262 2576 479 2629 πολλοὶ
514 2576 611 2628 καί
643 2576 1104 2644 φοϐηθήσονται,
1132 2576 1230 2629 καὶ
1260 2576 1581 2629 ἐλπιοῦσιν
1603 2576 1701 2629 ἐπὶ
1727 2578 1841 2631 Kr}-

256 2686 409 2738 ριον.
438 2668 503 2721 Τί
536 2668 593 2721 δὲ
624 2668 881 2738 ὄψονταις
916 2669 1057 2721 Αὐτὸ
1104 2668 1279 2733 τοῦτο,
1308 2669 1492 2739 φησὶν,
1525 2668 1601 2732 ὡς
1630 2671 1711 2733 εἰς
1745 2669 1841 2740 βάν

265 2761 356 2824 θος
380 2760 611 2832 ἐλήλυθα
635 2761 837 2827 κακῶν,
864 2761 959 2815 καὶ
988 2763 1067 2824 εἰς
1095 2761 1185 2815 τὸν
1206 2760 1409 2814 λάκκον
1438 2761 1532 2814 καὶ
1557 2762 1648 2815 τὸν
1673 2761 1843 2831 πηλὸν

261 2854 360 2923 τῆς
387 2855 528 2918 ἰλύος
550 2873 561 2885 ·
585 2854 835 2908 κάκεῖθεν
860 2852 994 2907 Θεοῦ
1026 2854 1207 2925 χάριτι
1236 2852 1606 2918 ἀνελκυσθεὶς,
1632 2854 1724 2907 ἐπὶ
1746 2854 1845 2925 τὴν

264 2946 470 3018 πέτραν
520 2948 680 3019 ἔστην
727 2949 820 3000 καὶ
871 2946 1214 3017 κατηυθύνθη
1258 2945 1328 2998 τὰ
1374 2945 1689 3017 διαδήματά
1724 2953 1846 3017 μου,

264 3040 356 3091 καὶ
385 3039 627 3110 ᾅσματος
658 3036 1003 3109 κατηξιώθην
1036 3036 1246 3090 καινοῦ.
1283 3034 1471 3089 Ταῦτα
1510 3034 1618 3107 γὰρ
1642 3037 1692 3088 οἱ
1724 3038 1851 3092 πολ-

1950 554 2063 607 luto
2096 555 2265 621 facis.
2330 552 2399 607 Et
2432 555 2621 609 statuit
2658 572 2814 625 super
2850 567 3054 626 petram
3094 558 3249 627 pedes
3279 574 3444 622 meos,
3473 568 3525 613 et

1946 643 2143 697 direxit
2195 661 2403 714 gressus
2455 662 2618 701 meas.
2674 645 2886 702 Petram
2925 657 3104 701 autem
3142 649 3207 700 ad
3239 662 3527 718 compara-

1948 738 2153 792 tionem
2188 738 2329 791 ﬁrmi
2361 740 2656 803 sermonis,
2694 740 3111 795 fundamentum
3136 748 3315 802 vocat,
3336 741 3388 794 in
3412 756 3523 810 quo

1948 830 2202 900 quisquis
2234 832 2572 899 processerit
2606 832 2751 886 dicet
2795 851 2807 886 ε
2851 833 2985 899 Qui:
3033 850 3126 885 nos
3174 832 3443 901 separabit
3492 850 3525 885 α

1947 921 2209 975 charitate
2241 920 2485 977 Christi?
2522 921 2823 986 tribulatio,
2855 940 2922 976 an
2954 924 3226 992 angustia,
3278 940 3346 976 an
3401 938 3521 991 per-

1947 1014 2169 1078 secutio,
2200 1030 2267 1067 an
2300 1014 2470 1083 [ames
2493 1014 2554 1067 ‘?
2583 1022 2689 1069 etc.
2749 1013 2870 1069 Non
2923 1016 3089 1070 modo
3146 1028 3323 1069 autem
3360 1015 3526 1085 pedes

1950 1105 2143 1159 statuit
2176 1121 2343 1175 super
2371 1115 2617 1175 petram;
2653 1106 2746 1161 sed
2780 1107 2945 1161 etiam
2978 1108 3031 1161 id
3062 1116 3305 1176 praestat,
3344 1115 3404 1161 ut
3429 1122 3528 1177 per

1948 1198 2218 1253 bonorum
2250 1198 2573 1269 dignitatem
2609 1198 2663 1251 in
2694 1213 2758 1252 ea
2789 1198 3045 1253 incedere
3092 1214 3157 1253 ac
3202 1198 3525 1269 eurrereoli-

1948 1297 2105 1357 ceat;
2136 1305 2308 1361 quare
2340 1290 2551 1359 adjicit,
2579 1298 2627 1343 et
2659 1290 2853 1343 direxit
2885 1307 3097 1361 gressus
3128 1307 3288 1345 meos.
3320 1289 3526 1344 Dehinc

1947 1378 2082 1437 vero
2110 1393 2538 1454 consequenter,
2572 1390 2761 1452 utp0le
2793 1398 2823 1436 a
2868 1384 3147 1453 pejoribus
3181 1385 3249 1441 ad
3296 1384 3524 1441 meliora

1947 1476 2275 1538 translatus.
2310 1477 2527 1531 cantico
2562 1478 2760 1541 veteri,
2819 1494 2930 1548 quo
2978 1478 3034 1532 in
3092 1479 3526 1548 pra-cedentibus

1949 1568 2175 1638 psalmis
2200 1568 2441 1639 lugebat,
2472 1568 2743 1639 deposito,
2794 1584 2995 1623 novum
3048 1570 3325 1624 canticum
3376 1584 3529 1625 assu-

1949 1658 2068 1722 mit,
2102 1657 2224 1728 ejus
2254 1660 2465 1715 scilicet
2496 1660 2589 1730 qui
2643 1661 2881 1715 servavit
2938 1676 3086 1724 eum,
3142 1667 3196 1713 et
3250 1660 3527 1713 canticum

1949 1749 2324 1820 bymnumque
2371 1767 2572 1807 novum
2609 1752 2663 1806 in
2697 1768 2761 1807 os
2811 1752 2934 1819 ejus
2966 1751 3228 1817 immisit;
3271 1751 3530 1821 exuitque

1878 1835 1920 1889 Β
1950 1851 2185 1897 veterem
2211 1844 2486 1899 hominem
2518 1861 2642 1899 cum
2671 1846 2934 1915 operibus
2957 1846 3099 1914 ejus,
3136 1857 3191 1900 et
3219 1844 3396 1899 induit
3431 1860 3524 1899 no—

1951 1950 2101 1998 vum,
2131 1936 2247 1989 sive
2271 1944 2591 1991 renovatum
2635 1951 2733 2006 per
2780 1937 3067 1991 scientiam
3118 1934 3236 1989 Dei.
3272 1937 3385 1989 Sub
3416 1937 3529 1989 haec

1952 2037 2131 2082 autem
2163 2028 2369 2092 omnia,
2401 2028 2454 2082 in
2489 2029 2797 2099 exemplum
2832 2028 3019 2082 multis
3052 2030 3293 2097 ponitur,
3350 2030 3422 2083 ita
3473 2037 3532 2083 ut

1952 2119 2045 2173 alii
2081 2134 2324 2190 quoque,
2359 2128 2655 2191 conspecta
2688 2120 2810 2189 ejus
2840 2121 3167 2183 mutatione,
3224 2136 3374 2191 Spem
3431 2136 3529 2176 su-

1951 2218 2104 2264 mant
2132 2212 2352 2275 bonam,
2382 2220 2436 2267 et
2465 2227 2495 2265 a
2528 2212 2808 2282 pejoribus
2848 2214 2917 2267 ad
2946 2213 3171 2267 meliora
3204 2228 3323 2268 sese
3346 2213 3532 2268 tradu-

1952 2310 2117 2355 cant:
2152 2320 2321 2373 quare
2354 2305 2451 2366 ait,
2478 2306 2723 2359 videbunt
2750 2305 2904 2359 multi
2938 2316 2989 2359 et
3027 2306 3303 2371 timebunt,
3337 2314 3387 2359 et
3418 2318 3533 2373 spe-

1952 2392 2146 2449 rabunt
2202 2396 2255 2448 in
2303 2395 2557 2451 Domino.
2603 2395 2875 2462 Quidnam
2912 2396 3213 2451 videbunt?
3264 2396 3526 2467 ldipsum,

1949 2485 2148 2556 inquit,
2172 2503 2281 2558 quo
2305 2497 2465 2558 pacto
2487 2490 2541 2543 in
2565 2488 2898 2560 profundum
2935 2491 3226 2554 malorum,
3255 2490 3309 2543 iu
3347 2490 3524 2543 lacum

1948 2578 2179 2635 miserim
2209 2589 2264 2635 et
2291 2582 2347 2635 in
2382 2582 2556 2637 lutum
2600 2580 2748 2637 faecis
2793 2583 3080 2639 demersus
3124 2597 3247 2637 cum
3290 2580 3528 2644 fuerim,

1948 2668 2077 2725 inde
2108 2670 2201 2727 Dei
2233 2673 2406 2743 gratia
2427 2674 2682 2738 eductus.
2730 2691 2894 2745 super
2926 2684 3133 2746 petram
3163 2674 3407 2729 steterim
3426 2713 3440 2736 ,
3471 2680 3528 2727 et

1952 2778 2176 2833 gressus
2206 2766 2312 2819 mei
2340 2766 2533 2820 directi
2574 2767 2798 2831 fuerint,
2834 2783 2896 2822 ac
2934 2784 3075 2822 novo
3107 2768 3323 2821 cantico
3354 2766 3528 2821 dona—

1953 2864 2044 2911 tus
2074 2858 2200 2912 sim.
2228 2857 2325 2913 His
2356 2860 2689 2928 conspectis,
2720 2860 2921 2929 inquit.
2954 2860 3106 2913 multi
3139 2859 3387 2912 timorem
3414 2855 3531 2917 Dei,

1955 2948 2023 3003 de
2046 2964 2156 3018 quo
2184 2950 2392 3003 dictum
2424 2949 2761 3016 est,1nitium
2785 2953 3061 3019 sapientia:
3089 2952 3249 3004 timor
3270 2948 3533 3011 Domini,’

1958 3041 2250 3110 accipient,
2282 3042 2628 3114 similemque
2667 3046 2770 3099 sibi
2806 3059 2956 3114 spem
2989 3043 3286 3097 ascribent.

263 3130 344 3182 λοὶ
376 3129 699 3202 θεασάμενοι
755 3129 918 3199 φόϐον
947 3128 1104 3194 Θεοῦ,
1150 3128 1279 3199 περὶ
1310 3122 1369 3182 οὗ
1408 3128 1675 3193 λέλεκται,
1729 3130 1901 3201 Ἀρχὴ
1940 3136 2163 3204 σοφίας
2207 3138 2392 3205 φόϐος
2440 3137 2609 3203 Θεοῦ,
2653 3137 3034 3208 ἀναλήψονται,
3071 3136 3165 3189 καὶ
3211 3132 3310 3186 τὴν
3342 3130 3535 3203 ὁμοίαν

264 3223 475 3288 ἑαυτοῖς
504 3222 921 3294 ὑπογράφουσιν
936 3222 1148 3277 ἐλπίδα.

333 3315 638 3383 Μακάριος
663 3316 839 3385 ἀνὴρ,
870 3312 942 3372 οὗ
971 3316 1101 3370 ἐστι
1129 3316 1194 3370 τὸ
1218 3315 1403 3386 ὄνομα
1427 3317 1649 3385 Κυρίου
1676 3318 1846 3383 ἐλπὶς

2028 3313 2195 3370 Vens.
2229 3314 2281 3369 5.
2314 3315 2511 3369 Beatus
2551 3315 2630 3367 vir
2665 3314 2816 3383 cujus
2845 3323 2922 3367 est
2952 3330 3137 3368 nomen
3169 3314 3384 3370 Domini
3417 3334 3533 3384 spes

262 3409 472 3472 αὐτοῦ,
508 3410 603 3462 καὶ
660 3412 772 3462 οὐκ
815 3408 1147 3477 ἐπέϐλεψεν
1188 3412 1275 3475 εὶς
1309 3410 1709 3477 ματαιότητας
1747 3411 1845 3463 καὶ

260 3504 483 3571 μανίας
516 3502 779 3571 ψευδεῖς.
797 3503 856 3556 '0
882 3501 970 3555 διὰ
1010 3503 1206 3574 πείρας
1253 3501 1423 3555 ἐλθὼν
1450 3502 1549 3573 τῆς
1579 3502 1674 3555 τοῦ
1709 3501 1846 3555 Θεοῦ

268 3595 489 3667 χάριτος
522 3598 634 3659 τοῖς
674 3597 809 3648 πᾶσι
836 3594 1094 3665 κηρύττει
1126 3595 1225 3658 τὰς
1255 3596 1335 3658 είς
1363 3593 1525 3648 αὑτὸν
1550 3596 1848 3665 γενομένας

265 3688 604 3758 εὐεργεσίας,
639 3688 901 3759 προφέρει
932 3704 990 3740 τε
1023 3687 1315 3757 καθολικὴν
1347 3688 1617 3755 ἀπόφασιν
1649 3689 1712 3739 ἐκ
1738 3688 1847 3739 τῶν

267 3781 398 3852 περὶ
449 3780 610 3833 αὐτὸν
646 3780 987 3851 συμᾶάντων,
1018 3780 1303 3842 διδάσκων,
1334 3780 1415 3832 ὅτι
1458 3781 1590 3831 πᾶσι
1622 3779 1849 3832 δυνατὸν

264 3870 571 3943 ἀνθρώποις
604 3870 713 3924 τῶν
761 3870 962 3941 ὁμοίων
1012 3870 1161 3941 αὐτῷ
1205 3872 1408 3940 τυχεῖν.
1441 3870 1515 3921 Οὺ
1558 3869 1667 3940 γὰρ
1712 3868 1845 3937 ἐγὼ,

176 3988 189 4000 ο
268 3965 424 4034 φησὶ,
452 3965 631 4029 μόνος,
656 3963 911 4016 τοιούτων
958 3961 1227 4027 ἀξιωθεὶς,
1264 3960 1382 4031 εἴην
1428 3960 1493 4013 ἂν
1543 3960 1806 4030 μακάριος
1830 3978 1842 3988 ·

270 4058 513 4110 ἔκκειται
537 4057 592 4110 δὲ
622 4059 733 4120 τοῖς
759 4058 922 4110 πᾶσιν
951 4058 983 4127 ἠ
1008 4055 1144 4126 αὑτὴ
1176 4052 1314 4117 ὁδὸς,
1350 4053 1442 4107 καὶ
1477 4054 1537 4107 οὐ
1578 4054 1688 4106 τισὶ
1728 4053 1844 4123 μὲν,

267 4148 461 4202 τισΥδὲ
491 4148 571 4201 οὗ.
600 4150 713 4213 Πᾶς
751 4144 843 4202 οὖν
873 4150 901 4201 ὁ
930 4146 1027 4218 τὴν
1066 4146 1253 4200 ἐλπίδα
1280 4144 1442 4198 αὑτοῦ
1470 4144 1561 4197 ἐπὶ
1589 4144 1679 4195 τὸν
1716 4143 1847 4195 Θεὸν

269 4242 547 4312 ἁναθήσας
578 4241 677 4294 οὐκ
706 4241 1058 4293 ἁποπεσείται
1104 4236 1197 4291 τοῦ
1243 4234 1615 4307 μακαρισμοῦ,
1646 4229 1706 4288 οῦ
1755 4234 1849 4287 καὶ

268 4335 431 4399 αὐτὸς
460 4332 818 4405 κατηξιώθην.
852 4331 1166 4401 Ματαιότης
1198 4330 1253 4382 δὲ
1284 4330 1378 4383 καὶ
1408 4328 1593 4400 μανίαι
1634 4327 1849 4397 ψευδεῖς

268 4430 444 4482 πᾶσαι
470 4429 525 4481 αἱ
559 4427 686 4497 περὶ
710 4428 778 4479 τὰ
808 4426 1120 4497 πρόσκαιρα
1160 4423 1253 4476 καὶ
1289 4423 1490 4493 μάταια
1521 4421 1847 4491 τυγχάνουσι

270 4520 519 4574 σπουδαί’
544 4521 733 4573 ὲπείπε
743 4540 773 4593 ρ
790 4521 1127 4585 Ματαιότης
1149 4515 1581 4586 ματαιοτήτων,
1614 4514 1687 4567 τὰ
1703 4512 1849 4566 πάν-

267 4630 343 4668 τα
389 4615 747 4684 ματαιότης·
798 4614 893 4665 καὶ
938 4611 1025 4664 διὰ
1072 4611 1180 4663 τῶν
1233 4607 1543 4680 ἔμπροσθεν
1589 4607 1805 4675 ἐλέγετο
1832 4624 1844 4636 ·

1950 3408 2085 3477 ejus,
2118 3419 2167 3463 et
2194 3426 2297 3461 non
2339 3409 2566 3476 respexit
2600 3408 2655 3460 in
2698 3408 2960 3461 vanitates
2992 3419 3040 3461 et
3069 3408 3312 3462 insanias
3338 3410 3531 3478 fabas.

1950 3498 2054 3563 Qui
2094 3499 2292 3553 divina:
2328 3500 2519 3569 gratia:
2545 3498 2980 3567 experimentum
3023 3501 3232 3565 habuit,
3276 3502 3379 3556 sibi
3420 3504 3534 3557 col-

1950 3592 2057 3644 lata
2090 3590 2353 3646 beneﬁcia
2398 3590 2656 3645 omnibus
2698 3590 2979 3659 praedicat,
3011 3601 3174 3661 atque
3202 3608 3266 3646 ex
3308 3592 3376 3647 iis
3412 3610 3534 3665 qua:

1951 3683 2055 3738 sibi
2102 3682 2453 3753 contigerunt
2505 3682 2869 3736 universalem
2921 3683 3131 3751 profert
3182 3686 3531 3754 sententiam,

1950 3772 2154 3826 docens
2181 3787 2372 3825 omnes
2398 3770 2647 3825 homines
2679 3772 2830 3840 paria
2854 3787 3039 3825 secum
3071 3774 3317 3829 obtinere
3348 3780 3531 3845 posse.

1950 3863 2137 3934 Neque
2160 3863 2303 3917 enim
2329 3878 2430 3931 ego
2455 3863 2627 3927 solus,
2649 3864 2745 3926 ait,
2779 3865 2907 3918 talia
2939 3873 3155 3925 nactus.
3188 3868 3382 3923 beatus
3412 3870 3533 3925 fue—

1948 3956 2095 4020 rim;
2152 3955 2246 4011 sed
2284 3956 2540 4010 omnibus
2585 3972 2647 4011 ea
2687 3957 2803 4026 ipsa
2842 3957 2929 4009 via
2963 3966 3130 4027 patet,
3163 3975 3262 4015 nec
3305 3962 3535 4030 quibuso

1949 4046 2075 4102 dam
2112 4055 2298 4119 aperta
2329 4057 2435 4115 est,
2480 4048 2602 4103 aliis
2644 4062 2774 4102 vero
2805 4050 3052 4104 minime.
3098 4053 3364 4123 Quisquis
3402 4069 3534 4125 ergo

1950 4158 2102 4213 spem
2133 4143 2187 4196 in
2224 4141 2333 4197 Deo
2371 4142 2641 4212 reposuit,
2691 4157 2719 4195 a
2753 4142 3092 4198 beatitudine
3133 4146 3248 4210 illa,
3282 4162 3389 4216 qua
3432 4164 3534 4219 ego

1950 4239 2209 4307 dignatus
2244 4252 2390 4299 sum,
2427 4251 2534 4290 non
2573 4236 2808 4292 labetur.
2839 4236 3067 4293 Vanitas
3096 4248 3277 4293 autem
3303 4249 3357 4295 et
3386 4241 3533 4297 insa-

1949 4330 2055 4385 niae
2082 4328 2230 4383 falsa:
2261 4335 2410 4393 sunt,
2449 4343 2641 4382 omnes
2683 4336 3164 4398 temporanearum
3195 4340 3249 4385 et
3298 4329 3532 4385 futilium

1952 4437 2132 4477 rerum
2187 4438 2351 4478 curae.
2417 4420 2869 4491 Quandoquidem
2934 4424 3140 4477 vanitas
3204 4424 3530 4486 vanitatum,

1952 4516 2133 4569 omnia
2161 4516 2367 4570 vanitas
2404 4515 2425 4546 ⁸
2458 4532 2473 4580 ;
2510 4530 2573 4568 ac
2605 4516 2859 4583 snperius
2907 4514 3116 4568 dictum
3146 4526 3230 4569 est
3264 4531 3276 4563 :
3319 4515 3536 4570 Verum-

1954 4619 2127 4663 tamen
2168 4608 2410 4660 universa
2443 4608 2673 4669 vanitas,
2705 4607 2873 4660 omnis
2906 4604 3059 4657 homo
3096 4607 3299 4669 vivens;
3332 4615 3387 4659 et
3429 4606 3533 4661 ite-

268 4672 447 4774 Πλην
488 4708 560 4760 τὰ
607 4672 802 4759 πάντα
838 4704 1181 4775 ματαιότης,
1214 4672 1331 4766 πιὶς
1353 4672 1665 4767 ἅνθρωπος
1692 4672 1809 4758 *ζῶν
1829 4713 1843 4727 ο

1954 4717 2073 4756 rum
2105 4718 2118 4752 :
2153 4700 2524 4754 Verumtamen
2557 4716 2685 4752 vane
2724 4696 3127 4751 conturbantur.
3184 4696 3533 4753 Thesaurizat

268 4799 367 4854 καὶ
397 4797 558 4852 πάλιν
577 4816 590 4829 ·
614 4798 786 4865 Πλὴν
804 4797 1005 4866 μάτην
1031 4793 1456 4863 ταράσσονται.
1481 4790 1847 4858 Θησαυρίζει,

270 4894 372 4948 καί
427 4896 500 4947 οὐ
552 4891 825 4962 γινώσκει
874 4891 987 4943 τίνι
1037 4887 1287 4949 συνάξει
1322 4884 1527 4939 ταῦτα.
1564 4884 1762 4938 Μανίαι
1794 4884 1849 4937 δὲ

267 4986 487 5059 ψευδεῖς
520 4987 573 5038 αἱ
600 4986 678 5047 εἰς
711 4983 865 5035 κενὸν
897 4982 991 5034 καὶ
1023 4982 1250 5052 μάταιον
1281 4978 1708 5047 σπουδαζόμεναι
1738 4978 1850 5039 τοῖς

270 5068 488 5142 πολλοῖς
518 5075 1032 5149 φροντίδες.Ὥσπερ
1083 5068 1176 5125 οὖν
1229 5070 1392 5141 μανία
1428 5068 1659 5140 σώφρων
1693 5070 1725 5139 ἡ
1756 5068 1848 5121 τοῦ

271 5175 538 5246 παρόντος
575 5171 687 5241 βίου
721 5168 1199 5234 κατεξανάστασις,
1226 5166 1291 5219 δι’
1324 5166 1389 5235 ἣν
1415 5163 1511 5215 καὶ
1556 5161 1849 5227 samem;

270 5264 581 5336 ἰνομίζοντο
630 5263 741 5326 τοῖς
788 5258 999 5321 πολλοῖς
1030 5260 1077 5309 ot
1109 5256 1202 5309 τοῦ
1236 5253 1371 5307 Θεοῦ
1412 5251 1705 5324 προφῆται.
1751 5250 1849 5301 Σεο

274 5358 534 5430 μνύνεται
560 5354 602 5407 δ’
628 5353 722 5406 ἐπὶ
751 5354 819 5423 τῇ
849 5349 1074 5422 τοιαύτῃ
1097 5349 1350 5401 ἐκστάσει
1379 5344 1552 5413 λέγων
1574 5345 1602 5396 ὁ
1622 5343 1844 5405 δίκαιος

284 5449 430 5520 Ἐγὼ
465 5446 533 5501 δὲ
562 5443 701 5500 εἶπα
745 5445 814 5498 ἐν·
860 5441 933 5510 τῇ
962 5440 1244 5495 ἐκστάσει
1272 5456 1425 5509 pov'
1463 5435 1589 5503 Πᾶς
1631 5434 1850 5503 ἄνθρω-

269 5560 385 5607 πος
412 5541 715 5609 ψεύστης·
749 5538 841 5591 καὶ
884 5537 912 5588 ὁ
956 5532 1271 5593 Ἀπόστολος
1296 5530 1351 5583 δὲ
1384 5528 1539 5582 τοῦτο
1570 5524 1849 5588 πεπονθὼς

267 5636 479 5703 [λεγεψ
516 5633 652 5687 Εἴτε
683 5630 791 5700 γὰρ
825 5625 1153 5693 ἐξέστημεν
1178 5621 1317 5687 Θεῷ,
1346 5621 1465 5673 εῐτε
1496 5616 1841 5687 σωφρονοῦν

266 5747 378 5793 ιιεν
410 5745 569 5796 υμιν.

1951 4806 2001 4849 et
2032 4796 2239 4865 ignorat
2271 4793 2356 4845 cui
2389 4790 2723 4861 congregabit
2751 4807 2831 4844 ea.
2881 4788 3161 4844 V'anitates
3198 4788 3365 4855 falsae,
3405 4801 3532 4845 sunt

1954 4888 2121 4940 irritae
2156 4902 2219 4939 ae
2255 4886 2476 4939 inutiles
2515 4898 2544 4935 a
2580 4882 2766 4935 multis
2809 4888 3077 4949 suscepta:
3109 4881 3528 4937 sollicitudines.

1952 4976 2124 5047 Igitur
2164 4975 2377 5029 vanitas
2427 4973 2669 5043 prudens
2700 4978 2785 5025 est
2813 4970 2971 5040 quasi
3012 4972 3351 5025 renuntiatio
3395 4988 3533 5043 pra:—

1954 5070 2126 5125 sentis
2155 5070 2299 5132 vitae,
2340 5068 2410 5122 ob
2449 5082 2613 5138 quam
2660 5066 2939 5136 prophetae
2974 5064 3065 5119 Dei
3110 5066 3298 5119 multis
3336 5078 3529 5118 exces-

1954 5164 2096 5217 sisse
2122 5168 2303 5216 mente
2326 5158 2669 5214 videbantur.
2704 5157 2777 5213 De
2807 5158 2911 5213 hoc
2944 5165 3124 5212 autem
3154 5171 3383 5211 excessu
3414 5155 3528 5225 glo-

1951 5256 2128 5309 riatur
2180 5254 2365 5324 justus
2406 5252 2595 5307 dicens
2639 5270 2651 5305 :
2706 5250 2818 5321 Ego
2851 5260 3025 5304 autem
3065 5249 3181 5301 dixi
3226 5248 3281 5301 in
3314 5262 3528 5301 excessu

1952 5364 2087 5410 meo,
2119 5346 2291 5400 omnis
2320 5345 2477 5400 homo
2509 5342 2739 5399 mendax
2766 5345 2807 5399 ".
2843 5341 3247 5412 Apostolusque
3289 5340 3527 5409 idipsum

1952 5456 2151 5511 passus
2183 5438 2399 5493 dicebat
2441 5458 2453 5492 :
2491 5438 2615 5493 Sive
2640 5438 2780 5492 enim
2825 5445 2993 5490 mente
3034 5432 3361 5497 excedimus,
3391 5429 3529 5496 Deo,

1952 5533 2060 5586 sive
2088 5531 2253 5589 sobrii
2297 5546 2500 5596 sumus,
2535 5530 2677 5585 vobis
2709 5530 2751 5582 ".

339 5849 361 5881 ⁸
402 5846 558 5901 Rom.
592 5860 711 5912 vni,
747 5842 833 5897 '55.
913 5839 933 5872 '
973 5838 1116 5896 Psal.
1153 5852 1252 5905 cx,
1288 5834 1375 5891 10.
1454 5833 1473 5864 ⁸
1515 5829 1695 5888 Eccle.
1738 5843 1792 5899 ι,
1819 5826 1846 5881 9

1953 5828 1973 5862 ⁷
2012 5825 2158 5883 Psal.
2195 5839 2330 5891 ειν,
2375 5822 2459 5877 ll.
2540 5819 2560 5851 '
2597 5818 2639 5872 ll
2673 5815 2799 5873 Cor.
2835 5831 2902 5883 ν,
2940 5812 3025 5868 t3.
