4010 6528
538 303 642 358 355

1222 311 1485 367 El'SEBll
1527 313 2001 374 CAESARIENSIS
2038 318 2189 376 OPP.
2230 323 2409 380 PARS
2440 326 2528 383 Ill.
2560 356 2629 370 —-
2665 329 3071 391 EXECETICA.

3696 342 3830 397 356

610 419 779 476 Vens.
822 421 941 477 6-9.
973 421 1145 477 Multa
1180 424 1350 493 fecisti
1393 438 1471 489 tu,
1518 427 1741 483 Domine
1780 428 1917 485 Deus
1942 449 2086 488 meus

2282 441 2487 495 Πολλὰ
2512 444 2805 514 ἐποίησας
2834 450 2933 513 σὺ,
2961 452 3136 519 Κύριε
3160 456 3192 506 ὀ
3220 455 3364 520 Θεός
3385 473 3525 524 μου,
3552 459 3633 510 τὰ
3656 462 3823 512 00v—

536 513 807 567 mirabilia
867 523 977 567 tua.
1037 514 1139 582 Qui
1195 518 1400 571 variam
1452 520 1599 573 illam
1640 520 1735 575 Dei
1791 524 2111 592 sapientiam

536 606 652 660 sive
708 608 760 660 in
815 609 1083 663 universis
1145 610 1397 679 opiﬁciis,
1458 612 1574 666 sive
1620 613 1673 667 in
1737 615 2008 684 singulis,
2056 617 2109 671 in

535 698 847 761 sensilibus.
884 708 938 752 et
968 702 1022 755 in
1082 702 1148 756 iis
1177 718 1297 771 qum
1353 712 1533 760 mente
1577 707 1957 777 percipiuntur
1992 710 2112 763 ani-

535 794 911 854 madverterit.
942 793 994 847 in
1025 802 1304 863 stuporem
1348 798 1575 853 veniens
1604 800 1676 853 ob
1710 801 1981 871 ingentem
2015 802 2108 858 Dei

535 888 909 939 universorum
950 896 1296 956 potestatem,
1326 906 1461 946 sane
1496 892 1694 947 dixerit
1724 913 1737 948 :
1772 893 1944 948 Multa
1976 896 2107 963 feci-

527 977 598 1029 sti
625 985 700 1039 tu,
736 977 959 1033 Domine
996 979 1133 1035 Deus
1166 998 1333 1039 meus.
1369 984 1639 1038 mirabilia
1672 995 1783 1039 tua.
1810 985 1915 1041 Sed
1945 989 2106 1043 etiam

528 1069 843 1136 ponderatis
897 1073 1227 1131 universalis
1283 1078 1428 1132 illius
1468 1081 1826 1148 providentiae
1880 1082 2109 1135 rationi-

528 1158 650 1223 hus,
686 1163 844 1231 queis
865 1166 1048 1219 omnia
1097 1167 1467 1233 administrat,
1519 1186 1641 1224 cum
1686 1172 2106 1242 deprehenderit

526 1253 1108 1325 inromprehensihiles
1144 1277 1241 1317 eas
1274 1279 1416 1318 esse.
1468 1265 1583 1320 haec
1624 1266 1843 1333 adiiciet
1879 1287 1890 1321 :
1922 1267 1987 1321 Et
2018 1285 2105 1322 co-

524 1346 867 1414 gitationibus
903 1353 1005 1405 tuis
1042 1369 1145 1407 non
1187 1365 1265 1408 est
1304 1357 1394 1424 qui
1434 1357 1624 1411 similis
1660 1359 1728 1410 sit
1768 1358 1882 1412 tibi.
1916 1359 2103 1425 Qualis

523 1445 643 1491 erat
672 1438 719 1494 is
744 1441 835 1509 qui
868 1441 1085 1497 dicebat
1115 1464 1128 1499 :
1160 1444 1204 1501 0
1240 1447 1466 1501 altitudo
1493 1448 1799 1502 divitiarum
1831 1452 2104 1520 sapientia:

521 1538 573 1581 et
599 1530 833 1586 scientia:
866 1532 993 1588 Dei!
1032 1520 1189 1606 quam
1222 1539 1764 1607 incomprehensibilia
1797 1551 1919 1595 sunt
1952 1542 2103 1611 judi-

519 1623 603 1676 cia
633 1624 771 1692 ejus,
797 1635 845 1679 et
869 1628 1251 1699 investigabiles
1284 1632 1380 1685 vite
1413 1632 1525 1701 ejus
1548 1634 1599 1686 ἰ
1634 1631 1693 1687 In
1728 1635 1981 1703 prasenti
2014 1650 2104 1689 au-

518 1721 629 1769 tem
673 1714 842 1772 David
894 1734 993 1788 pro
1039 1724 1443 1791 opportunitate
1491 1724 1590 1779 has
1638 1726 1863 1796 protulit
1900 1742 2097 1793 voces,

514 1819 641 1860 cum
666 1822 696 1862 e
728 1823 787 1863 re
821 1818 972 1878 gesta
996 1812 1331 1875 edidicisset,
1361 1830 1502 1869 novo
1522 1817 1758 1885 quodam
1788 1818 1971 1879 modo,
1998 1820 2099 1873 sci-

515 1897 644 1955 licet
684 1916 780 1970 per
821 1904 1229 1973 ohsequentiam
1263 1908 1465 1963 divinis
1515 1909 1725 1979 legibus
1772 1910 2096 1975 exhibitam,

514 2003 791 2048 servatum
820 2010 879 2050 se
908 1995 1101 2051 fuisse.
1127 1998 1341 2052 Atenim
1376 2015 1471 2068 per
1502 1998 1743 2071 Moysem
1774 2001 1901 2055 olim
1928 2003 2098 2056 sacri-

515 2085 638 2138 ﬁcia
669 2094 722 2140 et
750 2085 1066 2142 holocausta
1102 2104 1201 2158 pro
1239 2092 1481 2159 peccatis
1510 2091 1696 2146 oﬁ‘erri
1723 2092 1941 2161 jussum
1985 2092 2100 2147 lue-

515 2184 636 2239 rat;
673 2192 819 2230 nunc
867 2193 997 2232 vero
1035 2194 1209 2232 novus
1241 2180 1478 2234 traditur
1510 2182 1705 2237 salutis
1748 2182 1945 2238 modus
1978 2185 2096 2239 sine

517 2266 804 2322 sacriﬁciis
828 2276 881 2322 et
906 2268 1265 2323 holocaustis.
1296 2268 1461 2324 Docet
1502 2285 1667 2341 porro
1692 2279 1948 2326 sexcenta
1974 2287 2098 2329 esse

517 2355 585 2410 ad
610 2356 839 2411 salutem
866 2358 1126 2425 remedia,
1159 2375 1280 2428 qua:
1297 2359 1388 2413 Dei
1407 2361 1579 2431 gratia
1615 2361 1928 2417 hominibus
1954 2363 2096 2417 elar-

485 2446 623 2517 gita
656 2455 756 2501 est.
791 2446 978 2518 Neque
1030 2466 1130 2519 pro
1154 2450 1416 2521 dignitate
1449 2452 1524 2506 rei
1556 2451 1686 2519 dici,
1718 2469 1893 2524 neque
1915 2462 2096 2510 mente

509 2541 724 2611 concipi
752 2549 929 2611 potest
954 2543 1247 2597 multitudo
1277 2544 1667 2615 cogitationum
1698 2545 1812 2600 Dei.
1843 2545 2093 2617 Symma-

508 2632 649 2687 chus
705 2650 882 2689 vero:
924 2634 1230 2701 Permulta,
1284 2638 1482 2707 inquit,
1534 2638 1705 2707 frcisti
1759 2648 1836 2704 tu,
1875 2639 2093 2693 Domine

512 2722 653 2777 Deus
693 2740 858 2789 meus,
893 2725 1138 2796 prodigia
1189 2741 1303 2790 tua,
1349 2737 1398 2781 et
1445 2728 1786 2798 cogitationes
1834 2737 1954 2782 tuas
1996 2743 2092 2795 pro

506 2815 662 2869 nobis
693 2833 796 2870 non
830 2817 1079 2885 possibile
1106 2827 1183 2872 est
1204 2835 1459 2888 exponere
1484 2834 1640 2887 super
1666 2829 1732 2875 te.
1766 2818 1967 2875 Deinde
1991 2835 2092 2889 pro

505 2910 621 2972 illo,
654 2909 981 2964 Annuutiavi
1010 2920 1059 2964 et
1088 2911 1293 2965 locutus
1318 2928 1460 2976 sum,
1486 2912 1826 2980 multiplicati
1854 2922 1976 2967 sunt
1996 2930 2093 2967 su-

504 3016 597 3067 per
625 3018 877 3066 arenam;
909 3020 1129 3060 rursum
1162 3003 1523 3075 Symmachus
1548 3006 1649 3059 hac
1679 3007 1891 3062 ratione
1924 3008 2091 3063 inter-

510 3100 753 3162 pretatus
786 3101 892 3158 est,
928 3093 988 3148 Si
1028 3097 1350 3150 annuntians
1394 3098 1724 3161 annuntiem,
1756 3096 1930 3165 plures
1965 3107 2089 3150 sunt

505 3201 665 3255 quam
697 3194 754 3236 ut
776 3184 1020 3237 enarrari
1048 3185 1268 3253 possint.
1304 3185 1459 3248 Nam,
1485 3201 1549 3239 ea:
1576 3195 1747 3255 parte,
1780 3188 1977 3256 inquit,
2003 3205 2090 3241 co-

506 3267 832 3338 gnoscimus,
860 3276 909 3320 et
938 3282 1002 3320 ex
1037 3278 1188 3337 parte
1215 3268 1589 3337 prophetamus
1627 3270 1691 3323 ‘°.
1725 3270 1920 3326 Omnia
1957 3288 2091 3329 sane

509 3361 782 3415 mirabilia
812 3369 904 3414 tua
936 3362 1359 3417 innumerabilia
1406 3372 1460 3417 et
1504 3362 2088 3434 incomprehensibilia

509 3463 640 3510 sunt
672 3473 686 3507 :
714 3461 950 3507 attamen
997 3455 1052 3507 in
1108 3454 1177 3507 iis
1210 3470 1331 3523 qua:
1375 3468 1570 3523 capere
1612 3454 1769 3509 licuit
1807 3458 1859 3511 id
1891 3457 2087 3527 depre-

508 3545 698 3610 hendi,
730 3555 780 3600 te
803 3546 1009 3601 scilicet
1041 3546 1095 3600 in
1128 3546 1382 3615 praesenti
1415 3555 1660 3616 tempore
1696 3563 1727 3601 a
1763 3547 1948 3621 Moyse
1975 3558 2089 3604 tra-

506 3640 622 3693 dita
663 3639 932 3694 sacriﬁcia
979 3648 1034 3693 et
1083 3640 1390 3694 oblationes
1438 3642 1714 3707 noluisse,
1762 3644 1856 3698 sed
1897 3659 2086 3699 eorum

508 3731 630 3784 loco
657 3746 817 3786 aures
849 3746 1001 3785 meas
1034 3738 1087 3784 et
1114 3731 1530 3800 obsequentiam
1560 3732 1793 3802 eloquiis
1828 3734 1937 3788 tuis
1967 3749 2086 3804 per-

504 3822 704 3878 fecisse
731 3842 745 3887 ;
773 3839 836 3878 ac
883 3840 982 3895 pro
1016 3823 1377 3886 holocaustis,
1411 3832 1465 3879 et
1504 3824 1791 3879 sacriﬁciis
1826 3841 1923 3894 pro
1954 3841 2083 3898 pec-

506 3924 654 3983 cato,
684 3915 1065 3984 mentelipsum
1092 3914 1267 3967 obtuli
1311 3915 1427 3968 tibi.
1462 3914 1643 3981 Quare
1676 3915 1751 3968 ait
1786 3934 1801 3971 :
1836 3914 1971 3969 Ecce
2000 3933 2084 3970 ve-

508 4009 594 4062 nio
638 4022 668 4061 a
702 4015 754 4061 te
785 4016 1045 4068 vocatus,
1096 4014 1260 4076 atque
1319 4007 1728 4076 promptissime
1760 4008 2079 4063 obsecutus.

504 4098 679 4161 Venio
747 4107 927 4154 autem
991 4097 1298 4154 festinando
1372 4106 1432 4152 ut
1502 4099 1698 4153 faciam
1745 4100 2080 4155 voluntatem

504 4202 691 4245 tuam:
725 4191 827 4246 hoc
857 4191 1002 4245 enim
1052 4204 1151 4260 pro
1192 4191 1341 4244 omni
1385 4192 1606 4246 victima
1644 4193 1949 4249 holocausti
1985 4209 2080 4248 ac-

498 4293 787 4355 cepturum
824 4293 875 4338 te
894 4298 1218 4353 persuasum
1248 4283 1440 4338 habeo.
1474 4284 1588 4339 Hoc
1624 4300 1808 4355 porro,
1835 4286 1888 4339 in
1911 4287 2081 4354 capite

499 4377 624 4430 libri
656 4380 908 4444 scriptum
941 4385 1019 4428 est
1074 4380 1137 4427 de
1182 4391 1283 4436 me.
1316 4376 1470 4445 quid,
1517 4378 1732 4442 amabo,
1769 4378 1917 4433 aliud
1970 4388 2074 4442 est,

2208 531 2398 600 μάσιά
2427 552 2560 591 σου.
2580 537 2637 591 Ὀ
2658 539 2754 611 τὴν
2790 544 3164 599 πολυποίκιλον
3189 548 3282 603 τοῦ
3316 549 3449 603 Θεοῦ
3479 554 3681 621 σοφίαι
3702 572 3823 606 κα·-

2211 625 2547 696 τανενοηκὼς
2576 628 2632 681 ἔν
2665 648 2723 683 τε
2757 634 2868 696 τοῖς
2887 635 3113 691 καθόλου
3135 640 3395 710 κτίσμασι
3430 646 3525 695 καὶ
3557 648 3677 709 τοῖς
3694 664 3811 699 κα-

2210 715 2278 768 τὰ
2309 716 2489 787 μέρος,
2520 720 2631 781 τοῖς
2679 737 2739 773 τε
2789 723 3061 794 αἰσθητοῖς
3112 729 3204 781 καὶ
3236 733 3347 793 τοῖς
3386 733 3525 785 κατὰ
3549 734 3815 789 διάνοιαν

2212 805 2619 897 θεωρουμένοις,
2657 813 2734 876 είς
2769 812 3026 885 ἔκπληξιν
3057 818 3225 873 ἐλθὼν
3255 824 3351 893 τῆς
3374 826 3813 897 ὑπερμεγέθους

2208 896 2483 967 δυνάμεως
2538 901 2631 953 τοῦ
2683 902 2792 955 τῶν
2844 904 2979 958 ὅλων
3025 907 3181 971 Θεοῦ,
3230 912 3370 965 εῐποι
3422 896 3519 968 ἄν’
3574 921 3813 973 Πολλὰ

2207 989 2500 1058 ἐποίησας
2548 995 2649 1057 σὺ,
2681 999 2861 1063 Κύριε
2903 1003 2936 1051 ό
2987 1002 3129 1068 Θεός
3170 1006 3311 1071 μου,
3360 1006 3432 1060 τὰ
3481 1010 3813 1077 θαυμάσιὰ

2208 1097 2343 1136 σου.
2364 1083 2523 1139 Ἀλλά
2575 1089 2667 1141 καὶ
2721 1095 2844 1156 τοὺς
2894 1094 3083 1161 λόγους
3133 1095 3390 1161 ἐξετάσας
3423 1100 3522 1171 τῆς
3552 1101 3808 1157 καθόλου

2208 1178 2482 1246 προνοίας,
2512 1180 2632 1232 καθ’
2656 1181 2747 1246 οὓς
2780 1186 2845 1237 τὰ
2878 1186 3163 1257 σύμπαντα
3189 1189 3397 1253 διοικεῖ,
3420 1192 3665 1247 κᾶπειτα
3702 1197 3807 1248 εὖ-

2211 1269 2315 1341 ρὼν
2352 1272 2547 1336 αὐτοὺς
2592 1274 3027 1348 ἀκαταλήπτους,
3076 1283 3370 1353 προσθήσει
3421 1284 3633 1353 λέγων’
3678 1290 3799 1343 Καὶ

2203 1361 2328 1427 τοῖς
2365 1363 2774 1435 διαλογισμοῖς
2799 1386 2913 1423 σου
2945 1373 3056 1425 οὐκ
3081 1374 3213 1427 ἐστι
3235 1376 3324 1439 τίς
3351 1378 3805 1444 ὀμοιωθήσεταί

2205 1469 2320 1507 σοι.
2357 1452 2481 1518 Οἷος
2505 1452 2572 1527 ἧν
2604 1460 2631 1511 ὁ
2663 1458 2839 1528 λέγων
2858 1479 2869 1491 ⁸
2899 1463 2961 1514 Ὢ
2989 1464 3219 1531 βάθους
3253 1470 3522 1523 πλούτου
3547 1472 3653 1525 καὶ
3686 1489 3799 1526 co-

2204 1547 2364 1614 φίας,
2404 1549 2499 1601 καὶ
2539 1551 2813 1617 γνώσεως
2860 1554 3008 1607 Θεοῦ
3027 1554 3047 1606 .'
3092 1556 3171 1621 ὡς
3220 1557 3669 1627 ἀνεξερεύνητα
3720 1565 3801 1614 τὰ

2202 1638 2455 1707 κρίματα
2483 1641 2687 1705 αὐτοῦ,
2715 1643 2809 1695 καὶ
2843 1644 3290 1713 ἀνεξιχνίαστοι
3320 1653 3377 1704 αἱ
3401 1651 3525 1705 ὁδοὶ
3554 1654 3755 1708 αὐτοῦ
3774 1655 3802 1707 .’

2216 1729 2302 1781 Ἐν
2334 1729 2388 1783 δὲ
2416 1733 2525 1794 τοῖς
2556 1734 2933 1804 προκειμένοις
2960 1738 2987 1789 ὀ
3016 1737 3174 1791 Δαυῖδ
3204 1740 3343 1793 κατὰ
3365 1742 3554 1813 καιρὸν
3578 1744 3795 1809 ταύτας

2202 1814 2577 1894 προηνέγκατο
2610 1826 2707 1890 τὰς
2737 1829 2938 1896 φωνὰς,
2972 1829 3115 1901 ἔργῳ
3141 1832 3345 1902 μαθὼν,
3374 1834 3448 1899 ὡς
3482 1836 3664 1907 καινῷ
3685 1857 3795 1891 τινι

2197 1915 2383 1986 τρόπῳ
2416 1916 2684 1971 σέσωσται
2715 1918 2792 1989 τῷ
2823 1920 2888 1973 δι’
2914 1922 3160 1992 ὑπακοῆς
3206 1924 3314 1977 τῶν
3363 1926 3521 1985 θείων
3556 1928 3791 1997 λογίων.

2196 2006 2368 2062 Πάλαι
2416 2010 2515 2079 μὲν
2560 2011 2668 2085 γὰρ
2707 2014 2794 2067 διὰ
2833 2016 3112 2081 Μωῦσέως
3144 2018 3324 2074 Θυσίαι
3352 2022 3447 2075 καὶ
3492 2023 3793 2079 ὁλόκαυτοι

2196 2101 2465 2174 ἀναφοραὶ
2493 2105 2916 2175 προσετάττοντο
2959 2109 3100 2181 ὑπὲρ
3153 2110 3434 2181 ἁμαρτιῶν
3469 2115 3795 2186 προσφέρε-

2200 2192 2351 2245 σθαι·
2386 2194 2503 2246 νυνὶ
2530 2196 2586 2248 δὲ
2608 2197 2791 2261 καινὸς
2824 2200 3171 2269 παραδίδοται
3205 2203 3403 2273 τρόπος
3437 2207 3791 2277 σωτηρίας,ὀ

2194 2284 2316 2355 δίχα
2341 2284 2536 2339 θυσιῶν
2569 2289 2663 2340 καὶ
2694 2288 3181 2361 ὁλοκαυτωμάτων.
3208 2293 3456 2347 Διδάσκει
3479 2294 3537 2348 δὲ
3573 2298 3674 2349 καὶ
3710 2299 3789 2363 ὡς

2194 2374 2310 2429 ἔστι
2338 2377 2505 2449 μυρία
2530 2379 2803 2450 σωτηρίας
2827 2380 3114 2452 φάρμακα,
3147 2383 3289 2455 ἆπερ
3319 2385 3351 2454 ἡ
3381 2385 3473 2438 τοῦ
3504 2385 3644 2439 Θεοῦ
3681 2389 3786 2457 χάο

2202 2483 2283 2535 ρις
2303 2469 2414 2529 τοῖς
2432 2466 2739 2538 ἀνθρώποις
2765 2468 3093 2541 ἐδωρήσατο.
3113 2472 3225 2525 Ούκ
3250 2472 3365 2524 ἐστι
3392 2490 3450 2525 τε
3472 2472 3593 2525 κατ’
3618 2472 3789 2537 ἀξίαν

2198 2560 2393 2620 εἰπεῖν,
2423 2558 2542 2611 οὐδὲ
2589 2559 2793 2631 διανοίᾳ
2837 2562 3146 2633 περιλαϐεῖν
3171 2562 3277 2615 τῶν
3305 2562 3397 2616 τοῦ
3431 2562 3569 2616 Θεοῦ
3601 2563 3789 2616 διαλοο

2196 2649 2410 2720 γισμῶν
2435 2651 2495 2704 τὸ
2522 2652 2743 2722 πλῆθος.
2763 2654 2820 2707 '0
2856 2653 2911 2706 δὲ
2943 2653 3258 2725 Σύμμαχος,
3292 2654 3649 2725 Πάμπολλα,
3672 2675 3784 2727 φη-

2195 2741 2300 2803 σὶν,
2330 2740 2623 2809 ἐποίησας
2653 2742 2756 2807 σὺ,
2783 2745 2957 2811 Κύριε
2986 2747 3018 2797 ὀ
3053 2745 3197 2810 Θεός
3212 2763 3354 2813 μου,
3390 2743 3461 2797 τὰ
3489 2745 3787 2813 τεράστια

2192 2848 2330 2897 σου,
2362 2834 2459 2887 καὶ
2490 2836 2632 2901 τοὺς
2659 2836 3087 2904 διαλογισμούς
3111 2852 3228 2889 σου
3256 2836 3397 2903 τοὺς
3422 2836 3577 2904 ὑπὲρ
3604 2837 3785 2905 ἡμῶν

2191 2927 2302 2978 οὐκ
2321 2925 2491 2978 ἔστιν
2517 2926 2793 2981 ἐκθέσθαι
2819 2927 2917 2980 ἐπὶ
2943 2927 3077 2982 σοῦ.
3103 2924 3236 2981 Εἶτα
3259 2928 3378 2981 ἀντὶ
3401 2926 3494 2980 τοῦ
3516 2944 3529 2956 ·
3566 2927 3775 2997 Ἁπήγ»

2190 3018 2360 3085 recta
2396 3015 2492 3070 καὶ
2523 3015 2819 3084 ἐλάλησα,
2850 3016 3325 3084 ἐπληθύνθησαν
3362 3016 3516 3084 ὑπὲρ
3548 3016 3779 3085 ἅμμον,

2194 3107 2355 3161 πάλιν
2395 3110 2423 3160 ὁ
2475 3107 2768 3178 Σύμμαχος
2820 3107 3007 3161 τοῦτον
3048 3110 3359 3180 ἡρμήνευσε
3405 3110 3495 3162 τὸν
3533 3110 3777 3181 τρόπον·

2208 3200 2338 3252 Ἐὰν
2354 3199 2749 3269 ἀπαγγέλλων
2774 3199 3172 3270 καταγγέλλω,
3192 3201 3375 3253 πλείω
3409 3202 3540 3255 ἐστὶ
3561 3202 3671 3254 τοῦ
3689 3202 3778 3253 δι-

2190 3288 2505 3358 ηγηθῆναι.
2548 3291 2641 3342 Ἐκ
2662 3289 2883 3359 μέρους
2926 3289 3042 3359 μὲν
3082 3291 3213 3359 γὰρ,
3265 3292 3417 3362 φησὶ,
3478 3290 3776 3359 Tiribazo—

2184 3396 2320 3448 μεν,
2374 3380 2473 3433 καὶ
2516 3381 2584 3434 ἐκ
2624 3379 2847 3449 μέρους
2885 3383 3352 3449 προφητεύομεν.
3412 3382 3492 3435 Τά
3536 3398 3604 3449 γε
3660 3383 3777 3451 μὴν

2190 3473 2367 3527 πάντα
2390 3472 2733 3545 άναρίθμητα
2760 3474 2850 3526 καὶ
2884 3473 3243 3544 ἀκατάληπτα
3274 3473 3532 3543 τυγχάνει
3554 3473 3622 3526 τὰ
3645 3472 3778 3525 θαυ-

2192 3566 2363 3637 μάσιά
2390 3583 2483 3618 σου
2507 3582 2520 3596 ⁸
2557 3566 2693 3638 πλὴν
2742 3568 2800 3620 ὲν
2848 3562 2928 3630 οἷς
2957 3565 3251 3619 κατέλαϐον
3284 3568 3376 3618 καὶ
3406 3564 3549 3618 τοῦθ’
3585 3560 3770 3636 εὗρον.

2187 3657 2268 3710 ὅτι
2318 3657 2459 3710 κατὰ
2486 3656 2577 3709 τὸν
2627 3659 2867 3730 παρόντα
2897 3658 3084 3728 καιρὸν
3112 3657 3211 3721 τὰς
3241 3658 3390 3729 παρὰ
3418 3659 3645 3712 Μωῦσεῖ
3672 3658 3774 3712 θυε-

2188 3750 2310 3813 σίας
2342 3752 2437 3804 καὶ
2469 3750 2785 3822 προσφορὰς
2824 3753 2924 3804 οὑκ
2967 3750 3268 3821 ὴθέλησας’
3302 3751 3422 3804 ἀντὶ
3464 3751 3510 3803 δ’
3537 3752 3766 3804 ἐκείνω-ς

2185 3842 2253 3896 τὰ
2273 3837 2387 3897 ὦτά
2413 3860 2514 3913 μου
2540 3844 2634 3897 καὶ
2660 3843 2757 3914 τὴν
2788 3844 3032 3914 ὑπακοὴν
3056 3842 3164 3896 τῶν
3194 3843 3300 3896 σῶν
3331 3842 3525 3911 λογίων
3553 3861 3690 3913 κατη
3699 3861 3763 3913 ρ-

2182 3936 2318 3988 τίσω
2337 3953 2349 3964 ·
2387 3937 2481 3988 καὶ
2509 3937 2629 3989 ἀντὶ
2653 3936 3117 4005 ὁλοκαυτωμάτων
3156 3935 3250 3989 καὶ
3281 3934 3387 3988 τῶν
3417 3936 3544 4007 περὶ
3578 3936 3765 4005 ἀμαρ-

2183 4028 2302 4092 τίας
2337 4028 2536 4082 θυσιῶν
2568 4029 2728 4091 αὐτὸς
2761 4029 2997 4099 ἐμαυτὸν
3029 4027 3375 4099 προσήγαγον
3406 4044 3507 4080 σοι.
3538 4029 3630 4079 Διό
3653 4045 3762 4097 φη-

2185 4132 2299 4172 σιν·
2347 4119 2489 4172 Ἰδοὺ
2538 4120 2662 4184 ἥκω
2706 4119 2925 4190 κληθεὶς
2954 4120 3058 4171 ὑπὸ
3094 4120 3206 4182 σοῦ,
3239 4120 3331 4172 καὶ
3373 4119 3762 4191 προθυμότατα

2184 4207 2683 4271 ὑπακούσας.Ἤκω
2715 4208 2771 4260 δὲ
2803 4208 3041 4273 σπεύσας
3074 4208 3168 4262 τοῦ
3202 4210 3424 4279 ποιῆσαι
3454 4210 3516 4263 τὸ
3549 4210 3763 4281 θέλημά

2184 4313 2309 4349 σου·
2342 4295 2497 4349 τοῦτο
2549 4297 2657 4368 γὰρ
2701 4298 2819 4349 ἀντὶ
2871 4299 3050 4368 πάσης
3091 4298 3383 4351 ὁλοκαύτου
3430 4299 3620 4362 θυσίας
3656 4302 3760 4351 7:5.-

2182 4389 2413 4458 πεισμαι
2456 4405 2516 4440 σε
2555 4388 2930 4459 ἀποδέχεσθαι.
2966 4391 3073 4442 Καὶ
3108 4391 3263 4444 τοῦτο
3300 4390 3357 4443 δὲ
3388 4391 3458 4444 ἐν
3481 4391 3759 4460 κεφαλίδι

496 4485 663 4541 quam
691 4468 1085 4540 praeferendam
1118 4483 1240 4523 esse
1269 4468 1612 4522 voluntatem
1673 4477 1821 4524 tuam
1864 4470 2075 4525 sacriﬁ-

2193 4481 2419 4533 ϐιϐλίου
2451 4480 2768 4550 γέγραπται
2799 4480 2931 4549 περὶ
2964 4481 3110 4550 ἐμοῦ
3130 4499 3142 4511 ·
3186 4482 3345 4535 τοῦτο
3368 4483 3424 4536 δὲ
3456 4486 3606 4535 ποῖον
3631 4484 3662 4554 ἣ
3693 4483 3760 4534 τὸ

497 4565 601 4617 clis
633 4571 687 4616 et
723 4560 1101 4615 holocaustis?
1147 4568 1202 4614 et
1249 4561 1419 4630 legem
1467 4570 1616 4615 tuam
1668 4563 2071 4633 exsequendam

494 4670 617 4709 esse
659 4668 770 4707 non
809 4652 1107 4705 secundum
1148 4652 1367 4706 obviam
1408 4654 1715 4717 lectionem,
1749 4670 1925 4724 neque
1959 4656 2077 4725 pari

497 4748 710 4802 ratione
738 4754 902 4813 atque
932 4745 1239 4813 complures
1271 4744 1403 4814 legis
1431 4744 1628 4816 Moysis
1654 4747 2073 4818 observatores;

498 4840 594 4896 sed
628 4840 683 4892 in
712 4838 882 4892 medio
914 4839 1103 4892 ventris
1128 4841 1262 4901 mei;
1293 4849 1387 4893 aut
1422 4850 1480 4895 ut
1520 4839 1902 4912 Symmachus,
1938 4858 2067 4895 con-

497 4932 668 5000 cupiui
702 4931 863 5000 legem
891 4940 1040 4984 tuam
1067 4932 1119 4984 in
1156 4930 1325 4986 medio
1350 4933 1604 4986 viscerum
1639 4949 1894 4989 meorum.
1932 4931 2067 4986 Nam

498 5022 546 5077 si
580 5023 675 5091 qui
726 5023 925 5076 anima:
956 5030 1144 5076 venter
1186 5032 1293 5088 est,
1329 5026 1537 5093 tr0pice
1589 5025 1670 5079 sic
1717 5037 1964 5087 vocatus,
2004 5026 2071 5079 de

496 5130 609 5186 quo
643 5115 697 5169 in
727 5114 1035 5186 Evangeliis
1076 5116 1282 5169 dictum
1330 5125 1415 5170 est
1461 5136 1472 5171 :
1512 5114 1769 5170 Flumina
1802 5117 1866 5170 de
1899 5126 2073 5170 centre

495 5209 611 5276 ejus
644 5208 807 5276 ﬂuent
832 5224 983 5277 aquae
1011 5210 1155 5271 vim,
1181 5208 1419 5262 salientis
1442 5209 1495 5262 in
1527 5209 1691 5262 vitam
1718 5219 1971 5263 teternam
1996 5210 2073 5272 “;

498 5300 555 5353 in
587 5300 691 5355 hoc
728 5300 1034 5364 recondito,
1069 5301 1265 5370 inquit.
1298 5317 1363 5355 ac
1400 5309 1612 5356 secreto
1651 5303 1847 5356 anima:
1884 5317 2071 5371 prom-

497 5392 712 5462 ptuario
739 5392 907 5463 legem
949 5401 1096 5447 tuam
1137 5394 1435 5449 observare
1466 5394 1632 5457 volui,
1674 5402 1835 5463 atque
1872 5408 2075 5462 praece-

496 5492 584 5555 pta
616 5484 683 5539 de
714 5485 1000 5540 sacriﬁciis
1029 5494 1082 5538 et
1125 5485 1465 5539 holocaustis
1508 5485 1781 5553 spirituali
1816 5499 1967 5539 more
2007 5499 2071 5538 ac

496 5576 797 5631 secundum
854 5584 1091 5632 mentem
1143 5577 1477 5646 persolvere.
1526 5575 1652 5630 Haec
1707 5575 1909 5646 quippe
1966 5575 2067 5629 tibi

563 5732 584 5764 ’
623 5730 781 5787 Rom.
819 5749 893 5799 ιι,
928 5733 1017 5789 55.
1100 5734 1141 5765 ¹⁰
1184 5732 1200 5786 l
1239 5732 1364 5788 Cor.
1401 5748 1518 5796 xm,
1556 5730 1608 5785 9.

1693 5732 1727 5763 τί
1770 5732 1928 5786 Joan.
1964 5731 2168 5797 “1,58.

2184 4573 2518 4642 προτιμῆσαι
2553 4572 2614 4625 τὸ
2646 4572 2856 4643 θέλημά
2900 4590 2993 4625 σου
3026 4573 3225 4626 θυσιῶν
3250 4576 3341 4627 καὶ
3376 4575 3758 4643 ὁλοκαυτωμά-

2182 4681 2289 4716 των
2313 4679 2326 4725 ;
2360 4664 2452 4715 καὶ
2479 4662 2538 4715 τὸ
2568 4664 2788 4734 ποιῆσαι
2824 4664 2914 4716 τὸν
2945 4665 3105 4734 νόμον
3135 4682 3226 4717 σου
3257 4666 3316 4717 ού
3343 4664 3483 4718 κατὰ
3506 4664 3602 4735 τὴν
3626 4665 3756 4735 πρύ-

2182 4772 2361 4826 χειρον
2394 4754 2557 4820 λέξιν,
2583 4755 2701 4808 οὐδὲ
2721 4756 2920 4826 ὁμοίως
2949 4759 3061 4819 τοῖς
3088 4756 3300 4820 πολλοῖς
3327 4756 3393 4809 τὰ
3422 4756 3570 4827 παρὰ
3588 4758 3756 4809 Mnib-

2182 4851 2265 4900 σεῖ
2311 4849 2735 4919 παρηγγελμένα
2766 4850 3165 4917 φυλάττονταςο
3218 4850 3287 4902 ἐν
3328 4848 3495 4918 μέσῳ
3537 4849 3604 4902 δὲ
3647 4848 3755 4915 τῆς

2180 4938 2411 5003 κοιλίας
2444 4956 2591 5007 μου*
2623 4940 2655 5010 ἤ
2692 4940 2830 4992 κατὰ
2858 4941 2946 4992 τὸν
2978 4940 3301 5011 Σύμμαχον·
3329 4939 3757 5009 Προεθυμήθηι·

2181 5028 2288 5081 τὸν
2314 5029 2501 5097 νόμον
2532 5045 2646 5082 σου
2674 5029 2919 5084 ἔνδοθεν
2948 5029 3064 5083 τῶν
3098 5030 3361 5101 ἐγκάτων
3382 5050 3521 5100 μου.
3552 5031 3613 5083 Ei
3648 5032 3755 5101 γάρ

2182 5121 2264 5183 τίς
2295 5123 2411 5174 ἐστι
2437 5122 2613 5175 κοιλία
2634 5122 2831 5194 ψυχῆς,
2860 5123 3134 5195 τροπικῶς
3162 5124 3331 5188 οὕτως
3357 5123 3751 5195 ὀνομαζομένη,

2184 5213 2310 5283 περὶ
2346 5208 2411 5284 ἦς
2453 5216 2509 5267 ἐν
2550 5214 2899 5283 Εύαγγελίοις
2944 5214 3217 5269 λέλεκται·
3248 5217 3504 5285 Ποταμοὶ
3539 5217 3609 5268 ἐκ
3644 5213 3755 5281 τῆς

2183 5304 2416 5370 κοιλίας
2455 5304 2642 5358 αὐτοῦ
2676 5307 3011 5374 ῥεύσουσιν
3040 5306 3258 5373 ὕδατος
3296 5305 3527 5372 ζῶντος,
3573 5307 3753 5359 ἀλλο-

2175 5394 2365 5463 μένου
2407 5398 2493 5461 εἱς
2532 5394 2683 5464 ζωὴν
2724 5399 2991 5453 αἰώνιονο
3026 5402 3083 5452 ὲν
3112 5399 3286 5470 τούτῳ
3332 5398 3409 5468 τῷ
3459 5399 3751 5470 ἀπορρήτῳ

2180 5486 2274 5540 καὶ
2300 5486 2605 5559 ἀποκρύφῳ
2637 5490 2735 5561 τῆς
2762 5490 2937 5561 ψυχῆς
2960 5491 3170 5563 ταμείῳ
3200 5492 3290 5544 τὸν
3320 5491 3480 5561 νόμον
3511 5507 3625 5552 σου,
3650 5506 3748 5557 φη·

2179 5578 2281 5640 σὶν,
2320 5578 2612 5651 ἐϐουλήθην
2650 5582 2889 5653 ποιῆσαι,
2918 5583 3009 5636 καὶ
3061 5584 3187 5654 περὶ
3237 5582 3436 5637 θυσιῶν
3488 5582 3580 5636 καὶ
3628 5580 3749 5635 ολο-
