  <div class='ocr_page' id='page_1' title='image "/cluster/home/n/w/nwhite01/storage/ocr_20150623/23/hvd.32044019207711/208.png"; bbox 0 0 4010 6542; ppageno 0'>
   <div class='ocr_carea' id='block_1_1' title="bbox 261 362 367 417">
    <p class='ocr_par' dir='ltr' id='par_1_1' title="bbox 261 362 367 417">
     <span class='ocr_line' id='line_1_1' title="bbox 261 362 367 417; baseline -0.028 0"><span class='ocrx_word' id='word_1_1' title='bbox 261 362 367 417; x_wconf 73' lang='grc'><strong><em>557</em></strong></span> 
     </span>
    </p>
   </div>
   <div class='ocr_carea' id='block_1_2' title="bbox 1395 350 2393 410">
    <p class='ocr_par' dir='ltr' id='par_1_2' title="bbox 1395 350 2393 410">
     <span class='ocr_line' id='line_1_2' title="bbox 1395 350 2393 410; baseline 0.002 -2"><span class='ocrx_word' id='word_1_2' title='bbox 1395 350 1897 408; x_wconf 71' lang='lat' dir='ltr'><strong><em>COMMENTARIA</em></strong></span> <span class='ocrx_word' id='word_1_3' title='bbox 1935 353 2001 408; x_wconf 77' lang='grc' dir='ltr'><strong><em>ΙΝ</em></strong></span> <span class='ocrx_word' id='word_1_4' title='bbox 2054 354 2393 410; x_wconf 72' lang='lat' dir='ltr'><strong><em>PSALMUS.</em></strong></span> 
     </span>
    </p>
   </div>
   <div class='ocr_carea' id='block_1_3' title="bbox 3420 359 3525 417">
    <p class='ocr_par' dir='ltr' id='par_1_3' title="bbox 3420 359 3525 417">
     <span class='ocr_line' id='line_1_3' title="bbox 3420 359 3525 417; baseline 0.019 -2"><span class='ocrx_word' id='word_1_5' title='bbox 3420 359 3525 417; x_wconf 68' lang='grc' dir='ltr'><strong><em>ωε</em></strong></span> 
     </span>
    </p>
   </div>
   <div class='ocr_carea' id='block_1_4' title="bbox 262 465 1844 546">
    <p class='ocr_par' dir='ltr' id='par_1_4' title="bbox 262 470 1836 545">
     <span class='ocr_line' id='line_1_4' title="bbox 262 470 1836 545; baseline -0.003 -17"><span class='ocrx_word' id='word_1_6' title='bbox 262 472 635 545; x_wconf 83' lang='grc' dir='ltr'>καυτωμάτων</span> <span class='ocrx_word' id='word_1_7' title='bbox 654 471 875 537; x_wconf 74' lang='grc' dir='ltr'>ἐντολὰς</span> <span class='ocrx_word' id='word_1_8' title='bbox 902 470 1284 543; x_wconf 81' lang='grc' dir='ltr'><strong><em>πνευματικῶς</em></strong></span> <span class='ocrx_word' id='word_1_9' title='bbox 1313 471 1407 523; x_wconf 74' lang='grc' dir='ltr'>καὶ</span> <span class='ocrx_word' id='word_1_10' title='bbox 1434 470 1575 524; x_wconf 81' lang='grc' dir='ltr'>κατὰ</span> <span class='ocrx_word' id='word_1_11' title='bbox 1598 471 1836 525; x_wconf 88' lang='grc' dir='ltr'>διάνοιαν</span> 
     </span>
    </p>
   </div>
   <div class='ocr_carea' id='block_1_5' title="bbox 1949 465 3533 546">
    <p class='ocr_par' dir='ltr' id='par_1_5' title="bbox 1949 465 3533 546">
     <span class='ocr_line' id='line_1_5' title="bbox 1949 465 3533 546; baseline 0.002 -19"><span class='ocrx_word' id='word_1_12' title='bbox 1949 474 2206 543; x_wconf 84' lang='lat' dir='ltr'><strong><em>percbara</em></strong></span> <span class='ocrx_word' id='word_1_13' title='bbox 2242 490 2365 529; x_wconf 90' lang='lat' dir='ltr'><strong><em>esse</em></strong></span> <span class='ocrx_word' id='word_1_14' title='bbox 2403 474 2550 537; x_wconf 88' lang='lat' dir='ltr'><strong><em>novi,</em></strong></span> <span class='ocrx_word' id='word_1_15' title='bbox 2585 488 2647 528; x_wconf 90' lang='lat' dir='ltr'><strong><em>ac</em></strong></span> <span class='ocrx_word' id='word_1_16' title='bbox 2672 465 2843 528; x_wconf 85' lang='lat' dir='ltr'><strong><em>multo</em></strong></span> <span class='ocrx_word' id='word_1_17' title='bbox 2875 475 3255 546; x_wconf 62' lang='lat' dir='ltr'><strong><em>prastantiora</em></strong></span> <span class='ocrx_word' id='word_1_18' title='bbox 3290 474 3381 541; x_wconf 83' lang='lat' dir='ltr'><strong><em>iis,</em></strong></span> <span class='ocrx_word' id='word_1_19' title='bbox 3408 491 3533 546; x_wconf 72' lang='lat' dir='ltr'><strong><em>qua</em></strong></span> 
     </span>
    </p>
   </div>
   <div class='ocr_carea' id='block_1_6' title="bbox 260 560 1850 634">
    <p class='ocr_par' dir='ltr' id='par_1_6' title="bbox 260 560 1850 634">
     <span class='ocr_line' id='line_1_6' title="bbox 260 560 1850 634; baseline -0.002 -16"><span class='ocrx_word' id='word_1_20' title='bbox 260 563 589 619; x_wconf 69' lang='grc' dir='ltr'>ἐπιτελέσαι.</span> <span class='ocrx_word' id='word_1_21' title='bbox 625 563 810 618; x_wconf 84' lang='grc' dir='ltr'>Ταῦτα</span> <span class='ocrx_word' id='word_1_22' title='bbox 852 562 961 634; x_wconf 82' lang='grc' dir='ltr'><strong><em>γὰρ</em></strong></span> <span class='ocrx_word' id='word_1_23' title='bbox 1002 562 1173 630; x_wconf 77' lang='grc' dir='ltr'>ἔγνων</span> <span class='ocrx_word' id='word_1_24' title='bbox 1229 578 1312 614; x_wconf 90' lang='grc' dir='ltr'><strong><em>σοι</em></strong></span> <span class='ocrx_word' id='word_1_25' title='bbox 1362 560 1511 630; x_wconf 98' lang='grc' dir='ltr'>φίλα,</span> <span class='ocrx_word' id='word_1_26' title='bbox 1542 563 1634 615; x_wconf 77' lang='grc' dir='ltr'>καὶ</span> <span class='ocrx_word' id='word_1_27' title='bbox 1669 562 1850 633; x_wconf 79' lang='grc' dir='ltr'>πολλῷ</span> 
     </span>
    </p>
   </div>
   <div class='ocr_carea' id='block_1_7' title="bbox 260 654 1846 731">
    <p class='ocr_par' dir='ltr' id='par_1_7' title="bbox 260 654 1846 731">
     <span class='ocr_line' id='line_1_7' title="bbox 260 654 1846 731; baseline -0.002 -20"><span class='ocrx_word' id='word_1_28' title='bbox 260 657 665 731; x_wconf 63' lang='grc' dir='ltr'>κρείπονατῶν</span> <span class='ocrx_word' id='word_1_29' title='bbox 701 654 1028 727; x_wconf 84' lang='grc' dir='ltr'><strong><em>σωματικῶς</em></strong></span> <span class='ocrx_word' id='word_1_30' title='bbox 1072 654 1343 717; x_wconf 77' lang='grc' dir='ltr'><strong><em>Ἰουδαίοις</em></strong></span> <span class='ocrx_word' id='word_1_31' title='bbox 1374 654 1846 726; x_wconf 86' lang='grc' dir='ltr'>παραδεδομένων.</span> 
     </span>
    </p>
   </div>
   <div class='ocr_carea' id='block_1_8' title="bbox 324 745 1849 819">
    <p class='ocr_par' dir='ltr' id='par_1_8' title="bbox 324 745 1849 819">
     <span class='ocr_line' id='line_1_8' title="bbox 324 745 1849 819; baseline -0.002 -18"><span class='ocrx_word' id='word_1_32' title='bbox 324 748 826 819; x_wconf 76' lang='grc' dir='ltr'>Εὐηγγελισάμην</span> <span class='ocrx_word' id='word_1_33' title='bbox 854 746 1249 813; x_wconf 83' lang='grc' dir='ltr'>δικαιοσύνην</span> <span class='ocrx_word' id='word_1_34' title='bbox 1285 745 1356 798; x_wconf 84' lang='grc' dir='ltr'>ἐν</span> <span class='ocrx_word' id='word_1_35' title='bbox 1397 746 1724 813; x_wconf 75' lang='grc' dir='ltr'>Ἐκκλησία</span> <span class='ocrx_word' id='word_1_36' title='bbox 1742 763 1849 815; x_wconf 82' lang='grc' dir='ltr'>με·</span> 
     </span>
    </p>
   </div>
   <div class='ocr_carea' id='block_1_9' title="bbox 260 838 1847 912">
    <p class='ocr_par' dir='ltr' id='par_1_9' title="bbox 260 838 1847 912">
     <span class='ocr_line' id='line_1_9' title="bbox 260 838 1847 912; baseline -0.003 -15"><span class='ocrx_word' id='word_1_37' title='bbox 260 840 437 912; x_wconf 73' lang='grc' dir='ltr'>τάλῃ,</span> <span class='ocrx_word' id='word_1_38' title='bbox 472 842 601 896; x_wconf 73' lang='grc' dir='ltr'>ἰδοὺ</span> <span class='ocrx_word' id='word_1_39' title='bbox 632 844 705 895; x_wconf 84' lang='grc' dir='ltr'>τὰ</span> <span class='ocrx_word' id='word_1_40' title='bbox 732 841 905 910; x_wconf 75' lang='grc' dir='ltr'>χείλη</span> <span class='ocrx_word' id='word_1_41' title='bbox 934 857 1051 910; x_wconf 88' lang='grc' dir='ltr'><strong><em>μου</em></strong></span> <span class='ocrx_word' id='word_1_42' title='bbox 1084 841 1156 892; x_wconf 82' lang='grc' dir='ltr'>οὐ</span> <span class='ocrx_word' id='word_1_43' title='bbox 1193 838 1279 908; x_wconf 77' lang='grc' dir='ltr'>μὴ</span> <span class='ocrx_word' id='word_1_44' title='bbox 1318 840 1605 893; x_wconf 71' lang='grc' dir='ltr'>κωλύσωο</span> <span class='ocrx_word' id='word_1_45' title='bbox 1648 840 1847 907; x_wconf 86' lang='grc' dir='ltr'>Κύριε,</span> 
     </span>
    </p>
   </div>
   <div class='ocr_carea' id='block_1_10' title="bbox 259 931 1851 1004">
    <p class='ocr_par' dir='ltr' id='par_1_10' title="bbox 259 931 1851 1004">
     <span class='ocr_line' id='line_1_10' title="bbox 259 931 1851 1004; baseline 0 -19"><span class='ocrx_word' id='word_1_46' title='bbox 259 935 342 988; x_wconf 88' lang='grc' dir='ltr'>σὺ</span> <span class='ocrx_word' id='word_1_47' title='bbox 372 933 580 1004; x_wconf 75' lang='grc' dir='ltr'>ἔγνως.</span> <span class='ocrx_word' id='word_1_48' title='bbox 620 933 740 1002; x_wconf 76' lang='grc' dir='ltr'><strong><em>Τὴν</em></strong></span> <span class='ocrx_word' id='word_1_49' title='bbox 777 932 1172 997; x_wconf 83' lang='grc' dir='ltr'>δικαιοσύνην</span> <span class='ocrx_word' id='word_1_50' title='bbox 1202 947 1321 1000; x_wconf 90' lang='grc' dir='ltr'><strong><em>μου</em></strong></span> <span class='ocrx_word' id='word_1_51' title='bbox 1366 932 1479 983; x_wconf 80' lang='grc' dir='ltr'>οὐκ</span> <span class='ocrx_word' id='word_1_52' title='bbox 1514 931 1752 999; x_wconf 75' lang='grc' dir='ltr'>ἔκρυψα</span> <span class='ocrx_word' id='word_1_53' title='bbox 1780 933 1851 985; x_wconf 85' lang='grc' dir='ltr'>ἐν</span> 
     </span>
    </p>
   </div>
   <div class='ocr_carea' id='block_1_11' title="bbox 261 1021 1849 1094">
    <p class='ocr_par' dir='ltr' id='par_1_11' title="bbox 261 1021 1849 1094">
     <span class='ocr_line' id='line_1_11' title="bbox 261 1021 1849 1094; baseline -0.001 -15"><span class='ocrx_word' id='word_1_54' title='bbox 261 1024 335 1094; x_wconf 78' lang='grc' dir='ltr'>τῇ</span> <span class='ocrx_word' id='word_1_55' title='bbox 363 1025 577 1094; x_wconf 80' lang='grc' dir='ltr'>καρδίᾳ</span> <span class='ocrx_word' id='word_1_56' title='bbox 602 1043 752 1094; x_wconf 89' lang='grc' dir='ltr'>μου·</span> <span class='ocrx_word' id='word_1_57' title='bbox 799 1023 921 1091; x_wconf 86' lang='grc' dir='ltr'>τὴν</span> <span class='ocrx_word' id='word_1_58' title='bbox 950 1021 1242 1090; x_wconf 73' lang='grc' dir='ltr'>ἀλήθειάν</span> <span class='ocrx_word' id='word_1_59' title='bbox 1264 1039 1381 1076; x_wconf 88' lang='grc' dir='ltr'><strong><em>σου</em></strong></span> <span class='ocrx_word' id='word_1_60' title='bbox 1426 1022 1521 1076; x_wconf 76' lang='grc' dir='ltr'><strong><em>καί</em></strong></span> <span class='ocrx_word' id='word_1_61' title='bbox 1560 1023 1626 1077; x_wconf 81' lang='grc' dir='ltr'>τὸ</span> <span class='ocrx_word' id='word_1_62' title='bbox 1656 1025 1849 1092; x_wconf 84' lang='grc' dir='ltr'>σωτή-</span> 
     </span>
    </p>
   </div>
   <div class='ocr_carea' id='block_1_12' title="bbox 250 1114 1849 1188">
    <p class='ocr_par' dir='ltr' id='par_1_12' title="bbox 250 1114 1849 1188">
     <span class='ocr_line' id='line_1_12' title="bbox 250 1114 1849 1188; baseline -0.001 -17"><span class='ocrx_word' id='word_1_63' title='bbox 250 1118 389 1185; x_wconf 84' lang='grc' dir='ltr'>ριόν</span> <span class='ocrx_word' id='word_1_64' title='bbox 419 1134 535 1171; x_wconf 85' lang='grc' dir='ltr'><strong><em>σου</em></strong></span> <span class='ocrx_word' id='word_1_65' title='bbox 560 1114 715 1172; x_wconf 79' lang='grc' dir='ltr'>εἶπα.</span> <span class='ocrx_word' id='word_1_66' title='bbox 737 1116 1016 1188; x_wconf 75' lang='grc' dir='ltr'><strong><em>Ἀλήθειαν</em></strong></span> <span class='ocrx_word' id='word_1_67' title='bbox 1042 1116 1099 1168; x_wconf 83' lang='grc' dir='ltr'>δὲ</span> <span class='ocrx_word' id='word_1_68' title='bbox 1143 1115 1242 1185; x_wconf 84' lang='grc' dir='ltr'>τὴν</span> <span class='ocrx_word' id='word_1_69' title='bbox 1275 1115 1849 1187; x_wconf 83' lang='grc' dir='ltr'>ἀντιδιαστελλομένην</span> 
     </span>
    </p>
   </div>
   <div class='ocr_carea' id='block_1_13' title="bbox 259 1206 1849 1282">
    <p class='ocr_par' dir='ltr' id='par_1_13' title="bbox 259 1206 1849 1282">
     <span class='ocr_line' id='line_1_13' title="bbox 259 1206 1849 1282; baseline -0.002 -18"><span class='ocrx_word' id='word_1_70' title='bbox 259 1214 324 1282; x_wconf 78' lang='grc' dir='ltr'><strong><em>τῇ</em></strong></span> <span class='ocrx_word' id='word_1_71' title='bbox 362 1212 507 1282; x_wconf 76' lang='grc' dir='ltr'>σκιᾷ.</span> <span class='ocrx_word' id='word_1_72' title='bbox 534 1212 767 1281; x_wconf 75' lang='grc' dir='ltr'>Νοήσεις</span> <span class='ocrx_word' id='word_1_73' title='bbox 791 1209 846 1262; x_wconf 83' lang='grc' dir='ltr'>δὲ</span> <span class='ocrx_word' id='word_1_74' title='bbox 871 1209 964 1261; x_wconf 81' lang='grc' dir='ltr'>καὶ</span> <span class='ocrx_word' id='word_1_75' title='bbox 989 1206 1161 1269; x_wconf 85' lang='grc' dir='ltr'>οὑτως</span> <span class='ocrx_word' id='word_1_76' title='bbox 1180 1224 1194 1236; x_wconf 86' lang='grc'><strong>·</strong></span> <span class='ocrx_word' id='word_1_77' title='bbox 1235 1206 1321 1269; x_wconf 82' lang='grc' dir='ltr'>Ὠς</span> <span class='ocrx_word' id='word_1_78' title='bbox 1343 1209 1371 1259; x_wconf 94' lang='lat'><strong><em>6</em></strong></span> <span class='ocrx_word' id='word_1_79' title='bbox 1399 1208 1668 1280; x_wconf 88' lang='grc' dir='ltr'>μακάριος</span> <span class='ocrx_word' id='word_1_80' title='bbox 1687 1208 1849 1261; x_wconf 81' lang='grc' dir='ltr'>Δαυῒδ</span> 
     </span>
    </p>
   </div>
   <div class='ocr_carea' id='block_1_14' title="bbox 260 1297 1847 1371">
    <p class='ocr_par' dir='ltr' id='par_1_14' title="bbox 260 1297 1847 1371">
     <span class='ocr_line' id='line_1_14' title="bbox 260 1297 1847 1371; baseline -0.001 -18"><span class='ocrx_word' id='word_1_81' title='bbox 260 1301 597 1371; x_wconf 85' lang='grc' dir='ltr'>ὑπισχνεῖται</span> <span class='ocrx_word' id='word_1_82' title='bbox 624 1301 681 1353; x_wconf 82' lang='grc' dir='ltr'>ὲν</span> <span class='ocrx_word' id='word_1_83' title='bbox 726 1298 1021 1370; x_wconf 73' lang='grc' dir='ltr'>Ἐκκλησία</span> <span class='ocrx_word' id='word_1_84' title='bbox 1046 1298 1257 1371; x_wconf 82' lang='grc' dir='ltr'><strong><em>μεγάλῃ</em></strong></span> <span class='ocrx_word' id='word_1_85' title='bbox 1283 1301 1349 1370; x_wconf 81' lang='grc' dir='ltr'>τῇ</span> <span class='ocrx_word' id='word_1_86' title='bbox 1378 1297 1519 1352; x_wconf 83' lang='grc' dir='ltr'>κατὰ</span> <span class='ocrx_word' id='word_1_87' title='bbox 1548 1300 1729 1353; x_wconf 74' lang='grc' dir='ltr'>πᾶσαν</span> <span class='ocrx_word' id='word_1_88' title='bbox 1747 1299 1847 1370; x_wconf 80' lang='grc' dir='ltr'>τὴν</span> 
     </span>
    </p>
   </div>
   <div class='ocr_carea' id='block_1_15' title="bbox 258 1389 1844 1465">
    <p class='ocr_par' dir='ltr' id='par_1_15' title="bbox 258 1389 1844 1465">
     <span class='ocr_line' id='line_1_15' title="bbox 258 1389 1844 1465; baseline -0.001 -20"><span class='ocrx_word' id='word_1_89' title='bbox 258 1392 582 1463; x_wconf 72' lang='grc' dir='ltr'><strong><em>οἰκουμένην</em></strong></span> <span class='ocrx_word' id='word_1_90' title='bbox 609 1392 715 1444; x_wconf 85' lang='grc' dir='ltr'>ὑπὸ</span> <span class='ocrx_word' id='word_1_91' title='bbox 735 1392 833 1462; x_wconf 82' lang='grc' dir='ltr'>τῆς</span> <span class='ocrx_word' id='word_1_92' title='bbox 858 1390 1008 1453; x_wconf 80' lang='grc' dir='ltr'>θείας</span> <span class='ocrx_word' id='word_1_93' title='bbox 1036 1390 1257 1463; x_wconf 79' lang='grc' dir='ltr'>χάριτος</span> <span class='ocrx_word' id='word_1_94' title='bbox 1291 1389 1609 1465; x_wconf 82' lang='grc' dir='ltr'>συλλεγείσῃ</span> <span class='ocrx_word' id='word_1_95' title='bbox 1629 1392 1729 1461; x_wconf 79' lang='grc' dir='ltr'>τὴν</span> <span class='ocrx_word' id='word_1_96' title='bbox 1752 1391 1844 1444; x_wconf 88' lang='grc' dir='ltr'><strong><em>τοῦ</em></strong></span> 
     </span>
    </p>
   </div>
   <div class='ocr_carea' id='block_1_16' title="bbox 257 1481 1846 1556">
    <p class='ocr_par' dir='ltr' id='par_1_16' title="bbox 257 1481 1846 1556">
     <span class='ocr_line' id='line_1_16' title="bbox 257 1481 1846 1556; baseline 0.001 -20"><span class='ocrx_word' id='word_1_97' title='bbox 257 1483 391 1537; x_wconf 81' lang='grc' dir='ltr'>Θεοῦ</span> <span class='ocrx_word' id='word_1_98' title='bbox 424 1484 765 1556; x_wconf 82' lang='grc' dir='ltr'>δικαιοσύνην</span> <span class='ocrx_word' id='word_1_99' title='bbox 793 1485 1105 1555; x_wconf 84' lang='grc' dir='ltr'><strong><em>κηρύττειν,</em></strong></span> <span class='ocrx_word' id='word_1_100' title='bbox 1130 1483 1224 1536; x_wconf 75' lang='grc' dir='ltr'>καὶ</span> <span class='ocrx_word' id='word_1_101' title='bbox 1253 1481 1349 1554; x_wconf 72' lang='grc' dir='ltr'>τὴν</span> <span class='ocrx_word' id='word_1_102' title='bbox 1379 1484 1479 1555; x_wconf 76' lang='grc' dir='ltr'>τῆς</span> <span class='ocrx_word' id='word_1_103' title='bbox 1509 1484 1846 1556; x_wconf 72' lang='grc' dir='ltr'><strong><em>προφητείας</em></strong></span> 
     </span>
    </p>
   </div>
   <div class='ocr_carea' id='block_1_17' title="bbox 256 1576 1845 1650">
    <p class='ocr_par' dir='ltr' id='par_1_17' title="bbox 256 1576 1845 1650">
     <span class='ocr_line' id='line_1_17' title="bbox 256 1576 1845 1650; baseline -0.001 -19"><span class='ocrx_word' id='word_1_104' title='bbox 256 1577 533 1650; x_wconf 76' lang='grc' dir='ltr'>ἀλήθειαν,</span> <span class='ocrx_word' id='word_1_105' title='bbox 561 1578 654 1631; x_wconf 77' lang='grc' dir='ltr'><strong><em>καὶ</em></strong></span> <span class='ocrx_word' id='word_1_106' title='bbox 676 1577 774 1649; x_wconf 83' lang='grc' dir='ltr'>τὴν</span> <span class='ocrx_word' id='word_1_107' title='bbox 794 1577 1121 1645; x_wconf 83' lang='grc' dir='ltr'>ἀξιάγαστον</span> <span class='ocrx_word' id='word_1_108' title='bbox 1155 1576 1449 1647; x_wconf 82' lang='grc' dir='ltr'>σωτηρίαν,</span> <span class='ocrx_word' id='word_1_109' title='bbox 1473 1579 1567 1629; x_wconf 56' lang='grc' dir='ltr'><strong><em>καὶ⁸</em></strong></span> <span class='ocrx_word' id='word_1_110' title='bbox 1591 1577 1683 1630; x_wconf 82' lang='grc' dir='ltr'>τὸν</span> <span class='ocrx_word' id='word_1_111' title='bbox 1706 1578 1845 1647; x_wconf 85' lang='grc' dir='ltr'>ἀμέ-</span> 
     </span>
    </p>
   </div>
   <div class='ocr_carea' id='block_1_18' title="bbox 254 1667 1847 1741">
    <p class='ocr_par' dir='ltr' id='par_1_18' title="bbox 254 1667 1847 1741">
     <span class='ocr_line' id='line_1_18' title="bbox 254 1667 1847 1741; baseline 0.001 -21"><span class='ocrx_word' id='word_1_112' title='bbox 254 1684 449 1741; x_wconf 86' lang='grc' dir='ltr'>τρητον</span> <span class='ocrx_word' id='word_1_113' title='bbox 484 1668 629 1722; x_wconf 76' lang='grc' dir='ltr'>ἔλεον</span> <span class='ocrx_word' id='word_1_114' title='bbox 675 1670 769 1722; x_wconf 72' lang='grc' dir='ltr'>καὶ</span> <span class='ocrx_word' id='word_1_115' title='bbox 816 1668 994 1721; x_wconf 84' lang='grc' dir='ltr'>αὑτῶν</span> <span class='ocrx_word' id='word_1_116' title='bbox 1035 1668 1093 1721; x_wconf 78' lang='grc' dir='ltr'>δὲ</span> <span class='ocrx_word' id='word_1_117' title='bbox 1125 1667 1248 1736; x_wconf 62' lang='grc' dir='ltr'><strong><em>ξτῶν</em></strong></span> <span class='ocrx_word' id='word_1_118' title='bbox 1295 1668 1501 1721; x_wconf 78' lang='grc' dir='ltr'>πιστῶν</span> <span class='ocrx_word' id='word_1_119' title='bbox 1533 1669 1561 1719; x_wconf 82' lang='grc' dir='ltr'><strong>ὁ</strong></span> <span class='ocrx_word' id='word_1_120' title='bbox 1591 1668 1847 1738; x_wconf 86' lang='grc' dir='ltr'>σύλλογος</span> 
     </span>
    </p>
   </div>
   <div class='ocr_carea' id='block_1_19' title="bbox 256 1759 1844 1833">
    <p class='ocr_par' dir='ltr' id='par_1_19' title="bbox 256 1759 1844 1833">
     <span class='ocr_line' id='line_1_19' title="bbox 256 1759 1844 1833; baseline 0.001 -21"><span class='ocrx_word' id='word_1_121' title='bbox 256 1760 400 1813; x_wconf 82' lang='grc' dir='ltr'>είποι</span> <span class='ocrx_word' id='word_1_122' title='bbox 448 1760 513 1814; x_wconf 84' lang='grc' dir='ltr'>ἂν</span> <span class='ocrx_word' id='word_1_123' title='bbox 557 1760 728 1814; x_wconf 89' lang='grc' dir='ltr'>ταῦτα</span> <span class='ocrx_word' id='word_1_124' title='bbox 775 1759 1204 1831; x_wconf 78' lang='grc' dir='ltr'>ὑπισχνούμενος</span> <span class='ocrx_word' id='word_1_125' title='bbox 1228 1761 1329 1832; x_wconf 82' lang='grc' dir='ltr'>τὴν</span> <span class='ocrx_word' id='word_1_126' title='bbox 1364 1761 1503 1833; x_wconf 87' lang='grc' dir='ltr'>ὑπὲρ</span> <span class='ocrx_word' id='word_1_127' title='bbox 1530 1762 1629 1831; x_wconf 76' lang='grc' dir='ltr'>τῆς</span> <span class='ocrx_word' id='word_1_128' title='bbox 1663 1778 1844 1833; x_wconf 85' lang='grc' dir='ltr'>σωτη-</span> 
     </span>
    </p>
   </div>
   <div class='ocr_carea' id='block_1_20' title="bbox 1955 564 3043 634">
    <p class='ocr_par' dir='ltr' id='par_1_20' title="bbox 1955 564 3043 634">
     <span class='ocr_line' id='line_1_20' title="bbox 1955 564 3043 634; baseline -0.001 -16"><span class='ocrx_word' id='word_1_129' title='bbox 1955 580 2223 634; x_wconf 88' lang='lat' dir='ltr'><strong><em>corporeo</em></strong></span> <span class='ocrx_word' id='word_1_130' title='bbox 2252 580 2404 621; x_wconf 90' lang='lat' dir='ltr'><strong><em>more</em></strong></span> <span class='ocrx_word' id='word_1_131' title='bbox 2434 564 2638 620; x_wconf 69' lang='lat' dir='ltr'><strong><em>Judteis</em></strong></span> <span class='ocrx_word' id='word_1_132' title='bbox 2674 564 2872 619; x_wconf 89' lang='lat' dir='ltr'><strong><em>tradita</em></strong></span> <span class='ocrx_word' id='word_1_133' title='bbox 2914 573 3043 619; x_wconf 88' lang='lat' dir='ltr'><strong><em>sunt</em></strong></span> 
     </span>
    </p>
   </div>
   <div class='ocr_carea' id='block_1_21' title="bbox 2027 742 3528 814">
    <p class='ocr_par' dir='ltr' id='par_1_21' title="bbox 2027 742 3528 814">
     <span class='ocr_line' id='line_1_21' title="bbox 2027 742 3528 814; baseline 0.001 -17"><span class='ocrx_word' id='word_1_134' title='bbox 2027 742 2194 799; x_wconf 75' lang='lat' dir='ltr'><strong><em>Vens.</em></strong></span> <span class='ocrx_word' id='word_1_135' title='bbox 2253 744 2435 799; x_wconf 75' lang='lat'><strong><em>10—16.</em></strong></span> <span class='ocrx_word' id='word_1_136' title='bbox 2497 745 2821 799; x_wconf 74' lang='lat' dir='ltr'><strong><em>Annuntiaoi</em></strong></span> <span class='ocrx_word' id='word_1_137' title='bbox 2867 746 3137 814; x_wconf 74' lang='lat' dir='ltr'><strong><em>justitiam</em></strong></span> <span class='ocrx_word' id='word_1_138' title='bbox 3202 746 3257 799; x_wconf 83' lang='lat' dir='ltr'><strong><em>in</em></strong></span> <span class='ocrx_word' id='word_1_139' title='bbox 3306 746 3528 799; x_wconf 73' lang='lat' dir='ltr'><strong><em>ecclesia</em></strong></span> 
     </span>
    </p>
   </div>
   <div class='ocr_carea' id='block_1_22' title="bbox 1952 836 3528 906">
    <p class='ocr_par' dir='ltr' id='par_1_22' title="bbox 1952 836 3528 906">
     <span class='ocr_line' id='line_1_22' title="bbox 1952 836 3528 906; baseline 0.003 -17"><span class='ocrx_word' id='word_1_140' title='bbox 1952 853 2166 906; x_wconf 86' lang='lat' dir='ltr'><strong><em>magna,</em></strong></span> <span class='ocrx_word' id='word_1_141' title='bbox 2224 853 2339 891; x_wconf 87' lang='lat' dir='ltr'><strong><em>ecce</em></strong></span> <span class='ocrx_word' id='word_1_142' title='bbox 2372 836 2517 890; x_wconf 87' lang='lat' dir='ltr'><strong><em>labia</em></strong></span> <span class='ocrx_word' id='word_1_143' title='bbox 2562 854 2676 891; x_wconf 89' lang='lat' dir='ltr'><strong><em>mea</em></strong></span> <span class='ocrx_word' id='word_1_144' title='bbox 2715 856 2817 893; x_wconf 86' lang='lat' dir='ltr'><strong><em>non</em></strong></span> <span class='ocrx_word' id='word_1_145' title='bbox 2874 837 3153 906; x_wconf 77' lang='lat' dir='ltr'><strong><em>prohibebo</em></strong></span> <span class='ocrx_word' id='word_1_146' title='bbox 3211 851 3230 889; x_wconf 84' lang='lat'><strong><em>.&#39;</em></strong></span> <span class='ocrx_word' id='word_1_147' title='bbox 3292 837 3528 906; x_wconf 81' lang='lat' dir='ltr'><strong><em>Domine,</em></strong></span> 
     </span>
    </p>
   </div>
   <div class='ocr_carea' id='block_1_23' title="bbox 1954 928 3533 986">
    <p class='ocr_par' dir='ltr' id='par_1_23' title="bbox 1954 928 3533 986">
     <span class='ocr_line' id='line_1_23' title="bbox 1954 928 3533 986; baseline 0.001 -2"><span class='ocrx_word' id='word_1_148' title='bbox 1954 941 2010 984; x_wconf 90' lang='lat' dir='ltr'><strong><em>tu</em></strong></span> <span class='ocrx_word' id='word_1_149' title='bbox 2063 930 2230 983; x_wconf 91' lang='lat' dir='ltr'><strong><em>scisti.</em></strong></span> <span class='ocrx_word' id='word_1_150' title='bbox 2262 928 2542 984; x_wconf 84' lang='lat' dir='ltr'><strong><em>Justitiam</em></strong></span> <span class='ocrx_word' id='word_1_151' title='bbox 2587 948 2754 985; x_wconf 88' lang='lat' dir='ltr'><strong><em>meam</em></strong></span> <span class='ocrx_word' id='word_1_152' title='bbox 2811 949 2913 985; x_wconf 89' lang='lat' dir='ltr'><strong><em>non</em></strong></span> <span class='ocrx_word' id='word_1_153' title='bbox 2965 930 3215 985; x_wconf 77' lang='lat' dir='ltr'><strong><em>abscondi</em></strong></span> <span class='ocrx_word' id='word_1_154' title='bbox 3266 932 3322 984; x_wconf 87' lang='lat' dir='ltr'><strong><em>in</em></strong></span> <span class='ocrx_word' id='word_1_155' title='bbox 3379 933 3533 986; x_wconf 85' lang='lat' dir='ltr'><strong><em>corde</em></strong></span> 
     </span>
    </p>
   </div>
   <div class='ocr_carea' id='block_1_24' title="bbox 1952 1023 3533 1080">
    <p class='ocr_par' dir='ltr' id='par_1_24' title="bbox 1952 1023 3533 1080">
     <span class='ocr_line' id='line_1_24' title="bbox 1952 1023 3533 1080; baseline 0.003 -4"><span class='ocrx_word' id='word_1_156' title='bbox 1952 1038 2066 1076; x_wconf 85' lang='lat' dir='ltr'><strong><em>meo</em></strong></span> <span class='ocrx_word' id='word_1_157' title='bbox 2103 1039 2122 1076; x_wconf 89' lang='lat'><strong><em>:</em></strong></span> <span class='ocrx_word' id='word_1_158' title='bbox 2153 1024 2422 1077; x_wconf 86' lang='lat' dir='ltr'><strong><em>veritatem</em></strong></span> <span class='ocrx_word' id='word_1_159' title='bbox 2473 1032 2619 1075; x_wconf 87' lang='lat' dir='ltr'><strong><em>tuam</em></strong></span> <span class='ocrx_word' id='word_1_160' title='bbox 2663 1034 2710 1076; x_wconf 88' lang='lat' dir='ltr'><strong><em>et</em></strong></span> <span class='ocrx_word' id='word_1_161' title='bbox 2759 1024 2996 1077; x_wconf 87' lang='lat' dir='ltr'><strong><em>salutare</em></strong></span> <span class='ocrx_word' id='word_1_162' title='bbox 3058 1034 3202 1076; x_wconf 88' lang='lat' dir='ltr'><strong><em>tuum</em></strong></span> <span class='ocrx_word' id='word_1_163' title='bbox 3239 1023 3372 1078; x_wconf 68' lang='lat' dir='ltr'><strong><em>dixi.</em></strong></span> <span class='ocrx_word' id='word_1_164' title='bbox 3426 1024 3533 1080; x_wconf 82' lang='lat' dir='ltr'><strong><em>Ve-</em></strong></span> 
     </span>
    </p>
   </div>
   <div class='ocr_carea' id='block_1_25' title="bbox 1949 1113 3533 1184">
    <p class='ocr_par' dir='ltr' id='par_1_25' title="bbox 1949 1113 3533 1184">
     <span class='ocr_line' id='line_1_25' title="bbox 1949 1113 3533 1184; baseline 0.003 -19"><span class='ocrx_word' id='word_1_165' title='bbox 1949 1114 2167 1166; x_wconf 89' lang='lat' dir='ltr'><strong><em>ritatem</em></strong></span> <span class='ocrx_word' id='word_1_166' title='bbox 2220 1113 2427 1167; x_wconf 73' lang='lat' dir='ltr'><strong><em>scilicet</em></strong></span> <span class='ocrx_word' id='word_1_167' title='bbox 2483 1114 2689 1167; x_wconf 75' lang='lat' dir='ltr'><strong><em>umbra:</em></strong></span> <span class='ocrx_word' id='word_1_168' title='bbox 2736 1114 3062 1184; x_wconf 83' lang='lat' dir='ltr'><strong><em>Oppositam.</em></strong></span> <span class='ocrx_word' id='word_1_169' title='bbox 3096 1113 3210 1169; x_wconf 83' lang='lat' dir='ltr'><strong><em>Hoc</em></strong></span> <span class='ocrx_word' id='word_1_170' title='bbox 3254 1116 3381 1169; x_wconf 96' lang='lat' dir='ltr'><strong><em>item</em></strong></span> <span class='ocrx_word' id='word_1_171' title='bbox 3414 1131 3533 1170; x_wconf 75' lang='lat' dir='ltr'><strong><em>mo—</em></strong></span> 
     </span>
    </p>
   </div>
   <div class='ocr_carea' id='block_1_26' title="bbox 1950 1204 3531 1278">
    <p class='ocr_par' dir='ltr' id='par_1_26' title="bbox 1950 1204 3531 1278">
     <span class='ocr_line' id='line_1_26' title="bbox 1950 1204 3531 1278; baseline 0.003 -19"><span class='ocrx_word' id='word_1_172' title='bbox 1950 1204 2020 1259; x_wconf 88' lang='lat' dir='ltr'><strong><em>do</em></strong></span> <span class='ocrx_word' id='word_1_173' title='bbox 2078 1205 2373 1276; x_wconf 81' lang='lat' dir='ltr'><strong><em>intelligas,</em></strong></span> <span class='ocrx_word' id='word_1_174' title='bbox 2428 1214 2485 1259; x_wconf 89' lang='lat' dir='ltr'><strong><em>ut</em></strong></span> <span class='ocrx_word' id='word_1_175' title='bbox 2554 1207 2746 1262; x_wconf 89' lang='lat' dir='ltr'><strong><em>beatus</em></strong></span> <span class='ocrx_word' id='word_1_176' title='bbox 2797 1207 2966 1261; x_wconf 88' lang='lat' dir='ltr'><strong><em>David</em></strong></span> <span class='ocrx_word' id='word_1_177' title='bbox 3022 1209 3307 1278; x_wconf 73' lang='lat' dir='ltr'><strong><em>pollicetur</em></strong></span> <span class='ocrx_word' id='word_1_178' title='bbox 3364 1225 3423 1263; x_wconf 84' lang='lat' dir='ltr'><strong><em>se</em></strong></span> <span class='ocrx_word' id='word_1_179' title='bbox 3474 1211 3531 1264; x_wconf 90' lang='lat' dir='ltr'><strong><em>in</em></strong></span> 
     </span>
    </p>
   </div>
   <div class='ocr_carea' id='block_1_27' title="bbox 1948 1296 3529 1373">
    <p class='ocr_par' dir='ltr' id='par_1_27' title="bbox 1948 1296 3529 1373">
     <span class='ocr_line' id='line_1_27' title="bbox 1948 1296 3529 1373; baseline 0.003 -23"><span class='ocrx_word' id='word_1_180' title='bbox 1948 1296 2193 1353; x_wconf 84' lang='lat' dir='ltr'><strong><em>Ecclesia</em></strong></span> <span class='ocrx_word' id='word_1_181' title='bbox 2225 1314 2443 1369; x_wconf 84' lang='lat' dir='ltr'><strong><em>magna,</em></strong></span> <span class='ocrx_word' id='word_1_182' title='bbox 2474 1316 2572 1369; x_wconf 89' lang='lat' dir='ltr'><strong><em>per</em></strong></span> <span class='ocrx_word' id='word_1_183' title='bbox 2597 1307 2767 1353; x_wconf 89' lang='lat' dir='ltr'><strong><em>totum</em></strong></span> <span class='ocrx_word' id='word_1_184' title='bbox 2825 1302 3012 1355; x_wconf 90' lang='lat' dir='ltr'><strong><em>orbem</em></strong></span> <span class='ocrx_word' id='word_1_185' title='bbox 3054 1317 3084 1354; x_wconf 92' lang='lat' dir='ltr'><strong><em>a</em></strong></span> <span class='ocrx_word' id='word_1_186' title='bbox 3123 1302 3305 1356; x_wconf 82' lang='lat' dir='ltr'><strong><em>divina</em></strong></span> <span class='ocrx_word' id='word_1_187' title='bbox 3356 1303 3529 1373; x_wconf 81' lang='lat' dir='ltr'><strong><em>gratia</em></strong></span> 
     </span>
    </p>
   </div>
   <div class='ocr_carea' id='block_1_28' title="bbox 1949 1390 3531 1463">
    <p class='ocr_par' dir='ltr' id='par_1_28' title="bbox 1949 1390 3531 1463">
     <span class='ocr_line' id='line_1_28' title="bbox 1949 1390 3531 1463; baseline 0.004 -20"><span class='ocrx_word' id='word_1_188' title='bbox 1949 1400 2279 1461; x_wconf 80' lang='lat' dir='ltr'><strong><em>congregata</em></strong></span> <span class='ocrx_word' id='word_1_189' title='bbox 2319 1431 2333 1452; x_wconf 94' lang='lat'><strong><em>,</em></strong></span> <span class='ocrx_word' id='word_1_190' title='bbox 2398 1390 2492 1445; x_wconf 87' lang='lat' dir='ltr'><strong><em>Dei</em></strong></span> <span class='ocrx_word' id='word_1_191' title='bbox 2536 1392 2804 1461; x_wconf 72' lang='lat' dir='ltr'><strong><em>justitiam</em></strong></span> <span class='ocrx_word' id='word_1_192' title='bbox 2861 1403 2913 1448; x_wconf 92' lang='lat' dir='ltr'><strong><em>et</em></strong></span> <span class='ocrx_word' id='word_1_193' title='bbox 2972 1394 3269 1463; x_wconf 77' lang='lat' dir='ltr'><strong><em>prophetia:</em></strong></span> <span class='ocrx_word' id='word_1_194' title='bbox 3329 1396 3531 1449; x_wconf 88' lang='lat' dir='ltr'><strong><em>verita-</em></strong></span> 
     </span>
    </p>
   </div>
   <div class='ocr_carea' id='block_1_29' title="bbox 1949 1483 3530 1552">
    <p class='ocr_par' dir='ltr' id='par_1_29' title="bbox 1949 1483 3530 1552">
     <span class='ocr_line' id='line_1_29' title="bbox 1949 1483 3530 1552; baseline 0.005 -17"><span class='ocrx_word' id='word_1_195' title='bbox 1949 1490 2056 1535; x_wconf 86' lang='lat' dir='ltr'><strong><em>tem</em></strong></span> <span class='ocrx_word' id='word_1_196' title='bbox 2091 1483 2533 1552; x_wconf 67' lang='lat' dir='ltr'><strong><em>praedicaturum,</em></strong></span> <span class='ocrx_word' id='word_1_197' title='bbox 2570 1500 2669 1539; x_wconf 89' lang='lat' dir='ltr'><strong><em>nec</em></strong></span> <span class='ocrx_word' id='word_1_198' title='bbox 2724 1500 2831 1539; x_wconf 91' lang='lat' dir='ltr'><strong><em>non</em></strong></span> <span class='ocrx_word' id='word_1_199' title='bbox 2875 1486 3105 1541; x_wconf 87' lang='lat' dir='ltr'><strong><em>salutem</em></strong></span> <span class='ocrx_word' id='word_1_200' title='bbox 3166 1486 3530 1543; x_wconf 83' lang='lat' dir='ltr'><strong><em>admiratione</em></strong></span> 
     </span>
    </p>
   </div>
   <div class='ocr_carea' id='block_1_30' title="bbox 1948 1575 3527 1645">
    <p class='ocr_par' dir='ltr' id='par_1_30' title="bbox 1948 1575 3527 1645">
     <span class='ocr_line' id='line_1_30' title="bbox 1948 1575 3527 1645; baseline 0.003 -16"><span class='ocrx_word' id='word_1_201' title='bbox 1948 1575 2170 1645; x_wconf 79' lang='lat' dir='ltr'><strong><em>dignam</em></strong></span> <span class='ocrx_word' id='word_1_202' title='bbox 2209 1585 2264 1630; x_wconf 92' lang='lat' dir='ltr'><strong><em>et</em></strong></span> <span class='ocrx_word' id='word_1_203' title='bbox 2296 1576 2617 1631; x_wconf 85' lang='lat' dir='ltr'><strong><em>immensam</em></strong></span> <span class='ocrx_word' id='word_1_204' title='bbox 2652 1577 3083 1632; x_wconf 87' lang='lat' dir='ltr'><strong><em>misericordiam</em></strong></span> <span class='ocrx_word' id='word_1_205' title='bbox 3114 1597 3128 1645; x_wconf 90' lang='lat'><strong>;</strong></span> <span class='ocrx_word' id='word_1_206' title='bbox 3176 1579 3430 1634; x_wconf 83' lang='lat' dir='ltr'><strong><em>similiter</em></strong></span> <span class='ocrx_word' id='word_1_207' title='bbox 3462 1579 3527 1633; x_wconf 54' lang='lat' dir='ltr'><strong><em>ﬂ-o</em></strong></span> 
     </span>
    </p>
   </div>
   <div class='ocr_carea' id='block_1_31' title="bbox 1948 1664 3531 1740">
    <p class='ocr_par' dir='ltr' id='par_1_31' title="bbox 1948 1664 3531 1740">
     <span class='ocr_line' id='line_1_31' title="bbox 1948 1664 3531 1740; baseline 0.002 -20"><span class='ocrx_word' id='word_1_208' title='bbox 1948 1664 2151 1720; x_wconf 88' lang='lat' dir='ltr'><strong><em>delium</em></strong></span> <span class='ocrx_word' id='word_1_209' title='bbox 2188 1674 2386 1728; x_wconf 65' lang='lat' dir='ltr'><strong><em>coetus,</em></strong></span> <span class='ocrx_word' id='word_1_210' title='bbox 2432 1683 2530 1720; x_wconf 89' lang='lat' dir='ltr'><strong><em>ceu</em></strong></span> <span class='ocrx_word' id='word_1_211' title='bbox 2564 1668 2630 1721; x_wconf 89' lang='lat' dir='ltr'><strong><em>ad</em></strong></span> <span class='ocrx_word' id='word_1_212' title='bbox 2666 1667 2861 1721; x_wconf 71' lang='lat' dir='ltr'><strong><em>oblalte</em></strong></span> <span class='ocrx_word' id='word_1_213' title='bbox 2891 1669 3086 1723; x_wconf 90' lang='lat' dir='ltr'><strong><em>salutis</em></strong></span> <span class='ocrx_word' id='word_1_214' title='bbox 3127 1672 3531 1740; x_wconf 84' lang='lat' dir='ltr'><strong><em>compensatio-</em></strong></span> 
     </span>
    </p>
   </div>
   <div class='ocr_carea' id='block_1_32' title="bbox 1951 1756 3528 1831">
    <p class='ocr_par' dir='ltr' id='par_1_32' title="bbox 1951 1756 3528 1831">
     <span class='ocr_line' id='line_1_32' title="bbox 1951 1756 3528 1831; baseline 0.003 -22"><span class='ocrx_word' id='word_1_215' title='bbox 1951 1772 2077 1809; x_wconf 87' lang='lat' dir='ltr'><strong><em>nem</em></strong></span> <span class='ocrx_word' id='word_1_216' title='bbox 2116 1758 2391 1827; x_wconf 86' lang='lat' dir='ltr'><strong><em>pollicitus</em></strong></span> <span class='ocrx_word' id='word_1_217' title='bbox 2414 1756 2635 1818; x_wconf 78' lang='lat' dir='ltr'><strong><em>dixerit,</em></strong></span> <span class='ocrx_word' id='word_1_218' title='bbox 2681 1774 2740 1813; x_wconf 90' lang='lat' dir='ltr'><strong><em>se</em></strong></span> <span class='ocrx_word' id='word_1_219' title='bbox 2771 1760 3012 1814; x_wconf 85' lang='lat' dir='ltr'><strong><em>vicissim</em></strong></span> <span class='ocrx_word' id='word_1_220' title='bbox 3046 1761 3099 1815; x_wconf 90' lang='lat' dir='ltr'><strong><em>id</em></strong></span> <span class='ocrx_word' id='word_1_221' title='bbox 3132 1762 3528 1831; x_wconf 69' lang='lat' dir='ltr'><strong><em>praestiturum,</em></strong></span> 
     </span>
    </p>
   </div>
   <div class='ocr_carea' id='block_1_33' title="bbox 258 1850 1844 1927">
    <p class='ocr_par' dir='ltr' id='par_1_33' title="bbox 258 1852 1844 1925">
     <span class='ocr_line' id='line_1_33' title="bbox 258 1852 1844 1925; baseline 0 -19"><span class='ocrx_word' id='word_1_222' title='bbox 258 1853 377 1925; x_wconf 77' lang='grc' dir='ltr'>ρίας</span> <span class='ocrx_word' id='word_1_223' title='bbox 402 1853 667 1906; x_wconf 83' lang='grc' dir='ltr'>ἀντίδοσιν</span> <span class='ocrx_word' id='word_1_224' title='bbox 696 1852 908 1917; x_wconf 82' lang='grc' dir='ltr'>δώσειν,</span> <span class='ocrx_word' id='word_1_225' title='bbox 939 1852 1016 1923; x_wconf 80' lang='grc' dir='ltr'>τῷ</span> <span class='ocrx_word' id='word_1_226' title='bbox 1046 1852 1357 1923; x_wconf 78' lang='grc' dir='ltr'>συντρέχειν</span> <span class='ocrx_word' id='word_1_227' title='bbox 1390 1854 1469 1915; x_wconf 87' lang='grc' dir='ltr'><strong><em>είς</em></strong></span> <span class='ocrx_word' id='word_1_228' title='bbox 1519 1852 1844 1923; x_wconf 81' lang='grc' dir='ltr'>Ἐκκλησίαν</span> 
     </span>
    </p>
   </div>
   <div class='ocr_carea' id='block_1_34' title="bbox 1949 1850 3529 1927">
    <p class='ocr_par' dir='ltr' id='par_1_34' title="bbox 1949 1850 3529 1927">
     <span class='ocr_line' id='line_1_34' title="bbox 1949 1850 3529 1927; baseline 0.004 -24"><span class='ocrx_word' id='word_1_229' title='bbox 1949 1856 2011 1903; x_wconf 85' lang='grc' dir='ltr'><strong><em>ιιι</em></strong></span> <span class='ocrx_word' id='word_1_230' title='bbox 2042 1850 2335 1904; x_wconf 88' lang='lat' dir='ltr'><strong><em>conveniat</em></strong></span> <span class='ocrx_word' id='word_1_231' title='bbox 2366 1851 2419 1904; x_wconf 91' lang='lat' dir='ltr'><strong><em>in</em></strong></span> <span class='ocrx_word' id='word_1_232' title='bbox 2448 1852 2760 1915; x_wconf 88' lang='lat' dir='ltr'><strong><em>ecclesiam,</em></strong></span> <span class='ocrx_word' id='word_1_233' title='bbox 2791 1853 2934 1907; x_wconf 83' lang='lat' dir='ltr'><strong><em>labia</em></strong></span> <span class='ocrx_word' id='word_1_234' title='bbox 2961 1855 3172 1924; x_wconf 87' lang='lat' dir='ltr'><strong><em>aperiat</em></strong></span> <span class='ocrx_word' id='word_1_235' title='bbox 3201 1855 3267 1910; x_wconf 92' lang='lat' dir='ltr'><strong><em>ad</em></strong></span> <span class='ocrx_word' id='word_1_236' title='bbox 3296 1856 3529 1927; x_wconf 81' lang='lat' dir='ltr'><strong><em>hymnos</em></strong></span> 
     </span>
    </p>
   </div>
   <div class='ocr_carea' id='block_1_35' title="bbox 257 1943 1847 2016">
    <p class='ocr_par' dir='ltr' id='par_1_35' title="bbox 257 1943 1847 2016">
     <span class='ocr_line' id='line_1_35' title="bbox 257 1943 1847 2016; baseline -0.002 -17"><span class='ocrx_word' id='word_1_237' title='bbox 257 1946 350 1999; x_wconf 68' lang='grc' dir='ltr'><strong><em>καὶ</em></strong></span> <span class='ocrx_word' id='word_1_238' title='bbox 391 1946 459 2000; x_wconf 83' lang='grc' dir='ltr'><strong><em>τά</em></strong></span> <span class='ocrx_word' id='word_1_239' title='bbox 505 1946 656 2016; x_wconf 76' lang='grc' dir='ltr'>χείλη</span> <span class='ocrx_word' id='word_1_240' title='bbox 690 1948 858 1998; x_wconf 80' lang='grc' dir='ltr'>κινεῖν</span> <span class='ocrx_word' id='word_1_241' title='bbox 892 1947 972 2008; x_wconf 90' lang='grc' dir='ltr'><strong><em>είς</em></strong></span> <span class='ocrx_word' id='word_1_242' title='bbox 1000 1944 1301 2015; x_wconf 82' lang='grc' dir='ltr'>ὑμνῳδίαν,</span> <span class='ocrx_word' id='word_1_243' title='bbox 1336 1943 1430 1996; x_wconf 71' lang='grc' dir='ltr'>καὶ</span> <span class='ocrx_word' id='word_1_244' title='bbox 1464 1943 1556 1997; x_wconf 90' lang='grc' dir='ltr'><strong><em>τοῦ</em></strong></span> <span class='ocrx_word' id='word_1_245' title='bbox 1587 1943 1722 1997; x_wconf 88' lang='grc' dir='ltr'>Θεοῦ</span> <span class='ocrx_word' id='word_1_246' title='bbox 1749 1944 1847 2016; x_wconf 83' lang='grc' dir='ltr'>τὴν</span> 
     </span>
    </p>
   </div>
   <div class='ocr_carea' id='block_1_36' title="bbox 255 2036 1849 2110">
    <p class='ocr_par' dir='ltr' id='par_1_36' title="bbox 255 2036 1849 2110">
     <span class='ocr_line' id='line_1_36' title="bbox 255 2036 1849 2110; baseline -0.001 -19"><span class='ocrx_word' id='word_1_247' title='bbox 255 2038 471 2094; x_wconf 87' lang='grc' dir='ltr'>δικαίαν</span> <span class='ocrx_word' id='word_1_248' title='bbox 503 2039 681 2110; x_wconf 81' lang='grc' dir='ltr'>κρίσιν</span> <span class='ocrx_word' id='word_1_249' title='bbox 709 2038 1126 2108; x_wconf 82' lang='grc' dir='ltr'>ἀνακηρύττειν,</span> <span class='ocrx_word' id='word_1_250' title='bbox 1149 2039 1244 2091; x_wconf 70' lang='grc' dir='ltr'>καὶ</span> <span class='ocrx_word' id='word_1_251' title='bbox 1273 2037 1373 2108; x_wconf 81' lang='grc' dir='ltr'>τὴν</span> <span class='ocrx_word' id='word_1_252' title='bbox 1399 2038 1637 2109; x_wconf 77' lang='grc' dir='ltr'>ἄρρητον</span> <span class='ocrx_word' id='word_1_253' title='bbox 1660 2036 1849 2104; x_wconf 78' lang='grc' dir='ltr'>διεξιέ-</span> 
     </span>
    </p>
   </div>
   <div class='ocr_carea' id='block_1_37' title="bbox 256 2127 1848 2201">
    <p class='ocr_par' dir='ltr' id='par_1_37' title="bbox 256 2127 1848 2201">
     <span class='ocr_line' id='line_1_37' title="bbox 256 2127 1848 2201; baseline -0.001 -20"><span class='ocrx_word' id='word_1_254' title='bbox 256 2147 343 2184; x_wconf 89' lang='grc' dir='ltr'><strong><em>ναι</em></strong></span> <span class='ocrx_word' id='word_1_255' title='bbox 388 2130 736 2201; x_wconf 82' lang='grc' dir='ltr'>κηδεμονίαν,</span> <span class='ocrx_word' id='word_1_256' title='bbox 788 2131 883 2184; x_wconf 58' lang='grc' dir='ltr'><strong><em>καὶ⁸</em></strong></span> <span class='ocrx_word' id='word_1_257' title='bbox 930 2130 1039 2183; x_wconf 83' lang='grc' dir='ltr'><strong><em>τῶν</em></strong></span> <span class='ocrx_word' id='word_1_258' title='bbox 1089 2128 1448 2201; x_wconf 77' lang='grc' dir='ltr'>προφητικῶν</span> <span class='ocrx_word' id='word_1_259' title='bbox 1500 2127 1848 2199; x_wconf 81' lang='grc' dir='ltr'>ὑποσχέσεων</span> 
     </span>
    </p>
   </div>
   <div class='ocr_carea' id='block_1_38' title="bbox 259 2220 1850 2295">
    <p class='ocr_par' dir='ltr' id='par_1_38' title="bbox 259 2220 1850 2295">
     <span class='ocr_line' id='line_1_38' title="bbox 259 2220 1850 2295; baseline -0.001 -20"><span class='ocrx_word' id='word_1_260' title='bbox 259 2222 639 2277; x_wconf 80' lang='grc' dir='ltr'>ὑποδεικνύναι</span> <span class='ocrx_word' id='word_1_261' title='bbox 678 2223 739 2276; x_wconf 80' lang='grc' dir='ltr'><strong><em>τὺ</em></strong></span> <span class='ocrx_word' id='word_1_262' title='bbox 782 2222 996 2295; x_wconf 84' lang='grc' dir='ltr'>ἀληθές.</span> <span class='ocrx_word' id='word_1_263' title='bbox 1034 2222 1117 2276; x_wconf 88' lang='grc' dir='ltr'><strong><em>Σὺ</em></strong></span> <span class='ocrx_word' id='word_1_264' title='bbox 1144 2222 1234 2284; x_wconf 88' lang='grc' dir='ltr'>δὲ,</span> <span class='ocrx_word' id='word_1_265' title='bbox 1260 2222 1459 2288; x_wconf 86' lang='grc' dir='ltr'>Κύριε,</span> <span class='ocrx_word' id='word_1_266' title='bbox 1488 2220 1575 2290; x_wconf 84' lang='grc' dir='ltr'>μὴ</span> <span class='ocrx_word' id='word_1_267' title='bbox 1620 2222 1850 2290; x_wconf 82' lang='grc' dir='ltr'>μακρύ-</span> 
     </span>
    </p>
   </div>
   <div class='ocr_carea' id='block_1_39' title="bbox 256 2313 1847 2383">
    <p class='ocr_par' dir='ltr' id='par_1_39' title="bbox 256 2313 1847 2383">
     <span class='ocr_line' id='line_1_39' title="bbox 256 2313 1847 2383; baseline -0.001 -14"><span class='ocrx_word' id='word_1_268' title='bbox 256 2333 373 2383; x_wconf 80' lang='grc' dir='ltr'>νῃς</span> <span class='ocrx_word' id='word_1_269' title='bbox 402 2316 543 2383; x_wconf 88' lang='grc' dir='ltr'>τοὺς</span> <span class='ocrx_word' id='word_1_270' title='bbox 561 2316 902 2383; x_wconf 82' lang='grc' dir='ltr'>οίκτιρμούς</span> <span class='ocrx_word' id='word_1_271' title='bbox 933 2330 1050 2368; x_wconf 90' lang='grc' dir='ltr'><strong><em>σου</em></strong></span> <span class='ocrx_word' id='word_1_272' title='bbox 1080 2315 1181 2367; x_wconf 74' lang='grc' dir='ltr'><strong><em>ἀπ’</em></strong></span> <span class='ocrx_word' id='word_1_273' title='bbox 1206 2314 1353 2383; x_wconf 81' lang='grc' dir='ltr'>ἐμοῦ</span> <span class='ocrx_word' id='word_1_274' title='bbox 1380 2331 1394 2344; x_wconf 77' lang='grc'><em>’</em></span> <span class='ocrx_word' id='word_1_275' title='bbox 1432 2313 1499 2367; x_wconf 83' lang='grc' dir='ltr'>τὸ</span> <span class='ocrx_word' id='word_1_276' title='bbox 1528 2314 1701 2379; x_wconf 76' lang='grc' dir='ltr'>ἔλεός</span> <span class='ocrx_word' id='word_1_277' title='bbox 1730 2328 1847 2367; x_wconf 90' lang='grc' dir='ltr'><strong><em>σου</em></strong></span> 
     </span>
    </p>
   </div>
   <div class='ocr_carea' id='block_1_40' title="bbox 256 2404 1842 2475">
    <p class='ocr_par' dir='ltr' id='par_1_40' title="bbox 256 2404 1842 2475">
     <span class='ocr_line' id='line_1_40' title="bbox 256 2404 1842 2475; baseline -0.001 -14"><span class='ocrx_word' id='word_1_278' title='bbox 256 2408 353 2461; x_wconf 79' lang='grc' dir='ltr'>καὶ</span> <span class='ocrx_word' id='word_1_279' title='bbox 384 2409 422 2475; x_wconf 76' lang='grc' dir='ltr'>ἡ</span> <span class='ocrx_word' id='word_1_280' title='bbox 450 2406 702 2473; x_wconf 72' lang='grc' dir='ltr'>ἀλήθειά</span> <span class='ocrx_word' id='word_1_281' title='bbox 729 2423 847 2460; x_wconf 88' lang='grc' dir='ltr'><strong><em>σου</em></strong></span> <span class='ocrx_word' id='word_1_282' title='bbox 886 2405 983 2460; x_wconf 84' lang='grc' dir='ltr'>διὰ</span> <span class='ocrx_word' id='word_1_283' title='bbox 1015 2405 1243 2471; x_wconf 75' lang='grc' dir='ltr'>παντὸς</span> <span class='ocrx_word' id='word_1_284' title='bbox 1275 2404 1680 2465; x_wconf 75' lang='grc' dir='ltr'>ἀντελάϐοντό</span> <span class='ocrx_word' id='word_1_285' title='bbox 1708 2424 1842 2466; x_wconf 80' lang='grc' dir='ltr'>μου.</span> 
     </span>
    </p>
   </div>
   <div class='ocr_carea' id='block_1_41' title="bbox 254 2491 1842 2566">
    <p class='ocr_par' dir='ltr' id='par_1_41' title="bbox 254 2491 1842 2566">
     <span class='ocr_line' id='line_1_41' title="bbox 254 2491 1842 2566; baseline -0.003 -17"><span class='ocrx_word' id='word_1_286' title='bbox 254 2497 363 2549; x_wconf 74' lang='grc' dir='ltr'><strong><em>Καὶ</em></strong></span> <span class='ocrx_word' id='word_1_287' title='bbox 405 2494 642 2566; x_wconf 82' lang='grc' dir='ltr'>τυχοῦσα</span> <span class='ocrx_word' id='word_1_288' title='bbox 692 2496 790 2565; x_wconf 76' lang='grc' dir='ltr'><strong><em>τῆς</em></strong></span> <span class='ocrx_word' id='word_1_289' title='bbox 838 2494 1113 2565; x_wconf 84' lang='grc' dir='ltr'>σωτηρίας</span> <span class='ocrx_word' id='word_1_290' title='bbox 1141 2495 1173 2564; x_wconf 81' lang='grc' dir='ltr'><strong>ή</strong></span> <span class='ocrx_word' id='word_1_291' title='bbox 1202 2491 1297 2545; x_wconf 88' lang='grc' dir='ltr'><strong><em>τοῦ</em></strong></span> <span class='ocrx_word' id='word_1_292' title='bbox 1329 2494 1468 2545; x_wconf 83' lang='grc' dir='ltr'>Θεοῦ</span> <span class='ocrx_word' id='word_1_293' title='bbox 1521 2492 1842 2563; x_wconf 84' lang='grc' dir='ltr'>Ἐκκλησία,</span> 
     </span>
    </p>
   </div>
   <div class='ocr_carea' id='block_1_42' title="bbox 252 2584 1847 2658">
    <p class='ocr_par' dir='ltr' id='par_1_42' title="bbox 252 2584 1847 2658">
     <span class='ocr_line' id='line_1_42' title="bbox 252 2584 1847 2658; baseline 0 -19"><span class='ocrx_word' id='word_1_294' title='bbox 252 2587 424 2641; x_wconf 87' lang='grc' dir='ltr'>δεῖται</span> <span class='ocrx_word' id='word_1_295' title='bbox 456 2587 615 2642; x_wconf 87' lang='grc' dir='ltr'>πάλιν</span> <span class='ocrx_word' id='word_1_296' title='bbox 641 2588 741 2658; x_wconf 81' lang='grc' dir='ltr'>τῆς</span> <span class='ocrx_word' id='word_1_297' title='bbox 768 2586 940 2657; x_wconf 81' lang='grc' dir='ltr'>αὑτῆς</span> <span class='ocrx_word' id='word_1_298' title='bbox 973 2584 1317 2657; x_wconf 85' lang='grc' dir='ltr'>προμηθείας</span> <span class='ocrx_word' id='word_1_299' title='bbox 1337 2585 1425 2638; x_wconf 81' lang='grc' dir='ltr'><strong><em>διὰ</em></strong></span> <span class='ocrx_word' id='word_1_300' title='bbox 1456 2584 1556 2648; x_wconf 85' lang='grc' dir='ltr'><strong><em>τὰς</em></strong></span> <span class='ocrx_word' id='word_1_301' title='bbox 1580 2589 1847 2639; x_wconf 88' lang='grc' dir='ltr'>παντοδα-</span> 
     </span>
    </p>
   </div>
   <div class='ocr_carea' id='block_1_43' title="bbox 254 2671 1845 2751">
    <p class='ocr_par' dir='ltr' id='par_1_43' title="bbox 254 2671 1845 2751">
     <span class='ocr_line' id='line_1_43' title="bbox 254 2671 1845 2751; baseline -0.003 -17"><span class='ocrx_word' id='word_1_302' title='bbox 254 2680 364 2743; x_wconf 85' lang='grc' dir='ltr'><strong><em>πάς</em></strong></span> <span class='ocrx_word' id='word_1_303' title='bbox 390 2679 499 2732; x_wconf 85' lang='grc' dir='ltr'><strong><em>τῶν</em></strong></span> <span class='ocrx_word' id='word_1_304' title='bbox 526 2676 830 2751; x_wconf 86' lang='grc' dir='ltr'>ἀνθρώπων</span> <span class='ocrx_word' id='word_1_305' title='bbox 867 2677 962 2731; x_wconf 76' lang='grc' dir='ltr'>καὶ</span> <span class='ocrx_word' id='word_1_306' title='bbox 1010 2676 1283 2747; x_wconf 82' lang='grc' dir='ltr'>δαιμόνων</span> <span class='ocrx_word' id='word_1_307' title='bbox 1317 2676 1735 2741; x_wconf 79' lang='grc' dir='ltr'>ἐπαναστάσεις,</span> <span class='ocrx_word' id='word_1_308' title='bbox 1768 2671 1845 2729; x_wconf 83' lang='grc' dir='ltr'>ὧν</span> 
     </span>
    </p>
   </div>
   <div class='ocr_carea' id='block_1_44' title="bbox 252 2768 1846 2841">
    <p class='ocr_par' dir='ltr' id='par_1_44' title="bbox 252 2768 1846 2841">
     <span class='ocr_line' id='line_1_44' title="bbox 252 2768 1846 2841; baseline -0.001 -16"><span class='ocrx_word' id='word_1_309' title='bbox 252 2774 315 2825; x_wconf 75' lang='grc' dir='ltr'>ὲν</span> <span class='ocrx_word' id='word_1_310' title='bbox 351 2774 462 2834; x_wconf 89' lang='grc' dir='ltr'>τοῖς</span> <span class='ocrx_word' id='word_1_311' title='bbox 507 2770 633 2841; x_wconf 78' lang='grc' dir='ltr'><strong><em>ἑξῆς</em></strong></span> <span class='ocrx_word' id='word_1_312' title='bbox 661 2769 761 2841; x_wconf 79' lang='grc' dir='ltr'>τὴν</span> <span class='ocrx_word' id='word_1_313' title='bbox 801 2771 1022 2841; x_wconf 80' lang='grc' dir='ltr'>μνήμην</span> <span class='ocrx_word' id='word_1_314' title='bbox 1047 2770 1491 2841; x_wconf 84' lang='grc' dir='ltr'>πεποίηται.Ὄτι</span> <span class='ocrx_word' id='word_1_315' title='bbox 1520 2768 1846 2839; x_wconf 79' lang='grc' dir='ltr'>περιέσχον</span> 
     </span>
    </p>
   </div>
   <div class='ocr_carea' id='block_1_45' title="bbox 246 2858 1845 2933">
    <p class='ocr_par' dir='ltr' id='par_1_45' title="bbox 246 2858 1845 2933">
     <span class='ocr_line' id='line_1_45' title="bbox 246 2858 1845 2933; baseline -0.001 -16"><span class='ocrx_word' id='word_1_316' title='bbox 246 2881 326 2933; x_wconf 80' lang='grc' dir='ltr'><strong><em>με</em></strong></span> <span class='ocrx_word' id='word_1_317' title='bbox 355 2864 513 2918; x_wconf 83' lang='grc' dir='ltr'>κακὰ</span> <span class='ocrx_word' id='word_1_318' title='bbox 545 2858 632 2917; x_wconf 86' lang='grc' dir='ltr'>ὧν</span> <span class='ocrx_word' id='word_1_319' title='bbox 660 2865 771 2917; x_wconf 80' lang='grc' dir='ltr'>οὐκ</span> <span class='ocrx_word' id='word_1_320' title='bbox 799 2862 972 2916; x_wconf 81' lang='grc' dir='ltr'>ἐστιν</span> <span class='ocrx_word' id='word_1_321' title='bbox 998 2863 1244 2931; x_wconf 86' lang='grc' dir='ltr'>ἀριθμός</span> <span class='ocrx_word' id='word_1_322' title='bbox 1270 2879 1282 2892; x_wconf 91' lang='grc'><strong>·</strong></span> <span class='ocrx_word' id='word_1_323' title='bbox 1317 2861 1650 2915; x_wconf 72' lang='grc' dir='ltr'>κατέλαϐον</span> <span class='ocrx_word' id='word_1_324' title='bbox 1678 2879 1757 2931; x_wconf 88' lang='grc' dir='ltr'><strong><em>με</em></strong></span> <span class='ocrx_word' id='word_1_325' title='bbox 1786 2865 1845 2916; x_wconf 86' lang='grc' dir='ltr'>αἱ</span> 
     </span>
    </p>
   </div>
   <div class='ocr_carea' id='block_1_46' title="bbox 251 2951 1843 3025">
    <p class='ocr_par' dir='ltr' id='par_1_46' title="bbox 251 2951 1843 3025">
     <span class='ocr_line' id='line_1_46' title="bbox 251 2951 1843 3025; baseline -0.002 -16"><span class='ocrx_word' id='word_1_326' title='bbox 251 2954 495 3025; x_wconf 76' lang='grc' dir='ltr'>ἀνομίαι</span> <span class='ocrx_word' id='word_1_327' title='bbox 536 2972 695 3023; x_wconf 84' lang='grc' dir='ltr'>μου,</span> <span class='ocrx_word' id='word_1_328' title='bbox 746 2952 846 3006; x_wconf 78' lang='grc' dir='ltr'><strong><em>καί</em></strong></span> <span class='ocrx_word' id='word_1_329' title='bbox 888 2955 1000 3007; x_wconf 80' lang='grc' dir='ltr'>οὐκ</span> <span class='ocrx_word' id='word_1_330' title='bbox 1047 2952 1360 3020; x_wconf 78' lang='grc' dir='ltr'><strong><em>ἠδυνήθην</em></strong></span> <span class='ocrx_word' id='word_1_331' title='bbox 1410 2951 1516 3006; x_wconf 85' lang='grc' dir='ltr'><strong><em>τοῦ</em></strong></span> <span class='ocrx_word' id='word_1_332' title='bbox 1564 2951 1843 3017; x_wconf 75' lang='grc' dir='ltr'>βλέπειν.</span> 
     </span>
    </p>
   </div>
   <div class='ocr_carea' id='block_1_47' title="bbox 265 3043 1846 3115">
    <p class='ocr_par' dir='ltr' id='par_1_47' title="bbox 265 3043 1846 3115">
     <span class='ocr_line' id='line_1_47' title="bbox 265 3043 1846 3115; baseline 0.003 -16"><span class='ocrx_word' id='word_1_333' title='bbox 265 3047 768 3115; x_wconf 82' lang='grc' dir='ltr'>Ἐπληθύνθησαν</span> <span class='ocrx_word' id='word_1_334' title='bbox 813 3045 969 3112; x_wconf 83' lang='grc' dir='ltr'>ὑπὲρ</span> <span class='ocrx_word' id='word_1_335' title='bbox 1016 3044 1124 3110; x_wconf 88' lang='grc' dir='ltr'>τὰς</span> <span class='ocrx_word' id='word_1_336' title='bbox 1174 3046 1383 3114; x_wconf 80' lang='grc' dir='ltr'>τρίχας</span> <span class='ocrx_word' id='word_1_337' title='bbox 1423 3043 1532 3113; x_wconf 84' lang='grc' dir='ltr'>τῆς</span> <span class='ocrx_word' id='word_1_338' title='bbox 1576 3044 1846 3114; x_wconf 62' lang='grc' dir='ltr'>κεφαλῆς</span> 
     </span>
    </p>
   </div>
   <div class='ocr_carea' id='block_1_48' title="bbox 247 3136 1843 3210">
    <p class='ocr_par' dir='ltr' id='par_1_48' title="bbox 247 3136 1843 3210">
     <span class='ocr_line' id='line_1_48' title="bbox 247 3136 1843 3210; baseline -0.003 -17"><span class='ocrx_word' id='word_1_339' title='bbox 247 3158 391 3210; x_wconf 85' lang='grc' dir='ltr'>μου,</span> <span class='ocrx_word' id='word_1_340' title='bbox 424 3139 525 3193; x_wconf 77' lang='grc' dir='ltr'>καὶ</span> <span class='ocrx_word' id='word_1_341' title='bbox 573 3139 613 3206; x_wconf 75' lang='grc' dir='ltr'><em>ὴ</em></span> <span class='ocrx_word' id='word_1_342' title='bbox 665 3137 877 3206; x_wconf 82' lang='grc' dir='ltr'>καρδία</span> <span class='ocrx_word' id='word_1_343' title='bbox 900 3154 1017 3206; x_wconf 87' lang='grc' dir='ltr'>μου</span> <span class='ocrx_word' id='word_1_344' title='bbox 1047 3136 1400 3207; x_wconf 64' lang='grc' dir='ltr'>ἐγκατέλιπέ</span> <span class='ocrx_word' id='word_1_345' title='bbox 1420 3155 1517 3207; x_wconf 86' lang='grc' dir='ltr'>με.</span> <span class='ocrx_word' id='word_1_346' title='bbox 1552 3138 1760 3210; x_wconf 81' lang='grc' dir='ltr'>Μηδεὶς</span> <span class='ocrx_word' id='word_1_347' title='bbox 1788 3136 1843 3189; x_wconf 84' lang='grc' dir='ltr'>δὲ</span> 
     </span>
    </p>
   </div>
   <div class='ocr_carea' id='block_1_49' title="bbox 1951 1940 3525 2017">
    <p class='ocr_par' dir='ltr' id='par_1_49' title="bbox 1951 1940 3525 2017">
     <span class='ocr_line' id='line_1_49' title="bbox 1951 1940 3525 2017; baseline 0.006 -25"><span class='ocrx_word' id='word_1_348' title='bbox 1951 1940 2230 1994; x_wconf 79' lang='lat' dir='ltr'><strong><em>canendos</em></strong></span> <span class='ocrx_word' id='word_1_349' title='bbox 2259 1949 2314 1994; x_wconf 85' lang='lat' dir='ltr'><strong><em>et</em></strong></span> <span class='ocrx_word' id='word_1_350' title='bbox 2345 1941 2410 1994; x_wconf 89' lang='lat' dir='ltr'><strong><em>ad</em></strong></span> <span class='ocrx_word' id='word_1_351' title='bbox 2438 1942 2647 2011; x_wconf 89' lang='lat' dir='ltr'><strong><em>justum</em></strong></span> <span class='ocrx_word' id='word_1_352' title='bbox 2681 1942 2773 1998; x_wconf 85' lang='lat' dir='ltr'><strong><em>Dei</em></strong></span> <span class='ocrx_word' id='word_1_353' title='bbox 2798 1943 3067 2013; x_wconf 88' lang='lat' dir='ltr'><strong><em>judicium</em></strong></span> <span class='ocrx_word' id='word_1_354' title='bbox 3099 1948 3525 2017; x_wconf 62' lang='lat' dir='ltr'><strong><em>praedicandum,</em></strong></span> 
     </span>
    </p>
   </div>
   <div class='ocr_carea' id='block_1_50' title="bbox 1950 2033 3528 2109">
    <p class='ocr_par' dir='ltr' id='par_1_50' title="bbox 1950 2033 3528 2109">
     <span class='ocr_line' id='line_1_50' title="bbox 1950 2033 3528 2109; baseline 0.006 -22"><span class='ocrx_word' id='word_1_355' title='bbox 1950 2034 2015 2087; x_wconf 89' lang='lat' dir='ltr'><strong><em>ad</em></strong></span> <span class='ocrx_word' id='word_1_356' title='bbox 2054 2033 2384 2089; x_wconf 73' lang='lat' dir='ltr'><strong><em>ineffabilem</em></strong></span> <span class='ocrx_word' id='word_1_357' title='bbox 2428 2036 2794 2090; x_wconf 87' lang='lat' dir='ltr'><strong><em>enarrandam</em></strong></span> <span class='ocrx_word' id='word_1_358' title='bbox 2847 2038 2967 2108; x_wconf 88' lang='lat' dir='ltr'><strong><em>ejus</em></strong></span> <span class='ocrx_word' id='word_1_359' title='bbox 3007 2041 3427 2109; x_wconf 87' lang='lat' dir='ltr'><strong><em>providentiam,</em></strong></span> <span class='ocrx_word' id='word_1_360' title='bbox 3461 2042 3528 2097; x_wconf 80' lang='lat' dir='ltr'><strong><em>ad</em></strong></span> 
     </span>
    </p>
   </div>
   <div class='ocr_carea' id='block_1_51' title="bbox 1949 2124 3529 2195">
    <p class='ocr_par' dir='ltr' id='par_1_51' title="bbox 1949 2124 3529 2195">
     <span class='ocr_line' id='line_1_51' title="bbox 1949 2124 3529 2195; baseline 0.006 -20"><span class='ocrx_word' id='word_1_361' title='bbox 1949 2124 2392 2194; x_wconf 76' lang='lat' dir='ltr'><strong><em>propheticarum</em></strong></span> <span class='ocrx_word' id='word_1_362' title='bbox 2440 2127 2867 2195; x_wconf 87' lang='lat' dir='ltr'><strong><em>promissionum</em></strong></span> <span class='ocrx_word' id='word_1_363' title='bbox 2918 2130 3199 2185; x_wconf 80' lang='lat' dir='ltr'><strong><em>veritatem</em></strong></span> <span class='ocrx_word' id='word_1_364' title='bbox 3243 2132 3529 2186; x_wconf 88' lang='lat' dir='ltr'><strong><em>declaran-</em></strong></span> 
     </span>
    </p>
   </div>
   <div class='ocr_carea' id='block_1_52' title="bbox 1948 2216 3529 2292">
    <p class='ocr_par' dir='ltr' id='par_1_52' title="bbox 1948 2216 3529 2292">
     <span class='ocr_line' id='line_1_52' title="bbox 1948 2216 3529 2292; baseline 0.004 -22"><span class='ocrx_word' id='word_1_365' title='bbox 1948 2216 2095 2270; x_wconf 83' lang='lat' dir='ltr'><strong><em>dam.</em></strong></span> <span class='ocrx_word' id='word_1_366' title='bbox 2129 2217 2207 2271; x_wconf 93' lang='lat' dir='ltr'><strong><em>Tu</em></strong></span> <span class='ocrx_word' id='word_1_367' title='bbox 2246 2228 2444 2280; x_wconf 88' lang='lat' dir='ltr'><strong><em>autem,</em></strong></span> <span class='ocrx_word' id='word_1_368' title='bbox 2480 2218 2725 2284; x_wconf 81' lang='lat' dir='ltr'><strong><em>Domine,</em></strong></span> <span class='ocrx_word' id='word_1_369' title='bbox 2753 2237 2814 2274; x_wconf 88' lang='lat' dir='ltr'><strong><em>ne</em></strong></span> <span class='ocrx_word' id='word_1_370' title='bbox 2845 2221 2995 2292; x_wconf 88' lang='lat' dir='ltr'><strong><em>longe</em></strong></span> <span class='ocrx_word' id='word_1_371' title='bbox 3030 2223 3201 2291; x_wconf 79' lang='lat' dir='ltr'><strong><em>facias</em></strong></span> <span class='ocrx_word' id='word_1_372' title='bbox 3235 2225 3529 2277; x_wconf 81' lang='lat' dir='ltr'><strong><em>miseratio-</em></strong></span> 
     </span>
    </p>
   </div>
   <div class='ocr_carea' id='block_1_53' title="bbox 1947 2312 3529 2371">
    <p class='ocr_par' dir='ltr' id='par_1_53' title="bbox 1947 2312 3529 2371">
     <span class='ocr_line' id='line_1_53' title="bbox 1947 2312 3529 2371; baseline 0.004 -9"><span class='ocrx_word' id='word_1_373' title='bbox 1947 2326 2036 2363; x_wconf 85' lang='lat' dir='ltr'><strong><em>nes</em></strong></span> <span class='ocrx_word' id='word_1_374' title='bbox 2069 2321 2188 2364; x_wconf 87' lang='lat' dir='ltr'><strong><em>tuas</em></strong></span> <span class='ocrx_word' id='word_1_375' title='bbox 2216 2329 2248 2363; x_wconf 90' lang='lat' dir='ltr'><strong><em>a</em></strong></span> <span class='ocrx_word' id='word_1_376' title='bbox 2287 2328 2366 2364; x_wconf 89' lang='lat' dir='ltr'><strong><em>me</em></strong></span> <span class='ocrx_word' id='word_1_377' title='bbox 2391 2326 2410 2363; x_wconf 88' lang='lat'><strong><em>:</em></strong></span> <span class='ocrx_word' id='word_1_378' title='bbox 2442 2312 2807 2367; x_wconf 75' lang='lat' dir='ltr'><strong><em>misericordia</em></strong></span> <span class='ocrx_word' id='word_1_379' title='bbox 2835 2323 2927 2367; x_wconf 89' lang='lat' dir='ltr'><strong><em>tua</em></strong></span> <span class='ocrx_word' id='word_1_380' title='bbox 2961 2323 3009 2368; x_wconf 90' lang='lat' dir='ltr'><strong><em>et</em></strong></span> <span class='ocrx_word' id='word_1_381' title='bbox 3040 2316 3232 2370; x_wconf 86' lang='lat' dir='ltr'><strong><em>veritas</em></strong></span> <span class='ocrx_word' id='word_1_382' title='bbox 3268 2326 3359 2369; x_wconf 92' lang='lat' dir='ltr'><strong><em>tua</em></strong></span> <span class='ocrx_word' id='word_1_383' title='bbox 3392 2333 3529 2371; x_wconf 84' lang='lat' dir='ltr'><strong><em>sem-</em></strong></span> 
     </span>
    </p>
   </div>
   <div class='ocr_carea' id='block_1_54' title="bbox 1947 2404 3528 2473">
    <p class='ocr_par' dir='ltr' id='par_1_54' title="bbox 1947 2404 3528 2473">
     <span class='ocr_line' id='line_1_54' title="bbox 1947 2404 3528 2473; baseline 0.006 -20"><span class='ocrx_word' id='word_1_384' title='bbox 1947 2416 2039 2469; x_wconf 87' lang='lat' dir='ltr'><strong><em>per</em></strong></span> <span class='ocrx_word' id='word_1_385' title='bbox 2067 2411 2408 2470; x_wconf 87' lang='lat' dir='ltr'><strong><em>susceperunt</em></strong></span> <span class='ocrx_word' id='word_1_386' title='bbox 2433 2419 2533 2458; x_wconf 92' lang='lat' dir='ltr'><strong><em>me.</em></strong></span> <span class='ocrx_word' id='word_1_387' title='bbox 2562 2404 2741 2473; x_wconf 87' lang='lat' dir='ltr'><strong><em>Atque</em></strong></span> <span class='ocrx_word' id='word_1_388' title='bbox 2769 2405 2999 2459; x_wconf 89' lang='lat' dir='ltr'><strong><em>salutem</em></strong></span> <span class='ocrx_word' id='word_1_389' title='bbox 3033 2415 3191 2461; x_wconf 88' lang='lat' dir='ltr'><strong><em>nacta</em></strong></span> <span class='ocrx_word' id='word_1_390' title='bbox 3224 2406 3315 2461; x_wconf 91' lang='lat' dir='ltr'><strong><em>Dei</em></strong></span> <span class='ocrx_word' id='word_1_391' title='bbox 3341 2407 3528 2464; x_wconf 85' lang='lat' dir='ltr'><strong><em>Eccle-</em></strong></span> 
     </span>
    </p>
   </div>
   <div class='ocr_carea' id='block_1_55' title="bbox 1947 2492 3529 2569">
    <p class='ocr_par' dir='ltr' id='par_1_55' title="bbox 1947 2492 3529 2569">
     <span class='ocr_line' id='line_1_55' title="bbox 1947 2492 3529 2569; baseline 0.004 -23"><span class='ocrx_word' id='word_1_392' title='bbox 1947 2492 2050 2555; x_wconf 89' lang='lat' dir='ltr'><strong><em>sia,</em></strong></span> <span class='ocrx_word' id='word_1_393' title='bbox 2090 2494 2287 2547; x_wconf 87' lang='lat' dir='ltr'><strong><em>iterum</em></strong></span> <span class='ocrx_word' id='word_1_394' title='bbox 2318 2495 2507 2550; x_wconf 90' lang='lat' dir='ltr'><strong><em>eadem</em></strong></span> <span class='ocrx_word' id='word_1_395' title='bbox 2538 2510 2641 2565; x_wconf 90' lang='lat' dir='ltr'><strong><em>ope</em></strong></span> <span class='ocrx_word' id='word_1_396' title='bbox 2670 2495 2896 2567; x_wconf 80' lang='lat' dir='ltr'><strong><em>indiget,</em></strong></span> <span class='ocrx_word' id='word_1_397' title='bbox 2928 2498 3094 2551; x_wconf 90' lang='lat' dir='ltr'><strong><em>variis</em></strong></span> <span class='ocrx_word' id='word_1_398' title='bbox 3124 2497 3529 2569; x_wconf 85' lang='lat' dir='ltr'><strong><em>frequentibus-</em></strong></span> 
     </span>
    </p>
   </div>
   <div class='ocr_carea' id='block_1_56' title="bbox 1946 2583 3523 2661">
    <p class='ocr_par' dir='ltr' id='par_1_56' title="bbox 1946 2583 3523 2661">
     <span class='ocr_line' id='line_1_56' title="bbox 1946 2583 3523 2661; baseline 0.005 -25"><span class='ocrx_word' id='word_1_399' title='bbox 1946 2598 2055 2652; x_wconf 85' lang='lat' dir='ltr'><strong><em>que</em></strong></span> <span class='ocrx_word' id='word_1_400' title='bbox 2100 2583 2385 2639; x_wconf 85' lang='lat' dir='ltr'><strong><em>hominum</em></strong></span> <span class='ocrx_word' id='word_1_401' title='bbox 2425 2586 2847 2658; x_wconf 68' lang='lat' dir='ltr'><strong><em>diemonumque</em></strong></span> <span class='ocrx_word' id='word_1_402' title='bbox 2894 2590 3189 2644; x_wconf 84' lang='lat' dir='ltr'><strong><em>insultibus</em></strong></span> <span class='ocrx_word' id='word_1_403' title='bbox 3242 2591 3523 2661; x_wconf 86' lang='lat' dir='ltr'><strong><em>impetita,</em></strong></span> 
     </span>
    </p>
   </div>
   <div class='ocr_carea' id='block_1_57' title="bbox 1946 2678 3524 2747">
    <p class='ocr_par' dir='ltr' id='par_1_57' title="bbox 1946 2678 3524 2747">
     <span class='ocr_line' id='line_1_57' title="bbox 1946 2678 3524 2747; baseline 0.004 -18"><span class='ocrx_word' id='word_1_404' title='bbox 1946 2691 2180 2747; x_wconf 89' lang='lat' dir='ltr'><strong><em>quorum</em></strong></span> <span class='ocrx_word' id='word_1_405' title='bbox 2211 2678 2265 2731; x_wconf 91' lang='lat' dir='ltr'><strong><em>in</em></strong></span> <span class='ocrx_word' id='word_1_406' title='bbox 2303 2679 2660 2747; x_wconf 78' lang='lat' dir='ltr'><strong><em>sequentibus</em></strong></span> <span class='ocrx_word' id='word_1_407' title='bbox 2696 2681 3029 2735; x_wconf 87' lang='lat' dir='ltr'><strong><em>mentionem</em></strong></span> <span class='ocrx_word' id='word_1_408' title='bbox 3066 2680 3215 2734; x_wconf 81' lang='lat' dir='ltr'><strong><em>facit.</em></strong></span> <span class='ocrx_word' id='word_1_409' title='bbox 3262 2681 3524 2747; x_wconf 85' lang='lat' dir='ltr'><strong><em>Quoniam</em></strong></span> 
     </span>
    </p>
   </div>
   <div class='ocr_carea' id='block_1_58' title="bbox 1946 2770 3521 2842">
    <p class='ocr_par' dir='ltr' id='par_1_58' title="bbox 1946 2770 3521 2842">
     <span class='ocr_line' id='line_1_58' title="bbox 1946 2770 3521 2842; baseline 0.003 -18"><span class='ocrx_word' id='word_1_410' title='bbox 1946 2770 2405 2824; x_wconf 86' lang='lat' dir='ltr'><strong><em>circumdederunt</em></strong></span> <span class='ocrx_word' id='word_1_411' title='bbox 2438 2788 2519 2825; x_wconf 89' lang='lat' dir='ltr'><strong><em>me</em></strong></span> <span class='ocrx_word' id='word_1_412' title='bbox 2557 2772 2701 2825; x_wconf 84' lang='lat' dir='ltr'><strong><em>mala</em></strong></span> <span class='ocrx_word' id='word_1_413' title='bbox 2731 2789 2953 2842; x_wconf 88' lang='lat' dir='ltr'><strong><em>quorum</em></strong></span> <span class='ocrx_word' id='word_1_414' title='bbox 2995 2791 3095 2828; x_wconf 83' lang='lat' dir='ltr'><strong><em>non</em></strong></span> <span class='ocrx_word' id='word_1_415' title='bbox 3125 2782 3204 2828; x_wconf 89' lang='lat' dir='ltr'><strong><em>est</em></strong></span> <span class='ocrx_word' id='word_1_416' title='bbox 3232 2792 3480 2829; x_wconf 87' lang='lat' dir='ltr'><strong><em>numerus</em></strong></span> <span class='ocrx_word' id='word_1_417' title='bbox 3508 2794 3521 2829; x_wconf 92' lang='lat'>:</span> 
     </span>
    </p>
   </div>
   <div class='ocr_carea' id='block_1_59' title="bbox 1946 2859 3527 2933">
    <p class='ocr_par' dir='ltr' id='par_1_59' title="bbox 1946 2859 3527 2933">
     <span class='ocr_line' id='line_1_59' title="bbox 1946 2859 3527 2933; baseline 0.003 -21"><span class='ocrx_word' id='word_1_418' title='bbox 1946 2859 2446 2928; x_wconf 80' lang='lat' dir='ltr'><strong><em>comprehenderunt</em></strong></span> <span class='ocrx_word' id='word_1_419' title='bbox 2481 2878 2559 2915; x_wconf 89' lang='lat' dir='ltr'><strong><em>me</em></strong></span> <span class='ocrx_word' id='word_1_420' title='bbox 2600 2862 2906 2931; x_wconf 84' lang='lat' dir='ltr'><strong><em>iniquitates</em></strong></span> <span class='ocrx_word' id='word_1_421' title='bbox 2951 2880 3099 2927; x_wconf 78' lang='lat' dir='ltr'><strong><em>mew,</em></strong></span> <span class='ocrx_word' id='word_1_422' title='bbox 3151 2874 3201 2918; x_wconf 87' lang='lat' dir='ltr'><strong><em>et</em></strong></span> <span class='ocrx_word' id='word_1_423' title='bbox 3244 2881 3348 2917; x_wconf 87' lang='lat' dir='ltr'><strong><em>non</em></strong></span> <span class='ocrx_word' id='word_1_424' title='bbox 3379 2866 3527 2933; x_wconf 84' lang='lat' dir='ltr'><strong><em>potui</em></strong></span> 
     </span>
    </p>
   </div>
   <div class='ocr_carea' id='block_1_60' title="bbox 1947 2952 3525 3027">
    <p class='ocr_par' dir='ltr' id='par_1_60' title="bbox 1947 2952 3525 3027">
     <span class='ocr_line' id='line_1_60' title="bbox 1947 2952 3525 3027; baseline 0.004 -23"><span class='ocrx_word' id='word_1_425' title='bbox 1947 2963 2005 3005; x_wconf 81' lang='lat' dir='ltr'><strong><em>ut</em></strong></span> <span class='ocrx_word' id='word_1_426' title='bbox 2037 2953 2281 3008; x_wconf 85' lang='lat' dir='ltr'><strong><em>viderem.</em></strong></span> <span class='ocrx_word' id='word_1_427' title='bbox 2328 2952 2699 3022; x_wconf 69' lang='lat' dir='ltr'><strong><em>Multiplicatae</em></strong></span> <span class='ocrx_word' id='word_1_428' title='bbox 2740 2966 2862 3009; x_wconf 89' lang='lat' dir='ltr'><strong><em>sunt</em></strong></span> <span class='ocrx_word' id='word_1_429' title='bbox 2895 2972 3049 3025; x_wconf 90' lang='lat' dir='ltr'><strong><em>super</em></strong></span> <span class='ocrx_word' id='word_1_430' title='bbox 3080 2958 3300 3026; x_wconf 82' lang='lat' dir='ltr'><strong><em>capillos</em></strong></span> <span class='ocrx_word' id='word_1_431' title='bbox 3336 2959 3525 3027; x_wconf 79' lang='lat' dir='ltr'><strong><em>capitis</em></strong></span> 
     </span>
    </p>
   </div>
   <div class='ocr_carea' id='block_1_61' title="bbox 1942 3044 3528 3118">
    <p class='ocr_par' dir='ltr' id='par_1_61' title="bbox 1942 3044 3528 3118">
     <span class='ocr_line' id='line_1_61' title="bbox 1942 3044 3528 3118; baseline 0.004 -22"><span class='ocrx_word' id='word_1_432' title='bbox 1942 3044 2068 3108; x_wconf 82' lang='lat' dir='ltr'><strong><em>mei,</em></strong></span> <span class='ocrx_word' id='word_1_433' title='bbox 2100 3054 2150 3097; x_wconf 90' lang='lat' dir='ltr'><strong><em>et</em></strong></span> <span class='ocrx_word' id='word_1_434' title='bbox 2195 3062 2285 3098; x_wconf 90' lang='lat' dir='ltr'><strong><em>cor</em></strong></span> <span class='ocrx_word' id='word_1_435' title='bbox 2334 3063 2503 3099; x_wconf 87' lang='lat' dir='ltr'><strong><em>meum</em></strong></span> <span class='ocrx_word' id='word_1_436' title='bbox 2556 3046 2835 3118; x_wconf 82' lang='lat' dir='ltr'><strong><em>dereliquit</em></strong></span> <span class='ocrx_word' id='word_1_437' title='bbox 2880 3065 2981 3102; x_wconf 88' lang='lat' dir='ltr'><strong><em>me.</em></strong></span> <span class='ocrx_word' id='word_1_438' title='bbox 3016 3047 3187 3104; x_wconf 89' lang='lat' dir='ltr'><strong><em>Nemo</em></strong></span> <span class='ocrx_word' id='word_1_439' title='bbox 3231 3049 3528 3105; x_wconf 86' lang='lat' dir='ltr'><strong><em>arbitretur</em></strong></span> 
     </span>
    </p>
   </div>
   <div class='ocr_carea' id='block_1_62' title="bbox 1948 3136 3525 3212">
    <p class='ocr_par' dir='ltr' id='par_1_62' title="bbox 1948 3136 3525 3212">
     <span class='ocr_line' id='line_1_62' title="bbox 1948 3136 3525 3212; baseline 0.004 -23"><span class='ocrx_word' id='word_1_440' title='bbox 1948 3136 2097 3190; x_wconf 83' lang='lat' dir='ltr'><strong><em>diota</em></strong></span> <span class='ocrx_word' id='word_1_441' title='bbox 2135 3136 2451 3206; x_wconf 87' lang='lat' dir='ltr'><strong><em>bujusmodi</em></strong></span> <span class='ocrx_word' id='word_1_442' title='bbox 2499 3155 2605 3193; x_wconf 91' lang='lat' dir='ltr'><strong><em>non</em></strong></span> <span class='ocrx_word' id='word_1_443' title='bbox 2647 3140 2963 3196; x_wconf 83' lang='lat' dir='ltr'><strong><em>consentire</em></strong></span> <span class='ocrx_word' id='word_1_444' title='bbox 2996 3140 3065 3197; x_wconf 89' lang='lat' dir='ltr'><strong><em>iis</em></strong></span> <span class='ocrx_word' id='word_1_445' title='bbox 3094 3157 3214 3211; x_wconf 67' lang='lat' dir='ltr'><strong><em>qua:</em></strong></span> <span class='ocrx_word' id='word_1_446' title='bbox 3257 3143 3525 3212; x_wconf 81' lang='lat' dir='ltr'><strong><em>explicata</em></strong></span> 
     </span>
    </p>
   </div>
   <div class='ocr_carea' id='block_1_63' title="bbox 251 3217 1844 3305">
    <p class='ocr_par' dir='ltr' id='par_1_63' title="bbox 251 3225 1837 3300">
     <span class='ocr_line' id='line_1_63' title="bbox 251 3225 1837 3300; baseline 0.001 -20"><span class='ocrx_word' id='word_1_447' title='bbox 251 3227 570 3297; x_wconf 81' lang='grc' dir='ltr'>ἀνάρμοστα</span> <span class='ocrx_word' id='word_1_448' title='bbox 598 3225 837 3296; x_wconf 80' lang='grc' dir='ltr'>ἡγείσθω</span> <span class='ocrx_word' id='word_1_449' title='bbox 860 3226 930 3279; x_wconf 79' lang='grc' dir='ltr'>τὰ</span> <span class='ocrx_word' id='word_1_450' title='bbox 958 3225 1225 3297; x_wconf 75' lang='grc' dir='ltr'>εἰρημένα</span> <span class='ocrx_word' id='word_1_451' title='bbox 1248 3229 1360 3289; x_wconf 86' lang='grc' dir='ltr'>τοῖς</span> <span class='ocrx_word' id='word_1_452' title='bbox 1380 3228 1627 3299; x_wconf 76' lang='grc' dir='ltr'>ἡρμηνευ</span> <span class='ocrx_word' id='word_1_453' title='bbox 1637 3226 1837 3300; x_wconf 89' lang='grc' dir='ltr'>μένοις.</span> 
     </span>
    </p>
   </div>
   <div class='ocr_carea' id='block_1_64' title="bbox 1949 3217 3524 3305">
    <p class='ocr_par' dir='ltr' id='par_1_64' title="bbox 1949 3227 3524 3305">
     <span class='ocr_line' id='line_1_64' title="bbox 1949 3227 3524 3305; baseline 0.004 -23"><span class='ocrx_word' id='word_1_454' title='bbox 1949 3238 2099 3283; x_wconf 78' lang='lat' dir='ltr'><strong><em>sunt.</em></strong></span> <span class='ocrx_word' id='word_1_455' title='bbox 2139 3227 2353 3284; x_wconf 86' lang='lat' dir='ltr'><strong><em>Etenim</em></strong></span> <span class='ocrx_word' id='word_1_456' title='bbox 2402 3240 2511 3286; x_wconf 88' lang='lat' dir='ltr'><strong><em>tres</em></strong></span> <span class='ocrx_word' id='word_1_457' title='bbox 2564 3233 2743 3302; x_wconf 88' lang='lat' dir='ltr'><strong><em>pueri,</em></strong></span> <span class='ocrx_word' id='word_1_458' title='bbox 2783 3248 2999 3288; x_wconf 88' lang='lat' dir='ltr'><strong><em>summa</em></strong></span> <span class='ocrx_word' id='word_1_459' title='bbox 3052 3235 3253 3290; x_wconf 90' lang='lat' dir='ltr'><strong><em>virtute</em></strong></span> <span class='ocrx_word' id='word_1_460' title='bbox 3287 3235 3524 3305; x_wconf 59' lang='lat' dir='ltr'><strong><em>praediti,</em></strong></span> 
     </span>
    </p>
   </div>
   <div class='ocr_carea' id='block_1_65' title="bbox 252 3317 1840 3391">
    <p class='ocr_par' dir='ltr' id='par_1_65' title="bbox 252 3317 1840 3391">
     <span class='ocr_line' id='line_1_65' title="bbox 252 3317 1840 3391; baseline 0.001 -19"><span class='ocrx_word' id='word_1_461' title='bbox 252 3318 365 3372; x_wconf 81' lang='grc' dir='ltr'><strong><em>Καὶ</em></strong></span> <span class='ocrx_word' id='word_1_462' title='bbox 393 3317 500 3391; x_wconf 84' lang='grc' dir='ltr'><strong><em>γὰρ</em></strong></span> <span class='ocrx_word' id='word_1_463' title='bbox 529 3318 578 3370; x_wconf 79' lang='lat' dir='ltr'><strong><em>oi</em></strong></span> <span class='ocrx_word' id='word_1_464' title='bbox 605 3321 755 3389; x_wconf 83' lang='grc' dir='ltr'>τρεῖς</span> <span class='ocrx_word' id='word_1_465' title='bbox 783 3319 990 3383; x_wconf 86' lang='grc' dir='ltr'>παῖδες,</span> <span class='ocrx_word' id='word_1_466' title='bbox 1018 3320 1115 3390; x_wconf 84' lang='grc' dir='ltr'>τῆς</span> <span class='ocrx_word' id='word_1_467' title='bbox 1138 3320 1314 3391; x_wconf 84' lang='grc' dir='ltr'>ἄκρας</span> <span class='ocrx_word' id='word_1_468' title='bbox 1342 3320 1546 3391; x_wconf 84' lang='grc' dir='ltr'>ἀρετῆς</span> <span class='ocrx_word' id='word_1_469' title='bbox 1576 3320 1840 3390; x_wconf 81' lang='grc' dir='ltr'>ἐπειλημ-</span> 
     </span>
    </p>
   </div>
   <div class='ocr_carea' id='block_1_66' title="bbox 255 3406 1840 3480">
    <p class='ocr_par' dir='ltr' id='par_1_66' title="bbox 255 3406 1840 3480">
     <span class='ocr_line' id='line_1_66' title="bbox 255 3406 1840 3480; baseline 0.001 -20"><span class='ocrx_word' id='word_1_470' title='bbox 255 3408 429 3479; x_wconf 81' lang='grc' dir='ltr'>μένοι,</span> <span class='ocrx_word' id='word_1_471' title='bbox 465 3408 560 3460; x_wconf 81' lang='grc' dir='ltr'>καὶ</span> <span class='ocrx_word' id='word_1_472' title='bbox 590 3406 681 3459; x_wconf 82' lang='grc' dir='ltr'>τὸν</span> <span class='ocrx_word' id='word_1_473' title='bbox 712 3407 1008 3479; x_wconf 78' lang='grc' dir='ltr'>νικηφόρον</span> <span class='ocrx_word' id='word_1_474' title='bbox 1039 3409 1438 3480; x_wconf 81' lang='grc' dir='ltr'>ἀναδησάμενοι</span> <span class='ocrx_word' id='word_1_475' title='bbox 1466 3409 1747 3478; x_wconf 82' lang='grc' dir='ltr'>στέφανον,</span> <span class='ocrx_word' id='word_1_476' title='bbox 1782 3410 1840 3461; x_wconf 82' lang='grc' dir='ltr'>ὲν</span> 
     </span>
    </p>
   </div>
   <div class='ocr_carea' id='block_1_67' title="bbox 250 3498 1839 3571">
    <p class='ocr_par' dir='ltr' id='par_1_67' title="bbox 250 3498 1839 3571">
     <span class='ocr_line' id='line_1_67' title="bbox 250 3498 1839 3571; baseline 0.001 -18"><span class='ocrx_word' id='word_1_477' title='bbox 250 3503 319 3571; x_wconf 80' lang='grc' dir='ltr'>τῇ</span> <span class='ocrx_word' id='word_1_478' title='bbox 340 3498 555 3571; x_wconf 88' lang='grc' dir='ltr'>καμίνῳ</span> <span class='ocrx_word' id='word_1_479' title='bbox 580 3501 1002 3570; x_wconf 86' lang='grc' dir='ltr'>προσευχόμενοι</span> <span class='ocrx_word' id='word_1_480' title='bbox 1030 3500 1213 3568; x_wconf 78' lang='grc' dir='ltr'>ἔλεγον</span> <span class='ocrx_word' id='word_1_481' title='bbox 1233 3518 1247 3531; x_wconf 78' lang='grc' dir='ltr'><strong><em>ο</em></strong></span> <span class='ocrx_word' id='word_1_482' title='bbox 1286 3500 1664 3570; x_wconf 82' lang='grc' dir='ltr'>Ἠμάρτομεν,</span> <span class='ocrx_word' id='word_1_483' title='bbox 1696 3501 1839 3569; x_wconf 81' lang='grc' dir='ltr'>ἠνο-</span> 
     </span>
    </p>
   </div>
   <div class='ocr_carea' id='block_1_68' title="bbox 1948 3320 3526 3392">
    <p class='ocr_par' dir='ltr' id='par_1_68' title="bbox 1948 3320 3526 3392">
     <span class='ocr_line' id='line_1_68' title="bbox 1948 3320 3526 3392; baseline 0.007 -19"><span class='ocrx_word' id='word_1_484' title='bbox 1948 3327 2114 3390; x_wconf 76' lang='lat' dir='ltr'><strong><em>atque</em></strong></span> <span class='ocrx_word' id='word_1_485' title='bbox 2145 3320 2463 3392; x_wconf 83' lang='lat' dir='ltr'><strong><em>triumphali</em></strong></span> <span class='ocrx_word' id='word_1_486' title='bbox 2507 3339 2710 3378; x_wconf 88' lang='lat' dir='ltr'><strong><em>corona</em></strong></span> <span class='ocrx_word' id='word_1_487' title='bbox 2743 3328 2944 3389; x_wconf 89' lang='lat' dir='ltr'><strong><em>ornati,</em></strong></span> <span class='ocrx_word' id='word_1_488' title='bbox 2979 3328 3035 3382; x_wconf 89' lang='lat' dir='ltr'><strong><em>in</em></strong></span> <span class='ocrx_word' id='word_1_489' title='bbox 3066 3329 3283 3383; x_wconf 89' lang='lat' dir='ltr'><strong><em>camino</em></strong></span> <span class='ocrx_word' id='word_1_490' title='bbox 3306 3337 3526 3384; x_wconf 86' lang='lat' dir='ltr'><strong><em>orantes</em></strong></span> 
     </span>
    </p>
   </div>
   <div class='ocr_carea' id='block_1_69' title="bbox 1948 3411 3524 3490">
    <p class='ocr_par' dir='ltr' id='par_1_69' title="bbox 1948 3411 3524 3490">
     <span class='ocr_line' id='line_1_69' title="bbox 1948 3411 3524 3490; baseline 0.005 -23"><span class='ocrx_word' id='word_1_491' title='bbox 1948 3411 2206 3468; x_wconf 79' lang='lat' dir='ltr'><strong><em>dicebant</em></strong></span> <span class='ocrx_word' id='word_1_492' title='bbox 2243 3432 2255 3471; x_wconf 94' lang='lat'><strong>:</strong></span> <span class='ocrx_word' id='word_1_493' title='bbox 2292 3414 2657 3480; x_wconf 87' lang='lat' dir='ltr'><strong><em>Peccavimus,</em></strong></span> <span class='ocrx_word' id='word_1_494' title='bbox 2698 3416 3035 3489; x_wconf 79' lang='lat' dir='ltr'><strong><em>deliquimus,</em></strong></span> <span class='ocrx_word' id='word_1_495' title='bbox 3070 3420 3267 3489; x_wconf 85' lang='lat' dir='ltr'><strong><em>injuste</em></strong></span> <span class='ocrx_word' id='word_1_496' title='bbox 3302 3422 3524 3490; x_wconf 80' lang='lat' dir='ltr'><strong><em>egimus,</em></strong></span> 
     </span>
    </p>
   </div>
   <div class='ocr_carea' id='block_1_70' title="bbox 1945 3509 3527 3578">
    <p class='ocr_par' dir='ltr' id='par_1_70' title="bbox 1945 3509 3527 3578">
     <span class='ocr_line' id='line_1_70' title="bbox 1945 3509 3527 3578; baseline 0.004 -17"><span class='ocrx_word' id='word_1_497' title='bbox 1945 3516 1995 3561; x_wconf 89' lang='lat' dir='ltr'><strong><em>et</em></strong></span> <span class='ocrx_word' id='word_1_498' title='bbox 2032 3509 2341 3562; x_wconf 85' lang='lat' dir='ltr'><strong><em>recessimus</em></strong></span> <span class='ocrx_word' id='word_1_499' title='bbox 2377 3526 2408 3561; x_wconf 89' lang='lat' dir='ltr'><strong><em>a</em></strong></span> <span class='ocrx_word' id='word_1_500' title='bbox 2436 3512 2707 3578; x_wconf 70' lang='lat' dir='ltr'><strong><em>praceptis</em></strong></span> <span class='ocrx_word' id='word_1_501' title='bbox 2750 3512 2875 3577; x_wconf 86' lang='lat' dir='ltr'><strong><em>tuis,</em></strong></span> <span class='ocrx_word' id='word_1_502' title='bbox 2908 3522 2956 3565; x_wconf 91' lang='lat' dir='ltr'><strong><em>et</em></strong></span> <span class='ocrx_word' id='word_1_503' title='bbox 3004 3529 3108 3566; x_wconf 85' lang='lat' dir='ltr'><strong><em>non</em></strong></span> <span class='ocrx_word' id='word_1_504' title='bbox 3152 3513 3527 3567; x_wconf 86' lang='lat' dir='ltr'><strong><em>custodivimus</em></strong></span> 
     </span>
    </p>
   </div>
   <div class='ocr_carea' id='block_1_71' title="bbox 244 3590 1844 3675">
    <p class='ocr_par' dir='ltr' id='par_1_71' title="bbox 244 3590 1843 3661">
     <span class='ocr_line' id='line_1_71' title="bbox 244 3590 1843 3661; baseline 0.001 -16"><span class='ocrx_word' id='word_1_505' title='bbox 244 3591 550 3661; x_wconf 80' lang='grc' dir='ltr'>μήσαμεν,</span> <span class='ocrx_word' id='word_1_506' title='bbox 576 3590 970 3660; x_wconf 72' lang='grc' dir='ltr'>ἠδικήσαμεν,</span> <span class='ocrx_word' id='word_1_507' title='bbox 1007 3592 1105 3644; x_wconf 79' lang='grc' dir='ltr'><strong><em>καί</em></strong></span> <span class='ocrx_word' id='word_1_508' title='bbox 1169 3591 1517 3661; x_wconf 78' lang='grc' dir='ltr'>ἀπέστημεν</span> <span class='ocrx_word' id='word_1_509' title='bbox 1574 3592 1693 3646; x_wconf 85' lang='grc' dir='ltr'>ἀπὸ</span> <span class='ocrx_word' id='word_1_510' title='bbox 1723 3592 1843 3646; x_wconf 81' lang='grc' dir='ltr'>τῶν</span> 
     </span>
    </p>
   </div>
   <div class='ocr_carea' id='block_1_72' title="bbox 1949 3590 3528 3675">
    <p class='ocr_par' dir='ltr' id='par_1_72' title="bbox 1949 3602 3528 3675">
     <span class='ocr_line' id='line_1_72' title="bbox 1949 3602 3528 3675; baseline 0.003 -21"><span class='ocrx_word' id='word_1_511' title='bbox 1949 3602 2355 3675; x_wconf 68' lang='lat' dir='ltr'><strong><em>iustiﬁcationes</em></strong></span> <span class='ocrx_word' id='word_1_512' title='bbox 2388 3612 2507 3657; x_wconf 90' lang='lat' dir='ltr'><strong><em>tuas</em></strong></span> <span class='ocrx_word' id='word_1_513' title='bbox 2556 3604 2619 3658; x_wconf 71' lang='grc' dir='ltr'><strong><em>η.</em></strong></span> <span class='ocrx_word' id='word_1_514' title='bbox 2660 3602 2750 3657; x_wconf 84' lang='lat' dir='ltr'><strong><em>Sic</em></strong></span> <span class='ocrx_word' id='word_1_515' title='bbox 2795 3604 3136 3659; x_wconf 86' lang='lat' dir='ltr'><strong><em>admirabilis</em></strong></span> <span class='ocrx_word' id='word_1_516' title='bbox 3188 3604 3399 3668; x_wconf 92' lang='lat' dir='ltr'><strong><em>Daniel,</em></strong></span> <span class='ocrx_word' id='word_1_517' title='bbox 3447 3608 3528 3661; x_wconf 89' lang='lat' dir='ltr'><strong><em>sic</em></strong></span> 
     </span>
    </p>
   </div>
   <div class='ocr_carea' id='block_1_73' title="bbox 248 3681 1843 3754">
    <p class='ocr_par' dir='ltr' id='par_1_73' title="bbox 248 3681 1843 3754">
     <span class='ocr_line' id='line_1_73' title="bbox 248 3681 1843 3754; baseline 0.001 -18"><span class='ocrx_word' id='word_1_518' title='bbox 248 3681 521 3737; x_wconf 77' lang='grc' dir='ltr'>ἐντολῶν</span> <span class='ocrx_word' id='word_1_519' title='bbox 548 3697 686 3746; x_wconf 86' lang='grc' dir='ltr'>σου,</span> <span class='ocrx_word' id='word_1_520' title='bbox 718 3684 817 3736; x_wconf 80' lang='grc' dir='ltr'>καὶ</span> <span class='ocrx_word' id='word_1_521' title='bbox 847 3686 958 3738; x_wconf 85' lang='grc' dir='ltr'>οὐκ</span> <span class='ocrx_word' id='word_1_522' title='bbox 980 3683 1368 3753; x_wconf 68' lang='grc' dir='ltr'>ἐφυλάξαμεν</span> <span class='ocrx_word' id='word_1_523' title='bbox 1390 3686 1463 3740; x_wconf 80' lang='grc' dir='ltr'>τὰ</span> <span class='ocrx_word' id='word_1_524' title='bbox 1483 3684 1843 3754; x_wconf 82' lang='grc' dir='ltr'>δικαιώματά</span> 
     </span>
    </p>
   </div>
   <div class='ocr_carea' id='block_1_74' title="bbox 249 3774 1842 3847">
    <p class='ocr_par' dir='ltr' id='par_1_74' title="bbox 249 3774 1842 3847">
     <span class='ocr_line' id='line_1_74' title="bbox 249 3774 1842 3847; baseline 0 -17"><span class='ocrx_word' id='word_1_525' title='bbox 249 3791 393 3831; x_wconf 89' lang='grc' dir='ltr'>σου.</span> <span class='ocrx_word' id='word_1_526' title='bbox 418 3774 604 3839; x_wconf 82' lang='grc' dir='ltr'>Οὑτως</span> <span class='ocrx_word' id='word_1_527' title='bbox 645 3776 674 3828; x_wconf 96' lang='lat'><strong><em>6</em></strong></span> <span class='ocrx_word' id='word_1_528' title='bbox 708 3775 1013 3847; x_wconf 84' lang='grc' dir='ltr'>θαυμάσιος</span> <span class='ocrx_word' id='word_1_529' title='bbox 1045 3776 1263 3847; x_wconf 78' lang='grc' dir='ltr'>Δανιὴλ,</span> <span class='ocrx_word' id='word_1_530' title='bbox 1299 3777 1472 3840; x_wconf 83' lang='grc' dir='ltr'>οὑτως</span> <span class='ocrx_word' id='word_1_531' title='bbox 1497 3779 1524 3831; x_wconf 91' lang='lat'><strong><em>6</em></strong></span> <span class='ocrx_word' id='word_1_532' title='bbox 1556 3777 1842 3840; x_wconf 83' lang='grc' dir='ltr'>θεσπέσιος</span> 
     </span>
    </p>
   </div>
   <div class='ocr_carea' id='block_1_75' title="bbox 260 3867 1844 3939">
    <p class='ocr_par' dir='ltr' id='par_1_75' title="bbox 260 3867 1844 3939">
     <span class='ocr_line' id='line_1_75' title="bbox 260 3867 1844 3939; baseline 0.001 -18"><span class='ocrx_word' id='word_1_533' title='bbox 260 3867 553 3939; x_wconf 86' lang='grc' dir='ltr'>Ἱερεμίας,</span> <span class='ocrx_word' id='word_1_534' title='bbox 584 3867 757 3932; x_wconf 80' lang='grc' dir='ltr'>οὑτως</span> <span class='ocrx_word' id='word_1_535' title='bbox 800 3870 829 3921; x_wconf 90' lang='lat'><strong><em>6</em></strong></span> <span class='ocrx_word' id='word_1_536' title='bbox 870 3867 1012 3932; x_wconf 86' lang='grc' dir='ltr'>θεῖος</span> <span class='ocrx_word' id='word_1_537' title='bbox 1058 3868 1306 3932; x_wconf 75' lang='grc' dir='ltr'>Ἠσαίας,</span> <span class='ocrx_word' id='word_1_538' title='bbox 1334 3868 1506 3933; x_wconf 79' lang='grc' dir='ltr'>οὕτως</span> <span class='ocrx_word' id='word_1_539' title='bbox 1537 3870 1565 3921; x_wconf 91' lang='lat'><strong><em>6</em></strong></span> <span class='ocrx_word' id='word_1_540' title='bbox 1599 3868 1844 3939; x_wconf 78' lang='grc' dir='ltr'>σοφώτα-</span> 
     </span>
    </p>
   </div>
   <div class='ocr_carea' id='block_1_76' title="bbox 250 3959 1844 4033">
    <p class='ocr_par' dir='ltr' id='par_1_76' title="bbox 250 3959 1844 4033">
     <span class='ocr_line' id='line_1_76' title="bbox 250 3959 1844 4033; baseline 0.003 -22"><span class='ocrx_word' id='word_1_541' title='bbox 250 3975 344 4023; x_wconf 79' lang='grc' dir='ltr'><strong><em>τος</em></strong></span> <span class='ocrx_word' id='word_1_542' title='bbox 376 3960 585 4023; x_wconf 83' lang='grc' dir='ltr'>Παῦλος</span> <span class='ocrx_word' id='word_1_543' title='bbox 605 3978 618 3990; x_wconf 92' lang='grc'><strong>·</strong></span> <span class='ocrx_word' id='word_1_544' title='bbox 652 3959 905 4029; x_wconf 82' lang='grc' dir='ltr'>Χριστὸς</span> <span class='ocrx_word' id='word_1_545' title='bbox 934 3968 1063 4030; x_wconf 77' lang='grc' dir='ltr'>γὰρ,</span> <span class='ocrx_word' id='word_1_546' title='bbox 1096 3962 1279 4033; x_wconf 73' lang='grc' dir='ltr'>φησὶν,</span> <span class='ocrx_word' id='word_1_547' title='bbox 1311 3960 1598 4028; x_wconf 78' lang='grc' dir='ltr'>είσῆλθεν</span> <span class='ocrx_word' id='word_1_548' title='bbox 1632 3964 1720 4028; x_wconf 83' lang='grc' dir='ltr'><strong><em>είς</em></strong></span> <span class='ocrx_word' id='word_1_549' title='bbox 1738 3962 1844 4015; x_wconf 76' lang='grc' dir='ltr'>τὸν</span> 
     </span>
    </p>
   </div>
   <div class='ocr_carea' id='block_1_77' title="bbox 252 4048 1837 4124">
    <p class='ocr_par' dir='ltr' id='par_1_77' title="bbox 252 4048 1837 4124">
     <span class='ocr_line' id='line_1_77' title="bbox 252 4048 1837 4124; baseline 0.001 -20"><span class='ocrx_word' id='word_1_550' title='bbox 252 4051 487 4119; x_wconf 80' lang='grc' dir='ltr'>κόσμον</span> <span class='ocrx_word' id='word_1_551' title='bbox 517 4051 907 4121; x_wconf 79' lang='grc' dir='ltr'>ἁμαρτωλοὺς</span> <span class='ocrx_word' id='word_1_552' title='bbox 934 4052 1151 4116; x_wconf 85' lang='grc' dir='ltr'>σῶσαι,</span> <span class='ocrx_word' id='word_1_553' title='bbox 1184 4048 1271 4106; x_wconf 84' lang='grc' dir='ltr'>ὧν</span> <span class='ocrx_word' id='word_1_554' title='bbox 1313 4052 1543 4121; x_wconf 80' lang='grc' dir='ltr'>πρῶτός</span> <span class='ocrx_word' id='word_1_555' title='bbox 1571 4056 1685 4123; x_wconf 84' lang='grc' dir='ltr'>ειμι</span> <span class='ocrx_word' id='word_1_556' title='bbox 1706 4052 1837 4124; x_wconf 64' lang='grc' dir='ltr'><strong><em>ἐγώ·</em></strong></span> 
     </span>
    </p>
   </div>
   <div class='ocr_carea' id='block_1_78' title="bbox 254 4144 1838 4214">
    <p class='ocr_par' dir='ltr' id='par_1_78' title="bbox 254 4144 1838 4214">
     <span class='ocr_line' id='line_1_78' title="bbox 254 4144 1838 4214; baseline 0.003 -17"><span class='ocrx_word' id='word_1_557' title='bbox 254 4144 349 4197; x_wconf 77' lang='grc' dir='ltr'><strong><em>καὶ</em></strong></span> <span class='ocrx_word' id='word_1_558' title='bbox 378 4144 539 4198; x_wconf 83' lang='grc' dir='ltr'>πάλιν</span> <span class='ocrx_word' id='word_1_559' title='bbox 560 4161 574 4175; x_wconf 73' lang='grc' dir='ltr'><strong>ο</strong></span> <span class='ocrx_word' id='word_1_560' title='bbox 624 4147 744 4199; x_wconf 82' lang='grc' dir='ltr'><strong><em>Οὐκ</em></strong></span> <span class='ocrx_word' id='word_1_561' title='bbox 782 4146 897 4214; x_wconf 69' lang='grc' dir='ltr'>εἰμὶ</span> <span class='ocrx_word' id='word_1_562' title='bbox 930 4145 1099 4211; x_wconf 78' lang='grc' dir='ltr'>ἄξιος</span> <span class='ocrx_word' id='word_1_563' title='bbox 1131 4145 1443 4199; x_wconf 76' lang='grc' dir='ltr'>καλεῖσθαι</span> <span class='ocrx_word' id='word_1_564' title='bbox 1475 4147 1838 4213; x_wconf 81' lang='grc' dir='ltr'>ἀπόστολος.</span> 
     </span>
    </p>
   </div>
   <div class='ocr_carea' id='block_1_79' title="bbox 252 4234 1843 4310">
    <p class='ocr_par' dir='ltr' id='par_1_79' title="bbox 252 4234 1843 4310">
     <span class='ocr_line' id='line_1_79' title="bbox 252 4234 1843 4310; baseline 0.003 -22"><span class='ocrx_word' id='word_1_565' title='bbox 252 4234 412 4289; x_wconf 74' lang='grc' dir='ltr'>θῦτω</span> <span class='ocrx_word' id='word_1_566' title='bbox 449 4237 625 4291; x_wconf 86' lang='grc' dir='ltr'>τοίνυν</span> <span class='ocrx_word' id='word_1_567' title='bbox 650 4236 929 4291; x_wconf 79' lang='grc' dir='ltr'>κάνταῦθα</span> <span class='ocrx_word' id='word_1_568' title='bbox 955 4240 1074 4301; x_wconf 89' lang='grc' dir='ltr'>ταῖς</span> <span class='ocrx_word' id='word_1_569' title='bbox 1106 4238 1257 4309; x_wconf 86' lang='grc' dir='ltr'><strong><em>παρά</em></strong></span> <span class='ocrx_word' id='word_1_570' title='bbox 1285 4238 1393 4290; x_wconf 86' lang='grc' dir='ltr'>τῶν</span> <span class='ocrx_word' id='word_1_571' title='bbox 1417 4238 1693 4291; x_wconf 78' lang='grc' dir='ltr'>δυσσεὸὦν</span> <span class='ocrx_word' id='word_1_572' title='bbox 1727 4256 1843 4310; x_wconf 86' lang='grc' dir='ltr'>τρι-</span> 
     </span>
    </p>
   </div>
   <div class='ocr_carea' id='block_1_80' title="bbox 252 4330 1842 4402">
    <p class='ocr_par' dir='ltr' id='par_1_80' title="bbox 252 4330 1842 4402">
     <span class='ocr_line' id='line_1_80' title="bbox 252 4330 1842 4402; baseline -0.001 -18"><span class='ocrx_word' id='word_1_573' title='bbox 252 4330 482 4401; x_wconf 89' lang='grc' dir='ltr'>κυμίαις</span> <span class='ocrx_word' id='word_1_574' title='bbox 509 4330 807 4402; x_wconf 63' lang='grc' dir='ltr'>βαλλομένη</span> <span class='ocrx_word' id='word_1_575' title='bbox 854 4332 887 4401; x_wconf 85' lang='grc' dir='ltr'><strong>ή</strong></span> <span class='ocrx_word' id='word_1_576' title='bbox 942 4330 1036 4383; x_wconf 85' lang='grc' dir='ltr'><strong><em>τοῦ</em></strong></span> <span class='ocrx_word' id='word_1_577' title='bbox 1084 4330 1220 4383; x_wconf 83' lang='grc' dir='ltr'>Θεοῦ</span> <span class='ocrx_word' id='word_1_578' title='bbox 1266 4330 1559 4401; x_wconf 83' lang='grc' dir='ltr'>Ἐκκλησία</span> <span class='ocrx_word' id='word_1_579' title='bbox 1589 4331 1647 4383; x_wconf 90' lang='grc' dir='ltr'><strong><em>οὑ</em></strong></span> <span class='ocrx_word' id='word_1_580' title='bbox 1696 4331 1842 4401; x_wconf 86' lang='grc' dir='ltr'>μέγα</span> 
     </span>
    </p>
   </div>
   <div class='ocr_carea' id='block_1_81' title="bbox 251 4422 1845 4498">
    <p class='ocr_par' dir='ltr' id='par_1_81' title="bbox 251 4422 1845 4498">
     <span class='ocr_line' id='line_1_81' title="bbox 251 4422 1845 4498; baseline -0.002 -21"><span class='ocrx_word' id='word_1_581' title='bbox 251 4428 462 4498; x_wconf 84' lang='grc' dir='ltr'>φρονεῖ,</span> <span class='ocrx_word' id='word_1_582' title='bbox 480 4425 556 4489; x_wconf 80' lang='grc' dir='ltr'>ὡς</span> <span class='ocrx_word' id='word_1_583' title='bbox 590 4424 983 4495; x_wconf 77' lang='grc' dir='ltr'>ἀγωνιζομένη,</span> <span class='ocrx_word' id='word_1_584' title='bbox 1010 4424 1124 4477; x_wconf 84' lang='grc' dir='ltr'>ἀλλ’</span> <span class='ocrx_word' id='word_1_585' title='bbox 1153 4424 1446 4493; x_wconf 82' lang='grc' dir='ltr'>ἁμαρτίαις</span> <span class='ocrx_word' id='word_1_586' title='bbox 1477 4422 1570 4475; x_wconf 76' lang='grc' dir='ltr'>καὶ</span> <span class='ocrx_word' id='word_1_587' title='bbox 1594 4422 1698 4493; x_wconf 89' lang='grc' dir='ltr'><strong><em>πλη</em></strong></span> <span class='ocrx_word' id='word_1_588' title='bbox 1709 4442 1845 4494; x_wconf 88' lang='grc' dir='ltr'>μμε-</span> 
     </span>
    </p>
   </div>
   <div class='ocr_carea' id='block_1_82' title="bbox 249 4513 1844 4586">
    <p class='ocr_par' dir='ltr' id='par_1_82' title="bbox 249 4513 1844 4586">
     <span class='ocr_line' id='line_1_82' title="bbox 249 4513 1844 4586; baseline -0.002 -16"><span class='ocrx_word' id='word_1_589' title='bbox 249 4518 425 4581; x_wconf 88' lang='grc' dir='ltr'>λείαις</span> <span class='ocrx_word' id='word_1_590' title='bbox 460 4517 743 4586; x_wconf 89' lang='grc' dir='ltr'>ἀνατίθησι</span> <span class='ocrx_word' id='word_1_591' title='bbox 779 4515 848 4569; x_wconf 85' lang='grc' dir='ltr'>τὰ</span> <span class='ocrx_word' id='word_1_592' title='bbox 876 4515 1163 4584; x_wconf 89' lang='grc' dir='ltr'>γενόμενα,</span> <span class='ocrx_word' id='word_1_593' title='bbox 1194 4514 1285 4567; x_wconf 78' lang='grc' dir='ltr'>καὶ</span> <span class='ocrx_word' id='word_1_594' title='bbox 1316 4513 1415 4584; x_wconf 79' lang='grc' dir='ltr'>τῆς</span> <span class='ocrx_word' id='word_1_595' title='bbox 1440 4513 1590 4585; x_wconf 79' lang='grc' dir='ltr'>παρὰ</span> <span class='ocrx_word' id='word_1_596' title='bbox 1611 4513 1704 4566; x_wconf 91' lang='grc' dir='ltr'><strong><em>τοῦ</em></strong></span> <span class='ocrx_word' id='word_1_597' title='bbox 1729 4514 1844 4567; x_wconf 89' lang='grc' dir='ltr'><strong><em>Σω-</em></strong></span> 
     </span>
    </p>
   </div>
   <div class='ocr_carea' id='block_1_83' title="bbox 248 4585 1919 4679">
    <p class='ocr_par' dir='ltr' id='par_1_83' title="bbox 248 4585 1919 4679">
     <span class='ocr_line' id='line_1_83' title="bbox 248 4585 1919 4679; baseline -0.004 -16"><span class='ocrx_word' id='word_1_598' title='bbox 248 4608 421 4679; x_wconf 81' lang='grc' dir='ltr'>τῆρος</span> <span class='ocrx_word' id='word_1_599' title='bbox 466 4607 784 4678; x_wconf 77' lang='grc' dir='ltr'>ἐπικουρίας</span> <span class='ocrx_word' id='word_1_600' title='bbox 830 4605 1137 4659; x_wconf 85' lang='grc' dir='ltr'>ἀπολαῦσαι</span> <span class='ocrx_word' id='word_1_601' title='bbox 1182 4605 1727 4676; x_wconf 76' lang='grc' dir='ltr'>παρακαλεῖ.”Αλλως</span> <span class='ocrx_word' id='word_1_602' title='bbox 1754 4622 1838 4669; x_wconf 89' lang='grc' dir='ltr'><strong><em>τε,</em></strong></span> <span class='ocrx_word' id='word_1_603' title='bbox 1875 4585 1919 4640; x_wconf 80' lang='grc' dir='ltr'><strong>Ῑ)</strong></span> 
     </span>
    </p>
   </div>
   <div class='ocr_carea' id='block_1_84' title="bbox 249 4697 1841 4770">
    <p class='ocr_par' dir='ltr' id='par_1_84' title="bbox 249 4697 1841 4770">
     <span class='ocr_line' id='line_1_84' title="bbox 249 4697 1841 4770; baseline -0.002 -17"><span class='ocrx_word' id='word_1_604' title='bbox 249 4700 364 4753; x_wconf 77' lang='grc' dir='ltr'>οὐδ’</span> <span class='ocrx_word' id='word_1_605' title='bbox 393 4702 459 4753; x_wconf 84' lang='grc' dir='ltr'>ἐκ</span> <span class='ocrx_word' id='word_1_606' title='bbox 506 4699 727 4753; x_wconf 87' lang='grc' dir='ltr'>τελείων</span> <span class='ocrx_word' id='word_1_607' title='bbox 770 4698 957 4753; x_wconf 78' lang='grc' dir='ltr'>ἅπασα</span> <span class='ocrx_word' id='word_1_608' title='bbox 990 4698 1319 4770; x_wconf 86' lang='grc' dir='ltr'>συνέστηκεν</span> <span class='ocrx_word' id='word_1_609' title='bbox 1349 4698 1382 4769; x_wconf 78' lang='grc' dir='ltr'>ἠ</span> <span class='ocrx_word' id='word_1_610' title='bbox 1412 4697 1506 4751; x_wconf 90' lang='grc' dir='ltr'><strong><em>τοῦ</em></strong></span> <span class='ocrx_word' id='word_1_611' title='bbox 1542 4698 1679 4751; x_wconf 84' lang='grc' dir='ltr'>Θεοῦ</span> <span class='ocrx_word' id='word_1_612' title='bbox 1720 4698 1841 4750; x_wconf 83' lang='grc' dir='ltr'><strong><em>Ἐκ-</em></strong></span> 
     </span>
    </p>
   </div>
   <div class='ocr_carea' id='block_1_85' title="bbox 249 4785 1840 4859">
    <p class='ocr_par' dir='ltr' id='par_1_85' title="bbox 249 4785 1840 4859">
     <span class='ocr_line' id='line_1_85' title="bbox 249 4785 1840 4859; baseline -0.001 -18"><span class='ocrx_word' id='word_1_613' title='bbox 249 4787 475 4859; x_wconf 82' lang='grc' dir='ltr'>κλησία,</span> <span class='ocrx_word' id='word_1_614' title='bbox 510 4787 624 4840; x_wconf 81' lang='grc' dir='ltr'>ἀλλ’</span> <span class='ocrx_word' id='word_1_615' title='bbox 652 4787 765 4858; x_wconf 78' lang='grc' dir='ltr'>ἔχει</span> <span class='ocrx_word' id='word_1_616' title='bbox 814 4789 909 4840; x_wconf 78' lang='grc' dir='ltr'>καὶ</span> <span class='ocrx_word' id='word_1_617' title='bbox 958 4788 1083 4850; x_wconf 84' lang='grc' dir='ltr'>τοὺς</span> <span class='ocrx_word' id='word_1_618' title='bbox 1117 4785 1370 4858; x_wconf 74' lang='grc' dir='ltr'>ῥαστώνῃ</span> <span class='ocrx_word' id='word_1_619' title='bbox 1412 4786 1710 4850; x_wconf 79' lang='grc' dir='ltr'>συζῶντας,</span> <span class='ocrx_word' id='word_1_620' title='bbox 1747 4788 1840 4839; x_wconf 71' lang='grc' dir='ltr'><strong><em>καὶ</em></strong></span> 
     </span>
    </p>
   </div>
   <div class='ocr_carea' id='block_1_86' title="bbox 248 4878 1840 4950">
    <p class='ocr_par' dir='ltr' id='par_1_86' title="bbox 248 4878 1840 4950">
     <span class='ocr_line' id='line_1_86' title="bbox 248 4878 1840 4950; baseline -0.001 -17"><span class='ocrx_word' id='word_1_621' title='bbox 248 4880 344 4934; x_wconf 78' lang='grc' dir='ltr'><strong><em>τὸν</em></strong></span> <span class='ocrx_word' id='word_1_622' title='bbox 381 4880 661 4950; x_wconf 78' lang='grc' dir='ltr'>ἀνειμένον</span> <span class='ocrx_word' id='word_1_623' title='bbox 707 4879 819 4949; x_wconf 88' lang='grc' dir='ltr'>βίον</span> <span class='ocrx_word' id='word_1_624' title='bbox 858 4878 1292 4949; x_wconf 75' lang='grc' dir='ltr'>ἀσπαζομένους,</span> <span class='ocrx_word' id='word_1_625' title='bbox 1334 4879 1429 4931; x_wconf 71' lang='grc' dir='ltr'>καὶ</span> <span class='ocrx_word' id='word_1_626' title='bbox 1458 4880 1673 4950; x_wconf 79' lang='grc' dir='ltr'>ἡδοναῖς</span> <span class='ocrx_word' id='word_1_627' title='bbox 1718 4879 1840 4932; x_wconf 88' lang='grc' dir='ltr'>δου-</span> 
     </span>
    </p>
   </div>
   <div class='ocr_carea' id='block_1_87' title="bbox 250 4969 1841 5042">
    <p class='ocr_par' dir='ltr' id='par_1_87' title="bbox 250 4969 1841 5042">
     <span class='ocr_line' id='line_1_87' title="bbox 250 4969 1841 5042; baseline -0.002 -16"><span class='ocrx_word' id='word_1_628' title='bbox 250 4971 433 5026; x_wconf 87' lang='grc' dir='ltr'>λεύειν</span> <span class='ocrx_word' id='word_1_629' title='bbox 461 4972 837 5042; x_wconf 80' lang='grc' dir='ltr'>αἱρουμένους.</span> <span class='ocrx_word' id='word_1_630' title='bbox 878 4972 989 5025; x_wconf 81' lang='grc' dir='ltr'><strong><em>Καὶ</em></strong></span> <span class='ocrx_word' id='word_1_631' title='bbox 1019 4970 1207 5041; x_wconf 76' lang='grc' dir='ltr'>ἐπειδὴ</span> <span class='ocrx_word' id='word_1_632' title='bbox 1236 4972 1293 5023; x_wconf 80' lang='grc' dir='ltr'>ἓν</span> <span class='ocrx_word' id='word_1_633' title='bbox 1323 4972 1441 5024; x_wconf 78' lang='grc' dir='ltr'>ἐστι</span> <span class='ocrx_word' id='word_1_634' title='bbox 1469 4971 1648 5042; x_wconf 84' lang='grc' dir='ltr'>σῶμα,</span> <span class='ocrx_word' id='word_1_635' title='bbox 1682 4970 1758 5034; x_wconf 81' lang='grc' dir='ltr'>ὼς</span> <span class='ocrx_word' id='word_1_636' title='bbox 1783 4969 1841 5036; x_wconf 79' lang='grc' dir='ltr'>ἐξ</span> 
     </span>
    </p>
   </div>
   <div class='ocr_carea' id='block_1_88' title="bbox 249 5063 1710 5137">
    <p class='ocr_par' dir='ltr' id='par_1_88' title="bbox 249 5063 1710 5137">
     <span class='ocr_line' id='line_1_88' title="bbox 249 5063 1710 5137; baseline -0.001 -18"><span class='ocrx_word' id='word_1_637' title='bbox 249 5065 375 5131; x_wconf 74' lang='grc' dir='ltr'>ἑνὸς</span> <span class='ocrx_word' id='word_1_638' title='bbox 404 5063 698 5136; x_wconf 82' lang='grc' dir='ltr'>προσώπου</span> <span class='ocrx_word' id='word_1_639' title='bbox 734 5065 824 5117; x_wconf 78' lang='grc' dir='ltr'>καὶ</span> <span class='ocrx_word' id='word_1_640' title='bbox 856 5063 1033 5118; x_wconf 87' lang='grc' dir='ltr'>ταῦτα</span> <span class='ocrx_word' id='word_1_641' title='bbox 1062 5066 1289 5118; x_wconf 86' lang='grc' dir='ltr'>κάκεῖνα</span> <span class='ocrx_word' id='word_1_642' title='bbox 1320 5065 1710 5137; x_wconf 81' lang='grc' dir='ltr'>προσφέρεται.</span> 
     </span>
    </p>
   </div>
   <div class='ocr_carea' id='block_1_89' title="bbox 322 5177 1841 5251">
    <p class='ocr_par' dir='ltr' id='par_1_89' title="bbox 322 5177 1841 5251">
     <span class='ocr_line' id='line_1_89' title="bbox 322 5177 1841 5251; baseline 0 -20"><span class='ocrx_word' id='word_1_643' title='bbox 322 5179 556 5250; x_wconf 82' lang='grc' dir='ltr'>Νοήσεις</span> <span class='ocrx_word' id='word_1_644' title='bbox 576 5179 669 5231; x_wconf 72' lang='grc' dir='ltr'>καὶ</span> <span class='ocrx_word' id='word_1_645' title='bbox 705 5177 906 5242; x_wconf 75' lang='grc' dir='ltr'>οὕτως’</span> <span class='ocrx_word' id='word_1_646' title='bbox 962 5179 1115 5232; x_wconf 75' lang='grc' dir='ltr'>Ἐπεὶ</span> <span class='ocrx_word' id='word_1_647' title='bbox 1166 5180 1227 5233; x_wconf 82' lang='grc' dir='ltr'><strong><em>οὑ</em></strong></span> <span class='ocrx_word' id='word_1_648' title='bbox 1269 5180 1352 5233; x_wconf 89' lang='grc' dir='ltr'><strong><em>δεῖ</em></strong></span> <span class='ocrx_word' id='word_1_649' title='bbox 1388 5178 1713 5251; x_wconf 75' lang='grc' dir='ltr'>μακαρίζειν</span> <span class='ocrx_word' id='word_1_650' title='bbox 1747 5180 1841 5232; x_wconf 84' lang='grc' dir='ltr'><strong><em>ἄν-</em></strong></span> 
     </span>
    </p>
   </div>
   <div class='ocr_carea' id='block_1_90' title="bbox 250 5270 1839 5343">
    <p class='ocr_par' dir='ltr' id='par_1_90' title="bbox 250 5270 1839 5343">
     <span class='ocr_line' id='line_1_90' title="bbox 250 5270 1839 5343; baseline -0.001 -18"><span class='ocrx_word' id='word_1_651' title='bbox 250 5271 473 5341; x_wconf 84' lang='grc' dir='ltr'>θρωπον</span> <span class='ocrx_word' id='word_1_652' title='bbox 510 5270 615 5341; x_wconf 83' lang='grc' dir='ltr'>πρὸ</span> <span class='ocrx_word' id='word_1_653' title='bbox 656 5271 913 5341; x_wconf 81' lang='grc' dir='ltr'>τελευτῆς</span> <span class='ocrx_word' id='word_1_654' title='bbox 952 5272 1140 5333; x_wconf 83' lang='grc' dir='ltr'>αὑτοῦ,</span> <span class='ocrx_word' id='word_1_655' title='bbox 1167 5273 1391 5336; x_wconf 86' lang='grc' dir='ltr'>εἰκότως</span> <span class='ocrx_word' id='word_1_656' title='bbox 1427 5273 1455 5324; x_wconf 93' lang='lat'><strong><em>6</em></strong></span> <span class='ocrx_word' id='word_1_657' title='bbox 1478 5271 1577 5343; x_wconf 84' lang='grc' dir='ltr'>μὲν</span> <span class='ocrx_word' id='word_1_658' title='bbox 1608 5271 1839 5324; x_wconf 85' lang='grc' dir='ltr'>ἀπόστο-</span> 
     </span>
    </p>
   </div>
   <div class='ocr_carea' id='block_1_91' title="bbox 248 5361 1841 5435">
    <p class='ocr_par' dir='ltr' id='par_1_91' title="bbox 248 5361 1841 5435">
     <span class='ocr_line' id='line_1_91' title="bbox 248 5361 1841 5435; baseline 0 -19"><span class='ocrx_word' id='word_1_659' title='bbox 248 5364 365 5425; x_wconf 84' lang='grc' dir='ltr'>λος.</span> <span class='ocrx_word' id='word_1_660' title='bbox 391 5361 593 5433; x_wconf 88' lang='grc' dir='ltr'>καίπερ</span> <span class='ocrx_word' id='word_1_661' title='bbox 638 5361 933 5426; x_wconf 86' lang='grc' dir='ltr'>ἀπόστολος</span> <span class='ocrx_word' id='word_1_662' title='bbox 980 5363 1056 5415; x_wconf 84' lang='grc' dir='ltr'>ὢν</span> <span class='ocrx_word' id='word_1_663' title='bbox 1096 5366 1190 5419; x_wconf 76' lang='grc' dir='ltr'>καὶ</span> <span class='ocrx_word' id='word_1_664' title='bbox 1236 5364 1432 5435; x_wconf 84' lang='grc' dir='ltr'>κλητὸς</span> <span class='ocrx_word' id='word_1_665' title='bbox 1465 5364 1559 5418; x_wconf 67' lang='grc' dir='ltr'>καὶ</span> <span class='ocrx_word' id='word_1_666' title='bbox 1585 5363 1841 5427; x_wconf 76' lang='grc' dir='ltr'>ἐκλεκτὸς</span> 
     </span>
    </p>
   </div>
   <div class='ocr_carea' id='block_1_92' title="bbox 248 5453 1841 5528">
    <p class='ocr_par' dir='ltr' id='par_1_92' title="bbox 248 5453 1841 5528">
     <span class='ocr_line' id='line_1_92' title="bbox 248 5453 1841 5528; baseline -0.003 -16"><span class='ocrx_word' id='word_1_667' title='bbox 248 5456 492 5528; x_wconf 81' lang='grc' dir='ltr'>Χριστοῦ</span> <span class='ocrx_word' id='word_1_668' title='bbox 533 5454 728 5527; x_wconf 84' lang='grc' dir='ltr'>Ἰησοῦ,</span> <span class='ocrx_word' id='word_1_669' title='bbox 764 5458 913 5528; x_wconf 83' lang='grc' dir='ltr'>ὅμως</span> <span class='ocrx_word' id='word_1_670' title='bbox 941 5457 1040 5510; x_wconf 87' lang='grc' dir='ltr'><strong><em>οὑκ</em></strong></span> <span class='ocrx_word' id='word_1_671' title='bbox 1083 5458 1231 5510; x_wconf 86' lang='grc' dir='ltr'>ὀκνεῖ</span> <span class='ocrx_word' id='word_1_672' title='bbox 1277 5458 1489 5527; x_wconf 86' lang='grc' dir='ltr'>λέγειν·</span> <span class='ocrx_word' id='word_1_673' title='bbox 1532 5453 1841 5515; x_wconf 81' lang='grc' dir='ltr'>Ύποπιέζω</span> 
     </span>
    </p>
   </div>
   <div class='ocr_carea' id='block_1_93' title="bbox 243 5548 1837 5621">
    <p class='ocr_par' dir='ltr' id='par_1_93' title="bbox 243 5548 1837 5621">
     <span class='ocr_line' id='line_1_93' title="bbox 243 5548 1837 5621; baseline -0.003 -17"><span class='ocrx_word' id='word_1_674' title='bbox 243 5569 369 5621; x_wconf 80' lang='grc' dir='ltr'><strong><em>μου</em></strong></span> <span class='ocrx_word' id='word_1_675' title='bbox 398 5549 463 5604; x_wconf 84' lang='grc' dir='ltr'>τὸ</span> <span class='ocrx_word' id='word_1_676' title='bbox 492 5548 686 5619; x_wconf 83' lang='grc' dir='ltr'>σῶμα,</span> <span class='ocrx_word' id='word_1_677' title='bbox 716 5550 813 5603; x_wconf 79' lang='grc' dir='ltr'><strong><em>καί</em></strong></span> <span class='ocrx_word' id='word_1_678' title='bbox 845 5548 1223 5618; x_wconf 76' lang='grc' dir='ltr'>δουλαγωγῶ,</span> <span class='ocrx_word' id='word_1_679' title='bbox 1239 5548 1473 5617; x_wconf 79' lang='grc' dir='ltr'>μήπως,</span> <span class='ocrx_word' id='word_1_680' title='bbox 1496 5548 1709 5614; x_wconf 64' lang='grc' dir='ltr'>ἄλλοις</span> <span class='ocrx_word' id='word_1_681' title='bbox 1731 5564 1837 5614; x_wconf 84' lang='grc' dir='ltr'>κη-</span> 
     </span>
    </p>
   </div>
   <div class='ocr_carea' id='block_1_94' title="bbox 240 5636 1840 5713">
    <p class='ocr_par' dir='ltr' id='par_1_94' title="bbox 240 5636 1840 5713">
     <span class='ocr_line' id='line_1_94' title="bbox 240 5636 1840 5713; baseline -0.004 -16"><span class='ocrx_word' id='word_1_682' title='bbox 240 5642 461 5713; x_wconf 77' lang='grc' dir='ltr'>ρύξας,</span> <span class='ocrx_word' id='word_1_683' title='bbox 500 5640 683 5706; x_wconf 75' lang='grc' dir='ltr'>αὐτὸς</span> <span class='ocrx_word' id='word_1_684' title='bbox 715 5639 993 5710; x_wconf 77' lang='grc' dir='ltr'>ἀδόκιμος</span> <span class='ocrx_word' id='word_1_685' title='bbox 1023 5640 1296 5708; x_wconf 77' lang='grc' dir='ltr'>γένωμαι.</span> <span class='ocrx_word' id='word_1_686' title='bbox 1335 5637 1409 5691; x_wconf 82' lang='grc' dir='ltr'><strong><em>Τὸ</em></strong></span> <span class='ocrx_word' id='word_1_687' title='bbox 1435 5636 1566 5692; x_wconf 83' lang='grc' dir='ltr'>αὑτὸ</span> <span class='ocrx_word' id='word_1_688' title='bbox 1598 5637 1654 5689; x_wconf 76' lang='grc' dir='ltr'>δὲ</span> <span class='ocrx_word' id='word_1_689' title='bbox 1686 5637 1779 5689; x_wconf 74' lang='grc' dir='ltr'>καὶ</span> <span class='ocrx_word' id='word_1_690' title='bbox 1811 5638 1840 5690; x_wconf 91' lang='lat'><strong><em>6</em></strong></span> 
     </span>
    </p>
   </div>
   <div class='ocr_carea' id='block_1_95' title="bbox 330 5788 1844 5862">
    <p class='ocr_par' dir='ltr' id='par_1_95' title="bbox 330 5791 1839 5862">
     <span class='ocr_line' id='line_1_95' title="bbox 330 5791 1839 5862; baseline -0.004 -9"><span class='ocrx_word' id='word_1_691' title='bbox 330 5800 373 5829; x_wconf 84' lang='lat'>&quot;</span> <span class='ocrx_word' id='word_1_692' title='bbox 412 5798 545 5853; x_wconf 76' lang='lat' dir='ltr'><strong><em>Dan.</em></strong></span> <span class='ocrx_word' id='word_1_693' title='bbox 585 5813 678 5862; x_wconf 87' lang='grc' dir='ltr'>ιιι,</span> <span class='ocrx_word' id='word_1_694' title='bbox 715 5797 803 5854; x_wconf 73' lang='grc'><strong><em>29.</em></strong></span> <span class='ocrx_word' id='word_1_695' title='bbox 882 5797 925 5829; x_wconf 83' lang='grc'>¹⁸</span> <span class='ocrx_word' id='word_1_696' title='bbox 966 5797 980 5851; x_wconf 97' lang='lat' dir='ltr'><strong><em>l</em></strong></span> <span class='ocrx_word' id='word_1_697' title='bbox 1020 5794 1158 5851; x_wconf 81' lang='lat' dir='ltr'><strong><em>Tim.</em></strong></span> <span class='ocrx_word' id='word_1_698' title='bbox 1196 5813 1247 5862; x_wconf 91' lang='grc' dir='ltr'><strong><em>ι,</em></strong></span> <span class='ocrx_word' id='word_1_699' title='bbox 1288 5794 1371 5851; x_wconf 84' lang='lat' dir='ltr'><strong><em>l5.</em></strong></span> <span class='ocrx_word' id='word_1_700' title='bbox 1452 5793 1497 5827; x_wconf 76' lang='lat'>“</span> <span class='ocrx_word' id='word_1_701' title='bbox 1534 5791 1553 5847; x_wconf 87' lang='grc'><strong>1</strong></span> <span class='ocrx_word' id='word_1_702' title='bbox 1586 5792 1713 5849; x_wconf 86' lang='lat' dir='ltr'><strong><em>Cor.</em></strong></span> <span class='ocrx_word' id='word_1_703' title='bbox 1751 5808 1839 5859; x_wconf 78' lang='lat' dir='ltr'><strong><em>sv,</em></strong></span> 
     </span>
    </p>
   </div>
   <div class='ocr_carea' id='block_1_96' title="bbox 1949 5788 2512 5862">
    <p class='ocr_par' dir='ltr' id='par_1_96' title="bbox 2012 5788 2512 5857">
     <span class='ocr_line' id='line_1_96' title="bbox 2012 5788 2512 5857; baseline -0.004 -14"><span class='ocrx_word' id='word_1_704' title='bbox 2012 5790 2074 5823; x_wconf 77' lang='lat'><strong><em>“‘</em></strong></span> <span class='ocrx_word' id='word_1_705' title='bbox 2098 5788 2262 5845; x_wconf 81' lang='lat' dir='ltr'><strong><em>Eccli.</em></strong></span> <span class='ocrx_word' id='word_1_706' title='bbox 2305 5806 2387 5857; x_wconf 73' lang='lat' dir='ltr'><strong><em>XI,</em></strong></span> <span class='ocrx_word' id='word_1_707' title='bbox 2425 5790 2512 5845; x_wconf 77' lang='lat'><strong>50.</strong></span> 
     </span>
    </p>
   </div>
   <div class='ocr_carea' id='block_1_97' title="bbox 1949 3692 3527 3767">
    <p class='ocr_par' dir='ltr' id='par_1_97' title="bbox 1949 3692 3527 3767">
     <span class='ocr_line' id='line_1_97' title="bbox 1949 3692 3527 3767; baseline 0.001 -18"><span class='ocrx_word' id='word_1_708' title='bbox 1949 3711 2181 3765; x_wconf 80' lang='lat' dir='ltr'><strong><em>magnus</em></strong></span> <span class='ocrx_word' id='word_1_709' title='bbox 2206 3695 2295 3749; x_wconf 89' lang='lat' dir='ltr'><strong><em>ille</em></strong></span> <span class='ocrx_word' id='word_1_710' title='bbox 2321 3692 2610 3758; x_wconf 80' lang='lat' dir='ltr'><strong><em>Jeremias,</em></strong></span> <span class='ocrx_word' id='word_1_711' title='bbox 2635 3694 2715 3748; x_wconf 90' lang='lat' dir='ltr'><strong><em>sic</em></strong></span> <span class='ocrx_word' id='word_1_712' title='bbox 2741 3694 2961 3750; x_wconf 89' lang='lat' dir='ltr'><strong><em>divinus</em></strong></span> <span class='ocrx_word' id='word_1_713' title='bbox 2986 3695 3174 3757; x_wconf 90' lang='lat' dir='ltr'><strong><em>Isaias,</em></strong></span> <span class='ocrx_word' id='word_1_714' title='bbox 3201 3695 3283 3750; x_wconf 87' lang='lat' dir='ltr'><strong><em>sic</em></strong></span> <span class='ocrx_word' id='word_1_715' title='bbox 3309 3697 3527 3767; x_wconf 89' lang='lat' dir='ltr'><strong><em>sapien-</em></strong></span> 
     </span>
    </p>
   </div>
   <div class='ocr_carea' id='block_1_98' title="bbox 1947 3785 3527 3858">
    <p class='ocr_par' dir='ltr' id='par_1_98' title="bbox 1947 3785 3527 3858">
     <span class='ocr_line' id='line_1_98' title="bbox 1947 3785 3527 3858; baseline 0.001 -17"><span class='ocrx_word' id='word_1_716' title='bbox 1947 3789 2197 3843; x_wconf 80' lang='lat' dir='ltr'><strong><em>tissimus</em></strong></span> <span class='ocrx_word' id='word_1_717' title='bbox 2229 3785 2431 3841; x_wconf 85' lang='lat' dir='ltr'><strong><em>Paulus</em></strong></span> <span class='ocrx_word' id='word_1_718' title='bbox 2466 3805 2477 3839; x_wconf 94' lang='lat'>:</span> <span class='ocrx_word' id='word_1_719' title='bbox 2512 3786 2755 3842; x_wconf 81' lang='lat' dir='ltr'><strong><em>Christus</em></strong></span> <span class='ocrx_word' id='word_1_720' title='bbox 2789 3789 2957 3851; x_wconf 88' lang='lat' dir='ltr'><strong><em>enim,</em></strong></span> <span class='ocrx_word' id='word_1_721' title='bbox 2988 3789 3184 3858; x_wconf 75' lang='lat' dir='ltr'><strong><em>inquit,</em></strong></span> <span class='ocrx_word' id='word_1_722' title='bbox 3217 3789 3432 3842; x_wconf 83' lang='lat' dir='ltr'><strong><em>intravit</em></strong></span> <span class='ocrx_word' id='word_1_723' title='bbox 3472 3790 3527 3842; x_wconf 86' lang='lat' dir='ltr'><strong><em>in</em></strong></span> 
     </span>
    </p>
   </div>
   <div class='ocr_carea' id='block_1_99' title="bbox 1948 3878 3529 3950">
    <p class='ocr_par' dir='ltr' id='par_1_99' title="bbox 1948 3878 3529 3950">
     <span class='ocr_line' id='line_1_99' title="bbox 1948 3878 3529 3950; baseline 0.003 -19"><span class='ocrx_word' id='word_1_724' title='bbox 1948 3878 2205 3932; x_wconf 87' lang='lat' dir='ltr'><strong><em>mundum</em></strong></span> <span class='ocrx_word' id='word_1_725' title='bbox 2253 3888 2550 3948; x_wconf 88' lang='lat' dir='ltr'><strong><em>peccatores</em></strong></span> <span class='ocrx_word' id='word_1_726' title='bbox 2602 3879 2773 3933; x_wconf 88' lang='lat' dir='ltr'><strong><em>salvas</em></strong></span> <span class='ocrx_word' id='word_1_727' title='bbox 2827 3880 3021 3947; x_wconf 77' lang='lat' dir='ltr'><strong><em>facere,</em></strong></span> <span class='ocrx_word' id='word_1_728' title='bbox 3069 3897 3293 3950; x_wconf 88' lang='lat' dir='ltr'><strong><em>quorum</em></strong></span> <span class='ocrx_word' id='word_1_729' title='bbox 3327 3882 3529 3949; x_wconf 86' lang='lat' dir='ltr'><strong><em>primus</em></strong></span> 
     </span>
    </p>
   </div>
   <div class='ocr_carea' id='block_1_100' title="bbox 1948 3969 3530 4042">
    <p class='ocr_par' dir='ltr' id='par_1_100' title="bbox 1948 3969 3530 4042">
     <span class='ocr_line' id='line_1_100' title="bbox 1948 3969 3530 4042; baseline 0.001 -19"><span class='ocrx_word' id='word_1_730' title='bbox 1948 3986 2038 4041; x_wconf 86' lang='lat' dir='ltr'><strong><em>ego</em></strong></span> <span class='ocrx_word' id='word_1_731' title='bbox 2067 3987 2183 4024; x_wconf 90' lang='lat' dir='ltr'><strong><em>sum</em></strong></span> <span class='ocrx_word' id='word_1_732' title='bbox 2213 3970 2290 4035; x_wconf 86' lang='grc'><strong><em>¹³;</em></strong></span> <span class='ocrx_word' id='word_1_733' title='bbox 2324 3986 2387 4025; x_wconf 89' lang='lat' dir='ltr'><strong><em>ac</em></strong></span> <span class='ocrx_word' id='word_1_734' title='bbox 2421 3986 2663 4025; x_wconf 87' lang='lat' dir='ltr'><strong><em>rursum:</em></strong></span> <span class='ocrx_word' id='word_1_735' title='bbox 2694 3969 2814 4024; x_wconf 78' lang='lat' dir='ltr'><strong><em>Non</em></strong></span> <span class='ocrx_word' id='word_1_736' title='bbox 2838 3988 2955 4025; x_wconf 88' lang='lat' dir='ltr'><strong><em>sum</em></strong></span> <span class='ocrx_word' id='word_1_737' title='bbox 2979 3972 3167 4041; x_wconf 87' lang='lat' dir='ltr'><strong><em>dignus</em></strong></span> <span class='ocrx_word' id='word_1_738' title='bbox 3196 3974 3371 4026; x_wconf 86' lang='lat' dir='ltr'><strong><em>vocari</em></strong></span> <span class='ocrx_word' id='word_1_739' title='bbox 3402 3989 3530 4042; x_wconf 87' lang='lat' dir='ltr'><strong><em>apo-</em></strong></span> 
     </span>
    </p>
   </div>
   <div class='ocr_carea' id='block_1_101' title="bbox 1949 4060 3525 4132">
    <p class='ocr_par' dir='ltr' id='par_1_101' title="bbox 1949 4060 3525 4132">
     <span class='ocr_line' id='line_1_101' title="bbox 1949 4060 3525 4132; baseline 0.002 -16"><span class='ocrx_word' id='word_1_740' title='bbox 1949 4062 2115 4116; x_wconf 87' lang='lat' dir='ltr'><strong><em>stolus</em></strong></span> <span class='ocrx_word' id='word_1_741' title='bbox 2154 4063 2217 4116; x_wconf 71' lang='lat'><strong><em>”.</em></strong></span> <span class='ocrx_word' id='word_1_742' title='bbox 2249 4060 2341 4116; x_wconf 92' lang='lat' dir='ltr'><strong><em>Sic</em></strong></span> <span class='ocrx_word' id='word_1_743' title='bbox 2388 4062 2557 4132; x_wconf 78' lang='lat' dir='ltr'><strong><em>igitur</em></strong></span> <span class='ocrx_word' id='word_1_744' title='bbox 2601 4064 2705 4117; x_wconf 92' lang='lat' dir='ltr'><strong><em>hoc</em></strong></span> <span class='ocrx_word' id='word_1_745' title='bbox 2756 4064 2809 4117; x_wconf 92' lang='lat' dir='ltr'><strong><em>in</em></strong></span> <span class='ocrx_word' id='word_1_746' title='bbox 2844 4063 2964 4117; x_wconf 91' lang='lat' dir='ltr'><strong><em>loco</em></strong></span> <span class='ocrx_word' id='word_1_747' title='bbox 2990 4062 3084 4119; x_wconf 89' lang='lat' dir='ltr'><strong><em>Dei</em></strong></span> <span class='ocrx_word' id='word_1_748' title='bbox 3114 4063 3380 4129; x_wconf 87' lang='lat' dir='ltr'><strong><em>Ecclesia,</em></strong></span> <span class='ocrx_word' id='word_1_749' title='bbox 3421 4066 3525 4119; x_wconf 89' lang='lat' dir='ltr'><strong><em>im-</em></strong></span> 
     </span>
    </p>
   </div>
   <div class='ocr_carea' id='block_1_102' title="bbox 1948 4156 3529 4227">
    <p class='ocr_par' dir='ltr' id='par_1_102' title="bbox 1948 4156 3529 4227">
     <span class='ocr_line' id='line_1_102' title="bbox 1948 4156 3529 4227; baseline 0.001 -18"><span class='ocrx_word' id='word_1_750' title='bbox 1948 4156 2163 4226; x_wconf 82' lang='lat' dir='ltr'><strong><em>piorum</em></strong></span> <span class='ocrx_word' id='word_1_751' title='bbox 2201 4156 2617 4224; x_wconf 87' lang='lat' dir='ltr'><strong><em>tempestatibus</em></strong></span> <span class='ocrx_word' id='word_1_752' title='bbox 2660 4157 2886 4226; x_wconf 80' lang='lat' dir='ltr'><strong><em>agitata,</em></strong></span> <span class='ocrx_word' id='word_1_753' title='bbox 2936 4171 3044 4211; x_wconf 90' lang='lat' dir='ltr'><strong><em>non</em></strong></span> <span class='ocrx_word' id='word_1_754' title='bbox 3081 4157 3367 4227; x_wconf 77' lang='lat' dir='ltr'><strong><em>magniﬁce</em></strong></span> <span class='ocrx_word' id='word_1_755' title='bbox 3402 4174 3529 4214; x_wconf 88' lang='lat' dir='ltr'><strong><em>sen-</em></strong></span> 
     </span>
    </p>
   </div>
   <div class='ocr_carea' id='block_1_103' title="bbox 1950 4249 3526 4321">
    <p class='ocr_par' dir='ltr' id='par_1_103' title="bbox 1950 4249 3526 4321">
     <span class='ocr_line' id='line_1_103' title="bbox 1950 4249 3526 4321; baseline 0.003 -20"><span class='ocrx_word' id='word_1_756' title='bbox 1950 4249 2015 4303; x_wconf 93' lang='lat' dir='ltr'><strong><em>tit</em></strong></span> <span class='ocrx_word' id='word_1_757' title='bbox 2048 4256 2106 4302; x_wconf 91' lang='lat' dir='ltr'><strong><em>ut</em></strong></span> <span class='ocrx_word' id='word_1_758' title='bbox 2135 4249 2487 4318; x_wconf 81' lang='lat' dir='ltr'><strong><em>impugnata;</em></strong></span> <span class='ocrx_word' id='word_1_759' title='bbox 2526 4249 2621 4303; x_wconf 88' lang='lat' dir='ltr'><strong><em>sed</em></strong></span> <span class='ocrx_word' id='word_1_760' title='bbox 2652 4264 2714 4302; x_wconf 91' lang='lat' dir='ltr'><strong><em>ea</em></strong></span> <span class='ocrx_word' id='word_1_761' title='bbox 2749 4264 2871 4318; x_wconf 67' lang='lat' dir='ltr'><strong><em>qua:</em></strong></span> <span class='ocrx_word' id='word_1_762' title='bbox 2904 4250 3251 4321; x_wconf 82' lang='lat' dir='ltr'><strong><em>contingunt,</em></strong></span> <span class='ocrx_word' id='word_1_763' title='bbox 3286 4253 3526 4320; x_wconf 85' lang='lat' dir='ltr'><strong><em>peccatis</em></strong></span> 
     </span>
    </p>
   </div>
   <div class='ocr_carea' id='block_1_104' title="bbox 1950 4340 3531 4413">
    <p class='ocr_par' dir='ltr' id='par_1_104' title="bbox 1950 4340 3531 4413">
     <span class='ocr_line' id='line_1_104' title="bbox 1950 4340 3531 4413; baseline 0.003 -20"><span class='ocrx_word' id='word_1_764' title='bbox 1950 4355 2015 4394; x_wconf 87' lang='lat' dir='ltr'><strong><em>ac</em></strong></span> <span class='ocrx_word' id='word_1_765' title='bbox 2044 4340 2344 4396; x_wconf 85' lang='lat' dir='ltr'><strong><em>sceleribus</em></strong></span> <span class='ocrx_word' id='word_1_766' title='bbox 2376 4340 2645 4403; x_wconf 84' lang='lat' dir='ltr'><strong><em>attribuit,</em></strong></span> <span class='ocrx_word' id='word_1_767' title='bbox 2680 4348 2734 4395; x_wconf 91' lang='lat' dir='ltr'><strong><em>et</em></strong></span> <span class='ocrx_word' id='word_1_768' title='bbox 2767 4357 2797 4394; x_wconf 91' lang='lat' dir='ltr'><strong><em>a</em></strong></span> <span class='ocrx_word' id='word_1_769' title='bbox 2841 4340 3123 4395; x_wconf 86' lang='lat' dir='ltr'><strong><em>Salvatore</em></strong></span> <span class='ocrx_word' id='word_1_770' title='bbox 3150 4357 3306 4413; x_wconf 88' lang='lat' dir='ltr'><strong><em>opem</em></strong></span> <span class='ocrx_word' id='word_1_771' title='bbox 3333 4358 3531 4397; x_wconf 88' lang='lat' dir='ltr'><strong><em>conse-</em></strong></span> 
     </span>
    </p>
   </div>
   <div class='ocr_carea' id='block_1_105' title="bbox 1951 4429 3529 4503">
    <p class='ocr_par' dir='ltr' id='par_1_105' title="bbox 1951 4429 3529 4503">
     <span class='ocr_line' id='line_1_105' title="bbox 1951 4429 3529 4503; baseline 0 -18"><span class='ocrx_word' id='word_1_772' title='bbox 1951 4431 2045 4500; x_wconf 71' lang='lat' dir='ltr'><strong><em>qui</em></strong></span> <span class='ocrx_word' id='word_1_773' title='bbox 2078 4440 2251 4502; x_wconf 81' lang='lat' dir='ltr'><strong><em>rogat.</em></strong></span> <span class='ocrx_word' id='word_1_774' title='bbox 2285 4429 2351 4484; x_wconf 91' lang='lat' dir='ltr'><strong><em>Et</em></strong></span> <span class='ocrx_word' id='word_1_775' title='bbox 2381 4432 2581 4501; x_wconf 90' lang='lat' dir='ltr'><strong><em>alioqui</em></strong></span> <span class='ocrx_word' id='word_1_776' title='bbox 2614 4430 2706 4485; x_wconf 91' lang='lat' dir='ltr'><strong><em>Dei</em></strong></span> <span class='ocrx_word' id='word_1_777' title='bbox 2743 4430 2987 4486; x_wconf 86' lang='lat' dir='ltr'><strong><em>Ecclesia</em></strong></span> <span class='ocrx_word' id='word_1_778' title='bbox 3026 4448 3135 4486; x_wconf 84' lang='lat' dir='ltr'><strong><em>non</em></strong></span> <span class='ocrx_word' id='word_1_779' title='bbox 3176 4448 3241 4487; x_wconf 77' lang='lat' dir='ltr'><strong><em>ex</em></strong></span> <span class='ocrx_word' id='word_1_780' title='bbox 3272 4432 3529 4503; x_wconf 83' lang='lat' dir='ltr'><strong><em>perfectis</em></strong></span> 
     </span>
    </p>
   </div>
   <div class='ocr_carea' id='block_1_106' title="bbox 1952 4522 3527 4593">
    <p class='ocr_par' dir='ltr' id='par_1_106' title="bbox 1952 4522 3527 4593">
     <span class='ocr_line' id='line_1_106' title="bbox 1952 4522 3527 4593; baseline -0.002 -15"><span class='ocrx_word' id='word_1_781' title='bbox 1952 4533 2064 4578; x_wconf 89' lang='lat' dir='ltr'><strong><em>tota</em></strong></span> <span class='ocrx_word' id='word_1_782' title='bbox 2101 4524 2476 4587; x_wconf 77' lang='lat' dir='ltr'><strong><em>constituitur,</em></strong></span> <span class='ocrx_word' id='word_1_783' title='bbox 2513 4522 2607 4577; x_wconf 90' lang='lat' dir='ltr'><strong><em>scd</em></strong></span> <span class='ocrx_word' id='word_1_784' title='bbox 2655 4523 2817 4577; x_wconf 90' lang='lat' dir='ltr'><strong><em>habet</em></strong></span> <span class='ocrx_word' id='word_1_785' title='bbox 2862 4525 3024 4577; x_wconf 89' lang='lat' dir='ltr'><strong><em>etiam</em></strong></span> <span class='ocrx_word' id='word_1_786' title='bbox 3062 4524 3153 4593; x_wconf 89' lang='lat' dir='ltr'><strong><em>qui</em></strong></span> <span class='ocrx_word' id='word_1_787' title='bbox 3208 4524 3261 4577; x_wconf 88' lang='lat' dir='ltr'><strong><em>in</em></strong></span> <span class='ocrx_word' id='word_1_788' title='bbox 3314 4524 3527 4592; x_wconf 83' lang='lat' dir='ltr'><strong><em>ignavia</em></strong></span> 
     </span>
    </p>
   </div>
   <div class='ocr_carea' id='block_1_107' title="bbox 1948 4614 3532 4687">
    <p class='ocr_par' dir='ltr' id='par_1_107' title="bbox 1948 4614 3532 4687">
     <span class='ocr_line' id='line_1_107' title="bbox 1948 4614 3532 4687; baseline -0.005 -16"><span class='ocrx_word' id='word_1_789' title='bbox 1948 4616 2166 4687; x_wconf 78' lang='lat' dir='ltr'><strong><em>degant,</em></strong></span> <span class='ocrx_word' id='word_1_790' title='bbox 2195 4624 2249 4670; x_wconf 88' lang='lat' dir='ltr'><strong><em>et</em></strong></span> <span class='ocrx_word' id='word_1_791' title='bbox 2278 4616 2509 4670; x_wconf 86' lang='lat' dir='ltr'><strong><em>inertem</em></strong></span> <span class='ocrx_word' id='word_1_792' title='bbox 2554 4614 2721 4668; x_wconf 90' lang='lat' dir='ltr'><strong><em>vitam</em></strong></span> <span class='ocrx_word' id='word_1_793' title='bbox 2762 4614 2994 4683; x_wconf 82' lang='lat' dir='ltr'><strong><em>amplexi</em></strong></span> <span class='ocrx_word' id='word_1_794' title='bbox 3037 4614 3167 4677; x_wconf 90' lang='lat' dir='ltr'><strong><em>sint,</em></strong></span> <span class='ocrx_word' id='word_1_795' title='bbox 3209 4623 3262 4669; x_wconf 85' lang='lat' dir='ltr'><strong><em>et</em></strong></span> <span class='ocrx_word' id='word_1_796' title='bbox 3298 4614 3391 4683; x_wconf 88' lang='lat' dir='ltr'><strong><em>qui</em></strong></span> <span class='ocrx_word' id='word_1_797' title='bbox 3435 4627 3532 4665; x_wconf 67' lang='grc' dir='ltr'>νου</span> 
     </span>
    </p>
   </div>
   <div class='ocr_carea' id='block_1_108' title="bbox 1949 4707 3530 4782">
    <p class='ocr_par' dir='ltr' id='par_1_108' title="bbox 1949 4707 3530 4782">
     <span class='ocr_line' id='line_1_108' title="bbox 1949 4707 3530 4782; baseline -0.005 -17"><span class='ocrx_word' id='word_1_798' title='bbox 1949 4711 2249 4782; x_wconf 87' lang='lat' dir='ltr'><strong><em>luptatibus</em></strong></span> <span class='ocrx_word' id='word_1_799' title='bbox 2286 4710 2493 4764; x_wconf 83' lang='lat' dir='ltr'><strong><em>servire</em></strong></span> <span class='ocrx_word' id='word_1_800' title='bbox 2522 4716 2830 4776; x_wconf 88' lang='lat' dir='ltr'><strong><em>peroptent.</em></strong></span> <span class='ocrx_word' id='word_1_801' title='bbox 2867 4708 2930 4760; x_wconf 87' lang='lat' dir='ltr'><strong><em>Et</em></strong></span> <span class='ocrx_word' id='word_1_802' title='bbox 2962 4707 3218 4776; x_wconf 87' lang='lat' dir='ltr'><strong><em>quoniam</em></strong></span> <span class='ocrx_word' id='word_1_803' title='bbox 3246 4721 3413 4760; x_wconf 91' lang='lat' dir='ltr'><strong><em>unum</em></strong></span> <span class='ocrx_word' id='word_1_804' title='bbox 3443 4713 3530 4758; x_wconf 89' lang='lat' dir='ltr'><strong><em>est.</em></strong></span> 
     </span>
    </p>
   </div>
   <div class='ocr_carea' id='block_1_109' title="bbox 1948 4798 3526 4874">
    <p class='ocr_par' dir='ltr' id='par_1_109' title="bbox 1948 4798 3526 4874">
     <span class='ocr_line' id='line_1_109' title="bbox 1948 4798 3526 4874; baseline -0.006 -15"><span class='ocrx_word' id='word_1_805' title='bbox 1948 4821 2171 4874; x_wconf 91' lang='lat' dir='ltr'><strong><em>corpus,</em></strong></span> <span class='ocrx_word' id='word_1_806' title='bbox 2214 4813 2477 4872; x_wconf 86' lang='lat' dir='ltr'><strong><em>tanquam</em></strong></span> <span class='ocrx_word' id='word_1_807' title='bbox 2521 4816 2588 4855; x_wconf 77' lang='lat' dir='ltr'><strong><em>ex</em></strong></span> <span class='ocrx_word' id='word_1_808' title='bbox 2640 4814 2747 4854; x_wconf 86' lang='lat' dir='ltr'><strong><em>una</em></strong></span> <span class='ocrx_word' id='word_1_809' title='bbox 2799 4816 3033 4871; x_wconf 88' lang='lat' dir='ltr'><strong><em>persona</em></strong></span> <span class='ocrx_word' id='word_1_810' title='bbox 3080 4808 3135 4854; x_wconf 87' lang='lat' dir='ltr'><strong><em>et</em></strong></span> <span class='ocrx_word' id='word_1_811' title='bbox 3188 4799 3303 4853; x_wconf 84' lang='lat' dir='ltr'><strong><em>haec</em></strong></span> <span class='ocrx_word' id='word_1_812' title='bbox 3346 4805 3401 4853; x_wconf 90' lang='lat' dir='ltr'><strong><em>et</em></strong></span> <span class='ocrx_word' id='word_1_813' title='bbox 3437 4798 3526 4852; x_wconf 88' lang='lat' dir='ltr'><strong><em>illa</em></strong></span> 
     </span>
    </p>
   </div>
   <div class='ocr_carea' id='block_1_110' title="bbox 1950 4895 2323 4969">
    <p class='ocr_par' dir='ltr' id='par_1_110' title="bbox 1950 4895 2323 4969">
     <span class='ocr_line' id='line_1_110' title="bbox 1950 4895 2323 4969; baseline 0.003 -16"><span class='ocrx_word' id='word_1_814' title='bbox 1950 4895 2323 4969; x_wconf 81' lang='lat' dir='ltr'><strong><em>proferuntur.</em></strong></span> 
     </span>
    </p>
   </div>
   <div class='ocr_carea' id='block_1_111' title="bbox 2022 5159 3525 5235">
    <p class='ocr_par' dir='ltr' id='par_1_111' title="bbox 2022 5159 3525 5235">
     <span class='ocr_line' id='line_1_111' title="bbox 2022 5159 3525 5235; baseline -0.009 -16"><span class='ocrx_word' id='word_1_815' title='bbox 2022 5164 2136 5221; x_wconf 81' lang='lat' dir='ltr'><strong><em>Hoc</em></strong></span> <span class='ocrx_word' id='word_1_816' title='bbox 2167 5180 2385 5235; x_wconf 89' lang='lat' dir='ltr'><strong><em>quoque</em></strong></span> <span class='ocrx_word' id='word_1_817' title='bbox 2416 5163 2581 5219; x_wconf 89' lang='lat' dir='ltr'><strong><em>modo</em></strong></span> <span class='ocrx_word' id='word_1_818' title='bbox 2630 5162 2904 5233; x_wconf 76' lang='lat' dir='ltr'><strong><em>intelligas</em></strong></span> <span class='ocrx_word' id='word_1_819' title='bbox 2943 5181 2957 5216; x_wconf 89' lang='lat'><strong>:</strong></span> <span class='ocrx_word' id='word_1_820' title='bbox 2985 5159 3123 5227; x_wconf 89' lang='lat' dir='ltr'><strong><em>Quia</em></strong></span> <span class='ocrx_word' id='word_1_821' title='bbox 3152 5173 3261 5213; x_wconf 90' lang='lat' dir='ltr'><strong><em>non</em></strong></span> <span class='ocrx_word' id='word_1_822' title='bbox 3310 5162 3525 5227; x_wconf 72' lang='lat' dir='ltr'><strong><em>Oportet.</em></strong></span> 
     </span>
    </p>
   </div>
   <div class='ocr_carea' id='block_1_112' title="bbox 1948 5251 3525 5324">
    <p class='ocr_par' dir='ltr' id='par_1_112' title="bbox 1948 5251 3525 5324">
     <span class='ocr_line' id='line_1_112' title="bbox 1948 5251 3525 5324; baseline -0.008 -11"><span class='ocrx_word' id='word_1_823' title='bbox 1948 5267 2074 5313; x_wconf 83' lang='lat' dir='ltr'><strong><em>ante</em></strong></span> <span class='ocrx_word' id='word_1_824' title='bbox 2104 5259 2313 5313; x_wconf 89' lang='lat' dir='ltr'><strong><em>obitum</em></strong></span> <span class='ocrx_word' id='word_1_825' title='bbox 2339 5258 2616 5312; x_wconf 90' lang='lat' dir='ltr'><strong><em>hominem</em></strong></span> <span class='ocrx_word' id='word_1_826' title='bbox 2666 5257 2885 5312; x_wconf 87' lang='lat' dir='ltr'><strong><em>beatum</em></strong></span> <span class='ocrx_word' id='word_1_827' title='bbox 2941 5252 3239 5324; x_wconf 64' lang='lat' dir='ltr'><strong><em>praedicare</em></strong></span> <span class='ocrx_word' id='word_1_828' title='bbox 3281 5252 3372 5313; x_wconf 71' lang='grc'><strong><em>³⁸⁸,</em></strong></span> <span class='ocrx_word' id='word_1_829' title='bbox 3401 5251 3525 5320; x_wconf 86' lang='lat' dir='ltr'><strong><em>jure</em></strong></span> 
     </span>
    </p>
   </div>
   <div class='ocr_carea' id='block_1_113' title="bbox 1948 5344 3527 5423">
    <p class='ocr_par' dir='ltr' id='par_1_113' title="bbox 1948 5344 3527 5423">
     <span class='ocr_line' id='line_1_113' title="bbox 1948 5344 3527 5423; baseline -0.009 -16"><span class='ocrx_word' id='word_1_830' title='bbox 1948 5351 2263 5423; x_wconf 87' lang='lat' dir='ltr'><strong><em>Apostolus,</em></strong></span> <span class='ocrx_word' id='word_1_831' title='bbox 2300 5350 2427 5405; x_wconf 90' lang='lat' dir='ltr'><strong><em>licet</em></strong></span> <span class='ocrx_word' id='word_1_832' title='bbox 2458 5350 2743 5420; x_wconf 88' lang='lat' dir='ltr'><strong><em>apostolus</em></strong></span> <span class='ocrx_word' id='word_1_833' title='bbox 2782 5348 2850 5403; x_wconf 89' lang='lat' dir='ltr'><strong><em>sit</em></strong></span> <span class='ocrx_word' id='word_1_834' title='bbox 2888 5362 2950 5401; x_wconf 83' lang='lat' dir='ltr'><strong><em>ac</em></strong></span> <span class='ocrx_word' id='word_1_835' title='bbox 2980 5354 3208 5401; x_wconf 82' lang='lat' dir='ltr'><strong><em>vocatus</em></strong></span> <span class='ocrx_word' id='word_1_836' title='bbox 3237 5352 3292 5399; x_wconf 89' lang='lat' dir='ltr'><strong><em>et</em></strong></span> <span class='ocrx_word' id='word_1_837' title='bbox 3320 5344 3527 5397; x_wconf 85' lang='lat' dir='ltr'><strong><em>electus</em></strong></span> 
     </span>
    </p>
   </div>
   <div class='ocr_carea' id='block_1_114' title="bbox 1947 5433 3526 5507">
    <p class='ocr_par' dir='ltr' id='par_1_114' title="bbox 1947 5433 3526 5507">
     <span class='ocr_line' id='line_1_114' title="bbox 1947 5433 3526 5507; baseline -0.01 -8"><span class='ocrx_word' id='word_1_838' title='bbox 1947 5444 2155 5499; x_wconf 82' lang='lat' dir='ltr'><strong><em>Christi</em></strong></span> <span class='ocrx_word' id='word_1_839' title='bbox 2178 5442 2333 5507; x_wconf 86' lang='lat' dir='ltr'><strong><em>Jesu,</em></strong></span> <span class='ocrx_word' id='word_1_840' title='bbox 2369 5450 2611 5496; x_wconf 88' lang='lat' dir='ltr'><strong><em>attamen</em></strong></span> <span class='ocrx_word' id='word_1_841' title='bbox 2639 5456 2751 5495; x_wconf 90' lang='lat' dir='ltr'><strong><em>non</em></strong></span> <span class='ocrx_word' id='word_1_842' title='bbox 2799 5447 3022 5495; x_wconf 76' lang='lat' dir='ltr'><strong><em>veretur</em></strong></span> <span class='ocrx_word' id='word_1_843' title='bbox 3053 5438 3235 5492; x_wconf 91' lang='lat' dir='ltr'><strong><em>dicere</em></strong></span> <span class='ocrx_word' id='word_1_844' title='bbox 3270 5452 3282 5488; x_wconf 95' lang='lat'>:</span> <span class='ocrx_word' id='word_1_845' title='bbox 3312 5433 3526 5501; x_wconf 73' lang='lat' dir='ltr'><strong><em>Castigo</em></strong></span> 
     </span>
    </p>
   </div>
   <div class='ocr_carea' id='block_1_115' title="bbox 1948 5524 3527 5610">
    <p class='ocr_par' dir='ltr' id='par_1_115' title="bbox 1948 5524 3527 5610">
     <span class='ocr_line' id='line_1_115' title="bbox 1948 5524 3527 5610; baseline -0.011 -17"><span class='ocrx_word' id='word_1_846' title='bbox 1948 5557 2135 5610; x_wconf 88' lang='lat' dir='ltr'><strong><em>corpus</em></strong></span> <span class='ocrx_word' id='word_1_847' title='bbox 2162 5556 2353 5602; x_wconf 86' lang='lat' dir='ltr'><strong><em>meum,</em></strong></span> <span class='ocrx_word' id='word_1_848' title='bbox 2384 5549 2431 5592; x_wconf 86' lang='lat' dir='ltr'><strong><em>et</em></strong></span> <span class='ocrx_word' id='word_1_849' title='bbox 2461 5538 2517 5590; x_wconf 86' lang='lat' dir='ltr'><strong><em>in</em></strong></span> <span class='ocrx_word' id='word_1_850' title='bbox 2543 5538 2845 5591; x_wconf 84' lang='lat' dir='ltr'><strong><em>servitutem</em></strong></span> <span class='ocrx_word' id='word_1_851' title='bbox 2866 5534 3064 5604; x_wconf 86' lang='lat' dir='ltr'><strong><em>redigo,</em></strong></span> <span class='ocrx_word' id='word_1_852' title='bbox 3091 5547 3153 5585; x_wconf 90' lang='lat' dir='ltr'><strong><em>ne</em></strong></span> <span class='ocrx_word' id='word_1_853' title='bbox 3176 5529 3299 5583; x_wconf 89' lang='lat' dir='ltr'><strong><em>aliis</em></strong></span> <span class='ocrx_word' id='word_1_854' title='bbox 3331 5524 3527 5597; x_wconf 72' lang='lat' dir='ltr'><strong><em>pra&#39;di-</em></strong></span> 
     </span>
    </p>
   </div>
   <div class='ocr_carea' id='block_1_116' title="bbox 1948 5617 3526 5703">
    <p class='ocr_par' dir='ltr' id='par_1_116' title="bbox 1948 5617 3526 5703">
     <span class='ocr_line' id='line_1_116' title="bbox 1948 5617 3526 5703; baseline -0.008 -16"><span class='ocrx_word' id='word_1_855' title='bbox 1948 5650 2074 5689; x_wconf 89' lang='lat' dir='ltr'><strong><em>cans</em></strong></span> <span class='ocrx_word' id='word_1_856' title='bbox 2100 5634 2206 5703; x_wconf 83' lang='lat' dir='ltr'><strong><em>ipse</em></strong></span> <span class='ocrx_word' id='word_1_857' title='bbox 2236 5632 2486 5703; x_wconf 87' lang='lat' dir='ltr'><strong><em>reprobus</em></strong></span> <span class='ocrx_word' id='word_1_858' title='bbox 2503 5631 2696 5702; x_wconf 73' lang='lat' dir='ltr'><strong><em>efﬁciar</em></strong></span> <span class='ocrx_word' id='word_1_859' title='bbox 2727 5630 2791 5681; x_wconf 78' lang='lat'><strong><em>&quot;.</em></strong></span> <span class='ocrx_word' id='word_1_860' title='bbox 2830 5626 3072 5697; x_wconf 88' lang='lat' dir='ltr'><strong><em>ldipsum</em></strong></span> <span class='ocrx_word' id='word_1_861' title='bbox 3102 5636 3323 5695; x_wconf 86' lang='lat' dir='ltr'><strong><em>quoque</em></strong></span> <span class='ocrx_word' id='word_1_862' title='bbox 3355 5617 3526 5675; x_wconf 79' lang='lat' dir='ltr'><strong><em>David</em></strong></span> 
     </span>
    </p>
   </div>
   <div class='ocr_carea' id='block_1_117' title="bbox 2595 5780 3099 5848">
    <p class='ocr_par' dir='ltr' id='par_1_117' title="bbox 2595 5780 3099 5848">
     <span class='ocr_line' id='line_1_117' title="bbox 2595 5780 3099 5848; baseline -0.014 -7"><span class='ocrx_word' id='word_1_863' title='bbox 2595 5789 2635 5820; x_wconf 83' lang='lat'><strong>&quot;</strong></span> <span class='ocrx_word' id='word_1_864' title='bbox 2678 5784 2696 5839; x_wconf 89' lang='grc' dir='ltr'><strong>Ι</strong></span> <span class='ocrx_word' id='word_1_865' title='bbox 2730 5785 2856 5840; x_wconf 86' lang='lat' dir='ltr'><strong><em>Cor.</em></strong></span> <span class='ocrx_word' id='word_1_866' title='bbox 2890 5799 2977 5848; x_wconf 80' lang='lat' dir='ltr'><strong><em>Ix,</em></strong></span> <span class='ocrx_word' id='word_1_867' title='bbox 3010 5780 3099 5835; x_wconf 75' lang='lat'><strong><em>‘27.</em></strong></span> 
     </span>
    </p>
   </div>
  </div>
