4010 6546
504 337 610 392 559

1179 329 1447 387 ECSEBII
1487 321 1974 384 CESARlE-SSIS
2009 317 2162 377 OPP.
2209 317 2410 374 PARS.
2454 312 2631 372 ιιι.-
2672 309 3081 367 EXEGETICA.

3666 305 3802 360 360

505 469 630 508 cum
665 451 857 506 multis
904 451 958 504 in
1007 447 1539 526 locisdeclarasset,
1572 447 1743 503 Deum
1784 442 2081 515 propitium

2199 436 2347 491 Letoia
2378 437 2425 488 εί
2458 435 2555 488 καὶ
2600 433 2657 484 ὲν
2706 428 2921 492 πολλοῖς
2968 423 3368 493 ἐνδειξάμενος,
3419 421 3616 491 ἔτυχεν
3675 422 3811 474 ὕπ-

511 551 707 596 nactus
732 549 839 596 est.
866 548 1167 606 erutusquc
1199 536 1302 592 fuit
1325 538 1391 592 de
1414 540 1537 592 lacu
1570 536 1808 593 miseriae
1837 541 1890 588 et
1915 534 1981 588 de
2014 533 2091 585 lu-

511 644 567 687 to
600 634 747 688 faecis
775 651 786 685 :
813 642 975 701 alque
1009 630 1062 684 in
1097 630 1342 699 tutojam
1386 630 1604 685 demum
1639 629 1873 700 positus,
1901 634 2089 695 utpote

512 727 741 796 pedi-bus
767 725 819 776 in
845 730 994 792 petra
1029 721 1296 784 ﬁrmatus,
1333 737 1394 774 ac
1421 722 1636 775 cantico
1669 735 1811 774 noro
1838 733 1933 773 seu
1961 731 2087 771 vera

511 815 579 869 de
601 812 886 869 sacriﬁciis
914 812 1164 867 doctrina
1189 814 1444 866 donatus.
1476 812 1528 866 id
1564 820 1648 866 est
1706 809 2098 881 praedicatione

510 922 632 978 qua;
658 907 711 959 in
750 904 995 960 Ecclesia
1032 904 1126 960 Dci
1159 919 1353 973 magna
1380 905 1521 958 facta
1545 914 1665 968 est;
1696 919 1820 958 nam
1849 903 1979 958 illud
2004 918 2088 957 re-

512 1013 636 1052 vera
664 999 938 1051 canticum
970 1013 1171 1051 novum
1203 1005 1342 1060 erat,
1363 998 1523 1065 cujus
1545 997 1623 1051 rei
1641 1011 1806 1052 causa
1834 995 2087 1064 superius

509 1090 726 1144 dicebat
757 1105 775 1142 :
814 1089 880 1142 Et
921 1091 1140 1143 immisit
1172 1091 1226 1143 in
1271 1108 1328 1144 os
1355 1107 1520 1144 meum
1554 1089 1819 1144 canticum
1850 1104 2038 1141 novum
2067 1102 2085 1139 ι

513 1183 625 1236 hare
656 1193 989 1238 consecutus
1022 1194 1222 1248 tamen,
1242 1185 1312 1239 ob
1342 1185 1593 1238 humana:
1623 1184 1746 1236 vitae
1779 1181 2087 1251 corruptio-

512 1289 634 1327 nem
669 1272 1088 1342 supplicationis
1129 1275 1294 1326 verba
1331 1273 1578 1335 resumit,
1612 1286 1675 1324 ac
1720 1278 1876 1339 rogat
1923 1269 2084 1323 obse-

511 1372 741 1435 cratque
764 1375 823 1418 ut
860 1381 888 1417 a
915 1363 1009 1418 Dei
1036 1365 1208 1436 gratia
1237 1372 1290 1418 et
1320 1363 1697 1420 misericordia
1721 1361 2084 1417 custodiatur.

515 1455 611 1510 llis
639 1455 785 1511 enim
817 1457 1003 1510 animo
1033 1457 1345 1510 revolvebat
1377 1457 1429 1508 in
1459 1454 1886 1524 memoriamque
1928 1467 2087 1507 revo-

514 1549 672 1603 cabat
697 1563 820 1618 qua:
848 1548 950 1602 sibi
974 1548 1138 1616 prius
1165 1546 1479 1600 acciderant
1513 1545 1674 1598 mala.
1702 1543 1957 1598 Memoria
1985 1544 2088 1596 ita-

513 1654 620 1709 que
653 1648 900 1694 veterum
945 1638 1241 1701 malorum,
1273 1638 1550 1691 cautiores
1588 1651 1692 1691 nos
1717 1634 1898 1699 eﬁicit,
1933 1643 1992 1688 ut
2017 1650 2087 1690 ne

516 1745 711 1785 rursus
766 1729 822 1784 in
863 1743 924 1783 ea
965 1729 1304 1795 incidamus;
1346 1727 1441 1781 sed
1491 1727 1659 1781 etiam
1711 1727 2084 1781 mutationisa

2190 529 2354 602 ηκόου
2387 526 2480 580 τοῦ
2514 523 2670 588 Θεοῦ,
2698 516 3036 592 ἠλευθέρωτο
3057 533 3116 569 τε
3158 516 3222 568 ὲκ
3251 513 3454 566 λάκκου
3497 512 3810 566 ταλαιπω-

2193 600 2313 696 ρίας
2343 621 2435 674 καὶ
2459 617 2566 672 ἀπὸ
2598 613 2770 687 πηλοῦ
2806 611 2947 675 ίλύος
2966 625 2978 640 °
3017 612 3074 662 ἐν
3108 606 3339 677 ἀσφαλεῖ
3361 623 3422 658 τε
3452 604 3554 677 ἤδη
3590 600 3807 659 λοιπῖιν

2190 713 2432 783 ἑστήκει,
2467 709 2542 772 ὼς
2569 706 2633 760 ἂν
2657 706 2750 758 ἐπὶ
2781 702 2985 773 πέτραν
3011 701 3134 763 τοὺς
3162 697 3330 760 πόδας
3356 697 3800 768 ἐρηρεισμένος,

2189 803 2283 856 καὶ
2317 801 2556 872 ᾄσματος
2591 791 2778 849 καινοῦ
2800 791 3101 863 ἠξιωμένος
3131 788 3224 842 τοῦ
3256 788 3382 858 περὶ
3415 786 3621 840 θυσιῶν
3647 786 3801 856 ἁλη-

2189 891 2316 954 θοῦς
2346 885 2791 957 λόγου,τουτέστι
2837 883 2930 936 τοῦ
2974 884 3037 952 τῇ
3083 877 3377 949 Ἐκκλησία
3412 875 3506 930 τοῦ
3541 875 3682 929 Θεοῦ
3722 879 3798 947 τῇ

2193 983 2404 1056 μεγάλῃ
2452 976 2910 1052 εύηγγελισμένου
2953 973 3337 1045 κηρύγματοςο
3381 968 3540 1024 τοῦτο
3573 969 3692 1040 γὰρ
3720 965 3797 1038 ἦν

2187 1077 2250 1131 τὸ
2283 1075 2467 1131 καινὸν
2503 1071 2676 1147 ᾆσμα,
2732 1066 2792 1125 οὗ
2828 1070 2987 1141 χάριν
3022 1067 3277 1138 ἀνωτέρω
3313 1065 3465 1133 ἔλεγε
3487 1081 3502 1095 ⁸
3531 1063 3647 1117 Καὶ
3679 1063 3796 1147 ἐνί-

2187 1170 2404 1224 ἐϐαλεν
2428 1146 2599 1233 εὶςντὸ
2626 1165 2821 1234 στόμα
2834 1179 2952 1231 μου
2975 1156 3138 1230 ᾆσμα
3165 1159 3390 1212 καινόν·
3415 1156 3563 1226 ὅμως
3589 1155 3638 1208 δ’
3664 1146 3792 1217 οὗιῖ,

2187 1262 2456 1317 τοσούτων
2492 1256 2826 1330 τετυχηκὼς,
2853 1254 2942 1309 διὰ
2979 1255 3040 1308 τὸ
3097 1252 3293 1324 σαθρὸν
3342 1251 3440 1320 τῆς
3473 1251 3532 1302 ὲν
3561 1245 3796 1318 ἀνθρώ-

2189 1372 2312 1419 ποις
2341 1355 2482 1425 ςωῆς
2512 1349 2953 1420 ἐπαναλαμϐάνει
2977 1348 3103 1410 τοὺς
3128 1345 3226 1414 τῆς
3251 1341 3530 1414 ἱκετηρίας
3558 1341 3789 1408 λόγους,

2187 1446 2459 1501 ἀντιϐολεῖ
2490 1461 2549 1497 τε
2575 1444 2670 1497 καὶ⁸
2701 1441 2879 1495 δέεται
2905 1437 3266 1510 φυλάττεσθαι
3293 1436 3396 1488 ὑπὸ
3419 1435 3518 1504 τῆς
3551 1434 3792 1504 χάριτος

2188 1541 2282 1595 καὶ
2305 1538 2399 1593 τοῦ
2423 1537 2573 1591 ἐλέου
2598 1535 2689 1591 τοῦ
2709 1534 2865 1590 Θεοῦ.
2885 1531 3334 1603 ’Δνεπεμπάζετο
3349 1527 3456 1599 γὰρ
3469 1527 3557 1580 διὰ
3568 1525 3790 1578 τούτων

2188 1634 2283 1686 καὶ
2303 1631 2537 1685 ἀνεπόλα
2553 1630 2630 1701 (1)
2650 1629 2718 1682 τὰ
2733 1626 2997 1700 πρότερον
3021 1623 3168 1694 αύτῷ
3197 1640 3258 1676 συ
3269 1620 3578 1694 μϐεὸηκότα
3607 1617 3788 1672 κακά.

2201 1725 2262 1777 Ἦ
2297 1723 2428 1791 γοῦν
2463 1723 2648 1794 μνήμη
2701 1720 2807 1774 τῶν
2852 1716 3097 1773 παλαιῶν
3130 1715 3338 1778 κακῶν,
3371 1709 3791 1784 φυλακτικωτέ·

516 1821 796 1892 pejot'iblls
822 1821 888 1875 ad
913 1821 1136 1875 meliora
1167 1818 1494 1878 recordatio,
1515 1827 1697 1888 gratos
1726 1816 1902 1872 reddit
1933 1827 2095 1888 atque

2204 1832 2327 1885 ρους
2375 1815 2524 1884 ἡμᾶς
2552 1811 2924 1884 ἀπεργάζεται
2957 1807 3092 1881 πρὸς
3120 1806 3182 1859 τὸ
3221 1807 3294 1877 μὴ
3327 1801 3480 1867 αὖθις
3525 1804 3644 1866 τοῖς
3690 1802 3793 1854 c.13-

514 1914 581 1968 ad
604 1913 904 1968 cavendum
932 1913 1272 1967 intentiores.
1306 1909 1334 1964 J
1345 1926 1439 1964 ure
1471 1913 1654 1980 itaque
1682 1911 2087 1980 praeteritarum

515 2007 864 2077 iniquitatum
921 2007 1236 2061 memoriam
1277 2005 1814 2073 reirical,docetque
1869 2004 2084 2057 easdem

516 2093 834 2164 iniquitates
855 2093 956 2150 sibi
988 2093 1117 2148 olim
1145 2093 1334 2148 oculos
1366 2093 1661 2157 obtexisse,
1696 2092 1868 2148 instar
1898 2091 2088 2162 caligi-

517 2185 605 2240 nis
635 2186 832 2240 mentis
860 2186 1002 2240 visui
1029 2183 1239 2238 oﬁ‘usae.

2191 1909 2302 1970 τοῖς
2325 1909 2641 1977 περιπεσεῖν
2661 1923 2674 1935 ο
2703 1903 2838 1960 ἀλλά
2859 1903 2952 1956 καὶ
2973 1903 3070 1972 τῆς
3097 1897 3399 1971 μεταϐολῆς
3422 1897 3520 1967 τῆς
3541 1893 3656 1947 ἀπὸ
3677 1892 3792 1946 τῶν

2193 2001 2452 2071 χειρόνων
2492 2000 2583 2054 ἐπὶ
2629 1997 2699 2054 τὰ
2750 1997 2945 2068 βελτίω
2983 1999 3017 2067 ή
3069 1993 3374 2065 ἀνάμνησις
3423 1990 3796 2062 εὐχαρίστους

2193 2094 2341 2164 ἡμᾶς
2390 2092 2760 2166 ἀπεργάζεται
2825 2091 2918 2144 καὶ
2967 2086 3392 2158 συντεταμένους
3443 2083 3651 2157 μᾶλλον
3712 2083 3799 2145 είς

2195 2188 2487 2257 προσοχὴν.
2531 2181 2771 2246 Εἰκότως
2813 2181 2993 2235 τοίνυν
3036 2179 3480 2250 ὲπαναλαμόάνει
3527 2175 3631 2247 τὴν
3684 2173 3799 2228 τῶν

520 2277 798 2350 προτέρων
842 2275 1006 2330 αὑτοῦ
1047 2276 1284 2348 ἀνομιῶν
1331 2277 1569 2347 μνήμην,
1617 2277 1858 2331 διδάσκει
1911 2289 1992 2341 τε,
2052 2275 2130 2341 ὡς
2165 2280 2292 2342 τοὺς
2332 2278 2432 2348 τῆς
2473 2277 2651 2348 ψυχῆς
2681 2274 2993 2348 ὀφθαλμοὺς
3027 2271 3203 2344 καιρῷ
3237 2288 3343 2325 τινι
3409 2267 3802 2338 συνεκάλυψεν

518 2376 574 2427 αἱ
603 2374 819 2445 ἀνομίαι
849 2373 1036 2438 αὑτοῦ,
1057 2373 1213 2445 δίκην
1245 2371 1439 2442 ἀχλύος
1468 2371 1546 2442 τῷ
1583 2371 1683 2442 τῆς
1709 2370 1946 2435 διανοίας
1977 2370 2250 2444 βλεπτικῷ
2272 2371 2630 2443 ὲπιχυθεῖσαι.

588 2490 818 2560 Reliqua
841 2504 970 2544 vero
992 2497 1395 2558 consequenter
1421 2487 1487 2542 ad
1519 2487 1774 2558 przedicta
1809 2487 2092 2542 feruntur:

520 2585 860 2652 Complaceat
895 2583 1010 2646 tibi,
1045 2582 1284 2644 Domine,
1313 2593 1371 2634 ut
1399 2596 1555 2634 eruas
1585 2596 1665 2634 me
1703 2579 1987 2644 :Domine,
2027 2581 2096 2633 ad

520 2675 879 2746 adjuvandum
907 2691 987 2728 me
1008 2676 1221 2742 respice.
1252 2671 1660 2742 Confundantur
1685 2681 1732 2724 et
1764 2680 2098 2725 rerereantur

521 2770 682 2824 simul
707 2770 795 2839 qui
817 2777 1060 2839 quaerunt
1098 2768 1333 2820 animam
1383 2782 1553 2819 meam
1582 2775 1637 2817 ut
1671 2764 1916 2834 auferant
1953 2779 2092 2818 eam.

521 2861 909 2916 Convertuntur
965 2869 1254 2913 retrorsum
1309 2867 1357 2911 et
1412 2868 1747 2910 revereantur
1777 2855 1868 2924 qui
1920 2853 2097 2909 uolunt

519 2955 648 3008 mihi
675 2957 839 3008 mata.
875 2951 1075 3007 Ferant
1105 2953 1378 3020 confestim
1420 2951 1785 3020 confusionem
1823 2964 1978 3004 suam
2008 2947 2098 3018 qui

519 3045 702 3098 dicunt
731 3044 897 3097 mihi:
931 3044 1096 3114 Euge.
1123 3041 1288 3112 Euge.
1319 3041 1474 3096 Nunc
1496 3056 1718 3111 quoque
1747 3041 1918 3096 sentit
1957 3039 2096 3093 mul-

521 3148 610 3194 tos
641 3140 835 3193 animae
879 3151 992 3191 suae
1028 3136 1392 3191 adversarios.
1420 3150 1483 3189 ac
1529 3149 1592 3188 ea
1641 3133 1708 3187 de
1757 3147 1923 3186 causa
1962 3146 2100 3201 prae-

2272 2487 2352 2541 Τά
2379 2487 2436 2540 δὲ
2465 2485 2628 2540 λοιπά
2651 2487 2764 2549 τοῖς
2785 2482 3203 2556 προειρημένοις
3234 2479 3538 2542 ἀκολούθως
3557 2494 3572 2508 ⁸
3601 2479 3804 2534 Εὐδον

2199 2594 2419 2646 aeqvor,
2458 2578 2656 2645 Κύριε,
2694 2575 2821 2646 τοῦ,
2835 2575 3144 2644 ῥύσασθαί
3185 2589 3291 2642 με·
3345 2575 3545 2642 Κύριε,
3590 2574 3688 2638 εὶς
3733 2572 3803 2624 τὸ

2192 2669 2504 2739 ,βοηθῆσαί
2549 2687 2649 2739 μοι
2701 2671 2988 2738 πρόσχες.
3039 2668 3651 2738 Καταισχυνθείησαν
3699 2666 3803 2721 και

2199 2764 2644 2833 ὲ-ντραπείησαν
2674 2763 2795 2832 ἅμα
2826 2765 2878 2815 οί
2913 2761 3230 2830 ζητοῦντες
3271 2760 3384 2827 τὴν
3420 2761 3639 2830 ψυχήν
3677 2780 3800 2830 μου

2198 2857 2306 2913 τοῦ
2344 2856 2550 2926 ἐξᾶραι
2582 2855 2794 2922 αὐτήν.
2815 2857 3364 2924 Ἀποστραερείιισαν
3389 2855 3476 2920 είς
3498 2853 3572 2906 τὰ
3593 2855 3801 2909 ὀπίσω

2196 2950 2296 3005 καὶ
2339 2950 2929 3019 καταισχυνθείησαν
2953 2952 3008 3002 οἱ
3037 2947 3316 3016 θέλοντές
3332 2964 3434 3018 μοι
3465 2945 3646 3001 κακά.
3678 2946 3794 3001 Ko-

2191 3043 2598 3112 μισάσθωσαν
2638 3042 3002 3112 παραχρῆμα
3044 3043 3349 3111 aiax-drm-
3380 3037 3581 3094 αὐτῶν
3606 3043 3666 3094 oi
3694 3038 3795 3094 λέ-

2197 3134 2407 3206 γοντές
2424 3150 2555 3203 μοι’
2587 3130 2765 3204 Εὖγε,
2800 3130 3092 3204 εὖγε.Ἔτι
3125 3133 3217 3187 κα)⁸
3249 3132 3343 3186 νῦν
3371 3130 3617 3185 αἴσθεται
3656 3133 3793 3186 πολ-

525 3235 732 3282 scntem
764 3227 1068 3280 orationem
1103 3225 1323 3279 emittit.
1363 3222 1547 3293 Neque
1581 3222 1726 3276 enim
1761 3229 1982 3275 cessant
2017 3219 2095 3272 in-

2207 3227 2313 3280 λῶν
2331 3231 2460 3298 περὶ
2502 3227 2660 3281 αὐτὸν
2699 3227 2910 3299 ἐχθρῶν
2944 3226 3306 3296 ἐπικειμένων
3329 3229 3396 3296 τῇ
3419 3224 3584 3278 αὐτοῦ
3612 3225 3791 3297 ψυχῇ,

523 3317 708 3372 videre
731 3314 988 3386 perfectis
1027 3323 1083 3368 et
1116 3315 1168 3366 in
1202 3322 1352 3383 petra
1381 3313 1776 3383 gradientibus.
1818 3310 1999 3376 Quare
2029 3309 2096 3364 ab

525 3409 596 3462 iis
623 3406 839 3461 liberari
868 3421 927 3461 se
967 3417 1142 3475 rogat,
1189 3405 1261 3458 ita
1307 3412 1365 3457 ut
1399 3403 1472 3456 illi
1502 3402 1719 3473 quidem
1752 3399 2098 3456 confundano

529 3508 618 3551 tur
659 3505 714 3552 et
774 3496 983 3567 pudore
1038 3494 1344 3548 alliciantur
1399 3495 1494 3564 qui
1545 3502 1800 3564 quaerunt
1859 3493 2098 3546 animam

528 3591 728 3662 ipsius,
752 3599 810 3643 ut
836 3589 1085 3643 auferant
1114 3603 1270 3652 eam;
1301 3587 1416 3657 ipse
1447 3601 1574 3641 vero
1606 3585 1725 3655 ejus
1746 3584 1969 3639 dextera
1990 3583 2100 3636 cir-

528 3685 958 3740 cummuniatur.
1002 3681 1214 3736 Pudore
1251 3679 1557 3734 afﬁciuntur
1591 3688 1795 3742 autem,
1830 3691 1895 3731 ae
1924 3674 2100 3745 turpi-

526 3789 614 3835 ter
658 3783 845 3850 agunt,
876 3776 959 3831 sic
1002 3776 1145 3828 enim
1193 3771 1363 3827 edidit
1397 3770 1781 3843 Symmachus,
1822 3769 1916 3839 qui
1951 3782 2100 3838 quae-

528 3879 658 3923 runt
705 3868 942 3921 animam
995 3866 1152 3934 justi,
1188 3872 1476 3933 postquam
1535 3863 1791 3915 omnibus
1837 3859 2100 3914 adhibitis

527 3960 800 4015 machinis
827 3973 885 4012 re
917 3956 1119 4011 infecta
1161 3964 1380 4009 manent
1416 3974 1428 4008 :
1458 3955 1761 4024 deindcque
1803 3962 1859 4007 ut
1896 3952 1988 4022 qui
2019 3953 2103 4006 ni—

525 4054 606 4106 hil
644 4051 905 4122 perﬁcere
952 4049 1230 4120 potuerint
1267 4050 1642 4118 desperantes,
1675 4047 1882 4117 pudore
1909 4045 2102 4101 suﬁ‘usi

531 4144 852 4198 abscedunt.
910 4141 1275 4208 Quamobrem
1349 4149 1641 4210 postquam
1699 4141 1824 4194 illos
1871 4138 2098 4209 pudore,

532 4235 871 4303 turpitudine
923 4244 977 4288 et
1031 4232 1336 4287 reverentia
1398 4231 1625 4286 aﬁectos
1677 4230 1835 4295 dixit,
1868 4230 2097 4300 adjicit:

531 4328 853 4380 Avertantur
882 4334 1169 4379 retrorsum
1200 4333 1248 4377 et
1283 4322 1591 4376 erubescant
1629 4324 1720 4393 qui
1754 4323 1930 4376 vol-unt
1960 4321 2104 4374 mata

533 4418 834 4472 milai.Cum
865 4420 1008 4471 enim
1037 4417 1170 4469 nihil
1205 4415 1502 4485 potuerint,
1522 4429 1644 4468 cum
1680 4415 1829 4468 nulla
1861 4414 1938 4468 rei
1968 4413 2104 4467 bene

534 4507 785 4580 gerenda:
814 4523 942 4578 spes
988 4508 1248 4577 supersit,
1290 4512 1614 4561 avertuntur
1647 4521 1712 4560 ac
1745 4513 1892 4560 retro
1925 4505 2104 4558 disce-

2201 3321 2298 3374 καὶ
2321 3321 2450 3392 περὶ
2473 3318 2678 3372 τούτων
2707 3320 2806 3390 τὴν
2838 3319 3204 3390 προκειμένην
3247 3319 3412 3390 εύχὴν
3442 3318 3787 3388 ἀναπέμπει.

2202 3414 2276 3466 Ού
2308 3412 2416 3484 γὰρ
2440 3411 2701 3467 παύονται
2723 3411 3004 3482 διαφθονού
3014 3428 3161 3482 μενοι
3178 3410 3270 3464 καὶ
3293 3413 3402 3472 τοῖς
3432 3411 3533 3481 ήδη
3559 3408 3792 3472 τελείοις

2201 3505 2297 3559 καὶ
2326 3504 2612 3575 βεϐηκόσιν
2644 3504 2736 3557 ἐπὶ
2759 3503 2857 3575 τὴν
2890 3505 3113 3575 πέτραν.
3146 3500 3236 3556 Διὸ
3261 3502 3523 3574 ῥυσθῆναι
3551 3503 3662 3555 ἀπὸ
3679 3503 3788 3557 τῶν

2201 3595 2508 3666 εἰρημένων
2545 3594 2703 3660 ἀξιοῖ,
2733 3595 3019 3658 κάκείνους
3057 3594 3156 3666 μὲν
3197 3593 3657 3667 καταιηυνθῆναι
3696 3597 3790 3651 καὶ

2201 3687 2534 3757 ὲντραπῆναι
2567 3686 2692 3749 τοὺς
2736 3685 3098 3757 ὲκζητοῦντας
3124 3684 3288 3738 αὐτοῦ
3336 3685 3434 3757 τὴν
3484 3685 3663 3758 ψυχὴν
3691 3688 3787 3740 τοῦ

2200 3779 2391 3850 ἐξᾶραι
2423 3778 2594 3849 αὐτήν
2616 3794 2630 3808 ·
2657 3778 2819 3832 αὑτὸν
2843 3778 2898 3832 δὲ
2932 3777 3400 3851 περιφράττεσθαι
3431 3778 3536 3832 ὑπὸ
3562 3781 3665 3849 τῆς
3691 3782 3790 3835 αύο

2202 3865 2522 3932 τοῦοδεξιᾶς.
2544 3866 2924 3938 Ἐντρέπονται
2944 3866 3001 3920 δὲ
3027 3869 3121 3920 καὶ
3155 3867 3550 3937 ἀσχημονοῦσιν
3594 3867 3790 3934 (οὕτως

2201 3957 2309 4028 γὰρ
2338 3943 2603 4022 ἒἐξέδωκεν
2647 3960 2674 4010 ὁ
2722 3958 3039 4030 Σύμμαχος)
3095 3961 3144 4013 oi
3174 3958 3460 4030 ζητοῦντες
3479 3959 3578 4030 τὴν
3611 3956 3789 4028 ψυχὴν

2201 4051 2295 4104 τοῦ
2328 4050 2557 4115 δικαίου,
2585 4053 2825 4117 ἐπειδὰν,
2856 4054 3034 4104 πᾶσαν
3063 4053 3183 4105 κατ’
3209 4051 3372 4105 αὐτοῦ
3398 4050 3645 4122 μηχανὴν
3671 4053 3787 4102 ἐπισ

2202 4147 2516 4216 νοήσαντες,
2545 4146 2822 4215 ἄπρακτοι
2854 4140 3119 4213 γένωνται
3139 4161 3152 4175 '
3197 4141 3296 4197 εἷθ’
3325 4145 3401 4208 ὡς
3449 4145 3616 4216 μηδὲν
3644 4144 3789 4197 δεδυ-

2203 4240 2425 4310 νημένοι
2464 4239 2791 4307 ἀπογνόντες
2832 4237 3281 4301 ἀπαλλάττονται,
3309 4236 3587 4307 ἀἰσχύνην
3621 4253 3789 4290 κατα-

2203 4332 2478 4402 χεάμενοι.
2514 4331 2604 4384 Διὸ
2655 4331 2792 4403 μετά
2824 4331 2886 4382 τὸ
2917 4331 3293 4401 ἀσχημονῆσαι
3325 4331 3541 4394 αὐτοὺς,
3591 4346 3788 4383 nat-1'.—

2207 4423 2500 4493 σχυνθῆναί
2538 4441 2597 4476 τε
2642 4423 3097 4494 κσ“ι’ὲντραπῆναι
3144 4422 3417 4490 ἐπιλέγει·
3467 4423 3785 4488 Ἀποστρα-

2205 4516 2466 4584 φείησαν
2490 4518 2576 4581 είς
2597 4515 2669 4568 τὰ
2695 4515 2909 4574 ὀπίσω,
2928 4512 3024 4566 καὶ
3045 4513 3487 4580 ἐντραπείησαν
3510 4514 3564 4566 οἱ
3588 4512 3786 4566 θέλοι·-

532 4603 704 4667 dunt;
758 4600 956 4659 deinde
1009 4599 1235 4670 profecti
1294 4614 1359 4653 ac
1388 4599 1579 4669 procul
1621 4599 1806 4670 positi,
1850 4599 2095 4668 nequitiae

2205 4625 2304 4673 τες
2336 4607 2408 4660 τὰ
2441 4605 2594 4660 κακά
2626 4623 2747 4676 μοι.
2795 4604 2979 4676 Μηδὲν
3029 4603 3136 4676 γὰρ
3186 4603 3550 4675 δεδυνημένοι,
3576 4605 3672 4656 καὶ
3711 4605 3785 4674 μὴ

533 4711 646 4750 suae
679 4699 907 4766 pignora
959 4695 1228 4764 accipient
1268 4711 1280 4748 :
1316 4708 1486 4764 quare
1528 4703 1651 4763 post
1702 4693 1817 4747 haec
1847 4692 2048 4747 dicitur
2085 4713 2098 4748 :

535 4789 733 4844 Ferant
767 4788 1040 4858 confestim
1062 4772 1420 4855 confusionem
1448 4803 1599 4840 suam
1621 4786 1712 4856 qui
1735 4786 1914 4838 dicunt
1940 4785 2101 4838 mihi:

536 4882 700 4952 Euge,
725 4879 886 4948 Euge.
913 4878 1019 4932 Pro
1039 4893 1149 4948 quo
1170 4878 1364 4946 Aquila
1393 4897 1404 4932 :
1435 4879 1516 4930 Aa
1535 4920 1549 4942 ,
1576 4895 1665 4942 aa,
1693 4878 1808 4946 ipsa
1836 4875 2102 4932 Hebraica

535 4990 688 5037 voce,
727 4975 807 5027 sic
843 4968 1097 5034 habente,
1135 4982 1288 5023 usus.
1320 4968 1520 5038 Estque
1559 4971 1672 5039 ipsa
1711 4984 1809 5021 vox
1849 4970 2102 5038 planctus

534 5077 723 5119 eorum
751 5062 844 5132 qui
874 5061 986 5130 jam
1031 5058 1271 5130 superati
1327 5068 1475 5124 sunt,
1510 5075 1574 5113 ac
1615 5069 1759 5113 retro
1813 5064 2101 5112 cesserunt

535 5152 1026 5220 confusionemque
1048 5151 1380 5205 retulerunt.
1414 5149 1720 5205 Secundum
1747 5147 2100 5218 Septuaginta

535 5245 866 5316 lnterpretes
897 5255 951 5301 et
982 5243 1366 5317 Symmachum
1404 5245 1480 5300 sir.
1511 5245 1752 5298 dicitur:
1789 5245 1891 5308 Qui
1919 5241 2100 5294 dicunt

535 5340 694 5395 deme
727 5355 744 5392 :
783 5337 945 5408 Euge,
981 5337 1144 5408 Euge.
1190 5336 1255 5391 Et
1289 5337 1520 5392 fortasse
1561 5337 1694 5406 justi
1746 5335 1950 5389 inimici
2007 5335 2100 5404 qui

534 5429 737 5482 multas
760 5429 1022 5482 adversus
1052 5443 1176 5483 eum
1204 5427 1432 5483 insidias
1457 5432 1791 5484 struxerant,
1821 5432 2102 5494 sperantes

534 5537 594 5576 se
625 5527 1000 5591 superaturos,
1037 5519 1103 5575 ad
1129 5518 1374 5590 singulas
1400 5518 1656 5573 dicebant
1692 5535 1705 5570 :
1734 5513 1900 5585 Euge,
1938 5514 2099 5586 Euge.

536 5611 640 5669 Sed
666 5628 790 5667 cum
820 5613 935 5667 haec
961 5613 1282 5684 plerumque
1309 5609 1566 5673 dixerint,
1587 5623 1682 5678 per
1705 5617 1875 5671 tuam,
1904 5607 2099 5678 inquit,

535 5706 759 5777 gratiam
789 5707 901 5777 jam
926 5704 1229 5771 discedant,
1249 5717 1402 5759 suam
1422 5701 1654 5757 ferentes
1685 5700 2097 5771 turpitudinem.

605 5840 680 5914 (Ι)
727 5840 1015 5894 ’Δνεπόλει.

2206 4699 2629 4761 κατελπίσαντες
2682 4695 3173 4768 περιγενήσεσθαι,
3219 4695 3650 4767 ἀποστρέφονται
3690 4696 3787 4748 καὶ

2205 4789 2634 4844 ἀπαλλάττονται
2666 4791 2745 4851 είς
2776 4788 2843 4840 τὰ
2876 4788 3050 4841 ὀπίσω
3069 4803 3082 4816 ·
3130 4783 3229 4839 εἶτ’
3261 4785 3664 4852 ἀπαλλαγέντες
3690 4785 3788 4838 καὶ

2209 4881 2422 4953 μακρὰν
2446 4881 2747 4951 γενόμενοι,
2783 4879 3072 4950 τάπίχειρα
3093 4879 3191 4949 τῆς
3217 4878 3394 4931 αὐτῶν
3417 4877 3785 4946 ἀπολήψονται

2203 4970 2433 5034 κακίας⁶
2465 4971 2546 5024 διὸ
2589 4971 2724 5042 μετά
2765 4969 2938 5025 ταῦτα
2980 4970 3260 5024 λέλεκται·
3305 4966 3787 5037 Κομισάσθωσαν

2207 5061 2568 5133 παραχρῆμα
2619 5063 2925 5131 αἰσχύνην
2968 5061 3168 5116 αὐτῶν
3216 5066 3270 5116 ot
3315 5061 3598 5131 λέγοντές
3645 5077 3781 5131 μοι’

2207 5152 2382 5225 Εὖγε,
2433 5152 2592 5224 εὖτε.
2633 5155 2771 5208 Ἀνθ’
2800 5147 2860 5208 ού
2912 5158 2940 5209 ό
2975 5154 3203 5218 Ἀκύλας
3249 5156 3625 5226 ἠρμήνευσεψ
3668 5152 3782 5216 Ἀὰ,

2205 5249 2301 5314 ua,
2330 5248 2464 5320 αὐτῇ
2501 5249 2951 5320 συγχρησάμενος
2979 5247 3150 5312 οὓτως
3186 5247 3382 5320 ἐχούσῃ
3412 5250 3479 5319 τῇ
3525 5245 3782 5318 Ἐὅριῑκῇ

2208 5343 2544 5413 φωνῇ.”Εστι
2576 5341 2633 5394 δὲ
2661 5340 2798 5412 αὕτη
2835 5341 3211 5416 σχετλιαστικὴ
3239 5340 3345 5394 τῶν
3369 5339 3470 5412 ἤδη
3499 5339 3784 5411 νενικημέ-

2205 5451 2309 5487 νων
2343 5433 2436 5486 καὶ
2468 5435 2548 5496 εἱς
2576 5433 2645 5487 τὰ
2670 5435 2845 5488 ὀπίσω
2876 5435 3291 5506 κεχωρηκότων,
3325 5433 3421 5486 καὶ
3448 5434 3549 5504 τὴν
3580 5432 3784 5486 ἑαυτῶν

2205 5525 2464 5596 αἰσχύνην
2513 5523 2910 5596 ἀπειληφότων.
2949 5525 3105 5580 Κατά
3146 5525 3350 5589 δὲτοὺς
3386 5524 3784 5595 Ἐὃδομήκοντα

2208 5615 2410 5668 καὶτὸν
2431 5615 2724 5687 Σύμμαχον
2752 5619 3000 5687 φήσαντα
3014 5634 3028 5649 ο
3061 5619 3126 5670 Ui
3151 5615 3438 5686 λέγοντες
3460 5615 3596 5684 περὶ
3613 5613 3781 5684 atat?"

2213 5702 2387 5778 Εὖγε,
2417 5704 2575 5780 εὖγε,
2607 5709 2747 5780 τάχα
2775 5710 2903 5763 ποτὲ
2932 5711 2979 5763 οἱ
3012 5708 3197 5780 ἐχθροὶ
3227 5709 3324 5763 τοῦ
3347 5707 3558 5764 δικαίου
3585 5706 3782 5770 πολλάς
