4010 6546
1403 323 1906 393 ΘΟΜΜΕΝΤΑΒΙΑ
1945 325 2010 381 ΙΝ
2050 316 2392 380 PSALMOS.

3412 301 3518 358 56‘!

269 509 558 535 ιηιυυυσιυι,
583 509 796 524 ...ηψπ
812 509 826 520 ,
843 509 920 528 .-,
961 509 1059 517 ..μ
1102 509 1134 515 τ
1149 509 1168 514 ,
1187 509 1199 513 -
1222 509 1261 512 __
1280 509 1293 525 ,
1358 509 1368 527 ,
1610 509 1636 526 η
1705 509 1716 526 _
2171 509 2184 514 _
2347 509 2355 512 _

265 567 425 628 λάκις
444 565 621 628 τοῦτο,
637 561 824 634 φησὶν,
841 553 1236 631 εἰρηκότες,διὰ
1252 551 1349 623 τὴν
1370 550 1467 621 σὴν
1497 550 1654 620 χάριν
1675 537 2202 600 ἀπαλλαττέσθωσαν
2221 529 2321 604 ἥδη
2341 531 2488 591 ποτὲ,
2509 528 2606 599 τὴν
2630 523 2833 634 έαυξέν
2845 522 3214 634 ’κομιξάξῖοι
3239 516 3520 587 αἰσχύνην.

401 661 509 716 ΕιΣ
547 660 634 711 ΤΟ
674 647 1218 716 ΤΕΛΟΣ,¹Ι¹ἈΛΜΟΣ
1254 645 1341 699 ΤΩ
1379 636 1579 696 ΔΑΥΙΔ
1615 640 1705 695 Μ’.

338 753 639 822 Μακάριος
665 751 698 804 ό
719 745 949 802 συνιὼν
975 742 1073 797 ἐπὶ
1094 738 1332 810 πτωχὸν
1357 736 1455 791 καὶ
1485 734 1714 802 πένητα
1733 751 1744 762 ·
1775 731 1849 785 έν

267 848 459 918 ἡμέρᾳ
502 838 734 910 πονηρᾷ
771 832 1022 906 ῥύσεται
1058 832 1244 888 αὑτὸν
1270 833 1304 884 ό
1346 829 1576 897 Κύριος.
1629 827 1846 894 Κύριος

268 935 638 1008 διαφυλάξαι
663 932 849 987 αὑτὸν
881 928 980 982 καὶ
1016 924 1236 988 {inchoat
1271 921 1481 983 αὑτὸν,
1524 919 1623 973 καὶ
1659 933 1846 988 μακα-

263 1032 433 1099 ρίσαι
459 1027 646 1082 αὑτὸν
672 1025 742 1078 ἐν
774 1021 846 1090 τῇ
874 1019 971 1091 γῇ,
1002 1016 1100 1072 καὶ
1127 1015 1213 1086 μὴ
1240 1009 1484 1082 παραδῷ
1532 1010 1720 1064 αὑτὸν
1760 1009 1849 1073 εις

269 1098 482 1191 ψυχὴν
500 1115 729 1187 ἐχθρῶν
749 1111 955 1167 αὐτοῦ.
978 1110 1190 1177 Κύριος
1203 1103 1509 1173 ,ϐοηθῆσαι
1553 1100 1713 1166 αὐτῷ
1747 1098 1848 1152 ἐπὶ

267 1189 487 1277 αλίνης
533 1209 754 1274 ὀδύνης
792 1202 998 1266 αὑτοῦ,
1050 1200 1204 1267 ὅλην
1243 1195 1357 1265 τὴν
1400 1195 1609 1262 κοίτην
1659 1189 1846 1246 αὐτοῦ

268 1306 567 1372 ἐστρεψας
597 1301 666 1354 ἐν
694 1297 766 1367 τῇ
809 1284 1106 1365 ἀρρωστίᾳ
1145 1289 1353 1344 αὑτοῦ.
1400 1286 1613 1360 Προιὼν
1665 1279 1791 1356 ἑξῆς
1818 1284 1848 1336 ὁ

268 1395 425 1464 λόγος
458 1391 706 1463 ἐπιφέρει
729 1403 742 1420 ⁶
777 1387 886 1443 Καὶ
911 1386 1020 1455 γὰρ
1047 1387 1079 1438 ό
1122 1382 1432 1450 ἅνθρωπος
1461 1377 1569 1447 τῆς
1602 1377 1848 1448 είρήνης

264 1502 406 1553 μου,
445 1481 535 1551 ἐφ’
568 1481 640 1534 ὃν
667 1474 920 1546 ἤλπισα,
959 1477 990 1527 ό
1022 1472 1242 1526 ἐσθίων
1275 1467 1495 1537 ἄρτους
1528 1485 1680 1537 μου,
1713 1465 1845 1535 έμε-

269 1575 534 1646 γάλυνεν
559 1570 652 1626 ἐπ’
684 1569 788 1640 ἐμὲ
814 1563 1196 1636 πτερνισμόνι
1228 1560 1416 1615 Ταῦτα
1445 1561 1501 1614 δὲ
1540 1555 1850 1630 ἀναγέγρα-

269 1685 400 1722 πται
434 1667 462 1718 ὁ
499 1663 688 1736 Σωτὴρ
738 1663 833 1716 καὶ
859 1659 1064 1731 Κύριος
1091 1655 1247 1728 ἡμῶν
1279 1657 1337 1708 ὲν
1364 1653 1441 1725 τῷ
1469 1654 1611 1708 κατὰ
1669 1653 1850 1707 Ἰωάν-

269 1778 366 1832 νην
394 1756 711 1827 Εὑαγγελίῳ
741 1756 817 1818 ὼς
850 1751 909 1818 ἐξ
930 1749 1128 1805 οἰκείου
1179 1747 1472 1820 προσώπου
1520 1743 1758 1818 εἰρηκὼς
1791 1746 1848 1798 ἐν

269 1855 336 1925 τῇ
381 1852 515 1924 πρὸς
569 1851 694 1913 τοὺς
751 1845 996 1918 μαθητὰς
1058 1844 1275 1915 ὁμιλίᾳ·
1331 1840 1397 1895 δι’
1449 1833 1524 1894 ὧν
1575 1839 1845 1909 ἔφασκεν·

283 1943 482 2013 Ἀμὴν,
505 1939 688 2011 ἀμὴν,
711 1939 866 2009 λέγω
890 1937 1032 2007 ὑμῖν
1050 1951 1063 1967 ·
1103 1938 1223 1990 Οὐκ
1250 1936 1380 1989 ἐστι
1405 1933 1628 1997 δοῦλος
1638 1925 1851 2000 μείζων

1874 638 1921 695 Α

2274 624 2325 678 1.
2363 619 2429 675 ΙΝ
2461 617 2690 683 FINEM,
2712 610 3036 668 PSALMUS
3077 608 3187 663 XL.

2027 719 2196 775 Vens.
2217 717 2342 772 2-4.
2366 715 2562 770 Beatus
2593 713 2685 782 qui
2713 709 2960 779 intelligit
3011 721 3168 776 super
3222 718 3438 774 egenum
3475 713 3521 756 et

1954 828 2236 885 pauperem
2273 812 2367 864 :in
2397 806 2481 862 die
2504 805 2651 859 mala
2680 803 2925 859 liberabit
2958 817 3075 854 eum
3102 798 3382 852 Dominus.
3412 795 3524 850 Do-

1953 908 2130 962 minus
2163 912 2431 960 conservet
2460 917 2578 956 eum
2607 909 2657 954 et
2691 899 2913 968 viviﬁcet
2958 913 3098 960 eum,
3128 905 3177 948 et
3204 895 3411 947 beatum
3445 891 3528 959 fa-

1954 999 2061 1053 ciat
2083 1011 2203 1051 eum
2237 996 2291 1048 in
2310 1003 2470 1052 terra,
2503 998 2551 1045 et
2582 1005 2688 1044 non
2727 986 2906 1041 tradat
2931 1001 3048 1039 eum
3076 984 3132 1037 in
3157 981 3390 1036 animam
3422 979 3528 1032 ini-

1953 1092 2213 1144 micorum
2251 1087 2387 1158 ejus.
2427 1083 2681 1139 Dominus
2712 1096 2860 1151 opem
2884 1079 3022 1148 ferat
3067 1074 3147 1129 illi
3167 1089 3321 1143 super
3341 1073 3531 1126 lectum

1954 1180 2154 1234 doloris
2183 1177 2314 1247 ejus,
2345 1177 2645 1230 universum
2664 1180 2892 1227 stratum
2924 1168 3038 1238 ejus
3065 1165 3285 1222 versasti
3303 1166 3355 1219 in
3381 1163 3534 1233 inﬁr-

1955 1274 2139 1327 mitate
2177 1286 2313 1339 ejus.
2347 1267 2462 1322 Sub
2489 1267 2605 1321 huic
2658 1271 2838 1318 autem
2891 1261 2965 1314 ita
3013 1274 3192 1314 sermo
3246 1256 3530 1328 procedit:

1956 1362 2166 1418 Etenim
2183 1361 2337 1416 homo
2359 1359 2508 1428 pacis
2534 1372 2686 1422 meat,
2720 1355 2776 1409 in
2827 1368 2928 1424 quo
2976 1350 3202 1420 sperari,
3228 1349 3316 1420 qui
3349 1345 3534 1402 edebat

1953 1471 2113 1524 panes
2136 1471 2300 1518 meos,
2326 1449 2687 1522 magni/icavit
2727 1462 2884 1517 super
2921 1460 3002 1498 me
3029 1441 3532 1512 supplantationem.

1956 1548 2083 1603 Haec
2119 1562 2282 1619 porro
2328 1544 2536 1599 dixisse
2583 1541 2844 1597 scribitur
2887 1536 3137 1593 Salvator
3169 1542 3223 1589 et
3271 1533 3536 1588 Dominus

1957 1649 2144 1696 noster
2180 1639 2234 1694 in
2270 1636 2567 1707 Evangelia
2625 1632 2929 1690 secundum
2960 1629 3250 1691 Joannem,
3284 1626 3439 1697 quasi
3467 1641 3535 1680 ex

1956 1735 2179 1807 propria
2234 1745 2468 1803 persona
2529 1730 2610 1784 sic
2671 1725 2974 1796 discipulos
3017 1719 3529 1780 allocutuszAmen,

1958 1845 2130 1891 amen,
2183 1824 2302 1878 dico
2342 1822 2531 1877 vobis:
2571 1819 2695 1873 Non
2740 1827 2816 1872 est
2867 1832 3044 1871 servus
3101 1814 3279 1883 major
3321 1812 3534 1866 domino

1957 1937 2072 1984 suo,
2105 1934 2266 1990 neque
2291 1916 2562 1986 apostolus
2593 1913 2768 1982 major
2795 1921 2871 1965 est
2893 1926 2953 1964 eo
2973 1910 3063 1980 qui
3097 1908 3242 1962 misit
3269 1905 3443 1960 illum.
3478 1903 3540 1958 Si

271 2035 380 2089 τοῦ
422 2034 634 2102 κυρίου
672 2029 880 2095 αὑτοῦ,
921 2029 1064 2084 οὐδὲ
1101 2029 1448 2092 ἀπόστολος
1483 2020 1696 2095 μείζων
1744 2020 1850 2074 τοῦ

1958 2013 2063 2067 lucc
2089 2013 2256 2074 scitis,
2299 2010 2438 2064 beati
2475 2007 2624 2062 eritis
2677 2021 2795 2059 cum
2813 2003 3041 2073 feceritis
3065 2018 3148 2058 ea.
3183 1998 3310 2055 Non
3338 1998 3402 2052 de
3431 2013 3544 2050 om-

273 2125 622 2194 πέμψαντος
642 2124 845 2177 αὐτόν.
867 2123 937 2174 Ei
963 2121 1150 2174 ταῦτα
1174 2118 1393 2182 οἴδατε,
1412 2113 1694 2185 μακάριοί
1711 2114 1850 2167 ἐστε

274 2215 421 2270 ὅταν
443 2214 659 2268 ποιεῖτε
686 2214 762 2286 (ιι)
812 2211 982 2269 αὐτά.
1033 2213 1116 2265 Οὺ
1148 2209 1280 2278 περὶ
1319 2206 1561 2262 πάντων
1595 2205 1735 2276 ὑμῖν
1754 2205 1852 2261 λέ·

272 2326 382 2379 γω·
418 2307 532 2378 ἐγὼ
560 2299 692 2361 οῖδα
722 2305 828 2372 οὓς
849 2304 1220 2371 ἐξελεξάμην
1241 2313 1253 2332 "
1283 2301 1422 2356 ἀλλ’
1452 2301 1552 2353 ἵνα
1577 2297 1616 2367 ἡ
1638 2297 1850 2367 Γραεεὴ

271 2396 588 2466 πληρωθῇο
625 2397 677 2449 '0
706 2395 941 2464 τρώγων
960 2412 1078 2464 μου
1111 2393 1219 2446 τὸν
1260 2391 1444 2460 ἄρτον
1493 2387 1718 2458 ἐπῆρεν
1757 2389 1851 2442 ἐπ’

271 2488 375 2557 ἐμὲ
397 2486 662 2555 πτέρναν
702 2485 908 2540 αὑτοῦ.
948 2484 1114 2556 Ἀλλη
1142 2483 1198 2536 δὲ
1222 2481 1411 2554 Γραφὴ
1441 2479 1599 2533 τοῦτο
1629 2480 1852 2550 φήσασα

270 2583 368 2652 οὐχ
406 2582 739 2654 εὑρίσκεται,
785 2579 920 2650 μόνη
947 2579 1002 2631 δὲ
1026 2579 1059 2649 ἡ
1102 2575 1373 2648 παροῦσα,
1405 2573 1470 2627 δι’
1497 2566 1565 2644 ἦς
1593 2571 1808 2643 εἴρηται
1833 2580 1847 2599 ⁸

281 2674 337 2727 '0
368 2675 588 2730 ἐσθίων
617 2672 799 2743 ἄρτον
825 2688 944 2740 μου
993 2668 1364 2740 ἐμεγάλυνεν
1390 2667 1483 2720 ἐπ’
1532 2665 1637 2735 ἐμὲ
1676 2677 1852 2732 πτερ-

270 2769 508 2837 νισμόν.
550 2767 690 2838 ’Ὠρα
715 2763 1001 2835 τοιγαροῦν
1032 2764 1112 2825 εἰς
1141 2759 1203 2814 τὸ
1251 2757 1416 2814 αὐτοῦ
1461 2757 1751 2828 πρόσωπον
1783 2754 1853 2810 τὰ

272 2860 626 2930 ὲμφερόμενα
657 2857 734 2927 τῷ
763 2855 960 2927 ψαλμῷ
987 2855 1062 2918 ὡς
1093 2855 1158 2908 ἂν
1185 2851 1539 2924 προφητικῶς
1587 2851 1854 2923 εἰρημένα

271 2949 543 3004 ἐκλαϐεῖν.
579 2948 670 3000 Διὸ
697 2947 792 3003 καὶ
819 2949 906 3012 εὶς
935 2945 1002 2998 τὸ
1026 2944 1203 3008 τέλος
1244 2942 1645 3014 ἐπιγέγραπται
1669 2983 1684 3007 ,
1718 2942 1853 2993 ἁνα-

272 3038 562 3108 πέμποντα
593 3039 742 3108 ἡμᾶς
772 3037 890 3107 ἢτοι
915 3033 1007 3088 ἐπὶ
1039 3034 1137 3104 τὴν
1179 3033 1488 3086 συντέλειαν
1529 3031 1624 3085 τοῦ
1661 3031 1854 3094 αἰῶνος

271 3128 394 3183 καθ’
421 3131 486 3199 ἢν
520 3129 823 3201 ἐπληροῦτο
854 3127 923 3181 τά
952 3125 1438 3198 ἀναγεγραμμένα,
1475 3125 1508 3195 ἢ
1543 3125 1637 3177 ἐπὶ
1669 3125 1738 3178 τὰ
1768 3140 1856 3176 τε-

273 3223 498 3276 λευταῖα
533 3222 640 3275 τῶν
673 3221 762 3275 διὰ
783 3221 878 3275 τοῦ
903 3220 1120 3292 ψαλμοῦ
1147 3220 1511 3291 δηλουμένων.
1539 3221 1603 3273 Ei
1641 3219 1737 3291 μὲν
1761 3214 1854 3271 οὖν

273 3314 368 3369 ἀπὶ
403 3313 498 3367 τοῦ
545 3314 796 3386 Σωτῆρος
839 3315 1162 3386 ἀναφέροιτο
1198 3315 1268 3368 τὰ
1295 3314 1654 3387 προκείμενα,
1680 3311 1854 3375 εἴποις

271 3403 340 3458 ἂν
371 3404 768 3475 μακαρίζεσθαι
786 3405 876 3457 τὸν
893 3405 1190 3476 δυνάμενον
1217 3405 1458 3458 συνιέναι
1485 3402 1551 3456 δι’
1575 3403 1641 3474 ἣν
1675 3400 1854 3455 αἰτίαν

272 3498 528 3570 ἀνείληφε
556 3497 623 3550 δι’
657 3499 805 3568 ἡμᾶς
836 3495 1132 3568 πτωχείαν.
1156 3499 1276 3550 Ἔτι
1293 3496 1403 3567 γὰρ
1429 3497 1726 3562 πλούσιος
1746 3493 1852 3557 ὢν,

273 3589 347 3644 δι’
372 3589 529 3659 ἡμᾶς
561 3588 968 3657 ἐπτώχευσεν,
1005 3590 1106 3642 ἵνα
1132 3587 1304 3658 ἡμεῖς
1347 3587 1421 3658 τῇ
1467 3588 1653 3642 αὐτοῦ
1705 3602 1856 3640 πτω-

273 3679 408 3749 χείᾳ
427 3679 895 3748 πλουτνήσωμενο
932 3679 1029 3730 Ἐν
1043 3677 1247 3747 μορφῇ
1269 3696 1329 3731 τε
1375 3677 1523 3732 Θεοῦ
1566 3675 1856 3745 ὑπάρχων

272 3770 572 3826 ἐκένωσεν
593 3771 832 3834 ἑαυτὸν,
856 3770 1100 3841 μορφὴν
1131 3771 1355 3824 δούλου
1393 3769 1595 3824 λαϐὼν
1617 3809 1632 3832 ,
1670 3767 1857 3836 σαφῶς

275 3861 514 3926 ἐδίδαξεν
536 3865 564 3915 ὁ
591 3861 733 3924 θεῖος
751 3861 1091 3924 Ἀπόστολος.
1127 3862 1236 3914 Καὶ
1267 3860 1426 3923 ἄλλος
1449 3861 1492 3912 δ’
1523 3859 1588 3912 ἄν
1621 3875 1704 3921 τις
1735 3875 1858 3910 συν-

275 3955 396 4029 ήσει
435 3955 526 4007 ἐπὶ
556 3953 768 4024 πτωχὸν
802 3953 898 4007 καὶ
929 3953 1157 4023 πένητα,
1181 3951 1395 4006 ἀκούων
1416 3950 1583 4005 αὑτοῦ
1611 3950 1858 4019 λέγοντος

276 4053 336 4107 ὲν
361 4051 714 4121 Εὑαγγελίοις
732 4067 744 4078 ν
780 4048 980 4117 Δεῦτε,
1008 4049 1061 4100 οἱ
1083 4043 1477 4116 εὐλογημένοι
1498 4043 1605 4098 τοῦ
1628 4041 1859 4110 Πατρός

272 4161 414 4214 μου,
501 4140 997 4212 κληρονομήσατε
1056 4137 1172 4206 τὴν
1221 4134 1671 4206 ἡτοιμασμένην
1718 4132 1860 4202 ὑμῖν

269 4235 603 4301 ,ϐασιλείαν
654 4233 770 4288 ἀπὸ
819 4219 1158 4299 καταϐολῆς
1199 4231 1456 4299 κόσμου.
1531 4227 1861 4282 Ἐπείνασα

277 4327 410 4396 τὰρ,
446 4326 544 4380 καὶ
563 4323 826 4380 ἐδώκατέ
867 4341 970 4392 μοι
1001 4319 1244 4393 φαγεῖνο
1281 4320 1568 4389 ἐδίψησα,
1598 4319 1698 4374 καὶ
1723 4320 1861 4375 ἐπο-

276 4419 486 4476 τίσατέ
542 4435 653 4488 με’
721 4418 893 4483 ξένος
924 4417 1127 4485 ἤμην,
1183 4414 1279 4469 καὶ
1331 4412 1714 4483 συνηγάγετέ
1747 4431 1858 4483 με’

278 4511 526 4585 γυμνὸς,
563 4511 664 4564 καὶ
694 4506 1072 4578 περιεϐάλετέ
1093 4523 1202 4577 με·
1234 4506 1558 4575 ἠσθένουν,
1587 4505 1687 4559 καὶ
1719 4505 1796 4559 ea
1834 4535 1860 4548 ο

275 4607 645 4676 εσκέψασθσ
668 4607 738 4658 ἐν
764 4602 1010 4673 φυλακῇ
1034 4601 1216 4670 ἤμην,
1240 4600 1338 4654 καὶ
1361 4599 1575 4668 ἤλθετε
1599 4603 1747 4668 πρὸς
1762 4601 1862 4670 μὲο

1956 2103 2269 2159 ηιίὺιιευοῡὶε
2293 2101 2451 2155 dico:
2473 2115 2564 2170 ego
2586 2099 2694 2152 scio
2723 2113 2852 2168 quos
2877 2094 3118 2165 elegerim
3139 2108 3159 2158 ;
3183 2091 3272 2146 sed
3287 2099 3344 2144 ut
3367 2090 3536 2143 adim-

1953 2198 2164 2268 pleatur
2185 2195 2464 2263 Scriptura
2495 2207 2513 2245 :
2549 2190 2654 2256 Qui
2684 2188 2974 2242 manducat
3029 2201 3202 2240 meum
3224 2198 3434 2250 panem,
3463 2181 3537 2234 le-

1954 2292 2092 2343 vavit
2115 2295 2300 2340 contra
2325 2299 2406 2337 me
2437 2281 2744 2336 calcaneum
2768 2294 2923 2332 suum
2951 2277 3016 2329 ’⁸.
3053 2275 3212 2328 Nulla
3236 2287 3398 2343 porro
3432 2273 3538 2324 alia

1957 2379 2239 2449 Scriptura
2269 2390 2392 2446 quae
2441 2374 2548 2429 hoc
2604 2373 2754 2427 dicat
2804 2372 3102 2440 reperitur,
3157 2373 3356 2438 praeter
3397 2364 3540 2418 hanc

1953 2485 2120 2526 unam
2136 2484 2244 2542 qua
2263 2467 2471 2522 dictum
2495 2473 2602 2529 est,
2631 2464 2722 2534 qui
2747 2462 2933 2518 edebat
2977 2477 3167 2531 panem
3204 2473 3398 2522 meum,-
3428 2472 3540 2511 mu-

1953 2562 2223 2635 gniﬁcavit
2270 2575 2426 2630 super
2449 2575 2529 2614 me
2572 2555 3076 2626 supplantationem.
3123 2548 3232 2608 Par
3261 2560 3346 2608 est
3376 2551 3544 2620 igitur

1955 2654 2026 2711 ad
2058 2655 2178 2726 ejus
2205 2667 2521 2726 personam,
2557 2665 2678 2720 quae
2703 2650 2759 2703 in
2789 2650 2896 2704 hoc
2925 2647 3140 2718 psalmo
3169 2644 3438 2706 feruntur,
3485 2647 3543 2694 ut

1955 2747 2274 2820 prOphetice
2333 2745 2480 2800 dicta
2539 2741 2808 2813 accipere.
2859 2739 3228 2806 Quamobrem
3281 2736 3338 2790 in
3386 2735 3542 2804 finem

1955 2840 2297 2902 inscribitur,
2319 2835 2464 2908 quod
2505 2835 2621 2889 haec
2649 2849 2752 2889 nos
2784 2834 3068 2888 remittant
3093 2831 3161 2886 ad
3192 2841 3547 2884 consumma-

1957 2941 2162 2995 tionem
2199 2936 2406 3000 suaculi,
2443 2948 2554 3004 quo
2598 2941 2844 3002 tempore
2890 2944 2954 2984 ea
3007 2943 3128 2999 quae
3160 2926 3364 2996 scripta
3416 2932 3542 2980 sunt

1957 3027 2363 3102 implebuntur;
2397 3025 2513 3080 sive
2544 3023 2705 3079 etiam
2736 3022 2804 3076 ad
2844 3028 3121 3093 postrema
3153 3015 3348 3088 psalmi
3379 3013 3545 3069 dicta.

1958 3123 2115 3190 Quod
2145 3122 2192 3178 si
2224 3122 2340 3175 haec
2369 3113 2437 3174 ad
2464 3115 2801 3172 Salvatorem
2831 3113 3160 3178 refcrantur,
3188 3111 3313 3180 jure
3343 3108 3548 3164 dixeris

1958 3221 2177 3275 beatum
2213 3214 2503 3286 praedicari
2529 3228 2678 3278 eum,
2707 3208 3125 3281 quiintelligere
3159 3204 3456 3276 possitqua
3479 3201 3547 3258 de

1959 3327 2129 3366 causa
2172 3316 2395 3382 propter
2435 3322 2536 3362 nos
2567 3314 2869 3376 egestatem
2935 3303 3260 3372 susceperit.
3296 3298 3546 3369 Insuper,-

1958 3419 2076 3456 cum
2126 3410 2260 3458 esset
2311 3400 2477 3464 dives,
2509 3407 2724 3468 propter
2768 3414 2863 3452 nos
2891 3412 3084 3467 egenus
3106 3395 3280 3465 factus
3337 3402 3434 3456 est,
3489 3399 3550 3445 ut

1957 3513 2050 3550 nos
2080 3495 2194 3564 ejus
2224 3495 2409 3564 inopia
2429 3491 2615 3545 divites
2643 3505 2874 3545 essemus
2893 3490 2962 3555 ‘7;
2989 3495 3044 3543 et
3081 3505 3095 3542 :
3131 3486 3264 3542 Cum
3293 3485 3347 3539 in
3373 3485 3547 3555 fornta

1956 3586 2056 3642 Dei
2080 3596 2234 3653 esset,
2286 3585 2622 3654 semetipsum
2678 3581 2971 3636 exinanivit
3013 3580 3187 3649 forma
3227 3578 3364 3632 servi
3400 3593 3548 3631 accc--

1955 3689 2049 3748 pta
2079 3679 2146 3744 ¹⁸,
2171 3687 2232 3732 ut
2252 3678 2399 3733 clare
2427 3690 2532 3730 nos
2575 3672 2765 3728 docuit
2815 3673 3040 3728 divinus
3074 3670 3391 3742 Apostolus.
3425 3667 3548 3722 Alio

1959 3787 2178 3845 quoque
2209 3771 2370 3827 modo
2402 3771 2526 3842 quis
2583 3769 2886 3839 intelligere
2925 3765 3100 3836 possit
3132 3777 3296 3832 super
3315 3777 3549 3832 egenum

1958 3872 2012 3920 et
2035 3877 2348 3933 pauperem,
2377 3861 2608 3915 audiens
2631 3860 2910 3915 Christum
2945 3857 3000 3910 in
3030 3853 3338 3924 Evangeliis
3362 3851 3549 3908 dicen-

1960 3963 2067 4010 tem
2099 3970 2112 4008 :
2156 3952 2355 4017 Venite,
2394 3952 2655 4006 benedicti
2692 3949 2877 4004 Patris
2926 3947 3050 4012 mei,
3096 3942 3359 4016 possidete
3386 3957 3550 4010 para-

1962 4054 2072 4121 tum
2123 4044 2267 4098 vobis
2325 4060 2541 4114 regnum
2585 4061 2618 4096 a
2667 4038 3041 4094 constitutione
3083 4033 3288 4090 mundi.
3337 4032 3551 4087 Esurivi

1959 4141 2122 4204 enim,
2149 4148 2197 4192 et
2218 4137 2438 4192 dedistis
2474 4135 2604 4190 mihi
2636 4131 2995 4192 manducare;
3029 4128 3194 4191 sitivi,
3249 4136 3300 4180 et
3324 4124 3548 4178 dedistis

1963 4232 2092 4286 milii
2112 4203 2116 4204 ν
2137 4229 2341 4292 bibere;
2375 4228 2562 4296 hospes
2600 4241 2770 4289 eram,
2800 4231 2848 4276 et
2879 4218 3164 4290 collegistis
3206 4203 3287 4269 me
3310 4230 3327 4278 ;
3350 4213 3544 4275 nudus,

1960 4336 2009 4381 et
2058 4322 2403 4394 cooperuistis
2456 4336 2568 4383 me;
2613 4318 2886 4387 infirmus,
2930 4323 2976 4369 et
3017 4311 3272 4368 uisitastis
3323 4323 3442 4371 me;
3492 4308 3548 4359 in

1961 4433 2172 4472 carcere
2199 4431 2370 4477 eram,
2422 4424 2472 4466 et
2501 4411 2712 4467 venistis
2745 4409 2814 4463 ad
2849 4425 2930 4462 me
2950 4407 3023 4474 ";
3076 4405 3280 4476 quibus
3314 4399 3548 4470 subjun-

1963 4512 2042 4582 εει
2072 4529 2085 4564 :
2125 4508 2395 4575 Quantum
2423 4507 2624 4576 fecistis
2661 4505 2753 4558 uni
2800 4517 2866 4557 ea:
2897 4501 2980 4555 Itis
3012 4497 3271 4570 fratribus
3295 4494 3422 4549 meis
3456 4491 3549 4544 mi-

1967 4603 2150 4669 nimis,
2184 4601 2314 4656 mihi
2375 4600 2576 4670 fecistis
2608 4598 2677 4654 ²⁰.
2731 4596 2912 4666 Atque
2950 4594 3023 4648 ita
3081 4606 3207 4646 vere
3241 4589 3434 4643 beatus
3461 4589 3551 4639 est

275 4698 360 4766 οἷς
382 4700 643 4768 ἐπιλέγει·
693 4696 810 4766 Ἐφ’
850 4696 1002 4749 ὅσον
1021 4694 1344 4760 ἐποιήσατε
1370 4693 1461 4745 ἑνὶ
1484 4691 1602 4746 τῶν
1635 4694 1854 4746 τούτων

1967 4693 2061 4763 qui
2094 4692 2347 4762 intelligit
2394 4705 2561 4760 super
2592 4701 2822 4758 egenum
2851 4693 2905 4739 et
2933 4695 3226 4754 pauperem
3275 4677 3356 4732 sic
3390 4690 3549 4729 acce-

277 4792 402 4849 τῶν
421 4767 763 4860 ἐλαχίστων
777 4787 897 4841 τῶν
916 4786 1062 4841 ἀδελ
1067 4785 1197 4855 φῶν
1205 4802 1346 4854 μου,
1363 4784 1492 4850 ἐμοὶ
1516 4783 1854 4850 ἐποιήσατε.

1968 4793 2140 4852 ptum.
2178 4779 2335 4846 Quod
2368 4779 2413 4833 si
2447 4779 2512 4831 ad
2545 4776 2802 4830 Davidem
2846 4787 3013 4842 supra
3039 4771 3186 4824 dicta
3214 4767 3543 4828 referantur,

277 4889 389 4942 Καὶ
417 4885 590 4948 οὕτως
619 4879 712 4937 οὖν
769 4882 1036 4952 μακάριος
1063 4879 1278 4951 ἀληθῶς
1322 4881 1350 4932 ὁ
1410 4877 1608 4931 συνιὼν
1652 4879 1745 4930 ἐπὶ
1771 4877 1854 4930 τὸν

1967 4875 2120 4929 dicas
2143 4873 2257 4927 haec
2278 4870 2528 4942 apposite
2551 4865 2874 4940 praecedenti
2906 4863 3118 4934 psalmo
3137 4861 3380 4916 subnexa
3400 4874 3545 4921 esse,

271 4980 451 5043 οὕτως
479 4950 810 5032 ἀποδοθέντα
838 4950 1052 5044 πτωχὸν
1096 4950 1188 5026 καὶ
1217 4972 1445 5043 πένητα.
1480 4971 1544 5024 El
1569 4970 1627 5023 δὲ
1646 4969 1739 5024 καὶ
1773 4972 1854 5022 ὲ.πῖ

1969 4965 2242 5036 siquidem
2269 4963 2371 5018 sub
2395 4961 2554 5016 finem
2579 4958 2773 5031 psalmi
2804 4973 2992 5019 χχχιι,
3027 4970 3096 5009 ex
3126 4967 3358 5026 persona
3383 4950 3546 5004 Davi-

274 5073 368 5126 τὸν
397 5070 561 5125 Δαυῖδ
595 5069 921 5140 ἀναφέροιτο
951 5070 1019 5122 τὰ
1052 5065 1373 5137 λελεγμένα,
1420 5063 1594 5128 εἴποις
1639 5063 1706 5117 ἂν
1736 5063 1868 5116 ἀκο-

274 5163 485 5228 λούθως
515 5163 592 5234 τῷ
620 5164 725 5235 πρὸ
743 5161 931 5216 τούτου
963 5160 1164 5232 ψαλμῷ
1191 5156 1363 5213 ταῦτα
1391 5155 1680 5227 συνῆφθαι.
1712 5155 1866 5210 Ἐπεὶ

276 5257 390 5328 γὰρ
423 5257 561 5328 πρὸς
589 5259 702 5320 τοῖς
731 5255 1063 5316 τελευταίοις
1092 5252 1185 5306 τοῦ
1218 5250 1294 5306 λθ¹
1325 5251 1542 5320 ἐλέγετο
1593 5251 1658 5303 ἐκ
1688 5265 1859 5320 προσ-

277 5351 432 5406 ώπου
456 5350 550 5404 τοῦ
575 5351 740 5405 Δαυῖδ
760 5367 774 5381 ⁸
816 5347 963 5419 Ἐγὼ
997 5347 1066 5401 δὲ
1089 5346 1274 5413 πένης
1306 5345 1423 5415 εἰμὶ
1467 5344 1565 5398 καὶ
1593 5343 1859 5412 πτωχόςο

276 5441 452 5498 ταῦτα
482 5442 527 5494 δ’
563 5442 746 5510 ἔλεγεν
783 5441 811 5493 ὁ
848 5437 1100 5501 τοσοῦτος
1125 5435 1374 5507 βασιλευς
1401 5477 1416 5502 ,
1455 5437 1485 5489 ὁ
1530 5434 1624 5488 τὸν
1657 5434 1864 5504 ἄφατον

278 5535 512 5590 πλοῦτον
551 5533 902 5605 συναγηοχὼς
949 5533 1029 5596 εἰς
1075 5531 1175 5603 τὴν
1215 5529 1566 5603 παρασκευὴν
1597 5527 1691 5582 τοῦ
1729 5525 1865 5598 μετὰ

1967 5059 2054 5114 dis
2076 5055 2380 5117 dicebatur,
2402 5069 2494 5124 ego
2525 5061 2702 5106 autem
2747 5047 3017 5104 mendicus
3067 5061 3185 5101 sum
3232 5052 3284 5098 et
3324 5060 3544 5114 pauper.

1969 5151 2096 5206 Haec
2123 5163 2288 5220 porro
2329 5155 2515 5202 tantus
2560 5161 2655 5201 rex
2687 5143 2925 5208 dicebat,
2980 5140 3077 5212 qui
3132 5137 3546 5194 inaestimabiles

1963 5243 2186 5299 divitias
2211 5241 2278 5296 ad
2304 5247 2628 5312 apparatum
2673 5236 2880 5306 templi,
2909 5235 3012 5292 sub
3052 5234 3166 5288 haec
3187 5247 3218 5286 a
3251 5231 3546 5286 Salomone

1965 5338 2182 5403 structi,
2213 5337 2543 5408 collegerat;
2579 5333 2673 5405 qui
2725 5346 2846 5387 sese
2891 5344 3119 5401 parvum
3169 5335 3225 5382 et
3257 5325 3540 5386 humilem,

1966 5430 2344 5500 moderatique
2380 5427 2571 5490 animi,
2599 5441 2664 5480 ac
2697 5423 2895 5478 aﬂ‘ectu
2946 5437 3070 5477 vere
3122 5431 3416 5490 pauperem
3448 5431 3512 5470 ex
3532 5443 3544 5454 ο

1967 5524 2208 5581 hibebat.
2231 5521 2359 5578 Ideo
2381 5520 2705 5589 subiunctus
2737 5525 2821 5574 est
2852 5530 3093 5589 praasens
3117 5516 3381 5584 psalmus,
3410 5507 3542 5562 bea-

276 5628 457 5682 ταῦτα
491 5626 861 5699 ἐγηγερμένον
889 5623 977 5678 διὰ
1011 5621 1325 5695 Σολομῶνος
1365 5620 1507 5686 λαοῦ,
1553 5619 1854 5692 σμικρύνωι

1970 5627 2086 5673 tum
2115 5616 2419 5687 praedicans
2443 5628 2569 5669 eum
2601 5613 2695 5684 qui
2717 5627 2883 5682 super
2905 5605 3214 5682 huiusmodi
3251 5615 3544 5674 pauperem

354 5726 398 5756 ⁸⁸
435 5725 595 5780 Joan.
632 5741 755 5786 xm,
789 5722 876 5777 16.
956 5722 998 5753 ³⁷
1038 5718 1082 5773 ﬂ
1117 5719 1240 5775 Cor.
1272 5732 1403 5776 vnt.
1440 5716 1494 5771 9.
1572 5717 1618 5748 "
1658 5715 1854 5786 Philip]

1958 5731 2003 5781 I,
2049 5715 2100 5769 7.
2178 5713 2222 5745 "
2255 5710 2447 5767 Matth.
2484 5727 2613 5773 xxv,
2645 5709 2736 5773 54,
2771 5706 2861 5762 35.
2941 5703 2986 5736 ²⁰
3027 5701 3158 5757 ibid.
3192 5700 3280 5755 40.

351 5819 430 5889 (1)
453 5820 641 5872 ’Ὅταν
683 5816 923 5870 ποιεῖτε.
961 5815 1121 5886 Vulg.
1171 5814 1268 5868 ἐὰν
1300 5809 1530 5888 ποιῆτες
1581 5820 1637 5885 et
1670 5825 1800 5880 mox
1835 5826 1854 5881 ι

1979 5827 2100 5880 μου.
2124 5806 2280 5878 Vulg.
2303 5807 2424 5880 μετ’
2474 5803 2632 5876 ἐμοῦ,
2663 5809 2723 5858 ιιι
2769 5811 2823 5858 et
2852 5799 3124 5868 interpres
3162 5792 3347 5850 vertit.
3380 5788 3540 5846 Ειητ.

604 5912 880 5973 Ριτῑιοι..
912 5909 1031 5972 Gn.
1063 5885 1297 5972 XXIII.
1421 5885 1430 5888 ⁷

3192 5885 3268 5947 12
