4010 6524
509 263 617 320 363

1219 262 1487 321 EUSEBII
1525 262 2004 323 CESABIENSIS
2036 266 2186 324 OPP.
2228 267 2406 324 PARS
2438 266 2524 326 lll.
2553 265 3063 326 —-EXEGE1I€A.

3672 271 3788 327 36$

507 383 787 456 intelligit.
820 383 956 442 Illud
978 401 1163 457 porro,
1193 402 1495 458 pauperem,
1524 404 1702 460 neque
1733 390 1787 444 in
1816 389 2063 446 Hebraic:

2191 391 2380 445 ἑαυτὸν
2407 393 2500 445 καὶ
2523 392 2916 458 ταπεινῶν,καὶ
2948 395 3012 464 τῇ
3046 392 3189 464 ψυχῇ
3227 390 3658 464 μετριοφρονῶν,
3686 393 3785 446 καὶ

507 479 832 549 exemplari,
854 495 1030 550 neque
1063 479 1206 551 apud
1257 479 1499 551 reliquos
1541 483 1871 553 interpretes
1891 482 2084 538 fertur.

509 565 825 622 Secundum
868 578 1125 639 quartum
1173 585 1397 625 sensum
1419 570 1528 624 dici
1560 573 1755 641 possit,
1775 587 2085 628 sermonem

505 673 632 713 esse
676 659 1070 714 sententiosum
1126 668 1193 720 et.
1215 661 1310 731 qui
1337 661 1407 716 ad
1445 662 1837 734 benignitatem
1873 672 1927 720 et
1951 680 2088 734 pau-

506 765 694 820 perum
720 766 960 807 amorcm
1016 753 1354 811 oohortetur.
1402 753 1539 810 Nam
1593 771 1721 827 erga
1745 772 1842 813 eos
1868 774 2086 828 quoque

502 844 598 913 qui
623 844 917 908 vulgariori
949 861 1118 901 sensu
1147 862 1416 918 pauperes
1447 847 1728 915 dicuntur,
1772 849 2085 905 misericor-

502 936 601 994 des
632 952 753 993 esse
783 937 961 1005 decet,
1004 939 1196 1011 eisque
1230 956 1459 1012 erogare
1487 941 1742 1008 libenter,
1778 941 2085 1014 intelligen-

501 1035 585 1087 tes
617 1029 828 1086 scilicet
848 1030 1020 1088 Deum
1051 1049 1175 1089 esse
1203 1034 1297 1105 qui
1327 1034 1448 1090 illos
1474 1033 1788 1089 mendicare
1817 1033 2080 1101 decrevit,

497 1126 552 1175 et
601 1121 669 1176 ad
700 1137 819 1178 eam
860 1124 1232 1180 conditionem
1271 1125 1533 1193 deduxit;
1572 1133 1737 1196 atque
1789 1140 1898 1180 una
1931 1126 2081 1196 ipsos

497 1227 596 1282 per
628 1215 943 1286 pauperiem
962 1226 1201 1286 exercet,
1227 1225 1280 1272 et
1313 1233 1409 1274 eos
1442 1218 1536 1288 qui
1580 1234 1766 1273 rerum
1791 1218 1949 1288 copia
1971 1219 2081 1289 pol.

494 1309 630 1374 lent,
678 1307 852 1366 bonos
909 1311 1175 1381 pr0positi
1231 1311 1315 1366 sui
1338 1312 1552 1370 fructus
1604 1328 1701 1383 per
1737 1314 2078 1386 largitionem

495 1403 684 1472 egenis
709 1401 909 1458 factam
958 1404 1204 1474 praebere
1228 1405 1526 1462 desiderat.
1579 1404 1847 1462 Tcntatur
1894 1408 2079 1479 itaque

495 1509 592 1564 per
613 1510 908 1566 pauperem
939 1495 1118 1562 dives,
1153 1513 1286 1552 num
1347 1498 1562 1554 scilicet
1613 1499 1788 1555 durus
1810 1507 1864 1556 et
1899 1500 2079 1556 immi-

493 1589 754 1652 sericors,
781 1605 852 1645 an
893 1591 1165 1649 humanus
1211 1599 1267 1648 et
1321 1593 1658 1650 misericors.
1708 1592 2076 1660 Quamobrem

492 1680 638 1738 inter
657 1681 843 1736 divina
879 1691 1172 1755 prazoepta,
1218 1685 1391 1740 multa
1421 1686 1489 1741 de
1520 1687 1850 1758 pauperibus
1879 1694 1932 1742 et
1952 1703 2076 1758 ege-

399 1820 404 1826 .
492 1775 581 1831 nis
631 1775 905 1830 feruntur.
955 1774 1269 1832 Secundum
1325 1780 1571 1849 quintam
1617 1789 1798 1836 autem
1830 1782 2071 1852 explica-

491 1866 719 1928 tionem.
755 1869 920 1923 alium
961 1884 1261 1941 pauperum
1313 1873 1562 1928 ordinem
1612 1876 1878 1945 reperias,
1909 1875 2004 1946 qui
2039 1889 2071 1929 a

493 1953 781 2013 Salvatore
806 1959 1000 2015 beatus
1019 1961 1367 2031 praedicatur,
1401 1965 1705 2020 secundum
1729 1966 1861 2021 illud
1887 1965 2070 2021 :Beati

487 2064 740 2120 pauperes
761 2052 976 2120 spiritu,
1005 2055 1253 2123 quoniam
1279 2055 1516 2124 ipsorum
1551 2067 1627 2111 est
1655 2075 1872 2128 regnum
1913 2059 2072 2113 συείο-

487 2161 606 2196 rum
642 2147 709 2194 εὶ.
767 2144 983 2212 Quibus
1007 2147 1188 2202 verbis
1243 2162 1339 2202 eos
1391 2148 1485 2218 qui
1537 2149 1837 2204 secundum
1899 2149 2069 2206 Deum

487 2231 969 2301 phil050phantur,
997 2241 1050 2289 et
1074 2242 1296 2306 propter
1333 2235 1574 2291 divinam
1617 2238 2066 2295 exercitationem

484 2337 752 2393 pauperes
781 2334 968 2394 agunt,
998 2325 1092 2396 qui
1124 2335 1280 2381 erant
1309 2327 1429 2397 ejus
1449 2327 1702 2398 discipuli
1725 2339 1777 2384 et
1809 2333 2064 2402 apostoli,

487 2411 740 2471 Salvator
778 2417 968 2473 beatos
999 2419 1335 2488 praedicavit.
1371 2420 1568 2474 Beatus
1595 2421 1763 2492 igitur
1788 2425 1877 2494 qui
1905 2425 2063 2479 intel-

486 2505 601 2574 ligit
626 2523 784 2576 super
810 2523 1047 2578 egenum,
1081 2523 1248 2578 super
1270 2524 1393 2564 eum
1426 2510 1519 2579 qui
1558 2508 1650 2563 illo
1677 2511 1838 2566 modo
1859 2526 2064 2582 egenus

479 2603 536 2651 et
559 2613 762 2668 pauper
790 2609 904 2667 est;
931 2601 1234 2656 nambonae
1265 2601 1414 2656 illius
1439 2615 1503 2655 ac
1525 2600 1858 2658 felicissimae
1900 2604 2064 2660 intel-

480 2687 717 2756 ligentia:
737 2688 974 2745 fructum
1000 2690 1250 2762 accipiet,
1308 2690 1402 2762 qui
1454 2690 1712 2761 deinceps
1746 2691 2060 2750 indicatur:

479 2778 548 2834 In
574 2781 659 2837 die
685 2783 829 2838 enim
864 2783 1008 2838 mala
1037 2782 1283 2838 liberabit
1311 2800 1439 2838 cum
1467 2783 1771 2849 Dominus;
1820 2787 1956 2851 sive,
1982 2802 2062 2842 se-

474 2870 718 2926 cundum
751 2870 1160 2945 Symmachum,
1180 2876 1235 2929 in
1254 2877 1340 2930 die
1375 2877 1693 2948 aﬂtictionis.
1720 2878 1855 2934 Nam
1873 2881 1920 2937 si
1951 2896 2060 2953 qua

477 2964 706 3019 tentatio
729 2966 1042 3039 contingat,
1075 2976 1128 3025 et
1172 2968 1229 3024 in
1259 2971 1625 3027 calamitatem
1650 2988 2059 3046 aerumnamque

2192 485 2410 556 ἀληθῶς
2436 488 2502 557 τῇ
2551 485 2788 539 διαθέσει
2838 481 3166 556 πτωχεύων·
3202 486 3391 537 τούτου
3441 488 3602 556 χάριν
3655 485 3788 538 61::-

2192 577 2462 648 συνῆπται
2485 579 2512 630 6
2537 576 2728 650 παρὼν
2761 577 2991 648 ψαλμὸς,
3026 573 3341 648 μακαρίζων
3369 577 3461 630 τοῦ
3496 574 3785 640 συνιέντες

2189 670 2284 722 ἐπὶ
2313 669 2404 722 τὸν
2436 668 2579 722 οὓτω
2629 669 2864 739 πτωχόν.
2904 663 2976 720 Τὸ
3004 665 3094 733 δὲ,
3134 668 3361 735 πένητα
3384 709 3398 733 ,
3449 666 3572 720 οὕτε
3601 671 3661 720 ὲν
3699 667 3782 738 τῷ

2196 762 2488 834 Ἐϐραῖκῷ,
2516 761 2638 815 οὔτε
2672 761 2822 834 παρὰ
2853 760 2964 826 τοῖς
2979 761 3182 826 λοιποῖς
3214 760 3572 834 ἑρμηνευταῖς
3601 762 3784 832 ἐμφέ-

2187 873 2358 928 ρεται.
2391 848 2502 909 καὶ
2536 855 2675 909 κατὰ
2699 856 2964 928 τετάρτην
2988 849 3223 908 διάνοιαν
3250 854 3391 907 εἴποι
3413 872 3495 918 τις
3527 854 3595 907 ἂν
3626 872 3779 922 γνω-

2187 944 2406 1019 μονικδν
2462 943 2601 1001 εἶναι
2627 947 2720 1001 τὸν
2749 949 2904 1016 λόγον
2935 948 3027 1001 καὶ
3055 947 3435 1018 παραινετικον
3458 946 3776 1017 φιλανθρω-

2184 1041 2315 1104 πίας
2347 1039 2443 1094 καὶ
2477 1036 2868 1111 φιλοπτωχίας.
2903 1040 3173 1112 Προσήκει
3207 1038 3314 1110 γὰρ
3339 1033 3430 1091 ἐπὶ
3457 1039 3568 1091 τῶν
3602 1040 3779 1092 κοινό-

2182 1150 2338 1204 τερον
2367 1126 2674 1204 λεγομένων
2714 1132 2946 1203 πτωχῶν
2993 1130 3437 1203 συμπαΘητικοὺς
3483 1126 3624 1184 εἶναι
3672 1131 3776 1184 καὶ

2185 1225 2590 1296 μεταδοτικοὺς,
2629 1225 2924 1289 συνιέντας,
2959 1224 3034 1287 ῶς
3074 1224 3102 1275 6
3144 1223 3342 1294 κρίνων
3372 1223 3572 1285 αὐτοὺς
3616 1240 3774 1276 πτω-

2179 1314 2360 1386 χεύειν
2383 1315 2514 1379 Θεὸς
2529 1317 2613 1379 είς
2637 1315 2842 1386 ταύτην
2867 1316 3062 1380 αὐτοὺς
3086 1316 3259 1387 ἤγαγε
3287 1313 3382 1385 τὴν
3407 1314 3774 1368 κατάστασιν⁵

2178 1409 2314 1481 ὁμοῦ
2375 1408 2471 1480 μὲν
2525 1411 2617 1463 καὶ
2670 1411 2866 1474 αὐτοὺς
2909 1411 3199 1482 γυμνάζων
3222 1409 3308 1462 διὰ
3332 1409 3433 1478 τῆς
3461 1410 3775 1479 πτωχείας,

2177 1503 2312 1576 ὁμοῦ
2336 1505 2392 1558 δὲ
2417 1501 2510 1558 καὶ
2541 1505 2668 1569 τοὺς
2701 1508 2757 1559 ὲν
2784 1504 3070 1575 περιουσίᾳ
3099 1503 3215 1574 βίου
3239 1504 3482 1578 καρποὺς
3511 1503 3613 1573 τῆς
3635 1504 3775 1556 ἑαυο

2176 1593 2286 1647 τῶν
2310 1593 2681 1665 προαιρέσεως
2723 1585 2982 1663 παρέχειν
3013 1591 3101 1646 διὰ
3127 1593 3225 1664 τῆς
3267 1593 3344 1657 είς
3390 1594 3518 1655 τοὺς
3562 1592 3774 1656 ἐνδεεῖς

2178 1685 2464 1749 κοινωνίας
2496 1682 2911 1755 βεϐουλημένος.
2940 1681 3264 1754 Πειράζεται
3293 1681 3422 1751 γοῦν
3453 1680 3480 1734 6
3503 1681 3770 1745 πλούσιος

2105 1745 2147 1800 Β
2175 1776 2260 1830 διὰ
2281 1776 2374 1830 τοῦ
2410 1745 2662 1848 πένητος,
2687 1745 2795 1830 εἶτε
2822 1745 2906 1839 τις
2938 1745 3165 1847 ἀνηλεὴς
3208 1745 3315 1828 καὶ.
3343 1775 3768 1845 ἀσυμπάθητος,

2175 1870 2270 1923 καὶ
2302 1869 2647 1939 ἄσπλαγχνος
2680 1869 2765 1940 εἴη
2785 1909 2800 1934 ,
2829 1867 2939 1921 εἴτε
2975 1865 3351 1940 φιλάνθρωπος
3392 1867 3485 1919 καὶ
3528 1866 3765 1937 ἐλεημο-

2174 1962 2343 2027 νικός.
2373 1961 2465 2015 Διὸ
2497 1961 2661 2026 πολὺς
2690 1959 2719 2014 6
2766 1959 2893 2032 περὶ
2940 1959 3047 2012 τῶν
3081 1960 3327 2030 πενήτων
3379 1957 3472 2011 καὶ
3521 1957 3760 2027 πτωχῶν

2172 2050 2329 2121 λόγος
2359 2054 2416 2104 ὲν
2441 2053 2552 2115 τοῖς
2581 2050 2746 2114 Θείοις
2787 2047 3223 2120 παραγγέλμασι.
3278 2043 3386 2100 Καὶ
3430 2045 3567 2100 κατὰ
3607 2043 3757 2115 πέμ.

2173 2161 2315 2216 πτην
2354 2143 2409 2196 δὲ
2431 2142 2669 2196 διάνοιαν
2699 2141 2825 2196 ἄλλο
2855 2141 3040 2211 τάγμα
3070 2137 3301 2209 πτωχῶν
3331 2137 3511 2210 εὕροις
3555 2137 3624 2189 ἂν
3644 2177 3659 2201 ,
3690 2135 3758 2189 τδ

2172 2235 2279 2289 ὑπὸ
2305 2235 2399 2289 τοῦ
2424 2234 2675 2305 Σωτῆρος
2712 2231 3142 2305 μακαριζόμενον
3167 2229 3306 2284 κατά
3339 2229 3428 2282 τό·
3456 2228 3753 2296 Μακάριοι

2170 2329 2225 2380 οἱ
2255 2325 2479 2394 πτωχοὶ
2509 2323 2590 2390 τῷ
2621 2326 2934 2392 πνεύματι,
2966 2321 3053 2375 ὅτι
3085 2319 3283 2374 αὐτῶν
3310 2319 3481 2372 ἐστιν
3506 2319 3543 2387 ἡ
3562 2319 3754 2381 ,βασι-

2167 2419 2305 2472 λεία
2332 2417 2450 2471 τῶν
2476 2415 2748 2485 οὐρανῶν
2769 2431 2784 2444 ·
2830 2415 2890 2467 ὲν
2915 2407 2995 2476 οἷς
3020 2415 3144 2474 τοὺς
3180 2411 3322 2466 κατὰ
3355 2410 3490 2463 Θεὸν
3536 2409 3754 2479 φιλοσο-

2170 2511 2424 2578 φοῦντας,
2459 2510 2553 2563 καὶ
2576 2508 2672 2580 τὴν
2697 2507 2876 2561 ἔνθεον
2905 2507 3136 2576 ἄσκησιν
3157 2503 3534 2575 πτωχεύοντας
3565 2502 3594 2554 6
3636 2503 3751 2554 Σω-

2165 2606 2270 2674 τὴρ
2308 2601 2672 2675 ἐμακάριζεν
2705 2600 2755 2652 οἳ
2787 2595 2928 2671 ἦσαν
2947 2600 2993 2651 οἱ
3017 2596 3180 2650 αύτοῦ
3220 2596 3457 2668 μαθηταὶ
3485 2596 3578 2648 καὶ
3611 2595 3752 2648 aes-

2167 2693 2361 2748 στολοι.
2389 2690 2690 2760 Μακάριος
2710 2686 2800 2745 οὖν
2824 2693 2856 2744 ὀ
2884 2688 3113 2743 συνιὼν
3131 2687 3226 2740 ἐπὶ
3251 2685 3509 2754 πτωχὸν,
3537 2685 3630 2737 ἐπὶ
3653 2685 3750 2738 τὸν

2164 2786 2308 2841 οὕτω
2355 2785 2569 2856 πτωχὸν
2619 2783 2712 2836 καὶ
2756 2782 2994 2853 πένητα·
3023 2779 3123 2849 τῆς
3153 2778 3366 2859 ἀγαθῆς
3403 2778 3606 2848 ταύτης
3653 2775 3749 2831 καὶ

2162 2877 2565 2952 τρισμακαρίας
2623 2873 2888 2936 συνέσεως
2936 2872 3147 2944 καρπὸν
3185 2871 3412 2942 λήψεται
3465 2870 3556 2922 τὸν
3616 2869 3749 2938 ἑξῆς

2164 2970 2452 3045 εἰρημένον
2475 2987 2488 2999 ·
2547 2969 2649 3023 Ἐν
2678 2966 2868 3036 ἡμέρᾳ
2890 2963 2999 3036 γὰρ
3029 2961 3263 3031 πονηρᾷ
3274 2964 3524 3030 ῥύσεται
3556 2963 3746 3016 αὐτὸν

477 3053 706 3119 incidat,
757 3059 1220 3127 quemadmodum
1279 3061 1399 3132 ipse
1445 3062 1714 3119 intellexit
1739 3080 1905 3136 super
1929 3081 2057 3136 ege-

2168 3066 2196 3118 d
2222 3065 2436 3132 Κύριος
2455 3079 2468 3093 ⁸
2505 3062 2538 3134 ἢ
2564 3060 2704 3115 κατὰ
2727 3059 2817 3112 τὸν
2847 3057 3162 3128 Σύμμαχον,
3202 3056 3298 3108 Ἐν
3322 3055 3512 3123 ἡμέρᾳ
3543 3054 3740 3107 κακὼ-

474 3161 605 3201 num
625 3155 679 3202 et
710 3163 1025 3220 pauperem.
1060 3152 1141 3208 sic
1188 3163 1499 3226 opportune
1526 3171 1619 3212 rcs
1648 3156 1768 3226 ejus
1795 3157 2060 3228 intelliget

2168 3170 2338 3220 σεως.
2386 3155 2450 3208 Ει
2498 3153 2607 3225 γὰρ
2639 3150 2848 3220 γένοιτό
2877 3167 2960 3213 τις
2991 3147 3312 3220 πειρασμὸς,
3365 3148 3396 3217 ἢ
3453 3146 3744 3217 περιπέσοι

475 3238 762 3307 Dominus,
817 3244 935 3313 pari
991 3260 1250 3302 mensura
1298 3247 1454 3302 illum
1508 3248 1761 3314 metiens,
1807 3266 1915 3322 qua
1970 3251 2061 3307 ille

471 3350 701 3392 mensus
733 3346 868 3393 crat.

547 3597 802 3656 Dominus
832 3613 1094 3658 conservet
1123 3622 1240 3660 eum
1269 3617 1321 3662 et
1341 3608 1716 3678 viviﬁcet-eum.
1745 3607 1859 3664 Sed
1890 3609 2054 3664 ctiam

461 3691 746 3747 custodiet
801 3708 926 3748 eum
958 3702 1013 3750 et
1042 3695 1228 3752 vivere
1284 3697 1448 3755 faciet
1507 3715 1670 3768 eum;
1705 3707 1823 3765 aut,
1858 3715 2057 3755 secun-

2161 3247 2292 3300 ποτὲ
2327 3247 2579 3318 συμφορᾷ
2600 3244 2694 3297 καλ
2721 3242 3071 3316 περιστάσει,
3099 3239 3285 3311 ῶσπερ
3314 3237 3473 3302 αὐτὸς
3508 3238 3745 3309 συνῆκεν

2157 3340 2253 3392 ἐπὶ
2282 3336 2493 3407 πτωχὸν
2529 3337 2620 3389 καὶ
2673 3335 2900 3405 πένητα,
2949 3332 3092 3386 οὕτω
3145 3333 3238 3386 καὶ
3269 3330 3434 3385 αὑτοῦ
3469 3330 3744 3402 εὐκαίρως

2159 3428 2382 3501 συνῆσει
2425 3431 2454 3482 ὁ
2497 3427 2734 3500 Κύριος,
2778 3423 2995 3497 μετρῶν
3028 3422 3177 3495 αύτῷ
3203 3423 3265 3477 τὸ
3311 3423 3422 3477 ἴσον
3451 3421 3651 3494 μέτρον
3695 3415 3742 3490 ᾧ

2153 3523 2364 3594 ὲμέτρη
2373 3538 2482 3574 σεν.

2229 3613 2442 3680 Κύριος
2474 3607 2738 3680 φυλάξαι
2775 3605 2960 3661 αὐτὸν
2988 3606 3086 3660 καὶ
3119 3603 3290 3672 ζήσαι
3324 3605 3530 3658 αὐτόν.
3577 3604 3738 3659 Ἀλλὰ

2157 3706 2252 3760 καὶ
2275 3702 2499 3774 φυλάξει
2533 3699 2693 3754 αὐτὸν
2726 3699 2818 3752 καὶ
2850 3695 3011 3768 ζῆσαι
3041 3697 3255 3767 ποιήσει
3287 3696 3446 3750 αὐτόν
3470 3713 3484 3728 ο
3526 3696 3560 3768 ἢ
3595 3698 3740 3751 κατὰ

348 4016 364 4034 ι
466 3980 583 4016 eum
604 3965 654 4017 in
671 3974 812 4019 terra
821 3976 965 4036 ;aut,
981 3969 1279 4026 secundum
1297 3972 1893 4045 Symmachum,beatus
1911 3992 2050 4046 pra:-

469 3780 597 3834 «lum
664 3779 1079 3852 Symmachum,
1137 3787 1381 3842 custodiet
1435 3808 1571 3858 eum,
1626 3800 1674 3844 et
1726 3792 2054 3848 conservabit

2168 3795 2247 3851 ὢν
2271 3795 2566 3866 Σύμμαχον
2590 3809 2604 3823 ·
2639 3788 2897 3853 Φυλάξει
2922 3790 3130 3853 αὑτὸν,
3157 3787 3254 3841 καὶ
3286 3787 3603 3856 περισώσει
3625 3792 3738 3843 αὺυ

467 3885 604 3924 eum.
650 3871 896 3930 Tertium
935 3892 1153 3949 quoque
1187 3879 1292 3951 ipsi
1350 3882 1616 3948 conferet,
1654 3883 1864 3940 beatum
1896 3885 2055 3955 faciet

2168 3891 2278 3943 τόν.
2309 3885 2420 3941 Καὶ
2441 3886 2622 3957 τρίτον
2645 3884 2700 3936 δὲ
2724 3880 2871 3953 αὐτῷ
2896 3882 3137 3954 παρέξει,
3167 3880 3493 3950 μακαρίσει
3547 3882 3738 3935 αὑτὸν

2151 3981 2223 4035 ἐν
2253 3977 2328 4047 τῇ
2346 3976 2423 4048 γῇ
2441 3995 2455 4006 ·
2484 3974 2679 4048 ἢκατὰ
2708 3974 2796 4028 τὸν
2818 3973 3132 4044 Σύμμαχον,
3155 3970 3531 4039 Μακαριστὸς
3559 3971 3732 4025 ἔσται

469 4054 730 4110 dicandus
755 4058 854 4112 erit
884 4060 938 4114 in
969 4070 1130 4118 terra.
1157 4061 1291 4119 Nam
1324 4063 1454 4119 dum
1487 4066 1668 4121 adhuc
1695 4067 1753 4122 in
1779 4067 1882 4122 hac
1903 4076 2052 4124 terra

2168 4072 2222 4124 ἓν
2249 4068 2324 4139 τῇ
2353 4068 2451 4138 γῇ.
2496 4069 2584 4130 Ὣς
2606 4065 2685 4118 ἔτι
2707 4065 2815 4137 γὰρ
2849 4067 2906 4118 ἐν
2940 4067 3004 4136 τῇ
3039 4063 3108 4135 γῇ
3137 4062 3307 4134 ταύτῃ
3329 4063 3602 4133 τυγχάνει,
3628 4063 3736 4132 τῆς

466 4153 742 4212 versatur,
767 4147 1154 4209 beatitudinem
1190 4170 1221 4208 a
1256 4155 1366 4212 Deo
1405 4167 1792 4229 consequetur,
1826 4174 2054 4216 manen-

2168 4161 2305 4234 παρὰ
2328 4159 2422 4213 τοῦ
2449 4158 2583 4212 Θεοῦ
2617 4157 3014 4230 μακαριότητος
3039 4155 3308 4222 τεύξεται,
3342 4155 3609 4226 μενόντων
3631 4153 3705 4207 αὐ

465 4237 618 4293 tibus
669 4247 849 4296 tamen
882 4258 1007 4298 eum
1047 4245 1367 4304 ctelestibus
1389 4247 1572 4316 bonis,
1598 4250 1901 4306 secundum
1934 4251 2050 4306 hazc

2168 4253 2242 4306 τὸν
2271 4252 2377 4304 τῶν
2416 4249 2554 4322 μετὰ
2599 4248 2771 4302 ταῦτα
2820 4246 3245 4320 ἐπηγγελμένων
3282 4245 3546 4318 οὐρανίων
3594 4247 3724 4313 ἁγα-

464 4331 776 4400 promissis.
815 4333 911 4391 His
961 4338 1280 4410 subiungit:
1317 4337 1387 4393 Et
1443 4358 1550 4394 non
1613 4342 1793 4396 tradat
1831 4359 1949 4396 eum
1991 4344 2049 4396 in

2168 4341 2282 4396 δῶν.
2315 4339 2538 4403 Τούτοις
2570 4337 2811 4406 ἐπιλέγει
2834 4355 2848 4368 ο
2882 4338 2990 4392 Καὶ
3011 4336 3096 4406 μὴ
3143 4334 3388 4403 παραδῷ
3426 4334 3613 4388 αὑτὸν
3642 4338 3735 4399 είς

465 4439 655 4479 manus
680 4425 1010 4484 inimicorum
1037 4431 1172 4501 ejus.
1212 4428 1318 4487 Pro
1373 4448 1481 4502 quo
1522 4431 1882 4504 Symmachus
1910 4435 1985 4489 ait
2026 4451 2040 4487 :

2168 4433 2354 4503 ίεζοας
2385 4430 2613 4500 ἐχθρῶν
2644 4430 2858 4485 αὐτοῦ’
2893 4429 3009 4482 ἀνθ’
3038 4422 3098 4482 οὗ
3146 4429 3174 4482 6
3213 4425 3507 4498 Σύμμαχός
3556 4442 3692 4498 φησι
3712 4442 3726 4454 ·

465 4512 534 4568 Et
557 4531 658 4568 non
683 4516 854 4572 tradet
873 4536 992 4572 eum
1022 4521 1076 4573 in
1109 4522 1317 4574 animus
1347 4521 1704 4575 inimicorum.

536 4602 830 4660 Sciendum
865 4616 1049 4664 autem
1085 4618 1190 4672 est,
1234 4609 1391 4674 illud,
1446 4609 1556 4680 Ego
1602 4611 1755 4665 dixi:
1793 4611 2040 4678 Domine,

464 4695 714 4751 miserere
751 4699 872 4764 mei,
904 4713 934 4753 a
973 4700 1301 4771 quibusdam
1331 4717 1397 4757 ex
1425 4699 1651 4758 Davidis
1684 4719 1918 4774 persona
1948 4706 2037 4761 di-

466 4795 614 4841 ctum
634 4788 1092 4848 :estimari:nam
1127 4792 1245 4847 sive
1283 4791 1340 4847 in
1384 4793 1565 4849 medio
1618 4794 1883 4850 insertum
1937 4814 2040 4868 pu-

461 4884 603 4942 tant,
637 4879 750 4935 sive
781 4879 848 4934 ad
892 4879 1040 4935 hunc
1072 4897 1246 4953 usque
1271 4898 1490 4938 versum
1523 4898 1644 4954 quae
1693 4883 1840 4938 dicta
1865 4901 1894 4939 a
1923 4885 2039 4952 Da-

461 4969 588 5025 vide
619 4978 747 5026 sunt
769 4971 1253 5029 circumscribunt.

533 5081 702 5142 Vsus.
780 5085 988 5142 10-14.
1061 5084 1269 5141 Etenim
1327 5086 1480 5142 homo
1537 5088 1685 5158 pacis
1739 5106 1908 5158 metu,
1983 5091 2038 5146 in

460 5192 562 5246 quo
585 5179 812 5246 sperati,
858 5177 948 5248 qui
999 5177 1186 5233 edebat
1235 5195 1398 5249 panes
1453 5197 1614 5250 meos,
1671 5183 2037 5254 magni/iuvit

457 5287 615 5340 super
642 5288 723 5327 me
745 5275 1250 5343 supplantationem.
1281 5273 1595 5333 Secundum
1629 5293 1754 5335 vero
1781 5278 2036 5351 Symma-

458 5365 646 5427 chum,
679 5363 783 5419 Sed
809 5375 860 5417 et
894 5364 1047 5419 homo
1089 5368 1180 5438 qui
1225 5385 1426 5423 mecum
1454 5387 1636 5441 pacem
1665 5370 1914 5436 habebat,
1946 5371 2036 5425 cui

458 5454 691 5523 conlisus
727 5469 894 5520 eram,
928 5457 1018 5524 qui
1050 5473 1155 5512 una
1182 5475 1384 5516 mecum
1404 5477 1595 5530 panem
1628 5479 1800 5517 meum
1826 5461 2031 5525 edebat,

457 5545 645 5604 cuum
667 5561 721 5598 se
749 5562 829 5600 me
847 5563 1098 5617 sequens;
1130 5562 1224 5608 aut
1252 5555 1554 5611 secundum
1584 5555 1858 5626 Aquilam,
1892 5570 2034 5623 mag-

529 5708 575 5744 ⁸·
619 5705 805 5761 διαιιιι.
848 5725 909 5774 t',
949 5709 1002 5766 3.

2148 4525 2256 4580 Καὶ
2281 4525 2388 4579 οὐκ
2412 4521 2661 4577 ἐκδώσει
2682 4522 2870 4575 αὑτὸν
2901 4524 2988 4587 εἰς
3013 4519 3217 4589 ψυχὰς
3243 4517 3490 4588 ἐχθρῶν.

2227 4613 2424 4670 ’ἰστέον
2450 4611 2528 4679 δὲ,
2560 4613 2636 4676 ῶς
2661 4612 2750 4665 τό·
2800 4610 2939 4680 Ἐγὼ
2983 4607 3141 4674 εἶπα,
3189 4611 3365 4676 Κύριε
3390 4650 3406 4673 ,
3461 4606 3728 4674 ἐλέησόν

2139 4726 2236 4780 με,
2260 4708 2405 4771 τινὲς
2437 4709 2500 4760 ἐκ
2531 4703 2819 4775 προσώπου
2842 4703 2936 4756 τοῦ
2972 4703 3132 4756 Δαυῒδ
3164 4701 3413 4773 εἰρῆσθαί
3441 4716 3605 4769 φασιν
3629 4717 3643 4732 ο
3686 4701 3722 4773 ἢ

2146 4797 2672 4873 παρεμϐεϐλημένον
2713 4798 2769 4848 ὲν
2803 4795 2881 4865 τῷ
2918 4794 3088 4866 μέσῳ,
3124 4793 3157 4865 ἢ
3189 4793 3292 4856 ἕως
3314 4794 3433 4845 ἐκεῖ
3451 4791 3723 4862 περιγρά-

2147 4909 2341 4964 φοντες
2372 4890 2441 4944 τὰ
2466 4889 2732 4959 λεγόμενα
2772 4887 2862 4939 ὑπ’
2891 4883 3076 4938 αὑτοῦ.

2214 5089 2325 5146 Καὶ
2353 5088 2463 5160 γὰρ
2505 5088 2539 5140 ό
2587 5085 2896 5152 ἅνθρωπος
2924 5079 3032 5150 τῆς
3076 5077 3320 5148 είρήνης
3344 5094 3482 5147 μου.
3525 5075 3617 5144 ἐφ’
3644 5073 3718 5127 ὃν

2143 5179 2399 5251 ἤλπισα,
2445 5181 2478 5232 ό
2520 5176 2739 5230 ἐσθίων
2791 5173 3008 5241 ἄρτους
3039 5189 3180 5241 μου,
3213 5169 3579 5240 ἐμεγάλυνεν
3623 5165 3716 5218 ἐπ’

2142 5273 2247 5345 ἐμὲ
2293 5267 2675 5339 πτερνισμόν.
2720 5264 2876 5318 Κατὰ
2913 5263 2972 5317 δὲ
3016 5263 3108 5316 τὸν
3152 5261 3475 5345 Σύμμαχον·
3541 5256 3714 5311 Ἆλλὸ

2141 5343 2240 5419 οιαὶ
2269 5363 2578 5431 ἄνθρωπος
2605 5357 2673 5424 ὃς
2696 5355 2969 5427 εῑρήνευέ
2984 5371 3107 5424 μοι,
3153 5353 3350 5424 φησὶν,
3388 5343 3437 5416 ᾧ
3471 5349 3712 5403 ἐπεποι-

2140 5461 2287 5524 θειν,
2313 5450 2654 5509 συνεσθίων
2675 5467 2777 5520 μοι
2802 5448 2985 5517 ἄρτον
3010 5445 3185 5516 ἐμὸν,
3229 5443 3709 5514 κατεμεταλύνθη

2135 5568 2254 5622 μου
2286 5542 2666 5606 ἀκολουθῶνο
2710 5543 2744 5614 ἢ
2774 5540 2913 5596 κατὰ
2945 5539 3036 5594 τὸν
3083 5536 3313 5591 Ἀκύλαν
3333 5553 3347 5569 ο
3384 5539 3707 5606 [iurauera-
