4010 6522
282 342 383 400 365

1419 336 1922 395 COMMENTARIA
1963 337 2029 390 lN
2069 334 2405 390 PSALMOS.

3428 326 3531 384 366

277 462 470 527 .ttﬁrdn
497 477 617 528 μου
643 459 884 527 πτέρνα.
917 457 1030 528 Τῆς
1058 456 1116 511 δὲ
1145 456 1237 510 τοῦ
1266 458 1516 529 Σωτῆρος
1547 456 1767 529 εἰρήνης
1789 450 1854 525 ἦν

1963 455 2215 524 niﬁcatus
2260 462 2337 506 est
2374 459 2565 505 contra
2595 465 2676 503 me
2706 449 2975 504 calcaneo.
3005 449 3136 503 Erat
3168 461 3334 518 porro
3363 445 3532 500 ludas

278 551 563 622 ἅνθρωπος
611 552 639 603 6
695 550 894 613 ’Ῑούδας
919 590 933 613 ,
966 549 1202 613 ἀκούσας
1236 550 1332 602 καὶ
1377 548 1539 612 αὐτὸς
1577 547 1714 619 μετά
1748 546 1855 599 τῶν

279 643 479 697 λοιπῶν
518 642 773 714 μαθητῶν
821 642 915 695 τοῦ
972 642 1224 714 Σωτῆρος
1259 641 1537 709 λέγοντος·
1590 637 1858 708 Εἰρήνην

276 736 393 803 τὴν
418 735 575 805 ἐμὴν
594 735 800 805 δίδωμι
834 735 996 804 ὑμῖν,
1019 734 1267 803 εἰρήνην
1296 732 1412 801 τὴν
1450 732 1604 802 ἐμὴν
1646 732 1858 801 ἀφίημι

276 830 439 898 ὑμῖν.
480 829 639 882 ’Λλλά
684 829 814 881 καί·
858 828 977 897 Ἐφ’
1027 827 1102 881 ὃν
1145 826 1380 895 ἤλπισα
1406 868 1421 893 ,
1455 826 1621 897 φησί’
1657 826 1691 895 ἢ
1718 825 1858 879 κατὰ

273 921 367 974 τὸν
406 921 638 975 Ἀκύλαν
661 961 675 985 ,
711 921 1083 987 ἐπεποίθησα
1104 960 1118 985 ,
1147 919 1180 990 ἦ
1209 919 1351 974 κατὰ
1396 919 1487 972 τὸν
1530 918 1821 989 Σύμμαχον
1842 958 1855 980 ,

273 1014 619 1069 ἐπεποίθειν
640 1032 653 1045 ·
683 1014 979 1084 ἐπειδήπερ
1004 1012 1098 1066 καὶ
1123 1013 1272 1084 αύτῷ
1292 1012 1493 1083 ὁμοίως
1520 1015 1634 1075 τοῖς
1655 1010 1858 1072 λοιποῖς

275 1107 597 1171 ἀποστόλοις
637 1106 743 1160 τῶν
777 1108 905 1159 ῐσων
946 1106 1213 1177 μετεδίδου
1263 1107 1647 1178 χαρισμάτων.
1709 1104 1858 1157 Ἐπ-

279 1196 489 1249 εποίθει
519 1198 575 1249 δὲ
610 1198 695 1249 ἐπ’
722 1195 870 1266 αύτῷ
898 1198 927 1249 6
959 1195 1168 1267 Σωτὴρ,
1192 1198 1285 1250 καὶ
1306 1195 1518 1265 ἀγαθὰς
1540 1190 1684 1265 εἶχεν
1710 1192 1859 1245 ἐλπί-

275 1286 374 1349 δας
407 1287 493 1339 ὲπ’
520 1286 687 1358 αύτῷ,
717 1286 804 1339 διὰ
843 1286 904 1339 τὸ
936 1286 1027 1340 καὶ
1076 1288 1161 1338 ἐπ’
1197 1285 1345 1355 αύτῷ
1378 1282 1739 1350 αὐτεξούσιον.
1782 1283 1857 1335 Ού

273 1369 478 1445 γὰρῆν
528 1373 742 1443 φύσεως
782 1374 1042 1428 ἀδυνάτου
1104 1372 1368 1438 σώζεσθαι
1410 1376 1439 1427 6
1482 1375 1711 1438 Ἰούδας·
1744 1373 1857 1426 ἀλλ’

274 1460 389 1529 οἷός
412 1484 471 1518 τε
498 1461 587 1537 ἦν,
624 1466 883 1538 θελήσας,
921 1466 1121 1537 ὁμοίως
1147 1468 1260 1530 τοῖς
1303 1465 1510 1529 λοιποῖς
1542 1465 1859 1529 ἀποστόλοις

280 1557 689 1628 μαθητευθῆναι
726 1558 805 1628 τῷ
829 1556 943 1627 Υἱῷ
976 1556 1068 1609 τοῦ
1090 1557 1247 1618 Θεοῦ,
1290 1555 1385 1609 καὶ
1414 1555 1574 1618 καλὸς
1602 1556 1695 1609 καὶ
1725 1557 1859 1623 ἀγα-

277 1649 370 1713 θὸς
397 1649 648 1721 μαθητὴς
682 1649 1081 1703 ἀποτελεῖσθαι·
1119 1648 1397 1712 συνέστιος
1424 1647 1479 1699 δὲ
1507 1647 1581 1701 ὢν
1608 1649 1686 1718 τῷ
1714 1648 1861 1700 Διδα-

278 1743 483 1814 σκάλῳ,
517 1744 577 1796 ού
604 1744 693 1796 τὸν
738 1742 915 1796 κοινὸν
952 1741 1113 1814 ἄρτον
1161 1740 1310 1811 αὐτῷ
1358 1741 1515 1811 μόνον
1552 1739 1855 1812 συνήσθιεν,

1961 548 2124 602 homo
2162 545 2313 616 pacis
2344 543 2664 607 Salvatoris,
2691 542 2930 612 quicum
2962 542 3083 596 aliis
3104 538 3390 609 discipulis
3418 538 3530 592 haec

1959 638 2226 693 dicentem
2283 635 2623 690 Salvatorem
2658 634 2938 688 audierat:
2990 632 3184 686 Pacem
3236 647 3406 685 meam
3463 630 3530 681 do

1959 729 2127 797 vobis,
2160 746 2343 800 pacem
2400 744 2573 781 meam
2627 726 2865 795 relinquo
2914 723 3141 779 vobis”.
3185 720 3315 786 Sed,
3347 724 3402 776 in
3431 737 3531 793 quo

1960 824 2185 891 speravi,
2219 822 2329 887 ait;
2355 821 2460 884 vel,
2497 818 2796 875 secundum
2819 816 3097 887 Aquilam,
3129 816 3360 885 conﬁsus
3381 829 3531 879 sum;

1961 923 2077 979 aut,
2133 921 2193 968 ut
2250 911 2637 985 Symmachus,
2689 910 2920 979 conﬁsus
2962 923 3145 971 eram;
3191 907 3533 978 quandoqui-

1959 1007 2081 1060 dem
2110 1004 2287 1075 ipsum
2331 1002 2558 1073 paribus
2595 1010 2758 1071 atque
2796 1006 3023 1054 caeteros
3065 998 3345 1068 apostolos
3373 997 3531 1052 donis

1960 1096 2236 1151 aﬂ‘ecerat.
2277 1094 2600 1149 Conlidebat
2626 1100 2807 1147 autem
2840 1091 2889 1145 ei
2942 1090 3218 1158 Salvator,
3244 1098 3297 1145 et
3332 1089 3530 1145 bonam

1960 1189 2028 1245 de
2059 1189 2179 1259 ipso
2208 1204 2359 1258 Spem
2385 1188 2642 1251 habebat,
2667 1184 2793 1256 quia
2823 1184 2879 1238 in
2901 1198 2968 1240 e0
2990 1185 3220 1239 liberum
3245 1183 3531 1239 arbitrium

1960 1292 2128 1337 esset.
2188 1280 2379 1351 Neque
2428 1280 2574 1335 enim
2626 1278 2794 1334 Judas
2847 1294 2914 1333 ex
2973 1274 3289 1346 hujusmodi
3339 1282 3533 1329 natura

1959 1382 2078 1429 erat
2113 1388 2236 1444 quae
2293 1386 2401 1426 non
2441 1378 2629 1443 posset
2676 1371 2909 1425 salutem
2947 1367 3249 1443 consequi;
3305 1367 3397 1424 sed
3435 1382 3537 1436 pn-

1960 1475 2125 1531 terat,
2161 1469 2208 1523 si
2255 1468 2475 1538 quidem
2526 1466 2816 1530 voluisset,
2854 1474 2914 1520 ut
2958 1474 3013 1521 et
3052 1466 3236 1521 caeteri
3270 1465 3529 1535 apostoli.

1959 1576 1990 1614 a
2025 1559 2165 1615 Filio
2204 1559 2297 1615 Dei
2327 1559 2553 1622 erudiri,
2586 1574 2651 1614 ac
2681 1560 2861 1615 bonus
2883 1559 3197 1630 probusque
3230 1558 3534 1628 discipulus

1958 1651 2118 1708 efﬁci.
2156 1652 2290 1707 Nam
2323 1668 2449 1707 cum
2480 1650 2741 1723 Magistro
2783 1652 3195 1707 contubernalis
3226 1658 3390 1715 esset,
3425 1667 3533 1705 non

1959 1758 2306 1799 communem
2354 1742 2518 1798 modo
2565 1758 2691 1797 cum
2726 1758 2792 1798 eo
2824 1757 3020 1814 panem
3054 1743 3404 1811 comedebat,
3438 1742 3534 1797 sed

276 1836 414 1889 ἀλλά
446 1834 665 1889 καὶτοῦ
716 1835 817 1904 τῆς
864 1833 1044 1904 ψυχῆς
1075 1830 1370 1903 θρεπτικοῦ
1418 1831 1854 1903 μεταλαμϐάνειν

1962 1836 2111 1890 illius
2162 1836 2330 1891 etiam
2374 1836 2470 1905 qui
2522 1835 2764 1889 animam
2828 1838 3003 1890 nutrit
3057 1835 3331 1905 particeps
3382 1842 3531 1890 erat:

275 1926 521 1997 ἠξιοῦτοο
561 1926 689 1997 περὶ
718 1921 779 1979 οἵ)
800 1926 983 1992 ἔλεγεν
1010 1926 1038 1977 6
1067 1924 1257 1994 Σωτήρ
1275 1940 1287 1952 ·
1325 1922 1593 1992 Ἐτώεὶμι
1624 1926 1657 1977 ό
1684 1922 1860 1991 ἄρτος

278 2023 313 2072 ό
343 2021 412 2072 ἐκ
444 2019 549 2071 τοῦ
581 2016 842 2085 οὐρανοῦ
876 2015 1157 2081 καταϐὰς,
1188 2014 1287 2067 καὶ
1316 2011 1469 2081 ζωὴν
1506 2012 1711 2079 διδοὺς
1736 2014 1860 2080 τοῖς

278 2108 632 2176 ἀνθρώποις.
688 2103 856 2170 Οὗτος
899 2101 991 2158 οὖν
1043 2104 1071 2155 6
1108 2103 1378 2157 τοσούτων
1430 2102 1733 2173 ἠξιωμένος
1761 2104 1860 2174 τὴν

279 2201 518 2271 πτέρναν
546 2200 707 2252 αὐτοῦ
740 2199 929 2269 ὥσπερ
953 2197 1051 2263 λὰξ
1086 2196 1336 2249 ἐντείνων
1372 2195 1511 2249 κατὰ
1552 2194 1646 2248 τοῦ
1680 2196 1861 2267 Σωτῆ-

281 2308 374 2361 ρος
424 2290 631 2360 ὲπῆρε·
685 2289 766 2340 διὸ
839 2287 1126 2339 λέλεκται’
1180 2284 1582 2353 Ἐμετάλυνεν
1616 2282 1708 2334 ἐπ’
1755 2281 1859 2357 ἐμὲ

273 2383 663 2450 πτερνισμόν.
710 2381 854 2433 Ἀντὶ
885 2379 942 2430 δὲ
968 2378 1082 2438 τοῦ,
1126 2375 1520 2444 πτερνισμὸν,
1562 2373 1715 2446 παρὰ
1745 2377 1859 2436 τοῖς

285 2467 687 2543 Ἐὂδομήκοντα
707 2470 1013 2542 εἰρημένον,
1031 2470 1063 2540 ἡ
1080 2466 1337 2539 Ἐὁραῖκὴ
1365 2466 1668 2535 ἀνάγνωσις
1687 2464 1858 2533 πτέρ-

266 2582 391 2621 ναν
417 2566 683 2636 περιέχει.
734 2563 921 2625 υύτως
950 2557 1043 2615 οὖν
1082 2560 1370 2623 δουλεύσας
1405 2559 1482 2631 τῷ
1521 2558 1796 2629 Ἐὁραῖκῷ
1828 2560 1857 2611 6

282 2656 518 2719 Ἀκύλας
551 2654 829 2720 ἐξέδωκεν.
862 2653 1023 2707 Ὅθεν
1058 2653 1197 2705 καὶὸ
1233 2650 1627 2721 εύαγγελιστὴς
1674 2650 1855 2703 Ἰωάν-

262 2765 393 2818 νης,
420 2749 495 2811 ὡς
530 2748 594 2800 ἂν
634 2747 885 2818 Ἐὁραῖος
916 2746 974 2810 ἐξ
1023 2745 1317 2818 Ἑϐραίων,
1352 2744 1443 2797 τὸν
1483 2744 1712 2814 Σωτῆρα
1735 2783 1750 2807 ,
1792 2744 1853 2796 ού

261 2841 661 2911 πτερνισμὸν,
695 2840 828 2894 ἀλλὰ
849 2841 942 2893 καὶ
969 2838 1231 2908 πτέρναν
1248 2837 1589 2908 ὠνομακέναι
1616 2836 1857 2907 ἐμνημόο
1891 2892 1905 2898 ,

260 2952 485 2989 νευσεν.

346 3029 441 3091 Εἰς
470 3026 531 3079 τό
554 3043 566 3055 ·
634 3024 811 3093 Ἐμοῦ
843 3023 939 3077 διὰ
964 3023 1080 3090 τὴν
1117 3022 1377 3076 ἀκακίαν
1422 3020 1792 3075 ἁντελάϐουο
1820 3021 1851 3088 ἢ

1962 1928 2031 1984 de
2066 1943 2176 1997 quo
2223 1925 2445 1981 dicebat
2503 1924 2784 1981 Salvator:
2844 1926 2956 1996 Ego
2996 1943 3113 1980 sum
3140 1926 3293 1996 panis
3351 1926 3441 1997 qui
3472 1924 3536 1980 de

1962 2021 2094 2075 cazlo
2126 2020 2413 2086 descendit,
2458 2030 2507 2075 et
2550 2020 2639 2091 qui
2682 2021 2775 2073 dat
2823 2022 2984 2074 vitam
3023 2019 3399 2074 hominibus".
3436 2017 3535 2073 llic

1962 2114 2148 2183 itaque
2206 2120 2287 2168 tot
2336 2119 2562 2167 ornatus
2619 2101 2921 2178 beneficiis,
2984 2113 3303 2169 calcaneum
3368 2128 3528 2168 suum

1959 2204 2122 2275 quasi
2152 2204 2488 2259 calcitrando
2515 2211 2708 2259 contra
2741 2203 3081 2260 Salvatorem
3107 2206 3332 2271 extulit;
3360 2221 3534 2276 quam

1960 2298 2167 2351 dictum
2205 2306 2324 2353 est:
2352 2296 2718 2368 Magniﬁcavit
2742 2314 2897 2367 super
2918 2314 2998 2352 me
3027 2299 3529 2368 supplantationem.

1958 2388 2066 2443 Pro
2095 2403 2227 2443 voce
2260 2397 2441 2444 autem
2471 2389 2583 2453 illa,
2613 2390 3111 2460 supplantationem,
3146 2405 3175 2444 a
3200 2389 3341 2444 LXX
3389 2391 3533 2446 Viris

1958 2493 2244 2553 usurpata,
2272 2481 2538 2538 Hebraica
2571 2482 2757 2545 lectio,
2795 2481 3128 2549 calcaneum,
3159 2482 3399 2553 prmfert.
3454 2483 3533 2538 Eo

1957 2578 2143 2647 itaque
2160 2575 2321 2630 modo
2341 2574 2536 2645 Aquila
2557 2574 2837 2631 liebraicae
2864 2576 3055 2632 litterm
3072 2576 3317 2631 serviens
3337 2575 3527 2631 edidit.

1958 2669 2137 2737 Quare
2165 2668 2403 2724 Joannes
2426 2670 2782 2740 evangelista,
2813 2678 3001 2741 utpote
3037 2667 3295 2725 Hebraeus
3321 2685 3387 2726 ex
3420 2669 3526 2723 llc-

1956 2762 2118 2817 braais
2144 2769 2321 2824 ortus,
2348 2758 2709 2823 Salvatorem,
2757 2776 2866 2815 non
2895 2759 3397 2830 supplantationem,
3432 2759 3529 2814 scd

1930 2884 1933 2887 ν
1959 2853 2263 2907 calcaneum
2288 2851 2495 2908 dixisse
2523 2860 2809 2907 memorat.

2028 3028 2088 3084 ln
2128 3026 2259 3083 illud
2295 3043 2457 3083 vero:
2493 3024 2580 3081 He
2595 3037 2806 3097 propter
2834 3026 3189 3081 innocentiam
3216 3025 3528 3089 suscepisti;

259 3118 417 3174 κατὰ
440 3118 530 3170 τὸν
562 3116 790 3169 Ἀκύλαν
812 3117 903 3168 καὶ
934 3113 1248 3185 Σύμμαχον,
1275 3114 1371 3168 διὰ
1396 3113 1512 3182 τὴν
1525 3115 1851 3183 ἁπλότητιν

1958 3123 2093 3181 sive.
2125 3121 2428 3177 secundum
2474 3120 2727 3192 Aquilam
2758 3128 2813 3176 et
2859 3119 3269 3193 Symmachum,
3315 3130 3529 3189 propter

258 3212 573 3283 ἐπειδήπερ
618 3210 698 3276 ὡς
768 3209 1064 3277 πρόϐατον
1110 3206 1210 3258 ἐπὶ
1255 3205 1503 3275 σφαγὴν
1528 3205 1709 3275 ἤχθη,
1751 3206 1850 3259 καὶ

1957 3214 2373 3284 simplicitatem,
2424 3212 2562 3286 [haec
2601 3212 2857 3285 dicenda]
2896 3213 3181 3284 quoniam,
3231 3212 3368 3267 sicut
3414 3212 3527 3266 ocis

257 3309 355 3373 ὡς
383 3306 569 3377 ἀμνὸς
589 3305 868 3359 ἐναντίον
895 3303 999 3357 τοῦ
1033 3303 1339 3369 κείραντος
1368 3301 1626 3371 ἄφωνος,
1666 3302 1852 3368 οὕτως

258 3402 385 3452 οὐκ
410 3398 667 3467 ἀνοίγων
714 3396 779 3449 τὸ
808 3398 1033 3464 στόμα·
1076 3393 1190 3457 καὶ,
1229 3393 1693 3464 Λοιδορούμενος
1739 3397 1849 3448 οὐκ

257 3489 673 3557 ἀντελοιδόρει
694 3506 706 3519 ο
740 3487 994 3556 πάσχων
1023 3488 1134 3540 οὐκ
1166 3486 1431 3554 ἠπείλει·
1466 3486 1564 3557 τὴν
1592 3487 1766 3559 ἄκραν
1795 3488 1850 3539 δὲ

260 3580 621 3646 ἀνεξικακίαν
679 3579 1083 3649 ἐνδεικνύμενος
1156 3579 1214 3630 ἐν
1278 3576 1354 3647 τῷ
1429 3578 1849 3650 κατηγορεῖσθαι

262 3674 505 3737 ἐσιώπα,
545 3670 1156 3743 ψευδομαρτυρούμενός
1184 3687 1243 3721 τε
1282 3669 1431 3722 οὐδὲν
1482 3669 1846 3740 ἀπεκρίνατο’

263 3766 409 3821 ἀλλὰ
444 3766 537 3818 καὶ
567 3764 658 3816 τὸν
694 3764 859 3818 νῶτον
894 3761 1057 3815 αὑτοῦ
1092 3761 1321 3814 δέδωκεν
1342 3761 1421 3824 εἰς
1450 3759 1720 3829 μάστιγας
1758 3760 1851 3813 καὶ

261 3857 373 3919 τὰς
417 3854 671 3923 σιαγόνας
701 3856 780 3917 εἰς
828 3852 1179 3924 ῥαπίσματα·
1216 3850 1279 3903 τὸ
1328 3850 1384 3903 δὲ
1414 3850 1704 3922 πρόσωπον
1751 3850 1851 3902 οὐκ

264 3948 615 4019 ἀπέστρεψεν
638 3946 745 3999 ἀπὸ
773 3945 1033 4016 αἰσχύνης
1066 3946 1494 4016 ὲμπτυσμάτων.
1527 3944 1616 3995 Διὸ
1661 3960 1847 4012 φησιν’

276 4040 459 4108 Ὲμοῦ
488 4038 555 4092 δὲ
567 4038 665 4091 διὰ
680 4037 792 4105 τὴν
807 4038 1064 4091 ἀκακίαν
1089 4036 1442 4099 ἀντελάϐου,
1468 4035 1565 4089 καὶ
1579 4035 1849 4090 ἐϐεϐαίω-

266 4131 394 4197 crde
424 4147 498 4200 με
546 4131 803 4184 ἐνώπιόν
860 4147 975 4183 σου
1017 4131 1103 4194 εὶς
1147 4127 1350 4182 αἰῶνα.
1408 4127 1631 4191 Τούτοις
1685 4130 1850 4181 πᾶσιν

264 4224 365 4279 ἐπὶ
378 4223 519 4275 τέλει
541 4223 601 4275 τὸ
634 4222 968 4293 προφητικὸν
992 4221 1205 4293 πνεῦμα
1229 4222 1642 4295 εύχαριπήριον
1668 4223 1849 4293 φωνὴν

265 4316 586 4385 ἀναπέμπει
638 4315 715 4386 τῷ
765 4314 885 4385 Θεῷ
942 4314 1124 4384 λέγον·
1180 4314 1529 4384 Εὐλογητὸς
1572 4316 1786 4383 Κύριος
1818 4316 1850 4367 ὁ

267 4406 419 4472 Θεὸς
463 4406 712 4475 Ἰσραὴλ
731 4406 850 4459 ἀπὸ
883 4405 989 4459 τοῦ
1018 4405 1235 4471 αἰῶνος
1263 4406 1360 4458 καὶ
1393 4408 1481 4471 εις
1509 4406 1614 4458 τὸν
1639 4404 1843 4459 αὶῶνα·

1954 3308 2026 3360 ad
2067 3305 2453 3376 jugulationem
2493 3306 2683 3359 ductus
2712 3315 2811 3369 est,
2854 3314 2902 3359 et
2950 3306 3088 3361 sicut
3137 3322 3303 3377 agnus
3348 3321 3528 3360 coram

1955 3397 2197 3452 tondente
2237 3398 2349 3451 sine
2393 3413 2533 3460 voce,
2565 3398 2643 3451 sic
2671 3413 2777 3451 non
2805 3398 3010 3466 aperuit
3054 3414 3111 3452 os
3155 3397 3390 3461 suum“,
3434 3408 3524 3452 et:

1954 3488 2087 3545 Cum
2117 3489 2539 3551 malediceretur,
2576 3506 2679 3543 non
2703 3488 3141 3557 remaledicebat;
3171 3506 3290 3544 cum
3322 3497 3528 3559 patere-

1955 3590 2063 3644 tur,
2099 3596 2205 3634 non
2260 3580 2781 3634 comminabatur":
2820 3580 2914 3635 sed
2961 3596 3176 3635 summa
3221 3581 3527 3637 instructus

1952 3672 2237 3742 patientia,
2288 3687 2415 3728 cum
2468 3681 2848 3738 accusaretur,
2904 3674 3139 3740 tacebat,
3189 3688 3312 3729 cum
3372 3673 3525 3728 falsis

1954 3762 2282 3817 testimoniis
2316 3764 2688 3833 impeteretur,
2720 3763 2858 3817 nihil
2890 3763 3202 3833 respondit;
3235 3760 3331 3817 sed
3360 3763 3526 3816 etiam

1952 3851 2177 3906 dorsum
2207 3868 2367 3907 suum
2398 3852 2626 3924 ﬂagellis
2656 3853 2876 3917 obtulit,
2894 3862 2949 3908 et
2978 3853 3151 3908 malas
3173 3867 3303 3907 suas
3321 3852 3521 3922 alapis,

1955 3943 2147 3999 faciem
2184 3958 2311 3999 vero
2363 3960 2518 3999 suam
2548 3958 2658 3999 non
2698 3946 2893 4001 avertit
2930 3960 2959 3999 a
2986 3944 3191 4015 probro
3217 3953 3525 4015 sputorum.

1953 4036 2295 4106 Quapropter
2314 4036 2414 4101 ait,
2446 4034 2533 4091 He
2561 4047 2737 4091 autem
2763 4048 2976 4107 propter
3006 4039 3363 4092 innocentiam
3402 4055 3525 4092 sus-

1952 4129 2156 4197 cepisti,
2192 4138 2243 4182 et
2263 4129 2595 4198 conﬁrmasti
2634 4144 2718 4182 me
2761 4129 2815 4182 in
2850 4139 3127 4199 conspectu
3153 4138 3241 4183 tuo
3281 4130 3336 4183 in
3364 4139 3526 4183 wtcr-

1953 4238 2097 4275 num.
2142 4219 2198 4275 in
2247 4221 2353 4276 line
2385 4221 2603 4276 tandem
2650 4236 2842 4276 eorum
2897 4221 3123 4293 spiritus
3169 4220 3528 4292 propheticus

1953 4314 2249 4384 gratiarum
2283 4315 2528 4370 actiones
2570 4314 2682 4371 Deo
2726 4314 2928 4370 emittit
2964 4315 3051 4369 bis
3092 4314 3306 4372 verbis:
3357 4314 3527 4368 Bene-

1953 4404 2125 4459 dictus
2162 4404 2419 4461 Dominus
2473 4405 2611 4461 Deus
2660 4404 2833 4461 Israel
2862 4424 2894 4460 a
2924 4406 3120 4461 sarculo
3169 4413 3221 4460 et
3264 4422 3427 4475 usque
3472 4404 3523 4457 in

264 4499 521 4569 γένοιτο,
548 4498 803 4567 γένοιτ-θ’
839 4498 872 4567 ἦ
920 4498 1058 4551 κατὰ
1089 4497 1180 4550 τὸν
1242 4498 1473 4551 Ἀκύλαν
1500 4539 1515 4564 ,
1556 4512 1850 4551 πεπίστω-

1956 4496 2230 4560 saxulum,
2263 4497 2382 4567 ﬁat,
2412 4498 2542 4567 ﬁat;
2567 4506 2682 4563 aut,
2718 4498 3019 4554 secundum
3041 4497 3315 4566 Aquilam,
3352 4496 3524 4565 ﬁdeli-

259 4586 481 4658 μένως,
512 4584 994 4655 »πεπιστωμένως
1014 4605 1025 4616 ·
1091 4586 1229 4639 κατά
1275 4586 1331 4640 δὲ
1362 4587 1453 4640 τὸν
1510 4588 1805 4658 Σύμμαχον
1832 4604 1845 4617 ·

278 4682 478 4747 Ἀμὴν,
513 4677 701 4746 ἁμήνσ
752 4677 903 4730 ἔνθεν
931 4679 959 4731 6
998 4678 1187 4750 Σωτὴρ
1218 4678 1313 4731 καὶ
1355 4678 1559 4749 Κύριος
1602 4678 1759 4749 ἡμῶν
1792 4681 1850 4732 ὲν

262 4772 378 4830 τοῖς
410 4767 603 4821 ἑαυτοῦ
644 4767 913 4836 διαλόγοις
967 4770 1045 4831 εἰς
1074 4769 1335 4822 πίστωσιν
1368 4769 1476 4822 τῶν
1537 4769 1633 4822 ὑπ’
1683 4768 1848 4823 αὐτοῦ

262 4860 576 4928 λεγομένων
623 4859 1071 4930 παραλαμϐάνειν
1123 4860 1279 4914 εἴωθε
1328 4861 1422 4913 τό·
1473 4860 1649 4929 Ἀμὴν
1697 4860 1851 4931 λέγω

260 4952 438 5019 ὑμῖν·
483 4948 543 5006 οἶ,
596 4952 695 5024 τὴν
748 4952 985 5006 διάνοιαν
1045 4953 1378 5024 σαφέστερον
1431 4954 1775 5025 ήρμήνευσεν
1822 4956 1850 5008 6

277 5042 510 5105 ’Δκύλας
532 5040 721 5107 εἰπὼν,
748 5039 1227 5113 πεπιστωμένὶος,
1261 5043 1741 5112 πεπιστωμένως.

350 5134 509 5187 Ἀλλά
544 5135 652 5207 γὰρ
671 5135 1005 5207 διῃρημένης
1051 5137 1149 5206 τῆς
1190 5136 1318 5205 ὅλης
1361 5135 1547 5206 βίϐλου
1577 5135 1685 5189 τῶν
1713 5136 1847 5206 ψαλ-

268 5224 389 5296 μῶν
422 5228 500 5290 εἰς
526 5228 685 5280 πέντε
720 5229 881 5301 μέρη,
910 5229 969 5282 τὸ
997 5230 1210 5301 πρῶτον
1247 5229 1410 5299 μέρος
1436 5227 1671 5281 ἐνταῦθα
1701 5246 1849 5299 περι-

266 5321 556 5391 γράφεται,
590 5321 889 5392 ἀρχόμενον
923 5321 1021 5391 μὲν
1047 5322 1153 5374 ἀπὸ
1181 5320 1273 5374 τοῦ
1300 5328 1346 5374 α’
1368 5319 1581 5391 ψαλμοῦ
1608 5360 1623 5381 ,
1665 5321 1846 5374 τελευ-

265 5413 375 5467 τῶν
406 5413 463 5466 δὲ
486 5416 562 5477 εἰς
590 5413 679 5466 τὸν
713 5412 849 5482 μετὰ
888 5416 1096 5484 χεῖρας.
1132 5414 1271 5486 Ὥρα
1302 5414 1366 5485 δὴ
1412 5409 1504 5467 οὖν
1545 5412 1845 5485 μεταϐῆναι

268 5505 361 5557 ἐπὶ
390 5505 451 5557 τὸ
475 5504 727 5575 δεύτερον
751 5521 763 5533 ⁸
801 5505 936 5575 ὅπερ
966 5505 1193 5574 ἄρχεται
1226 5504 1322 5575 μὲν
1355 5504 1575 5559 ἀπὸτοῦ
1602 5504 1691 5577 μα’
1712 5504 1849 5575 ψαλ-

273 5596 395 5667 μοῦ,
431 5596 861 5668 συμπεραιοῦται
886 5596 941 5649 δὲ
975 5597 1055 5660 εἰς
1088 5596 1180 5651 τὸν
1214 5596 1311 5651 οα⁸.

1957 4598 2055 4653 ter,
2089 4588 2353 4659 ﬁdeliter;
2382 4592 2517 4654 sive,
2549 4590 2849 4646 secundum
2878 4590 3293 4661 Symmachum,
3335 4606 3521 4653 amen,

1956 4698 2128 4737 amen.
2170 4680 2324 4737 Unde
2372 4680 2649 4736 Servator.
2675 4682 2732 4735 in
2775 4681 3089 4751 colloquiis,
3125 4680 3194 4734 ad
3252 4681 3521 4736 sermonis

1955 4772 2041 4827 sui
2094 4772 2567 4827 conﬁrmationem
2620 4771 2674 4826 id
2734 4787 3003 4843 usurpare
3063 4770 3308 4827 solebat:
3358 4771 3523 4826 Amen

1952 4867 2071 4920 dico
2110 4865 2273 4920 vobis.
2323 4864 2495 4935 Cujus
2547 4864 2877 4921 sententiam
2928 4864 3176 4936 apertius
3231 4863 3523 4935 explicavit

1952 4956 2147 5029 Aquila
2176 4956 2385 5023 dicens,
2422 4958 2669 5028 ﬁdeliter,
2702 4958 2952 5029 ﬁdeliter.

2022 5134 2291 5191 Universo
2342 5134 2561 5205 quidem
2612 5136 2947 5206 psalmorum
2998 5136 3138 5191 libro
3183 5136 3239 5190 in
3282 5137 3523 5207 quinque

1952 5237 2138 5300 partes
2166 5228 2369 5295 diviso,
2410 5229 2587 5300 prima
2641 5243 2770 5298 pars
2824 5228 2932 5285 huc
2971 5227 3198 5294 desinit,
3237 5243 3358 5300 quae
3385 5229 3524 5283 inci-

1956 5321 2037 5391 pit
2069 5336 2101 5375 a
2141 5321 2316 5391 primo
2362 5322 2592 5391 psalmo,
2638 5329 2693 5378 et
2745 5322 2803 5377 in
2863 5322 3120 5393 praesenti
3174 5322 3518 5376 terminatur.

1956 5411 2146 5468 Restat
2177 5420 2237 5467 ut
2279 5412 2574 5469 secundam
2620 5414 3022 5487 aggrediamur,
3072 5429 3194 5484 quae
3222 5429 3250 5467 a
3286 5411 3524 5481 quadra-

1957 5506 2167 5577 gesimo
2195 5506 2373 5577 primo
2404 5506 2613 5578 incipit,
2642 5516 2696 5563 et
2726 5508 2781 5563 in
2800 5508 3262 5579 septuagesimum
3287 5504 3525 5575 primum

1960 5598 2181 5654 desinit.

340 5775 384 5805 "
418 5774 579 5831 Joan.
618 5793 737 5847 xxv,
772 5780 862 5835 27.
939 5780 985 5814 ¹³
1022 5778 1179 5839 Joan.
1213 5797 1303 5848 vt,
1340 5780 1427 5836 51.
1505 5780 1550 5814 ³⁵
1590 5780 1695 5837 lsa.
1734 5796 1854 5851 Lm,

2032 5784 2077 5815 "
2117 5782 2135 5836 l
2167 5781 2312 5839 Petr.
2347 5798 2418 5852 ιι,
2454 5780 2543 5842 23.
