4010 6578
488 325 599 384 367

603 449 654 505 ι.
710 446 777 503 IN
833 446 1724 522 Fl—NEM,AD_[N1fELLECTUM
1764 450 1964 508 mus

1093 519 1275 576 CORE
1329 521 1464 576 XLI.

568 633 756 694 Prima
803 652 929 706 pars
979 636 1106 691 libri
1153 637 1488 707 psalmorum
1519 639 1880 711 quadraginta
1915 641 2066 710 psal-

425 793 427 798 ι
499 743 640 792 mos,
683 728 773 798 qui
819 743 1010 783 omnes
1059 726 1279 783 Davidis
1307 737 1457 792 sum,
1490 731 1906 802 complectitur;
1953 731 2070 786 haec

501 835 630 873 vero
687 833 844 889 quam
897 820 1120 885 inimus,
1183 821 1410 890 triginta
1461 827 1516 875 et
1567 839 1774 877 unum:
1835 838 2072 893 quorum

501 919 627 966 octo
671 912 889 980 quidem
926 911 1160 967 ﬁliorum
1200 912 1364 979 Core,
1399 929 1544 969 unus
1582 914 1790 986 Asaph,
1826 913 2076 970 Salomo-

501 1005 586 1058 nis
624 1019 788 1065 unus,
821 1005 1016 1074 reliqui
1050 1004 1293 1064 Davidis.
1351 1005 1460 1062 Eos
1499 1014 1681 1063 autem
1710 1008 1804 1077 qui
1842 1007 2074 1063 liliorum

501 1097 639 1150 Core
678 1105 828 1160 sunt,
875 1105 1063 1168 utpote
1097 1098 1292 1154 ordine
1326 1101 1556 1169 primos,
1590 1100 1658 1154 ad
1688 1116 1879 1155 eorum
1913 1101 2076 1156 intel-

503 1186 782 1258 ligent—iam
820 1189 932 1258 jam
967 1191 1362 1262 expendemus.
1403 1191 1515 1249 Nos
1563 1192 1656 1247 lilii
1695 1192 1836 1250 Core
1877 1193 2078 1250 inscri-

501 1281 779 1352 ptionibus
822 1284 939 1337 suis
986 1284 1274 1354 instigant,
1331 1292 1389 1339 ut
1419 1301 1488 1341 ne
1525 1286 1830 1342 oscitanter
1879 1287 2077 1342 horum

504 1375 740 1430 lectione
764 1385 1001 1431 utamur.
1052 1375 1306 1433 Prtesens
1344 1394 1476 1433 vero
1517 1379 1761 1450 psalmus
1793 1380 2078 1450 prophetio

505 1481 630 1521 cum
667 1467 896 1522 chorum
930 1471 1141 1525 tristem
1192 1471 1485 1541 animoque
1518 1471 1587 1527 de
1629 1473 1815 1542 populi
1853 1488 1920 1527 ex
1966 1472 2079 1528 cir-

504 1560 840 1616 cumcisione
868 1561 1023 1630 lapsu
1068 1571 1386 1618 [merentem
1420 1563 1651 1628 inducit,
1688 1571 1952 1635 rogatque
1985 1581 2081 1636 per

510 1648 812 1707 Salvatoris
855 1667 1012 1721 opem
1051 1654 1169 1707 erui
1204 1655 1383 1724 ipsqu
1433 1664 1488 1710 et
1543 1655 1766 1709 liberari
1827 1670 1857 1709 a
1893 1657 2074 1709 malis.

505 1741 661 1808 Quod
709 1744 764 1798 in
809 1743 916 1800 line
951 1746 1222 1801 sermonis
1260 1747 1344 1802 his
1361 1747 1543 1801 verbis
1577 1749 1823 1816 assignat
1859 1765 1873 1802 :
1913 1746 2078 1816 Spera

507 1837 561 1888 in
596 1834 727 1899 Deo,
761 1838 1010 1905 quoniam
1041 1838 1210 1892 adhuc
1240 1838 1525 1908 conﬁtebor
1551 1839 1654 1904 illi,
1688 1840 1928 1894 salutare
1966 1840 2081 1894 vul-
2119 1819 2156 1872 Β

507 1933 592 1978 tus
624 1928 724 1981 mei
752 1935 802 1981 el
829 1926 968 1982 Deus
995 1944 1162 1983 meus.

581 2098 769 2170 Neque
827 2101 1120 2170 psalmum,
1154 2115 1332 2170 neque
1366 2099 1666 2163 canticum,
1701 2109 1878 2168 neque
1918 2096 2083 2168 quid-

510 2192 655 2262 piam
702 2193 881 2248 simile
914 2192 1200 2262 inscriptio
1230 2191 1469 2262 praefert,
1522 2190 1686 2260 idque
1715 2190 1840 2258 jure
1874 2204 1937 2243 ac
1966 2205 2081 2244 rne-

512 2283 617 2336 rito
661 2300 674 2334 :
702 2283 832 2352 quia
861 2298 922 2336 ea
953 2297 1074 2353 qua:
1112 2281 1524 2350 subjunguntur
1551 2280 1888 2335 tristioribus
1918 2279 2084 2336 dictis

512 2374 670 2442 plena
700 2381 849 2440 sunt,
896 2374 1017 2430 ideo
1051 2374 1104 2427 in
1129 2375 1286 2442 ﬁnem
1327 2372 1651 2441 simpliciter
1676 2371 1960 2441 inscriptio
1977 2383 2082 2427 est.

511 2464 648 2520 Nam
694 2481 820 2520 cum
871 2481 960 2521 res
992 2465 1231 2520 nondum
1260 2467 1608 2532 exsisterent,
1642 2465 1737 2521 sed
1768 2465 1965 2521 futura:
1997 2484 2080 2523 cs-

512 2566 657 2624 sent,
701 2559 1078 2630 praedictiones
1113 2565 1323 2612 tantum
1359 2559 1761 2630 complectitur.
1802 2558 2085 2630 Siquidem

514 2653 606 2708 lilii
670 2653 809 2709 Core
857 2661 1098 2724 tempore
1159 2652 1364 2725 Moysis
1430 2653 1485 2707 in
1551 2651 1769 2709 deserto
1845 2653 2084 2708 luerunt.

512 2745 718 2803 Deinde
771 2761 900 2801 vero
950 2762 1073 2800 cum
1121 2753 1276 2816 pater
1323 2762 1510 2801 eorum
1557 2745 1698 2803 Core
1741 2747 1798 2802 in
1845 2747 2086 2820 Moysem

513 2842 836 2898 seditionem
866 2843 1218 2907 concitasset,
1249 2852 1414 2913 atque
1444 2843 1498 2898 in
1522 2844 1728 2898 familia
1762 2860 1863 2900 sua
1889 2844 2091 2914 periis-

511 2942 616 3000 set,
661 2933 894 3004 contigit
939 2941 999 2988 ut
1031 2933 1127 2989 lilii
1179 2936 1300 3006 ejus
1340 2951 1447 2991 non
1491 2926 1599 2992 una
1632 2953 1758 2992 cum
1803 2945 1961 3007 patre
2003 2937 2089 2991 in-

511 3027 772 3083 terirent:
815 3035 868 3083 et
898 3028 1024 3098 quia
1056 3036 1296 3098 paternae
1325 3030 1622 3101 impietatis
1653 3030 1954 3101 participes
1976 3047 2088 3086 non

1200 326 1469 384 EUSEBll
1507 327 1987 385 CIESARIENSIS
2017 331 2084 388 Ol

2193 332 2374 389 PARS
2407 331 2494 389 111.
2525 364 2597 376 --
2632 330 3044 388 EXEGETICA.

2098 465 2148 520 Α
2246 457 2354 510 ΕΙΣ
2405 456 2491 508 ΤΟ
2544 455 2915 518 ΤΕΛΟΣ,ΕΙΣ
2965 453 3275 508 ΣΥΝΕΣῙΝ
3325 453 3507 507 TUI}:
3563 451 3746 505 ΪῚΟῙΣ

3713 331 3806 384 5138

2789 526 2972 580 ΚΟΡΕ
3005 526 3138 579 MA'.

2248 639 2321 692 Τὸ
2353 641 2452 711 μὲν
2482 639 2700 712 πρῶτον
2749 640 2911 711 μέρος
2935 637 3038 708 τῆς
3083 637 3190 690 τῶν
3226 636 3504 710 ψαλμῶν
3547 637 3732 708 βίϐλου
3760 648 3801 704 :1!

2175 730 2444 801 ψαλμοὺς,
2497 732 2591 785 καὶ
2623 731 2830 794 πάντας
2885 728 2979 783 τοῦ
3012 730 3191 793 Δαυῒδ,
3262 734 3550 802 περιεῖχε
3577 747 3592 760 ο
3653 731 3713 783 τὸ
3756 731 3804 784 δὲ

2181 823 2318 893 μετὰ
2350 827 2536 895 χεῖρας
2563 823 2642 876 λα’
2666 839 2678 853 ·
2716 816 2790 876 ὧν
2818 821 2962 876 ὀκτὼ
2989 824 3086 892 μέν
3115 825 3225 876 εἰσι
3266 823 3398 876 τῶν
3455 823 3602 876 υἱῶν
3649 825 3800 896 Κορὲ,

2178 913 2258 978 εἷς
2289 915 2345 968 δὲ
2369 916 2462 968 τοῦ
2503 916 2695 985 Ἀσάφ,
2724 916 2819 968 καὶ
2844 913 3153 985 Σολομῶνος
3168 902 3268 980 ἐἷς
3293 933 3306 945 °
3339 916 3398 968 οἱ
3427 914 3494 968 δὲ
3515 915 3702 968 λοιποὶ
3721 916 3802 968 τοῦ

2179 1010 2362 1065 Δαυῖδ.
2394 1009 2653 1082 Πριῦτους
2674 1009 2731 1062 δὲ
2751 1010 2955 1064 τούτων
2974 1009 3153 1072 ὄντας,
3172 1009 3318 1072 τοὺς
3336 1008 3464 1062 τῶν
3487 1008 3630 1062 υἱῶν
3651 1011 3800 1082 Κορὲ,

2179 1103 2619 1174 διασκεψώμεθα,
2655 1103 2748 1156 ἐπὶ
2779 1103 2840 1156 τὸ
2868 1103 3102 1158 συνιέναι
3133 1101 3199 1156 τὰ
3239 1102 3577 1173 λεγόμενα.
3603 1105 3803 1174 Παρορ-

2185 1195 2356 1268 μῶσιν
2387 1196 2534 1265 ἡμᾶς
2582 1195 2632 1246 οἱ
2662 1194 2767 1246 υἱοὶ
2799 1195 2941 1266 Κορὲ
2983 1193 3070 1247 διὰ
3109 1193 3220 1247 τῶν
3266 1195 3650 1266 προγραφῶν
3683 1196 3800 1266 πρὸς

2179 1287 2239 1339 τὸ
2270 1286 2343 1357 μὴ
2373 1285 2666 1357 παρέργως
2693 1285 2998 1355 χρήσασθαι
3022 1285 3090 1354 τῇ
3109 1282 3217 1335 τῶν
3246 1281 3608 1353 λεγομένων
3638 1282 3803 1335 ἐνί-εει)-

2182 1375 2281 1442 ξει.
2313 1378 2534 1445 Είσάγει
2565 1377 2620 1430 δὲ
2658 1377 2686 1430 ό
2714 1375 2902 1447 παρὼν
2929 1374 3144 1446 ψαλμδς
3168 1375 3268 1429 τὸν
3319 1375 3692 1449 προφητικὸν
3713 1393 3802 1445 χο-

2186 1468 2274 1540 ρὸν
2302 1468 2601 1540 περίλυπον
2627 1466 2724 1522 καὶ
2752 1465 3074 1537 σκυθρωπὸν
3104 1464 3199 1536 τὴν
3235 1466 3446 1538 ψυχὴν
3486 1468 3590 1520 ἐπὶ
3623 1471 3688 1537 τῇ
3722 1466 3800 1518 τοῦ

2181 1560 2432 1616 λαοῦτοῦ
2467 1563 2530 1615 ἐκ
2555 1561 2857 1631 περιτομῆς
2908 1558 3186 1613 -ὲκπτὼσει
3206 1575 3219 1588 ’
3261 1561 3374 1612 καὶ
3400 1560 3626 1627 ἐξαιτεῖ
3651 1577 3706 1612 τε
3731 1557 3800 1611 λύ-

2181 1668 2384 1721 τρωσιν
2418 1652 2512 1705 καὶ
2541 1651 2724 1706 κακῶν
2755 1649 3065 1721 ἐλευθερίαν
3091 1648 3177 1702 διὰ
3197 1650 3308 1720 τῆς
3358 1651 3655 1722 σωτηρίου
3687 1650 3798 1719 βοη-

2187 1745 2358 1810 θείας.
2392 1747 2456 1799 Ὃ
2496 1745 2559 1817 δὴ
2585 1746 2677 1798 καί
2703 1744 2793 1798 ἐπὶ
2819 1743 2960 1796 τέλει
2995 1742 3089 1796 τοῦ
3123 1743 3293 1812 λόγου
3331 1746 3797 1817 ὲπισφραγίζεται

2187 1835 2383 1892 εἰπών·
2414 1839 2704 1891 Ἔλπισον
2729 1836 2827 1889 ἐπὶ
2851 1835 2959 1888 τὸν
2988 1834 3155 1899 Θεὸν,
3199 1833 3299 1887 ὅτι
3345 1834 3798 1905 ἐξομολογήσο-

2179 1947 2285 1999 μαι
2306 1927 2501 1994 αὐτῷ·
2529 1926 2825 1996 σωτήριον
2862 1925 2970 1980 τοῦ
3017 1925 3363 1994 προσώπου
3411 1943 3548 1995 μου
3635 1927 3728 1982 καὶ
3771 1932 3793 1982 ὁ

2185 2020 2327 2086 Θεός
2348 2038 2486 2089 μου.

2257 2112 2394 2167 Οὔτε
2423 2111 2660 2182 ψαλμὸν,
2694 2108 2817 2163 οὔτε
2841 2108 2982 2180 ᾠδὴν
3008 2149 3022 2172 ,
3055 2108 3176 2162 οὗτε
3205 2127 3261 2163 τι
3294 2109 3422 2164 τῶν
3461 2109 3724 2165 τοιούτων
3763 2111 3789 2179 ἠ

2187 2205 2514 2278 προσγραφὴ
2546 2203 2790 2275 περιέχει
2817 2219 2831 2233 ·
2868 2202 2964 2256 καὶ
2995 2203 3241 2267 εἰκότως.
3293 2204 3658 2276 Ἐπειδήπερ
3681 2219 3793 2255 σκυ-

2187 2299 2549 2372 θρωποτέρων
2594 2297 2768 2366 λόγων
2816 2296 3174 2369 πεπλήρωται
3221 2295 3300 2348 τὰ
3365 2295 3511 2366 ἑξῆς
3565 2294 3793 2360 ἐπιλεγό-

2192 2410 2349 2464 μενα,
2384 2393 2470 2446 διὰ
2510 2390 2683 2444 ταῦτα
2724 2390 2908 2454 ἁπλῶς
2932 2392 3019 2456 εἰς
3052 2387 3118 2442 τὸ
3145 2387 3336 2455 τέλος
3361 2389 3786 2460 ἐπιγέγραπται.

2188 2483 2280 2554 Μὴ
2310 2481 2418 2553 γὰρ
2445 2479 2775 2550 ὑφεστώτων
2807 2480 3175 2551 πραγμάτων,
3209 2477 3544 2548 μελλόντων
3577 2479 3634 2531 δέ
3678 2491 3788 2529 ποτε

2189 2574 2428 2637 ἔσεσθαι,
2466 2575 2796 2645 προρρήσεις
2832 2572 3095 2644 περιέχει.
3118 2563 3126 2569 ’
3149 2570 3440 2638 Γεγόνασι
3487 2572 3592 2643 μὲν
3622 2571 3722 2639 γὰρ
3747 2569 3786 2620 oi

2190 2667 2295 2718 υἱοὶ
2337 2666 2480 2735 Κορὲ
2521 2664 2614 2718 ἐπὶ
2656 2665 2756 2734 τῆς
2791 2664 2995 2734 ἐρήμου
3026 2661 3165 2716 κατὰ
3197 2664 3335 2727 τοὺς
3359 2663 3604 2734 χρόνους
3644 2662 3788 2714 Mati)-

2193 2757 2350 2821 σέως.
2377 2753 2508 2810 Εἶτα
2533 2756 2628 2810 τοῦ
2663 2756 2866 2828 πατρὸς
2892 2754 3070 2808 αὐτῶν
3096 2754 3189 2808 τοῦ
3217 2756 3381 2827 Κορὲ
3427 2749 3782 2808 καταστασιά-

2193 2867 2384 2914 σαντος
2404 2850 2702 2915 Μωῦσέως,
2731 2851 2824 2904 καὶ
2840 2848 3177 2920 ἀπολομένου
3210 2852 3280 2920 τῇ
3311 2848 3497 2902 αὐτοῦ
3541 2847 3783 2920 φρατρίᾳ,

2191 2944 2317 3006 τοὺς
2342 2941 2530 2996 τούτου
2556 2942 2749 3006 παῖδας
2777 2941 2973 3014 συνέϐη
3000 2940 3074 3012 μὴ
3105 2941 3488 2996 συναπολέσαι
3510 2941 3592 3012 τῷ
3613 2936 3777 3008 πατρί·

2191 3034 2280 3089 διὰ
2311 3034 2371 3088 τὸ
2399 3035 2472 3106 μὴ
2507 3033 2889 3088 κεκοινωκέναι
2920 3034 3117 3097 αὐτοὺς
3139 3037 3204 3104 τῇ
3229 3034 3334 3088 τοῦ
3370 3033 3589 3106 πατρὸς
3611 3033 3780 3084 δυσσε-

513 3119 750 3186 fuerant,
784 3121 878 3177 sed
915 3125 1289 3192 paenitentiam
1323 3131 1376 3178 et
1406 3124 1702 3178 maximam
1756 3138 1885 3196 erga
1920 3124 2086 3180 Deum

2195 3127 2335 3199 ϐείᾳ,
2367 3127 2656 3198 μετάνοιαν
2692 3126 2750 3179 δὲ
2780 3125 3185 3196 ἐνδειξαμένους
3225 3126 3330 3179 καὶ
3372 3126 3639 3196 πλείστην
3671 3118 3780 3190 περὶ

513 3215 766 3286 pietatem
806 3216 1156 3280 exhibebant,
1190 3225 1342 3270 tanta
1391 3216 1532 3286 apud
1597 3215 1767 3272 Deum
1827 3216 2090 3287 approba-

513 3305 661 3360 tione
694 3305 842 3376 digni
894 3306 1138 3372 l'uerunt,
1172 3315 1232 3361 ut
1263 3307 1426 3362 etiam
1454 3307 1755 3377 prophetia:
1792 3311 1968 3379 gratia
1997 3326 2090 3366 or-

517 3408 806 3451 narentur.
871 3397 951 3453 Ex
998 3414 1186 3454 eorum
1220 3415 1387 3471 porro
1440 3400 1793 3456 successione
1842 3401 2090 3472 tempore

513 3488 734 3546 Davidis
773 3491 912 3548 alius
971 3490 1112 3547 Core
1166 3500 1393 3548 exortus
1443 3500 1573 3560 est,
1647 3493 1817 3564 priori
1887 3509 2090 3567 cogno-

515 3583 715 3650 mluis;
781 3590 835 3639 et
893 3583 1022 3639 huic
1084 3584 1176 3640 lilii
1233 3585 1343 3639 nati
1407 3585 1522 3641 alii.
1599 3583 1726 3643 Sive
1799 3587 1966 3660 igitur
2037 3590 2093 3644 hi

516 3674 824 3744 postremi,
875 3674 992 3730 sive
1040 3675 1250 3746 priores
1280 3675 1412 3741 alii,
1472 3679 1846 3748 captivitatem
1906 3681 2091 3751 populi

514 3781 635 3836 qua:
688 3766 850 3838 longo
895 3779 1082 3839 postea
1123 3774 1366 3838 tempore
1398 3771 1632 3832 accidit,
1683 3787 1746 3827 ac
1777 3769 2092 3827 Judaeorum

513 3859 696 3931 populi
768 3862 824 3915 in
893 3875 1083 3916 omnes
1136 3871 1325 3932 gentes
1388 3863 1822 3934 dispersionem,
1882 3863 1987 3919 hoc
2036 3865 2092 3919 in

515 3954 726 4024 psalmo
764 3954 1152 4009 vaticinantur.
1194 3954 1250 4009 ln
1290 3956 1646 4026 sequentibus
1694 3954 1861 4025 igitur
1895 3957 2090 4014 aiunt:

518 4043 585 4099 Et
612 4047 701 4117 qui
722 4046 942 4101 oderunt
971 4064 1066 4101 nos
1113 4047 1444 4118 diripuerunt
1471 4066 1579 4104 eos.
1609 4047 1816 4103 Dedisti
1849 4067 1943 4104 nos
1973 4061 2094 4104 tan-

513 4153 673 4207 quam
704 4153 817 4192 ores
848 4153 1089 4192 escarum
1115 4183 1129 4204 ,
1184 4151 1233 4194 et
1273 4142 1324 4195 in
1359 4141 1596 4212 gentibus
1631 4141 1926 4210 dispersisti
1975 4158 2091 4197 nos.

529 4227 814 4282 Vendidiin
833 4231 1082 4300 populum
1119 4242 1266 4285 tuum
1304 4234 1418 4286 sine
1453 4233 1645 4302 pretio,
1675 4243 1726 4287 et
1754 4235 1978 4303 posuisti
1999 4251 2092 4288 nos

515 4319 851 4389 opprobrium
912 4324 1097 4378 uicinis
1154 4325 1352 4379 nostris
1402 4325 1468 4378 “.
1524 4324 1644 4380 Non
1687 4326 1834 4382 enim
1887 4325 2000 4381 haec
2034 4333 2094 4380 ut

517 4425 759 4484 tempore
794 4413 1015 4471 Davidis
1038 4427 1187 4486 gesta
1215 4417 1444 4473 historia
1475 4427 1663 4472 narrat
1692 4439 1705 4474 :
1741 4418 1862 4474 ideo
1885 4419 2084 4474 inscri-

2193 3217 2284 3271 τὸν
2311 3217 2443 3271 Θεὸν
2489 3216 2796 3280 εὐλάϐειαν,
2845 3215 3117 3286 τοσαύτης
3165 3216 3455 3288 ἀποδοχῆς
3504 3210 3777 3285 ἠξιωκέναι

2193 3309 2344 3380 παρὰ
2383 3309 2458 3380 τῷ
2486 3308 2626 3378 Θεῷ,
2654 3308 2729 3371 ὼς
2765 3307 2859 3360 καὶ
2903 3305 3246 3378 προφητικοῦ
3297 3309 3651 3380 χαρίσματος
3691 3317 3772 3373 με·

2191 3404 2434 3472 τασχεῖν.
2483 3401 2577 3454 Ἐκ
2605 3400 2663 3454 δὲ
2698 3399 2798 3471 τῆς
2820 3398 3024 3452 τούτων
3048 3399 3306 3470 διαδοχῆς
3330 3401 3486 3453 κατὰ
3519 3399 3643 3460 τοὺς
3669 3390 3774 3464 χρόα

2194 3511 2318 3558 νους
2348 3492 2509 3547 Δαυτδ
2557 3493 2765 3562 γίνεται
2795 3492 2982 3564 ἔτερος
3013 3492 3182 3565 Κορὲ,
3212 3492 3524 3563 ὁμώνυμος
3553 3490 3627 3561 τῷ
3660 3501 3770 3555 προ-

2192 3586 2358 3658 τέρῳ,
2387 3585 2481 3640 καὶ
2509 3585 2700 3638 τούτου
2727 3585 2904 3655 ’ἕτεροι
2927 3585 3134 3647 παῖδες.
3160 3583 3276 3636 Εἶτ’
3312 3581 3413 3639 οὖν
3453 3579 3603 3639 οὗτοι
3621 3620 3636 3644 ,
3679 3577 3772 3630 εἴτε

2193 3682 2242 3734 οἱ
2267 3680 2544 3753 πρότεροι,
2576 3680 2674 3750 τὴν
2701 3677 2917 3750 μακρὰν
2951 3677 3176 3748 ὕστερον
3225 3679 3553 3750 γενομένην
3591 3674 3771 3742 αἰχμαί

2194 3773 2396 3828 λωσίαν
2425 3771 2520 3825 τοῦ
2548 3770 2678 3824 λαοῦ
2703 3769 2927 3841 καὶ-τὴν
2951 3770 3030 3833 είς
3059 3768 3233 3822 πάντα
3266 3769 3341 3823 τὰ
3378 3769 3511 3839 ἔθνη
3538 3763 3628 3819 τοῦ
3663 3762 3772 3812 ’loa—

2193 3865 2358 3922 δαίων
2404 3864 2588 3930 ἔθνους
2643 3862 2942 3934 διασπορὰν
2997 3859 3317 3924 θεσπίζουσι
3374 3859 3468 3914 διὰ
3511 3858 3602 3912 τὸν
3653 3847 3770 3922 μετᾶ

2195 3961 2403 4028 χεῖρας.
2455 3957 2745 4026 Προῖόντες
2794 3953 2926 4024 γοῦν
2972 3968 3142 4023 φασι·
3194 3951 3309 4005 Kal
3364 3953 3422 4006 οἱ
3468 3945 3770 4020 μισοῦντες

2195 4045 2355 4116 ἡμᾶς
2379 4044 2702 4114 διήρπαζον
2730 4044 2972 4109 αὐτούς.
3034 4040 3300 4105 ’Έδωκας
3326 4039 3493 4110 ἡμᾶς
3531 4037 3610 4101 ὡς
3652 4029 3769 4097 .1ch-

2197 4141 2343 4192 ϐατα
2360 4138 2666 4206 βρώσεως,
2678 4136 2776 4190 καὶ
2798 4137 2866 4190 ἐν
2880 4135 3002 4202 τοῖς
3023 4135 3223 4189 ἔθνεσι
3244 4132 3599 4199 διέσπειρας

2211 4232 2450 4288 Ἁπέδου
2471 4231 2578 4286 τὸν
2597 4232 2752 4287 λαόν
2773 4246 2889 4284 σου
2911 4229 3058 4284 ἄνευ
3101 4227 3278 4298 τιμῆς
3295 4242 3310 4256 °
3341 4227 3445 4280 καὶ
3471 4226 3611 4319 ἔθου

2196 4327 2427 4392 ὄνειδος
2459 4324 2585 4392 τοῖς
2615 4326 2882 4395 γείτοσιν
2905 4323 3094 4393 ἡμῶν.
3128 4322 3202 4375 Οὐ
3231 4321 3345 4393 γὰρ
3381 4318 3477 4373 ἐπὶ
3514 4311 3606 4369 τοῦ
3631 4301 3766 4362 Δαυῗδ

2196 4417 2372 4472 ταῦτα
2408 4420 2440 4489 ἡ
2473 4418 2686 4491 ἱστορία
2711 4416 3039 4488 γεγενῆσθαι
3061 4415 3337 4488 περιέχει·
3357 4414 3450 4468 διὰ
3481 4410 3639 4465 τοῦτο
3663 4415 3767 4471 προ-

517 4507 628 4577 ptio
673 4508 726 4562 in
761 4509 919 4578 ﬁnem
950 4509 1133 4563 habet.
1168 4510 1344 4579 Atque
1377 4510 1506 4581 quia
1538 4506 1602 4567 ex
1663 4512 1848 4567 divina
1891 4511 2087 4568 intelli-

2198 4511 2509 4581 γέγραπται
2530 4511 2617 4575 εὶς
2651 4509 2718 4562 τὸ
2746 4507 2940 4574 τέλος.
2966 4507 3076 4560 Καὶ
3091 4507 3184 4560 ἐπὶ
3211 4505 3403 4576 Θεῖκῆς
3424 4502 3490 4574 δὴ
3524 4495 3761 4552 συνέσεως

513 4599 694 4670 gentia
731 4601 842 4656 lucc
874 4604 928 4658 in
952 4601 1140 4657 futuro
1164 4611 1406 4672 tempore
1426 4611 1577 4674 gesta
1600 4612 1792 4674 putare
1819 4605 2093 4673 convenit,

515 4693 826 4749 necessario
841 4694 1049 4749 dictum
1069 4701 1174 4755 est,
1197 4694 1264 4747 ad
1278 4695 1621 4753 intellectum.
1645 4696 1752 4752 Pro
1772 4697 1864 4752 illo
1887 4705 2089 4762 autem,

512 4782 642 4852 ﬁliis
677 4781 829 4848 Core,
857 4785 1053 4855 Aquila
1096 4788 1298 4856 pariter
1325 4794 1379 4840 et
1415 4787 1776 4860 Symmachus
1802 4831 1818 4856 ,
1859 4790 2093 4860 filiorum

515 4875 649 4933 Core
682 4879 1020 4948 interpretati
1072 4889 1243 4946 sunt,
1287 4883 1548 4937 docentes
1593 4896 1781 4937 eorum
1815 4898 1938 4939 esse
1967 4900 2095 4954 pro-

513 4970 760 5043 phetias.
800 4973 894 5041 qui
935 4989 994 5027 se
1025 4971 1192 5028 Deum
1251 4974 1428 5044 ipsum
1463 4974 1638 5041 sitire,
1669 4982 1832 5047 atque
1860 4992 2047 5032 amore
2071 5017 2086 5040 ,

515 5063 786 5118 desiderio
814 5071 869 5117 et
921 5067 1365 5136 concupiscentia
1415 5067 1560 5122 illius
1621 5067 1864 5123 fontibus
1919 5070 2092 5125 teneri

515 5155 862 5214 fatebantur.
892 5157 958 5210 de
988 5173 1098 5227 quo
1129 5157 1335 5212 dictum
1367 5167 1453 5214 est
1474 5161 1518 5191 "
1545 5180 1558 5215 :
1590 5159 1857 5226 Quoniam
1882 5159 2022 5229 apud
2046 5169 2095 5214 te

513 5255 588 5300 est
621 5245 738 5314 fons
763 5247 902 5312 ritca,
935 5248 987 5300 in
1036 5248 1230 5303 lumine
1261 5258 1348 5303 tuo
1388 5249 1675 5305 videbimus
1707 5250 1904 5306 lumen.
1941 5249 2093 5316 Qua-

515 5344 736 5404 propter
762 5333 1014 5390 dicebant
1047 5356 1060 5392 ε

586 5422 754 5482 Vens.
785 5425 839 5489 2,
874 5427 925 5482 5.
973 5430 1424 5493 Quemadmodum
1473 5432 1738 5486 desiderat
1793 5449 1971 5487 cervus
2021 5433 2092 5487 ad

516 5515 684 5582 fontes
731 5534 1026 5588 aquarum,
1082 5523 1160 5574 ita
1189 5520 1455 5577 desiderat
1507 5522 1689 5574 anima
1739 5536 1855 5574 mea
1890 5519 1959 5573 ad
2002 5531 2086 5589 le,

517 5607 676 5664 Beas.
713 5609 1013 5666 Cornutum
1049 5613 1248 5667 animal
1296 5623 1380 5670 est
1411 5628 1636 5679 cervus,
1669 5611 1764 5668 sed
1794 5612 1959 5666 etiam
1991 5630 2089 5686 pu-

589 5790 634 5820 ¹⁶
671 5787 813 5846 Psal.
852 5809 980 5846 xLut
1007 5834 1020 5858 ,
1060 5794 1248 5850 ll-M.
1328 5795 1371 5826 ³⁷
1407 5791 1552 5850 1³581.
1592 5808 1766 5861 “illi
1805 5793 1893 5848 ίθο

2198 4605 2277 4677 τῷ
2337 4604 2585 4676 μέλλοντι
2638 4601 2814 4656 ταῦτα
2864 4604 3003 4656 νοεῖν
3038 4601 3355 4670 ἀναγκαίως
3385 4597 3658 4693 είρηταιη
3691 4584 3762 4643 εὶς

2198 4698 2479 4750 σύνεσιν.
2522 4697 2665 4749 Ἀντὶ
2693 4695 2750 4748 δὲ
2778 4693 2894 4758 τοῦ,
2923 4692 3044 4760 τοῖς
3077 4691 3232 4758 υἱοῖς
3261 4691 3452 4760 Κορὲ,
3483 4685 3759 4754 συμφώνως

2197 4787 2227 4839 ὁ
2276 4785 2507 4850 Ἀκύλας
2534 4785 2630 4839 καὶ
2657 4787 2685 4839 ὁ
2708 4783 3024 4856 Σύμμαχος,
3059 4781 3178 4836 τῶν
3200 4780 3350 4836 υἱῶν
3391 4773 3540 4846 Κορὲ
3563 4812 3576 4836 ,
3595 4762 3760 4870 Δἦρί-’λὶς

2198 4896 2419 4944 νευσαν,
2450 4879 2792 4943 διδάσκοντες
2824 4877 3004 4931 αὐτῶν
3036 4872 3174 4930 εἶναι
3207 4875 3305 4938 τὰς
3336 4864 3692 4945 προφητείας·
3715 4871 3758 4906 οι

2195 4973 2355 5044 διψῆν
2371 4971 2679 5043 ὡμολόγουν
2706 4971 2866 5025 αὑτὸν
2896 4970 2988 5024 τὸν
3013 4969 3167 5034 Θεὸν,
3193 4967 3355 5022 πόθον
3370 4983 3432 5020 τε
3454 4961 3549 5017 καὶ
3571 4959 3755 5044 irrepo-tt.

2201 5036 2622 5136 καὶηέπιθυμίαν
2656 5063 2799 5136 ἔχειν
2829 5051 2926 5134 τῆξ
2959 5064 3087 5132 παρ’
3119 5060 3268 5132 αύτῷ
3306 5058 3511 5131 πηγῆς,
3555 5045 3673 5116 περὶ

2200 5155 2434 5228 εἴρηται·
2471 5130 2592 5208 Ὅτι
2632 5130 2792 5222 πᾶρά
2840 5130 2941 5208 σοὶ
2990 5130 3152 5222 πηγὴ
3185 5130 3468 5221 ζῴῆςρέν
3501 5144 3580 5212 τῷ
3628 5130 3754 5210 φωτί

2200 5262 2317 5301 σου
2344 5247 2611 5316 ὀψόμεθα
2644 5245 2788 5315 φῶς.
2819 5245 2908 5299 Διὸ
2933 5244 3143 5314 ἔλεγον·

2275 5430 2385 5482 Ὃν
2427 5428 2651 5495 τρόπον
2711 5425 2984 5479 ἐπιποθεῖ
3024 5425 3252 5494 ἔλαφος
3291 5421 3390 5475 ἐπὶ
3428 5415 3535 5480 τὰς
3577 5398 3749 5495 πηττξσ

2199 5522 2318 5577 τῶν
2364 5491 2616 5584 ὑδάτων,
2655 5521 2843 5586 οὕτως
2888 5491 3162 5573 exuram-2i
3192 5519 3229 5586 ἡ
3263 5511 3430 5586 ψυχή
3464 5523 3578 5579 μου

2201 5613 2296 5681 σὲ,
2373 5615 2405 5666 ό
2474 5577 2636 5677 Θεὸς.
2708 5577 3063 5682 Κερασφόρον
3124 5577 3593 5676 ἔδιδον-«ιτιέλαιρος⁸
3633 5577 3752 5656 ἀλλὰ.
