4010 6560
210 410 311 466 339

1340 408 1785 467 COMMENTAW

1888 407 1952 464 IN
1989 407 2332 466 PSALMOS.
2830 418 2836 424 '
3348 406 3453 463 370

209 532 298 584 καὶ
365 531 603 604 καθαρὸν
679 532 819 588 κατά
881 531 972 586 τὸν
1044 532 1226 605 νόμον,
1291 533 1392 605 ἤδη
1419 534 1474 586 δὲ
1508 535 1599 587 καὶ
1661 533 1780 601 ὀφι-

1888 547 2003 586 rum
2059 531 2360 587 secundum
2423 528 2592 600 legem
2618 566 2635 593 ,
2685 526 3027 599 serpentibus
3076 522 3446 584 mortiferum,

207 623 442 687 οκτόνον,
507 624 601 678 καὶ
648 625 866 679 πάντων
925 626 1171 697 ἑρπετῶν
1213 625 1578 697 ἀναιρετικὸν,
1648 624 1784 678 ἀλλὰ

205 714 296 768 καὶ
366 713 473 769 τῶν
546 715 646 781 τὰς
695 718 934 789 ἐρήμους
1010 716 1471 789 μεταδιωκόντων.
1534 717 1785 782 Τοιοῦτος

204 806 260 858 δὲ
319 801 388 877 ἦν
436 807 465 858 ὁ
509 808 845 878 προφητικὺς
895 808 1092 879 χορὸς,
1157 808 1457 880 φιλέρημος
1509 808 1603 860 καὶ
1649 809 1781 861 ἀνα-

205 897 936 970 κεχωρηκώς.Ἑνέρημίαις
957 900 1086 968 γοῦν
1147 901 1240 954 καὶ
1284 900 1454 972 ὄρεσι,
1503 901 1596 954 καὶ
1642 917 1783 970 σπη-

207 989 380 1054 λαίοις
411 991 743 1062 πεποιῆσθαι
772 991 1017 1060 λέγονται
1045 991 1142 1055 τὰς
1162 992 1442 1064 διατριϐάς
1460 1010 1474 1024 ο
1508 993 1645 1046 ἀλλὰ
1691 996 1783 1049 καὶ

207 1084 392 1154 πάσης
413 1083 707 1154 ἐτύγχανον
729 1085 1109 1157 ἀντικειμένης
1135 1085 1434 1156 δυνάμεως,
1457 1087 1549 1140 καὶ
1582 1086 1783 1148 παντὸς

202 1176 300 1248 τοῦ
330 1177 468 1229 κατά
489 1177 724 1230 διάνοιαν
751 1178 980 1248 ἑρπετοῦ
1010 1180 1362 1252 ἀναιρετικοὶ,
1403 1180 1478 1243 ὡς
1527 1180 1593 1234 ἂν
1635 1181 1784 1250 ἕχον-

203 1286 298 1330 τες
322 1268 416 1320 καὶ
441 1268 592 1322 αὐτοὶ
613 1272 801 1323 πατεῖν
828 1271 1012 1324 ἐπάνω
1043 1271 1218 1340 ὄφεων
1240 1271 1333 1324 καὶ
1367 1271 1664 1343 σκορπίων,
1689 1272 1782 1324 καὶ

202 1358 300 1411 ἐπὶ
323 1360 500 1411 πᾶσαν
527 1359 626 1431 τὴν
668 1359 894 1431 δύναμιν
931 1360 1025 1414 τοῦ
1075 1359 1293 1432 ἐχθροῦ.
1348 1363 1691 1434 Κερασφόροι
1727 1362 1783 1416 δὲ

203 1448 473 1518 ὑπῆρχον,
495 1447 571 1512 ὼς
601 1448 778 1518 λέγειν
802 1449 1058 1503 δύνασθαι
1080 1466 1089 1473 ·
1126 1453 1221 1504 Ἐν
1241 1452 1340 1504 σοὶ
1371 1450 1512 1516 τοὺς
1531 1451 1784 1520 ἐχθροὺς

204 1538 378 1607 ἡμῶν
426 1541 829 1612 κερατιοῦμεν.
872 1543 1031 1597 Ἀλλά
1063 1543 1156 1596 καὶ
1201 1541 1432 1613 καθαροὶ
1465 1543 1564 1614 τὴν
1606 1542 1784 1613 ψυχὴν

203 1631 528 1702 ἐτύγχανον,
564 1635 612 1686 εἰ
657 1633 749 1686 καί
795 1651 938 1698 τινες
968 1634 1148 1688 ἄλλοι·
1182 1634 1262 1688 διὸ
1301 1635 1486 1704 ἐλάφῳ
1515 1634 1786 1706 παρεϐάλ-

203 1724 374 1777 λοντο.
395 1724 545 1778 Ἑπεὶ
579 1725 672 1778 καὶ
702 1725 861 1790 αὑτὸς
883 1728 912 1778 ὁ
933 1725 1163 1796 νυμφίος
1189 1725 1496 1796 ἐν’ᾼσματι
1526 1724 1786 1795 ᾀσμάτων

205 1816 384 1888 νεϐρῷ
416 1817 598 1889 ἐλάφῳ
621 1818 966 1889 ἀφωμοίωτο,
999 1819 1094 1870 καὶ
1110 1820 1165 1871 ἐν
1197 1816 1276 1883 τῷ
1312 1817 1430 1869 ’1ὼὸ
1462 1817 1520 1869 δὲ
1547 1816 1782 1888 εἴρηται·

1884 623 2142 694 omnique
2175 621 2357 693 reptili
2391 621 2709 683 exitiosum,
2741 628 2905 690 atque
2941 635 3007 674 ex
3043 631 3231 671 eorum
3257 626 3448 684 genere

1882 725 2005 784 quae
2037 712 2361 770 solitudines
2396 711 2745 782 frequentare
2773 713 2971 767 solent.
3005 708 3155 765 Talis
3184 717 3301 762 erat
3329 722 3448 777 pro-

1883 805 2134 875 pheticus
2163 805 2388 868 chorus,
2424 819 2618 861 amans
2677 803 2990 859 solitudinis
3054 815 3118 855 ac
3181 811 3452 856 secessus.

1883 899 1940 953 lu
1970 899 2203 955 desertis
2238 900 2424 970 itaque
2446 939 2462 965 ,
2522 900 2802 955 montibus
2851 906 2906 952 et
2955 893 3229 966 specubus
3258 889 3458 946 versati

1883 1005 2009 1046 esse
2067 992 2356 1058 feruntur;
2402 991 2512 1046 imo
2561 992 2724 1047 etiam
2781 989 2929 1044 omni
2985 984 3311 1042 adversariae
3362 996 3461 1052 pc-

1887 1083 2090 1146 testati,
2130 1085 2389 1154 omnique
2420 1083 2691 1156 spirituali
2726 1081 2904 1152 reptili
2941 1079 3156 1136 exitiosi
3180 1083 3358 1138 erant,
3381 1081 3462 1128 ut-

1887 1182 2014 1245 pote
2042 1175 2134 1244 qui
2167 1183 2498 1246 polestatem
2540 1185 2595 1231 et
2643 1175 2743 1244 ipsi
2778 1173 3040 1227 baberent
3072 1168 3315 1226 calcandi
3346 1182 3456 1222 ser~

1883 1274 2072 1336 pentes
2132 1276 2187 1323 et
2240 1267 2592 1339 scorpiones,
2665 1276 2719 1321 et
2770 1279 2986 1320 onmem
3048 1263 3301 1318 virtutem
3358 1263 3463 1316 ini-

1888 1358 2012 1413 mici
2055 1379 2066 1412 :
2131 1363 2344 1416 cornuti
2396 1375 2614 1430 quoque
2643 1367 2828 1422 erant,
2860 1367 2920 1412 ut
2966 1356 3149 1412 dicere
3192 1365 3462 1426 possent:

1888 1449 1955 1504 In
1991 1462 2036 1507 te
2068 1453 2309 1508 inimicos
2344 1463 2552 1508 nostros
2605 1452 2972 1506 uentilabimus
3025 1463 3188 1503 cornu
3234 1447 3300 1500 ³⁸.
3352 1444 3466 1500 imo

1883 1543 2048 1596 etiam
2103 1544 2224 1614 puri
2286 1545 2469 1599 animo
2500 1553 2765 1614 quantum
2807 1540 3048 1612 quipiam
3092 1537 3212 1606 alii;
3273 1550 3468 1606 quam-

1886 1637 2072 1689 obrem
2131 1653 2292 1690 cervo
2358 1637 2846 1708 comparabantur.
2899 1631 3179 1704 Siquidem
3241 1639 3294 1685 et
3352 1628 3466 1698 ipse

1888 1741 2128 1794 sponsus
2152 1727 2205 1780 in
2239 1726 2466 1780 Cantico
2496 1728 2839 1782 canticorum
2880 1725 3108 1780 binuulo
3137 1735 3298 1776 cervo
3319 1735 3469 1775 com-

1890 1829 2115 1886 Ρθτίιῑιιΐ
2153 1820 2217 1872 ²⁹.
2260 1820 2320 1874 lu
2368 1820 2504 1874 libro
2535 1818 2638 1874 Job
2667 1835 2884 1890 quoque
2915 1817 3120 1873 dicitur
3151 1835 3164 1869 ι
3206 1813 3470 1869 Observa-

218 1910 562 1978 Ἐφύλαξας
589 1909 657 1963 δὲ
685 1909 886 1979 μῆνας
911 1910 1152 1979 ἐλάφων
1189 1909 1406 1976 ὠδῖνάς
1432 1927 1495 1963 τε
1519 1927 1531 1940 ·
1563 1909 1785 1975 αὐτοὺς

1888 1907 1956 1960 sti
1998 1925 2198 1962 menses
2245 1926 2550 1975 cervorum,
2602 1921 2649 1966 et
2679 1921 2905 1981 partus:
2935 1911 3074 1980 ipsos
3129 1907 3361 1960 dimittes
3401 1904 3470 1960 ’“.

202 2000 655 2067 ὲξιιποστελεῒς.
690 2002 955 2065 Τοιαύτας
992 2003 1048 2054 δέ
1077 2000 1301 2070 λογικὰς
1348 2001 1578 2071 ἐλάφους
1615 2002 1643 2054 ὁ
1673 2001 1785 2054 Κὺο

207 2109 324 2163 ριος
345 2085 763 2164 καταρτίζεσθαι
811 2093 1027 2162 λέγεται
1055 2096 1112 2146 ἐν
1141 2093 1228 2162 κη’
1251 2092 1473 2163 ψαλμῷ,
1498 2093 1780 2162 φάσκοντν

204 2182 380 2251 Φωνὴ
407 2185 628 2251 Κυρίου
651 2185 1107 2254 καταρτιζομένη
1137 2183 1426 2254 ἐλάφους.

327 2271 450 2331 ὖται
481 2277 656 2330 τοίνυν
705 2279 760 2331 αἱ
802 2277 1008 2346 ἔλαφοι,
1053 2279 1151 2350 τῆς
1180 2278 1364 2348 πηγῆς
1405 2276 1786 2349 διαλειπούσης

204 2368 376 2431 αὑτὰς
394 2367 483 2420 διὰ
513 2367 611 2432 τὰς
640 2369 868 2439 ἀνομίας
901 2369 993 2421 τοῦ
1019 2369 1148 2423 λαοῦ
1169 2410 1184 2434 ,
1223 2370 1316 2422 καὶ
1339 2370 1783 2441 ἀποστραφέντος

201 2459 296 2513 τοῦ
331 2459 488 2526 Θεοῦ,
512 2460 634 2514 καθ’
659 2461 858 2525 ἑαυτὰς
892 2462 1265 2526 ἀπεκλαίοντο,
1299 2463 1394 2515 καὶ
1435 2465 1548 2526 τοῖς
1575 2464 1782 2517 ἑαυτῶν

198 2551 462 2623 δάκρυσιν
485 2551 721 2623 ἐχρῶντο
755 2555 950 2626 τροφῇ,
975 2554 1166 2617 νυκτὸς
1188 2555 1280 2608 καὶ
1323 2554 1537 2625 ἡμέρας
1556 2556 1654 2628 τὴν
1679 2557 1785 2609 ἀπ-

197 2643 401 2696 ώλειαν
428 2643 522 2696 τοῦ
565 2643 694 2698 λαοῦ
726 2643 1128 2716 ἀποθρηνοῦσαι
1148 2661 1161 2675 ο
1193 2645 1502 2716 ὡμολόγουν
1544 2664 1604 2699 τε
1624 2646 1782 2719 διψῇν

197 2735 260 2786 ού
291 2736 404 2798 τοῖς
435 2733 648 2804 σώμασι
673 2736 766 2788 καὶ
784 2738 901 2798 ταῖς
929 2736 1086 2807 σαρξὶ
1120 2735 1219 2798 τὰς
1254 2736 1428 2808 τούτῳ
1459 2737 1619 2806 φίλας
1657 2739 1781 2809 ἡδο-

197 2825 320 2889 νΐις,
347 2825 461 2878 ἀλλ’
497 2824 633 2897 αὑτὴ
655 2826 848 2898 ἡψυχὴ
876 2826 1058 2880 ποθεῖν
1084 2827 1178 2880 καὶ
1201 2828 1508 2899 ἱμείρεσθαι
1532 2830 1674 2884 κατὰ
1693 2831 1783 2884 τὸν

196 2919 499 2990 Σύμμαχον
525 2919 634 2986 τῆς
669 2919 818 2986 πρὸς
854 2919 958 2973 τὸν
983 2919 1133 2974 Θεὸν
1161 2920 1422 2988 πορείας.
1452 2921 1544 2975 Διὸ
1564 2922 1748 2992 ἔλεγον
1767 2940 1780 2954 ο

199 3011 407 3075 Οὕτως
432 3008 707 3064 ἐπιποθεῖ
724 3011 761 3077 ἡ
790 3009 959 3078 ψυχή
977 3028 1097 3079 μου
1122 3011 1270 3079 πρὸς
1299 3011 1393 3074 σὲ,
1423 3015 1455 3066 ό
1485 3014 1630 3080 Θεός
1651 3032 1666 3046 ο
1693 3017 1786 3069 καὶ

197 3104 399 3156 πάλιν·
440 3101 770 3170 Ἐδίψησεν
797 3105 834 3172 ἠ
864 3101 1032 3172 ψυχή
1057 3121 1178 3173 μου
1194 3104 1343 3172 πρὸς
1369 3103 1476 3158 τὸν
1505 3106 1657 3161 Θεὸν
1679 3108 1788 3161 τὸν

199 3193 462 3265 ισχιιοὸν
504 3192 613 3248 τὸν
655 3193 855 3254 ζῶντα.
912 3196 1018 3265 Ζῇν
1061 3194 1168 3265 γὰρ
1193 3196 1281 3249 τὸν
1307 3196 1510 3268 Κύριον
1554 3199 1696 3253 κατά
1723 3201 1785 3253 τὸ

199 3286 532 3358 εἰρημένον,
583 3286 636 3338 Ὁ
652 3287 840 3355 μόνος
880 3286 1037 3355 ἔχων
1090 3288 1462 3343 ἀθανασίαν
1506 3293 1600 3344 καὶ
1629 3293 1787 3363 μόνον

199 3376 354 3446 ζωὴν
373 3375 515 3445 ἔχειν
536 3375 664 3446 παρ’
687 3375 882 3447 ἐαυτῷ,
911 3376 1052 3437 κατὰ
1074 3378 1161 3430 τό·
1180 3379 1297 3432 Ὅτι
1319 3379 1480 3448 παρὰ
1504 3382 1601 3434 σοὶ
1623 3381 1786 3451 πηγὴ

201 3466 378 3536 ζωῆς,
396 3466 612 3537 ᾔδεσαν.
637 3469 745 3520 Καὶ
763 3469 918 3523 τοῦτό
937 3487 999 3538 γε
1011 3469 1071 3522 τὸ
1093 3470 1200 3534 ζῶν
1228 3470 1390 3544 ὕδωρ,
1418 3471 1641 3548 ὕστερόν
1658 3491 1786 3528 ποτε

201 3561 478 3612 ἐπιστᾶσα
520 3559 594 3630 (Ι)
625 3560 764 3614 κατὰ
810 3561 909 3624 τὰς
927 3562 1033 3615 τῶν
1057 3564 1352 3634 προφητῶν
1374 3565 1590 3638 εὑχὰςὴ
1613 3560 1786 3638 πηγὴ,

205 3651 372 3713 αὐτὸς
395 3651 424 3701 ὁ
453 3651 642 3721 Σωτὴρ
678 3653 936 3724 παρέχειν
978 3653 1288 3726 ἀνθρώποις
1329 3657 1638 3721 ἐδίδασκεν,
1685 3653 1787 3712 ὧδέ

204 3757 280 3810 πη
312 3738 488 3807 λέγων
508 3757 521 3771 ο
551 3742 654 3808 Ὃς
677 3741 752 3794 ἂν
780 3743 888 3810 πίῃ
910 3743 978 3796 ἐκ
1009 3743 1115 3796 τοῦ
1141 3743 1360 3811 ὕδατος
1381 3742 1452 3800 οὗ
1478 3745 1593 3816 ἐγὼ
1617 3746 1789 3802 δώσω

203 3829 371 3895 αὐτῷ
397 3871 412 3894 ,
459 3830 774 3901 γενήσεται
822 3832 892 3886 ἐν
937 3832 1098 3899 αὐτῷ
1129 3833 1292 3903 πηγὴ
1321 3833 1541 3901 ὕδατος
1573 3835 1789 3904 ζῶντος

203 3918 547 3990 ἁλλομένου
600 3924 688 3990 εἱς
715 3920 867 3992 ζωὴν
911 3921 1168 3977 αἰώνιον.
1214 3923 1326 3982 Καὶ
1368 3924 1560 3979 πάλιν·
1605 3926 1678 3980 Εἴ
1702 3945 1790 3994 τις

206 4014 362 4085 διψᾷ
385 4015 647 4083 ἐρχέσθω
676 4016 828 4085 πρὸς
861 4019 960 4086 μὲ,
994 4018 1092 4072 καὶ
1119 4017 1357 4074 πινέτω.
1397 4019 1450 4071 '0
1488 4021 1790 4075 πιστεύων

205 4113 291 4177 εἰς
323 4108 450 4179 ἐμὲ,
483 4108 676 4176 καθὼς
707 4105 877 4163 εἶπεν
903 4111 943 4178 ἡ
993 4113 1045 4164 Γ
1038 4111 1227 4181 pagi),
1262 4114 1514 4182 ποταμοὶ
1568 4113 1636 4167 ἐκ
1680 4113 1789 4183 τῆς

207 4201 444 4265 κοιλίας
483 4198 670 4253 αὑτοῦ
696 4199 1033 4266 ῥεύσουσιν
1073 4200 1294 4267 ὕδατος
1319 4198 1552 4268 ζῶντος.
1585 4203 1788 4256 Τούτου

206 4292 268 4363 δὴ
290 4289 385 4346 οῦν
405 4291 499 4345 τοῦ
527 4292 770 4363 πόματος
797 4294 824 4346 ὁ
846 4293 1181 4365 προφητικδς
1202 4294 1362 4365 χορὸς
1380 4293 1548 4364 διψῶν
1570 4294 1752 4365 έλεγεν
1770 4313 1784 4326 ⁸

220 4385 545 4452 Ἐδί-ψησεν
569 4386 608 4452 ἠ
633 4385 804 4454 ψυχή
832 4403 951 4453 μου
977 4385 1128 4454 πρὸς
1153 4385 1262 4439 τὸν
1289 4385 1438 4440 Θεὸν
1470 4387 1578 4441 τὸν
1609 4389 1785 4457 ἰσχυ-

205 4477 316 4544 ρὸν
348 4477 460 4530 τόν
484 4474 689 4540 ζῶντα,
724 4478 838 4542 καὶ,
863 4478 1015 4530 Πότε
1041 4477 1187 4545 ἥξω,
1216 4479 1313 4532 καὶ
1338 4478 1678 4550 ὀφθήσομαι
1708 4479 1788 4546 τῷ

1889 1998 2217 2068 Hujusmodi
2275 2003 2629 2060 rationabiles
2681 2019 2876 2059 cervos
2927 2017 3232 2074 praeparare
3282 1997 3469 2053 Domi-

1887 2108 1990 2146 nus
2016 2092 2218 2147 dicitur
2251 2093 2307 2148 in
2340 2095 2600 2150 vicesimo
2617 2104 2810 2150 octavo
2841 2095 3074 2165 psalmo,
3119 2093 3196 2148 sic
3229 2091 3464 2146 ferente:

1897 2182 2009 2236 Vua:
2033 2182 2248 2237 Domini
2275 2200 2586 2254 pra’parans
2627 2202 2803 2239 cervos
2833 2186 2901 2241 “.

1968 2271 2033 2326 lli
2070 2275 2252 2344 itaque
2283 2277 2451 2339 cervi,
2481 2277 2627 2331 fonte
2658 2283 2880 2346 propter
2926 2274 3244 2344 iniquitates
3285 2268 3466 2341 p0puli

1885 2373 1938 2420 et
1969 2368 2312 2423 aversionem
2355 2368 2451 2424 Dei
2473 2369 2780 2432 deﬁciente,
2815 2367 2958 2439 apud
2994 2369 3201 2438 seipsos
3233 2365 3468 2429 ﬁebant,

1884 2464 1940 2510 et
1972 2457 2232 2529 lacrymis
2264 2460 2382 2516 suis
2419 2476 2519 2531 pro
2567 2461 2692 2516 cibo
2723 2443 2829 2518 usi.
2863 2467 3022 2514 nocte
3063 2459 3257 2528 dieque
3285 2456 3474 2527 perni-

1884 2547 2020 2603 ciem
2053 2551 2235 2620 populi
2284 2551 2545 2622 lugebant
2575 2594 2591 2620 ,
2649 2568 2713 2608 ac
2742 2551 3145 2608 conﬁtebantur
3197 2568 3256 2607 se
3282 2552 3470 2616 sitire,

1886 2657 1992 2696 non
2018 2659 2245 2714 corpore
2273 2643 2491 2714 quidem
2523 2653 2577 2700 et
2604 2661 2795 2709 carne,
2833 2645 3139 2715 voluptates
3175 2645 3310 2714 ipsis
3341 2660 3474 2698 con-

1885 2741 2178 2802 gruentes;
2214 2734 2309 2789 sed
2343 2734 2461 2804 ipsa
2497 2737 2680 2790 anima
2708 2735 3009 2790 secundum
3049 2732 3433 2805 Symmachum
3455 2775 3470 2800 ,

1885 2841 2192 2894 progressus
2223 2826 2292 2879 ad
2321 2826 2493 2880 Deum
2517 2827 2794 2884 desiderio
2817 2842 2882 2880 ac
2911 2825 3167 2896 cupidine
3193 2827 3366 2880 teneri
3390 2825 3474 2880 di-

1888 2916 2049 2970 citur.
2083 2914 2264 2980 Quare
2297 2916 2590 2975 dicebant.
2641 2918 2718 2970 ita
2750 2916 3020 2970 desiderat
3043 2916 3225 2969 anima
3254 2932 3375 2969 mea
3405 2917 3474 2968 ad

1891 3014 1957 3070 te,
1991 3004 2163 3071 Deus;
2212 3022 2275 3063 ac
2329 3023 2576 3066 rursm";
2593 3004 2764 3061 Sitivit
2789 3008 2969 3062 anima
3035 3023 3155 3062 mea
3201 3007 3270 3061 ad
3307 3006 3480 3064 Deum

1889 3098 2084 3167 [artem
2136 3101 2328 3154 vivum.
2365 3099 2565 3154 Vivere
2613 3099 2815 3171 quippe
2870 3098 3161 3154 Dominum
3212 3110 3478 3154 noverant

1891 3191 2188 3246 secundum
2224 3189 2357 3244 illud
2384 3209 2396 3244 :
2430 3190 2590 3246 Solus
2607 3190 2802 3246 habens
2833 3191 3286 3246 immortalitatem
3314 3193 3388 3257 ³’;
3411 3208 3474 3248 ac

1892 3283 2068 3336 solum
2133 3299 2299 3352 penes
2355 3299 2414 3339 se
2463 3285 2632 3339 vitam
2690 3285 2890 3340 habere
2943 3283 3248 3339 secundum
3298 3284 3471 3339 illud:

1893 3371 2156 3438 Quoniam
2181 3374 2322 3444 apud
2342 3386 2389 3430 te
2409 3385 2488 3430 est
2509 3375 2630 3446 {una
2653 3377 2774 3432 vita:
2796 3377 2863 3430 ³³.
2887 3377 3065 3448 Atque
3092 3377 3206 3432 haec
3235 3385 3318 3432 est
3337 3393 3477 3447 aqua

1889 3467 2032 3524 viva.
2084 3466 2438 3523 Postmodum
2469 3479 2651 3524 autem
2688 3467 2812 3524 fons
2847 3471 2937 3526 ille
2966 3487 3066 3542 pro
3102 3472 3241 3526 votis
3267 3485 3332 3526 ac
3357 3486 3481 3541 pre-

1890 3561 2045 3615 cibus
2079 3562 2467 3632 pmpbetarum
2509 3565 2823 3618 emanavit:
2862 3564 2977 3633 ipse
3007 3579 3245 3633 namque
3279 3562 3477 3618 Serva-

1889 3659 1976 3705 tor
2009 3651 2323 3707 hominibus
2355 3668 2412 3707 se
2447 3652 2802 3722 praebiturum
2835 3667 2962 3706 esse
3007 3653 3197 3707 docuit
3233 3653 3318 3707 his
3351 3666 3477 3707 vcr-

1888 3742 1972 3796 bis
1999 3761 2012 3796 '.
2053 3741 2157 3807 Qui
2189 3742 2374 3796 biberit
2403 3757 2468 3796 ea:
2497 3759 2638 3812 aqua
2667 3759 2827 3812 quam
2873 3759 2964 3812 ego
3017 3742 3155 3796 dabo
3184 3743 3254 3803 ei,
3287 3743 3374 3810 [iet
3422 3742 3479 3794 in

1889 3851 1948 3889 eo
1980 3836 2098 3904 fons
2129 3850 2281 3904 aqua:
2316 3829 2444 3888 vim?!
2498 3834 2738 3888 salientis
2791 3833 2846 3886 in
2903 3833 3063 3886 vitam
3104 3840 3357 3888 cateruam
3398 3830 3478 3898 “;

1890 3935 1944 3982 et
1972 3941 2190 3981 rursum
2217 3945 2230 3980 :
2269 3925 2330 3981 Si
2355 3925 2471 3996 quis
2496 3926 2634 3989 sitit,
2675 3926 2849 3992 veniat
2881 3923 2949 3978 ad
2984 3941 3063 3979 me
3087 3933 3136 3979 et
3165 3923 3327 3977 bibat.
3374 3919 3480 3986 Qui

1890 4019 2053 4074 credit
2074 4013 2128 4074 iit
2151 4037 2253 4085 me,
2290 4020 2427 4074 sicut
2451 4017 2588 4072 dixit
2619 4016 2925 4086 Scriptura,
2951 4019 3174 4087 ﬂumina
3209 4017 3272 4070 de
3308 4025 3482 4070 ventre

1889 4113 2003 4181 ejus
2032 4114 2196 4183 ﬂuent
2230 4130 2380 4184 aqua:
2408 4114 2534 4167 viva:
2565 4111 2634 4170 ³⁸.
2661 4110 3023 4182 Propheticus
3053 4112 3239 4181 itaque
3277 4111 3481 4164 chorus

1890 4207 1994 4261 hoc
2023 4208 2264 4277 potionis
2296 4223 2470 4278 genus
2517 4206 2712 4263 sitiens
2765 4206 3018 4272 dicebat,
3081 4205 3243 4260 sitivit
3297 4206 3480 4258 anima

1889 4315 2002 4352 mea
2031 4297 2100 4352 ad
2141 4299 2306 4354 Deum
2337 4299 2527 4371 fortem
2562 4300 2727 4352 vivum
2754 4313 2774 4364 ;
2806 4305 2880 4363 et,
2911 4297 3119 4367 quando
3173 4297 3378 4352 veniam
3427 4305 3477 4351 et

1890 4391 2146 4460 apparebo
2173 4401 2294 4446 ante
2320 4391 2509 4462 faciem
2548 4390 2690 4447 Dei?
2716 4391 2852 4445 Cum
2893 4405 2952 4446 se
2999 4404 3235 4459 namque
3268 4404 3298 4443 a
3346 4403 3480 4443 con-

1890 4485 2240 4556 templatione
2269 4486 2361 4539 illa
2392 4484 2487 4541 Dei
2533 4485 2671 4540 facie
2700 4485 2768 4538 ad
2800 4483 2996 4538 faciem
3043 4482 3233 4553 procul
3269 4483 3480 4552 positos

207 4569 507 4637 προσώπῳ
541 4569 649 4624 τοῦ
683 4569 865 4632 Θεοῦ;
901 4571 1165 4640 Ὁρῶντες
1191 4569 1300 4642 γὰρ
1317 4572 1542 4636 ἑαυτοὺς
1572 4574 1785 4646 μακρὰν

1893 4587 2202 4646 cernerent,
2241 4579 2356 4634 haec
2399 4577 2767 4649 proferebant.
2807 4575 2913 4631 Sed
2947 4576 3108 4630 etiam
3138 4575 3489 4629 advertentes.

209 4661 550 4733 ὑπάρχοντας
569 4662 668 4732 τῆς
689 4661 979 4732 πρόσωπον
1021 4662 1157 4734 πρὸς
1194 4663 1483 4734 πρόσωπον
1526 4664 1654 4728 θέας
1694 4664 1787 4718 τοῦ

215 4753 365 4818 θεοῦ,
391 4753 566 4808 ταῦτα
611 4754 814 4823 ἔλεγον.
873 4753 1036 4809 Ἀλλὰ
1071 4756 1167 4808 καὶ
1213 4756 1662 4827 συναισθόμενοι,
1713 4757 1789 4821 ὠς

212 4845 559 4915 ἀπέστραπτο
593 4844 684 4896 τὸν
717 4843 846 4897 λαὸν
871 4843 929 4898 τὸ
957 4842 1050 4897 τοῦ
1080 4843 1215 4897 Θεοῦ
1258 4843 1580 4916 πρόσωπον,
1609 4844 1789 4898 οὐκέτ’

210 4938 404 5001 αὐτοὺς
451 4939 798 5009 ἐπισκοπεῖὴ
826 4937 1053 4991 πάντοτε
1105 4937 1361 5008 πρόνοιαν
1388 4936 1566 4992 αὑτῶν
1606 4955 1789 4991 ποιου-

213 5030 345 5101 μένη
372 5029 618 5100 δύναμις,
640 5029 979 5102 ἀπεθρήνουν
1004 5029 1102 5101 μὲν
1121 5029 1220 5101 τὴν
1241 5029 1334 5083 ἐπὶ
1354 5029 1456 5100 γῆς
1481 5028 1785 5100 διατριϐὴν,

207 5122 372 5191 εὐχὴν
392 5121 434 5174 δ’
464 5121 702 5175 ἐτίθεντο
722 5122 1068 5195 παραστῆναι
1095 5139 1225 5176 ποτε
1259 5122 1336 5194 τῷ
1379 5121 1656 5194 προσώπῳ
1692 5121 1786 5175 τοῦ

207 5211 371 5264 θεοῦ·
430 5211 512 5264 διὸ
562 5212 771 5281 ἔλεγοψ
802 5214 954 5267 Πότε
1000 5213 1144 5281 ἥξω,
1175 5213 1274 5268 καὶ
1327 5213 1667 5283 ὀφθήσομαι
1707 5210 1788 5277 τῷ

207 5301 504 5370 προσώπῳ
530 5303 637 5358 τοῦ
670 5306 854 5370 Θεοῦ;
882 5304 1090 5376 Πολλῆς
1109 5306 1168 5357 δὲ
1189 5307 1450 5377 γέμοντες
1475 5306 1788 5377 παρρησίας

207 5401 301 5452 καὶ
327 5401 683 5472 συνειδήσεως
719 5401 930 5471 ἀγαθῆς
964 5400 1239 5463 τοιαύταις
1277 5399 1515 5472 ἐχρῶντο
1559 5401 1784 5469 φωναῖς.

220 5489 308 5555 Ὡς
329 5492 439 5564 γὰρ
461 5493 570 5547 ὅλοι
595 5493 770 5548 διόλου
811 5492 908 5557 τὰς
934 5491 1111 5564 ψυχὰς
1132 5493 1304 5561 ὑγιεῖς
1325 5493 1418 5545 καὶ
1449 5491 1651 5554 παντὸς
1682 5489 1795 5562 μώ-.

280 5650 325 5682 ³⁸
364 5649 508 5705 Psal.
545 5666 678 5704 xm!
740 5651 793 5703 6.
869 5652 913 5685 ”
951 5649 1108 5706 Cant.
1147 5664 1218 5711 ιι,
1249 5649 1304 5710 9.
1338 5650 1426 5705 17.
1503 5649 1549 5682 ³ο
1593 5649 1689 5705 Iob
1722 5653 1920 5719 xxxix,
1959 5653 2009 5708 1.

216 5724 483 5790 suum.
545 5721 954 5787 "Joan.|v,i3,
995 5721 1072 5775 14.
1151 5722 1195 5754 ³⁸
1232 5720 1389 5778 .Ioan.
1426 5722 1633 5789 “1,57,
1668 5723 1736 5778 58
1774 5765 1788 5779 .

281 5863 356 5928 (ii
390 5861 550 5919 Forte
585 5861 938 5928 ὲπιστάξασα.

1895 4683 2146 4724 aversum
2184 4685 2307 4726 esse
2341 4669 2434 4723 Dei
2463 4668 2674 4723 vultum
2706 4683 2736 4721 a
2779 4665 3004 4736 populo,
3040 4680 3217 4733 neque
3243 4664 3480 4720 ulterius

1894 4760 2042 4815 illam
2094 4761 2449 4832 providentiae
2489 4761 2600 4814 vim
2657 4758 2761 4829 ipsi
2813 4757 3168 4828 prospicere,
3224 4757 3484 4827 lugebant

1893 4865 2025 4907 sane
2059 4851 2128 4908 de
2178 4868 2277 4908 sua
2324 4853 2380 4906 in
2435 4851 2599 4907 terris
2656 4849 3132 4914 commoratione,
3185 4865 3482 4921 precesque

1892 4941 2191 4998 fundebant
2259 4951 2319 4998 ut
2375 4941 2674 5013 aliquando
2730 4941 2906 4995 vultui
2961 4940 3057 4997 Dei
3115 4941 3477 4998 sisterentur:

1893 5035 2248 5107 quamobrem
2279 5036 2536 5092 dicebant
2567 5056 2580 5092 :
2621 5036 2848 5104 Quando
2895 5038 3097 5092 ueniant
3146 5043 3196 5090 et
3225 5032 3489 5102 apparebo

1895 5135 2016 5180 ante
2061 5125 2252 5196 faciem
2285 5126 2424 5182 Dei?
2452 5128 2588 5184 Cum
2617 5138 2794 5184 autem
2833 5128 3028 5184 ﬁducia
3061 5135 3114 5182 et
3143 5126 3480 5182 conscientia

1895 5217 2040 5270 bona
2076 5218 2218 5286 pleni
2250 5224 2472 5286 essent,
2510 5217 2824 5288 hujusmodi
2880 5218 3109 5275 vocibus
3166 5218 3480 5272 utebantur.

1894 5307 2030 5364 Nam
2064 5318 2252 5382 utpote
2312 5312 2494 5366 anima
2555 5328 2781 5383 prorsus
2839 5328 2970 5368 sana
3033 5311 3281 5381 praediti,
3321 5321 3489 5378 atque

1893 5403 2044 5457 omni
2111 5405 2290 5474 culpa,
2320 5405 2441 5460 labe
2487 5420 2551 5460 ac
2596 5404 2844 5462 foeditate
2881 5405 3142 5475 purgati,
3182 5403 3355 5458 vultui
3395 5401 3486 5454 Dei

1895 5496 2017 5553 sisti
2046 5497 2334 5569 rogabant.
2371 5498 2632 5555 Peccator
2669 5514 2797 5554 vero
2819 5500 2980 5553 talem
3011 5497 3219 5551 vultum
3264 5492 3485 5563 refugit,

2090 5654 2289 5712 “Psal.
2329 5657 2585 5724 xxvnt,9.
2663 5655 2706 5688 ³³
2746 5652 2765 5707 1
2802 5653 2943 5708 Tim.
2979 5667 3053 5716 vl,
3090 5649 3174 5705 16.
3254 5648 3296 5680 ³³
3336 5647 3481 5704 Psal.
