4010 6544
522 383 622 439 37!

1185 386 1453 443 EUSEBII
1491 386 1966 444 CESARIENSIS
1999 385 2151 444 OPP.
2193 387 2374 443 PARS
2405 387 2493 443 ΙΙΙ.
2533 418 2604 429 -—
2639 387 3051 445 EXEGETICA.

3693 387 3804 444 '57:!

525 520 592 558 ac
633 504 882 563 oratione
911 514 967 562 et
1011 506 1408 577 supplicatione
1461 523 1561 563 sua
1617 507 1811 563 abnuit
1865 508 2101 564 dicens:

2227 526 2314 562 LOU
2339 509 2435 562 καὶ
2464 507 2674 574 σπίλου,
2696 509 2790 562 καὶ
2813 509 3088 581 μολυσμοῦ
3116 507 3536 580 κεκαθαρμένοι,
3566 509 3805 578 ὀφθῆναι

527 599 721 654 Averts
745 599 934 670 facient
962 607 1107 652 tuam
1131 616 1164 653 α
1187 599 1414 670 peccatis
1444 601 1572 655 meis
1594 602 1660 656 ".

2217 600 2402 670 ἠξίουν
2427 599 2507 670 τῷ
2532 600 2810 672 προσώπῳ
2829 599 2924 654 τοῦ
2945 600 3102 654 Θεοῦ.
3137 601 3196 654 '0
3217 601 3275 654 δὲ
3298 601 3628 672 ἁμαρτάνων
3667 601 3805 669 φεύ-

528 704 617 755 γει
641 689 703 744 τὸ
728 691 1038 761 πρόσωπον,
1063 691 1155 744 καὶ
1176 694 1523 763 παραιτεῖται
1545 693 1613 747 δι’
1649 693 1816 764 εὐχῆς
1856 695 1951 747 καὶ
1989 693 2271 766 ἱκετηρίας
2295 692 2496 763 λέγων’
2534 693 2936 762 Ἀπόστρεψον
2953 693 3017 747 τὸ
3043 693 3366 761 πρόσωπόν
3392 710 3508 747 σου
3530 691 3651 751 ἀπὸ
3682 692 3807 745 τῶν

527 780 830 850 ἁμαρτιῶν
851 800 990 852 μου.

603 875 740 930 Cum
792 885 1006 932 terrena
1058 879 1243 934 omnia
1277 888 1660 947 aversaretur,
1711 881 1781 937 ab
1831 879 2112 936 humanis-

533 983 638 1037 que
665 969 920 1026 omnibus
969 971 1347 1042 voluptatibus
1403 973 1764 1038 abhorreret,
1819 974 1937 1030 solo
1972 987 2112 1044 pane

531 1076 631 1131 pro
664 1063 1009 1131 necessitate,
1041 1080 1218 1136 eoque
1238 1065 1496 1138 lacrymis
1531 1067 1767 1124 admisto
1793 1074 1952 1122 utens
1972 1105 1988 1132 ,
2035 1064 2110 1119 ita

531 1155 679 1211 fatur
713 1177 727 1213 :

606 1245 770 1305 Vens.
803 1248 920 1308 4-8.
963 1248 1202 1306 Fuerunt
1228 1251 1357 1306 mihi
1387 1251 1637 1322 lacrymw
1659 1267 1787 1306 mete
1833 1266 1996 1321 panes
2030 1247 2114 1304 die

2291 877 2476 933 Πάντα
2530 878 2596 932 τὰ
2655 879 2746 932 ἐπὶ
2779 877 2883 950 γῆς
2923 878 3416 950 ἀποστρεφόμενος,
3469 882 3564 937 καὶ
3619 885 3806 940 πᾶσαν

2217 969 2430 1042 τρυφὴν
2472 969 2573 1042 τὴν
2618 971 2678 1023 ἐν
2729 969 3035 1042 ἀνθρώποις
3068 969 3513 1042 βδελυττόμενος,
3557 977 3708 1047 μόνῳ
3745 979 3807 1030 δὲ

2217 1063 2367 1134 ἄρτῳ
2399 1061 2712 1132 ἐπάναγκες
2732 1062 3032 1135 χρώμενος,
3057 1063 3151 1117 καὶ
3167 1063 3338 1134 τούτῳ
3363 1065 3501 1136 μετά
3524 1067 3801 1140 δακρύων,

2215 1153 2361 1222 ἐρεῖ·

2295 1245 2582 1316 Ἐγενήθη
2635 1243 2708 1299 τὰ
2760 1245 2995 1314 δάκρυά
3044 1265 3168 1316 μου
3214 1247 3395 1318 ἄρτος
3422 1265 3520 1317 μοι
3567 1248 3802 1317 ἡμέρας

531 1359 594 1396 ac
619 1353 786 1397 nocte.
819 1341 1180 1414 Pr0pheticus
1209 1355 1392 1400 autem
1443 1345 1684 1408 chorus,
1735 1358 1863 1398 cum
1901 1343 2113 1396 vultum

2227 1341 2318 1392 καὶ
2350 1338 2591 1405 νυκτός.
2640 1337 2698 1392 '0
2731 1337 2788 1391 δὲ
2814 1338 2921 1392 τῶν
2953 1340 3246 1412 προφητῶν
3279 1339 3454 1412 χορὸς,
3494 1341 3615 1392 ἐπεὶ
3650 1341 3800 1412 ἐώρα

531 1433 629 1489 Dei
662 1443 912 1491 cerneret
959 1436 1030 1493 ab
1073 1437 1334 1492 universo
1364 1437 1565 1506 popqu
1606 1450 1882 1501 aversum,
1915 1434 2123 1488 multo-

532 1543 761 1599 rumque
787 1525 1108 1599 pernicicm,
1140 1545 1297 1586 suam
1321 1545 1448 1586 esse
1491 1528 1860 1585 calamitatem
1913 1537 2069 1582 ratus
2098 1565 2115 1590 ,

533 1625 739 1679 luctum
761 1637 864 1693 pro
889 1622 1146 1680 omnibus
1183 1623 1552 1694 suscipiebat:
1590 1632 1753 1692 atque
1808 1620 1886 1674 illi
1929 1619 2110 1674 homi-

533 1728 631 1768 nes
670 1713 766 1768 Dei
805 1713 862 1768 in
908 1719 1123 1798 tantum
1182 1713 1492 1770 alﬂictionis
1544 1715 1826 1769 cumulum
1883 1712 2117 1767 devene-

2219 1430 2282 1482 τὸ
2326 1430 2618 1502 πρόσωπον
2650 1430 2741 1484 τοῦ
2773 1429 2906 1484 Θεοῦ
2934 1431 3283 1503 ἀποστραφέν
3311 1431 3490 1485 πάντα
3521 1432 3612 1485 τὸν
3642 1432 3800 1496 λαὸν,

2221 1521 2319 1594 τὴν
2350 1523 2459 1577 τῶν
2488 1522 2696 1577 πολλῶν
2721 1521 2996 1577 ἀπώλειαν
3022 1524 3215 1578 ἐαυτοῦ
3241 1520 3380 1578 εἶναι
3413 1523 3614 1596 ζημίαν
3634 1525 3804 1595 ἡγοῦ.

2224 1632 2406 1686 μενος,
2432 1616 2558 1679 τοὺς
2589 1615 2730 1688 ὑπὲρ
2762 1615 3017 1670 ἁπάντων
3071 1617 3354 1688 ἀνεδέχετο
3404 1617 3635 1689 θρήνους
3655 1635 3670 1646 ·
3728 1620 3806 1681 είς

2222 1703 2475 1758 τοσοῦτον
2516 1704 2573 1758 δέ
2603 1704 2877 1758 ἐπέτεινον
2918 1705 3015 1776 τὴν
3047 1706 3420 1760 κακοπάθειαν
3460 1709 3511 1761 οἱ
3540 1706 3637 1760 τοῦ
3666 1708 3805 1761 Θεοῦ

533 1811 683 1870 runt,
707 1813 769 1859 ut
801 1797 1038 1876 propriis
1068 1805 1331 1877 lacrymis
1385 1806 1683 1870 alerentur,
1711 1820 1776 1859 ac
1802 1805 1893 1860 die
1922 1814 2120 1860 noctu-

2227 1797 2521 1870 ἂνθρωποι,
2561 1797 2636 1861 ὡς
2666 1800 2782 1862 τοῖς
2812 1798 3072 1866 δάκρυσιν
3132 1800 3338 1855 ἑαυτῶν
3381 1801 3681 1872 τρέφεσθαι
3715 1802 3808 1854 καὶ

534 1913 662 1966 que,
690 1897 773 1952 vel
804 1897 982 1967 ipsum
1023 1912 1220 1966 panem
1254 1913 1474 1955 sumere
1522 1899 1864 1964 abnuentes,
1901 1899 1996 1953 uni
2024 1899 2120 1954 [lea

534 1989 609 2044 tui
662 1995 938 2045 vacarent.
996 1986 1124 2044 Haec
1178 2005 1344 2060 porro
1387 1999 1501 2046 tum
1548 1991 1788 2046 maxime
1847 1990 2118 2062 agebant,

532 2080 755 2151 haecque
803 2080 1173 2152 patiebantur,
1204 2097 1326 2136 cum
1381 2081 1638 2152 populum
1661 2121 1677 2144 ,
1721 2096 1786 2136 ac
1815 2082 2118 2151 praesertim

533 2175 728 2244 impios
756 2191 880 2230 cum
921 2175 1014 2229 illo
1041 2183 1351 2238 versantes,
1385 2175 1502 2229 haec
1531 2173 1780 2229 dicentes
1819 2172 2073 2228 audirent
2102 2195 2116 2229 :

537 2264 638 2326 Ubi
675 2275 752 2322 est
794 2265 936 2320 Deus
982 2267 1151 2322 tuus?
1197 2264 1383 2335 Neque
1421 2265 1567 2320 enim
1602 2265 1810 2319 inimici
1841 2275 1895 2320 et
1927 2265 2122 2320 adver-

534 2358 663 2413 surii
696 2365 853 2413 erant
885 2357 978 2428 qui
1009 2358 1125 2415 haec
1149 2357 1395 2428 quotidie
1425 2357 1704 2420 dicerent,
1741 2355 1836 2410 sed
1878 2363 1940 2409 ut
1971 2355 2118 2411 veri-

533 2450 712 2506 simile
739 2458 844 2514 est,
869 2433 1176 2506 inlidelcse
1215 2450 1440 2520 populo,
1484 2449 1578 2520 qui
1631 2449 1925 2520 prophetas
1962 2448 2120 2519 quasi

535 2542 737 2596 frustra
760 2541 927 2596 Deum
956 2541 1198 2597 colentes
1227 2548 1283 2597 et
1325 2541 1605 2595 incassum
1650 2541 1968 2596 laborantes
2025 2555 2122 2594 co-

533 2633 835 2704 arguebant
891 2648 956 2688 ac
991 2633 1248 2690 dicebant
1291 2635 1416 2690 eis:
1477 2633 1577 2688 Ubi
1630 2642 1710 2689 est
1770 2634 1914 2690 Deus
1953 2637 2121 2690 tuus?

531 2724 664 2792 Quae
688 2742 816 2780 cum
846 2726 951 2796 ipsi
987 2741 1018 2779 a
1052 2726 1314 2782 fratribus
1337 2765 1355 2790 ,
1388 2727 1819 2796 consanguineis
1867 2735 1922 2781 et
1962 2725 2118 2780 fami-

531 2817 760 2873 liaribus
805 2817 1091 2882 audirent,
1143 2818 1350 2874 luctum
1387 2819 1662 2889 augebant
1696 2834 1857 2875 suum
1890 2837 1903 2874 :
1951 2834 2122 2890 quare

531 2908 686 2962 aiunt
735 2925 749 2962 :
786 2907 916 2964 Ila'c
952 2906 1257 2962 recordatus
1305 2925 1458 2974 sum,
1509 2920 1559 2963 et
1586 2909 1749 2979 effudi
1777 2911 1834 2964 in
1870 2926 1952 2964 me
1998 2910 2120 2964 ani-

529 3015 672 3052 mum
731 3015 922 3055 meam.
975 2998 1162 3072 Neque
1221 3000 1369 3056 enim
1414 3001 1884 3070 perturbationem
1942 3017 2119 3057 meam

529 3092 875 3146 cxxrinsecus
906 3093 1148 3162 protuli;
1191 3091 1286 3147 sed
1319 3092 1471 3148 intus
1511 3093 1568 3144 in
1605 3093 1787 3146 anima
1816 3107 1938 3148 mea
1965 3091 2122 3147 dolo-

533 3195 647 3234 rem
695 3181 1037 3234 occullabam
1090 3181 1146 3234 in
1182 3181 1392 3250 meipso
1421 3181 1706 3236 confusus.
1748 3181 1937 3237 Simile
1984 3183 2116 3253 quid
2146 3165 2188 3223 (ί

532 3287 732 3340 passus
762 3271 1060 3341 Apostolus
1086 3271 1340 3326 dicebat:
1379 3270 1483 3326 Sed
1517 3273 1620 3342 ipsi
1651 3275 1706 3328 in
1727 3272 2118 3342 nobismetipsis

534 3382 842 3434 responsum
891 3368 1074 3420 mortis
1131 3365 1409 3421 habuimus
1463 3367 1532 3423 ⁸⁷.
1597 3367 1689 3424 Sic
1741 3370 1925 3440 itaque
1971 3386 2120 3426 nunc

532 3461 698 3513 etiam
726 3458 891 3528 eﬂudi
919 3459 973 3512 in
1004 3477 1084 3514 me
1114 3462 1348 3515 animam
1386 3478 1580 3526 meam,
1614 3460 1888 3531 inquiunt.
1929 3461 2119 3519 Perle-

533 3552 608 3604 cti
639 3558 820 3605 autem
849 3551 951 3607 viri
974 3559 1058 3607 est
1077 3552 1207 3606 talia
1228 3552 1378 3608 eﬂ‘ari
1405 3569 1592 3623 posse.

604 3729 741 3783 Cum
773 3728 810 3782 ii
835 3729 1232 3800 exprobrantes
1255 3729 1388 3786 mihi
1417 3730 1664 3786 dicerent
1692 3749 1705 3785 :
1747 3729 1847 3784 Ubi
1868 3740 1946 3786 est
1977 3730 2122 3785 Deus

536 3824 699 3878 tuus?
735 3821 923 3879 dolore
970 3825 1253 3896 pungebar
1309 3824 1603 3894 animoque
1649 3831 1883 3879 mmstus
1929 3838 2118 3886 eram,

535 3915 819 3981 perculsus
851 3915 1145 3986 impiorum
1171 3917 1376 3972 verbis.
1405 3916 1664 3970 Attamen
1709 3916 1762 3968 iu
1795 3915 2122 3985 memetipso

533 4009 892 4078 cogitationes
914 4011 1262 4065 continebam
1291 4025 1462 4073 meas,
1495 4016 1555 4064 ut
1594 4023 1662 4064 ne
1682 3991 1995 4063 ellunderer
2025 4025 2123 4064 ex-

536 4099 728 4164 terius,
759 4115 865 4155 neu
887 4116 1010 4156 mea
1031 4103 1085 4155 in
1118 4100 1226 4157 Deo
1253 4102 1495 4172 reposita
1519 4117 1616 4171 spe
1650 4099 1978 4155 exciderem.
2013 4100 2124 4154 Mc-

537 4189 768 4243 moriam
818 4191 1021 4261 quippe
1079 4200 1330 4262 paratum
1375 4193 1507 4246 mihi
1561 4193 1720 4248 linem
1775 4193 2116 4262 repetebam,

535 4297 642 4347 qua
674 4295 780 4335 non
803 4281 1121 4351 ignorabam
1158 4284 1289 4339 illud
1311 4283 1355 4314 ³⁸
1398 4301 1413 4338 :
1449 4286 1610 4338 Beati
1651 4286 1740 4356 qui
1769 4284 1963 4354 lugent,
1995 4301 2124 4354 quo-

536 4375 682 4428 uiam
706 4375 810 4444 ipsi
832 4376 1267 4430 consolabuntur.
1297 4377 1566 4443 Quocirca
1614 4393 1739 4432 cum
1789 4378 1956 4449 probe
1994 4393 2125 4433 nos--

537 4483 674 4530 sem.
703 4471 951 4538 quoniam
983 4479 1106 4540 post
1129 4470 1269 4525 hanc
1300 4471 1578 4528 tristitiam
1609 4471 1845 4526 transibo
1875 4472 1929 4525 in
1951 4472 2123 4524 locum
2155 4509 2201 4564 Ι)

538 4559 864 4615 tabernaculi
915 4562 1248 4616 admirabilis
1289 4580 1450 4635 usque
1497 4563 1567 4618 ad
1620 4564 1838 4619 domum
1870 4563 2009 4627 Dei,
2067 4565 2122 4616 in

537 4669 656 4707 once
678 4654 1052 4708 exsultationis
1073 4663 1123 4709 et
1152 4655 1498 4726 confessionis
1531 4659 1650 4712 soni
1679 4658 1942 4720 opulentis
1966 4674 1984 4720 ;
2013 4657 2122 4712 liam

537 4747 845 4802 recordatus
875 4766 992 4803 sum
1018 4766 1037 4803 :
1073 4764 1248 4820 neque
1292 4765 1389 4820 spe
1424 4765 1544 4805 mea
1579 4750 1817 4813 excidit,
1851 4750 1946 4805 sed
1979 4751 2120 4805 intra

539 4837 810 4906 meipsum
840 4839 1004 4907 e/fudi
1041 4841 1274 4894 animam
1304 4857 1496 4895 meam.
1530 4840 1594 4894 Et
1626 4841 1752 4910 quia
1805 4842 1967 4896 talem
2017 4841 2122 4896 sibi

541 4943 693 4998 spem
723 4931 1071 4999 ascripserat.
1099 4932 1222 4999 jure
1247 4947 1312 4987 ac
1332 4934 1529 4989 merito
1559 4933 1675 5002 ipse
1711 4933 1817 4988 sibi
1857 4933 2121 4990 medelam

540 5021 791 5076 admovet
833 5021 919 5077 his
955 5025 1137 5079 verbis
1172 5044 1184 5078 :
1219 5025 1397 5091 Quare
1451 5027 1622 5080 tristis
1653 5043 1728 5087 es.
1764 5028 1944 5081 anima
1973 5044 2118 5092 mea,

538 5121 588 5166 et
617 5129 778 5180 quare
803 5114 1088 5168 conturbas
1118 5133 1198 5170 me
1220 5119 1244 5170 Ρ
1274 5116 1441 5184 Spera
1459 5120 1512 5171 in
1532 5118 1666 5182 Deo,
1686 5121 1932 5188 quoniam
1952 5119 2125 5173 adhuc

539 5206 825 5275 conﬁtebor
853 5207 954 5270 illi,
977 5209 1214 5262 salutare
1264 5210 1437 5263 vultus
1491 5212 1591 5264 mei
1641 5221 1691 5266 et
1735 5211 1877 5266 Deus
1933 5228 2121 5266 meus:

2223 1890 2314 1943 διά
2353 1891 2536 1960 πάσης
2577 1890 2789 1963 ἡμέρας
2814 1890 2909 1944 καὶ
2942 1891 3135 1955 νυκτὸς
3159 1894 3542 1965 παραιτεῖσθαι
3579 1895 3679 1964 μὲν
3715 1897 3806 1948 καὶ

2223 1982 2382 2037 αὑτὸν
2401 1983 2492 2037 τὸν
2523 1983 2707 2054 ἄρτον,
2735 1983 2881 2053 μόνῳ
2905 1983 2962 2036 δὲ
2980 1983 3056 2054 τῷ
3076 1984 3338 2057 κλαυθμῷ
3362 1986 3668 2058 σχολάζειν.
3695 1989 3807 2042 Μά-

2221 2076 2380 2130 λιστα
2402 2076 2458 2129 δέ
2483 2075 2633 2131 ταῦτ’
2671 2076 2939 2148 ἔπραττον
2987 2077 3078 2129 καλ¹
3101 2078 3251 2132 ταῦτ’
3285 2079 3540 2151 ἔπασχον,
3581 2082 3807 2136 ἀκούον-

2221 2185 2310 2231 τες
2336 2168 2498 2222 αὑτοῦ
2531 2167 2624 2220 τοῦ
2665 2167 2795 2222 λαοῦ
2820 2209 2834 2230 ,
2871 2167 3071 2238 μᾶλλον
3112 2170 3168 2222 δὲ
3198 2169 3304 2223 τῶν
3347 2170 3559 2224 ἀσεϐῶν
3589 2171 3701 2224 τῶν
3751 2175 3809 2225 ἐν

2221 2261 2370 2332 αὐτῷ
2400 2261 2694 2330 λεγόντων·
2727 2261 2850 2315 Ποῦ
2878 2261 3049 2316 ἐστιν
3072 2265 3105 2316 ό
3130 2263 3273 2329 Θεός
3296 2279 3446 2328 σου;
3481 2264 3554 2317 Οὐ
3583 2265 3697 2336 γὰρ
3717 2265 3807 2334 δή·

2221 2370 2325 2405 που
2341 2354 2390 2406 οἱ
2411 2352 2595 2424 ἐχθροὶ
2615 2353 2710 2405 καὶ
2729 2351 2976 2423 πολέμιοι
2999 2352 3118 2406 καθ’
3140 2353 3374 2424 ἑκάστην
3396 2353 3610 2426 ἡμέραν
3628 2355 3806 2409 ταῦτα

2221 2447 2407 2510 αὐτοῖς
2453 2445 2636 2514 ἔλεγον
2659 2461 2672 2475 ·
2702 2445 2818 2498 ἀλλ’
2848 2446 2993 2510 εἰκὸς
3016 2447 3144 2509 τοὺς
3173 2447 3230 2499 ἐν
3257 2446 3333 2517 τῷ
3357 2447 3499 2500 ἔθνει
3540 2448 3806 2512 ἀπίστους
3851 2452 3864 2466 ⁵

2221 2537 2296 2600 ὡς
2348 2536 2527 2608 μάτην
2581 2535 2963 2602 θεοσεϐοῦντας
2993 2537 3086 2590 καὶ
3134 2539 3252 2608 εἰκῆ
3301 2538 3635 2609 μοχθοῦντας
3679 2542 3804 2604 τοὺς

2223 2628 2510 2700 προφήτας
2549 2627 3010 2699 καταμέμφεσθαι
3056 2628 3152 2681 καὶ
3193 2627 3371 2697 λέγειν
3399 2630 3582 2692 αὐτοῖς
3606 2647 3619 2659 ·
3677 2631 3804 2684 Ποῦ

2221 2720 2390 2774 ἐστιν
2436 2723 2469 2774 ό
2499 2720 2644 2786 Θεός
2687 2734 2845 2783 σου;
2876 2720 2944 2771 "A
2966 2719 3030 2791 δὴ
3060 2719 3213 2788 παρὰ
3259 2719 3367 2773 τῶν
3412 2720 3659 2791 ἀδελφῶν
3711 2725 3804 2776 καὶ

2224 2812 2524 2882 συγγενῶν,
2553 2813 2647 2867 καὶ
2669 2812 2960 2886 γνωρίμων
2984 2811 3271 2876 ἀκούοντες
3289 2853 3304 2876 ,
3345 2813 3413 2866 τὰ
3448 2813 3541 2866 τοῦ
3568 2813 3806 2878 πένθους

2221 2908 2524 2962 ἐπέτεινον·
2556 2908 2636 2960 διό
2666 2925 2798 2978 φασι
2818 2926 2831 2939 ο
2866 2907 3055 2962 Ταῦτα
3074 2907 3418 2977 ἐμνήσθην,
3461 2909 3558 2962 καὶ
3588 2909 3803 2979 ὲξέχεα

2219 3000 2312 3053 ἐπ’
2339 3000 2444 3070 ἐμὲ
2491 3000 2605 3069 τὴν
2637 3000 2851 3070 ψυχήν
2884 3018 3025 3070 μου.
3074 3001 3148 3054 Ui:
3175 3000 3283 3073 γάρ
3308 3000 3413 3064 ἔξω
3433 3002 3531 3073 τὴν
3557 3003 3799 3073 ἐμαυτοῦ

2222 3093 2468 3163 ταραχὴν
2512 3089 2792 3162 ἐνέφαινον
2819 3135 2832 3158 ,
2862 3093 2976 3146 ἀλλ’
3002 3093 3150 3146 ἔνδον
3175 3095 3232 3146 ἐν
3277 3096 3342 3164 τῇ
3371 3093 3609 3164 ἐμαυτοῦ
3656 3095 3803 3166 ψυχῇ

2224 3182 2480 3255 κρύπτων
2505 3182 2602 3253 τὴν
2631 3184 2770 3254 ἐμὴν
2794 3182 3062 3254 ἀλγηδόνα
3089 3182 3181 3236 καὶ
3216 3185 3346 3255 παρ’
3397 3183 3617 3254 ἐμαυτῷ
3669 3201 3797 3254 συγ-

2222 3275 2498 3346 χεόμενος.
2532 3274 2784 3329 Τοιοῦτον
2808 3275 2862 3328 δέ
2891 3292 2944 3327 τι
2965 3273 3295 3336 πεπονθὼςὸ
3329 3274 3649 3339 Ἀπόστολος
3688 3276 3806 3328 ἐλε-

2223 3381 2350 3433 γεν·
2390 3366 2541 3420 Ἀλλ’
2567 3368 2735 3420 αὐτοὶ
2767 3367 2835 3419 ἐν
2859 3365 3096 3432 ἑαυτοῖς
3123 3365 3520 3436 τὸιάιτόκριμα
3551 3367 3662 3420 τοῦ
3700 3374 3804 3424 0a-

2223 3456 2410 3511 νάτου
2435 3458 2801 3528 ἐσχήκαμεν.
2827 3457 3017 3521 Οὕτως
3041 3453 3134 3511 οὖν
3164 3458 3260 3510 καὶ
3280 3457 3396 3522 νῦν,
3441 3457 3689 3527 Ἐξὲχεα
3711 3460 3804 3513 ἐπ’

2221 3549 2327 3620 ἐμὲ
2356 3551 2470 3620 τὴν
2505 3549 2718 3620 ψυχήν
2735 3568 2878 3620 μου,
2917 3551 3064 3620 φασί.
3093 3551 3311 3605 Τελείου
3345 3550 3388 3604 δ’
3411 3553 3527 3606 ἐστὶ
3555 3553 3618 3605 τὸ
3649 3553 3807 3607 δυνα-

2226 3643 2346 3698 σθαι
2368 3643 2527 3697 τοῦτο
2551 3644 2750 3713 λέγειν.

2295 3736 2575 3804 Λεγόντων
2625 3753 2736 3808 μοι,
2801 3737 2954 3809 φησὶ,
2988 3736 3096 3791 τῶν
3121 3735 3493 3801 ὀνειδιζόντων
3562 3750 3654 3801 με·
3681 3736 3807 3789 Ποῦ

2223 3828 2398 3881 ἐστιν
2446 3830 2479 3882 ό
2517 3829 2661 3894 980‘;-
2711 3844 2866 3892 σου;
2921 3827 3226 3900 ἐδακνόμην
3280 3829 3376 3899 μὲν
3404 3830 3469 3899 τῇ
3526 3826 3673 3899 λύπῃ
3713 3828 3806 3880 καὶ

2225 3916 2566 3988 ὐπερήλγουν
2600 3916 2698 3989 τὴν
2734 3916 2911 3988 ψυχὴν
2951 3917 3318 3989 πληττόμενος
3357 3917 3460 3970 ὑπὸ
3493 3916 3601 3969 τῶν
3635 3918 3806 3986 λόγων

2223 4009 2330 4062 τῶν
2363 4008 2594 4062 ἀσεϐῶν.
2622 4010 2811 4080 Ὅμως
2852 4009 2896 4062 δ’
2927 4005 3018 4063 οὖν
3053 4010 3110 4062 ἐν
3157 4008 3376 4080 ἐμαυτῷ
3408 4013 3654 4080 συνεῖχον
3681 4011 3807 4073 τοὺς
3900 4033 3912 4056 ι

2225 4101 2462 4173 ἐμαυτοῦ
2491 4102 2808 4173 λογισμοὺς,
2837 4103 2972 4173 πρὸς
3009 4103 3070 4155 τὸ
3101 4103 3175 4174 μὴ
3211 4101 3546 4174 προχυθῆναι
3577 4104 3674 4154 καὶ
3706 4103 3807 4173 τῆς

2227 4195 2594 4266 προκειμένης
2643 4211 2734 4265 μοι
2775 4193 2869 4246 τοῦ
2918 4194 3052 4247 Θεοῦ
3113 4197 3367 4248 ἐκπεσεῖν
3401 4193 3637 4258 ἐλπίδος.
3690 4196 3808 4246 Ἀν-

2226 4286 2422 4355 έφερον
2448 4285 2556 4356 γὰρ
2585 4287 2650 4356 τῇ
2683 4286 2872 4358 μνήμῃ
2895 4285 2956 4337 τὸ
2983 4286 3273 4357 περιμένον
3293 4303 3359 4356 με
3387 4285 3557 4348 τέλοςο
3587 4288 3709 4339 ἐπεὶ
3733 4287 3807 4357 μὴ

2226 4375 2485 4445 ἠγνόουν,
2530 4375 2610 4428 ὅτι
2644 4375 2933 4443 Μακάριοι
2964 4379 3017 4429 οἱ
3063 4376 3446 4443 πενθοῦντες.
3489 4376 3576 4430 ὅτι
3615 4395 3807 4446 παρα-

2226 4467 2658 4536 κληθήσονται.
2713 4468 2808 4520 Διὸ
2865 4467 2930 4537 δὴ
2980 4468 3222 4539 ἀκριϐῶς
3273 4471 3670 4539 ἐπιστάμενος,
3719 4470 3810 4522 ὅτι

2230 4558 2368 4631 μετά
2405 4559 2476 4612 τά
2502 4558 2801 4631 σκυθρωπὰ
2827 4559 3210 4630 διελεύσομαι
3251 4562 3323 4614 ἐν
3365 4563 3525 4625 τόπῳ
3570 4560 3809 4628 σκηνῆς

2226 4651 2576 4721 θαυμαστῆς
2619 4653 2731 4719 ἕως
2775 4653 2883 4706 τοῦ
2935 4652 3107 4706 οἴκου
3151 4653 3258 4708 τοῦ
3305 4652 3483 4716 Θεοῦ,
3514 4654 3584 4706 ἐι·
3635 4653 3807 4722 φωνῇ

2225 4743 2640 4814 ἀγαλλιάσεως
2668 4744 2768 4798 καὶ
2796 4745 3285 4816 ἐξομολογ-ήσεως
3311 4745 3466 4814 ἤχου
3502 4743 3808 4812 ἑορτάζον-

2227 4853 2368 4903 τος,
2413 4836 2601 4890 ταῦτα
2652 4835 3000 4906 ἐμνιὶσθηνο
3054 4838 3150 4890 καὶ
3204 4839 3304 4891 οὐκ
3364 4837 3651 4902 ἐξέπιπτον
3705 4837 3810 4907 τῆς

2226 4927 2460 4992 ἐλπίδος,
2501 4929 2618 4982 ἀλλ’
2657 4931 2898 5001 εῖσωπερ
2938 4930 3159 5002 ἐμαυτῷ
3191 4929 3402 4997 ἐξέχεα
3433 4928 3548 4996 τὴν
3592 4929 3810 4998 ψυχήν

2227 5038 2363 5090 μου.
2383 5021 2493 5075 Καὶ
2526 5021 2712 5093 ἐπειδὴ
2735 5021 2991 5086 τοιαύτας
3012 5023 3328 5093 ὑπέγραφεν
3359 5020 3535 5091 ἐαυτῷ
3562 5021 3804 5088 ἐλπίδας,

2229 5117 2457 5180 εἰκότως
2487 5118 2650 5182 αὐτὸς
2693 5117 2882 5172 ἑαυτὸν
2908 5118 3195 5190 θεραπεύει
3229 5119 3324 5172 καὶ
3363 5117 3542 5185 λέγει·
3585 5117 3711 5169 Ἵνα
3754 5120 3814 5171 τί

2226 5210 2561 5278 περίλυπος
2599 5207 2672 5273 εἴ,
2715 5211 2752 5278 1';
2799 5211 2970 5278 ψυχή
3015 5229 3164 5279 μου,
3199 5209 3297 5263 καὶ
3338 5210 3439 5262 ἵνα
3473 5209 3530 5261 τί
3579 5222 3810 5262 συντα-

539 5312 664 5352 nam
697 5297 765 5352 ad
805 5298 1057 5354 ﬁduciam
1083 5341 1098 5362 ,
1146 5302 1602 5373 prmsentiumque
1639 5320 2006 5358 aerumnarum
2038 5311 2120 5356 to-

2227 5300 2479 5369 ράσσεις
2502 5317 2615 5370 ys;
2641 5301 2934 5354 Ἐλπισον
2978 5301 3075 5353 ἐπὶ
3114 5299 3283 5362 Θεὸν,
3327 5299 3414 5352 ὅτι
3444 5297 3812 5368 ἐξομολογή-

538 5391 827 5446 lcrautiam
861 5407 982 5447 sese
1020 5393 1356 5446 cohortatur.
1385 5392 1522 5446 Cum
1567 5411 1732 5464 porro
1759 5393 2120 5467 Symmachus

541 5485 617 5538 ait
648 5504 661 5540 :
697 5485 961 5550 Quoniam
1006 5483 1246 5554 egrediar
1275 5483 1344 5536 ad
1371 5483 1796 5547 tabernaculum,
1833 5485 2119 5555 bajulabor

539 5591 703 5646 usque
732 5575 801 5630 ad
829 5576 1044 5630 domum
1080 5575 1200 5640 Dei,
1232 5593 1351 5630 cum
1382 5593 1502 5632 voce
1531 5576 1903 5632 benedictionis
1922 5590 1969 5635 et
1992 5597 2119 5634 con-

540 5666 784 5736 fessionis
833 5669 1186 5724 multitudinis
1245 5670 1669 5724 concurrentium
1727 5671 1798 5724 ad
1841 5671 2117 5726 celebrita-

611 5823 657 5855 "‘
690 5823 831 5880 Psal.
870 5842 938 5894 ι,
979 5828 1060 5883 ll.
1140 5827 1181 5859 ³⁷
1222 5826 1491 5896 IlCor.1,
1527 5829 1578 5883 9.
1659 5828 1702 5861 ³³
1744 5827 1932 5887 Ἠθιιὴ.
1972 5847 2027 5898 v,
2061 5831 2109 5887 4.

2225 5410 2407 5463 σομαι
2445 5392 2606 5459 αὐτῷ
2642 5393 2939 5463 σωτήριον
2967 5394 3073 5447 τοῦ
3116 5391 3437 5461 προσώπου
3468 5409 3588 5461 μου
3632 5391 3730 5444 καὶ
3777 5395 3812 5443 ὀ

2229 5487 2373 5552 Θεός
2394 5504 2512 5555 μου
2530 5503 2543 5516 °
2567 5487 2758 5558 θαρσεῖ
2776 5486 2884 5557 γὰρ
2903 5483 3081 5555 ἐαυτῷ
3105 5485 3198 5538 καὶ
3222 5481 3292 5535 τὰ
3318 5482 3562 5555 παρόντα
3587 5481 3808 5550 λυπηρά

2231 5576 2490 5647 γενναίως
2522 5577 2710 5650 φέρειν
2749 5576 3164 5650 παρεκελεύετο.
3200 5573 3388 5644 Λέγων
3424 5573 3478 5626 δὲ
3519 5575 3548 5626 ὁ
3579 5571 3804 5642 Συμμαι

2227 5689 2339 5742 χος,
2370 5672 2493 5726 Ὅτι
2523 5671 2915 5742 ἐξελεύσομαι
2941 5673 3026 5736 εἰς
3054 5669 3167 5739 τὴν
3195 5668 3456 5737 σκηνὴν,
3487 5665 3805 5722 διαϐασταρ
