  <div class='ocr_page' id='page_1' title='image "/cluster/home/n/w/nwhite01/storage/ocr_20150623/23/hvd.32044019207711/216.png"; bbox 0 0 4010 6570; ppageno 0'>
   <div class='ocr_carea' id='block_1_1' title="bbox 184 421 277 479">
    <p class='ocr_par' dir='ltr' id='par_1_1' title="bbox 184 421 277 479">
     <span class='ocr_line' id='line_1_1' title="bbox 184 421 277 479; baseline 0 0"><span class='ocrx_word' id='word_1_1' title='bbox 184 421 277 479; x_wconf 74' lang='lat'><strong>5&#39;73</strong></span> 
     </span>
    </p>
   </div>
   <div class='ocr_carea' id='block_1_2' title="bbox 1295 390 2280 471">
    <p class='ocr_par' dir='ltr' id='par_1_2' title="bbox 1295 390 2280 471">
     <span class='ocr_line' id='line_1_2' title="bbox 1295 390 2280 471; baseline -0.003 0"><span class='ocrx_word' id='word_1_2' title='bbox 1295 390 1801 471; x_wconf 67' lang='lat' dir='ltr'><strong>coiii&#39;imrsms</strong></span> <span class='ocrx_word' id='word_1_3' title='bbox 1839 412 1904 467; x_wconf 81' lang='lat' dir='ltr'><strong>IN</strong></span> <span class='ocrx_word' id='word_1_4' title='bbox 1943 410 2280 470; x_wconf 76' lang='lat' dir='ltr'><strong>PSALMOS.</strong></span> 
     </span>
    </p>
   </div>
   <div class='ocr_carea' id='block_1_3' title="bbox 3314 415 3427 472">
    <p class='ocr_par' dir='ltr' id='par_1_3' title="bbox 3314 415 3427 472">
     <span class='ocr_line' id='line_1_3' title="bbox 3314 415 3427 472; baseline 0.018 -2"><span class='ocrx_word' id='word_1_5' title='bbox 3314 415 3427 472; x_wconf 70' lang='grc' dir='ltr'>δτι</span> 
     </span>
    </p>
   </div>
   <div class='ocr_carea' id='block_1_4' title="bbox 181 532 1761 609">
    <p class='ocr_par' dir='ltr' id='par_1_4' title="bbox 181 532 1745 609">
     <span class='ocr_line' id='line_1_4' title="bbox 181 532 1745 609; baseline -0.004 -18"><span class='ocrx_word' id='word_1_6' title='bbox 181 537 465 609; x_wconf 66' lang='grc' dir='ltr'>χρῖήσομαι</span> <span class='ocrx_word' id='word_1_7' title='bbox 505 535 614 600; x_wconf 83' lang='grc' dir='ltr'>ἓως</span> <span class='ocrx_word' id='word_1_8' title='bbox 646 535 752 590; x_wconf 84' lang='grc' dir='ltr'><strong>τοῦ</strong></span> <span class='ocrx_word' id='word_1_9' title='bbox 797 535 967 589; x_wconf 77' lang='grc' dir='ltr'>οἴκου</span> <span class='ocrx_word' id='word_1_10' title='bbox 1006 536 1110 589; x_wconf 81' lang='grc' dir='ltr'><strong>τοῦ</strong></span> <span class='ocrx_word' id='word_1_11' title='bbox 1149 534 1317 597; x_wconf 81' lang='grc' dir='ltr'>Θεοῦ,</span> <span class='ocrx_word' id='word_1_12' title='bbox 1346 533 1496 605; x_wconf 85' lang='grc' dir='ltr'>μετὰ</span> <span class='ocrx_word' id='word_1_13' title='bbox 1538 532 1745 604; x_wconf 60' lang='grc' dir='ltr'>φωνῆς</span> 
     </span>
    </p>
   </div>
   <div class='ocr_carea' id='block_1_5' title="bbox 1860 532 3430 609">
    <p class='ocr_par' dir='ltr' id='par_1_5' title="bbox 1860 534 3430 605">
     <span class='ocr_line' id='line_1_5' title="bbox 1860 534 3430 605; baseline 0.001 -16"><span class='ocrx_word' id='word_1_14' title='bbox 1860 537 2085 599; x_wconf 70' lang='grc' dir='ltr'>ῐεηι;,νει</span> <span class='ocrx_word' id='word_1_15' title='bbox 2113 536 2415 591; x_wconf 85' lang='lat' dir='ltr'><strong>secundum</strong></span> <span class='ocrx_word' id='word_1_16' title='bbox 2460 535 2712 605; x_wconf 83' lang='lat' dir='ltr'><strong>Aquilam</strong></span> <span class='ocrx_word' id='word_1_17' title='bbox 2754 534 3083 591; x_wconf 83' lang='lat' dir='ltr'><strong>:Laudis.et</strong></span> <span class='ocrx_word' id='word_1_18' title='bbox 3126 536 3430 605; x_wconf 76' lang='lat' dir='ltr'><strong>gratiarum</strong></span> 
     </span>
    </p>
   </div>
   <div class='ocr_carea' id='block_1_6' title="bbox 178 625 1746 698">
    <p class='ocr_par' dir='ltr' id='par_1_6' title="bbox 178 625 1746 698">
     <span class='ocr_line' id='line_1_6' title="bbox 178 625 1746 698; baseline -0.005 -13"><span class='ocrx_word' id='word_1_19' title='bbox 178 629 462 698; x_wconf 63' lang='grc' dir='ltr'>εὐφημίας</span> <span class='ocrx_word' id='word_1_20' title='bbox 499 628 595 680; x_wconf 81' lang='grc' dir='ltr'><strong>καὶ</strong></span> <span class='ocrx_word' id='word_1_21' title='bbox 638 626 1131 697; x_wconf 78' lang='grc' dir='ltr'>ἑξομολογήσεως</span> <span class='ocrx_word' id='word_1_22' title='bbox 1163 625 1435 692; x_wconf 80' lang='grc' dir='ltr'><strong>πλήθους</strong></span> <span class='ocrx_word' id='word_1_23' title='bbox 1480 640 1746 694; x_wconf 71' lang='grc' dir='ltr'>πανηγυ-</span> 
     </span>
    </p>
   </div>
   <div class='ocr_carea' id='block_1_7' title="bbox 172 718 1749 790">
    <p class='ocr_par' dir='ltr' id='par_1_7' title="bbox 172 718 1749 790">
     <span class='ocr_line' id='line_1_7' title="bbox 172 718 1749 790; baseline -0.002 -17"><span class='ocrx_word' id='word_1_24' title='bbox 172 719 443 790; x_wconf 81' lang='grc' dir='ltr'>ριζόντων</span> <span class='ocrx_word' id='word_1_25' title='bbox 460 735 473 749; x_wconf 86' lang='grc'><strong>·</strong></span> <span class='ocrx_word' id='word_1_26' title='bbox 500 718 531 787; x_wconf 82' lang='grc' dir='ltr'>ἢ</span> <span class='ocrx_word' id='word_1_27' title='bbox 560 718 701 772; x_wconf 79' lang='grc' dir='ltr'>κατὰ</span> <span class='ocrx_word' id='word_1_28' title='bbox 724 720 814 772; x_wconf 85' lang='grc' dir='ltr'><strong>τὸν</strong></span> <span class='ocrx_word' id='word_1_29' title='bbox 851 719 1101 783; x_wconf 81' lang='grc' dir='ltr'><strong>Ἀκύλαν,</strong></span> <span class='ocrx_word' id='word_1_30' title='bbox 1129 718 1425 785; x_wconf 81' lang='grc' dir='ltr'>Αίνέσεως</span> <span class='ocrx_word' id='word_1_31' title='bbox 1447 718 1543 771; x_wconf 78' lang='grc' dir='ltr'>καί</span> <span class='ocrx_word' id='word_1_32' title='bbox 1574 719 1749 787; x_wconf 84' lang='grc' dir='ltr'>εὐχα-</span> 
     </span>
    </p>
   </div>
   <div class='ocr_carea' id='block_1_8' title="bbox 158 809 1747 883">
    <p class='ocr_par' dir='ltr' id='par_1_8' title="bbox 158 809 1747 883">
     <span class='ocr_line' id='line_1_8' title="bbox 158 809 1747 883; baseline 0 -20"><span class='ocrx_word' id='word_1_33' title='bbox 158 812 400 881; x_wconf 45' lang='grc' dir='ltr'>,ριστίας</span> <span class='ocrx_word' id='word_1_34' title='bbox 428 810 614 879; x_wconf 80' lang='grc' dir='ltr'>ὄχλου</span> <span class='ocrx_word' id='word_1_35' title='bbox 640 809 1021 879; x_wconf 81' lang='grc' dir='ltr'>ἑορτάζοντος</span> <span class='ocrx_word' id='word_1_36' title='bbox 1040 828 1052 839; x_wconf 89' lang='grc'>·</span> <span class='ocrx_word' id='word_1_37' title='bbox 1100 812 1339 883; x_wconf 88' lang='grc' dir='ltr'>παρίστη</span> <span class='ocrx_word' id='word_1_38' title='bbox 1387 811 1568 863; x_wconf 79' lang='grc' dir='ltr'>ὁποῖον</span> <span class='ocrx_word' id='word_1_39' title='bbox 1598 809 1747 863; x_wconf 73' lang='grc' dir='ltr'>ἔσται</span> 
     </span>
    </p>
   </div>
   <div class='ocr_carea' id='block_1_9' title="bbox 176 902 1747 974">
    <p class='ocr_par' dir='ltr' id='par_1_9' title="bbox 176 902 1747 974">
     <span class='ocr_line' id='line_1_9' title="bbox 176 902 1747 974; baseline 0.001 -20"><span class='ocrx_word' id='word_1_40' title='bbox 176 902 233 954; x_wconf 76' lang='grc' dir='ltr'>τὸ</span> <span class='ocrx_word' id='word_1_41' title='bbox 248 903 397 966; x_wconf 81' lang='grc' dir='ltr'>τέλος</span> <span class='ocrx_word' id='word_1_42' title='bbox 419 903 525 955; x_wconf 81' lang='grc' dir='ltr'>τῶν</span> <span class='ocrx_word' id='word_1_43' title='bbox 549 905 606 956; x_wconf 85' lang='grc' dir='ltr'><strong>ὲν</strong></span> <span class='ocrx_word' id='word_1_44' title='bbox 622 902 699 973; x_wconf 82' lang='grc' dir='ltr'>τῷ</span> <span class='ocrx_word' id='word_1_45' title='bbox 721 903 947 973; x_wconf 80' lang='grc' dir='ltr'><strong>παρόντι</strong></span> <span class='ocrx_word' id='word_1_46' title='bbox 972 902 1071 974; x_wconf 82' lang='grc' dir='ltr'><strong>βίῳ</strong></span> <span class='ocrx_word' id='word_1_47' title='bbox 1099 903 1205 956; x_wconf 83' lang='grc' dir='ltr'>πᾶν</span> <span class='ocrx_word' id='word_1_48' title='bbox 1228 903 1290 955; x_wconf 82' lang='grc' dir='ltr'><strong>τὸ</strong></span> <span class='ocrx_word' id='word_1_49' title='bbox 1315 903 1467 956; x_wconf 77' lang='grc' dir='ltr'>ἐπιὸν</span> <span class='ocrx_word' id='word_1_50' title='bbox 1487 902 1747 971; x_wconf 79' lang='grc' dir='ltr'>γενναίως</span> 
     </span>
    </p>
   </div>
   <div class='ocr_carea' id='block_1_10' title="bbox 177 995 1746 1068">
    <p class='ocr_par' dir='ltr' id='par_1_10' title="bbox 177 995 1746 1068">
     <span class='ocr_line' id='line_1_10' title="bbox 177 995 1746 1068; baseline 0 -20"><span class='ocrx_word' id='word_1_51' title='bbox 177 995 568 1066; x_wconf 75' lang='grc' dir='ltr'><strong>ὑπομενόντων.</strong></span> <span class='ocrx_word' id='word_1_52' title='bbox 593 995 749 1048; x_wconf 85' lang='grc' dir='ltr'>Διαδέ</span> <span class='ocrx_word' id='word_1_53' title='bbox 758 995 902 1059; x_wconf 78' lang='grc' dir='ltr'>ξεται</span> <span class='ocrx_word' id='word_1_54' title='bbox 916 995 1025 1067; x_wconf 85' lang='grc' dir='ltr'><strong>γάρ</strong></span> <span class='ocrx_word' id='word_1_55' title='bbox 1039 996 1258 1062; x_wconf 78' lang='grc' dir='ltr'><strong>τούτους</strong></span> <span class='ocrx_word' id='word_1_56' title='bbox 1273 996 1332 1049; x_wconf 80' lang='grc' dir='ltr'>τὸ</span> <span class='ocrx_word' id='word_1_57' title='bbox 1345 996 1746 1068; x_wconf 75' lang='grc' dir='ltr'>τρισμακάριον</span> 
     </span>
    </p>
   </div>
   <div class='ocr_carea' id='block_1_11' title="bbox 174 1086 1749 1160">
    <p class='ocr_par' dir='ltr' id='par_1_11' title="bbox 174 1086 1749 1160">
     <span class='ocr_line' id='line_1_11' title="bbox 174 1086 1749 1160; baseline 0.001 -21"><span class='ocrx_word' id='word_1_58' title='bbox 174 1087 342 1150; x_wconf 81' lang='grc' dir='ltr'>τέλος,</span> <span class='ocrx_word' id='word_1_59' title='bbox 370 1090 402 1158; x_wconf 83' lang='grc' dir='ltr'>ἡ</span> <span class='ocrx_word' id='word_1_60' title='bbox 451 1087 738 1160; x_wconf 84' lang='grc' dir='ltr'>θαυμαστὴ</span> <span class='ocrx_word' id='word_1_61' title='bbox 774 1086 945 1159; x_wconf 81' lang='grc' dir='ltr'>σκηνὴ</span> <span class='ocrx_word' id='word_1_62' title='bbox 976 1088 1067 1141; x_wconf 85' lang='grc' dir='ltr'><strong>τοῦ</strong></span> <span class='ocrx_word' id='word_1_63' title='bbox 1094 1087 1253 1152; x_wconf 84' lang='grc' dir='ltr'>Θεοῦ,</span> <span class='ocrx_word' id='word_1_64' title='bbox 1296 1090 1389 1141; x_wconf 73' lang='grc' dir='ltr'><strong>καὶ</strong></span> <span class='ocrx_word' id='word_1_65' title='bbox 1417 1091 1444 1142; x_wconf 88' lang='grc' dir='ltr'>ὁ</span> <span class='ocrx_word' id='word_1_66' title='bbox 1485 1087 1749 1141; x_wconf 77' lang='grc' dir='ltr'>ἐνδοτάτω</span> 
     </span>
    </p>
   </div>
   <div class='ocr_carea' id='block_1_12' title="bbox 174 1165 1757 1251">
    <p class='ocr_par' dir='ltr' id='par_1_12' title="bbox 174 1165 1757 1251">
     <span class='ocr_line' id='line_1_12' title="bbox 174 1165 1757 1251; baseline -0.001 -19"><span class='ocrx_word' id='word_1_67' title='bbox 174 1179 342 1249; x_wconf 76' lang='grc' dir='ltr'>αὐτῆς</span> <span class='ocrx_word' id='word_1_68' title='bbox 369 1174 515 1242; x_wconf 79' lang='grc' dir='ltr'>οἶκος</span> <span class='ocrx_word' id='word_1_69' title='bbox 553 1179 738 1247; x_wconf 80' lang='grc' dir='ltr'>αὐτοῦ,</span> <span class='ocrx_word' id='word_1_70' title='bbox 776 1181 832 1233; x_wconf 80' lang='grc' dir='ltr'>ὲν</span> <span class='ocrx_word' id='word_1_71' title='bbox 869 1173 912 1247; x_wconf 84' lang='grc' dir='ltr'>ᾧ</span> <span class='ocrx_word' id='word_1_72' title='bbox 943 1181 991 1232; x_wconf 78' lang='lat' dir='ltr'><strong>oi</strong></span> <span class='ocrx_word' id='word_1_73' title='bbox 1038 1178 1178 1243; x_wconf 80' lang='grc' dir='ltr'>ἄξιοι</span> <span class='ocrx_word' id='word_1_74' title='bbox 1234 1165 1757 1251; x_wconf 49' lang='grc' dir='ltr'>διαϐασταζόμενοιξ</span> 
     </span>
    </p>
   </div>
   <div class='ocr_carea' id='block_1_13' title="bbox 174 1272 1748 1344">
    <p class='ocr_par' dir='ltr' id='par_1_13' title="bbox 174 1272 1748 1344">
     <span class='ocr_line' id='line_1_13' title="bbox 174 1272 1748 1344; baseline 0 -19"><span class='ocrx_word' id='word_1_75' title='bbox 174 1272 263 1325; x_wconf 75' lang='grc' dir='ltr'>καὶ</span> <span class='ocrx_word' id='word_1_76' title='bbox 323 1272 585 1342; x_wconf 83' lang='grc' dir='ltr'>μετέωροι</span> <span class='ocrx_word' id='word_1_77' title='bbox 638 1273 741 1325; x_wconf 78' lang='grc' dir='ltr'><strong>ὑπὸ</strong></span> <span class='ocrx_word' id='word_1_78' title='bbox 788 1273 1092 1342; x_wconf 81' lang='grc' dir='ltr'>άγγελικῶν</span> <span class='ocrx_word' id='word_1_79' title='bbox 1143 1274 1425 1343; x_wconf 84' lang='grc' dir='ltr'>δυνάμεων</span> <span class='ocrx_word' id='word_1_80' title='bbox 1475 1273 1748 1344; x_wconf 87' lang='grc' dir='ltr'>αίρόμενοι</span> 
     </span>
    </p>
   </div>
   <div class='ocr_carea' id='block_1_14' title="bbox 173 1363 1746 1436">
    <p class='ocr_par' dir='ltr' id='par_1_14' title="bbox 173 1363 1746 1436">
     <span class='ocr_line' id='line_1_14' title="bbox 173 1363 1746 1436; baseline 0.003 -21"><span class='ocrx_word' id='word_1_81' title='bbox 173 1363 603 1435; x_wconf 80' lang='grc' dir='ltr'>είσαχθήσονται.</span> <span class='ocrx_word' id='word_1_82' title='bbox 631 1366 697 1418; x_wconf 82' lang='lat' dir='ltr'><strong>&quot;A</strong></span> <span class='ocrx_word' id='word_1_83' title='bbox 719 1364 781 1436; x_wconf 83' lang='grc' dir='ltr'>δὴ</span> <span class='ocrx_word' id='word_1_84' title='bbox 810 1366 904 1419; x_wconf 71' lang='grc' dir='ltr'><strong>καὶ</strong></span> <span class='ocrx_word' id='word_1_85' title='bbox 936 1368 964 1418; x_wconf 86' lang='grc' dir='ltr'>ὁ</span> <span class='ocrx_word' id='word_1_86' title='bbox 1006 1366 1325 1429; x_wconf 79' lang='grc' dir='ltr'>Ἀπόστολος</span> <span class='ocrx_word' id='word_1_87' title='bbox 1348 1363 1501 1428; x_wconf 73' lang='grc' dir='ltr'>εἰδὼς</span> <span class='ocrx_word' id='word_1_88' title='bbox 1534 1365 1746 1434; x_wconf 73' lang='grc' dir='ltr'>ἔλεγενο</span> 
     </span>
    </p>
   </div>
   <div class='ocr_carea' id='block_1_15' title="bbox 179 1453 1751 1525">
    <p class='ocr_par' dir='ltr' id='par_1_15' title="bbox 179 1453 1751 1525">
     <span class='ocr_line' id='line_1_15' title="bbox 179 1453 1751 1525; baseline 0.003 -20"><span class='ocrx_word' id='word_1_89' title='bbox 179 1453 665 1525; x_wconf 62' lang='grc' dir='ltr'>Ἀρπαγησόμεθα</span> <span class='ocrx_word' id='word_1_90' title='bbox 701 1456 771 1508; x_wconf 84' lang='grc' dir='ltr'><strong>ἐν</strong></span> <span class='ocrx_word' id='word_1_91' title='bbox 801 1456 1081 1524; x_wconf 63' lang='grc' dir='ltr'>νεφέλαις</span> <span class='ocrx_word' id='word_1_92' title='bbox 1109 1459 1197 1522; x_wconf 86' lang='grc' dir='ltr'><strong>είς</strong></span> <span class='ocrx_word' id='word_1_93' title='bbox 1246 1454 1590 1523; x_wconf 77' lang='grc' dir='ltr'><strong>ἀπάντησιν</strong></span> <span class='ocrx_word' id='word_1_94' title='bbox 1642 1455 1751 1509; x_wconf 86' lang='grc' dir='ltr'>τοῦ</span> 
     </span>
    </p>
   </div>
   <div class='ocr_carea' id='block_1_16' title="bbox 170 1546 1754 1617">
    <p class='ocr_par' dir='ltr' id='par_1_16' title="bbox 170 1546 1754 1617">
     <span class='ocr_line' id='line_1_16' title="bbox 170 1546 1754 1617; baseline 0.003 -20"><span class='ocrx_word' id='word_1_95' title='bbox 170 1546 395 1613; x_wconf 79' lang='grc' dir='ltr'><strong>Κυρίου</strong></span> <span class='ocrx_word' id='word_1_96' title='bbox 424 1550 509 1614; x_wconf 81' lang='grc' dir='ltr'><strong>είς</strong></span> <span class='ocrx_word' id='word_1_97' title='bbox 542 1548 706 1617; x_wconf 83' lang='grc' dir='ltr'>ἀέρα,</span> <span class='ocrx_word' id='word_1_98' title='bbox 750 1549 849 1603; x_wconf 80' lang='grc' dir='ltr'><strong>καὶ</strong></span> <span class='ocrx_word' id='word_1_99' title='bbox 885 1549 1037 1603; x_wconf 78' lang='grc' dir='ltr'>οὕτω</span> <span class='ocrx_word' id='word_1_100' title='bbox 1095 1548 1350 1604; x_wconf 86' lang='grc' dir='ltr'>πάντοτε</span> <span class='ocrx_word' id='word_1_101' title='bbox 1390 1547 1512 1602; x_wconf 89' lang='grc' dir='ltr'><strong>σὺν</strong></span> <span class='ocrx_word' id='word_1_102' title='bbox 1558 1548 1754 1617; x_wconf 78' lang='grc' dir='ltr'>Κυρίῳ</span> 
     </span>
    </p>
   </div>
   <div class='ocr_carea' id='block_1_17' title="bbox 169 1637 451 1708">
    <p class='ocr_par' dir='ltr' id='par_1_17' title="bbox 169 1637 451 1708">
     <span class='ocr_line' id='line_1_17' title="bbox 169 1637 451 1708; baseline 0.018 -20"><span class='ocrx_word' id='word_1_103' title='bbox 169 1637 451 1708; x_wconf 82' lang='grc' dir='ltr'><strong>ἐσόμεθα.</strong></span> 
     </span>
    </p>
   </div>
   <div class='ocr_carea' id='block_1_18' title="bbox 242 1747 1847 1824">
    <p class='ocr_par' dir='ltr' id='par_1_18' title="bbox 242 1747 1847 1824">
     <span class='ocr_line' id='line_1_18' title="bbox 242 1747 1847 1824; baseline 0.001 -23"><span class='ocrx_word' id='word_1_104' title='bbox 242 1750 455 1822; x_wconf 82' lang='grc' dir='ltr'>Σκηνὴν</span> <span class='ocrx_word' id='word_1_105' title='bbox 512 1751 569 1803; x_wconf 84' lang='grc' dir='ltr'>δὲ</span> <span class='ocrx_word' id='word_1_106' title='bbox 616 1750 938 1824; x_wconf 78' lang='grc' dir='ltr'>θαυμαστὴν</span> <span class='ocrx_word' id='word_1_107' title='bbox 972 1751 1066 1805; x_wconf 88' lang='grc' dir='ltr'><strong>τοῦ</strong></span> <span class='ocrx_word' id='word_1_108' title='bbox 1120 1751 1252 1805; x_wconf 88' lang='grc' dir='ltr'>Θεοῦ</span> <span class='ocrx_word' id='word_1_109' title='bbox 1301 1750 1556 1821; x_wconf 80' lang='grc' dir='ltr'><strong>ὀνομάζει</strong></span> <span class='ocrx_word' id='word_1_110' title='bbox 1618 1751 1753 1823; x_wconf 84' lang='grc' dir='ltr'>πρὸς</span> <span class='ocrx_word' id='word_1_111' title='bbox 1817 1747 1847 1759; x_wconf 74' lang='grc'><strong><em>”</em></strong></span> 
     </span>
    </p>
   </div>
   <div class='ocr_carea' id='block_1_19' title="bbox 168 1835 1751 1912">
    <p class='ocr_par' dir='ltr' id='par_1_19' title="bbox 168 1835 1751 1912">
     <span class='ocr_line' id='line_1_19' title="bbox 168 1835 1751 1912; baseline -0.003 -18"><span class='ocrx_word' id='word_1_112' title='bbox 168 1841 572 1912; x_wconf 82' lang='grc' dir='ltr'>ἀντιδιαστολὴν</span> <span class='ocrx_word' id='word_1_113' title='bbox 607 1841 801 1911; x_wconf 81' lang='grc' dir='ltr'>ἑτέρας</span> <span class='ocrx_word' id='word_1_114' title='bbox 834 1842 894 1894; x_wconf 81' lang='grc' dir='ltr'><strong>ού</strong></span> <span class='ocrx_word' id='word_1_115' title='bbox 931 1842 1267 1912; x_wconf 83' lang='grc' dir='ltr'>θαυμαστῆς,</span> <span class='ocrx_word' id='word_1_116' title='bbox 1294 1841 1452 1893; x_wconf 79' lang='grc' dir='ltr'>ὁποία</span> <span class='ocrx_word' id='word_1_117' title='bbox 1488 1835 1617 1911; x_wconf 76' lang='grc' dir='ltr'><strong>ἧνὴ</strong></span> <span class='ocrx_word' id='word_1_118' title='bbox 1660 1839 1751 1891; x_wconf 78' lang='grc' dir='ltr'>ἐπὶ</span> 
     </span>
    </p>
   </div>
   <div class='ocr_carea' id='block_1_20' title="bbox 168 1898 1823 2003">
    <p class='ocr_par' dir='ltr' id='par_1_20' title="bbox 168 1898 1823 2003">
     <span class='ocr_line' id='line_1_20' title="bbox 168 1898 1823 2003; baseline -0.003 -17"><span class='ocrx_word' id='word_1_119' title='bbox 168 1932 447 1996; x_wconf 72' lang='grc' dir='ltr'>Μωῦσέως</span> <span class='ocrx_word' id='word_1_120' title='bbox 481 1898 572 1985; x_wconf 68' lang='grc' dir='ltr'>ἐπὶ</span> <span class='ocrx_word' id='word_1_121' title='bbox 604 1898 715 2003; x_wconf 48' lang='grc' dir='ltr'>γῆς.</span> <span class='ocrx_word' id='word_1_122' title='bbox 758 1898 1265 2002; x_wconf 47' lang='grc' dir='ltr'>δίατεσκευασμένίηι</span> <span class='ocrx_word' id='word_1_123' title='bbox 1326 1898 1653 2001; x_wconf 58' lang='grc' dir='ltr'>Θαυμαστην</span> <span class='ocrx_word' id='word_1_124' title='bbox 1692 1929 1749 1982; x_wconf 80' lang='grc' dir='ltr'><strong>δὲ</strong></span> <span class='ocrx_word' id='word_1_125' title='bbox 1782 1898 1823 1952; x_wconf 76' lang='grc' dir='ltr'><strong>Β</strong></span> 
     </span>
    </p>
   </div>
   <div class='ocr_carea' id='block_1_21' title="bbox 163 2018 1748 2095">
    <p class='ocr_par' dir='ltr' id='par_1_21' title="bbox 163 2018 1748 2095">
     <span class='ocr_line' id='line_1_21' title="bbox 163 2018 1748 2095; baseline -0.004 -18"><span class='ocrx_word' id='word_1_126' title='bbox 163 2023 386 2095; x_wconf 83' lang='grc' dir='ltr'>άληθῶς</span> <span class='ocrx_word' id='word_1_127' title='bbox 417 2022 625 2094; x_wconf 79' lang='grc' dir='ltr'>σκηνὴν</span> <span class='ocrx_word' id='word_1_128' title='bbox 646 2023 882 2092; x_wconf 85' lang='grc' dir='ltr'>νοήσεις.</span> <span class='ocrx_word' id='word_1_129' title='bbox 918 2023 986 2093; x_wconf 80' lang='grc' dir='ltr'>ἦν</span> <span class='ocrx_word' id='word_1_130' title='bbox 1011 2024 1060 2074; x_wconf 77' lang='lat' dir='ltr'><strong>oi</strong></span> <span class='ocrx_word' id='word_1_131' title='bbox 1099 2022 1361 2092; x_wconf 86' lang='grc' dir='ltr'>μακάριοι</span> <span class='ocrx_word' id='word_1_132' title='bbox 1388 2018 1480 2073; x_wconf 87' lang='grc' dir='ltr'><strong>τοῦ</strong></span> <span class='ocrx_word' id='word_1_133' title='bbox 1524 2018 1658 2073; x_wconf 85' lang='grc' dir='ltr'>Θεοῦ</span> <span class='ocrx_word' id='word_1_134' title='bbox 1692 2019 1748 2071; x_wconf 84' lang='grc' dir='ltr'>ὲν</span> 
     </span>
    </p>
   </div>
   <div class='ocr_carea' id='block_1_22' title="bbox 164 2105 1749 2184">
    <p class='ocr_par' dir='ltr' id='par_1_22' title="bbox 164 2105 1749 2184">
     <span class='ocr_line' id='line_1_22' title="bbox 164 2105 1749 2184; baseline -0.003 -17"><span class='ocrx_word' id='word_1_135' title='bbox 164 2115 385 2169; x_wconf 78' lang='grc' dir='ltr'>ἐλπίσιν</span> <span class='ocrx_word' id='word_1_136' title='bbox 408 2114 662 2168; x_wconf 76' lang='grc' dir='ltr'>ἐτίθεντο.</span> <span class='ocrx_word' id='word_1_137' title='bbox 683 2114 828 2182; x_wconf 78' lang='grc' dir='ltr'>Αῦτη</span> <span class='ocrx_word' id='word_1_138' title='bbox 851 2113 906 2166; x_wconf 84' lang='grc' dir='ltr'>δὲ</span> <span class='ocrx_word' id='word_1_139' title='bbox 934 2108 1002 2184; x_wconf 79' lang='grc' dir='ltr'>ἦν</span> <span class='ocrx_word' id='word_1_140' title='bbox 1028 2115 1060 2183; x_wconf 83' lang='grc' dir='ltr'>ἡ</span> <span class='ocrx_word' id='word_1_141' title='bbox 1093 2112 1431 2184; x_wconf 77' lang='grc' dir='ltr'>ἐπουράνιος,</span> <span class='ocrx_word' id='word_1_142' title='bbox 1456 2105 1523 2182; x_wconf 81' lang='grc' dir='ltr'>ἧς</span> <span class='ocrx_word' id='word_1_143' title='bbox 1549 2110 1749 2173; x_wconf 82' lang='grc' dir='ltr'>τύπους</span> 
     </span>
    </p>
   </div>
   <div class='ocr_carea' id='block_1_23' title="bbox 164 2198 1747 2277">
    <p class='ocr_par' dir='ltr' id='par_1_23' title="bbox 164 2198 1747 2277">
     <span class='ocr_line' id='line_1_23' title="bbox 164 2198 1747 2277; baseline -0.004 -17"><span class='ocrx_word' id='word_1_144' title='bbox 164 2205 541 2271; x_wconf 71' lang='grc' dir='ltr'>κατεσκεύαζε</span> <span class='ocrx_word' id='word_1_145' title='bbox 556 2206 794 2277; x_wconf 84' lang='grc' dir='ltr'>Μωῦσῆς</span> <span class='ocrx_word' id='word_1_146' title='bbox 812 2207 903 2258; x_wconf 71' lang='grc' dir='ltr'><strong>ἐπὶ</strong></span> <span class='ocrx_word' id='word_1_147' title='bbox 929 2206 1026 2275; x_wconf 86' lang='grc' dir='ltr'>τῆς</span> <span class='ocrx_word' id='word_1_148' title='bbox 1048 2204 1272 2275; x_wconf 79' lang='grc' dir='ltr'>ἐρήμου.</span> <span class='ocrx_word' id='word_1_149' title='bbox 1289 2203 1424 2273; x_wconf 78' lang='grc' dir='ltr'>Περὶ</span> <span class='ocrx_word' id='word_1_150' title='bbox 1448 2198 1515 2275; x_wconf 83' lang='grc' dir='ltr'>ἦς</span> <span class='ocrx_word' id='word_1_151' title='bbox 1538 2202 1633 2254; x_wconf 88' lang='grc' dir='ltr'><strong>θαυ</strong></span> <span class='ocrx_word' id='word_1_152' title='bbox 1643 2217 1747 2271; x_wconf 89' lang='grc' dir='ltr'>μα-</span> 
     </span>
    </p>
   </div>
   <div class='ocr_carea' id='block_1_24' title="bbox 166 2293 1743 2370">
    <p class='ocr_par' dir='ltr' id='par_1_24' title="bbox 166 2293 1743 2370">
     <span class='ocr_line' id='line_1_24' title="bbox 166 2293 1743 2370; baseline -0.005 -15"><span class='ocrx_word' id='word_1_153' title='bbox 166 2300 309 2369; x_wconf 78' lang='grc' dir='ltr'>στῆς</span> <span class='ocrx_word' id='word_1_154' title='bbox 333 2298 535 2370; x_wconf 78' lang='grc' dir='ltr'>σκηνῆς</span> <span class='ocrx_word' id='word_1_155' title='bbox 556 2298 648 2351; x_wconf 73' lang='grc' dir='ltr'><strong>καὶ</strong></span> <span class='ocrx_word' id='word_1_156' title='bbox 668 2298 697 2349; x_wconf 79' lang='grc' dir='ltr'><strong>ό</strong></span> <span class='ocrx_word' id='word_1_157' title='bbox 723 2297 866 2360; x_wconf 83' lang='grc' dir='ltr'>θεῖος</span> <span class='ocrx_word' id='word_1_158' title='bbox 900 2295 1218 2358; x_wconf 86' lang='grc' dir='ltr'>Ἀπόστολος</span> <span class='ocrx_word' id='word_1_159' title='bbox 1244 2294 1507 2348; x_wconf 85' lang='grc' dir='ltr'>διδάσκων</span> <span class='ocrx_word' id='word_1_160' title='bbox 1526 2293 1710 2362; x_wconf 74' lang='grc' dir='ltr'>ἔλεγεν</span> <span class='ocrx_word' id='word_1_161' title='bbox 1731 2310 1743 2322; x_wconf 88' lang='grc'><strong>·</strong></span> 
     </span>
    </p>
   </div>
   <div class='ocr_carea' id='block_1_25' title="bbox 168 2384 1749 2460">
    <p class='ocr_par' dir='ltr' id='par_1_25' title="bbox 168 2384 1749 2460">
     <span class='ocr_line' id='line_1_25' title="bbox 168 2384 1749 2460; baseline -0.01 -8"><span class='ocrx_word' id='word_1_162' title='bbox 168 2390 457 2452; x_wconf 80' lang='grc' dir='ltr'>Τοιοῦτον</span> <span class='ocrx_word' id='word_1_163' title='bbox 484 2392 705 2460; x_wconf 77' lang='grc' dir='ltr'>ἔχομεν</span> <span class='ocrx_word' id='word_1_164' title='bbox 733 2388 1031 2459; x_wconf 78' lang='grc' dir='ltr'>ἀρχιερέα,</span> <span class='ocrx_word' id='word_1_165' title='bbox 1061 2386 1128 2453; x_wconf 85' lang='grc' dir='ltr'>ὃς</span> <span class='ocrx_word' id='word_1_166' title='bbox 1150 2384 1431 2440; x_wconf 80' lang='grc' dir='ltr'>ἐκάθισεν</span> <span class='ocrx_word' id='word_1_167' title='bbox 1470 2386 1540 2438; x_wconf 85' lang='grc' dir='ltr'>ἐν</span> <span class='ocrx_word' id='word_1_168' title='bbox 1581 2384 1749 2450; x_wconf 80' lang='grc' dir='ltr'>δεξιᾷ</span> 
     </span>
    </p>
   </div>
   <div class='ocr_carea' id='block_1_26' title="bbox 164 2477 1745 2554">
    <p class='ocr_par' dir='ltr' id='par_1_26' title="bbox 164 2477 1745 2554">
     <span class='ocr_line' id='line_1_26' title="bbox 164 2477 1745 2554; baseline -0.008 -12"><span class='ocrx_word' id='word_1_169' title='bbox 164 2488 275 2542; x_wconf 84' lang='grc' dir='ltr'><strong>τοῦ</strong></span> <span class='ocrx_word' id='word_1_170' title='bbox 307 2487 521 2554; x_wconf 85' lang='grc' dir='ltr'>θρόνου</span> <span class='ocrx_word' id='word_1_171' title='bbox 560 2483 670 2551; x_wconf 82' lang='grc' dir='ltr'>τῆς</span> <span class='ocrx_word' id='word_1_172' title='bbox 713 2482 1142 2551; x_wconf 70' lang='grc' dir='ltr'><strong>μεγαλωσύνης</strong></span> <span class='ocrx_word' id='word_1_173' title='bbox 1190 2480 1258 2532; x_wconf 85' lang='grc' dir='ltr'>ἐν</span> <span class='ocrx_word' id='word_1_174' title='bbox 1292 2478 1413 2544; x_wconf 80' lang='grc' dir='ltr'>τοῖς</span> <span class='ocrx_word' id='word_1_175' title='bbox 1447 2477 1745 2546; x_wconf 80' lang='grc' dir='ltr'>οὐρανοῖς,</span> 
     </span>
    </p>
   </div>
   <div class='ocr_carea' id='block_1_27' title="bbox 165 2568 1749 2646">
    <p class='ocr_par' dir='ltr' id='par_1_27' title="bbox 165 2568 1749 2646">
     <span class='ocr_line' id='line_1_27' title="bbox 165 2568 1749 2646; baseline -0.008 -11"><span class='ocrx_word' id='word_1_176' title='bbox 165 2580 287 2635; x_wconf 80' lang='grc' dir='ltr'>τῶν</span> <span class='ocrx_word' id='word_1_177' title='bbox 319 2578 502 2646; x_wconf 75' lang='grc' dir='ltr'>ἁγίων</span> <span class='ocrx_word' id='word_1_178' title='bbox 537 2573 882 2642; x_wconf 76' lang='grc' dir='ltr'>λειτουργὸς</span> <span class='ocrx_word' id='word_1_179' title='bbox 911 2572 1008 2626; x_wconf 78' lang='grc' dir='ltr'><strong>καὶ</strong></span> <span class='ocrx_word' id='word_1_180' title='bbox 1043 2571 1155 2641; x_wconf 80' lang='grc' dir='ltr'>τῆς</span> <span class='ocrx_word' id='word_1_181' title='bbox 1187 2570 1427 2639; x_wconf 77' lang='grc' dir='ltr'><strong>σκηνῆς</strong></span> <span class='ocrx_word' id='word_1_182' title='bbox 1456 2568 1564 2637; x_wconf 82' lang='grc' dir='ltr'>τῆς</span> <span class='ocrx_word' id='word_1_183' title='bbox 1603 2570 1749 2636; x_wconf 81' lang='grc' dir='ltr'>ἀλη-</span> 
     </span>
    </p>
   </div>
   <div class='ocr_carea' id='block_1_28' title="bbox 167 2656 1748 2735">
    <p class='ocr_par' dir='ltr' id='par_1_28' title="bbox 167 2656 1748 2735">
     <span class='ocr_line' id='line_1_28' title="bbox 167 2656 1748 2735; baseline -0.008 -10"><span class='ocrx_word' id='word_1_184' title='bbox 167 2668 361 2734; x_wconf 85' lang='grc' dir='ltr'>θινῆς,</span> <span class='ocrx_word' id='word_1_185' title='bbox 393 2667 475 2735; x_wconf 72' lang='grc' dir='ltr'><strong>ἦν</strong></span> <span class='ocrx_word' id='word_1_186' title='bbox 518 2665 744 2733; x_wconf 79' lang='grc' dir='ltr'>ἔπηξεν</span> <span class='ocrx_word' id='word_1_187' title='bbox 784 2667 817 2719; x_wconf 84' lang='grc' dir='ltr'><strong>ό</strong></span> <span class='ocrx_word' id='word_1_188' title='bbox 866 2666 1101 2732; x_wconf 85' lang='grc' dir='ltr'>Κύριος,</span> <span class='ocrx_word' id='word_1_189' title='bbox 1137 2665 1247 2716; x_wconf 85' lang='grc' dir='ltr'><strong>οὐκ</strong></span> <span class='ocrx_word' id='word_1_190' title='bbox 1280 2662 1618 2730; x_wconf 80' lang='grc' dir='ltr'>ἅνθρωπος·</span> <span class='ocrx_word' id='word_1_191' title='bbox 1666 2656 1748 2724; x_wconf 72' lang='grc' dir='ltr'>οἷς</span> 
     </span>
    </p>
   </div>
   <div class='ocr_carea' id='block_1_29' title="bbox 168 2753 1737 2830">
    <p class='ocr_par' dir='ltr' id='par_1_29' title="bbox 168 2753 1737 2830">
     <span class='ocr_line' id='line_1_29' title="bbox 168 2753 1737 2830; baseline -0.006 -14"><span class='ocrx_word' id='word_1_192' title='bbox 168 2762 414 2829; x_wconf 74' lang='grc' dir='ltr'>ἐπιλέγει</span> <span class='ocrx_word' id='word_1_193' title='bbox 452 2759 606 2830; x_wconf 80' lang='grc' dir='ltr'><strong>ὲξῆς’</strong></span> <span class='ocrx_word' id='word_1_194' title='bbox 634 2760 862 2823; x_wconf 85' lang='grc' dir='ltr'>Οἵτινες</span> <span class='ocrx_word' id='word_1_195' title='bbox 891 2757 1277 2825; x_wconf 76' lang='grc' dir='ltr'>ὑποδείγματι</span> <span class='ocrx_word' id='word_1_196' title='bbox 1332 2758 1430 2810; x_wconf 80' lang='grc' dir='ltr'><strong>καὶ</strong></span> <span class='ocrx_word' id='word_1_197' title='bbox 1463 2753 1611 2823; x_wconf 83' lang='grc' dir='ltr'><strong>σκιᾷ</strong></span> <span class='ocrx_word' id='word_1_198' title='bbox 1640 2757 1737 2807; x_wconf 87' lang='grc' dir='ltr'>λα-</span> 
     </span>
    </p>
   </div>
   <div class='ocr_carea' id='block_1_30' title="bbox 166 2844 1749 2921">
    <p class='ocr_par' dir='ltr' id='par_1_30' title="bbox 166 2844 1749 2921">
     <span class='ocr_line' id='line_1_30' title="bbox 166 2844 1749 2921; baseline -0.006 -13"><span class='ocrx_word' id='word_1_199' title='bbox 166 2854 453 2921; x_wconf 86' lang='grc' dir='ltr'>τρεύουσι</span> <span class='ocrx_word' id='word_1_200' title='bbox 481 2849 599 2903; x_wconf 85' lang='grc' dir='ltr'>τῶν</span> <span class='ocrx_word' id='word_1_201' title='bbox 634 2849 1024 2917; x_wconf 73' lang='grc' dir='ltr'>ἐπουρανίων,</span> <span class='ocrx_word' id='word_1_202' title='bbox 1051 2846 1245 2912; x_wconf 80' lang='grc' dir='ltr'>καθὼς</span> <span class='ocrx_word' id='word_1_203' title='bbox 1284 2844 1749 2914; x_wconf 72' lang='grc' dir='ltr'>κεχρημάτισται</span> 
     </span>
    </p>
   </div>
   <div class='ocr_carea' id='block_1_31' title="bbox 165 2933 1746 3011">
    <p class='ocr_par' dir='ltr' id='par_1_31' title="bbox 165 2933 1746 3011">
     <span class='ocr_line' id='line_1_31' title="bbox 165 2933 1746 3011; baseline -0.009 -13"><span class='ocrx_word' id='word_1_204' title='bbox 165 2941 434 3010; x_wconf 68' lang='grc' dir='ltr'>Μωυσῆς</span> <span class='ocrx_word' id='word_1_205' title='bbox 474 2940 717 3011; x_wconf 76' lang='grc' dir='ltr'>μέλλων</span> <span class='ocrx_word' id='word_1_206' title='bbox 767 2937 1063 2992; x_wconf 81' lang='grc' dir='ltr'>ἐπιτελεῖν</span> <span class='ocrx_word' id='word_1_207' title='bbox 1108 2935 1226 3003; x_wconf 77' lang='grc' dir='ltr'>τὴν</span> <span class='ocrx_word' id='word_1_208' title='bbox 1280 2933 1540 3003; x_wconf 77' lang='grc' dir='ltr'>σκηνήν.</span> <span class='ocrx_word' id='word_1_209' title='bbox 1589 2934 1746 3001; x_wconf 79' lang='grc' dir='ltr'>Ὅρα,</span> 
     </span>
    </p>
   </div>
   <div class='ocr_carea' id='block_1_32' title="bbox 166 3024 1750 3104">
    <p class='ocr_par' dir='ltr' id='par_1_32' title="bbox 166 3024 1750 3104">
     <span class='ocr_line' id='line_1_32' title="bbox 166 3024 1750 3104; baseline -0.007 -18"><span class='ocrx_word' id='word_1_210' title='bbox 166 3034 275 3104; x_wconf 85' lang='grc' dir='ltr'><strong>γάρ</strong></span> <span class='ocrx_word' id='word_1_211' title='bbox 309 3049 469 3103; x_wconf 75' lang='grc' dir='ltr'>φησι,</span> <span class='ocrx_word' id='word_1_212' title='bbox 515 3029 789 3098; x_wconf 79' lang='grc' dir='ltr'>ποιήσεις</span> <span class='ocrx_word' id='word_1_213' title='bbox 822 3027 1020 3081; x_wconf 82' lang='grc' dir='ltr'>πάντα</span> <span class='ocrx_word' id='word_1_214' title='bbox 1065 3025 1215 3080; x_wconf 81' lang='grc' dir='ltr'>κατὰ</span> <span class='ocrx_word' id='word_1_215' title='bbox 1247 3026 1353 3078; x_wconf 81' lang='grc' dir='ltr'>τὸν</span> <span class='ocrx_word' id='word_1_216' title='bbox 1397 3025 1588 3078; x_wconf 89' lang='grc' dir='ltr'>τύπον</span> <span class='ocrx_word' id='word_1_217' title='bbox 1644 3024 1750 3076; x_wconf 79' lang='grc' dir='ltr'>τὸν</span> 
     </span>
    </p>
   </div>
   <div class='ocr_carea' id='block_1_33' title="bbox 166 3114 1750 3195">
    <p class='ocr_par' dir='ltr' id='par_1_33' title="bbox 166 3114 1750 3195">
     <span class='ocr_line' id='line_1_33' title="bbox 166 3114 1750 3195; baseline -0.009 -15"><span class='ocrx_word' id='word_1_218' title='bbox 166 3126 484 3195; x_wconf 80' lang='grc' dir='ltr'>δειχθέντα</span> <span class='ocrx_word' id='word_1_219' title='bbox 507 3141 604 3177; x_wconf 84' lang='grc' dir='ltr'><strong>σοι</strong></span> <span class='ocrx_word' id='word_1_220' title='bbox 632 3123 700 3175; x_wconf 85' lang='grc' dir='ltr'>ὲν</span> <span class='ocrx_word' id='word_1_221' title='bbox 730 3119 809 3186; x_wconf 86' lang='grc' dir='ltr'>τῷ</span> <span class='ocrx_word' id='word_1_222' title='bbox 836 3120 975 3188; x_wconf 83' lang='grc' dir='ltr'>ὄρει.</span> <span class='ocrx_word' id='word_1_223' title='bbox 1018 3116 1178 3171; x_wconf 73' lang='grc' dir='ltr'>Ἀλλὰ</span> <span class='ocrx_word' id='word_1_224' title='bbox 1206 3116 1376 3172; x_wconf 85' lang='grc' dir='ltr'>ταῦτα</span> <span class='ocrx_word' id='word_1_225' title='bbox 1413 3115 1509 3185; x_wconf 81' lang='grc' dir='ltr'><strong>μὲν</strong></span> <span class='ocrx_word' id='word_1_226' title='bbox 1544 3114 1750 3177; x_wconf 85' lang='grc' dir='ltr'>εἰκόνες</span> 
     </span>
    </p>
   </div>
   <div class='ocr_carea' id='block_1_34' title="bbox 166 3205 1726 3291">
    <p class='ocr_par' dir='ltr' id='par_1_34' title="bbox 166 3205 1726 3291">
     <span class='ocr_line' id='line_1_34' title="bbox 166 3205 1726 3291; baseline -0.01 -19"><span class='ocrx_word' id='word_1_227' title='bbox 166 3215 303 3291; x_wconf 71' lang='grc' dir='ltr'>ἦσαν</span> <span class='ocrx_word' id='word_1_228' title='bbox 352 3216 452 3271; x_wconf 73' lang='grc' dir='ltr'><strong>καὶ</strong></span> <span class='ocrx_word' id='word_1_229' title='bbox 502 3213 746 3286; x_wconf 78' lang='grc' dir='ltr'>σύμϐολα</span> <span class='ocrx_word' id='word_1_230' title='bbox 783 3211 891 3267; x_wconf 82' lang='grc' dir='ltr'><strong>τῶν</strong></span> <span class='ocrx_word' id='word_1_231' title='bbox 940 3210 1309 3281; x_wconf 74' lang='grc' dir='ltr'>ἐπουρανίωνο</span> <span class='ocrx_word' id='word_1_232' title='bbox 1354 3207 1608 3278; x_wconf 84' lang='grc' dir='ltr'>Χριστὸς</span> <span class='ocrx_word' id='word_1_233' title='bbox 1658 3205 1726 3258; x_wconf 86' lang='grc' dir='ltr'>δὲ</span> 
     </span>
    </p>
   </div>
   <div class='ocr_carea' id='block_1_35' title="bbox 168 3297 1754 3377">
    <p class='ocr_par' dir='ltr' id='par_1_35' title="bbox 168 3297 1754 3377">
     <span class='ocr_line' id='line_1_35' title="bbox 168 3297 1754 3377; baseline -0.008 -16"><span class='ocrx_word' id='word_1_234' title='bbox 168 3308 655 3377; x_wconf 75' lang='grc' dir='ltr'>παραγενόμενος</span> <span class='ocrx_word' id='word_1_235' title='bbox 702 3300 1011 3371; x_wconf 84' lang='grc' dir='ltr'>ἀρχιερεὺς</span> <span class='ocrx_word' id='word_1_236' title='bbox 1055 3298 1173 3357; x_wconf 83' lang='grc' dir='ltr'><strong>τῶν</strong></span> <span class='ocrx_word' id='word_1_237' title='bbox 1216 3300 1567 3369; x_wconf 76' lang='grc' dir='ltr'>μελλόντων</span> <span class='ocrx_word' id='word_1_238' title='bbox 1613 3297 1754 3365; x_wconf 77' lang='grc' dir='ltr'>ἀγα-</span> 
     </span>
    </p>
   </div>
   <div class='ocr_carea' id='block_1_36' title="bbox 170 3385 1755 3466">
    <p class='ocr_par' dir='ltr' id='par_1_36' title="bbox 170 3385 1755 3466">
     <span class='ocr_line' id='line_1_36' title="bbox 170 3385 1755 3466; baseline -0.008 -13"><span class='ocrx_word' id='word_1_239' title='bbox 170 3399 320 3463; x_wconf 77' lang='grc' dir='ltr'>θῶν,</span> <span class='ocrx_word' id='word_1_240' title='bbox 358 3397 462 3451; x_wconf 82' lang='grc' dir='ltr'>διὰ</span> <span class='ocrx_word' id='word_1_241' title='bbox 505 3397 617 3465; x_wconf 83' lang='grc' dir='ltr'>τῆς</span> <span class='ocrx_word' id='word_1_242' title='bbox 647 3394 917 3466; x_wconf 78' lang='grc' dir='ltr'>μείζονος</span> <span class='ocrx_word' id='word_1_243' title='bbox 968 3392 1067 3446; x_wconf 80' lang='grc' dir='ltr'><strong>καὶ</strong></span> <span class='ocrx_word' id='word_1_244' title='bbox 1111 3389 1478 3457; x_wconf 80' lang='grc' dir='ltr'>τελειοτέρας</span> <span class='ocrx_word' id='word_1_245' title='bbox 1518 3385 1755 3455; x_wconf 80' lang='grc' dir='ltr'>σκηνῆς</span> 
     </span>
    </p>
   </div>
   <div class='ocr_carea' id='block_1_37' title="bbox 171 3479 1756 3561">
    <p class='ocr_par' dir='ltr' id='par_1_37' title="bbox 171 3479 1756 3561">
     <span class='ocr_line' id='line_1_37' title="bbox 171 3479 1756 3561; baseline -0.008 -16"><span class='ocrx_word' id='word_1_246' title='bbox 171 3494 241 3544; x_wconf 84' lang='grc' dir='ltr'><strong>ού</strong></span> <span class='ocrx_word' id='word_1_247' title='bbox 276 3489 721 3561; x_wconf 78' lang='grc' dir='ltr'>χειροποιήτου,</span> <span class='ocrx_word' id='word_1_248' title='bbox 752 3485 1065 3541; x_wconf 84' lang='grc' dir='ltr'>τουτέστιν</span> <span class='ocrx_word' id='word_1_249' title='bbox 1110 3485 1182 3537; x_wconf 87' lang='grc' dir='ltr'>οὐ</span> <span class='ocrx_word' id='word_1_250' title='bbox 1222 3483 1443 3551; x_wconf 85' lang='grc' dir='ltr'>ταύτης</span> <span class='ocrx_word' id='word_1_251' title='bbox 1491 3479 1602 3549; x_wconf 82' lang='grc' dir='ltr'>τῆς</span> <span class='ocrx_word' id='word_1_252' title='bbox 1630 3481 1756 3534; x_wconf 82' lang='grc' dir='ltr'>κτί-</span> 
     </span>
    </p>
   </div>
   <div class='ocr_carea' id='block_1_38' title="bbox 171 3571 1758 3649">
    <p class='ocr_par' dir='ltr' id='par_1_38' title="bbox 171 3571 1758 3649">
     <span class='ocr_line' id='line_1_38' title="bbox 171 3571 1758 3649; baseline -0.006 -12"><span class='ocrx_word' id='word_1_253' title='bbox 171 3601 343 3649; x_wconf 85' lang='grc' dir='ltr'>σεως.</span> <span class='ocrx_word' id='word_1_254' title='bbox 376 3580 523 3635; x_wconf 83' lang='grc' dir='ltr'>οὐδὲ</span> <span class='ocrx_word' id='word_1_255' title='bbox 555 3581 628 3634; x_wconf 87' lang='grc' dir='ltr'>δι’</span> <span class='ocrx_word' id='word_1_256' title='bbox 660 3581 905 3648; x_wconf 81' lang='grc' dir='ltr'>αἵματος</span> <span class='ocrx_word' id='word_1_257' title='bbox 964 3576 1195 3646; x_wconf 76' lang='grc' dir='ltr'>τράγων</span> <span class='ocrx_word' id='word_1_258' title='bbox 1222 3574 1324 3629; x_wconf 77' lang='grc' dir='ltr'><strong>καὶ</strong></span> <span class='ocrx_word' id='word_1_259' title='bbox 1362 3576 1633 3645; x_wconf 77' lang='grc' dir='ltr'>μόσχων,</span> <span class='ocrx_word' id='word_1_260' title='bbox 1661 3571 1758 3627; x_wconf 88' lang='grc' dir='ltr'>διὰ</span> 
     </span>
    </p>
   </div>
   <div class='ocr_carea' id='block_1_39' title="bbox 172 3663 1758 3741">
    <p class='ocr_par' dir='ltr' id='par_1_39' title="bbox 172 3663 1758 3741">
     <span class='ocr_line' id='line_1_39' title="bbox 172 3663 1758 3741; baseline -0.006 -15"><span class='ocrx_word' id='word_1_261' title='bbox 172 3674 237 3727; x_wconf 82' lang='grc' dir='ltr'>δὲ</span> <span class='ocrx_word' id='word_1_262' title='bbox 269 3675 382 3729; x_wconf 83' lang='grc' dir='ltr'><strong>τοῦ</strong></span> <span class='ocrx_word' id='word_1_263' title='bbox 440 3673 592 3727; x_wconf 84' lang='grc' dir='ltr'>ίδίου</span> <span class='ocrx_word' id='word_1_264' title='bbox 642 3673 889 3741; x_wconf 85' lang='grc' dir='ltr'>αἳματος</span> <span class='ocrx_word' id='word_1_265' title='bbox 948 3666 1233 3736; x_wconf 83' lang='grc' dir='ltr'>εἰσῆλθεν</span> <span class='ocrx_word' id='word_1_266' title='bbox 1283 3664 1521 3737; x_wconf 66' lang='grc' dir='ltr'>ἐφάπαξ</span> <span class='ocrx_word' id='word_1_267' title='bbox 1560 3667 1647 3731; x_wconf 84' lang='grc' dir='ltr'><strong>είς</strong></span> <span class='ocrx_word' id='word_1_268' title='bbox 1686 3663 1758 3717; x_wconf 81' lang='grc' dir='ltr'>τὰ</span> 
     </span>
    </p>
   </div>
   <div class='ocr_carea' id='block_1_40' title="bbox 174 3752 1760 3834">
    <p class='ocr_par' dir='ltr' id='par_1_40' title="bbox 174 3752 1760 3834">
     <span class='ocr_line' id='line_1_40' title="bbox 174 3752 1760 3834; baseline -0.008 -16"><span class='ocrx_word' id='word_1_269' title='bbox 174 3764 338 3834; x_wconf 75' lang='grc' dir='ltr'>ἅγια,</span> <span class='ocrx_word' id='word_1_270' title='bbox 395 3764 643 3816; x_wconf 77' lang='grc' dir='ltr'>αἰωνίαν</span> <span class='ocrx_word' id='word_1_271' title='bbox 682 3763 987 3829; x_wconf 77' lang='grc' dir='ltr'>λύτρωσιν</span> <span class='ocrx_word' id='word_1_272' title='bbox 1016 3757 1366 3827; x_wconf 80' lang='grc' dir='ltr'>εὑράμενος.</span> <span class='ocrx_word' id='word_1_273' title='bbox 1402 3756 1464 3808; x_wconf 80' lang='lat' dir='ltr'><strong>El</strong></span> <span class='ocrx_word' id='word_1_274' title='bbox 1509 3754 1564 3807; x_wconf 83' lang='grc' dir='ltr'>δὲ</span> <span class='ocrx_word' id='word_1_275' title='bbox 1605 3752 1760 3821; x_wconf 85' lang='grc' dir='ltr'>χαρὰ</span> 
     </span>
    </p>
   </div>
   <div class='ocr_carea' id='block_1_41' title="bbox 174 3840 1759 3924">
    <p class='ocr_par' dir='ltr' id='par_1_41' title="bbox 174 3840 1759 3924">
     <span class='ocr_line' id='line_1_41' title="bbox 174 3840 1759 3924; baseline -0.008 -17"><span class='ocrx_word' id='word_1_276' title='bbox 174 3844 403 3924; x_wconf 80' lang='grc' dir='ltr'>γίνεται</span> <span class='ocrx_word' id='word_1_277' title='bbox 446 3855 516 3907; x_wconf 84' lang='grc' dir='ltr'>ἐν</span> <span class='ocrx_word' id='word_1_278' title='bbox 556 3851 681 3923; x_wconf 76' lang='grc' dir='ltr'>τοῖς</span> <span class='ocrx_word' id='word_1_279' title='bbox 713 3849 992 3920; x_wconf 83' lang='grc' dir='ltr'>οὐρανοῖς</span> <span class='ocrx_word' id='word_1_280' title='bbox 1026 3847 1133 3900; x_wconf 83' lang='grc' dir='ltr'><strong>τῶν</strong></span> <span class='ocrx_word' id='word_1_281' title='bbox 1180 3845 1429 3915; x_wconf 86' lang='grc' dir='ltr'>ἀγγέλων</span> <span class='ocrx_word' id='word_1_282' title='bbox 1481 3842 1573 3897; x_wconf 87' lang='grc' dir='ltr'><strong>τοῦ</strong></span> <span class='ocrx_word' id='word_1_283' title='bbox 1624 3840 1759 3895; x_wconf 89' lang='grc' dir='ltr'>Θεοῦ</span> 
     </span>
    </p>
   </div>
   <div class='ocr_carea' id='block_1_42' title="bbox 174 3928 1762 4013">
    <p class='ocr_par' dir='ltr' id='par_1_42' title="bbox 174 3928 1762 4013">
     <span class='ocr_line' id='line_1_42' title="bbox 174 3928 1762 4013; baseline -0.012 -14"><span class='ocrx_word' id='word_1_284' title='bbox 174 3946 267 3999; x_wconf 79' lang='grc' dir='ltr'><strong>ἐπὶ</strong></span> <span class='ocrx_word' id='word_1_285' title='bbox 294 3945 390 3999; x_wconf 78' lang='grc' dir='ltr'><strong>ἐνὶ</strong></span> <span class='ocrx_word' id='word_1_286' title='bbox 423 3940 747 4013; x_wconf 83' lang='grc' dir='ltr'>ἁμαρτωλῷ</span> <span class='ocrx_word' id='word_1_287' title='bbox 763 3935 1179 4008; x_wconf 83' lang='grc' dir='ltr'>μετανοοῦντι,</span> <span class='ocrx_word' id='word_1_288' title='bbox 1211 3932 1456 3995; x_wconf 76' lang='grc' dir='ltr'>εἰκότως,</span> <span class='ocrx_word' id='word_1_289' title='bbox 1483 3928 1762 3998; x_wconf 74' lang='grc' dir='ltr'>θεοφιλοῦς</span> 
     </span>
    </p>
   </div>
   <div class='ocr_carea' id='block_1_43' title="bbox 176 4018 1764 4109">
    <p class='ocr_par' dir='ltr' id='par_1_43' title="bbox 176 4018 1764 4109">
     <span class='ocr_line' id='line_1_43' title="bbox 176 4018 1764 4109; baseline -0.013 -17"><span class='ocrx_word' id='word_1_290' title='bbox 176 4038 351 4109; x_wconf 76' lang='grc' dir='ltr'>ψυχῆς</span> <span class='ocrx_word' id='word_1_291' title='bbox 400 4035 657 4107; x_wconf 39' lang='grc' dir='ltr'>μετὰητὸν</span> <span class='ocrx_word' id='word_1_292' title='bbox 694 4029 1065 4104; x_wconf 74' lang='grc' dir='ltr'>αύτάρκηκαὶ</span> <span class='ocrx_word' id='word_1_293' title='bbox 1101 4027 1193 4079; x_wconf 83' lang='grc' dir='ltr'><strong>τδν</strong></span> <span class='ocrx_word' id='word_1_294' title='bbox 1242 4023 1485 4096; x_wconf 83' lang='grc' dir='ltr'>παρόντα.</span> <span class='ocrx_word' id='word_1_295' title='bbox 1531 4021 1644 4093; x_wconf 75' lang='grc' dir='ltr'>βίον</span> <span class='ocrx_word' id='word_1_296' title='bbox 1674 4018 1764 4073; x_wconf 79' lang='grc' dir='ltr'>διὰ</span> 
     </span>
    </p>
   </div>
   <div class='ocr_carea' id='block_1_44' title="bbox 180 4115 1762 4201">
    <p class='ocr_par' dir='ltr' id='par_1_44' title="bbox 180 4115 1762 4201">
     <span class='ocr_line' id='line_1_44' title="bbox 180 4115 1762 4201; baseline -0.012 -16"><span class='ocrx_word' id='word_1_297' title='bbox 180 4129 490 4201; x_wconf 80' lang='grc' dir='ltr'>γυμνασίαν</span> <span class='ocrx_word' id='word_1_298' title='bbox 523 4124 958 4195; x_wconf 78' lang='grc' dir='ltr'>καταξιουμένης</span> <span class='ocrx_word' id='word_1_299' title='bbox 983 4121 1083 4191; x_wconf 75' lang='grc' dir='ltr'>τῆς</span> <span class='ocrx_word' id='word_1_300' title='bbox 1115 4120 1205 4182; x_wconf 63' lang='grc' dir='ltr'>είς,</span> <span class='ocrx_word' id='word_1_301' title='bbox 1226 4116 1297 4171; x_wconf 87' lang='grc' dir='ltr'>τὰ</span> <span class='ocrx_word' id='word_1_302' title='bbox 1328 4117 1459 4185; x_wconf 65' lang='lat' dir='ltr'><strong>am</strong></span> <span class='ocrx_word' id='word_1_303' title='bbox 1489 4115 1556 4168; x_wconf 85' lang='grc' dir='ltr'>τὰ</span> <span class='ocrx_word' id='word_1_304' title='bbox 1599 4116 1762 4167; x_wconf 84' lang='grc' dir='ltr'>ὲπου-</span> 
     </span>
    </p>
   </div>
   <div class='ocr_carea' id='block_1_45' title="bbox 184 4206 1769 4294">
    <p class='ocr_par' dir='ltr' id='par_1_45' title="bbox 184 4206 1769 4294">
     <span class='ocr_line' id='line_1_45' title="bbox 184 4206 1769 4294; baseline -0.012 -19"><span class='ocrx_word' id='word_1_305' title='bbox 184 4225 338 4294; x_wconf 82' lang='grc' dir='ltr'>ράνια</span> <span class='ocrx_word' id='word_1_306' title='bbox 366 4218 574 4273; x_wconf 77' lang='grc' dir='ltr'>εἰσόδου</span> <span class='ocrx_word' id='word_1_307' title='bbox 595 4258 609 4283; x_wconf 93' lang='grc'><strong>,</strong></span> <span class='ocrx_word' id='word_1_308' title='bbox 650 4218 801 4289; x_wconf 73' lang='grc' dir='ltr'>φωνὴ</span> <span class='ocrx_word' id='word_1_309' title='bbox 837 4214 1042 4283; x_wconf 86' lang='grc' dir='ltr'>γίνεται</span> <span class='ocrx_word' id='word_1_310' title='bbox 1074 4210 1349 4287; x_wconf 79' lang='grc' dir='ltr'>εὐφημίας</span> <span class='ocrx_word' id='word_1_311' title='bbox 1396 4206 1631 4279; x_wconf 82' lang='grc' dir='ltr'>πλήθους</span> <span class='ocrx_word' id='word_1_312' title='bbox 1662 4223 1769 4259; x_wconf 70' lang='grc' dir='ltr'>πα-</span> 
     </span>
    </p>
   </div>
   <div class='ocr_carea' id='block_1_46' title="bbox 182 4298 1767 4387">
    <p class='ocr_par' dir='ltr' id='par_1_46' title="bbox 182 4298 1767 4387">
     <span class='ocr_line' id='line_1_46' title="bbox 182 4298 1767 4387; baseline -0.01 -21"><span class='ocrx_word' id='word_1_313' title='bbox 182 4311 578 4387; x_wconf 81' lang='grc' dir='ltr'>νηγυριζόντων</span> <span class='ocrx_word' id='word_1_314' title='bbox 626 4309 718 4364; x_wconf 76' lang='grc' dir='ltr'>καὶ</span> <span class='ocrx_word' id='word_1_315' title='bbox 757 4305 1217 4379; x_wconf 83' lang='grc' dir='ltr'>εύχαριστούντων</span> <span class='ocrx_word' id='word_1_316' title='bbox 1259 4302 1353 4354; x_wconf 74' lang='grc' dir='ltr'><strong>ἐπὶ</strong></span> <span class='ocrx_word' id='word_1_317' title='bbox 1401 4303 1466 4372; x_wconf 77' lang='grc' dir='ltr'>τῇ</span> <span class='ocrx_word' id='word_1_318' title='bbox 1520 4298 1767 4371; x_wconf 73' lang='grc' dir='ltr'>σωτηρίᾳ</span> 
     </span>
    </p>
   </div>
   <div class='ocr_carea' id='block_1_47' title="bbox 181 4389 1787 4472">
    <p class='ocr_par' dir='ltr' id='par_1_47' title="bbox 181 4389 1787 4472">
     <span class='ocr_line' id='line_1_47' title="bbox 181 4389 1787 4472; baseline -0.011 -13"><span class='ocrx_word' id='word_1_319' title='bbox 181 4406 271 4459; x_wconf 86' lang='grc' dir='ltr'><strong>τοῦ</strong></span> <span class='ocrx_word' id='word_1_320' title='bbox 324 4404 656 4472; x_wconf 80' lang='grc' dir='ltr'>σωζομένου.</span> <span class='ocrx_word' id='word_1_321' title='bbox 688 4402 755 4454; x_wconf 76' lang='grc' dir='ltr'><strong>Ἀ</strong></span> <span class='ocrx_word' id='word_1_322' title='bbox 804 4401 869 4471; x_wconf 86' lang='grc' dir='ltr'>δὴ</span> <span class='ocrx_word' id='word_1_323' title='bbox 913 4398 1277 4468; x_wconf 79' lang='grc' dir='ltr'>πεπεισμένος</span> <span class='ocrx_word' id='word_1_324' title='bbox 1322 4389 1462 4446; x_wconf 79' lang='grc' dir='ltr'>εἶναι</span> <span class='ocrx_word' id='word_1_325' title='bbox 1506 4391 1680 4463; x_wconf 81' lang='grc' dir='ltr'>ἀληθῆ</span> <span class='ocrx_word' id='word_1_326' title='bbox 1736 4390 1787 4444; x_wconf 63' lang='grc' dir='ltr'><strong>ὁ“</strong></span> 
     </span>
    </p>
   </div>
   <div class='ocr_carea' id='block_1_48' title="bbox 182 4486 1763 4568">
    <p class='ocr_par' dir='ltr' id='par_1_48' title="bbox 182 4486 1763 4568">
     <span class='ocr_line' id='line_1_48' title="bbox 182 4486 1763 4568; baseline -0.006 -19"><span class='ocrx_word' id='word_1_327' title='bbox 182 4500 388 4561; x_wconf 77' lang='grc' dir='ltr'>τούτοις</span> <span class='ocrx_word' id='word_1_328' title='bbox 432 4494 821 4568; x_wconf 70' lang='grc' dir='ltr'>μαθητευθεὶς,</span> <span class='ocrx_word' id='word_1_329' title='bbox 857 4492 1081 4553; x_wconf 82' lang='grc' dir='ltr'>εἰκότως</span> <span class='ocrx_word' id='word_1_330' title='bbox 1126 4488 1263 4560; x_wconf 87' lang='grc' dir='ltr'>πρὸς</span> <span class='ocrx_word' id='word_1_331' title='bbox 1301 4486 1490 4540; x_wconf 78' lang='grc' dir='ltr'>ἑαυτὸν</span> <span class='ocrx_word' id='word_1_332' title='bbox 1518 4486 1721 4555; x_wconf 79' lang='grc' dir='ltr'>φάσκει</span> <span class='ocrx_word' id='word_1_333' title='bbox 1748 4501 1763 4515; x_wconf 78' lang='grc'><strong>⁸</strong></span> 
     </span>
    </p>
   </div>
   <div class='ocr_carea' id='block_1_49' title="bbox 185 4575 1841 4664">
    <p class='ocr_par' dir='ltr' id='par_1_49' title="bbox 185 4575 1841 4664">
     <span class='ocr_line' id='line_1_49' title="bbox 185 4575 1841 4664; baseline -0.01 -20"><span class='ocrx_word' id='word_1_334' title='bbox 185 4590 303 4644; x_wconf 81' lang='grc' dir='ltr'>Ἵνα</span> <span class='ocrx_word' id='word_1_335' title='bbox 334 4591 392 4642; x_wconf 85' lang='grc' dir='ltr'><strong>τί</strong></span> <span class='ocrx_word' id='word_1_336' title='bbox 439 4589 767 4655; x_wconf 83' lang='grc' dir='ltr'>περίλυπος</span> <span class='ocrx_word' id='word_1_337' title='bbox 822 4579 907 4646; x_wconf 78' lang='grc' dir='ltr'>εἷ,</span> <span class='ocrx_word' id='word_1_338' title='bbox 956 4584 993 4651; x_wconf 79' lang='grc' dir='ltr'><strong><em>ή</em></strong></span> <span class='ocrx_word' id='word_1_339' title='bbox 1039 4579 1208 4653; x_wconf 67' lang='grc' dir='ltr'>ψυχή</span> <span class='ocrx_word' id='word_1_340' title='bbox 1242 4576 1518 4649; x_wconf 79' lang='grc' dir='ltr'>μου,καὶ</span> <span class='ocrx_word' id='word_1_341' title='bbox 1559 4577 1659 4630; x_wconf 79' lang='grc' dir='ltr'>ἵνα</span> <span class='ocrx_word' id='word_1_342' title='bbox 1708 4575 1841 4664; x_wconf 77' lang='lat' dir='ltr'><strong>rl&#39;D</strong></span> 
     </span>
    </p>
   </div>
   <div class='ocr_carea' id='block_1_50' title="bbox 184 4668 1767 4749">
    <p class='ocr_par' dir='ltr' id='par_1_50' title="bbox 184 4668 1767 4749">
     <span class='ocr_line' id='line_1_50' title="bbox 184 4668 1767 4749; baseline -0.009 -14"><span class='ocrx_word' id='word_1_343' title='bbox 184 4678 633 4749; x_wconf 77' lang='grc' dir='ltr'>συνταράσσεις</span> <span class='ocrx_word' id='word_1_344' title='bbox 656 4693 732 4746; x_wconf 90' lang='grc' dir='ltr'><strong>με</strong></span> <span class='ocrx_word' id='word_1_345' title='bbox 750 4692 776 4739; x_wconf 75' lang='grc'>;,</span> <span class='ocrx_word' id='word_1_346' title='bbox 797 4675 868 4730; x_wconf 86' lang='grc' dir='ltr'><strong>Ἦ</strong></span> <span class='ocrx_word' id='word_1_347' title='bbox 903 4672 1043 4727; x_wconf 78' lang='grc' dir='ltr'>κατὰ</span> <span class='ocrx_word' id='word_1_348' title='bbox 1072 4671 1164 4725; x_wconf 84' lang='grc' dir='ltr'><strong>τὸν</strong></span> <span class='ocrx_word' id='word_1_349' title='bbox 1189 4669 1512 4742; x_wconf 53' lang='grc' dir='ltr'>Σύμμαχον</span> <span class='ocrx_word' id='word_1_350' title='bbox 1566 4668 1628 4722; x_wconf 76' lang='lat' dir='ltr'><strong>Ti</strong></span> <span class='ocrx_word' id='word_1_351' title='bbox 1660 4685 1767 4721; x_wconf 84' lang='grc' dir='ltr'><strong>κα-</strong></span> 
     </span>
    </p>
   </div>
   <div class='ocr_carea' id='block_1_51' title="bbox 184 4759 1783 4841">
    <p class='ocr_par' dir='ltr' id='par_1_51' title="bbox 184 4759 1783 4841">
     <span class='ocr_line' id='line_1_51' title="bbox 184 4759 1783 4841; baseline -0.009 -15"><span class='ocrx_word' id='word_1_352' title='bbox 184 4773 521 4841; x_wconf 79' lang='grc' dir='ltr'>τακάμπτῃ,</span> <span class='ocrx_word' id='word_1_353' title='bbox 547 4772 585 4838; x_wconf 80' lang='grc' dir='ltr'>ἡ</span> <span class='ocrx_word' id='word_1_354' title='bbox 615 4767 784 4838; x_wconf 65' lang='grc' dir='ltr'>ψυχή</span> <span class='ocrx_word' id='word_1_355' title='bbox 813 4784 953 4837; x_wconf 90' lang='grc' dir='ltr'>μου,</span> <span class='ocrx_word' id='word_1_356' title='bbox 981 4765 1075 4818; x_wconf 79' lang='grc' dir='ltr'><strong>καὶ</strong></span> <span class='ocrx_word' id='word_1_357' title='bbox 1098 4764 1154 4818; x_wconf 89' lang='grc' dir='ltr'><strong>τί</strong></span> <span class='ocrx_word' id='word_1_358' title='bbox 1174 4760 1396 4831; x_wconf 77' lang='grc' dir='ltr'>θορυϐῇ</span> <span class='ocrx_word' id='word_1_359' title='bbox 1422 4760 1549 4814; x_wconf 80' lang='grc' dir='ltr'>κατ’</span> <span class='ocrx_word' id='word_1_360' title='bbox 1581 4759 1727 4828; x_wconf 84' lang='grc' dir='ltr'>ἐμοῦ</span> <span class='ocrx_word' id='word_1_361' title='bbox 1746 4775 1783 4822; x_wconf 52' lang='grc' dir='ltr'><strong>;έ</strong></span> 
     </span>
    </p>
   </div>
   <div class='ocr_carea' id='block_1_52' title="bbox 195 4848 1766 4933">
    <p class='ocr_par' dir='ltr' id='par_1_52' title="bbox 195 4848 1766 4933">
     <span class='ocr_line' id='line_1_52' title="bbox 195 4848 1766 4933; baseline -0.011 -15"><span class='ocrx_word' id='word_1_362' title='bbox 195 4865 539 4933; x_wconf 78' lang='grc' dir='ltr'>Ἀνάμεινον</span> <span class='ocrx_word' id='word_1_363' title='bbox 586 4860 692 4913; x_wconf 78' lang='grc' dir='ltr'>τὸν</span> <span class='ocrx_word' id='word_1_364' title='bbox 740 4860 905 4922; x_wconf 83' lang='grc' dir='ltr'>Θεὸν,</span> <span class='ocrx_word' id='word_1_365' title='bbox 950 4856 1038 4910; x_wconf 83' lang='grc' dir='ltr'>ὅτι</span> <span class='ocrx_word' id='word_1_366' title='bbox 1086 4852 1373 4922; x_wconf 86' lang='grc' dir='ltr'>διηνεκῶς</span> <span class='ocrx_word' id='word_1_367' title='bbox 1405 4848 1766 4920; x_wconf 70' lang='grc' dir='ltr'>ἐξομολογή-</span> 
     </span>
    </p>
   </div>
   <div class='ocr_carea' id='block_1_53' title="bbox 182 4940 1770 5023">
    <p class='ocr_par' dir='ltr' id='par_1_53' title="bbox 182 4940 1770 5023">
     <span class='ocr_line' id='line_1_53' title="bbox 182 4940 1770 5023; baseline -0.009 -15"><span class='ocrx_word' id='word_1_368' title='bbox 182 4971 362 5023; x_wconf 82' lang='grc' dir='ltr'>σομαι</span> <span class='ocrx_word' id='word_1_369' title='bbox 390 4952 555 5017; x_wconf 83' lang='grc' dir='ltr'>αὐτῷ</span> <span class='ocrx_word' id='word_1_370' title='bbox 592 4952 699 5017; x_wconf 87' lang='grc' dir='ltr'>τὰς</span> <span class='ocrx_word' id='word_1_371' title='bbox 719 4948 1015 5016; x_wconf 86' lang='grc' dir='ltr'>σωτηρίας</span> <span class='ocrx_word' id='word_1_372' title='bbox 1041 4945 1145 4999; x_wconf 87' lang='grc' dir='ltr'><strong>τοῦ</strong></span> <span class='ocrx_word' id='word_1_373' title='bbox 1186 4943 1509 5013; x_wconf 80' lang='grc' dir='ltr'>προσώπου</span> <span class='ocrx_word' id='word_1_374' title='bbox 1541 4940 1724 4995; x_wconf 82' lang='grc' dir='ltr'>αὑτοῦ</span> <span class='ocrx_word' id='word_1_375' title='bbox 1745 4958 1770 4972; x_wconf 89' lang='grc'><strong>·-</strong></span> 
     </span>
    </p>
   </div>
   <div class='ocr_carea' id='block_1_54' title="bbox 184 5030 1762 5114">
    <p class='ocr_par' dir='ltr' id='par_1_54' title="bbox 184 5030 1762 5114">
     <span class='ocr_line' id='line_1_54' title="bbox 184 5030 1762 5114; baseline -0.01 -16"><span class='ocrx_word' id='word_1_376' title='bbox 184 5045 247 5114; x_wconf 76' lang='grc' dir='ltr'>ἦ,</span> <span class='ocrx_word' id='word_1_377' title='bbox 278 5044 414 5111; x_wconf 87' lang='grc' dir='ltr'>ταῖς</span> <span class='ocrx_word' id='word_1_378' title='bbox 458 5042 777 5109; x_wconf 86' lang='grc' dir='ltr'>σωτηρίαις</span> <span class='ocrx_word' id='word_1_379' title='bbox 808 5038 915 5093; x_wconf 90' lang='grc' dir='ltr'>τοῦ</span> <span class='ocrx_word' id='word_1_380' title='bbox 952 5035 1276 5105; x_wconf 88' lang='grc' dir='ltr'>προσώπου</span> <span class='ocrx_word' id='word_1_381' title='bbox 1327 5031 1515 5086; x_wconf 83' lang='grc' dir='ltr'>αὐτοῦ</span> <span class='ocrx_word' id='word_1_382' title='bbox 1540 5070 1555 5095; x_wconf 93' lang='grc'><strong>,</strong></span> <span class='ocrx_word' id='word_1_383' title='bbox 1622 5030 1762 5084; x_wconf 76' lang='grc' dir='ltr'>κατὰ</span> 
     </span>
    </p>
   </div>
   <div class='ocr_carea' id='block_1_55' title="bbox 185 5125 1779 5201">
    <p class='ocr_par' dir='ltr' id='par_1_55' title="bbox 185 5125 1779 5201">
     <span class='ocr_line' id='line_1_55' title="bbox 185 5125 1779 5201; baseline -0.007 -15"><span class='ocrx_word' id='word_1_384' title='bbox 185 5134 274 5187; x_wconf 73' lang='grc' dir='ltr'><strong>τὸν</strong></span> <span class='ocrx_word' id='word_1_385' title='bbox 315 5133 569 5188; x_wconf 77' lang='grc' dir='ltr'>Ἀκύλαν.</span> <span class='ocrx_word' id='word_1_386' title='bbox 591 5132 883 5201; x_wconf 85' lang='grc' dir='ltr'>Γενόμενος</span> <span class='ocrx_word' id='word_1_387' title='bbox 907 5128 1157 5200; x_wconf 68' lang='grc' dir='ltr'>γὰμόσον</span> <span class='ocrx_word' id='word_1_388' title='bbox 1183 5126 1394 5179; x_wconf 80' lang='grc' dir='ltr'>οὐδέπω</span> <span class='ocrx_word' id='word_1_389' title='bbox 1416 5125 1474 5177; x_wconf 85' lang='grc' dir='ltr'>ὲν</span> <span class='ocrx_word' id='word_1_390' title='bbox 1502 5126 1568 5195; x_wconf 77' lang='grc' dir='ltr'>τῇ</span> <span class='ocrx_word' id='word_1_391' title='bbox 1596 5126 1779 5194; x_wconf 83' lang='grc' dir='ltr'>σκηνῇ·</span> 
     </span>
    </p>
   </div>
   <div class='ocr_carea' id='block_1_56' title="bbox 188 5212 1771 5291">
    <p class='ocr_par' dir='ltr' id='par_1_56' title="bbox 188 5212 1771 5291">
     <span class='ocr_line' id='line_1_56' title="bbox 188 5212 1771 5291; baseline -0.008 -14"><span class='ocrx_word' id='word_1_392' title='bbox 188 5225 280 5277; x_wconf 74' lang='grc' dir='ltr'><strong>τοῦ</strong></span> <span class='ocrx_word' id='word_1_393' title='bbox 309 5226 470 5291; x_wconf 88' lang='grc' dir='ltr'>Θεοῦ,</span> <span class='ocrx_word' id='word_1_394' title='bbox 507 5225 601 5279; x_wconf 72' lang='grc' dir='ltr'>καὶ</span> <span class='ocrx_word' id='word_1_395' title='bbox 630 5224 734 5276; x_wconf 82' lang='grc' dir='ltr'><strong>ὑπὸ</strong></span> <span class='ocrx_word' id='word_1_396' title='bbox 764 5220 1010 5290; x_wconf 81' lang='grc' dir='ltr'>ἀγγέλων</span> <span class='ocrx_word' id='word_1_397' title='bbox 1041 5219 1208 5287; x_wconf 81' lang='grc' dir='ltr'>ἁγίων</span> <span class='ocrx_word' id='word_1_398' title='bbox 1237 5214 1652 5285; x_wconf 74' lang='grc' dir='ltr'>διαδασταχθεὶς</span> <span class='ocrx_word' id='word_1_399' title='bbox 1681 5212 1771 5265; x_wconf 81' lang='grc' dir='ltr'>διὰ</span> 
     </span>
    </p>
   </div>
   <div class='ocr_carea' id='block_1_57' title="bbox 189 5309 1771 5387">
    <p class='ocr_par' dir='ltr' id='par_1_57' title="bbox 189 5309 1771 5387">
     <span class='ocr_line' id='line_1_57' title="bbox 189 5309 1771 5387; baseline -0.01 -14"><span class='ocrx_word' id='word_1_400' title='bbox 189 5319 249 5372; x_wconf 77' lang='grc' dir='ltr'>τὸ</span> <span class='ocrx_word' id='word_1_401' title='bbox 278 5318 414 5387; x_wconf 64' lang='grc' dir='ltr'>ὕψος</span> <span class='ocrx_word' id='word_1_402' title='bbox 452 5317 629 5371; x_wconf 76' lang='grc' dir='ltr'>καὶτὸ</span> <span class='ocrx_word' id='word_1_403' title='bbox 664 5316 885 5385; x_wconf 72' lang='grc' dir='ltr'>ἔπαρμα</span> <span class='ocrx_word' id='word_1_404' title='bbox 914 5312 1085 5382; x_wconf 74' lang='grc' dir='ltr'>αὐτῆς</span> <span class='ocrx_word' id='word_1_405' title='bbox 1118 5311 1178 5363; x_wconf 79' lang='grc' dir='ltr'>τὸ</span> <span class='ocrx_word' id='word_1_406' title='bbox 1217 5309 1556 5379; x_wconf 77' lang='grc' dir='ltr'>ἐπουράνιον,</span> <span class='ocrx_word' id='word_1_407' title='bbox 1594 5323 1771 5377; x_wconf 85' lang='grc' dir='ltr'>παρα-</span> 
     </span>
    </p>
   </div>
   <div class='ocr_carea' id='block_1_58' title="bbox 193 5399 1773 5483">
    <p class='ocr_par' dir='ltr' id='par_1_58' title="bbox 193 5399 1773 5483">
     <span class='ocr_line' id='line_1_58' title="bbox 193 5399 1773 5483; baseline -0.009 -18"><span class='ocrx_word' id='word_1_408' title='bbox 193 5414 462 5483; x_wconf 81' lang='grc' dir='ltr'>στήσομαι</span> <span class='ocrx_word' id='word_1_409' title='bbox 503 5408 581 5480; x_wconf 84' lang='grc' dir='ltr'>τῷ</span> <span class='ocrx_word' id='word_1_410' title='bbox 610 5407 884 5481; x_wconf 84' lang='grc' dir='ltr'>προσώπῳ</span> <span class='ocrx_word' id='word_1_411' title='bbox 910 5405 1003 5459; x_wconf 90' lang='grc' dir='ltr'><strong>τοῦ</strong></span> <span class='ocrx_word' id='word_1_412' title='bbox 1048 5403 1205 5467; x_wconf 89' lang='grc' dir='ltr'>Θεοῦ,</span> <span class='ocrx_word' id='word_1_413' title='bbox 1241 5402 1335 5455; x_wconf 67' lang='grc' dir='ltr'>καὶ</span> <span class='ocrx_word' id='word_1_414' title='bbox 1380 5399 1641 5471; x_wconf 82' lang='grc' dir='ltr'>τεύξομαι</span> <span class='ocrx_word' id='word_1_415' title='bbox 1671 5399 1773 5469; x_wconf 80' lang='grc' dir='ltr'><strong>τῆς</strong></span> 
     </span>
    </p>
   </div>
   <div class='ocr_carea' id='block_1_59' title="bbox 195 5489 1772 5572">
    <p class='ocr_par' dir='ltr' id='par_1_59' title="bbox 195 5489 1772 5572">
     <span class='ocr_line' id='line_1_59' title="bbox 195 5489 1772 5572; baseline -0.007 -18"><span class='ocrx_word' id='word_1_416' title='bbox 195 5501 321 5568; x_wconf 84' lang='grc' dir='ltr'>θέας</span> <span class='ocrx_word' id='word_1_417' title='bbox 361 5502 456 5555; x_wconf 87' lang='grc' dir='ltr'><strong>τοῦ</strong></span> <span class='ocrx_word' id='word_1_418' title='bbox 485 5500 755 5572; x_wconf 86' lang='grc' dir='ltr'>σωτηρίου</span> <span class='ocrx_word' id='word_1_419' title='bbox 820 5496 982 5550; x_wconf 76' lang='grc' dir='ltr'>αὑτοῦ</span> <span class='ocrx_word' id='word_1_420' title='bbox 1003 5512 1017 5526; x_wconf 73' lang='grc' dir='ltr'><strong>ο</strong></span> <span class='ocrx_word' id='word_1_421' title='bbox 1046 5493 1252 5547; x_wconf 88' lang='grc' dir='ltr'>τούτων</span> <span class='ocrx_word' id='word_1_422' title='bbox 1295 5491 1546 5556; x_wconf 76' lang='grc' dir='ltr'>ἀξιωθεὶς</span> <span class='ocrx_word' id='word_1_423' title='bbox 1568 5530 1583 5555; x_wconf 90' lang='grc'><strong>,</strong></span> <span class='ocrx_word' id='word_1_424' title='bbox 1627 5489 1772 5543; x_wconf 74' lang='grc' dir='ltr'>κατὰ</span> 
     </span>
    </p>
   </div>
   <div class='ocr_carea' id='block_1_60' title="bbox 194 5578 1770 5665">
    <p class='ocr_par' dir='ltr' id='par_1_60' title="bbox 194 5578 1770 5665">
     <span class='ocr_line' id='line_1_60' title="bbox 194 5578 1770 5665; baseline -0.011 -18"><span class='ocrx_word' id='word_1_425' title='bbox 194 5593 385 5665; x_wconf 81' lang='grc' dir='ltr'>καιρὸν</span> <span class='ocrx_word' id='word_1_426' title='bbox 426 5591 733 5661; x_wconf 75' lang='grc' dir='ltr'>ἀναπέμψω</span> <span class='ocrx_word' id='word_1_427' title='bbox 764 5588 861 5660; x_wconf 75' lang='grc' dir='ltr'>τὴν</span> <span class='ocrx_word' id='word_1_428' title='bbox 889 5584 1279 5657; x_wconf 79' lang='grc' dir='ltr'>ἐξομολόγησιν.</span> <span class='ocrx_word' id='word_1_429' title='bbox 1304 5583 1397 5635; x_wconf 70' lang='grc' dir='ltr'><strong>καὶ</strong></span> <span class='ocrx_word' id='word_1_430' title='bbox 1426 5581 1523 5652; x_wconf 86' lang='grc' dir='ltr'>τὴν</span> <span class='ocrx_word' id='word_1_431' title='bbox 1558 5578 1770 5649; x_wconf 80' lang='grc' dir='ltr'>ὀφειλο-</span> 
     </span>
    </p>
   </div>
   <div class='ocr_carea' id='block_1_61' title="bbox 199 5679 943 5758">
    <p class='ocr_par' dir='ltr' id='par_1_61' title="bbox 199 5679 943 5758">
     <span class='ocr_line' id='line_1_61' title="bbox 199 5679 943 5758; baseline -0.009 -18"><span class='ocrx_word' id='word_1_432' title='bbox 199 5687 369 5757; x_wconf 81' lang='grc' dir='ltr'>μένην</span> <span class='ocrx_word' id='word_1_433' title='bbox 402 5684 749 5758; x_wconf 77' lang='grc' dir='ltr'>εὐχαριστίαν</span> <span class='ocrx_word' id='word_1_434' title='bbox 775 5679 943 5751; x_wconf 80' lang='grc' dir='ltr'>αὐτῷ.</span> 
     </span>
    </p>
   </div>
   <div class='ocr_carea' id='block_1_62' title="bbox 1857 627 3417 697">
    <p class='ocr_par' dir='ltr' id='par_1_62' title="bbox 1857 627 3417 697">
     <span class='ocr_line' id='line_1_62' title="bbox 1857 627 3417 697; baseline -0.001 -16"><span class='ocrx_word' id='word_1_435' title='bbox 1857 629 2079 684; x_wconf 85' lang='lat' dir='ltr'><strong>actionis</strong></span> <span class='ocrx_word' id='word_1_436' title='bbox 2112 627 2281 684; x_wconf 78' lang='lat' dir='ltr'><strong>turba:</strong></span> <span class='ocrx_word' id='word_1_437' title='bbox 2308 628 2501 697; x_wconf 87' lang='lat' dir='ltr'><strong>festum</strong></span> <span class='ocrx_word' id='word_1_438' title='bbox 2535 628 2897 692; x_wconf 69' lang='lat' dir='ltr'><strong>celebrantis;</strong></span> <span class='ocrx_word' id='word_1_439' title='bbox 2935 630 3174 683; x_wconf 85' lang='lat' dir='ltr'><strong>dcclarat</strong></span> <span class='ocrx_word' id='word_1_440' title='bbox 3217 628 3308 697; x_wconf 71' lang='lat' dir='ltr'><strong>qui</strong></span> <span class='ocrx_word' id='word_1_441' title='bbox 3360 629 3417 680; x_wconf 84' lang='lat' dir='ltr'><strong>li-</strong></span> 
     </span>
    </p>
   </div>
   <div class='ocr_carea' id='block_1_63' title="bbox 1850 719 3422 789">
    <p class='ocr_par' dir='ltr' id='par_1_63' title="bbox 1850 719 3422 789">
     <span class='ocr_line' id='line_1_63' title="bbox 1850 719 3422 789; baseline 0.001 -14"><span class='ocrx_word' id='word_1_442' title='bbox 1850 722 1937 776; x_wconf 85' lang='lat' dir='ltr'><strong>nis</strong></span> <span class='ocrx_word' id='word_1_443' title='bbox 1960 736 2149 777; x_wconf 88' lang='lat' dir='ltr'><strong>eorum</strong></span> <span class='ocrx_word' id='word_1_444' title='bbox 2190 719 2412 776; x_wconf 80' lang='lat' dir='ltr'><strong>futurus</strong></span> <span class='ocrx_word' id='word_1_445' title='bbox 2454 720 2547 785; x_wconf 88' lang='lat' dir='ltr'><strong>sit,</strong></span> <span class='ocrx_word' id='word_1_446' title='bbox 2572 721 2664 789; x_wconf 88' lang='lat' dir='ltr'><strong>qui</strong></span> <span class='ocrx_word' id='word_1_447' title='bbox 2696 721 2748 777; x_wconf 89' lang='lat' dir='ltr'><strong>in</strong></span> <span class='ocrx_word' id='word_1_448' title='bbox 2784 720 2886 775; x_wconf 88' lang='lat' dir='ltr'><strong>hac</strong></span> <span class='ocrx_word' id='word_1_449' title='bbox 2917 720 3021 775; x_wconf 83' lang='lat' dir='ltr'><strong>vita</strong></span> <span class='ocrx_word' id='word_1_450' title='bbox 3043 734 3205 775; x_wconf 89' lang='lat' dir='ltr'><strong>casus</strong></span> <span class='ocrx_word' id='word_1_451' title='bbox 3231 735 3422 776; x_wconf 80' lang='lat' dir='ltr'><strong>omnes</strong></span> 
     </span>
    </p>
   </div>
   <div class='ocr_carea' id='block_1_64' title="bbox 1853 808 3422 881">
    <p class='ocr_par' dir='ltr' id='par_1_64' title="bbox 1853 808 3422 881">
     <span class='ocr_line' id='line_1_64' title="bbox 1853 808 3422 881; baseline 0.003 -19"><span class='ocrx_word' id='word_1_452' title='bbox 1853 817 2073 864; x_wconf 78' lang='lat' dir='ltr'><strong>strenue</strong></span> <span class='ocrx_word' id='word_1_453' title='bbox 2124 810 2506 866; x_wconf 88' lang='lat' dir='ltr'><strong>sustinuerint.</strong></span> <span class='ocrx_word' id='word_1_454' title='bbox 2559 808 2670 865; x_wconf 81' lang='lat' dir='ltr'><strong>Hos</strong></span> <span class='ocrx_word' id='word_1_455' title='bbox 2713 810 2858 867; x_wconf 87' lang='lat' dir='ltr'><strong>enim</strong></span> <span class='ocrx_word' id='word_1_456' title='bbox 2890 811 3121 881; x_wconf 75' lang='lat' dir='ltr'><strong>excipiet</strong></span> <span class='ocrx_word' id='word_1_457' title='bbox 3166 809 3422 866; x_wconf 83' lang='lat' dir='ltr'><strong>felicissi-</strong></span> 
     </span>
    </p>
   </div>
   <div class='ocr_carea' id='block_1_65' title="bbox 1848 903 3423 968">
    <p class='ocr_par' dir='ltr' id='par_1_65' title="bbox 1848 903 3423 968">
     <span class='ocr_line' id='line_1_65' title="bbox 1848 903 3423 968; baseline 0 -9"><span class='ocrx_word' id='word_1_458' title='bbox 1848 919 1972 959; x_wconf 88' lang='lat' dir='ltr'><strong>mus</strong></span> <span class='ocrx_word' id='word_1_459' title='bbox 2012 903 2157 968; x_wconf 83' lang='lat' dir='ltr'><strong>ﬁnis,</strong></span> <span class='ocrx_word' id='word_1_460' title='bbox 2189 904 2443 959; x_wconf 88' lang='lat' dir='ltr'><strong>videlicet</strong></span> <span class='ocrx_word' id='word_1_461' title='bbox 2493 904 2901 963; x_wconf 84' lang='lat' dir='ltr'><strong>tabernaculum</strong></span> <span class='ocrx_word' id='word_1_462' title='bbox 2934 904 3064 958; x_wconf 91' lang='lat' dir='ltr'><strong>illud</strong></span> <span class='ocrx_word' id='word_1_463' title='bbox 3113 904 3207 962; x_wconf 87' lang='lat' dir='ltr'><strong>Dei</strong></span> <span class='ocrx_word' id='word_1_464' title='bbox 3249 906 3423 961; x_wconf 88' lang='lat' dir='ltr'><strong>admi-</strong></span> 
     </span>
    </p>
   </div>
   <div class='ocr_carea' id='block_1_66' title="bbox 1839 994 3424 1067">
    <p class='ocr_par' dir='ltr' id='par_1_66' title="bbox 1839 994 3424 1067">
     <span class='ocr_line' id='line_1_66' title="bbox 1839 994 3424 1067; baseline 0.001 -18"><span class='ocrx_word' id='word_1_465' title='bbox 1839 994 2181 1065; x_wconf 87' lang='lat' dir='ltr'><strong>_randum,_et</strong></span> <span class='ocrx_word' id='word_1_466' title='bbox 2208 1011 2327 1067; x_wconf 76' lang='lat' dir='ltr'><strong>quae</strong></span> <span class='ocrx_word' id='word_1_467' title='bbox 2356 995 2412 1051; x_wconf 90' lang='lat' dir='ltr'><strong>in</strong></span> <span class='ocrx_word' id='word_1_468' title='bbox 2439 995 2650 1050; x_wconf 88' lang='lat' dir='ltr'><strong>intimis</strong></span> <span class='ocrx_word' id='word_1_469' title='bbox 2675 994 2795 1064; x_wconf 87' lang='lat' dir='ltr'><strong>ejus</strong></span> <span class='ocrx_word' id='word_1_470' title='bbox 2840 994 3090 1065; x_wconf 87' lang='lat' dir='ltr'><strong>partibus</strong></span> <span class='ocrx_word' id='word_1_471' title='bbox 3132 995 3424 1066; x_wconf 25' lang='lat' dir='ltr'><strong>positaqest</strong></span> 
     </span>
    </p>
   </div>
   <div class='ocr_carea' id='block_1_67' title="bbox 1849 1086 3427 1158">
    <p class='ocr_par' dir='ltr' id='par_1_67' title="bbox 1849 1086 3427 1158">
     <span class='ocr_line' id='line_1_67' title="bbox 1849 1086 3427 1158; baseline 0 -15"><span class='ocrx_word' id='word_1_472' title='bbox 1849 1088 2047 1143; x_wconf 85' lang='lat' dir='ltr'><strong>domus</strong></span> <span class='ocrx_word' id='word_1_473' title='bbox 2070 1086 2186 1153; x_wconf 88' lang='lat' dir='ltr'><strong>Dei,</strong></span> <span class='ocrx_word' id='word_1_474' title='bbox 2216 1090 2271 1142; x_wconf 90' lang='lat' dir='ltr'><strong>in</strong></span> <span class='ocrx_word' id='word_1_475' title='bbox 2304 1103 2465 1158; x_wconf 89' lang='lat' dir='ltr'><strong>quam</strong></span> <span class='ocrx_word' id='word_1_476' title='bbox 2494 1089 2668 1143; x_wconf 87' lang='lat' dir='ltr'><strong>sancti</strong></span> <span class='ocrx_word' id='word_1_477' title='bbox 2711 1088 2962 1145; x_wconf 82' lang='lat' dir='ltr'><strong>homines</strong></span> <span class='ocrx_word' id='word_1_478' title='bbox 2998 1088 3331 1153; x_wconf 83' lang='lat' dir='ltr'><strong>deferentur,</strong></span> <span class='ocrx_word' id='word_1_479' title='bbox 3359 1104 3427 1143; x_wconf 91' lang='lat' dir='ltr'><strong>ac</strong></span> 
     </span>
    </p>
   </div>
   <div class='ocr_carea' id='block_1_68' title="bbox 1852 1179 3431 1249">
    <p class='ocr_par' dir='ltr' id='par_1_68' title="bbox 1852 1179 3431 1249">
     <span class='ocr_line' id='line_1_68' title="bbox 1852 1179 3431 1249; baseline -0.002 -12"><span class='ocrx_word' id='word_1_480' title='bbox 1852 1180 2115 1237; x_wconf 85' lang='lat' dir='ltr'><strong>sublimes</strong></span> <span class='ocrx_word' id='word_1_481' title='bbox 2149 1180 2218 1235; x_wconf 89' lang='lat' dir='ltr'><strong>ab</strong></span> <span class='ocrx_word' id='word_1_482' title='bbox 2266 1179 2525 1249; x_wconf 82' lang='lat' dir='ltr'><strong>angelicis</strong></span> <span class='ocrx_word' id='word_1_483' title='bbox 2571 1180 2870 1236; x_wconf 82' lang='lat' dir='ltr'><strong>virtutibus</strong></span> <span class='ocrx_word' id='word_1_484' title='bbox 2896 1181 3431 1236; x_wconf 72' lang='lat' dir='ltr'><strong>elatiintmmitten-</strong></span> 
     </span>
    </p>
   </div>
   <div class='ocr_carea' id='block_1_69' title="bbox 1849 1271 3425 1345">
    <p class='ocr_par' dir='ltr' id='par_1_69' title="bbox 1849 1271 3425 1345">
     <span class='ocr_line' id='line_1_69' title="bbox 1849 1271 3425 1345; baseline -0.001 -16"><span class='ocrx_word' id='word_1_485' title='bbox 1849 1282 1959 1329; x_wconf 89' lang='lat' dir='ltr'><strong>tur.</strong></span> <span class='ocrx_word' id='word_1_486' title='bbox 1986 1273 2229 1342; x_wconf 92' lang='lat' dir='ltr'><strong>Quorum</strong></span> <span class='ocrx_word' id='word_1_487' title='bbox 2266 1288 2471 1343; x_wconf 82' lang='lat' dir='ltr'><strong>gnarus</strong></span> <span class='ocrx_word' id='word_1_488' title='bbox 2494 1271 2787 1341; x_wconf 86' lang='lat' dir='ltr'><strong>Apostolus</strong></span> <span class='ocrx_word' id='word_1_489' title='bbox 2809 1272 2881 1327; x_wconf 87' lang='lat' dir='ltr'><strong>ita</strong></span> <span class='ocrx_word' id='word_1_490' title='bbox 2917 1274 3237 1345; x_wconf 84' lang='lat' dir='ltr'><strong>loquebatur</strong></span> <span class='ocrx_word' id='word_1_491' title='bbox 3265 1294 3295 1331; x_wconf 87' lang='lat'><strong>:.</strong></span> <span class='ocrx_word' id='word_1_492' title='bbox 3315 1272 3425 1328; x_wconf 83' lang='lat' dir='ltr'><strong>Ra—</strong></span> 
     </span>
    </p>
   </div>
   <div class='ocr_carea' id='block_1_70' title="bbox 1849 1366 3425 1438">
    <p class='ocr_par' dir='ltr' id='par_1_70' title="bbox 1849 1366 3425 1438">
     <span class='ocr_line' id='line_1_70' title="bbox 1849 1366 3425 1438; baseline -0.001 -16"><span class='ocrx_word' id='word_1_493' title='bbox 1849 1372 2053 1438; x_wconf 88' lang='lat' dir='ltr'><strong>piemur</strong></span> <span class='ocrx_word' id='word_1_494' title='bbox 2086 1368 2139 1422; x_wconf 89' lang='lat' dir='ltr'><strong>in</strong></span> <span class='ocrx_word' id='word_1_495' title='bbox 2186 1366 2410 1421; x_wconf 88' lang='lat' dir='ltr'><strong>nubibus</strong></span> <span class='ocrx_word' id='word_1_496' title='bbox 2441 1366 2648 1421; x_wconf 83' lang='lat' dir='ltr'><strong>obviam</strong></span> <span class='ocrx_word' id='word_1_497' title='bbox 2690 1367 2913 1423; x_wconf 85' lang='lat' dir='ltr'><strong>Domino</strong></span> <span class='ocrx_word' id='word_1_498' title='bbox 2956 1369 3010 1423; x_wconf 87' lang='lat' dir='ltr'><strong>in</strong></span> <span class='ocrx_word' id='word_1_499' title='bbox 3044 1384 3170 1423; x_wconf 78' lang='lat' dir='ltr'><strong>aera</strong></span> <span class='ocrx_word' id='word_1_500' title='bbox 3193 1408 3209 1434; x_wconf 93' lang='lat'><strong>,</strong></span> <span class='ocrx_word' id='word_1_501' title='bbox 3259 1376 3310 1422; x_wconf 81' lang='lat' dir='ltr'><strong>et</strong></span> <span class='ocrx_word' id='word_1_502' title='bbox 3346 1366 3425 1422; x_wconf 84' lang='lat' dir='ltr'><strong>sic</strong></span> 
     </span>
    </p>
   </div>
   <div class='ocr_carea' id='block_1_71' title="bbox 1850 1463 2787 1534">
    <p class='ocr_par' dir='ltr' id='par_1_71' title="bbox 1850 1463 2787 1534">
     <span class='ocr_line' id='line_1_71' title="bbox 1850 1463 2787 1534; baseline 0.001 -15"><span class='ocrx_word' id='word_1_503' title='bbox 1850 1481 2053 1534; x_wconf 82' lang='lat' dir='ltr'><strong>semper</strong></span> <span class='ocrx_word' id='word_1_504' title='bbox 2075 1481 2193 1519; x_wconf 89' lang='lat' dir='ltr'><strong>cum</strong></span> <span class='ocrx_word' id='word_1_505' title='bbox 2228 1464 2454 1519; x_wconf 88' lang='lat' dir='ltr'><strong>Domino</strong></span> <span class='ocrx_word' id='word_1_506' title='bbox 2485 1464 2681 1518; x_wconf 93' lang='lat' dir='ltr'><strong>erimus</strong></span> <span class='ocrx_word' id='word_1_507' title='bbox 2719 1463 2787 1520; x_wconf 82' lang='lat'><strong>”.</strong></span> 
     </span>
    </p>
   </div>
   <div class='ocr_carea' id='block_1_72' title="bbox 1924 1733 3505 1828">
    <p class='ocr_par' dir='ltr' id='par_1_72' title="bbox 1924 1733 3505 1828">
     <span class='ocr_line' id='line_1_72' title="bbox 1924 1733 3505 1828; baseline 0.002 -13"><span class='ocrx_word' id='word_1_508' title='bbox 1924 1760 2361 1817; x_wconf 87' lang='lat' dir='ltr'><strong>Tabernaculum</strong></span> <span class='ocrx_word' id='word_1_509' title='bbox 2395 1768 2576 1818; x_wconf 90' lang='lat' dir='ltr'><strong>autem</strong></span> <span class='ocrx_word' id='word_1_510' title='bbox 2609 1761 2703 1818; x_wconf 87' lang='lat' dir='ltr'><strong>Dei</strong></span> <span class='ocrx_word' id='word_1_511' title='bbox 2742 1764 2987 1819; x_wconf 85' lang='lat' dir='ltr'><strong>mirabile</strong></span> <span class='ocrx_word' id='word_1_512' title='bbox 3015 1773 3193 1828; x_wconf 87' lang='lat' dir='ltr'><strong>vocat,</strong></span> <span class='ocrx_word' id='word_1_513' title='bbox 3227 1762 3291 1819; x_wconf 90' lang='lat' dir='ltr'><strong>ad</strong></span> <span class='ocrx_word' id='word_1_514' title='bbox 3322 1763 3435 1819; x_wconf 61' lang='lat' dir='ltr'><strong>dif.</strong></span> <span class='ocrx_word' id='word_1_515' title='bbox 3486 1733 3505 1751; x_wconf 54' lang='lat'><strong>.</strong></span> 
     </span>
    </p>
   </div>
   <div class='ocr_carea' id='block_1_73' title="bbox 1856 1853 3431 1927">
    <p class='ocr_par' dir='ltr' id='par_1_73' title="bbox 1856 1853 3431 1927">
     <span class='ocr_line' id='line_1_73' title="bbox 1856 1853 3431 1927; baseline 0.001 -18"><span class='ocrx_word' id='word_1_516' title='bbox 1856 1853 2139 1911; x_wconf 82' lang='lat' dir='ltr'><strong>ferentiam</strong></span> <span class='ocrx_word' id='word_1_517' title='bbox 2190 1857 2413 1912; x_wconf 84' lang='lat' dir='ltr'><strong>alterius</strong></span> <span class='ocrx_word' id='word_1_518' title='bbox 2465 1856 2609 1927; x_wconf 91' lang='lat' dir='ltr'><strong>quod</strong></span> <span class='ocrx_word' id='word_1_519' title='bbox 2668 1871 2798 1913; x_wconf 90' lang='lat' dir='ltr'><strong>sane</strong></span> <span class='ocrx_word' id='word_1_520' title='bbox 2843 1857 3092 1913; x_wconf 87' lang='lat' dir='ltr'><strong>mirabile</strong></span> <span class='ocrx_word' id='word_1_521' title='bbox 3135 1873 3244 1912; x_wconf 92' lang='lat' dir='ltr'><strong>non</strong></span> <span class='ocrx_word' id='word_1_522' title='bbox 3293 1865 3377 1912; x_wconf 91' lang='lat' dir='ltr'><strong>est</strong></span> <span class='ocrx_word' id='word_1_523' title='bbox 3410 1876 3431 1911; x_wconf 72' lang='grc' dir='ltr'>ε.</span> 
     </span>
    </p>
   </div>
   <div class='ocr_carea' id='block_1_74' title="bbox 1856 1951 3429 2024">
    <p class='ocr_par' dir='ltr' id='par_1_74' title="bbox 1856 1951 3429 2024">
     <span class='ocr_line' id='line_1_74' title="bbox 1856 1951 3429 2024; baseline 0.002 -21"><span class='ocrx_word' id='word_1_524' title='bbox 1856 1952 2018 2020; x_wconf 88' lang='lat' dir='ltr'><strong>quale</strong></span> <span class='ocrx_word' id='word_1_525' title='bbox 2041 1962 2159 2006; x_wconf 90' lang='lat' dir='ltr'><strong>erat</strong></span> <span class='ocrx_word' id='word_1_526' title='bbox 2200 1952 2330 2007; x_wconf 91' lang='lat' dir='ltr'><strong>illud</strong></span> <span class='ocrx_word' id='word_1_527' title='bbox 2360 1960 2605 2023; x_wconf 90' lang='lat' dir='ltr'><strong>tempore</strong></span> <span class='ocrx_word' id='word_1_528' title='bbox 2649 1951 2850 2024; x_wconf 82' lang='lat' dir='ltr'><strong>Moysis</strong></span> <span class='ocrx_word' id='word_1_529' title='bbox 2893 1952 2950 2006; x_wconf 89' lang='lat' dir='ltr'><strong>in</strong></span> <span class='ocrx_word' id='word_1_530' title='bbox 3001 1959 3147 2008; x_wconf 91' lang='lat' dir='ltr'><strong>terra</strong></span> <span class='ocrx_word' id='word_1_531' title='bbox 3178 1960 3429 2007; x_wconf 88' lang='lat' dir='ltr'><strong>constru-</strong></span> 
     </span>
    </p>
   </div>
   <div class='ocr_carea' id='block_1_75' title="bbox 1855 2044 3431 2102">
    <p class='ocr_par' dir='ltr' id='par_1_75' title="bbox 1855 2044 3431 2102">
     <span class='ocr_line' id='line_1_75' title="bbox 1855 2044 3431 2102; baseline -0.001 -1"><span class='ocrx_word' id='word_1_532' title='bbox 1855 2054 2025 2102; x_wconf 91' lang='lat' dir='ltr'><strong>ctum.</strong></span> <span class='ocrx_word' id='word_1_533' title='bbox 2062 2044 2308 2100; x_wconf 83' lang='lat' dir='ltr'><strong>Mirabile</strong></span> <span class='ocrx_word' id='word_1_534' title='bbox 2332 2056 2509 2099; x_wconf 90' lang='lat' dir='ltr'><strong>autem</strong></span> <span class='ocrx_word' id='word_1_535' title='bbox 2542 2060 2729 2101; x_wconf 80' lang='lat' dir='ltr'><strong>revera</strong></span> <span class='ocrx_word' id='word_1_536' title='bbox 2770 2046 3181 2100; x_wconf 81' lang='lat' dir='ltr'><strong>tabernaculum</strong></span> <span class='ocrx_word' id='word_1_537' title='bbox 3240 2045 3431 2101; x_wconf 87' lang='lat' dir='ltr'><strong>intelli-</strong></span> 
     </span>
    </p>
   </div>
   <div class='ocr_carea' id='block_1_76' title="bbox 1854 2135 3429 2208">
    <p class='ocr_par' dir='ltr' id='par_1_76' title="bbox 1854 2135 3429 2208">
     <span class='ocr_line' id='line_1_76' title="bbox 1854 2135 3429 2208; baseline 0.004 -19"><span class='ocrx_word' id='word_1_538' title='bbox 1854 2152 1990 2207; x_wconf 86' lang='lat' dir='ltr'><strong>gas,</strong></span> <span class='ocrx_word' id='word_1_539' title='bbox 2041 2136 2186 2208; x_wconf 90' lang='lat' dir='ltr'><strong>quod</strong></span> <span class='ocrx_word' id='word_1_540' title='bbox 2222 2137 2363 2191; x_wconf 85' lang='lat' dir='ltr'><strong>beati</strong></span> <span class='ocrx_word' id='word_1_541' title='bbox 2397 2135 2490 2190; x_wconf 88' lang='lat' dir='ltr'><strong>Dei</strong></span> <span class='ocrx_word' id='word_1_542' title='bbox 2533 2136 2585 2189; x_wconf 91' lang='lat' dir='ltr'><strong>in</strong></span> <span class='ocrx_word' id='word_1_543' title='bbox 2647 2152 2797 2206; x_wconf 88' lang='lat' dir='ltr'><strong>spem</strong></span> <span class='ocrx_word' id='word_1_544' title='bbox 2847 2137 2950 2191; x_wconf 90' lang='lat' dir='ltr'><strong>sibi</strong></span> <span class='ocrx_word' id='word_1_545' title='bbox 3003 2137 3429 2195; x_wconf 88' lang='lat' dir='ltr'><strong>constituerunt.</strong></span> 
     </span>
    </p>
   </div>
   <div class='ocr_carea' id='block_1_77' title="bbox 1855 2226 3432 2298">
    <p class='ocr_par' dir='ltr' id='par_1_77' title="bbox 1855 2226 3432 2298">
     <span class='ocr_line' id='line_1_77' title="bbox 1855 2226 3432 2298; baseline 0.001 -17"><span class='ocrx_word' id='word_1_546' title='bbox 1855 2227 1969 2283; x_wconf 81' lang='lat' dir='ltr'><strong>Hoc</strong></span> <span class='ocrx_word' id='word_1_547' title='bbox 2006 2238 2184 2283; x_wconf 88' lang='lat' dir='ltr'><strong>autem</strong></span> <span class='ocrx_word' id='word_1_548' title='bbox 2227 2228 2449 2283; x_wconf 65' lang='lat' dir='ltr'><strong>caeleste</strong></span> <span class='ocrx_word' id='word_1_549' title='bbox 2505 2226 2635 2281; x_wconf 89' lang='lat' dir='ltr'><strong>illud</strong></span> <span class='ocrx_word' id='word_1_550' title='bbox 2667 2236 2805 2293; x_wconf 88' lang='lat' dir='ltr'><strong>erat,</strong></span> <span class='ocrx_word' id='word_1_551' title='bbox 2828 2229 2988 2297; x_wconf 88' lang='lat' dir='ltr'><strong>cujus</strong></span> <span class='ocrx_word' id='word_1_552' title='bbox 3031 2228 3256 2298; x_wconf 79' lang='lat' dir='ltr'><strong>ﬁguram</strong></span> <span class='ocrx_word' id='word_1_553' title='bbox 3291 2227 3432 2292; x_wconf 79' lang='lat' dir='ltr'><strong>Mov-</strong></span> 
     </span>
    </p>
   </div>
   <div class='ocr_carea' id='block_1_78' title="bbox 1855 2319 3428 2390">
    <p class='ocr_par' dir='ltr' id='par_1_78' title="bbox 1855 2319 3428 2390">
     <span class='ocr_line' id='line_1_78' title="bbox 1855 2319 3428 2390; baseline 0 -15"><span class='ocrx_word' id='word_1_554' title='bbox 1855 2334 1945 2375; x_wconf 90' lang='lat' dir='ltr'><strong>ses</strong></span> <span class='ocrx_word' id='word_1_555' title='bbox 1972 2321 2027 2375; x_wconf 93' lang='lat' dir='ltr'><strong>in</strong></span> <span class='ocrx_word' id='word_1_556' title='bbox 2049 2321 2265 2377; x_wconf 88' lang='lat' dir='ltr'><strong>deserto</strong></span> <span class='ocrx_word' id='word_1_557' title='bbox 2292 2319 2599 2374; x_wconf 82' lang='lat' dir='ltr'><strong>adornavit.</strong></span> <span class='ocrx_word' id='word_1_558' title='bbox 2648 2319 2723 2376; x_wconf 90' lang='lat' dir='ltr'><strong>De</strong></span> <span class='ocrx_word' id='word_1_559' title='bbox 2756 2336 2866 2390; x_wconf 89' lang='lat' dir='ltr'><strong>quo</strong></span> <span class='ocrx_word' id='word_1_560' title='bbox 2907 2320 3214 2375; x_wconf 88' lang='lat' dir='ltr'><strong>admirabili</strong></span> <span class='ocrx_word' id='word_1_561' title='bbox 3251 2321 3428 2375; x_wconf 87' lang='lat' dir='ltr'><strong>taber-</strong></span> 
     </span>
    </p>
   </div>
   <div class='ocr_carea' id='block_1_79' title="bbox 1854 2412 3433 2482">
    <p class='ocr_par' dir='ltr' id='par_1_79' title="bbox 1854 2412 3433 2482">
     <span class='ocr_line' id='line_1_79' title="bbox 1854 2412 3433 2482; baseline -0.002 -15"><span class='ocrx_word' id='word_1_562' title='bbox 1854 2414 2053 2468; x_wconf 90' lang='lat' dir='ltr'><strong>naculo</strong></span> <span class='ocrx_word' id='word_1_563' title='bbox 2081 2412 2198 2468; x_wconf 75' lang='lat' dir='ltr'><strong>haec</strong></span> <span class='ocrx_word' id='word_1_564' title='bbox 2230 2413 2454 2467; x_wconf 87' lang='lat' dir='ltr'><strong>tradidit</strong></span> <span class='ocrx_word' id='word_1_565' title='bbox 2498 2413 2718 2467; x_wconf 84' lang='lat' dir='ltr'><strong>divinus</strong></span> <span class='ocrx_word' id='word_1_566' title='bbox 2754 2412 3086 2482; x_wconf 82' lang='lat' dir='ltr'><strong>Apostolus:</strong></span> <span class='ocrx_word' id='word_1_567' title='bbox 3123 2412 3305 2467; x_wconf 88' lang='lat' dir='ltr'><strong>Talem</strong></span> <span class='ocrx_word' id='word_1_568' title='bbox 3335 2412 3433 2465; x_wconf 81' lang='lat' dir='ltr'><strong>ha-</strong></span> 
     </span>
    </p>
   </div>
   <div class='ocr_carea' id='block_1_80' title="bbox 1855 2503 3438 2575">
    <p class='ocr_par' dir='ltr' id='par_1_80' title="bbox 1855 2503 3438 2575">
     <span class='ocr_line' id='line_1_80' title="bbox 1855 2503 3438 2575; baseline 0.001 -19"><span class='ocrx_word' id='word_1_569' title='bbox 1855 2503 2034 2558; x_wconf 91' lang='lat' dir='ltr'><strong>bemus</strong></span> <span class='ocrx_word' id='word_1_570' title='bbox 2074 2505 2400 2574; x_wconf 80' lang='lat' dir='ltr'><strong>pontiﬁcem,</strong></span> <span class='ocrx_word' id='word_1_571' title='bbox 2465 2505 2556 2575; x_wconf 87' lang='lat' dir='ltr'><strong>qui</strong></span> <span class='ocrx_word' id='word_1_572' title='bbox 2604 2504 2839 2558; x_wconf 83' lang='lat' dir='ltr'><strong>consedit</strong></span> <span class='ocrx_word' id='word_1_573' title='bbox 2886 2505 2940 2557; x_wconf 90' lang='lat' dir='ltr'><strong>in</strong></span> <span class='ocrx_word' id='word_1_574' title='bbox 2992 2504 3209 2559; x_wconf 82' lang='lat' dir='ltr'><strong>dextera</strong></span> <span class='ocrx_word' id='word_1_575' title='bbox 3257 2505 3438 2560; x_wconf 78' lang='lat' dir='ltr'><strong>throni</strong></span> 
     </span>
    </p>
   </div>
   <div class='ocr_carea' id='block_1_81' title="bbox 1854 2596 3432 2667">
    <p class='ocr_par' dir='ltr' id='par_1_81' title="bbox 1854 2596 3432 2667">
     <span class='ocr_line' id='line_1_81' title="bbox 1854 2596 3432 2667; baseline -0.001 -17"><span class='ocrx_word' id='word_1_576' title='bbox 1854 2597 2236 2667; x_wconf 73' lang='lat' dir='ltr'><strong>magnitudinis</strong></span> <span class='ocrx_word' id='word_1_577' title='bbox 2266 2598 2319 2651; x_wconf 87' lang='lat' dir='ltr'><strong>in</strong></span> <span class='ocrx_word' id='word_1_578' title='bbox 2350 2596 2494 2651; x_wconf 68' lang='lat' dir='ltr'><strong>cretis</strong></span> <span class='ocrx_word' id='word_1_579' title='bbox 2520 2637 2534 2661; x_wconf 90' lang='lat'><strong>,</strong></span> <span class='ocrx_word' id='word_1_580' title='bbox 2566 2605 2873 2650; x_wconf 90' lang='lat' dir='ltr'><strong>sanctorum</strong></span> <span class='ocrx_word' id='word_1_581' title='bbox 2898 2598 3138 2651; x_wconf 76' lang='lat' dir='ltr'><strong>minister</strong></span> <span class='ocrx_word' id='word_1_582' title='bbox 3165 2605 3214 2651; x_wconf 87' lang='lat' dir='ltr'><strong>ct</strong></span> <span class='ocrx_word' id='word_1_583' title='bbox 3254 2597 3432 2650; x_wconf 88' lang='lat' dir='ltr'><strong>taber-</strong></span> 
     </span>
    </p>
   </div>
   <div class='ocr_carea' id='block_1_82' title="bbox 1854 2687 3435 2759">
    <p class='ocr_par' dir='ltr' id='par_1_82' title="bbox 1854 2687 3435 2759">
     <span class='ocr_line' id='line_1_82' title="bbox 1854 2687 3435 2759; baseline -0.002 -17"><span class='ocrx_word' id='word_1_584' title='bbox 1854 2688 2035 2742; x_wconf 89' lang='lat' dir='ltr'><strong>naculi</strong></span> <span class='ocrx_word' id='word_1_585' title='bbox 2064 2690 2171 2743; x_wconf 82' lang='lat' dir='ltr'><strong>veri</strong></span> <span class='ocrx_word' id='word_1_586' title='bbox 2199 2688 2336 2759; x_wconf 83' lang='lat' dir='ltr'><strong>quod</strong></span> <span class='ocrx_word' id='word_1_587' title='bbox 2361 2690 2476 2759; x_wconf 73' lang='lat' dir='ltr'><strong>ﬁxit</strong></span> <span class='ocrx_word' id='word_1_588' title='bbox 2506 2689 2780 2751; x_wconf 85' lang='lat' dir='ltr'><strong>Dominus,</strong></span> <span class='ocrx_word' id='word_1_589' title='bbox 2804 2697 2853 2742; x_wconf 87' lang='lat' dir='ltr'><strong>et</strong></span> <span class='ocrx_word' id='word_1_590' title='bbox 2884 2705 2984 2741; x_wconf 90' lang='lat' dir='ltr'><strong>non</strong></span> <span class='ocrx_word' id='word_1_591' title='bbox 3007 2687 3161 2741; x_wconf 83' lang='lat' dir='ltr'><strong>homo</strong></span> <span class='ocrx_word' id='word_1_592' title='bbox 3193 2687 3270 2754; x_wconf 72' lang='lat'><strong>&quot;“;</strong></span> <span class='ocrx_word' id='word_1_593' title='bbox 3312 2688 3435 2756; x_wconf 87' lang='lat' dir='ltr'><strong>qui—</strong></span> 
     </span>
    </p>
   </div>
   <div class='ocr_carea' id='block_1_83' title="bbox 1854 2778 3434 2851">
    <p class='ocr_par' dir='ltr' id='par_1_83' title="bbox 1854 2778 3434 2851">
     <span class='ocr_line' id='line_1_83' title="bbox 1854 2778 3434 2851; baseline -0.003 -15"><span class='ocrx_word' id='word_1_594' title='bbox 1854 2782 1958 2837; x_wconf 89' lang='lat' dir='ltr'><strong>bus</strong></span> <span class='ocrx_word' id='word_1_595' title='bbox 1986 2780 2182 2837; x_wconf 89' lang='lat' dir='ltr'><strong>deinde</strong></span> <span class='ocrx_word' id='word_1_596' title='bbox 2206 2781 2488 2851; x_wconf 82' lang='lat' dir='ltr'><strong>subjungit</strong></span> <span class='ocrx_word' id='word_1_597' title='bbox 2523 2801 2537 2835; x_wconf 91' lang='lat'><strong>:</strong></span> <span class='ocrx_word' id='word_1_598' title='bbox 2569 2780 2675 2847; x_wconf 83' lang='lat' dir='ltr'><strong>Qui</strong></span> <span class='ocrx_word' id='word_1_599' title='bbox 2702 2780 2993 2847; x_wconf 70' lang='lat' dir='ltr'><strong>exemplari</strong></span> <span class='ocrx_word' id='word_1_600' title='bbox 3027 2790 3075 2833; x_wconf 83' lang='lat' dir='ltr'><strong>et</strong></span> <span class='ocrx_word' id='word_1_601' title='bbox 3106 2779 3307 2833; x_wconf 78' lang='lat' dir='ltr'><strong>umbra:</strong></span> <span class='ocrx_word' id='word_1_602' title='bbox 3339 2778 3434 2831; x_wconf 75' lang='grc' dir='ltr'>ιίορ</span> 
     </span>
    </p>
   </div>
   <div class='ocr_carea' id='block_1_84' title="bbox 1855 2870 3441 2942">
    <p class='ocr_par' dir='ltr' id='par_1_84' title="bbox 1855 2870 3441 2942">
     <span class='ocr_line' id='line_1_84' title="bbox 1855 2870 3441 2942; baseline -0.003 -12"><span class='ocrx_word' id='word_1_603' title='bbox 1855 2876 2087 2930; x_wconf 81' lang='lat' dir='ltr'><strong>seruiunt</strong></span> <span class='ocrx_word' id='word_1_604' title='bbox 2116 2875 2421 2936; x_wconf 69' lang='lat' dir='ltr'><strong>mlestium,</strong></span> <span class='ocrx_word' id='word_1_605' title='bbox 2469 2874 2604 2927; x_wconf 82' lang='lat' dir='ltr'><strong>sicut</strong></span> <span class='ocrx_word' id='word_1_606' title='bbox 2658 2888 2961 2940; x_wconf 85' lang='lat' dir='ltr'><strong>responsum</strong></span> <span class='ocrx_word' id='word_1_607' title='bbox 2992 2880 3069 2926; x_wconf 82' lang='lat' dir='ltr'><strong>est</strong></span> <span class='ocrx_word' id='word_1_608' title='bbox 3104 2870 3278 2942; x_wconf 82' lang='lat' dir='ltr'><strong>Moysi</strong></span> <span class='ocrx_word' id='word_1_609' title='bbox 3316 2888 3441 2925; x_wconf 79' lang='lat' dir='ltr'><strong>cum</strong></span> 
     </span>
    </p>
   </div>
   <div class='ocr_carea' id='block_1_85' title="bbox 1856 2963 3443 3035">
    <p class='ocr_par' dir='ltr' id='par_1_85' title="bbox 1856 2963 3443 3035">
     <span class='ocr_line' id='line_1_85' title="bbox 1856 2963 3443 3035; baseline -0.003 -13"><span class='ocrx_word' id='word_1_610' title='bbox 1856 2984 2223 3022; x_wconf 79' lang='lat' dir='ltr'><strong>consummare</strong></span> <span class='ocrx_word' id='word_1_611' title='bbox 2278 2966 2430 3021; x_wconf 78' lang='lat' dir='ltr'><strong>uellet</strong></span> <span class='ocrx_word' id='word_1_612' title='bbox 2497 2964 2936 3019; x_wconf 77' lang='lat' dir='ltr'><strong>tabernaculum:</strong></span> <span class='ocrx_word' id='word_1_613' title='bbox 2992 2963 3156 3031; x_wconf 86' lang='lat' dir='ltr'><strong>Vide,</strong></span> <span class='ocrx_word' id='word_1_614' title='bbox 3220 2964 3443 3035; x_wconf 49' lang='lat' dir='ltr'><strong>inquit,</strong></span> 
     </span>
    </p>
   </div>
   <div class='ocr_carea' id='block_1_86' title="bbox 1857 3056 3439 3130">
    <p class='ocr_par' dir='ltr' id='par_1_86' title="bbox 1857 3056 3439 3130">
     <span class='ocr_line' id='line_1_86' title="bbox 1857 3056 3439 3130; baseline -0.003 -14"><span class='ocrx_word' id='word_1_615' title='bbox 1857 3062 2035 3116; x_wconf 86' lang='lat' dir='ltr'><strong>omnia</strong></span> <span class='ocrx_word' id='word_1_616' title='bbox 2060 3061 2223 3130; x_wconf 81' lang='lat' dir='ltr'><strong>facito</strong></span> <span class='ocrx_word' id='word_1_617' title='bbox 2251 3058 2538 3114; x_wconf 84' lang='lat' dir='ltr'><strong>secundum</strong></span> <span class='ocrx_word' id='word_1_618' title='bbox 2564 3058 2855 3128; x_wconf 76' lang='lat' dir='ltr'><strong>exemplar,</strong></span> <span class='ocrx_word' id='word_1_619' title='bbox 2875 3056 3012 3128; x_wconf 86' lang='lat' dir='ltr'><strong>quod</strong></span> <span class='ocrx_word' id='word_1_620' title='bbox 3043 3057 3136 3111; x_wconf 88' lang='lat' dir='ltr'><strong>tibi</strong></span> <span class='ocrx_word' id='word_1_621' title='bbox 3166 3066 3439 3113; x_wconf 82' lang='lat' dir='ltr'><strong>ostensum</strong></span> 
     </span>
    </p>
   </div>
   <div class='ocr_carea' id='block_1_87' title="bbox 1855 3151 3438 3221">
    <p class='ocr_par' dir='ltr' id='par_1_87' title="bbox 1855 3151 3438 3221">
     <span class='ocr_line' id='line_1_87' title="bbox 1855 3151 3438 3221; baseline -0.003 -14"><span class='ocrx_word' id='word_1_622' title='bbox 1855 3164 1932 3208; x_wconf 88' lang='lat' dir='ltr'><strong>est</strong></span> <span class='ocrx_word' id='word_1_623' title='bbox 1960 3156 2017 3208; x_wconf 89' lang='lat' dir='ltr'><strong>in</strong></span> <span class='ocrx_word' id='word_1_624' title='bbox 2050 3162 2222 3207; x_wconf 87' lang='lat' dir='ltr'><strong>monte</strong></span> <span class='ocrx_word' id='word_1_625' title='bbox 2249 3153 2314 3206; x_wconf 75' lang='lat'><strong>“.</strong></span> <span class='ocrx_word' id='word_1_626' title='bbox 2351 3151 2457 3207; x_wconf 87' lang='lat' dir='ltr'><strong>Sed</strong></span> <span class='ocrx_word' id='word_1_627' title='bbox 2491 3152 2605 3206; x_wconf 78' lang='lat' dir='ltr'><strong>luec</strong></span> <span class='ocrx_word' id='word_1_628' title='bbox 2641 3152 2860 3221; x_wconf 82' lang='lat' dir='ltr'><strong>quidem</strong></span> <span class='ocrx_word' id='word_1_629' title='bbox 2905 3151 3171 3221; x_wconf 84' lang='lat' dir='ltr'><strong>imagines</strong></span> <span class='ocrx_word' id='word_1_630' title='bbox 3199 3160 3354 3205; x_wconf 88' lang='lat' dir='ltr'><strong>erant</strong></span> <span class='ocrx_word' id='word_1_631' title='bbox 3382 3161 3438 3207; x_wconf 87' lang='lat' dir='ltr'><strong>et</strong></span> 
     </span>
    </p>
   </div>
   <div class='ocr_carea' id='block_1_88' title="bbox 1733 3237 3442 3317">
    <p class='ocr_par' dir='ltr' id='par_1_88' title="bbox 1733 3237 3442 3317">
     <span class='ocr_line' id='line_1_88' title="bbox 1733 3237 3442 3317; baseline -0.006 -18"><span class='ocrx_word' id='word_1_632' title='bbox 1733 3245 1747 3270; x_wconf 94' lang='lat'><strong>’</strong></span> <span class='ocrx_word' id='word_1_633' title='bbox 1781 3257 1821 3317; x_wconf 66' lang='grc' dir='ltr'>(ς</span> <span class='ocrx_word' id='word_1_634' title='bbox 1859 3243 2105 3315; x_wconf 77' lang='lat' dir='ltr'><strong>symbola</strong></span> <span class='ocrx_word' id='word_1_635' title='bbox 2135 3241 2461 3299; x_wconf 66' lang='lat' dir='ltr'><strong>cmlestium.</strong></span> <span class='ocrx_word' id='word_1_636' title='bbox 2497 3239 2740 3295; x_wconf 81' lang='lat' dir='ltr'><strong>Christus</strong></span> <span class='ocrx_word' id='word_1_637' title='bbox 2774 3248 2949 3292; x_wconf 88' lang='lat' dir='ltr'><strong>autent</strong></span> <span class='ocrx_word' id='word_1_638' title='bbox 2984 3238 3238 3292; x_wconf 74' lang='lat' dir='ltr'><strong>assistens</strong></span> <span class='ocrx_word' id='word_1_639' title='bbox 3263 3237 3442 3306; x_wconf 85' lang='lat' dir='ltr'><strong>ponti-</strong></span> 
     </span>
    </p>
   </div>
   <div class='ocr_carea' id='block_1_89' title="bbox 1856 3331 3439 3406">
    <p class='ocr_par' dir='ltr' id='par_1_89' title="bbox 1856 3331 3439 3406">
     <span class='ocr_line' id='line_1_89' title="bbox 1856 3331 3439 3406; baseline -0.003 -17"><span class='ocrx_word' id='word_1_640' title='bbox 1856 3338 1945 3405; x_wconf 70' lang='lat' dir='ltr'><strong>fex</strong></span> <span class='ocrx_word' id='word_1_641' title='bbox 1992 3336 2291 3406; x_wconf 80' lang='lat' dir='ltr'><strong>futurorum</strong></span> <span class='ocrx_word' id='word_1_642' title='bbox 2324 3334 2616 3400; x_wconf 86' lang='lat' dir='ltr'><strong>bonorum,</strong></span> <span class='ocrx_word' id='word_1_643' title='bbox 2675 3348 2769 3404; x_wconf 83' lang='lat' dir='ltr'><strong>per</strong></span> <span class='ocrx_word' id='word_1_644' title='bbox 2808 3332 3036 3402; x_wconf 84' lang='lat' dir='ltr'><strong>amplius</strong></span> <span class='ocrx_word' id='word_1_645' title='bbox 3078 3341 3129 3385; x_wconf 90' lang='lat' dir='ltr'><strong>et</strong></span> <span class='ocrx_word' id='word_1_646' title='bbox 3155 3331 3439 3402; x_wconf 81' lang='lat' dir='ltr'><strong>perfectius</strong></span> 
     </span>
    </p>
   </div>
   <div class='ocr_carea' id='block_1_90' title="bbox 1858 3420 3451 3495">
    <p class='ocr_par' dir='ltr' id='par_1_90' title="bbox 1858 3420 3451 3495">
     <span class='ocr_line' id='line_1_90' title="bbox 1858 3420 3451 3495; baseline -0.004 -13"><span class='ocrx_word' id='word_1_647' title='bbox 1858 3426 2254 3483; x_wconf 84' lang='lat' dir='ltr'><strong>tabernaculum</strong></span> <span class='ocrx_word' id='word_1_648' title='bbox 2297 3444 2401 3481; x_wconf 90' lang='lat' dir='ltr'><strong>non</strong></span> <span class='ocrx_word' id='word_1_649' title='bbox 2442 3425 2825 3495; x_wconf 76' lang='lat' dir='ltr'><strong>manufactum,</strong></span> <span class='ocrx_word' id='word_1_650' title='bbox 2891 3422 2945 3479; x_wconf 82' lang='lat' dir='ltr'><strong>id</strong></span> <span class='ocrx_word' id='word_1_651' title='bbox 2982 3433 3061 3478; x_wconf 84' lang='lat' dir='ltr'><strong>est</strong></span> <span class='ocrx_word' id='word_1_652' title='bbox 3125 3439 3229 3477; x_wconf 89' lang='lat' dir='ltr'><strong>non</strong></span> <span class='ocrx_word' id='word_1_653' title='bbox 3282 3420 3451 3490; x_wconf 81' lang='lat' dir='ltr'><strong>hujus,</strong></span> 
     </span>
    </p>
   </div>
   <div class='ocr_carea' id='block_1_91' title="bbox 1857 3514 3440 3590">
    <p class='ocr_par' dir='ltr' id='par_1_91' title="bbox 1857 3514 3440 3590">
     <span class='ocr_line' id='line_1_91' title="bbox 1857 3514 3440 3590; baseline -0.004 -14"><span class='ocrx_word' id='word_1_654' title='bbox 1857 3523 2179 3585; x_wconf 85' lang='lat' dir='ltr'><strong>creationis;</strong></span> <span class='ocrx_word' id='word_1_655' title='bbox 2206 3537 2366 3590; x_wconf 89' lang='lat' dir='ltr'><strong>neque</strong></span> <span class='ocrx_word' id='word_1_656' title='bbox 2392 3536 2483 3589; x_wconf 86' lang='lat' dir='ltr'><strong>per</strong></span> <span class='ocrx_word' id='word_1_657' title='bbox 2510 3519 2817 3589; x_wconf 87' lang='lat' dir='ltr'><strong>sanguinem</strong></span> <span class='ocrx_word' id='word_1_658' title='bbox 2843 3517 3110 3573; x_wconf 83' lang='lat' dir='ltr'><strong>hircorum</strong></span> <span class='ocrx_word' id='word_1_659' title='bbox 3133 3524 3226 3569; x_wconf 88' lang='lat' dir='ltr'><strong>aut</strong></span> <span class='ocrx_word' id='word_1_660' title='bbox 3247 3514 3440 3570; x_wconf 78' lang='lat' dir='ltr'><strong>vitulo—</strong></span> 
     </span>
    </p>
   </div>
   <div class='ocr_carea' id='block_1_92' title="bbox 1858 3608 3452 3682">
    <p class='ocr_par' dir='ltr' id='par_1_92' title="bbox 1858 3608 3452 3682">
     <span class='ocr_line' id='line_1_92' title="bbox 1858 3608 3452 3682; baseline -0.006 -14"><span class='ocrx_word' id='word_1_661' title='bbox 1858 3632 2009 3679; x_wconf 81' lang='lat' dir='ltr'><strong>rum,</strong></span> <span class='ocrx_word' id='word_1_662' title='bbox 2043 3614 2134 3669; x_wconf 82' lang='lat' dir='ltr'><strong>sed</strong></span> <span class='ocrx_word' id='word_1_663' title='bbox 2165 3629 2256 3682; x_wconf 87' lang='lat' dir='ltr'><strong>per</strong></span> <span class='ocrx_word' id='word_1_664' title='bbox 2278 3613 2549 3682; x_wconf 83' lang='lat' dir='ltr'><strong>proprium</strong></span> <span class='ocrx_word' id='word_1_665' title='bbox 2579 3611 2888 3679; x_wconf 87' lang='lat' dir='ltr'><strong>sanguinem</strong></span> <span class='ocrx_word' id='word_1_666' title='bbox 2928 3609 3165 3663; x_wconf 86' lang='lat' dir='ltr'><strong>introivit</strong></span> <span class='ocrx_word' id='word_1_667' title='bbox 3194 3608 3355 3663; x_wconf 81' lang='lat' dir='ltr'><strong>semel</strong></span> <span class='ocrx_word' id='word_1_668' title='bbox 3386 3610 3452 3660; x_wconf 55' lang='lat' dir='ltr'><strong>ine</strong></span> 
     </span>
    </p>
   </div>
   <div class='ocr_carea' id='block_1_93' title="bbox 1859 3701 3435 3773">
    <p class='ocr_par' dir='ltr' id='par_1_93' title="bbox 1859 3701 3435 3773">
     <span class='ocr_line' id='line_1_93' title="bbox 1859 3701 3435 3773; baseline -0.007 -11"><span class='ocrx_word' id='word_1_669' title='bbox 1859 3719 2067 3771; x_wconf 81' lang='lat' dir='ltr'><strong>sancta,</strong></span> <span class='ocrx_word' id='word_1_670' title='bbox 2098 3716 2296 3761; x_wconf 67' lang='lat' dir='ltr'><strong>aeterna</strong></span> <span class='ocrx_word' id='word_1_671' title='bbox 2330 3703 2679 3773; x_wconf 75' lang='lat' dir='ltr'><strong>redemptione</strong></span> <span class='ocrx_word' id='word_1_672' title='bbox 2708 3702 2917 3755; x_wconf 87' lang='lat' dir='ltr'><strong>inventa</strong></span> <span class='ocrx_word' id='word_1_673' title='bbox 2943 3703 3010 3755; x_wconf 71' lang='grc' dir='ltr'>δ’.</span> <span class='ocrx_word' id='word_1_674' title='bbox 3039 3701 3197 3766; x_wconf 85' lang='lat' dir='ltr'><strong>Quod</strong></span> <span class='ocrx_word' id='word_1_675' title='bbox 3225 3702 3269 3755; x_wconf 91' lang='lat' dir='ltr'><strong>si</strong></span> <span class='ocrx_word' id='word_1_676' title='bbox 3301 3717 3435 3770; x_wconf 89' lang='lat' dir='ltr'><strong>gau-</strong></span> 
     </span>
    </p>
   </div>
   <div class='ocr_carea' id='block_1_94' title="bbox 1859 3792 3437 3866">
    <p class='ocr_par' dir='ltr' id='par_1_94' title="bbox 1859 3792 3437 3866">
     <span class='ocr_line' id='line_1_94' title="bbox 1859 3792 3437 3866; baseline -0.006 -13"><span class='ocrx_word' id='word_1_677' title='bbox 1859 3800 2007 3853; x_wconf 83' lang='lat' dir='ltr'><strong>dium</strong></span> <span class='ocrx_word' id='word_1_678' title='bbox 2028 3806 2106 3852; x_wconf 91' lang='lat' dir='ltr'><strong>est</strong></span> <span class='ocrx_word' id='word_1_679' title='bbox 2134 3799 2189 3850; x_wconf 89' lang='lat' dir='ltr'><strong>in</strong></span> <span class='ocrx_word' id='word_1_680' title='bbox 2215 3796 2357 3850; x_wconf 69' lang='lat' dir='ltr'><strong>caelis</strong></span> <span class='ocrx_word' id='word_1_681' title='bbox 2388 3795 2594 3866; x_wconf 79' lang='lat' dir='ltr'><strong>angelis</strong></span> <span class='ocrx_word' id='word_1_682' title='bbox 2620 3793 2738 3858; x_wconf 88' lang='lat' dir='ltr'><strong>Dei,</strong></span> <span class='ocrx_word' id='word_1_683' title='bbox 2761 3794 2823 3846; x_wconf 87' lang='lat' dir='ltr'><strong>de</strong></span> <span class='ocrx_word' id='word_1_684' title='bbox 2853 3810 2956 3847; x_wconf 88' lang='lat' dir='ltr'><strong>uno</strong></span> <span class='ocrx_word' id='word_1_685' title='bbox 2978 3802 3250 3861; x_wconf 86' lang='lat' dir='ltr'><strong>peccatore</strong></span> <span class='ocrx_word' id='word_1_686' title='bbox 3271 3792 3437 3861; x_wconf 71' lang='lat' dir='ltr'><strong>poeni-</strong></span> 
     </span>
    </p>
   </div>
   <div class='ocr_carea' id='block_1_95' title="bbox 1864 3884 3437 3960">
    <p class='ocr_par' dir='ltr' id='par_1_95' title="bbox 1864 3884 3437 3960">
     <span class='ocr_line' id='line_1_95' title="bbox 1864 3884 3437 3960; baseline -0.006 -15"><span class='ocrx_word' id='word_1_687' title='bbox 1864 3892 2084 3946; x_wconf 84' lang='lat' dir='ltr'><strong>tentiam</strong></span> <span class='ocrx_word' id='word_1_688' title='bbox 2121 3898 2304 3960; x_wconf 86' lang='lat' dir='ltr'><strong>agente</strong></span> <span class='ocrx_word' id='word_1_689' title='bbox 2333 3888 2400 3954; x_wconf 74' lang='lat'><strong>&quot;,</strong></span> <span class='ocrx_word' id='word_1_690' title='bbox 2426 3886 2621 3940; x_wconf 90' lang='lat' dir='ltr'><strong>merito</strong></span> <span class='ocrx_word' id='word_1_691' title='bbox 2644 3901 2777 3941; x_wconf 88' lang='lat' dir='ltr'><strong>sane</strong></span> <span class='ocrx_word' id='word_1_692' title='bbox 2799 3900 2925 3938; x_wconf 91' lang='lat' dir='ltr'><strong>cum</strong></span> <span class='ocrx_word' id='word_1_693' title='bbox 2952 3885 3205 3955; x_wconf 89' lang='lat' dir='ltr'><strong>religiosa</strong></span> <span class='ocrx_word' id='word_1_694' title='bbox 3237 3884 3437 3947; x_wconf 86' lang='lat' dir='ltr'><strong>anima,</strong></span> 
     </span>
    </p>
   </div>
   <div class='ocr_carea' id='block_1_96' title="bbox 1860 3976 3440 4056">
    <p class='ocr_par' dir='ltr' id='par_1_96' title="bbox 1860 3976 3440 4056">
     <span class='ocr_line' id='line_1_96' title="bbox 1860 3976 3440 4056; baseline -0.007 -17"><span class='ocrx_word' id='word_1_695' title='bbox 1860 3991 1985 4056; x_wconf 87' lang='lat' dir='ltr'><strong>post</strong></span> <span class='ocrx_word' id='word_1_696' title='bbox 2016 3990 2301 4053; x_wconf 88' lang='lat' dir='ltr'><strong>peractum</strong></span> <span class='ocrx_word' id='word_1_697' title='bbox 2354 3981 2519 4049; x_wconf 86' lang='lat' dir='ltr'><strong>hujus</strong></span> <span class='ocrx_word' id='word_1_698' title='bbox 2582 3979 2707 4034; x_wconf 69' lang='lat' dir='ltr'><strong>vita:</strong></span> <span class='ocrx_word' id='word_1_699' title='bbox 2765 3993 3027 4042; x_wconf 89' lang='lat' dir='ltr'><strong>cursum,</strong></span> <span class='ocrx_word' id='word_1_700' title='bbox 3084 3977 3333 4047; x_wconf 86' lang='lat' dir='ltr'><strong>ingressu</strong></span> <span class='ocrx_word' id='word_1_701' title='bbox 3384 3976 3440 4029; x_wconf 91' lang='lat' dir='ltr'><strong>in</strong></span> 
     </span>
    </p>
   </div>
   <div class='ocr_carea' id='block_1_97' title="bbox 1863 4069 3439 4134">
    <p class='ocr_par' dir='ltr' id='par_1_97' title="bbox 1863 4069 3439 4134">
     <span class='ocr_line' id='line_1_97' title="bbox 1863 4069 3439 4134; baseline -0.008 -1"><span class='ocrx_word' id='word_1_702' title='bbox 1863 4087 2055 4134; x_wconf 86' lang='lat' dir='ltr'><strong>sancta</strong></span> <span class='ocrx_word' id='word_1_703' title='bbox 2083 4075 2174 4130; x_wconf 90' lang='lat' dir='ltr'><strong>illa</strong></span> <span class='ocrx_word' id='word_1_704' title='bbox 2200 4075 2444 4129; x_wconf 65' lang='lat' dir='ltr'><strong>caelestia</strong></span> <span class='ocrx_word' id='word_1_705' title='bbox 2480 4074 2886 4131; x_wconf 82' lang='lat' dir='ltr'><strong>exercitationis</strong></span> <span class='ocrx_word' id='word_1_706' title='bbox 2920 4085 3034 4125; x_wconf 61' lang='lat' dir='ltr'><strong>sua:</strong></span> <span class='ocrx_word' id='word_1_707' title='bbox 3072 4085 3239 4125; x_wconf 90' lang='lat' dir='ltr'><strong>causa</strong></span> <span class='ocrx_word' id='word_1_708' title='bbox 3273 4069 3439 4123; x_wconf 83' lang='lat' dir='ltr'><strong>dona-</strong></span> 
     </span>
    </p>
   </div>
   <div class='ocr_carea' id='block_1_98' title="bbox 1862 4161 3461 4236">
    <p class='ocr_par' dir='ltr' id='par_1_98' title="bbox 1862 4161 3461 4236">
     <span class='ocr_line' id='line_1_98' title="bbox 1862 4161 3461 4236; baseline -0.008 -11"><span class='ocrx_word' id='word_1_709' title='bbox 1862 4180 1974 4236; x_wconf 90' lang='lat' dir='ltr'><strong>tur,</strong></span> <span class='ocrx_word' id='word_1_710' title='bbox 1996 4185 2102 4226; x_wconf 82' lang='lat' dir='ltr'><strong>vox</strong></span> <span class='ocrx_word' id='word_1_711' title='bbox 2136 4166 2532 4224; x_wconf 88' lang='lat' dir='ltr'><strong>benedictionis</strong></span> <span class='ocrx_word' id='word_1_712' title='bbox 2578 4166 2741 4221; x_wconf 87' lang='lat' dir='ltr'><strong>datur</strong></span> <span class='ocrx_word' id='word_1_713' title='bbox 2772 4178 2804 4218; x_wconf 89' lang='lat' dir='ltr'><strong>a</strong></span> <span class='ocrx_word' id='word_1_714' title='bbox 2834 4161 3181 4217; x_wconf 88' lang='lat' dir='ltr'><strong>multitudine</strong></span> <span class='ocrx_word' id='word_1_715' title='bbox 3221 4161 3461 4216; x_wconf 87' lang='lat' dir='ltr'><strong>celebri--</strong></span> 
     </span>
    </p>
   </div>
   <div class='ocr_carea' id='block_1_99' title="bbox 1865 4253 3465 4333">
    <p class='ocr_par' dir='ltr' id='par_1_99' title="bbox 1865 4253 3465 4333">
     <span class='ocr_line' id='line_1_99' title="bbox 1865 4253 3465 4333; baseline -0.009 -12"><span class='ocrx_word' id='word_1_716' title='bbox 1865 4271 2030 4321; x_wconf 80' lang='lat' dir='ltr'><strong>tatem</strong></span> <span class='ocrx_word' id='word_1_717' title='bbox 2065 4270 2119 4320; x_wconf 88' lang='lat' dir='ltr'><strong>et</strong></span> <span class='ocrx_word' id='word_1_718' title='bbox 2149 4263 2449 4333; x_wconf 78' lang='lat' dir='ltr'><strong>gratiarum</strong></span> <span class='ocrx_word' id='word_1_719' title='bbox 2478 4258 2749 4313; x_wconf 90' lang='lat' dir='ltr'><strong>actionem</strong></span> <span class='ocrx_word' id='word_1_720' title='bbox 2784 4264 2979 4327; x_wconf 78' lang='lat' dir='ltr'><strong>agente</strong></span> <span class='ocrx_word' id='word_1_721' title='bbox 3008 4270 3107 4327; x_wconf 92' lang='lat' dir='ltr'><strong>pro</strong></span> <span class='ocrx_word' id='word_1_722' title='bbox 3150 4262 3306 4325; x_wconf 88' lang='lat' dir='ltr'><strong>parta</strong></span> <span class='ocrx_word' id='word_1_723' title='bbox 3339 4253 3465 4325; x_wconf 74' lang='lat' dir='ltr'><strong>ipsi</strong></span> 
     </span>
    </p>
   </div>
   <div class='ocr_carea' id='block_1_100' title="bbox 1865 4346 3469 4423">
    <p class='ocr_par' dir='ltr' id='par_1_100' title="bbox 1865 4346 3469 4423">
     <span class='ocr_line' id='line_1_100' title="bbox 1865 4346 3469 4423; baseline -0.008 -9"><span class='ocrx_word' id='word_1_724' title='bbox 1865 4359 2059 4414; x_wconf 79' lang='lat' dir='ltr'><strong>salute.</strong></span> <span class='ocrx_word' id='word_1_725' title='bbox 2095 4356 2227 4423; x_wconf 68' lang='lat' dir='ltr'><strong>Quae</strong></span> <span class='ocrx_word' id='word_1_726' title='bbox 2273 4369 2397 4410; x_wconf 88' lang='lat' dir='ltr'><strong>cum</strong></span> <span class='ocrx_word' id='word_1_727' title='bbox 2426 4367 2554 4407; x_wconf 89' lang='lat' dir='ltr'><strong>vera</strong></span> <span class='ocrx_word' id='word_1_728' title='bbox 2582 4366 2707 4407; x_wconf 90' lang='lat' dir='ltr'><strong>esse</strong></span> <span class='ocrx_word' id='word_1_729' title='bbox 2747 4364 3072 4421; x_wconf 86' lang='lat' dir='ltr'><strong>persuasum</strong></span> <span class='ocrx_word' id='word_1_730' title='bbox 3105 4346 3301 4402; x_wconf 85' lang='lat' dir='ltr'><strong>habeat</strong></span> <span class='ocrx_word' id='word_1_731' title='bbox 3350 4347 3469 4416; x_wconf 80' lang='lat' dir='ltr'><strong>qui</strong></span> 
     </span>
    </p>
   </div>
   <div class='ocr_carea' id='block_1_101' title="bbox 1866 4439 3469 4514">
    <p class='ocr_par' dir='ltr' id='par_1_101' title="bbox 1866 4439 3469 4514">
     <span class='ocr_line' id='line_1_101' title="bbox 1866 4439 3469 4514; baseline -0.009 -10"><span class='ocrx_word' id='word_1_732' title='bbox 1866 4449 2070 4505; x_wconf 88' lang='lat' dir='ltr'><strong>talibus</strong></span> <span class='ocrx_word' id='word_1_733' title='bbox 2111 4448 2398 4504; x_wconf 85' lang='lat' dir='ltr'><strong>institutus</strong></span> <span class='ocrx_word' id='word_1_734' title='bbox 2426 4442 2734 4514; x_wconf 90' lang='lat' dir='ltr'><strong>disciplinis</strong></span> <span class='ocrx_word' id='word_1_735' title='bbox 2770 4450 2889 4506; x_wconf 88' lang='lat' dir='ltr'><strong>est,</strong></span> <span class='ocrx_word' id='word_1_736' title='bbox 2929 4441 3055 4510; x_wconf 84' lang='lat' dir='ltr'><strong>jure</strong></span> <span class='ocrx_word' id='word_1_737' title='bbox 3091 4439 3469 4508; x_wconf 69' lang='lat' dir='ltr'><strong>semetipsum.</strong></span> 
     </span>
    </p>
   </div>
   <div class='ocr_carea' id='block_1_102' title="bbox 1869 4536 3449 4614">
    <p class='ocr_par' dir='ltr' id='par_1_102' title="bbox 1869 4536 3449 4614">
     <span class='ocr_line' id='line_1_102' title="bbox 1869 4536 3449 4614; baseline -0.012 -13"><span class='ocrx_word' id='word_1_738' title='bbox 1869 4548 1945 4600; x_wconf 86' lang='lat' dir='ltr'><strong>ita</strong></span> <span class='ocrx_word' id='word_1_739' title='bbox 1980 4545 2305 4614; x_wconf 87' lang='lat' dir='ltr'><strong>alloquitur:</strong></span> <span class='ocrx_word' id='word_1_740' title='bbox 2331 4540 2508 4609; x_wconf 85' lang='lat' dir='ltr'><strong>Quare</strong></span> <span class='ocrx_word' id='word_1_741' title='bbox 2532 4539 2699 4593; x_wconf 85' lang='lat' dir='ltr'><strong>tristis</strong></span> <span class='ocrx_word' id='word_1_742' title='bbox 2724 4554 2799 4601; x_wconf 90' lang='lat' dir='ltr'><strong>es,</strong></span> <span class='ocrx_word' id='word_1_743' title='bbox 2830 4536 3014 4589; x_wconf 85' lang='lat' dir='ltr'><strong>anima</strong></span> <span class='ocrx_word' id='word_1_744' title='bbox 3040 4549 3176 4595; x_wconf 88' lang='lat' dir='ltr'><strong>mea,</strong></span> <span class='ocrx_word' id='word_1_745' title='bbox 3204 4542 3254 4586; x_wconf 92' lang='lat' dir='ltr'><strong>et</strong></span> <span class='ocrx_word' id='word_1_746' title='bbox 3283 4547 3449 4598; x_wconf 85' lang='lat' dir='ltr'><strong>quare</strong></span> 
     </span>
    </p>
   </div>
   <div class='ocr_carea' id='block_1_103' title="bbox 1869 4625 3475 4700">
    <p class='ocr_par' dir='ltr' id='par_1_103' title="bbox 1869 4625 3475 4700">
     <span class='ocr_line' id='line_1_103' title="bbox 1869 4625 3475 4700; baseline -0.012 -3"><span class='ocrx_word' id='word_1_747' title='bbox 1869 4641 2151 4697; x_wconf 86' lang='lat' dir='ltr'><strong>conturbas</strong></span> <span class='ocrx_word' id='word_1_748' title='bbox 2182 4655 2260 4693; x_wconf 86' lang='lat' dir='ltr'><strong>me</strong></span> <span class='ocrx_word' id='word_1_749' title='bbox 2278 4640 2303 4692; x_wconf 84' lang='lat'><strong><em>?</em></strong></span> <span class='ocrx_word' id='word_1_750' title='bbox 2333 4634 2479 4699; x_wconf 86' lang='lat' dir='ltr'><strong>Sive,</strong></span> <span class='ocrx_word' id='word_1_751' title='bbox 2499 4631 2798 4690; x_wconf 88' lang='lat' dir='ltr'><strong>secundum</strong></span> <span class='ocrx_word' id='word_1_752' title='bbox 2822 4627 3203 4700; x_wconf 84' lang='lat' dir='ltr'><strong>Symmachum</strong></span> <span class='ocrx_word' id='word_1_753' title='bbox 3228 4643 3240 4679; x_wconf 94' lang='lat'>:</span> <span class='ocrx_word' id='word_1_754' title='bbox 3271 4625 3475 4690; x_wconf 81' lang='lat' dir='ltr'><strong>Quare~</strong></span> 
     </span>
    </p>
   </div>
   <div class='ocr_carea' id='block_1_104' title="bbox 1870 4714 3452 4803">
    <p class='ocr_par' dir='ltr' id='par_1_104' title="bbox 1870 4714 3452 4803">
     <span class='ocr_line' id='line_1_104' title="bbox 1870 4714 3452 4803; baseline -0.013 -16"><span class='ocrx_word' id='word_1_755' title='bbox 1870 4732 2396 4803; x_wconf 78' lang='lat' dir='ltr'><strong>defatigaris,anima</strong></span> <span class='ocrx_word' id='word_1_756' title='bbox 2428 4742 2567 4788; x_wconf 89' lang='lat' dir='ltr'><strong>mea,</strong></span> <span class='ocrx_word' id='word_1_757' title='bbox 2601 4732 2651 4777; x_wconf 86' lang='lat' dir='ltr'><strong>et</strong></span> <span class='ocrx_word' id='word_1_758' title='bbox 2695 4736 2858 4793; x_wconf 86' lang='lat' dir='ltr'><strong>quare</strong></span> <span class='ocrx_word' id='word_1_759' title='bbox 2882 4720 3064 4773; x_wconf 85' lang='lat' dir='ltr'><strong>turbas</strong></span> <span class='ocrx_word' id='word_1_760' title='bbox 3094 4714 3295 4771; x_wconf 76' lang='lat' dir='ltr'><strong>excitus</strong></span> <span class='ocrx_word' id='word_1_761' title='bbox 3325 4730 3452 4768; x_wconf 89' lang='lat' dir='ltr'><strong>con-</strong></span> 
     </span>
    </p>
   </div>
   <div class='ocr_carea' id='block_1_105' title="bbox 1869 4806 3447 4890">
    <p class='ocr_par' dir='ltr' id='par_1_105' title="bbox 1869 4806 3447 4890">
     <span class='ocr_line' id='line_1_105' title="bbox 1869 4806 3447 4890; baseline -0.016 -9"><span class='ocrx_word' id='word_1_762' title='bbox 1869 4838 1953 4881; x_wconf 90' lang='lat' dir='ltr'><strong>tra</strong></span> <span class='ocrx_word' id='word_1_763' title='bbox 1982 4828 2100 4881; x_wconf 86' lang='lat' dir='ltr'><strong>me?</strong></span> <span class='ocrx_word' id='word_1_764' title='bbox 2139 4822 2399 4890; x_wconf 75' lang='lat' dir='ltr'><strong>Exspecta</strong></span> <span class='ocrx_word' id='word_1_765' title='bbox 2432 4819 2618 4880; x_wconf 82' lang='lat' dir='ltr'><strong>Deum,</strong></span> <span class='ocrx_word' id='word_1_766' title='bbox 2647 4815 2897 4886; x_wconf 89' lang='lat' dir='ltr'><strong>quoniam</strong></span> <span class='ocrx_word' id='word_1_767' title='bbox 2927 4808 3139 4865; x_wconf 79' lang='lat' dir='ltr'><strong>assidue</strong></span> <span class='ocrx_word' id='word_1_768' title='bbox 3168 4806 3447 4876; x_wconf 57' lang='lat' dir='ltr'><strong>conﬁtebor</strong></span> 
     </span>
    </p>
   </div>
   <div class='ocr_carea' id='block_1_106' title="bbox 1864 4903 3452 4983">
    <p class='ocr_par' dir='ltr' id='par_1_106' title="bbox 1864 4903 3452 4983">
     <span class='ocr_line' id='line_1_106' title="bbox 1864 4903 3452 4983; baseline -0.015 -7"><span class='ocrx_word' id='word_1_769' title='bbox 1864 4923 1935 4983; x_wconf 85' lang='lat' dir='ltr'><strong>ei,</strong></span> <span class='ocrx_word' id='word_1_770' title='bbox 1969 4918 2168 4974; x_wconf 85' lang='lat' dir='ltr'><strong>salutes</strong></span> <span class='ocrx_word' id='word_1_771' title='bbox 2196 4916 2368 4969; x_wconf 86' lang='lat' dir='ltr'><strong>vultus</strong></span> <span class='ocrx_word' id='word_1_772' title='bbox 2395 4913 2546 4982; x_wconf 85' lang='lat' dir='ltr'><strong>ejus;</strong></span> <span class='ocrx_word' id='word_1_773' title='bbox 2586 4918 2699 4973; x_wconf 89' lang='lat' dir='ltr'><strong>aut,</strong></span> <span class='ocrx_word' id='word_1_774' title='bbox 2746 4906 3003 4963; x_wconf 87' lang='lat' dir='ltr'><strong>salutibus</strong></span> <span class='ocrx_word' id='word_1_775' title='bbox 3034 4903 3205 4959; x_wconf 87' lang='lat' dir='ltr'><strong>vultus</strong></span> <span class='ocrx_word' id='word_1_776' title='bbox 3229 4903 3362 4971; x_wconf 83' lang='lat' dir='ltr'><strong>ejus,</strong></span> <span class='ocrx_word' id='word_1_777' title='bbox 3394 4908 3452 4954; x_wconf 92' lang='lat' dir='ltr'><strong>ut</strong></span> 
     </span>
    </p>
   </div>
   <div class='ocr_carea' id='block_1_107' title="bbox 1862 4997 3452 5081">
    <p class='ocr_par' dir='ltr' id='par_1_107' title="bbox 1862 4997 3452 5081">
     <span class='ocr_line' id='line_1_107' title="bbox 1862 4997 3452 5081; baseline -0.012 -12"><span class='ocrx_word' id='word_1_778' title='bbox 1862 5015 2031 5081; x_wconf 85' lang='lat' dir='ltr'><strong>habet</strong></span> <span class='ocrx_word' id='word_1_779' title='bbox 2080 5010 2297 5081; x_wconf 84' lang='lat' dir='ltr'><strong>Aquila.</strong></span> <span class='ocrx_word' id='word_1_780' title='bbox 2336 5007 2471 5063; x_wconf 86' lang='lat' dir='ltr'><strong>Nam</strong></span> <span class='ocrx_word' id='word_1_781' title='bbox 2503 5022 2626 5062; x_wconf 89' lang='lat' dir='ltr'><strong>cum</strong></span> <span class='ocrx_word' id='word_1_782' title='bbox 2649 5006 2760 5077; x_wconf 90' lang='lat' dir='ltr'><strong>jam</strong></span> <span class='ocrx_word' id='word_1_783' title='bbox 2790 5017 2927 5074; x_wconf 90' lang='lat' dir='ltr'><strong>pene</strong></span> <span class='ocrx_word' id='word_1_784' title='bbox 2954 5001 3021 5055; x_wconf 89' lang='lat' dir='ltr'><strong>ad</strong></span> <span class='ocrx_word' id='word_1_785' title='bbox 3038 4997 3452 5055; x_wconf 89' lang='lat' dir='ltr'><strong>tabernaculum</strong></span> 
     </span>
    </p>
   </div>
   <div class='ocr_carea' id='block_1_108' title="bbox 1872 5095 3453 5179">
    <p class='ocr_par' dir='ltr' id='par_1_108' title="bbox 1872 5095 3453 5179">
     <span class='ocr_line' id='line_1_108' title="bbox 1872 5095 3453 5179; baseline -0.012 -14"><span class='ocrx_word' id='word_1_786' title='bbox 1872 5109 1968 5165; x_wconf 91' lang='lat' dir='ltr'><strong>Dei</strong></span> <span class='ocrx_word' id='word_1_787' title='bbox 1999 5108 2339 5179; x_wconf 87' lang='lat' dir='ltr'><strong>pervenerim</strong></span> <span class='ocrx_word' id='word_1_788' title='bbox 2361 5146 2376 5170; x_wconf 93' lang='lat'><strong>,</strong></span> <span class='ocrx_word' id='word_1_789' title='bbox 2407 5113 2570 5175; x_wconf 89' lang='lat' dir='ltr'><strong>atque</strong></span> <span class='ocrx_word' id='word_1_790' title='bbox 2616 5105 2687 5159; x_wconf 92' lang='lat' dir='ltr'><strong>ob</strong></span> <span class='ocrx_word' id='word_1_791' title='bbox 2716 5099 3095 5157; x_wconf 86' lang='lat' dir='ltr'><strong>celsitudinem</strong></span> <span class='ocrx_word' id='word_1_792' title='bbox 3121 5104 3175 5153; x_wconf 91' lang='lat' dir='ltr'><strong>et</strong></span> <span class='ocrx_word' id='word_1_793' title='bbox 3204 5095 3453 5152; x_wconf 87' lang='lat' dir='ltr'><strong>sublimi-</strong></span> 
     </span>
    </p>
   </div>
   <div class='ocr_carea' id='block_1_109' title="bbox 1872 5189 3455 5272">
    <p class='ocr_par' dir='ltr' id='par_1_109' title="bbox 1872 5189 3455 5272">
     <span class='ocr_line' id='line_1_109' title="bbox 1872 5189 3455 5272; baseline -0.011 -13"><span class='ocrx_word' id='word_1_794' title='bbox 1872 5211 2040 5259; x_wconf 88' lang='lat' dir='ltr'><strong>tatem</strong></span> <span class='ocrx_word' id='word_1_795' title='bbox 2072 5203 2191 5272; x_wconf 86' lang='lat' dir='ltr'><strong>ejus</strong></span> <span class='ocrx_word' id='word_1_796' title='bbox 2240 5201 2519 5256; x_wconf 70' lang='lat' dir='ltr'><strong>coelestem</strong></span> <span class='ocrx_word' id='word_1_797' title='bbox 2583 5213 2614 5251; x_wconf 89' lang='lat' dir='ltr'><strong>a</strong></span> <span class='ocrx_word' id='word_1_798' title='bbox 2666 5195 2872 5251; x_wconf 87' lang='lat' dir='ltr'><strong>sanctis</strong></span> <span class='ocrx_word' id='word_1_799' title='bbox 2922 5192 3127 5264; x_wconf 84' lang='lat' dir='ltr'><strong>angelis</strong></span> <span class='ocrx_word' id='word_1_800' title='bbox 3174 5189 3455 5259; x_wconf 81' lang='lat' dir='ltr'><strong>hajulatus</strong></span> 
     </span>
    </p>
   </div>
   <div class='ocr_carea' id='block_1_110' title="bbox 1873 5282 3458 5363">
    <p class='ocr_par' dir='ltr' id='par_1_110' title="bbox 1873 5282 3458 5363">
     <span class='ocr_line' id='line_1_110' title="bbox 1873 5282 3458 5363; baseline -0.013 -11"><span class='ocrx_word' id='word_1_801' title='bbox 1873 5299 2001 5363; x_wconf 88' lang='lat' dir='ltr'><strong>sim,</strong></span> <span class='ocrx_word' id='word_1_802' title='bbox 2033 5295 2204 5351; x_wconf 88' lang='lat' dir='ltr'><strong>vultui</strong></span> <span class='ocrx_word' id='word_1_803' title='bbox 2252 5293 2351 5350; x_wconf 65' lang='lat' dir='ltr'><strong>Dei,</strong></span> <span class='ocrx_word' id='word_1_804' title='bbox 2382 5292 2568 5357; x_wconf 83' lang='lat' dir='ltr'><strong>sistar,</strong></span> <span class='ocrx_word' id='word_1_805' title='bbox 2612 5297 2674 5345; x_wconf 77' lang='lat' dir='ltr'><strong>et</strong></span> <span class='ocrx_word' id='word_1_806' title='bbox 2699 5286 3159 5357; x_wconf 79' lang='lat' dir='ltr'><strong>contemplatione</strong></span> <span class='ocrx_word' id='word_1_807' title='bbox 3198 5282 3458 5337; x_wconf 81' lang='lat' dir='ltr'><strong>salutaris</strong></span> 
     </span>
    </p>
   </div>
   <div class='ocr_carea' id='block_1_111' title="bbox 1875 5372 3458 5461">
    <p class='ocr_par' dir='ltr' id='par_1_111' title="bbox 1875 5372 3458 5461">
     <span class='ocr_line' id='line_1_111' title="bbox 1875 5372 3458 5461; baseline -0.013 -16"><span class='ocrx_word' id='word_1_808' title='bbox 1875 5393 2017 5461; x_wconf 86' lang='lat' dir='ltr'><strong>ejus,</strong></span> <span class='ocrx_word' id='word_1_809' title='bbox 2044 5390 2131 5447; x_wconf 89' lang='lat' dir='ltr'><strong>his</strong></span> <span class='ocrx_word' id='word_1_810' title='bbox 2160 5388 2438 5458; x_wconf 83' lang='lat' dir='ltr'><strong>dignatus,</strong></span> <span class='ocrx_word' id='word_1_811' title='bbox 2459 5383 2732 5456; x_wconf 68' lang='lat' dir='ltr'><strong>perfruar,</strong></span> <span class='ocrx_word' id='word_1_812' title='bbox 2751 5398 2860 5452; x_wconf 93' lang='lat' dir='ltr'><strong>quo</strong></span> <span class='ocrx_word' id='word_1_813' title='bbox 2892 5390 3133 5447; x_wconf 84' lang='lat' dir='ltr'><strong>tempore</strong></span> <span class='ocrx_word' id='word_1_814' title='bbox 3155 5372 3458 5430; x_wconf 79' lang='lat' dir='ltr'><strong>confessio—-</strong></span> 
     </span>
    </p>
   </div>
   <div class='ocr_carea' id='block_1_112' title="bbox 1879 5468 3309 5550">
    <p class='ocr_par' dir='ltr' id='par_1_112' title="bbox 1879 5468 3309 5550">
     <span class='ocr_line' id='line_1_112' title="bbox 1879 5468 3309 5550; baseline -0.015 -11"><span class='ocrx_word' id='word_1_815' title='bbox 1879 5498 2004 5539; x_wconf 85' lang='lat' dir='ltr'><strong>nem</strong></span> <span class='ocrx_word' id='word_1_816' title='bbox 2027 5480 2377 5550; x_wconf 86' lang='lat' dir='ltr'><strong>debitamque</strong></span> <span class='ocrx_word' id='word_1_817' title='bbox 2410 5477 2711 5549; x_wconf 87' lang='lat' dir='ltr'><strong>gratiarum</strong></span> <span class='ocrx_word' id='word_1_818' title='bbox 2742 5473 3008 5527; x_wconf 84' lang='lat' dir='ltr'><strong>actionem</strong></span> <span class='ocrx_word' id='word_1_819' title='bbox 3044 5468 3309 5525; x_wconf 85' lang='lat' dir='ltr'><strong>emittam.</strong></span> 
     </span>
    </p>
   </div>
   <div class='ocr_carea' id='block_1_113' title="bbox 269 5808 1761 5909">
    <p class='ocr_par' dir='ltr' id='par_1_113' title="bbox 269 5826 1761 5909">
     <span class='ocr_line' id='line_1_113' title="bbox 269 5826 1761 5909; baseline -0.009 -13"><span class='ocrx_word' id='word_1_820' title='bbox 269 5843 315 5874; x_wconf 80' lang='grc'><strong>³⁸</strong></span> <span class='ocrx_word' id='word_1_821' title='bbox 356 5842 378 5895; x_wconf 84' lang='grc' dir='ltr'><strong>ι</strong></span> <span class='ocrx_word' id='word_1_822' title='bbox 409 5839 601 5896; x_wconf 81' lang='lat' dir='ltr'><strong>Thess.</strong></span> <span class='ocrx_word' id='word_1_823' title='bbox 639 5853 714 5909; x_wconf 84' lang='lat' dir='ltr'><strong>tv,</strong></span> <span class='ocrx_word' id='word_1_824' title='bbox 749 5837 832 5892; x_wconf 82' lang='grc'><strong>16.</strong></span> <span class='ocrx_word' id='word_1_825' title='bbox 911 5834 953 5868; x_wconf 60' lang='grc' dir='ltr'><strong>⁸ο</strong></span> <span class='ocrx_word' id='word_1_826' title='bbox 993 5832 1158 5891; x_wconf 83' lang='lat' dir='ltr'><strong>llebr.</strong></span> <span class='ocrx_word' id='word_1_827' title='bbox 1192 5848 1319 5901; x_wconf 79' lang='lat' dir='ltr'><strong>vm,</strong></span> <span class='ocrx_word' id='word_1_828' title='bbox 1357 5830 1407 5897; x_wconf 74' lang='grc' dir='ltr'><strong>ί,</strong></span> <span class='ocrx_word' id='word_1_829' title='bbox 1448 5829 1503 5885; x_wconf 79' lang='grc'>2.</span> <span class='ocrx_word' id='word_1_830' title='bbox 1581 5829 1622 5862; x_wconf 67' lang='grc'>⁸¹</span> <span class='ocrx_word' id='word_1_831' title='bbox 1660 5826 1761 5884; x_wconf 86' lang='lat' dir='ltr'><strong>ibid</strong></span> 
     </span>
    </p>
   </div>
   <div class='ocr_carea' id='block_1_114' title="bbox 1860 5808 3066 5909">
    <p class='ocr_par' dir='ltr' id='par_1_114' title="bbox 1866 5808 3066 5887">
     <span class='ocr_line' id='line_1_114' title="bbox 1866 5808 3066 5887; baseline -0.014 -7"><span class='ocrx_word' id='word_1_832' title='bbox 1866 5867 1877 5880; x_wconf 93' lang='lat'><strong><em>.</em></strong></span> <span class='ocrx_word' id='word_1_833' title='bbox 1956 5826 2000 5858; x_wconf 68' lang='grc' dir='ltr'>δ’</span> <span class='ocrx_word' id='word_1_834' title='bbox 2045 5821 2208 5879; x_wconf 84' lang='lat' dir='ltr'><strong>Hebr.</strong></span> <span class='ocrx_word' id='word_1_835' title='bbox 2247 5834 2325 5887; x_wconf 80' lang='lat' dir='ltr'><strong>Ix,</strong></span> <span class='ocrx_word' id='word_1_836' title='bbox 2366 5814 2575 5885; x_wconf 68' lang='lat'><strong>11,12.</strong></span> <span class='ocrx_word' id='word_1_837' title='bbox 2656 5812 2698 5843; x_wconf 74' lang='grc'><strong>⁸³</strong></span> <span class='ocrx_word' id='word_1_838' title='bbox 2748 5808 2859 5865; x_wconf 63' lang='lat' dir='ltr'><strong>Luc</strong></span> <span class='ocrx_word' id='word_1_839' title='bbox 2915 5823 2977 5864; x_wconf 62' lang='grc' dir='ltr'><strong>ιη·</strong></span> <span class='ocrx_word' id='word_1_840' title='bbox 3058 5862 3066 5873; x_wconf 39' lang='grc' dir='ltr'>δ</span> 
     </span>
    </p>
   </div>
  </div>
