4010 6582
320 367 447 422 377

1467 363 1967 426 COMMENTARIA
2002 364 2069 420 1N
2105 363 2444 422 PSALMOS.

3473 365 3579 422 578

321 475 415 546 εἶ,
445 479 544 534 ναι
575 480 674 534 καὶ
701 484 1013 555 οἰκτίρμων
1039 487 1137 542 καὶ
1166 488 1568 556 μακρόθυμος.
1624 487 1713 540 Διὸ
1741 486 1913 558 ἐμαυ-

2026 484 2188 550 Deus,
2216 485 2512 539 misericors
2547 499 2624 546 es,
2647 499 2710 537 ac
2753 483 2914 537 etiam
2959 486 3238 536 miseratur
3264 490 3312 536 et
3338 482 3584 552 longani-

312 569 426 623 τὸν
476 567 792 641 θεραπεύων
842 574 1069 643 ἀγαθαῖς
1127 575 1362 640 ἐλπίσιν,
1422 573 1605 640 εἰδὼς,
1644 573 1726 625 ὅτι
1775 577 1912 628 καθι

322 658 568 728 ημέραν
611 661 676 714 τὸ
721 663 895 730 ἕλεος
939 665 1123 719 αὐτοῦ
1163 664 1483 719 ἐντελεῖται
1535 668 1568 718 ὀ
1613 665 1774 730 Θεὸς,
1813 665 1912 729 τὰς

320 753 543 815 νύκτας
573 755 640 823 τῇ
675 752 786 825 ᾠδῇ
813 755 977 809 αὐτοῦ
1019 755 1294 827 σχολάζων
1325 756 1572 811 διατελῶ.
1598 758 1732 813 Μεθ’
1773 755 1912 827 ὴμέ-

329 863 444 916 ραν
485 848 582 919 μὲν
614 847 723 918 γὰρ
761 848 859 913 τὰς
891 849 998 902 τῶν
1041 848 1342 921 ἀνθρώπων
1383 851 1523 922 ὁρῶν
1555 849 1780 922 πράξεις
1819 852 1914 904 καὶ

322 939 440 1004 τὰς
495 939 799 1006 κυκλούσας
830 943 976 1013 ἡμᾶς
1019 942 1334 1014 συμφορὰς.
1385 942 1510 1007 τούς
1543 960 1602 996 τε
1655 959 1914 1014 μετεωρι-

321 1030 513 1102 σμούς
546 1049 640 1086 σου
680 1033 775 1086 καὶ⁸
821 1033 890 1088 τὰ
916 1035 1139 1105 κύματά
1190 1053 1303 1100 σου,
1349 1035 1484 1108 πρὸς
1519 1036 1751 1108 ἐμαυτὸν
1778 1035 1912 1088 ἀπο-

315 1125 574 1198 δύρομαι
593 1143 606 1156 °
631 1126 740 1181 τῶν
760 1127 817 1180 δέ
835 1128 903 1180 δι’
925 1128 1135 1200 ἡμέρας
1167 1147 1233 1200 με
1259 1129 1626 1201 θορυϐούντων
1647 1130 1912 1202 σχολάσας

315 1215 426 1272 διὰ
453 1217 550 1289 τῆς
574 1218 786 1283 νυκτὸς,
809 1220 1269 1291 ἀναπεμπάζομαι
1299 1222 1368 1275 τά
1400 1222 1522 1293 ἐλέη
1553 1222 1646 1276 τοῦ
1667 1222 1872 1294 Κυρίου
1892 1240 1907 1254 ·

318 1308 883 1382 ἀναμιμνησκόμενός
931 1329 992 1365 τε
1037 1315 1185 1376 ὅπως
1237 1313 1356 1366 καθ’
1405 1315 1616 1386 ἡμέραν
1661 1314 1721 1368 τὸ
1764 1314 1912 1380 ἕλεος

317 1399 504 1453 αὐτοῦ
533 1401 852 1467 ἐντέλλεται,
885 1403 1104 1475 ᾄσματα
1133 1402 1280 1474 αύτῷ
1305 1406 1399 1458 καὶ
1425 1404 1568 1475 ᾠδὰς
1604 1406 1911 1476 ἀναπέμπω

319 1492 534 1563 σχολὴν
592 1492 738 1562 ἄγων
787 1494 886 1558 τὰς
940 1495 1158 1560 νύκτας.
1215 1497 1307 1550 Διὸ
1368 1497 1432 1568 δὴ
1483 1497 1578 1551 καὶ
1628 1497 1904 1550 λέλεκτκι·

315 1584 447 1636 Καὶ
489 1585 708 1652 νυκτὸς
739 1586 863 1657 ᾠδὴ
912 1590 1097 1643 αὑτοῦ
1145 1593 1281 1659 παρ’
1321 1591 1480 1660 ἐμοί·
1523 1590 1666 1644 κατὰ
1708 1591 1765 1643 δὲ
1820 1591 1908 1644 τὸν

334 1675 580 1736 Ἀκύλαν
599 1695 612 1707 ο
639 1677 746 1731 Kal
779 1679 850 1732 ἐν
877 1681 1048 1735 νυκτὶ
1078 1675 1244 1752 ᾆσμα
1270 1681 1457 1736 αὐτοῦ
1476 1682 1604 1751 μετ’
1635 1681 1802 1750 ἐμοῦ.
1832 1682 1907 1734 Οὐ

322 1767 498 1836 μόνον
527 1768 584 1822 δὲ
623 1768 804 1834 τοῦτο,
847 1770 984 1825 ἀλλά
1031 1772 1124 1826 καὶ
1165 1772 1476 1841 προσευχὴ
1510 1771 1589 1838 τῷ
1642 1771 1763 1838 Θεῷ
1800 1771 1910 1840 τῆς

2017 582 2117 635 mis
2140 582 2206 632 ".
2241 578 2420 646 Quare
2452 594 2538 632 me
2568 578 2710 633 bona
2733 593 2832 648 spe
2862 575 3115 640 fulciens,
3149 590 3358 648 gnarus
3400 575 3581 636 illius,

2015 673 2068 725 in
2110 673 2195 726 die
2235 669 2508 725 mandabit
2549 669 2692 728 Deus
2739 667 3157 723 misericordiam
3199 684 3385 731 suam,
3423 676 3586 721 nocte

2015 761 2248 818 canticis
2283 762 2403 832 ejus
2435 759 2654 816 assidue
2685 758 2961 814 incumbo.
2995 755 3276 828 Siquidem
3315 769 3440 811 cum
3489 771 3586 825 per

2015 853 2159 908 diem
2193 851 2472 906 hominum
2515 866 2702 921 opera,
2739 858 2794 904 et
2826 849 3165 903 calamitates
3206 863 3306 902 nos
3342 849 3584 902 cireum-

2013 944 2322 1008 venientes,
2359 943 2576 997 excelsa
2610 951 2700 996 tua
2727 950 2803 996 -et
2842 939 3043 996 ﬂuctus
3079 948 3202 995 tuos
3241 954 3487 999 cernam,
3531 937 3584 990 in

2013 1037 2340 1108 memetipso
2363 1037 2554 1107 lugeo;
2587 1044 2750 1090 noctu
2783 1051 2918 1090 vero
2961 1035 3089 1089 dum
3131 1033 3365 1088 inducite
3398 1041 3524 1085 sunt
3555 1045 3584 1082 a

2011 1133 2498 1197 eonturbantihus,
2529 1130 2940 1186 misericordias
2981 1127 3195 1183 Domini
3249 1140 3466 1180 mecum
3494 1139 3584 1177 re-

1961 1255 1963 1258 i
2013 1233 2180 1296 puto;
2211 1240 2277 1279 ac
2303 1224 2628 1280 recordatus
2654 1238 2764 1293 quo
2796 1229 2958 1292 pacto
2986 1221 3042 1274 iu
3089 1220 3176 1275 die
3211 1217 3432 1272 mandet
3477 1214 3584 1268 mi-

2013 1317 2372 1374 sericordiam
2410 1331 2588 1380 suam,
2623 1329 2723 1386 per
2772 1315 2950 1368 noctis
2997 1313 3169 1367 otium
3213 1310 3429 1364 cantica
3477 1307 3584 1378 ipsi

2011 1409 2310 1478 laudesque
2333 1407 2569 1478 profero.
2591 1405 2963 1473 Quamobrem
2993 1404 3198 1458 dictum
3225 1412 3336 1465 est,
3359 1411 3407 1457 et
3435 1411 3585 1456 nocte

2011 1501 2272 1555 canticum
2294 1501 2407 1570 ejus
2433 1499 2572 1569 apud
2602 1514 2718 1564 me;
2749 1499 3053 1552 secundum
3085 1497 3335 1568 Aquilam
3376 1509 3582 1561 autem,

2009 1604 2057 1649 et
2088 1603 2234 1648 nocte
2266 1595 2532 1646 canticum
2557 1591 2670 1661 ejus
2702 1607 2926 1644 mecum.
2956 1589 3143 1660 Neque
3174 1589 3228 1643 id
3258 1589 3461 1652 solum,
3485 1587 3582 1643 sed

2010 1685 2172 1740 etiam
2204 1686 2378 1738 oratio
2419 1684 2526 1738 Deo
2559 1685 2678 1738 vitae
2709 1700 2858 1738 mete.
2889 1681 3024 1736 Nam
3067 1683 3330 1754 hymnum
3363 1681 3416 1735 in
3449 1698 3578 1753 gra-

2011 1776 2212 1830 tiarum
2253 1775 2522 1830 actionem
2565 1790 2724 1840 cano,
2757 1775 2838 1830 sic
2874 1775 3158 1829 institutus
3200 1782 3258 1826 ut
3303 1773 3358 1827 in
3404 1774 3584 1827 omni-

316 1854 482 1924 ζωῆς
514 1875 654 1927 μου.
689 1859 834 1930 ’ᾼδω
865 1861 964 1932 μὲν
996 1861 1103 1932 γὰρ
1131 1861 1298 1933 ὕμνον
1337 1863 1750 1933 εὐχαριστήριον
1773 1905 1788 1928 ,
1828 1863 1912 1916 δε-

2012 1867 2116 1921 bus
2143 1867 2348 1936 gratias
2373 1881 2552 1936 agam,
2582 1866 3029 1936 quandoquidem
3069 1882 3154 1920 me
3189 1865 3334 1920 bona
3367 1864 3584 1920 futuro-

316 1946 618 2017 δειγμένος
669 1950 728 2000 ἐν
781 1951 942 2003 παντὶ
1006 1951 1366 2022 εὐχαριστεῖν,
1416 1956 1536 2016 ταῖς
1590 1953 1910 2024 μελλούσαις

317 2040 549 2094 ἐλπίσιν
598 2045 860 2113 χρησταῖς
906 2043 1141 2114 ἐμαυτὸν
1181 2044 1581 2116 ἀνακτώμενος.
1607 2045 1708 2100 Διὰ
1744 2046 1801 2099 δὲ
1844 2047 1912 2100 τά

317 2133 473 2196 τέως
497 2134 552 2186 ἐν
572 2133 650 2204 τῷ
680 2134 903 2205 παρόντι
939 2135 1228 2206 συνέχοντά
1261 2152 1331 2206 με
1361 2135 1579 2208 λυπηρά
1605 2137 1911 2208 προσευχὴν

320 2224 645 2295 ἀναπέμπω
690 2225 767 2296 τῷ
819 2225 937 2297 Θεῷ
966 2228 1062 2298 τῆς
1114 2227 1256 2298 ζωῆς
1293 2245 1426 2298 μου·
1479 2224 1592 2280 οἶδα
1642 2227 1784 2299 γὰρ,
1830 2229 1910 2281 ὅτι

318 2315 496 2368 αὐτὸν
523 2315 630 2386 ἔχω
650 2317 748 2386 τῆς
771 2317 1010 2387 ἐμαυτοῦ
1039 2316 1185 2387 ζωῆς
1223 2318 1414 2372 αἴτιον.
1471 2319 1912 2389 Προσευχόμενος

315 2408 389 2461 δὲ
418 2407 566 2478 αὐτῷ
589 2427 759 2480 φημι·
803 2409 1194 2479 Ἂντιλήπτωρ
1219 2429 1338 2481 μου
1357 2428 1369 2441 ·
1401 2411 1434 2482 ἢ
1461 2411 1601 2465 κατά
1625 2411 1714 2464 τὸν
1755 2411 1910 2464 Ἀκύ-

316 2499 432 2553 λαν
478 2500 572 2553 καὶ
603 2499 928 2570 Σύμμαχον,
979 2500 1162 2568 πέτρα
1200 2518 1349 2570 μου·
1397 2501 1481 2570 ἐφ’
1520 2500 1585 2572 ἢν
1636 2500 1806 2564 ἑστὼς
1847 2501 1906 2553 ού

319 2588 807 2660 διατραπήσομαι·
857 2588 955 2642 διὰ
1000 2591 1056 2642 τί
1093 2608 1230 2659 μου,
1253 2590 1584 2654 ἐπελάθου;
1623 2590 1764 2658 Ἐγὼ
1810 2590 1922 2662 μὲν

318 2681 442 2752 γάρ
477 2697 572 2732 σου
605 2679 703 2733 ούκ
731 2680 1124 2753 ἐπιλέλησμαι·
1155 2681 1268 2736 ἀλλ’
1296 2681 1414 2736 οἷδὰ
1441 2701 1532 2736 σου
1559 2683 1626 2736 τὰ
1662 2683 1788 2754 ἐλέη
1817 2683 1911 2736 καὶ

318 2776 461 2837 τοὺς
493 2773 841 2845 οίκτιρμούς’
893 2769 1008 2827 οἶδα
1052 2775 1108 2828 δὲ
1133 2776 1227 2830 καὶ
1268 2775 1364 2839 τὰς
1406 2777 1771 2847 ἀποκειμένας
1821 2792 1908 2845 μοι

317 2862 586 2932 ἐλπίδας·
619 2867 699 2920 διὸ
729 2869 824 2920 καὶ
866 2868 962 2940 τὴν
993 2869 1136 2940 ᾠδήν
1178 2885 1270 2922 σου
1319 2871 1448 2941 παρ’
1486 2869 1706 2940 ἐμαυτῴ
1755 2869 1909 2922 ἀδια-

316 2959 568 3023 λείπτως
594 2959 875 3031 φυλάττωο
909 2959 972 3012 σὺ
1007 2960 1065 3012 δέ
1102 2977 1201 3030 μου
1236 2959 1530 3013 ἐπελάθου·
1569 2959 1655 3013 διὰ
1682 2961 1771 3025 τί;
1801 2946 1912 3031 Τῆν

317 3051 517 3108 αἰτίαν
542 3050 733 3125 μαθεῖν
765 3051 1044 3123 βούλομαι,
1067 3051 1133 3105 δι’
1157 3054 1224 3123 ἦν
1254 3053 1451 3116 πάντες
1476 3054 1524 3105 οἱ
1552 3051 1910 3123 μετεωρισμώ

321 3163 430 3199 σου
465 3145 560 3198 καὶ
588 3143 658 3198 τὰ
711 3143 932 3215 κύματά
979 3161 1102 3210 σου,
1150 3147 1200 3198 οἱ
1247 3146 1541 3217 πειρασμοὶ
1586 3145 1785 3216 δηλαδὴ
1818 3145 1911 3198 καὶ

2012 1975 2134 2014 rum
2166 1974 2262 2028 spe
2313 1957 2519 2014 reﬁcio.
2543 1956 2622 2011 Ac
2658 1965 2882 2028 propter
2912 1973 3008 2014 eas
3040 1959 3240 2029 quibus
3261 1958 3373 2027 jam
3413 1958 3584 2012 inter-

2013 2051 2187 2121 cipior
2213 2049 2834 2114 aerumnas,orationem
2863 2050 2970 2104 Deo
2991 2051 3113 2104 vitm
3135 2066 3266 2105 mea:
3307 2050 3585 2120 persolvo:

2012 2140 2135 2194 novi
2167 2142 2313 2197 enim
2349 2142 2526 2211 ipsum
2549 2141 2807 2196 essevita:
2829 2157 2960 2196 mea:
2976 2149 3276 2197 auctorem.
3297 2140 3577 2196 Preeando

2011 2241 2191 2287 autem
2214 2232 2294 2286 sic
2317 2248 2438 2286 eum
2457 2234 2745 2301 compello,
2766 2243 3035 2300 susceptor
3051 2250 3227 2298 meus;
3261 2233 3373 2288 sive
3393 2250 3585 2287 secun-

2011 2324 2138 2378 dum
2156 2322 2405 2393 Aquilam
2421 2321 2899 2394 etSymmachum,
2915 2333 3062 2391 petra
3081 2330 3227 2388 mea;
3248 2325 3301 2378 in
3323 2341 3429 2395 qua
3451 2341 3584 2379 con-

2011 2415 2213 2470 sistens
2237 2427 2515 2483 nunquam
2574 2413 2881 2467 subvertar.
2919 2414 3097 2480 Quare
3125 2414 3317 2468 oblitus
3343 2431 3398 2468 es
3435 2416 3534 2468 mei
3558 2418 3584 2472 2

2009 2502 2231 2558 Atenim
2251 2517 2350 2572 ego
2364 2505 2444 2558 tui
2461 2519 2571 2558 non
2583 2504 2788 2560 oblitus
2807 2521 2948 2570 sum,
2966 2521 3154 2560 verum
3174 2507 3582 2562 misericordias

2010 2601 2064 2649 et
2097 2595 2478 2649 miserationes
2513 2602 2633 2650 tuas
2661 2595 2810 2660 novi,
2838 2597 3079 2666 itemque
3106 2611 3255 2667 spem
3277 2597 3584 2667 mihirepo-

2012 2686 2172 2743 sitam
2203 2701 2317 2740 non
2345 2686 2538 2757 ignoro
2565 2704 2581 2742 :
2613 2702 2784 2756 quare
2812 2689 3088 2742 canticum
3121 2703 3333 2757 semper
3358 2697 3511 2742 tuum
3527 2689 3585 2746 in

2009 2780 2332 2849 memetipso
2358 2777 2632 2834 custodio.
2649 2777 2731 2832 Tu
2758 2795 2887 2833 vero
2910 2781 3012 2834 mei
3036 2779 3238 2835 oblitus
3255 2796 3314 2836 es
3342 2799 3357 2836 :
3381 2783 3585 2852 quare?

2011 2869 2245 2924 Causam
2286 2870 2533 2924 ediscere
2577 2869 2833 2938 pervelim
2854 2883 2953 2923 cur
2975 2870 3157 2922 omnia
3177 2871 3395 2924 excelsa
3413 2878 3502 2923 tua
3526 2879 3583 2925 et

2012 2958 2211 3014 ﬂuctus
2246 2960 2363 3024 tui,
2407 2960 2661 3014 videlicet
2711 2961 3046 3016 tentationes
3069 2967 3122 3015 et
3162 2968 3326 3014 tantae
3365 2961 3586 3015 calami-

2013 3059 2174 3115 tates,
2210 3058 2262 3106 te
2290 3051 2659 3122 permittente,
2695 3058 2859 3120 Super
2896 3067 2984 3105 me
3021 3051 3358 3106 transierint.
3392 3051 3584 3123 Magna

2014 3144 2284 3215 profecto,
2312 3143 2456 3214 quod
2475 3142 2678 3198 oblitus
2703 3145 2782 3199 sis
2805 3143 2934 3208 mei,
2957 3157 3122 3197 causa
3154 3143 3318 3198 fuerit
3347 3154 3582 3214 oportet.

319 3237 595 3294 τοσαῦται
628 3240 973 3310 περιστάσεις
1025 3241 1111 3293 ἐπ’
1146 3240 1245 3311 ἐμὲ
1287 3238 1523 3310 διῆλθον,
1565 3239 1659 3292 σοῦ
1718 3237 2145 3309 συγχωροῦντος.
2184 3237 2342 3307 Μέγα
2389 3237 2496 3310 γάρ
2523 3255 2576 3290 τι
2601 3236 2805 3306 ὀφείλει
2828 3235 3115 3307 τυγχάνειν
3167 3235 3226 3288 τὸ
3263 3235 3434 3290 αἴτιον
3486 3237 3587 3309 τῆς

320 3352 401 3388 πε
413 3337 467 3404 pi.
496 3335 630 3405 ἐμοῦ
659 3334 844 3406 λήθης.

405 3426 596 3494 Λέγων
627 3425 683 3479 δὲ
711 3426 885 3481 ταῦτα
913 3429 942 3480 ὁ
975 3428 1133 3500 χορὸς
1170 3428 1244 3500 (1)
1265 3430 1618 3501 προφητικὸς,
1655 3428 1913 3482 ίδιοποιεῖ-

2089 3425 2226 3482 Cum
2284 3437 2448 3494 porro
2502 3421 2557 3476 id
2611 3421 2688 3476 ait
2712 3421 3066 3493 prepheticus
3111 3422 3342 3489 chorus,
3397 3423 3580 3495 populi

325 3536 398 3574 τα
409 3536 448 3581 ι,
469 3517 545 3581 ὡς
571 3517 726 3590 ἔφην,
759 3518 856 3590 τὴν
872 3519 964 3572 τοῦ
985 3519 1112 3573 λαοῦ
1133 3519 1462 3574 κατάστασιν
1482 3537 1495 3550 ·
1516 3521 1612 3593 τὴν
1623 3520 1730 3591 γὰρ
1746 3520 1907 3592 ἐσχά-

322 3630 436 3683 την
465 3612 733 3684 ἀποϐολὴν
763 3614 858 3667 καὶ
890 3614 990 3683 τὴν
1015 3613 1330 3666 ἀπόπτωσιν
1361 3612 1454 3666 τοῦ
1495 3614 1692 3677 παντὸς
1725 3613 1908 3679 ἔθνους

322 3706 436 3775 τὴν
461 3704 758 3776 γενομένην
790 3705 925 3775 μετὰ
956 3703 1053 3776 τὴν
1075 3705 1154 3768 εἰς
1192 3705 1281 3757 τὸν
1322 3704 1551 3776 Σωτῆρα
1581 3705 1674 3757 καὶ
1707 3704 1908 3776 Κύριον

324 3796 497 3869 ἡμῶν
528 3796 783 3850 ἀπιστίαν
814 3795 993 3849 αὐτῶν
1033 3796 1316 3866 ἐμφαίνειν
1356 3814 1446 3867 μοι
1479 3796 1568 3850 διὰ
1596 3795 1798 3851 τούτων
1827 3797 1910 3849 δο-

326 3892 443 3946 κεῖ.
472 3889 610 3942 Εἷπε
649 3888 690 3942 δ’
723 3889 788 3943 ἂν
828 3887 975 3958 αύτῷ
1004 3888 1340 3959 ὲρωτήσαντι
1380 3889 1473 3942 καὶ
1506 3889 1692 3958 φάντιο
1730 3889 1830 3942 Διὰ
1854 3889 1910 3941 τί

325 4001 453 4052 μου
487 3979 815 4044 ἐπελάθου;
844 3980 904 4032 τὸ
938 3983 996 4033 ἐν
1038 3979 1354 4051 Εύαγγελίῳ
1401 3979 1610 4051 λεχθέψ
1645 3979 1910 4045 Ποσάκις

327 4073 612 4143 ἠθέλησα
641 4072 1106 4143 ἐπισυναγαγεῖν
1131 4072 1201 4125 τὰ
1232 4071 1412 4126 τέκνα
1444 4087 1583 4135 σου,
1605 4069 1676 4124 ὃν
1690 4073 1910 4140 τρόπον

329 4169 502 4238 ὄρνις
539 4166 911 4237 ὐποσυνάγει
940 4167 1011 4220 τὰ
1042 4167 1266 4220 νοσσία
1303 4165 1422 4220 ὑπὸ
1459 4165 1566 4230 τὰς
1593 4163 1906 4232 πτέρυγας,

330 4261 437 4315 καὶ
484 4261 597 4314 οὐκ
642 4257 1013 4326 ήθελήσατε;
1056 4259 1209 4311 Ἐπεὶ
1252 4258 1428 4311 τοίνυν
1471 4256 1558 4309 διὰ
1599 4257 1696 4327 τὴν
1731 4255 1909 4309 αὐτῶν

332 4351 534 4406 κακίαν
567 4348 959 4420 ἐπελήσθησαν,
989 4349 1211 4412 εἰκότως
1251 4351 1278 4402 ὁ
1307 4349 1464 4421 χορὸς
1493 4349 1521 4399 ὁ
1555 4345 1907 4418 προφητικὸς,

333 4444 460 4496 ἐπεὶ
487 4444 732 4512 φυσικοῖς
759 4441 935 4510 λόγοις
957 4439 1301 4510 πάσχοντος
1317 4439 1452 4505 ἑνὸς
1478 4438 1729 4507 μέλους,
1757 4453 1911 4506 συμ-

335 4534 562 4604 πάσχει
610 4532 806 4586 πάντα
830 4532 903 4586 τὰ
925 4532 1082 4603 μέλη
1107 4572 1120 4596 ,
1154 4532 1229 4596 ὡς
1297 4531 1436 4603 ὑπὲρ
1480 4529 1678 4584 οίκείου
1724 4529 1908 4594 σῶμα-

336 4647 430 4694 τος
479 4627 658 4697 ἀλγῶν
711 4625 950 4694 ἐπιλέγει
1002 4625 1143 4679 κατὰ
1197 4625 1288 4678 τὸν
1334 4623 1627 4694 Σύμμαχον
1645 4637 1660 4653 ο
1694 4621 1817 4674 Ἵνα
1852 4620 1910 4673 τί

338 4720 696 4789 σκυθρωπὸς
751 4717 1082 4787 περιπατῶ,
1138 4716 1448 4782 θλίϐοντος
1497 4713 1746 4784 ἐχθροῦ;
1808 4711 1908 4765 καὶ

2016 3527 2243 3583 statum,
2271 3517 2348 3571 uti
2371 3515 2505 3580 dixi,
2537 3516 2694 3584 quasi
2729 3515 3012 3585 proprium
3043 3515 3148 3570 sibi
3187 3517 3434 3582 ascribit,
3469 3517 3586 3573 his—

2015 3625 2120 3681 que
2169 3615 2503 3678 postremam
2554 3605 2921 3673 ahjectionem
2955 3646 2970 3669 ,
3021 3621 3084 3662 ac
3138 3609 3352 3663 ruinam
3414 3611 3586 3667 totius

2016 3702 2216 3773 gentis,
2247 3714 2368 3770 qua:
2393 3705 2516 3768 post
2542 3711 2732 3750 eorum
2763 3712 2890 3767 erga
2936 3695 3272 3754 Salvatorem
3306 3707 3359 3754 et
3394 3699 3583 3754 Domi-

2015 3810 2146 3848 num
2177 3800 2425 3847 nostrum
2458 3789 2896 3844 incredulitatem
2927 3789 3147 3854 accidit,
3173 3791 3416 3846 indicare
3447 3793 3584 3849 mihi

2017 3885 2249 3940 videtur.
2279 3882 2360 3935 llli
2384 3895 2514 3935 vero
2548 3878 2713 3933 modo
2741 3879 3099 3948 interroganti
3123 3894 3185 3934 ac
3209 3882 3582 3950 compellanti,

2019 3977 2196 4044 Quare
2244 3973 2438 4029 oblitus
2472 3989 2527 4026 es
2575 3971 2717 4026 mei?
2768 3969 3000 4024 fortasse
3041 3972 3173 4026 illud
3213 3975 3582 4044 evangeliorum

2015 4069 2221 4122 dictum
2249 4073 2472 4136 reponat
2497 4083 2509 4118 :
2535 4063 2754 4131 Quoties
2775 4061 2917 4115 volui
2946 4077 3258 4132 congregare
3273 4063 3413 4133 ﬁlios
3438 4075 3576 4129 tuos,

2017 4158 2456 4230 quemadmodum
2500 4156 2704 4228 gallina
2743 4167 3019 4226 congregat
3063 4156 3235 4226 pullos
3303 4174 3427 4212 suos
3481 4157 3580 4212 sub

2017 4251 2157 4316 ales,
2175 4259 2223 4304 et
2244 4248 2487 4303 noluistis
2500 4249 2577 4303 “1’
2592 4247 3036 4318 Quandoquidem
3053 4248 3213 4317 igitur
3229 4248 3451 4303 malitia:
3465 4263 3582 4310 sua

2017 4355 2185 4398 causa
2217 4341 2273 4395 in
2303 4339 2631 4394 oblivionem
2663 4345 2947 4412 venerunt,
2973 4337 3096 4406 jure
3117 4336 3318 4393 chorus
3342 4340 3581 4410 propheq

2021 4436 2182 4498 licus,
2215 4435 2343 4504 quia
2373 4448 2439 4488 ex
2475 4431 2712 4486 naturali
2771 4430 2984 4484 ratione
3021 4430 3249 4498 patiente
3280 4448 3382 4484 uno
3417 4449 3581 4487 mem-

2018 4527 2136 4591 bro,
2168 4526 2564 4594 compatiuntur
2588 4523 2766 4576 omnia
2799 4520 3030 4576 membra
3048 4521 3116 4588 ‘7,
3145 4523 3300 4591 quasi
3322 4538 3421 4592 pro
3459 4539 3582 4578 θοι-ς

2015 4636 2148 4693 pore
2175 4620 2396 4689 proprio
2423 4617 2615 4686 lugens
2655 4614 2964 4684 subjungit,
2995 4613 3295 4667 secundum
3329 4614 3580 4684 Symma-

2017 4712 2179 4765 chum
2226 4729 2239 4762 :
2285 4709 2462 4774 Quare
2505 4707 2669 4759 tristis
2718 4703 2923 4770 incedo,
2959 4705 3211 4774 aﬁligente
3251 4705 3499 4770 inimico;
3531 4717 3585 4761 et

338 4814 420 4880 ὡς
449 4811 695 4882 σφαγὴν
728 4809 848 4865 τῶν
875 4807 1070 4862 ὀστῶν
1101 4826 1218 4877 μου
1254 4804 1548 4866 ὠνείδιζον
1576 4809 1629 4859 οὶ
1653 4804 1912 4858 ἐναντίοι

2015 4803 2168 4873 quasi
2202 4801 2517 4854 occisionem
2565 4813 2656 4866 per
2699 4812 2821 4850 ossa
2863 4811 2979 4848 mea
3011 4794 3402 4864 exprobrabant
3450 4798 3579 4851 mihi

338 4923 457 4976 μου
477 4923 489 4936 ·
522 4903 582 4973 ἢ,
600 4905 696 4956 Ἐν
720 4902 801 4968 τῷ
824 4898 1231 4955 καταθλᾶσθαι
1263 4897 1336 4952 τὰ
1374 4895 1522 4950 ὀστᾶ
1547 4913 1664 4965 μου
1692 4892 1915 4947 ὠνείδι-

343 4998 444 5060 ζόν
464 5014 542 5067 με
571 5002 624 5051 οἱ
661 4991 966 5059 θλίϐοντές
999 5009 1095 5062 με.
1131 4991 1251 5044 Τῶν
1276 4990 1384 5060 γάρ
1415 4989 1614 5042 ὀστέων
1646 4986 1753 5040 τῶν
1784 5003 1916 5056 προ-

346 5089 590 5161 φητικῶν
643 5087 732 5141 διά
769 5085 864 5139 τοῦ
922 5083 1202 5155 κλαυθμοῦ
1250 5082 1344 5136 καὶ⁴
1387 5081 1494 5135 τῶν
1534 5077 1783 5150 ὀδυρμῶν
1817 5095 1913 5131 κα-

343 5183 726 5254 ταθλωμένων,
764 5179 1009 5234 τουτέστι
1041 5179 1147 5232 τῶν
1175 5177 1273 5248 τῆς
1314 5173 1492 5245 ψυχῆς
1532 5173 1832 5243 δυνάμεων,
1866 5171 1915 5222 0i

345 5279 403 5330 ἐν
429 5276 508 5346 τῷ
526 5275 641 5346 λαῷ
672 5273 855 5345 ἐχθροὶ
884 5272 978 5326 τοῦ
1000 5269 1156 5334 Θεοῦ,
1177 5270 1251 5332 ὡς
1273 5267 1496 5339 μηδενὸς
1527 5263 1913 5334 ἐπαμύνοντος,

346 5367 700 5422 ἐπανέϐαινον
729 5363 1076 5428 ὀνειδίζοντες
1108 5361 1199 5414 καὶ
1226 5359 1471 5427 λέγοντες
1492 5373 1504 5385 ο
1529 5353 1655 5409 Ποῦ
1682 5353 1851 5406 ἐστιν
1882 5353 1916 5404 ό

350 5463 494 5528 Θεὸς
521 5474 637 5515 σου
652 5475 670 5523 ;

722 5569 1015 5626 ΨΑΛΜΟΣ
1051 5567 1137 5620 ΤΩ
1175 5564 1370 5618 ΔΑΥΙΔ
1399 5562 1532 5618 MB’.

431 5669 824 5739 ’Λνεπίγραφος
861 5665 990 5734 παρ’
1043 5658 1311 5731 Ἑϐραίοις
1344 5657 1373 5708 ὁ
1401 5652 1642 5724 ψαλμός·
1679 5651 1758 5704 διὸ
1797 5649 1916 5702 οὐδὲ

419 5768 464 5798 ⁸⁸
507 5765 676 5822 Exod.
709 5777 892 5824 xxxw,
926 5759 981 5813 6.

2020 4893 2473 4961 adversarii,mei;
2509 4890 2622 4946 sive
2647 4909 2659 4943 :
2684 4889 2822 4942 Dum
2861 4888 3263 4958 confringantur
3297 4905 3416 4944 ossa
3465 4907 3581 4950 mea

2013 4985 2399 5057 exprobrabant
2427 4999 2507 5037 me
2530 4983 2620 5052 qui
2649 4981 2905 5034 tribulant
2941 4996 3042 5035 me.
3074 4979 3208 5033 Nam
3241 4982 3580 5051 propheticis

2012 5079 2274 5143 ossibus,
2314 5076 2368 5130 id
2403 5081 2487 5130 est
2541 5072 2733 5127 anima:
2771 5072 3145 5132 facultatibus.
3188 5085 3284 5140 per
3331 5069 3485 5126 ﬂetus
3526 5081 3582 5126 et

2016 5173 2287 5242 laerymas
2339 5165 2668 5230 confractis,
2725 5165 2820 5235 qui
2858 5165 2914 5218 in
2971 5163 3174 5234 populo
3229 5163 3436 5230 inimici
3485 5160 3583 5221 Dei

2017 5271 2193 5325 erant,
2215 5259 2371 5330 quasi
2403 5257 2704 5327 epitulante
2739 5255 3357 5326 nemine,insurgebant
3384 5269 3583 5324 expro-.

2017 5355 2243 5409 brantes
2267 5365 2331 5406 ac
2359 5347 2625 5414 dicentes,
2663 5344 2763 5401 Ubi
2786 5355 2863 5400 est
2898 5343 3040 5402 Deus
3071 5346 3230 5400 tuus?

2345 5550 2396 5606 1.
2435 5545 2757 5604 PSALMUS
2793 5541 3064 5600 DAVIDIS
3101 5540 3258 5596 XLII.

2093 5645 2344 5701 Psalmus
2388 5643 2480 5700 hic
2515 5641 2660 5714 apud
2706 5637 2962 5696 Hebraeos
3003 5634 3364 5716 inscriptione
3395 5637 3580 5701 caret;

1091 5756 1137 5787 ⁸⁸
1176 5753 1366 5807 Matth.
1400 5765 1564 5818 xxiii,
1600 5748 1686 5802 57.
1763 5746 1805 5778 ⁸⁷
1847 5743 2021 5798 lCor.
2057 5740 2175 5809 xu,‘
2201 5742 2292 5798 26.

419 5859 497 5927 (l)
522 5857 870 5914 Desideratur
893 5855 941 5929 ὁ,
963 5859 1021 5907 ιιι
1047 5851 1118 5916 sit
1154 5851 1182 5902 ὁ
1207 5863 1392 5929 προφη
1426 5854 1484 5899 ut
1508 5844 1668 5922 paulo
1698 5840 1860 5898 inira.
1887 5836 2046 5896 Eon.
