4010 6604
421 373 526 429 379

1149 377 1417 433 EUSEBII
1446 375 1920 434 CESABIENSIS
1958 376 2110 434 OPP.
2137 375 2315 431 PARS
2353 375 2438 431 Ill.
2480 407 2552 418 -—
2589 374 3002 432 EXEGETICA.

3575 380 3691 436 530

421 509 593 565 quare
621 509 800 565 neque
831 494 976 564 apud
1008 493 1248 564 reliquos
1272 495 1604 565 interpretes
1644 494 1861 548 titulum
1896 495 1977 548 ha-

2099 492 2248 564 παρά
2275 497 2386 556 τοῖς
2410 492 2618 557 λοιποῖς
2641 494 3000 564 ἐρμηνευταῖς
3023 495 3331 569 ἐπιγραφὴν
3354 498 3484 569 ἔχει.
3515 500 3690 556 Ἀλλά

423 590 531 643 bet.
567 585 674 644 Sed
707 589 834 657 quia
857 586 1218 658 prmeedentis
1248 602 1372 656 pars
1409 586 1621 641 videtur
1661 599 1802 650 esse,
1843 587 1991 657 quod

423 679 614 747 utique
651 693 774 732 cum
805 693 869 732 ex
903 677 1173 732 similibus
1211 677 1468 746 utrinque
1506 677 1722 743 verbis,
1755 669 1883 732 'tum
1922 694 1991 734 ex

421 767 566 823 aliini
590 770 859 824 sententia
881 777 1381 836 commonstratur;
1415 769 1537 824 dico
1555 785 1688 826 sane
1719 769 1884 824 etiam
1906 770 1990 824 in-

421 865 833 935 praesentiarum
871 867 1097 922 ehorum
1145 866 1526 938 propheticum
1573 869 1688 920 haec
1731 879 1991 921 enarrare

419 957 566 1010 circa
601 955 880 1025 populum,
914 963 1104 1025 utpote
1143 955 1423 1025 abiectum
1458 952 1830 1023 traditumque
1858 967 1990 1023 gen-

418 1048 568 1102 tibus
615 1047 1038 1119 hominibusque
1079 1048 1380 1118 improbis,
1424 1053 1705 1116 rogantem
1745 1059 1808 1099 ac
1864 1059 1989 1099 cum

418 1137 673 1207 precibus
712 1139 1077 1208 postulantem
1133 1145 1191 1192 ut
1237 1138 1373 1192 ultio
1413 1146 1681 1200 sumatur,
1708 1143 1762 1190 et
1798 1135 1916 1206 ipse
1959 1149 1991 1190 e

415 1227 671 1282 manibus
711 1228 1057 1282 inimicorum
1103 1233 1348 1282 eruatur.
1380 1225 1860 1292 Quemadmodum
1890 1240 1991 1279 au-

417 1326 549 1383 tem,
583 1319 782 1373 alllicto
808 1319 1026 1389 populo,
1058 1318 1196 1388 justi
1227 1332 1445 1390 quoque
1473 1317 1576 1372 viri
1621 1330 1727 1370 una
1755 1316 1979 1386 patiun-

415 1421 506 1467 tur
532 1429 596 1468 ac
626 1414 812 1470 dolore
859 1416 930 1469 ob
957 1403 1304 1469 communem
1333 1413 1703 1468 calamitatem
1739 1410 1982 1465 alliciun-

415 1511 534 1570 tur;
566 1504 639 1558 ita
676 1506 1058 1576 religiosorum
1112 1505 1393 1560 hominum
1446 1504 1692 1574 probitas
1733 1503 1990 1556 multitu-

412 1596 528 1650 dini
559 1612 774 1668 quoque
801 1606 946 1654 recte
977 1598 1244 1653 factorum
1265 1597 1700 1652 communionem
1723 1596 1990 1650 fructum-

413 1702 521 1756 que
563 1688 725 1758 parit.
766 1687 1129 1755 Quamobrem
1175 1689 1251 1743 illi
1306 1703 1578 1743 aarumnas
1618 1687 1803 1756 populi
1836 1687 1891 1741 in
1923 1701 1984 1742 se

413 1780 758 1850 recipientcs,
819 1797 1008 1852 preces
1075 1798 1175 1852 pro
1227 1779 1581 1835 multitudine
1642 1779 1982 1844 fundebant,

2093 587 2188 640 καὶ
2217 587 2298 638 δτι
2331 585 2494 656 μέρος
2524 585 2698 638 ἐοικεν
2731 581 2868 637 εἶναι
2907 585 3002 638 τοῦ
3030 588 3136 658 πρὸ
3165 589 3348 652 αὐτοῦ,
3379 591 3689 662 δεδήλωται

2092 677 2156 732 ἐκ
2183 695 2239 730 τε
2282 676 2388 730 τῶν
2417 677 2617 748 ὁμοίων
2659 679 2717 729 ἐν
2746 677 3077 748 ἀμφοτέροις
3119 677 3290 747 λόγων
3337 683 3430 734 καὶ
3475 683 3540 735 ἐκ
3579 685 3690 756 τῆς

2092 769 2362 841 ἐμφεροῦς
2388 769 2644 832 διανοίας.
2663 768 2809 840 Φημὶ
2834 769 3012 823 τοίνυν
3036 771 3130 823 καὶ
3162 772 3253 824 ἐπὶ
3281 771 3374 825 τοῦ
3401 775 3688 845 παρόντος

2091 865 2181 918 τὸν
2220 865 2380 936 χορὸν
2426 864 2515 917 τὸν
2561 864 2898 936 προφητικὸν
2932 864 3000 918 τά
3044 867 3379 937 προκείμενα
3411 867 3686 932 διεξιέναι

2092 955 2231 1028 ὑπὲρ
2268 954 2359 1008 τοῦ
2406 954 2534 1009 λαοῦ
2561 995 2574 1017 ,
2609 956 2684 1019 ὡς
2745 956 3069 1026 ἀπωσμένου
3129 958 3221 1010 καὶ
3275 960 3688 1031 παραδοθέντος

2091 1045 2264 1099 ἔθνεσι
2317 1046 2412 1099 καὶ
2465 1044 2773 1118 ἀνθρώποις
2827 1049 3118 1118 πονηροῖς,
3161 1047 3414 1119 δεομένου
3456 1050 3516 1104 δὲ
3574 1053 3684 1106 καὶ

2090 1134 2489 1198 ἀντιϐολοῦντος
2536 1135 2778 1199 ἐκδικίας
2827 1139 3045 1206 τυχεῖν,
3111 1138 3203 1189 καὶ
3255 1138 3514 1209 ρυσθῆναι
3559 1140 3684 1195 τῶν

2090 1227 2286 1300 χειρῶν
2320 1227 2429 1282 τῶν
2480 1228 2772 1299 πολεμίων.
2804 1229 3016 1300 Ὠσπερ
3043 1229 3100 1282 δὲ
3145 1229 3233 1284 διὰ
3278 1231 3374 1302 τὴν
3400 1233 3494 1286 τοῦ
3535 1233 3682 1288 λειοῦ

2090 1318 2331 1372 κάκωσιν
2363 1319 2641 1372 συνέϐαινε
2687 1319 2796 1382 τοῖς
2839 1319 3294 1390 δικαιοπραγοῦσι
3321 1325 3682 1396 συμπάσχειν

2089 1411 2184 1464 καὶ⁸
2212 1410 2515 1480 συναλγεῖν,
2542 1411 2636 1464 καὶ
2675 1410 3128 1476 συνδιατίθεσθαι,
3164 1413 3254 1466 τὸν
3287 1414 3447 1466 αὐτὸν
3467 1417 3682 1487 τρόπον

2089 1501 2183 1555 καὶ
2217 1503 2248 1572 ἡ
2285 1501 2392 1554 τῶν
2417 1501 2676 1571 θεοφιλῶν
2713 1501 2922 1573 ἀνδρῶν
2966 1502 3350 1576 δικαιοπραγία
3385 1509 3680 1562 κοινωνίαν

2089 1595 2183 1648 καὶ
2217 1594 2498 1666 μετάδοσιν
2527 1593 2749 1663 ἀγαθῶν
2783 1594 3029 1666 παρέχει.
3062 1596 3153 1649 Διὸ
3185 1596 3267 1666 δὴ,
3300 1598 3368 1651 τά
3396 1599 3541 1671 πάθη
3569 1600 3674 1654 τοῦ

2089 1685 2217 1740 λαοῦ
2250 1687 2328 1748 είς
2371 1685 2596 1748 ἐαυτοὺς
2635 1685 3139 1756 ἀναλαμϐάνοντες,
3179 1688 3344 1758 εύχάς
3389 1690 3530 1762 ὑπὲρ
3567 1691 3674 1744 τοῦ

2089 1775 2328 1847 πλήθους
2375 1775 2688 1838 ἐποιοῦντο,
2743 1777 2926 1847 κοινήν
2971 1792 3031 1828 τε
3093 1777 3368 1848 ἱκετηρίαν
3415 1780 3492 1851 τῷ
3544 1781 3677 1854 Θεῷ

413 1887 868 1946 communemque
927 1877 1382 1947 supplicationem
1469 1875 1580 1931 Deo
1637 1875 1977 1930 emittebant.

2084 1866 2416 1936 ἀνέπεμπον.
2435 1866 2675 1928 Εἰκότως
2708 1861 2802 1919 οὖν
2839 1866 2914 1929 ὡς
2939 1865 2997 1932 ἐξ
3025 1865 3142 1930 ἐνὸς
3177 1869 3440 1939 στόματος
3461 1872 3674 1938 ταύτας

410 1962 540 2020 Jure
561 1966 742 2037 itaque
768 1981 868 2021 ceu
898 1982 1009 2022 uno
1038 1983 1133 2022 ore
1163 1967 1260 2022 has
1289 1967 1639 2038 proferebant
1670 1981 1856 2022 voces.

483 2075 648 2131 Vens.
699 2077 754 2132 2.
793 2076 989 2132 Judica
1023 2095 1120 2143 me,
1167 2077 1328 2141 Deus,
1369 2089 1419 2134 et
1477 2081 1714 2134 discerne
1764 2096 1981 2134 causam

411 2181 582 2218 meam
605 2165 667 2220 de
689 2178 836 2236 gente
859 2175 968 2221 ‘non
999 2177 1207 2228 sancta,
1247 2167 1310 2221 ab
1346 2170 1553 2223 homine
1583 2170 1762 2240 iniquo
1795 2178 1845 2222 et
1885 2169 1982 2222 do-

409 2256 524 2311 loso
556 2273 678 2310 erue
704 2273 802 2312 me.
839 2257 981 2323 Quia
1022 2267 1076 2310 tu
1106 2274 1159 2312 es
1201 2257 1342 2311 Deus
1368 2257 1624 2327 fortitudo
1654 2275 1789 2325 mea,
1819 2275 1982 2328 quare

409 2365 493 2402 me
533 2349 809 2416 repulisti?
841 2349 1016 2413 Quare
1065 2350 1233 2403 tristis
1279 2350 1460 2404 incedo
1508 2349 1633 2403 dum
1668 2351 1849 2422 afﬂigit
1901 2367 1982 2405 me

410 2440 699 2496 inimicus?
725 2439 932 2496 Dixerit
974 2442 1247 2512 quispiam
1280 2441 1396 2496 haec
1427 2441 1674 2512 proferre
1706 2458 1874 2496 unum
1902 2443 1980 2496 a1-

411 2540 658 2586 terumve
687 2532 780 2602 qui
807 2532 861 2586 in
893 2533 1151 2588 universo
1184 2535 1386 2604 populo
1414 2533 1646 2588 Judaico
1672 2534 1856 2604 justus
1893 2550 1980 2590 re—

411 2628 600 2689 pertus
652 2627 754 2676 est.
811 2621 932 2690 lpse
977 2622 1142 2692 igitur
1193 2625 1308 2680 sive
1354 2640 1500 2679 unus
1551 2625 1665 2680 sive
1719 2640 1978 2695 perrarus

411 2711 594 2777 homo,
629 2712 807 2782 qualis
829 2720 948 2768 erat
975 2712 1240 2772 Jeremias
1283 2726 1378 2771 aut
1405 2717 1634 2787 quilibet
1676 2716 1778 2786 ipsi
1819 2717 1978 2771 simi-

411 2804 497 2870 lis,
531 2803 604 2858 ita
633 2803 758 2858 ﬂeat
810 2813 866 2860 et
899 2805 1216 2874 hujusmodi
1248 2823 1409 2863 voces
1447 2808 1680 2874 emittat,
1709 2823 1908 2879 rogans
1946 2822 1977 2861 a

407 2901 568 2964 gente
597 2911 705 2950 non
737 2907 926 2952 sancta
959 2898 1203 2963 liberari,
1239 2899 1442 2968 quibus
1469 2899 1699 2954 indicari
1725 2900 1978 2953 videntur

405 2989 499 3060 qui
528 3005 593 3044 ex
621 2990 1036 3046 circumcisione
1065 3000 1252 3060 erant;
1278 2997 1331 3046 et
1363 3009 1393 3047 a
1432 2991 1551 3046 viro
1580 2992 1767 3062 iniquo
1791 3002 1844 3047 et
1875 2992 1974 3046 do-

408 3081 545 3141 loso.
577 3089 635 3134 ut
660 3097 937 3152 nunquam
976 3083 1091 3152 ipse
1121 3091 1214 3136 aut
1244 3083 1466 3153 iniquus
1489 3089 1581 3136 aut
1601 3082 1826 3137 dolosus
1849 3097 1974 3137 eva-

405 3173 518 3226 dat.
557 3171 727 3244 Roget
769 3183 948 3228 autem
993 3173 1158 3229 Deum
1209 3175 1296 3230 bis
1345 3174 1528 3229 verbis
1559 3193 1572 3227 :
1601 3173 1682 3226 Tu
1733 3189 1792 3228 es
1833 3171 1973 3228 Deus

2089 1959 2319 2029 ἠφίεσαν
2345 1957 2447 2022 τὰς
2476 1957 2678 2028 φωνάς.

2159 2071 2376 2140 Ιῴῖνόν
2397 2087 2496 2141 με,
2530 2073 2564 2124 ὀ
2591 2071 2752 2138 Θεὸς,
2783 2071 2880 2125 καί
2916 2071 3171 2127 δίκασον
3195 2074 3309 2144 τὴν
3333 2075 3512 2144 δίκην
3542 2085 3666 2146 μου

2086 2165 2155 2230 ἐξ
2185 2165 2398 2230 ἔθνους
2427 2165 2540 2231 οὐχ
2568 2164 2742 2218 ὁσίου
2762 2181 2774 2194 ·
2809 2164 2929 2219 ἀπὸ
2965 2165 3280 2234 ἀνθρώπου
3311 2167 3520 2222 δολίου
3563 2171 3664 2223 καὶ

2086 2255 2298 2310 ἀδίκου
2321 2256 2510 2324 ῥῦσαί
2533 2272 2630 2324 με.
2658 2255 2786 2310 Ὅτι
2811 2256 2890 2310 σὺ
2918 2259 2952 2311 ὁ
2987 2257 3130 2324 Θεὸς
3155 2260 3493 2330 κραταίωμά
3517 2279 3661 2329 μου,

2087 2349 2186 2402 ἵνα
2208 2349 2266 2401 τί
2297 2347 2516 2402 ἀπώσω
2534 2366 2611 2418 με
2621 2365 2640 2413 ;
2668 2351 2768 2403 ἵνα
2796 2350 2854 2402 τί
2879 2349 3314 2418 σκυθρωπάζων
3341 2355 3664 2423 πορεύομαι

2085 2443 2155 2495 ἐν
2209 2441 2288 2508 τῷ
2337 2442 2618 2511 ἐκθλίψαι
2668 2443 2926 2512 ἐχθρόν;
2970 2441 3127 2495 Εἴποι
3159 2442 3204 2494 δ’
3255 2444 3320 2496 ἄν
3360 2461 3443 2506 τις
3489 2443 3662 2497 ταῦτα

2084 2531 2265 2602 λέγειν
2309 2534 2405 2588 Eva
2449 2552 2552 2587 που
2585 2533 2678 2587 καὶ
2712 2533 2964 2605 δεύτερον
3005 2534 3061 2589 ἐν
3104 2534 3210 2604 ὅλῳ
3261 2533 3340 2605 τῷ
3372 2533 3514 2586 ἔθνει
3551 2534 3660 2589 τῶν

2098 2626 2384 2692 Ἰουδαίων,
2421 2627 2722 2698 εὑρημένον
2753 2625 2979 2679 δίκαιον.
3027 2625 3201 2689 Αὐτὸς
3251 2621 3344 2679 οὖν
3372 2627 3400 2677 6
3447 2620 3527 2689 εἷς
3568 2625 3662 2679 καὶ

2088 2719 2328 2784 σπάνιος,
2368 2713 2479 2772 οἷον
2531 2717 2797 2790 Ἱερεμίας
2835 2719 2868 2789 ἡ
2919 2735 3000 2781 τις
3045 2717 3230 2788 ἕτερος
3274 2718 3458 2788 ὅμοιος
3491 2717 3658 2789 αὐτῷ.

2083 2810 2482 2870 ἀποκλαιέσθω,
2517 2809 2609 2862 καὶ
2665 2809 2867 2873 ταύτας
2910 2808 3277 2880 ἀναπεμπέτω
3325 2808 3423 2872 τὰς
3455 2809 3657 2878 φωνὰς,

2087 2898 2342 2952 ἱκετεύων
2385 2898 2644 2970 ῥυσθῆναι
2698 2898 2756 2964 ἐξ
2803 2899 3017 2952 ἀνοσίου
3062 2898 3276 2962 ἐθνουςο
3321 2897 3561 2970 δηλούτω
3602 2899 3661 2952 δὲ

2082 2989 2278 3052 αὐτοὺς
2301 2989 2429 3053 τοὺς
2466 2991 2529 3041 ἐκ
2564 2989 2886 3060 περιτομῆς,
2907 2989 3003 3041 καὶ
3037 2988 3145 3040 ἀπὸ
3165 2985 3452 3059 ἀνθρώπου
3475 2987 3659 3040 ἀδίκου

2081 3081 2177 3135 καὶ
2195 3080 2390 3144 δολίου,
2421 3080 2496 3144 ὡς
2518 3079 2583 3133 ἂν
2608 3083 2815 3152 μήποτε
2838 3081 2930 3133 καὶ
2957 3078 3117 3142 αὐτὸς
3138 3078 3345 3146 γένοιτο
3367 3077 3545 3141 ἀδικος
3566 3079 3662 3131 καὶ

2081 3172 2272 3236 δόλιος.
2296 3172 2691 3244 Παρακαλείτω
2729 3172 2785 3225 δὲ
2814 3172 2904 3224 τὸν
2925 3171 3055 3225 Θεὸν
3081 3171 3253 3238 λέγων
3274 3187 3288 3200 ο
3318 3171 3388 3224 Σὺ
3417 3167 3465 3223 εἷ
3482 3173 3509 3224 6
3529 3172 3660 3233 Θεὸς

407 3263 671 3316 fortitudo
693 3278 834 3326 mea,
869 3279 1039 3333 quare
1064 3279 1150 3317 me
1184 3264 1455 3333 repulisti,
1492 3280 1577 3319 me
1604 3265 1656 3317 in
1686 3263 1864 3318 medio
1902 3272 1977 3316 ta-

2082 3263 2406 3335 κραταίωμά
2435 3280 2534 3333 μου
2556 3281 2569 3294 ·
2607 3263 2695 3316 ἵνα
2727 3263 2779 3314 τί
2808 3280 2872 3333 με
2899 3261 3125 3326 ἀπώσω,
3153 3261 3466 3315 καταλιπών
3500 3279 3565 3332 με
3601 3264 3660 3314 ἐν

405 3353 475 3407 lis
507 3353 689 3423 populi
722 3352 1079 3422 relinquens?
1130 3351 1256 3407 Hac
1288 3369 1450 3423 porro
1484 3352 1651 3408 Heliae
1696 3352 1973 3422 prophetae

404 3452 736 3513 congruunt,
776 3444 868 3512 qui
899 3442 1128 3496 Domino
1155 3445 1470 3514 supplicans
1496 3453 1682 3499 contra
1714 3445 1971 3514 populum

404 3535 479 3588 ila
513 3535 655 3590 fatur
682 3555 694 3589 :
721 3535 960 3597 Domine,
993 3541 1272 3607 prophetas
1307 3547 1421 3591 tuos
1452 3537 1844 3606 interfecerunt,
1891 3537 1976 3590 al-

406 3629 547 3682 taria
585 3639 677 3682 tua
724 3629 1126 3684 subverterunt:
1149 3641 1196 3684 et
1231 3647 1323 3700 ego
1370 3629 1584 3684 relictus
1631 3629 1801 3694 solus,
1829 3647 1973 3700 qute-

403 3729 628 3790 runtque
667 3720 835 3788 ipsam
875 3721 1108 3774 animam
1145 3721 1325 3775 tollere
1351 3721 1415 3773 ⁸⁸.
1452 3719 1747 3791 Perspicue
1791 3730 1971 3775 autem

402 3815 562 3869 docet
591 3813 856 3869 Jeremias
879 3812 1142 3869 defecisse
1172 3829 1388 3869 omnem
1416 3813 1621 3882 justum
1655 3814 1720 3869 de
1751 3816 1970 3885 populo,

402 3907 593 3962 dicens
634 3905 905 3961 :Circuite
954 3907 1007 3960 in
1053 3906 1200 3961 biviis
1249 3905 1550 3960 Jerusalem
1594 3914 1644 3959 et
1685 3907 1742 3959 in
1786 3908 1973 3974 plateis

397 4002 538 4070 eius,
570 4010 619 4055 et
659 3999 822 4055 videte
852 4001 899 4054 si
923 4008 1001 4054 est
1042 4001 1132 4069 qui
1176 3999 1463 4069 intelligat,
1500 4007 1550 4052 et
1585 4000 1847 4068 propitius
1883 4017 1972 4054 ero

399 4094 477 4147 eis
500 4092 564 4146 ".
594 4090 796 4146 Deinde
817 4090 944 4161 quia
969 4089 1264 4144 multitudo
1289 4089 1662 4159 improborum
1690 4089 1973 4146 hominum

399 4184 608 4253 justum
641 4183 820 4251 ipsum
857 4181 1158 4252 premebat,
1209 4197 1268 4237 se
1298 4181 1402 4235 hac
1451 4180 1520 4234 de
1558 4195 1724 4236 causa
1759 4182 1973 4238 tristem

403 4288 527 4327 esse
565 4271 1006 4337 dicebalzouare
1037 4273 1380 4326 contristatus
1408 4270 1612 4334 incedo,
1635 4270 1759 4325 dum
1793 4274 1974 4345 aﬂligit

404 4380 485 4419 me
526 4364 814 4418 inimicus?
852 4362 919 4416 Et
970 4363 1209 4432 alioquin
1259 4378 1383 4417 cum
1433 4372 1620 4434 gentes
1664 4370 1718 4418 et
1767 4363 1974 4420 inimici

401 4458 765 4512 calamitatem
797 4454 1083 4519 inferrent,
1116 4463 1277 4525 atque
1317 4456 1522 4526 populo
1552 4455 1781 4511 Judaico
1820 4473 1976 4526 supe-

401 4551 575 4604 riores
609 4550 934 4615 evasissent,
968 4548 1050 4602 vir
1091 4548 1180 4602 ille
1223 4547 1333 4601 Deo
1371 4547 1626 4602 addictus
1658 4548 1840 4603 animo
1875 4547 1973 4602 do-

2078 3358 2225 3427 μέσῳ
2245 3354 2484 3408 τοιούτου
2506 3353 2634 3406 λαοῦ
2656 3352 2926 3426 ;’⁹Ηρμοςε
2950 3355 3005 3408 δὲ
3029 3353 3098 3406 τὰ
3118 3353 3446 3425 προκείμενα
3470 3353 3560 3405 καὶ
3581 3351 3659 3423 τῷ

2076 3449 2331 3521 προφήτῃ
2365 3447 2546 3518 Ἠλίᾳ,
2574 3445 2633 3511 ὃς
2672 3445 2855 3516 ἔλεγεν
2882 3445 3333 3516 κατεντυγχάνων
3365 3444 3459 3498 τοῦ
3490 3443 3620 3497 λαοῦ
3640 3461 3656 3475 ·

2073 3543 2284 3609 Κύριε,
2327 3540 2469 3607 τοὺς
2510 3539 2826 3610 προφήτας
2867 3555 2986 3593 σου
3026 3537 3406 3602 ἀπέκτειναν,
3441 3537 3537 3590 καὶ
3586 3535 3660 3589 τὰ

2074 3631 2474 3701 θυσιαστήριὰ
2505 3649 2620 3686 σου
2649 3633 3064 3700 κατέσκαψαν,
3097 3627 3260 3699 κάγὼ
3286 3630 3660 3697 ὑπελείφθην

2068 3725 2290 3793 μόνος,
2324 3723 2422 3777 καὶ
2467 3721 2708 3792 ζητοῦσι
2760 3721 2878 3790 τὴν
2918 3719 3132 3790 ψυχὴν
3175 3719 3385 3773 λαϐεῖν
3442 3717 3653 3784 αὑτήν.

2075 3817 2270 3886 Σαφῶς
2296 3816 2352 3869 δὲ
2376 3816 2614 3870 διδάσκει
2648 3815 2920 3888 Ἱερεμίας
2942 3812 3317 3867 ἐκλελοιπέναι
3367 3812 3544 3865 πάντα
3577 3810 3657 3864 δί-

2075 3925 2227 3962 καιον
2269 3909 2334 3961 ἐκ
2369 3908 2463 3962 τοῦ
2508 3907 2675 3971 λαοῦ,
2719 3907 2930 3974 λέγων·
2982 3902 3377 3972 Περιδράμετε
3408 3903 3478 3955 ἐν
3527 3901 3656 3969 ταῖς

2075 3999 2362 4069 ἀμφόδοις
2418 3997 2841 4067 Ἰερουσαλὴμ,
2892 3995 2990 4049 καί
3049 3994 3119 4047 ἐν
3164 3992 3292 4059 ταῖς
3347 3993 3655 4058 πλατείαις

2073 4091 2284 4160 αὐτῆς,
2319 4091 2417 4144 καί
2451 4089 2605 4143 ἴδετε
2632 4091 2684 4142 εί
2717 4088 2849 4142 ἐστι
2884 4086 3134 4151 συνιὼν,
3168 4085 3266 4138 καί
3314 4085 3488 4151 ἵλεως
3516 4085 3655 4138 ἐσο-

2069 4202 2175 4254 μαι
2194 4182 2417 4249 αὐτοῖς.
2437 4177 2550 4236 Εἶτ’
2574 4180 2761 4251 ἐπειδὴ
2786 4179 2848 4232 τὸ
2869 4179 3073 4250 πλῆθος
3092 4179 3200 4230 τῶν
3229 4177 3417 4231 κακῶν
3446 4177 3655 4248 ἀνδρῶν

2077 4273 2250 4344 θλίψιν
2281 4276 2508 4345 παρεῖχε
2534 4272 2613 4344 τῷ
2649 4271 2864 4342 δικαίῳ,
2900 4268 3316 4341 σκυθρωπάζειν
3353 4268 3446 4320 ἐπὶ
3480 4269 3654 4339 τούτῳ

2075 4363 2289 4433 ἔλεγεν·
2340 4365 2464 4417 Ἵνα
2507 4364 2564 4417 τί
2613 4361 3050 4430 σκυθρωπάζων
3099 4362 3422 4431 πορεύομαι
3464 4363 3534 4415 ἐν
3575 4360 3652 4425 τῷ

2073 4456 2355 4525 ἐκθλίψαι
2396 4456 2655 4524 ἐχθρόν;
2686 4456 2797 4508 Καὶ
2826 4453 2999 4516 ἄλλως
3027 4453 3104 4520 δὲ,
3137 4451 3245 4504 τῶν
3307 4453 3514 4524 ἐχθρῶν
3559 4453 3651 4505 καὶ

2075 4547 2352 4617 πολεμίων
2385 4547 2675 4602 θλιϐόντων
2707 4547 2800 4599 καὶ
2841 4545 3312 4616 ἐπικρατεστέρων
3346 4545 3652 4614 γενομένων

401 4643 562 4705 lebat,
591 4641 707 4696 zelo
734 4641 928 4710 plenus
957 4640 1026 4694 ob
1057 4654 1352 4709 prosperas
1374 4640 1658 4695 atheorum
1691 4649 1747 4695 et
1778 4641 1972 4710 impio-

2082 4638 2164 4691 τοῦ
2213 4638 2435 4702 ἔθνους,
2488 4639 2516 4690 6
2562 4637 2639 4709 τῷ
2671 4637 2790 4709 Θεῷ
2841 4638 3197 4707 ἀνακείμενος
3250 4636 3506 4689 ἐδάκνετο
3551 4637 3648 4705 τὴν

400 4749 522 4788 rum
547 4735 824 4788 hominum
870 4749 978 4787 res.
1030 4733 1209 4798 Quare
1253 4733 1709 4804 supplicationem
1757 4733 1971 4786 emitte-

399 4826 513 4889 bat,
563 4835 621 4878 ut
665 4824 827 4888 Deus,
879 4825 972 4894 qui
1013 4824 1080 4880 de
1130 4839 1300 4879 causa
1348 4839 1447 4879 sua
1489 4824 1855 4893 judicaverat,
1905 4837 1969 4877 ac

399 4923 788 4985 congruentem
822 4915 888 4969 de
929 4931 987 4970 se
1025 4916 1350 4971 sententiam
1398 4915 1623 4979 tulerat,
1661 4914 1968 4970 mercedem

399 5013 548 5060 recte
582 5005 740 5060 factis
789 5006 904 5060 suis
938 5006 1201 5072 debitam,
1249 5007 1520 5062 universa:
1562 5006 1748 5076 populi
1783 5006 1970 5060 multi-

397 5097 575 5151 tudini
606 5096 917 5167 largiretur,
958 5105 1012 5152 et
1059 5099 1142 5152 sui
1194 5111 1363 5152 causa
1405 5111 1598 5153 omnes
1632 5099 1866 5168 eriperet
1899 5094 1990 5151 de'

398 5202 564 5239 manu
600 5186 978 5253 inimicorum;
1010 5195 1071 5240 ut
1100 5186 1556 5256 quemadmodum
1593 5187 1714 5257 ipse
1743 5188 1971 5244 delicto-

400 5293 522 5330 rum
548 5277 732 5348 populi
758 5281 1030 5347 particeps
1060 5277 1264 5342 l'uerat,
1307 5279 1382 5332 ita
1421 5279 1656 5350 populus
1697 5281 1966 5334 bonorum

398 5383 623 5440 Operum
689 5369 862 5438 ipsius
907 5383 1135 5424 consors
1181 5378 1344 5424 esset.
1397 5369 1553 5426 Sicut
1600 5379 1783 5426 autem
1833 5369 1970 5440 justi

400 5463 646 5519 homines
669 5463 759 5532 qui
784 5462 851 5517 ad
878 5461 1167 5518 tribunalia
1188 5461 1336 5517 litem
1365 5462 1590 5527 habent,
1619 5463 1837 5533 judices
1869 5465 1971 5519 ob-

399 5568 615 5612 secrant
639 5563 697 5610 ut
716 5557 919 5626 justam
956 5571 1178 5610 causam
1225 5569 1379 5608 suam
1407 5555 1654 5619 audiant,
1691 5565 1854 5626 atque
1890 5573 1956 5612 ex

398 5663 552 5726 aequo
580 5659 633 5709 et
661 5651 802 5706 bono
831 5649 1153 5706 sententiam
1182 5647 1286 5705 sibi
1319 5647 1494 5702 ferant
1514 5664 1530 5710 ;
1553 5647 1746 5703 eodem
1785 5649 1946 5705 modo

472 5805 516 5838 ⁸⁸
557 5804 620 5862 Ill
651 5804 780 5879 Reg.
815 5823 938 5873 nx,
977 5806 1061 5863 14.
1139 5807 1182 5841 ⁸ο
1218 5804 1416 5862 Jerem.
1453 5819 1506 5872 ν,
1542 5803 1592 5858 1.

2075 4731 2276 4802 ψυχὴν,
2326 4731 2488 4802 ζήλου
2534 4731 2908 4803 πληρούμενος
2955 4730 3047 4782 ἐπὶ
3079 4732 3144 4801 τῇ
3191 4729 3299 4781 τῶν
3338 4728 3514 4782 ἀθέων
3559 4728 3649 4781 καὶ

2077 4824 2286 4879 ἀσεϐῶν
2340 4825 2547 4897 ἀνδρῶν
2594 4825 2892 4895 εὐπραγία.
2935 4823 3025 4876 Διὸ
3085 4823 3180 4876 καὶ
3230 4823 3510 4894 ἱκετηρίαν
3557 4823 3650 4874 ἀν-

2075 4919 2341 4989 έπεμπεν,
2371 4917 2446 4981 ὡς
2471 4917 2556 4980 ἂν,
2586 4916 2774 4988 κρίνας
2792 4917 2819 4968 ὁ
2841 4915 2970 4978 Θεὸς
2994 4915 3087 4967 καὶ⁴
3114 4913 3342 4978 δικάσας
3367 4914 3532 4984 αὐτῷ,
3559 4915 3647 4967 καὶ

2074 5013 2175 5083 τὴν
2200 5012 2512 5084 πρέπουσαν
2545 5009 2672 5079 περὶ
2705 5007 2866 5062 αὑτοῦ
2899 5007 3054 5076 δίκην
3079 5007 3522 5077 ἐξενεγκάμενος,
3554 5005 3644 5076 τὴν

2074 5103 2239 5160 αὑτοῦ
2264 5102 2760 5174 προσοφειλομένην
2790 5098 3020 5170 ἀμοιϐὴν
3051 5100 3159 5152 τῶν
3189 5098 3350 5152 αὐτοῦ
3377 5097 3647 5168 κατορθω-

2079 5197 2262 5266 μάτων
2313 5195 2390 5264 τῷ
2422 5194 2586 5248 παντὶ
2636 5191 2826 5262 πλήθει
2867 5191 3178 5262 χαρίσοιτο,
3222 5191 3316 5244 καὶ
3367 5189 3433 5243 δι’
3485 5186 3646 5242 αὑτοῦ

2075 5285 2298 5360 ῥύσαιτο
2329 5288 2454 5351 τοὺς
2500 5287 2707 5348 πάντας
2739 5285 2802 5337 ἐκ
2850 5283 3032 5355 χειρὸς
3060 5283 3169 5337 τῶν
3216 5283 3520 5354 πολεμίων*
3557 5282 3644 5345 ἵν’,

2074 5375 2262 5447 ὥσπερ
2302 5375 2554 5434 κοινωνὸς
2593 5373 2752 5436 αὐτὸς
2797 5372 2988 5441 γέγονε
3039 5373 3137 5443 τῆς
3167 5371 3260 5424 τοῦ
3306 5369 3436 5423 λαοῦ
3483 5387 3644 5422 κακοί

2077 5465 2335 5538 πραγίας,
2377 5464 2519 5517 οὕτω
2560 5465 2655 5517 καὶ
2711 5465 2739 5515 6
2786 5462 2912 5525 λαὸς
2945 5461 3201 5532 μετάσχοι
3234 5460 3334 5530 τῆς
3366 5459 3527 5512 αὑτοῦ
3567 5459 3644 5511 δι-

2065 5558 2452 5629 καιοπραγίας.
2496 5557 2708 5628 Ὥσπερ
2758 5554 2814 5608 δέ
2849 5554 2898 5606 oi
2943 5553 3139 5607 δίκαιοι
3174 5552 3386 5624 ἔχοντες
3439 5553 3496 5605 ἐν
3533 5553 3643 5617 τοῖς

2053 5651 2442 5724 δικαστηρίοις,
2491 5651 2618 5715 τοὺς
2662 5649 2923 5714 δικαστὰς
2969 5645 3299 5702 ἱκετεύουσιν
3336 5641 3644 5698 ἐπακοῦσαι
