  <div class='ocr_page' id='page_1' title='image "/cluster/home/n/w/nwhite01/storage/ocr_20150623/23/hvd.32044019207711/220.png"; bbox 0 0 4010 6550; ppageno 0'>
   <div class='ocr_carea' id='block_1_1' title="bbox 273 383 381 437">
    <p class='ocr_par' dir='ltr' id='par_1_1' title="bbox 273 383 381 437">
     <span class='ocr_line' id='line_1_1' title="bbox 273 383 381 437; baseline -0.074 0"><span class='ocrx_word' id='word_1_1' title='bbox 273 383 381 437; x_wconf 70' lang='lat'><strong>38!</strong></span> 
     </span>
    </p>
   </div>
   <div class='ocr_carea' id='block_1_2' title="bbox 1425 362 2397 426">
    <p class='ocr_par' dir='ltr' id='par_1_2' title="bbox 1425 362 2397 426">
     <span class='ocr_line' id='line_1_2' title="bbox 1425 362 2397 426; baseline -0.01 0"><span class='ocrx_word' id='word_1_2' title='bbox 1425 368 1923 426; x_wconf 80' lang='lat' dir='ltr'><strong>COMMENTARIA</strong></span> <span class='ocrx_word' id='word_1_3' title='bbox 1966 366 2033 422; x_wconf 84' lang='lat' dir='ltr'><strong>IN</strong></span> <span class='ocrx_word' id='word_1_4' title='bbox 2061 362 2397 422; x_wconf 79' lang='lat' dir='ltr'><strong>PSALMOS.</strong></span> 
     </span>
    </p>
   </div>
   <div class='ocr_carea' id='block_1_3' title="bbox 3421 353 3528 409">
    <p class='ocr_par' dir='ltr' id='par_1_3' title="bbox 3421 353 3528 409">
     <span class='ocr_line' id='line_1_3' title="bbox 3421 353 3528 409; baseline -0.019 0"><span class='ocrx_word' id='word_1_5' title='bbox 3421 353 3528 409; x_wconf 73' lang='lat'><strong>38:2</strong></span> 
     </span>
    </p>
   </div>
   <div class='ocr_carea' id='block_1_4' title="bbox 269 473 1868 562">
    <p class='ocr_par' dir='ltr' id='par_1_4' title="bbox 269 481 1858 562">
     <span class='ocr_line' id='line_1_4' title="bbox 269 481 1858 562; baseline -0.008 -8"><span class='ocrx_word' id='word_1_6' title='bbox 269 501 393 554; x_wconf 67' lang='grc' dir='ltr'>τῶν</span> <span class='ocrx_word' id='word_1_7' title='bbox 433 481 656 551; x_wconf 58' lang='grc' dir='ltr'>δικαίων</span> <span class='ocrx_word' id='word_1_8' title='bbox 696 491 906 557; x_wconf 83' lang='grc' dir='ltr'>αὐτῶν,</span> <span class='ocrx_word' id='word_1_9' title='bbox 943 491 1161 546; x_wconf 80' lang='grc' dir='ltr'>δικάσαι</span> <span class='ocrx_word' id='word_1_10' title='bbox 1196 507 1255 543; x_wconf 92' lang='grc' dir='ltr'><strong>τε</strong></span> <span class='ocrx_word' id='word_1_11' title='bbox 1294 489 1388 543; x_wconf 77' lang='grc' dir='ltr'>καὶ</span> <span class='ocrx_word' id='word_1_12' title='bbox 1417 488 1621 562; x_wconf 84' lang='grc' dir='ltr'>κρίνειν</span> <span class='ocrx_word' id='word_1_13' title='bbox 1662 488 1858 552; x_wconf 82' lang='grc' dir='ltr'>αὐτοὺς</span> 
     </span>
    </p>
   </div>
   <div class='ocr_carea' id='block_1_5' title="bbox 1970 473 3524 562">
    <p class='ocr_par' dir='ltr' id='par_1_5' title="bbox 1970 473 3524 558">
     <span class='ocr_line' id='line_1_5' title="bbox 1970 473 3524 558; baseline -0.007 -20"><span class='ocrx_word' id='word_1_14' title='bbox 1970 489 2049 543; x_wconf 81' lang='lat' dir='ltr'><strong>vi&#39;r</strong></span> <span class='ocrx_word' id='word_1_15' title='bbox 2082 485 2372 558; x_wconf 74' lang='lat' dir='ltr'><strong>religiosus</strong></span> <span class='ocrx_word' id='word_1_16' title='bbox 2415 482 2504 538; x_wconf 85' lang='lat' dir='ltr'><strong>his</strong></span> <span class='ocrx_word' id='word_1_17' title='bbox 2547 479 2728 535; x_wconf 84' lang='lat' dir='ltr'><strong>verbis</strong></span> <span class='ocrx_word' id='word_1_18' title='bbox 2774 478 2941 533; x_wconf 88' lang='lat' dir='ltr'><strong>Deum</strong></span> <span class='ocrx_word' id='word_1_19' title='bbox 2995 473 3313 544; x_wconf 86' lang='lat' dir='ltr'><strong>alloquitur,</strong></span> <span class='ocrx_word' id='word_1_20' title='bbox 3335 473 3524 541; x_wconf 81' lang='lat' dir='ltr'><strong>judica</strong></span> 
     </span>
    </p>
   </div>
   <div class='ocr_carea' id='block_1_6' title="bbox 266 588 490 662">
    <p class='ocr_par' dir='ltr' id='par_1_6' title="bbox 266 588 490 662">
     <span class='ocr_line' id='line_1_6' title="bbox 266 588 490 662; baseline -0.009 -20"><span class='ocrx_word' id='word_1_21' title='bbox 266 588 458 662; x_wconf 79' lang='grc' dir='ltr'>ὀρθῶς</span> <span class='ocrx_word' id='word_1_22' title='bbox 477 604 490 617; x_wconf 80' lang='grc'><strong><em>⁸</em></strong></span> 
     </span>
    </p>
   </div>
   <div class='ocr_carea' id='block_1_7' title="bbox 272 670 1855 752">
    <p class='ocr_par' dir='ltr' id='par_1_7' title="bbox 272 670 1855 752">
     <span class='ocr_line' id='line_1_7' title="bbox 272 670 1855 752; baseline -0.008 -18"><span class='ocrx_word' id='word_1_23' title='bbox 272 677 663 752; x_wconf 78' lang='grc' dir='ltr'><strong>προκειμένων</strong></span> <span class='ocrx_word' id='word_1_24' title='bbox 703 675 781 746; x_wconf 79' lang='grc' dir='ltr'>τῷ</span> <span class='ocrx_word' id='word_1_25' title='bbox 826 673 942 744; x_wconf 84' lang='grc' dir='ltr'>Θεῷ</span> <span class='ocrx_word' id='word_1_26' title='bbox 976 690 1140 743; x_wconf 80' lang='grc' dir='ltr'>φησι·</span> <span class='ocrx_word' id='word_1_27' title='bbox 1183 671 1401 741; x_wconf 82' lang='grc' dir='ltr'><em>Κρῖνόν</em></span> <span class='ocrx_word' id='word_1_28' title='bbox 1439 688 1561 739; x_wconf 86' lang='grc' dir='ltr'>μοι,</span> <span class='ocrx_word' id='word_1_29' title='bbox 1612 673 1646 723; x_wconf 87' lang='grc' dir='ltr'><strong>ό</strong></span> <span class='ocrx_word' id='word_1_30' title='bbox 1691 670 1855 734; x_wconf 84' lang='grc' dir='ltr'>Θεὸς,</span> 
     </span>
    </p>
   </div>
   <div class='ocr_carea' id='block_1_8' title="bbox 269 759 1859 844">
    <p class='ocr_par' dir='ltr' id='par_1_8' title="bbox 269 759 1859 844">
     <span class='ocr_line' id='line_1_8' title="bbox 269 759 1859 844; baseline -0.01 -16"><span class='ocrx_word' id='word_1_31' title='bbox 269 776 423 844; x_wconf 75' lang='grc' dir='ltr'>οὐχὶ,</span> <span class='ocrx_word' id='word_1_32' title='bbox 476 770 684 840; x_wconf 80' lang='grc' dir='ltr'>κρῖνόν</span> <span class='ocrx_word' id='word_1_33' title='bbox 726 786 801 839; x_wconf 90' lang='grc' dir='ltr'><strong>με</strong></span> <span class='ocrx_word' id='word_1_34' title='bbox 827 785 841 799; x_wconf 89' lang='grc'>·</span> <span class='ocrx_word' id='word_1_35' title='bbox 881 767 1022 821; x_wconf 84' lang='grc' dir='ltr'>κατὰ</span> <span class='ocrx_word' id='word_1_36' title='bbox 1066 765 1123 818; x_wconf 87' lang='grc' dir='ltr'><strong>δέ</strong></span> <span class='ocrx_word' id='word_1_37' title='bbox 1157 763 1246 817; x_wconf 76' lang='grc' dir='ltr'>τὸν</span> <span class='ocrx_word' id='word_1_38' title='bbox 1299 762 1608 834; x_wconf 79' lang='grc' dir='ltr'><strong>Σύμμαχον,</strong></span> <span class='ocrx_word' id='word_1_39' title='bbox 1651 759 1859 828; x_wconf 81' lang='grc' dir='ltr'>κρῖνόν</span> 
     </span>
    </p>
   </div>
   <div class='ocr_carea' id='block_1_9' title="bbox 260 853 1856 937">
    <p class='ocr_par' dir='ltr' id='par_1_9' title="bbox 260 853 1856 937">
     <span class='ocr_line' id='line_1_9' title="bbox 260 853 1856 937; baseline -0.009 -18"><span class='ocrx_word' id='word_1_40' title='bbox 260 884 407 937; x_wconf 77' lang='grc' dir='ltr'>μοι.</span> <span class='ocrx_word' id='word_1_41' title='bbox 434 865 506 917; x_wconf 80' lang='grc' dir='ltr'><strong>Σὺ</strong></span> <span class='ocrx_word' id='word_1_42' title='bbox 541 862 650 933; x_wconf 81' lang='grc' dir='ltr'><strong>γὰρ</strong></span> <span class='ocrx_word' id='word_1_43' title='bbox 683 861 846 924; x_wconf 76' lang='grc' dir='ltr'>αὐτὸς</span> <span class='ocrx_word' id='word_1_44' title='bbox 877 857 1036 928; x_wconf 81' lang='grc' dir='ltr'>γενοῦ</span> <span class='ocrx_word' id='word_1_45' title='bbox 1061 873 1155 928; x_wconf 85' lang='grc' dir='ltr'><strong>μοι</strong></span> <span class='ocrx_word' id='word_1_46' title='bbox 1188 855 1402 926; x_wconf 81' lang='grc' dir='ltr'>κριτὴς,</span> <span class='ocrx_word' id='word_1_47' title='bbox 1431 856 1524 907; x_wconf 73' lang='grc' dir='ltr'>καὶ</span> <span class='ocrx_word' id='word_1_48' title='bbox 1548 855 1646 925; x_wconf 85' lang='grc' dir='ltr'><strong>τὴν</strong></span> <span class='ocrx_word' id='word_1_49' title='bbox 1677 853 1856 924; x_wconf 83' lang='grc' dir='ltr'><strong>κρίσιν</strong></span> 
     </span>
    </p>
   </div>
   <div class='ocr_carea' id='block_1_10' title="bbox 273 947 1856 1028">
    <p class='ocr_par' dir='ltr' id='par_1_10' title="bbox 273 947 1856 1028">
     <span class='ocr_line' id='line_1_10' title="bbox 273 947 1856 1028; baseline -0.009 -17"><span class='ocrx_word' id='word_1_50' title='bbox 273 975 388 1028; x_wconf 73' lang='grc' dir='ltr'><strong>μου</strong></span> <span class='ocrx_word' id='word_1_51' title='bbox 417 954 622 1025; x_wconf 83' lang='grc' dir='ltr'>ταύτην</span> <span class='ocrx_word' id='word_1_52' title='bbox 651 955 856 1025; x_wconf 86' lang='grc' dir='ltr'>κρῖνον,</span> <span class='ocrx_word' id='word_1_53' title='bbox 888 951 982 1004; x_wconf 75' lang='grc' dir='ltr'><strong>καὶ</strong></span> <span class='ocrx_word' id='word_1_54' title='bbox 1011 948 1276 1019; x_wconf 77' lang='grc' dir='ltr'>ὑπερδίκη</span> <span class='ocrx_word' id='word_1_55' title='bbox 1286 965 1377 1000; x_wconf 93' lang='grc' dir='ltr'><strong>σον</strong></span> <span class='ocrx_word' id='word_1_56' title='bbox 1403 947 1501 1017; x_wconf 84' lang='grc' dir='ltr'>τῆς</span> <span class='ocrx_word' id='word_1_57' title='bbox 1536 947 1693 1016; x_wconf 84' lang='grc' dir='ltr'>δίκης</span> <span class='ocrx_word' id='word_1_58' title='bbox 1733 962 1856 1016; x_wconf 86' lang='grc' dir='ltr'>μου,</span> 
     </span>
    </p>
   </div>
   <div class='ocr_carea' id='block_1_11' title="bbox 271 1036 1856 1117">
    <p class='ocr_par' dir='ltr' id='par_1_11' title="bbox 271 1036 1856 1117">
     <span class='ocr_line' id='line_1_11' title="bbox 271 1036 1856 1117; baseline -0.009 -14"><span class='ocrx_word' id='word_1_59' title='bbox 271 1051 391 1112; x_wconf 79' lang='grc' dir='ltr'>ἵνα,</span> <span class='ocrx_word' id='word_1_60' title='bbox 439 1045 616 1117; x_wconf 86' lang='grc' dir='ltr'>τυχὼν</span> <span class='ocrx_word' id='word_1_61' title='bbox 668 1044 943 1106; x_wconf 87' lang='grc' dir='ltr'>ἐκδικίας,</span> <span class='ocrx_word' id='word_1_62' title='bbox 993 1040 1352 1112; x_wconf 73' lang='grc' dir='ltr'>συμϐάλωμαι</span> <span class='ocrx_word' id='word_1_63' title='bbox 1385 1043 1451 1110; x_wconf 83' lang='grc' dir='ltr'>τῇ</span> <span class='ocrx_word' id='word_1_64' title='bbox 1489 1039 1732 1109; x_wconf 74' lang='grc' dir='ltr'>σωτηρία</span> <span class='ocrx_word' id='word_1_65' title='bbox 1763 1036 1856 1090; x_wconf 78' lang='grc' dir='ltr'>τοῦ</span> 
     </span>
    </p>
   </div>
   <div class='ocr_carea' id='block_1_12' title="bbox 271 1130 1554 1207">
    <p class='ocr_par' dir='ltr' id='par_1_12' title="bbox 271 1130 1554 1207">
     <span class='ocr_line' id='line_1_12' title="bbox 271 1130 1554 1207; baseline -0.007 -12"><span class='ocrx_word' id='word_1_66' title='bbox 271 1139 487 1202; x_wconf 80' lang='grc' dir='ltr'>παντὸς</span> <span class='ocrx_word' id='word_1_67' title='bbox 509 1135 747 1207; x_wconf 80' lang='grc' dir='ltr'>πλήθους</span> <span class='ocrx_word' id='word_1_68' title='bbox 772 1134 842 1187; x_wconf 85' lang='grc' dir='ltr'><strong>τὰ</strong></span> <span class='ocrx_word' id='word_1_69' title='bbox 867 1132 1107 1205; x_wconf 73' lang='grc' dir='ltr'>ἐμαυτοῦ</span> <span class='ocrx_word' id='word_1_70' title='bbox 1133 1130 1554 1203; x_wconf 77' lang='grc' dir='ltr'>κατορθώματα.</span> 
     </span>
    </p>
   </div>
   <div class='ocr_carea' id='block_1_13' title="bbox 367 1220 1864 1295">
    <p class='ocr_par' dir='ltr' id='par_1_13' title="bbox 367 1220 1864 1295">
     <span class='ocr_line' id='line_1_13' title="bbox 367 1220 1864 1295; baseline -0.006 -12"><span class='ocrx_word' id='word_1_71' title='bbox 367 1229 834 1295; x_wconf 73' lang='grc' dir='ltr'>Ἐξαπόστειλον</span> <span class='ocrx_word' id='word_1_72' title='bbox 861 1226 927 1278; x_wconf 84' lang='grc' dir='ltr'>τὸ</span> <span class='ocrx_word' id='word_1_73' title='bbox 962 1223 1089 1294; x_wconf 71' lang='grc' dir='ltr'><strong>φῶς</strong></span> <span class='ocrx_word' id='word_1_74' title='bbox 1125 1239 1263 1288; x_wconf 87' lang='grc' dir='ltr'>σου,</span> <span class='ocrx_word' id='word_1_75' title='bbox 1300 1223 1396 1276; x_wconf 81' lang='grc' dir='ltr'>καὶ</span> <span class='ocrx_word' id='word_1_76' title='bbox 1432 1222 1546 1290; x_wconf 80' lang='grc' dir='ltr'><strong>τὴν</strong></span> <span class='ocrx_word' id='word_1_77' title='bbox 1571 1220 1864 1288; x_wconf 77' lang='grc' dir='ltr'><strong>ἀλήθειάν</strong></span> 
     </span>
    </p>
   </div>
   <div class='ocr_carea' id='block_1_14' title="bbox 267 1315 1859 1390">
    <p class='ocr_par' dir='ltr' id='par_1_14' title="bbox 267 1315 1859 1390">
     <span class='ocr_line' id='line_1_14' title="bbox 267 1315 1859 1390; baseline -0.008 -12"><span class='ocrx_word' id='word_1_78' title='bbox 267 1340 401 1378; x_wconf 82' lang='grc' dir='ltr'><strong>σου</strong></span> <span class='ocrx_word' id='word_1_79' title='bbox 431 1340 445 1353; x_wconf 81' lang='lat'><strong>&#39;</strong></span> <span class='ocrx_word' id='word_1_80' title='bbox 515 1321 667 1376; x_wconf 81' lang='grc' dir='ltr'>αὐτά</span> <span class='ocrx_word' id='word_1_81' title='bbox 720 1336 796 1390; x_wconf 87' lang='grc' dir='ltr'><strong>με</strong></span> <span class='ocrx_word' id='word_1_82' title='bbox 844 1317 1168 1386; x_wconf 76' lang='grc' dir='ltr'>ὠδήγησαν</span> <span class='ocrx_word' id='word_1_83' title='bbox 1223 1316 1322 1369; x_wconf 81' lang='grc' dir='ltr'>καὶ</span> <span class='ocrx_word' id='word_1_84' title='bbox 1373 1315 1600 1385; x_wconf 77' lang='grc' dir='ltr'>ἤγαγόν</span> <span class='ocrx_word' id='word_1_85' title='bbox 1650 1332 1728 1383; x_wconf 87' lang='grc' dir='ltr'><strong>με</strong></span> <span class='ocrx_word' id='word_1_86' title='bbox 1770 1317 1859 1380; x_wconf 82' lang='grc' dir='ltr'>εὶς</span> 
     </span>
    </p>
   </div>
   <div class='ocr_carea' id='block_1_15' title="bbox 268 1406 1853 1485">
    <p class='ocr_par' dir='ltr' id='par_1_15' title="bbox 268 1406 1853 1485">
     <span class='ocr_line' id='line_1_15' title="bbox 268 1406 1853 1485; baseline -0.008 -14"><span class='ocrx_word' id='word_1_87' title='bbox 268 1416 425 1485; x_wconf 78' lang='grc' dir='ltr'>ὄρος</span> <span class='ocrx_word' id='word_1_88' title='bbox 486 1415 657 1485; x_wconf 79' lang='grc' dir='ltr'>ἅγιόν</span> <span class='ocrx_word' id='word_1_89' title='bbox 692 1429 808 1467; x_wconf 93' lang='grc' dir='ltr'><strong>σου</strong></span> <span class='ocrx_word' id='word_1_90' title='bbox 830 1450 845 1474; x_wconf 92' lang='grc'><strong>,</strong></span> <span class='ocrx_word' id='word_1_91' title='bbox 903 1410 1001 1464; x_wconf 83' lang='grc' dir='ltr'>καὶ</span> <span class='ocrx_word' id='word_1_92' title='bbox 1049 1412 1137 1476; x_wconf 80' lang='grc' dir='ltr'><strong>είς</strong></span> <span class='ocrx_word' id='word_1_93' title='bbox 1191 1409 1262 1462; x_wconf 83' lang='grc' dir='ltr'>τὰ</span> <span class='ocrx_word' id='word_1_94' title='bbox 1310 1406 1670 1476; x_wconf 80' lang='grc' dir='ltr'>σκηνώματά</span> <span class='ocrx_word' id='word_1_95' title='bbox 1717 1421 1853 1460; x_wconf 91' lang='grc' dir='ltr'>σου.</span> 
     </span>
    </p>
   </div>
   <div class='ocr_carea' id='block_1_16' title="bbox 269 1497 1858 1577">
    <p class='ocr_par' dir='ltr' id='par_1_16' title="bbox 269 1497 1858 1577">
     <span class='ocr_line' id='line_1_16' title="bbox 269 1497 1858 1577; baseline -0.006 -18"><span class='ocrx_word' id='word_1_96' title='bbox 269 1507 520 1577; x_wconf 75' lang='grc' dir='ltr'>Νοήσεις</span> <span class='ocrx_word' id='word_1_97' title='bbox 575 1505 666 1557; x_wconf 74' lang='grc' dir='ltr'>καὶ</span> <span class='ocrx_word' id='word_1_98' title='bbox 723 1502 923 1565; x_wconf 80' lang='grc' dir='ltr'>οὕτως·</span> <span class='ocrx_word' id='word_1_99' title='bbox 983 1499 1090 1553; x_wconf 81' lang='grc' dir='ltr'>Τοῦ</span> <span class='ocrx_word' id='word_1_100' title='bbox 1155 1499 1304 1571; x_wconf 77' lang='grc' dir='ltr'>παρὰ</span> <span class='ocrx_word' id='word_1_101' title='bbox 1371 1500 1454 1551; x_wconf 79' lang='grc' dir='ltr'><strong>σοὶ</strong></span> <span class='ocrx_word' id='word_1_102' title='bbox 1529 1497 1705 1567; x_wconf 75' lang='grc' dir='ltr'>φωτὸς</span> <span class='ocrx_word' id='word_1_103' title='bbox 1764 1497 1858 1550; x_wconf 73' lang='grc' dir='ltr'><strong>καὶ</strong></span> 
     </span>
    </p>
   </div>
   <div class='ocr_carea' id='block_1_17' title="bbox 269 1588 1860 1666">
    <p class='ocr_par' dir='ltr' id='par_1_17' title="bbox 269 1588 1860 1666">
     <span class='ocr_line' id='line_1_17' title="bbox 269 1588 1860 1666; baseline -0.007 -16"><span class='ocrx_word' id='word_1_104' title='bbox 269 1597 386 1666; x_wconf 76' lang='grc' dir='ltr'>τῆς</span> <span class='ocrx_word' id='word_1_105' title='bbox 431 1595 580 1666; x_wconf 62' lang='grc' dir='ltr'>παρὰ</span> <span class='ocrx_word' id='word_1_106' title='bbox 624 1595 705 1647; x_wconf 69' lang='grc' dir='ltr'><strong>σοι</strong></span> <span class='ocrx_word' id='word_1_107' title='bbox 747 1593 1000 1665; x_wconf 76' lang='grc' dir='ltr'><strong>ἀληθείας</strong></span> <span class='ocrx_word' id='word_1_108' title='bbox 1037 1590 1215 1663; x_wconf 83' lang='grc' dir='ltr'>τυχὼν</span> <span class='ocrx_word' id='word_1_109' title='bbox 1262 1589 1701 1660; x_wconf 80' lang='grc' dir='ltr'>ὁδηγηθήσομαι,</span> <span class='ocrx_word' id='word_1_110' title='bbox 1753 1588 1860 1640; x_wconf 83' lang='grc' dir='ltr'>ὑπὸ</span> 
     </span>
    </p>
   </div>
   <div class='ocr_carea' id='block_1_18' title="bbox 275 1679 1858 1759">
    <p class='ocr_par' dir='ltr' id='par_1_18' title="bbox 275 1679 1858 1759">
     <span class='ocr_line' id='line_1_18' title="bbox 275 1679 1858 1759; baseline -0.007 -18"><span class='ocrx_word' id='word_1_111' title='bbox 275 1689 389 1759; x_wconf 82' lang='grc' dir='ltr'>μὲν</span> <span class='ocrx_word' id='word_1_112' title='bbox 432 1686 524 1740; x_wconf 80' lang='grc' dir='ltr'>τοῦ</span> <span class='ocrx_word' id='word_1_113' title='bbox 556 1686 732 1756; x_wconf 76' lang='grc' dir='ltr'>φωτὸς</span> <span class='ocrx_word' id='word_1_114' title='bbox 776 1683 1162 1755; x_wconf 77' lang='grc' dir='ltr'>φωτιζόμενος,</span> <span class='ocrx_word' id='word_1_115' title='bbox 1203 1682 1308 1734; x_wconf 78' lang='grc' dir='ltr'>ὑπὸ</span> <span class='ocrx_word' id='word_1_116' title='bbox 1354 1681 1412 1733; x_wconf 83' lang='grc' dir='ltr'>δὲ</span> <span class='ocrx_word' id='word_1_117' title='bbox 1458 1681 1558 1750; x_wconf 81' lang='grc' dir='ltr'><strong>τῆς</strong></span> <span class='ocrx_word' id='word_1_118' title='bbox 1590 1680 1690 1750; x_wconf 81' lang='grc' dir='ltr'><strong>σῆς</strong></span> <span class='ocrx_word' id='word_1_119' title='bbox 1722 1679 1858 1748; x_wconf 80' lang='grc' dir='ltr'>ἁλη-</span> 
     </span>
    </p>
   </div>
   <div class='ocr_carea' id='block_1_19' title="bbox 273 1770 1862 1850">
    <p class='ocr_par' dir='ltr' id='par_1_19' title="bbox 273 1770 1862 1850">
     <span class='ocr_line' id='line_1_19' title="bbox 273 1770 1862 1850; baseline -0.008 -18"><span class='ocrx_word' id='word_1_120' title='bbox 273 1780 435 1843; x_wconf 81' lang='grc' dir='ltr'>οείας</span> <span class='ocrx_word' id='word_1_121' title='bbox 459 1777 962 1850; x_wconf 77' lang='grc' dir='ltr'><strong>χειραγωγούμενος</strong></span> <span class='ocrx_word' id='word_1_122' title='bbox 980 1775 1070 1827; x_wconf 78' lang='grc' dir='ltr'><strong>ἐπὶ</strong></span> <span class='ocrx_word' id='word_1_123' title='bbox 1085 1774 1146 1826; x_wconf 82' lang='grc' dir='ltr'><strong>τὸ</strong></span> <span class='ocrx_word' id='word_1_124' title='bbox 1166 1773 1291 1844; x_wconf 79' lang='grc' dir='ltr'>ὅρος</span> <span class='ocrx_word' id='word_1_125' title='bbox 1314 1771 1376 1824; x_wconf 75' lang='grc' dir='ltr'>τὸ</span> <span class='ocrx_word' id='word_1_126' title='bbox 1400 1770 1551 1839; x_wconf 85' lang='grc' dir='ltr'>ἆγιόν</span> <span class='ocrx_word' id='word_1_127' title='bbox 1569 1787 1660 1822; x_wconf 86' lang='grc' dir='ltr'><strong>σου</strong></span> <span class='ocrx_word' id='word_1_128' title='bbox 1685 1770 1745 1821; x_wconf 83' lang='grc' dir='ltr'><strong>τὸ</strong></span> <span class='ocrx_word' id='word_1_129' title='bbox 1764 1772 1862 1821; x_wconf 86' lang='grc' dir='ltr'>ἐπ-</span> 
     </span>
    </p>
   </div>
   <div class='ocr_carea' id='block_1_20' title="bbox 539 578 1856 654">
    <p class='ocr_par' dir='ltr' id='par_1_20' title="bbox 539 578 1856 654">
     <span class='ocr_line' id='line_1_20' title="bbox 539 578 1856 654; baseline -0.008 -14"><span class='ocrx_word' id='word_1_130' title='bbox 539 587 630 640; x_wconf 81' lang='grc' dir='ltr'><strong>τὺν</strong></span> <span class='ocrx_word' id='word_1_131' title='bbox 657 585 818 638; x_wconf 75' lang='grc' dir='ltr'>αὐτὸν</span> <span class='ocrx_word' id='word_1_132' title='bbox 859 583 1058 654; x_wconf 79' lang='grc' dir='ltr'>τρόπον</span> <span class='ocrx_word' id='word_1_133' title='bbox 1109 582 1202 635; x_wconf 71' lang='grc' dir='ltr'>καὶ</span> <span class='ocrx_word' id='word_1_134' title='bbox 1241 582 1269 632; x_wconf 98' lang='lat'><strong>6</strong></span> <span class='ocrx_word' id='word_1_135' title='bbox 1318 579 1570 649; x_wconf 81' lang='grc' dir='ltr'>θεοφιλὴς</span> <span class='ocrx_word' id='word_1_136' title='bbox 1613 578 1704 632; x_wconf 80' lang='grc' dir='ltr'>διὰ</span> <span class='ocrx_word' id='word_1_137' title='bbox 1749 578 1856 631; x_wconf 84' lang='grc' dir='ltr'><strong>τῶν</strong></span> 
     </span>
    </p>
   </div>
   <div class='ocr_carea' id='block_1_21' title="bbox 1961 566 3524 642">
    <p class='ocr_par' dir='ltr' id='par_1_21' title="bbox 1961 566 3524 642">
     <span class='ocr_line' id='line_1_21' title="bbox 1961 566 3524 642; baseline -0.01 -7"><span class='ocrx_word' id='word_1_138' title='bbox 1961 581 2087 635; x_wconf 85' lang='lat' dir='ltr'><strong>mihi</strong></span> <span class='ocrx_word' id='word_1_139' title='bbox 2116 580 2278 642; x_wconf 85' lang='lat' dir='ltr'><strong>Deus,</strong></span> <span class='ocrx_word' id='word_1_140' title='bbox 2323 593 2430 632; x_wconf 91' lang='lat' dir='ltr'><strong>non</strong></span> <span class='ocrx_word' id='word_1_141' title='bbox 2481 589 2631 640; x_wconf 88' lang='lat' dir='ltr'><strong>vero,</strong></span> <span class='ocrx_word' id='word_1_142' title='bbox 2661 572 2848 642; x_wconf 73' lang='lat' dir='ltr'><strong>judico</strong></span> <span class='ocrx_word' id='word_1_143' title='bbox 2889 584 3008 623; x_wconf 89' lang='lat' dir='ltr'><strong>me:</strong></span> <span class='ocrx_word' id='word_1_144' title='bbox 3036 583 3184 629; x_wconf 86' lang='lat' dir='ltr'><strong>nam,</strong></span> <span class='ocrx_word' id='word_1_145' title='bbox 3226 566 3524 622; x_wconf 89' lang='lat' dir='ltr'><strong>secundum</strong></span> 
     </span>
    </p>
   </div>
   <div class='ocr_carea' id='block_1_22' title="bbox 1961 659 3526 745">
    <p class='ocr_par' dir='ltr' id='par_1_22' title="bbox 1961 659 3526 745">
     <span class='ocr_line' id='line_1_22' title="bbox 1961 659 3526 745; baseline -0.01 -17"><span class='ocrx_word' id='word_1_146' title='bbox 1961 672 2368 745; x_wconf 84' lang='lat' dir='ltr'><strong>Symmachum,</strong></span> <span class='ocrx_word' id='word_1_147' title='bbox 2417 667 2605 737; x_wconf 81' lang='lat' dir='ltr'><strong>judica</strong></span> <span class='ocrx_word' id='word_1_148' title='bbox 2655 665 2802 725; x_wconf 86' lang='lat' dir='ltr'><strong>mihi,</strong></span> <span class='ocrx_word' id='word_1_149' title='bbox 2836 661 3057 718; x_wconf 88' lang='lat' dir='ltr'><strong>dicitur.</strong></span> <span class='ocrx_word' id='word_1_150' title='bbox 3104 659 3183 712; x_wconf 87' lang='lat' dir='ltr'><strong>Tu</strong></span> <span class='ocrx_word' id='word_1_151' title='bbox 3226 659 3342 728; x_wconf 90' lang='lat' dir='ltr'><strong>ipse</strong></span> <span class='ocrx_word' id='word_1_152' title='bbox 3390 659 3526 712; x_wconf 88' lang='lat' dir='ltr'><strong>mihi</strong></span> 
     </span>
    </p>
   </div>
   <div class='ocr_carea' id='block_1_23' title="bbox 1953 748 3527 833">
    <p class='ocr_par' dir='ltr' id='par_1_23' title="bbox 1953 748 3527 833">
     <span class='ocr_line' id='line_1_23' title="bbox 1953 748 3527 833; baseline -0.012 -15"><span class='ocrx_word' id='word_1_153' title='bbox 1953 763 2122 833; x_wconf 80' lang='lat' dir='ltr'><strong>.judex</strong></span> <span class='ocrx_word' id='word_1_154' title='bbox 2151 770 2289 827; x_wconf 90' lang='lat' dir='ltr'><strong>esto,</strong></span> <span class='ocrx_word' id='word_1_155' title='bbox 2329 768 2383 814; x_wconf 88' lang='lat' dir='ltr'><strong>et</strong></span> <span class='ocrx_word' id='word_1_156' title='bbox 2431 758 2574 811; x_wconf 87' lang='lat' dir='ltr'><strong>hanc</strong></span> <span class='ocrx_word' id='word_1_157' title='bbox 2603 768 2822 810; x_wconf 82' lang='lat' dir='ltr'><strong>causam</strong></span> <span class='ocrx_word' id='word_1_158' title='bbox 2847 766 3020 806; x_wconf 83' lang='lat' dir='ltr'><strong>meam</strong></span> <span class='ocrx_word' id='word_1_159' title='bbox 3052 749 3316 818; x_wconf 85' lang='lat' dir='ltr'><strong>judicato,</strong></span> <span class='ocrx_word' id='word_1_160' title='bbox 3350 755 3409 801; x_wconf 89' lang='lat' dir='ltr'><strong>ut</strong></span> <span class='ocrx_word' id='word_1_161' title='bbox 3443 748 3527 800; x_wconf 89' lang='lat' dir='ltr'><strong>nl-</strong></span> 
     </span>
    </p>
   </div>
   <div class='ocr_carea' id='block_1_24' title="bbox 1959 841 3598 919">
    <p class='ocr_par' dir='ltr' id='par_1_24' title="bbox 1959 841 3598 919">
     <span class='ocr_line' id='line_1_24' title="bbox 1959 841 3598 919; baseline -0.009 -10"><span class='ocrx_word' id='word_1_162' title='bbox 1959 858 2162 911; x_wconf 78' lang='lat' dir='ltr'><strong>tionem</strong></span> <span class='ocrx_word' id='word_1_163' title='bbox 2200 861 2417 917; x_wconf 88' lang='lat' dir='ltr'><strong>nactus,</strong></span> <span class='ocrx_word' id='word_1_164' title='bbox 2452 845 2770 906; x_wconf 80' lang='lat' dir='ltr'><strong>recte&#39;tacta</strong></span> <span class='ocrx_word' id='word_1_165' title='bbox 2801 859 2920 900; x_wconf 88' lang='lat' dir='ltr'><strong>mea</strong></span> <span class='ocrx_word' id='word_1_166' title='bbox 2956 843 3123 899; x_wconf 89' lang='lat' dir='ltr'><strong>totius</strong></span> <span class='ocrx_word' id='word_1_167' title='bbox 3151 841 3521 896; x_wconf 74' lang='lat' dir='ltr'><strong>multitudinis</strong></span> <span class='ocrx_word' id='word_1_168' title='bbox 3592 913 3598 919; x_wconf 87' lang='lat'><strong>_</strong></span> 
     </span>
    </p>
   </div>
   <div class='ocr_carea' id='block_1_25' title="bbox 1959 943 2456 1019">
    <p class='ocr_par' dir='ltr' id='par_1_25' title="bbox 1959 943 2456 1019">
     <span class='ocr_line' id='line_1_25' title="bbox 1959 943 2456 1019; baseline -0.012 -17"><span class='ocrx_word' id='word_1_169' title='bbox 1959 946 2120 1002; x_wconf 88' lang='lat' dir='ltr'><strong>saluti</strong></span> <span class='ocrx_word' id='word_1_170' title='bbox 2155 943 2456 1019; x_wconf 55' lang='lat' dir='ltr'><strong>conferam,</strong></span> 
     </span>
    </p>
   </div>
   <div class='ocr_carea' id='block_1_26' title="bbox 2030 1198 3524 1260">
    <p class='ocr_par' dir='ltr' id='par_1_26' title="bbox 2030 1198 3524 1260">
     <span class='ocr_line' id='line_1_26' title="bbox 2030 1198 3524 1260; baseline -0.01 -1"><span class='ocrx_word' id='word_1_171' title='bbox 2030 1204 2196 1260; x_wconf 77' lang='lat' dir='ltr'><strong>Vens.</strong></span> <span class='ocrx_word' id='word_1_172' title='bbox 2225 1202 2344 1258; x_wconf 81' lang='grc'><strong>5-6.</strong></span> <span class='ocrx_word' id='word_1_173' title='bbox 2390 1201 2585 1256; x_wconf 87' lang='lat' dir='ltr'><strong>Emitte</strong></span> <span class='ocrx_word' id='word_1_174' title='bbox 2611 1201 2777 1254; x_wconf 83' lang='lat' dir='ltr'><strong>lucem</strong></span> <span class='ocrx_word' id='word_1_175' title='bbox 2806 1208 2951 1252; x_wconf 88' lang='lat' dir='ltr'><strong>tuam</strong></span> <span class='ocrx_word' id='word_1_176' title='bbox 2983 1207 3031 1252; x_wconf 90' lang='lat' dir='ltr'><strong>et</strong></span> <span class='ocrx_word' id='word_1_177' title='bbox 3061 1198 3327 1252; x_wconf 77' lang='lat' dir='ltr'><strong>veritatem</strong></span> <span class='ocrx_word' id='word_1_178' title='bbox 3359 1203 3524 1258; x_wconf 89' lang='lat' dir='ltr'><strong>tuam,</strong></span> 
     </span>
    </p>
   </div>
   <div class='ocr_carea' id='block_1_27' title="bbox 1958 1290 3532 1366">
    <p class='ocr_par' dir='ltr' id='par_1_27' title="bbox 1958 1290 3532 1366">
     <span class='ocr_line' id='line_1_27' title="bbox 1958 1290 3532 1366; baseline -0.01 -14"><span class='ocrx_word' id='word_1_179' title='bbox 1958 1299 2074 1366; x_wconf 87' lang='lat' dir='ltr'><strong>ipsa</strong></span> <span class='ocrx_word' id='word_1_180' title='bbox 2112 1312 2192 1349; x_wconf 90' lang='lat' dir='ltr'><strong>me</strong></span> <span class='ocrx_word' id='word_1_181' title='bbox 2221 1294 2548 1348; x_wconf 70' lang='lat' dir='ltr'><strong>deduxerunt</strong></span> <span class='ocrx_word' id='word_1_182' title='bbox 2596 1301 2646 1346; x_wconf 91' lang='lat' dir='ltr'><strong>et</strong></span> <span class='ocrx_word' id='word_1_183' title='bbox 2686 1290 3021 1344; x_wconf 72' lang='lat' dir='ltr'><strong>adduxerunt</strong></span> <span class='ocrx_word' id='word_1_184' title='bbox 3050 1291 3104 1342; x_wconf 88' lang='lat' dir='ltr'><strong>in</strong></span> <span class='ocrx_word' id='word_1_185' title='bbox 3145 1296 3371 1341; x_wconf 77' lang='lat' dir='ltr'><strong>utentem</strong></span> <span class='ocrx_word' id='word_1_186' title='bbox 3401 1300 3532 1337; x_wconf 81' lang='lat' dir='ltr'><strong>stm-</strong></span> 
     </span>
    </p>
   </div>
   <div class='ocr_carea' id='block_1_28' title="bbox 1958 1371 3529 1440">
    <p class='ocr_par' dir='ltr' id='par_1_28' title="bbox 1958 1371 3529 1440">
     <span class='ocr_line' id='line_1_28' title="bbox 1958 1371 3529 1440; baseline -0.011 -1"><span class='ocrx_word' id='word_1_187' title='bbox 1958 1397 2100 1440; x_wconf 88' lang='lat' dir='ltr'><strong>ctum</strong></span> <span class='ocrx_word' id='word_1_188' title='bbox 2137 1394 2282 1436; x_wconf 88' lang='lat' dir='ltr'><strong>tuum</strong></span> <span class='ocrx_word' id='word_1_189' title='bbox 2320 1391 2369 1435; x_wconf 87' lang='lat' dir='ltr'><strong>et</strong></span> <span class='ocrx_word' id='word_1_190' title='bbox 2419 1382 2473 1433; x_wconf 89' lang='lat' dir='ltr'><strong>in</strong></span> <span class='ocrx_word' id='word_1_191' title='bbox 2514 1378 2855 1432; x_wconf 84' lang='lat' dir='ltr'><strong>tabernacula</strong></span> <span class='ocrx_word' id='word_1_192' title='bbox 2911 1387 3020 1430; x_wconf 88' lang='lat' dir='ltr'><strong>tua.</strong></span> <span class='ocrx_word' id='word_1_193' title='bbox 3058 1375 3172 1429; x_wconf 86' lang='lat' dir='ltr'><strong>Hoc</strong></span> <span class='ocrx_word' id='word_1_194' title='bbox 3204 1374 3332 1428; x_wconf 91' lang='lat' dir='ltr'><strong>item</strong></span> <span class='ocrx_word' id='word_1_195' title='bbox 3368 1371 3529 1425; x_wconf 83' lang='lat' dir='ltr'><strong>modo</strong></span> 
     </span>
    </p>
   </div>
   <div class='ocr_carea' id='block_1_29' title="bbox 1962 1462 3530 1546">
    <p class='ocr_par' dir='ltr' id='par_1_29' title="bbox 1962 1462 3530 1546">
     <span class='ocr_line' id='line_1_29' title="bbox 1962 1462 3530 1546; baseline -0.01 -16"><span class='ocrx_word' id='word_1_196' title='bbox 1962 1476 2256 1546; x_wconf 74' lang='lat' dir='ltr'><strong>intelligas,</strong></span> <span class='ocrx_word' id='word_1_197' title='bbox 2298 1474 2418 1528; x_wconf 89' lang='lat' dir='ltr'><strong>luce</strong></span> <span class='ocrx_word' id='word_1_198' title='bbox 2468 1487 2532 1526; x_wconf 90' lang='lat' dir='ltr'><strong>ac</strong></span> <span class='ocrx_word' id='word_1_199' title='bbox 2577 1471 2809 1525; x_wconf 89' lang='lat' dir='ltr'><strong>veritate</strong></span> <span class='ocrx_word' id='word_1_200' title='bbox 2839 1479 2934 1522; x_wconf 90' lang='lat' dir='ltr'><strong>tua</strong></span> <span class='ocrx_word' id='word_1_201' title='bbox 2962 1468 3218 1530; x_wconf 90' lang='lat' dir='ltr'><strong>donatus,</strong></span> <span class='ocrx_word' id='word_1_202' title='bbox 3253 1471 3401 1519; x_wconf 89' lang='lat' dir='ltr'><strong>recte</strong></span> <span class='ocrx_word' id='word_1_203' title='bbox 3427 1462 3530 1514; x_wconf 84' lang='lat' dir='ltr'><strong>du-</strong></span> 
     </span>
    </p>
   </div>
   <div class='ocr_carea' id='block_1_30' title="bbox 1964 1562 3529 1642">
    <p class='ocr_par' dir='ltr' id='par_1_30' title="bbox 1964 1562 3529 1642">
     <span class='ocr_line' id='line_1_30' title="bbox 1964 1562 3529 1642; baseline -0.012 -20"><span class='ocrx_word' id='word_1_204' title='bbox 1964 1583 2079 1628; x_wconf 88' lang='lat' dir='ltr'><strong>car,</strong></span> <span class='ocrx_word' id='word_1_205' title='bbox 2126 1567 2248 1620; x_wconf 90' lang='lat' dir='ltr'><strong>luce</strong></span> <span class='ocrx_word' id='word_1_206' title='bbox 2285 1563 2884 1642; x_wconf 55' lang='lat' dir='ltr'><strong>quidemjllustratus,</strong></span> <span class='ocrx_word' id='word_1_207' title='bbox 2934 1562 3162 1617; x_wconf 79' lang='lat' dir='ltr'><strong>veritate</strong></span> <span class='ocrx_word' id='word_1_208' title='bbox 3209 1564 3389 1610; x_wconf 89' lang='lat' dir='ltr'><strong>autem</strong></span> <span class='ocrx_word' id='word_1_209' title='bbox 3438 1563 3529 1606; x_wconf 89' lang='lat' dir='ltr'><strong>tua</strong></span> 
     </span>
    </p>
   </div>
   <div class='ocr_carea' id='block_1_31' title="bbox 1960 1653 3532 1726">
    <p class='ocr_par' dir='ltr' id='par_1_31' title="bbox 1960 1653 3532 1726">
     <span class='ocr_line' id='line_1_31' title="bbox 1960 1653 3532 1726; baseline -0.005 -16"><span class='ocrx_word' id='word_1_210' title='bbox 1960 1656 2122 1726; x_wconf 86' lang='lat' dir='ltr'><strong>quasi</strong></span> <span class='ocrx_word' id='word_1_211' title='bbox 2141 1671 2307 1710; x_wconf 86' lang='lat' dir='ltr'><strong>manu</strong></span> <span class='ocrx_word' id='word_1_212' title='bbox 2345 1656 2544 1709; x_wconf 90' lang='lat' dir='ltr'><strong>ductus</strong></span> <span class='ocrx_word' id='word_1_213' title='bbox 2578 1653 2632 1706; x_wconf 89' lang='lat' dir='ltr'><strong>in</strong></span> <span class='ocrx_word' id='word_1_214' title='bbox 2670 1661 2908 1708; x_wconf 88' lang='lat' dir='ltr'><strong>montem</strong></span> <span class='ocrx_word' id='word_1_215' title='bbox 2941 1659 3194 1706; x_wconf 89' lang='lat' dir='ltr'><strong>sanctum</strong></span> <span class='ocrx_word' id='word_1_216' title='bbox 3229 1659 3381 1704; x_wconf 90' lang='lat' dir='ltr'><strong>tuum</strong></span> <span class='ocrx_word' id='word_1_217' title='bbox 3417 1663 3532 1703; x_wconf 65' lang='lat' dir='ltr'><strong>cae-</strong></span> 
     </span>
    </p>
   </div>
   <div class='ocr_carea' id='block_1_32' title="bbox 1963 1741 3532 1815">
    <p class='ocr_par' dir='ltr' id='par_1_32' title="bbox 1963 1741 3532 1815">
     <span class='ocr_line' id='line_1_32' title="bbox 1963 1741 3532 1815; baseline -0.004 -13"><span class='ocrx_word' id='word_1_218' title='bbox 1963 1751 2177 1814; x_wconf 88' lang='lat' dir='ltr'><strong>lestem,</strong></span> <span class='ocrx_word' id='word_1_219' title='bbox 2224 1756 2279 1804; x_wconf 91' lang='lat' dir='ltr'><strong>et</strong></span> <span class='ocrx_word' id='word_1_220' title='bbox 2333 1748 2388 1802; x_wconf 92' lang='lat' dir='ltr'><strong>in</strong></span> <span class='ocrx_word' id='word_1_221' title='bbox 2440 1748 2793 1802; x_wconf 88' lang='lat' dir='ltr'><strong>tabernacula</strong></span> <span class='ocrx_word' id='word_1_222' title='bbox 2844 1755 2936 1800; x_wconf 89' lang='lat' dir='ltr'><strong>tua</strong></span> <span class='ocrx_word' id='word_1_223' title='bbox 2982 1745 3184 1800; x_wconf 88' lang='lat' dir='ltr'><strong>ibidem</strong></span> <span class='ocrx_word' id='word_1_224' title='bbox 3220 1745 3422 1815; x_wconf 89' lang='lat' dir='ltr'><strong>posita,</strong></span> <span class='ocrx_word' id='word_1_225' title='bbox 3464 1741 3532 1796; x_wconf 92' lang='lat' dir='ltr'><strong>de</strong></span> 
     </span>
    </p>
   </div>
   <div class='ocr_carea' id='block_1_33' title="bbox 271 1834 1868 1944">
    <p class='ocr_par' dir='ltr' id='par_1_33' title="bbox 271 1855 1861 1944">
     <span class='ocr_line' id='line_1_33' title="bbox 271 1855 1861 1944; baseline -0.009 -18"><span class='ocrx_word' id='word_1_226' title='bbox 271 1872 533 1944; x_wconf 81' lang='grc' dir='ltr'>ουρὰνιον</span> <span class='ocrx_word' id='word_1_227' title='bbox 551 1870 645 1924; x_wconf 78' lang='grc' dir='ltr'><strong>καὶ</strong></span> <span class='ocrx_word' id='word_1_228' title='bbox 671 1869 763 1923; x_wconf 56' lang='grc' dir='ltr'><strong>ἐπὶ⁵</strong></span> <span class='ocrx_word' id='word_1_229' title='bbox 797 1869 866 1922; x_wconf 79' lang='grc' dir='ltr'>τὰ</span> <span class='ocrx_word' id='word_1_230' title='bbox 892 1867 1078 1920; x_wconf 79' lang='grc' dir='ltr'>αὐτόθι</span> <span class='ocrx_word' id='word_1_231' title='bbox 1110 1863 1443 1934; x_wconf 76' lang='grc' dir='ltr'>σκηνώματα</span> <span class='ocrx_word' id='word_1_232' title='bbox 1471 1879 1588 1926; x_wconf 82' lang='grc' dir='ltr'>σου,</span> <span class='ocrx_word' id='word_1_233' title='bbox 1629 1861 1758 1932; x_wconf 80' lang='grc' dir='ltr'>περὶ</span> <span class='ocrx_word' id='word_1_234' title='bbox 1787 1855 1861 1913; x_wconf 85' lang='grc' dir='ltr'>ὧν</span> 
     </span>
    </p>
   </div>
   <div class='ocr_carea' id='block_1_34' title="bbox 1970 1834 3533 1944">
    <p class='ocr_par' dir='ltr' id='par_1_34' title="bbox 1970 1834 3533 1911">
     <span class='ocr_line' id='line_1_34' title="bbox 1970 1834 3533 1911; baseline -0.007 -15"><span class='ocrx_word' id='word_1_235' title='bbox 1970 1842 2162 1911; x_wconf 80' lang='lat' dir='ltr'><strong>quibus</strong></span> <span class='ocrx_word' id='word_1_236' title='bbox 2213 1841 2268 1894; x_wconf 90' lang='lat' dir='ltr'><strong>in</strong></span> <span class='ocrx_word' id='word_1_237' title='bbox 2307 1839 2633 1910; x_wconf 78' lang='lat' dir='ltr'><strong>przecedenti</strong></span> <span class='ocrx_word' id='word_1_238' title='bbox 2678 1840 2890 1908; x_wconf 85' lang='lat' dir='ltr'><strong>psalmo</strong></span> <span class='ocrx_word' id='word_1_239' title='bbox 2941 1837 3234 1893; x_wconf 88' lang='lat' dir='ltr'><strong>dicebam:</strong></span> <span class='ocrx_word' id='word_1_240' title='bbox 3271 1834 3533 1900; x_wconf 78' lang='lat' dir='ltr'><strong>Quoniam</strong></span> 
     </span>
    </p>
   </div>
   <div class='ocr_carea' id='block_1_35' title="bbox 271 1952 1864 2033">
    <p class='ocr_par' dir='ltr' id='par_1_35' title="bbox 271 1952 1864 2033">
     <span class='ocr_line' id='line_1_35' title="bbox 271 1952 1864 2033; baseline -0.009 -15"><span class='ocrx_word' id='word_1_241' title='bbox 271 1967 382 2018; x_wconf 71' lang='grc' dir='ltr'><strong>καὶ</strong></span> <span class='ocrx_word' id='word_1_242' title='bbox 415 1965 472 2016; x_wconf 83' lang='grc' dir='ltr'><strong>ἐν</strong></span> <span class='ocrx_word' id='word_1_243' title='bbox 505 1963 583 2033; x_wconf 81' lang='grc' dir='ltr'>τῷ</span> <span class='ocrx_word' id='word_1_244' title='bbox 613 1962 718 2032; x_wconf 84' lang='grc' dir='ltr'><strong>πρὸ</strong></span> <span class='ocrx_word' id='word_1_245' title='bbox 743 1960 932 2013; x_wconf 81' lang='grc' dir='ltr'>τούτου</span> <span class='ocrx_word' id='word_1_246' title='bbox 969 1957 1151 2026; x_wconf 75' lang='grc' dir='ltr'>ἔλεγον</span> <span class='ocrx_word' id='word_1_247' title='bbox 1171 1973 1184 1987; x_wconf 77' lang='grc'><em>’</em></span> <span class='ocrx_word' id='word_1_248' title='bbox 1227 1957 1355 2008; x_wconf 82' lang='grc' dir='ltr'>Ὅτι</span> <span class='ocrx_word' id='word_1_249' title='bbox 1387 1953 1768 2023; x_wconf 78' lang='grc' dir='ltr'>διελεύσομαι</span> <span class='ocrx_word' id='word_1_250' title='bbox 1794 1952 1864 2004; x_wconf 80' lang='grc' dir='ltr'>ἐν</span> 
     </span>
    </p>
   </div>
   <div class='ocr_carea' id='block_1_36' title="bbox 271 2043 1862 2121">
    <p class='ocr_par' dir='ltr' id='par_1_36' title="bbox 271 2043 1862 2121">
     <span class='ocr_line' id='line_1_36' title="bbox 271 2043 1862 2121; baseline -0.008 -12"><span class='ocrx_word' id='word_1_251' title='bbox 271 2059 451 2121; x_wconf 77' lang='grc' dir='ltr'>τόπῳ</span> <span class='ocrx_word' id='word_1_252' title='bbox 481 2052 717 2120; x_wconf 79' lang='grc' dir='ltr'><strong>σκηνῆς</strong></span> <span class='ocrx_word' id='word_1_253' title='bbox 745 2049 1096 2119; x_wconf 81' lang='grc' dir='ltr'>θαυμαστῆς</span> <span class='ocrx_word' id='word_1_254' title='bbox 1117 2048 1227 2114; x_wconf 79' lang='grc' dir='ltr'>ἕως</span> <span class='ocrx_word' id='word_1_255' title='bbox 1252 2046 1358 2100; x_wconf 89' lang='grc' dir='ltr'><strong>τοῦ</strong></span> <span class='ocrx_word' id='word_1_256' title='bbox 1389 2046 1562 2099; x_wconf 79' lang='grc' dir='ltr'>οἴκου</span> <span class='ocrx_word' id='word_1_257' title='bbox 1587 2045 1692 2098; x_wconf 87' lang='grc' dir='ltr'>τοῦ</span> <span class='ocrx_word' id='word_1_258' title='bbox 1717 2043 1862 2098; x_wconf 85' lang='grc' dir='ltr'>Θεοῦ</span> 
     </span>
    </p>
   </div>
   <div class='ocr_carea' id='block_1_37' title="bbox 273 2138 1863 2218">
    <p class='ocr_par' dir='ltr' id='par_1_37' title="bbox 273 2138 1863 2218">
     <span class='ocr_line' id='line_1_37' title="bbox 273 2138 1863 2218; baseline -0.009 -15"><span class='ocrx_word' id='word_1_259' title='bbox 273 2151 360 2203; x_wconf 77' lang='grc' dir='ltr'>ἐν</span> <span class='ocrx_word' id='word_1_260' title='bbox 399 2148 567 2218; x_wconf 74' lang='grc' dir='ltr'><em>φωνῇ</em></span> <span class='ocrx_word' id='word_1_261' title='bbox 605 2145 1017 2216; x_wconf 79' lang='grc' dir='ltr'><strong>ἀγαλλιάσεως</strong></span> <span class='ocrx_word' id='word_1_262' title='bbox 1059 2143 1156 2196; x_wconf 82' lang='grc' dir='ltr'>καὶ</span> <span class='ocrx_word' id='word_1_263' title='bbox 1190 2140 1680 2210; x_wconf 57' lang='grc' dir='ltr'>ἐξομολογήσεως</span> <span class='ocrx_word' id='word_1_264' title='bbox 1709 2138 1863 2207; x_wconf 76' lang='grc' dir='ltr'>ἤχου</span> 
     </span>
    </p>
   </div>
   <div class='ocr_carea' id='block_1_38' title="bbox 276 2227 1864 2306">
    <p class='ocr_par' dir='ltr' id='par_1_38' title="bbox 276 2227 1864 2306">
     <span class='ocr_line' id='line_1_38' title="bbox 276 2227 1864 2306; baseline -0.008 -15"><span class='ocrx_word' id='word_1_265' title='bbox 276 2237 694 2306; x_wconf 68' lang='grc' dir='ltr'>ἐορτάζοιτος·</span> <span class='ocrx_word' id='word_1_266' title='bbox 743 2235 817 2298; x_wconf 87' lang='grc' dir='ltr'>ὡς</span> <span class='ocrx_word' id='word_1_267' title='bbox 851 2234 916 2287; x_wconf 83' lang='grc' dir='ltr'><strong>ἂν</strong></span> <span class='ocrx_word' id='word_1_268' title='bbox 945 2234 1001 2286; x_wconf 86' lang='grc' dir='ltr'>δέ</span> <span class='ocrx_word' id='word_1_269' title='bbox 1037 2250 1117 2287; x_wconf 91' lang='grc' dir='ltr'><strong>σοι</strong></span> <span class='ocrx_word' id='word_1_270' title='bbox 1161 2231 1236 2302; x_wconf 80' lang='grc' dir='ltr'>τῷ</span> <span class='ocrx_word' id='word_1_271' title='bbox 1269 2230 1388 2300; x_wconf 86' lang='grc' dir='ltr'><strong>Θεῷ</strong></span> <span class='ocrx_word' id='word_1_272' title='bbox 1425 2230 1737 2301; x_wconf 82' lang='grc' dir='ltr'>ἱερωμένος,</span> <span class='ocrx_word' id='word_1_273' title='bbox 1773 2227 1864 2278; x_wconf 76' lang='grc' dir='ltr'>ἐπὶ</span> 
     </span>
    </p>
   </div>
   <div class='ocr_carea' id='block_1_39' title="bbox 274 2315 1867 2394">
    <p class='ocr_par' dir='ltr' id='par_1_39' title="bbox 274 2315 1867 2394">
     <span class='ocr_line' id='line_1_39' title="bbox 274 2315 1867 2394; baseline -0.011 -12"><span class='ocrx_word' id='word_1_274' title='bbox 274 2331 360 2382; x_wconf 82' lang='grc' dir='ltr'>τὰ</span> <span class='ocrx_word' id='word_1_275' title='bbox 408 2329 672 2381; x_wconf 75' lang='grc' dir='ltr'>ἐνδοτάτω</span> <span class='ocrx_word' id='word_1_276' title='bbox 712 2326 807 2378; x_wconf 79' lang='grc' dir='ltr'><strong>καὶ</strong></span> <span class='ocrx_word' id='word_1_277' title='bbox 841 2323 1002 2394; x_wconf 81' lang='grc' dir='ltr'>μέχρι</span> <span class='ocrx_word' id='word_1_278' title='bbox 1036 2321 1128 2374; x_wconf 81' lang='grc' dir='ltr'>τοῦ</span> <span class='ocrx_word' id='word_1_279' title='bbox 1172 2317 1558 2388; x_wconf 80' lang='grc' dir='ltr'>θυσιαστηρίου</span> <span class='ocrx_word' id='word_1_280' title='bbox 1604 2315 1740 2386; x_wconf 70' lang='grc' dir='ltr'>ἥξω,</span> <span class='ocrx_word' id='word_1_281' title='bbox 1771 2315 1867 2366; x_wconf 77' lang='grc' dir='ltr'><strong>καὶ</strong></span> 
     </span>
    </p>
   </div>
   <div class='ocr_carea' id='block_1_40' title="bbox 275 2408 1864 2492">
    <p class='ocr_par' dir='ltr' id='par_1_40' title="bbox 275 2408 1864 2492">
     <span class='ocr_line' id='line_1_40' title="bbox 275 2408 1864 2492; baseline -0.011 -17"><span class='ocrx_word' id='word_1_282' title='bbox 275 2421 427 2492; x_wconf 82' lang='grc' dir='ltr'>πρὸς</span> <span class='ocrx_word' id='word_1_283' title='bbox 477 2420 536 2471; x_wconf 85' lang='grc' dir='ltr'>σὲ</span> <span class='ocrx_word' id='word_1_284' title='bbox 593 2418 683 2471; x_wconf 87' lang='grc' dir='ltr'><strong>τὸν</strong></span> <span class='ocrx_word' id='word_1_285' title='bbox 726 2415 856 2469; x_wconf 77' lang='grc' dir='ltr'>θεὸν</span> <span class='ocrx_word' id='word_1_286' title='bbox 899 2414 1186 2483; x_wconf 77' lang='grc' dir='ltr'>ἐλεύσομαι</span> <span class='ocrx_word' id='word_1_287' title='bbox 1228 2411 1320 2465; x_wconf 83' lang='grc' dir='ltr'><strong>τὸν</strong></span> <span class='ocrx_word' id='word_1_288' title='bbox 1358 2408 1716 2480; x_wconf 74' lang='grc' dir='ltr'>εὐφραίνοντα</span> <span class='ocrx_word' id='word_1_289' title='bbox 1764 2412 1864 2476; x_wconf 77' lang='grc' dir='ltr'>τὴν</span> 
     </span>
    </p>
   </div>
   <div class='ocr_carea' id='block_1_41' title="bbox 274 2498 1864 2582">
    <p class='ocr_par' dir='ltr' id='par_1_41' title="bbox 274 2498 1864 2582">
     <span class='ocr_line' id='line_1_41' title="bbox 274 2498 1864 2582; baseline -0.011 -16"><span class='ocrx_word' id='word_1_290' title='bbox 274 2510 518 2582; x_wconf 81' lang='grc' dir='ltr'>νεότητά</span> <span class='ocrx_word' id='word_1_291' title='bbox 568 2525 668 2580; x_wconf 79' lang='grc' dir='ltr'><strong>μου</strong></span> <span class='ocrx_word' id='word_1_292' title='bbox 712 2508 810 2576; x_wconf 82' lang='grc' dir='ltr'><strong>τὴν</strong></span> <span class='ocrx_word' id='word_1_293' title='bbox 848 2503 1242 2575; x_wconf 88' lang='grc' dir='ltr'>πνευματικήν.</span> <span class='ocrx_word' id='word_1_294' title='bbox 1312 2498 1864 2569; x_wconf 71' lang='grc' dir='ltr'>Ἐξομολογήσομυί</span> 
     </span>
    </p>
   </div>
   <div class='ocr_carea' id='block_1_42' title="bbox 273 2589 1861 2667">
    <p class='ocr_par' dir='ltr' id='par_1_42' title="bbox 273 2589 1861 2667">
     <span class='ocr_line' id='line_1_42' title="bbox 273 2589 1861 2667; baseline -0.011 -10"><span class='ocrx_word' id='word_1_295' title='bbox 273 2621 386 2658; x_wconf 84' lang='grc' dir='ltr'><strong>σοι</strong></span> <span class='ocrx_word' id='word_1_296' title='bbox 423 2603 493 2654; x_wconf 72' lang='grc' dir='ltr'><strong>ἐν</strong></span> <span class='ocrx_word' id='word_1_297' title='bbox 520 2599 747 2667; x_wconf 81' lang='grc' dir='ltr'>κιθάρᾳ,</span> <span class='ocrx_word' id='word_1_298' title='bbox 790 2600 822 2650; x_wconf 85' lang='grc' dir='ltr'><em>ὁ</em></span> <span class='ocrx_word' id='word_1_299' title='bbox 858 2596 1018 2661; x_wconf 86' lang='grc' dir='ltr'>Θεός.</span> <span class='ocrx_word' id='word_1_300' title='bbox 1062 2592 1308 2665; x_wconf 82' lang='grc' dir='ltr'>Κιθάραν</span> <span class='ocrx_word' id='word_1_301' title='bbox 1343 2591 1398 2644; x_wconf 79' lang='grc' dir='ltr'>δὲ</span> <span class='ocrx_word' id='word_1_302' title='bbox 1425 2592 1485 2644; x_wconf 88' lang='grc' dir='ltr'><strong>τὸ</strong></span> <span class='ocrx_word' id='word_1_303' title='bbox 1522 2589 1682 2660; x_wconf 73' lang='grc' dir='ltr'><strong>σῶμά⁴</strong></span> <span class='ocrx_word' id='word_1_304' title='bbox 1709 2606 1861 2660; x_wconf 79' lang='grc' dir='ltr'>φησι,</span> 
     </span>
    </p>
   </div>
   <div class='ocr_carea' id='block_1_43' title="bbox 272 2680 1864 2762">
    <p class='ocr_par' dir='ltr' id='par_1_43' title="bbox 272 2680 1864 2762">
     <span class='ocr_line' id='line_1_43' title="bbox 272 2680 1864 2762; baseline -0.011 -12"><span class='ocrx_word' id='word_1_305' title='bbox 272 2696 353 2750; x_wconf 88' lang='grc' dir='ltr'>δι’</span> <span class='ocrx_word' id='word_1_306' title='bbox 390 2687 451 2747; x_wconf 73' lang='grc' dir='ltr'><strong>οὗ</strong></span> <span class='ocrx_word' id='word_1_307' title='bbox 489 2689 884 2762; x_wconf 79' lang='grc' dir='ltr'>ἀνακρούεσθαι</span> <span class='ocrx_word' id='word_1_308' title='bbox 936 2687 1177 2756; x_wconf 74' lang='grc' dir='ltr'>πέφυκεν</span> <span class='ocrx_word' id='word_1_309' title='bbox 1218 2687 1246 2737; x_wconf 90' lang='lat'><strong>6</strong></span> <span class='ocrx_word' id='word_1_310' title='bbox 1273 2683 1434 2748; x_wconf 78' lang='grc' dir='ltr'>νοῦς,</span> <span class='ocrx_word' id='word_1_311' title='bbox 1486 2684 1581 2737; x_wconf 71' lang='grc' dir='ltr'><strong>καὶ</strong></span> <span class='ocrx_word' id='word_1_312' title='bbox 1623 2681 1714 2734; x_wconf 84' lang='grc' dir='ltr'>διὰ</span> <span class='ocrx_word' id='word_1_313' title='bbox 1757 2680 1864 2734; x_wconf 84' lang='grc' dir='ltr'><strong>τῶν</strong></span> 
     </span>
    </p>
   </div>
   <div class='ocr_carea' id='block_1_44' title="bbox 275 2774 1867 2857">
    <p class='ocr_par' dir='ltr' id='par_1_44' title="bbox 275 2774 1867 2857">
     <span class='ocr_line' id='line_1_44' title="bbox 275 2774 1867 2857; baseline -0.011 -15"><span class='ocrx_word' id='word_1_314' title='bbox 275 2785 656 2857; x_wconf 75' lang='grc' dir='ltr'>αἰσθητηρίων</span> <span class='ocrx_word' id='word_1_315' title='bbox 701 2781 887 2852; x_wconf 83' lang='grc' dir='ltr'>ὥσπερ</span> <span class='ocrx_word' id='word_1_316' title='bbox 931 2779 1020 2833; x_wconf 87' lang='grc' dir='ltr'>διὰ</span> <span class='ocrx_word' id='word_1_317' title='bbox 1069 2777 1274 2849; x_wconf 77' lang='grc' dir='ltr'>χορδῶν</span> <span class='ocrx_word' id='word_1_318' title='bbox 1315 2776 1412 2847; x_wconf 80' lang='grc' dir='ltr'>τὴν</span> <span class='ocrx_word' id='word_1_319' title='bbox 1462 2775 1540 2846; x_wconf 84' lang='grc' dir='ltr'>τῷ</span> <span class='ocrx_word' id='word_1_320' title='bbox 1582 2774 1700 2845; x_wconf 85' lang='grc' dir='ltr'>Θεῴ</span> <span class='ocrx_word' id='word_1_321' title='bbox 1736 2774 1867 2846; x_wconf 79' lang='grc' dir='ltr'>πρέ-</span> 
     </span>
    </p>
   </div>
   <div class='ocr_carea' id='block_1_45' title="bbox 276 2867 1852 2949">
    <p class='ocr_par' dir='ltr' id='par_1_45' title="bbox 276 2867 1852 2949">
     <span class='ocr_line' id='line_1_45' title="bbox 276 2867 1852 2949; baseline 0 -17"><span class='ocrx_word' id='word_1_322' title='bbox 276 2897 496 2936; x_wconf 82' lang='grc' dir='ltr'>πουσαν</span> <span class='ocrx_word' id='word_1_323' title='bbox 553 2876 812 2949; x_wconf 85' lang='grc' dir='ltr'>μελῳδίαν</span> <span class='ocrx_word' id='word_1_324' title='bbox 876 2873 1219 2943; x_wconf 75' lang='grc' dir='ltr'>ἀναπέμπειν</span> <span class='ocrx_word' id='word_1_325' title='bbox 1283 2869 1458 2925; x_wconf 70' lang='grc' dir='ltr'>εἴωθε.</span> <span class='ocrx_word' id='word_1_326' title='bbox 1539 2867 1734 2937; x_wconf 76' lang='grc' dir='ltr'><strong>Σαφῶς</strong></span> <span class='ocrx_word' id='word_1_327' title='bbox 1797 2867 1852 2920; x_wconf 66' lang='grc' dir='ltr'>δὲ</span> 
     </span>
    </p>
   </div>
   <div class='ocr_carea' id='block_1_46' title="bbox 274 2959 1868 3037">
    <p class='ocr_par' dir='ltr' id='par_1_46' title="bbox 274 2959 1868 3037">
     <span class='ocr_line' id='line_1_46' title="bbox 274 2959 1868 3037; baseline -0.009 -11"><span class='ocrx_word' id='word_1_328' title='bbox 274 2971 377 3026; x_wconf 70' lang='grc' dir='ltr'><strong>διὰ</strong></span> <span class='ocrx_word' id='word_1_329' title='bbox 426 2971 629 3024; x_wconf 76' lang='grc' dir='ltr'>τούτων</span> <span class='ocrx_word' id='word_1_330' title='bbox 679 2971 707 3021; x_wconf 93' lang='lat'><strong>6</strong></span> <span class='ocrx_word' id='word_1_331' title='bbox 758 2967 915 3037; x_wconf 82' lang='grc' dir='ltr'>χορὸς</span> <span class='ocrx_word' id='word_1_332' title='bbox 969 2967 998 3017; x_wconf 90' lang='grc' dir='ltr'>ὁ</span> <span class='ocrx_word' id='word_1_333' title='bbox 1059 2963 1392 3036; x_wconf 71' lang='grc' dir='ltr'>προφητικὸς</span> <span class='ocrx_word' id='word_1_334' title='bbox 1436 2961 1744 3033; x_wconf 87' lang='grc' dir='ltr'>παρακαλεί</span> <span class='ocrx_word' id='word_1_335' title='bbox 1802 2959 1868 3011; x_wconf 77' lang='grc' dir='ltr'><strong>τὸ</strong></span> 
     </span>
    </p>
   </div>
   <div class='ocr_carea' id='block_1_47' title="bbox 277 3050 1858 3136">
    <p class='ocr_par' dir='ltr' id='par_1_47' title="bbox 277 3050 1858 3136">
     <span class='ocr_line' id='line_1_47' title="bbox 277 3050 1858 3136; baseline -0.011 -17"><span class='ocrx_word' id='word_1_336' title='bbox 277 3063 409 3136; x_wconf 83' lang='grc' dir='ltr'><strong>φῶς</strong></span> <span class='ocrx_word' id='word_1_337' title='bbox 439 3061 807 3132; x_wconf 80' lang='grc' dir='ltr'>ἀποσταλῆναι</span> <span class='ocrx_word' id='word_1_338' title='bbox 841 3058 932 3111; x_wconf 72' lang='grc' dir='ltr'>τοῦ</span> <span class='ocrx_word' id='word_1_339' title='bbox 956 3056 1089 3110; x_wconf 75' lang='grc' dir='ltr'>Θεοῦ</span> <span class='ocrx_word' id='word_1_340' title='bbox 1125 3056 1220 3109; x_wconf 75' lang='grc' dir='ltr'><strong>καὶ</strong></span> <span class='ocrx_word' id='word_1_341' title='bbox 1245 3055 1341 3126; x_wconf 80' lang='grc' dir='ltr'>τὴν</span> <span class='ocrx_word' id='word_1_342' title='bbox 1379 3053 1636 3123; x_wconf 87' lang='grc' dir='ltr'>ἀλήθειαν</span> <span class='ocrx_word' id='word_1_343' title='bbox 1669 3050 1858 3114; x_wconf 75' lang='grc' dir='ltr'>αὑτοῦ,</span> 
     </span>
    </p>
   </div>
   <div class='ocr_carea' id='block_1_48' title="bbox 277 3143 1864 3227">
    <p class='ocr_par' dir='ltr' id='par_1_48' title="bbox 277 3143 1864 3227">
     <span class='ocr_line' id='line_1_48' title="bbox 277 3143 1864 3227; baseline -0.011 -16"><span class='ocrx_word' id='word_1_344' title='bbox 277 3159 364 3221; x_wconf 82' lang='grc' dir='ltr'>ὡς</span> <span class='ocrx_word' id='word_1_345' title='bbox 421 3155 646 3227; x_wconf 80' lang='grc' dir='ltr'>μηδέπω</span> <span class='ocrx_word' id='word_1_346' title='bbox 698 3152 818 3205; x_wconf 90' lang='grc' dir='ltr'>τότε</span> <span class='ocrx_word' id='word_1_347' title='bbox 866 3153 1052 3221; x_wconf 80' lang='grc' dir='ltr'>φαῖνον</span> <span class='ocrx_word' id='word_1_348' title='bbox 1110 3148 1204 3200; x_wconf 78' lang='grc' dir='ltr'>ἐπὶ</span> <span class='ocrx_word' id='word_1_349' title='bbox 1241 3147 1338 3218; x_wconf 81' lang='grc' dir='ltr'><strong>τῆς</strong></span> <span class='ocrx_word' id='word_1_350' title='bbox 1391 3146 1530 3216; x_wconf 80' lang='grc' dir='ltr'>γῆς,</span> <span class='ocrx_word' id='word_1_351' title='bbox 1574 3144 1710 3214; x_wconf 84' lang='grc' dir='ltr'>μηδὲ</span> <span class='ocrx_word' id='word_1_352' title='bbox 1764 3143 1864 3212; x_wconf 78' lang='grc' dir='ltr'><strong>τῆς</strong></span> 
     </span>
    </p>
   </div>
   <div class='ocr_carea' id='block_1_49' title="bbox 280 3234 1861 3320">
    <p class='ocr_par' dir='ltr' id='par_1_49' title="bbox 280 3234 1861 3320">
     <span class='ocr_line' id='line_1_49' title="bbox 280 3234 1861 3320; baseline -0.013 -15"><span class='ocrx_word' id='word_1_353' title='bbox 280 3247 550 3320; x_wconf 82' lang='grc' dir='ltr'>ἀληθείας</span> <span class='ocrx_word' id='word_1_354' title='bbox 613 3243 966 3317; x_wconf 74' lang='grc' dir='ltr'>ὑπαρχούσης</span> <span class='ocrx_word' id='word_1_355' title='bbox 1035 3258 1150 3304; x_wconf 88' lang='grc' dir='ltr'><strong>πως</strong></span> <span class='ocrx_word' id='word_1_356' title='bbox 1209 3240 1305 3292; x_wconf 81' lang='grc' dir='ltr'><strong>σὺν</strong></span> <span class='ocrx_word' id='word_1_357' title='bbox 1366 3235 1671 3308; x_wconf 85' lang='grc' dir='ltr'>ἀνθρώποις</span> <span class='ocrx_word' id='word_1_358' title='bbox 1700 3275 1714 3296; x_wconf 91' lang='grc'><strong>,</strong></span> <span class='ocrx_word' id='word_1_359' title='bbox 1775 3234 1861 3286; x_wconf 77' lang='grc' dir='ltr'><strong>ὅτε</strong></span> 
     </span>
    </p>
   </div>
   <div class='ocr_carea' id='block_1_50' title="bbox 279 3323 1865 3407">
    <p class='ocr_par' dir='ltr' id='par_1_50' title="bbox 279 3323 1865 3407">
     <span class='ocr_line' id='line_1_50' title="bbox 279 3323 1865 3407; baseline -0.013 -12"><span class='ocrx_word' id='word_1_360' title='bbox 279 3340 495 3402; x_wconf 72' lang='grc' dir='ltr'>ταύτας</span> <span class='ocrx_word' id='word_1_361' title='bbox 545 3337 696 3407; x_wconf 66' lang='grc' dir='ltr'>ἠφίει</span> <span class='ocrx_word' id='word_1_362' title='bbox 741 3333 838 3397; x_wconf 80' lang='grc' dir='ltr'>τὰς</span> <span class='ocrx_word' id='word_1_363' title='bbox 893 3331 1094 3401; x_wconf 75' lang='grc' dir='ltr'>φωνάς.</span> <span class='ocrx_word' id='word_1_364' title='bbox 1129 3329 1248 3394; x_wconf 83' lang='grc' dir='ltr'><strong>Φῶς</strong></span> <span class='ocrx_word' id='word_1_365' title='bbox 1299 3327 1359 3379; x_wconf 76' lang='grc' dir='ltr'>δὲ</span> <span class='ocrx_word' id='word_1_366' title='bbox 1407 3323 1865 3394; x_wconf 65' lang='grc' dir='ltr'>ἀτιοστελλόμενον</span> 
     </span>
    </p>
   </div>
   <div class='ocr_carea' id='block_1_51' title="bbox 280 3409 1863 3502">
    <p class='ocr_par' dir='ltr' id='par_1_51' title="bbox 280 3409 1863 3502">
     <span class='ocr_line' id='line_1_51' title="bbox 280 3409 1863 3502; baseline -0.013 -17"><span class='ocrx_word' id='word_1_367' title='bbox 280 3435 481 3502; x_wconf 67' lang='grc' dir='ltr'>ἕτερον</span> <span class='ocrx_word' id='word_1_368' title='bbox 524 3429 590 3482; x_wconf 87' lang='grc' dir='ltr'><strong>ἂν</strong></span> <span class='ocrx_word' id='word_1_369' title='bbox 620 3427 703 3497; x_wconf 79' lang='grc' dir='ltr'><strong>εἴη</strong></span> <span class='ocrx_word' id='word_1_370' title='bbox 746 3425 837 3478; x_wconf 77' lang='grc' dir='ltr'>τοῦ</span> <span class='ocrx_word' id='word_1_371' title='bbox 871 3421 1320 3485; x_wconf 79' lang='grc' dir='ltr'>ἀποστέλλοντος,</span> <span class='ocrx_word' id='word_1_372' title='bbox 1363 3418 1490 3490; x_wconf 75' lang='grc' dir='ltr'>περὶ</span> <span class='ocrx_word' id='word_1_373' title='bbox 1528 3409 1590 3470; x_wconf 74' lang='grc' dir='ltr'>οὗ</span> <span class='ocrx_word' id='word_1_374' title='bbox 1626 3416 1863 3488; x_wconf 73' lang='grc' dir='ltr'>εἴρηταιο</span> 
     </span>
    </p>
   </div>
   <div class='ocr_carea' id='block_1_52' title="bbox 281 3507 1866 3589">
    <p class='ocr_par' dir='ltr' id='par_1_52' title="bbox 281 3507 1866 3589">
     <span class='ocr_line' id='line_1_52' title="bbox 281 3507 1866 3589; baseline -0.011 -12"><span class='ocrx_word' id='word_1_375' title='bbox 281 3520 407 3580; x_wconf 79' lang='grc' dir='ltr'><strong>Ἦν</strong></span> <span class='ocrx_word' id='word_1_376' title='bbox 435 3523 500 3576; x_wconf 81' lang='grc' dir='ltr'>τὸ</span> <span class='ocrx_word' id='word_1_377' title='bbox 547 3518 672 3589; x_wconf 67' lang='grc' dir='ltr'><strong>φῶς</strong></span> <span class='ocrx_word' id='word_1_378' title='bbox 708 3517 775 3570; x_wconf 84' lang='grc' dir='ltr'>τὸ</span> <span class='ocrx_word' id='word_1_379' title='bbox 815 3513 1064 3586; x_wconf 67' lang='grc' dir='ltr'>φωτίζον</span> <span class='ocrx_word' id='word_1_380' title='bbox 1111 3511 1307 3566; x_wconf 82' lang='grc' dir='ltr'>πάντα</span> <span class='ocrx_word' id='word_1_381' title='bbox 1346 3511 1657 3578; x_wconf 79' lang='grc' dir='ltr'>ἄνθρωπον</span> <span class='ocrx_word' id='word_1_382' title='bbox 1696 3507 1866 3576; x_wconf 83' lang='grc' dir='ltr'>ἐρχό-</span> 
     </span>
    </p>
   </div>
   <div class='ocr_carea' id='block_1_53' title="bbox 281 3600 1872 3688">
    <p class='ocr_par' dir='ltr' id='par_1_53' title="bbox 281 3600 1872 3688">
     <span class='ocr_line' id='line_1_53' title="bbox 281 3600 1872 3688; baseline -0.013 -17"><span class='ocrx_word' id='word_1_383' title='bbox 281 3632 483 3688; x_wconf 72' lang='grc' dir='ltr'>μενον</span> <span class='ocrx_word' id='word_1_384' title='bbox 503 3615 590 3679; x_wconf 83' lang='grc' dir='ltr'>εις</span> <span class='ocrx_word' id='word_1_385' title='bbox 623 3612 728 3664; x_wconf 79' lang='grc' dir='ltr'><strong>τὸν</strong></span> <span class='ocrx_word' id='word_1_386' title='bbox 750 3611 998 3678; x_wconf 80' lang='grc' dir='ltr'>κόσμον.</span> <span class='ocrx_word' id='word_1_387' title='bbox 1025 3605 1275 3660; x_wconf 83' lang='grc' dir='ltr'>Διδάσκει</span> <span class='ocrx_word' id='word_1_388' title='bbox 1298 3604 1355 3656; x_wconf 84' lang='grc' dir='ltr'><strong>δέ</strong></span> <span class='ocrx_word' id='word_1_389' title='bbox 1385 3603 1477 3656; x_wconf 76' lang='grc' dir='ltr'><strong>καὶ</strong></span> <span class='ocrx_word' id='word_1_390' title='bbox 1519 3601 1681 3664; x_wconf 76' lang='grc' dir='ltr'>αὐτὸς</span> <span class='ocrx_word' id='word_1_391' title='bbox 1705 3601 1733 3652; x_wconf 89' lang='lat'><strong>6</strong></span> <span class='ocrx_word' id='word_1_392' title='bbox 1758 3600 1872 3651; x_wconf 88' lang='grc' dir='ltr'><strong>Σω-</strong></span> 
     </span>
    </p>
   </div>
   <div class='ocr_carea' id='block_1_54' title="bbox 283 3690 1870 3782">
    <p class='ocr_par' dir='ltr' id='par_1_54' title="bbox 283 3690 1870 3782">
     <span class='ocr_line' id='line_1_54' title="bbox 283 3690 1870 3782; baseline -0.011 -20"><span class='ocrx_word' id='word_1_393' title='bbox 283 3710 400 3782; x_wconf 71' lang='grc' dir='ltr'>τὴρ</span> <span class='ocrx_word' id='word_1_394' title='bbox 440 3702 878 3777; x_wconf 79' lang='grc' dir='ltr'>αὐτοπροσώπως</span> <span class='ocrx_word' id='word_1_395' title='bbox 916 3700 1116 3768; x_wconf 79' lang='grc' dir='ltr'>λέγων·</span> <span class='ocrx_word' id='word_1_396' title='bbox 1163 3693 1308 3765; x_wconf 74' lang='grc' dir='ltr'>Ἐγώ</span> <span class='ocrx_word' id='word_1_397' title='bbox 1351 3698 1466 3764; x_wconf 75' lang='grc' dir='ltr'>ειμι</span> <span class='ocrx_word' id='word_1_398' title='bbox 1513 3693 1579 3746; x_wconf 87' lang='grc' dir='ltr'>τὸ</span> <span class='ocrx_word' id='word_1_399' title='bbox 1606 3691 1732 3761; x_wconf 72' lang='grc' dir='ltr'>φῶς</span> <span class='ocrx_word' id='word_1_400' title='bbox 1772 3690 1870 3744; x_wconf 80' lang='grc' dir='ltr'>καὶ</span> 
     </span>
    </p>
   </div>
   <div class='ocr_carea' id='block_1_55' title="bbox 287 3779 1870 3872">
    <p class='ocr_par' dir='ltr' id='par_1_55' title="bbox 287 3779 1870 3872">
     <span class='ocr_line' id='line_1_55' title="bbox 287 3779 1870 3872; baseline -0.016 -13"><span class='ocrx_word' id='word_1_401' title='bbox 287 3779 623 3872; x_wconf 41' lang='grc' dir='ltr'>τίλὶλήθεια</span> <span class='ocrx_word' id='word_1_402' title='bbox 668 3799 764 3852; x_wconf 79' lang='grc' dir='ltr'>καὶ</span> <span class='ocrx_word' id='word_1_403' title='bbox 808 3797 847 3865; x_wconf 72' lang='grc' dir='ltr'><strong><em>ἡ</em></strong></span> <span class='ocrx_word' id='word_1_404' title='bbox 887 3793 1020 3862; x_wconf 81' lang='grc' dir='ltr'><strong>ζωή.</strong></span> <span class='ocrx_word' id='word_1_405' title='bbox 1070 3792 1195 3845; x_wconf 85' lang='grc' dir='ltr'><strong>Ἵνα</strong></span> <span class='ocrx_word' id='word_1_406' title='bbox 1247 3788 1304 3841; x_wconf 85' lang='grc' dir='ltr'><strong>τί</strong></span> <span class='ocrx_word' id='word_1_407' title='bbox 1355 3786 1684 3854; x_wconf 76' lang='grc' dir='ltr'>περίλυπος</span> <span class='ocrx_word' id='word_1_408' title='bbox 1718 3779 1792 3846; x_wconf 81' lang='grc' dir='ltr'>εἴ,</span> <span class='ocrx_word' id='word_1_409' title='bbox 1831 3782 1870 3850; x_wconf 71' lang='grc' dir='ltr'><strong><em>ἡ</em></strong></span> 
     </span>
    </p>
   </div>
   <div class='ocr_carea' id='block_1_56' title="bbox 288 3877 1874 3966">
    <p class='ocr_par' dir='ltr' id='par_1_56' title="bbox 288 3877 1874 3966">
     <span class='ocr_line' id='line_1_56' title="bbox 288 3877 1874 3966; baseline -0.015 -16"><span class='ocrx_word' id='word_1_410' title='bbox 288 3895 470 3966; x_wconf 58' lang='grc' dir='ltr'><strong>ψυχή</strong></span> <span class='ocrx_word' id='word_1_411' title='bbox 488 3911 628 3963; x_wconf 88' lang='grc' dir='ltr'>μου,</span> <span class='ocrx_word' id='word_1_412' title='bbox 660 3890 758 3945; x_wconf 78' lang='grc' dir='ltr'>καὶ</span> <span class='ocrx_word' id='word_1_413' title='bbox 779 3890 878 3943; x_wconf 81' lang='grc' dir='ltr'><strong>ἵνα</strong></span> <span class='ocrx_word' id='word_1_414' title='bbox 904 3888 960 3941; x_wconf 83' lang='grc' dir='ltr'><strong>τί</strong></span> <span class='ocrx_word' id='word_1_415' title='bbox 978 3880 1428 3950; x_wconf 80' lang='grc' dir='ltr'>συνταράσσεις</span> <span class='ocrx_word' id='word_1_416' title='bbox 1443 3893 1554 3947; x_wconf 84' lang='grc' dir='ltr'>με;</span> <span class='ocrx_word' id='word_1_417' title='bbox 1584 3877 1874 3929; x_wconf 78' lang='grc' dir='ltr'>Ἕλπισον</span> 
     </span>
    </p>
   </div>
   <div class='ocr_carea' id='block_1_57' title="bbox 289 3964 1872 4050">
    <p class='ocr_par' dir='ltr' id='par_1_57' title="bbox 289 3964 1872 4050">
     <span class='ocr_line' id='line_1_57' title="bbox 289 3964 1872 4050; baseline -0.02 -3"><span class='ocrx_word' id='word_1_418' title='bbox 289 3964 399 4048; x_wconf 64' lang='grc' dir='ltr'>ἐπὶ</span> <span class='ocrx_word' id='word_1_419' title='bbox 431 3991 535 4043; x_wconf 82' lang='grc' dir='ltr'><strong>τὸν</strong></span> <span class='ocrx_word' id='word_1_420' title='bbox 583 3985 751 4050; x_wconf 79' lang='grc' dir='ltr'>Θεὸν,</span> <span class='ocrx_word' id='word_1_421' title='bbox 784 3983 873 4036; x_wconf 83' lang='grc' dir='ltr'>ὅτι</span> <span class='ocrx_word' id='word_1_422' title='bbox 904 3974 1419 4049; x_wconf 62' lang='grc' dir='ltr'>ἐξομολογηὶσομαι</span> <span class='ocrx_word' id='word_1_423' title='bbox 1456 3969 1632 4035; x_wconf 75' lang='grc' dir='ltr'>αὐτῷ,</span> <span class='ocrx_word' id='word_1_424' title='bbox 1680 3964 1872 4032; x_wconf 75' lang='grc' dir='ltr'>σωτή-</span> 
     </span>
    </p>
   </div>
   <div class='ocr_carea' id='block_1_58' title="bbox 283 4057 1876 4156">
    <p class='ocr_par' dir='ltr' id='par_1_58' title="bbox 283 4057 1876 4156">
     <span class='ocr_line' id='line_1_58' title="bbox 283 4057 1876 4156; baseline -0.021 -17"><span class='ocrx_word' id='word_1_425' title='bbox 283 4101 431 4156; x_wconf 80' lang='grc' dir='ltr'>ριον</span> <span class='ocrx_word' id='word_1_426' title='bbox 467 4081 575 4134; x_wconf 84' lang='grc' dir='ltr'>τοῦ</span> <span class='ocrx_word' id='word_1_427' title='bbox 603 4075 925 4146; x_wconf 76' lang='grc' dir='ltr'>προσώπου</span> <span class='ocrx_word' id='word_1_428' title='bbox 946 4089 1066 4142; x_wconf 89' lang='grc' dir='ltr'><strong>μου</strong></span> <span class='ocrx_word' id='word_1_429' title='bbox 1099 4069 1195 4122; x_wconf 69' lang='grc' dir='ltr'>καὶ</span> <span class='ocrx_word' id='word_1_430' title='bbox 1229 4069 1261 4119; x_wconf 88' lang='grc' dir='ltr'><strong>ό</strong></span> <span class='ocrx_word' id='word_1_431' title='bbox 1297 4064 1442 4130; x_wconf 87' lang='grc' dir='ltr'>Θεός</span> <span class='ocrx_word' id='word_1_432' title='bbox 1465 4079 1602 4131; x_wconf 83' lang='grc' dir='ltr'>μου.</span> <span class='ocrx_word' id='word_1_433' title='bbox 1651 4057 1876 4128; x_wconf 80' lang='grc' dir='ltr'>Σύμμα-</span> 
     </span>
    </p>
   </div>
   <div class='ocr_carea' id='block_1_59' title="bbox 294 4150 1876 4252">
    <p class='ocr_par' dir='ltr' id='par_1_59' title="bbox 294 4150 1876 4252">
     <span class='ocr_line' id='line_1_59' title="bbox 294 4150 1876 4252; baseline -0.02 -19"><span class='ocrx_word' id='word_1_434' title='bbox 294 4150 394 4252; x_wconf 47' lang='grc' dir='ltr'><strong>γος</strong></span> <span class='ocrx_word' id='word_1_435' title='bbox 419 4175 507 4229; x_wconf 78' lang='grc' dir='ltr'><strong>δέ’</strong></span> <span class='ocrx_word' id='word_1_436' title='bbox 545 4175 604 4229; x_wconf 86' lang='grc' dir='ltr'><em>Τί</em></span> <span class='ocrx_word' id='word_1_437' title='bbox 634 4167 992 4237; x_wconf 76' lang='grc' dir='ltr'>κατίιρῤἐεις,</span> <span class='ocrx_word' id='word_1_438' title='bbox 1026 4159 1195 4232; x_wconf 67' lang='grc' dir='ltr'><strong>ψυχή</strong></span> <span class='ocrx_word' id='word_1_439' title='bbox 1223 4177 1362 4230; x_wconf 86' lang='grc' dir='ltr'>μου,</span> <span class='ocrx_word' id='word_1_440' title='bbox 1401 4156 1498 4209; x_wconf 78' lang='grc' dir='ltr'>καὶ</span> <span class='ocrx_word' id='word_1_441' title='bbox 1525 4155 1581 4207; x_wconf 83' lang='grc' dir='ltr'><strong>τί</strong></span> <span class='ocrx_word' id='word_1_442' title='bbox 1612 4150 1876 4220; x_wconf 82' lang='grc' dir='ltr'>θορυϐεἷς</span> 
     </span>
    </p>
   </div>
   <div class='ocr_carea' id='block_1_60' title="bbox 293 4245 1876 4338">
    <p class='ocr_par' dir='ltr' id='par_1_60' title="bbox 293 4245 1876 4338">
     <span class='ocr_line' id='line_1_60' title="bbox 293 4245 1876 4338; baseline -0.02 -11"><span class='ocrx_word' id='word_1_443' title='bbox 293 4245 393 4327; x_wconf 67' lang='grc' dir='ltr'><strong>ἔπ’</strong></span> <span class='ocrx_word' id='word_1_444' title='bbox 423 4269 562 4338; x_wconf 84' lang='grc' dir='ltr'><em>ἑμέ;</em></span> <span class='ocrx_word' id='word_1_445' title='bbox 595 4265 940 4333; x_wconf 76' lang='grc' dir='ltr'>Ἀνὰμεινον</span> <span class='ocrx_word' id='word_1_446' title='bbox 969 4258 1074 4312; x_wconf 82' lang='grc' dir='ltr'><strong>τὸν</strong></span> <span class='ocrx_word' id='word_1_447' title='bbox 1101 4257 1278 4310; x_wconf 85' lang='grc' dir='ltr'><strong>Θεόν·</strong></span> <span class='ocrx_word' id='word_1_448' title='bbox 1310 4251 1496 4306; x_wconf 75' lang='grc' dir='ltr'>εἰσαεὶ</span> <span class='ocrx_word' id='word_1_449' title='bbox 1530 4247 1640 4318; x_wconf 73' lang='grc' dir='ltr'>γὰρ</span> <span class='ocrx_word' id='word_1_450' title='bbox 1671 4245 1876 4313; x_wconf 83' lang='grc' dir='ltr'>ἐξομο-</span> 
     </span>
    </p>
   </div>
   <div class='ocr_carea' id='block_1_61' title="bbox 296 4341 1876 4434">
    <p class='ocr_par' dir='ltr' id='par_1_61' title="bbox 296 4341 1876 4434">
     <span class='ocr_line' id='line_1_61' title="bbox 296 4341 1876 4434; baseline -0.02 -14"><span class='ocrx_word' id='word_1_451' title='bbox 296 4363 639 4434; x_wconf 76' lang='grc' dir='ltr'>λοτήσομαι</span> <span class='ocrx_word' id='word_1_452' title='bbox 670 4356 849 4422; x_wconf 82' lang='grc' dir='ltr'>αὐτῷ,</span> <span class='ocrx_word' id='word_1_453' title='bbox 877 4353 950 4422; x_wconf 77' lang='grc' dir='ltr'>τῇ</span> <span class='ocrx_word' id='word_1_454' title='bbox 973 4350 1238 4418; x_wconf 79' lang='grc' dir='ltr'>σωτηρίᾳ</span> <span class='ocrx_word' id='word_1_455' title='bbox 1269 4345 1374 4400; x_wconf 86' lang='grc' dir='ltr'>τοῦ</span> <span class='ocrx_word' id='word_1_456' title='bbox 1403 4341 1724 4412; x_wconf 78' lang='grc' dir='ltr'>προσώπου</span> <span class='ocrx_word' id='word_1_457' title='bbox 1756 4355 1876 4434; x_wconf 67' lang='grc' dir='ltr'>μοι)</span> 
     </span>
    </p>
   </div>
   <div class='ocr_carea' id='block_1_62' title="bbox 300 4425 1876 4519">
    <p class='ocr_par' dir='ltr' id='par_1_62' title="bbox 300 4425 1876 4519">
     <span class='ocr_line' id='line_1_62' title="bbox 300 4425 1876 4519; baseline -0.021 -8"><span class='ocrx_word' id='word_1_458' title='bbox 300 4425 401 4510; x_wconf 59' lang='grc' dir='ltr'><strong>καί</strong></span> <span class='ocrx_word' id='word_1_459' title='bbox 441 4425 674 4519; x_wconf 39' lang='grc' dir='ltr'><strong>τῷ-Θεῷ</strong></span> <span class='ocrx_word' id='word_1_460' title='bbox 708 4465 849 4519; x_wconf 89' lang='grc' dir='ltr'>μου.</span> <span class='ocrx_word' id='word_1_461' title='bbox 885 4444 1220 4512; x_wconf 79' lang='grc' dir='ltr'>Ἀναμεινον,</span> <span class='ocrx_word' id='word_1_462' title='bbox 1251 4437 1433 4507; x_wconf 73' lang='grc' dir='ltr'>φησὶν,</span> <span class='ocrx_word' id='word_1_463' title='bbox 1475 4433 1562 4486; x_wconf 81' lang='grc' dir='ltr'><strong>ἵνα</strong></span> <span class='ocrx_word' id='word_1_464' title='bbox 1603 4429 1698 4484; x_wconf 73' lang='grc' dir='ltr'><strong>καὶ</strong></span> <span class='ocrx_word' id='word_1_465' title='bbox 1740 4425 1876 4496; x_wconf 78' lang='grc' dir='ltr'>αὐτὴ</span> 
     </span>
    </p>
   </div>
   <div class='ocr_carea' id='block_1_63' title="bbox 301 4519 1878 4622">
    <p class='ocr_par' dir='ltr' id='par_1_63' title="bbox 301 4519 1878 4622">
     <span class='ocr_line' id='line_1_63' title="bbox 301 4519 1878 4622; baseline -0.023 -15"><span class='ocrx_word' id='word_1_466' title='bbox 301 4550 535 4622; x_wconf 80' lang='grc' dir='ltr'>δυνηθῇς</span> <span class='ocrx_word' id='word_1_467' title='bbox 598 4560 726 4598; x_wconf 86' lang='grc' dir='ltr'>ποτε</span> <span class='ocrx_word' id='word_1_468' title='bbox 774 4540 972 4593; x_wconf 73' lang='grc' dir='ltr'>εἰπεῖν’</span> <span class='ocrx_word' id='word_1_469' title='bbox 1038 4529 1366 4601; x_wconf 61' lang='grc' dir='ltr'>Ὑπομέκνων</span> <span class='ocrx_word' id='word_1_470' title='bbox 1428 4524 1713 4593; x_wconf 77' lang='grc' dir='ltr'>ὑπέμεινα</span> <span class='ocrx_word' id='word_1_471' title='bbox 1771 4519 1878 4572; x_wconf 85' lang='grc' dir='ltr'><strong>τὸν</strong></span> 
     </span>
    </p>
   </div>
   <div class='ocr_carea' id='block_1_64' title="bbox 267 4610 1876 4712">
    <p class='ocr_par' dir='ltr' id='par_1_64' title="bbox 267 4610 1876 4712">
     <span class='ocr_line' id='line_1_64' title="bbox 267 4610 1876 4712; baseline -0.025 -12"><span class='ocrx_word' id='word_1_472' title='bbox 267 4641 278 4652; x_wconf 65' lang='grc'><strong><em>”</em></strong></span> <span class='ocrx_word' id='word_1_473' title='bbox 309 4610 552 4712; x_wconf 62' lang='grc' dir='ltr'>Κύριον,</span> <span class='ocrx_word' id='word_1_474' title='bbox 583 4635 682 4690; x_wconf 81' lang='grc' dir='ltr'>καὶ</span> <span class='ocrx_word' id='word_1_475' title='bbox 727 4628 1031 4700; x_wconf 80' lang='grc' dir='ltr'>προσέσχε</span> <span class='ocrx_word' id='word_1_476' title='bbox 1059 4641 1178 4695; x_wconf 91' lang='grc' dir='ltr'>μοι.</span> <span class='ocrx_word' id='word_1_477' title='bbox 1216 4617 1377 4673; x_wconf 85' lang='grc' dir='ltr'>Ἀλλὰ</span> <span class='ocrx_word' id='word_1_478' title='bbox 1403 4616 1496 4670; x_wconf 70' lang='grc' dir='ltr'><strong>καὶ</strong></span> <span class='ocrx_word' id='word_1_479' title='bbox 1529 4614 1743 4666; x_wconf 76' lang='grc' dir='ltr'>ἕλπισον</span> <span class='ocrx_word' id='word_1_480' title='bbox 1783 4610 1876 4662; x_wconf 74' lang='grc' dir='ltr'><strong>ἐπὶ</strong></span> 
     </span>
    </p>
   </div>
   <div class='ocr_carea' id='block_1_65' title="bbox 306 4701 1878 4794">
    <p class='ocr_par' dir='ltr' id='par_1_65' title="bbox 306 4701 1878 4794">
     <span class='ocr_line' id='line_1_65' title="bbox 306 4701 1878 4794; baseline -0.022 -7"><span class='ocrx_word' id='word_1_481' title='bbox 306 4701 413 4787; x_wconf 46' lang='grc' dir='ltr'>τὸν.</span> <span class='ocrx_word' id='word_1_482' title='bbox 439 4701 603 4783; x_wconf 80' lang='grc' dir='ltr'>Θεόν’</span> <span class='ocrx_word' id='word_1_483' title='bbox 654 4727 694 4793; x_wconf 79' lang='grc' dir='ltr'><strong><em>ή</em></strong></span> <span class='ocrx_word' id='word_1_484' title='bbox 730 4725 838 4794; x_wconf 79' lang='grc' dir='ltr'>γὰρ</span> <span class='ocrx_word' id='word_1_485' title='bbox 877 4717 1050 4782; x_wconf 76' lang='grc' dir='ltr'>ἐλπὶς</span> <span class='ocrx_word' id='word_1_486' title='bbox 1091 4716 1160 4768; x_wconf 89' lang='grc' dir='ltr'>οὺ</span> <span class='ocrx_word' id='word_1_487' title='bbox 1200 4709 1607 4776; x_wconf 78' lang='grc' dir='ltr'>καταισχύνει.</span> <span class='ocrx_word' id='word_1_488' title='bbox 1655 4703 1720 4756; x_wconf 86' lang='grc' dir='ltr'>Τί</span> <span class='ocrx_word' id='word_1_489' title='bbox 1767 4701 1878 4772; x_wconf 75' lang='grc' dir='ltr'><strong>γὰρ</strong></span> 
     </span>
    </p>
   </div>
   <div class='ocr_carea' id='block_1_66' title="bbox 307 4797 1882 4894">
    <p class='ocr_par' dir='ltr' id='par_1_66' title="bbox 307 4797 1882 4894">
     <span class='ocr_line' id='line_1_66' title="bbox 307 4797 1882 4894; baseline -0.023 -15"><span class='ocrx_word' id='word_1_490' title='bbox 307 4827 374 4879; x_wconf 74' lang='grc' dir='ltr'><strong>ἂν</strong></span> <span class='ocrx_word' id='word_1_491' title='bbox 415 4821 522 4894; x_wconf 81' lang='grc' dir='ltr'>χρὴ</span> <span class='ocrx_word' id='word_1_492' title='bbox 547 4813 942 4890; x_wconf 79' lang='grc' dir='ltr'>ταράττεσθαι;</span> <span class='ocrx_word' id='word_1_493' title='bbox 974 4808 1024 4861; x_wconf 88' lang='grc' dir='ltr'><strong>τί</strong></span> <span class='ocrx_word' id='word_1_494' title='bbox 1057 4807 1113 4860; x_wconf 76' lang='grc' dir='ltr'>δὲ</span> <span class='ocrx_word' id='word_1_495' title='bbox 1147 4803 1441 4877; x_wconf 82' lang='grc' dir='ltr'>περίλυπον</span> <span class='ocrx_word' id='word_1_496' title='bbox 1486 4797 1752 4868; x_wconf 85' lang='grc' dir='ltr'>γίνεσθαι,</span> <span class='ocrx_word' id='word_1_497' title='bbox 1791 4811 1882 4847; x_wconf 91' lang='grc' dir='ltr'>το-</span> 
     </span>
    </p>
   </div>
   <div class='ocr_carea' id='block_1_67' title="bbox 311 4885 1882 4981">
    <p class='ocr_par' dir='ltr' id='par_1_67' title="bbox 311 4885 1882 4981">
     <span class='ocr_line' id='line_1_67' title="bbox 311 4885 1882 4981; baseline -0.029 -11"><span class='ocrx_word' id='word_1_498' title='bbox 311 4885 521 4969; x_wconf 60' lang='grc' dir='ltr'>σούτων</span> <span class='ocrx_word' id='word_1_499' title='bbox 565 4885 1028 4981; x_wconf 81' lang='grc' dir='ltr'>προσδοκωμένων</span> <span class='ocrx_word' id='word_1_500' title='bbox 1069 4894 1318 4965; x_wconf 80' lang='grc' dir='ltr'>ἀγαθῶν;</span> <span class='ocrx_word' id='word_1_501' title='bbox 1364 4893 1485 4944; x_wconf 85' lang='grc' dir='ltr'><strong>Ἔτι</strong></span> <span class='ocrx_word' id='word_1_502' title='bbox 1527 4889 1634 4960; x_wconf 80' lang='grc' dir='ltr'>γὰρ</span> <span class='ocrx_word' id='word_1_503' title='bbox 1665 4885 1882 4981; x_wconf 43' lang='grc' dir='ltr'>μικρρν</span> 
     </span>
    </p>
   </div>
   <div class='ocr_carea' id='block_1_68' title="bbox 310 4978 1879 5073">
    <p class='ocr_par' dir='ltr' id='par_1_68' title="bbox 310 4978 1879 5073">
     <span class='ocr_line' id='line_1_68' title="bbox 310 4978 1879 5073; baseline -0.025 -8"><span class='ocrx_word' id='word_1_504' title='bbox 310 5013 462 5065; x_wconf 70' lang='grc' dir='ltr'>ὅσον</span> <span class='ocrx_word' id='word_1_505' title='bbox 481 5009 512 5060; x_wconf 88' lang='grc' dir='ltr'><strong>ό</strong></span> <span class='ocrx_word' id='word_1_506' title='bbox 532 4978 852 5073; x_wconf 46' lang='grc' dir='ltr'>ἐρξόμενος</span> <span class='ocrx_word' id='word_1_507' title='bbox 880 4992 1032 5061; x_wconf 79' lang='grc' dir='ltr'>ἣξει,</span> <span class='ocrx_word' id='word_1_508' title='bbox 1058 4987 1158 5042; x_wconf 74' lang='grc' dir='ltr'>καὶ</span> <span class='ocrx_word' id='word_1_509' title='bbox 1183 4989 1254 5040; x_wconf 86' lang='grc' dir='ltr'>οὺ</span> <span class='ocrx_word' id='word_1_510' title='bbox 1272 4982 1513 5054; x_wconf 77' lang='grc' dir='ltr'>χρονιεῖ.</span> <span class='ocrx_word' id='word_1_511' title='bbox 1555 4983 1646 5035; x_wconf 78' lang='grc' dir='ltr'><strong>καὶ</strong></span> <span class='ocrx_word' id='word_1_512' title='bbox 1681 4979 1742 5032; x_wconf 84' lang='grc' dir='ltr'><strong>τὸ</strong></span> <span class='ocrx_word' id='word_1_513' title='bbox 1765 4978 1879 5073; x_wconf 77' lang='grc' dir='ltr'>φῶς</span> 
     </span>
    </p>
   </div>
   <div class='ocr_carea' id='block_1_69' title="bbox 307 5066 1882 5164">
    <p class='ocr_par' dir='ltr' id='par_1_69' title="bbox 307 5066 1882 5164">
     <span class='ocr_line' id='line_1_69' title="bbox 307 5066 1882 5164; baseline -0.025 -6"><span class='ocrx_word' id='word_1_514' title='bbox 307 5066 738 5164; x_wconf 65' lang='grc' dir='ltr'>ἁποσταλῆσεται</span> <span class='ocrx_word' id='word_1_515' title='bbox 766 5131 782 5154; x_wconf 85' lang='grc'><strong>,</strong></span> <span class='ocrx_word' id='word_1_516' title='bbox 850 5085 945 5140; x_wconf 72' lang='grc' dir='ltr'><strong>καὶ</strong></span> <span class='ocrx_word' id='word_1_517' title='bbox 973 5085 1006 5154; x_wconf 82' lang='grc' dir='ltr'>ἡ</span> <span class='ocrx_word' id='word_1_518' title='bbox 1039 5079 1262 5151; x_wconf 77' lang='grc' dir='ltr'>ἀλήθεια</span> <span class='ocrx_word' id='word_1_519' title='bbox 1291 5073 1747 5146; x_wconf 80' lang='grc' dir='ltr'>παραγενήσεται,</span> <span class='ocrx_word' id='word_1_520' title='bbox 1789 5066 1882 5120; x_wconf 81' lang='grc' dir='ltr'><strong>καὶ</strong></span> 
     </span>
    </p>
   </div>
   <div class='ocr_carea' id='block_1_70' title="bbox 308 5162 1886 5260">
    <p class='ocr_par' dir='ltr' id='par_1_70' title="bbox 308 5162 1886 5260">
     <span class='ocr_line' id='line_1_70' title="bbox 308 5162 1886 5260; baseline -0.022 -16"><span class='ocrx_word' id='word_1_521' title='bbox 308 5194 374 5246; x_wconf 69' lang='grc' dir='ltr'><strong>τὰ</strong></span> <span class='ocrx_word' id='word_1_522' title='bbox 409 5162 854 5260; x_wconf 80' lang='grc' dir='ltr'>προφητευθέντα</span> <span class='ocrx_word' id='word_1_523' title='bbox 887 5175 1069 5236; x_wconf 78' lang='grc' dir='ltr'>τέλους</span> <span class='ocrx_word' id='word_1_524' title='bbox 1095 5169 1374 5234; x_wconf 72' lang='grc' dir='ltr'>τεύξεται·</span> <span class='ocrx_word' id='word_1_525' title='bbox 1419 5166 1512 5218; x_wconf 78' lang='grc' dir='ltr'>καὶ</span> <span class='ocrx_word' id='word_1_526' title='bbox 1555 5162 1706 5223; x_wconf 81' lang='grc' dir='ltr'>τέλος</span> <span class='ocrx_word' id='word_1_527' title='bbox 1749 5177 1886 5212; x_wconf 89' lang='grc' dir='ltr'>παν-</span> 
     </span>
    </p>
   </div>
   <div class='ocr_carea' id='block_1_71' title="bbox 309 5251 1886 5346">
    <p class='ocr_par' dir='ltr' id='par_1_71' title="bbox 309 5251 1886 5346">
     <span class='ocr_line' id='line_1_71' title="bbox 309 5251 1886 5346; baseline -0.02 -12"><span class='ocrx_word' id='word_1_528' title='bbox 309 5282 398 5344; x_wconf 69' lang='grc' dir='ltr'>τὸς</span> <span class='ocrx_word' id='word_1_529' title='bbox 436 5251 598 5346; x_wconf 72' lang='grc' dir='ltr'>λόγου</span> <span class='ocrx_word' id='word_1_530' title='bbox 625 5272 687 5326; x_wconf 71' lang='grc' dir='ltr'><strong>τὸ</strong></span> <span class='ocrx_word' id='word_1_531' title='bbox 726 5267 988 5340; x_wconf 85' lang='grc' dir='ltr'>σωτήριόν</span> <span class='ocrx_word' id='word_1_532' title='bbox 1035 5266 1152 5316; x_wconf 85' lang='grc' dir='ltr'>ἐστι</span> <span class='ocrx_word' id='word_1_533' title='bbox 1188 5259 1281 5313; x_wconf 84' lang='grc' dir='ltr'>τοῦ</span> <span class='ocrx_word' id='word_1_534' title='bbox 1314 5254 1629 5330; x_wconf 83' lang='grc' dir='ltr'>προσώπου,</span> <span class='ocrx_word' id='word_1_535' title='bbox 1665 5251 1827 5314; x_wconf 81' lang='grc' dir='ltr'>αὐτὸς</span> <span class='ocrx_word' id='word_1_536' title='bbox 1857 5252 1886 5304; x_wconf 90' lang='grc' dir='ltr'>ὁ</span> 
     </span>
    </p>
   </div>
   <div class='ocr_carea' id='block_1_72' title="bbox 313 5339 1886 5436">
    <p class='ocr_par' dir='ltr' id='par_1_72' title="bbox 313 5339 1886 5436">
     <span class='ocr_line' id='line_1_72' title="bbox 313 5339 1886 5436; baseline -0.018 -15"><span class='ocrx_word' id='word_1_537' title='bbox 313 5339 444 5428; x_wconf 72' lang='grc' dir='ltr'>Θεός</span> <span class='ocrx_word' id='word_1_538' title='bbox 481 5339 602 5436; x_wconf 72' lang='grc' dir='ltr'>μου.</span> <span class='ocrx_word' id='word_1_539' title='bbox 660 5356 910 5412; x_wconf 77' lang='grc' dir='ltr'>Ἐπειδὰν</span> <span class='ocrx_word' id='word_1_540' title='bbox 954 5353 1062 5422; x_wconf 83' lang='grc' dir='ltr'>γὰρ</span> <span class='ocrx_word' id='word_1_541' title='bbox 1090 5347 1429 5413; x_wconf 76' lang='grc' dir='ltr'>καταξιωθῶ,</span> <span class='ocrx_word' id='word_1_542' title='bbox 1478 5341 1762 5415; x_wconf 80' lang='grc' dir='ltr'>παραστὰς</span> <span class='ocrx_word' id='word_1_543' title='bbox 1811 5339 1886 5411; x_wconf 84' lang='grc' dir='ltr'>τῷ</span> 
     </span>
    </p>
   </div>
   <div class='ocr_carea' id='block_1_73' title="bbox 314 5433 1884 5527">
    <p class='ocr_par' dir='ltr' id='par_1_73' title="bbox 314 5433 1884 5527">
     <span class='ocr_line' id='line_1_73' title="bbox 314 5433 1884 5527; baseline -0.018 -16"><span class='ocrx_word' id='word_1_544' title='bbox 314 5457 453 5527; x_wconf 82' lang='grc' dir='ltr'>Θεῷ,</span> <span class='ocrx_word' id='word_1_545' title='bbox 483 5433 776 5526; x_wconf 71' lang='grc' dir='ltr'>πρόσωπον</span> <span class='ocrx_word' id='word_1_546' title='bbox 813 5445 949 5517; x_wconf 75' lang='grc' dir='ltr'>πρὸς</span> <span class='ocrx_word' id='word_1_547' title='bbox 979 5441 1265 5516; x_wconf 86' lang='grc' dir='ltr'>πρόσωπον</span> <span class='ocrx_word' id='word_1_548' title='bbox 1291 5435 1624 5490; x_wconf 74' lang='grc' dir='ltr'>ἐποπτεῦσαι</span> <span class='ocrx_word' id='word_1_549' title='bbox 1669 5433 1729 5485; x_wconf 79' lang='grc' dir='ltr'><strong>τὸ</strong></span> <span class='ocrx_word' id='word_1_550' title='bbox 1780 5449 1884 5484; x_wconf 85' lang='grc' dir='ltr'>σω-</span> 
     </span>
    </p>
   </div>
   <div class='ocr_carea' id='block_1_74' title="bbox 316 5526 1886 5623">
    <p class='ocr_par' dir='ltr' id='par_1_74' title="bbox 316 5526 1886 5623">
     <span class='ocr_line' id='line_1_74' title="bbox 316 5526 1886 5623; baseline -0.018 -17"><span class='ocrx_word' id='word_1_551' title='bbox 316 5556 528 5623; x_wconf 82' lang='grc' dir='ltr'>τήριον,</span> <span class='ocrx_word' id='word_1_552' title='bbox 563 5545 690 5617; x_wconf 62' lang='grc' dir='ltr'><strong>περ)⁸</strong></span> <span class='ocrx_word' id='word_1_553' title='bbox 721 5533 972 5602; x_wconf 48' lang='lat' dir='ltr'><strong>obnoxii;</strong></span> <span class='ocrx_word' id='word_1_554' title='bbox 1011 5539 1040 5589; x_wconf 82' lang='grc' dir='ltr'><strong>ὁ</strong></span> <span class='ocrx_word' id='word_1_555' title='bbox 1070 5535 1227 5603; x_wconf 84' lang='grc' dir='ltr'>λόγος</span> <span class='ocrx_word' id='word_1_556' title='bbox 1251 5531 1341 5586; x_wconf 78' lang='grc' dir='ltr'>διὰ</span> <span class='ocrx_word' id='word_1_557' title='bbox 1379 5528 1568 5584; x_wconf 82' lang='grc' dir='ltr'>πασῶν</span> <span class='ocrx_word' id='word_1_558' title='bbox 1597 5527 1706 5581; x_wconf 82' lang='grc' dir='ltr'><strong>τῶν</strong></span> <span class='ocrx_word' id='word_1_559' title='bbox 1744 5526 1886 5598; x_wconf 85' lang='grc' dir='ltr'>Γρα-</span> 
     </span>
    </p>
   </div>
   <div class='ocr_carea' id='block_1_75' title="bbox 319 5616 1886 5722">
    <p class='ocr_par' dir='ltr' id='par_1_75' title="bbox 319 5616 1886 5722">
     <span class='ocr_line' id='line_1_75' title="bbox 319 5616 1886 5722; baseline -0.018 -25"><span class='ocrx_word' id='word_1_560' title='bbox 319 5616 463 5722; x_wconf 61' lang='grc' dir='ltr'>φών·</span> <span class='ocrx_word' id='word_1_561' title='bbox 515 5616 644 5692; x_wconf 73' lang='grc' dir='ltr'>τότε</span> <span class='ocrx_word' id='word_1_562' title='bbox 687 5634 751 5707; x_wconf 83' lang='grc' dir='ltr'>δὴ</span> <span class='ocrx_word' id='word_1_563' title='bbox 801 5630 949 5702; x_wconf 73' lang='grc' dir='ltr'>αὐτῷ</span> <span class='ocrx_word' id='word_1_564' title='bbox 1007 5625 1470 5698; x_wconf 76' lang='grc' dir='ltr'>ἐξομολογήσομαι</span> <span class='ocrx_word' id='word_1_565' title='bbox 1525 5621 1600 5685; x_wconf 84' lang='grc' dir='ltr'><strong>ὡς</strong></span> <span class='ocrx_word' id='word_1_566' title='bbox 1654 5618 1720 5674; x_wconf 81' lang='grc' dir='ltr'><strong>ἂν</strong></span> <span class='ocrx_word' id='word_1_567' title='bbox 1767 5616 1886 5688; x_wconf 84' lang='grc' dir='ltr'>Θεῷ</span> 
     </span>
    </p>
   </div>
   <div class='ocr_carea' id='block_1_76' title="bbox 439 5754 980 5818">
    <p class='ocr_par' dir='ltr' id='par_1_76' title="bbox 439 5754 980 5818">
     <span class='ocr_line' id='line_1_76' title="bbox 439 5754 980 5818; baseline -0.015 -2"><span class='ocrx_word' id='word_1_568' title='bbox 439 5763 482 5793; x_wconf 76' lang='grc' dir='ltr'><strong>⁵ο</strong></span> <span class='ocrx_word' id='word_1_569' title='bbox 537 5760 682 5814; x_wconf 79' lang='lat' dir='ltr'><strong>Psal.</strong></span> <span class='ocrx_word' id='word_1_570' title='bbox 741 5770 862 5818; x_wconf 79' lang='lat' dir='ltr'><strong>xu,</strong></span> <span class='ocrx_word' id='word_1_571' title='bbox 929 5754 980 5808; x_wconf 82' lang='lat'><strong>5.</strong></span> 
     </span>
    </p>
   </div>
   <div class='ocr_carea' id='block_1_77' title="bbox 322 5827 766 5892">
    <p class='ocr_par' dir='ltr' id='par_1_77' title="bbox 322 5827 766 5892">
     <span class='ocr_line' id='line_1_77' title="bbox 322 5827 766 5892; baseline -0.016 -4"><span class='ocrx_word' id='word_1_572' title='bbox 322 5837 366 5868; x_wconf 82' lang='grc'><strong><em>⁸³</em></strong></span> <span class='ocrx_word' id='word_1_573' title='bbox 401 5833 558 5892; x_wconf 73' lang='lat' dir='ltr'><strong>llebr.</strong></span> <span class='ocrx_word' id='word_1_574' title='bbox 593 5843 652 5890; x_wconf 73' lang='grc' dir='ltr'><strong>κ,</strong></span> <span class='ocrx_word' id='word_1_575' title='bbox 678 5827 766 5882; x_wconf 78' lang='grc'><strong>57.</strong></span> 
     </span>
    </p>
   </div>
   <div class='ocr_carea' id='block_1_78' title="bbox 1089 5749 1551 5815">
    <p class='ocr_par' dir='ltr' id='par_1_78' title="bbox 1089 5749 1551 5815">
     <span class='ocr_line' id='line_1_78' title="bbox 1089 5749 1551 5815; baseline -0.009 -7"><span class='ocrx_word' id='word_1_576' title='bbox 1089 5753 1131 5783; x_wconf 82' lang='grc'><strong>⁵¹</strong></span> <span class='ocrx_word' id='word_1_577' title='bbox 1173 5750 1330 5807; x_wconf 79' lang='lat' dir='ltr'><strong>Joan.</strong></span> <span class='ocrx_word' id='word_1_578' title='bbox 1386 5765 1437 5815; x_wconf 89' lang='lat' dir='ltr'><strong>I,</strong></span> <span class='ocrx_word' id='word_1_579' title='bbox 1498 5749 1551 5804; x_wconf 88' lang='grc'><strong>9.</strong></span> 
     </span>
    </p>
   </div>
   <div class='ocr_carea' id='block_1_79' title="bbox 1663 5735 2230 5801">
    <p class='ocr_par' dir='ltr' id='par_1_79' title="bbox 1663 5735 2230 5801">
     <span class='ocr_line' id='line_1_79' title="bbox 1663 5735 2230 5801; baseline -0.025 1"><span class='ocrx_word' id='word_1_580' title='bbox 1663 5739 1901 5799; x_wconf 74' lang='lat' dir='ltr'><strong>&quot;Joan.</strong></span> <span class='ocrx_word' id='word_1_581' title='bbox 1970 5753 2098 5801; x_wconf 77' lang='lat' dir='ltr'><strong>xiv,</strong></span> <span class='ocrx_word' id='word_1_582' title='bbox 2177 5735 2230 5789; x_wconf 87' lang='lat'><em>6.</em></span> 
     </span>
    </p>
   </div>
   <div class='ocr_carea' id='block_1_80' title="bbox 1965 1925 3534 1997">
    <p class='ocr_par' dir='ltr' id='par_1_80' title="bbox 1965 1925 3534 1997">
     <span class='ocr_line' id='line_1_80' title="bbox 1965 1925 3534 1997; baseline -0.006 -9"><span class='ocrx_word' id='word_1_583' title='bbox 1965 1935 2200 1988; x_wconf 79' lang='lat' dir='ltr'><strong>transibo</strong></span> <span class='ocrx_word' id='word_1_584' title='bbox 2236 1935 2289 1987; x_wconf 88' lang='lat' dir='ltr'><strong>in</strong></span> <span class='ocrx_word' id='word_1_585' title='bbox 2319 1936 2490 1987; x_wconf 90' lang='lat' dir='ltr'><strong>locum</strong></span> <span class='ocrx_word' id='word_1_586' title='bbox 2523 1932 2848 1986; x_wconf 75' lang='lat' dir='ltr'><strong>tabernaculi</strong></span> <span class='ocrx_word' id='word_1_587' title='bbox 2876 1929 3232 1992; x_wconf 78' lang='lat' dir='ltr'><strong>admirabilis,</strong></span> <span class='ocrx_word' id='word_1_588' title='bbox 3268 1944 3430 1997; x_wconf 88' lang='lat' dir='ltr'><strong>usque</strong></span> <span class='ocrx_word' id='word_1_589' title='bbox 3463 1925 3534 1979; x_wconf 85' lang='lat' dir='ltr'><strong>ad</strong></span> 
     </span>
    </p>
   </div>
   <div class='ocr_carea' id='block_1_81' title="bbox 1964 2020 3535 2088">
    <p class='ocr_par' dir='ltr' id='par_1_81' title="bbox 1964 2020 3535 2088">
     <span class='ocr_line' id='line_1_81' title="bbox 1964 2020 3535 2088; baseline -0.004 -8"><span class='ocrx_word' id='word_1_590' title='bbox 1964 2027 2178 2080; x_wconf 83' lang='lat' dir='ltr'><strong>domum</strong></span> <span class='ocrx_word' id='word_1_591' title='bbox 2224 2026 2343 2080; x_wconf 85' lang='lat' dir='ltr'><strong>Dei.</strong></span> <span class='ocrx_word' id='word_1_592' title='bbox 2389 2025 2455 2079; x_wconf 89' lang='lat' dir='ltr'><strong>In</strong></span> <span class='ocrx_word' id='word_1_593' title='bbox 2519 2041 2635 2079; x_wconf 87' lang='lat' dir='ltr'><strong>voce</strong></span> <span class='ocrx_word' id='word_1_594' title='bbox 2675 2024 3046 2079; x_wconf 78' lang='lat' dir='ltr'><strong>exsultationis</strong></span> <span class='ocrx_word' id='word_1_595' title='bbox 3100 2031 3150 2076; x_wconf 89' lang='lat' dir='ltr'><strong>et</strong></span> <span class='ocrx_word' id='word_1_596' title='bbox 3195 2020 3535 2088; x_wconf 73' lang='lat' dir='ltr'><strong>confessionis</strong></span> 
     </span>
    </p>
   </div>
   <div class='ocr_carea' id='block_1_82' title="bbox 1965 2112 3535 2188">
    <p class='ocr_par' dir='ltr' id='par_1_82' title="bbox 1965 2112 3535 2188">
     <span class='ocr_line' id='line_1_82' title="bbox 1965 2112 3535 2188; baseline -0.006 -14"><span class='ocrx_word' id='word_1_597' title='bbox 1965 2120 2081 2174; x_wconf 86' lang='lat' dir='ltr'><strong>soni</strong></span> <span class='ocrx_word' id='word_1_598' title='bbox 2126 2119 2314 2188; x_wconf 77' lang='lat' dir='ltr'><strong>festum</strong></span> <span class='ocrx_word' id='word_1_599' title='bbox 2365 2118 2562 2188; x_wconf 81' lang='lat' dir='ltr'><strong>agentis</strong></span> <span class='ocrx_word' id='word_1_600' title='bbox 2584 2117 2664 2182; x_wconf 68' lang='lat' dir='ltr'><strong>l5°;</strong></span> <span class='ocrx_word' id='word_1_601' title='bbox 2708 2116 2865 2186; x_wconf 91' lang='lat' dir='ltr'><strong>quasi</strong></span> <span class='ocrx_word' id='word_1_602' title='bbox 2897 2115 2998 2169; x_wconf 87' lang='lat' dir='ltr'><strong>tibi</strong></span> <span class='ocrx_word' id='word_1_603' title='bbox 3031 2113 3142 2168; x_wconf 79' lang='lat' dir='ltr'><strong>Deo</strong></span> <span class='ocrx_word' id='word_1_604' title='bbox 3192 2127 3348 2168; x_wconf 85' lang='lat' dir='ltr'><strong>sacra</strong></span> <span class='ocrx_word' id='word_1_605' title='bbox 3394 2112 3535 2166; x_wconf 88' lang='lat' dir='ltr'><strong>cclc-</strong></span> 
     </span>
    </p>
   </div>
   <div class='ocr_carea' id='block_1_83' title="bbox 1965 2203 3537 2273">
    <p class='ocr_par' dir='ltr' id='par_1_83' title="bbox 1965 2203 3537 2273">
     <span class='ocr_line' id='line_1_83' title="bbox 1965 2203 3537 2273; baseline -0.004 -12"><span class='ocrx_word' id='word_1_606' title='bbox 1965 2208 2154 2272; x_wconf 88' lang='lat' dir='ltr'><strong>brans,</strong></span> <span class='ocrx_word' id='word_1_607' title='bbox 2187 2207 2254 2260; x_wconf 93' lang='lat' dir='ltr'><strong>ad</strong></span> <span class='ocrx_word' id='word_1_608' title='bbox 2303 2208 2495 2259; x_wconf 89' lang='lat' dir='ltr'><strong>intima</strong></span> <span class='ocrx_word' id='word_1_609' title='bbox 2529 2213 2582 2260; x_wconf 89' lang='lat' dir='ltr'><strong>et</strong></span> <span class='ocrx_word' id='word_1_610' title='bbox 2631 2221 2804 2273; x_wconf 86' lang='lat' dir='ltr'><strong>usque</strong></span> <span class='ocrx_word' id='word_1_611' title='bbox 2845 2205 2912 2258; x_wconf 90' lang='lat' dir='ltr'><strong>ad</strong></span> <span class='ocrx_word' id='word_1_612' title='bbox 2957 2203 3130 2257; x_wconf 88' lang='lat' dir='ltr'><strong>altare</strong></span> <span class='ocrx_word' id='word_1_613' title='bbox 3160 2203 3271 2265; x_wconf 91' lang='lat' dir='ltr'><strong>ibo,</strong></span> <span class='ocrx_word' id='word_1_614' title='bbox 3305 2210 3358 2256; x_wconf 90' lang='lat' dir='ltr'><strong>et</strong></span> <span class='ocrx_word' id='word_1_615' title='bbox 3387 2204 3452 2254; x_wconf 84' lang='lat' dir='ltr'><strong>ad</strong></span> <span class='ocrx_word' id='word_1_616' title='bbox 3485 2208 3537 2255; x_wconf 86' lang='lat' dir='ltr'><strong>te</strong></span> 
     </span>
    </p>
   </div>
   <div class='ocr_carea' id='block_1_84' title="bbox 1967 2287 3536 2366">
    <p class='ocr_par' dir='ltr' id='par_1_84' title="bbox 1967 2287 3536 2366">
     <span class='ocr_line' id='line_1_84' title="bbox 1967 2287 3536 2366; baseline -0.001 -19"><span class='ocrx_word' id='word_1_617' title='bbox 1967 2287 2138 2350; x_wconf 79' lang='lat' dir='ltr'><strong>Deum</strong></span> <span class='ocrx_word' id='word_1_618' title='bbox 2173 2297 2384 2350; x_wconf 92' lang='lat' dir='ltr'><strong>veniam</strong></span> <span class='ocrx_word' id='word_1_619' title='bbox 2427 2296 2520 2366; x_wconf 90' lang='lat' dir='ltr'><strong>qui</strong></span> <span class='ocrx_word' id='word_1_620' title='bbox 2574 2295 2816 2350; x_wconf 71' lang='lat' dir='ltr'><strong>laztiﬁcas</strong></span> <span class='ocrx_word' id='word_1_621' title='bbox 2841 2296 3181 2364; x_wconf 85' lang='lat' dir='ltr'><strong>juventutem</strong></span> <span class='ocrx_word' id='word_1_622' title='bbox 3224 2309 3398 2348; x_wconf 89' lang='lat' dir='ltr'><strong>meam</strong></span> <span class='ocrx_word' id='word_1_623' title='bbox 3434 2293 3536 2363; x_wconf 84' lang='lat' dir='ltr'><strong>spi-</strong></span> 
     </span>
    </p>
   </div>
   <div class='ocr_carea' id='block_1_85' title="bbox 1963 2383 3535 2455">
    <p class='ocr_par' dir='ltr' id='par_1_85' title="bbox 1963 2383 3535 2455">
     <span class='ocr_line' id='line_1_85' title="bbox 1963 2383 3535 2455; baseline -0.004 -13"><span class='ocrx_word' id='word_1_624' title='bbox 1963 2386 2240 2442; x_wconf 90' lang='lat' dir='ltr'><strong>ritualem.</strong></span> <span class='ocrx_word' id='word_1_625' title='bbox 2275 2385 2577 2455; x_wconf 83' lang='lat' dir='ltr'><strong>Conﬁtebor</strong></span> <span class='ocrx_word' id='word_1_626' title='bbox 2600 2385 2692 2438; x_wconf 74' lang='lat' dir='ltr'><strong>tibi</strong></span> <span class='ocrx_word' id='word_1_627' title='bbox 2740 2386 2790 2437; x_wconf 88' lang='lat' dir='ltr'><strong>in</strong></span> <span class='ocrx_word' id='word_1_628' title='bbox 2824 2385 3030 2437; x_wconf 82' lang='lat' dir='ltr'><strong>cithara</strong></span> <span class='ocrx_word' id='word_1_629' title='bbox 3057 2383 3220 2438; x_wconf 82' lang='lat' dir='ltr'><strong>Deus.</strong></span> <span class='ocrx_word' id='word_1_630' title='bbox 3257 2383 3535 2437; x_wconf 80' lang='lat' dir='ltr'><strong>Citharam</strong></span> 
     </span>
    </p>
   </div>
   <div class='ocr_carea' id='block_1_86' title="bbox 1965 2472 3537 2546">
    <p class='ocr_par' dir='ltr' id='par_1_86' title="bbox 1965 2472 3537 2546">
     <span class='ocr_line' id='line_1_86' title="bbox 1965 2472 3537 2546; baseline -0.004 -15"><span class='ocrx_word' id='word_1_631' title='bbox 1965 2491 2164 2546; x_wconf 89' lang='lat' dir='ltr'><strong>corpus</strong></span> <span class='ocrx_word' id='word_1_632' title='bbox 2193 2475 2346 2541; x_wconf 86' lang='lat' dir='ltr'><strong>dicit,</strong></span> <span class='ocrx_word' id='word_1_633' title='bbox 2389 2485 2497 2545; x_wconf 88' lang='lat' dir='ltr'><strong>quo</strong></span> <span class='ocrx_word' id='word_1_634' title='bbox 2532 2475 2736 2545; x_wconf 87' lang='lat' dir='ltr'><strong>pulsari</strong></span> <span class='ocrx_word' id='word_1_635' title='bbox 2763 2490 2918 2529; x_wconf 89' lang='lat' dir='ltr'><strong>mens</strong></span> <span class='ocrx_word' id='word_1_636' title='bbox 2961 2475 3121 2538; x_wconf 86' lang='lat' dir='ltr'><strong>solet,</strong></span> <span class='ocrx_word' id='word_1_637' title='bbox 3158 2483 3320 2544; x_wconf 87' lang='lat' dir='ltr'><strong>atque</strong></span> <span class='ocrx_word' id='word_1_638' title='bbox 3366 2472 3537 2527; x_wconf 90' lang='lat' dir='ltr'><strong>sensi-</strong></span> 
     </span>
    </p>
   </div>
   <div class='ocr_carea' id='block_1_87' title="bbox 1965 2562 3538 2638">
    <p class='ocr_par' dir='ltr' id='par_1_87' title="bbox 1965 2562 3538 2638">
     <span class='ocr_line' id='line_1_87' title="bbox 1965 2562 3538 2638; baseline -0.006 -16"><span class='ocrx_word' id='word_1_639' title='bbox 1965 2568 2068 2622; x_wconf 88' lang='lat' dir='ltr'><strong>bus</strong></span> <span class='ocrx_word' id='word_1_640' title='bbox 2109 2566 2267 2638; x_wconf 86' lang='lat' dir='ltr'><strong>quasi</strong></span> <span class='ocrx_word' id='word_1_641' title='bbox 2321 2565 2545 2620; x_wconf 83' lang='lat' dir='ltr'><strong>chordis</strong></span> <span class='ocrx_word' id='word_1_642' title='bbox 2605 2574 2995 2634; x_wconf 82' lang='lat' dir='ltr'><strong>congruentem</strong></span> <span class='ocrx_word' id='word_1_643' title='bbox 3045 2562 3156 2618; x_wconf 89' lang='lat' dir='ltr'><strong>Deo</strong></span> <span class='ocrx_word' id='word_1_644' title='bbox 3213 2567 3538 2617; x_wconf 86' lang='lat' dir='ltr'><strong>concentum</strong></span> 
     </span>
    </p>
   </div>
   <div class='ocr_carea' id='block_1_88' title="bbox 1965 2652 3540 2724">
    <p class='ocr_par' dir='ltr' id='par_1_88' title="bbox 1965 2652 3540 2724">
     <span class='ocr_line' id='line_1_88' title="bbox 1965 2652 3540 2724; baseline -0.006 -14"><span class='ocrx_word' id='word_1_645' title='bbox 1965 2658 2236 2711; x_wconf 79' lang='lat' dir='ltr'><strong>emittere.</strong></span> <span class='ocrx_word' id='word_1_646' title='bbox 2302 2654 2400 2710; x_wconf 81' lang='lat' dir='ltr'><strong>llis</strong></span> <span class='ocrx_word' id='word_1_647' title='bbox 2463 2663 2651 2724; x_wconf 87' lang='lat' dir='ltr'><strong>aperte</strong></span> <span class='ocrx_word' id='word_1_648' title='bbox 2718 2663 2871 2724; x_wconf 77' lang='lat' dir='ltr'><strong>rogat</strong></span> <span class='ocrx_word' id='word_1_649' title='bbox 2925 2653 3126 2708; x_wconf 86' lang='lat' dir='ltr'><strong>chorus</strong></span> <span class='ocrx_word' id='word_1_650' title='bbox 3192 2652 3540 2724; x_wconf 74' lang='lat' dir='ltr'><strong>propheticus</strong></span> 
     </span>
    </p>
   </div>
   <div class='ocr_carea' id='block_1_89' title="bbox 1967 2743 3539 2816">
    <p class='ocr_par' dir='ltr' id='par_1_89' title="bbox 1967 2743 3539 2816">
     <span class='ocr_line' id='line_1_89' title="bbox 1967 2743 3539 2816; baseline -0.006 -13"><span class='ocrx_word' id='word_1_651' title='bbox 1967 2750 2138 2804; x_wconf 84' lang='lat' dir='ltr'><strong>emitti</strong></span> <span class='ocrx_word' id='word_1_652' title='bbox 2172 2749 2345 2804; x_wconf 86' lang='lat' dir='ltr'><strong>lucem</strong></span> <span class='ocrx_word' id='word_1_653' title='bbox 2380 2747 2475 2803; x_wconf 91' lang='lat' dir='ltr'><strong>Dei</strong></span> <span class='ocrx_word' id='word_1_654' title='bbox 2507 2756 2562 2802; x_wconf 91' lang='lat' dir='ltr'><strong>et</strong></span> <span class='ocrx_word' id='word_1_655' title='bbox 2584 2747 2871 2802; x_wconf 77' lang='lat' dir='ltr'><strong>veritatem</strong></span> <span class='ocrx_word' id='word_1_656' title='bbox 2901 2747 3044 2816; x_wconf 89' lang='lat' dir='ltr'><strong>ejus,</strong></span> <span class='ocrx_word' id='word_1_657' title='bbox 3082 2761 3146 2800; x_wconf 94' lang='lat' dir='ltr'><strong>co</strong></span> <span class='ocrx_word' id='word_1_658' title='bbox 3177 2744 3323 2815; x_wconf 88' lang='lat' dir='ltr'><strong>quod</strong></span> <span class='ocrx_word' id='word_1_659' title='bbox 3368 2743 3539 2797; x_wconf 90' lang='lat' dir='ltr'><strong>nulla-</strong></span> 
     </span>
    </p>
   </div>
   <div class='ocr_carea' id='block_1_90' title="bbox 1968 2840 3541 2904">
    <p class='ocr_par' dir='ltr' id='par_1_90' title="bbox 1968 2840 3541 2904">
     <span class='ocr_line' id='line_1_90' title="bbox 1968 2840 3541 2904; baseline -0.006 -9"><span class='ocrx_word' id='word_1_660' title='bbox 1968 2851 2130 2897; x_wconf 89' lang='lat' dir='ltr'><strong>tenus</strong></span> <span class='ocrx_word' id='word_1_661' title='bbox 2178 2849 2309 2894; x_wconf 88' lang='lat' dir='ltr'><strong>tunc</strong></span> <span class='ocrx_word' id='word_1_662' title='bbox 2353 2841 2559 2894; x_wconf 84' lang='lat' dir='ltr'><strong>luceret</strong></span> <span class='ocrx_word' id='word_1_663' title='bbox 2607 2841 2660 2894; x_wconf 86' lang='lat' dir='ltr'><strong>in</strong></span> <span class='ocrx_word' id='word_1_664' title='bbox 2704 2847 2870 2903; x_wconf 85' lang='lat' dir='ltr'><strong>terra,</strong></span> <span class='ocrx_word' id='word_1_665' title='bbox 2918 2848 2972 2893; x_wconf 89' lang='lat' dir='ltr'><strong>et</strong></span> <span class='ocrx_word' id='word_1_666' title='bbox 3004 2840 3206 2892; x_wconf 87' lang='lat' dir='ltr'><strong>veritas</strong></span> <span class='ocrx_word' id='word_1_667' title='bbox 3252 2850 3541 2904; x_wconf 80' lang='lat' dir='ltr'><strong>nusquam,</strong></span> 
     </span>
    </p>
   </div>
   <div class='ocr_carea' id='block_1_91' title="bbox 1971 2927 3540 3004">
    <p class='ocr_par' dir='ltr' id='par_1_91' title="bbox 1971 2927 3540 3004">
     <span class='ocr_line' id='line_1_91' title="bbox 1971 2927 3540 3004; baseline -0.006 -17"><span class='ocrx_word' id='word_1_668' title='bbox 1971 2951 2079 3004; x_wconf 88' lang='lat' dir='ltr'><strong>quo</strong></span> <span class='ocrx_word' id='word_1_669' title='bbox 2104 2943 2345 3002; x_wconf 89' lang='lat' dir='ltr'><strong>tempore</strong></span> <span class='ocrx_word' id='word_1_670' title='bbox 2375 2933 2489 2986; x_wconf 74' lang='lat' dir='ltr'><strong>haec</strong></span> <span class='ocrx_word' id='word_1_671' title='bbox 2520 2932 2852 3002; x_wconf 77' lang='lat' dir='ltr'><strong>proferebat,</strong></span> <span class='ocrx_word' id='word_1_672' title='bbox 2887 2945 3011 2983; x_wconf 90' lang='lat' dir='ltr'><strong>cum</strong></span> <span class='ocrx_word' id='word_1_673' title='bbox 3054 2929 3366 2982; x_wconf 82' lang='lat' dir='ltr'><strong>hominibus</strong></span> <span class='ocrx_word' id='word_1_674' title='bbox 3393 2927 3540 2980; x_wconf 60' lang='lat' dir='ltr'><strong>exsio</strong></span> 
     </span>
    </p>
   </div>
   <div class='ocr_carea' id='block_1_92' title="bbox 1973 3017 3542 3085">
    <p class='ocr_par' dir='ltr' id='par_1_92' title="bbox 1973 3017 3542 3085">
     <span class='ocr_line' id='line_1_92' title="bbox 1973 3017 3542 3085; baseline -0.008 -5"><span class='ocrx_word' id='word_1_675' title='bbox 1973 3035 2158 3080; x_wconf 89' lang='lat' dir='ltr'><strong>stcret.</strong></span> <span class='ocrx_word' id='word_1_676' title='bbox 2188 3023 2304 3077; x_wconf 74' lang='lat' dir='ltr'><strong>Lux</strong></span> <span class='ocrx_word' id='word_1_677' title='bbox 2333 3030 2513 3076; x_wconf 89' lang='lat' dir='ltr'><strong>autem</strong></span> <span class='ocrx_word' id='word_1_678' title='bbox 2545 3021 2867 3083; x_wconf 88' lang='lat' dir='ltr'><strong>missa,-alia</strong></span> <span class='ocrx_word' id='word_1_679' title='bbox 2901 3035 3032 3073; x_wconf 89' lang='lat' dir='ltr'><strong>sane</strong></span> <span class='ocrx_word' id='word_1_680' title='bbox 3061 3017 3221 3071; x_wconf 78' lang='lat' dir='ltr'><strong>fuerit</strong></span> <span class='ocrx_word' id='word_1_681' title='bbox 3251 3018 3317 3070; x_wconf 89' lang='lat' dir='ltr'><strong>ab</strong></span> <span class='ocrx_word' id='word_1_682' title='bbox 3340 3032 3402 3070; x_wconf 87' lang='lat' dir='ltr'><strong>ea</strong></span> <span class='ocrx_word' id='word_1_683' title='bbox 3426 3031 3542 3085; x_wconf 67' lang='lat' dir='ltr'><strong>qum</strong></span> 
     </span>
    </p>
   </div>
   <div class='ocr_carea' id='block_1_93' title="bbox 1973 3102 3631 3186">
    <p class='ocr_par' dir='ltr' id='par_1_93' title="bbox 1973 3102 3631 3186">
     <span class='ocr_line' id='line_1_93' title="bbox 1973 3102 3631 3186; baseline -0.008 -13"><span class='ocrx_word' id='word_1_684' title='bbox 1973 3102 2159 3182; x_wconf 64' lang='lat' dir='ltr'><strong>mittit,</strong></span> <span class='ocrx_word' id='word_1_685' title='bbox 2203 3118 2270 3172; x_wconf 86' lang='lat' dir='ltr'><strong>de</strong></span> <span class='ocrx_word' id='word_1_686' title='bbox 2297 3133 2403 3186; x_wconf 88' lang='lat' dir='ltr'><strong>qua</strong></span> <span class='ocrx_word' id='word_1_687' title='bbox 2433 3115 2634 3170; x_wconf 86' lang='lat' dir='ltr'><strong>dicitur</strong></span> <span class='ocrx_word' id='word_1_688' title='bbox 2662 3158 2674 3168; x_wconf 87' lang='lat'><em>.</em></span> <span class='ocrx_word' id='word_1_689' title='bbox 2705 3113 2839 3167; x_wconf 86' lang='lat' dir='ltr'><strong>Erat</strong></span> <span class='ocrx_word' id='word_1_690' title='bbox 2869 3114 2962 3167; x_wconf 70' lang='lat' dir='ltr'><strong>lux</strong></span> <span class='ocrx_word' id='word_1_691' title='bbox 2999 3129 3114 3183; x_wconf 73' lang='lat' dir='ltr'><strong>qum</strong></span> <span class='ocrx_word' id='word_1_692' title='bbox 3145 3112 3411 3164; x_wconf 84' lang='lat' dir='ltr'><strong>illuminat</strong></span> <span class='ocrx_word' id='word_1_693' title='bbox 3434 3127 3542 3163; x_wconf 86' lang='lat' dir='ltr'><strong>om-</strong></span> <span class='ocrx_word' id='word_1_694' title='bbox 3624 3153 3631 3159; x_wconf 95' lang='lat'>.</span> 
     </span>
    </p>
   </div>
   <div class='ocr_carea' id='block_1_94' title="bbox 1892 3201 3543 3267">
    <p class='ocr_par' dir='ltr' id='par_1_94' title="bbox 1892 3201 3543 3267">
     <span class='ocr_line' id='line_1_94' title="bbox 1892 3201 3543 3267; baseline -0.007 -1"><span class='ocrx_word' id='word_1_695' title='bbox 1892 3206 1933 3261; x_wconf 89' lang='lat' dir='ltr'><strong><em>C</em></strong></span> <span class='ocrx_word' id='word_1_696' title='bbox 1969 3230 2087 3267; x_wconf 84' lang='lat' dir='ltr'><strong>nem</strong></span> <span class='ocrx_word' id='word_1_697' title='bbox 2117 3211 2378 3266; x_wconf 79' lang='lat' dir='ltr'><strong>hominem</strong></span> <span class='ocrx_word' id='word_1_698' title='bbox 2404 3208 2688 3262; x_wconf 83' lang='lat' dir='ltr'><strong>venientem</strong></span> <span class='ocrx_word' id='word_1_699' title='bbox 2721 3207 2775 3260; x_wconf 87' lang='lat' dir='ltr'><strong>in</strong></span> <span class='ocrx_word' id='word_1_700' title='bbox 2820 3204 3073 3258; x_wconf 83' lang='lat' dir='ltr'><strong>mundum</strong></span> <span class='ocrx_word' id='word_1_701' title='bbox 3095 3205 3159 3256; x_wconf 74' lang='grc' dir='ltr'>δί.</span> <span class='ocrx_word' id='word_1_702' title='bbox 3204 3201 3266 3256; x_wconf 80' lang='lat' dir='ltr'><strong>Et</strong></span> <span class='ocrx_word' id='word_1_703' title='bbox 3296 3202 3543 3257; x_wconf 75' lang='lat' dir='ltr'><strong>Salvator</strong></span> 
     </span>
    </p>
   </div>
   <div class='ocr_carea' id='block_1_95' title="bbox 1969 3294 3541 3375">
    <p class='ocr_par' dir='ltr' id='par_1_95' title="bbox 1969 3294 3541 3375">
     <span class='ocr_line' id='line_1_95' title="bbox 1969 3294 3541 3375; baseline -0.007 -17"><span class='ocrx_word' id='word_1_704' title='bbox 1969 3305 2086 3375; x_wconf 86' lang='lat' dir='ltr'><strong>ipse</strong></span> <span class='ocrx_word' id='word_1_705' title='bbox 2119 3319 2184 3358; x_wconf 76' lang='lat' dir='ltr'><strong>ex</strong></span> <span class='ocrx_word' id='word_1_706' title='bbox 2215 3316 2448 3372; x_wconf 86' lang='lat' dir='ltr'><strong>persona</strong></span> <span class='ocrx_word' id='word_1_707' title='bbox 2490 3314 2588 3354; x_wconf 89' lang='lat' dir='ltr'><strong>sua</strong></span> <span class='ocrx_word' id='word_1_708' title='bbox 2623 3297 2781 3352; x_wconf 91' lang='lat' dir='ltr'><strong>docet</strong></span> <span class='ocrx_word' id='word_1_709' title='bbox 2807 3297 2893 3352; x_wconf 88' lang='lat' dir='ltr'><strong>his</strong></span> <span class='ocrx_word' id='word_1_710' title='bbox 2922 3296 3102 3352; x_wconf 85' lang='lat' dir='ltr'><strong>verbis</strong></span> <span class='ocrx_word' id='word_1_711' title='bbox 3132 3315 3144 3349; x_wconf 89' lang='lat'>:</span> <span class='ocrx_word' id='word_1_712' title='bbox 3171 3294 3281 3365; x_wconf 85' lang='lat' dir='ltr'><strong>Ego</strong></span> <span class='ocrx_word' id='word_1_713' title='bbox 3317 3312 3432 3348; x_wconf 88' lang='lat' dir='ltr'><strong>sum</strong></span> <span class='ocrx_word' id='word_1_714' title='bbox 3459 3294 3541 3347; x_wconf 72' lang='lat' dir='ltr'><strong>lna</strong></span> 
     </span>
    </p>
   </div>
   <div class='ocr_carea' id='block_1_96' title="bbox 1966 3389 3545 3456">
    <p class='ocr_par' dir='ltr' id='par_1_96' title="bbox 1966 3389 3545 3456">
     <span class='ocr_line' id='line_1_96' title="bbox 1966 3389 3545 3456; baseline -0.009 -3"><span class='ocrx_word' id='word_1_715' title='bbox 1966 3408 2015 3453; x_wconf 79' lang='lat' dir='ltr'><strong>et</strong></span> <span class='ocrx_word' id='word_1_716' title='bbox 2043 3397 2233 3451; x_wconf 81' lang='lat' dir='ltr'><strong>veritas</strong></span> <span class='ocrx_word' id='word_1_717' title='bbox 2257 3403 2304 3448; x_wconf 87' lang='lat' dir='ltr'><strong>et</strong></span> <span class='ocrx_word' id='word_1_718' title='bbox 2339 3393 2443 3448; x_wconf 87' lang='lat' dir='ltr'><strong>vita</strong></span> <span class='ocrx_word' id='word_1_719' title='bbox 2462 3393 2527 3448; x_wconf 81' lang='grc'><strong>⁵¹.</strong></span> <span class='ocrx_word' id='word_1_720' title='bbox 2561 3390 2736 3456; x_wconf 88' lang='lat' dir='ltr'><strong>Quare</strong></span> <span class='ocrx_word' id='word_1_721' title='bbox 2767 3390 2936 3443; x_wconf 87' lang='lat' dir='ltr'><strong>tristis</strong></span> <span class='ocrx_word' id='word_1_722' title='bbox 2979 3405 3055 3451; x_wconf 88' lang='lat' dir='ltr'><strong>es,</strong></span> <span class='ocrx_word' id='word_1_723' title='bbox 3111 3389 3290 3441; x_wconf 87' lang='lat' dir='ltr'><strong>anima</strong></span> <span class='ocrx_word' id='word_1_724' title='bbox 3330 3404 3464 3452; x_wconf 87' lang='lat' dir='ltr'><strong>mea,</strong></span> <span class='ocrx_word' id='word_1_725' title='bbox 3499 3398 3545 3439; x_wconf 88' lang='lat' dir='ltr'><strong>et</strong></span> 
     </span>
    </p>
   </div>
   <div class='ocr_carea' id='block_1_97' title="bbox 1968 3481 3545 3564">
    <p class='ocr_par' dir='ltr' id='par_1_97' title="bbox 1968 3481 3545 3564">
     <span class='ocr_line' id='line_1_97' title="bbox 1968 3481 3545 3564; baseline -0.008 -19"><span class='ocrx_word' id='word_1_726' title='bbox 1968 3507 2128 3564; x_wconf 86' lang='lat' dir='ltr'><strong>quare</strong></span> <span class='ocrx_word' id='word_1_727' title='bbox 2157 3487 2441 3542; x_wconf 88' lang='lat' dir='ltr'><strong>conturbas</strong></span> <span class='ocrx_word' id='word_1_728' title='bbox 2474 3488 2594 3541; x_wconf 87' lang='lat' dir='ltr'><strong>me?</strong></span> <span class='ocrx_word' id='word_1_729' title='bbox 2627 3484 2792 3556; x_wconf 89' lang='lat' dir='ltr'><strong>Spera</strong></span> <span class='ocrx_word' id='word_1_730' title='bbox 2832 3486 2884 3539; x_wconf 88' lang='lat' dir='ltr'><strong>in</strong></span> <span class='ocrx_word' id='word_1_731' title='bbox 2918 3485 3025 3539; x_wconf 90' lang='lat' dir='ltr'><strong>Deo</strong></span> <span class='ocrx_word' id='word_1_732' title='bbox 3053 3485 3302 3557; x_wconf 87' lang='lat' dir='ltr'><strong>quoniam</strong></span> <span class='ocrx_word' id='word_1_733' title='bbox 3329 3481 3545 3550; x_wconf 67' lang='lat' dir='ltr'><strong>conﬁteo</strong></span> 
     </span>
    </p>
   </div>
   <div class='ocr_carea' id='block_1_98' title="bbox 1970 3573 3545 3647">
    <p class='ocr_par' dir='ltr' id='par_1_98' title="bbox 1970 3573 3545 3647">
     <span class='ocr_line' id='line_1_98' title="bbox 1970 3573 3545 3647; baseline -0.011 -5"><span class='ocrx_word' id='word_1_734' title='bbox 1970 3589 2062 3642; x_wconf 79' lang='lat' dir='ltr'><strong>bar</strong></span> <span class='ocrx_word' id='word_1_735' title='bbox 2092 3584 2198 3647; x_wconf 78' lang='lat' dir='ltr'><strong>illi,</strong></span> <span class='ocrx_word' id='word_1_736' title='bbox 2226 3584 2460 3637; x_wconf 88' lang='lat' dir='ltr'><strong>salutare</strong></span> <span class='ocrx_word' id='word_1_737' title='bbox 2493 3582 2665 3635; x_wconf 85' lang='lat' dir='ltr'><strong>vultus</strong></span> <span class='ocrx_word' id='word_1_738' title='bbox 2706 3582 2806 3633; x_wconf 84' lang='lat' dir='ltr'><strong>mei</strong></span> <span class='ocrx_word' id='word_1_739' title='bbox 2828 3590 2877 3632; x_wconf 88' lang='lat' dir='ltr'><strong>et</strong></span> <span class='ocrx_word' id='word_1_740' title='bbox 2921 3578 3062 3631; x_wconf 87' lang='lat' dir='ltr'><strong>Deus</strong></span> <span class='ocrx_word' id='word_1_741' title='bbox 3104 3594 3267 3631; x_wconf 87' lang='lat' dir='ltr'><strong>meus.</strong></span> <span class='ocrx_word' id='word_1_742' title='bbox 3306 3573 3545 3645; x_wconf 88' lang='lat' dir='ltr'><strong>Symma-</strong></span> 
     </span>
    </p>
   </div>
   <div class='ocr_carea' id='block_1_99' title="bbox 1971 3672 3546 3743">
    <p class='ocr_par' dir='ltr' id='par_1_99' title="bbox 1971 3672 3546 3743">
     <span class='ocr_line' id='line_1_99' title="bbox 1971 3672 3546 3743; baseline -0.01 -12"><span class='ocrx_word' id='word_1_743' title='bbox 1971 3678 2111 3733; x_wconf 86' lang='lat' dir='ltr'><strong>chus</strong></span> <span class='ocrx_word' id='word_1_744' title='bbox 2152 3692 2306 3739; x_wconf 88' lang='lat' dir='ltr'><strong>vero,</strong></span> <span class='ocrx_word' id='word_1_745' title='bbox 2337 3675 2516 3741; x_wconf 86' lang='lat' dir='ltr'><strong>Quare</strong></span> <span class='ocrx_word' id='word_1_746' title='bbox 2548 3673 2732 3743; x_wconf 80' lang='lat' dir='ltr'><strong>eﬂluis,</strong></span> <span class='ocrx_word' id='word_1_747' title='bbox 2764 3672 2943 3723; x_wconf 89' lang='lat' dir='ltr'><strong>anima</strong></span> <span class='ocrx_word' id='word_1_748' title='bbox 2986 3685 3121 3732; x_wconf 85' lang='lat' dir='ltr'><strong>mea,</strong></span> <span class='ocrx_word' id='word_1_749' title='bbox 3153 3677 3203 3722; x_wconf 91' lang='lat' dir='ltr'><strong>et</strong></span> <span class='ocrx_word' id='word_1_750' title='bbox 3232 3682 3392 3736; x_wconf 87' lang='lat' dir='ltr'><strong>quare</strong></span> <span class='ocrx_word' id='word_1_751' title='bbox 3422 3681 3546 3717; x_wconf 53' lang='lat' dir='ltr'><strong>con-</strong></span> 
     </span>
    </p>
   </div>
   <div class='ocr_carea' id='block_1_100' title="bbox 1973 3756 3548 3836">
    <p class='ocr_par' dir='ltr' id='par_1_100' title="bbox 1973 3756 3548 3836">
     <span class='ocr_line' id='line_1_100' title="bbox 1973 3756 3548 3836; baseline -0.011 -12"><span class='ocrx_word' id='word_1_752' title='bbox 1973 3771 2155 3824; x_wconf 87' lang='lat' dir='ltr'><strong>turbas</strong></span> <span class='ocrx_word' id='word_1_753' title='bbox 2183 3772 2306 3824; x_wconf 83' lang='lat' dir='ltr'><strong>me?</strong></span> <span class='ocrx_word' id='word_1_754' title='bbox 2340 3767 2602 3836; x_wconf 74' lang='lat' dir='ltr'><strong>Exspecta</strong></span> <span class='ocrx_word' id='word_1_755' title='bbox 2632 3764 2822 3826; x_wconf 88' lang='lat' dir='ltr'><strong>Deum,</strong></span> <span class='ocrx_word' id='word_1_756' title='bbox 2867 3777 3066 3828; x_wconf 85' lang='lat' dir='ltr'><strong>semper</strong></span> <span class='ocrx_word' id='word_1_757' title='bbox 3098 3761 3235 3813; x_wconf 88' lang='lat' dir='ltr'><strong>enim</strong></span> <span class='ocrx_word' id='word_1_758' title='bbox 3265 3756 3548 3826; x_wconf 76' lang='lat' dir='ltr'><strong>confitebor</strong></span> 
     </span>
    </p>
   </div>
   <div class='ocr_carea' id='block_1_101' title="bbox 1972 3845 3547 3925">
    <p class='ocr_par' dir='ltr' id='par_1_101' title="bbox 1972 3845 3547 3925">
     <span class='ocr_line' id='line_1_101' title="bbox 1972 3845 3547 3925; baseline -0.013 -9"><span class='ocrx_word' id='word_1_759' title='bbox 1972 3863 2040 3925; x_wconf 89' lang='lat' dir='ltr'><strong>ei,</strong></span> <span class='ocrx_word' id='word_1_760' title='bbox 2073 3859 2236 3915; x_wconf 87' lang='lat' dir='ltr'><strong>saluti</strong></span> <span class='ocrx_word' id='word_1_761' title='bbox 2282 3858 2455 3912; x_wconf 83' lang='lat' dir='ltr'><strong>vultus</strong></span> <span class='ocrx_word' id='word_1_762' title='bbox 2490 3855 2587 3908; x_wconf 88' lang='lat' dir='ltr'><strong>mei</strong></span> <span class='ocrx_word' id='word_1_763' title='bbox 2617 3866 2666 3908; x_wconf 89' lang='lat' dir='ltr'><strong>et</strong></span> <span class='ocrx_word' id='word_1_764' title='bbox 2698 3852 2805 3905; x_wconf 88' lang='lat' dir='ltr'><strong>Deo</strong></span> <span class='ocrx_word' id='word_1_765' title='bbox 2852 3867 2982 3904; x_wconf 83' lang='lat' dir='ltr'><strong>meo.</strong></span> <span class='ocrx_word' id='word_1_766' title='bbox 3035 3849 3317 3917; x_wconf 80' lang='lat' dir='ltr'><strong>Exspecta,</strong></span> <span class='ocrx_word' id='word_1_767' title='bbox 3351 3845 3547 3915; x_wconf 83' lang='lat' dir='ltr'><strong>inquit,</strong></span> 
     </span>
    </p>
   </div>
   <div class='ocr_carea' id='block_1_102' title="bbox 1976 3939 3548 4022">
    <p class='ocr_par' dir='ltr' id='par_1_102' title="bbox 1976 3939 3548 4022">
     <span class='ocr_line' id='line_1_102' title="bbox 1976 3939 3548 4022; baseline -0.011 -13"><span class='ocrx_word' id='word_1_768' title='bbox 1976 3964 2034 4009; x_wconf 89' lang='lat' dir='ltr'><strong>ut</strong></span> <span class='ocrx_word' id='word_1_769' title='bbox 2097 3961 2152 4008; x_wconf 84' lang='lat' dir='ltr'><strong>et</strong></span> <span class='ocrx_word' id='word_1_770' title='bbox 2203 3955 2322 4022; x_wconf 89' lang='lat' dir='ltr'><strong>ipsa</strong></span> <span class='ocrx_word' id='word_1_771' title='bbox 2380 3948 2674 4018; x_wconf 87' lang='lat' dir='ltr'><strong>aliquando</strong></span> <span class='ocrx_word' id='word_1_772' title='bbox 2717 3946 2900 4000; x_wconf 85' lang='lat' dir='ltr'><strong>dicere</strong></span> <span class='ocrx_word' id='word_1_773' title='bbox 2930 3943 3114 3997; x_wconf 88' lang='lat' dir='ltr'><strong>valeas</strong></span> <span class='ocrx_word' id='word_1_774' title='bbox 3155 3958 3166 3992; x_wconf 89' lang='lat'><strong>:</strong></span> <span class='ocrx_word' id='word_1_775' title='bbox 3227 3939 3548 4008; x_wconf 69' lang='lat' dir='ltr'><strong>Exspectant</strong></span> 
     </span>
    </p>
   </div>
   <div class='ocr_carea' id='block_1_103' title="bbox 1974 4031 3551 4116">
    <p class='ocr_par' dir='ltr' id='par_1_103' title="bbox 1974 4031 3551 4116">
     <span class='ocr_line' id='line_1_103' title="bbox 1974 4031 3551 4116; baseline -0.013 -13"><span class='ocrx_word' id='word_1_776' title='bbox 1974 4048 2272 4116; x_wconf 72' lang='lat' dir='ltr'><strong>exspectavi</strong></span> <span class='ocrx_word' id='word_1_777' title='bbox 2306 4043 2612 4102; x_wconf 86' lang='lat' dir='ltr'><strong>Dominum,</strong></span> <span class='ocrx_word' id='word_1_778' title='bbox 2645 4049 2693 4092; x_wconf 92' lang='lat' dir='ltr'><strong>et</strong></span> <span class='ocrx_word' id='word_1_779' title='bbox 2743 4035 2964 4090; x_wconf 86' lang='lat' dir='ltr'><strong>intendit</strong></span> <span class='ocrx_word' id='word_1_780' title='bbox 3010 4034 3140 4087; x_wconf 68' lang='lat' dir='ltr'><strong>milii</strong></span> <span class='ocrx_word' id='word_1_781' title='bbox 3162 4033 3226 4086; x_wconf 78' lang='grc'><strong>⁵³.</strong></span> <span class='ocrx_word' id='word_1_782' title='bbox 3262 4031 3368 4086; x_wconf 89' lang='lat' dir='ltr'><strong>Sed</strong></span> <span class='ocrx_word' id='word_1_783' title='bbox 3395 4046 3551 4100; x_wconf 88' lang='lat' dir='ltr'><strong>spera</strong></span> 
     </span>
    </p>
   </div>
   <div class='ocr_carea' id='block_1_104' title="bbox 1977 4123 3550 4206">
    <p class='ocr_par' dir='ltr' id='par_1_104' title="bbox 1977 4123 3550 4206">
     <span class='ocr_line' id='line_1_104' title="bbox 1977 4123 3550 4206; baseline -0.013 -11"><span class='ocrx_word' id='word_1_784' title='bbox 1977 4142 2034 4195; x_wconf 90' lang='lat' dir='ltr'><strong>in</strong></span> <span class='ocrx_word' id='word_1_785' title='bbox 2064 4140 2194 4206; x_wconf 88' lang='lat' dir='ltr'><strong>Deo,</strong></span> <span class='ocrx_word' id='word_1_786' title='bbox 2229 4152 2353 4192; x_wconf 91' lang='lat' dir='ltr'><strong>nam</strong></span> <span class='ocrx_word' id='word_1_787' title='bbox 2395 4149 2507 4204; x_wconf 83' lang='lat' dir='ltr'><strong>spes</strong></span> <span class='ocrx_word' id='word_1_788' title='bbox 2548 4149 2651 4185; x_wconf 86' lang='lat' dir='ltr'><strong>non</strong></span> <span class='ocrx_word' id='word_1_789' title='bbox 2684 4127 2958 4198; x_wconf 78' lang='lat' dir='ltr'><strong>confundit</strong></span> <span class='ocrx_word' id='word_1_790' title='bbox 2985 4127 3051 4182; x_wconf 67' lang='grc'><strong>⁵⁸.</strong></span> <span class='ocrx_word' id='word_1_791' title='bbox 3080 4125 3220 4192; x_wconf 87' lang='lat' dir='ltr'><strong>Quid</strong></span> <span class='ocrx_word' id='word_1_792' title='bbox 3264 4123 3550 4178; x_wconf 84' lang='lat' dir='ltr'><strong>conturba-</strong></span> 
     </span>
    </p>
   </div>
   <div class='ocr_carea' id='block_1_105' title="bbox 1977 4221 3532 4302">
    <p class='ocr_par' dir='ltr' id='par_1_105' title="bbox 1977 4221 3532 4302">
     <span class='ocr_line' id='line_1_105' title="bbox 1977 4221 3532 4302; baseline -0.013 -16"><span class='ocrx_word' id='word_1_793' title='bbox 1977 4235 2125 4287; x_wconf 91' lang='lat' dir='ltr'><strong>tione</strong></span> <span class='ocrx_word' id='word_1_794' title='bbox 2147 4229 2324 4302; x_wconf 89' lang='lat' dir='ltr'><strong>opus?</strong></span> <span class='ocrx_word' id='word_1_795' title='bbox 2349 4243 2469 4296; x_wconf 64' lang='lat' dir='ltr'><strong>qua:</strong></span> <span class='ocrx_word' id='word_1_796' title='bbox 2500 4225 2732 4278; x_wconf 58' lang='lat' dir='ltr'><strong>tristitia:</strong></span> <span class='ocrx_word' id='word_1_797' title='bbox 2764 4235 2952 4285; x_wconf 85' lang='lat' dir='ltr'><strong>causa,</strong></span> <span class='ocrx_word' id='word_1_798' title='bbox 2983 4234 3105 4272; x_wconf 92' lang='lat' dir='ltr'><strong>cum</strong></span> <span class='ocrx_word' id='word_1_799' title='bbox 3135 4223 3215 4270; x_wconf 92' lang='lat' dir='ltr'><strong>tot</strong></span> <span class='ocrx_word' id='word_1_800' title='bbox 3242 4221 3532 4285; x_wconf 84' lang='lat' dir='ltr'><strong>exspecten</strong></span> 
     </span>
    </p>
   </div>
   <div class='ocr_carea' id='block_1_106' title="bbox 1979 4306 3552 4380">
    <p class='ocr_par' dir='ltr' id='par_1_106' title="bbox 1979 4306 3552 4380">
     <span class='ocr_line' id='line_1_106' title="bbox 1979 4306 3552 4380; baseline -0.014 -1"><span class='ocrx_word' id='word_1_801' title='bbox 1979 4333 2068 4379; x_wconf 88' lang='lat' dir='ltr'><strong>tur</strong></span> <span class='ocrx_word' id='word_1_802' title='bbox 2100 4321 2288 4378; x_wconf 85' lang='lat' dir='ltr'><strong>bona?</strong></span> <span class='ocrx_word' id='word_1_803' title='bbox 2337 4318 2472 4372; x_wconf 80' lang='lat' dir='ltr'><strong>Nam</strong></span> <span class='ocrx_word' id='word_1_804' title='bbox 2517 4317 2688 4370; x_wconf 84' lang='lat' dir='ltr'><strong>adhuc</strong></span> <span class='ocrx_word' id='word_1_805' title='bbox 2740 4313 3001 4368; x_wconf 88' lang='lat' dir='ltr'><strong>modicum</strong></span> <span class='ocrx_word' id='word_1_806' title='bbox 3057 4306 3469 4380; x_wconf 88' lang='lat' dir='ltr'><strong>aliquantulum,</strong></span> <span class='ocrx_word' id='word_1_807' title='bbox 3505 4313 3552 4358; x_wconf 89' lang='lat' dir='ltr'><strong>et</strong></span> 
     </span>
    </p>
   </div>
   <div class='ocr_carea' id='block_1_107' title="bbox 1979 4393 3551 4485">
    <p class='ocr_par' dir='ltr' id='par_1_107' title="bbox 1979 4393 3551 4485">
     <span class='ocr_line' id='line_1_107' title="bbox 1979 4393 3551 4485; baseline -0.013 -18"><span class='ocrx_word' id='word_1_808' title='bbox 1979 4415 2068 4485; x_wconf 85' lang='lat' dir='ltr'><strong>qui</strong></span> <span class='ocrx_word' id='word_1_809' title='bbox 2114 4421 2360 4466; x_wconf 85' lang='lat' dir='ltr'><strong>venturus</strong></span> <span class='ocrx_word' id='word_1_810' title='bbox 2415 4416 2491 4460; x_wconf 91' lang='lat' dir='ltr'><strong>est</strong></span> <span class='ocrx_word' id='word_1_811' title='bbox 2523 4405 2708 4465; x_wconf 83' lang='lat' dir='ltr'><strong>veniet,</strong></span> <span class='ocrx_word' id='word_1_812' title='bbox 2757 4412 2806 4456; x_wconf 91' lang='lat' dir='ltr'><strong>et</strong></span> <span class='ocrx_word' id='word_1_813' title='bbox 2857 4418 2959 4455; x_wconf 90' lang='lat' dir='ltr'><strong>non</strong></span> <span class='ocrx_word' id='word_1_814' title='bbox 2997 4397 3229 4452; x_wconf 83' lang='lat' dir='ltr'><strong>tardabit</strong></span> <span class='ocrx_word' id='word_1_815' title='bbox 3263 4397 3331 4458; x_wconf 80' lang='grc'>⁸⁸,</span> <span class='ocrx_word' id='word_1_816' title='bbox 3378 4403 3431 4448; x_wconf 89' lang='lat' dir='ltr'><strong>ct</strong></span> <span class='ocrx_word' id='word_1_817' title='bbox 3462 4393 3551 4447; x_wconf 81' lang='lat' dir='ltr'><strong>lux</strong></span> 
     </span>
    </p>
   </div>
   <div class='ocr_carea' id='block_1_108' title="bbox 1983 4488 3553 4566">
    <p class='ocr_par' dir='ltr' id='par_1_108' title="bbox 1983 4488 3553 4566">
     <span class='ocr_line' id='line_1_108' title="bbox 1983 4488 3553 4566; baseline -0.012 -7"><span class='ocrx_word' id='word_1_818' title='bbox 1983 4506 2248 4566; x_wconf 88' lang='lat' dir='ltr'><strong>mittetur,</strong></span> <span class='ocrx_word' id='word_1_819' title='bbox 2285 4501 2492 4555; x_wconf 88' lang='lat' dir='ltr'><strong>veritas</strong></span> <span class='ocrx_word' id='word_1_820' title='bbox 2517 4497 2787 4558; x_wconf 78' lang='lat' dir='ltr'><strong>adveniet,</strong></span> <span class='ocrx_word' id='word_1_821' title='bbox 2816 4503 2868 4548; x_wconf 88' lang='lat' dir='ltr'><strong>et</strong></span> <span class='ocrx_word' id='word_1_822' title='bbox 2893 4508 3014 4562; x_wconf 65' lang='lat' dir='ltr'><strong>quae</strong></span> <span class='ocrx_word' id='word_1_823' title='bbox 3039 4488 3400 4561; x_wconf 72' lang='lat' dir='ltr'><strong>praenuntiata</strong></span> <span class='ocrx_word' id='word_1_824' title='bbox 3427 4495 3553 4541; x_wconf 87' lang='lat' dir='ltr'><strong>sunt</strong></span> 
     </span>
    </p>
   </div>
   <div class='ocr_carea' id='block_1_109' title="bbox 1972 4575 3554 4653">
    <p class='ocr_par' dir='ltr' id='par_1_109' title="bbox 1972 4575 3554 4653">
     <span class='ocr_line' id='line_1_109' title="bbox 1972 4575 3554 4653; baseline -0.014 -3"><span class='ocrx_word' id='word_1_825' title='bbox 1972 4595 2143 4650; x_wconf 82' lang='lat' dir='ltr'><strong>ﬁnem</strong></span> <span class='ocrx_word' id='word_1_826' title='bbox 2189 4591 2488 4646; x_wconf 85' lang='lat' dir='ltr'><strong>habebunt.</strong></span> <span class='ocrx_word' id='word_1_827' title='bbox 2526 4587 2677 4640; x_wconf 89' lang='lat' dir='ltr'><strong>Finis</strong></span> <span class='ocrx_word' id='word_1_828' title='bbox 2727 4597 2890 4653; x_wconf 86' lang='lat' dir='ltr'><strong>porro</strong></span> <span class='ocrx_word' id='word_1_829' title='bbox 2931 4581 3111 4634; x_wconf 90' lang='lat' dir='ltr'><strong>omnis</strong></span> <span class='ocrx_word' id='word_1_830' title='bbox 3161 4575 3428 4632; x_wconf 88' lang='lat' dir='ltr'><strong>sermonis</strong></span> <span class='ocrx_word' id='word_1_831' title='bbox 3473 4585 3554 4629; x_wconf 89' lang='lat' dir='ltr'><strong>est</strong></span> 
     </span>
    </p>
   </div>
   <div class='ocr_carea' id='block_1_110' title="bbox 1980 4665 3556 4748">
    <p class='ocr_par' dir='ltr' id='par_1_110' title="bbox 1980 4665 3556 4748">
     <span class='ocr_line' id='line_1_110' title="bbox 1980 4665 3556 4748; baseline -0.015 -4"><span class='ocrx_word' id='word_1_832' title='bbox 1980 4688 2220 4744; x_wconf 86' lang='lat' dir='ltr'><strong>salutare</strong></span> <span class='ocrx_word' id='word_1_833' title='bbox 2249 4684 2453 4744; x_wconf 86' lang='lat' dir='ltr'><strong>vultus,</strong></span> <span class='ocrx_word' id='word_1_834' title='bbox 2486 4681 2602 4748; x_wconf 88' lang='lat' dir='ltr'><strong>ipse</strong></span> <span class='ocrx_word' id='word_1_835' title='bbox 2632 4676 2776 4731; x_wconf 85' lang='lat' dir='ltr'><strong>Deus</strong></span> <span class='ocrx_word' id='word_1_836' title='bbox 2807 4687 2982 4726; x_wconf 88' lang='lat' dir='ltr'><strong>meus.</strong></span> <span class='ocrx_word' id='word_1_837' title='bbox 3006 4669 3142 4723; x_wconf 89' lang='lat' dir='ltr'><strong>Cum</strong></span> <span class='ocrx_word' id='word_1_838' title='bbox 3172 4667 3317 4720; x_wconf 86' lang='lat' dir='ltr'><strong>enim</strong></span> <span class='ocrx_word' id='word_1_839' title='bbox 3359 4665 3556 4735; x_wconf 85' lang='lat' dir='ltr'><strong>dignus</strong></span> 
     </span>
    </p>
   </div>
   <div class='ocr_carea' id='block_1_111' title="bbox 1982 4757 3557 4844">
    <p class='ocr_par' dir='ltr' id='par_1_111' title="bbox 1982 4757 3557 4844">
     <span class='ocr_line' id='line_1_111' title="bbox 1982 4757 3557 4844; baseline -0.017 -9"><span class='ocrx_word' id='word_1_840' title='bbox 1982 4781 2204 4835; x_wconf 82' lang='lat' dir='ltr'><strong>habitus</strong></span> <span class='ocrx_word' id='word_1_841' title='bbox 2230 4791 2326 4832; x_wconf 89' lang='lat' dir='ltr'><strong>ero</strong></span> <span class='ocrx_word' id='word_1_842' title='bbox 2349 4772 2444 4844; x_wconf 88' lang='lat' dir='ltr'><strong>qui</strong></span> <span class='ocrx_word' id='word_1_843' title='bbox 2486 4785 2672 4825; x_wconf 89' lang='lat' dir='ltr'><strong>coram</strong></span> <span class='ocrx_word' id='word_1_844' title='bbox 2719 4766 2828 4820; x_wconf 89' lang='lat' dir='ltr'><strong>Deo</strong></span> <span class='ocrx_word' id='word_1_845' title='bbox 2863 4762 3002 4817; x_wconf 81' lang='lat' dir='ltr'><strong>facie</strong></span> <span class='ocrx_word' id='word_1_846' title='bbox 3043 4760 3108 4815; x_wconf 91' lang='lat' dir='ltr'><strong>ad</strong></span> <span class='ocrx_word' id='word_1_847' title='bbox 3142 4758 3337 4812; x_wconf 81' lang='lat' dir='ltr'><strong>faciem</strong></span> <span class='ocrx_word' id='word_1_848' title='bbox 3377 4757 3557 4812; x_wconf 88' lang='lat' dir='ltr'><strong>consi-</strong></span> 
     </span>
    </p>
   </div>
   <div class='ocr_carea' id='block_1_112' title="bbox 1983 4851 3558 4937">
    <p class='ocr_par' dir='ltr' id='par_1_112' title="bbox 1983 4851 3558 4937">
     <span class='ocr_line' id='line_1_112' title="bbox 1983 4851 3558 4937; baseline -0.018 -8"><span class='ocrx_word' id='word_1_849' title='bbox 1983 4885 2148 4937; x_wconf 87' lang='lat' dir='ltr'><strong>stam,</strong></span> <span class='ocrx_word' id='word_1_850' title='bbox 2182 4887 2245 4926; x_wconf 86' lang='lat' dir='ltr'><strong>ac</strong></span> <span class='ocrx_word' id='word_1_851' title='bbox 2265 4869 2477 4923; x_wconf 87' lang='lat' dir='ltr'><strong>videam</strong></span> <span class='ocrx_word' id='word_1_852' title='bbox 2510 4863 2750 4919; x_wconf 87' lang='lat' dir='ltr'><strong>salutare</strong></span> <span class='ocrx_word' id='word_1_853' title='bbox 2799 4856 2955 4920; x_wconf 90' lang='lat' dir='ltr'><strong>illud,</strong></span> <span class='ocrx_word' id='word_1_854' title='bbox 3017 4854 3084 4908; x_wconf 91' lang='lat' dir='ltr'><strong>de</strong></span> <span class='ocrx_word' id='word_1_855' title='bbox 3127 4866 3236 4923; x_wconf 84' lang='lat' dir='ltr'><strong>quo</strong></span> <span class='ocrx_word' id='word_1_856' title='bbox 3287 4851 3459 4904; x_wconf 88' lang='lat' dir='ltr'><strong>multa</strong></span> <span class='ocrx_word' id='word_1_857' title='bbox 3503 4851 3558 4902; x_wconf 93' lang='lat' dir='ltr'><strong>in</strong></span> 
     </span>
    </p>
   </div>
   <div class='ocr_carea' id='block_1_113' title="bbox 1984 4944 3560 5029">
    <p class='ocr_par' dir='ltr' id='par_1_113' title="bbox 1984 4944 3560 5029">
     <span class='ocr_line' id='line_1_113' title="bbox 1984 4944 3560 5029; baseline -0.017 -7"><span class='ocrx_word' id='word_1_858' title='bbox 1984 4966 2240 5022; x_wconf 89' lang='lat' dir='ltr'><strong>omnibus</strong></span> <span class='ocrx_word' id='word_1_859' title='bbox 2269 4958 2572 5029; x_wconf 89' lang='lat' dir='ltr'><strong>Scripturis</strong></span> <span class='ocrx_word' id='word_1_860' title='bbox 2599 4950 3085 5012; x_wconf 78' lang='lat' dir='ltr'><strong>circumferuntur,</strong></span> <span class='ocrx_word' id='word_1_861' title='bbox 3119 4954 3250 5000; x_wconf 94' lang='lat' dir='ltr'><strong>tunc</strong></span> <span class='ocrx_word' id='word_1_862' title='bbox 3289 4944 3392 5014; x_wconf 90' lang='lat' dir='ltr'><strong>ipsi</strong></span> <span class='ocrx_word' id='word_1_863' title='bbox 3427 4958 3560 4997; x_wconf 81' lang='lat' dir='ltr'><strong>eon-</strong></span> 
     </span>
    </p>
   </div>
   <div class='ocr_carea' id='block_1_114' title="bbox 1985 5036 3560 5113">
    <p class='ocr_par' dir='ltr' id='par_1_114' title="bbox 1985 5036 3560 5113">
     <span class='ocr_line' id='line_1_114' title="bbox 1985 5036 3560 5113; baseline -0.018 0"><span class='ocrx_word' id='word_1_864' title='bbox 1985 5059 2180 5113; x_wconf 86' lang='lat' dir='ltr'><strong>ﬁtebor</strong></span> <span class='ocrx_word' id='word_1_865' title='bbox 2231 5061 2289 5107; x_wconf 89' lang='lat' dir='ltr'><strong>ut</strong></span> <span class='ocrx_word' id='word_1_866' title='bbox 2323 5053 2594 5106; x_wconf 73' lang='lat' dir='ltr'><strong>Deo.meo</strong></span> <span class='ocrx_word' id='word_1_867' title='bbox 2647 5053 2702 5102; x_wconf 91' lang='lat' dir='ltr'><strong>ct</strong></span> <span class='ocrx_word' id='word_1_868' title='bbox 2751 5041 2973 5099; x_wconf 88' lang='lat' dir='ltr'><strong>salutari</strong></span> <span class='ocrx_word' id='word_1_869' title='bbox 3008 5053 3150 5093; x_wconf 93' lang='lat' dir='ltr'><strong>meo.</strong></span> <span class='ocrx_word' id='word_1_870' title='bbox 3197 5036 3430 5091; x_wconf 86' lang='lat' dir='ltr'><strong>Pulchre</strong></span> <span class='ocrx_word' id='word_1_871' title='bbox 3465 5049 3560 5086; x_wconf 89' lang='lat' dir='ltr'><strong>au-</strong></span> 
     </span>
    </p>
   </div>
   <div class='ocr_carea' id='block_1_115' title="bbox 1983 5129 3561 5207">
    <p class='ocr_par' dir='ltr' id='par_1_115' title="bbox 1983 5129 3561 5207">
     <span class='ocr_line' id='line_1_115' title="bbox 1983 5129 3561 5207; baseline -0.019 0"><span class='ocrx_word' id='word_1_872' title='bbox 1983 5160 2096 5207; x_wconf 86' lang='lat' dir='ltr'><strong>tem</strong></span> <span class='ocrx_word' id='word_1_873' title='bbox 2141 5145 2362 5205; x_wconf 88' lang='lat' dir='ltr'><strong>veritati</strong></span> <span class='ocrx_word' id='word_1_874' title='bbox 2390 5144 2578 5198; x_wconf 90' lang='lat' dir='ltr'><strong>lumen</strong></span> <span class='ocrx_word' id='word_1_875' title='bbox 2619 5137 2869 5206; x_wconf 83' lang='lat' dir='ltr'><strong>adjunxit</strong></span> <span class='ocrx_word' id='word_1_876' title='bbox 2902 5147 3064 5188; x_wconf 90' lang='lat' dir='ltr'><strong>:nam</strong></span> <span class='ocrx_word' id='word_1_877' title='bbox 3112 5129 3258 5200; x_wconf 86' lang='lat' dir='ltr'><strong>quod</strong></span> <span class='ocrx_word' id='word_1_878' title='bbox 3289 5129 3382 5182; x_wconf 74' lang='lat' dir='ltr'><strong>lux</strong></span> <span class='ocrx_word' id='word_1_879' title='bbox 3432 5139 3561 5180; x_wconf 51' lang='lat' dir='ltr'><strong>sen‘</strong></span> 
     </span>
    </p>
   </div>
   <div class='ocr_carea' id='block_1_116' title="bbox 1989 5217 3560 5300">
    <p class='ocr_par' dir='ltr' id='par_1_116' title="bbox 1989 5217 3560 5300">
     <span class='ocr_line' id='line_1_116' title="bbox 1989 5217 3560 5300; baseline -0.019 -1"><span class='ocrx_word' id='word_1_880' title='bbox 1989 5258 2108 5300; x_wconf 90' lang='lat' dir='ltr'><strong>sum</strong></span> <span class='ocrx_word' id='word_1_881' title='bbox 2138 5255 2363 5296; x_wconf 87' lang='lat' dir='ltr'><strong>movens</strong></span> <span class='ocrx_word' id='word_1_882' title='bbox 2402 5219 2583 5291; x_wconf 73' lang='lat' dir='ltr'><strong>oculis</strong></span> <span class='ocrx_word' id='word_1_883' title='bbox 2624 5225 2906 5299; x_wconf 88' lang='lat' dir='ltr'><strong>corporeis</strong></span> <span class='ocrx_word' id='word_1_884' title='bbox 2944 5233 3046 5290; x_wconf 91' lang='lat' dir='ltr'><strong>est,</strong></span> <span class='ocrx_word' id='word_1_885' title='bbox 3088 5224 3324 5293; x_wconf 90' lang='lat' dir='ltr'><strong>idipsum</strong></span> <span class='ocrx_word' id='word_1_886' title='bbox 3357 5217 3560 5272; x_wconf 82' lang='lat' dir='ltr'><strong>veritas</strong></span> 
     </span>
    </p>
   </div>
   <div class='ocr_carea' id='block_1_117' title="bbox 1988 5309 3557 5393">
    <p class='ocr_par' dir='ltr' id='par_1_117' title="bbox 1988 5309 3557 5393">
     <span class='ocr_line' id='line_1_117' title="bbox 1988 5309 3557 5393; baseline -0.02 -1"><span class='ocrx_word' id='word_1_887' title='bbox 1988 5345 2072 5393; x_wconf 89' lang='lat' dir='ltr'><strong>est</strong></span> <span class='ocrx_word' id='word_1_888' title='bbox 2105 5334 2300 5388; x_wconf 83' lang='lat' dir='ltr'><strong>animae</strong></span> <span class='ocrx_word' id='word_1_889' title='bbox 2338 5327 2536 5391; x_wconf 88' lang='lat' dir='ltr'><strong>oculis,</strong></span> <span class='ocrx_word' id='word_1_890' title='bbox 2579 5333 2832 5378; x_wconf 89' lang='lat' dir='ltr'><strong>naturam</strong></span> <span class='ocrx_word' id='word_1_891' title='bbox 2869 5333 3051 5374; x_wconf 89' lang='lat' dir='ltr'><strong>rerum</strong></span> <span class='ocrx_word' id='word_1_892' title='bbox 3099 5309 3557 5384; x_wconf 87' lang='lat' dir='ltr'><strong>inspectantibus,</strong></span> 
     </span>
    </p>
   </div>
   <div class='ocr_carea' id='block_1_118' title="bbox 1992 5401 3558 5499">
    <p class='ocr_par' dir='ltr' id='par_1_118' title="bbox 1992 5401 3558 5499">
     <span class='ocr_line' id='line_1_118' title="bbox 1992 5401 3558 5499; baseline -0.022 -14"><span class='ocrx_word' id='word_1_893' title='bbox 1992 5443 2170 5499; x_wconf 90' lang='lat' dir='ltr'><strong>neque</strong></span> <span class='ocrx_word' id='word_1_894' title='bbox 2200 5425 2344 5479; x_wconf 89' lang='lat' dir='ltr'><strong>ultra</strong></span> <span class='ocrx_word' id='word_1_895' title='bbox 2371 5417 2635 5488; x_wconf 88' lang='lat' dir='ltr'><strong>deceptis,</strong></span> <span class='ocrx_word' id='word_1_896' title='bbox 2678 5413 2774 5470; x_wconf 91' lang='lat' dir='ltr'><strong>sed</strong></span> <span class='ocrx_word' id='word_1_897' title='bbox 2812 5427 2912 5482; x_wconf 90' lang='lat' dir='ltr'><strong>per</strong></span> <span class='ocrx_word' id='word_1_898' title='bbox 2943 5423 3124 5462; x_wconf 89' lang='lat' dir='ltr'><strong>rerum</strong></span> <span class='ocrx_word' id='word_1_899' title='bbox 3157 5401 3558 5476; x_wconf 90' lang='lat' dir='ltr'><strong>perceptionem</strong></span> 
     </span>
    </p>
   </div>
   <div class='ocr_carea' id='block_1_119' title="bbox 1991 5488 3558 5581">
    <p class='ocr_par' dir='ltr' id='par_1_119' title="bbox 1991 5488 3558 5581">
     <span class='ocr_line' id='line_1_119' title="bbox 1991 5488 3558 5581; baseline -0.021 -5"><span class='ocrx_word' id='word_1_900' title='bbox 1991 5488 2311 5581; x_wconf 62' lang='lat' dir='ltr'><strong>illustratis,</strong></span> <span class='ocrx_word' id='word_1_901' title='bbox 2366 5521 2419 5568; x_wconf 90' lang='lat' dir='ltr'><strong>et</strong></span> <span class='ocrx_word' id='word_1_902' title='bbox 2471 5507 2715 5564; x_wconf 87' lang='lat' dir='ltr'><strong>veritatis</strong></span> <span class='ocrx_word' id='word_1_903' title='bbox 2784 5501 3033 5557; x_wconf 88' lang='lat' dir='ltr'><strong>notitiam</strong></span> <span class='ocrx_word' id='word_1_904' title='bbox 3110 5488 3558 5566; x_wconf 89' lang='lat' dir='ltr'><strong>percipientibus.</strong></span> 
     </span>
    </p>
   </div>
   <div class='ocr_carea' id='block_1_120' title="bbox 1991 5586 3559 5684">
    <p class='ocr_par' dir='ltr' id='par_1_120' title="bbox 1991 5586 3559 5684">
     <span class='ocr_line' id='line_1_120' title="bbox 1991 5586 3559 5684; baseline -0.019 -19"><span class='ocrx_word' id='word_1_905' title='bbox 1991 5611 2173 5684; x_wconf 84' lang='lat' dir='ltr'><strong>ipsum</strong></span> <span class='ocrx_word' id='word_1_906' title='bbox 2211 5611 2392 5678; x_wconf 87' lang='lat' dir='ltr'><strong>itaque</strong></span> <span class='ocrx_word' id='word_1_907' title='bbox 2421 5603 2645 5659; x_wconf 89' lang='lat' dir='ltr'><strong>verbum</strong></span> <span class='ocrx_word' id='word_1_908' title='bbox 2669 5597 2807 5652; x_wconf 89' lang='lat' dir='ltr'><strong>lucis</strong></span> <span class='ocrx_word' id='word_1_909' title='bbox 2832 5589 3135 5665; x_wconf 80' lang='lat' dir='ltr'><strong>spiritualis</strong></span> <span class='ocrx_word' id='word_1_910' title='bbox 3160 5586 3293 5649; x_wconf 89' lang='lat' dir='ltr'><strong>vim,</strong></span> <span class='ocrx_word' id='word_1_911' title='bbox 3325 5596 3432 5653; x_wconf 85' lang='lat' dir='ltr'><strong>qua</strong></span> <span class='ocrx_word' id='word_1_912' title='bbox 3469 5595 3559 5636; x_wconf 76' lang='lat' dir='ltr'><strong>ve-</strong></span> 
     </span>
    </p>
   </div>
   <div class='ocr_carea' id='block_1_121' title="bbox 2337 5699 3561 5785">
    <p class='ocr_par' dir='ltr' id='par_1_121' title="bbox 2337 5699 3561 5785">
     <span class='ocr_line' id='line_1_121' title="bbox 2337 5699 3561 5785; baseline -0.025 0"><span class='ocrx_word' id='word_1_913' title='bbox 2337 5733 2380 5764; x_wconf 78' lang='grc'>⁸³</span> <span class='ocrx_word' id='word_1_914' title='bbox 2435 5727 2577 5785; x_wconf 85' lang='lat' dir='ltr'><strong>Psal.</strong></span> <span class='ocrx_word' id='word_1_915' title='bbox 2639 5733 2840 5783; x_wconf 70' lang='lat' dir='ltr'><strong>XXXIX,</strong></span> <span class='ocrx_word' id='word_1_916' title='bbox 2903 5715 2954 5771; x_wconf 80' lang='grc' dir='ltr'>ι.</span> <span class='ocrx_word' id='word_1_917' title='bbox 3068 5710 3111 5742; x_wconf 68' lang='grc'><strong>⁵⁸</strong></span> <span class='ocrx_word' id='word_1_918' title='bbox 3151 5705 3312 5762; x_wconf 81' lang='lat' dir='ltr'><strong>Rom.</strong></span> <span class='ocrx_word' id='word_1_919' title='bbox 3370 5720 3439 5768; x_wconf 89' lang='lat' dir='ltr'><strong>v,</strong></span> <span class='ocrx_word' id='word_1_920' title='bbox 3505 5699 3561 5757; x_wconf 75' lang='grc' dir='ltr'><strong>ὕ.</strong></span> 
     </span>
    </p>
   </div>
  </div>
