4010 6554
489 309 618 375 ’585

1301 320 1570 377 EUSEBII
1607 322 2083 381 CAESARIENSIS
2119 322 2269 380 0P9.
2300 323 2480 381 PARS
2517 323 2607 380 Ill.
2639 357 2710 368 --
2744 326 3153 384 EXEGETICA.

3667 332 3804 387 38-1»

509 439 645 493 ritas
667 438 1001 507 declaratur,
1030 441 1422 511 interpretatus
1447 450 1549 497 est.
1581 441 1713 499 Jure
1747 444 1931 515 itaque
1959 445 2069 500 Sal-

2187 463 2288 516 μου
2317 446 2412 500 καὶ⁵
2443 445 2654 518 Σωτῆρί
2691 464 2824 517 μου·
2863 447 3042 513 καλῶς
3089 449 3145 503 δὲ
3189 447 3394 520 συνῆψε
3425 441 3485 502 τὸ
3536 447 3661 518 φῶς
3717 451 3796 520 τῇ

505 534 663 582 vator
709 527 826 582 ιιωο
851 527 1136 597 discipulis
1179 527 1298 585 suis
1337 529 1567 584 tradens
1610 530 1687 584 ita
1721 530 1928 595 docuit,
1967 530 2080 602 Ego

504 635 624 673 sum
651 617 769 683 lux,
807 628 857 671 et
893 619 1086 672 veritas
1123 626 1174 672 et
1203 619 1311 674 vita
1331 619 1398 673 “.
1439 617 1746 691 Unicuique
1777 637 1944 692 porro
1975 637 2083 677 ca:-

505 714 746 764 terarum
789 710 1088 766 editionum
1125 710 1274 766 hunc
1334 721 1737 783 consequenter
1771 715 1983 784 aptabis
2019 715 2081 768 ﬁ-

505 820 650 869 nem,
693 804 807 859 sive
835 820 1025 861 eorum
1060 807 1153 876 qui
1178 807 1233 860 in
1263 806 1543 877 Babylone
1575 807 1648 861 ita
1690 808 2077 878 loquebantur,

504 897 620 950 sive
649 899 888 967 gentium
913 915 1033 969 quae
1067 900 1308 953 nondum
1339 901 1659 955 credebant.

2188 538 2414 610 ἀληθείᾳ
2434 555 2448 568 ο
2513 539 2648 610 ὅπερ
2675 538 2783 610 γὰρ
2807 539 2924 608 φῶς
2953 539 3208 612 αἰσθητὸν
3246 541 3543 612 ὀφθαλμοῖς
3579 540 3800 612 σῶμα.-

2186 648 2297 697 τος,
2327 632 2486 686 τοῦτο
2516 633 2738 705 ἀλήθεια
2761 638 2874 699 τοίς
2903 636 3002 707 τῆς
3037 636 3215 708 ψυχῆς
3251 637 3549 708 ὀφθαλμοῖς
3584 639 3797 691 ἐνεκτε-

2187 725 2392 787 νίςουσι
2414 728 2478 796 τῇ
2513 725 2670 793 φύσει
2702 727 2810 782 τῶν
2851 730 3214 800 πραγμάτων,
3255 731 3348 784 καὶ
3383 732 3582 800 μηκέτι
3628 731 3798 784 ἀπα-

2186 815 2470 885 τωμένοις,
2517 818 2584 870 δι’
2613 819 2783 890 αὐτῆς
2827 820 2884 874 δὲ
2911 822 3011 892 τῆς
3049 820 3158 875 τῶν
3197 821 3367 874 όντων
3405 821 3794 894 καταλήψεως

2188 907 2593 978 φωτιζομένοις,
2629 911 2722 964 καὶ
2761 911 2961 980 γνῶσιν
2995 914 3094 984 τῆς
3141 913 3397 985 ἀληθείας
3445 913 3791 985 ἀναλαμϐά-

501 1008 702 1044 νουσιν.
738 992 1080 1063 Ἥρμήνευσε
1100 993 1280 1046 τοίνυν
1313 993 1476 1056 αὐτὸς
1503 996 1532 1047 6
1561 979 1716 1063 λόγος
1739 993 1832 1048 τοῦ
1884 995 2076 1067 νοητοῦ
2116 999 2292 1068 φωτὸς
2353 1001 2451 1073 τὴν
2478 1003 2776 1074 ἐνέργειαν,
2835 1006 3092 1078 ἀληθείας
3126 1002 3287 1060 οὖσαν
3323 1013 3782 1082 παραστατικήν.

501 1084 739 1149 Εἰκότως
775 1083 868 1140 οὖν
897 1090 925 1141 6
957 1089 1148 1160 Σωτὴρ
1183 1088 1356 1142 ταῦτα
1400 1090 1729 1160 παραδιδοὺς
1789 1093 1902 1153 τοῖς
1946 1091 2109 1145 αὑτοῦ
2153 1095 2419 1167 μαθηταῖς
2480 1098 2724 1152 ἐδίδασκε
2749 1099 2953 1169 λέγων·
2997 1099 3137 1171 Ἐγώ
3164 1103 3280 1170 εἰμι
3319 1101 3386 1155 τὸ
3418 1101 3544 1170 φῶς
3589 1105 3701 1159 καὶ
3737 1105 3784 1171 ἡ

499 1175 750 1241 ἀλήθεια
805 1178 904 1231 καὶ
952 1179 990 1246 ἡ
1027 1177 1159 1247 ζωή.
1227 1180 1336 1234 Καὶ
1383 1181 1588 1252 ἑκάστῃ
1631 1181 1688 1232 δὲ
1725 1180 1834 1235 τῶν
1867 1181 2067 1235 λοιπῶν
2131 1186 2395 1242 ἐκδόσεων
2423 1191 2682 1262 ἁρμόσεις
2732 1191 3038 1256 ἀκολούθως
3069 1192 3130 1244 τὸ
3163 1193 3333 1258 τέλος,
3376 1195 3483 1247 εἴτε
3541 1199 3667 1260 τοῖς
3716 1198 3784 1251 ἐν

501 1270 779 1325 Βαϐυλῶνι
821 1273 995 1326 ταῦτα
1039 1274 1320 1341 λέγουσιν,
1362 1276 1471 1329 εἴτε
1499 1280 1612 1340 τοῖς
1642 1277 1700 1342 ἐξ
1738 1277 1906 1331 ἐθνῶν
1947 1281 2113 1352 μήπω
2144 1288 2578 1342 πεπιστευκόσιν.

573 1385 626 1442 1.
683 1384 746 1439 IN
801 1385 1263 1454 FINEM,FILIIS
1312 1388 1495 1444 CORE
1550 1390 1640 1445 AD
1687 1389 2010 1447 INTELLE-

1085 1457 1277 1514 CTUM
1316 1460 1501 1514 XLIII.

569 1545 842 1618 Propositi
900 1565 1184 1608 sermones
1237 1568 1415 1622 neque
1471 1552 1743 1623 psalmum
1803 1554 1857 1607 in
1916 1555 2078 1610 titulo

498 1639 828 1710 praeferunt,
862 1658 1040 1714 neque
1075 1644 1380 1709 canticum,
1433 1661 1608 1716 neque
1649 1646 1908 1718 hymnum
1931 1689 1946 1711 ,
1983 1665 2080 1703 ne-

499 1744 606 1799 que
656 1731 786 1800 quid
839 1732 1046 1801 simile,
1094 1735 1223 1805 quia
1275 1737 1546 1792 sententia
1591 1739 1883 1793 verborum
1938 1739 2076 1793 nihil

2097 1429 2106 1436 ~
2185 1400 2294 1453 ΕΙΣ
2345 1403 2432 1456 Τυ
2472 1403 2878 1470 ΤΕΛΟΣ,ΤΟῘΣ
2925 1405 3107 1458 Tlle
3157 1407 3338 1460 KOPE
3389 1407 3496 1459 ΕῘΣ
3546 1407 3778 1461 ΣΥΧΕ·

2776 1476 2889 1528 ΣιΝ
2929 1476 3002 1546 (ει)
3043 1477 3173 1530 Ml".

2267 1563 2406 1619 Ἀλλ’
2431 1564 2551 1618 οὒδέ
2585 1568 2634 1618 οἱ
2673 1567 3018 1638 προκείμενοι
3060 1568 3208 1636 λόγοι
3244 1568 3456 1639 ψαλμὸν
3485 1569 3632 1622 κατὰ
3668 1570 3774 1639 τὴν

2186 1657 2510 1728 προγραφὴν
2533 1659 2897 1730 περιέχουσιν,
2928 1659 3048 1713 οὐδὲ
3072 1660 3232 1732 ᾠδὴν,
3266 1662 3384 1714 οὐδὲ
3417 1659 3608 1732 ὕμνον,
3645 1662 3773 1715 οὐδὲ

2183 1765 2236 1800 τι
2268 1747 2377 1800 τῶν
2414 1749 2704 1804 τοιούτωνο
2738 1751 2859 1803 ἐπεὶ
2895 1751 3028 1823 μηδέ
3064 1751 3133 1805 τὰ
3155 1753 3252 1824 τῆς
3278 1753 3514 1817 διανοίας
3557 1753 3677 1807 τῶν
3712 1756 3770 1807 ἐν

497 1837 688 1877 eorum
734 1825 994 1896 respicit,
1041 1827 1137 1883 sed
1181 1829 1610 1900 supplicationes
1637 1842 1768 1886 sunt
1797 1832 2069 1902 prioribus

2179 1839 2360 1902 αὐτοῖς
2403 1839 2712 1911 φερομένων
2753 1840 3009 1912 τοιαύτης
3053 1841 3235 1914 ἔχεται
3275 1843 3536 1916 θεωρίας·
3569 1846 3768 1917 ἱκετηο

499 1914 708 1969 similes
729 1955 743 1978 ,
777 1930 840 1971 ac
868 1917 1114 1987 ejusdem
1147 1924 1455 1991 argumenti
1482 1941 1496 1990 ;
1530 1924 1789 1978 nimirum
1819 1924 1887 1979 de
1915 1925 2074 1978 ruina

496 2005 709 2062 Judaici
744 2008 980 2080 ’populi,
1015 2029 1082 2068 ex
1134 2014 1526 2084 prophetarum
1574 2031 1812 2086 persona
1865 2031 1895 2070 a
1947 2015 2074 2073 ﬁliis

495 2099 638 2155 Core
683 2103 930 2171 prolatae.
977 2104 1038 2159 ln
1087 2107 1343 2175 prmsenti
1384 2122 1548 2177 porro
1581 2109 1824 2178 apertius
1855 2116 2077 2164 senten-

497 2192 631 2245 tiam
678 2195 989 2261 declarant,
1034 2213 1142 2268 qua
1188 2200 1244 2253 in
1285 2201 1664 2270 superioribus
1705 2217 1826 2256 sese
1857 2201 2074 2258 ﬂetibus

497 2283 784 2342 dederant.
819 2287 1122 2344 Erumnas
1152 2290 1336 2360 itaque
1381 2292 1584 2361 popqu
1625 2292 1900 2348 immissas
1944 2310 2073 2348 nar-

497 2384 647 2430 rant.
691 2374 873 2442 Quare
899 2394 1002 2434 nos
1030 2379 1097 2432 ad
1136 2380 1471 2435 intellectum
1513 2382 1792 2450 excitant,
1827 2391 1991 2458 atque
2021 2384 2075 2440 in

499 2470 656 2524 titulo
701 2485 802 2523 nos
850 2469 917 2524 ad
964 2471 1122 2526 ﬁnem
1166 2472 1490 2541 remittunt,
1536 2474 1665 2544 quia
1707 2474 1822 2528 haec
1866 2475 1920 2528 in
1969 2479 2076 2532 tiae

497 2569 793 2623 eventura,
826 2561 954 2617 licet
983 2571 1040 2617 ut
1065 2563 1179 2632 jam
1215 2564 1434 2635 impleta
1467 2564 1560 2619 ﬁlii
1591 2565 1730 2622 Core
1763 2568 2079 2637 prophetico

496 2655 949 2710 vaticinarentur.
1020 2654 1085 2717 In
1132 2658 1512 2728 superioribus
1567 2660 1750 2730 itaque
1805 2661 2065 2732 Iacryma-

495 2747 716 2814 bantur,
769 2750 1122 2821 doloremque
1174 2767 1334 2807 suum
1385 2752 1496 2808 Deo
1541 2755 1973 2825 renuntiabant;
2014 2757 2069 2812 in

496 2842 749 2910 pra-senti
781 2859 910 2898 vero
937 2845 1084 2915 ipsas
1113 2846 1457 2900 calamitates
1483 2855 1767 2902 enarrant.

2181 1929 2294 2001 ρίαι
2330 1931 2388 1985 δέ
2421 1934 2557 1986 εἰσιν
2601 1934 2782 2005 ὅμοιαι
2826 1937 2946 1998 ταῖς
2991 1934 3334 2008 ἔμπροσθεν,
3366 1937 3460 1990 καὶ
3500 1939 3633 2010 περὶ
3665 1938 3766 2009 τῆς

2178 2022 2349 2093 αὐτῆς
2402 2023 2738 2088 ὑποθέσεωςο
2780 2025 2925 2095 λέγω
2979 2026 3035 2079 δὲ
3069 2028 3196 2098 περὶ
3240 2027 3341 2096 τῆς
3384 2027 3764 2092 ἁποπτώσεως

2178 2113 2272 2166 τοῦ
2313 2115 2578 2169 Ἰουδαίων
2617 2115 2801 2180 ἔθνους
2855 2119 2919 2170 ἐκ
2963 2117 3253 2189 προσώπου
3298 2119 3406 2173 τῶν
3460 2121 3763 2192 προφητῶν

2179 2206 2709 2279 προσπεφωνημέναι
2750 2209 2837 2262 διὰ
2883 2209 2994 2263 τῶν
3026 2211 3157 2264 υἱῶν
3205 2211 3369 2281 Κορέ.
3425 2212 3760 2282 Διασαφοῦσι

2177 2296 2222 2349 δ’
2272 2299 2362 2351 ἐπὶ
2421 2298 2514 2351 τοῦ
2569 2299 2836 2370 παρόντος
2883 2301 3202 2373 λευκότερον
3261 2303 3611 2372 ἐκφαίνοντες
3657 2303 3760 2375 τὴν

2176 2389 2448 2455 διάνοιαν,
2493 2392 2559 2445 δι’
2605 2393 2672 2464 ἣν
2709 2395 2766 2446 ἐν
2801 2396 2913 2457 τοῖς
2966 2393 3270 2466 ἔμπροσθεν
3316 2396 3749 2449 ἀπεκλαῦσαντο.

2177 2481 2552 2554 Διεξέρχονται
2591 2484 2722 2552 γοῦν
2769 2484 2836 2537 τὰ
2887 2486 3272 2557 συμϐεϐηκότα
3309 2486 3452 2558 πάθη
3502 2487 3580 2558 τῷ
3615 2487 3748 2558 λαῷ.

2180 2561 2340 2629 ’Ὅθεν
2372 2576 2728 2649 διεγείρουσιν
2752 2579 2898 2650 ἡμᾶς
2922 2581 3003 2642 εἰς
3033 2579 3265 2643 σύνεσιν,
3299 2579 3391 2633 καὶ
3417 2581 3496 2642 εἰς
3522 2580 3583 2633 τὸ
3603 2580 3751 2643 τέλος

2177 2666 2561 2738 ἁναπέμπουσι
2595 2668 2684 2722 διὰ
2711 2668 2819 2739 τῆς
2839 2671 3182 2742 προγραφῆς,
3216 2669 3305 2722 διὰ
3332 2669 3392 2721 τδ
3423 2669 3637 2740 μέλλειν
3661 2670 3749 2722 ἐπὶ

2177 2757 2320 2811 τέλει
2359 2759 2534 2814 ταῦτα
2564 2759 2902 2830 συμϐαίνειν,
2929 2764 2976 2815 εξ
3005 2763 3098 2816 καὶ
3130 2761 3204 2826 ὡς
3234 2763 3332 2833 ἤδη
3370 2761 3750 2833 συμϐεϐηκότα

2179 2849 2319 2904 αὐτὰ
2345 2853 2394 2904 οἱ
2433 2850 2540 2904 υἱοὶ
2582 2851 2728 2924 Κορὲ
2776 2853 3126 2925 προφητικῶς
3159 2853 3456 2917 ἐθέσπιζον.
3511 2853 3610 2905 Διὰ
3655 2852 3748 2922 μὲν

485 2932 586 3002 ,οὖν
617 2937 724 2990 τῶν
763 2938 1073 3012 ἔμπροσθεν
1112 2942 1557 3009 ἁπεκλαύσαντο,
1589 2944 1685 2998 καὶ
1740 2943 1840 3008 τὰς
1895 2945 2104 3001 ἑαυτῶν
2144 2946 2468 3019 ἐξήγγειλαν
2504 2948 2582 3019 τῷ
2614 2949 2732 3022 Θεῴ
2755 2948 2928 3014 λύπας
2967 2966 2982 2979 °
3032 2952 3088 3002 ἐν
3119 2949 3175 3002 δὲ
3217 2952 3328 3014 τοῖς
3373 2948 3747 3022 προκειμένοις

494 3032 588 3083 καὶ
614 3031 751 3085 αὐτὰ
780 3032 846 3086 τὰ
879 3032 1025 3107 πάθη
1054 3033 1386 3112 ἐξέρχονται.

565 3125 734 3185 Vens.
773 3127 891 3183 2-9.
929 3128 1095 3194 Deus,
1128 3133 1348 3186 auribus
1379 3136 1575 3190 nostris
1607 3135 1928 3202 audit-imus,
1964 3143 2072 3192 etc.
2101 3143 2146 3202 C

492 3219 600 3274 l’ro
629 3222 751 3283 illo,
786 3221 892 3288 Qui
924 3223 1147 3277 mandas
1180 3225 1377 3279 salutes
1415 3225 1584 3280 Iacob
1613 3268 1627 3292 ,
1662 3225 2033 3298 Symmachus
2055 3267 2070 3292 ,

497 3314 576 3368 Tu
619 3331 672 3368 es
712 3329 804 3368 rex
845 3330 989 3382 meus
1011 3356 1025 3380 ,
1060 3313 1231 3380 Deus,
1267 3315 1464 3370 manda
1493 3315 1557 3371 de
1584 3316 1755 3371 salute
1781 3315 1971 3371 Iacob.
2008 3317 2073 3371 In

495 3417 546 3459 te
577 3407 816 3460 inimicos
858 3417 1066 3461 nos-tros
1109 3407 1474 3462 ventilabimus
1516 3425 1699 3463 cornu.
1750 3408 1854 3475 Qui
1891 3409 1947 3463 in
1978 3425 2075 3479 po-

492 3500 623 3570 pulo
652 3500 820 3569 probe
851 3516 909 3556 se
939 3509 1135 3570 gerunt
1155 3541 1170 3564 ,
1201 3509 1255 3556 et
1283 3501 1376 3572 qui
1425 3501 1572 3572 apud
1608 3503 1788 3572 ipsum
1832 3503 2072 3574 prephe-

494 3601 590 3657 tae,
623 3594 738 3649 hinc
767 3594 1042 3659 dixerint,
1085 3596 1409 3651 conﬁtentes
1443 3612 1552 3651 non
1585 3596 1808 3666 pr0pria
1832 3597 2032 3652 virtute
2054 3639 2068 3663 ,

490 3702 603 3740 non
634 3701 795 3751 arcu,
825 3703 934 3741 non
960 3687 1139 3759 gladio
1171 3689 1402 3743 salutem
1435 3688 1536 3744 sibi
1567 3689 1748 3758 parari
1778 3728 1793 3753 ,
1832 3688 1929 3744 sed
1958 3689 2072 3743 vir-

491 3782 606 3830 tute
653 3790 821 3832 cornu
851 3777 958 3832 sui.
1013 3777 1232 3832 Cornua
1278 3793 1445 3848 porro
1495 3776 1740 3833 Danielis
1782 3778 2068 3849 Scriptura

488 3883 657 3937 regna
702 3877 901 3924 vocat:
954 3878 1277 3924 sanctorum
1326 3885 1455 3924 vero
1501 3885 1674 3924 cornu
1703 3870 1912 3924 dicitur
1950 3871 2068 3940 ipse

491 3957 793 4026 Dominus;
827 3975 999 4030 quare
1031 3961 1135 4015 ait:
1171 3959 1238 4014 In
1267 3969 1314 4014 te
1344 3962 1582 4015 inimicos
1610 3970 1817 4016 nostros
1847 3963 2068 4016 ventila-

491 4049 662 4102 bimus
696 4067 899 4114 cornu;
932 4052 1062 4105 alibi
1095 4067 1314 4122 quoque
1343 4051 1546 4106 dicitur
1569 4051 1874 4108 :Protector
1909 4071 2053 4108 meus

489 4152 538 4195 et
569 4158 729 4194 cornu
758 4142 953 4196 salutis
982 4159 1110 4198 mea:
1144 4144 1210 4197 ⁵⁷.
1257 4141 1428 4214 Igitur
1471 4144 1589 4213 ipse
1621 4159 1795 4199 cornu
1840 4153 1962 4200 est:
2001 4160 2066 4200 ac

489 4247 706 4302 quaeras
746 4233 908 4286 velim
953 4248 1065 4304 quo
1112 4241 1272 4306 pacto
1316 4235 1424 4289 alio
1470 4235 1526 4290 in
1559 4236 1682 4291 loco
1708 4236 1918 4291 dictum
1958 4236 2063 4302 sit,

490 4322 765 4393 Confessio
799 4326 912 4394 ejus
949 4342 1103 4395 super
1145 4326 1331 4380 emtum
1369 4335 1420 4381 et
1461 4336 1655 4381 terram
1682 4369 1697 4392 ,
1729 4338 1778 4382 et
1807 4327 2064 4382 exaltabit

490 4432 655 4470 cornu
685 4417 864 4486 populi
894 4418 979 4471 sui
1010 4417 1078 4482 ⁵⁸,
1111 4418 1270 4488 quasi
1303 4419 1444 4473 alius
1475 4420 1546 4473 sit
1577 4420 1671 4490 qui
1698 4427 2060 4474 memoratum

2261 3131 2315 3183 '0
2341 3131 2504 3197 Θεὸς,
2536 3129 2659 3196 τοῖς
2681 3129 2834 3184 ὠσὶν
2855 3128 3023 3198 ἡμῶν
3050 3130 3413 3199 ἠκούσαμεν.
3453 3132 3597 3184 Ἀντί
3625 3133 3742 3187 τοῦθ

2190 3225 2246 3277 Ὁ
2277 3223 2709 3291 ἐντελλόμενος
2751 3221 2860 3286 τὰς
2897 3222 3194 3289 σωτηρίας
3231 3219 3442 3286 Ἰακὼϐ,
3475 3223 3504 3274 6
3526 3224 3746 3294 Σύμμαι

2174 3331 2297 3386 χοςο
2345 3313 2428 3366 Σὺ
2473 3307 2530 3365 εἷ
2571 3315 2604 3366 ὁ
2655 3311 2960 3377 ,ϐασιλεύς
3004 3328 3150 3380 μου·
3210 3314 3242 3364 ό
3289 3311 3453 3377 Θεὸς,
3486 3313 3744 3367 erratica

2174 3407 2303 3475 περὶ
2336 3404 2446 3474 τῆς
2478 3405 2776 3473 σωτηρίας
2811 3397 3033 3458 Ἰακώϐ.¹
3061 3404 3164 3456 Ἐν
3186 3403 3286 3456 σοι
3319 3403 3462 3470 τοὺς
3497 3405 3742 3475 ἐχθροὺς

2172 3496 2341 3567 ἡμῶν
2371 3497 2777 3566 κερατιοῦμεν.
2802 3496 2863 3549 Οἱ
2889 3496 2985 3567 μὲν
3007 3496 3064 3548 ἐν
3091 3493 3168 3566 τῷ
3192 3494 3304 3567 λαῷ
3333 3496 3739 3568 κατορθοῦντες,

2171 3590 2226 3642 οἴ
2266 3606 2326 3642 τε
2371 3590 2429 3641 ἐν
2467 3587 2615 3658 αὐτῷ
2665 3587 2962 3659 προφῆται,
2996 3584 3168 3637 ταῦτα
3199 3583 3264 3638 ἂν
3309 3584 3512 3639 εἴποιεν
3554 3587 3738 3657 ὁμολοο

2171 3683 2392 3752 γοῦντες
2424 3681 2498 3754 μὴ
2529 3681 2706 3751 οἰκεία
2745 3680 2992 3751 δυνάμει,
3029 3679 3160 3750 μηδέ
3199 3679 3337 3749 τόξῳ
3369 3679 3462 3732 καὶ
3503 3680 3740 3750 ῥομφαία

2170 3776 2381 3838 ἑαυτοῖς
2417 3773 2486 3827 τὰ
2511 3773 2779 3845 σωτηρίας
2821 3771 3241 3843 περιποιεῖσθαι,
3275 3775 3340 3841 τῇ
3366 3770 3420 3823 δὲ
3447 3772 3542 3824 τοῦ
3569 3772 3740 3842 κέρως

2169 3867 2346 3921 αὐτῶν
2371 3867 2613 3936 δυνάμει.
2654 3865 2876 3935 Κέρατα
2901 3864 2954 3916 δὲ
2987 3865 3020 3933 ἡ
3056 3861 3150 3915 τοῦ
3186 3862 3380 3933 Δανιὴλ
3414 3863 3603 3934 Γραφὴ
3641 3862 3737 3928 τὰς

2170 3959 2441 4030 βασιλείας
2479 3957 2764 4028 ὀνομάζειο
2811 3956 2922 4009 τῶν
2970 3957 3028 4009 δὲ
3067 3957 3236 4025 ἁγίων
3285 3956 3448 4027 κέρας
3497 3955 3734 4010 λέλεκται

2168 4051 2328 4114 αὐτὸς
2355 4052 2383 4101 ό
2422 4049 2625 4120 Κύριος
2649 4067 2662 4080 ·
2696 4049 2776 4102 διό
2809 4066 2940 4119 φησι
2962 4066 2976 4078 ’
3020 4049 3124 4103 Ἑν
3160 4047 3260 4101 σοι
3307 4049 3448 4114 τοὺς
3490 4048 3732 4118 ἐχθροὺς

2166 4143 2336 4211 ἡμῶν
2357 4141 2758 4210 κερατιοῦμεν.
2795 4142 2904 4194 Καὶ
2929 4141 2987 4194 ἐν
3008 4134 3466 4205 ἐτέροιςλέλεκται
3487 4157 3498 4173 ·
3546 4142 3729 4208 Ὑπερ-

2165 4234 2472 4302 ασπιστής
2541 4251 2662 4303 μου
2727 4232 2826 4286 καὶ
2902 4232 3080 4302 κέρας
3135 4234 3428 4300 σωτηρίας
3495 4251 3614 4302 μου
3660 4233 3724 4286 εί.

2165 4328 2356 4380 Τοίνυν
2408 4326 2570 4389 αὐτός
2627 4328 2742 4379 ἐστι
2768 4325 2829 4378 τὸ
2871 4325 3071 4395 κέρας’
3104 4325 3257 4397 ζήτει
3303 4327 3450 4390 ὅπως
3490 4325 3726 4379 λέλεκται

2163 4419 2426 4490 ἀλλαχοῦ·
2488 4419 2551 4472 Ἠ
2603 4417 3040 4487 ἐξομολόγησις
3095 4416 3280 4470 αὑτοῦ
3331 4416 3429 4470 ἐπὶ
3465 4415 3576 4487 γῆς
3635 4418 3722 4470 καί

489 4526 662 4564 cornu
695 4511 876 4582 erigit.
921 4509 1345 4576 Animadverte,
1376 4527 1584 4583 quaeso,
1628 4527 1758 4566 num
1793 4511 1888 4566 Dei
1919 4513 2056 4567 Ver-

2175 4509 2450 4580 οὐρανοῦ,
2508 4511 2607 4564 καὶ
2659 4509 2893 4579 ὑψώσει
2944 4508 3124 4578 κέρας
3189 4509 3343 4563 λαοῦ
3394 4509 3609 4562 αὐτοῦ·
3657 4510 3723 4574 ib;

488 4599 649 4663 1mm,
688 4599 804 4670 ipse
840 4599 1137 4667 Dominus,
1172 4616 1343 4656 cornu
1379 4603 1560 4673 populi
1605 4603 1901 4673 perspicue
1947 4605 2059 4668 sit,

489 4704 554 4742 ac
601 4689 691 4759 qui
735 4690 896 4760 erigit
943 4691 1111 4757 illud,
1155 4688 1318 4746 Pater
1361 4692 1454 4761 qui
1501 4692 1690 4762 genuit
1732 4707 1876 4747 eum.
1921 4690 2061 4758 Quia

486 4781 633 4836 enim
660 4781 952 4835 humiliarit
979 4783 1313 4852 semetipsum
1342 4799 1504 4854 usque
1533 4781 1601 4835 ad
1633 4790 1852 4836 mortem
1871 4824 1886 4848 ,
1920 4798 2061 4836 mor—

488 4881 589 4925 tem
630 4883 802 4927 autem
842 4875 1012 4928 crucis
1033 4917 1048 4941 ,
1084 4876 1200 4928 ideo
1231 4875 1370 4929 Deus
1403 4876 1658 4930 exultavit
1689 4877 1840 4929 illum
1873 4876 1938 4941 δ’,
1972 4891 2060 4930 se-

486 4964 728 5020 cundum
757 4966 1094 5036 Apostolum.
1128 4967 1186 5030 In
1217 4968 1321 5022 hoc
1352 4968 1534 5038 itaque
1565 4983 1738 5022 cornu
1764 4976 1818 5023 et
1845 4967 1900 5021 in
1930 4982 2058 5037 rege

486 5072 588 5112 suo
617 5056 876 5121 ﬁdentes,
909 5059 1239 5114 conﬁtentur
1271 5076 1330 5116 se
1361 5075 1472 5114 non
1504 5077 1633 5115 arcu
1658 5100 1672 5122 ,
1707 5075 1820 5115 non
1845 5059 2052 5130 gladio,

485 5164 594 5202 non
620 5150 841 5218 propria
867 5149 1068 5204 virtute
1091 5191 1104 5211 .
1128 5151 1221 5206 sed
1251 5152 1395 5222 regis
1423 5153 1507 5207 sui
1539 5152 1784 5222 potentia
1809 5193 1824 5218 ,
1852 5150 1918 5206 de
1947 5151 2056 5205 ini-

486 5238 646 5293 micis
677 5239 962 5293 victoriam
999 5249 1401 5312 reportaturos.
1448 5242 1656 5298 Deinde
1703 5237 1841 5312 quia
1870 5243 2054 5312 ipsum

485 5331 775 5388 Douiinum
812 5347 910 5402 pro
948 5348 1073 5403 rege
1102 5341 1156 5388 et
1184 5348 1354 5387 cornu
1397 5333 1796 5397 obtinuerunt,
1830 5332 1956 5402 jure
1995 5347 2053 5388 se

485 5441 595 5488 non
624 5425 862 5482 inimicis
886 5425 1133 5482 subditos
1160 5424 1305 5493 fore,
1332 5425 1427 5480 sed
1457 5433 1814 5495 superaturos
1838 5424 2048 5478 dicunt.

2168 4604 2354 4675 ἐτέρου
2384 4603 2532 4668 ὄντος
2556 4603 2650 4655 τοῦ
2677 4602 2936 4672 ὑψοῦν-ξος
2963 4603 3024 4654 τὸ
3046 4600 3516 4672 προδεδηλωμένον
3544 4600 3718 4672 κέρας.

2169 4697 2311 4768 Ὅρα
2339 4691 2432 4748 οὖν
2455 4695 2503 4747 εί
2531 4695 2604 4766 μὴ
2633 4693 2820 4763 σαφῶς
2839 4696 2867 4747 6
2895 4691 3029 4746 Θεοῦ
3052 4692 3241 4760 Λόγος,
3268 4693 3428 4754 αὐτὸς
3450 4694 3478 4745 6
3509 4692 3717 4762 Κύριος,

2166 4787 2250 4858 εἴη
2282 4786 2347 4839 ἂν
2378 4786 2438 4838 τὸ
2465 4786 2634 4857 κέρας
2665 4785 2760 4838 τοῦ
2783 4785 2936 4849 λαοῦ,
2966 4785 2994 4835 6
3025 4783 3082 4835 δὲ
3115 4782 3263 4852 ὑψῶν
3289 4781 3450 4834 αὐτὸν
3477 4783 3504 4834 6
3539 4787 3716 4854 γεννή-

2167 4897 2266 4943 σας
2294 4877 2454 4933 αὐτὸν
2470 4879 2680 4950 Πατήρ.
2723 4877 2939 4947 Ἐπειδὴ
2958 4875 3066 4947 γὰρ
3092 4874 3494 4929 ἐταπείνωσεν
3514 4873 3717 4928 ἑαυτὸν

2157 4971 2334 5040 μέχρι
2365 4968 2644 5036 θανάτου,
2679 4966 2937 5024 θανάτου
2973 4965 3042 5018 δὲ
3079 4963 3366 5032 σταυροῦ,
3397 4962 3492 5016 διὰ
3514 4964 3716 5020 toi-rod

2167 5061 2308 5127 Θεὸς
2322 5059 2508 5114 αὑτὸν
2521 5060 2896 5127 ὑπερύψωσε,
2917 5059 3055 5112 κατὰ
3069 5058 3156 5110 τὸν
3183 5055 3241 5106 Ἀ
3250 5054 3519 5110 πόστολον.
3547 5052 3717 5123 Τούτῳ

2161 5147 2252 5205 οὖν
2289 5149 2366 5222 τῷ
2414 5149 2604 5222 κέρατι
2642 5147 2849 5201 ἐαυτῶν
2887 5147 2982 5200 καὶ
3019 5145 3097 5216 τῷ
3131 5144 3340 5216 βασιλεῖ
3381 5141 3710 5214 θαρροῦντες,

2160 5241 2484 5314 ὁμολογοῦσι
2530 5242 2603 5312 μὴ
2649 5238 2809 5310 τόξῳ,
2861 5237 2994 5310 μηδὲ
3040 5236 3319 5310 ῥομφαίᾳ,
3372 5236 3505 5306 μηδὲ
3555 5232 3712 5300 οίκείι

2159 5332 2324 5402 ἀρετῇ
2357 5329 2465 5383 τῶν
2494 5327 2704 5400 ἐχθρῶν
2736 5325 3206 5399 περιγενήσεσθαι,
3239 5323 3374 5378 ἀλλὰ
3403 5326 3469 5395 τῇ
3510 5321 3603 5376 τοῦ
3629 5321 3711 5391 βα-

2159 5419 2349 5484 σιλέως
2375 5419 2552 5473 αὐτῶν
2576 5418 2820 5489 δυνάμει.
2846 5414 2957 5472 Εἶτ’
2981 5417 3167 5490 ἐπειδὴ
3193 5415 3414 5487 βασιλέα
3440 5415 3534 5469 καὶ
3561 5414 3710 5484 κέρας

549 5570 596 5606 ³⁸
623 5571 781 5626 Joau.
809 5585 928 5635 vni,
966 5568 1068 5638 ης
1098 5585 1212 5638 nv,
1235 5567 1289 5623 6.
1367 5568 1412 5601 ⁵⁷
1441 5567 1584 5625 Psal.
1627 5584 1762 5632 xvu,
1795 5569 1848 5624 5.
1916 5567 1962 5598 ⁵⁸
1996 5562 2136 5619 Psal.
2161 5580 2381 5630 exnvm,
2416 5564 2501 5620 Η.
2543 5564 2588 5595 δ’
2616 5563 2851 5637 Philipp.
2877 5582 2938 5633 ιι,
2962 5565 3016 5622 8.

554 5703 628 5772 (t)
660 5705 717 5756 In
748 5702 950 5758 Graecis
978 5701 1379 5772 exemplaribus
1417 5697 1633 5756 additur
1661 5693 1894 5772 ψαλμός,
1931 5706 2070 5772 Aqua:
2108 5709 2207 5750 vox
2250 5709 2350 5751 nec
2387 5695 2440 5749 in
2481 5691 2746 5750 Hebraico
2785 5707 2888 5753 nec
2926 5691 2982 5748 in
3015 5691 3241 5764 Vulgata
3287 5692 3503 5770 legitur,
3539 5706 3704 5765 neque

487 5765 1224 5845 in‘Euscbiiexcmptarifut
1265 5773 1379 5852 ipse
1419 5776 1704 5834 memorat,
1740 5765 2034 5827 ferebatur.
