4010 6526
233 352 341 407 535

1359 351 1857 408 COMMENTARIA
1894 353 1962 406 IN
2001 351 2335 409 PSALMOS.

3367 352 3471 408 586

234 469 533 537 ἐκτήσαντο
578 465 739 520 αὐτὸν
797 464 892 519 τὸν
919 465 1144 538 Κύριον,
1177 466 1402 530 εἰκότως
1434 471 1545 532 τοῖς
1595 468 1796 539 ἐχθροῖς

1911 466 2033 522 Haec
2059 481 2189 522 sane
2217 465 2530 538 signiﬁcant
2558 465 2644 520 his
2670 465 2887 522 verbis:
2916 465 3151 521 Saloasti
3179 481 3272 520 nos
3295 464 3360 520 de
3389 464 3474 534 af—

235 563 312 628 μὴ
349 559 648 630 ὑποχείριοι
699 557 1024 628 γενήσεσθαί
1073 576 1206 629 φασι.
1229 575 1243 590 ⁸
1280 559 1561 630 κρείττους
1596 560 1654 613 δὲ
1699 559 1808 612 τῶν

232 648 510 720 πολεμίων
555 649 814 720 ὑπάρξαι.
867 650 1038 704 Τοῦτο
1080 651 1210 719 γοῦν
1245 651 1461 722 δηλοῦσι
1527 651 1805 721 λέγοντες·

235 745 526 808 Ἐσωσᾱς
550 741 709 811 ἡμᾶς
726 744 795 796 ἐκ
822 741 940 796 τῶν
966 744 1290 798 θλιϐόντων
1328 743 1507 814 ἡμᾶς,
1540 745 1639 798 καὶ
1669 745 1808 810 τοὺς

224 829 566 899 μισοῦντας
610 829 768 900 ἡμᾶς
821 833 1225 902 κατῄσχυνας.
1273 835 1385 889 Καὶ
1421 835 1716 907 ἐπειδήπερ
1756 837 1805 888 οἱ

233 923 332 993 μὲν
367 921 551 992 ἐχθροὶ
584 923 844 994 αἰσχύνην
875 925 1220 995 κατεχέαντο,
1247 927 1400 981 αὐτοὶ
1429 927 1486 980 δὲ
1507 929 1606 981 οὐκ
1631 928 1808 999 οἰκείᾳ

226 1015 482 1086 δυνάμει,
517 1019 581 1088 τῇ
610 1016 664 1069 δὲ
690 1017 783 1069 τοῦ
819 1017 994 1089 κέρως
1016 1018 1194 1072 αὐτῶν
1229 1019 1511 1090 ἐσώθησαν
1532 1038 1545 1050 ·
1584 1020 1806 1084 εἰκότως

226 1108 656 1163 ἑπισυνάπτουσι
703 1110 948 1178 λέγοντες
967 1127 980 1142 ⁸
1004 1159 1019 1170 ,
1041 1113 1143 1165 Ἑν
1175 1111 1255 1178 τῷ
1314 1112 1434 1179 Θεῷ
1488 1113 1803 1182 ἐπαινεθη-

225 1201 459 1269 σόμεθα
486 1201 638 1269 ὅλην
657 1203 772 1270 τὴν
801 1201 1028 1273 ἡμέραν
1049 1220 1062 1234 ·
1091 1204 1123 1274 ἢ
1152 1203 1293 1258 κατὰ
1309 1205 1400 1259 τὸν
1431 1204 1678 1268 Ἀκύλαν,
1711 1204 1804 1258 Ἐν

224 1292 307 1357 τῷ
345 1293 471 1360 Θεῷ
503 1296 953 1366 καυχησόμεθα·
991 1296 1022 1367 ἢ
1053 1297 1192 1351 κατὰ
1218 1297 1309 1352 τὸν
1341 1297 1651 1370 Σύμμαχον,
1692 1297 1804 1352 Τὸν

225 1382 382 1437 Θεὸν
405 1385 711 1455 ὑμνοῦμεν
731 1385 883 1454 ὅλην
909 1385 1025 1455 τὴν
1055 1381 1300 1457 ἡμέραν,
1330 1388 1427 1443 καί
1453 1389 1530 1454 τῷ
1555 1389 1803 1459 ὀνόματι

222 1488 346 1526 σου
369 1474 928 1546 ἐξομολογησόμεθα
977 1481 1062 1544 είς
1093 1477 1199 1532 τὸν
1225 1478 1427 1535 αἰῶνα.
1463 1481 1572 1552 Τὴν
1613 1481 1668 1534 δὲ
1715 1480 1803 1547 ἐξ-

221 1567 463 1639 ομολόγη
472 1585 552 1622 σιν
571 1569 691 1622 ἀντὶ
721 1570 1067 1642 εὐχαριστίας
1087 1571 1528 1643 παραλαμϐάνειν
1548 1570 1800 1623 εἰώθασιν

219 1659 280 1711 αἱ
316 1659 534 1730 Γραφαί
550 1661 717 1714 ’ὥστε
745 1662 966 1725 είκότως
1000 1661 1096 1715 καὶ
1125 1662 1427 1732 καυχᾶσθαι
1461 1664 1554 1716 καὶ
1589 1663 1797 1732 ὑμνεῖν,

217 1748 319 1801 καὶ
340 1749 586 1805 ἐπαινεῖν
600 1751 694 1803 καὶ
709 1751 1062 1815 ἐπαινεῖσθαι,
1080 1753 1418 1824 εὐχαριστεῖν
1438 1769 1493 1804 τε
1508 1751 1602 1804 καὶ
1614 1751 1801 1822 ἐξομο-

1909 560 2208 630 ﬂigentibus
2257 576 2347 614 nos
2369 601 2383 622 ,
2429 572 2478 614 et
2508 556 2738 612 odientes
2770 575 2864 614 nos
2897 559 3204 628 confudisti.
3235 558 3304 614 Et
3343 561 3471 630 quia

1909 653 2115 708 inimici
2153 653 2369 723 quidem
2400 653 2454 705 in
2483 667 2578 706 eos
2607 652 2963 722 opprobrium
2993 650 3336 718 effuderant;
3367 653 3474 722 ipsi

1906 761 2037 800 vero
2066 763 2176 800 non
2198 746 2425 816 propria
2457 746 2659 800 virtute
2677 785 2691 811 ,
2725 746 2817 801 sed
2844 761 3017 800 cornu
3046 746 3128 800 sui
3157 744 3474 801 fortitudine

1906 838 2140 892 salutem
2189 838 2426 892 assecuti
2472 847 2639 900 sunt;
2686 837 2882 892 merito
2927 837 3040 891 haec
3071 835 3371 906 adjiciunt:
3407 837 3472 891 In

1908 929 2014 983 Deo
2045 929 2384 983 laudabimur
2414 939 2524 984 tota
2550 929 2675 994 die;
2723 937 2817 984 aut
2857 931 3155 985 secundum
3187 929 3469 999 Aquilam:

1907 1019 1972 1074 In
2005 1021 2113 1076 Deo
2139 1022 2528 1093 gloriabimur;
2563 1023 2679 1078 sive
2713 1023 3012 1079 secundum
3047 1021 3428 1095 Symmachum
3455 1041 3468 1076 :

1904 1113 2071 1167 Deum
2101 1113 2477 1168 celebrabimus
2514 1124 2626 1168 tota
2665 1113 2781 1178 die,
2813 1124 2862 1168 et
2893 1115 3090 1168 nomini
3132 1123 3219 1167 tuo
3254 1113 3471 1180 conﬁte-

1904 1203 2079 1256 bimur
2109 1204 2162 1257 in
2193 1214 2466 1258 internum.
2496 1202 2913 1259 Confessionem
2945 1219 3109 1274 porro
3135 1218 3235 1273 pro
3266 1203 3472 1273 gratia-

1903 1310 2023 1348 rum
2051 1296 2264 1350 actioue
2293 1309 2562 1365 usurpare
2594 1294 2892 1365 Scriptura:
2920 1296 3096 1350 solent
3125 1311 3139 1360 ;
3174 1295 3247 1348 ita
3275 1302 3332 1348 ut
3360 1308 3473 1347 me-

1902 1387 2042 1452 rito,
2088 1387 2348 1457 gloriari,
2383 1387 2617 1458 hymnos
2660 1387 2969 1453 celebrare,
3001 1386 3224 1440 laudare
3264 1396 3318 1440 et
3349 1385 3469 1437 lau-

1901 1478 2018 1533 dari
2041 1519 2055 1542 ,
2080 1478 2284 1549 gratias
2311 1494 2470 1548 agere
2493 1490 2542 1532 ct
2570 1479 2815 1533 confiteri
2843 1478 3056 1540 dicant,
3083 1477 3281 1546 quibus
3303 1473 3466 1544 Regis

1902 1568 1987 1625 sui
2029 1569 2230 1622 virtute
2275 1577 2430 1638 parta
2477 1569 2630 1624 salus
2670 1569 2798 1622 fuit.
2831 1566 2939 1622 Sed
2981 1567 3095 1621 haec
3142 1567 3359 1637 quidem
3400 1581 3469 1619 ex

1902 1675 2135 1730 persona
2170 1661 2322 1716 chori
2364 1661 2666 1731 prephetici
2700 1661 2844 1716 dicta
2870 1669 3018 1716 sunt.
3063 1659 3192 1726 Quae
3224 1674 3349 1714 vero
3374 1657 3471 1712 de-

1901 1751 2026 1806 inde
2057 1751 2304 1806 feruntur
2334 1752 2495 1807 iidem
2525 1768 2718 1809 rursus
2737 1793 2752 1821 ,
2782 1751 3148 1808 multitudinis
3176 1765 3338 1806 casus
3364 1749 3466 1805 sibi

216 1839 501 1909 λογεῖσθαι
520 1843 570 1896 oi
597 1844 928 1914 σεσωσμένοι
946 1845 1011 1914 τῇ
1026 1843 1120 1896 τοῦ
1158 1843 1417 1914 βασιλέως
1438 1843 1614 1896 αὐτῶν
1630 1844 1796 1914 ἀρετῇ

1901 1842 2238 1898 ascribentes
2259 1881 2274 1906 ,
2305 1850 2584 1898 enarrant.
2679 1875 2682 1878 ~

215 1949 413 2003 φασιν.
454 1934 612 1987 Ἀλλὰ
639 1933 808 1987 ταῦτα
843 1934 940 2004 μὲν
973 1933 1037 1987 ὲκ
1069 1933 1358 2005 προσώπου
1388 1935 1480 1987 τοῦ
1526 1935 1687 2007 χοροῦ
1727 1951 1834 1988 των
1867 1935 2160 2006 προφητῶν
2196 1933 2438 2006 εἴρηται·
2463 1935 2531 1988 τὰ
2556 1935 2601 1988 δ’
2633 1935 2761 2006 iga;
2797 1936 3164 2010 ἐπιφερόμενα
3207 1935 3367 1990 πάλιν
3416 1936 3465 1989 οἱ

213 2030 405 2094 αὐτοὶ,
444 2029 856 2100 ἰδιοποιούμενοι
907 2028 976 2082 τὰ
1022 2029 1099 2100 τῷ
1129 2030 1324 2100 πλήθει
1383 2030 1800 2101 συμϐεϐηκότα,
1839 2029 2228 2102 διεξέρχονται.

287 2124 452 2180 Νυνὶ
500 2124 569 2177 δὲ
622 2123 841 2179 ἀπώσω
891 2125 989 2179 καὶ
1031 2126 1420 2196 κατῄσχυνας
1462 2124 1640 2196 ἡμᾶς,
1699 2125 1796 2180 καί

214 2221 336 2273 οὐκ
363 2217 660 2286 ἐξελεύσῃ
701 2219 770 2272 ἐν
800 2218 929 2284 ταῖς
958 2218 1292 2287 δυνάμεσιν
1323 2217 1509 2288 ἡμῶν.
1558 2218 1709 2272 Ἐπεὶ
1738 2217 1801 2269 τὸ

215 2312 432 2382 πλῆθος
445 2311 536 2364 τοῦ
564 2311 762 2374 παντὸς
793 2311 1056 2365 Ἰουδαίων
1074 2312 1275 2375 ἔθνους,
1301 2313 1357 2363 ἐν
1375 2310 1650 2373 παντοίαις
1673 2313 1800 2364 ἀσε-

214 2403 401 2464 ϐείαις
434 2402 526 2455 καὶ
546 2403 905 2474 παρανομίαις
921 2402 1304 2474 ἐξητασμένον,
1322 2403 1421 2456 οὐκ
1435 2397 1502 2473 ἦν
1516 2401 1797 2473 ἀλλότριον

215 2490 314 2543 τοῦ
349 2489 602 2560 σώματος
625 2490 718 2544 τοῦ
742 2492 1101 2562 προφητικοῦ,
1133 2492 1356 2556 εἰκότως
1393 2492 1462 2546 τὰ
1501 2493 1579 2563 τῷ
1603 2492 1795 2564 πλήθει

220 2584 510 2654 συμϐάντα
568 2584 975 2655 ἰδιοποιούμενοι
1023 2586 1070 2638 οἱ
1113 2585 1184 2638 τὰ
1235 2585 1428 2656 πρῶτα
1474 2585 1794 2658 εἰρηκότες,

221 2676 394 2747 μέσου
431 2677 798 2748 διαψάλματος
830 2677 1325 2750 παρεμϐληθέντος,
1369 2680 1449 2740 είς
1490 2679 1795 2750 παράτασιν

218 2766 320 2836 τῆς
356 2767 659 2839 μεταϐολῆς
699 2765 805 2821 τῶν
844 2769 1253 2840 λεχθησομένων
1298 2770 1681 2841 προφέρονται.
1731 2771 1795 2824 Οί

222 2860 323 2928 μέν
349 2854 445 2913 οὖν
474 2861 706 2930 πατέρες
735 2863 767 2931 ἡ
775 2861 890 2931 μῶν
916 2861 1242 2932 ἁνήγγειλαν
1262 2865 1415 2934 ἡμῖν,
1429 2863 1524 2915 καὶ
1539 2866 1649 2925 τοῖς
1664 2864 1796 2932 ἡμε-

217 2945 398 3016 τέροις
450 2945 719 3016 ἠκούομεν
773 2945 906 3000 ὠσὶν
963 2950 1121 3002 ὁποῖα
1175 2949 1517 3020 κατειργάσω
1568 2950 1626 3000 ἐν
1675 2950 1794 3012 ταῖς

217 3035 460 3105 ἡμέραις
492 3034 690 3100 αὐτῶν,
725 3036 822 3089 κα)⁵
859 3036 927 3090 τὰ
954 3037 1099 3106 έξῆς.
1132 3037 1266 3090 Νυνὶ
1297 3037 1354 3090 δὲ
1392 3036 1687 3106 ὀφθαλμοῖς
1731 3037 1792 3090 οὐ

216 3127 449 3180 τοιαῦτα
503 3126 748 3198 ὁρῶμεν·
799 3127 867 3182 τὰ
911 3128 967 3182 δὲ
1010 3129 1215 3194 τούτοις
1266 3129 1502 3182 ἐναντία.
1563 3128 1792 3182 Ἀπώσω

218 3215 325 3288 γὰρ
358 3217 532 3287 ἡμᾶς,
581 3218 646 3271 σὺ
669 3220 697 3271 ὁ
737 3219 886 3283 Θεὸς,
918 3221 946 3272 ό
981 3218 1145 3272 πάλαι
1193 3219 1318 3282 τούς
1352 3219 1592 3290 πατέρας
1630 3217 1788 3289 ἡμῶν

216 3305 511 3370 διασώσας,
539 3308 627 3362 διὰ
686 3309 783 3374 τὰς
822 3311 1094 3382 ἡμετέρας
1137 3311 1408 3381 ἁμαρτίας
1456 3312 1581 3373 τοὺς
1623 3310 1788 3363 πάλαι

1967 2123 2134 2180 Vens.
2177 2124 2262 2179 10.
2324 2123 2482 2180 Nunc
2543 2135 2717 2181 autem
2775 2127 3014 2195 repulisti
3069 2133 3117 2180 et
3179 2123 3466 2193 confudisti

1896 2233 1992 2270 nos
2012 2256 2027 2280 ,
2065 2224 2114 2270 et
2144 2233 2246 2271 non
2281 2218 2561 2287 egredieris
2588 2256 2603 2281 ,
2634 2216 2776 2270 Deus
2799 2255 2813 2280 ,
2839 2218 2894 2270 in
2921 2215 3199 2270 virtutibus
3229 2209 3423 2268 nostris
3445 2250 3461 2276 ,

1896 2315 2003 2362 etc.
2037 2307 2306 2373 Quoniam
2340 2307 2636 2362 multitudo
2677 2308 2847 2362 totius
2894 2308 3076 2377 populi
3123 2305 3368 2369 Judaici,
3408 2306 3462 2358 in

1894 2398 2040 2453 omni
2084 2399 2382 2468 impietatis
2425 2407 2478 2454 et
2520 2399 2887 2469 improbitatis
2944 2410 3141 2468 genere
3184 2396 3459 2454 volutata.
3519 2471 3531 2478 υ

1897 2505 2007 2545 non
2059 2491 2237 2546 aliena
2284 2499 2404 2546 erat
2450 2507 2480 2544 a
2527 2506 2761 2562 corpore
2801 2490 3226 2562 prophetarum,
3278 2488 3461 2559 populi

1892 2598 2164 2639 aerumnas
2207 2584 2312 2639 sibi
2354 2584 2605 2654 proprias
2647 2585 3008 2638 attribuentes
3039 2583 3133 2655 qui
3181 2583 3461 2652 superiora

1892 2677 2175 2738 dixerant,
2209 2675 2539 2730 intermedio
2572 2676 2931 2744 diapsalmate
2952 2711 2968 2737 ,
3000 2673 3064 2727 ad
3101 2671 3460 2725 mutationem

1897 2779 2089 2819 eorum
2153 2779 2274 2834 qua:
2304 2764 2649 2834 postmodum
2685 2763 2863 2817 fusius
2897 2762 3097 2816 dicturi
3134 2769 3298 2824 sunt,
3341 2773 3463 2814 sese

1891 2864 2134 2910 vertunt.
2179 2854 2371 2911 Patres
2413 2855 2599 2924 itaque
2637 2854 2815 2909 nostri
2856 2852 3321 2906 annuntiaverunt
3364 2865 3462 2904 no-

1893 2945 1978 3001 bis
1997 2985 2013 3011 ,
2046 2961 2110 3000 ac
2142 2961 2243 3001 nos
2271 2945 2404 3016 ipsis
2433 2945 2660 2999 auribus
2687 2944 2996 2998 audivimus
3017 2983 3031 3006 ,
3061 2941 3245 3011 qualia
3270 2952 3462 3010 opera-

1894 3043 1983 3091 tus
2031 3037 2109 3091 sis
2150 3036 2206 3089 in
2253 3035 2450 3091 diebus
2492 3050 2680 3089 eorum
2705 3075 2717 3097 ,
2752 3042 2807 3088 et
2838 3042 3058 3088 cartera.
3092 3032 3249 3087 Nunc
3281 3039 3462 3086 autem

1890 3141 1992 3182 nos
2024 3143 2366 3198 nequaquam
2398 3127 2597 3182 similia
2642 3128 2886 3182 videmus
2907 3165 2920 3189 ,
2959 3126 3056 3181 sed
3096 3126 3165 3180 iis
3195 3125 3462 3194 opposita.

1889 3216 1969 3275 Tu
1994 3235 2248 3291 namque,
2274 3219 2438 3283 Deus,
2464 3220 2556 3290 qui
2581 3220 2709 3273 olim
2743 3227 2924 3290 patres
2950 3229 3170 3274 nostros
3196 3218 3463 3284 servasti,

1892 3321 2114 3382 propter
2153 3318 2376 3382 peccata
2407 3318 2596 3366 nostra
2628 3311 2876 3381 rcpulisti
2904 3326 3038 3375 nos,
3072 3326 3168 3366 eos
3198 3309 3291 3380 qui
3325 3309 3380 3364 in
3411 3316 3465 3364 te

218 3399 307 3451 ἐπὶ
343 3400 429 3452 σοὶ
478 3398 617 3470 μέγα
656 3401 983 3472 φρονοῦντας
1004 3441 1020 3466 ,
1054 3403 1147 3455 καὶ
1193 3404 1250 3455 ἐν
1289 3403 1371 3454 σοὶ
1406 3403 1788 3473 καυχωμένους

1897 3404 2018 3458 olim
2041 3404 2324 3475 magniﬁce
2345 3405 2672 3464 sentiebant,
2698 3412 2751 3459 et
2771 3406 2824 3456 in
2851 3410 2902 3458 te
2925 3403 3318 3473 gloriabantur,
3341 3417 3465 3455 con-

218 3491 599 3564 κατῄσχυνας,
653 3493 892 3564 ἐρήμους
950 3493 1262 3550 καταλιπὼν
1317 3496 1410 3548 καὶ
1457 3495 1790 3567 ἀϐοηθήτους

220 3583 274 3635 ὲν
327 3587 392 3654 τῇ
447 3583 586 3655 πρὸς
636 3587 763 3648 τοὺς
820 3585 1106 3656 πολεμίους
1169 3585 1430 3659 συμϐολῇ.
1498 3587 1631 3641 Οὐδὲ
1683 3587 1791 3658 γὰρ

219 3673 598 3740 συνεξῆλθες
646 3674 773 3741 ταῖς
819 3673 1151 3745 δυνάμεσιν
1199 3674 1399 3744 ἡμῶν·
1449 3676 1482 3748 ἢ
1517 3677 1657 3731 κατὰ
1701 3677 1792 3729 τὸν

221 3765 536 3836 Σύμμαχον,
565 3765 688 3833 τοῖς
705 3767 1146 3836 στρατεύμασιν
1170 3762 1352 3836 ἡμῶν.
1387 3768 1497 3822 Καὶ
1520 3767 1610 3822 διὰ
1635 3769 1792 3821 τούτο

221 3855 604 3926 ἁπέυτρεψας
626 3854 781 3925 ἡμᾶς
799 3859 885 3923 εἰς
905 3858 976 3911 τὰ
993 3858 1184 3910 ὀπίσω
1207 3860 1366 3927 παρὰ
1385 3858 1525 3924 τοὺς
1543 3859 1793 3930 ἐχθροὺς

226 3948 387 4017 ἡμῶν
403 3966 416 3976 ’
441 3949 502 4015 ἢ,
529 3948 668 4002 κατὰ
690 3951 780 4002 τὸν
808 3949 1102 4022 Σύμμαχον
1122 3967 1136 3980 ο
1164 3951 1422 4016 Ἐταξας
1447 3948 1794 4021 ήμᾱςέσχά-

224 4059 359 4109 τους
388 4043 622 4109 παντὸς
663 4044 976 4108 ἐναντίου,
1027 4045 1126 4098 καί
1168 4047 1223 4099 οἱ
1262 4045 1588 4115 μισοῦντες
1636 4044 1793 4114 ’ἡμᾶς

223 4133 649 4203 διαρπάζουσιν
689 4137 942 4204 ἑαυτοῖς.
969 4137 1240 4205 Ἔδωκας
1269 4138 1426 4208 ἡμᾶς
1456 4140 1536 4205 ὡς
1559 4139 1794 4206 ,βοσκή-

222 4243 370 4296 ματα
392 4228 700 4296 βριῦσεως,
734 4230 828 4284 καί
858 4233 945 4296 εὶς
976 4230 1048 4285 τὰ
1070 4231 1213 4298 ἔθνη
1241 4231 1575 4301 ἐλίκιιησας
1612 4230 1788 4302 ἡμᾶς.

237 4319 474 4376 Ἆπέδου
520 4321 625 4376 τὸν
683 4325 837 4377 λαόν
878 4339 995 4378 σου
1053 4326 1165 4393 οὐχ
1200 4322 1530 4392 ὑπάρξεως,
1573 4325 1670 4378 καί
1720 4327 1792 4380 οὺ

229 4411 466 4480 πολλὴν
509 4412 803 4481 ἐποίησας
844 4414 959 4482 τὴν
990 4415 1170 4484 τιμὴν
1211 4414 1439 4469 αὐτῶν·
1479 4420 1792 4485 προπηλα-

229 4503 440 4570 κισμὸν
516 4506 667 4573 μετὰ
755 4505 1103 4578 χλευασμοῦ
1174 4507 1298 4574 τοῖς
1349 4509 1552 4572 κύκλῳ
1603 4507 1789 4579 ἡμῶν.

243 4593 556 4664 Ἐποίησας
595 4597 751 4666 ἡμᾶς
783 4599 1131 4668 παραϐολὴν
1166 4600 1236 4653 ὲν
1277 4600 1400 4666 τοῖς
1439 4600 1668 4664 ἔθνεσι,
1705 4602 1791 4654 κί-

1897 3495 2106 3559 ludisxi,
2134 3503 2295 3566 atque
2320 3495 2375 3550 in
2397 3511 2697 3567 congressu
2725 3511 2847 3550 cum
2877 3495 3115 3549 inimicis
3138 3495 3383 3549 desertos
3409 3500 3464 3546 ct

1892 3603 1994 3656 cpe
2033 3604 2234 3644 vacuos
2278 3589 2556 3643 dimisisti.
2589 3588 2772 3657 Neque
2810 3588 2953 3642 enim
2983 3603 3221 3658 egressus
3253 3603 3306 3640 es
3344 3602 3462 3640 eum

1891 3679 2170 3732 virtutibus
2193 3680 2410 3740 nostris,
2429 3680 2562 3742 sive,
2587 3679 2887 3734 secundum
2917 3677 3324 3747 Symmachum,
3344 3693 3462 3731 eum

1892 3769 2207 3822 exercitibus
2239 3769 2458 3823 nostris.
2497 3767 2730 3838 Ideoque
2774 3769 3012 3822 avertisti
3053 3785 3146 3822 nos
3173 3778 3461 3821 retrorsum

1891 3869 2006 3929 post
2032 3860 2272 3914 inimicos
2294 3869 2502 3914 nostros
2524 3875 2542 3923 ;
2566 3861 2649 3915 vel
2670 3899 2684 3925 ,
2713 3861 3011 3915 secundum
3036 3858 3420 3930 Symmachum
3446 3878 3462 3914 :

1897 3951 2174 4008 Ordinasti
2201 3967 2294 4005 nos
2322 3952 2538 4006 ultimos
2563 3953 2795 4006 omnium
2822 3950 3244 4006 adversariorum
3263 3992 3278 4017 ,
3304 3962 3351 4006 et
3375 3955 3465 4022 qui

1893 4047 2113 4100 oderunt
2142 4061 2258 4110 nos,
2279 4044 2534 4113 diripiunt
2562 4044 2682 4099 sibi.
2713 4044 2916 4098 Dedisti
2938 4061 3030 4098 nos
3046 4053 3100 4097 ut
3134 4059 3286 4112 pecus
3317 4045 3456 4114 quod

1893 4137 2202 4201 eomeditur,
2221 4145 2270 4191 et
2289 4140 2340 4191 in
2361 4148 2534 4207 gentes
2557 4137 2822 4192 ventilain
2852 4154 2967 4193 nos.
2988 4137 3280 4191 Tradidisti
3301 4153 3465 4207 popu-

1896 4228 2004 4281 lum
2032 4237 2180 4280 tuum
2204 4228 2317 4281 sine
2339 4228 2659 4292 substantia,
2684 4244 2774 4281 nec
2796 4228 3020 4280 multum
3047 4227 3218 4296 feciin
3239 4230 3465 4297 pretium

1894 4333 2118 4375 eorum:
2148 4320 2485 4390 opprobrium
2522 4337 2634 4376 cum
2672 4320 2917 4375 irrisione
2941 4321 3006 4374 iis
3035 4321 3124 4390 qui
3144 4321 3341 4374 circum
3371 4339 3465 4375 nos

1894 4421 2036 4467 sunt.
2072 4410 2270 4466 Fecisti
2299 4429 2393 4466 nos
2426 4413 2740 4481 parabolam
2763 4414 2816 4466 in
2846 4411 3083 4482 gentibus
3104 4452 3118 4476 ,
3156 4414 3466 4466 commotio-

1896 4521 2010 4558 nem
2040 4505 2230 4574 capitis
2254 4505 2307 4558 in
2337 4505 2596 4560 tribubus.
2637 4503 2741 4558 Per
2771 4513 2935 4557 totum
2964 4504 3099 4557 diem
3131 4504 3465 4572 opprobrium

1897 4613 2070 4651 meum
2120 4607 2307 4650 contra
2350 4613 2430 4650 me
2477 4608 2592 4658 est,
2639 4605 2688 4649 et
2732 4595 2905 4663 pudor
2949 4594 3121 4648 vultus
3163 4594 3264 4647 mei
3302 4597 3466 4663 operit

230 4700 405 4752 νησιν
431 4689 702 4757 κεφαλῆς
731 4691 801 4745 ἐν
833 4693 962 4757 ταῖς
999 4692 1240 4762 φυλαῖς.
1280 4693 1359 4746 Δι’
1400 4693 1548 4761 ὅλης
1573 4695 1795 4763 ἡμέρας

1898 4707 1978 4745 me
2002 4731 2016 4754 ,
2052 4706 2084 4743 a
2117 4706 2236 4744 voce
2293 4689 2663 4756 exprobrantis
2695 4697 2744 4741 et
2779 4686 3185 4754 blasphemanlis
3213 4727 3228 4751 ,
3265 4703 3296 4740 a
3332 4687 3466 4756 [acie

233 4777 270 4844 ἡ
294 4779 714 4850 ἀσχημόνησίς
750 4802 867 4853 μου
908 4784 1184 4853 ἄντικρύς
1223 4803 1363 4855 μου,
1399 4787 1495 4840 καὶ
1526 4790 1559 4840 o'
1598 4803 1796 4840 καται-

1898 4785 2103 4838 inimici
2153 4791 2204 4837 et
2261 4781 2560 4835 ulciscentis
2607 4797 2681 4836 se.
2734 4778 2860 4834 Haec
2905 4787 3016 4832 tam
3061 4779 3231 4833 multa
3269 4785 3470 4836 chorus

233 4875 504 4940 σκυμμὸς
548 4875 655 4928 τοῦ
697 4875 1018 4944 προσώπου
1054 4895 1176 4946 μου
1231 4879 1522 4932 καλύπτει
1567 4896 1645 4948 με
1676 4878 1796 4932 ἀπὸ

1897 4876 2241 4948 propheticus
2287 4874 2342 4927 in
2387 4889 2485 4929 sua
2525 4871 2591 4926 ad
2632 4871 2801 4928 Deum
2843 4872 3270 4943 supplicatione.
3317 4874 3465 4926 cala-

233 4960 428 5029 φωνῆς
473 4963 860 5033 ὀνειδίζοντος
921 4967 1018 5021 καὶ
1073 4968 1590 5038 βλασφημοῦντος
1609 5011 1623 5031 ,
1679 4968 1796 5024 ἀπὸ

1897 4969 2114 5022 mitates
2173 4966 2361 5037 populi
2420 4966 2706 5020 ascribens
2762 4965 2912 5028 sibi,
2974 4973 3302 5034 prosccutus
3359 4973 3463 5019 est.

235 5051 547 5115 προσώπου
587 5055 803 5123 ἐχθροῦ
855 5056 954 5111 καί
1001 5060 1394 5128 τιμωροῦντος
1443 5061 1652 5126 ἐαυτῷ.
1701 5062 1796 5115 Το-

1897 5057 2394 5113 Commonstratum
2438 5057 2623 5128 itaque
2653 5064 2738 5112 est
2769 5072 2890 5127 qua:
2927 5072 3094 5113 causa
3139 5057 3273 5127 ipsis
3311 5056 3468 5112 ﬂetus

239 5140 401 5196 σαῦτα
421 5145 562 5199 κατὰ
601 5145 691 5199 τὸν
731 5146 1024 5219 Σύμμαχον
1054 5151 1082 5202 ὁ
1110 5149 1269 5221 χορὸς
1307 5153 1337 5204 ὁ
1375 5153 1710 5223 προφητικδς
1743 5153 1796 5204 ὲν

1901 5152 1955 5206 in
1990 5136 2429 5221 praecedentibus
2464 5150 2649 5206 fuerit.

237 5233 450 5306 τῇπρδς
471 5238 560 5292 τὸν
615 5240 745 5294 Θεὸν
782 5241 1030 5314 ἱκετηρία
1089 5243 1383 5314 διεξῆλθεν,
1412 5247 1489 5310 είς
1545 5246 1736 5299 ἑαυτὸν
1793 5245 2188 5318 ἀναλαμϐάνων
2231 5243 2300 5298 τὰ
2328 5244 2424 5299 τοῦ
2465 5243 2596 5299 λαοῦ
2637 5242 2804 5315 πάθη.
2853 5244 3251 5314 Σεσαφήνισται
3293 5241 3470 5295 τοίνυν

240 5323 293 5376 ὲν
337 5331 444 5393 τοῖς
498 5335 877 5404 προκειμένοις
928 5336 994 5389 δι’
1036 5338 1102 5407 ἦν
1153 5337 1458 5410 ἔμπροσθεν
1506 5339 1909 5394 ἀπεκλαύσατο.

307 5424 489 5479 Ταῦτα
519 5425 715 5480 πάντα
747 5428 935 5496 ἦλθεν
963 5431 1056 5501 ἐφ’
1087 5430 1261 5501 ἡμᾶς,
1295 5435 1392 5489 καί
1431 5438 1542 5490 οὐκ
1577 5437 1792 5490 ἐπελα-

241 5514 441 5582 θόμεθά
461 5535 596 5574 σου.
659 5522 867 5594 Ὥσπερ
912 5523 1277 5596 ἀσεϐήσαντός
1341 5545 1468 5581 ποτε
1524 5529 1616 5582 τοῦ
1661 5528 1790 5582 λαοῦ

243 5601 326 5690 ixi.
354 5608 446 5679 τῆς
471 5612 700 5682 ἐρήμου,
734 5612 923 5667 ἔπειτα
956 5615 1348 5686 παραδοθέντος
1379 5617 1456 5688 τῷ
1480 5619 1791 5690 ὀλοθρευτῇ.

242 5688 406 5749 λαϐὼν
445 5698 652 5769 Ἀαρὼν
682 5700 744 5753 τὸ
775 5700 1129 5775 θυμιατήριον
1153 5705 1523 5776 προσήνεγκεν
1542 5688 1680 5776 ὑπὲρ
1699 5688 1792 5758 τοῦ

244 5778 360 5836 λαοῦ
391 5788 448 5841 τὸ
479 5791 744 5864 θυμίαμα
783 5793 876 5848 καὶ
904 5794 1095 5867 ίλάσθη
1118 5798 1155 5850 ιό
1186 5796 1317 5860 Θεὸς
1377 5796 1454 5869 τῷ
1487 5796 1675 5869 πλήθει
1706 5797 1793 5852 διὰ

1967 5433 2134 5489 Vens.
2169 5433 2255 5488 18.
2301 5433 2431 5488 Haec
2475 5433 2653 5487 omnia
2709 5441 2953 5487 venerunt
3011 5447 3167 5500 super
3225 5445 3340 5490 nos,
3376 5444 3468 5481 nec

1897 5525 2048 5580 obliti
2075 5541 2256 5581 sumus
2282 5537 2348 5582 te.
2389 5524 2852 5592 Quemadmodum
2892 5525 3021 5580 olim
3068 5538 3190 5578 cum
3234 5520 3470 5591 populus

1899 5616 2064 5686 impie
2107 5617 2308 5686 egisset
2357 5617 2411 5672 in
2447 5616 2686 5678 deserto,
2719 5632 2783 5670 ac
2815 5615 3011 5670 deinde
3054 5611 3465 5667 extern'iinatori

1901 5708 2136 5764 traditus
2171 5710 2386 5773 fuisset,
2416 5715 2700 5776 assumpto
2728 5706 2908 5761 Aaron
2947 5704 3246 5768 thuribulo,
3279 5704 3463 5757 incen-

1901 5814 2021 5856 sum
2068 5813 2167 5870 pro
2213 5800 2412 5871 populo
2463 5799 2734 5866 adolevit,
2787 5812 2850 5854 ac
2897 5805 3117 5868 propter
3165 5794 3472 5853 sacerdotis
