4010 6522
557 318 660 375 587

1301 318 1567 375 EUSEBII
1607 319 2080 375 CESARIENSIS
2111 319 2262 374 OPP.
2305 317 2484 371 PARS
2521 317 2605 372 Ill.
2647 349 2714 360 -—
2751 320 3159 380 EXEGETICA.

3694 330 3826 385 588

558 440 888 496 oblationem
945 440 1188 510 placatus
1236 451 1319 496 est
1372 443 1572 512 populo
1613 443 1786 508 Deus;
1839 445 1911 498 ita
1959 447 2111 498 etiam

2227 444 2321 516 τὴν
2353 443 2446 496 τοῦ
2483 444 2670 515 ἱερέως
2732 445 3026 514 ἀναφοράν·
3056 445 3146 498 τὸν
3195 445 3356 499 αὐτὸν
3386 447 3586 517 τρόπον
3645 451 3755 502 καὶ
3789 455 3823 502 ὀ

560 535 760 587 chorus
789 533 1161 602 propheticus,
1191 540 1242 585 et
1267 533 1471 603 quique
1496 535 1652 604 probi
1682 536 1785 590 viri
1813 537 1867 590 in
1899 538 2120 606 p0pulo,

559 625 882 681 rationabile
905 625 1232 680 sacriﬁciqu
1262 639 1421 679 suum
1450 643 1546 696 per
1575 629 1876 682 oralionem
1909 645 2006 699 pro
2029 646 2124 700 po-

560 719 688 788 pulo
717 718 889 771 fusam
917 714 1172 780 offerunt,
1195 724 1344 770 recte
1370 715 1513 771 facta
1545 731 1666 784 sua,
1685 719 1805 773 loco
1833 719 2128 774 sacriﬁcio.

559 828 676 865 rum
731 818 784 862 et
829 809 1166 862 oblationum
1215 809 1345 862 boni
1397 809 1603 876 odoris,
1632 826 1730 881 pro
1779 813 2122 868 multitudine

555 903 664 957 Deo
697 901 1005 956 offerentes.
1051 898 1237 969 Neque
1266 902 1410 954 enim
1439 904 1692 956 convenit
1720 903 1834 956 hmc
1862 903 2118 972 populum

551 996 752 1054 dicere,
773 1009 948 1062 neque
967 1008 1063 1048 eos
1087 994 1180 1062 qui
1209 994 1545 1062 impietatum
1573 1010 1737 1050 causa
1763 1009 1984 1048 suarum
2017 994 2122 1046 ini-

551 1082 708 1135 micis
755 1081 940 1134 traditi
987 1079 1224 1136 fuerant.
1273 1081 1379 1135 Sed
1428 1083 1882 1152 quemadmodum
1936 1085 2117 1153 populi

549 1174 890 1228 calamitates
938 1174 995 1228 in
1040 1189 1099 1228 se
1146 1175 1424 1244 propheta:
1453 1176 1810 1245 recipiebant,
1847 1186 1900 1230 et
1929 1179 2029 1246 ipsi
2062 1193 2120 1232 se

551 1267 680 1320 talia
714 1282 906 1336 passos
949 1283 1072 1322 esse
1120 1269 1549 1338 proﬁtebantur;
1579 1269 1660 1322 sic
1691 1280 1747 1323 et
1778 1269 1918 1322 bona
1952 1284 2117 1338 opera

551 1377 648 1415 sua
685 1360 940 1415 omnibus
978 1362 1289 1416 communia
1323 1361 1583 1417 elliciunt.
1628 1360 1746 1415 Non
1790 1362 1936 1416 enim
1967 1363 2120 1431 igno-

547 1452 741 1506 rabant
787 1467 845 1507 se
888 1453 1054 1506 totius
1088 1453 1336 1522 corporis
1367 1453 1608 1507 membra
1630 1469 1750 1507 esse
1783 1472 1795 1506 :
1828 1460 2118 1506 consenta-

550 1561 710 1599 neum
748 1554 928 1599 autem
953 1553 1070 1600 erat
1104 1553 1163 1598 ut
1194 1560 1302 1598 uno
1325 1545 1566 1599 membro
1589 1547 1844 1616 patiente.
1876 1556 1983 1597 una
2018 1559 2116 1612 pa-

548 1643 794 1690 terentur
827 1638 932 1690 alia
965 1637 1236 1702 membra;
1273 1645 1435 1707 atque
1466 1653 1576 1691 uno
1606 1637 1850 1691 membro
1890 1636 2114 1704 gloriam

547 1729 836 1792 referente,
872 1730 1056 1783 omnia
1100 1732 1344 1784 membra
1396 1729 1452 1784 in
1503 1739 1706 1798 partem
1734 1726 1915 1797 gaudii
1962 1729 2117 1780 veni-

546 1829 685 1876 rent.
721 1820 915 1876 Omnia
962 1837 1111 1892 ergo,
1148 1822 1423 1894 inquiunt,
1477 1836 1596 1890 quae
1639 1833 1742 1874 nos
1791 1817 2114 1873 memoravi-
2147 1796 2186 1853 Β

547 1931 692 1978 mus,
726 1917 866 1968 mala
899 1916 1253 1985 pertulimus;
1287 1914 1380 1968 sed
1427 1914 1559 1968 nihil
1583 1928 1773 1968 eorum
1817 1927 1920 1966 nos
1963 1925 1995 1965 a
2039 1911 2114 1966 lui

545 2007 925 2062 recordatione
951 2010 1199 2072 removit,
1221 2018 1270 2062 et
1295 2008 1468 2076 inique
1493 2023 1596 2060 non
1626 2009 1825 2075 egimus
1855 2005 1910 2058 in
1955 2012 2118 2057 testa-

546 2111 718 2153 mento
751 2111 868 2163 tuo;
899 2101 1013 2155 sive
1041 2102 1340 2156 secundum
1364 2100 1770 2170 Symmachum,
1803 2097 1983 2167 Neque
2021 2097 2114 2150 de.

545 2195 770 2260 cepimus
795 2193 964 2260 [wdus
993 2204 1161 2248 tuum.
1189 2193 1256 2245 Et
1284 2209 1385 2246 non
1410 2192 1562 2246 cessit
1586 2202 1725 2245 retro
1748 2207 1838 2243 cor
1852 2200 2111 2244 nostrum.

546 2281 679 2351 Ejus
709 2295 887 2337 autem
916 2283 1064 2337 loco:
1087 2282 1154 2335 Et
1186 2281 1460 2336 declinasti
1492 2283 1707 2335 semitas
1743 2289 1951 2334 nostras
1972 2298 2003 2331 a
2032 2280 2114 2332 via

550 2385 660 2436 tua,
697 2375 899 2429 clarius
957 2373 1315 2444 Symmachus
1378 2373 1585 2427 edidit:
1620 2371 1798 2441 Neque
1852 2371 2114 2424 translata

546 2475 670 2522 sunt
696 2484 756 2520 ea
775 2482 889 2536 qua:
912 2465 1143 2535 dirigunt
1177 2481 1269 2519 nos
1292 2482 1310 2516 :
1337 2465 1387 2517 in
1416 2465 1528 2517 loco
1559 2465 1883 2534 aﬂiictionis:
1915 2475 2006 2517 aut
2027 2480 2114 2517 se-

544 2558 785 2613 cundum
814 2558 1062 2628 Aquilam
1088 2577 1100 2611 :
1129 2555 1429 2611 Contudisti
1459 2573 1551 2610 nos
1578 2557 1633 2608 in
1667 2554 2108 2618 Iocoinhabitato,

543 2661 595 2707 et
623 2652 865 2705 obtexisti
894 2651 1040 2705 nobis
1071 2651 1311 2704 umbram
1344 2651 1550 2705 mortis.
1588 2649 1711 2702 Non
1742 2649 1894 2703 obliti
1931 2667 2110 2704 sumus

545 2745 643 2806 tui,
676 2761 837 2816 neque
865 2745 1177 2815 transgressi
1211 2759 1393 2797 sumus
1430 2743 1564 2796 inita
1588 2755 1753 2798 tecum
1784 2741 2000 2812 foedera.

610 2945 778 3000 Vens.
808 2945 868 2998 2|
901 2943 1034 2998 -22.
1077 2941 1136 2998 Si
1155 2942 1317 2997 .obiiti
1346 2957 1526 2995 sumus
1562 2956 1746 2994 nomen
1777 2939 1872 2993 Dei
1916 2940 2104 3002 nostri,

539 3050 587 3092 et
617 3041 663 3093 si
691 3036 1036 3106 expendimus
1065 3053 1252 3089 manus
1285 3045 1494 3088 nostras
1535 3034 1603 3086 ad
1635 3033 1800 3086 Deum
1830 3034 2061 3088 alienum
2087 3049 2108 3089 :

2226 535 2381 606 χορὸς
2406 537 2434 588 ὁ
2461 536 2813 606 προφητικὸς,
2843 537 2937 588 καὶ
2968 537 3017 588 οἱ
3069 538 3126 589 ὲν
3155 537 3232 608 τῷ
3267 537 3380 608 λαῷ
3412 539 3821 610 κατορθοῦντες

2221 627 2320 698 τὴν
2352 626 2574 698 λογικὴν
2627 627 2804 680 αὐτῶν
2867 627 3056 681 θυσίαν
3105 628 3192 681 διὰ
3224 631 3322 698 τῆς
3371 631 3512 701 ὑπὲρ
3542 631 3636 684 τοῦ
3667 634 3818 687 λαοῦ

2222 719 2385 788 εὐχῆς
2417 718 2818 788 ἀναπέμπουσι,
2852 718 2920 770 τὰ
2947 721 3117 772 οίκεῖα
3149 721 3544 792 κατορθώματα
3563 725 3683 776 ἀντὶ
3710 724 3819 779 θυι

2225 810 2342 873 σίας
2373 811 2469 862 καὶ
2503 810 2843 880 θυμιάματος
2875 811 3104 876 εὐώδους
3160 814 3297 885 ὑπὲρ
3324 815 3418 867 τοῦ
3451 815 3691 886 πλήθους
3722 817 3816 888 τῷ

2221 901 2340 970 Θεῷ
2361 903 2748 972 προσάγοντες.
2783 902 2857 953 Οὐ
2885 902 2994 972 γὰρ
3028 905 3255 974 ἁρμόζει
3298 907 3472 961 ταῦτα
3497 909 3574 979 τῷ
3602 908 3812 980 πλήθει

2222 991 2416 1059 λέγειν,
2437 993 2558 1045 οὐδὲ
2578 995 2688 1056 τοῖς
2719 991 2806 1045 διὰ
2838 992 2937 1056 τὰς
2969 995 3222 1060 ἀσεϐείας
3240 997 3417 1051 αὐτῶν
3437 1000 3549 1062 τοῖς
3579 999 3811 1070 ἐχθροῖς

2221 1084 2690 1156 παραδεδομένοις⁶
2747 1085 2858 1138 ἀλλ’
2893 1085 3082 1156 ὥσπερ
3123 1088 3189 1140 τὰ
3247 1089 3391 1162 πάθη
3423 1091 3515 1144 τοῦ
3551 1092 3682 1145 λαοῦ
3719 1095 3812 1156 εἰς

2219 1177 2445 1240 ἑαυτοὺς
2476 1176 2848 1246 ἀνελάμϐανον
2876 1179 2924 1231 οἱ
2977 1180 3273 1250 προφῆται,
3309 1183 3403 1236 καὶ¹
3434 1184 3584 1236 αὐτοὶ
3621 1184 3808 1239 ταῦτα

2220 1268 2544 1321 πεπονθέναι
2570 1266 2826 1336 ἔφασκον·
2853 1267 2996 1322 οὓτω
3031 1271 3100 1322 τὰ
3145 1272 3349 1325 ἑαυτῶν
3392 1274 3806 1346 κατορθώματα

2219 1360 2606 1415 κοινοποιοῦσιν
2664 1362 2743 1424 εἰς
2775 1361 3002 1424 πάντας.
3053 1363 3128 1415 Οὐ
3157 1363 3265 1434 γάρ
3293 1365 3518 1433 ἠγνόουν
3569 1367 3807 1431 ἑαυτοὺς

2218 1450 2354 1506 εἶναι
2410 1451 2542 1522 μέλη
2574 1451 2666 1504 τοῦ
2725 1453 2924 1517 παντὸς
2975 1452 3245 1524 σώματος’
3292 1456 3580 1510 ἀκόλουθον
3612 1457 3669 1510 δὲ
3701 1455 3802 1530 ἦν,

2218 1546 2513 1616 πάσχοντος
2550 1545 2742 1616 μέλους
2776 1545 2914 1609 ἑνὸς,
2948 1547 3286 1618 συμπάσχειν
3319 1549 3496 1602 πάντα
3529 1549 3594 1603 τά
3633 1553 3800 1622 μέλη,

2217 1639 2309 1692 καὶ
2339 1636 2694 1708 δοξαζομένου
2729 1636 2889 1688 πάλιν
2917 1636 3132 1707 μέλους,
3182 1641 3490 1711 συγχαίρειν
3519 1643 3695 1695 πάντα
3727 1647 3802 1696 τὰ

2219 1731 2373 1802 μέλη.
2409 1731 2592 1784 Πάντα
2622 1731 2820 1792 τοίνυν,
2857 1731 3041 1798 φασὶν,
3087 1731 3122 1784 ἃ
3156 1736 3561 1804 προειρήκαμεν
3593 1737 3803 1788 πεπόν-

2217 1823 2406 1893 θαμενο
2433 1822 2546 1877 ἀλλ’
2566 1824 2714 1893 ἡμᾶς
2748 1821 2951 1873 τούτων
2983 1822 3133 1875 οὐδὲν
3168 1825 3494 1896 παρεκίνησε
3531 1827 3631 1892 τῆς
3664 1828 3800 1899 περὶ

2219 1914 2311 1966 σοῦ
2341 1917 2578 1986 μνήμης,
2610 1913 2709 1966 καὶ
2737 1915 2848 1966 οὐκ
2876 1912 3252 1984 ἠδικήσαμεν
3276 1916 3614 1986 ἑνΔιαθ-ήκῃ
3648 1934 3796 1973 σου·

2215 2005 2248 2076 ἦ
2282 2006 2421 2059 κατὰ
2453 2007 2543 2059 τὸν
2577 2004 2882 2076 Σύμμαχοψ
2923 2005 3074 2058 Οὐδὲ
3114 2009 3650 2078 παρελογησάμεθα
3677 2011 3800 2080 τὴν

2213 2095 2532 2163 συνθήκην
2560 2113 2696 2157 σου,
2726 2093 2866 2148 οὐδὲ
2886 2094 3117 2164 ἀπέστη
3151 2101 3238 2164 είς
3263 2099 3333 2152 τὰ
3371 2101 3562 2153 ὀπίσω
3583 2103 3620 2167 ι)
3647 2119 3795 2170 καρ-

2213 2187 2312 2241 δία
2341 2187 2532 2257 ἡμῶν.
2571 2185 2715 2240 Ἀντὶ
2745 2185 2823 2238 δέ·
2874 2187 2983 2240 Καὶ
3031 2187 3344 2256 ἐξέκλινας
3395 2191 3502 2257 τὰς
3554 2195 3795 2260 τρίϐους

2213 2279 2380 2348 ἡμῶν
2406 2281 2525 2334 ἀπὸ
2559 2281 2666 2348 τῆς
2722 2281 2865 2336 ὀδοῦ
2885 2297 3022 2344 σου,
3055 2283 3084 2334 ὁ
3115 2281 3404 2352 Σύμμαχος
3461 2283 3794 2355 σαφέστερον

2215 2371 2472 2436 ἐξέδωκεν
2506 2371 2692 2425 εἰπών’
2751 2373 2904 2427 Οὐδὲ
2961 2373 3244 2443 μετετέθη
3292 2374 3363 2428 τὰ
3413 2378 3793 2444 ὑπορθοῦντα

2220 2459 2398 2529 ἡμᾶς’
2427 2462 2496 2514 ἐν
2519 2463 2678 2530 τόπῳ
2736 2463 3078 2530 κακώσεωςο
3134 2465 3168 2534 ἢ
3231 2464 3369 2518 κατὰ
3400 2464 3490 2519 τὸν
3535 2466 3787 2520 Ἀκύλαν·

2213 2552 2604 2620 Συνέθλασας
2631 2553 2788 2624 ἡμᾶς
2815 2555 2886 2608 ἐν
2911 2557 3068 2620 τόπῳ
3089 2557 3404 2622 ἁνοικήτῳ,
3441 2558 3537 2614 καὶ
3578 2558 3656 2629 (ι)
3686 2559 3789 2612 ἐπ-

2212 2646 2536 2716 επὼμασας
2574 2649 2720 2719 ἡμῖν
2773 2652 2956 2704 σκιὰν
3008 2652 3284 2707 θανάτου.
3345 2656 3465 2707 Οὐκ
3502 2655 3789 2709 ἐπελαθό-

2207 2739 2360 2808 μεθά
2411 2755 2527 2796 σου
2607 2742 2749 2797 οὐδὲ
2800 2744 3138 2813 παρέϐημεν
3183 2748 3290 2811 τὰς
3330 2745 3482 2814 πρὸς
3511 2747 3588 2799 σὲ
3634 2763 3786 2801 συν·-

2212 2829 2422 2898 θήκας.

2277 2945 2343 2998 El
2369 2945 2774 3016 ἐπελαϐόμεθα
2801 2948 2905 3001 τοῦ
2954 2949 3240 3018 ὀνόματος
3272 2949 3375 3001 τοῦ
3407 2949 3554 3002 Θεοῦ
3598 2948 3779 3018 ἡμῶν,

2213 3038 2309 3092 καὶ
2338 3041 2387 3092 ei
2417 3038 2851 3109 διεπετάσαμεν
2877 3040 3076 3108 χεῖρας
3127 3039 3296 3110 ἡμῶν
3340 3041 3487 3107 πρύς
3511 3041 3658 3094 Θεὸν
3685 3043 3781 3095 ἀι-

548 3148 717 3186 nonue
754 3131 892 3184 Deus
923 3130 1145 3199 requiret
1171 3128 1303 3181 ista?
1322 3125 1530 3189 etc.Te,
1561 3127 1756 3195 inquit,
1789 3134 1982 3180 testem
2014 3126 2110 3180 ad-

2213 3133 2472 3199 λότριονο
2512 3133 2647 3201 οὐχὶ
2703 3137 2734 3186 ὀ
2773 3132 2915 3198 Θεὸς
2949 3131 3254 3200 ἐπιζητήσει
3288 3131 3508 3192 ταῦτα;
3545 3134 3611 3184 Σὲ
3645 3136 3781 3205 μάρ-

540 3238 822 3288 vocamus,
861 3232 913 3276 te
959 3220 1198 3289 judicem
1253 3228 1307 3274 et
1361 3220 1758 3289 exploratorem
1818 3218 2106 3271 verborum

540 3324 877 3380 nostrorum,
912 3324 1074 3384 atque
1121 3313 1509 3383 cogitationum
1541 3310 1742 3374 cordis,
1775 3326 1895 3380 quae
1940 3310 2109 3379 pluri-

541 3409 646 3463 mis
684 3409 872 3461 latent.
906 3407 986 3460 Tu
1023 3408 1206 3477 itaque
1251 3407 1417 3471 nosti,
1455 3407 1500 3460 si
1537 3405 1702 3458 tantis
1733 3403 1915 3457 aﬁlicti
1951 3403 2109 3457 malis

539 3507 594 3553 et
634 3496 898 3551 humi‘liati
931 3496 985 3550 in
1013 3497 1132 3551 loco
1172 3494 1500 3556 alliictionis,
1528 3493 1705 3562 operti
1738 3493 1930 3546 umbra
1963 3507 2109 3544 mor-

539 3591 634 3656 tis,
663 3591 713 3644 iu
756 3589 1080 3644 oblivionem
1128 3588 1367 3642 nominis
1416 3585 1494 3640 tui
1541 3587 1810 3650 venimus,
1838 3591 1891 3639 et
1922 3585 1968 3639 si
1998 3599 2104 3639 non

539 3671 739 3740 ﬁducia
782 3683 928 3754 pleni
975 3683 1029 3736 in
1084 3681 1303 3736 nomine
1333 3689 1426 3734 tuo
1451 3679 1663 3750 gloriati
1699 3693 1889 3734 sumus
1923 3697 1936 3732 :
1968 3677 2107 3731 side

505 3796 507 3798 ·
539 3777 744 3832 auxilio
768 3783 862 3830 tuo
891 3775 1266 3844 desperantes,
1295 3771 1363 3826 ad
1392 3773 1555 3826 alium
1586 3771 1876 3841 quemdam
1922 3785 2107 3824 acccso

538 3871 732 3933 simus,
764 3883 1070 3938 manusque
1120 3867 1211 3920 alii
1275 3865 1382 3920 Deo
1408 3864 1786 3934 expandimus.
1818 3861 2020 3916 Horum
2047 3871 2104 3914 tu

534 3963 703 4030 judex
731 3977 792 4016 es
830 3979 843 4015 ε
877 3961 1021 4015 nosti
1051 3961 1195 4014 enim
1243 3957 1560 4011 abscondita
1611 3955 1796 4011 cordis
1823 3962 1878 4008 et
1909 3953 2106 4024 cogita-

537 4053 736 4117 tiones,
768 4050 821 4103 iu
849 4050 1048 4119 quibus
1089 4056 1390 4110 versantes,
1419 4047 1659 4116 quotidie
1697 4046 1915 4114 pietatis
1939 4059 2105 4099 causa

539 4152 712 4198 morte
740 4141 1023 4195 aﬁicimur.
1055 4137 1189 4192 Nam
1217 4143 1307 4209 qui
1356 4139 1409 4191 in
1442 4138 1669 4208 singulis
1713 4137 2105 4192 tentationibus

540 4235 594 4288 in
638 4233 913 4303 proposito
939 4231 1130 4285 habuit
1176 4239 1404 4285 mortem
1439 4245 1538 4300 pro
1569 4231 1793 4284 veritate
1821 4229 2026 4292 subire,
2057 4228 2104 4282 is

540 4341 672 4382 sane
722 4322 897 4392 quoad
947 4323 1200 4376 virtutem
1258 4320 1521 4391 propositi
1575 4319 1729 4374 obiit.
1785 4317 1841 4373 ld
1889 4332 2105 4388 quoque

538 4417 829 4490 Apostolus
879 4412 1112 4478 dicebat,
1154 4409 1412 4481 quoniam
1459 4409 1770 4478 frequentes
1815 4415 1991 4471 erant,
2041 4422 2105 4460 ac

2211 3239 2370 3294 τυρα,
2390 3224 2573 3292 φησιν,
2601 3223 3036 3293 ἁνακαλούμεθα,
3063 3225 3253 3295 κριτήν
3284 3239 3342 3274 τε
3371 3225 3462 3275 καὶ
3496 3223 3779 3296 ἐξεταστὴν

2210 3315 2318 3368 τῶν
2351 3315 2632 3386 ἡμετέρων
2655 3315 2828 3383 λόγων
2859 3317 2955 3368 καὶ
2984 3316 3090 3369 τῶν
3134 3315 3274 3368 κατά
3325 3315 3563 3370 διάνοιαν
3595 3315 3781 3370 λανθα-

2211 3407 2406 3460 νόντων
2438 3408 2564 3470 τοὺς
2597 3407 2822 3470 πολλοὺς
2844 3407 3136 3477 λογισμῶν.
3166 3407 3336 3470 Αὐτὸς
3367 3407 3498 3476 γοῦν
3517 3403 3776 3468 οἶσθα.εῄ

2209 3499 2447 3554 τοσαῦτα
2473 3500 2735 3564 παθόντες
2793 3502 2888 3553 καὶ
2941 3500 3370 3563 ταπεινωθέντες
3394 3501 3450 3553 ἐν
3481 3501 3631 3571 τόπῳ
3686 3518 3780 3553 και

2212 3589 2455 3653 κώσεως,
2490 3591 2585 3643 καὶ
2604 3589 2968 3659 καλυφθέντες
3019 3590 3125 3642 ὑπὸ
3155 3591 3253 3658 τῆς
3301 3591 3458 3653 σκιᾶς
3501 3588 3596 3642 τοῦ
3629 3589 3779 3642 θανά-

2210 3698 2323 3742 του,
2357 3679 2526 3752 λήθην
2555 3679 2648 3732 τοῦ
2681 3679 2942 3750 ὀνόματός
2976 3695 3068 3730 σου
3102 3677 3465 3748 πεποιήμεθα·
3498 3678 3592 3731 καὶ
3622 3678 3668 3728 εί
3707 3676 3775 3745 μὴ

2211 3775 2302 3826 ἐπὶ
2327 3772 2402 3843 τῷ
2437 3772 2512 3842 σῷ
2533 3771 2756 3842 ὀνόματι
2784 3771 3088 3842 παρρησίας
3121 3769 3381 3840 γέμοντες
3403 3767 3774 3839 ὲκαυχώμεθαο

2209 3864 2332 3917 εἰδὲ
2367 3865 2480 3928 καὶ,
2508 3864 2836 3931 ἀπογνόντες
2867 3863 2965 3933 τὴν
3021 3862 3173 3930 παρὰ
3239 3861 3330 3913 σοῦ
3364 3860 3632 3932 βοήθειαν,
3691 3862 3774 3913 ἐπὶ

2208 3957 2391 4027 ’ἐτερόν
2422 3973 2544 4009 τινα
2576 3955 2826 4026 ἤλθομεν,
2853 3955 3022 4024 ἑτέρῳ
3052 3952 3170 4023 Θεῷ
3196 3955 3382 4023 χεῖρας
3411 3951 3775 4004 ἀναπετάσαν-

2207 4066 2316 4112 τες*
2353 4050 2448 4102 καὶ
2477 4048 2683 4101 τούτων
2720 4048 2782 4100 σὺ
2812 4047 3004 4118 κριτὴς
3049 4045 3357 4116 τυγχάνεις.
3398 4041 3570 4098 Οἶσθα
3599 4044 3654 4098 δὲ
3686 4044 3774 4096 καὶ

2207 4141 2276 4194 τὰ
2305 4141 2512 4212 κρύφια
2543 4139 2642 4209 τῆς
2670 4140 2894 4210 καρδίας
2943 4139 3036 4192 καὶ
3087 4140 3211 4201 τοὺς
3242 4137 3531 4208 λογισμοὺς
3563 4137 3769 4197 αὐτοὺς,

2208 4233 2266 4284 ἐν
2303 4225 2384 4294 οἷς
2415 4229 2539 4282 καθ’
2574 4228 2811 4299 ἑκάστην
2841 4228 3050 4298 ἡμέραν
3069 4225 3231 4278 ἓνεκα
3259 4226 3358 4295 τῆς
3383 4222 3658 4284 εὐσεϐείας
3692 4221 3773 4273 θα-

2208 4321 2534 4392 νατούμεθα.
2606 4319 2663 4372 Ὀ
2721 4319 2828 4389 γὰρ
2888 4322 2954 4388 τῇ
3004 4317 3253 4388 προθέσει
3305 4316 3652 4385 λογισάμενος
3692 4311 3769 4378 ἐφ’

2209 4416 2422 4485 ἑκάστῳ
2443 4412 2731 4484 πειρασμῷ
2788 4411 2879 4464 τὸν
2925 4411 3064 4481 ὑπὲρ
3118 4409 3370 4480 ἀληθείας
3426 4406 3771 4472 ἀναδέξασθαι

540 4509 770 4568 subinde
797 4505 1040 4577 repetita:
1071 4503 1498 4575 persecutiones,
1520 4510 1575 4557 et
1606 4502 1922 4557 vexationes
1957 4515 2105 4553 mor-

2213 4504 2461 4567 θάνατον,
2496 4501 2765 4570 δυνάμειὸ
2785 4500 3020 4563 τοιοῦτος
3043 4498 3288 4568 τέθνηκε.
3325 4497 3434 4551 Καὶ
3454 4499 3483 4550 ὁ
3529 4496 3770 4548 ’Λπόστο-

539 4613 643 4658 lem
673 4603 775 4674 ipsi
809 4601 1154 4665 minitantes;
1188 4597 1278 4650 ille
1312 4611 1443 4649 vero
1486 4595 1541 4649 in
1589 4593 1818 4664 singulis
1850 4592 2103 4647 tentalio-

537 4699 700 4752 nibus
732 4706 953 4767 paratus
979 4704 1097 4750 erat
1121 4692 1186 4746 ad
1217 4691 1441 4745 firmiter
1477 4685 1904 4743 concertandum
1931 4699 2104 4753 usque

538 4789 603 4842 ad
631 4797 882 4852 mortem,
914 4788 1036 4841 ideo
1061 4786 1184 4855 jure
1212 4800 1270 4838 se
1295 4781 1536 4853 quotidie
1565 4779 1702 4834 mori
1737 4778 1970 4833 dicebat.
1996 4775 2102 4829 Ea-

538 4880 660 4934 dem
693 4881 872 4950 itaque
903 4887 1082 4934 mente
1119 4878 1194 4932 illi
1223 4877 1496 4948 quondam
1529 4873 1806 4944 prophetae
1841 4871 1930 4926 Dei
1963 4884 2102 4941 prte-

539 4970 790 5026 sentibus
842 4967 1003 5024 dictis
1048 4970 1160 5024 haec
1208 4967 1630 5040 signiﬁcabant:
1665 4965 1724 5019 In
1768 4964 2103 5020 absconditis

541 5062 742 5116 nostris
783 5061 1164 5116 occidebamur
1208 5060 1486 5130 quotidie;
1538 5061 1648 5113 imo
1678 5073 1808 5113 vero
1852 5057 2103 5110 trstimati

538 5170 720 5210 sumus
755 5154 888 5207 sicut
918 5170 1032 5207 oues
1062 5155 1356 5207 occisionis.
1387 5150 1520 5204 Nam
1567 5166 1690 5204 cum
1739 5149 1904 5205 semel
1947 5149 2101 5218 quasi

540 5247 598 5303 in
625 5244 954 5302 sacriﬁcium
984 5261 1080 5316 pro
1103 5245 1355 5298 universo
1379 5244 1577 5314 populo
1599 5258 1700 5297 nos
1723 5241 2100 5302 obtulerimus.

541 5347 723 5396 mente
774 5353 837 5392 ac
892 5338 1169 5408 proposito
1220 5336 1482 5390 immolati
1520 5351 1733 5400 sumus,
1767 5345 1825 5388 ut
1870 5343 1926 5387 tu
1964 5334 2099 5403 ipse,

543 5433 706 5497 Deus,
739 5430 1046 5486 testiﬁcaris
1081 5445 1093 5479 :
1126 5427 1275 5483 solus
1326 5442 1563 5496 namque
1609 5427 1752 5481 nosti
1784 5425 2102 5480 abscondita

538 5524 743 5580 cordis.
771 5522 1038 5589 Quoniam
1087 5520 1254 5592 igitur
1302 5525 1451 5573 tanta
1483 5517 1726 5588 perpessi
1752 5531 1963 5581 sumus,
1994 5531 2108 5570 me-

611 5701 686 5763 (ll
729 5701 954 5757 Drusius
995 5703 1139 5755 hanc.
1190 5708 1250 5753 ut
1301 5697 1501 5768 quinta:
1532 5697 1784 5751 editionis
1817 5695 2102 5750 lectionem

541 5772 713 5838 aiTeIt,
747 5774 828 5828 his
862 5773 1039 5828 verbis
1070 5769 1497 5841 εἘπεπώμασας
1531 5771 1682 5838 ἡμῖν,
1715 5768 1923 5839 Aquilae
1974 5783 2101 5822 vero

2208 4597 2295 4660 λος
2317 4597 2372 4649 δὲ
2404 4595 2560 4648 τοῦτο
2591 4595 2792 4664 ἔλεγεν,
2827 4592 3010 4663 ἐπειδὴ
3059 4595 3297 4662 συνεχεῖς
3322 4587 3460 4662 ἦσαν
3485 4591 3579 4642 καὶ
3610 4588 3766 4641 ἐπάλ-

2208 4688 2358 4759 ληλοι
2392 4687 2641 4757 διωγμοὶ,
2676 4685 3224 4753 καὶοίπερισπασμοὶ
3253 4683 3472 4736 θάνατον
3499 4677 3770 4734 ἀπειλοῦν-

2207 4797 2298 4842 τες
2358 4779 2526 4849 αὐτῷ.
2592 4779 2648 4830 '0
2686 4778 2742 4830 δὲ
2801 4775 2921 4830 καθ’
2979 4775 3208 4828 ἕκαστον
3271 4774 3573 4844 πειρασμὸν
3639 4789 3769 4841 παρ-

2209 4869 2506 4922 εσκεύαπο
2540 4869 2869 4932 ὲνστατικῶς
2935 4867 3094 4938 μέχρι
3128 4866 3354 4919 θανάτου
3387 4863 3763 4933 ἀγωνίσασθαι·

2207 4963 2286 5016 διὸ
2317 4963 2539 5026 εἰκότως
2568 4963 2687 5016 καθ’
2721 4964 2934 5033 ἡμέραν
2974 4959 3336 5030 ἀποθνήσκειν
3389 4957 3560 5025 ἔλεγε.
3596 4955 3768 5025 Ταύτῃ

2209 5053 2302 5110 οὖν
2333 5059 2398 5127 τῇ
2423 5056 2629 5127 διανοίᾳ
2648 5055 2740 5108 καὶ
2771 5055 2820 5107 οἱ
2848 5053 3014 5106 πάλαι
3047 5051 3142 5104 τοῦ
3197 5051 3330 5103 Θεοῦ
3376 5049 3648 5120 προφῆται
3689 5046 3766 5098 διὰ

2208 5150 2315 5203 τῶν
2341 5149 2714 5221 προκειμένων
2744 5147 2914 5200 ταῦτα
2937 5147 3192 5215 ἔφασκονο
3237 5145 3325 5196 Ἐν
3373 5143 3482 5214 γὰρ
3509 5145 3620 5204 τοῖς
3648 5158 3767 5211 κρυ-

2210 5241 2352 5308 φίοις
2376 5239 2534 5311 ἡμῶν
2566 5237 2970 5307 ὲθανατούμεθα
3003 5238 3180 5289 πᾶσαν
3215 5235 3441 5305 ἡμέραν.
3489 5231 3645 5284 Ἀλλὰ
3668 5233 3766 5299 γὰρ

2208 5333 2301 5384 καὶ
2330 5331 2729 5400 ἐλογίσθημεν
2759 5331 2837 5395 ὡς
2871 5329 3130 5397 πρόϐατα
3173 5325 3432 5395 σφαγῆς*
3496 5322 3641 5389 ἅπαξ
3666 5324 3766 5390 γὰρ

2204 5424 2427 5486 ἑαυτοὺς
2460 5421 2902 5493 παραδεδωκότες
2931 5419 3118 5490 ὥσπερ
3149 5419 3228 5480 είς
3269 5418 3457 5470 θυσίαν
3489 5416 3607 5468 ἀντὶ
3641 5429 3766 5465 παν-

2202 5515 2292 5578 τὸς
2321 5513 2416 5567 τοῦ
2447 5514 2600 5580 λαοῦ,
2628 5513 2708 5584 τῷ
2737 5511 2978 5585 λογισμῷ
3011 5511 3106 5563 καὶ
3134 5512 3199 5580 τῇ
3229 5508 3482 5581 προθέσει
3513 5505 3763 5576 ἐσφαγιά-

2211 5694 2370 5748 lectio
2417 5694 2556 5764 apud
2607 5693 2860 5747 Drusium
2913 5692 2991 5747 sic
3042 5691 3204 5747 habet
3241 5711 3254 5746 :
3287 5693 3394 5745 Καὶ
3430 5689 3766 5759 smmum:

2209 5767 2352 5836 ἡμᾶς
2383 5767 2438 5818 ὲν
2475 5767 2599 5834 σκιᾷ
2634 5764 2881 5818 θανάτου.
