4010 6516
246 320 366 380 339

1377 321 1872 381 COMMENTARIA
1904 323 1970 378 ΙΝ
2009 322 2344 379 PSALMOS.

3399 324 3503 379 390

248 438 490 509 σθημεν,
517 440 592 503 ὡς
624 442 784 505 αὐτὸς
814 444 878 496 σὺ
910 444 939 497 6
976 443 1106 506 Θεὸς
1141 446 1451 515 μαρτυρεῖς·
1518 448 1675 514 μόνος
1724 443 1804 514 γὰ(

1936 446 2043 500 rito
2075 462 2196 501 cum
2229 446 2425 500 ﬁducia
2463 454 2516 499 te
2558 443 2625 498 ad
2662 458 2763 498 nos
2794 440 3184 505 convertimus,
3215 450 3270 494 et
3298 441 3503 494 excita-

246 530 547 597 γινώσκεις
579 532 646 584 τὰ
684 534 887 604 κρύφια
918 537 1017 606 τῆς
1048 536 1292 610 καρδίας.
1340 536 1489 588 Ἐπεὶ
1538 536 1714 589 τοίνυν
1744 553 1832 587 το-

246 621 433 674 σαῦτα
463 623 826 693 πεπόνθαμεν,
876 626 1097 689 εἰκότως
1161 626 1296 696 μετὰ
1351 626 1660 697 παρρησίας
1709 630 1829 681 ἐπι-

245 714 566 784 στρέφομέν
600 732 658 768 σε
693 717 826 787 πρὸς
853 721 997 789 ἡμᾶς
1029 719 1122 771 καὶ
1152 718 1486 789 διεγείρομεν
1525 718 1712 790 ὥσπερ
1738 738 1830 772 κα-

243 801 511 857 θεύδοντα
545 806 636 859 καί
678 825 873 877 φαμεν·
912 810 1033 863 Ἵνα
1062 810 1117 861 τί
1148 810 1379 875 ὺπνοῖς,
1406 811 1617 876 Κύριε;
1658 810 1825 864 Ἀνά-

236 899 453 963 στηθι,
490 898 584 950 καὶ
623 898 707 967 μὴ
737 899 947 969 ἁπώσῃ
984 904 1070 967 εἰς
1098 900 1288 966 τέλος·
1325 901 1357 970 ἦ
1397 900 1538 953 κατὰ
1568 902 1657 953 τὸν
1682 902 1825 972 Σύμ-

242 1002 449 1055 ιιαχον·
489 989 620 1043 Ἵνα
660 991 716 1043 τί
787 993 865 1057 ὡς
896 995 929 1045 d
982 992 1189 1046 ὑπνῶν
1238 987 1312 1057 εἷ,
1371 991 1639 1047 Δέσποτα
1654 1010 1671 1057 ;
1713 994 1829 1057 Ἐξ-

230 1073 535 1139 ύπνισον,
564 1081 659 1131 καὶ
683 1079 767 1147 μὴ
789 1080 1065 1148 ἀποϐάλῃ
1095 1083 1181 1146 είς
1206 1082 1403 1147 τέλος.
1430 1082 1491 1135 El
1512 1083 1619 1150 γὰρ
1641 1083 1732 1136 καὶ
1764 1086 1826 1136 ὲκ

234 1166 456 1239 μέρους
487 1169 691 1224 ἀπώσω
716 1172 803 1225 διὰ
835 1172 931 1236 τὰς
955 1172 1226 1243 ἁμαρτίας
1263 1172 1355 1225 τοῦ
1390 1172 1541 1236 λαοῦ,
1576 1173 1688 1226 ἀλλ’
1713 1176 1826 1226 ἱκε-

230 1257 483 1328 τεύομεν
506 1260 578 1332 μὴ
605 1264 685 1324 εἰς
715 1261 865 1324 τέλος
897 1261 1238 1326 ἀπώσασθαι,
1273 1262 1341 1314 τὰ
1366 1262 1409 1315 δ’
1444 1262 1687 1333 ἡμέτερα
1724 1279 1827 1315 πα-

1937 552 2059 593 mus
2105 539 2257 606 quasi
2287 536 2662 602 dormientem,
2693 534 3071 603 dicimusque:
3106 533 3281 599 Quare
3311 532 3502 585 obdor-

1936 627 2059 689 mis,
2088 625 2349 679 Domine?
2379 623 2640 694 Exsurge,
2683 633 2729 676 et
2760 640 2821 676 ne
2839 623 3059 691 repellas
3089 624 3143 675 in
3169 623 3353 691 ﬁnem;
3391 624 3505 675 sive

1934 717 2233 772 secundum
2255 716 2640 787 Symmachum
2668 734 2680 769 :
2706 716 2882 781 Quare
2906 716 3041 768 velut
3067 712 3396 766 obdormiens
3424 730 3499 775 es,

1932 807 2604 877 Domine?Expergiscere,
2631 819 2680 859 et
2699 824 2759 859 ne
2790 807 2999 876 rejicias
3020 807 3073 858 in
3096 805 3273 873 linem.
3304 803 3503 856 Etiam-

1931 899 1977 956 si
2030 900 2172 954 enim
2227 900 2296 953 ob
2339 907 2557 967 peccata
2603 898 2786 967 populi
2822 914 2887 951 ex
2925 907 3078 966 parte
3122 895 3410 966 repuleris,
3444 902 3501 947 at

1932 1006 2189 1061 rogamus
2237 1007 2306 1045 ne
2355 991 2409 1042 in
2441 991 2598 1043 ﬁnem
2631 989 2874 1057 rejicias;
2912 988 3006 1042 sed
3039 988 3177 1041 bona
3206 1001 3370 1057 opera
3402 1000 3500 1039 no-

1934 1094 2047 1138 stra
2081 1098 2180 1153 pro
2216 1083 2468 1137 universo
2498 1083 2696 1152 populo
2722 1081 2980 1150 accipias.
3007 1080 3183 1149 Atque
3206 1080 3501 1133 observan-

1936 1168 2065 1223 dum
2133 1177 2237 1233 est,
2296 1169 2382 1222 his
2441 1168 2757 1222 dualitatem
2823 1182 3182 1239 personarum
3212 1167 3505 1220 adumbra-

1936 1262 2006 1317 ri.

234 1350 579 1421 ραδέξασθαι
632 1352 1029 1424 κατορθώματα
1080 1354 1220 1424 ὑπὲρ
1252 1354 1345 1406 τοῦ
1377 1354 1575 1417 παντὸς
1623 1353 1777 1409 λαοῦ.
1829 1351 2297 1423 Ἐπισημήνασθαι
2323 1352 2377 1405 δὲ
2410 1352 2505 1417 δεῖ,
2530 1354 2609 1405 ὅτι
2641 1352 2806 1405 δυάδα
2843 1352 2917 1423 (1)
2950 1351 3250 1424 προσώπων
3278 1351 3309 1402 6
3346 1349 3505 1418 λόγος

232 1442 493 1512 ᾐνίξατο.

316 1561 449 1614 Ἵνα
480 1561 537 1614 τί
562 1561 964 1630 εὐπρόσωπόν
986 1578 1101 1617 σου
1128 1565 1525 1634 ἀποστρέφεις
1544 1580 1561 1627 ;
1582 1563 1819 1617 ἐπιλαν-

224 1648 400 1717 θάνῃ
430 1651 540 1719 τῆς
568 1655 861 1721 πτωχείας
882 1654 1049 1724 ἡμῶν
1068 1656 1163 1709 καὶ
1186 1656 1297 1725 τῆς
1329 1658 1589 1725 θλίψεως
1616 1655 1816 1723 ἡμῶνὶ

1991 1555 2157 1611 Vens.
2186 1556 2279 1620 24,
2310 1555 2402 1609 25.
2446 1554 2623 1621 Quare
2651 1555 2836 1625 faciem
2870 1564 3015 1607 tuam
3065 1556 3277 1619 avertis,
3311 1555 3501 1609 oblivi-

1922 1650 2083 1702 sceris
2130 1650 2317 1717 inopia:
2349 1662 2546 1703 nostra:
2594 1658 2642 1703 et
2696 1647 3055 1701 tribulationis
3082 1649 3312 1701 nosti-tv?
3340 1647 3495 1718 Symr

228 1738 565 1810 Σύμμαχος·
605 1743 727 1796 Ἵνα
766 1744 823 1796 τί
860 1744 926 1797 τὸ
982 1746 1307 1813 πρόσωπόν
1345 1762 1461 1799 σου
1518 1746 1804 1813 κρύπτεις

1922 1742 2151 1796 machus
2180 1761 2192 1795 :
2221 1742 2395 1807 Quare
2427 1742 2613 1810 faciem
2642 1752 2787 1794 tuam
2821 1740 3122 1805 abscondis,
3170 1740 3493 1795 obliviscaris

218 1829 619 1901 ἐπιλανθάνῃ
676 1832 784 1901 τῆς
820 1836 1134 1903 κακώσεως
1161 1835 1329 1905 ἡμῶν
1376 1835 1474 1889 καὶ
1524 1836 1817 1902 (illibatae;

213 1920 527 1994 Κρύπτεις
559 1924 657 1993 μὲν
706 1925 766 1977 τὸ
813 1926 1007 1980 ἑαυτοῦ
1067 1927 1377 1997 πρόσωπον,
1430 1929 1458 1979 6
1515 1926 1666 1989 Θεὸς,
1724 1924 1818 1978 καὶ

209 2014 607 2085 ἀποστρέφεις
669 2018 804 2087 πρὸς
848 2019 910 2070 τὸ
966 2019 1039 2090 μὴ
1091 2019 1306 2089 βλέπειν
1364 2019 1433 2071 τὰ
1483 2018 1682 2089 αἰσχρὰ
1724 2020 1818 2071 καὶ

208 2106 493 2177 ἀπρεπῆ,
529 2109 623 2161 καὶ
646 2109 742 2179 τῆς
772 2110 869 2180 σῆς
891 2110 1015 2175 θέας
1048 2111 1318 2182 ἀλλότρια.
1364 2111 1635 2164 Ἀλλ“ὲπε“ι
1658 2113 1816 2181 ἡμεῖς

209 2196 320 2248 ἐπὶ
359 2197 485 2258 τοῖς·
504 2195 733 2267 λεχθεῖσι
789 2198 1168 2269 κατορθώμασι
1222 2199 1528 2269 παρρησίαν
1587 2198 1812 2267 ἄγομεν,

208 2285 333 2337 ἵνα
369 2285 431 2336 τί
456 2284 521 2337 τὸ
565 2287 886 2353 πρόσωπόν
930 2305 1048 2341 σου
1100 2290 1419 2355 sepiis-rtem;
1478 2288 1725 2341 Τοσαῦτα
1755 2288 1811 2339 δὲ

211 2374 556 2444 πασχόντων
590 2378 681 2429 καὶ
714 2377 1162 2431 κακοπαθούντων
1184 2380 1280 2449 τῆς
1314 2380 1412 2448 σῆς
1452 2379 1633 2431 ἕνεκεν
1654 2378 1809 2429 εύσεο

212 2465 407 2527 θείας,
445 2466 543 2517 ἵνα
570 2468 628 2519 τί
656 2468 1025 2538 ἐπιλανθάνῃ
1083 2468 1191 2536 τῆς
1246 2470 1559 2535 κακώσεως
1607 2468 1808 2537 ἡμῶν;

212 2558 345 2628 ἦτοι
414 2554 520 2625 τῆς
566 2560 884 2626 πτωχείας,
921 2559 1061 2614 κατὰ
1118 2563 1242 2623 τοὺς
1289 2560 1706 2631 Ἐὂδομήκοντα.
1743 2560 1806 2611 El

211 2646 334 2716 γὰρ
365 2647 461 2699 καὶ
486 2647 697 2717 μεγάλα
722 2648 893 2701 ταῦτα
924 2650 998 2713 ὡς
1028 2650 1163 2721 πρὸς
1211 2653 1356 2721 ἡμᾶς
1391 2651 1803 2723 κατορθώματα,

212 2738 337 2791 ἀλλ’
372 2738 451 2802 ὡς
484 2740 617 2810 πρὸς
650 2741 706 2793 σὲ
740 2742 916 2796 πάντα
950 2744 1139 2813 πτωχὰ
1183 2745 1272 2796 καὶ
1328 2746 1557 2814 σμικρὰ,
1586 2745 1679 2797 καὶ
1701 2746 1805 2797 ὀλί-

211 2848 409 2899 γιστα.
445 2831 587 2902 Πλὴν
615 2833 689 2896 ώς
719 2832 777 2897 ἐξ
809 2834 964 2905 ἡμῶν
998 2835 1225 2905 μεγάλα.
1262 2836 1350 2888 Διὸ
1384 2835 1695 2906 ἱκετεύομεν
1731 2836 1805 2907 μὴ

210 2922 397 2994 λήθην
434 2926 762 2996 ποιήσασθαι
790 2927 889 2996 τῆς
917 2928 1190 2998 ἡμετέρας
1245 2927 1532 2996 πτωχείας·
1568 2926 1806 2998 μνησθῆ-

211 3034 303 3069 ναι
329 3016 391 3070 δὲ
423 3018 641 3087 καὶτῆς
688 3018 917 3088 θλίψεως
963 3020 1139 3091 ἡμῶν,
1197 3015 1264 3093 ἦς
1307 3020 1678 3091 ὑπεμείναμεν
1709 3037 1800 3073 σου

1918 1832 2215 1903 aﬂlictionis
2284 1844 2477 1887 nostra:
2523 1844 2571 1888 et
2624 1833 3021 1886 tribulationis?
3077 1832 3381 1887 Abscondis
3440 1840 3495 1887 ct

1918 1927 2117 1980 avertis
2165 1924 2358 1979 faciem
2396 1934 2563 1991 tuam,
2592 1925 2754 1991 Deus,
2790 1941 2855 1980 ne
2886 1926 3070 1979 videas
3101 1926 3275 1994 turpia
3321 1925 3411 1979 illa
3439 1934 3493 1980 et

1917 2016 2200 2081 indecora,
2232 2025 2456 2086 aspectu
2492 2026 2587 2070 tuo
2614 2016 2809 2071 aliena.
2846 2013 2949 2069 Sed
2986 2017 3111 2085 quia
3140 2031 3240 2071 nos
3264 2015 3319 2069 in
3344 2024 3491 2071 recte

1914 2108 2095 2173 factis,
2134 2116 2195 2163 ut
2221 2109 2426 2163 dictum
2457 2116 2560 2171 est,
2601 2108 2851 2162 liduciam
2895 2108 3179 2171 habemus,
3210 2125 3372 2178 quare
3400 2108 3486 2177 fa-

1913 2204 2043 2256 ciem
2104 2211 2248 2254 tuam
2279 2202 2596 2255 abscondis?
2626 2200 2689 2253 Et
2746 2215 2869 2254 cum
2926 2207 3007 2253 tot
3060 2201 3217 2254 malis
3268 2202 3486 2269 pictatis

1912 2308 2077 2350 causa
2122 2294 2422 2348 aﬂiciamur
2453 2303 2506 2348 et
2533 2294 2927 2363 opprimamur,
2962 2309 3124 2361 quare
3167 2293 3486 2347 Oblivisceris

1912 2383 2239 2454 aﬂlictionem
2273 2384 2552 2436 nostram?
2603 2382 2716 2436 sive
2764 2381 3017 2447 inopiam,
3051 2380 3349 2433 secundum
3385 2380 3485 2434 Se-

1910 2476 2192 2546 ptuaginta
2224 2476 2572 2543 interpretes.
2606 2472 2755 2527 Licet
2782 2472 2948 2536 enim,
2976 2472 3166 2525 isthmc
3193 2472 3332 2526 bona
3354 2488 3485 2541 ope-

1909 2582 1993 2630 ra,
2021 2581 2214 2636 magna
2265 2566 2407 2633 quod
2456 2564 2521 2618 ad
2554 2580 2653 2619 nos
2684 2571 2892 2634 Spectat
2928 2564 3177 2617 habenda
3211 2565 3357 2629 sint;
3387 2580 3483 2618 ve-

1906 2673 2029 2711 rum
2057 2665 2319 2727 quantum
2347 2655 2413 2710 ad
2447 2665 2497 2711 te
2528 2656 2706 2708 omnia
2725 2671 2915 2725 egena,
2941 2655 3151 2709 modica
3183 2666 3235 2710 et
3258 2656 3483 2710 minima

1908 2760 2055 2804 sunt.
2072 2746 2459 2804 Verumtamen
2480 2749 2606 2818 quia
2640 2757 2890 2817 respc‘ctu
2914 2748 3085 2801 nostri
3112 2763 3304 2818 magna
3329 2758 3480 2811 sunt,

1908 2841 2029 2896 ideo
2058 2843 2432 2911 supplicamus
2463 2840 2561 2894 tibi
2597 2849 2653 2893 ut
2680 2856 2747 2894 ne
2785 2841 2982 2910 inopiae
3014 2842 3359 2897 obliviscaris
3383 2852 3483 2895 no-

1908 2938 2054 2993 strae,
2096 2942 2260 3001 utque
2311 2930 2639 2994 aﬁlictionis,
2676 2946 2839 2999 quam
2893 2932 2969 2984 tui
3017 2947 3187 2985 causa
3235 2931 3480 3001 perpessi

1906 3038 2119 3085 sumus,
2150 3021 2475 3077 recorderis.
2510 3019 2575 3072 Et
2609 3021 2732 3089 quia
2762 3020 3043 3074 humiliata
3075 3030 3151 3075 est
3188 3024 3239 3075 in
3271 3024 3479 3089 pulvere

210 3111 403 3182 χάριν.
434 3112 545 3163 Καὶ
574 3112 702 3165 ἐπεὶ
734 3114 772 3181 ἡ
806 3111 977 3181 ψυχὴ
1016 3112 1182 3181 ἡμῶν
1230 3116 1315 3179 είς
1357 3113 1510 3182 χοῦν
1546 3114 1804 3167 τεταπεί-

1909 3116 2083 3168 anima
2116 3124 2317 3177 nostra,
2354 3128 2608 3184 rogamus
2649 3112 3055 3166 inﬁrmitatibus
3086 3112 3292 3168 nostris
3322 3115 3479 3184 igno-

210 3220 424 3267 νωται,
467 3202 770 3271 συγγνῶναι
794 3206 914 3267 ταῖς
943 3204 1245 3268 ἀσθενείαις
1279 3205 1435 3276 ἡμῶν
1464 3204 1791 3275 ἱκετεύομεν.

210 3293 325 3345 Καὶ
362 3292 604 3363 ἀλλαχοῦ
638 3294 693 3345 δὲ
721 3293 798 3364 τῷ
828 3293 975 3363 αύτῴ
996 3293 1134 3365 λόγῳ
1155 3295 1391 3348 δυσωπεῖ
1417 3295 1505 3348 τὸν
1527 3295 1678 3360 Θεὸν,
1712 3295 1793 3348 λέ-

208 3402 347 3453 γων·
385 3383 729 3453 Μνήσθητι,
782 3384 869 3438 ὅτι
910 3386 1058 3453 χοῦς
1086 3385 1289 3455 ἐσμεν·
1317 3387 1625 3455 ἅνθρωπος
1655 3388 1797 3442 ὡσεὶ

209 3475 435 3542 χόρτος
486 3476 545 3526 a'l
596 3473 805 3543 ἡμέραι
858 3476 1062 3530 αὑτοῦ.
1116 3476 1273 3529 Ἀλλὰ
1327 3478 1420 3531 καὶ
1479 3480 1517 3545 ὴ
1567 3480 1797 3549 γαστὴρ

210 3562 385 3633 ἡμῶν
415 3563 723 3631 ἐκολλήθη
753 3567 839 3631 είς
890 3562 1025 3633 γῆν.
1078 3566 1205 3618 Δέον
1256 3570 1364 3639 γὰρ
1393 3567 1560 3639 αὐτὴν
1591 3570 1798 3641 πεπλη-

204 3656 430 3726 ρῶσθαι
488 3657 742 3727 ναμάτων
771 3658 942 3726 ἁγίων
993 3658 1087 3711 καὶ
1144 3659 1325 3729 πηγῆς
1382 3659 1570 3724 ὓδατος
1600 3662 1796 3725 ζῶντος

211 3746 517 3817 ἁλλομένου
576 3749 655 3810 είς
714 3746 857 3819 ζωὴν
884 3746 1119 3812 αἰώνιον,
1149 3748 1207 3813 ἐξ
1252 3750 1504 3822 ἀνυδρίας
1529 3751 1798 3823 ὑπερϐαλ-

206 3835 414 3906 λούσης
452 3838 489 3904 ἡ
521 3837 751 3905 γαστὴρ
771 3838 939 3907 ἡμῶν
964 3839 1267 3908 ἐκολλήθη
1285 3843 1371 3906 εὶς
1398 3840 1529 3910 γῆν.
1549 3842 1795 3915 Γαστέρα

212 3927 269 3979 δὲ
292 3928 479 3999 ψυχῆς
506 3930 613 3982 νόει
642 3930 700 3982 τὸ
732 3932 1061 4001 μνημονικὸν
1086 3931 1273 4001 αὐτῆς,
1307 3932 1339 4002 ἢ
1388 3934 1479 3984 καὶ
1506 3932 1566 3985 τὸ
1596 3934 1797 4004 ἡγεμο-

214 4022 386 4085 νικὸν,
416 4024 476 4075 ὲν
531 4016 574 4090 ᾧ
634 4023 809 4077 πάντα
860 4024 1079 4093 συνάγει
1130 4024 1199 4077 τὰ
1262 4023 1554 4096 μαθήματα
1600 4026 1695 4078 καὶ
1727 4027 1794 4081 τὰ

216 4112 573 4186 θεωρήματα·
596 4118 651 4169 ὲν
679 4110 722 4184 ᾧ
762 4119 853 4169 καὶ
885 4118 1105 4188 σπέρμα
1131 4116 1497 4188 ὑποδεξαμένη
1526 4117 1665 4181 κύει,
1699 4119 1794 4170 κα)⁵

215 4206 665 4280 τελεσφορήσασα
711 4211 875 4280 γεννᾷ
917 4210 1133 4279 πνεῦμα
1187 4208 1478 4280 σωτηρίας,
1534 4209 1673 4263 κατὰ
1702 4210 1792 4263 τὸν

218 4301 489 4370 φήσαντα·
532 4297 626 4354 Ἐκ
677 4300 783 4354 τοῦ
809 4299 997 4366 φόϐου
1046 4318 1182 4364 σου,
1235 4303 1426 4369 Κύριε,
1462 4302 1531 4355 ἐν
1580 4304 1791 4372 γαστρὶ

216 4391 510 4464 ἐλάϐομεν
540 4394 635 4448 καὶ
669 4394 1065 4465 ὡδινήσαμεν,
1124 4394 1220 4448 καὶ
1249 4394 1530 4465 ἐτέκομεν
1559 4398 1793 4468 πνεῦμα

1901 3223 2046 3263 scas.
2077 3207 2226 3260 Alias
2267 3221 2482 3276 quoque
2530 3207 2664 3277 ipsis
2697 3205 2881 3260 verbis
2907 3204 3073 3260 Deum
3109 3207 3360 3273 obsecrat
3393 3207 3477 3261 di-

1899 3314 2031 3354 cens
2059 3318 2071 3353 :
2100 3297 2396 3353 Recordare
2424 3299 2671 3366 quoniam
2697 3298 2866 3366 pulvis
2897 3313 3120 3351 sumus:
3155 3298 3306 3352 homo
3338 3300 3472 3353 sicut

1898 3389 2074 3458 fenum
2120 3389 2229 3443 dies
2273 3390 2466 3456 ejus“.
2506 3389 2618 3442 lmo
2652 3390 2814 3442 etiam
2852 3387 3073 3440 adlttvsit
3106 3396 3259 3441 terra:
3301 3402 3476 3443 venter

1897 3492 2095 3536 noster.
2126 3481 2471 3550 Oportuisset
2500 3495 2629 3535 sane
2652 3479 2914 3548 repletum
2944 3478 3119 3547 ipsum
3149 3493 3270 3533 esse
3299 3480 3473 3533 sacris

1898 3571 2139 3635 ﬂuentis,
2170 3581 2334 3641 atque
2378 3571 2526 3625 fonte
2578 3586 2731 3639 aqua:
2779 3569 2914 3622 viva:
2946 3568 3192 3623 salientis
3220 3568 3275 3621 in
3304 3569 3472 3622 vitam

1898 3671 2178 3724 aeternam,
2216 3662 2311 3716 sed
2333 3678 2398 3716 ex
2426 3660 2593 3713 nimia
2624 3660 2871 3714 siccitate
2903 3657 3127 3711 adluesit
3166 3666 3319 3711 terra:
3349 3675 3469 3710 ven-

1901 3763 1977 3807 ter
2008 3764 2205 3807 noster.
2233 3752 2335 3807 Per
2365 3759 2607 3805 ventrem
2636 3758 2815 3804 autem
2840 3750 3155 3803 memoriam
3181 3750 3469 3819 intelligas,

1898 3846 2012 3901 sive
2047 3844 2349 3914 principem
2399 3846 2592 3896 animae
2639 3850 2871 3912 partem,
2908 3842 2961 3895 in
3002 3856 3107 3911 qua
3152 3842 3472 3911 disciplinas

1896 3954 2087 3993 omnes
2129 3953 2192 3991 ac
2234 3937 2633 4007 speculationes
2666 3935 2873 4005 colligit
2910 3954 2923 3989 :
2958 3935 3013 3989 in
3043 3950 3171 4004 qua,
3208 3942 3471 4003 concepto

1898 4030 2127 4095 semine,
2153 4044 2440 4100 pratgnans
2466 4026 2730 4094 eilicitur;
2760 4035 2815 4081 et
2844 4012 3127 4097 postquam
3158 4027 3467 4095 parturivit,

1894 4124 2040 4194 parit
2086 4124 2339 4193 spiritum
2374 4121 2588 4186 salutis,
2625 4128 2685 4174 ut
2714 4121 2847 4174 dicit
2876 4120 3095 4190 quidam
3124 4139 3135 4173 :
3167 4119 3251 4172 Ea:
3283 4120 3470 4175 timore

1896 4226 2009 4277 tuo,
2040 4215 2279 4278 Domine,
2307 4214 2359 4267 in
2388 4223 2535 4267 utero
2566 4212 2895 4281 concepimus
2924 4220 2971 4266 et
3002 4213 3468 4280 parturivimus,et

1893 4308 2185 4377 peperimus
2226 4306 2473 4375 spiritum
2517 4304 2710 4358 salutis
2731 4304 2796 4357 “.
2831 4303 2955 4358 llzec
2985 4304 3288 4376 supplicum
3317 4320 3469 4359 more

1894 4397 1973 4451 illi
1999 4395 2274 4466 quondam
2308 4395 2588 4465 pmpbeta:
2614 4393 2705 4449 Dei
2747 4402 2801 4449 et
2842 4394 2994 4463 probi
3025 4394 3077 4447 in
3110 4395 3309 4463 p0pulo
3341 4395 3464 4459 viri,

219 4463 533 4553 σωτηρίας.
561 4486 807 4539 Τοσαῦτα
832 4463 1182 4556 δυσωπητικὰ
1232 4488 1279 4539 οἱ
1329 4463 1489 4542 πάλαι
1523 4488 1615 4542 τοῦ
1655 4463 1790 4544 Θεοῦ

1909 4463 2031 4559 aripi
2058 4463 2335 4558 rogantes,
2368 4463 2687 4557 proferunt:
2716 4483 2861 4554 quod
2888 4484 3051 4539 etiam
3075 4486 3465 4553 impetrarunt;

222 4578 516 4647 προφῆται,
549 4580 642 4631 καὶ
665 4580 713 4631 οἱ
747 4577 1135 4649 κατορθοῦντες
1161 4580 1218 4631 ὲν
1251 4576 1326 4648 τῷ
1352 4577 1464 4650 λαῷ
1488 4580 1790 4651 δεηθέντες,

224 4664 520 4719 ἱκετεύουσι
550 4668 642 4720 καὶ
662 4666 981 4737 λυτρώσεως
1009 4671 1203 4737 τυχεῖν·
1224 4668 1251 4721 ὃ
1279 4669 1342 4740 δὴ
1367 4672 1457 4723 καὶ
1478 4672 1788 4743 γεγένηται·

222 4751 300 4803 ἔτι
356 4756 463 4827 γὰρ
510 4756 811 4809 λαλούντων
863 4756 1039 4810 αὐτῶν
1091 4757 1416 4821 εἰσακούσας
1446 4760 1474 4810 ὁ
1514 4760 1667 4823 Θεὸς,
1698 4778 1794 4831 με-

223 4844 617 4912 ταϐάλλειτοὺς
664 4848 929 4919 ὀδυρμοὺς
960 4846 1139 4901 αὐτῶν
1184 4849 1278 4901 ἐπὶ
1324 4849 1385 4901 τὸ
1418 4851 1787 4923 φαιδρότερον.

225 4936 415 5008 Διόπερ
465 4940 591 5011 ἑξῆς
621 4944 669 4995 oi
702 4941 937 4994 τοσαῦτα
992 4942 1461 5012 ἁποκλαυσάμενοι
1517 4944 1658 5016 ὑπὲρ
1682 4945 1790 4999 τῶν

225 5025 727 5103 ἁλλοιωθησομένων
780 5033 1198 5104 προφητεύουσι,
1252 5034 1343 5086 καὶ
1399 5033 1540 5105 ᾠδὴν
1604 5037 1786 5108 ᾅδουσι

223 5116 317 5189 τὴν
349 5124 487 5194 ὑπὲρ
512 5123 602 5177 τοῦ
635 5122 762 5193 ’Ᾱγα
774 5126 961 5196 πητοῦ,
984 5125 1046 5178 δι’
1064 5120 1123 5180 οὗ
1150 5124 1247 5196 τὴν
1274 5125 1458 5179 κακῶν
1479 5125 1789 5199 ἐλευθερίαν

1893 4595 2020 4635 nam
2050 4578 2227 4633 adhuc
2254 4578 2389 4648 ipsis
2414 4576 2784 4645 loquentibus,
2820 4574 3148 4644 propitiatus
3198 4572 3341 4627 Deus
3372 4574 3466 4625 lle-

1894 4679 2007 4725 tum
2033 4685 2222 4724 eorum
2258 4670 2312 4723 in
2347 4670 2584 4723 laetitiam
2623 4667 2803 4722 vertit.
2842 4665 2944 4731 Qui
2977 4666 3120 4719 enim
3150 4671 3228 4718 tot
3252 4679 3309 4718 se
3336 4663 3467 4716 ﬂeti-

1890 4762 1994 4816 bus
2015 4760 2297 4825 dederant,
2330 4762 2431 4815 sub
2460 4761 2574 4814 haec
2598 4759 2665 4813 de
2694 4757 3047 4812 immutandis
3070 4755 3460 4816 vaticinantur,

1889 4855 2273 4924 canticumque
2304 4869 2404 4924 pro
2442 4853 2652 4907 Dilecto
2688 4851 3069 4916 modulantur;
3104 4863 3213 4919 quo
3246 4863 3464 4917 permo-

1892 4955 1984 5002 tus
2010 4946 2187 5001 bonus
2220 4947 2308 5001 ille
2338 4944 2499 5008 Deus,
2528 4944 2813 4999 orantibus
2846 4941 3134 5013 propitius,
3157 4941 3458 4995 libertatem

1894 5052 1925 5091 a
1958 5038 2136 5099 malis,
2174 5044 2227 5091 et
2257 5037 2559 5091 animarum
2592 5036 3016 5107 redemptionem
3048 5034 3145 5088 toti
3181 5032 3457 5087 hominum

1895 5129 2078 5198 generi
2108 5130 2387 5200 elargitur.

226 5214 315 5265 καὶ
344 5216 449 5267 τῶν
472 5216 659 5286 ψυχῶν
688 5218 782 5288 τὴν
820 5216 1190 5289 ἀπολύτρωσιν
1212 5219 1239 5270 ὁ
1277 5218 1477 5286 ἀγαθὸς
1534 5220 1684 5283 Θεὸς,
1742 5220 2050 5284 ἐπακούσας
2082 5220 2189 5273 τῶν
2247 5220 2581 5291 εὐξαμένων,
2606 5220 2685 5293 τῷ
2712 5220 2873 5273 παντὶ
2924 5219 3069 5289 γένει
3100 5219 3205 5272 τῶν
3253 5217 3463 5289 ἀνθρώ-

232 5314 340 5358 πων
365 5308 690 5379 ἐδωρήσατο.

296 5464 338 5496 ⁸ο
376 5467 518 5525 Psal.
552 5483 665 5533 cu,
701 5468 789 5522 15.
866 5467 909 5498 ⁸⁸
950 5468 1056 5523 lsa.
1096 5481 1260 5531 xxvr,
1300 5465 1379 5522 i8.

300 5617 369 5688 (l)
406 5620 647 5694 Dualitas
674 5622 764 5677 illa
795 5635 1152 5694 personarum
1183 5620 1474 5689 signiﬁcat,
1499 5620 1628 5675 hinc
1651 5636 1778 5691 pro-

236 5684 411 5768 phetas
448 5692 741 5768 justosque
780 5684 950 5757 viros,
983 5693 1079 5768 qui
1111 5684 1527 5768 paudi_numero
1553 5684 1775 5768 pro-po-

236 5758 335 5820 Pali
382 5758 589 5819 delictis
637 5758 958 5834 precantur;
991 5758 1775 5833 indemultitudinem—plebis,

1888 5624 2127 5692 peccatis
2178 5623 2583 5693 sceleribusque
2628 5621 3007 5693 deditam;_ut
3033 5619 3146 5691 jam
3199 5616 3453 5688 superius

1886 5691 2196 5765 explicavit,
2230 5711 2294 5750 ac
2328 5695 2470 5749 infra
2500 5691 2695 5764 repetit
2731 5691 3016 5749 Eusebius.
