4010 6540
245 437 356 492 3'33

1385 437 1888 493 COMMENTARIA
1930 440 2014 494 IN.
2035 431 2377 496 PSAL‘MOS.‘

3386 424 3530 518 soi

243 569 422 625 ρηται,
449 551 600 621 ὑπὲρ
620 550 725 605 τοῦ
766 533 1120 621 Ἀγαπιιτοῦ.
1158 551 1266 604 Καὶ
1294 552 1350 605 ὲν
1374 553 1622 624 Ψαλμοῖς
1649 553 1705 606 δὲ
1735 553 1820 607 λέ-

1940 553 2032 610 Rex
2062 558 2312 610 virtutum
2347 558 2635 626 Dilecti“;
2667 559 2756 614 ubi
2779 567 2961 630 aperte
2993 576 3056 614 ac
3088 550 3367 630 speciatim
3398 560 3505 616 Do-

241 643 445 700 λεκταιο
474 644 690 711 Κύριος
726 641 903 696 δώσει
917 641 1085 710 ῤ-ἦμα
1130 642 1254 708 τοῖς
1279 644 1822 713 εἰναγηοελιζομένοις

241 735 486 806 δυνάμει
520 732 746 801 πολλῇ.
795 734 857 786 '0
886 733 1188 799 βασιλεὺς
1229 733 1347 786 τῶν
1374 731 1687 802 δυνάμεων
1714 734 1821 788 τοῦ

251 825 603 897 Ἀγαπητοῦ.
632 825 826 892 Σαφῶς
848 823 904 876 δὲ
923 823 1200 876 κάνταῦθα
1234 823 1379 887 ἰδίως
1415 827 1824 896 μνημονευομέ-

240 935 330 970 νου
363 916 569 991 Κυρίου
598 915 692 969 τοῦ
721 915 856 968 Θεοῦ
908 914 1014 967 τῶν
1041 915 1200 968 ὄλωνο
1239 916 1332 968 καὶ
1361 915 1520 968 πάλιν
1546 916 1691 978 ἰδίως
1719 914 1815 968 τοῦ

249 1007 580 1079 ’Δγαπητοῦ,
608 1010 704 1063 καὶ
760 1010 819 1060 ὲν
846 1011 913 1079 τῇ
942 1009 1102 1079 τρίτῃ
1133 1007 1285 1072 τάξει
1327 1007 1434 1060 τῶν
1481 1006 1825 1076 εὐαγγελιζο-

240 1102 535 1178 μένωνρδν
575 1100 906 1170 Ἀγαπητὺν,
944 1094 1026 1163 οἷς
1081 1099 1315 1152 δίδοσθαι
1356 1101 1508 1171 ῥῆμα
1553 1099 1612 1164 ἐξ
1657 1099 1822 1154 αὑτοῦ

233 1193 331 1248 τοῦ
361 1192 496 1246 Θεοῦ
522 1190 725 1246 ἄνωθεν
771 1190 1040 1254 λέλεκται,
1076 1190 1171 1243 καὶ
1201 1191 1233 1260 ἡ
1266 1191 1394 1260 περὶ
1423 1190 1516 1242 τοῦ
1573 1189 1824 1260 Σωτῆρος

236 1285 394 1357 ήμῶν
422 1268 738 1336 συνίσταται
793 1281 1090 1353 μαρτυρία.
1122 1281 1233 1334 Καὶ
1269 1283 1328 1334 ὲν
1355 1265 1524 1352 ἑτέρῳ
1562 1281 1620 1333 δὲ
1668 1276 1823 1344 αὖθις

235 1377 474 1448 εἴρηται*
508 1376 620 1431 Καὶ
643 1379 675 1430 ό
714 1373 1099 1445 ἠγαπημένος
1119 1375 1199 1439 ὡς
1224 1372 1352 1438 υίὸς
1375 1370 1820 1440 μονοκερώτων.
1855 1384 1857 1387 ‘

235 1468 556 1541 Προκείσθω
588 1468 798 1531 τούτοις
850 1467 944 1520 καὶ
988 1466 1050 1519 τὸ
1081 1465 1500 1535 ὲπισφράγισμα
1529 1463 1639 1516 τῶν
1664 1463 1822 1526 ὅλων,

233 1560 299 1614 τὸ
328 1562 597 1633 σωτήριον
613 1561 688 1631 (l)
713 1558 1043 1628 Εὐαγγέλιον
1059 1560 1117 1612 ὲν
1135 1560 1284 1628 φωνῇ
1301 1560 1538 1628 πατρικῇ
1557 1557 1651 1634 τὸν
1662 1559 1824 1622 Ἀγα-

235 1651 411 1721 πητὸν
435 1650 637 1705 ἄνωθεν
660 1651 790 1722 παρ’
820 1647 1124 1720 ἀνθρώποις
1154 1648 1386 1711 ἐδείκνυ,
1420 1648 1616 1719 βοώσγγ
1639 1644 1827 1712 Οὗτός

233 1737 411 1793 ἐστιν
448 1743 482 1794 ό
533 1739 664 1806 Υιός
691 1756 811 1809 μου
853 1734 1246 1808 όὶὶγαπητὸς,
1307 1739 1376 1791 ἐν
1421 1731 1470 1804 ᾧ
1500 1738 1823 1806 εὐδόκησα.

235 1831 520 1886 Τοσούτων
550 1830 1015 1900 ἀποδεδειγμένων
1051 1831 1178 1902 περὶ
1206 1827 1306 1881 τοῦ
1345 1829 1675 1900 ’Ᾱγαπητοῦ,
1731 1832 1830 1883 σαεξ

1926 649 2108 704 minus
2160 649 2304 705 Deus
2356 651 2735 706 universorum
2779 664 3143 721 memoratur;
3176 670 3240 711 ac
3284 652 3504 709 rursum

1927 741 2212 809 speciatim
2252 741 2518 806 Dilectus,
2557 758 2622 796 ac
2651 743 2868 798 demum
2903 745 3066 800 tertio
3100 746 3309 810 ordine,
3342 761 3504 801 evan.

1925 832 2218 901 gelizantes
2266 832 2553 898 Dilectum,
2585 834 2783 904 quibus
2832 837 2898 890 ab
2951 836 3068 906 ipso
3124 836 3230 891 Deo
3269 826 3503 904 Verbum

1923 921 2064 984 dari,
2103 923 2359 993 superius
2408 924 2612 979 dictum
2653 931 2772 991 est;
2806 927 2994 996 sicque
3028 928 3403 981 testimonium
3439 927 3506 983 de

1928 1011 2210 1070 Salvatore
2262 1021 2454 1070 nostro
2502 1015 2968 1072 conStituilur.‘ln
3000 1018 3106 1071 alio
3139 1019 3265 1072 item
3298 1017 3506 1071 dictum

1924 1112 2008 1160 est
2037 1123 2050 1158 :
2083 1105 2152 1158 Et
2177 1107 2413 1161 Dilectus
2438 1108 2877 1178 quemadmodum
2908 1107 3056 1178 ﬁlius
3082 1109 3416 1163 unicornium
3435 1108 3502 1163 “.

1927 1195 2024 1251 His
2050 1198 2342 1267 adjiciatur
2397 1199 2466 1254 ad
2515 1210 2819 1255 sermOnem
2864 1200 3502 1275 totumobsignandum,

1926 1289 2169 1343 salutare
2204 1287 2560 1360 Evangelium
2595 1303 2824 1362 paterna
2871 1307 3005 1346 voce
3039 1291 3307 1347 Dilectum
3359 1293 3502 1362 apud

1925 1380 2175 1435 homines
2196 1381 2436 1436 clamore
2468 1380 2614 1436 edito
2645 1391 3102 1458 commonstrasso
3130 1403 3141 1437 :
3173 1383 3275 1436 llic
3303 1392 3380 1437 est
3404 1373 3506 1436 Fi-

1927 1472 2030 1525 lius
2065 1488 2208 1526 meus
2235 1472 2478 1538 dilectus,
2507 1474 2561 1528 in
2586 1490 2687 1542 quo
2719 1475 2845 1527 milii
2871 1473 3356 1542 complacui“.Tot
3385 1480 3508 1527 tan-

1881 1581 1883 1584 ί
1928 1559 2110 1630 tisqué
2159 1559 2228 1615 de
2253 1559 2470 1616 Dilecto
2524 1563 2770 1632 prolatis,
2807 1564 2967 1633 plana
3003 1564 3222 1618 domum
3275 1575 3338 1618 ac
3387 1563 3507 1618 sine

1927 1652 2361 1706 contradictione
2407 1653 2570 1708 fuerit
2622 1654 2737 1708 [nec
2783 1655 3065 1725 prophetia
3116 1656 3168 1709 in
3223 1655 3379 1709 titulo
3426 1655 3509 1710 εἷο

1926 1742 2210 1796 enuntiata
2245 1763 2257 1798 :
2293 1743 2574 1799 Canticum
2617 1760 2712 1814 pro
2750 1731 2975 1802 Dilecto.
3013 1744 3169 1812 Quod
3204 1751 3384 1801 autem
3419 1746 3509 1800 hic

1930 1833 2046 1902 ipSe
2074 1833 2328 1890 Christus
2358 1836 2543 1900 fuerit,
2572 1839 2712 1892 alius
2765 1838 2832 1892 ab
2877 1853 2963 1902 eo,
2989 1839 3078 1908 qui
3131 1839 3307 1902 ipsum
3341 1830 3506 1892 inun-

235 1921 345 1993 φὴς
372 1921 438 1975 ἂν
466 1921 552 1992 εἴη
609 1922 794 2004 λοιπὸν
828 1921 921 1975 καὶ
965 1921 1364 1990 ἀναμφίλεκτος
1406 1922 1439 1990 ή
1486 1920 1819 2004 προκειμένη

1940 1924 2006 1976 tit
2063 1922 2247 1990 Patre,
2273 1926 2325 1979 in
2347 1927 2538 1982 eodem
2571 1929 2782 1998 psalmo
2805 1938 2993 1999 postea
3024 1929 3356 1984 declaratur.
3381 1923 3508 1982 limo

233 2013 548 2085 προφητεία
592 2013 679 2066 διὰ
722 2002 821 2082 τῆς
879 2011 1207 2082 προγραφῆς
1259 2002 1822 2098 φήσασα·ᾨδὴύπὲρ

232 2107 344 2161 τοῦ
395 2104 752 2176 Ἀγαπητοῦ.
787 2105 908 2157 Ὅτι
931 2103 988 2156 δὲ
1014 2106 1042 2156 6
1074 2102 1307 2174 Χρίστὸς
1342 2101 1411 2174 ἦν
1440 2098 1616 2167 οὗτος,
1639 2104 1824 2174 ἔτερος

1927 2015 2145 2084 quidem
2175 2016 2244 2071 de
2275 2018 2432 2072 titulo
2464 2017 2610 2072 dicta
2645 2019 2787 2083 sint;
2823 2020 3105 2089 sequentia
3143 2020 3336 2074 iterum
3368 2033 3510 2088 pro-

1932 2106 2183 2175 phetiCus
2213 2108 2418 2162 chorus
2445 2109 2716 2172 enuntiat,
2746 2110 2840 2179 qui
2875 2110 3058 2178 priora
3087 2109 3367 2163 narrabat.

230 2198 312 2253 ὢν
341 2199 499 2271 παρά
554 2199 644 2253 τὸν
692 2199 958 2270 χρίσαντα
986 2198 1149 2252 αὑτὸν
1180 2197 1418 2270 Πατέρα,
1468 2197 1672 2260 προῖὼν
1698 2198 1826 2268 ἑξῆς
1865 2200 1893 2250 6
1923 2199 2079 2270 λόγος
2133 2203 2191 2255 ὲν
2215 2202 2363 2273 αὐτῷ
2413 2203 2491 2274 τῷ
2557 2203 2756 2274 ψαλμῷ
2810 2204 3142 2274 παρέστησε.
3187 2203 3372 2256 Ταῦτα
3407 2200 3508 2272 μὲν

231 2287 332 2345 οὖν
367 2292 450 2354 είς
477 2292 574 2362 τὴν
607 2291 934 2363 ⁴ιιιξρογριιφὴν
967 2291 1223 2362 εἰρήσθωο
1285 2291 1355 2344 τὰ
1396 2292 1441 2344 δ’
1470 2293 1597 2363 ἑξῆς
1641 2292 1800 2346 πάλιν
1829 2295 1857 2346 6
1893 2295 2054 2364 χορὸς
2107 2296 2136 2347 6
2166 2296 2505 2367 προφητικὸς
2555 2297 2925 2380 διεξέρχεταις
2967 2299 2995 2349 6
3054 2298 3148 2350 καὶ
3188 2297 3260 2349 τα-
3315 2295 3506 2366 πρῶτα

233 2386 548 2454 διεξελθών.

229 2513 235 2554 :
307 2501 471 2564 Τινὲς
489 2500 766 2583 dirigenda»),
796 2501 872 2566 ὡς
905 2504 968 2555 ὲκ
1003 2498 1291 2574 προσώπου
1344 2500 1437 2555 τοῦ
1489 2501 1702 2573 Πατρὸς
1732 2484 1825 2555 λέ-’

1995 2495 2223 2568 Quidam
2253 2503 2502 2558 arbitrati
2531 2510 2660 2560 Sunt
2683 2517 2748 2560 ex
2772 2509 3002 2575 persona
3031 2503 3212 2560 Patris
3236 2504 3505 2574 p’sa'lmum

237 2591 434 2660 γεσθαι
471 2591 560 2644 τὸν
591 2591 804 2661 ψαλμὸν
836 2593 955 2662 ἦτοι
988 2591 1086 2663 τὴν
1108 2592 1248 2662 ᾠδὴν
1285 2595 1414 2663 περὶ
1465 2593 1558 2646 τοῦ
1594 2595 1650 2645 ἐν
1679 2594 1822 2664 ἀρχῇ

1940 2595 2041 2651 sive
2069 2595 2344 2650 canticum
2377 2598 2722 2666 pronuntiari
2752 2598 2818 2651 de
2848 2596 3049 2660 Verbo,
3082 2597 3228 2665 quod
3265 2597 3317 2650 in
3355 2597 3508 2666 prin-

237 2683 390 2747 lhrro;
416 2682 560 2754 πρὸς
591 2683 752 2737 αὐτὸν
774 2684 968 2753 Λόγου,
997 2684 1055 2737 ὃν
1076 2685 1140 2738 ὲκ
1189 2685 1288 2755 τῆς
1321 2686 1484 2738 οἱονεὶ
1515 2685 1761 2755 καρδίας,
1787 2684 1822 2755 ἢ

1940 2685 2068 2756 :ipio
2099 2694 2217 2740 erat
2259 2688 2402 2756 apud
2437 2686 2628 2752 Deum,
2666 2688 2920 2758 quodque
2951 2688 3066 2757 ipse
3097 2702 3195 2742 ceu
3225 2683 3507 2748 calcorde,

239 2776 420 2829 αὐτῶν
486 2775 594 2829 τῶν
630 2775 971 2847 σπλάγχνων,
1014 2779 1166 2847 φησι,
1223 2779 1528 2848 προήγαγε·
1582 2777 1675 2830 καὶ
1719 2775 1825 2828 ἀπὸ

1940 2775 2042 2833 sive
2067 2793 2134 2833 ex
2160 2778 2297 2848 ipsis
2326 2778 2631 2834 visceribus
2664 2778 2922 2848 produxit
2957 2798 2969 2832 :
3003 2787 3058 2833 et
3080 2780 3148 2832 ex
3173 2779 3314 2832 bono
3344 2777 3509 2832 corde

239 2866 457 2937 ἀγαθῆς
496 2867 720 2939 καρδίας
773 2868 973 2936 ἀγαθὸς
1005 2867 1164 2935 λόγος
1221 2867 1511 2938 προῆλθεν.
1577 2865 1730 2937 Ἐμοὶ
1767 2866 1824 2928 δὲ

1940 2869 2135 2922 bonum
2164 2869 2395 2924 verbum
2426 2869 2650 2940 prodiit.
2678 2867 2807 2922 Mihi
2833 2883 2995 2938 porro
3029 2869 3142 2922 haec
3173 2867 3238 2920 ad
3270 2868 3504 2938 prophe-

238 2956 387 3011 δοκεῖ
417 2957 596 3012 ταῦτα
626 2959 717 3011 ἐπὶ
744 2958 805 3012 τὸ
859 2961 1195 3030 προφητικὸν
1245 2959 1609 3031 ἀναφέρεσθαι
1661 2963 1829 3032 πρόσ-

1940 2958 2103 3013 ticum
2151 2959 2379 3017 chorum
2418 2959 2702 3015 referenda
2733 2959 2986 3014 videntur
3016 2977 3035 3013 εί
3062 2975 3182 3028 qua:
3207 2959 3351 3012 enim
3385 2967 3510 3027 post

240 3053 409 3103 ωπον·
443 3049 516 3103 τὰ
541 3051 646 3122 γὰρ
673 3053 756 3120 ἐφ’
784 3050 911 3118 ἑξῆς
942 3050 1036 3104 τοῦ
1071 3051 1234 3122 ῥητοῦ
1266 3052 1448 3104 οὐκέτι
1487 3051 1688 3121 ὁμοίως
1744 3051 1831 3116 ὲξέ

1940 3049 2142 3104 dictum
2194 3050 2510 3118 hnjusmodi
2565 3037 2996 3120 subsequuntur,
3031 3062 3137 3102 non
3184 3050 3257 3102 ita
3292 3051 3509 3120 planam

241 3139 494 3210 ομαλίζει
522 3141 652 3210 ἡμῖν
675 3141 775 3212 τὴν
797 3142 923 3211 περὶ
947 3141 1042 3194 τοῦ
1085 3142 1296 3213 Πατρὸς
1339 3141 1617 3214 ἐξήγησιν.
1681 3139 1821 3196 Οὔτε

1940 3141 2187 3196 exhibent
2228 3141 2385 3197 nobis
2421 3140 2488 3197 de
2525 3140 2684 3196 Patre
2716 3142 3111 3197 narrationem.
3147 3139 3333 3212 Neque
3362 3141 3509 3196 enim

243 3231 350 3304 γὰρ
377 3232 448 3285 ἂν
485 3231 616 3301 περὶ
637 3233 734 3303 τῆς
759 3232 951 3285 ἑαυτοῦ
978 3231 1228 3303 γλώσσης
1255 3235 1282 3287 6
1309 3233 1498 3304 Πατὴρ
1531 3229 1701 3298 εἶπεν,
1724 3234 1825 3286 ὃτι’

343 3324 404 3377 Ἠ
425 3323 685 3392 γλῶσσά
707 3341 827 3392 μου
864 3324 1129 3394 κάλαμος
1158 3323 1538 3394 πραμματέως
1583 3324 1833 3394 ὀξυῃοά-

245 3430 380 3483 μου.
414 3414 646 3481 Ὠραῖος
683 3413 895 3468 κάλλει
925 3414 1084 3482 παρὰ
1104 3415 1242 3481 τοὺς
1271 3415 1438 3481 υἱοὺς
1467 3413 1585 3468 τῶν
1612 3413 1834 3483 ἀνθρώ-

247 3518 391 3560 πων.
435 3507 518 3560 Οὐ
549 3507 662 3577 γὰρ
685 3509 747 3559 ἐκ
778 3507 874 3584 τῆς
904 3506 1040 3577 πρὸς
1079 3508 1206 3570 τοὺς
1242 3506 1561 3578 ἀνθρώπους
1604 3505 1833 3578 συγκρίέ

250 3616 382 3664 σεως
403 3601 510 3670 τὴν
535 3599 808 3670 ὑπεροχὴν
843 3598 938 3652 τοῦ
969 3598 1198 3662 κάλλους
1230 3599 1361 3668 ἔχει.
1397 3599 1504 3652 Καὶ
1545 3595 1745 3668 προῖὼν
1778 3596 1834 3648 δέ

168 3721 172 3726 -
249 3705 396 3761 φησι-
434 3689 545 3744 Διὰ
587 3688 761 3743 τοῦτο
811 3689 1019 3758 ἕχρισέ
1066 3705 1140 3742 σε
1171 3691 1203 3741 ό
1254 3687 1399 3752 Θεὸς
1443 3691 1476 3741 ό
1536 3689 1680 3752 sedc
1719 3701 1835 3739 σου

249 3783 457 3838 ἔλαιον
486 3781 917 3852 ἀγαλλιάσεως·
960 3782 1020 3834 οὐ
1061 3781 1167 3852 γὰρ
1210 3777 1384 3834 εἶπεν·
1451 3778 1708 3848 Ἕχρισὰ
1762 3796 1836 3833 σε

250 3874 360 3943 ἐγὼ
391 3878 424 3929 ό
461 3875 627 3940 Θεὸς,
672 3873 787 3928 ἀλλ’
819 3871 1027 3943 ἐχρισέ
1059 3890 1152 3928 σε*
1187 3871 1328 3926 ὥστε
1387 3874 1457 3925 ὲκ
1474 3870 1665 3924 τούτου
1698 3887 1838 3943 παρ-

258 3964 512 4018 ίστασθαι
554 3962 741 4035 ἕτερον
788 3958 926 4016 εἶναι
980 3963 1042 4016 τὸ
1090 3962 1470 4033 διαλεγόμενον
1520 3961 1830 4031 πρόσωπον.

255 4053 408 4108 Ποῖον
427 4049 528 4107 οὖν
553 4054 670 4106 ἐστι
697 4053 913 4126 τοῦτοῆ
961 4055 991 4106 6
1025 4055 1330 4126 προφήτης,
1381 4054 1410 4104 6
1446 4052 1702 4128 χωρήσας
1738 4051 1837 4123 τὴν

255 4147 346 4202 τοῦ
373 4145 540 4218 ἁγίου
595 4145 912 4216 Πνεΰματος
969 4148 1049 4209 είς
1097 4145 1285 4199 ἑαυτὸν
1331 4143 1633 4214 γενομένην
1690 4143 1840 4215 ὲνὲρ-
1885 4196 1892 4208 ,

257 4252 406 4308 γειαν
425 4254 441 4305 ;
495 4275 504 4280 -

338 4331 488 4386 Ἀντὶ
510 4330 567 4384 δὲ
594 4328 709 4383 τοῦ·
757 4325 1147 4396 ἐξηρεύξατο
1169 4325 1206 4394 ἠ
1251 4323 1463 4393 καρδία
1477 4341 1618 4394 μου,
1649 4324 1678 4374 6
1699 4322 1770 4376 Σύ
1779 4342 1837 4394 μ-

266 4437 463 4494 μαχος·
527 4418 798 4486 Ἐκινήθη
823 4459 838 4483 ,
910 4418 1108 4490 φησὶν,
1175 4417 1214 4483 ἠ
1267 4415 1481 4483 καρδία
1521 4433 1641 4484 μου
1685 4415 1845 4484 λόγῳ

263 4513 478 4584 ἀγαθῷ.
535 4513 624 4576 Ὠς
672 4512 781 4584 γὰρ
838 4508 1027 4582 ἑτέρον
1057 4508 1488 4577 ἀπαγγείλαντος
1533 4507 1623 4559 τὸν
1659 4507 1834 4575 λόγον’,

265 4606 421 4672 αύτδς
449 4602 774 4675 κεκινῆσθαί
797 4619 929 4674 φησι
973 4600 1063 4655 διὰ
1110 4603 1210 4672 τῆς
1254 4598 1442 4672 ἀκοῆς.
1497 4597 1588 4660 Ἑν
1620 4597 1700 4673 τῷ
1733 4600 1839 4669 φά-

267 4712 432 4766 σκεινο
458 4695 626 4766 Λέγω
650 4694 772 4765 ἐγὼ
790 4695 864 4749 τὰ
910 4693 1054 4763 ἔργα
1083 4711 1202 4763 μου
1234 4691 1313 4758 τῷ
1335 4689 1605 4756 βασιλεῖ,
1637 4691 1845 4744 οὐδέτε-

273 4804 358 4860 ρον
379 4787 600 4860 δηλοῦσι
633 4785 875 4857 βασιλέα,
905 4785 1047 4854 ἢτδν
1094 4783 1400 4853 Ἀγαπητὺν
1440 4782 1623 4846 αὑτὸν,
1659 4776 1704 4850 ᾧ
1747 4783 1842 4840 καὶ

271 4881 335 4936 τὰ
354 4883 480 4952 ἑξῆς
513 4879 846 4950 πεφώνηται.
873 4877 1060 4947 Τούτῳ
1110 4875 1241 4948 γάρ,
1273 4875 1426 4946 φησὶ,
1453 4874 1524 4928 τά
1565 4875 1702 4948 ἔργα
1745 4892 1843 4945 μου

271 4973 671 5047 διηγήσομαιοῆ
702 4971 844 5026 κατά
891 4970 984 5024 τὸν
1028 4969 1255 5024 Ἀκύλαν
1283 4970 1378 5023 καὶ
1403 4969 1496 5021 τὸν
1525 4967 1841 5039 Σύμμαχον,

273 5068 342 5122 τὰ
364 5065 726 5138 δικαιώματά
751 5082 873 5135 μου
919 5061 1241 5131 ἐξαηοελῶ.
1299 5061 1506 5132 Πολλῆς
1563 5059 1618 5112 δὲ
1656 5059 1844 5130 γέμων

275 5161 577 5234 παρρησίας
611 5160 697 5214 ἐπ’
730 5157 954 5227 ἀγαθοῖς
991 5154 1172 5228 ἔργοις
1225 5157 1254 5208 6
1289 5153 1398 5207 τῶν
1430 5151 1722 5225 προφητῶν
1753 5167 1844 5223 χο-

278 5255 386 5327 ρὸς,
431 5253 606 5310 ταῦτα
651 5248 1234 5321 λέγειν“τεθάρσηκεν.
1281 5247 1342 5301 Et
1399 5246 1457 5300 δὲ
1505 5245 1599 5298 καὶ
1642 5242 1844 5312 γνῶναι

277 5345 454 5410 ποθεῖς
479 5345 600 5400 τίνα
653 5339 722 5414 ἦν
763 5341 874 5397 τῶν
917 5339 1212 5414 προφητῶν
1244 5339 1312 5392 τὰ
1360 5337 1518 5410 ἔργα,
1563 5335 1752 5407 μάθοις
1778 5333 1846 5389 ἂν

1933 3232 2000 3288 de
2030 3234 2214 3305 lingua
2245 3249 2342 3287 sua
2374 3233 2537 3289 Pater
2563 3233 2763 3288 dixerit
2789 3250 2799 3284 :

2003 3321 2167 3378 Vens.
2205 3323 2320 3380 5-8.
2359 3322 2564 3394 Lingua
2605 3340 2720 3377 mea
2755 3324 2995 3379 calamus
3034 3327 3223 3379 scriba:
3267 3323 3512 3378 velociter

1932 3414 2225 3472 scribentis.
2255 3414 2532 3484 Speciosus
2568 3415 2741 3484 forma
2786 3432 2895 3483 pra:
2933 3417 3063 3486 [iliis
3101 3415 3390 3468 hominum.
3423 3409 3512 3467 Si-

1933 3504 2171 3575 quidem'
2203 3506 2629 3576 pulchritudinis
2685 3507 3055 3576 praestantiam
3105 3513 3171 3561 ex
3225 3519 3512 3575 compara-

1934 3597 2079 3652 tione
2104 3598 2560 3654 cumhominibus‘
2588 3615 2697 3652 non
2728 3607 3033 3652 mutuatur.
3067 3595 3127 3651 ln
3157 3596 3512 3668 sequentibus

1936 3703 2064 3743 vero
2112 3689 2229 3741 ait:
2265 3687 2547 3757 Propterea
2586 3690 2737 3742 unxit
2781 3700 2827 3766 te
2870 3688 3014 3742 Deus
3042 3689 3180 3742 Deus
3227 3699 3349 3742 tuus
3399 3689 3513 3742 oleo

1939 3779 2182 3840 iwtitite;
2210 3793 2386 3848 neque
2436 3779 2582 3838 enim
2633 3780 2745 3832 ait:
2773 3777 2912 3832 Unxi
2963 3789 3010 3832 te
3053 3793 3146 3847 ego
3189 3779 3360 3844 Deus,
3389 3780 3510 3841 sed.

1939 3871 2090 3922 unxit
2126 3878 2208 3931 te;
2245 3869 2319 3922 ita
2346 3875 2403 3921 ut
2434 3868 2563 3923 hinc
2598 3867 2866 3937 liquidum
2915 3869 2988 3922 sit
3037 3869 3194 3923 aliam
3221 3883 3515 3939 personam

1939 3977 2062 4017 esse
2108 3977 2228 4032 quae
2276 3961 2539 4031 loquitur.
2575 3959 2834 4026 Quaenam
2885 3960 3052 4030 igitur
3101 3959 3213 4023 illa,
3251 3959 3356 4014 nisi
3386 3975 3518 4029 pro-

1941 4053 2099 4124 pheta
2129 4052 2222 4124 qui
2255 4052 2506 4123 illapsam
2556 4048 2796 4123 Spiritus
2826 4053 3002 4110 sancti
3037 4051 3144 4106 vim
3176 4051 3232 4105 in
3273 4066 3333 4106 se
3365 4065 3515 4105 rece-

1942 4141 2059 4212 pit?

2017 4320 2126 4376 Pro
2176 4321 2270 4375 illo
2321 4331 2526 4385 autem,
2590 4320 2863 4374 Eructavit
2898 4337 2989 4375 cor
3039 4336 3231 4383 meum,
3270 4318 3520 4390 Symma-

1946 4415 2104 4480 chus,
2142 4412 2473 4470 Commotum
2501 4423 2600 4473 est.
2629 4413 2827 4484 inquit,
2861 4430 2951 4467 cor
2972 4429 3142 4467 meum
3175 4409 3327 4465 verba
3360 4409 3517 4489 bono.

1945 4506 2081 4562 Nam
2110 4508 2275 4562 veluti
2326 4507 2432 4562 alio
2484 4506 2710 4562 verbum
2759 4506 3134 4568 renuntiante,
3185 4519 3245 4559 se
3293 4502 3520 4558 auribus

1947 4607 2282 4654 commotum
2326 4614 2451 4654 esse
2488 4598 2644 4654 dicit.
2699 4598 2835 4654 Cum
2873 4607 3054 4652 autem
3107 4595 3205 4655 ait,
3256 4592 3389 4646 Dico
3428 4609 3522 4661 ego

1948 4707 2107 4760 opera
2146 4707 2260 4745 mea
2289 4691 2418 4760 regi,
2454 4705 2562 4744 non
2611 4691 2776 4744 alium
2831 4703 3014 4758 regem
3044 4699 3208 4756 quam
3253 4683 3521 4737 Dilectum

1949 4783 2218 4855 signiﬁcat
2245 4801 2260 4850 ;
2292 4785 2358 4838 ad
2391 4797 2553 4852 quem
2589 4781 2714 4835 item
2739 4779 3014 4850 pertinent
3041 4792 3104 4831 ea
3130 4791 3252 4846 qua:
3284 4791 3520 4846 sequun-

1952 4887 2061 4931 tur.
2098 4867 2258 4938 Huic,
2294 4875 2670 4946 inqnit,0pera
2703 4885 2822 4926 mea
2851 4870 3124 4936 narrabo;
3159 4869 3294 4933 sive,
3328 4883 3524 4925 secun-

1949 4967 2080 5023 dum
2111 4967 2364 5036 Aquilam
2405 4970 2459 5020 ct
2494 4962 2905 5035 Symmachum,
2947 4961 3352 5031 iustiﬁcationes
3381 4976 3525 5014 meas

1949 5058 2255 5113 enuntiabo.
2291 5055 2650 5125 Propheticus
2680 5062 2861 5108 autem
2885 5053 3088 5108 chorus
3116 5067 3308 5122 magna
3338 5050 3406 5106 de
3430 5051 3513 5104 bo-

1952 5152 2040 5205 nis
2071 5149 2330 5220 operibus
2360 5147 2559 5202 liducia
2591 5146 2806 5216 plenus,
2839 5145 2955 5200 hanc
2986 5137 3327 5198 conﬁdenter
3376 5141 3524 5196 locu-

1952 5250 2041 5296 tus
2070 5249 2171 5295 est.
2205 5237 2361 5305 Quod
2391 5238 2437 5292 si
2464 5251 2626 5291 nosse
2653 5235 2843 5306 cupias
2869 5250 3117 5304 quienam
3151 5234 3243 5288 illa
3291 5231 3524 5302 prophe-

1958 5344 2136 5390 tarum
2165 5347 2351 5400 opera,
2384 5347 2452 5387 ex
2492 5328 2928 5401 prwcedentibus
2981 5326 3199 5381 ediscas
3233 5323 3379 5388 licet,
3433 5321 3525 5374 ubi

277 5436 363 5489 διὰ
388 5437 496 5491 τῶν
523 5434 852 5506 ἔμπροσθεν.
897 5434 956 5489 ὲν
998 5426 1079 5495 οἷς
1123 5431 1378 5500 ἔφασκον
1432 5429 1624 5484 Ταῦτα
1653 5425 1834 5480 mirae

1956 5425 2036 5481 sic
2066 5424 2233 5480 locuti
2265 5431 2393 5481 sunt
2423 5441 2435 5476 :
2470 5421 2599 5475 Han:
2632 5421 2811 5476 omnia
2839 5426 3083 5474 venerunt
3104 5432 3259 5486 super
3289 5430 3404 5476 nos,
3437 5426 3526 5464 nec

280 5521 459 5594 ἦλθεν
488 5526 579 5594 ἐφ’
615 5523 792 5592 ἡμᾶς,
823 5521 922 5575 καὶ
949 5522 1060 5576 οὐκ
1103 5517 1510 5588 ἐπελαθόμεθά
1557 5533 1695 5581 σου,
1749 5517 1845 5569 καὶ

283 5618 386 5670 οὐκ
419 5614 794 5684 ἠδικήσαμεν
817 5615 887 5667 ἐν
921 5610 1182 5680 Διαθήκῃ
1215 5626 1350 5664 σου⁹
1381 5609 1476 5663 καὶ
1505 5607 1684 5663 πάλιν·
1717 5608 1847 5660 Ὀτι

1956 5517 2105 5572 obliti
2129 5533 2309 5571 sumus
2344 5527 2413 5579 te,
2444 5523 2492 5570 et
2520 5514 2697 5582 inique
2729 5528 2830 5565 non
2870 5511 3070 5580 egimus
3116 5509 3170 5564 in
3197 5504 3526 5559 Testamenta

1958 5615 2047 5658 tuo
2090 5604 2163 5659 ’σε
2209 5619 2272 5658 ac
2311 5619 2549 5667 rursum,
2609 5601 2832 5669 Propter
2863 5611 2910 5652 te
2959 5597 3343 5666 mortiﬁcamur
3402 5599 3511 5647 toto

353 5770 398 5802 ⁸³
441 5769 580 5826 Psat.
619 5784 800 5834 van,
838 5767 1025 5821 12-15.
1102 5765 1147 5796 “
1187 5762 1332 5818 Psal.
1365 5776 1568 5826 smn,
1600 5761 1655 5815 6.
1731 5761 1777 5793 ⁸⁸
1821 5758 2010 5814 Matth.
2047 5774 2196 5824 xvtt,
2229 5758 2280 5813 5.
2360 5757 2405 5790 “
2444 5756 2588 5812 Psal.
2627 5772 2759 5811 xun
2784 5798 2797 5823 ,
2839 5758 2920 5811 18.

352 5864 428 5934 (1)
454 5865 744 5934 Σωτήρων,
778 5861 830 5916 id
861 5868 969 5924 est,
1004 5859 1340 5913 Salvatorem
1365 5855 1676 5912 enuntians.

596 5953 892 6014 Ρλτῑιοι.
926 5949 1045 6010 Gn.
1094 5947 1332 6009 XXIII.

3100 5927 3174 5988 13
