4010 6520
457 404 565 462 395

1182 397 1450 456 EUSEBH
1485 396 1962 454 CESABiENSIS
1997 396 2146 454 OPP.
2187 396 2364 452 PARS
2400 393 2490 457 111.
2537 424 2591 438 -
2622 393 3031 454 EXEGETICA.

3635 388 3750 448 596

460 520 631 578 die".
667 519 918 591 Magnum
952 533 1116 589 porro
1137 532 1276 588 opus
1308 525 1428 572 erat
1465 517 1646 573 futura
1679 533 1776 589 per
1804 517 2046 589 linguam

2161 519 2327 573 ἕνεκα
2360 535 2476 572 σου
2502 518 2908 588 θανατούμεθα
2957 514 3113 583 ὅλην
3141 513 3253 583 τὴν
3295 511 3544 583 ἡμέραν.
3580 511 3753 580 Μέγα

462 611 778 676 vaticinari,
812 621 972 680 atque
1004 609 1112 681 regi
1151 610 1206 664 in
1258 610 1478 664 cantico
1511 610 1636 664 boni
1667 609 1842 664 nuntii
1877 609 2042 663 mini-

462 713 639 758 strum
672 717 815 758 esse.
851 701 985 772 Ejus
1018 710 1200 756 autem
1230 701 1373 765 loco,
1399 700 1639 756 calamus
1684 701 1870 755 scriba:
1909 701 2044 755 velo-

461 795 593 848 citer
649 793 953 858 scribentis,
1011 791 1232 863 Aquila,
1293 793 1533 847 calamus
1583 793 1769 847 scriba:
1824 793 2042 856 velocis;

464 885 827 958 Symmachus
858 900 1006 950 vero,
1047 885 1228 954 lingua
1257 902 1370 939 mea
1401 885 1572 955 stylus
1603 885 1787 938 scriba:
1835 885 2043 938 relocis.

461 977 730 1048 Quodque
766 978 1019 1033 mirabile
1071 977 1368 1032 admodum
1424 984 1529 1042 est,
1587 977 1830 1046 linguam
1888 991 2045 1031 suam

461 1085 571 1125 non
606 1085 830 1124 manum
869 1070 1066 1126 scribae
1113 1069 1336 1134 eruditi,
1371 1085 1546 1140 neque
1584 1068 1820 1124 scribam
1854 1074 2044 1131 vocat,

463 1160 560 1218 sed
593 1162 863 1216 calamum
891 1161 1086 1218 scriba:
1119 1162 1378 1216 velociter
1402 1160 1726 1226 scribentis;
1758 1159 2048 1214 declarans

463 1253 709 1322 linguam
758 1253 1162 1322 propheticum,
1221 1251 1448 1307 alterius
1507 1266 1568 1306 ea
1605 1250 1833 1315 utentis,
1869 1249 2047 1306 sancti

463 1343 720 1400 videlicet
749 1343 1014 1414 Spiritus,
1041 1344 1470 1400 instrumentum
1497 1357 1640 1397 esse.
1672 1340 1722 1396 Is
1751 1355 1884 1395 sane
1910 1339 2050 1394 scri-

473 1437 568 1499 ba,
597 1434 759 1505 cujus
808 1436 983 1507 stylus
1018 1445 1072 1490 et
1107 1435 1352 1490 calamus
1383 1442 1500 1488 erat
1529 1433 1918 1502 prephetarum
1950 1431 2051 1484 lin-

467 1541 608 1596 gua;
646 1527 716 1581 ita
771 1530 830 1578 ut
876 1522 1019 1577 alius
1059 1531 1209 1577 esset
1236 1522 1416 1577 scriba
1461 1522 1724 1577 velociter
1776 1520 2047 1587 scribens,

467 1618 729 1673 nimirum
789 1614 1030 1687 Spiritus
1065 1623 1312 1679 sanctus,
1363 1615 1504 1670 alius
1535 1614 1820 1685 propheta,
1854 1613 2052 1667 tertius

467 1711 656 1781 lingua
687 1707 1029 1780 prophetica,
1062 1714 1190 1776 qua!
1218 1706 1415 1760 calami
1449 1713 1504 1761 et
1555 1705 1683 1777 styli
1715 1704 1840 1759 loco
1884 1705 2052 1759 habe-

467 1803 652 1866 batur,
685 1809 740 1857 et
763 1801 1189 1857 instrumentum
1223 1797 1464 1870 Spiritus
1492 1797 1690 1868 sancti,
1728 1797 1820 1868 qui
1845 1811 1908 1852 ea
1933 1805 2051 1852 ute-

471 1893 654 1963 batur,
691 1901 830 1952 erat.

2147 613 2202 665 δὲ
2235 607 2301 682 ἦν
2336 610 2494 681 ἔργον
2523 609 2617 663 καὶ
2661 608 2724 661 τὸ
2751 608 2838 660 διὰ
2877 605 3124 677 γλώττης
3161 606 3231 660 τὰ
3293 605 3557 676 μέλλοντα
3605 619 3750 674 προς

2151 705 2425 776 φητεύειν,
2459 704 2555 756 καὶ
2606 701 2684 772 τῷ
2717 701 2928 772 βασιλεῖ
2965 698 3329 753 διακονεῖσθαι
3370 698 3469 769 τὴν
3507 697 3751 764 εὐαγγε-

2149 797 2302 869 λικὴν
2331 797 2498 867 ᾠδήν.
2539 793 2684 847 Ἀντὶ
2746 792 2803 846 δὲ
2857 792 2974 845 τοῦ·
3025 791 3304 860 Κάλαμος
3355 786 3750 860 τγξαμματέως

2150 887 2514 958 ὀξυγγῖάφευ,
2565 887 2594 938 6
2626 885 2724 955 μὲν
2769 882 3018 946 Ἀκύλας·
3072 882 3321 951 Σχοῖνος
3360 875 3752 950 γραμματέα-ις

2151 976 2415 1049 ταχινοῦ·
2466 979 2495 1030 6
2534 977 2591 1030 δὲ
2643 976 2958 1047 Σύμμαχος·
2994 975 3034 1042 ἠ
3075 970 3333 1042 γλῶσσά
3381 988 3524 1040 μου,
3581 967 3746 1039 φησι,

2150 1070 2431 1140 πφαρεῑον
2455 1067 2723 1138 mergente
2760 1064 3030 1134 ταχινοῦ.
3077 1063 3290 1134 Σφόδρα
3313 1061 3369 1114 δὲ
3410 1059 3748 1132 θαυμαστῶς

2149 1162 2247 1234 τὴν
2283 1160 2472 1214 ἑαυτοῦ
2503 1159 2776 1229 γλῶσσαν,
2816 1158 2877 1211 οὐ
2929 1157 3090 1227 χεῖρα
3113 1155 3490 1227 γραμματέως
3521 1153 3749 1222 ἐπιστή-

2155 1272 2333 1326 μονος,
2368 1254 2488 1307 οὐδὲ
2517 1250 2853 1324 γραμματέα
2886 1249 3073 1320 φησὶν,
3108 1247 3244 1302 ἀλλὰ
3297 1247 3542 1316 κάλαμον
3565 1263 3748 1318 γραμ-

2155 1344 2367 1416 ματέως
2386 1343 2714 1414 ὀξυγράφου·
2766 1339 2962 1412 δηλῶν,
2990 1340 3072 1393 ὅτι
3103 1337 3335 1410 ὄργανον
3357 1332 3425 1407 ἦν
3462 1337 3494 1406 ή
3525 1349 3747 1406 προφη-

2153 1431 2277 1503 τικὴ
2298 1431 2516 1501 γλῶσσα
2540 1431 2731 1502 ἐτέρου
2758 1428 2853 1482 τοῦ
2880 1427 3162 1500 χρωμένου
3198 1427 3359 1506 αύτῇ,
3395 1424 3554 1493 ἁγίου
3575 1423 3750 1476 Πνεύο

2156 1540 2323 1595 ματος
2345 1542 2357 1555 ·
2391 1524 2528 1593 ὅπερ
2571 1523 2598 1575 6
2636 1521 3018 1593 γραμματεὺς,
3052 1513 3114 1573 οὗ
3158 1503 3418 1589 γραφεῖον
3446 1516 3540 1570 καὶ
3573 1516 3746 1570 κάλαο

2157 1633 2255 1686 μος
2289 1614 2584 1685 ἐτύγχανεν
2611 1617 2644 1686 ἡ
2673 1613 2778 1667 τῶν
2810 1614 3105 1685 προφητῶν
3125 1613 3368 1682 γλῶσσα,
3397 1610 3528 1663 ὥσθ’
3552 1609 3745 1682 ἕτερον

2153 1703 2290 1760 εἶναι
2324 1707 2414 1768 τὸν
2447 1705 2754 1778 ὀξυγράφον
2778 1691 3144 1778 γραμματέα,
3194 1703 3392 1774 δηλαδὴ
3427 1701 3488 1754 τὸ
3517 1701 3743 1771 Πνεῦμα

2153 1797 2213 1851 τὸ
2245 1797 2530 1867 ἆγιον,κα“ι
2561 1797 2745 1870 ἕτερον
2802 1796 2893 1850 τὸν
2925 1796 3232 1869 προφήτην,
3280 1793 3375 1848 καὶ
3430 1791 3612 1864 τρίτον
3646 1790 3748 1863 τήν

2079 1877 2125 1934 Β
2155 1884 2404 1956 γλῶσσαν
2431 1888 2531 1959 τὴν
2565 1885 2930 1960 προφητικὴν,
2965 1885 3000 1956 ἠ
3031 1884 3277 1956 καλάμου
3329 1883 3425 1937 καὶ
3471 1882 3748 1954 γραφείου

475 1985 660 2057 χώραν
687 1985 923 2058 ἐπεῖχεν,
980 1987 1210 2058 ὄργανον
1260 1984 1605 2056 τυγχάνουσα
1635 1981 1728 2037 τοῦ
1776 1981 2060 2054 χρωμένου
2100 1981 2237 2052 αὐτῇ
2265 1980 2423 2049 ἁγίου
2449 1980 2788 2053 Πνεύματος.

541 2074 838 2132 Sciendum
873 2085 1055 2132 autem
1099 2084 1205 2140 est,
1235 2073 1538 2131 secundum
1573 2071 1928 2142 Septuaginta
1961 2069 2050 2124 in-

470 2173 758 2238 terpretes,
789 2167 1117 2221 sententiam
1152 2163 1636 2236 [subsequentem]
1669 2164 1880 2220 calamo
1903 2161 2050 2218 scri-

475 2259 556 2313 ba‘.
609 2257 983 2326 conjunctam,
1016 2265 1181 2326 atque
1210 2263 1387 2310 totum
1417 2255 1694 2325 eloquium
1743 2269 1854 2308 uno
1887 2269 2050 2309 versu

472 2346 930 2418 comprehensum
963 2361 1108 2409 esse,
1148 2346 1251 2400 hoc
1285 2353 1448 2415 pacto
1479 2363 1492 2398 :
1536 2343 1743 2415 Lingua
1768 2359 1882 2398 mea
1903 2343 2053 2397 cala-

470 2454 590 2492 mus
617 2435 808 2491 scriba?
831 2435 1074 2491 velociter
1099 2437 1402 2503 scribentis,
1431 2438 1697 2508 speciosus
1732 2437 1907 2506 forma
1940 2451 2051 2506 prae

470 2529 599 2598 ﬁliis
628 2527 922 2581 hominum.
961 2528 1028 2582 At
1057 2528 1184 2598 quia
1221 2526 1490 2582 Hebraica
1535 2528 1700 2583 lectio
1749 2536 1804 2584 et
1853 2527 2051 2597 reliqui

471 2617 822 2689 interpretes,
851 2620 1134 2690 superiore
1165 2620 1432 2676 sententia
1467 2619 1911 2690 circumscripta,
1944 2619 2053 2673 alio

470 2711 670 2767 deinde
695 2713 964 2784 principio
995 2714 1048 2768 in
1074 2713 1418 2784 expositione
1469 2713 1554 2768 nsi
1587 2722 1757 2780 sunt;
1815 2727 2054 2784 congru-

469 2809 627 2857 enter
650 2815 754 2858 nos
775 2801 938 2858 etiam
968 2802 1122 2868 illud,
1159 2801 1439 2872 Speciosus
1465 2801 1641 2871 forma
1671 2818 1784 2872 pra:
1805 2800 1935 2870 ﬁliis
1956 2800 2051 2855 ho-

470 2895 692 2959 minum,
729 2894 797 2951 ab
847 2896 955 2950 alio
994 2895 1460 2950 initioduximus.
1509 2893 1706 2964 Aquila
1752 2893 1919 2964 igitur
1952 2894 2055 2948 hac

470 2985 685 3042 ratione
733 2986 1123 3058 interpretatus
1155 2995 1261 3053 est,
1306 2985 1712 3041 Pnlchritudine
1749 2996 1970 3040 ornatus
1996 3001 2051 3040 es

472 3095 505 3131 α
545 3078 675 3147 ﬁliis
703 3079 1010 3144 hominum;
1067 3078 1434 3150 Symmachus
1461 3093 1612 3143 vero,
1647 3076 2053 3132 l’ulchritudiue

473 3171 689 3240 pulcher
732 3188 785 3226 es
825 3179 1020 3242 printer
1074 3171 1216 3240 ﬁlios
1262 3169 1563 3234 hominum;
1619 3172 1693 3225 ita
1739 3178 1799 3226 ut
1846 3186 1968 3242 qua:
1996 3171 2052 3226 in

477 3262 697 3318 cantico
753 3263 1182 3334 pra-mittuntur,
1253 3262 1508 3333 prommii
1566 3262 1740 3318 vicem
1792 3262 2050 3317 habeant.

474 3352 614 3409 Cum
647 3331 793 3407 enim
834 3353 1189 3424 propheticus
1222 3331 1428 3409 chorus
1475 3368 1782 3408 sermonem
1812 3351 1878 3408 de
1904 3352 2054 3408 Dile-
2081 3331 2127 3394 ο

475 3453 566 3500 cto
601 3442 861 3509 initurus,
893 3450 1056 3513 atque
1086 3443 1361 3498 canticum
1385 3443 1451 3498 de
1479 3443 1572 3496 illo
1605 3443 1922 3513 prolaturus
1960 3458 2052 3498 cs-

476 3540 580 3600 sct,
607 3532 874 3604 prommio
917 3547 1052 3587 usus
1085 3539 1189 3596 est,
1247 3532 1389 3604 quod
1423 3533 1525 3588 hac
1559 3533 1830 3589 sententia
1867 3533 2055 3588 termi-

474 3633 658 3691 natur,
697 3624 903 3696 Lingua
951 3642 1063 3678 mea
1119 3625 1358 3680 calamus
1415 3625 1603 3679 scriba:
1639 3624 1884 3679 velociter
1920 3625 2057 3678 scri-

476 3721 668 3774 bentis.
704 3717 914 3772 Exinde
949 3733 1079 3772 vero
1117 3717 1394 3772 canticum
1446 3718 1500 3772 in
1536 3716 1725 3772 Dilecti
1760 3730 2052 3787 personam

475 3810 709 3874 orditur,
745 3808 932 3878 sicque
993 3809 1282 3880 compellat
1335 3808 1514 3878 ipsum
1573 3826 1586 3863 :
1649 3806 1944 3877 Spcciosus
1993 3821 2055 3862 es

477 3901 670 3963 forma,
733 3900 958 3970 pulcher
1013 3914 1094 3964 es,
1144 3907 1198 3954 et
1243 3897 1652 3968 pulchritudine
1705 3905 1936 3953 ornatus
1969 3913 2051 3961 es,

476 3993 590 4047 sive
619 3991 1030 4062 pulchritudine
1081 3990 1374 4044 decoratus
1407 4003 1491 4054 es,
1535 4004 1568 4043 ο
1626 3987 1854 4053 Dilecte,
1891 4003 2056 4058 super

480 4084 620 4138 lilios
651 4082 954 4134 hominum.
985 4080 1208 4136 Etiamsi
1242 4081 1388 4135 enim
1435 4087 1548 4134 tute
1577 4095 1722 4135 unus
1764 4080 1843 4135 sis
1891 4095 1921 4134 c
1953 4095 2057 4134 nu-

483 4186 634 4228 mero
665 4171 900 4226 ﬁliorum
933 4170 1238 4235 hominum,
1267 4178 1430 4242 atque
1453 4171 1520 4226 iis
1550 4171 1642 4240 qui
1676 4171 1730 4224 in
1760 4177 1904 4224 terra
1930 4185 2054 4223 ver-

483 4273 678 4320 santur
712 4268 1108 4317 annumeratus
1151 4263 1262 4329 sis;
1317 4273 1372 4316 at
1408 4263 1556 4316 nulla
1584 4261 1938 4332 pulchritudo
1972 4272 2058 4318 est

482 4364 592 4412 tua:
618 4353 1006 4425 comparanda.
1043 4351 1226 4407 Palam
1260 4360 1441 4409 autem
1475 4363 1558 4408 est
1603 4354 1658 4409 id
1705 4355 1888 4424 quoad
1945 4355 2057 4408 vir-

478 4457 648 4506 tutem
691 4447 835 4514 dici;
871 4461 1049 4517 neque
1079 4445 1224 4502 enim
1257 4445 1324 4502 iis
1354 4444 1582 4501 adversa
1619 4446 1865 4517 proferre
1895 4455 2056 4518 pute-

475 4548 567 4594 tur
594 4537 765 4594 lsaias
794 4535 924 4590 dum
956 4535 1033 4589 ait
1061 4553 1075 4590 :
1115 4535 1183 4588 Et
1209 4533 1436 4589 vidimus
1473 4551 1614 4598 eum,
1663 4545 1711 4589 et
1769 4553 1871 4590 non
1900 4535 2058 4590 habe-

477 4633 565 4686 bat
612 4632 852 4701 specicnt,
891 4645 1052 4699 ne1ue
1071 4628 1548 4699 pulchritudinem.
1584 4629 1688 4684 Sed
1719 4632 1914 4700 species
1943 4633 2056 4702 ejus

475 4700 818 4789 inhonorata,
843 4723 1089 4793 deﬁciens
1107 4738 1216 4792 pra’
1241 4722 1371 4791 ﬁliis
1395 4722 1734 4777 hominum“.
1757 4700 2057 4794 llzccqnip-
2091 4700 2136 4755 θ

477 4829 544 4883 pe
571 4827 789 4867 crucem
818 4820 871 4867 et
893 4815 1202 4882 passionem
1236 4811 1702 4881 prmnuntiabant,
1747 4828 1868 4884 quae
1900 4821 2055 4884 pctu-

475 4901 644 4954 lantia
683 4908 736 4955 ct
784 4903 1113 4958 contumelia
1163 4902 1334 4972 plenae
1376 4902 1528 4959 fuere
1585 4923 1597 4958 :
1652 4919 1822 4974 quare
1873 4904 2060 4960 subdit

479 4992 744 5064 prepheta
764 4991 1014 5056 ",Homo
1043 4994 1095 5045 in
1123 4993 1289 5062 plaga
1320 4996 1598 5061 exsistens,
1636 5012 1698 5050 ac
1724 4997 1892 5050 sciens
1922 4996 2060 5065 ferre

476 5081 865 5154 inﬁrmitatem,
890 5083 1233 5138 inhonoratus
1270 5101 1362 5139 nec
1396 5083 1670 5155 rep‘utatus
1686 5098 1785 5142 est.
1808 5088 2058 5144 Psalmus

478 5191 612 5232 vero
655 5174 1136 5246 pulchritudinem,
1179 5192 1288 5231 non
1339 5179 1611 5248 corporis.
1663 5183 1740 5234 uti
1791 5180 2054 5246 diximus,

477 5267 753 5329 enuntiat,
780 5265 876 5322 sed
905 5265 1146 5330 virtutis,
1175 5284 1296 5338 qua:
1331 5270 1536 5323 nullam
1571 5269 1811 5325 admittit
1842 5273 2053 5342 peccati

478 5357 679 5412 labem.
710 5353 823 5410 Sub
851 5355 964 5410 haec
995 5355 1196 5413 dicitur
1230 5379 1242 5414 :
1280 5359 1488 5428 Di/fusa
1517 5370 1596 5414 est
1616 5363 1791 5432 gratia
1817 5364 1868 5416 in
1903 5364 2058 5417 labiis

479 5449 608 5510 tuis;
635 5456 909 5517 propterea
941 5444 1203 5502 benedixit
1247 5456 1294 5502 te
1347 5448 1485 5526 Deus
1519 5449 1572 5502 in
1597 5459 1872 5504 internum.
1907 5449 2058 5521 Moy-

479 5555 572 5598 ses
609 5541 776 5612 igitur
802 5539 1034 5612 gratiam
1067 5540 1361 5612 quamdam
1398 5541 1640 5607 invenit;
1673 5540 1784 5596 Noe
1830 5543 2052 5606 iterum,

564 5787 599 5820 "
638 5786 781 5843 Psal.
815 5804 971 5855 sun,
1002 5788 1093 5844 2‘2.
1173 5789 1219 5821 ”
1259 5787 1364 5844 lsa.
1405 5804 1500 5845 Lm
1529 5828 1542 5853 ,
1581 5787 1638 5847 2.
1718 5787 1760 5819 ⁶⁹
1798 5785 1930 5841 ilid.
1965 5786 2016 5840 5.

2225 2071 2435 2124 Είδέναι
2466 2071 2522 2124 δὲ
2541 2071 2640 2135 δεῖ,
2673 2071 2750 2134 ὡς
2779 2071 2922 2125 κατὰ
2944 2070 3043 2144 τήν
3068 2070 3180 2125 τῶν
3216 2069 3622 2142 Ἐὅδομήκοντα
3653 2069 3745 2142 ἑρ-

2157 2163 2382 2235 μηνείαν
2408 2163 2676 2233 συνῆπται
2709 2165 2741 2235 ἡ
2768 2164 2978 2218 διάνοια
2999 2163 3078 2235 τῷ
3110 2163 3342 2234 καλάμῳ
3367 2162 3460 2216 τοῦ
3489 2179 3743 2234 γραμμα-

2153 2253 2310 2318 τέως,
2349 2253 2438 2323 ὑφ’
2466 2255 2564 2308 ἕνα
2591 2272 2649 2308 τε
2682 2255 2865 2326 στίχον
2908 2256 2968 2310 τὸ
2996 2257 3115 2310 ὅλον
3150 2255 3484 2325 άπείληπται
3539 2252 3742 2323 λόγιον,

2154 2343 2327 2407 οὕτως
2350 2342 2490 2414 ἔχον·
2537 2344 2597 2400 Ἡ
2619 2343 2871 2414 γλῶσσὰ
2889 2363 3010 2414 μου
3067 2345 3335 2414 κάλαμος
3364 2343 3744 2416 γραμματέως

2157 2434 2522 2504 όξυῃοάφου·
2549 2435 2766 2504 ὡραῖος
2794 2436 3007 2491 κάλλει
3032 2436 3191 2505 παρὰ
3243 2436 3382 2503 τοὺς
3426 2431 3596 2504 υίοὺς
3624 2435 3745 2491 τῶν

2156 2523 2500 2593 ἀνθρώπων.
2545 2526 2697 2580 Ἐπεὶ
2733 2525 2846 2597 δὲή
2881 2525 3145 2598 Ἐὅραῖκὴ
3197 2525 3340 2590 λέξις
3370 2527 3466 2580 καὶ
3488 2528 3536 2579 ot
3570 2525 3747 2579 λοιποὶ

2156 2617 2510 2688 ἑρμηνευταὶ,
2538 2616 2636 2688 τὴν
2657 2616 2764 2670 τῶν
2802 2617 3060 2686 ἀνωτέρω
3099 2615 3337 2670 διάνοιαν
3367 2617 3746 2690 περιγράφειν-ι

2154 2723 2265 2770 τες,
2296 2707 2404 2762 ἀπὸ
2451 2709 2639 2781 ἐτέρας
2669 2710 2843 2782 ἀρχῆς
2870 2710 2967 2782 τὴν
2993 2709 3208 2763 ἔκθεσιν
3233 2710 3580 2781 ἐποιήσαντο·
3610 2710 3750 2764 είκὸ·

2154 2817 2260 2864 τως
2294 2801 2388 2853 καὶ
2412 2802 2572 2872 ἡμεῖς
2594 2800 2654 2867 ἐξ
2675 2802 2868 2874 ἐτέρας
2891 2802 3068 2874 ἀρχῆς
3122 2802 3207 2855 τό·
3273 2801 3502 2871 Ὠραῖος
3532 2803 3746 2856 κάλλει

2160 2888 2312 2958 παρὰ
2349 2891 2492 2958 τοὺς
2535 2891 2702 2958 υἱοὺς
2749 2891 2868 2946 τῶν
2924 2890 3273 2960 ἀνθρώπων,
3329 2891 3742 2964 παρεθήκαμεν.

2168 2983 2224 3037 '0
2260 2983 2357 3055 μὲν
2389 2979 2482 3038 οὖν
2523 2984 2754 3049 Ἀκύλας
2797 2983 2985 3039 τοῦτον
3032 2987 3344 3056 ἡρμήνευσε
3385 2985 3477 3039 τὸν
3521 2985 3748 3056 τρόπον,

2156 3074 2384 3130 Krause
2435 3075 2805 3145 ἐκαλλιώθης
2853 3076 2971 3131 ἀπὸ
3032 3073 3183 3130 υἱῶν
3235 3077 3581 3144 ἀνθρώπων·
3628 3077 3658 3128 6
3690 3075 3753 3130 δι

2158 3167 2472 3238 Σύμμαχος·
2505 3168 2729 3225 Κάλλει
2767 3169 2956 3236 καλὸς
2993 3165 3052 3223 εἷ
3069 3168 3228 3238 παρὰ
3259 3168 3401 3235 τοὺς
3425 3168 3595 3235 υἱοὺς
3627 3167 3748 3221 τῶν

2158 3259 2505 3327 ἀνθρώπων·
2537 3260 2679 3314 ὥστε
2730 3255 2869 3314 εἶναι
2928 3259 2998 3314 τὰ
3048 3259 3243 3333 πρῶτα
3303 3263 3402 3331 τῆς
3450 3260 3592 3331 ᾠδῆς
3623 3258 3747 3312 ἀντὶ

2163 3350 2450 3423 προοιμίου
2505 3350 2824 3422 λελεγμένα.
2859 3351 3083 3406 Μέλλων
3138 3351 3251 3422 γὰρ
3301 3350 3752 3420 εὐαγγελίζεσθαι

2162 3443 2253 3494 τὸν
2283 3442 2422 3514 ὑπὲρ
2447 3441 2541 3495 τοῦ
2589 3442 2900 3514 Ἀγαπητοῦ
2925 3443 3100 3512 λόγον,
3155 3444 3250 3498 καὶ
3277 3443 3376 3514 τὴν
3404 3443 3546 3515 ὑπὲρ
3578 3440 3748 3496 αὐτοῦ

2167 3534 2458 3606 προφέρειν
2485 3533 2625 3605 ᾠδὴν
2656 3535 2684 3588 6
2708 3535 3045 3606 προφητικδς
3068 3534 3534 3607 χορδς,προοιμίῳ
3553 3534 3751 3606 κέχρη.

2163 3643 2274 3690 ται,
2313 3626 2518 3697 στήσας
2551 3625 2611 3678 τὸ
2639 3625 2922 3697 προοίμιον
2951 3626 3056 3691 ἕως
3081 3624 3201 3678 τοῦ·
3237 3626 3304 3679 Ἢ
3344 3624 3596 3696 γλῶσσά
3623 3643 3746 3695 μου

2164 3716 2432 3786 κάλαμος
2478 3715 2862 3788 γραμματέως
2915 3715 3285 3786 ὀξυγράερου.
3355 3715 3636 3770 Ἐντεῦθεν
3687 3716 3747 3768 δὲ

2163 3809 2348 3864 λοιπὸν
2381 3809 2687 3880 ἀπάρχεται
2714 3808 2816 3878 τῆς
2855 3808 2935 3871 είς
2978 3808 3268 3880 πρόσωπον
3295 3807 3388 3860 τοῦ
3435 3806 3746 3878 Ἀγαπητοῦ

2163 3902 2322 3973 ᾠδῆς·
2358 3902 2634 3969 ἀναφωνεί
2659 3917 2718 3952 τε
2757 3899 2893 3971 πρὸς
2939 3899 3121 3952 αὐτόν·
3185 3900 3399 3972 Ὠραῖος
3445 3895 3494 3954 et
3535 3899 3745 3965 κάλλει,

2165 3993 2330 4056 καλὸς
2366 3987 2494 4061 εῒ,ἧ
2525 3991 2710 4045 κάλλει
2744 3990 3102 4061 ὲκαλλιώθης,
3133 3991 3164 4062 ἢ
3197 3991 3381 4045 κάλλει
3435 3991 3746 4064 ὼραιὼθης,

2163 4077 2208 4135 ὦ
2235 4082 2534 4154 Ἀγαπητὲ,
2567 4081 2718 4152 παρὰ
2746 4083 2872 4146 τοὺς
2897 4084 3045 4147 υἱοὺς
3072 4082 3182 4136 τῶν
3206 4082 3526 4156 ἀνθρώπων.
3547 4084 3611 4137 Et
3636 4081 3750 4152 γὰρ

2165 4175 2349 4229 καὶτὰ
2381 4175 2616 4245 μάλιστα
2645 4169 2725 4237 εἷς
2755 4191 2838 4238 τις
2862 4175 3094 4244 γέγονας
3139 4176 3232 4228 καὶ¹
3265 4175 3428 4240 αὐτὸς
3451 4176 3583 4228 υίῶν
3639 4174 3748 4228 τῶν

2165 4265 2486 4341 ἀνθρώπων,
2517 4268 2610 4322 καὶ
2649 4266 3064 4342 κατηριθμήθης
3095 4269 3207 4331 τοῖς
3237 4269 3331 4321 ἐπὶ
3372 4268 3476 4340 γῆς
3499 4268 3747 4322 πολιτευσ

2169 4360 2441 4432 σαμένοις·
2477 4359 2592 4413 ἀλλ’
2619 4360 2719 4412 οὐκ
2763 4359 2877 4412 ἔστι
2928 4359 3296 4428 παραϐάλλειν
3330 4359 3408 4430 τῷ
3433 4359 3620 4414 κάλλει
3652 4377 3747 4413 σου

2164 4451 2370 4521 ἕτερον.
2413 4449 2579 4520 Δῆλον
2631 4449 2708 4512 δὲ,
2759 4449 2842 4502 ὅτι
2901 4449 3043 4502 κατὰ
3083 4447 3181 4520 τὴν
3216 4449 3436 4520 ἀρετήν·
3468 4449 3614 4503 οὕτω
3639 4448 3747 4520 γὰρ

2169 4542 2291 4596 οὕτε
2317 4541 2455 4608 δόξει
2513 4542 2731 4596 ἐναντία
2786 4540 2995 4606 τούτοις
3043 4541 3271 4604 Ἡσαΐας
3313 4541 3496 4610 λέγειν
3544 4542 3744 4612 φήσας·

2167 4637 2274 4689 Καὶ
2312 4636 2515 4704 ἴδομεν
2533 4634 2742 4698 αὑτὸν,
2774 4634 2873 4687 καὶ
2898 4637 3010 4688 οὑκ
3048 4630 3210 4703 εἶχεν
3231 4630 3391 4700 εἶδος
3435 4633 3577 4687 οὐδὲ
3604 4632 3751 4687 πάι-

2163 4731 2290 4793 λος·
2319 4727 2480 4780 ἀλλὰ
2505 4726 2568 4779 τὸ
2598 4723 2758 4791 εἶδος
2788 4725 2974 4780 αὑτοῦ
3019 4723 3247 4793 ἄτιμον,
3279 4723 3563 4778 ἐκλεῖπον
3589 4725 3747 4792 παρὰ

2166 4818 2308 4883 τοὺς
2331 4817 2501 4882 υἱοὺς
2528 4815 2644 4870 τῶν
2658 4816 3004 4886 ἀνθρώπων.
3024 4817 3237 4870 Ἐκεῖνα
3259 4814 3366 4886 γὰρ
3396 4815 3485 4868 τὸν
3517 4815 3745 4886 σταυρὸν

2165 4911 2259 4964 καὶ
2288 4909 2350 4962 τὸ
2383 4909 2552 4972 πάθος
2575 4907 2972 4979 πρωνεφὼνει,
3027 4907 3064 4960 ἃ
3095 4907 3380 4978 παροινίας
3407 4907 3499 4960 καλ⁵
3537 4905 3744 4978 ὕϐρεως

2171 5000 2381 5070 ὑπῆρχε
2438 4999 2630 5070 μεστά·
2677 4999 2758 5052 διὸ
2800 4998 2864 5068 δὴ
2894 4998 2990 5053 καὶ
3046 4999 3326 5066 ἐπήγαγεν
3364 4998 3392 5049 6
3435 4997 3742 5066 προφήτης·

2172 5093 2507 5158 Ἀνθρωπος
2545 5090 2614 5144 ἐν
2637 5088 2842 5159 πληγῇ
2873 5087 2979 5153 ὢν,
3005 5088 3103 5142 καὶ
3133 5087 3305 5154 εἰδὼς
3331 5087 3534 5157 φέρειν
3553 5091 3744 5157 μαλα-

2165 5184 2322 5246 κίαν,
2354 5182 2652 5251 ἡτιμὰσθη
2710 5181 2808 5237 καὶ
2853 5183 2964 5236 οὐκ
2997 5181 3303 5251 ἐλογίσθη.
3358 5179 3418 5234 Ὀ
3449 5180 3504 5233 δὲ
3537 5177 3747 5250 ψαλμδς

2165 5274 2357 5338 κάλλος
2393 5273 2556 5326 αὐτοῦ
2592 5273 2764 5336 καλεῖ,
2793 5273 2913 5326 καθ’
2947 5272 2983 5327 ὃ.
3035 5273 3269 5345 εἴρηται,
3305 5273 3366 5326 οὐ
3397 5272 3456 5324 τὸ
3500 5271 3594 5324 τοῦ
3645 5269 3747 5324 σὼ-

2169 5383 2355 5436 ματος,
2390 5365 2526 5418 ἀλλὰ
2551 5363 2609 5417 τὸ
2641 5365 2740 5436 τῆς
2763 5365 2986 5436 ἀρετῆς,
3050 5364 3324 5436 ἁμαρτίας
3358 5364 3416 5416 οὐ
3456 5362 3747 5432 δεξάμενον

2168 5449 2372 5510 σπῖλον.
2431 5455 2651 5518 Τούτοις
2702 5455 2828 5526 ἑξῆς
2886 5456 3117 5527 εἴρηται·
3181 5455 3468 5524 Ἑξεχύθη
3504 5455 3541 5522 ἡ
3577 5450 3750 5522 χάρις

2167 5549 2236 5601 ἐν
2263 5549 2495 5618 χεί.ῑεσί
2523 5565 2660 5604 σου·
2697 5547 2792 5602 διὰ
2819 5549 2995 5604 τοῦτο
3017 5545 3316 5618 εὐ.ίόγησέ
3338 5563 3412 5626 σε
3435 5549 3469 5600 ό
3498 5545 3642 5612 Θεὸς
3653 5543 3749 5614 pic
