4010 6542
350 393 461 448 397
1480 392 1980 450 COMMENTARIA
2021 394 2086 449 IN
2124 396 2462 454 PSALMOS.
3489 413 3598 470 399

349 510 464 564 τὸν
488 507 694 566 αἰῶνα.
729 510 968 582 Μωῦσῆς
999 513 1096 582 μὲν
1141 506 1234 566 οῦν
1269 504 1392 584 εῦρε
1429 512 1556 582 μίαν
1588 513 1709 567 τινὰ
1750 515 1906 583 χάριν

2035 514 2261 583 gratiam
2286 516 2523 585 aliquam
2551 517 2755 573 invenit
2787 519 2840 572 in
2875 518 3173 591 conspectu
3203 507 3416 576 Domini
3442 541 3458 590 ;
3483 524 3598 580 sin-

349 602 451 655 καὶ
488 601 612 654 Νῶε
639 601 800 656 πάλιν
829 597 954 674 εὗρέ
1004 621 1125 658 τινα
1181 605 1338 676 χάριν
1375 603 1601 657 ἐνώπιον
1647 604 1739 658 τοῦ
1771 605 1904 658 Θεοῦ

2033 607 2144 676 guli
2198 607 2452 663 similiter
2495 608 2630 679 justi
2688 611 2877 681 gratiae
2917 613 3213 682 participes
3243 612 3463 668 fuerunt
3495 634 3508 670 :
3542 625 3598 672 at

347 695 447 747 καὶ
477 693 705 758 ἕκαστος
755 694 862 748 τῶν
907 695 1128 749 δικαίων
1179 697 1396 768 χάριτος
1453 697 1732 767 μετέσχεν.
1778 697 1906 749 Ἑπε

2031 700 2158 769 quia
2191 707 2417 770 paterna
2465 701 2640 772 gratia
2685 703 2741 758 in
2784 702 3050 760 Dilectum
3107 704 3278 761 eﬂ‘usa
3311 713 3424 761 tota
3458 707 3595 776 fuit;

343 785 409 840 δὲ
428 784 521 839 τοῦ
553 786 860 856 Ἀγαπητοῦ
891 790 1036 840 πᾶσα
1069 790 1101 858 ή
1125 787 1364 859 πατρική
1393 791 1472 851 είς
1495 789 1656 841 αὑτὸν
1690 788 1906 842 ἐκενὼοι

2031 788 2194 844 Pater
2219 791 2362 846 enim
2394 792 2450 846 in
2487 791 2625 848 Filio
2657 793 3012 864 loquebatur;
3047 795 3168 850 ideo
3211 811 3332 866 quae
3360 797 3482 866 ejus
3537 797 3595 853 in

343 874 530 946 χάρις’
556 871 622 948 ἦν
655 877 763 948 γὰρ
788 879 816 931 ό
851 878 1038 949 Πατὴρ
1092 879 1268 932 λαλῶν
1301 881 1358 932 ἐν
1401 880 1533 951 Υίῷ·
1575 881 1723 935 ἔνθεν
1767 883 1860 935 καὶ
1892 885 1906 934 i

2030 880 2277 937 homines
2307 882 2574 940 adventus
2605 883 2929 940 administra
2965 887 3100 950 fuit,
3129 889 3302 959 gratia
3336 889 3496 958 plena
3517 888 3596 944 di-

339 966 781 1038 διακονησαμένη
814 968 912 1040 τὴν
939 971 1018 1032 εἰς
1049 967 1369 1041 ἀνθρώπους
1401 971 1566 1024 αἰτοῦ
1593 971 1820 1043 πάροδον
1845 989 1903 1025 κε

2028 978 2114 1024 cta
2148 981 2252 1028 est.
2293 971 2426 1027 Nam
2459 975 2514 1028 in
2543 973 2664 1044 ipso
2692 975 2901 1044 placuit
2934 991 3151 1032 etnnem
3199 979 3593 1050 plenitudinem

339 1059 697 1130 χαριτωμένη
719 1058 934 1131 ἐλέχθη.
975 1061 1062 1114 Ἐν
1105 1061 1256 1132 αὐτῷ
1288 1062 1394 1132 γὰρ
1427 1062 1684 1134 εύδόκησε
1721 1065 1827 1118 πᾶν
1865 1064 1926 1118 τὸ

338 1154 722 1227 πλήρωματίπ
743 1155 992 1227 θεότητος
1011 1161 1330 1228 κατοικῆσαι
1345 1157 1770 1228 σωματικῶςοδιὸ
1785 1159 1922 1212 πάν-

333 1263 435 1310 τες
463 1249 511 1301 οἱ
545 1247 691 1316 ἅγιοι
732 1250 796 1301 ἐκ
842 1247 936 1300 τοῦ
996 1247 1354 1320 πληρώματος
1402 1250 1568 1304 αὑτοῦ
1620 1250 1916 1322 εἰλήφασινε

429 1337 735 1403 Ἐπισαλεῖς
785 1340 841 1392 δὲ
895 1341 987 1393 καὶ
1042 1339 1235 1404 οὕτως·
1272 1341 1343 1394 Τὸ
1378 1341 1593 1412 πρῶτον
1636 1340 1797 1412 ἔργον
1824 1340 1919 1394 τοῦ

347 1429 664 1500 Ἀγαπητοῦ
691 1433 724 1501 ἡ
775 1430 934 1501 χάρις
969 1434 1001 1502 ἡ
1066 1432 1123 1484 ἐν
1155 1434 1266 1495 τοῖς
1299 1431 1530 1502 χείλεσιν
1557 1430 1720 1484 αὑτοῦ
1760 1449 1920 1502 κεχυ-

334 1523 501 1593 μένη,
535 1523 676 1576 κατὰ
720 1521 817 1594 τὴν
853 1522 1206 1577 ἀποδοθεῖσαν
1238 1523 1495 1576 διάνοιαν·
1524 1523 1618 1576 καὶ
1669 1521 1789 1576 καθ’
1811 1523 1920 1575 ἓτε-

335 1628 436 1681 ρον
464 1612 520 1665 δὲ
551 1612 772 1684 τρόπον,
805 1613 842 1680 ἠ
873 1611 1043 1681 χάρις
1073 1612 1171 1666 καὶ
1204 1614 1241 1681 ἡ
1287 1611 1538 1678 ἀλήθεια
1569 1611 1666 1666 διὰ
1713 1610 1916 1678 Ἰησοῦ

327 1703 594 1770 Χριστοῦ
604 1700 856 1771 ἐγένετο.
878 1704 1094 1775 Ἐπειδὴ
1119 1703 1293 1757 πάντα
1315 1700 1668 1774 χαριζόμενος
1681 1701 1915 1773 ἔπραττε

327 1793 450 1854 τοῖς
473 1791 570 1862 μὲν
602 1791 782 1859 ἀφιεὶς
814 1789 912 1853 τὰς
937 1791 1230 1862 ἁμαρτίας,
1265 1789 1373 1842 τῶν
1400 1791 1456 1843 δὲ
1481 1789 1578 1854 τὰς
1603 1790 1792 1855 νόσους
1825 1791 1916 1844 καὶ

2026 1062 2329 1120 divinitatis
2361 1065 2608 1121 habitare
2639 1067 3000 1137 corporaliter
3026 1086 3040 1123 :
3074 1069 3430 1138 quamobrem
3464 1083 3593 1125 san-

2025 1153 2096 1206 cti
2130 1169 2319 1212 omnes
2351 1171 2415 1213 ex
2447 1156 2786 1227 plenitudine
2808 1158 2935 1228 ejus
2961 1169 3308 1229 acceperunt.

2093 1329 2206 1385 lloc
2232 1331 2360 1388 item
2389 1335 2550 1390 modo
2593 1335 2708 1390 haec
2740 1344 2977 1392 tractare
3006 1337 3132 1392 licet
3179 1356 3192 1391 :
3225 1325 3465 1391 Primum
3501 1318 3593 1391 Dio

2021 1419 2146 1474 lecti
2194 1437 2333 1492 opus
2363 1433 2447 1479 est
2495 1427 2692 1496 gratia,
2740 1442 2862 1497 quae
2909 1427 3208 1482 secundum
3260 1429 3591 1482 sententiam

2013 1509 2127 1580 jam
2159 1514 2486 1583 explicatam
2528 1515 2584 1570 in
2636 1515 2796 1572 labiis
2844 1517 2964 1587 ejus
3014 1516 3214 1573 diﬂ'usa
3243 1524 3358 1586 est;
3387 1533 3451 1572 ac
3483 1518 3591 1572 alia

2019 1602 2251 1669 ratione,
2281 1607 2454 1674 gratia
2484 1616 2533 1660 et
2575 1608 2765 1662 veritas
2797 1624 2890 1678 per
2931 1607 3115 1663 Iesum
3142 1609 3412 1665 Christum
3441 1610 3590 1678 facta

2017 1704 2094 1748 est
2117 1696 2182 1749 ⁷⁸.
2222 1695 2504 1773 Siquidem
2528 1699 2734 1768 gratias
2766 1700 3129 1770 impertiendo
3157 1703 3339 1758 omnia
3370 1701 3586 1772 agebat,

2019 1779 2104 1836 his
2134 1793 2355 1851 peccata
2385 1785 2687 1852 dimittens,
2740 1788 2970 1842 alierum
3021 1790 3244 1848 morbos
3300 1791 3590 1845 infirmita-

325 1879 437 1943 τὰς
470 1880 739 1953 μαλακίας
771 1879 1018 1950 ἰώμενος,
1045 1883 1155 1942 τοῖς
1178 1881 1234 1933 δὲ
1278 1880 1340 1933 τὸ
1369 1880 1522 1948 ἅγιον
1549 1879 1772 1950 Πνεῦμα
1806 1881 1902 1934 δω-

2018 1877 2208 1942 tesque
2231 1887 2452 1938 curans,
2481 1875 2604 1931 aliis
2638 1875 2778 1932 dans
2799 1865 3064 1948 Spiritum
3082 1888 3354 1936 sanctum.
3382 1881 3588 1948 Quam-

267 2031 272 2034 _
324 1973 617 2045 ρούμενος.
649 1975 724 2026 Δι’
748 1973 776 2025 ὃ
798 1972 932 2044 πρὸς
955 1973 1116 2026 αὑτὸν
1143 1972 1362 2035 εἰκότως
1391 1971 1594 2042 εἴρητοο
1633 1971 1911 2040 Ἐξεχύθη

322 2067 368 2134 ἡ
397 2065 572 2142 χάρις
618 2065 688 2117 ἐν
720 2065 955 2133 χείλεσι
983 2081 1120 2120 σου.
1155 2063 1376 2128 Τούτοις
1427 2063 1552 2135 ἑξῆς
1577 2065 1625 2117 οἱ
1676 2063 1911 2134 πρόσθεν

322 2156 830 2226 ἀποκλαυσάμενοι,
855 2155 947 2208 καὶ
969 2155 1066 2227 τὴν
1093 2156 1197 2209 ὑπὸ
1223 2159 1332 2218 τοῖς
1370 2155 1648 2226 πολεμίοις
1670 2154 1911 2209 δουλείαν

321 2248 545 2302 ἑαυτῶν
572 2246 1005 2318 ὑπογράψαντες,
1034 2247 1303 2317 εὐκαίρως
1332 2245 1422 2297 τὸν
1463 2245 1770 2317 Ἀγαπητὸν
1809 2246 1912 2298 ίκε-

317 2355 383 2390 τε
395 2337 548 2390 ύουσι
609 2335 839 2389 σπεῦσαι
865 2336 958 2388 καὶ
984 2335 1174 2407 μέχρις
1198 2335 1375 2388 αὐτῶν
1417 2334 1610 2402 ἐλθεῖν,
1637 2335 1912 2408 φραξάμε-

318 2445 417 2480 νον
451 2426 634 2490 ὅπλοις
663 2425 973 2496 πολεμικοῖς
995 2424 1082 2478 διὰ
1113 2426 1237 2488 τοὺς
1262 2424 1638 2496 ἐπικειμένους
1658 2425 1903 2496 ἐχθροὺς,

318 2515 404 2581 ὡς
437 2519 504 2572 ἂν
535 2517 956 2589 τφπωσάμενος
981 2517 1198 2581 αὐτοὺς,
1223 2516 1321 2588 τὴν
1372 2517 1462 2570 ὑπ’
1487 2517 1668 2580 αὐτοῖς
1707 2518 1907 2587 αἰχμα-

317 2609 530 2662 λωσίαν
560 2608 916 2678 ὑπεξαγάγοι.
943 2607 1033 2660 Διό
1065 2623 1216 2676 φασι’
1253 2609 1394 2676 Περί
1402 2606 1579 2667 ζωσαι
1619 2607 1732 2675 τὴν
1755 2609 1903 2675 ῥομ-

318 2700 518 2768 φαίαν
542 2715 658 2754 σου
687 2699 787 2752 ἐπὶ
809 2699 914 2752 τὸν
930 2700 1128 2768 μηρόν
1152 2712 1288 2761 σου,
1315 2695 1551 2750 ὄυνατέο
1579 2695 1776 2767 ὡραῖος
1807 2698 1904 2767 μὲν

317 2790 435 2863 γὰρ
462 2787 513 2844 εἴ
540 2791 632 2844 καὶ
661 2785 843 2856 καλὸς,
881 2791 1017 2862 πλὴν
1047 2790 1182 2845 ἀλλὰ
1214 2790 1350 2860 πρὸς
1385 2791 1450 2860 τῇ
1479 2787 1771 2860 ὡραιότητί
1811 2807 1901 2842 σου

319 2881 420 2933 καὶ
452 2879 589 2952 πρὸς
627 2879 706 2950 τῷ
731 2880 916 2935 κάλλει
961 2897 1053 2933 σου
1109 2877 1346 2932 ἀναλαϐε
1405 2878 1503 2948 τὴν
1544 2876 1741 2930 σαυτοῦ
1772 2893 1906 2930 παν-

316 2963 519 3026 οπλίαν
545 2971 613 3024 δι’
635 2973 782 3042 ἡμᾶς
809 2971 934 3035 τοὺς
965 2972 1090 3035 σοὺς
1143 2969 1347 3032 ἱκέταςο
1379 2968 1685 3038 ῥομφαίαν
1709 2984 1770 3021 τε
1804 2983 1905 3021 πε-

311 3063 495 3132 ρίθου
519 3061 598 3127 τῷ
621 3063 850 3116 σαυτοῦ
874 3052 1061 3133 μηρῷ,
1092 3059 1186 3116 καὶ
1213 3058 1356 3125 οὕτω
1388 3061 1487 3131 τὴν
1543 3060 1639 3132 σὴν
1678 3059 1904 3132 δύναμιν

317 3153 631 3216 ἀναλαϐὼν,
661 3146 892 3208 ἕντεινόν
923 3167 1014 3207 σου
1037 3153 1106 3207 τὰ
1134 3153 1279 3217 τόξα.
1315 3152 1546 3205 Ἔπειτα
1579 3150 1756 3222 βαλὼν
1778 3153 1904 3216 τοὺς
1929 3179 1974 3241 C

315 3237 576 3317 ἐχθροὺς,
627 3245 951 3300 κατευοδοῦ
1000 3245 1098 3300 καὶ
1148 3243 1464 3308 βασίλευε.
1507 3243 1808 3314 Ῥομφαίαν
1846 3243 1904 3298 δὲ

317 3336 412 3390 τοῦ
443 3335 754 3407 ’Δγαπητοῦ
782 3337 892 3390 νόει
917 3336 1016 3407 τὴν
1047 3335 1274 3407 δύναμιν
1300 3336 1398 3406 τὴν
1431 3335 1537 3390 τῶν
1562 3334 1770 3408 ἐχθρῶν
1805 3353 1905 3390 κα-

315 3417 641 3500 θαιρετικὴν
668 3429 761 3481 καὶ
815 3428 1184 3500 κολαστήριον.
1222 3429 1352 3481 Ζῶν
1377 3427 1486 3497 γὰρ
1513 3431 1546 3482 ὁ
1568 3430 1750 3499 λόγος
1796 3428 1903 3483 τοῦ

319 3519 477 3573 Θεοῦ
505 3520 600 3572 καὶ
639 3519 908 3588 ἐνεργὴς,
969 3520 1066 3573 καὶ
1125 3519 1448 3589 τομώτερος
1497 3519 1650 3588 ὑπὲρ
1696 3519 1904 3574 πᾶσαν

311 3612 622 3682 μάχαιραν
663 3611 969 3681 δίστομον.
1012 3612 1122 3664 Καὶ
1153 3611 1324 3676 ἄλλως
1348 3612 1403 3664 δὲ
1441 3611 1712 3683 ῥομφαίας
1765 3613 1899 3665 Θεοῦ

313 3705 664 3776 ὁπροφήτης
719 3703 990 3775 μέμνηται
1060 3702 1315 3774 Ἰεζεκιὴλ
1380 3696 1483 3756 ὦδε
1517 3702 1710 3771 λέγων·
1759 3701 1902 3756 Τάδε

313 3794 484 3865 λέγει
523 3794 760 3849 Ἀδοναῒ
786 3795 1018 3863 Κύριος·
1054 3796 1262 3848 Εἶπον·
1295 3791 1598 3864 Ῥοιιςςαία,
1613 3790 1899 3864 ῥομφαία,

317 3888 548 3952 ὅξύνου
587 3888 683 3940 καὶ
730 3887 1043 3956 ammonet,
1096 3885 1254 3952 ὅπως
1325 3885 1568 3953 σφάξῃς
1643 3885 1897 3954 σφάγιαο

317 3980 569 4043 ὀξύνου,
605 3975 764 4045 ὅπως
794 3970 936 4048 γέν-ῃ
969 3980 1058 4044 εἰς
1075 3965 1406 4031 στίλϐὠσιν
1442 3977 1644 4045 ἑτοίμη
1682 3976 1766 4043 εἰς
1791 3994 1902 4031 πα-

311 4071 602 4138 ράλυσιν·
663 4063 758 4124 καὶ
804 4069 986 4123 πάλιν·
1057 4067 1369 4138 Ἀνάκραγε
1426 4069 1524 4122 καὶ
1578 4069 1897 4135 όλόλυξον,

316 4160 407 4214 υἱὲ
433 4152 771 4229 ἀνθρώπου·
804 4159 892 4213 ὅτι
920 4153 1071 4228 αὺτὴ
1111 4147 1345 4228 ἐγένετο
1386 4160 1455 4213 ἐν
1479 4158 1557 4223 τῷ
1601 4159 1730 4226 λαῷ
1756 4177 1895 4230 μου·

317 4251 471 4318 αὕτη
502 4241 574 4303 ἐν
633 4251 757 4316 τοῖς
809 4238 1248 4319 ἀφηγουμένοις
1311 4251 1417 4305 τοῦ
1475 4237 1742 4320 ’Ῐσραήλο
1807 4253 1900 4305 καὶ

319 4333 470 4413 ἐξῆς⁶
500 4331 788 4406 Διάταξεν
821 4323 1054 4407 σεαυτῷ
1111 4341 1220 4395 δύο
1267 4341 1446 4410 ὀδοὺς
1473 4345 1578 4398 τοῦ
1603 4345 1900 4399 εἰσελθεῖν

311 4428 616 4507 ῥομφαίαν
663 4431 970 4501 βασιλέως
1002 4430 1377 4500 Βαϐυλῶνος·
1432 4434 1500 4489 ἐκ
1545 4435 1738 4504 χώρας
1754 4435 1898 4503 μιᾶς

2014 1963 2202 2018 obrem
2235 1965 2301 2020 de
2334 1967 2428 2020 illo
2459 1967 2585 2035 jure
2620 1969 2837 2024 dicatur
2871 1991 2883 2024 :
2935 1971 3147 2042 Diﬁ'usa
3180 1984 3258 2028 est
3301 1975 3479 2044 gratia
3531 1975 3588 2028 in

2015 2053 2173 2109 labiis
2221 2057 2346 2112 tuis.
2397 2056 2602 2114 Deinde
2655 2075 2784 2115 vero
2847 2061 2940 2132 qui
2987 2072 3148 2118 antea
3199 2063 3480 2130 fleverunt,
3530 2063 3588 2120 et

2014 2158 2167 2199 suam
2221 2147 2325 2201 sub
2378 2149 2618 2204 inimicis
2649 2151 2969 2207 servitutem
2999 2154 3432 2224 descripserant,
3481 2170 3584 2225 op-

2012 2243 2243 2304 portune
2330 2237 2593 2294 Dilectum
2666 2250 2960 2311 precantur
3001 2283 3016 2310 ,
3088 2252 3144 2298 ut
3213 2243 3436 2300 festinet
3515 2246 3585 2301 ad

2012 2341 2179 2397 seque
2220 2329 2402 2384 veniat
2439 2331 2734 2387 hostilibus
2787 2333 2956 2389 armis
3010 2336 3336 2402 instructus,
3384 2321 3455 2396 ob
3502 2337 3586 2390 in-1

2008 2428 2268 2490 gruentes
2296 2421 2572 2489 inimicos,
2619 2435 2679 2478 ut
2722 2423 2792 2480 iis
2821 2425 2876 2479 in
2906 2424 3088 2497 fugam
3122 2415 3314 2494 versis,
3343 2442 3402 2484 se
3432 2442 3463 2481 a
3492 2443 3584 2482 cas

2009 2509 2256 2580 ptivitate
2297 2513 2556 2568 abducat.
2606 2513 2788 2582 Quare
2847 2516 3022 2582 aiunt,
3077 2515 3364 2588 Accingere
3402 2509 3582 2588 gladio

2009 2612 2097 2655 tuo
2122 2617 2277 2672 super
2307 2603 2480 2673 femur
2510 2615 2678 2670 tuum,
2719 2608 3100 2676 potentissime.
3128 2595 3422 2678 Speciosus
3455 2609 3582 2679 quia

2007 2692 2129 2761 dem
2162 2708 2226 2749 ac
2259 2693 2485 2766 pulcher
2511 2713 2593 2764 es,
2619 2706 2858 2755 attamen
2881 2709 3080 2770 praeter
3105 2703 3344 2773 speciem
3374 2716 3437 2756 ac
3460 2702 3583 2772 pul-

2006 2784 2378 2842 chritudinem
2434 2793 2607 2853 tuam,
2664 2790 2854 2859 accipe
2911 2807 3012 2860 pro
3048 2793 3209 2848 nobis
3244 2793 3582 2862 supplicibus

2007 2882 2338 2931 armaturam
2373 2887 2544 2942 tuam,
2583 2881 2850 2951 accingere
2879 2883 3060 2951 gladio
3092 2891 3179 2937 tuo
3210 2898 3367 2952 super
3408 2883 3584 2952 femur

2008 2976 2194 3030 tuum;
2231 2967 2420 3038 sicque
2448 2977 2730 3040 assumpta
2777 2970 3117 3039 fortitudine,
3165 2973 3385 3028 intende
3416 2982 3582 3030 arcus

2008 3067 2157 3114 tuos.
2201 3059 2340 3114 llinc
2386 3061 2618 3116 conﬁxis
2662 3063 2904 3117 inimicis
2944 3065 3073 3130 tuis,
3105 3081 3349 3134 prospere
3390 3082 3485 3136 age
3529 3072 3582 3119 et
3619 3059 3624 3062 ”

2006 3169 2190 3224 regna.
2225 3151 2329 3208 Per
2357 3153 2600 3224 gladium
2654 3153 2849 3210 Dilecti
2879 3156 3152 3228 intelligas
3184 3158 3438 3212 virtutem
3476 3156 3584 3212 ini-

2005 3243 2164 3300 micis
2195 3244 2486 3300 exitiosam
2540 3252 2595 3301 et
2647 3247 2923 3302 ultricem.
2988 3247 3148 3304 Vicus
3181 3259 3261 3304 est
3292 3249 3432 3304 enim
3481 3247 3582 3304 Dei

2003 3353 2172 3391 sermo
2194 3346 2244 3392 et
2260 3338 2465 3407 efﬁcax,
2508 3346 2558 3392 et
2588 3339 2963 3409 penetrabilior
2997 3339 3141 3395 omni
3171 3339 3349 3412 gladio
3373 3340 3582 3410 ancipid

2005 3430 2046 3482 ti
2077 3431 2143 3484 “.
2179 3429 2246 3484 Et
2275 3431 2412 3486 alias
2456 3447 2676 3502 quoque
2726 3431 2966 3502 gladium
3001 3433 3267 3504 propheta
3317 3427 3412 3490 Dei
3445 3433 3582 3489 Eze-

2002 3522 2146 3578 chiel
2183 3530 2454 3578 memorat
2483 3523 2572 3578 his
2609 3523 2790 3579 verbis
2827 3538 2840 3574 :
2883 3523 3010 3578 Haec
3052 3524 3180 3578 dicit
3225 3513 3440 3578 Adonei
3472 3522 3581 3578 Do-

2003 3614 2178 3668 minus
2203 3629 2221 3668 :
2242 3613 2372 3668 Dixi
2390 3629 2409 3668 :
2446 3612 2496 3666 F
2501 3631 2704 3677 ramea,
2723 3615 2929 3682 {ramea
2952 3631 3159 3680 acuere,
3184 3625 3233 3668 et
3263 3615 3492 3668 irascere
3519 3621 3579 3668 ut

1992 3705 2207 3776 jugules
2235 3703 2498 3767 victimas,
2534 3720 2721 3758 acuere
2742 3713 2799 3757 ut
2819 3705 2894 3759 sis
2937 3704 3006 3757 ad
3045 3703 3353 3775 [algendum
3381 3710 3579 3772 parata

2003 3794 2072 3848 ad
2100 3795 2412 3849 solutionem
2443 3795 2521 3860 ἠς
2577 3808 2642 3848 ac
2691 3809 2952 3849 rursum:
2986 3791 3174 3848 Clama
3203 3802 3252 3846 et
3291 3792 3464 3857 ulula,
3494 3792 3580 3862 ﬁli

2003 3885 2253 3950 hominis,
2284 3871 2408 3956 quia
2431 3885 2549 3954 ipsa
2575 3885 2676 3954 fuit
2702 3886 2759 3939 in
2789 3886 2982 3955 populo
3016 3901 3128 3939 meo
3155 3901 3174 3939 :
3202 3885 3313 3939 lucc
3346 3887 3400 3938 in
3423 3885 3580 3940 duci-

2003 3979 2097 4033 bus
2127 3976 2300 4032 Israel
2319 3977 2400 4044 ⁷³;
2427 3993 2490 4032 ac
2519 3993 2738 4033 rursum
2786 3998 2800 4034 :
2835 3979 3108 4034 Constitue
3140 3979 3236 4034 tibi
3270 3979 3406 4034 duas
3437 3980 3573 4046 vias,

2001 4079 2059 4124 ut
2091 4070 2421 4140 ingrediatur
2446 4071 2654 4140 framea
2679 4073 2815 4143 regis
2835 4071 3126 4144 Babylonis
3147 4089 3166 4128 :
3196 4072 3258 4128 de
3287 4082 3426 4128 terra
3464 4089 3576 4129 una

2000 4160 2415 4232 egredientur”,
2447 4168 2501 4216 et
2527 4161 2633 4216 alia
2667 4163 2947 4234 deinceps,
2979 4162 3137 4234 queis
3168 4161 3432 4219 frameam
3471 4161 3579 4217 Na-

1999 4253 2475 4310 buchodonosoris
2498 4254 2698 4325 populo
2721 4255 3046 4320 immissam,
3073 4254 3335 4311 frameam
3358 4254 3577 4313 Domini

2001 4343 2136 4398 dicit
2166 4358 2309 4400 esse.
2345 4341 2406 4398 In
2455 4343 2769 4415 Evangeliis
2814 4344 2981 4399 etiam
3039 4344 3198 4415 legis,
3249 4359 3437 4415 regem
3479 4345 3576 4415 qui

2000 4435 2132 4491 fecit
2171 4435 2394 4505 nuptias
2435 4433 2546 4490 lilio
2580 4451 2704 4499 suo,
2737 4450 2832 4490 eos
2865 4434 2958 4504 qui
2991 4435 3335 4490 vocationem
3365 4435 3577 4491 abnue-

316 4519 761 4592 ἐξελεύσονται·
797 4520 890 4578 καί⁵
914 4525 982 4578 τὰ
1014 4525 1224 4588 τούτοις
1251 4525 1537 4590 ἀκόλουθα,
1568 4527 1634 4578 δι’
1659 4520 1733 4581 ὧν
1764 4529 1895 4599 ῥομ-

2006 4533 2143 4588 rant,
2179 4539 2478 4596 servosque
2501 4526 2683 4595 regios
2704 4525 3051 4592 occiderant,
3090 4523 3160 4579 ad
3186 4539 3376 4579 necem
3411 4524 3578 4579 tradi-

320 4609 484 4688 φαίαν
504 4618 597 4672 τοῦ
626 4618 829 4690 Κυρίου
852 4617 1000 4686 λέγει
1030 4618 1128 4688 τὴν
1182 4614 1452 4689 ῥομφαίαν
1481 4617 1575 4670 τοῦ
1618 4612 1894 4689 Ναϐουχο-

319 4700 534 4784 δονόσορ
557 4713 654 4784 τὴν
677 4711 1004 4782 ἐπαχθεῖσαν
1024 4709 1102 4781 τῷ
1131 4708 1262 4778 λαῷ.
1295 4709 1474 4778 Ἔχεις
1498 4707 1554 4760 δὲ
1579 4710 1672 4762 καὶ
1695 4711 1752 4762 ἐν
1782 4713 1895 4774 τοῖς

321 4796 690 4874 Εὑαγγελίοις,
719 4803 793 4866 ὡς
819 4803 846 4855 ό
881 4801 1049 4855 ποιῶν
1076 4800 1284 4871 γάμους
1309 4799 1385 4870 τῷ
1405 4799 1505 4870 υίῴ
1537 4800 1700 4854 αὐτοῦ
1735 4800 1892 4870 βασι-

319 4885 440 4961 λεὺς
474 4899 599 4960 τοὺς
627 4894 1137 4968 παραιτησαμένους
1177 4892 1274 4962 τὴν
1322 4891 1533 4962 κλῆσιν,
1567 4892 1659 4945 καὶ
1679 4892 1894 4947 ἀνελόν-

319 5007 413 5054 τας
434 4991 562 5052 τοῦς
621 4987 931 5058 βασιλικοὺς
959 4980 1196 5048 δούλους,
1232 4983 1593 5055 παραδίδωσιν
1640 4986 1719 5046 εἰς
1756 5001 1894 5052 σφα-

321 5081 578 5151 γήν⁶Καὶ
640 5079 903 5148 πέμψας,
961 5075 1128 5146 φησὶ,
1185 5074 1253 5128 τὸ
1297 5073 1634 5142 στράτευμα
1686 5073 1894 5136 αὑτοῦ,

325 5170 613 5238 ἐνέπρησε
641 5167 754 5235 τὴν
809 5163 991 5220 πόλιν
1044 5162 1259 5232 αὐτῶν.
1309 5162 1630 5234 Στράτευμα
1689 5162 1746 5214 δὲ
1796 5163 1890 5215 τοῦ

324 5261 579 5330 βασιλέως
638 5261 732 5330 τὴν
774 5251 1088 5329 ’Ῥωμαϊκὴν
1131 5258 1287 5327 χεῖρα
1340 5255 1594 5326 σημαίνει
1645 5257 1742 5325 τὴν
1796 5271 1892 5308 πο-

1997 4619 2178 4676 disse:
2209 4617 2281 4672 Et
2313 4621 2500 4684 misso,
2529 4619 2727 4688 inquit,
2776 4619 3010 4672 exercitu
3041 4633 3159 4682 suo,
3180 4617 3447 4670 civitatem
3493 4632 3576 4670 σου
3628 4672 3670 4684 ,,

1998 4727 2116 4764 rum
2139 4711 2406 4768 succendit
2430 4712 2496 4765 ⁷⁸.
2532 4709 2817 4766 Exercitus
2855 4720 3037 4763 autem
3093 4707 3237 4778 regis
3267 4705 3576 4761 Romanam
3623 4697 3636 4716 “

1998 4802 2207 4857 indicat
2240 4816 2488 4865 manum,
2534 4815 2656 4872 quae
2689 4799 3122 4870 Hierosolymam
3151 4795 3389 4852 obsedit.
3429 4795 3576 4863 Quia

1999 4893 2167 4964 igitur
2195 4893 2290 4948 tali
2317 4894 2498 4964 gladio
2523 4901 2642 4949 erat
2673 4892 2742 4948 ad
2772 4891 3107 4948 coercendos
3155 4889 3350 4945 Dilecti
3383 4887 3574 4944 adver-

2000 4986 2176 5042 sarios
2204 5000 2373 5056 opus;
2401 4985 2527 5055 jure
2551 4985 2838 5057 prophetia
2861 4985 2983 5056 ejus
3008 4998 3302 5054 personam
3325 4983 3406 5038 sic
3435 4982 3574 5036 allo-

1993 5077 2181 5146 quitur
2208 5093 2223 5130 :
2257 5076 2540 5148 Accingere
2573 5076 2751 5147 gladio
2783 5089 2874 5132 tuo
2897 5093 3054 5146 super
3081 5076 3256 5147 femur
3283 5085 3454 5141 tuum,
3474 5091 3572 5144 po-

1996 5166 2304 5223 tentissime.
2335 5168 2520 5238 Specie
2550 5177 2642 5222 tua
2668 5178 2716 5222 et
2745 5169 3136 5238 pulchritudine
3178 5178 3274 5223 tua
3333 5166 3568 5233 intende,

1995 5269 2239 5326 prospere
2265 5255 2484 5326 procede
2513 5266 2562 5312 et
2602 5274 2779 5329 regna.

323 5352 681 5426 λιορκήσασαν
707 5344 802 5424 την
837 5346 1211 5422 Ἰερουσαλήμ.
1281 5349 1431 5402 Ἐπεὶ
1460 5348 1638 5402 τοίνυν
1693 5347 1849 5420 χρεία
1880 5337 1948 5419 ἦν
1985 5350 2079 5402 καὶ¹
2109 5351 2363 5424 τοιαύτης
2394 5352 2668 5422 ῥομφαίας
2713 5353 2851 5406 κατὰ
2883 5353 2990 5406 τῶν
3022 5351 3439 5408 ἐπαναστάντων
3490 5348 3570 5420 τῷ

331 5451 637 5522 ’Δγαπητῷ,
679 5450 901 5511 εἰκότως
953 5446 1116 5516 φησὶν
1165 5448 1197 5516 ὴ
1243 5442 1550 5516 προφητεία
1593 5445 1672 5507 εἰς
1721 5443 1884 5499 αὑτοῦ
1923 5444 2228 5516 πρόσωπον·
2273 5446 2591 5517 Περίζωσαι
2636 5447 2750 5516 τὴν
2793 5451 3096 5518 ῥομφαίαν
3127 5448 3225 5501 ἐπὶ
3291 5443 3400 5500 τὸν
3451 5458 3569 5512 μη-

314 5546 420 5607 ρόν
451 5563 589 5607 σου,
625 5543 862 5598 bur-ars.
908 5541 985 5612 Τῇ
1015 5539 1326 5610 ὠραιότητί
1385 5554 1501 5594 σου
1543 5539 1642 5594 καὶ
1710 5537 1789 5604 τῷ
1822 5537 2036 5595 κάλλει
2102 5557 2239 5611 σου,
2288 5543 2387 5600 καὶ
2436 5545 2724 5610 ἄντεινον,
2785 5544 2882 5597 καὶ
2929 5541 3252 5598 κατευοδοῦ
3307 5535 3412 5593 καὶ
3449 5537 3570 5602 ,βα-

318 5637 538 5692 alleva.

419 5752 462 5781 ⁷⁸
501 5750 657 5807 Joan.
696 5768 748 5817 I,
785 5751 872 5808 17.
946 5753 986 5812 "_-'
1031 5748 1194 5806 ιιυιπ..
1241 5765 1316 5816 tv,
1381 5748 1469 5804 12.

326 5833 455 5886 nu,
499 5822 548 5874 'l.

1584 5749 1628 5780 ⁷²
1667 5746 1863 5803 Ezech.
1901 5764 1989 5802 ut
2015 5789 2029 5812 ,
2063 5747 2118 5814 9,
2155 5745 2238 5803 l0.

2343 5749 2390 5781 τι
2428 5747 2575 5821 .ibid.
2614 5748 2701 5802 ιε.
2820 5745 2858 5780 τι
2900 5745 3034 5804 λῦε-ιι.
3099 5740 3181 5802 t9.
3290 5744 3331 5778 "
3373 5745 3566 5809 Matth.
