4010 6574
408 401 518 459 399

1088 393 1357 452 EUSEBII
1391 391 1869 449 CAESARIENSIS
1905 392 2055 450 OPP.
2102 393 2282 449 PARS
2318 394 2403 449 lll.
2446 426 2517 437 -—
2554 390 2962 448 EXEGETICA.

3560 387 3689 450 £0!)

484 513 685 571 Deinde
714 511 992 582 suhjungit
1016 529 1028 565 :
1066 509 1287 578 Propter
1313 519 1580 563 veritatem
1610 518 1659 563 et
1683 519 1987 563 mansuetu-

2159 507 2269 563 Εἶτ’
2293 510 2551 579 ἐπιλέγει·
2583 511 2834 563 Ἕνεκεν
2856 506 3144 575 ἀληθείας
3185 503 3285 557 καί
3333 503 3688 571 πραότητος

413 604 611 669 dinem,
654 616 701 659 et
715 603 1006 674 justitiam,
1041 608 1089 653 et
1114 598 1328 653 deducet
1349 610 1395 653 te
1420 600 1734 653 mirabiliter
1768 600 1986 655 dextera

414 706 525 749 tua.
552 695 676 750 llaec
718 708 880 764 porro
910 708 1030 762 quae
1062 698 1387 761 sequuntur,
1419 692 1796 762 superioribus
1830 695 1987 749 simi-

415 787 486 841 lia
520 792 647 841 sunt
685 804 697 839 :
749 783 972 853 Sagith
1006 791 1110 835 tua:
1143 790 1336 844 acutw,
1368 790 1417 835 et
1446 783 1627 851 populi
1672 783 1767 837 sub
1808 793 1856 838 te
1897 801 1989 838 ca-

410 876 558 940 dent,
595 878 649 930 in
678 875 831 930 corde
857 874 1196 928 inimicorum
1223 874 1360 944 regis
1390 890 1407 926 :
1441 889 1562 943 quae
1593 890 1687 943 per
1722 876 1987 946 hyperba-

411 950 521 1023 ton.
539 984 635 1024 seu
662 966 1157 1037 transgressionem
1190 965 1339 1019 dicta
1388 973 1537 1021 sunt.
1581 964 1773 1021 Totam
1822 983 1986 1037 porro

413 1060 741 1117 sententiam
760 1060 864 1115 hoc
894 1060 1086 1115 ordine
1102 1060 1407 1115 constituas
1432 1077 1445 1114 :
1477 1058 1699 1129 Sagitta:
1725 1068 1828 1114 ture
1856 1076 1987 1116 acu-

413 1160 483 1205 ta:
508 1150 563 1204 in
596 1149 762 1203 corde
791 1149 1139 1204 inimicorum
1177 1148 1342 1219 regis.
1373 1146 1509 1201 Nam
1546 1149 1720 1217 primo
1747 1149 1859 1203 ait:
1887 1148 1986 1203 Sa-

414 1243 561 1311 gittae
582 1250 686 1296 tuae
715 1250 889 1295 acuta:
923 1242 1051 1295 lient
1076 1240 1339 1295 adversus
1368 1254 1465 1295 cor
1488 1240 1838 1294 inimicorum
1873 1249 1989 1295 tuo-

414 1346 570 1397 rum;
612 1329 807 1385 deinde
846 1345 995 1395 vero,
1031 1330 1209 1398 populi
1239 1329 1332 1383 sub
1359 1339 1405 1383 te
1440 1329 1648 1396 cadent,
1687 1332 1862 1400 pulsis
1893 1332 1990 1386 im-

415 1421 681 1477 missione
711 1422 944 1476 telorum
966 1428 1183 1476 tuorum
1213 1420 1473 1476 inimicis.
1505 1418 1659 1476 Tunc
1686 1421 1868 1491 itaque
1893 1436 1988 1492 po-

416 1511 530 1580 puli
581 1511 889 1566 libertatem
936 1510 1107 1573 nacti,
1149 1516 1202 1564 et
1232 1524 1262 1562 a
1298 1509 1671 1578 prementibus
1732 1523 1791 1565 se
1829 1510 1988 1566 malis

418 1603 779 1672 respirantes,
810 1602 876 1656 ad
909 1612 1032 1657 tuos
1064 1608 1357 1656 aceurrent
1385 1600 1573 1671 pedes.
1605 1600 1843 1673 Sagittas
1862 1617 1988 1657 vero

420 1692 616 1748 Dilecti
671 1693 948 1748 immissas
1006 1692 1061 1745 in
1109 1705 1206 1746 cor
1254 1691 1625 1755 inimicorum,
1681 1690 1988 1745 invisibiles

419 1782 686 1852 quasdam
715 1793 769 1837 et
815 1782 1060 1836 occultas
1098 1781 1294 1852 plagas
1344 1779 1679 1835 intellexeris
1725 1779 1987 1835 adversus

418 1851 696 1945 principes
718 1873 882 1943 hujus
909 1851 1136 1931 saeculi:
1174 1874 1375 1943 quibus
1402 1874 1522 1929 telis
1556 1872 1754 1927 conﬁxi
1786 1871 1990 1926 daemn-
2022 1851 2063 1906 Β

420 1979 518 2021 nes
548 1966 823 2035 quondam
846 1964 1101 2019 dicebant
1134 1982 1147 2019 :
1179 1964 1325 2029 Sine,
1350 1964 1474 2035 quid
1504 1964 1651 2018 nobis
1689 1974 1738 2019 et
1763 1958 1990 2028 tibi,Fiti

420 2054 559 2112 Dei?
591 2056 789 2112 Venisti
820 2067 942 2111 ante
971 2066 1171 2126 tempus
1206 2066 1443 2127 torquere
1477 2074 1569 2111 nos
1593 2058 1659 2111 ⁷⁸.

492 2256 649 2327 Quod
682 2259 1259 2334 speciosus,‘puicher,
1294 2259 1470 2334 gratia
1515 2258 1728 2333 phemus.
1762 2258 1989 2318 benedi-

423 2358 545 2405 ctus
575 2365 673 2404 rex
713 2358 766 2405 et
787 2350 1133 2405 inimicorum
1166 2352 1339 2405 victor
1360 2392 1375 2415 ,
1401 2350 1645 2405 Dilectus
1676 2349 1769 2405 Dei
1804 2350 1987 2413 fuerit.

424 2442 477 2495 in
508 2439 940 2511 praecedentibus
968 2440 1291 2498 edidicimus
1315 2460 1330 2509 ;
1361 2440 1509 2512 quod
1530 2451 1708 2496 autem
1729 2448 1990 2511 praeterea

344 2548 348 2552 ·
423 2530 568 2586 Deus
603 2533 695 2596 sit,
730 2531 785 2584 in
814 2532 1066 2601 praesenti
1100 2531 1383 2586 docemur.
1412 2530 1544 2601 Ejus
1576 2531 1775 2601 quippe
1806 2546 1993 2601 perso-

422 2637 548 2676 nam
576 2621 813 2693 Spiritus
835 2628 1057 2678 sanctus
1092 2624 1171 2678 sic
1208 2624 1539 2695 alloquitur:
1576 2623 1815 2678 Thronus
1847 2634 1989 2691 tuus,

421 2710 587 2776 Deus,
611 2712 666 2765 in
700 2712 950 2767 swculum
980 2713 1164 2767 sa’culi
1183 2729 1202 2778 ;
1233 2714 1347 2769 sive
1377 2714 1675 2768 secundum
1718 2714 1992 2784 Aquilam,

423 2800 668 2856 Thronus
705 2812 849 2868 tuus,
882 2802 1008 2867 Dee,
1048 2803 1101 2856 in
1131 2802 1383 2857 sa'culum
1411 2812 1459 2857 et
1492 2804 1655 2859 ultra.
1690 2804 1829 2871 Quia
1866 2820 1991 2860 vero

420 2908 602 2964 regem
627 2909 753 2949 eum
778 2895 1030 2963 superius
1062 2894 1423 2965 compellavit,
1446 2894 1569 2964 jure
1593 2895 1779 2967 adjicit
1814 2915 1826 2951 :
1873 2895 1992 2950 Vir-

372 3026 375 3033 .
418 2998 487 3050 ga
513 2981 842 3037 rectitudinis
866 2982 1009 3052 virga
1038 2983 1183 3052 regni
1215 2982 1310 3037 tui.
1341 2981 1486 3035 Nihil
1518 2982 1663 3037 enim
1702 2982 1757 3037 in
1788 2982 1882 3037 illo
1904 2981 1995 3037 de-

423 3074 644 3139 ﬂexum,
682 3073 822 3128 nihil
872 3080 1202 3127 tortuosum.
1252 3071 1331 3126 Ac
1363 3088 1433 3127 ne
1476 3074 1599 3143 quis
1624 3072 1850 3128 Judaice
1875 3088 1991 3128 rem

2089 598 2185 652 καὶ
2217 597 2625 664 δικαιοσύνης,
2662 597 2759 650 καὶ
2788 594 3074 663 ὁδηγήσει
3112 605 3186 646 σε
3242 587 3601 657 θαυμαστῶς
3632 589 3686 654 ἠ

2086 688 2252 753 δεξιά
2302 705 2439 744 σου.
2482 688 2667 741 Ταῦτα
2690 686 2744 739 δέ
2769 685 2967 755 ὁμοίως
2990 685 3103 746 τοῖς
3129 680 3308 743 ἄλλοις
3328 680 3643 748 ἐξηγήσατο
3659 692 3682 707 ο

2092 780 2171 835 Τὰ
2190 780 2348 849 βέλη
2380 797 2494 834 σου
2526 776 2889 847 ἠκονημένα,
2923 774 3021 827 καί
3048 772 3185 827 λαοὶ
3242 770 3521 826 ὑποκάτω
3550 784 3685 824 σου

2086 873 2436 937 πεσοῦνται,
2461 872 2531 925 ἐν
2560 870 2770 939 καρδίᾳ
2787 866 2906 922 τῶν
2921 864 3150 936 ἐχθρῶν
3163 865 3270 919 τοῦ
3287 860 3617 928 βασιλέως·
3645 860 3687 912 ὃ

2086 965 2150 1037 δὴ
2174 965 2294 1019 καθ’
2325 962 2632 1035 ὑπερϐατὸν
2678 965 2875 1014 κεῖται.
2931 958 3193 1027 Συνάψεις
3220 956 3284 1009 δὲ
3302 956 3402 1026 τὴν
3426 952 3685 1007 διάνοιαν

2086 1058 2271 1110 τοῦτον
2298 1056 2386 1109 τὸν
2423 1056 2641 1125 τρόπον’
2677 1053 2757 1106 Τὰ
2781 1053 2907 1123 βέλη
2961 1069 3054 1105 σου
3104 1045 3417 1119 ἠκονημένα
3448 1047 3508 1098 ἐν
3540 1060 3685 1114 καρ-

2086 1150 2173 1220 δίᾳ
2198 1148 2302 1202 τῶν
2324 1147 2534 1220 ἐχθρῶν
2557 1146 2650 1200 τοῦ
2676 1144 2959 1217 βασιλέως.
2995 1143 3214 1213 Πρῶτον
3247 1140 3345 1211 μὲν
3369 1140 3477 1209 γάρ
3509 1152 3679 1207 φησιο

2087 1240 2168 1292 Τὰ
2203 1238 2329 1308 βέλη
2366 1256 2457 1290 σου
2487 1235 2795 1307 ἠκονημένα
2819 1234 3101 1304 γενήσεται
3139 1230 3281 1283 κατά
3311 1232 3409 1299 τῆς
3439 1225 3684 1298 καρδίας

2086 1330 2193 1383 τῶν
2234 1330 2341 1383 σῶν
2371 1329 2598 1401 ἐχθρῶν·
2631 1326 2842 1386 ἔπειτα,
2876 1325 3011 1379 λαοί
3072 1319 3350 1377 ὑποκάτω
3393 1335 3510 1373 σου
3560 1330 3681 1370 πε-

2088 1422 2359 1483 σοῦνται,
2392 1420 2689 1473 ἐλαθέντων
2726 1422 2839 1481 τοῖς
2869 1420 2981 1475 σοῖς
3035 1414 3212 1485 βέλεσι
3270 1412 3380 1465 τῶν
3434 1409 3680 1481 ἐχθρῶν.

2088 1512 2131 1564 Τ
2135 1512 2162 1564 ὸ
2187 1512 2487 1582 τηνικαῦτα
2510 1510 2638 1580 γοῦν
2663 1508 2974 1579 ἐλευθερίας
3020 1506 3276 1576 τυχόντες
3312 1504 3361 1556 oi
3407 1502 3547 1565 λαοὶ,
3572 1500 3683 1554 καὶ

2089 1602 2526 1666 ἀναπλεύσαντες
2561 1602 2667 1655 τῶν
2711 1600 3007 1663 πιεζόντων
3050 1598 3245 1659 αὐτοὺς
3302 1592 3506 1658 κακῶν,
3555 1594 3682 1653 τοῖς

2090 1698 2201 1759 σοῖς
2254 1694 2689 1767 ὐποδραμοῦνται
2734 1694 2878 1747 ποσί.
2921 1691 3057 1761 Βέλη
3115 1689 3170 1741 δέ
3216 1686 3307 1740 τοῦ
3362 1682 3679 1754 Ἀγαπητοῦ

2091 1786 2527 1857 ἀποστελλόμενα
2553 1784 2695 1838 κατά
2736 1784 2834 1853 τῆς
2868 1780 3095 1851 καρδίας
3124 1778 3233 1831 τῶν
3264 1774 3474 1846 ἐχθρῶν
3501 1772 3681 1845 ἀορά-

2091 1894 2215 1940 τους
2238 1876 2392 1940 τινὰς
2414 1878 2506 1930 καὶ
2534 1876 2758 1944 ἀφανεῖς
2790 1874 3002 1944 πληγὰς
3030 1871 3244 1941 νοήσεις
3265 1866 3405 1921 κατὰ
3436 1866 3546 1919 τῶν
3569 1867 3683 1937 ἀρ-

2092 1970 2291 2038 χόντων
2312 1968 2403 2021 τοῦ
2431 1968 2622 2031 αἰῶνος
2654 1966 2863 2019 τούτουο
2911 1960 2990 2027 οἷς
3018 1963 3194 2034 βέλεσι
3245 1960 3680 2032 τιτρωσκόμενοι

2093 2077 2222 2112 ποτε
2243 2061 2291 2112 οἱ
2318 2060 2567 2130 δαίμονες
2596 2058 2799 2125 ἔλεγον·
2832 2058 2962 2119 Ἔα,
3002 2055 3059 2107 τί
3092 2052 3236 2122 ἡμῖν
3280 2050 3376 2103 καί
3423 2050 3545 2113 σοί,
3576 2047 3683 2104 Υἱὲ

2092 2149 2197 2203 τοῦ
2230 2150 2375 2203 Θεοῦ
2392 2167 2410 2213 ;
2442 2147 2663 2213 Ἶὶλθες
2693 2148 2805 2216 πρὸ
2833 2146 3040 2214 καιροῦ
3062 2145 3401 2211 βασανίσαι
3431 2141 3610 2211 ἡμᾶς.

2165 2262 2285 2313 Ὅτι
2311 2261 2509 2328 ὡραῖος
2539 2261 2629 2313 καὶ
2656 2259 2815 2322 καλὸς
2846 2258 2942 2310 καὶ
2989 2258 3207 2328 χάριτος
3251 2257 3484 2327 πλήρης,
3516 2253 3679 2306 εὐλοο

2092 2354 2328 2428 γημένΟς
2356 2369 2410 2403 τε
2440 2350 2689 2420 βασιλεὺς
2720 2349 2938 2401 καὶτῶν
2967 2348 3170 2420 ἐχθρῶν
3202 2347 3422 2418 νικητὴς
3448 2349 3477 2400 ὁ
3510 2348 3680 2415 Ἄτα-

2092 2449 2259 2519 πητὸς
2286 2443 2377 2499 τοῦ
2412 2441 2545 2499 θεοῦ
2584 2437 2671 2511 ἦν,
2695 2442 2758 2492 ἐκ
2785 2440 2890 2493 τῶν
2911 2440 3214 2511 ἔμπροσθεν
3249 2438 3676 2509 μεμαθήκαμεν

2092 2541 2171 2593 ὅτι
2200 2541 2254 2592 δὲ
2287 2540 2420 2611 πρὸς
2451 2534 2676 2601 ἐκείνοις
2703 2535 2835 2591 πᾶσι
2858 2534 2950 2586 καὶ
2983 2532 3111 2596 Θεὸς
3137 2528 3224 2602 ἦν,
3259 2532 3348 2584 διὰ
3376 2530 3483 2583 τῶν
3535 2547 3679 2600 προσ

2093 2632 2359 2702 κειμένων
2389 2631 2768 2701 διδασκόμεθα.
2807 2627 2902 2693 Εἰς
2938 2624 3100 2677 αὑτοῦ
3134 2624 3245 2695 γὰρ
3274 2625 3563 2696 πρόσωπον
3613 2622 3676 2674 τὸ

2094 2724 2315 2793 Πνεῦμα
2343 2724 2401 2775 τὸ
2431 2724 2581 2792 ἅγιον
2613 2725 2884 2792 ἀντιφωνεῖ
2939 2719 3114 2776 λέγον·
3186 2718 3246 2769 Ὀ
3291 2719 3503 2783 θρόνος
3530 2731 3677 2778 σου,

2094 2818 2127 2867 o'
2160 2816 2320 2880 Θεὸς,
2358 2817 2444 2881 εὶς
2496 2816 2603 2868 τὸν
2652 2815 2837 2869 αἰῶνα
2892 2816 2998 2869 τοῦ
3058 2808 3291 2873 αἰῶνος·
3343 2806 3549 2879 ἢκατὰ
3583 2806 3676 2859 τὸν

2106 2905 2353 2959 ’Λκύλανο
2399 2906 2451 2958 '0
2484 2909 2696 2974 θρόνος
2721 2922 2858 2972 σου,
2901 2906 3025 2970 Θεὲ,
3083 2910 3168 2971 είς
3212 2898 3396 2958 (tritura
3429 2900 3521 2956 xw."
3560 2898 3670 2957 fet.

2106 2998 2257 3051 Ἐπεὶ
2282 2998 2336 3051 δέ
2366 2998 2458 3050 καὶ
2487 2997 2707 3067 βασιλέα
2737 2999 2898 3051 αὐτὸν
2927 2998 3172 3069 ὠνόμασε
3197 2996 3283 3049 διὰ
3310 2995 3417 3048 τῶν
3454 2997 3671 3065 ἔμπρο-

2096 3087 2238 3152 σθεν,
2268 3090 2489 3150 εἰκότως
2513 3086 2770 3155 ἐπιλέγει·
2817 3088 3058 3154 Ῥάϐδος
3113 3089 3437 3154 εὐθύτητος
3486 3089 3524 3155 η
3554 3084 3673 3155 ῥά-

423 3162 720 3231 accipiens,
752 3161 1038 3215 mortalem
1072 3167 1233 3229 atque
1279 3162 1466 3216 multis
1514 3162 1736 3230 regibus
1759 3161 1990 3216 similem

2096 3178 2235 3244 ϐδος
2260 3178 2367 3246 τῆς
2402 3180 2724 3245 βασιλείας
2752 3197 2883 3233 σου.
2931 3180 3094 3232 Οὐδὲν
3136 3180 3244 3250 γὰρ
3276 3181 3331 3232 ἐν
3360 3178 3507 3250 αὐτῷ
3542 3196 3669 3232 σκο·

422 3254 695 3308 Dilectum
729 3252 823 3308 Dei
858 3253 1189 3323 suspicetur,
1211 3253 1524 3307 necessario
1543 3253 1703 3307 docet
1737 3254 1991 3306 thronum

421 3345 575 3414 regni
608 3342 730 3412 ejus
757 3358 786 3396 a
819 3344 1021 3398 saeculo
1052 3341 1241 3404 fuisse,
1262 3350 1424 3413 atque
1446 3341 1499 3395 in
1532 3342 1789 3397 saeculum
1811 3343 1995 3397 saeculi

423 3435 771 3489 duraturum.
806 3432 961 3499 Quod
1016 3439 1199 3487 autem
1243 3431 1356 3486 huic
1394 3447 1505 3486 non
1537 3432 1602 3487 de
1629 3446 1861 3500 persona
1893 3431 1997 3487 Pa-

424 3526 548 3591 tris,
582 3523 678 3580 sed
714 3523 781 3580 de
811 3538 1047 3595 persona
1079 3522 1272 3578 Dilecti
1319 3530 1372 3577 et
1400 3523 1662 3593 unigeniti
1698 3522 1819 3577 Filii
1851 3522 1995 3577 dicta

422 3617 555 3679 sint,
582 3616 684 3671 sub
705 3617 821 3672 hac
844 3616 1087 3684 declarat
1116 3616 1305 3673 dicens
1333 3636 1347 3673 ι
1382 3617 1630 3671 Dilexisti
1652 3616 1921 3686 justitiam
1946 3624 1996 3671 et

421 3709 584 3764 odisti
606 3710 957 3779 iniquitatem,
986 3719 1259 3779 propterea
1276 3711 1422 3764 unxit
1445 3720 1494 3765 te
1525 3710 1664 3764 Deus
1686 3709 1822 3764 Deus
1851 3720 1991 3763 tuus.

423 3800 568 3855 Deus
602 3816 767 3872 porro
798 3816 829 3856 a
855 3802 964 3857 Deo
1002 3809 1205 3858 unctus
1232 3802 1356 3875 quis
1383 3802 1567 3865 fuerit,
1602 3802 1711 3858 nisi
1744 3802 1791 3857 is
1817 3802 1911 3872 qui
1939 3802 1995 3856 in

423 3890 735 3961 Evangeliis
763 3888 907 3945 Deus
935 3892 1265 3961 praedicatur
1295 3909 1308 3945 :
1342 3890 1411 3944 Et
1453 3891 1677 3945 Verbum
1704 3901 1818 3947 erat
1855 3890 1994 3960 apud

410 3974 613 4042 Deum,
636 3991 685 4034 et
716 3980 856 4035 Deus
877 3990 990 4035 erat
1018 3982 1241 4036 Verbum
1264 3984 1349 4036 ’τί
1377 3981 1476 4038 Hic
1504 3984 1686 4052 itaque
1705 3981 1844 4037 Deus
1860 3981 1997 4038 Ver-

422 4070 555 4126 bum
589 4070 779 4125 dilexit
815 4071 1110 4141 justitiam,
1144 4083 1195 4126 et
1224 4072 1352 4126 odio
1405 4073 1595 4126 habuit
1629 4073 1993 4142 iniquitatem.

424 4159 533 4214 Pro
563 4175 670 4229 quo
708 4162 1021 4217 accuratius
1068 4162 1265 4231 Aquila
1304 4163 1387 4217 sic
1435 4163 1828 4233 interpretatus
1872 4172 1991 4219 est:

420 4249 624 4304 Dilexit
654 4252 921 4317 justitiam
975 4263 1025 4306 et
1074 4253 1193 4307 odio
1250 4253 1434 4306 habuit
1485 4256 1828 4323 impietatem.
1859 4254 1995 4311 Nam

419 4346 578 4394 recto
612 4355 746 4395 sane
772 4341 984 4410 judicio
1006 4344 1189 4412 justos
1224 4343 1331 4398 sibi
1364 4343 1612 4399 subditos
1640 4345 1998 4417 diligit,odit-

423 4446 529 4500 que
583 4430 718 4500 ipsis
772 4434 1102 4503 oppositos:
1161 4450 1331 4505 quare
1374 4439 1778 4506 praestantiore,
1830 4456 1994 4511 quam

2094 3271 2205 3324 λιδν
2227 3273 2346 3325 οὐδὲ
2375 3271 2826 3342 στραγγαλιῶδες.
2866 3273 2974 3324 Καὶ
3010 3274 3101 3326 ἵνα
3153 3274 3226 3343 μή
3249 3290 3332 3335 τις
3368 3272 3677 3336 Ἰουδαϊκῶς

2096 3361 2447 3432 ἐκδεξάμενος
2475 3362 2939 3433 ὑπολάϐοιθνητόν
2969 3380 3089 3416 τινα
3122 3366 3231 3425 τοῖς
3259 3362 3470 3422 πολλοῖς
3488 3362 3675 3431 ὅμοιον

2096 3452 2311 3505 ἕσασθαι
2338 3454 2562 3523 βασιλέα
2585 3454 2675 3506 τὸν
2716 3454 3022 3524 ’Λγαπητὸν
3051 3452 3145 3506 τοῦ
3176 3452 3332 3518 Θεοῦ,
3362 3452 3676 3520 ἀναγκαίως

2095 3541 2352 3606 διδάσκει,
2383 3544 2459 3606 ὡς
2490 3545 2596 3615 ἄρα
2617 3542 2676 3608 ἐξ
2708 3542 2901 3606 αἰῶνος
2923 3540 2989 3615 ἦν
3014 3547 3041 3597 ό
3066 3544 3251 3615 θρόνος
3268 3543 3368 3613 τῆς
3398 3542 3677 3613 βασιλείας

2096 3634 2280 3700 αὑτοῦ,
2309 3635 2545 3706 διαρκῶν
2574 3654 2632 3690 τε
2656 3638 2749 3690 καὶ¹
2772 3637 3039 3707 διαμένων
3063 3636 3214 3689 ἔσται
3250 3638 3327 3698 είς
3376 3636 3463 3687 τὸν
3499 3635 3675 3688 αἰῶνα

2093 3725 2188 3780 τοῦ
2229 3728 2443 3791 αἰῶνος.
2503 3717 2686 3782 Ταῦτα
2739 3729 2795 3782 δὲ
2828 3730 2910 3782 ὅτι
2965 3728 3040 3800 μὴ
3101 3731 3179 3791 είς
3235 3728 3523 3801 πρόσωπον
3577 3727 3674 3779 τοῦ

2097 3820 2307 3890 Πατρὸς
2332 3819 2771 3889 ἀναπεφώνηται,
2803 3819 2916 3872 ἀλλ’
2946 3822 3024 3883 είς
3058 3820 3118 3873 τὸ
3147 3820 3239 3873 τοῦ
3265 3818 3547 3889 ἀγαπητοῦ
3577 3820 3675 3871 καὶ

2100 3908 2418 3980 μονογενοῦς
2443 3909 2593 3975 Υίοῦ,
2618 3908 2820 3981 προῖὼν
2846 3910 3099 3978 διασαφεῖ
3117 3908 3307 3977 λέγων·
3327 3907 3681 3977 Ἠγάπησιις

2096 3998 2489 4066 δικαιοσύνην
2512 4038 2526 4063 ,
2573 4001 2670 4053 καὶ
2708 4000 3006 4070 ἐμίσησας
3042 4000 3328 4069 ἀνομίαν·
3361 3998 3459 4051 διὰ
3498 3998 3677 4051 τοῦτο

2098 4089 2303 4159 ἓχρισέ
2332 4106 2404 4142 σε
2430 4094 2461 4143 ὀ
2497 4090 2641 4155 Θεὸς
2677 4093 2709 4143 ό
2739 4092 2882 4157 Θεός
2908 4106 3047 4145 σου.
3073 4090 3203 4153 Θεὸς
3240 4090 3347 4160 γὰρ
3379 4091 3435 4142 ἐν
3465 4089 3678 4153 τούτοις

2098 4179 2383 4249 χριόμενος
2418 4178 2521 4230 ὑπὸ
2566 4177 2700 4230 Θεοῦ
2742 4178 2825 4238 τίς
2860 4178 2925 4233 ἂν
2953 4179 3038 4246 εἴη
3073 4180 3105 4249 ἢ
3157 4182 3185 4233 ὁ
3234 4182 3290 4234 ἐν
3327 4176 3679 4246 Εὑαγγελίοις

2100 4266 2535 4337 θεολογούμενοςσ
2568 4269 2675 4321 Kal
2700 4272 2732 4322 ό
2766 4270 2954 4339 Λόγος
2972 4265 3051 4339 ἦν
3070 4268 3217 4337 πρὸς
3252 4268 3357 4322 τὸν
3390 4268 3677 4331 Gadium!

2101 4359 2245 4426 Θεὸς
2276 4354 2356 4430 ἦν
2390 4363 2421 4413 ὀ
2454 4362 2680 4431 Λόγος;
2733 4356 2899 4424 Οὗτος
2953 4358 3046 4415 οὖν
3079 4362 3107 4413 ό
3151 4361 3281 4424 Θεὸς
3328 4360 3497 4429 Λόγος
3533 4360 3677 4430 ἠγά-

2100 4466 2242 4519 πησε
2265 4450 2633 4521 δικαιοσύνην,
2669 4453 2762 4504 καὶ
2811 4453 3070 4523 ἐμίσησεν
3102 4451 3351 4523 ἀνομίαν.
3397 4452 3533 4505 Ἀνθ’
3561 4446 3621 4504 οὗ
3649 4455 3679 4506 ὀ

422 4522 720 4592 participes
755 4524 861 4588 sui,
899 4524 1018 4580 oleo
1051 4525 1333 4596 inungitur
1371 4526 1519 4598 quod
1552 4536 1780 4583 vocatur
1816 4531 1995 4584 exsut-

2113 4542 2343 4605 Ἀκύλας
2363 4542 2748 4615 ἀκριϐέστερον
2778 4522 3116 4615 ἡρμήνευσεν
3142 4542 3330 4597 είπώνο
3373 4542 3679 4613 Ἠγάπησσ

424 4617 661 4680 tationis,
692 4623 747 4670 et
789 4615 857 4670 ab
886 4616 1005 4687 ipso
1039 4615 1149 4671 Deo
1183 4616 1344 4674 Patre
1397 4632 1501 4674 suo
1525 4620 1848 4692 inungitur;
1879 4622 1993 4677 sive

420 4704 533 4758 oleo
567 4706 782 4770 lcetitiw,
821 4707 1121 4762 secundum
1170 4709 1455 4779 Aquilam;
1482 4711 1566 4765 vel
1598 4710 1711 4765 oleo
1752 4712 1996 4782 splendo-

420 4796 517 4862 ris,
554 4799 857 4851 secundum
888 4797 1295 4870 Symmachum.
1331 4801 1467 4856 Cum
1510 4802 1663 4857 multi
1695 4818 1859 4874 porro
1885 4806 1996 4859 sint

420 4887 719 4957 participes
756 4890 900 4959 ejus,
933 4891 1049 4947 sive
1078 4894 1239 4948 amici
1269 4895 1410 4963 ejus,
1466 4894 1559 4963 qui
1592 4896 1781 4966 gratiae
1823 4896 1995 4965 ipsius

422 4986 713 5034 consortes
744 4987 895 5044 sunt,
932 4981 967 5034 ii
1010 4999 1139 5038 sane
1175 4984 1452 5041 dixerint:
1504 4984 1797 5056 Participes
1834 4987 1991 5042 Citrio

420 5070 493 5122 sti
543 5069 674 5136 facti
727 5086 907 5125 sumus
935 5072 1001 5126 ⁷⁸.
1030 5072 1355 5131 Praesentem
1391 5092 1524 5131 vero
1566 5079 1894 5134 sententiam
1928 5081 2009 5135 sic

420 5159 643 5229 quidam
699 5160 949 5231 legerunt
984 5183 997 5219 :
1054 5164 1342 5235 Propterea
1393 5170 1545 5222 unxit
1589 5179 1656 5233 te,
1700 5169 1822 5237 Dee,
1855 5170 1995 5226 Deus

421 5264 543 5305 tuus
570 5268 591 5316 ;
622 5261 787 5323 atque
825 5254 929 5310 hac
958 5256 1193 5312 lectione
1228 5256 1509 5314 Hebraicaa
1530 5261 1730 5318 littera:
1756 5264 1999 5320 servien-

419 5348 501 5397 tes
533 5328 626 5397 usi‘
661 5350 809 5397 sunt.
841 5343 1110 5411 Quoniam
1159 5346 1300 5403 Deus
1334 5348 1387 5403 in
1418 5349 1681 5405 llebraica
1725 5353 1996 5423 scriptura

418 5442 648 5488 vocatur
683 5434 915 5503 Elohim,
949 5440 1029 5493 sic
1057 5440 1290 5495 dicitur:
1324 5439 1389 5494 In
1422 5444 1677 5513 principio
1701 5445 1875 5499 throni
1897 5447 1994 5507 tui,

417 5525 544 5590 Dee,
568 5528 622 5580 in
654 5538 907 5584 aeternum
952 5541 1000 5587 et
1030 5532 1193 5585 ultra.
1238 5532 1591 5605 Septuaginta
1624 5537 1787 5605 igitur
1817 5540 1989 5592 inter-

417 5626 600 5685 pretes
630 5629 682 5676 et
729 5620 1088 5694 Symmachus
1121 5642 1135 5679 :
1167 5624 1405 5680 Thronus
1452 5636 1568 5678 tuus
1594 5668 1607 5689 ,
1641 5628 1799 5691 Deus,
1833 5629 1984 5683 dixe-

2099 4631 2513 4700 δικιιιοσύνην,
2550 4636 2645 4687 καί
2679 4634 2973 4701 ἐμίσησεν
3008 4633 3301 4704 ἀσέϐημα.
3333 4634 3526 4705 Κρίσει
3568 4633 3677 4704 γὰρ

2101 4724 2235 4794 ὀρθῇ
2266 4725 2389 4787 τοὺς
2415 4725 2504 4777 ὑπ’
2542 4725 2703 4778 αὑτοῦ
2749 4725 2988 4789 δικαίους
3012 4727 3221 4796 ἀγαπᾷ,
3265 4728 3413 4796 μισεῖ
3440 4725 3496 4777 δὲ
3550 4726 3679 4788 τοὺς

2100 4818 2394 4881 ἐναντίους·
2427 4819 2506 4871 διὸ
2552 4820 2761 4890 χρίεται
2801 4819 3118 4891 ›.ρείττονι.ῆ
3178 4819 3326 4892 παρὰ
3372 4820 3497 4881 τοὺς
3546 4833 3678 4888 μετ-

2100 4910 2257 4978 όχους
2283 4909 2446 4962 αὑτοῦ
2485 4909 2646 4981 ἐλαίῳ
2673 4910 2749 4982 τῷ
2775 4910 3090 4982 καλουμένῳ
3118 4910 3551 4980 ἀγαλλιάσεως,
3583 4910 3678 4962 καὶ

2102 4998 2311 5067 χρίεται
2351 4998 2453 5050 ὑπὸ
2473 4998 2565 5050 τοῦ
2590 4998 2725 5051 Θεοῦ
2771 4998 2865 5052 τοῦ
2928 4997 3118 5051 ἐαυτοῦ
3146 4996 3379 5068 Πατρὸς,
3409 4995 3442 5067 ἢ
3497 4994 3679 5062 ἐλαίῳ

2093 5084 2285 5153 χαρᾶς
2337 5088 2477 5140 κατὰ
2531 5087 2624 5140 τὸν
2690 5088 2946 5153 Ἀκύλαν,
2996 5089 3029 5158 ἢ
3095 5088 3277 5153 ἐλαίῳ
3337 5087 3677 5157 aptatowa

2097 5177 2236 5231 κατά
2264 5179 2354 5232 τὸν
2384 5179 2698 5250 Σύμμαχον.
2730 5179 2948 5235 Πολλῶν
3004 5181 3059 5234 δὲ
3092 5182 3259 5235 ὄντων
3289 5180 3398 5233 τῶν
3435 5180 3677 5250 μετόχων

2095 5268 2282 5333 αὑτοῦ,
2310 5269 2341 5339 ἢ
2379 5270 2611 5341 ἑταίρων
2642 5271 2807 5324 αὐτοῦ
2836 5272 2942 5325 τῶν
2963 5274 3059 5344 τῆς
3082 5272 3247 5326 αὑτοῦ
3284 5274 3503 5344 χάριτος
3550 5288 3680 5343 μετ-

2095 5364 2428 5434 εσχηκότων,
2455 5364 2504 5416 οἳ
2537 5366 2630 5419 καὶ
2672 5365 2877 5421 εἴποιεν
2901 5368 2983 5421 ἄν’
3010 5368 3261 5435 Μέτοχοι
3287 5366 3392 5420 τοῦ
3414 5364 3673 5435 Χριστοῦ

2095 5454 2442 5519 γεγόναμεν,
2491 5453 2820 5522 Ἀνέγνωσαι
2876 5456 2929 5509 δέ
2985 5475 3128 5520 τινες
3154 5458 3251 5528 τὴν
3307 5455 3671 5529 προκειμένην

2096 5542 2237 5606 λέξιν
2266 5537 2367 5595 ὧδέ
2402 5561 2536 5608 πωςο
2574 5546 2675 5599 Διὰ
2706 5545 2879 5599 τοῦτο
2917 5547 3126 5615 ἔχρισε
3159 5564 3251 5612 σε,
3310 5547 3433 5609 Θεὲ,
3465 5552 3495 5600 ό
3531 5548 3677 5615 Oed;

2093 5649 2229 5695 σου,
2251 5634 2529 5707 καὶταύτῃ
2557 5653 2616 5703 γε
2653 5637 2942 5707 κέχρηνται
2970 5636 3289 5707 ἀναγνώσει,
3318 5643 3383 5709 τῇ
3414 5637 3671 5711 Ἐϐραῖκῇ

481 5772 527 5801 ’⁸
566 5770 754 5829 Matth.
790 5791 907 5846 vm,
943 5777 1033 5833 29.
1111 5780 1155 5849 ἶτ
1192 5778 1349 5833 Joun.
1389 5796 1437 5834 ι.
1480 5781 1526 5832 «ί.
1605 5781 1648 5811 ⁷⁸
1691 5780 1853 5835 ilehr.
1891 5798 1980 5845 ιιι,
2019 5783 2098 5838 li.
