4010 6532
334 341 433 410 [θ’

1459 366 1967 428 ΕΟΜΜΕΝΤΑΠΙᾹ
2007 374 2072 431 IN
2113 378 2449 436 PSALMOS.
2521 425 2528 430 .

3476 393 3583 448 402

333 466 475 536 λέξει
493 469 895 536 δουλεύσαντες.
947 475 1277 551 Ἐπειδήπερ
1339 481 1636 556 Ἐλωεὶμό
1685 491 1819 557 Θεὸς
1850 495 1898 547 ὲκ

2013 509 2175 567 runt;
2207 500 2403 572 Aquila
2438 517 2585 566 vero,
2621 502 2743 572 Dee,
2779 505 3026 563 serviens
3057 507 3337 567 Hebraicze
3353 513 3578 570 dictioni

331 563 395 634 τῇ
443 561 705 634 Ἐδραῖκῇ
753 564 1062 635 ὼνὸμιιιιστειιι
1115 573 1323 641 γραφῇ,
1381 575 1570 630 εἰπών·
1616 581 1718 634 ἐν
1751 584 1906 652 ἀρχῇ

331 651 545 720 θρόνος
568 667 706 719 σου,
739 653 864 718 Θεὲ,
896 657 982 722 είς
1032 657 1217 714 αἰῶνα
1266 662 1363 716 καί
1424 666 1532 720 ἔτι.
1581 670 1642 723 Οἱ
1693 651 1909 742 μὲν

340 741 743 813 Ἐὸδομήκοντα
776 746 870 797 καὶ
901 748 929 799 ὁ
966 747 1282 821 Σύμμαχος·
1340 754 1394 807 '0
1437 759 1650 826 θρόνος
1675 741 1811 828 σου,
1879 769 1911 820 ό

332 833 496 898 Θεὸς,
533 835 840 905 εἰρήκασιν·
875 837 904 888 ὁ
949 838 1003 891 δὲ
1045 841 1295 906 Ἀκύλας·
1329 846 1454 911 Θεὲ,
1496 848 1792 917 δουλεύσας
1845 860 1908 927 τῇ

339 922 599 1012 Ἐὄραῖκῇ
630 924 792 990 λέξει,
830 930 1152 1000 περιεχούσῃ
1197 935 1462 1007 Ἐλωείμ.
1515 941 1650 995 Ἀλλ’
1681 945 1708 997 ὁ
1749 922 1911 1012 αὐτὸς

341 1010 591 1076 Ἀκύλας,
614 1012 642 1064 ὁ
677 1014 771 1067 νῦν
809 1016 915 1069 Θεὲ
957 1019 1214 1089 εἰρηκὼς,
1259 1024 1463 1094 προϊὼν
1492 1025 1618 1098 ἑξῆς
1658 1010 1908 1105 δεύτερον

327 1104 616 1175 εξρημένου
649 1105 744 1159 τοῦ
797 1107 1055 1178 Ἐλωεὶμ,
1105 1113 1161 1164 ὲν
1206 1113 1302 1183 τῷ,
1332 1116 1433 1169 Διὰ
1480 1119 1654 1174 τοῦτο
1702 1104 1907 1193 ἔχρισε

326 1211 400 1252 σε
438 1201 472 1253 ό
517 1200 678 1282 Θεὸς,
736 1202 941 1268 οὐκέτι,
991 1205 1117 1270 Θεὲ,
1161 1209 1520 1280 ήρμήνευσεν,
1553 1215 1707 1282 ἀλλὰ,
1741 1218 1904 1284 Θεὸς,

327 1287 515 1341 είπὼν·
553 1290 682 1344 Ἐπὶ
713 1294 902 1357 τούτῳ
934 1294 1148 1364 ἤλειψέ
1176 1313 1250 1352 σε
1282 1303 1314 1354 ό
1341 1301 1486 1370 Θεὸς
1542 1310 1575 1360 ό
1602 1310 1744 1374 Θεός
1793 1326 1926 1378 σου,
1965 1315 2021 1368 δέ

325 1378 426 1450 τῆς
460 1381 629 1454 αὐτῆς
655 1383 870 1450 λέξεως·
926 1386 1067 1442 οὕτω
1096 1389 1151 1442 δὲ
1204 1391 1567 1466 ἑρμηνεύσας,
1609 1397 1762 1457 εἶπεν
1811 1405 1895 1458 ἄν·

396 1493 638 1564 Σμύρνα
702 1500 798 1554 καὶ
833 1503 1062 1572 στακτὴ
1104 1507 1203 1560 καὶ
1244 1512 1428 1565 κασία
1479 1515 1598 1569 ἀπὸ
1628 1517 1746 1572 τῶν
1779 1523 1908 1589 ἱμα-

325 1588 468 1642 τίων
522 1605 660 1657 σου,
715 1593 834 1648 ἀπὸ
871 1595 1110 1664 ,βάρεων
1169 1599 1593 1670 ἐλεφαντίνων.
1659 1588 1806 1666 Ἀντῖ
1848 1615 1905 1667 δὲ

316 1680 560 1750 ,ϐάρεων
605 1683 1040 1753 ἐλεφαντίνων,
1115 1690 1145 1742 ὁ
1209 1691 1458 1759 Ἀκύλας·
1544 1698 1686 1754 Ἀπὸ
1744 1703 1906 1758 ναῶν

323 1771 589 1840 ὀδόντος,
633 1774 841 1846 εἴρηκε.
898 1778 1034 1830 Ναοὶ
1081 1779 1190 1848 γὰρ
1237 1783 1470 1840 ἐνταῦθα
1518 1788 1762 1861 εἴρηνται
1789 1792 1904 1848 ’τοῦ

321 1859 578 1932 Νυμφίου
624 1865 678 1917 αἱ
731 1864 1066 1936 Ἐκκλησίαι,
1097 1870 1190 1922 καὶ
1212 1872 1268 1924 αἱ
1297 1874 1516 1946 Χριστῷ
1557 1859 1908 1952 ἀνακείμεναι

317 1949 513 2024 ψυχαὶ,
544 1955 600 2007 ἐν
623 1954 811 2026 λογικῇ
840 1961 1013 2028 τροφῇ
1064 1963 1240 2015 πᾶσαν
1289 1963 1502 2034 ἔχοντες
1528 1967 1624 2039 τὴν
1658 1949 1903 2044 δύναμιν.

319 2041 547 2114 τροφῆς
583 2045 639 2098 δὲ
669 2047 762 2099 καὶ⁵
797 2047 969 2116 λόγων
1022 2049 1290 2120 σύμϐολον
1338 2055 1388 2108 οἱ
1448 2056 1677 2124 ὀδόντες.
1719 2041 1908 2118 Ἔνθεν

317 2135 418 2185 καὶ
449 2135 610 2188 αὑτοῦ
655 2135 760 2189 τοῦ
797 2138 1032 2208 Χριστοῦ
1088 2142 1137 2194 οἱ
1168 2143 1381 2209 ὀδόντες
1436 2147 1621 2204 λευκοὶ
1664 2151 1904 2221 λέγονται

318 2219 462 2276 εἶναι
501 2225 638 2298 ὑπὲρ
670 2227 809 2294 γάλα
853 2230 910 2281 ὲν
940 2233 1003 2301 τῇ
1035 2232 1161 2302 περὶ
1191 2233 1354 2288 αὐτοῦ
1385 2239 1664 2312 φασκούσῃ
1699 2219 1908 2314 προφη-

313 2314 462 2386 τείᾳ·
505 2317 820 2384 Χαροποιοι
869 2323 924 2373 οἱ
965 2321 1257 2390 ὀφθαλμοὶ
1311 2328 1497 2382 αὐτοῦ
1555 2330 1671 2384 ἀπὸ
1711 2334 1902 2399 οἴνου,

313 2403 421 2457 καὶ
454 2405 660 2459 λευκοὶ
701 2410 757 2460 οἱ
807 2409 1050 2478 ὀδόντες
1108 2413 1296 2467 αὐτοῦ
1343 2417 1380 2484 ἣ
1429 2416 1603 2487 γάλα.
1659 2422 1815 2477 Κατὰ
1847 2424 1902 2476 δὲ

311 2494 446 2558 τοὺς
469 2494 691 2560 λοιποὺς
748 2499 1106 2572 έρμηνευτὰς,
1150 2504 1483 2574 ἐλεφάντινοι
1539 2511 1587 2562 οἱ
1638 2513 1812 2584 ναοὶῆ
1847 2515 1902 2568 αἱ

315 2583 512 2658 βάρεις
553 2587 716 2641 αὑτοῦ
765 2589 1029 2658 λέγονται,
1062 2593 1147 2647 διὰ
1195 2596 1256 2648 τὸ
1295 2596 1490 2668 νεκροῦ
1551 2597 1692 2663 ζώου
1720 2583 1904 2672 τυχεῖν

313 2675 413 2729 τὸν
447 2677 506 2745 ἐξ
531 2677 823 2748 ἐλέφαντος
843 2683 1064 2754 κόσμον·
1110 2687 1162 2738 οἵ
1183 2704 1241 2739 τε
1273 2688 1328 2740 ἐν
1357 2691 1422 2759 τῇ
1462 2689 1759 2765 Ἐκκλησία
1812 2694 1903 2746 εύ-

313 2767 669 2838 ὂοκιμοῦντες
692 2773 790 2826 ούκ
815 2773 986 2838 ἄλλως
1013 2775 1406 2848 διαλάμπουσιν
1437 2779 1470 2851 ἢ
1497 2781 1906 2852 νεκρώσαντες

311 2859 393 2912 τὰ
409 2859 566 2930 μέλη
592 2861 661 2916 τὰ
687 2863 784 2917 ἐπὶ
814 2863 922 2933 τῆς
949 2865 1078 2935 γῆς,
1106 2867 1344 2941 κατατὴν
1382 2871 1740 2947 ἁποστολικὴν
1765 2892 1906 2948 παρ-

311 2951 597 3020 αγγελίαν.

389 3043 666 3116 Παρέστη
709 3048 748 3116 ἡ
772 3049 1118 3113 βασίλισσα
1151 3052 1220 3107 ἐκ
1246 3051 1462 3118 δεξιῶν
1492 3072 1609 3112 σου
1627 3098 1640 3122 ,
1676 3059 1746 3112 ἐν
1773 3063 1906 3129 lya-

2012 589 2240 646 Eloltim.
2295 591 2402 649 Sed
2437 593 2551 665 ipse
2600 595 2795 667 Aquila
2849 599 2962 669 qui.
2986 600 3098 670 jam
3130 601 3232 656 Dee
3257 602 3494 672 dixerat,
3529 607 3587 662 in

2011 683 2367 751 sequentibus
2421 685 2513 741 ubi
2561 689 2826 757 repetitur
2856 690 3088 759 Elohim,
3124 694 3229 750 hoc
3277 696 3421 762 loco,
3447 698 3586 753 Pro-

2012 780 2191 841 pterea
2246 775 2400 828 unxit
2451 783 2499 828 te
2544 775 2706 844 Deus,
2735 794 2846 834 non
2874 781 3023 836 ultra
3064 782 3169 838 Dee
3192 785 3586 857 interpretatus

2010 871 2114 926 est,
2151 866 2246 921 sed
2299 865 2461 933 Deus,
2496 868 2570 922 ita
2609 869 2800 928 dicens
2836 892 2850 929 :
2881 873 2948 929 In
3000 876 3096 930 hoc
3151 879 3302 932 unxit
3355 888 3403 934 te
3443 879 3585 934 Deus

2015 952 2156 1009 Deus
2194 966 2334 1012 tuus.
2371 958 2474 1026 Qui
2515 961 2560 1017 si
2597 963 2702 1019 sibi
2729 967 3093 1034 constitisset,
3144 967 3233 1024 hic
3270 970 3434 1026 etiam
3492 972 3588 1028 de-

2016 1044 2210 1101 buerat
2251 1048 2356 1105 Dee
2389 1051 2609 1120 dicere;
2643 1069 2765 1109 cum
2798 1058 2987 1113 eadem
3015 1059 3136 1128 ipsa
3167 1075 3271 1115 vox
3308 1068 3583 1128 occurrat,

2017 1139 2178 1204 atque
2225 1136 2301 1192 ita
2349 1138 2698 1212 interpretari
2732 1144 2919 1201 debuit
2955 1164 2971 1202 :
3007 1147 3295 1219 Propterea
3339 1153 3493 1207 unxit
3513 1161 3582 1219 te,

2021 1223 2145 1292 Dee,
2184 1229 2324 1286 Deus
2353 1240 2496 1290 tuus.

2025 1334 2084 1370 ον
2151 1321 2327 1394 ἑαυτῷ
2357 1328 2661 1398 συμφώνως
2695 1306 2789 1384 καὶ
2851 1327 3086 1384 ἐνταῦθα
3127 1333 3234 1387 Θεὲ
3269 1339 3439 1393 εἰπεῖν
3494 1337 3592 1395 ἐπὶ

1937 1411 2038 1466 Διὰ
2077 1415 2250 1471 τοῦτο
2276 1419 2485 1488 ἕχρισέ
2511 1438 2604 1488 σε,
2635 1425 2759 1491 Θεὲ,
2788 1429 2822 1480 ό
2852 1429 2996 1494 Θεὸς
3020 1441 3158 1487 σου.

2083 1529 2252 1591 Vsus.
2289 1535 2342 1590 9.
2377 1536 2602 1607 Myrrha
2642 1549 2692 1594 et
2729 1551 2878 1611 gutta
2927 1552 2976 1597 et
3017 1545 3165 1599 casia
3198 1561 3232 1598 a
3269 1544 3587 1601 vestimentis

2013 1623 2140 1688 tuis,
2174 1641 2206 1679 α
2238 1626 2484 1684 domibus
2527 1630 2790 1688 eburneis.
2821 1632 2928 1690 Pro
2957 1636 3050 1690 illo
3095 1644 3275 1692 autem
3298 1676 3313 1701 ,
3345 1637 3586 1692 domibus

2009 1714 2273 1785 eburneis,
2323 1718 2542 1789 Aquila,
2592 1739 2625 1775 a
2672 1725 2882 1794 templis
2933 1726 3126 1792 dentis,
3176 1727 3331 1784 dixit.
3363 1727 3587 1800 Templa

2010 1818 2162 1869 vero,
2194 1806 2456 1865 Ecclesiae
2491 1809 2716 1880 Sponsi,
2763 1822 2819 1869 et
2850 1815 3046 1872 anima:
3095 1817 3318 1875 Christo
3355 1819 3587 1876 addicta)

2009 1891 2098 1948 hic
2127 1905 2415 1963 vocantur,
2445 1915 2568 1970 quae
2619 1901 2677 1956 in
2738 1904 3049 1962 rationabili
3099 1909 3223 1964 cibo
3256 1917 3423 1966 totam
3477 1912 3584 1966 vim

2010 1983 2210 2040 habent
2243 1989 2563 2058 repositam.
2597 1988 2717 2046 Cibi
2749 2007 2879 2048 vero
2931 2009 2995 2049 ac
3028 1998 3316 2053 verborum
3367 1998 3587 2070 symbo-

2009 2075 2122 2129 lum
2157 2076 2351 2134 dentes
2381 2087 2532 2134 sunt.
2564 2079 2696 2137 Inde
2721 2090 2808 2139 est
2837 2085 2984 2154 quod
3033 2087 3225 2144 dentes
3266 2087 3495 2152 Christi,
3527 2089 3584 2144 in

2007 2164 2292 2234 prophetia
2326 2167 2506 2238 ipsum
2533 2177 2835 2240 spectante,
2858 2173 2995 2230 lacte
3023 2176 3368 2234 candidiores
3397 2178 3588 2232 dican-

2009 2258 2099 2306 tur
2132 2270 2144 2306 :
2179 2253 2454 2323 Splendidi
2478 2259 2618 2312 oculi
2645 2260 2760 2329 ejus
2782 2279 2814 2315 a
2845 2265 2981 2327 vino,
3019 2274 3068 2317 et
3103 2264 3283 2320 dentes
3313 2266 3427 2334 ejus
3459 2281 3586 2320 can-

2003 2342 2472 2401 didioreslacte”.
2501 2346 2814 2406 Secundum
2843 2355 3084 2424 reliquos
3104 2363 3283 2410 autem
3315 2358 3586 2429 interpre-

2006 2441 2108 2500 tes,
2136 2435 2377 2492 eburnea
2411 2441 2612 2511 templa
2639 2448 2734 2496 aut
2765 2443 2958 2500 domus
2997 2447 3117 2516 ejus
3149 2447 3434 2515 dicuntur,
3454 2451 3583 2521 quia

2004 2532 2232 2580 ornatus
2261 2527 2536 2585 eburneus
2571 2546 2635 2586 ex
2666 2533 2888 2588 animali
2921 2545 3138 2593 mortuo
3168 2547 3289 2608 est;
3322 2547 3375 2596 et
3397 2542 3492 2611 qui
3528 2544 3583 2598 in

2005 2611 2244 2670 Ecclesia
2293 2619 2607 2688 spectandae
2636 2621 2860 2679 virtutis
2893 2633 3044 2689 sunt,
3083 2643 3195 2682 non
3233 2629 3338 2684 alia
3368 2631 3584 2688 ratione

2007 2707 2294 2777 splendent
2348 2726 2512 2780 quam
2571 2713 2940 2782 morti/icando
2984 2719 3219 2772 membra
3271 2737 3371 2775 sua
3431 2737 3587 2791 super

2007 2806 2206 2853 terram
2235 2801 2302 2868 ⁸ο,
2334 2801 2634 2857 secundum
2660 2805 3020 2874 apostolicum
3051 2816 3402 2879 praeceptum.

2077 3037 2244 3096 Vens.
2279 3039 2366 3096 10.
2393 3038 2584 3094 Astitit
2623 3042 2804 3111 regina
2837 3059 2868 3095 a
2898 3043 3102 3099 dextris
3151 3046 3257 3100 tuis
3295 3047 3350 3101 in
3390 3049 3583 3106 vestitu

311 3137 508 3205 τισμῷ
548 3137 853 3208 διαχρύσῳ
882 3143 1352 3214 περιϐεϐλημένη
1388 3186 1402 3210 ,
1444 3149 1897 3220 πεποικιλμένη.

2006 3131 2281 3198 deaurato,
2307 3129 2636 3186 circumdata
2662 3134 2933 3188 varietate.
2967 3131 3116 3189 Filia:
3132 3150 3344 3207 regum,
3377 3134 3581 3194 Christi

311 3225 383 3277 Δί
417 3225 514 3296 μὲν
549 3224 844 3300 θυγατέρες
868 3229 976 3282 τῶν
1006 3231 1292 3301 βασιλέων,
1317 3235 1550 3306 Χριστοῦ
1581 3238 1780 3311 δηλαδὴ
1804 3240 1898 3294 καὶ

2005 3223 2258 3280 videlicet
2306 3231 2360 3280 ct
2421 3224 2682 3280 Ecclesiae
2715 3226 2857 3297 ejus,
2907 3227 3141 3298 singulae
3183 3239 3313 3284 sunt
3363 3233 3576 3288 animae.

308 3310 414 3380 τῆς
447 3311 770 3382 Ἐκκλησίας
814 3316 976 3370 αὑτοῦ
1003 3361 1017 3385 ,
1061 3322 1114 3372 αἱ
1146 3321 1284 3374 κατὰ
1330 3323 1495 3395 μέρος
1535 3321 1676 3397 ἦσαν
1709 3310 1895 3401 ψυχαί.

307 3401 463 3473 Αὐτὴ
493 3403 550 3456 δὲ
583 3406 616 3475 ή
648 3403 986 3480 βασίλισσαὴ
1030 3411 1212 3485 μήτηρ
1257 3415 1364 3467 τῶν
1402 3415 1712 3494 θυγατέρων
1758 3439 1897 3495 παρ-

309 3493 448 3565 έστη
479 3495 541 3547 ὲκ
564 3496 751 3564 δεξιῶν
779 3501 942 3554 αὐτοῦ
989 3502 1059 3556 ἐν
1088 3507 1378 3575 ἱματισμῷ
1408 3493 1713 3580 διαχρύσῳ
1740 3493 1898 3582 περι-

311 3585 673 3655 ὄεϐλημένη,
707 3593 1161 3662 πεποικιλμένη.
1186 3597 1282 3662 Τίς
1314 3598 1361 3654 δ’
1387 3598 1453 3652 ἂν
1486 3601 1572 3672 εἴη
1607 3603 1744 3676 αὐτὴ
1783 3604 1898 3658 ἀλλ’

307 3676 342 3744 ἢ
401 3676 550 3728 πᾶσα
586 3677 843 3751 καθολικὴ
886 3681 1269 3756 Ἐκκλησία,ή
1329 3686 1437 3739 ἀπὺ
1493 3690 1743 3759 περάτων
1796 3693 1899 3764 γῆς

307 3768 420 3832 ἕως
455 3769 704 3840 περάτων
753 3773 816 3825 ἐκ
846 3773 1062 3828 πάντων
1113 3776 1281 3830 ἐθνῶν
1340 3779 1771 3854 συνειλεγμένης
1831 3787 1896 3854 ἣν

307 3861 478 3925 αὐτὸς
492 3864 693 3934 -ἐαυτῷ,
719 3866 1065 3939 ᾠκοδόμησεν
1117 3869 1210 3923 ἐπὶ
1257 3870 1356 3943 τὴν
1389 3873 1617 3944 πέτραν,
1675 3876 1809 3947 πρὸς
1837 3878 1897 3932 τὸ

311 3951 392 4024 μὴ
429 3952 600 4018 πύλας
633 3955 758 4027 ᾅδου
782 3959 1094 4029 κατισχύειν
1131 3961 1325 4032 αὐτῆς.
1363 3963 1705 4037 κυριώτερον
1733 3967 1777 4020 δ’
1830 3968 1896 4022 ἂν

308 4039 488 4104 εἴποις
517 4040 604 4094 διὰ
634 4043 824 4098 τούτου
850 4045 946 4117 τὴν
984 4048 1303 4120 ἐπουράνιον
1331 4051 1622 4122 δηλοῦσθαι
1665 4056 1894 4129 Ἐκκλη-

310 4127 457 4192 σίαν,
489 4129 610 4200 ἥτις
644 4133 761 4184 ἐστὶ
792 4135 980 4205 μήτηρ
1004 4137 1110 4190 τῶν
1156 4138 1248 4191 ἐπὶ
1297 4141 1401 4211 γῆς
1448 4142 1617 4210 ἁγίων
1662 4127 1890 4217 ἀνῦρῶν.

307 4219 482 4273 Τοῦτο
505 4220 635 4288 γοῦν
665 4222 902 4291 ἐδὶὂαξεν
924 4227 952 4278 ὁ
983 4226 1123 4291 θεῖος
1158 4228 1477 4296 Ἀπόστολος
1508 4233 1696 4288 εἰπών·
1743 4237 1803 4290 Ἠ
1828 4237 1896 4291 δὲ

307 4308 434 4363 ἀνω
467 4309 855 4382 Ἰερουσαλὴμ
873 4314 1157 4385 ἐλευθέρα
1174 4319 1368 4384 ἐστὶν,
1393 4321 1528 4388 ἣτις
1548 4323 1678 4376 ἐστὶ
1697 4323 1893 4394 μήτηρ

307 4396 501 4466 ἡμῶν.
533 4400 706 4453 Καλεῖ
730 4401 774 4454 δ’
797 4403 965 4474 αὐτὴν
1003 4407 1098 4460 καὶ
1136 4409 1321 4461 πόλιν
1343 4407 1490 4464 Θεοῦ
1529 4410 1745 4480 ζῶντος
1790 4415 1891 4468 Ἰε-

2000 3315 2120 3386 ipsa
2173 3331 2304 3372 vero
2360 3317 2548 3388 regina
2598 3326 2775 3374 mater
2819 3319 3054 3375 ﬁliarum
3102 3320 3278 3378 astitit
3310 3337 3341 3377 a
3373 3323 3582 3380 dextris

1997 3408 2118 3478 ejus
2159 3408 2212 3461 in
2238 3409 2425 3463 vestitu
2447 3409 3075 3478 deaurato,circumdata
3113 3415 3387 3494 varietate.
3421 3414 3583 3481 Qua:-

1998 3514 2124 3553 nam
2178 3498 2293 3562 illa,
2328 3499 2437 3556 nisi
2466 3507 2581 3556 tota
2641 3501 2911 3557 catholica
2957 3502 3224 3568 Ecclesia,
3270 3521 3300 3558 a
3331 3506 3581 3562 terminis

1999 3597 2160 3644 terra:
2181 3606 2358 3661 usque
2388 3591 2456 3645 ad
2492 3593 2758 3648 terminos
2786 3593 2907 3664 ejus
2936 3610 3002 3650 ex
3028 3596 3300 3651 universis
3325 3595 3580 3666 gentibus

1998 3683 2364 3751 congregata?
2385 3697 2546 3751 quam
2579 3682 2695 3753 ipse
2718 3683 2822 3738 sibi
2838 3683 3128 3739 aediﬁcavit
3144 3699 3309 3754 supra
3341 3691 3574 3754 petram,

1999 3776 2059 3824 ut
2091 3777 2262 3840 porta:
2291 3769 2452 3824 inferi
2482 3785 2591 3826 non
2615 3772 2948 3841 prmvaleant
2982 3773 3249 3828 adversus
3276 3787 3418 3827 eam.
3442 3771 3582 3825 Con-

1999 3863 2286 3932 gruentius
2340 3877 2508 3933 porro
2556 3862 2762 3919 dixeris
2819 3864 2905 3918 his
2945 3862 3242 3934 signiﬁcari
3291 3863 3575 3919 cmlestem

1998 3953 2460 4024 Ecclesiam,qu:e
2483 3963 2798 4008 sanctorum
2835 3954 3078 4008 virorum
3111 3955 3166 4008 in
3199 3961 3345 4009 terra
3375 3955 3578 4025 degen~

2000 4044 2133 4099 tium
2184 4052 2361 4100 mater
2397 4053 2501 4100 est.
2539 4043 2655 4105 Hoc
2690 4059 2822 4100 sane
2860 4044 3048 4100 docuit
3086 4045 3308 4101 divinus
3335 4045 3574 4116 Aposto-

1997 4134 2082 4189 lus
2108 4149 2231 4189 cum
2251 4134 2325 4189 ait
2360 4152 2372 4187 :
2406 4132 2514 4187 Illa
2531 4143 2728 4198 autem,
2758 4150 2876 4205 qua:
2905 4150 3116 4188 sursum
3145 4144 3221 4188 est
3245 4127 3572 4200 Jerusalem,

1998 4223 2166 4278 libera
2198 4233 2312 4278 est:
2343 4241 2459 4296 qua:
2485 4233 2562 4278 est
2592 4233 2762 4278 mater
2796 4234 2982 4279 nostra
3003 4225 3068 4279 ⁸¹.
3102 4224 3231 4279 Eam
3262 4228 3407 4301 item.
3433 4241 3576 4281 nun-

1996 4325 2158 4388 cupat
2185 4319 2448 4372 civitatem
2479 4316 2578 4371 Dei
2603 4317 2816 4371 viventis
2851 4316 3154 4372 Jerusalem
3203 4319 3482 4385 caelestem,
3515 4320 3574 4373 in

1995 4409 2280 4462 multorum
2307 4408 2533 4462 millium
2568 4408 2875 4478 angelorum
2910 4408 3284 4478 frequentiam,
3305 4421 3354 4463 et
3392 4408 3576 4463 Eccle-

299 4490 628 4561 ρουσαλὴμ
653 4492 1018 4562 ἐπουράνιον
1041 4497 1112 4550 ἐν
1132 4499 1424 4567 μυριάσιν
1459 4499 1732 4573 ἀγγέλων
1775 4523 1888 4561 πα-

2005 4503 2128 4556 siam
2155 4502 2625 4572 primogenitorum
2658 4502 2748 4570 qui
2791 4501 3075 4570 conscripti
3100 4511 3220 4554 sunt
3262 4501 3318 4554 in
3344 4501 3488 4555 caelis
3504 4500 3571 4554 ⁸⁸.

309 4582 576 4651 νηγύρει,
592 4584 688 4637 καὶ
731 4585 1092 4654 Ἐκκλησίαν
1112 4592 1501 4656 πρωτοτόκων
1515 4594 1886 4667 ἀπογεγραμ-

301 4671 504 4739 μένων
553 4674 622 4727 ὲν
662 4676 972 4744 οὐρανοῖς,
1031 4678 1390 4734 συνεστῶσαν.
1449 4683 1598 4755 Αὕτη
1655 4687 1751 4756 μὲν
1798 4684 1890 4742 οὖν

309 4763 392 4835 εἴη
443 4764 509 4818 ἂν
559 4768 591 4836 ἡ
629 4767 809 4822 τελεία
841 4770 1076 4840 Χριστοῦ
1101 4771 1305 4843 νύμφη.
1339 4774 1554 4847 Ταύτης
1585 4777 1641 4845 ,δ’
1676 4779 1775 4831 οὐκ
1825 4780 1891 4835 ἂν

1992 4592 2109 4662 Ipsa
2131 4609 2260 4664 ergo
2295 4592 2457 4648 fuerit
2485 4592 2724 4663 perlecta
2745 4592 2951 4646 Christi
2983 4607 3207 4661 sponsa.
3241 4591 3416 4661 Hujus
3443 4607 3574 4648 vero

1993 4683 2159 4738 ﬁliam
2189 4683 2234 4738 si
2265 4683 2418 4738 dicas
2450 4682 2779 4746 Ecclesiam,
2816 4697 2937 4751 quae
2972 4682 3025 4735 in
3056 4689 3202 4736 terra
3229 4691 3333 4748 est,
3368 4699 3574 4754 nequa-

1991 4789 2154 4845 quam
2187 4774 2551 4830 aberraveris.
2602 4775 2700 4828 llla
2747 4783 2930 4828 autem
2979 4774 3193 4845 regina,
3237 4782 3426 4845 utpote
3449 4791 3572 4846 qua:

309 4855 575 4927 ἁμάρτοις
627 4858 903 4933 θυγατέρα
956 4863 1136 4933 φήσας
1204 4863 1471 4936 ὑπάρχειν
1522 4867 1620 4939 τὴν
1671 4869 1762 4924 ἐπὶ
1789 4872 1891 4943 γῆς

2005 4869 2101 4931 iam
2129 4882 2237 4920 una
2268 4882 2391 4921 cum
2436 4881 2643 4936 sponso
2687 4875 2878 4937 regnet
2922 4881 3043 4931 suo,
3081 4881 3110 4920 a
3151 4867 3360 4924 dextris
3408 4866 3571 4940 Regis

317 4941 665 5018 Ἐκκλησίαν.
699 4951 993 5006 Βασίλισσα
1023 4953 1068 5007 δ’
1104 4955 1307 5026 ἐκείνη,
1342 4957 1417 5020 ὼς
1440 4957 1505 5012 ἂν
1537 4959 1632 5030 ἤδη
1681 4941 1891 5032 συμϐα-

310 5037 594 5092 σιλεύουσα
626 5040 703 5111 τῷ
731 5043 929 5114 ἑαυτῆς
949 5046 1164 5116 νυμφίῳ
1183 5063 1195 5076 ·
1219 5047 1300 5100 διὸ
1322 5050 1385 5101 ὲκ
1410 5049 1598 5116 δεξιῶν
1622 5053 1890 5124 παρεστά-

308 5145 396 5181 ναι
444 5129 537 5183 τοῦ
561 5132 835 5196 Βασιλέως
885 5136 1126 5208 εἴρηται·
1163 5137 1260 5191 ἆτε
1298 5140 1486 5212 νύμφη
1525 5139 1660 5196 οὖσα
1693 5145 1882 5210 αὐτοῦ,

310 5221 401 5274 xui.
422 5220 492 5274 τὰ
527 5224 655 5294 παρ’
689 5225 852 5279 αὑτοῦ
911 5228 1198 5300 σπέρματα
1245 5229 1528 5304 δεχομένη,
1586 5233 1793 5289 κύουσά
1826 5254 1884 5290 τε

310 5313 402 5366 καὶ
431 5312 690 5368 τίκτουσα
716 5316 802 5370 διὰ
831 5319 1030 5383 παντὸς
1061 5321 1276 5392 πνεῦμα
1309 5325 1610 5394 σωτηρίας·
1644 5325 1676 5397 ἦ
1700 5327 1794 5378 καὶ
1822 5326 1883 5380 τὸ

312 5401 584 5470 βασιλικὸν
604 5405 804 5477 ἔνδυμα
832 5409 1156 5480 περιτίθησι,
1173 5412 1232 5464 τὸ
1251 5414 1534 5482 φωτοειδὲς
1556 5417 1653 5486 τῆς
1683 5417 1888 5487 ἀφθαρ-

312 5494 429 5558 σίας
487 5495 722 5567 ἒνδυμα·
780 5499 809 5551 ὃ
835 5499 940 5572 δὴ,
977 5505 1343 5572 πνευματικὸν
1385 5506 1556 5559 διόλου
1597 5507 1882 5576 τυγχάνον,

310 5591 429 5652 ταῖς
457 5593 577 5643 κατ’
592 5591 818 5662 οὐρανὸν
838 5594 1155 5664 ἅγγελικαῖς
1175 5595 1434 5667 δυνάμεσι
1464 5599 1872 5670 περιϐέϐληται.

1995 4956 2299 5012 consistere
2345 4955 2586 5023 dicitur;
2633 4957 2836 5027 quippe
2885 4971 3007 5026 quae
3058 4973 3260 5028 sponsa
3304 4958 3426 5028 ejus
3478 4959 3569 5027 sit,

1995 5048 2280 5120 ipsiusque
2331 5036 2539 5103 semina
2565 5033 2829 5118 exeipiat,
2873 5063 3161 5119 praegnans
3194 5050 3266 5104 sit
3301 5057 3362 5117 et
3394 5052 3570 5120 pariat

1994 5156 2209 5211 semper
2261 5139 2514 5210 spiritum
2562 5139 2755 5195 salutis
2789 5155 2802 5192 :
2837 5155 2958 5210 quae
3000 5141 3128 5196 item
3170 5140 3370 5196 vestitu
3419 5141 3571 5212 regio

1993 5233 2262 5298 induitur,
2318 5232 2595 5302 pellucido
2646 5233 2859 5288 scilicet
2919 5233 3348 5304 incorruptionis
3409 5234 3570 5288 indu-

1992 5331 2177 5378 mento
2211 5341 2224 5376 ι
2254 5323 2398 5394 quod
2429 5337 2554 5378 cum
2588 5323 2873 5392 spirituale
2896 5337 3124 5393 prorsus
3153 5323 3245 5388 sit,
3282 5323 3566 5393 angelicis,

1992 5431 2112 5487 qua!
2138 5416 2190 5470 in
2214 5416 2354 5471 ccelo
2376 5423 2525 5479 sunt,
2559 5415 2850 5471 virtutibus
2875 5413 3268 5471 circumdatur.
3302 5412 3414 5468 lloc
3440 5429 3567 5482 por-

1991 5523 2054 5564 ro
2085 5509 2483 5572 indumentum,
2522 5508 2846 5563 dcauratum
2891 5508 2982 5562 hic
3027 5507 3250 5561 dicitur.
3291 5504 3426 5558 Illud
3469 5519 3567 5557 an-

1992 5610 2122 5664 tem,
2157 5597 2491 5655 eircumdata
2519 5601 2790 5663 varietate,
2818 5614 2995 5670 neque
3019 5598 3072 5652 in
3097 5596 3365 5651 llehraico
3389 5603 3561 5660 textu,

378 5743 423 5774 "
463 5743 593 5801 Gen.
637 5762 700 5801 st.
729 5763 788 5811 x,
834 5747 896 5802 li!
969 5749 1014 5780 °°
1054 5749 1267 5807 Coloss.
1307 5767 1400 5815 tu,
1440 5753 1492 5807 5.
1569 5754 1610 5785 ⁹¹
1656 5755 1832 5810 Calui.
1868 5771 1898 5809 ιε

2005 5756 2067 5810 ιδ.
2145 5757 2189 5786 ⁸¹
2222 5756 2514 5821 Πε1›ι’.ιιι,
2547 5754 2636 5808 92.
2743 5749 2757 5754 ’
