4010 6522
420 369 527 426 ίοό

1140 360 1412 420 EUSEBII
1453 322 1936 415 CAESABIENSIS
1975 354 2127 413 OPP.
2164 349 2346 418 PARS
2381 347 2548 404 lll.—
2586 340 2998 401 EXEGETICA.

3590 335 3696 392 ιοι

417 499 599 556 neque
623 481 768 555 apud
789 488 1019 538 eteteros
1040 480 1368 550 interpretes
1397 478 1575 534 fertur
1600 495 1614 545 ;
1645 491 1818 549 quare
1843 477 2001 533 obelo

2112 473 2282 527 Τοῦτο
2305 471 2398 525 καὶ
2429 467 2718 539 διάχρυσον
2749 464 2778 515 ό
2805 459 2998 533 παρὼν
3020 458 3176 529 λόγος
3209 457 3480 530 ὠνόμασε.
3515 454 3590 509 Τὸ
3613 454 3696 530 δὲ,

419 586 668 636 notatum
695 584 802 637 est.

2108 559 2578 632 περιϐεϐλημένη
2645 554 2740 609 καὶ¹
2793 550 3226 624 πεποικιλμένη
3252 589 3267 614 ,
3326 547 3450 602 οὔτε
3512 549 3572 602 ὲν
3626 550 3690 618 τῇ

429 669 694 743 Ἐὄραῖκῇ
745 666 1047 737 ἀναγνώσει
1076 664 1202 719 οὔτε
1251 665 1402 737 παρὰ
1425 666 1540 728 τοῖς
1580 663 1790 725 λοιποῖς
1835 658 2199 732 ἑρμηνευταῖς
2222 643 2445 725 φέρεταί
2469 666 2482 679 ο
2515 647 2596 716 διὸ
2615 645 2928 699 ὼὸέλισται.

498 767 662 823 Vnus.
687 765 775 821 H.
811 764 996 821 Omnis
1026 763 1199 834 gloria
1226 762 1340 832 ejus
1364 761 1493 831 ﬁlia:
1512 758 1650 830 regis
1691 755 1914 822 Esebon,
1946 755 2002 808 in

419 859 646 930 ﬁmbriis
679 857 856 912 aureis
881 855 1286 909 circumamicta
1314 850 1683 908 varietatibus.
1715 845 2002 916 Quomodo

421 953 654 1010 ﬁmbriis
697 951 881 1008 aureis
911 951 1323 1007 cireumornata
1357 948 1451 1015 sit,
1493 946 1664 1018 probe
1705 945 2000 1015 intelligas,

421 1052 466 1101 si
502 1044 726 1100 Paulum
763 1043 958 1100 audias
986 1042 1258 1098 dicentem
1291 1057 1305 1092 :
1335 1040 1420 1094 Ea:
1442 1048 1594 1110 parte
1618 1037 1978 1108 cognoscimus

417 1153 468 1196 et
504 1157 571 1197 ea:
610 1151 761 1212 parte
795 1141 1169 1211 prophelamus
1187 1139 1252 1194 ⁸³.
1286 1135 1422 1191 Nam
1483 1133 1724 1205 cognitio
1766 1148 1889 1204 quae
1934 1147 1997 1188 ex

419 1243 574 1306 parte
604 1243 711 1302 est,
750 1249 980 1290 aureum
1030 1240 1286 1288 ornatum
1332 1230 1388 1285 in
1425 1227 1868 1284 extremitatibus
1895 1225 2000 1297 ipsi

418 1323 808 1395 circumponit.
842 1321 977 1378 Cum
1022 1331 1201 1376 autem
1234 1319 1452 1385 venerit,
1492 1316 1694 1388 inquit,
1719 1315 1858 1386 quod
1887 1331 2005 1386 per-

421 1417 613 1478 fectum
642 1422 740 1481 est,
787 1412 1132 1468 evacuabitur
1166 1410 1306 1482 quod
1343 1425 1408 1464 ea:
1453 1417 1604 1478 parte
1645 1405 1805 1462 est".
1842 1404 2004 1462 Post-

418 1521 585 1578 quam
635 1507 690 1562 in
735 1507 1015 1562 cmicstem
1047 1502 1352 1559 Ecclesium
1405 1499 1676 1554 translata
1726 1497 1892 1553 fuerit
1915 1511 2002 1560 ea,

419 1610 542 1670 qua!
569 1599 622 1654 in
645 1605 794 1655 terra
818 1596 1046 1652 infantis
1069 1595 1248 1650 instar
1263 1592 1556 1656 educatur,
1588 1598 1723 1644 tunc
1763 1587 2006 1643 ﬁmbrias

419 1706 618 1748 aureas
641 1730 658 1756 ,
695 1689 955 1745 videlicet
995 1685 1365 1757 cognitionem
1402 1699 1469 1739 ex
1508 1689 1667 1754 parte
1719 1679 2000 1750 deponet;

417 1796 584 1842 aureo
614 1790 794 1836 autem
819 1777 1149 1835 vestimento
1176 1776 1487 1832 ornabitur.

488 1894 657 1952 Vens.
689 1895 776 1964 15,
811 1894 901 1950 16.
935 1893 1280 1949 Adducentur
1306 1891 1433 1968 Regi
1463 1891 1686 1962 uirgines
1719 1899 1836 1960 post
1861 1905 2000 1952 eam,

416 1990 674 2060 proxima:
718 1987 832 2058 ejus
869 1987 1156 2057 afferentur
1196 1985 1310 2039 tibi.
1346 1981 1486 2056 Filia
1531 1997 1654 2054 quae
1682 1981 2006 2052 plerumque

418 2079 676 2150 superius
720 2085 1024 2134 memorata
1061 2075 1182 2142 fuit,
1217 2090 1328 2130 non
1363 2089 1580 2144 semper
1621 2072 1676 2128 in
1701 2080 1845 2128 terra
1880 2086 2006 2143 per-

417 2178 626 2238 manet,
659 2169 756 2226 sed
797 2185 900 2228 suo
934 2176 1183 2241 tempore
1223 2166 1614 2223 transferetur.
1647 2165 1717 2219 At
1747 2179 1858 2220 non
1885 2177 2004 2219 om-

417 2277 520 2319 nes
553 2263 722 2319 simul
759 2261 1032 2333 ejusmodi
1072 2259 1564 2330 transmigratione
1611 2257 2001 2325 donabuntur;

418 2358 518 2416 scd
555 2373 679 2430 quae
702 2358 879 2430 primo
907 2355 1079 2429 gradu
1105 2355 1161 2410 in
1193 2355 1297 2410 hoc
1317 2369 1488 2424 regno
1521 2352 1700 2423 dignae
1727 2356 1912 2413 erunt,
1937 2363 2002 2402 ex

417 2459 573 2527 parte
605 2451 782 2506 solum
804 2447 1103 2506 all‘ercntur
1120 2446 1274 2518 Regi.
1303 2444 1396 2499 liae
1427 2459 1554 2502 vero
1583 2451 1714 2500 sunt
1745 2455 1865 2512 quae
1895 2440 2003 2494 vir-

417 2545 701 2630 g'nitatem
749 2545 804 2599 in
839 2541 1061 2599 Christo
1089 2547 1142 2595 et
1188 2553 1421 2610 corpore
1455 2545 1509 2592 et
1544 2536 1727 2590 anima
1759 2541 2001 2597 servant,

417 2625 483 2712 ac
527 2635 724 2706 spiritu
763 2641 971 2690 sancta:
999 2637 1147 2689 sunt.
1186 2629 1317 2686 Post
1359 2630 1597 2701 primum
1633 2633 1813 2682 autem
1850 2625 2001 2680 ordi-

415 2741 565 2792 nem,
593 2739 714 2796 qum
743 2723 992 2796 proxime
1022 2722 1145 2777 illas
1173 2727 1303 2788 sunt
1330 2717 1625 2774 allerentur
1657 2733 1670 2768 :
1705 2730 1832 2770 nam
1859 2715 2002 2786 apud

417 2818 635 2875 Patrem
666 2818 981 2874 mansiones
1009 2814 1196 2871 multae
1210 2813 1278 2868 ⁸³.
1310 2811 1405 2868 Hae
1432 2825 1562 2867 vero
1593 2816 1742 2876 sunt,
1765 2823 1885 2880 quae
1913 2807 2005 2861 ho-

417 2917 588 2965 nestae
615 2908 1066 2979 continentisque
1096 2905 1224 2961 vitae
1268 2919 1433 2960 causa
1487 2902 1798 2974 proximum
1832 2898 2004 2965 virgi-

415 3005 582 3058 nibus
616 3003 796 3058 locum
821 3006 1114 3072 occupant.
1145 2998 1432 3066 Quomodo
1473 3005 1655 3053 autem
1683 2994 2000 3059 all‘crentur,

2180 748 2356 804 Πᾶσα
2403 747 2440 814 η
2480 744 2630 808 δόξα
2676 738 2865 818 αὐτῆς
2901 737 3196 816 θυγατρὸς
3239 730 3347 790 τοῦ
3384 731 3693 800 ,ϐασιλέως

2122 839 2380 897 Ἐσεϐὼν
2403 838 2473 890 ἐν
2505 831 2872 904 κροσσωτοῖς
2913 828 3165 907 χρυσοῖς
3203 825 3691 895 περιϐεϐλημένη,

2109 919 2562 1005 πεποικιλμένη.
2617 928 2868 998 Νοήσεις,
2919 923 3076 995 φησὶ,
3113 922 3229 996 πῶς
3260 922 3510 992 κροσσοῖς
3563 935 3693 988 χρυ-

2113 1029 2224 1090 σοῖς
2265 1023 2686 1096 περιὸέῦληται,
2723 1020 2936 1075 Παύλου
2986 1018 3235 1085 λέγοντος
3283 1012 3524 1066 άκούων³
3588 1011 3691 1062 Ἐκ

2107 1115 2325 1187 μέρους
2349 1114 2739 1191 γινώσκομεν,
2761 1112 2858 1166 καὶ
2884 1111 2951 1163 ἐκ
2969 1109 3192 1178 μέρους
3218 1103 3690 1173 προφητεύομεν.

2121 1210 2185 1262 Ἡ
2214 1208 2323 1278 γὰρ
2360 1206 2558 1276 γνῶσις
2580 1208 2612 1278 ἡ
2634 1209 2698 1259 ὲκ
2731 1204 2928 1276 μέρους
2954 1203 3011 1252 ἐν
3037 1199 3226 1270 ἄκροις
3258 1196 3438 1267 μόνοις
3467 1192 3694 1266 χρυσίου

2107 1301 2199 1354 τὸν
2231 1299 2434 1370 κόσμον
2463 1299 2601 1370 αὐτῇ
2631 1295 2970 1368 περιτίθησιν
2990 1309 3003 1322 ’
3043 1291 3227 1342 Ὅταν
3259 1287 3312 1340 δ’
3341 1287 3489 1353 ἔλθῃ
3519 1284 3586 1337 τὸ
3603 1281 3696 1335 τέ-

2106 1397 2293 1457 λειον,
2329 1392 2481 1460 φησι,
2508 1389 2574 1442 τὸ
2601 1389 2668 1442 ἐκ
2693 1386 2915 1457 μέρους
2938 1379 3475 1451 καταργηθήσεται.
3512 1376 3695 1428 Ἐπει-

2106 1483 2203 1537 δὰν
2223 1485 2301 1546 εἰς
2329 1482 2424 1552 τὴν
2457 1479 2778 1551 ἐπουράνιον
2822 1472 3147 1544 Ἐκκλησίαν
3203 1471 3442 1543 μεταστῇ
3473 1471 3508 1538 ὴ
3553 1468 3694 1532 τέως

2107 1579 2174 1630 ὲκ
2198 1575 2300 1645 γῆς
2333 1569 2857 1643 παιδοτροφουμένη,
2886 1567 2948 1620 τὸ
2996 1565 3298 1636 τηνικαῦτα
3359 1559 3695 1631 ἁποΘήσεται

2111 1668 2209 1739 μὲν
2235 1666 2302 1719 τὰ
2329 1661 2618 1736 κροσσωτὰ
2647 1661 2716 1715 τὰ
2746 1659 2944 1732 χρυσᾶ,
2977 1656 3074 1728 τὴν
3107 1657 3172 1709 ὲκ
3221 1654 3419 1728 μέρους
3465 1653 3694 1722 γνῶσιν,

2035 1726 2078 1786 Β
2108 1726 2164 1815 έν
2197 1726 2475 1831 ἱματισμῷ
2497 1756 2553 1810 δὲ
2575 1726 2782 1827 χρυσῷξ

2188 1869 2721 1940 Ἇπενεχθήσονται
2749 1866 2830 1932 τῷ
2875 1862 3130 1920 Βασιλεῖ
3160 1861 3443 1931 παρθένοι
3497 1859 3696 1912 ὀπίσω

2105 1965 2316 2034 αὐτῆς,
2347 1968 2407 2018 al
2428 1964 2696 2031 πλησίον
2717 1958 2906 2027 αὐτῆς
2925 1953 3448 2025 ἀπενεχθήσονται
3469 1967 3589 2010 σοι.
3627 1951 3694 2004 Ἡ

2104 2057 2192 2112 διὰ
2233 2055 2342 2110 τῶν
2384 2053 2695 2126 ἔμπροσθεν
2747 2049 3006 2112 πολλάκις
3049 2046 3417 2118 ὠνομασμένη
3445 2043 3695 2114 θυγάτηρ

2104 2152 2205 2205 οὐκ
2233 2149 2325 2203 ἐπὶ
2354 2149 2456 2220 γῆς
2477 2149 2555 2212 εἰς
2579 2145 2640 2200 τὸ
2671 2143 2932 2206 παντελὲς
2955 2141 3232 2212 διαμένει,
3265 2137 3693 2210 μετατεοήσεται

2104 2243 2160 2296 δὲ
2182 2241 2323 2296 κατὰ
2350 2239 2557 2322 καιρόν.
2603 2237 2744 2290 Ἀλλ’
2767 2237 2828 2288 οὐ
2861 2236 3011 2288 πᾶσα
3056 2232 3265 2304 ἀθρόως
3301 2231 3401 2301 τῆς
3434 2227 3695 2299 τοιαύτης

2109 2319 2462 2406 μεταϐάσεως
2519 2328 2912 2401 ᾀξιωθήσεται·
2980 2327 3039 2380 ὲν
3089 2324 3245 2395 μέρει
3290 2322 3347 2375 δὲ
3390 2323 3445 2376 αί
3489 2319 3694 2391 πρώτῳ

2108 2424 2299 2498 βαθμῴ
2329 2427 2384 2478 ὲν
2418 2424 2552 2493 αὐτῇ
2580 2419 2937 2492 τετιμημέναι
2970 2413 3430 2486 ἀπενεχϐήσονται
3474 2413 3554 2484 τῷ
3587 2414 3695 2466 Βα-

2109 2519 2260 2573 σιλεῖ.
2291 2509 2462 2571 Αὗται
2503 2515 2557 2575 δέ
2591 2515 2727 2568 εἰσιν
2756 2515 2813 2578 αἱ
2843 2513 2942 2592 τὴν
2962 2513 3018 2565 ἐν
3050 2510 3271 2585 Χριστῷ
3303 2508 3527 2578 ἁγνείαν
3559 2523 3695 2559 κατ-

2116 2609 2424 2683 ορθώσασαι
2474 2607 2619 2689 ψυχῇ
2679 2606 2775 2659 καὶ
2804 2603 3040 2675 σώματι,
3087 2604 3177 2666 καὶ
3239 2602 3511 2673 πνεύματι
3561 2599 3692 2652 καο-

2107 2701 2461 2774 ηγιασμέναι.
2495 2699 2652 2767 Μετὰ
2675 2698 2733 2751 δὲ
2783 2697 2846 2760 τὸ
2880 2696 3093 2768 πρῶτον
3149 2695 3330 2768 τάγμα
3385 2693 3442 2747 αἱ
3469 2691 3694 2762 πλησίον

2107 2795 2284 2849 αὐτῶν
2309 2793 2802 2865 άπενεχθήσονταιο
2860 2789 3052 2844 πολλαὶ
3089 2787 3197 2861 γὰρ
3235 2785 3392 2859 μοναὶ
3435 2784 3587 2857 παρὰ
3614 2783 3694 2854 τῷ

2107 2889 2304 2962 Πατρί.
2335 2883 2503 2943 Abeat
2526 2887 2584 2940 δέ
2610 2887 2747 2940 εἰσιν
2776 2886 2830 2938 αἱ
2861 2883 2948 2938 τὸν
2975 2883 3200 2952 ἔγγιστα
3228 2881 3392 2933 τόπον
3415 2878 3525 2931 τῶν
3553 2893 3695 2948 παρ-

2108 2982 2276 3036 θένων
2331 2979 2624 3052 ὲπέχουσαι
2684 2977 2772 3032 διὰ
2832 2973 3034 3047 σεμνοῦ
3091 2973 3186 3030 καὶ
3237 2971 3514 3045 σώφρονος
3550 2969 3691 3041 βίου.

416 3097 660 3154 declarat
689 3096 901 3162 dicens,
932 3096 990 3149 in
1020 3093 1213 3148 lwtitia
1244 3102 1292 3147 et
1318 3092 1695 3147 exsultatione.
1721 3089 1848 3146 Haec
1870 3104 2001 3145 vero

2112 3059 2297 3137 Ὅπως
2355 3073 2412 3126 δὲ
2464 3070 2921 3142 ἀπενεχθήσονται
2992 3067 3290 3151 παρίστησι
3351 3064 3559 3133 λέγων’
3618 3063 3690 3116 ἐν

417 3203 529 3257 qna
560 3187 775 3244 ratione
804 3187 1062 3242 dicantur
1104 3183 1276 3254 probe
1320 3183 1612 3252 intelliges,
1640 3183 1688 3238 si
1737 3179 2002 3252 apostoli-

420 3294 540 3334 cam
577 3278 721 3333 hanc
768 3292 958 3333 vocem
1018 3289 1266 3347 apponas
1300 3291 1314 3326 :
1349 3274 1632 3343 Rapiemur
1675 3273 1731 3327 in
1775 3272 2001 3328 nubibus

417 3371 625 3426 obuiam
663 3369 892 3425 Domino
924 3370 981 3422 in
1033 3383 1183 3430 aera,
1209 3375 1259 3421 et
1287 3367 1365 3421 sic
1400 3382 1602 3436 semper
1632 3381 1751 3420 cum
1774 3364 2002 3419 Domino

417 3462 615 3517 erimus
631 3456 696 3515 ⁸⁸2
735 3458 855 3517 Non
887 3458 1033 3515 enim
1064 3457 1286 3513 venient
1308 3456 1393 3514 vel
1426 3455 1491 3512 ad
1517 3455 1718 3526 Regem
1741 3452 2004 3509 accedent

417 3552 680 3624 virgines,
731 3551 828 3607 sed
876 3549 1194 3619 aﬂerentur,
1228 3550 1352 3608 aliis
1384 3549 1533 3620 ipsas
1577 3546 2001 3611 adducentibus,

419 3641 632 3699 scilicet
662 3642 869 3714 angelis
892 3640 1012 3708 Dci,
1051 3642 1146 3712 qui
1174 3641 1439 3697 sublimes
1469 3640 1591 3695 illas
1625 3639 1679 3693 in
1705 3638 1875 3700 altum
1909 3637 2004 3693 de-

419 3734 616 3797 ferent,
646 3744 704 3790 ut
725 3749 1026 3805 supernum
1056 3733 1163 3790 iter
1189 3733 1348 3789 facile
1379 3732 1697 3788 decurrant.
1728 3729 2004 3791 Adduccn-

419 3837 507 3880 tur
536 3841 700 3896 porro
734 3827 788 3880 in
827 3826 1021 3881 lwtitia
1061 3834 1110 3880 et
1142 3825 1517 3892 exsultatione,
1548 3830 1714 3894 atque
1773 3822 1827 3876 in
1860 3829 2001 3877 tem-

421 3919 570 3988 plum
601 3918 770 3988 regis,
802 3918 857 3972 in
888 3918 1097 3988 regiam
1138 3917 1387 3980 domum,
1420 3930 1592 3986 regno
1615 3915 1884 3971 cmlorum
1915 3914 2004 3968 do-

421 4017 582 4074 natae,
634 4008 1096 4063 intrnmittentur.
1136 4007 1422 4078 Templum
1453 4021 1642 4076 porro,
1673 4006 1868 4061 domus
1906 4004 2003 4059 Dei

419 4107 525 4160 est,
555 4099 626 4150 ita
655 4106 714 4152 ut
748 4097 861 4152 ltex
889 4099 1000 4163 ille,
1032 4098 1099 4151 ad
1129 4114 1293 4168 quem
1323 4097 1696 4160 adducuntur,
1730 4095 1874 4150 Deus
1908 4097 1996 4150 sit.

421 4191 528 4243 tias
561 4188 686 4242 itetn
715 4187 1014 4251 adducunt,
1038 4191 1130 4258 qui
1161 4189 1295 4259 ipsis
1331 4187 1580 4246 instituta
1619 4187 1862 4254 tradunt,
1892 4185 2002 4252 ch

360 4359 374 4371 ν
422 4279 668 4340 Videlicet
699 4288 860 4351 atque
893 4281 1187 4352 prophetat.

490 4547 659 4607 Vens.
707 4550 794 4605 l7.
824 4549 934 4604 Pro
984 4548 1225 4618 patribus
1259 4546 1365 4603 tuis
1401 4547 1516 4601 nati
1576 4553 1697 4600 sunt
1746 4545 1842 4598 tibi
1876 4544 2000 4614 ﬁlii.

421 4640 627 4698 liorum
703 4643 1030 4699 sententiam
1101 4641 1306 4697 clarius
1358 4637 1544 4694 caeteri
1611 4636 2003 4702 reddiderunt;

421 4737 616 4807 Aquila
646 4738 866 4808 quidem
897 4739 978 4793 sic
1018 4737 1251 4801 habens,
1283 4735 1390 4790 Pro
1418 4735 1660 4803 patribus
1702 4733 1808 4787 tuis
1850 4740 2004 4785 erant

421 4828 516 4881 tibi
563 4828 697 4896 lilii;
728 4827 1090 4899 Symmachus
1140 4843 1272 4884 vero
1298 4867 1313 4891 ,
1351 4826 1460 4880 Pro
1500 4825 1742 4895 patribus
1789 4825 2004 4895 fuerunt

420 4918 524 4992 ﬁlii
562 4918 661 4972 tui.
707 4916 833 4972 Haec
861 4926 945 4991 est
992 4927 1174 4974 autem
1214 4918 1348 4972 dicti
1399 4917 1548 4971 illius
1575 4915 1998 4987 interpretatio:

422 5009 545 5067 Filii
575 5009 656 5069 tui
697 5009 791 5080 qui
837 5009 892 5070 in
932 5016 984 5064 te
1015 5018 1212 5069 etate
1245 5010 1359 5065 nati
1412 5017 1563 5073 sunt,
1604 5024 1704 5078 pro
1748 5009 2000 5078 patribus

422 5099 519 5157 tibi
541 5107 724 5160 erunt.
764 5097 900 5153 Nam
948 5099 1048 5158 hos
1081 5099 1255 5168 ipsos,
1283 5114 1422 5168 (plus
1452 5105 1569 5160 tntc
1611 5098 1870 5168 genuisti,
1902 5114 2002 5168 pro

424 5192 673 5264 patribus
695 5191 944 5253 habebis.
979 5191 1264 5252 Sermonis
1303 5199 1484 5250 autem
1518 5201 1770 5246 eventum
1803 5191 2003 5245 intelli-

423 5299 543 5354 ges,
590 5283 636 5339 si
682 5280 990 5353 perpendas
1017 5297 1128 5351 quo
1160 5291 1322 5352 pacto
1352 5280 1673 5351 alienigenae
1714 5297 1781 5340 ex
1827 5283 2002 5352 genti-

424 5374 550 5438 bus,
576 5371 878 5431 Ecclesiam
905 5370 999 5426 Dei
1023 5370 1312 5433 adeuntes,
1339 5370 1395 5423 in
1419 5371 1646 5439 ipsaque
1669 5372 1999 5440 regenerati,

425 5464 520 5518 lilii
580 5463 702 5534 ejus
756 5461 1089 5528 cﬂiciantur;
1147 5477 1212 5516 ac
1261 5461 1520 5531 deinceps
1572 5477 1696 5517 cum
1752 5460 1998 5530 profectu

425 5555 572 5621 aucti
605 5563 754 5617 sunt.
793 5562 980 5625 patres
1006 5554 1180 5624 ipsius
1220 5553 1662 5619 constituantur,
1703 5551 1770 5606 ad
1803 5552 2000 5622 praetc-

424 5656 635 5703 cturam
687 5648 806 5718 ejus
845 5648 1101 5718 promoti,
1142 5655 1197 5702 et
1244 5646 1310 5700 ad
1365 5645 1705 5702 sacerdotale
1740 5647 1989 5704 ministe-

493 5804 540 5836 “
607 5801 785 5878 lCor.
821 5821 953 5869 xm.
993 5807 1042 5861 9.
1126 5807 1167 5836 5"
1209 5803 1339 5859 ibid.
1385 5803 1465 5880 10.
1545 5807 1587 5837 ⁸⁸
1636 5802 1780 5860 ιυιιηι
1826 5821 1934 5872 λιν»
1970 5803 2024 5859 9--

2104 3165 2450 3235 εὐφροσύνῃ
2480 3162 2578 3217 καί
2607 3160 2986 3232 ἀγαλλιάσει.
3016 3149 3250 3231 Νοήσεις
3274 3157 3331 3211 δὲ
3367 3157 3514 3219 ὃπως
3541 3153 3695 3227 εἴρη-

2103 3275 2194 3310 ται
2221 3255 2399 3324 τοῦτο,
2429 3254 2695 3328 παραθεὶς
2722 3254 2820 3325 τὴν
2849 3250 3208 3323 άποστολικὴν
3240 3250 3424 3321 φωνην
3502 3264 3690 3320 φησιν’

2117 3349 2603 3418 Ἅρπαγνησόμεθα
2631 3345 2702 3398 ἐν
2744 3343 3027 3414 νεφέλαις
3063 3345 3152 3410 εἰς
3189 3342 3536 3409 ἀπάντησιν
3582 3339 3694 3396 τοῦ

2103 3438 2324 3507 Κυρίου
2359 3438 2446 3504 εις
2488 3436 2665 3504 ἀέρα,
2709 3434 2806 3489 καὶ
2861 3434 3012 3488 οὕτω
3059 3432 3316 3486 πάντοτε
3349 3430 3470 3484 σὺν
3496 3429 3696 3499 Κυρίῳ

2103 3532 2381 3600 ἐσόμεθα.
2427 3530 2502 3582 Οὐ
2535 3527 2646 3602 γὰρ
2691 3528 2999 3582 ἐλεύσονται
3043 3525 3162 3578 οὐδε
3195 3523 3583 3577 ἀπελεύσονται
3609 3521 3695 3591 τῷ

2104 3623 2323 3678 Βασιλεῖ
2361 3623 2642 3694 παρθένοι,
2671 3621 2783 3675 ἀλλ’
2819 3615 3490 3688 ἀπενεχοήσονται,ἄλ).ων
3522 3613 3696 3678 αὑτὰς

2104 3716 2458 3785 ἀπαγόντων·
2497 3714 2746 3783 ἀγγέλων
2800 3709 3000 3781 δηλαδὴ
3047 3708 3208 3761 θείων
3252 3705 3697 3779 μετεωριζόντων

2104 3811 2274 3875 αὑτὰς
2311 3810 2406 3863 καὶ
2465 3811 2544 3873 εἰς
2575 3808 2710 3880 ὕψος
2742 3805 3102 3878 ἐπαιρόντων,
3133 3802 3209 3866 ὼς
3231 3801 3298 3856 ἂν
3343 3800 3562 3872 εὐμαρῆ
3592 3800 3698 3870 τὴν

2104 3903 2216 3958 ἄνω
2257 3903 2574 3972 ποιήσαιντο
2609 3899 2854 3970 πορείαν.
2921 3893 3452 3964 Ἀπενεχθιξσονται
3517 3891 3560 3944 δ’
3621 3891 3700 3943 ἐν

2103 3993 2450 4062 εὐφροσύνῃ
2483 3993 2578 4045 καὶ
2609 3987 2989 4060 ἀγαλλιάσει,
3036 3987 3133 4041 καὶ
3173 3984 3586 4056 είσαχθήσονται
3611 3984 3698 4046 εἰς

2104 4085 2229 4138 ναὸν
2260 4083 2542 4154 βασιλέως,
2571 4083 2649 4145 είς
2685 4081 2776 4136 τὸν
2835 4077 2982 4137 οἷκον
3011 4080 3096 4133 τὸν
3134 4076 3408 4165 βασιλικὸν
3460 4074 3559 4145 τῆς
3585 4073 3699 4126 τῶν

2103 4173 2350 4245 οὐρανῶν
2370 4171 2645 4242 βασιλείας
2675 4169 3115 4241 καταξιούμεναι.
3137 4162 3286 4233 Nam;
3313 4167 3368 4220 δὲ
3392 4162 3537 4227 οἶκος
3556 4163 3697 4216 Θεοῦ

2105 4264 2252 4316 ἐστιν
2278 4278 2290 4291 ·
2315 4260 2455 4314 ὥστε
2481 4260 2612 4329 Θεὸς
2639 4262 2666 4313 ὁ
2693 4258 2955 4322 Βασιλεὺς
2975 4297 2988 4321 ,
3019 4251 3064 4326 ᾧ
3093 4257 3416 4326 ἀπάγονται.
3470 4256 3697 4322 Ἀγουσι

2108 4355 2164 4419 δὲ
2198 4352 2367 4418 αὐτὰς
2398 4353 2492 4406 καὶ
2514 4355 2561 4405 οἱ
2592 4351 2662 4404 τά
2697 4351 3040 4422 παιδεύματα
3075 4350 3454 4422 παραδιδόντες
3483 4348 3694 4412 αὑταῖς,

2107 4450 2137 4502 ὃ
2167 4466 2225 4512 τε
2261 4447 2442 4520 Νόμος
2467 4447 2558 4500 καὶ
2583 4447 2631 4500 οἱ
2658 4445 2952 4516 προφῆται.

2191 4539 2340 4593 Ἀντί
2372 4537 2491 4592 τῶν
2523 4540 2794 4606 πατέρων
2834 4554 2950 4591 σου
2977 4533 3392 4605 ἐγεννήθησαν
3422 4521 3520 4587 σοι
3554 4533 3696 4587 υἱοί.

2110 4633 2328 4686 Τούτων
2372 4632 2471 4702 τὴν
2523 4631 2759 4693 διάνοιαν
2813 4630 3145 4701 σαφέστερον
3190 4626 3596 4682 ἀποδεδώκασιν
3643 4629 3696 4682 οἱ

2108 4725 2317 4780 λοιποί’
2347 4725 2375 4776 ό
2421 4723 2519 4794 μὲν
2576 4722 2807 4787 Ἀκύλας
2842 4721 3042 4775 εἰπών·
3086 4722 3235 4776 Ἀντί
3284 4719 3404 4773 τῶν
3424 4719 3699 4786 πατέρων
3785 4775 3791 4781 ,

2109 4834 2225 4872 σου
2251 4815 2498 4872 ἔσονταί
2543 4830 2642 4869 σοι
2666 4817 2786 4870 υἱοί
2807 4832 2820 4846 ο
2857 4817 2885 4868 ὁ
2913 4815 2970 4868 δὲ
3010 4815 3307 4886 Σύμμαχος
3330 4829 3343 4842 ’
3394 4812 3542 4866 Ἀντί
3584 4827 3698 4864 πα-

2110 4910 2294 4979 τέρων
2322 4906 2600 4976 ἐγένοντο
2636 4908 2756 4961 υἱοί
2781 4921 2917 4960 σου.
2958 4906 3020 4958 'll
3048 4905 3092 4958 δ’
3122 4905 3390 4977 ἑρμηνεία
3421 4903 3512 4956 τοῦ
3534 4902 3696 4971 λόγου

2108 4999 2310 5068 ταύτην
2336 4998 2449 5069 ἔχει
2474 4998 2574 5070 τὴν
2596 4997 2852 5052 διάνοιαν*
2886 4998 2948 5050 Ol
2968 4996 3074 5049 υἱοί
3095 5013 3188 5049 σου
3213 4997 3262 5049 oi
3290 4997 3348 5047 ὲν
3369 4994 3452 5047 σοὶ
3471 4995 3564 5047 καὶ
3590 4992 3699 5046 ὑπὸ

2110 5091 2204 5146 σοῦ
2221 5108 2450 5161 γεγεννη
2459 5091 2607 5160 μένοι
2626 5090 2746 5143 ἀντὶ
2770 5089 3024 5161 πατέρων
3044 5087 3362 5159 γενήσονταί
3385 5104 3486 5140 σοι.
3514 5085 3696 5151 "Eiet;

2107 5182 2216 5254 γὰρ
2252 5182 2450 5244 αὐτοὺς
2488 5180 2750 5252 πατέρας,
2777 5177 2875 5243 οὓς
2908 5179 3045 5250 αὑτὴ
3074 5177 3427 5248 γεγέννηκας.
3466 5178 3698 5248 Νοήσεις

2106 5274 2164 5326 δὲ
2197 5272 2290 5326 τοῦ
2323 5273 2479 5342 λόγου
2530 5272 2591 5325 τὸ
2621 5270 2964 5341 ἀποτέλεσμα
2984 5311 2999 5334 ,
3029 5271 3325 5342 ἐπιστήσας
3359 5271 3507 5333 ὅπως
3538 5270 3586 5320 oi
3635 5267 3698 5332 ἐξ

2109 5367 2280 5422 ἐθνῶν
2335 5366 2642 5434 ἀλλόφυλοι,
2705 5366 3092 5438 προσελθόντες
3153 5369 3212 5436 τῇ
3263 5363 3559 5434 Ἐκκλησία
3600 5361 3694 5414 τοῦ

2107 5461 2266 5523 Θεοῦ,
2303 5462 2396 5514 καὶ
2441 5458 2893 5529 ἀναγεννηῦέντες
2941 5461 3000 5512 ὲν
3059 5461 3214 5530 αὐτῇ,
3249 5458 3355 5510 υἱοὶ
3402 5455 3575 5524 αὐτῆς
3610 5451 3696 5522 τί-

2107 5570 2356 5621 γνονταιδ
2393 5552 2628 5606 κᾶπειτα
2651 5552 2977 5615 ἐπιδιδόντες
3020 5555 3084 5622 τῂ
3130 5553 3379 5623 προκοπῇ
3408 5589 3422 5613 ,
3459 5549 3695 5618 πατέρες

2099 5647 2268 5727 αὐτῆς
2299 5646 2673 5710 καθίστανται,
2703 5642 3065 5718 προαγόμενοι
3106 5649 3186 5709 εἰς
3221 5645 3316 5716 τὴν
3351 5645 3529 5716 αὐτῆς
3557 5660 3691 5713 προ-

2100 5795 2146 5844 to
2187 5801 2426 5881 l'l'hcss.
2462 5812 2536 5870 ιν,
2578 5801 2660 5856 is.
