4010 6592
391 341 510 397 405

1541 343 2048 402 COMMENTARIA
2086 345 2154 400 IN
2193 346 2535 406 PSALMOS.

395 450 652 514 στασίαν,
679 451 772 505 καὶ
794 451 892 522 τῆς
918 452 1200 524 ἱερατικῆς
1237 453 1576 525 λειτουργίας
1620 456 1946 526 καταξιούμε

2055 456 2230 517 .rium
2267 457 2531 529 cooptati.
2567 456 2853 522 Quomodo
2887 450 3070 512 auiem
3092 449 3238 512 illos
3283 469 3384 525 pro
3411 458 3660 527 patribus

397 563 507 600 νοι.
556 544 681 608 Πῶς
717 545 762 598 δ’
788 544 930 610 ἕξεις
966 545 1163 609 αὐτοὺς
1186 546 1306 600 ἀντὶ
1342 547 1588 618 πατέρων
1616 548 1980 620 διερμηνεύει,

2084 546 2341 602 habitura
2380 547 2481 614 sis,
2521 545 3042 618 apertiusexplicat
3083 544 3170 601 his
3200 545 3416 601 verbis:
3446 542 3662 602 Consti-

393 639 734 710 σαφέστερον
758 637 931 707 λέγων
955 656 968 669 ·
1004 638 1420 705 Καταστήσας
1438 639 1659 705 αὐτοὺς
1683 640 1944 710 ἄρχοντα

2085 645 2195 691 mes
2224 636 2602 706 eosprincipes
2652 651 2810 705 super
2854 651 3058 690 omnem
3103 642 3322 691 terram.
3364 633 3463 692 llis
3493 651 3660 707 porro

382 713 492 784 ὲέτῑ
531 729 738 784 πᾶσαν
767 729 883 798 τὴν
912 730 1046 800 γῆν.
1072 730 1234 798 Λέγει
1274 731 1331 784 δὲ
1361 729 1528 784 ταῦτα
1569 732 1705 804 πρὸς
1750 733 1848 804 τὴν
1888 735 1946 785 ὲπ

2082 728 2408 796 Ecclesiam,
2438 743 2562 799 quae
2599 727 2657 784 in
2693 735 2842 784 terra
2866 733 2973 793 est,
3007 726 3322 796 alloquitur,
3369 742 3598 798 quaeque
3627 744 3658 783 a

383 820 500 891 γῆς
515 819 839 892 Ἐκκλησίαν
858 824 886 874 ὁ
905 819 1081 889 λόγος,
1101 820 1198 891 τὴν
1217 820 1323 873 ἀπὸ
1341 821 1593 892 περάτων
1611 822 1714 886 ἕως
1728 840 1793 875 πε
1803 823 1946 894 ράτω

2079 821 2332 878 terminis
2367 829 2533 877 terrae
2572 835 2749 892 usque
2790 819 2859 875 ad
2895 819 3162 876 terminos
3201 819 3322 888 ejus
3354 821 3611 892 pertingit
3641 837 3654 873 :

378 911 683 982 διήκουσαν
702 928 716 941 ⁸
751 913 836 981 ἐφ’
867 913 932 983 ὴν
960 911 1227 982 ἄρχοντας
1262 913 1355 969 καὶ
1388 913 1631 984 πατέρας
1659 915 1783 978 τοὺς
1815 915 1944 968 ἰδίου

2078 910 2134 964 in
2175 911 2338 982 cujus
2384 910 2656 982 principes
2701 918 2755 966 et
2804 917 3011 981 patres,
3049 909 3308 981 proprios
3366 909 3504 966 filios
3537 913 3655 982 ipsa

380 1003 544 1066 υἱοὺς
574 1001 711 1073 αὐτὴ
739 1003 774 1074 ἡ
814 1002 1106 1073 Ἐκκλησία
1131 1001 1224 1060 τοῦ
1250 1002 1384 1056 Θεοῦ
1415 1003 1754 1075 καθίστησιν.

464 1095 566 1148 Διὰ
589 1093 765 1147 τοῦτο
785 1093 921 1147 λαοὶ
958 1093 1309 1162 ὑμνήσουσι
1340 1110 1414 1147 σε
1448 1096 1536 1160 εὶς
1561 1093 1750 1149 αἰῶνα
1774 1094 1972 1165 διηνε-

2077 999 2170 1055 Dei
2201 999 2447 1057 Ecclesia
2474 999 2780 1056 constituit.

2146 1089 2313 1152 Vens.
2347 1092 2434 1151 18.
2468 1091 2761 1161 Propterea
2809 1091 2990 1160 populi
3035 1090 3423 1160 confitebuntur
3467 1091 3561 1144 tibi
3600 1108 3657 1146 ιη

377 1183 530 1250 κῶς.
577 1184 642 1237 Ἢ
676 1182 1032 1255 προλεχθεῖσα
1063 1183 1308 1255 θυγάτηρ
1352 1184 1460 1238 τῶν
1489 1185 1755 1256 βασιλέων
1780 1226 1796 1252 ,
1832 1187 1946 1240 αὕτη

2074 1192 2328 1237 retentum
2359 1193 2626 1252 perpetuo.
2663 1179 2803 1236 Filia
2833 1197 3022 1254 regum
3050 1181 3160 1251 jam
3192 1189 3514 1245 memorata,
3545 1183 3652 1237 sci—

373 1274 445 1329 et
480 1271 548 1344 ἦν
575 1275 607 1346 ἡ
641 1275 734 1327 ἐπὶ
765 1275 868 1345 γῆς
901 1273 1217 1345 Ἐκκλησία,
1253 1276 1652 1350 συναισθομένη
1684 1279 1784 1347 τῆς
1808 1278 1969 1335 δυνά-

2073 1274 2200 1329 licet
2234 1273 2481 1330 Ecclesia
2511 1274 2567 1328 in
2593 1280 2740 1328 terra
2764 1272 2993 1344 degens,
3026 1271 3239 1342 paterni
3271 1271 3510 1326 nominis
3538 1272 3652 1325 vir-

377 1381 538 1434 μεως
570 1364 662 1417 τοῦ
691 1364 954 1436 πατρικοῦ
1002 1365 1287 1436 ὀνόματος,
1318 1367 1618 1438 ἐπειδήπερ
1644 1368 1946 1436 ἐχαρίσατι

2071 1373 2242 1420 tutcm
2293 1364 2761 1431 animadvertens,
2819 1363 3081 1434 quoniam
3135 1363 3280 1416 dedit
3337 1362 3422 1416 illi
3464 1378 3651 1417 nomen

370 1455 548 1521 αὐτῷ
581 1455 770 1525 ὄνομα
802 1457 868 1510 τὸ
895 1457 1048 1525 ὑπὲρ
1075 1457 1200 1513 πᾶν
1231 1457 1424 1528 ὄνομα
1446 1474 1458 1486 ’
1497 1460 1598 1512 ἵνα
1633 1460 1704 1512 ἐν
1725 1459 1803 1525 τῷ
1834 1462 1967 1514 ὀνό-

360 1564 523 1616 ματι
558 1547 752 1615 Ἰησοῦ
773 1546 898 1605 πᾶν
920 1548 1067 1618 γόνυ
1093 1546 1302 1618 κάμψῃ
1324 1547 1701 1616 ἐπουρανίων
1728 1548 1827 1603 καί
1849 1550 1966 1604 ἐπι-

368 1640 560 1709 γείων
585 1639 682 1692 καὶ
714 1639 1142 1707 καταχθονίων,
1173 1637 1311 1710 μετά
1373 1638 1473 1702 τὰς
1503 1640 1639 1710 πρὸς
1675 1640 1843 1711 αὐτὴν
1875 1640 1967 1693 λε-

2067 1456 2204 1528 quod
2232 1465 2309 1512 est
2333 1473 2490 1526 super
2521 1473 2673 1512 omne
2704 1471 2920 1520 nomen;
2946 1468 3001 1508 ut
3021 1455 3074 1510 in
3103 1456 3311 1510 nomine
3341 1453 3470 1510 Jesu
3501 1471 3652 1509 omne

2067 1566 2198 1620 genu
2212 1549 2458 1618 ﬂectatur
2473 1549 2782 1615 caelestium,
2808 1547 3134 1603 terrestrium
3163 1557 3212 1601 et
3236 1547 3563 1616 infernarum
3578 1547 3648 1613 ⁸⁷,

2067 1647 2191 1709 post
2214 1639 2372 1694 datas
2409 1639 2512 1694 sibi
2543 1638 2962 1709 promissiones,
2993 1636 3079 1693 his
3102 1637 3328 1693 vocibus
3357 1636 3514 1693 fidem
3547 1636 3647 1691 ha-

361 1731 601 1804 χθείσας
623 1732 1317 1802 ὲπαγγελίας,πιστεύσασα
1343 1735 1569 1802 φωναῖς,
1593 1736 1768 1805 χαρᾶς
1787 1751 1845 1786 τε
1871 1735 1946 1787 κα⁴

2068 1730 2222 1796 hens,
2249 1730 2450 1802 gaudio
2484 1737 2538 1786 et
2568 1729 2936 1789 exsultatione
2965 1727 3223 1798 repletur.

361 1825 721 1897 εὐφροσύνης
753 1825 1124 1897 πληρωθεῖσα.

1993 1811 2040 1866 Β

358 1934 487 1986 ΕΙΣ
518 1935 605 1988 ΤΟ
641 1937 883 1992 ΤΕΛΟΣ.
910 1938 1096 1990 ΥΠΕΡ
1140 1939 1274 1991 ΤΩΝ
1313 1939 1474 1992 ΥΙΩΝ
1515 1939 1713 2005 ΚΟΡΕ,
1783 1941 1946 1994 THE}

2071 1921 2122 1979 1.
2155 1923 2220 1980 ΙΝ
2251 1924 2461 1985 FINEM
2500 1932 2638 1990 PRO
2669 1933 2871 1990 FlLlIS
2903 1935 3106 2005 CORE,
3147 1931 3284 1992 PRO
3323 1934 3644 2003 ARCANIS,

690 2007 826 2060 ΤΩΝ
856 2009 1180 2072 ΚΡΥΦΙΩΝ,
1210 2009 1501 2064 ΨΑΛΜΟΣ
1526 2011 1666 2064 ME'.

459 2118 514 2170 '0
536 2118 682 2185 Θεὸς
711 2120 881 2189 ἡμῶν
907 2122 1219 2193 καταφυγὴ
1248 2123 1345 2178 καὶ
1397 2123 1651 2194 δύναμις
1673 2165 1686 2190 ,
1727 2126 1960 2194 ,βοηθὸς

355 2210 445 2263 ὲν
494 2211 741 2279 θλίψεσι
781 2210 908 2278 ταῖς
957 2215 1280 2282 εὐρούσαις
1334 2213 1493 2284 ἡμᾶς
1544 2216 1800 2285 σφόδρα.
1857 2218 1960 2272 Διὰ

352 2301 552 2356 τοῦτο
579 2304 651 2357 οὐ
681 2305 1142 2373 φοϐηθησόμεθα
1165 2306 1236 2358 ἐν
1263 2307 1341 2371 τῷ
1389 2308 1802 2374 ταράσσεσθαι
1843 2306 1959 2376 τὴν

353 2392 512 2462 γῆν,
541 2393 639 2447 καὶ
659 2395 1078 2464 μετατίθεσθαι
1097 2395 1201 2464 ὄρη
1220 2397 1288 2449 ἐν
1307 2397 1577 2464 καρδίαις
1602 2397 1952 2452 θαλασσῶν.

352 2481 803 2556 Εὐχαριστήριον
841 2485 1008 2556 ὕμνον
1034 2487 1348 2558 ἀναπέμπει
1383 2485 1461 2557 τῷ
1497 2487 1746 2558 μεγάλων
1791 2488 1954 2541 αὑτὸν

353 2575 772 2641 καταξιώσαντι
815 2578 843 2629 ό
872 2575 1057 2645 λόγος·
1082 2576 1164 2629 ὅτι
1193 2576 1423 2648 φροῦδος
1474 2577 1630 2631 ἔσται
1653 2618 1668 2642 ,
1701 2577 1952 2648 καθάπερ

352 2667 476 2721 τινὶ
501 2667 970 2740 παραπεμφθεῖσα
1005 2666 1172 2738 βυθῷ,
1211 2670 1246 2739 ή
1273 2669 1437 2722 πάλαι
1467 2671 1792 2741 κρατήσασα
1841 2669 1952 2721 τῶν

351 2759 640 2831 δαιμόνων
657 2759 903 2823 ἀσέϐεια,
921 2761 954 2830 ὴ
975 2759 1084 2814 τῶν
1105 2759 1246 2832 ὀρῶν
1271 2761 1346 2832 (1)
1373 2761 1682 2832 μιμουμένη
1709 2761 1771 2814 τὸ
1793 2760 1947 2831 ὕψος,

350 2852 461 2906 καὶ
487 2852 588 2922 τῆς
608 2851 930 2924 οἰκουμένης
960 2852 1054 2905 ὲπὶ
1085 2852 1337 2906 πλεῖστον
1356 2855 1620 2925 ἐσχηκυῖα
1643 2853 1705 2906 τὸ
1726 2853 1945 2926 κράτος.

350 2940 501 2997 Εἶτα
531 2942 678 3012 λέγει
705 2944 734 2995 ό
767 2944 1101 3015 προφητικδς
1133 2942 1310 3012 λόγος,
1345 2944 1420 3007 ὡς
1460 2944 1529 2998 τὰ
1573 2944 1742 2998 ὕδατα
1782 2944 1950 3015 ζάλην

348 3028 600 3094 ἐδέξατο,
629 3030 722 3082 καὶ
743 3029 815 3082 τά
833 3030 932 3101 δρη
961 3029 1147 3084 κλόνον
1173 3031 1454 3104 ὑπέμεινε,
1478 3031 1572 3086 τοῦ
1594 3033 1948 3101 εὐαγγελικοῦ

2592 2005 2915 2063 PSALMUS
2952 2001 3090 2062 XLV
3104 2042 3118 2058 .

2138 2119 2603 2185 Vsas.2,5.Deus
2638 2130 2815 2176 noster
2834 2106 3104 2191 refugium
3139 2130 3188 2175 et
3218 2122 3406 2186 virtus,
3430 2119 3646 2190 adjutor

2061 2211 2113 2265 in
2148 2212 2579 2266 tribulationibus
2602 2229 2718 2283 quoe
2736 2214 3039 2268 invenerunt
3065 2231 3159 2267 nos
3189 2214 3366 2267 nimis.
3394 2212 3644 2281 Propter-

2058 2320 2120 2356 ea
2159 2320 2263 2357 non
2302 2303 2600 2358 timebimus
2634 2304 2760 2358 dum
2791 2304 3094 2358 turbabitur
3129 2314 3291 2368 terra,
3315 2313 3364 2358 et
3409 2303 3642 2373 transfe—

2057 2403 2241 2448 rentur
2273 2403 2472 2448 montes
2506 2395 2560 2448 in
2594 2412 2686 2449 cor
2725 2395 2974 2451 marium.
3025 2394 3295 2466 Hymnum
3340 2395 3643 2463 gratiarum

2056 2487 2289 2542 actionis
2329 2486 2528 2542 emittit
2559 2486 2610 2542 ei
2644 2487 2738 2557 qui
2771 2487 2987 2558 magnis
3027 2487 3206 2557 ipsum
3239 2485 3518 2542 beneficiis
3545 2500 3642 2541 or-

2055 2583 2300 2644 naverat,
2321 2578 2446 2648 quia
2470 2593 2590 2648 quae
2610 2577 2741 2632 olim
2773 2592 2958 2648 rerum
2992 2577 3160 2648 potita
3185 2585 3302 2632 erat
3333 2577 3642 2632 dmmonum

2054 2670 2326 2740 impietas,
2357 2677 2412 2726 et
2457 2670 2730 2726 montium
2759 2671 3108 2727 altitudinem
3138 2670 3414 2736 munulata,
3446 2669 3541 2725 diu
3583 2670 3643 2726 in

2055 2762 2245 2817 orbem
2292 2761 2608 2816 ordinatum
2646 2761 2999 2829 obtinuerat;
3025 2762 3138 2831 jam
3175 2761 3332 2832 quasi
3369 2762 3423 2815 in
3454 2760 3644 2832 gurgi-

2052 2858 2159 2906 tem
2229 2850 2520 2922 quemdam
2584 2850 2851 2921 projecta,
2884 2850 2952 2906 de
3007 2851 3189 2905 medio
3249 2850 3464 2906 sublata
3507 2848 3638 2906 erit.

2050 2941 2260 2998 Deinde
2293 2949 2481 2996 narrat
2510 2942 2864 3012 propheticus
2909 2955 3114 3007 sermo,
3147 2955 3259 3010 quo
3289 2949 3448 3011 pacto
3485 2954 3642 3012 aqua

2051 3043 2374 3106 tempestate
2423 3036 2668 3106 agitatae,
2722 3041 2940 3088 montes
3000 3032 3428 3088 commotionem
3487 3032 3640 3104 passi

348 3120 898 3192 διαπορθμευομένω
950 3121 1322 3194 κηρύγματος.
1383 3125 1646 3179 Ἐνταῦοα
1665 3126 1720 3178 δὲ
1759 3127 1860 3198 ὅρη
1889 3126 1946 3180 τὸ

2055 3131 2184 3195 sint,
2223 3127 2353 3182 dum
2385 3128 2603 3183 interea.
2628 3127 2942 3197 evangelica
2973 3125 3292 3197 praedicatio
3317 3126 3484 3180 latius
3514 3141 3640 3197 per-

351 3208 470 3261 τῶν
497 3207 766 3279 δαιμόνων
792 3211 1200 3283 προσηγόρευσε
1235 3215 1419 3282 στίρος
1456 3213 1544 3268 διὰ
1576 3215 1666 3268 τὸν
1693 3215 1791 3286 τῆς
1817 3217 1950 3270 ἀλα-

350 3299 576 3365 ζονείας
603 3301 767 3369 ὄγκον
809 3303 1028 3357 καὶτοῦ
1078 3304 1248 3374 τύφου
1293 3305 1354 3359 το
1386 3307 1587 3378 ὑψηλόν
1608 3325 1620 3338 ο
1678 3308 1844 3362 ὕδατα
1892 3310 1949 3362 δὲ

351 3390 470 3445 τῶν
506 3392 808 3464 ἀνθρώπων
841 3394 942 3458 τὰς
971 3394 1221 3466 γνώμας,
1251 3397 1350 3461 τὰς
1383 3397 1539 3470 δίκην
1573 3399 1782 3454 ὑδάτων
1820 3400 1946 3472 τῇδε

351 3481 587 3535 κάκεῖσε
621 3483 928 3553 φερομένας
963 3483 1179 3556 ῥᾳδίως,
1205 3486 1300 3539 καὶ
1332 3486 1436 3541 ὑπὸ
1457 3487 1565 3544 τῶν
1600 3489 1698 3560 τῆς
1731 3491 1948 3562 ἀπάτης

351 3573 689 3644 κυκωμένας
718 3573 1062 3645 πνευμάτων.
1098 3574 1285 3628 Ταῦτα
1312 3575 1368 3629 δὲ
1395 3577 1637 3633 διδάσκει
1677 3580 1824 3651 ἡμᾶς
1855 3582 1947 3634 καὶ

350 3668 387 3738 ὴ
415 3666 532 3720 τῶν
555 3666 842 3736 Πράξεων
865 3666 1093 3738 ἱστορία·
1125 3667 1293 3732 ὅπως,
1316 3667 1426 3721 τῶν
1447 3669 1607 3740 ἱερῶν
1633 3670 1946 3724 ἀποστόλων

350 3758 461 3829 τὴν
487 3758 812 3830 οἰκουμένην
843 3759 1305 3831 περινοστούντων
1328 3801 1343 3825 ,
1389 3760 1555 3832 ζάλης
1606 3763 1947 3833 ὲμπίπλαντο

355 3849 458 3903 καὶ
481 3848 723 3920 θορύϐων
753 3851 808 3902 αἱ
859 3851 1062 3913 πόλεις.
1095 3850 1206 3903 Καὶ⁸
1241 3849 1351 3921 γὰρ
1395 3853 1453 3904 ὲν
1516 3853 1724 3924 Ἐφέσῳ
1763 3855 1947 3926 Aristi}?

352 3958 510 4014 τριος
540 3943 719 3995 πᾶσαν
741 3941 838 4012 τὴν
869 3942 1023 3995 πόλιν
1049 3942 1296 3996 ὲκύκωσε
1316 3960 1330 3975 ·
1359 3944 1453 3996 καὶ
1473 3943 1532 3996 ἐν
1563 3944 1829 4016 Λύστροις
1853 3947 1947 4000 καὶ

264 4053 266 4056 ν
353 4032 535 4105 Δέρὸῃ
553 4033 718 4086 ταὺτὸ
746 4031 904 4086 τοῦτο
927 4032 1236 4103 γεγένηται.
1261 4032 1371 4086 Καὶ
1400 4033 1559 4089 πάλιν
1580 4036 1637 4088 ὲν
1660 4035 1946 4100 Φιλίπποις

352 4122 453 4175 καὶ
492 4121 881 4192 Θεσσαλονίκῃ,
916 4121 1010 4183 καὶ
1043 4121 1326 4194 ,Ἀθήναιω
1376 4121 1471 4179 καὶ
1529 4124 1799 4196 Κορίνθῳ,
1835 4125 1944 4179 τῶν

351 4213 457 4283 τῆς
504 4211 721 4282 ἀπάτης
768 4213 1090 4283 πνευμάτων
1127 4212 1298 4266 ταῦτα
1334 4212 1706 4287 διεγειρόντων
1754 4215 1824 4270 τά
1857 4216 1945 4270 κύ-

355 4323 526 4376 ματα,
547 4305 654 4360 ὑπὸ
680 4305 885 4360 τούτων
900 4306 1042 4371 τινὲς
1065 4307 1288 4378 ὲνεργού
1297 4324 1445 4378 μενοι
1475 4308 1614 4365 κατά
1640 4310 1749 4363 τῶν
1779 4311 1824 4363 is
1834 4311 1942 4382 ρῶν

353 4396 526 4450 ἐϐόων
555 4397 903 4455 ἀποστόλωνε
942 4402 1004 4452 Oi
1040 4398 1155 4466 τὴν
1195 4401 1561 4470 οἰκουμένην
1591 4402 1938 4456 ἀναστατώ-

350 4505 597 4556 σαντες,
628 4486 796 4546 οὗτοι
831 4490 932 4545 καὶ
970 4490 1183 4546 ἐνθάδε
1233 4491 1494 4560 πάρεισι.
1549 4494 1732 4547 Ταῦτα
1787 4495 1879 4549 καὶ
1911 4498 1938 4550 ὁ
1976 4475 2018 4528 Ῑ)

354 4581 630 4654 μακάριος
664 4584 1080 4656 ’προηγόρευσεν
1150 4585 1461 4656 Ἀϐακούμ⁸
1525 4589 1934 4656 Ἐπεϐίϐασας,

349 4676 461 4747 γάρ
486 4693 672 4747 φησιν,
717 4679 806 4743 εὶς
846 4677 1167 4731 θάλασσαν
1216 4678 1356 4743 τοὺς
1387 4679 1612 4746 ἵππους
1637 4696 1753 4735 σου
1778 4722 1790 4746 ,
1834 4699 1934 4734 τα-

343 4767 699 4835 ράσσοντας
728 4769 918 4824 ὕδατα
946 4770 1166 4825 πολλά.
1193 4773 1424 4835 Ἵππους
1461 4772 1518 4824 δὲ
1558 4772 1931 4846 προσηγόρευ-

349 4875 443 4914 σεν
471 4860 658 4932 ὄχημα
700 4860 840 4914 θεῖον
886 4862 1283 4932 γεγενημένους
1327 4864 1451 4926 τοὺς
1495 4865 1672 4935 ἱεροὺς
1698 4865 1929 4918 ἀποστό-

347 4949 504 5016 λους·
534 4953 622 5006 ἐπ’
648 4951 828 5005 αὐτῶν
849 4952 956 5022 γάρ
974 4953 1264 5024 ὀχούμενος
1294 4957 1322 5007 ό
1340 4955 1636 5024 Δεσπότης,
1667 4954 1734 5008 τὰ
1762 4955 1931 5008 πολλά

347 5041 444 5096 καὶ
473 5041 706 5114 διάφορα
732 5043 828 5114 τῆς
854 5044 1110 5107 ἀσεϐείας
1141 5045 1383 5116 δόγματα
1409 5046 1737 5100 διεσκέδασε.
1787 5046 1928 5117 Νοή-

346 5148 461 5196 σεις
493 5132 551 5186 δὲ
587 5134 682 5187 καὶ
711 5133 887 5197 άλλως
917 5134 1022 5204 τὴν,
1046 5134 1306 5206 σύγχυσιν
1333 5135 1431 5206 τῆς
1463 5136 1571 5206 γῆς
1589 5135 1683 5188 καὶ
1711 5136 1807 5208 τὴν
1841 5157 1928 5191 τα-

350 5222 522 5294 ραχὴν
545 5224 742 5293 αὐτῆς,
779 5225 992 5281 ἀκούων
1044 5225 1137 5278 τοῦ
1178 5226 1428 5299 Σωτῆρος
1471 5226 1750 5297 λέγοντος’
1799 5228 1926 5296 Πῦρ

350 5308 542 5381 ἦλθον
559 5314 780 5378 βαλεῖν
827 5316 925 5369 ἐπὶ
969 5315 1084 5383 τὴν
1109 5314 1229 5385 γῆν
1249 5334 1262 5346 ·
1295 5318 1394 5371 καὶ
1434 5320 1491 5372 τί
1519 5319 1672 5374 θέλω
1701 5323 1754 5373 εὶ
1808 5319 1926 5388 ἤδη

350 5403 625 5474 dﬂigam);
657 5407 752 5460 καὶ
781 5407 940 5460 πάλιν
964 5425 977 5438 ·
1007 5407 1105 5476 Μὴ
1131 5410 1438 5480 νομίσητε,
1469 5412 1555 5466 ὅτι
1583 5408 1774 5482 ἦλθον
1813 5413 1928 5477 βα-

352 5494 482 5549 λεῖν
516 5493 766 5565 εἰρήνην
797 5496 896 5550 ἐπὶ
923 5497 1036 5566 τὴν
1057 5497 1207 5569 γῆν·
1240 5501 1352 5555 οὐκ
1376 5497 1564 5571 ἦλθον
1605 5503 1821 5569 βαλεῖν
1849 5505 1930 5558 sla

2050 3223 2295 3278 vaderet.
2351 3219 2448 3275 llic
2505 3234 2670 3290 porro
2735 3219 3046 3274 dazmonum
3095 3229 3372 3274 catervam
3419 3224 3639 3274 montes

2051 3321 2359 3383 nuncupat,
2401 3311 2473 3368 ob
2529 3311 2856 3382 arrogantia:
2926 3319 3195 3366 tumorem
3258 3324 3324 3365 ac
3367 3309 3636 3380 superbiae

2049 3405 2426 3470 altitudinem;
2455 3417 2627 3474 aquas
2655 3417 2807 3467 vero,
2838 3402 3125 3457 hominum
3160 3402 3481 3465 sententias,
3514 3415 3637 3472 qua:

2050 3512 2319 3568 aquarum
2350 3495 2523 3550 instar.
2556 3495 2702 3550 ultro
2745 3496 2995 3566 citroque
3024 3493 3184 3550 facile
3218 3492 3492 3555 feruntur,
3521 3501 3575 3547 ct
3603 3508 3634 3545 a

2049 3588 2336 3660 spiritibus
2389 3587 2629 3643 fallacia:-
2673 3588 2998 3644 miscentur.
3058 3585 3184 3641 l-laec
3244 3585 3509 3647 docemur
3567 3586 3637 3642 ab

2048 3683 2277 3736 Actuum
2314 3681 2546 3736 historia
2580 3699 2594 3734 :
2631 3679 2906 3750 quomodo
2931 3679 3139 3734 scilicet
3161 3692 3283 3733 cum
3308 3675 3480 3733 sancti
3501 3691 3635 3747 apo-

2064 3774 2191 3830 stoli
2249 3774 2435 3827 orbem
2492 3771 2810 3835 circuircnt,
2861 3777 3184 3840 tempestate
3234 3776 3399 3839 atque
3458 3768 3635 3822 turbis

2049 3865 2213 3918 urbes
2242 3863 2470 3934 singula:
2499 3861 2872 3932 rcplcbautur.
2898 3859 3182 3930 Siquidem
3208 3859 3406 3928 Ephesi
3438 3857 3632 3914 Demc-

2049 3956 2187 4026 trius
2216 3961 2381 4009 totam
2417 3955 2608 4008 urbem
2662 3953 2886 4009 miscuit
2915 3971 2927 4006 :
2965 3951 3174 4024 Lystris
3195 3959 3250 4006 et
3282 3949 3499 4008 Derbaz.
3549 3949 3632 4003 id-

2047 4046 2225 4118 ipsum
2249 4045 2474 4116 contigit
2504 4064 2516 4099 :
2549 4044 2847 4115 Philippis,
2874 4041 3290 4109 Thessalonica,
3321 4041 3548 4097 Athenis
3579 4049 3634 4096 et

2046 4135 2322 4200 Corinthi,
2387 4133 2672 4205 spiritibus
2753 4132 2984 4188 fallaciae
3049 4129 3366 4201 huiusmodi
3432 4126 3634 4188 ﬂuctus

2046 4227 2350 4291 cientibus,
2387 4225 2610 4297 quidam
2660 4225 2728 4279 ab
2759 4223 2960 4282 iisdem
3004 4220 3216 4278 obsessi
3262 4229 3456 4274 contra
3501 4231 3631 4274 san-

2045 4331 2164 4378 ctos
2199 4321 2479 4392 apostolos
2513 4318 2825 4373 clamabant
2860 4335 2872 4370 :
2909 4314 2982 4370 Ili
3013 4314 3103 4385 qui
3144 4315 3320 4367 orbem
3367 4319 3631 4364 terrarum

2047 4415 2434 4476 subuerterant,
2458 4411 2540 4466 hic
2578 4410 2853 4464 mlsunt“.
2882 4407 3007 4462 Haec
3037 4405 3198 4462 etiam
3232 4405 3423 4458 beatus
3447 4400 3626 4454 [laba-

2048 4522 2173 4560 cum
2207 4501 2624 4575 praenuntiavit:
2645 4517 2768 4555 nam
2795 4500 2902 4556 ait:
2938 4497 3207 4552 lndnxisti
3226 4496 3279 4548 in
3303 4510 3447 4548 mare
3471 4508 3628 4563 equos

2048 4607 2190 4660 tuos,
2225 4594 2494 4652 turbantes
2545 4609 2710 4662 aquas
2763 4591 2958 4645 multas
2979 4589 3046 4642 ⁸⁵.
3101 4587 3282 4656 Equos
3321 4599 3450 4639 vero
3492 4584 3628 4637 dixit

2046 4703 2235 4744 sacros
2289 4686 2586 4757 apostolos,
2639 4683 2732 4753 qui
2794 4681 3105 4737 vehiculum
3161 4677 3405 4731 divinum
3449 4673 3626 4730 eﬂ'ccti

2047 4789 2175 4837 sunt
2212 4799 2225 4834 :
2266 4779 2350 4834 his
2389 4777 2588 4848 quippe
2629 4782 2820 4828 vectus
2855 4771 3118 4826 Dominus
3154 4768 3324 4822 multa
3367 4771 3627 4839 variaque

2046 4870 2342 4942 impietatis
2386 4869 2638 4937 dogmata
2691 4862 2998 4933 dissipavit.
3032 4862 3154 4914 Alio
3199 4874 3416 4930 quoque
3460 4859 3625 4913 modo

2045 4973 2206 5020 terra:
2231 4961 2609 5016 confusionem
2641 4973 2704 5012 ac
2736 4955 3206 5028 perturbatibncm
3235 4955 3541 5021 intelligas,
3575 4956 3623 5010 si

2048 5058 2388 5112 Salvatorem
2419 5052 2611 5107 audias
2643 5051 2756 5106 [nec
2781 5051 3050 5105 dicentem
3089 5067 3102 5103 :
3144 5049 3326 5121 Ignem
3359 5049 3472 5103 teni
3500 5048 3624 5101 mit-

2040 5163 2145 5205 tere
2179 5149 2233 5202 in
2263 5154 2489 5208 terram;
2534 5153 2583 5196 et
2633 5142 2756 5213 quid
2807 5140 2920 5196 volo
2947 5141 2994 5194 si
3016 5140 3133 5210 jam
3166 5156 3416 5194 accensus
3447 5137 3625 5193 est"?

2033 5217 2100 5298 Et
2133 5254 2350 5296 rursum
2387 5257 2399 5292 :
2432 5234 2610 5292 Nolite
2632 5245 2821 5305 putare
2871 5233 3010 5305 quod
3040 5233 3262 5289 venerim
3287 5247 3469 5300 pacem
3501 5230 3623 5283 mit-

2035 5345 2140 5390 tere
2198 5346 2351 5400 super
2401 5340 2597 5382 terram
2641 5343 2659 5380 :
2711 5344 2814 5381 non
2878 5328 2994 5381 veni
3039 5343 3218 5397 pacem
3267 5327 3488 5388 mittere,
3530 5321 3625 5376 sed-

2034 5427 2292 5499 gladium.
2339 5423 2465 5478 Veni
2508 5421 2649 5476 enim
2702 5436 2949 5490 separare
2997 5420 3257 5476 hominem
3304 5435 3336 5470 a
3368 5425 3537 5486 patre,
3567 5424 3619 5470 et

2035 5517 2205 5585 [iliant
2234 5532 2266 5568 a
2291 5523 2478 5576 matre,
2511 5523 2558 5567 et
2588 5528 2779 5566 nurum
2809 5529 2840 5566 a
2875 5527 3052 5578 socru,
3081 5519 3128 5564 et
3161 5508 3360 5564 inindti
3392 5504 3619 5564 b'ominis

417 5655 462 5688 "
500 5654 699 5728 Philip.
733 5673 808 5723 ιι,
847 5658 931 5715 10.
1006 5659 1051 5693 ⁸⁸
1088 5660 1209 5717 Act.
1242 5677 1392 5726 xsvu
1473 5666 1507 5722 ὅ
1603 5668 1648 5699 ⁸⁸
1690 5665 1892 5724 llabac.
1930 5685 1944 5724 ι

2066 5671 2151 5726 15.
2230 5673 2276 5703 ⁹⁰
2314 5669 2446 5727 Luc.
2478 5686 2590 5736 xu,
2628 5669 2722 5726 49.

423 5769 720 5842 (Ι)”()ρέων.

3557 352 3660 406 tos
3735 415 3756 434 ρ
