4010 6586
245 357 400 424 409

1410 369 1912 427 COMMENTARIA
1955 375 2020 429 IN
2061 375 2400 435 PSALMOS.

3442 392 3550 448 4ίο

243 478 328 532 δὲ
363 480 469 542 τὰς
495 479 785 552 διαιρέσεις
817 482 1036 546 ’ἀκούων
1063 485 1279 552 ’Παύλου
1318 488 1598 557 λέγοντος*
1637 491 1827 558 Διαιρέ

1958 492 2010 548 si
2048 491 2280 548 Paulum
2304 493 2497 552 audias
2519 493 2790 552 dicentem
2827 515 2841 552 :
2875 495 3168 557 Diuisione:
3198 516 3313 562 vero
3336 506 3544 578 gratia.

240 577 421 637 σεις
469 574 854 641 χαρισμάτων
883 577 1033 641 εισι,
1067 577 1133 631 τὸ
1164 577 1217 630 δ’
1267 581 1413 634 αὑτύ
1440 583 1680 652 Πνεῦμα
1700 600 1712 613 ’
1767 602 1827 638 κο

1969 598 2090 636 rum
2123 591 2267 646 sunt,
2295 581 2450 639 idem
2487 593 2662 640 autem
2703 585 2970 652 Spiritus;
3002 597 3053 642 et
3083 574 3362 648 divisiones
3387 596 3542 650 mini-

244 660 606 732 διαιρέσεις
639 664 956 724 διακονιῶν
1002 672 1182 738 εισιν,
1211 673 1245 725 ὁ
1264 670 1338 725 δὲ
1392 672 1576 740 αὐτὸς
1613 677 1860 742 Κύριος·

241 752 379 805 καὶ
416 752 743 823 διαιρέσεις
759 756 918 812 εἰσιν
929 759 1361 829 ἐνεργημάτων,
1392 765 1425 820 ό
1436 763 1488 816 δ’
1503 765 1684 832 αὐτὸς
1699 767 1860 836 Θεὸς,

246 843 292 894 ό
325 842 610 911 ἐνεργῶν
645 847 717 900 τὰ
753 846 948 900 πάντα
977 849 1047 902 ἐν
1066 850 1275 906 πᾶσιν.

353 932 604 1002 Ἠγίασε
632 937 695 989 τὸ
719 937 1010 1008 σκήνωμα
1038 942 1223 995 αὑτοῦ
1262 946 1296 997 o'
1338 945 1643 1013 Ὕψιστος.
1702 948 1860 1002 Κατὰ

241 1021 314 1076 δδ
355 1025 458 1078 τὸν
493 1026 786 1099 Σύμμαχον
812 1047 826 1060 ο
869 1031 934 1084 Τὸ
980 1031 1151 1102 ἄτιον
1185 1032 1295 1101 τῆς
1341 1037 1860 1108 κατασκηνώσεως

236 1117 384 1170 τοῦ
438 1116 739 1186 Ὑψίστου.
774 1122 1030 1194 Μεγάλης
1080 1124 1188 1194 γὰρ
1213 1124 1503 1197 οὔσηςκαὶ
1533 1129 1728 1202 πολλῆς
1757 1130 1858 1200 τῆς

238 1206 508 1272 πόλεως,
545 1208 659 1262 ἐστι
688 1227 740 1263 τι
762 1212 931 1282 αὐτῆς
957 1213 1018 1264 τὸ
1048 1213 1340 1284 ἐξαίρετον.
1377 1216 1496 1268 Τῶν
1531 1206 1643 1289 γὰρ
1683 1221 1740 1272 ἐν
1785 1224 1851 1293 τῇ

252 1296 586 1370 Ἐκκλησία
619 1301 751 1354 πολὺ
780 1302 876 1372 μὲν
895 1303 954 1356 τὸ
979 1305 1103 1358 ἄλλο
1133 1304 1355 1376 πλῆθος.
1381 1307 1594 1360 σπανξοι
1617 1310 1671 1362 δὲ
1705 1312 1756 1362 οἱ
1787 1315 1851 1382 τῇ

234 1390 539 1463 ἁγιοσύνῃ
566 1394 1074 1464 προσανακείμενοι,
1105 1396 1199 1448 καὶ
1238 1395 1334 1472 τὴν
1375 1397 1594 1468 ἐντολὴν
1639 1398 1737 1472 τὴν
1769 1402 1854 1456 λέ-

232 1497 490 1548 γουσαν
546 1485 723 1553 Ἅγιοι
763 1484 1012 1550 ἔσεσθε,
1064 1487 1153 1540 ὅτι
1206 1488 1320 1557 ἐγὼ
1375 1493 1590 1559 Κύριος
1623 1497 1655 1548 ό
1709 1494 1852 1562 Θεὸς

227 1572 442 1641 ὑμῶν
473 1574 656 1642 ἅγιος,
715 1577 1089 1646 φυλάττοντες.
1149 1581 1346 1657 Καὶ-ὲν
1392 1584 1600 1649 τούτοις
1645 1603 1701 1638 τε
1739 1589 1850 1652 τοῖς

230 1665 453 1732 thyias;
482 1669 514 1738 ἡ
551 1670 967 1740 κατασκήνωσις
991 1671 1238 1726 λέλεκται
1266 1668 1400 1727 εἶναι
1429 1674 1522 1729 τοῦ
1566 1676 1844 1748 ’Υψίστουο

225 1756 302 1807 ἐν
331 1757 533 1826 μόνοις
552 1759 658 1831 γὰρ
679 1762 860 1824 αὐτοῖς
885 1763 1064 1834 χώραν
1089 1764 1198 1834 ἔχει
1223 1767 1255 1836 ἡ
1284 1768 1564 1835 φάσκουσα
1595 1769 1687 1821 τοῦ
1712 1769 1846 1823 Θεοῦ

1969 673 2285 730 stratiouum
2308 673 2600 735 sunt,idem
2611 684 2784 730 autem
2808 676 3056 735 Dominus
3077 681 3155 744 “;
3185 691 3235 736 et
3261 683 3541 744 divisiones

1963 765 2326 831 operationum
2376 774 2519 830 sunt,
2569 765 2710 822 idem
2795 785 2912 824 vero
2954 769 3116 836 Deus.
3150 774 3240 844 qui
3294 785 3540 844 operatur

1961 854 2143 908 omnia
2186 855 2240 908 in
2286 855 2547 912 omnibus.

2031 945 2395 1016 Sancti/ienuit
2427 947 2828 1002 tabernaculum
2861 964 3017 1006 suum
3064 951 3395 1007 Altissimus.
3439 952 3539 1010 Se-

1959 1036 2196 1090 cundum
2243 1035 2628 1108 Symmachum
2664 1048 2869 1105 autem,
2915 1041 3168 1096 Sanctum
3193 1045 3534 1102 habitationis

1957 1125 2244 1184 Attissimi.
2270 1128 2407 1183 Cum
2455 1144 2654 1198 magna
2679 1133 2880 1203 quippe
2929 1140 2983 1187 et
3010 1134 3276 1204 populosa
3304 1137 3376 1190 sit
3400 1137 3538 1193 civi-

1957 1228 2060 1287 tas,
2121 1220 2370 1289 quaedam
2432 1221 2553 1288 ejus
2604 1223 2783 1292 portio
2846 1224 3060 1279 caeteris
3104 1233 3348 1296 praestat.
3398 1225 3532 1284 Nam

1953 1325 2143 1364 eorum
2177 1311 2343 1380 quiin
2380 1310 2626 1366 Ecclesia
2661 1314 2885 1385 degunt,
2937 1323 3020 1371 est
3072 1317 3294 1388 quidem
3342 1317 3532 1389 ingens

1953 1401 2058 1455 alia
2088 1402 2400 1467 multitudo,
2435 1404 2529 1459 sed
2564 1405 2674 1459 rari
2706 1407 2997 1461 admodum
3021 1408 3114 1478 qui
3151 1409 3429 1464 sanctitati
3472 1426 3532 1466 se

1951 1493 2171 1557 dedant,
2204 1503 2259 1550 et
2315 1495 2417 1550 hoc
2468 1505 2798 1568 przeceptum
2833 1497 3054 1554 :Sancti
3082 1500 3253 1565 eritis.
3281 1500 3530 1570 quoniam

1949 1601 2040 1656 ego
2073 1583 2331 1640 Dominus
2365 1585 2506 1642 Deus
2531 1597 2696 1642 vester
2718 1597 2934 1643 sanctus
2957 1604 3074 1642 sum
3113 1588 3181 1652 ’⁷,
3216 1589 3527 1646 observent.

1949 1673 2005 1729 In
2038 1677 2243 1732 sanctis
2274 1691 2404 1730 vero
2434 1677 2748 1733 hominibus
2806 1679 3073 1736 Altissimi
3107 1678 3371 1734 habitatio
3401 1695 3526 1738 esse

1947 1763 2168 1818 dicitur.
2202 1763 2259 1819 In
2289 1765 2372 1819 his
2404 1765 2602 1836 quippe
2625 1768 2758 1822 solis
2785 1767 2900 1822 hzec
2947 1767 3040 1822 Dei
3076 1783 3178 1823 vox
3214 1769 3393 1825 locum
3428 1768 3526 1823 ha-

223 1848 418 1922 φωνή
442 1864 454 1876 ·
500 1850 822 1917 Ἐνοικήσω
846 1851 916 1905 ἐν
960 1854 1162 1920 αὐτοῖς
1205 1856 1304 1908 καὶ
1345 1857 1806 1927 ἐμπεριπατήσω

1946 1853 2033 1906 bet
2060 1872 2071 1906 :
2108 1852 2420 1908 Inhabitabo
2453 1857 2503 1908 in
2553 1856 2663 1910 illis
2693 1867 2740 1912 et
2773 1857 3133 1913 iuambulaba.
3168 1858 3236 1913 Et
3274 1876 3362 1916 ero
3395 1858 3525 1914 illo-

221 1936 346 1988 καὶ
411 1936 625 2008 ἔσομαι
663 1941 861 1996 αὐτῶν
905 1943 1067 2009 Θεὸς,
1124 1945 1223 2000 καὶ
1261 1947 1428 2000 αὐτοὶ
1475 1950 1722 2002 ἔσονταί
1745 1968 1844 2020 μοι

219 2026 435 2091 λαός.

322 2117 405 2170 Ὃ
444 2119 587 2184 Θεὸς
608 2121 861 2190 ἐνμέσῳ
889 2122 1076 2192 αὐτῆς
1106 2127 1178 2178 οὐ
1196 2127 1641 2194 σαλευθήσεται
1658 2147 1670 2160 ·
1693 2130 1842 2197 βοη-

218 2208 439 2273 θήσει
471 2211 628 2280 αὐτῇ
659 2216 690 2266 ό
719 2215 854 2281 Θεὸς
890 2215 969 2281 τῷ
992 2217 1158 2284 πρωῒ,
1197 2221 1363 2286 πρωΐ.
1396 2221 1619 2292 Ἕτερος
1647 2222 1704 2275 δὲ
1732 2223 1832 2276 πά-

213 2297 316 2354 λιν
383 2300 588 2371 φησιν’
638 2299 802 2372 Οἶμαι
859 2306 1017 2358 αὐτὸν
1058 2307 1384 2362 αἰνίττεσθαι
1442 2310 1540 2374 τὰς
1599 2313 1837 2382 πρωῖνὰς

223 2389 528 2454 συνόδους,
559 2394 618 2445 ἐν
649 2389 738 2457 αἷς
775 2394 1044 2466 εἰώθαμεν
1072 2399 1210 2451 κατὰ
1241 2399 1339 2464 τὰς
1382 2403 1691 2473 ἁπανταχοῦ
1733 2405 1837 2474 γῆς

220 2478 552 2550 ἐκκλησίας
611 2485 1047 2551 συγκροτεῖοθαιί
1106 2486 1214 2538 Καὶ
1258 2485 1433 2550 ἄλλως
1479 2487 1534 2540 δὲ
1580 2488 1833 2560 διεγείρει

222 2571 399 2650 ἡμᾶς
431 2571 492 2624 τὸ
515 2571 690 2640 λόγιον
721 2575 814 2627 καὶ
849 2578 1106 2646 παρορμᾷ
1132 2577 1224 2629 ἐπὶ
1265 2579 1362 2642 τὰς
1398 2577 1624 2643 ἑωθινὰς
1668 2597 1834 2650 προσ-

224 2663 418 2732 ευχάς
444 2679 458 2692 ⁶
489 2663 555 2715 ἵν’
580 2662 769 2736 ὥσπερ
795 2663 893 2728 τὰς
914 2667 1168 2736 ἀπαρχὰς
1192 2668 1291 2737 τῆς
1317 2669 1522 2721 ἑαυτῶν
1548 2667 1687 2740 ζωῆς
1711 2671 1834 2723 ἀνα-

223 2753 520 2825 φέροιμεν
568 2755 750 2827 αὐτῷ’
811 2756 947 2810 κατὰ
996 2758 1101 2830 γὰρ
1162 2758 1378 2822 τούτους
1430 2760 1554 2823 τοὺς
1609 2762 1832 2832 καιροὺς

226 2843 533 2914 ἀτάραχος
596 2842 724 2899 οῦσα
776 2847 1007 2917 μάλιστα
1064 2852 1096 2920 ἡ
1154 2850 1539 2922 κεκαθαρμένη
1600 2852 1828 2916 διάνοια,

226 2933 443 3004 ἱερέως
512 2936 707 3008 τρόπον
769 2938 1099 3012 λειτουργεῖν
1151 2941 1309 2994 εἴωθε
1368 2941 1443 3012 τῷ
1506 2940 1641 3012 Θεῷ.
1703 2941 1831 2994 Διά-

224 3027 484 3096 ιξάλμα.
1099 3048 1104 3051 ·

321 3116 787 3186 Ἐταράχθησαν
822 3121 987 3189 ἒῖνη,
1011 3122 1262 3177 ἔκλιναν
1279 3124 1588 3187 βασιλεῖαι
1604 3142 1616 3153 ’
1645 3123 1828 3180 ἔδωκε

1949 1960 2066 1997 rum
2089 1943 2248 2009 Deus,
2294 1956 2344 1999 et
2377 1947 2478 2016 ipsi
2503 1956 2656 2001 erunt
2687 1949 2814 2001 mihi
2847 1950 3068 2018 populus
3102 1951 3168 2003 ’⁸.

2013 2120 2180 2176 Vens.
2203 2121 2255 2175 6.
2293 2120 2435 2176 Deus
2465 2123 2518 2176 in
2553 2125 2721 2178 medio
2765 2126 2900 2196 ejus;
2934 2144 3036 2181 non
3073 2126 3515 2182 commovebitur:

1943 2212 2213 2280 edjuvabit
2236 2229 2351 2266 eam
2368 2211 2510 2267 Deus
2540 2232 2695 2269 mane
2719 2216 2978 2270 diluculo.
3010 2219 3164 2273 Alius
3196 2219 3391 2274 iterum
3408 2221 3513 2274 ait:

1938 2302 2190 2356 Arbitror
2228 2293 2408 2372 ipsum
2455 2306 2756 2360 matutinos
2805 2315 3110 2362 conventus
3165 2307 3513 2373 adumbrare,

1938 2393 2094 2463 queis
2126 2394 2179 2446 in
2209 2395 2484 2451 universis
2543 2395 2692 2451 orbis
2727 2396 2977 2452 ccclesiis
3029 2399 3321 2454 convenire
3370 2399 3515 2455 sole-

1938 2500 2080 2538 mus.
2113 2484 2264 2540 Alias
2294 2501 2423 2540 vero
2476 2485 2578 2542 hoc
2626 2501 2878 2542 sermone
2903 2491 3246 2542 concitamur
3288 2496 3342 2542 et
3378 2489 3518 2543 invi-

1936 2579 2118 2626 tamur
2143 2572 2209 2626 ad
2235 2574 2532 2628 matutinas
2562 2589 2774 2644 preces,
2804 2574 2864 2628 ut
2893 2590 2986 2630 eas
3014 2592 3110 2631 ceu
3142 2577 3264 2630 vitae
3315 2583 3517 2631 nostra!

1935 2662 2202 2732 primitias
2227 2663 2327 2731 ipsi
2359 2661 2653 2718 oﬂ‘eramus
2680 2682 2693 2729 ;
2721 2664 2828 2718 isto
2851 2667 2992 2720 enim
3023 2665 3256 2719 maxime
3272 2675 3514 2735 tempore

1933 2767 2088 2808 mens
2119 2753 2395 2806 inturbida
2426 2761 2479 2806 et
2513 2762 2765 2824 purgata,
2795 2755 3098 2812 sacerdotis
3124 2755 3318 2822 instar,
3356 2769 3514 2811 sacra

1932 2841 2042 2899 Deo
2063 2843 2260 2900 offerre
2282 2845 2443 2901 solet.
2470 2843 2806 2913 Diapsalma.

2002 3121 2166 3179 Vens.
2205 3125 2257 3190 7,
2285 3125 2337 3179 8.
2385 3124 2731 3199 Conturbatae
2780 3134 2902 3180 sunt
2940 3134 3116 3199 gentes
3156 3135 3205 3181 et
3246 3126 3508 3182 inclinata

227 3204 457 3272 φωνὴν
475 3208 685 3272 αὑτοῦ,
717 3208 1015 3278 ἐσαλεύθη
1039 3214 1077 3280 ἡ
1117 3211 1213 3282 γῆ.
1260 3213 1522 3266 Ἐνταῦθα
1563 3213 1687 3276 τοὺς
1729 3215 1827 3284 τὴν

1934 3217 2054 3260 sunt
2111 3225 2273 3278 regna
2297 3223 2316 3260 :
2351 3197 2496 3262 dedit
2519 3225 2691 3263 vocem
2727 3227 2902 3275 suam,
2938 3197 3079 3264 mota
3105 3221 3181 3266 est
3214 3221 3372 3266 terra.
3407 3211 3508 3266 Hic

226 3294 339 3366 γῆν
365 3295 660 3362 οἰκοῦντας
683 3298 1000 3371 ἀνθρώπους
1025 3303 1234 3371 εἰσάγει
1257 3305 1708 3375 ταραττομένους,
1732 3305 1829 3369 τὰς

228 3402 290 3450 τε
327 3387 429 3441 ἐπὶ
453 3390 558 3460 γῆς
592 3390 866 3460 βασιλείας
891 3393 1248 3465 ὁπλιζομένας
1280 3396 1420 3450 κατὰ
1458 3396 1558 3466 τῆς
1600 3397 1827 3470 Ἐκκλη-

231 3478 380 3542 σῖας’,
433 3482 533 3534 καὶ
572 3483 804 3554 πόλεμον
843 3486 1136 3556 αἰρομένας
1163 3487 1304 3541 κατὰ
1331 3488 1424 3541 τοῦ
1470 3489 1823 3559 εὐαγγελικοῦ

229 3568 418 3638 λόγου.
445 3568 562 3626 Εἶθ’
589 3574 777 3648 ὥσπερ
807 3577 865 3629 ἐν
886 3580 1004 3640 ταῖς
1034 3577 1325 3646 συμϐολαῖς
1353 3618 1368 3642 ,
1405 3580 1825 3650 ἐπικρατοῦντος

229 3663 324 3715 ’τοῦ
357 3664 473 3716 τῶν
506 3665 778 3721 νικώντων
805 3667 1004 3740 μέρους
1027 3709 1041 3732 ,
1089 3669 1150 3721 τὺ
1198 3669 1439 3721 ἐναντίον
1495 3672 1822 3741 ταράττεται

232 3757 327 3823 καὶ
383 3760 471 3822 εἰς
513 3760 688 3831 φυγὴν
738 3763 931 3833 χωρεῖ·
967 3759 1108 3814 οὕτω
1137 3760 1232 3814 καὶ
1283 3759 1409 3822 νῦν,
1444 3761 1699 3824 νικῶντος
1727 3761 1820 3818 τοῦ

232 3849 600 3920 εὖαγγελικοῦ
635 3852 814 3921 λόγου,
847 3853 1271 3922 ἐταράχθησαν
1290 3853 1432 3919 ἔθνη
1458 3851 1824 3906 καὶέλλιναν

228 3940 569 4006 βασιλεῖαι,
597 3942 653 4013 ἢ,
687 3943 1175 4012 περιετράπησαν
1196 3941 1526 4006 βασιλεῖαι,
1557 3940 1698 3996 κατὰ
1730 3941 1820 3994 τὸν

233 4032 557 4104 Σύμμαχον.
601 4033 760 4087 Ἀλλὰ
789 4034 882 4087 καὶ
907 4033 1140 4107 διδόντος
1166 4033 1348 4104 φωνὴν
1389 4031 1555 4086 αὑτοῦ
1601 4032 1818 4106 διελύθη

231 4125 264 4194 ἡ
292 4127 387 4196 γῆ.
438 4125 549 4179 Τοῦ
576 4125 684 4197 γὰρ
714 4125 1067 4194 εὐαγγελικοῦ
1099 4124 1256 4192 λόγου
1291 4122 1487 4184 νεωστὶ
1515 4123 1818 4195 περιιόντος

230 4218 309 4280 εἰς
329 4218 422 4274 τὸν
455 4217 594 4290 βίον,
629 4217 943 4289 ξενιζόμενοι
972 4217 1039 4270 τι
1072 4216 1198 4286 ἔθνη
1224 4257 1238 4280 ,
1286 4219 1380 4270 καὶ
1411 4217 1510 4288 τὴν
1543 4217 1813 4289 προτέραν

230 4309 408 4364 αὐτῶν
434 4310 857 4381 δεισιδαιμονίαν
884 4308 1254 4362 διεκδικοῦντα
1284 4309 1608 4381 συνεκινήθη
1628 4326 1640 4337 ·
1678 4309 1731 4361 οἴ
1753 4325 1812 4361 τε

231 4399 432 4456 τούτων
485 4401 725 4472 βασιλεῖς
771 4400 1144 4471 ἐπανέστησαν
1193 4403 1258 4471 τῇ
1306 4400 1622 4472 Ἐκκλησία.
1671 4400 1811 4453 Ἀλλ’

232 4492 352 4546 ἐπεὶ
381 4497 409 4548 ὁ
441 4495 578 4558 Θεὸς
598 4495 888 4567 καταφυγὴ
919 4495 1088 4564 αὐτῆς
1111 4490 1199 4566 ἦν,
1246 4497 1292 4547 οἱ
1341 4495 1539 4558 πάντες
1582 4495 1810 4567 ἀνετρά-

1933 3298 2180 3355 homines
2212 3309 2412 3355 terram
2445 3302 2748 3358 incolentes
2772 3303 3020 3356 turbatos
3042 3304 3284 3372 inducit;
3315 3318 3509 3376 regna-

1928 3399 2208 3459 queterrte
2233 3398 2442 3444 armata
2479 3402 2670 3446 contra
2717 3391 3012 3457 Ecclesias,
3048 3394 3360 3466 bellumque
3391 3412 3510 3452 mo-

1923 3481 2103 3536 ventia
2164 3481 2424 3538 adversus
2475 3483 2843 3555 evangelicum
2908 3485 3233 3541 doctrinam.
3305 3485 3509 3543 Deinde.

1924 3588 2021 3626 Cen
2049 3573 2102 3628 in
2119 3588 2440 3643 congressu,
2459 3583 2754 3644 superante
2775 3576 3044 3630 victorum
3067 3583 3240 3648 parte,
3277 3576 3506 3633 adversa

1924 3678 2050 3732 pars
2084 3665 2337 3716 turbatur
2377 3670 2430 3717 et
2463 3664 2517 3717 in
2551 3662 2733 3735 fugam
2765 3666 3021 3718 vertitur.
3060 3664 3152 3720 Sic
3200 3665 3316 3734 jam
3339 3681 3506 3736 supc-

1922 3760 2078 3806 rante
2109 3753 2424 3822 evangelico
2458 3753 2625 3807 verbo
2653 3793 2668 3817 ,
2704 3754 3034 3809 conturbatw
3095 3765 3214 3808 sunt
3259 3771 3430 3825 gentes
3454 3765 3504 3810 et

1922 3845 2180 3897 inclinata
2213 3853 2335 3898 sunt
2376 3861 2554 3912 regna,
2620 3853 2715 3897 aut
2769 3845 3017 3900 subversa
3049 3854 3172 3899 sunt
3195 3862 3379 3916 regna,
3417 3859 3506 3902 se-

1921 3936 2160 3990 cundum
2197 3935 2610 4008 Symmachum.
2650 3935 2761 3991 Sed
2791 3937 2956 3991 etiam
2987 3938 3108 4008 ipso
3131 3953 3317 3994 vocem
3346 3951 3502 3992 suam

1920 4023 2104 4090 dante,
2137 4026 2315 4081 soluta
2334 4032 2418 4080 est
2437 4035 2603 4080 terra.
2629 4025 2763 4080 Cum
2788 4027 2933 4081 enim
2970 4025 3350 4098 Evangelicum
3379 4042 3505 4082 ver-

1917 4119 2046 4174 bum
2080 4133 2254 4187 nuper
2281 4119 2338 4171 in
2369 4117 2632 4170 mundum
2675 4115 2949 4171 invectum
3005 4125 3192 4180 esset,
3224 4117 3300 4172 rei
3342 4119 3495 4173 novi-

1917 4213 2026 4260 tate
2056 4205 2320 4276 perculsa:
2346 4213 2558 4274 gentes,
2605 4211 2664 4258 ut
2701 4205 2993 4275 pristinam
3047 4222 3200 4264 suam
3234 4209 3500 4277 supersti-

1916 4299 2120 4352 tionem
2184 4297 2578 4360 vindicarent,
2642 4305 2929 4351 commota:
2987 4305 3158 4351 sunt:
3196 4313 3498 4368 eorumque

1913 4405 2070 4460 reges
2129 4397 2320 4443 contra
2371 4386 2671 4442 Ecclesium
2748 4387 3185 4443 insurrexerunt.
3242 4387 3311 4442 At
3370 4390 3498 4459 quia

1921 4480 2062 4537 Deus
2089 4480 2358 4550 refugium
2412 4478 2534 4548 ejus
2587 4488 2727 4542 erat,
2779 4480 2834 4533 in
2884 4479 3066 4549 fugam
3110 4495 3301 4534 omnes
3352 4481 3497 4535 versi

235 4596 433 4651 πησαν,
490 4583 651 4636 πλέον
690 4584 839 4638 οὐδὲν
893 4584 924 4656 ἢ
964 4582 1145 4654 φωνὴν
1191 4582 1358 4654 μόνην
1420 4583 1512 4636 τοῦ
1566 4585 1813 4656 Σωτῆρος

1933 4581 2044 4629 sunt
2069 4590 2084 4640 ;
2112 4573 2245 4627 nihil
2271 4571 2418 4625 aliud
2453 4588 2618 4642 quam
2673 4587 2862 4627 vocem
2894 4573 3064 4626 solam
3099 4571 3264 4626 dante
3307 4569 3500 4625 Salva-

232 4670 384 4744 ἡμῶν
451 4674 763 4740 δεδωκότος.
824 4675 1051 4729 Ἔδωκε
1092 4675 1201 4748 γὰρ
1251 4675 1461 4744 φωνὴν
1501 4677 1716 4742 αὐτοῦ,
1764 4679 1802 4746 vi

231 4761 638 4822 δ’ἐσαλεύετο.
671 4767 835 4821 Ποίαν
859 4768 915 4821 δὲ
933 4769 1115 4838 φωνὴν
1192 4767 1288 4838 τὴν
1317 4768 1404 4821 διὰ
1419 4768 1511 4822 τοῦ
1531 4769 1810 4840 κηρύγμα-

232 4871 317 4919 τος
344 4859 451 4912 τῶν
479 4861 788 4914 ἀποστόλων
818 4859 1014 4926 abem};
1052 4861 1290 4924 Εἰκότως
1317 4856 1408 4914 οῦν
1439 4860 1598 4914 πάλιν
1645 4862 1807 4932 ἡμεῖς

232 4948 279 4998 οἱ
325 4950 581 5025 ἀνωτέρω
628 4953 927 5025 εἰρηκότες·
976 4953 1028 5005 ’0
1076 4953 1220 5019 Θετὲς
1278 4951 1448 5022 ’ἡμῶν
1489 4953 1803 5022 καταφυγὴ

232 5040 323 5092 καὶ
349 5041 622 5114 δύναμις,
653 5043 751 5114 τὴν
773 5044 940 5115 αὐτὴν
970 5043 1256 5113 ὁμολογίαν
1281 5044 1804 5116 ὲπαναλαμϐἀνομεν

233 5126 493 5199 λέγοντες,
527 5137 610 5190 ὃτι
643 5135 716 5206 μὴ
743 5135 801 5201 ἐξ
827 5134 1100 5206 ἡμετέρας
1131 5134 1412 5204 δυνάμεως
1459 5133 1528 5188 τὰ
1568 5135 1805 5189 τοσαῦτα

233 5225 646 5296 κατορθώματα,
680 5224 796 5278 ἀλλ’
819 5221 886 5296 ἦν
915 5225 1031 5296 μεθ’
1073 5224 1228 5296 ἡμῶν
1261 5227 1289 5279 ὁ
1341 5223 1513 5279 ταῦτα
1565 5226 1804 5297 ἐνεργῶν

236 5311 426 5386 Κύριος
439 5320 546 5372 τῶν
568 5319 869 5390 δυνάμεων.
888 5318 1057 5382 Αὐτός
1077 5335 1134 5372 τε
1152 5314 1219 5388 ἦν
1241 5317 1618 5386 ἀντιλὴπτωρ
1637 5317 1805 5386 ἡμῶν

236 5406 420 5474 όθεός
447 5412 669 5466 Ἰακώϐ.
712 5410 995 5484 Εὑκαῖρως
1019 5411 1075 5463 δὲ
1115 5411 1208 5464 καὶ
1245 5409 1479 5462 ἐνταῦθα
1524 5407 1618 5461 τοῦ
1667 5407 1801 5460 Θεοῦ

247 5492 429 5553 Ἰακὼὸ
455 5503 886 5574 ἑμνημόνευσαν,
930 5499 1345 5570 ἀναπέμποντες
1386 5497 1536 5568 ἡμᾶς
1574 5495 1666 5549 ἐπὶ
1709 5495 1800 5547 τὸν

236 5585 454 5657 δφθέιτα
513 5594 588 5666 τῷ
629 5592 824 5650 Ἰακὼϐ
869 5595 926 5647 ὲν
962 5593 1200 5662 σχήματι
1244 5589 1454 5660 ἀνδρός.
1500 5586 1791 5641 Ἐπέιλαισε

314 5767 356 5795 ⁸⁸
397 5770 408 5794 ³
443 5774 549 5828 Cor
608 5787 715 5838 xu,
752 5771 871 5826 4-6.
947 5769 990 5801 ’⁷
1033 5767 1204 5823 Lcrit.
1248 5784 1296 5821 xl
1323 5810 1336 5835 ,
1375 5766 1461 5821 .15.

1915 4680 2032 4726 tore
2055 4679 2264 4726 nostro.
2309 4669 2466 4724 Dedit
2515 4670 2660 4724 enim
2712 4685 2884 4722 uocem
2936 4685 3110 4744 suam,
3157 4677 3209 4722 et
3257 4677 3397 4721 mota
3417 4678 3494 4722 est

1914 4773 2073 4816 terra.
2115 4761 2288 4827 Quam
2325 4774 2534 4820 vocem,
2563 4758 2668 4813 nisi
2692 4758 3063 4828 apostolorum
3110 4756 3494 4826 prtedicatione

1912 4852 2133 4908 datam?
2165 4851 2356 4906 Merito
2400 4851 2564 4920 igitur
2595 4865 2718 4914 nos,
2779 4848 2872 4918 qui
2901 4847 3154 4917 superius
3209 4847 3488 4904 diximus:

1919 4941 2062 4996 Deus
2088 4950 2266 4996 noster
2293 4939 2554 5011 refugium
2595 4948 2643 4992 et
2668 4939 2854 5006 virtus,
2890 4938 3031 4992 hanc
3067 4938 3240 5008 ipsam
3271 4938 3493 4994 confes-

1909 5035 2118 5090 sionem
2149 5033 2444 5104 repetimus
2481 5030 2749 5093 dieentes,
2805 5047 2914 5087 non
2940 5047 3002 5086 ex
3041 5032 3245 5086 virtute
3297 5039 3488 5086 nostra

1911 5126 2039 5180 talia
2071 5140 2238 5196 opera
2297 5123 2442 5179 edita
2476 5122 2668 5188 fuisse,
2725 5123 2818 5178 sed
2878 5122 3163 5177 nobiscum
3198 5122 3365 5178 fuisse
3393 5123 3486 5194 qui

1908 5215 2024 5270 haec
2077 5221 2259 5286 ageret
2300 5212 2591 5268 Dominum
2639 5212 2926 5267 virtutum.
2964 5211 3191 5283 Ipseque
3215 5220 3334 5266 erat
3363 5229 3487 5267 sus-

1907 5316 2084 5376 ceptor
2137 5317 2315 5362 noster
2372 5305 2513 5360 Deus
2542 5304 2733 5359 Jacob.
2801 5305 3119 5375 Opportune
3175 5313 3355 5388 autem
3398 5303 3488 5358 hic

1906 5400 2071 5455 etiam
2111 5398 2208 5454 Dei
2232 5397 2404 5454 Jacob
2446 5398 2779 5454 mentionem
2816 5398 3084 5464 fecerunt,
3132 5397 3198 5451 ad
3237 5411 3360 5452 eum
3392 5393 3485 5466 qui

1901 5492 2106 5548 Jacobo
2138 5491 2240 5547 sub
2262 5491 2444 5562 specie
2468 5490 2707 5546 hominis
2727 5489 2980 5561 apparuit
2999 5505 3096 5544 nos
3124 5487 3484 5542 remittentes.

1901 5584 2163 5640 [metatus
2223 5591 2301 5640 est
2352 5583 2500 5639 enim
2553 5583 2718 5639 homo
2774 5597 2898 5638 cum
2956 5581 3051 5636 illo
3102 5580 3193 5650 qui
3220 5579 3355 5632 dixit
3382 5577 3480 5631 ei:

1539 5767 1601 5827 ἠ,
1623 5763 1798 5819 Levii.
1835 5779 1959 5816 xm
1982 5801 1996 5829 ,
2036 5761 2119 5818 ΙΞ.
