4010 6520
509 347 613 406 ιιι
1228 334 1497 396 EUSEBll
1533 329 2014 389 CESARIENSIS
2049 329 2202 387 OPP.
2246 326 2429 384 PARS
2464 327 2557 383 Ill.
2600 357 2671 368 —
2706 325 3117 384 EXEGETICA.
3668 323 3807 379 4|!

514 458 639 514 Non
662 458 809 513 ultra
846 454 1113 511 vocabitur
1145 468 1329 506 nomen
1348 460 1495 506 tuum
1541 448 1734 514 Iacob,
1794 448 1883 503 sed
1921 447 2095 503 Israel
2122 457 2152 514 Α

2195 447 2323 517 γὰρ,
2349 445 2533 516 φησὶν.
2566 444 2849 517 ἄνθρωπος
2871 445 2988 516 μετ’
3014 443 3200 511 αὑτοῦ,
3223 443 3283 509 ὃς
3306 442 3398 497 καὶ
3419 438 3573 497 εἶπεν
3598 442 3794 511 αὐτῷ·

505 552 607 607 crit
634 566 817 604 nomen
841 558 1009 609 tuum,
1040 546 1163 616 quia
1193 544 1521 613 pravaluisti
1568 560 1687 597 cum
1722 540 1850 597 Deo.
1877 540 1947 594 Et
1979 558 2101 595 sur-

2200 539 2320 590 Οὺκ
2349 537 2436 591 ἔτι
2464 535 2835 603 κληθήσεται
2864 536 2929 589 τό
2957 535 3146 605 ὄνομὰ
3181 551 3297 589 σου
3351 531 3551 589 Ἰακὼό
3570 574 3584 597 ,
3632 534 3800 587 ἀλλ’

510 655 634 708 gens
658 636 825 691 Iacob
863 636 1063 689 vocavit
1110 649 1294 687 nomen
1337 633 1437 687 loci
1472 632 1645 693 illius.
1680 630 1915 699 Speciem
1976 629 2095 695 Dei,

2208 626 2443 694 Ἰσραὴλ
2464 626 2634 680 ἔσται
2661 628 2729 683 τὸ
2760 627 2946 695 ὄνομά
2964 643 3080 680 σου
3105 643 3119 655 ·
3147 626 3235 679 ὅτι
3264 626 3598 693 ἐνίσχυσιιζ-
3624 622 3801 693 μετὰ

508 729 685 784 dicens
721 746 740 783 :
782 714 905 781 Vidi
920 727 1059 780 enim
1116 726 1403 780 Dominum
1435 724 1572 794 facie
1599 722 1669 775 ad
1694 722 1885 791 faciem
1910 722 1976 775 ”.
2011 719 2099 775 Si-

2197 719 2363 772 Θεοῦ.
2400 718 2505 772 Καὶ
2533 718 2803 783 ἀναστὰς
2847 714 3045 771 Ἰακὼῖ
3072 717 3329 772 ἐκάλεσε
3354 718 3420 771 τὸ
3450 716 3641 785 ὄνομα
3672 714 3799 768 τοῦ

509 819 727 888 quidem
761 817 851 871 hic
892 817 1009 887 ipse
1040 824 1124 872 est
1156 816 1247 887 qui
1286 814 1391 871 sub
1424 813 1604 883 specie
1632 811 1871 866 hominis
1891 808 2095 866 Jacobo

2191 812 2379 865 τόπου
2424 810 2687 874 ἐκείνου,
2720 806 2896 875 Εἶδος
2956 809 3123 873 Θεοῦ,
3173 805 3388 862 εἰπών’
3444 803 3625 863 Εἶδον
3667 807 3799 874 γὰρ

508 908 779 979 apparuit.
812 908 933 979 lpse
946 915 1127 963 autem
1154 914 1238 962 est
1269 906 1522 960 Dominus
1546 904 1793 957 virtutum
1813 900 2086 955 nobiscum

2196 901 2344 954 Θεὸν
2373 903 2696 969 πρόσωπον
2723 900 2873 968 πρὸς
2893 901 3235 969 πρόσωπον.
3270 892 3437 962 Οὗτος
3469 899 3579 970 γὰρ
3607 898 3797 960 αὐτὸς

505 1007 560 1053 ct
591 1000 707 1067 ipse
735 1005 820 1052 est
874 1006 1144 1065 susceptor
1188 1005 1366 1051 noster
1411 995 1548 1048 Deus
1580 991 1771 1047 Iacob.
1812 989 1917 1046 Per
1961 1006 2087 1047 eum

2193 994 2401 1057 ἐκεῖνος
2440 995 2468 1045 ὁ
2496 995 2553 1046 ὲν
2588 992 2885 1064 ,ἀνθρώπου
2919 994 3154 1063 σχήματι
3185 992 3262 1063 τῷ
3319 989 3512 1047 ἰακὼὸ
3558 990 3792 1060 φανείς.

505 1090 651 1146 enim
675 1104 843 1159 supra
871 1094 1170 1144 memorata
1199 1086 1381 1140 omnia
1410 1091 1557 1139 recte
1579 1083 1872 1154 gessimus.

2191 1084 2365 1147 Αὐτὸς
2402 1083 2459 1137 δέ
2487 1086 2634 1138 ἐστιν
2682 1087 2714 1138 ό
2744 1085 2981 1151 ’Κύριος
3034 1081 3153 1135 τῶν
3200 1082 3510 1151 δυνάμεων
3558 1085 3590 1135 ὀ
3640 1080 3795 1149 μεθ’

506 1182 697 1254 ήμῶν,
737 1184 832 1237 καὶ
861 1182 1021 1246 αὑτός
1084 1182 1230 1235 ἐστιν
1260 1180 1639 1247 ἀντιλήπτωρ
1690 1178 1862 1248 ἡμῶν
1903 1176 2127 1249 όιθεὸς
2176 1178 2389 1233 Ἰακώϐ.
2442 1179 2519 1232 Δι’
2582 1177 2747 1233 αὐτοῦ
2777 1178 2883 1248 γάρ
2947 1175 3012 1231 τὰ
3072 1178 3539 1250 προγεγραμμένα.
3593 1176 3795 1230 πάντα

505 1276 968 1349 κατωρθώσαμεν.
2145 1318 2152 1324 .

578 1366 743 1424 Vens.
774 1369 831 1433 9,
870 1368 956 1422 10.
1004 1368 1183 1422 Venite
1219 1377 1267 1422 et
1318 1367 1484 1422 videte
1511 1382 1668 1435 opera
1702 1366 1940 1431 Domini,
1967 1381 2085 1437 qua:

2260 1360 2439 1415 Δεῦτε
2468 1360 2568 1415 καὶ
2610 1360 2765 1414 ἴδετε
2800 1358 2871 1413 τὰ
2906 1361 3051 1429 ἔργα
3074 1358 3181 1412 τοῦ
3231 1360 3451 1427 Κυρίου
3478 1399 3491 1424 ,
3533 1359 3572 1411 ἄ
3601 1360 3793 1413 ἔθετο

504 1460 675 1515 aosuit
722 1458 965 1530 prodigia
1004 1475 1159 1528 super
1214 1468 1431 1525 terram,
1489 1459 1734 1527 auferens
1758 1458 1893 1513 bella
1928 1474 2089 1528 usque

2189 1450 2403 1519 τέρατα
2435 1450 2533 1503 ἐπὶ
2554 1449 2664 1519 τῆς
2697 1449 2830 1519 γῆς,
2876 1446 3250 1516 ἁνταναιρῶν
3271 1448 3574 1518 πολέμους
3589 1448 3793 1517 μέχρι

504 1550 574 1604 ad
607 1552 736 1620 fines
759 1558 933 1604 terrw.
957 1550 1152 1603 Arcum
1184 1559 1409 1603 conteret
1454 1558 1499 1602 et
1528 1548 1820 1619 confringet
1856 1565 2008 1602 arma
2037 1556 2087 1603 et

2188 1541 2306 1595 τῶν
2336 1540 2603 1609 περάτων
2624 1540 2886 1611 τῆςίγτῆς.
2918 1540 3101 1605 Τόξον
3122 1540 3460 1608 συντρίψει,
3486 1539 3585 1594 καί
3615 1556 3791 1608 cur

503 1651 655 1697 scuta
698 1642 971 1695 comburet
1024 1642 1155 1711 igni.
1204 1640 1357 1695 Licet
1386 1643 1564 1698 cuivis
1613 1652 1858 1711 tempora
1898 1656 2085 1695 secum

2188 1632 2403 1687 κλάσει
2431 1633 2642 1699 ὅπλον,
2674 1633 2771 1686 καὶ
2798 1632 3048 1699 θυρεοὺς
3091 1632 3451 1687 κατακαύσει
3502 1630 3571 1683 ὲν
3599 1632 3787 1697 :rvpt'.

502 1737 800 1806 reputanti,
851 1736 965 1791 haec
1002 1737 1071 1790 ad
1113 1737 1349 1792 litteram
1404 1738 1625 1807 impleta
1655 1736 2081 1807 deprehendere.

2189 1727 2346 1778 Ἔστι
2368 1742 2451 1793 γε,
2480 1726 2849 1795 ἐπιστήσαντα
2880 1726 2991 1786 τοῖς
3023 1724 3268 1795 χρόνοις,
3318 1723 3411 1776 καὶ
3443 1722 3579 1792 πρὸς
3622 1721 3788 1787 λέξιν

505 1825 787 1898 Siquidem
818 1836 942 1885 ante
976 1828 1278 1885 Salvatoris
1331 1832 1506 1885 nostri
1538 1831 1853 1895 adventum,
1880 1830 2084 1900 princi-
2116 1848 2152 1903 ι]

2188 1815 2328 1869 αὐτὰ
2383 1815 2557 1869 ταῦτα
2606 1813 3011 1885 πεπληρωμένα
3073 1813 3442 1884 παραλαϐεῖν·
3495 1812 3628 1880 εἴγε
3664 1813 3790 1883 πρὸ

503 1928 664 1988 patus
698 1935 762 1975 ac
790 1919 1029 1974 dominia
1059 1922 1111 1974 in
1158 1921 1390 1991 singulis
1426 1923 1740 1992 regionibus
1772 1932 1826 1977 et
1858 1922 2086 1978 urbibus

2194 1909 2293 1978 τῆς
2319 1906 2412 1959 τοῦ
2449 1908 2699 1977 Σωτῆρος
2745 1906 2900 1977 ἡμῶν
2934 1905 3254 1975 ἐπιφανείας
3278 1905 3635 1976 τοποκρατίαι
3676 1905 3787 1958 καὶ

504 2019 662 2065 erant
690 2028 703 2064 :
727 2025 791 2065 ac
818 2011 872 2065 in
900 2013 1144 2082 quolibet
1184 2020 1345 2067 terra:
1405 2014 1604 2084 angulo
1646 2014 1787 2069 bella
1823 2014 2088 2085 gereban-

2191 1999 2481 2070 τοπαρχίαι
2515 1998 2653 2052 κατά
2683 1996 2863 2069 χώρας
2895 1993 3036 2068 ἦσαν
3075 1996 3168 2049 καὶ
3221 1996 3359 2050 κατὰ
3402 1996 3614 2061 πόλεις·
3677 1997 3757 2048 πό

507 2105 731 2171 tur;ita
781 2113 838 2159 ut
878 2104 962 2159 vel
1003 2104 1107 2175 ipsi
1167 2105 1365 2159 rustici
1398 2105 1491 2174 qui
1519 2113 1721 2159 terram
1754 2105 2085 2169 incolebant,

2189 2090 2344 2161 λεμοί
2380 2108 2439 2143 τε
2470 2090 2786 2143 συνίσταντο
2831 2090 2953 2143 καθ’
2975 2088 3212 2160 ἑκάστην
3249 2089 3450 2157 γωνίαν
3488 2092 3587 2159 τῆς
3618 2092 3735 2158 γῆς
3764 2106 3782 2121 “

503 2196 703 2263 hastis,
732 2178 928 2269 gladiis
960 2198 1221 2268 omnique
1250 2199 1485 2253 telorum
1540 2214 1739 2269 genere
1759 2215 1818 2254 se
1848 2199 2087 2254 instrue-

2189 2179 2264 2242 ὡς
2293 2179 2385 2231 καὶ
2419 2180 2613 2240 αὐτοὺς
2635 2180 2761 2242 τοὺς
2790 2178 3120 2247 γεωπόνους,
3161 2177 3257 2249 τὴν
3298 2177 3481 2248 χώραν
3532 2179 3781 2248 ἐργαζο-

504 2298 643 2341 rent.
682 2268 751 2341 At
772 2297 895 2359 post
943 2289 1191 2343 divinum
1227 2288 1528 2343 Salvatoris
1552 2268 1875 2353 adventum,
1920 2306 2089 2342 unum

2194 2268 2407 2338 μένους,
2439 2269 2680 2339 δοράτων
2710 2269 2805 2321 καὶ
2831 2268 3000 2338 ξιφῶν
3038 2270 3133 2323 καὶ
3156 2269 3423 2322 παντοίων
3454 2269 3784 2340 πολεμικιῖυ

505 2362 810 2434 Romanum
844 2379 1131 2450 imperium
1162 2382 1427 2450 plurimas
1456 2388 1647 2452 gentes
1676 2396 1948 2451 occupare
1982 2396 2091 2435 cte-

2188 2361 2367 2415 ὃπλων
2401 2360 2796 2432 ἐπιμελεῖσθαι.
2836 2360 2993 2443 Μετά⁵
3017 2362 3073 2413 δὲ
3117 2361 3217 2431 τὴν
3266 2362 3529 2431 σωτήριον
3570 2360 3785 2428 θεοςά-

506 2469 585 2543 pit
616 2485 629 2521 :
664 2469 1127 2541 Evangeliumque
1178 2472 1441 2537 salutare,
1466 2450 1620 2542 quod
1657 2487 1766 2527 uno
1783 2450 2087 2542 eodempie

2187 2468 2335 2504 νειαν
2371 2452 2638 2522 μόναρχος
2662 2452 2759 2522 μὲν
2792 2454 2825 2522 ή
2862 2450 3147 2521 Ῥωμαίων
3176 2451 3423 2521 βασιλεία
3448 2452 3787 2521 ἐπικρατεῖν

507 2542 1060 2630 tempore'exortum
1116 2570 1221 2626 est,
1248 2563 1302 2616 in
1334 2578 1526 2617 omnes
1582 2570 1773 2633 gentes
1828 2563 2082 2632 pervasit.

2189 2543 2457 2597 πλείστων
2495 2542 2664 2596 ὲθνῶν
2702 2543 2934 2613 ἧρξατψ
2979 2542 3221 2614 διέτρεχε
3267 2543 3323 2595 δὲ
3364 2543 3786 2614 συναρξάμενον

508 2649 772 2723 Tuncque
793 2652 1121 2723 implebatur
1138 2655 1242 2708 alia
1279 2654 1583 2725 prophetia,
1618 2652 1770 2708 Isaia:
1808 2669 1939 2708 voce
1961 2670 2087 2723 pro-

2188 2636 2323 2703 αὐτῇ
2371 2636 2431 2688 τὸ
2465 2636 2730 2706 σωτήριον
2764 2635 3094 2704 Εὐαγγέλιον
3134 2636 3216 2698 εἰς
3266 2636 3441 2689 πάντα
3492 2635 3558 2688 τὰ
3614 2635 3782 2705 ἔθνη.

502 2738 639 2805 lata,
678 2740 765 2797 his
801 2722 1019 2798 verbis:
1059 2741 1126 2795 Et
1159 2722 1462 2812 conflabant
1493 2743 1700 2813 gladios
1727 2760 1849 2798 suos
1882 2744 1936 2797 in
1962 2722 2089 2797 ara-

2201 2727 2538 2799 Ἐπληροῦτο
2570 2728 2626 2781 δὲ
2656 2727 2748 2781 καὶ
2774 2726 2909 2797 άλλη
2944 2728 3271 2797 προφητεία,
3306 2722 3406 2781 ὧδέ
3445 2745 3519 2798 πη
3548 2728 3785 2796 ἀναφω-

509 2840 615 2896 tra,
646 2841 695 2887 et
726 2832 937 2888 lanceas
982 2852 1108 2889 suas
1140 2837 1193 2889 in
1219 2835 1404 2905 falces.
1448 2834 1517 2888 Et
1572 2852 1677 2889 non
1718 2836 1934 2905 accipiet
1962 2852 2087 2906 gens

2188 2819 2354 2874 νοῦσα
2384 2818 2475 2873 διὰ
2507 2820 2728 2873 Ἡσαΐου
2749 2835 2761 2848 ο
2786 2817 2895 2873 Kal
2928 2818 3314 2887 συγκόψουσι
3342 2818 3447 2884 τὰς
3468 2820 3787 2887 μαχαίρας

504 2934 689 2978 contra
716 2936 917 2996 gentem
968 2927 1225 2998 gladium,
1288 2945 1378 2982 nec
1422 2928 1799 2983 exercebuntur
1822 2929 1967 2982 ultra
2017 2928 2086 2981 ad

2194 2913 2396 2968 αὐτῶν
2419 2915 2505 2979 εις
2534 2912 2772 2981 ἄροτρα,
2804 2911 2900 2964 καὶ
2923 2909 3030 2975 τὰς
3051 2909 3285 2976 ᾆϐύνας
3306 2911 3506 2963 αὐτῶν
3536 2914 3624 2977 εις
3649 2910 3786 2978 δρέο

500 3016 744 3085 ρηιίἱιιηι
763 3020 802 3074 ⁸.
831 3017 955 3073 llaec
987 3020 1154 3090 igitur
1166 3021 1421 3090 pnesenti
1440 3036 1694 3077 sermone
1711 3020 2084 3085 declarantur,

2190 3019 2366 3059 πανα·
2385 3004 2483 3057 καὶ
2498 3006 2569 3058 οὺ
2585 3003 2670 3073 μὴ
2689 3003 2946 3071 λήψεται
2965 3003 3139 3067 ἔθνος
3155 3000 3253 3054 ἐπὶ
3275 3003 3445 3067 ἔθνος
3448 3000 3531 3071 μά
3535 3017 3781 3070 χαιραν,

500 3117 666 3179 atque
696 3109 855 3166 linem
887 3112 1080 3166 sortita
1134 3119 1284 3175 sunt,
1314 3112 1380 3166 ad
1416 3113 1650 3167 litteram
1685 3113 1906 3182 quidem
1932 3122 1990 3166 ut
2029 3114 2085 3168 in

2190 3095 2290 3149 καί
2317 3097 2387 3149 οὐ
2411 3095 2497 3165 μὴ
2513 3094 2790 3164 μάθωσιν
2810 3096 2895 3149 ἐτι
2918 3094 3221 3164 πολεμεῖν.
3250 3092 3431 3147 Ταῦτα
3468 3093 3531 3163 δὴ
3560 3090 3655 3148 οὖν
3677 3096 3785 3148 καὶ

504 3201 735 3255 historia
777 3217 946 3272 supra
1001 3210 1346 3269 memorata;
1389 3205 1535 3273 quod
1576 3205 1645 3258 ad
1674 3219 1929 3258 arcanam
1958 3220 2086 3259 vero
2114 3184 2152 3241 (ἶ

2189 3186 2276 3240 διὰ
2316 3187 2426 3240 τῶν
2489 3187 2775 3257 παρόντων
2801 3186 3074 3258 δηλοῦται,
3107 3186 3200 3238 καὶ
3225 3185 3411 3248 τέλους
3466 3184 3733 3254 ἐτύγχανε
3765 3228 3782 3248 ,

502 3296 765 3355 mentem,
799 3271 898 3360 per
928 3291 1302 3360 spiritualium
1350 3271 1421 3347 οι-
1443 3294 1798 3348 invisibilium
1834 3294 2088 3350 inimico-

2193 3275 2371 3347 ῥητῶς
2416 3275 2512 3345 μὲν
2572 3274 2714 3327 κατά
2740 3274 2839 3344 τὴν
2866 3273 3217 3327 ἀποδοθεῖσαν
3271 3271 3527 3342 ἱστορίαν,
3555 3273 3691 3343 πρὸς
3716 3273 3782 3325 δὲ

504 3396 625 3435 rum
644 3380 964 3451 perniciem.
1001 3380 1229 3437 Lancea:
1252 3399 1441 3452 porro.
1480 3386 1587 3439 tela
1622 3392 1677 3440 et
1708 3395 1861 3440 scuta
1901 3385 2089 3441 adver-

2188 3368 2441 3431 διάνοιαν,
2461 3368 2602 3421 κατά
2631 3367 2728 3439 τὴν
2752 3366 2860 3419 τῶν
2882 3366 3085 3439 νοητῶν
3110 3366 3202 3419 καὶ
3230 3364 3473 3434 ἀοράτων
3496 3365 3781 3434 πολεμίων

504 3470 777 3527 sariarum
810 3478 1162 3541 potestatum,
1188 3488 1311 3529 esse
1348 3474 1602 3529 videntur
1623 3475 1916 3530 inanimata
1940 3476 2088 3531 scul-

2189 3458 2524 3531 καθαίρεσιν.
2567 3460 2778 3530 Δόρατα
2832 3458 2887 3511 δὲ
2930 3458 3024 3511 καὶ
3077 3456 3241 3523 ὅπλα,
3275 3456 3368 3509 καὶ
3404 3456 3628 3527 θυρεοὺς
3660 3455 3781 3509 τῶν

504 3562 658 3634 ptilia
708 3570 762 3618 et
791 3540 986 3619 statua:
1014 3580 1110 3635 per
1148 3566 1529 3635 multiplicium
1561 3567 1804 3631 ,dcorum
1844 3583 2085 3623 errorem

2188 3547 2576 3618 ἀντικειμένων
2629 3548 2910 3617 δυνάμεων
2976 3546 3235 3615 ἐποίησαν
3286 3540 3422 3598 εἶναι
3474 3544 3543 3597 τά
3584 3544 3780 3614 ἀψυχα

503 3648 764 3715 invectae;
792 3648 907 3703 sive
939 3650 1103 3702 etiam
1135 3649 1281 3703 athei
1306 3650 1405 3703 viri
1423 3660 1476 3705 et
1498 3650 1675 3721 impia:
1705 3652 2083 3723 cogitationes,

2191 3639 2353 3705 ξόανα
2378 3640 2469 3692 καὶ
2492 3638 2558 3692 τά
2587 3638 2877 3709 ἀγάλματα
2898 3641 3000 3709 τῆς
3022 3636 3283 3689 πολυθέου
3325 3638 3532 3708 πλάνης
3552 3678 3565 3701 ,
3594 3636 3628 3706 ἢ
3672 3638 3781 3695 καὶ

503 3736 574 3803 ab
597 3737 964 3793 invisibilibus
1016 3739 1301 3809 spiritibus
1335 3739 1389 3793 in
1427 3748 1638 3795 mentes
1696 3740 1975 3795 hominum
2003 3742 2085 3795 in-

2187 3739 2315 3802 τσὺς
2346 3738 2537 3801 ἀθέους
2591 3737 2786 3808 ἄνδρας
2837 3736 2929 3789 καὶ
2966 3736 3089 3798 τοὺς
3149 3734 3423 3797 δυσσεϐεῖς
3473 3733 3777 3803 λογισμοὺς

502 3832 701 3897 ductas,
733 3831 890 3902 queis
915 3832 1252 3901 jaeulantur,
1281 3840 1336 3886 et
1375 3832 1543 3902 ignita
1565 3834 1668 3887 tela
1710 3842 1902 3889 contra
1942 3836 2087 3890 iner-

2187 3831 2313 3894 τοὺς
2349 3831 2468 3891 ταῖς
2511 3828 2769 3890 διανοίαις
2808 3826 2913 3879 τῶν
2946 3826 3246 3896 ἀνθρώπων
3301 3823 3773 3894 ὐποὸαλλομένους

502 3937 623 3979 mes
651 3922 866 3978 animas
890 3929 944 3977 et
976 3922 1080 3977 lide
1122 3938 1232 3978 non
1263 3909 1505 3978 munitas
1539 3922 1874 3994 immittunt.-

2187 3922 2294 3974 ὑπὸ
2322 3920 2430 3974 τῶν
2460 3920 2707 3993 ἀοράτων
2737 3918 3083 3989 πνευμάτων,
3118 3918 3185 3971 δι’
3210 3911 3284 3971 ὧν
3316 3914 3775 3980 κατατοξεύουσιν

2185 4014 2556 4079 ἀκοντίζοντες
2585 4011 2652 4065 τὰ
2683 4009 3056 4081 πεπυρωμένα
3091 4008 3219 4079 βέλη
3253 4008 3393 4062 κατά
3431 4007 3537 4061 τῶν
3580 4006 3770 4077 ἀφρά-

2188 4124 2330 4161 κτων
2357 4106 2451 4160 κο.)⁸
2480 4105 2555 4177 μὴ
2586 4108 2653 4175 τῇ
2679 4104 2859 4156 πίστει
2887 4102 3290 4172 πεφραγμένων
3319 4100 3526 4170 ψυχῶν.

576 4187 744 4244 Vsus.
794 4188 881 4243 ll.
945 4189 1141 4245 Vacate
1199 4200 1251 4244 et
1316 4188 1482 4243 videte
1528 4188 1777 4259 quoniam
1821 4202 1915 4259 ego
1966 4203 2084 4242 sum

2258 4196 2606 4265 Σχολάσατε
2639 4195 2739 4248 καὶ
2791 4193 3013 4265 γνῶτε,
3062 4193 3150 4247 ὅτι
3178 4192 3292 4262 ἐγώ
3343 4195 3459 4262 ειμι
3500 4195 3532 4246 ό
3595 4191 3767 4257 Θεὸς,

501 4281 669 4346 Deus,
722 4280 1001 4336 exaltabor
1045 4282 1098 4335 in
1150 4281 1391 4352 gentibus
1445 4290 1492 4334 et
1514 4278 1793 4334 exaltabor
1825 4278 1877 4332 in
1918 4288 2081 4332 terra.

2188 4288 2580 4360 ὑψωοήσομᾳι
2607 4287 2675 4340 ἐν
2700 4286 2821 4353 τοῖς
2850 4287 3113 4349 ἔθνεσιν,
3148 4284 3540 4353 ὑψωθήσομαι
3577 4284 3647 4337 ἐν
3690 4283 3773 4351 τῇ

504 4374 643 4448 Quia
694 4374 833 4429 bella
861 4374 1079 4429 demum
1113 4382 1464 4429 cessaverant
1494 4382 1547 4427 et
1588 4372 1923 4443 perturbatio
1953 4369 2085 4426 sub-

2186 4378 2282 4449 γῇ.
2313 4378 2534 4449 Ἐπειδὴ
2563 4378 2746 4431 λοιπὸν
2774 4377 3017 4431 πέπαυτο
3043 4378 3110 4429 τὰ
3138 4376 3230 4429 τοῦ
3258 4376 3494 4446 πολέμου
3538 4376 3631 4427 καὶ
3674 4376 3767 4429 λέ-

505 4466 614 4520 lata
675 4473 814 4534 erat,
870 4482 1083 4538 paxque
1128 4466 1402 4537 profunda
1451 4465 1520 4520 iis
1572 4464 1828 4520 omnibus
1864 4464 1961 4534 qui
2026 4463 2079 4517 in
2116 4527 2152 4545 ﬁ

2187 4470 2311 4522 λυτο
2343 4471 2411 4524 τὰ
2432 4470 2528 4541 τῆς
2556 4471 2820 4541 ταραχῆς,
2870 4469 3057 4539 εἰρήνη
3100 4467 3155 4519 δὲ
3193 4466 3385 4545 βαρεῖα
3420 4468 3597 4520 δέδοτο
3652 4470 3769 4529 τοῖς

504 4567 650 4614 terra
676 4527 1037 4615 versabantur
1077 4527 1231 4627 parta
1287 4558 1496 4623 fuerat;
1527 4556 1651 4626 jure
1673 4527 2081 4626 opportunitate
2115 4527 2152 4584 Β

2186 4563 2279 4615 ἐπὶ
2294 4564 2394 4633 γῆς
2422 4527 2656 4615 ἅπασινι·
2681 4527 2904 4625 ε’ίκάτως
2925 4527 3176 4631 βδὺλεται
3193 4527 3282 4624 ἐξξ
3305 4560 3508 4629 ἀγαθὸν
3528 4527 3766 4632 χρῆσθαι

504 4650 573 4704 ad
604 4651 808 4706 bonum
840 4650 941 4715 uti,
965 4663 1127 4722 atque
1155 4650 1327 4704 otium
1369 4650 1564 4705 animae
1597 4649 1838 4703 salutare
1860 4648 2080 4718 assequi

2185 4654 2262 4724 τῷ
2292 4651 2488 4725 καιρῷ,
2541 4653 2635 4707 xui
2690 4652 2883 4723 σχολὴν
2931 4653 3217 4707 ἀναλαϐεῖν
3246 4652 3423 4727 ψυχῆς
3474 4654 3764 4722 σωτήριον.

501 4742 727 4811 expetit.
753 4740 935 4809 Quare
954 4744 1063 4796 ait:
1100 4741 1292 4796 Vacate
1305 4750 1353 4795 et
1380 4741 1672 4811 cognoscite
1696 4756 1714 4795 :
1742 4756 1921 4810 neque
1936 4740 2081 4794 enim

2185 4745 2276 4797 Διό
2338 4760 2469 4813 φησι
2490 4760 2503 4773 ο
2530 4742 2878 4813 Σχολάσατε
2898 4744 2993 4796 καὶ
3028 4743 3231 4812 γνῶτε·
3284 4744 3403 4796 οὐδὲ
3423 4743 3531 4814 γὰρ
3563 4744 3767 4814 ἑτέρως

504 4835 680 4904 possit
712 4836 985 4905 quispiam
1022 4836 1220 4890 divina:
1271 4834 1605 4905 cognitionis
1627 4832 1903 4903 particeps
1935 4848 2078 4896 esse,

2187 4838 2302 4889 ἐστι
2328 4835 2579 4903 γνώσεως
2623 4838 2914 4905 μετασχεῖν
2938 4834 3088 4898 θείας
3109 4876 3123 4898 ,
3157 4836 3231 4906 μὴ
3278 4834 3614 4905 σχολάσαντα
3657 4836 3768 4887 τῶν

505 4923 612 4978 nisi
641 4933 799 4979 vacet
824 4926 893 4979 ab
928 4925 1012 4978 eis
1059 4940 1180 4993 quae
1210 4925 1276 4979 ad
1326 4924 1603 4980 contraria
1658 4924 1901 4978 trahunt.
1929 4921 2081 4977 Unde

2187 4925 2531 4996 ἀφελκόντων
2561 4925 2652 4977 ἐπὶ
2680 4925 2953 4977 τάναντία.
2988 4926 3178 4979 Ἔνθεν
3208 4926 3430 4989 εἰκότως
3476 4929 3504 4979 ὁ
3528 4929 3626 4996 τῆς
3668 4928 3766 4979 Αί-

506 5014 702 5070 merito
759 5031 855 5070 rex
918 5014 1159 5085 Egypti,
1198 5025 1388 5071 contra
1443 5019 1613 5072 otium
1653 5015 2081 5087 bujusmodica-

2185 5019 2386 5087 γύπτου
2420 5016 2693 5086 βασιλεὺς,
2728 5017 2863 5087 πρὸς
2898 5017 2995 5087 τὴν
3042 5017 3298 5088 τοιαύτην
3340 5017 3766 5088 διαϐεϐλημένος

504 5106 728 5161 lumniis
758 5117 1197 5175 praeoccupatus,
1240 5108 1307 5163 iis
1327 5108 1420 5179 qui
1448 5109 1734 5163 dicebant:
1768 5108 1948 5162 Trium
1972 5106 2083 5160 die-

2185 5108 2399 5179 σχολὴν,
2423 5109 2533 5170 τοῖς
2560 5108 2875 5175 φάσκουσινο
2910 5108 3076 5161 Ὀδόν
3099 5110 3269 5176 τριῶν
3303 5108 3535 5178 ἡμερῶν
3562 5125 3767 5176 πορευο

506 5215 621 5251 rum
666 5199 851 5252 itinere
870 5198 1284 5268 progrediemur,
1320 5210 1367 5254 et
1399 5203 1678 5255 serviemus
1714 5201 1942 5255 Domino
1974 5200 2081 5254 Deo

2185 5202 2428 5270 σόμεθα,
2466 5201 2563 5252 καὶ
2596 5201 3009 5268 λατρεύσομεν
3050 5202 3246 5268 Κυρίῳ
3273 5200 3351 5266 τῷ
3401 5200 3523 5265 Θεῷ
3558 5199 3762 5269 ἡμῶν,

504 5298 685 5344 nostro
704 5291 723 5320 ’
752 5307 767 5355 ;
803 5289 887 5345 bis
906 5289 1084 5343 verbis
1107 5293 1427 5359 respondet:
1462 5291 1697 5355 Vacatis,
1721 5293 2014 5347 otiosiestis
2038 5292 2079 5348 ³.

2185 5293 2535 5365 ἀποκρίνεται
2568 5290 2738 5359 λέγων
2763 5308 2775 5321 ·
2816 5291 3165 5359 Σχολάζετε,
3215 5293 3560 5359 σχολασταί
3603 5292 3761 5345 ἐστε.

504 5381 712 5437 Deinde
760 5397 887 5436 cum
926 5383 1096 5437 nollet
1132 5382 1282 5452 ipsos
1314 5383 1424 5439 Deo
1472 5399 1689 5449 vacare,
1720 5387 1834 5440 luto
1864 5394 1918 5441 et
1943 5388 2078 5442 late-

2185 5378 2337 5443 Εἶτα,
2371 5380 2445 5451 μὴ
2473 5369 2791 5451 βουλόμενος
2828 5382 3023 5445 αὐτοὺς
3044 5381 3121 5451 τῷ
3155 5381 3273 5452 Θεῷ
3317 5382 3593 5452 σχολάζειν
3616 5421 3630 5446 ,
3672 5399 3770 5435 κα-

505 5468 628 5523 ritio
669 5482 834 5538 opere
881 5466 1071 5521 alllixit
1114 5480 1231 5521 eos.
1282 5468 1353 5521 At
1399 5469 1561 5525 nobis
1593 5471 1630 5524 ii
1663 5473 1754 5540 qui
1792 5471 1846 5525 in
1899 5479 2074 5527 totum

2185 5473 2407 5523 ταπονεῖ
2433 5469 2511 5541 τῷ
2539 5469 2694 5543 πηλῷ
2720 5472 2814 5524 καὶ
2841 5474 2907 5541 τῇ
2941 5470 3206 5543 πλινθείᾳ.
3256 5471 3393 5525 Ἀλλ’
3440 5474 3569 5543 ἡμῖν
3618 5488 3682 5540 γε
3712 5472 3762 5524 oi

506 5563 693 5617 cubem
726 5556 1003 5629 principes
1024 5556 1311 5614 constituti
1332 5567 1478 5625 sunt,
1506 5560 1802 5616 inclamant
1833 5570 1891 5616 ut
1914 5578 2077 5618 vace-

2186 5563 2553 5628 καταστάντες
2586 5564 2843 5636 ἄρχοντες
2881 5564 2974 5618 ἐπὶ
3005 5550 3184 5619 πᾶσαν
3216 5563 3313 5635 τὴν
3366 5564 3465 5635 γῆν
3504 5561 3763 5618 ὲπιὸοῶσι

578 5712 625 5746 ⁹⁹
661 5712 797 5770 Gen.
830 5731 1014 5783 xxx",
1050 5714 1239 5773 28-30.
1317 5716 1330 5748 '
1365 5714 1479 5788 ﬁsa.
1514 5732 1589 5788 ιι,
1622 5717 1675 5774 ι.
1734 5721 1762 5785 ,³
1802 5717 1973 5781 Exod.
2011 5735 2064 5788 ν,
2098 5718 2150 5775 3.

2230 5718 2251 5751 ³
2282 5718 2412 5781 ibid.
2452 5719 2569 5776 5—8.
