4010 6586
239 393 286 451 ,ι
301 396 320 448 l
337 395 388 452 '5
1414 393 1829 454 COMMENTAI

1957 395 2026 454 IN
2066 396 2405 455 PSALMOS.
2452 455 2454 462 ,
3431 404 3534 458 414

240 509 589 580 σχολάζειν,
643 511 854 583 καρπὸν
885 511 1006 585 "cii;
1033 514 1228 586 σχολῆς
1257 512 1712 590 ἐπαγγελλόμενοι
1753 514 1829 584 ei;

1957 527 2101 578 mus,
2131 510 2436 568 vacationis
2453 510 2687 565 fructum
2727 509 3049 583 pollicentes
3078 510 3318 567 divinam
3345 526 3535 585 cogm-
3607 506 3613 512 ’

238 603 464 662 ενοεον
511 605 734 674 γνῶσιν.
769 608 937 662 Δαλεῖ
984 609 1039 662 δὲ
1071 611 1100 662 ό
1145 608 1279 672 Θεὸς
1331 607 1398 660 δι’
1447 605 1624 660 αὐτῶν
1651 606 1824 675 λέγων

1960 602 2186 657 tionem.
2229 601 2349 671 Ipse
2369 615 2500 656 vero
2546 597 2691 656 Deus
2722 615 2819 671 per
2863 600 3083 656 eosdem
3125 599 3388 671 loquitur,
3447 603 3532 657 di-

236 696 503 763 Γνιῖπε,
531 698 621 751 ὄτι
648 699 763 769 ἐγώ
793 701 910 769 ειμι
938 703 971 754 ό
996 701 1140 766 Θεός
1157 717 1170 731 ·
1207 699 1343 752 ἀλλὰ
1368 699 1463 753 καὶ
1490 699 1578 752 ὅτι
1614 697 1856 766 ὑψωθιὶ-

233 801 462 856 σομαι
507 789 580 843 ἐν
625 790 752 856 τοῖς
803 791 1068 856 ἔθνεσιν,
1116 790 1509 860 ὐψωθήσομαι
1555 789 1624 843 ἐν
1651 788 1727 857 τῇ
1754 787 1851 858 γῇ.

233 875 454 930 Πάλαι
478 879 578 950 μὲν
601 880 711 950 γὰρ
731 883 884 952 παρά
919 882 1194 946 Ἰουδαίοις
1223 880 1601 950 ἐγινωσκόμην
1651 880 1851 950 μόνοις,

226 967 345 1020 ὅτε
393 970 668 1038 γνωστὸς
711 970 780 1023 ἐν
823 968 898 1038 τῇ
947 972 1197 1039 Ἰουδαίᾳ
1244 974 1276 1025 ό
1309 971 1474 1036 Θεὸς,
1513 972 1585 1025 ἐν
1612 970 1692 1036 τῷ
1742 973 1850 1026 Ἱσ-

224 1057 432 1126 ραὴλ
449 1059 602 1128 μέγα
645 1060 710 1112 τὸ
738 1060 926 1129 ὄνομα
960 1061 1175 1115 αὐτοῦ*
1207 1062 1327 1114 νυνὶ
1358 1062 1416 1115 δὲ
1443 1063 1571 1132 ὑμῖν
1602 1079 1851 1132 παρακε-

226 1146 497 1221 λεύομαι
527 1150 721 1222 σχολὴν
745 1151 920 1220 ἄγειν,
939 1151 1015 1214 ὡς
1044 1152 1110 1205 ἂν
1142 1151 1364 1222 μάθοιτε
1400 1153 1496 1206 καὶ
1521 1152 1695 1221 γνῶτε
1727 1152 1849 1204 τίνα

223 1241 472 1312 τρόπον
497 1243 592 1295 καὶ
626 1242 778 1313 παρά
797 1245 930 1297 πᾶσι
957 1245 1069 1307 τοῖς
1101 1243 1310 1297 ἔθνεσιν
1337 1244 1693 1315 θψωθήσομαι
1717 1283 1732 1307 ,
1762 1246 1849 1299 δο-

225 1328 568 1401 ξαζόμενος
591 1333 716 1401 παρ’
737 1331 920 1395 αὐτοῖς
949 1330 1203 1402 μᾶλλονῆ
1244 1330 1393 1402 παρά
1420 1333 1533 1394 τοῖς
1575 1329 1743 1384 πάλαι
1777 1347 1844 1402 με

223 1436 256 1472 ε
271 1420 472 1474 ίδέναι
503 1421 896 1492 νομιζομένοις.

221 1530 362 1583 ΕΙΣ
416 1532 506 1584 ΤΟ
548 1531 788 1595 ΤΕΛΟΣ,
824 1533 1034 1658 ΥῐίξέἕΣ
1234 1533 1396 1587 ΥῙΩΝ
1442 1533 1842 1594 ΚΟΡΕ,ΨΛΛ-

1121 1633 1209 1670 η,

1955 705 2129 746 cens:
2162 687 2474 759 Cognoscite
2531 688 2657 761 quia
2705 703 2796 758 ego
2842 704 2960 742 sum
3003 686 3162 753 Deus,
3199 687 3307 742 imo
3338 688 3526 754 etiam,

1953 780 2080 849 quia
2111 778 2392 833 exaltabor
2420 779 2473 832 in
2505 777 2769 848 gentibus,
2793 777 3072 832 exaltabor
3096 779 3342 832 interra.
3385 776 3526 833 Olim

1953 869 2173 940 quidem
2193 868 2399 925 Judaais
2432 869 2698 924 duntaxat
2732 878 2897 923 notus
2919 883 3091 932 eram,
3123 868 3343 938 quando
3373 878 3524 923 notus

1951 962 2005 1015 in
2030 960 2225 1015 Judwa
2274 959 2449 1024 Deus,
2501 961 2556 1014 in
2596 959 2773 1013 Israel
2825 976 3074 1030 magnum
3108 977 3293 1015 nomen
3321 960 3432 1028 ejus
3468 959 3524 1028 ις

1949 1065 2097 1106 nunc
2145 1061 2323 1107 autem
2356 1051 2523 1121 jubeo
2581 1065 2679 1107 vos
2727 1063 2946 1115 vacare,
2997 1057 3057 1103 ut
3101 1049 3525 1121 cognoscatiset

1948 1143 2160 1206 sciatis,
2185 1159 2294 1213 qua
2319 1143 2529 1198 ratione
2561 1143 2702 1212 apud
2732 1157 2922 1198 omnes
2971 1149 3162 1213 gentes
3195 1139 3523 1196 exaltandus

1946 1233 2072 1298 sim,
2110 1234 2320 1303 plusab
2367 1233 2436 1288 iis
2493 1233 2822 1298 celebratus,
2861 1247 3023 1302 quam
3073 1232 3142 1286 ab
3169 1231 3239 1288 iis
3267 1231 3360 1302 qui
3391 1231 3522 1287 olim
3578 1253 3580 1255 >

1945 1341 2112 1382 nosse
2138 1341 2226 1381 me
2248 1325 2607 1396 putabantur.

1947 1545 2000 1602 1.
2045 1544 2112 1599 ΙΝ
2136 1542 2506 1604 ῈΙΝεΜνΡΒΟ
2527 1539 2730 1598 FlLllS
2768 1539 3296 1609 CORE,PSALMUS
3332 1539 3518 1596 XLVI.

309 1715 539 1771 [hirta
569 1716 641 1771 τὰ
663 1718 830 1785 ἔθνη,
865 1717 1197 1784 κροτιξσιιτε
1224 1717 1426 1786 χεῖρας
1451 1732 1464 1747 ο
1495 1715 1829 1780 ὰλαλάξατε

2014 1721 2182 1781 Vens.
2210 1723 2267 1790 2,
2295 1724 2348 1779 5.
2387 1721 2579 1778 Omnes
2609 1732 2807 1793 gentes,
2827 1721 3062 1792 plaudite
3092 1721 3356 1786 manibus,
3377 1720 3520 1792 jubi-

223 1805 378 1872 θεῷ
410 1807 486 1860 ἐν
513 1805 682 1876 φωνῇ
712 1805 1162 1875 ἀγαλλιάσεως·
1193 1806 1280 1860 ὅτι
1317 1809 1529 1874 Κύριος
1558 1807 1829 1874 ὕψιστος,

1941 1811 2048 1866 late
2077 1811 2187 1866 Deo
2231 1813 2286 1866 in
2338 1828 2459 1867 uoce
2515 1811 2910 1866 exsultationis.
2960 1812 3223 1877 Quoniam
3254 1811 3515 1866 Dominus

215 1897 544 1964 φοϐερὸς,
582 1893 883 1960 βασιλεὺς
923 1894 1111 1964 μέγας
1153 1895 1253 1948 ἐπὶ
1303 1894 1509 1950 πᾶσαν
1555 1893 1670 1962 τὴν
1703 1893 1829 1963 γῆν.

1942 1903 2202 1966 excelsus,
2243 1901 2522 1966 terribilis,
2554 1916 2648 1954 rea:
2696 1911 2925 1970 magnus
2951 1917 3106 1969 super
3152 1917 3356 1954 omnem
3406 1909 3514 1954 ter-

216 1991 413 2041 Δοκεῖ
450 1986 637 2058 μοιτά
667 1987 765 2055 τῆς
799 1985 1122 2056 προγραφῆς
1161 1985 1514 2055 ἐσφαλμένως
1558 1983 1721 2054 ἔχειν.
1765 1986 1829 2039 Oi

1947 2006 2084 2044 ram.
2162 1990 2380 2044 \‘idetur
2429 1987 2562 2041 mihi
2627 1986 2914 2056 inscriptio
2964 1986 3227 2041 mendose
3295 1985 3508 2055 posita:

213 2078 352 2150 γὰρ
395 2078 558 2145 ὑπὲρ
594 2077 713 2130 τῶν
749 2074 896 2130 υἱῶν
915 2075 1085 2143 Κορὲ,
1122 2075 1288 2138 ἀλλὰ,
1331 2074 1455 2142 τοῖς
1487 2075 1638 2142 υίοῖς
1671 2075 1829 2144 ΚορὲἸ

1943 2096 2119 2153 neque
2153 2081 2322 2144 enim,
2366 2094 2462 2149 pro
2495 2078 2624 2148 ﬁliis
2669 2077 2824 2143 Core,
2862 2078 2980 2143 sed,
3015 2079 3145 2148 ﬁliis
3188 2077 3343 2140 Core,
3392 2085 3509 2143 aut,

212 2166 253 2240 ἢ
305 2168 459 2221 τῶν
495 2167 642 2221 υἱῶν
677 2165 860 2235 Κορὲ,
907 2163 1076 2237 ἐχρῆν
1122 2165 1523 2237 ἐπιγεγράφθαι
1575 2165 1714 2220 κατά
1743 2165 1842 2230 τὰς

213 2259 570 2331 ἔμπροσθεν
599 2258 940 2330 προγραφὰς.
963 2261 1024 2311 Ol
1054 2258 1162 2329 γάρ
1191 2257 1362 2311 λοιποὶ
1390 2259 1722 2329 ἐρμηνευταὶ
1748 2259 1840 2311 καὶ

215 2351 289 2404 τὸ
349 2348 660 2419 Ἐσραῖκὸν
705 2349 906 2419 ὁμοίως
955 2347 1140 2418 έχουσι
1184 2350 1294 2411 τοῖς
1344 2347 1671 2418 ἔμπροσθεν.
1729 2349 1838 2402 Καὶ

220 2441 557 2512 ἐπειδήπερ
590 2440 900 2508 σαφέστατα
931 2443 1043 2502 τοῖς
1084 2439 1291 2492 ἔθνεσιν
1330 2441 1358 2494 ὁ
1390 2440 1545 2508 λόγος
1589 2458 1836 2514 παρακε-

218 2532 475 2586 λεύεται
496 2570 511 2594 ,
541 2530 691 2583 οὐδὲν
730 2530 868 2600 ἔχων
901 2529 1426 2600 ἐπικεκαλυμμένον,
1463 2532 1688 2595 εἰκότως
1717 2531 1836 2584 οὐδὲ

1943 2173 2181 2244 ﬁliorum
2239 2171 2391 2235 Core,
2433 2169 2661 2240 perinde
2708 2177 2872 2239 atque
2917 2169 2972 2224 in
3003 2170 3278 2239 prioribus
3313 2169 3510 2235 titulis,

1941 2264 2265 2333 inscriptum
2299 2260 2560 2330 oportuit.
2619 2259 2834 2331 Reliqui
2867 2260 3012 2315 enim
3071 2259 3421 2329 interpretes,
3452 2265 3508 2312 et

1938 2351 2266 2408 llebraicum
2299 2350 2578 2419 exemplar
2619 2348 2859 2405 similem
2897 2347 3175 2418 prioribus
3215 2345 3510 2416 praeferunt

1937 2440 2378 2512 inscriptionem.
2435 2437 2502 2491 Et
2558 2437 2686 2508 quia
2749 2436 3036 2507 perspicue
3081 2445 3270 2507 gentes
3325 2449 3508 2490 sermo

1935 2533 2276 2600 cohortatur,
2306 2531 2554 2600 nihilque
2595 2529 2797 2584 occulti
2849 2529 3091 2598 praefert,
3130 2528 3257 2598 jure
3311 2528 3510 2583 inscri-

223 2624 300 2676 τὰ
327 2622 446 2691 τῆς
471 2619 795 2691 προγραφῆς
831 2622 917 2686 είς
944 2621 1200 2672 σύνεσιν
1228 2620 1372 2690 ἡμᾶς
1408 2621 1688 2690 παρορμᾷ,
1714 2619 1833 2672 οὐδὲ

222 2712 399 2780 ὑπὲρ
453 2710 574 2764 τῶν
608 2711 876 2778 κρυφίων
900 2728 912 2740 ο
947 2709 1162 2781 ψαλμὸς
1191 2709 1247 2762 δὲ
1283 2708 1467 2771 ἁπλῶς
1515 2709 1764 2780 εἴρηται,
1799 2709 1832 2781 ἦ

229 2802 586 2874 μελῴδημα,
621 2801 654 2873 ἢ
691 2797 839 2873 ᾆσμα
872 2802 1012 2855 κατά
1049 2802 1177 2864 τοὺς
1218 2800 1459 2864 λοιπούς.
1507 2800 1580 2853 Τὸ
1620 2801 1675 2854 δὲ
1699 2841 1713 2866 ,
1747 2803 1835 2866 είς

223 2891 423 2958 τέλος
451 2933 466 2957 ,
520 2891 832 2960 ἀναγκαίως
879 2893 1203 2964 πρόκειται,
1245 2891 1330 2944 διὰ
1376 2891 1438 2944 τὺ
1482 2892 1539 2944 ἐν
1583 2890 1832 2962 ὑστέροις

229 2985 462 3055 χρόνοις
540 2983 755 3054 μέλλειν
832 2982 1281 3055 ἀποπληροῦσθαι
1343 2982 1440 3053 τὴν
1503 2982 1830 3054 πρόρρησιν,

227 3073 588 3148 Προστάττει
621 3073 676 3126 δέ
705 3071 765 3125 τὸ
796 3072 1020 3144 Πνεῦμα
1061 3072 1122 3126 τὸ
1165 3072 1317 3142 ἅγιον
1361 3073 1565 3143 σφόδρα
1607 3071 1834 3125 ἀκολού-

233 3171 346 3229 οως
379 3164 531 3236 μετά
570 3164 641 3218 τά
681 3164 1045 3236 προλεχθέντα
1076 3165 1322 3236 περὶτοῦ
1359 3163 1666 3236 ’Δγαπητοῦ
1691 3201 1706 3227 ,
1740 3162 1834 3217 καὶ

1935 2623 2139 2695 ptionis
2167 2621 2336 2676 verba
2366 2635 2470 2677 nos
2499 2619 2568 2674 ad
2608 2619 2927 2673 intellectum
2959 2619 3183 2674 minime
3206 2619 3504 2682 concitant,

1933 2729 2109 2784 neque
2139 2729 2236 2783 pro
2265 2712 2485 2768 occultis
2516 2710 2751 2778 habent;
2782 2709 2879 2766 sed
2904 2710 3150 2780 psalmus
3180 2708 3506 2779 simpliciter

1933 2805 2156 2869 dicitur,
2194 2805 2312 2862 sive
2370 2803 2635 2869 melodia,
2694 2803 2811 2858 sive
2855 2802 3155 2866 canticum,
3201 2798 3504 2855 secundum

1932 2897 2177 2966 reliquos
2209 2897 2556 2967 interpretes.
2594 2894 2733 2948 Illud
2767 2901 2947 2947 autem
2987 2893 3044 2946 in
3089 2892 3268 2961 finem,
3312 2906 3505 2946 ncces-

1933 2985 2083 3043 sario
2109 2986 2350 3056 positum
2383 2984 2508 3048 fuit,
2541 2984 2670 3054 quia
2694 2982 2992 3054 postremis
3020 2979 3364 3050 temporibus
3403 2979 3507 3032 im-

1934 3077 2196 3148 plendum
2227 3075 2546 3131 vaticinium
2595 3083 2732 3130 erat.
2785 3072 2916 3128 Post
2957 3087 3123 3141 supra
3154 3069 3298 3125 dicta
3339 3084 3506 3140 porro

1933 3167 2230 3222 admodum
2272 3175 2678 3236 consequenter
2726 3163 2965 3236 Spiritus
3006 3172 3232 3218 sanctus
3287 3163 3508 3217 univer‘

235 3256 370 3326 περὶ
416 3256 535 3308 τῶν
559 3254 748 3309 τούτου
776 3255 1030 3327 κηρύκων
1050 3295 1063 3320 ,
1095 3258 1226 3310 πᾶσι
1265 3259 1381 3320 τοῖς
1407 3256 1614 3311 ἔθνεσιν
1637 3257 1829 3327 εὐφρο-

1935 3259 2013 3315 sis
2035 3258 2289 3330 gentibus
2315 3257 2583 3328 pracipit,
2630 3264 2689 3311 ut
2729 3256 2797 3311 de
2846 3255 3055 3310 Dilecto
3089 3253 3322 3324 ejusque
3360 3267 3505 3323 pla:-

237 3347 406 3418 σύνης
455 3346 703 3418 σύμϐολα
736 3349 1026 3419 πράττειν,
1074 3347 1162 3402 διὰ
1201 3347 1294 3401 τοῦ
1324 3352 1538 3420 κροτεῖν
1588 3349 1688 3420 μὲν
1730 3347 1830 3413 τὰς

235 3439 429 3508 χεῖρας
479 3436 559 3500 ὡς
605 3437 697 3488 ἐπὶ
739 3437 937 3508 γάμοις
985 3437 1425 3509 συντελουμένοις
1454 3439 1689 3510 νυμφίου
1737 3440 1858 3493 καὶ·

239 3528 460 3598 νύμφης
482 3544 500 3558 ·
531 3527 820 3592 ἀλαλάζειν
851 3528 907 3580 δὲ
934 3528 1012 3600 τῷ
1045 3527 1193 3599 Θεῷ,
1223 3529 1297 3592 ὡς
1324 3529 1417 3581 ἐπὶ
1447 3529 1710 3599 βασιλέως
1737 3531 1828 3583 εὐ-

236 3618 605 3690 φημουμένου
641 3619 735 3672 ἐπὶ
767 3623 830 3692 τῇ
877 3619 1020 3673 κατά
1058 3619 1168 3673 τῶν
1215 3619 1489 3690 πολεμίων
1522 3621 1666 3692 νίκῃ.
1719 3621 1828 3674 Καὶ

238 3707 468 3770 εἰκότως
503 3708 641 3778 μετά
665 3708 762 3780 τὴν
792 3709 935 3761 κατά
964 3708 1073 3762 τῶν
1102 3709 1374 3780 πολεμίων
1398 3709 1554 3780 νίκην
1590 3710 1682 3763 τοῦ
1710 3711 1826 3763 Σω-

245 3797 402 3868 τῆρος
421 3837 437 3861 ,
481 3798 701 3869 νύμφην
729 3799 922 3852 ἑαυτοῦ
956 3799 1157 3871 δηλαδὴ
1189 3800 1286 3870 τὴν
1323 3800 1646 3871 Ἐκκλησίαν
1672 3801 1827 3853 ἀπει-

235 3887 476 3956 ληφότος
500 3928 514 3951 ,
566 3890 776 3954 πάντας
827 3891 1130 3962 παρακαλεῖ
1180 3891 1241 3944 τὸ
1287 3891 1514 3962 Πνεῦμα
1555 3892 1616 3946 τὸ
1671 3892 1826 3961 ἅγιον

238 3977 499 4030 σπεύδειν
525 3980 616 4032 ἐπὶ
646 3978 744 4051 τὴν
774 3981 985 4053 ἑορτήν.
1011 3981 1102 4033 Διὸ
1135 3981 1231 4051 βοᾷ
1263 3983 1397 4034 πᾶσι
1423 3985 1535 4045 τοῖς
1557 3981 1699 4034 κατά
1726 3981 1825 4052 τὴν

234 4067 571 4140 οἰκουμένην
613 4068 790 4122 έθνεσι
829 4069 1016 4138 λέγον·
1061 4071 1265 4125 Πάντα
1304 4071 1376 4125 τὰ
1417 4071 1582 4138 ἔθνη,
1614 4072 1825 4140 κροτή-

237 4173 384 4211 σατε
412 4159 623 4228 χεᾷιας
643 4199 656 4224 ,
687 4161 1030 4226 ἀλαλάξατε
1062 4161 1140 4228 τῷ
1182 4161 1302 4227 Θεῴ
1340 4163 1412 4216 ἐν
1433 4161 1604 4232 φωνῇ
1635 4164 1823 4232 ἀγαλ-

237 4245 517 4314 λιάσεως.
564 4248 636 4302 Τὸ
668 4249 712 4302 δ’
743 4249 914 4304 αἴτιον
959 4251 1058 4321 τῆς
1083 4251 1538 4322 παρακελεύσεως
1583 4253 1822 4307 δ.δάσκει

241 4336 364 4407 ἑξῆς
391 4341 603 4410 φάσκον
621 4359 634 4370 ·
665 4341 782 4396 ’Ότι
808 4344 1024 4412 Κύριος
1048 4343 1324 4412 ὕψιστος,
1350 4346 1621 4414 φοϐερὸς,
1642 4347 1824 4411 ,βασι-

239 4429 381 4496 λεὺς
402 4430 596 4502 μέγας
619 4431 715 4487 ἐπὶ
744 4430 952 4486 πᾶσαν
976 4432 1092 4502 τὴν
1115 4431 1247 4505 γῆν.
1274 4435 1544 4506 Πρότερον
1581 4436 1681 4506 μὲν
1713 4437 1821 4507 γὰρ

242 4518 439 4593 Κύριος
467 4523 632 4588 αὐτὸς
656 4525 684 4576 ὁ
710 4523 931 4594 ὕψιστος
963 4526 1138 4597 μόνων
1161 4527 1269 4580 τῶν
1294 4529 1413 4581 κατ’
1442 4529 1669 4598 οὐρανὸν
1693 4529 1819 4582 ἐϐα-

1934 3349 2165 3404 conibus
2193 3347 2393 3402 lzetitiae
2424 3345 2672 3417 symbols
2713 3344 2997 3402 conferant
3041 3343 3352 3414 plaudenda
3381 3357 3502 3397 ma-

1936 3441 2120 3506 nibus,
2158 3455 2222 3494 ac
2257 3439 2304 3494 si
2348 3438 2554 3507 nuptiae
2589 3436 2779 3508 sponsi
2823 3444 2879 3492 et
2912 3451 3128 3506 sponsa:
3161 3435 3504 3491 celebraren-

1931 3542 2051 3598 tur;
2095 3540 2262 3602 utque
2291 3531 2402 3587 Deo
2439 3530 2692 3601 jubilent,
2742 3529 2898 3600 quasi
2930 3528 3043 3598 regi
3083 3528 3154 3583 ob
3197 3535 3409 3598 parum
3433 3527 3503 3582 de

1929 3625 2168 3681 inimicis
2218 3624 2504 3679 victoriam
2573 3621 3068 3678 acclamationibus
3125 3626 3376 3690 excepto.
3437 3617 3504 3672 Et

1928 3716 2127 3771 merito
2156 3731 2288 3770 sane
2318 3723 2442 3786 post
2474 3721 2806 3782 reportatam
2839 3727 2870 3765 a
2906 3711 3209 3776 Salvatore,
3256 3709 3350 3779 qui
3385 3709 3499 3764 sci-

1929 3807 2056 3860 licet
2081 3803 2384 3860 Ecclesiam
2417 3803 2523 3858 sibi
2549 3805 2603 3856 in
2645 3817 2898 3872 sponsam
2940 3799 3170 3868 accepit,
3208 3798 3275 3853 de
3320 3798 3501 3852 inimi-

1928 3897 2010 3952 cis
2055 3895 2370 3960 victoriam,
2419 3891 2657 3962 Spiritus
2703 3899 2928 3948 sanctus
2969 3905 3162 3945 omnes
3198 3895 3391 3944 evocat
3431 3889 3497 3942 sJ

1927 3987 2332 4044 celebritatem:
2369 4000 2542 4057 quare
2590 3984 2848 4040 omnibus
2880 3997 2977 4053 per
3023 3982 3210 4037 orbem
3241 3979 3499 4051 gentibus

1927 4079 2187 4134 inclamat
2225 4078 2312 4132 his
2333 4076 2548 4132 verbis:
2588 4074 2779 4131 Omnes
2811 4083 3010 4145 gentes,
3043 4070 3283 4141 plaudite
3324 4073 3498 4125 mani-

1927 4171 2044 4236 bus,
2065 4170 2294 4240 jubilate
2326 4169 2435 4224 Deo
2465 4169 2520 4222 in
2566 4184 2684 4222 uoce
2722 4166 3118 4221 exsultationis.
3160 4163 3292 4230 Quae
3324 4177 3495 4218 causa

1928 4277 2062 4320 vero
2135 4260 2484 4335 prmcipiendi
2540 4257 2726 4322 fuerit,
2797 4258 2854 4312 in
2906 4255 3262 4330 sequentibus
3317 4257 3492 4324 aperit

1923 4356 2145 4411 dicens:
2187 4355 2452 4421 Quoniam
2502 4351 2759 4406 Dominus
2806 4349 3062 4412 excelsus,
3103 4345 3376 4410 terribilis,
3402 4359 3495 4398 rea:

1922 4461 2144 4516 magnus
2177 4459 2334 4513 super
2377 4455 2580 4498 omnem
2628 4449 2845 4494 terram.
2902 4437 3145 4492 Primum
3179 4435 3325 4492 enim
3377 4435 3494 4504 ipse

1924 4535 2183 4590 Dominus
2229 4534 2505 4597 excelsus,
2552 4530 2609 4584 in
2653 4529 2789 4585 solis
2826 4528 3144 4584 caelestibus
3187 4524 3488 4595 regnabat;

247 4611 453 4702 σίλευεν
478 4634 492 4646 ·
531 4617 778 4686 ἠγνοεῖτο
805 4617 860 4670 δὲ
891 4621 1003 4681 τοῖς
1028 4619 1119 4672 ἐπὶ
1146 4619 1245 4690 τῆς
1277 4619 1384 4689 γῆς
1401 4660 1416 4685 ,
1451 4623 1539 4675 ὅτε
1565 4621 1817 4692 δαίμονες

1931 4629 1990 4682 ab
2020 4628 2088 4683 iis
2118 4636 2298 4702 autem
2333 4625 2425 4696 qui
2458 4624 2515 4679 in
2569 4631 2713 4678 terra
2759 4627 2918 4675 erant
2957 4616 3332 4687 ignorabatur,
3380 4628 3490 4682 quo

243 4701 502 4775 ἐκράτουν
535 4709 629 4762 ἐπὶ
656 4710 760 4781 γῆς
796 4708 1096 4782 ἀνθρώπων
1119 4724 1134 4740 ⁸
1160 4711 1280 4764 νυνὶ
1315 4711 1371 4764 δὲ
1403 4711 1490 4766 διὰ
1516 4710 1608 4765 τοῦ
1653 4713 1817 4780 Ἀγα-

242 4797 410 4866 πητοῦ
453 4799 740 4871 ἐπέλαμψε
789 4804 899 4864 τοῖς
945 4803 1035 4854 ἐπὶ
1066 4801 1170 4872 γῆς
1197 4803 1296 4872 τὴν
1337 4803 1501 4857 αὐτοῦ
1529 4803 1689 4874 χάριν
1723 4804 1818 4856 καὶ

241 4885 395 4950 αὐτὸς
422 4891 751 4960 Vmbram;
786 4892 1016 4963 φοϐερὸς
1043 4893 1264 4962 γέγονεν
1308 4894 1535 4958 ἐκείνοις
1568 4898 1681 4959 τοῖς
1715 4913 1814 4948 πο-

241 4969 440 5042 λεμίοις
470 4983 584 5044 τοῖς
616 4981 713 5052 τὴν
754 4981 1011 5034 πολύθεον
1063 4982 1344 5052 ἐνεργοῦσι
1393 4984 1632 5055 πλάνηνο
1681 4985 1817 5038 πάν-

241 5080 332 5128 τας
363 5069 470 5141 γὰρ
499 5072 695 5135 αὐτοὺς
724 5072 891 5141 ῆλασε
911 5112 926 5135 ,
966 5074 1058 5127 καὶ
1089 5073 1305 5146 μακρὰν
1337 5076 1435 5144 τῆς
1463 5075 1567 5128 τῶν
1603 5075 1812 5145 ἀνθρώ·

246 5175 353 5213 πων
381 5163 635 5236 ἐποίησεν
659 5165 874 5236 ἀγέλης.
900 5166 1098 5238 Σχολῆς
1127 5166 1184 5219 δὲ
1217 5168 1531 5238 γενομένης,
1558 5167 1810 5237 βασιλεὺς

247 5249 407 5317 μέγας
437 5256 548 5309 τῶν
579 5256 672 5308 ἐπὶ
704 5258 883 5310 πᾶσαν
912 5258 1009 5329 τὴν
1041 5259 1143 5330 γῆν
1175 5258 1343 5311 ἐθνῶν
1390 5257 1806 5329 ἀνεκηρύττετο.

244 5341 327 5394 Διὸ
365 5350 476 5412 τοῖς
521 5349 958 5420 βασιλευομένοις
985 5333 1198 5420 κροτεῖν
1227 5353 1345 5413 ταῖς
1381 5350 1566 5421 χερσὶν
1597 5353 1626 5402 ὁ
1657 5350 1812 5418 λόγος

245 5441 684 5505 παρακελεύεται,
712 5441 987 5494 τουτέστιν
1008 5440 1188 5511 ἔργοις
1210 5443 1306 5494 καὶ
1329 5441 1558 5513 πράξεσι
1584 5459 1598 5470 '
1623 5441 1812 5512 ὥσπερ

248 5523 292 5574 εἰ
320 5531 494 5601 φωνάς
527 5531 742 5601 ἀφιέναι
770 5530 923 5605 ἀξίας
950 5532 1045 5601 τῆς
1080 5531 1174 5583 τοῦ
1209 5531 1461 5601 Ὑψίστου
1499 5531 1772 5601 βασιλείας
1790 5573 1805 5598 ,

250 5617 337 5682 καὶ
404 5622 688 5689 ἀλαλάζειν
751 5625 808 5678 δέ
881 5621 1029 5695 αὐτῷ
1091 5626 1149 5677 ἐν
1216 5627 1363 5694 φωνῇ
1434 5625 1807 5694 ἀγαλλιάσεως

317 5766 335 5808 δ
373 5766 515 5828 Psal.
551 5789 714 5845 ωιτν,
746 5775 801 5832 2.

1919 4726 2166 4790 tempore
2194 4718 2468 4772 dannones
2520 4714 2576 4768 in
2612 4721 2756 4768 terra
2781 4708 3096 4764 hominibus
3125 4703 3487 4774 imperabant.

1918 4810 2076 4866 Nunc
2105 4825 2238 4864 vero
2264 4824 2359 4879 per
2387 4806 2652 4861 Dilectum
2695 4801 2958 4857 Excelsus
2982 4812 3100 4862 eos,
3138 4796 3232 4867 qui
3266 4795 3320 4850 in
3343 4803 3488 4850 terra

1919 4909 2073 4966 sunt,
2108 4903 2281 4971 gratia
2313 4912 2412 4954 sua
2462 4892 2780 4956 illustravit,
2818 4889 3078 4946 terribilis
3125 4901 3257 4945 sane
3296 4883 3488 4940 adver-

1919 4992 2104 5054 sariis,
2133 4990 2226 5061 qui
2280 4989 2576 5042 multorum
2629 4983 2918 5038 numinum
2956 4993 3200 5036 errorem
3265 4977 3487 5032 induce-

1919 5085 2072 5149 banl,
2102 5083 2326 5138 ellectus
2346 5086 2464 5145 est;
2498 5077 2786 5132 universos
2807 5074 2950 5128 enim
2973 5071 3202 5142 expulit,
3223 5076 3278 5124 et
3299 5066 3488 5139 procul

1922 5193 1950 5231 a
1973 5190 2135 5248 grege
2164 5172 2442 5228 hominum
2467 5169 2670 5240 abegit.
2723 5167 2860 5222 Tum
2887 5173 3041 5236 parta
3073 5161 3487 5232 tranquillitate,

1919 5283 2016 5322 rex
2050 5280 2280 5336 magnus
2329 5262 2574 5317 omnium
2617 5276 2714 5332 per
2757 5259 2945 5314 orbem
2989 5253 3231 5324 gentium
3272 5250 3488 5322 procla-

1922 5364 2105 5411 matus
2133 5361 2236 5410 est.
2296 5353 2476 5419 Quare
2522 5351 2770 5406 subditos
2828 5347 3088 5418 plaudere
3117 5342 3274 5412 jubet
3315 5338 3486 5392 mani—

1921 5448 2048 5510 bus,
2082 5445 2137 5500 id
2171 5454 2255 5500 est
2287 5443 2547 5514 operibus
2574 5457 2637 5495 ac
2667 5438 2835 5511 gestis
2871 5435 3029 5507 quasi
3062 5445 3226 5488 voces
3273 5425 3484 5482 Excelsi

1913 5552 2083 5608 regno
2128 5536 2325 5607 dignas
2371 5533 2644 5597 emittere,
2678 5546 2743 5585 ac
2783 5527 3022 5599 jubilare
3074 5521 3178 5592 ipsi
3235 5519 3291 5585 in
3348 5529 3485 5608 voce

1914 5605 2333 5693 exsultationis;
2382 5626 2456 5681 ita
2489 5632 2548 5680 ut
2599 5640 2708 5680 non
2753 5618 2916 5677 modo
2958 5611 3217 5688 operibus
3249 5622 3316 5665 ac
3359 5605 3483 5662 vita:
