4010 6564
502 355 608 413 MS
1170 352 1437 408 ECSEBll
1478 348 1956 407 CASSARlENSIS
1983 347 2135 406 OPP.

2175 344 2357 402 PARS
2389 343 2476 401 lll.
2514 376 2587 387 ——
2623 344 3033 401 EXEGETICA.
3659 349 3808 402 416

506 473 759 529 instituto
788 473 965 543 ipsum
995 471 1293 537 celebrent,
1332 472 1427 528 sed
1458 472 1626 528 etiam
1661 473 1828 530 rectis
1854 472 2076 545 dogma-

2178 469 2503 541 προστάττει
2524 509 2538 531 ,
2573 469 2648 532 ὡς
2682 467 2752 522 ἂν
2796 467 2871 540 μὴ
2903 469 3061 539 μόνον
3094 468 3278 539 ἔργοις
3311 469 3404 522 καὶ
3442 469 3544 541 βίῳ
3566 512 3581 537 ,
3625 452 3807 524 ἀλλὰ

504 563 655 620 tibus
684 563 974 633 divinaque
1008 562 1280 618 doctrina.

578 673 745 730 Vns.
781 674 836 739 ι,
868 673 923 729 5.
965 673 1199 742 Snbjecit
1224 674 1447 745 populos
1484 676 1659 739 nobis,
1683 684 1734 729 et
1768 685 1941 747 gentes
1982 677 2077 730 sub

502 764 722 835 pedibus
770 765 987 819 nostris.
1051 764 1223 835 Elegit
1288 766 1439 820 nobis
1491 766 1848 821 hereditatem
1904 784 2076 833 suam,

505 856 723 923 speciem
755 851 948 919 Iacob,
986 872 1144 927 quam
1191 854 1402 909 dilexit.
1459 854 1676 910 Nemini
1730 873 1840 911 non
1889 865 2078 911 notum

502 955 589 1002 est
641 946 771 1002 filiis
823 946 983 1006 Core.
1020 963 1197 1018 neque
1248 948 1481 1018 papulas
1543 948 1840 1016 subjectos,
1902 964 2079 1018 neque

504 1044 697 1106 gentes
728 1040 833 1095 sub
864 1040 1096 1109 pedibus
1125 1054 1315 1093 eorum
1350 1039 1684 1094 constitutas
1728 1038 1933 1106 fuisse;
1971 1040 2079 1093 ita-

504 1143 609 1196 que
637 1130 793 1198 quasi
822 1145 885 1184 ex
917 1144 1148 1199 persona
1181 1130 1554 1199 apostolorum
1592 1129 1707 1183 haec
1739 1130 1884 1183 dicta
1930 1138 2076 1185 sunt.

503 1214 569 1275 lli
602 1232 839 1287 namque
879 1217 1020 1286 jussi
1054 1218 1123 1273 ab
1157 1219 1275 1287 ipso
1327 1216 1615 1272 Salvatore
1662 1218 1859 1273 docere
1889 1234 2079 1274 omnes

504 1318 717 1376 gentes,
752 1309 953 1363 virtute
992 1310 1138 1364 illius
1170 1310 1445 1379 inspirati,
1480 1307 1548 1362 ad
1575 1310 1865 1365 universas
1889 1319 2078 1380 gentes

506 1399 609 1452 iter
640 1400 1016 1462 instituerunt,
1046 1400 1422 1470 barbarosque
1468 1402 1719 1457 nationes
1768 1416 2076 1471 pervasere,

505 1497 789 1558 totumque
816 1490 1002 1545 orbem
1034 1499 1420 1562 peragrarunt.
1472 1491 1607 1547 Jure
1633 1508 1764 1563 ergo
1790 1508 1856 1547 ex
1887 1508 2077 1547 eorum

506 1596 760 1651 persona,
796 1581 911 1636 lucc
952 1581 1019 1636 iis
1056 1581 1149 1652 qui
1192 1583 1417 1637 verbum
1448 1598 1743 1654 suscepere
1796 1584 2076 1640 dicuntur.

503 1667 769 1735 Quoniam
792 1670 897 1726 etsi
927 1669 1186 1725 Dominus
1217 1687 1376 1741 quem
1404 1673 1793 1743 praedicamus,
1823 1689 1928 1728 non
1960 1688 2080 1728 cor-

505 1774 656 1827 pore,
690 1775 803 1814 non
837 1761 1020 1816 carnis
1052 1762 1233 1818 oculis
1267 1765 1640 1833 percipiatur;
1668 1772 1726 1819 at
1751 1765 1835 1820 vel
1865 1781 1930 1821 ex
1958 1766 2078 1835 ipso

2183 563 2277 616 καὶ
2307 562 2571 633 δόγμασιν
2602 561 2779 633 ὀρθοῖς
2813 563 2906 615 καί
2948 562 3249 630 θεολογίαις
3286 565 3542 635 ἁνυμνεῖν
3572 563 3794 621 αὐτόν.

2262 671 2537 736 Ὑπέταξε
2566 671 2708 736 τοὺς
2738 670 2927 736 λαοὺς
2953 670 3096 739 ἡμῖν
3114 710 3128 731 ,
3159 672 3257 724 καὶ
3286 673 3431 739 ἔθνη
3471 671 3591 726 ὑπὸ
3618 672 3799 735 τοὺς

2180 763 2369 828 πόδας
2406 761 2593 830 ἡμῶν.
2648 760 2996 824 Ἐξελέξατο
3033 760 3178 829 ἡμῖν
3204 761 3317 827 τὴν
3354 764 3797 832 κληρονομίαν

2176 854 2385 916 αὐτοῦ,
2412 852 2528 921 τὴν
2557 851 2871 919 καλλονήγ
2915 851 3129 915 Ἰακὼϐ,
3157 851 3237 919 ῆν
3267 852 3600 921 ἠγάπησεν.
3632 851 3792 908 Ὀτι

2177 949 2291 1009 τοῖς
2315 948 2450 1007 υἱοῖς
2477 944 2619 1014 Κορὲ
2643 943 2768 997 οὔτε
2796 944 2916 997 λαοὶ
2950 947 3316 1013 ὑπετάγησαν,
3345 944 3463 999 οὒτε
3487 945 3613 1017 ἔθνη
3655 945 3794 999 ὑπὸ

2178 1039 2304 1101 τοὺς
2332 1037 2494 1099 πόδας
2525 1034 2705 1090 αὐτῶν
2734 1035 3075 1105 γεγένηνται,
3113 1037 3273 1088 παντί
3306 1053 3383 1105 τῳ
3408 1036 3582 1106 δῆλον.
3607 1039 3767 1091 062-

2177 1130 2270 1181 οὖν
2301 1129 2376 1193 ὡς
2416 1129 2481 1181 ὲκ
2507 1126 2798 1199 προσώπου
2826 1128 2934 1179 τῶν
2968 1128 3279 1180 ἀποστόλων
3312 1128 3481 1182 ταῦτα
3514 1130 3783 1200 εἴρηται.

2178 1212 2340 1271 Οὗτοι
2384 1216 2491 1290 γὰρ
2540 1215 2971 1285 προσταχθέντες
3012 1216 3104 1268 ὑπ’
3146 1214 3311 1269 αὑτοῦ
3356 1216 3447 1269 τοῦ
3503 1219 3784 1290 Σωτῆρος

2183 1310 2519 1381 μαθητεῦσαι
2547 1310 2725 1363 πάντα
2755 1309 2822 1363 τά
2851 1308 2999 1379 ἔθνη,
3025 1309 3130 1363 ὑπὸ
3157 1310 3257 1379 τῆς
3289 1310 3450 1363 αὑτοῦ
3473 1311 3786 1381 δυνάμεως

2180 1400 2632 1472 ὲμπνευσθέντες,
2651 1399 2747 1471 τὴν
2772 1402 2851 1461 είς
2872 1399 3047 1453 πάντα
3066 1399 3133 1452 τά
3152 1400 3279 1471 ἔθνη
3303 1402 3522 1472 πορείαν
3547 1418 3631 1454 στε
3644 1401 3787 1457 ιλά-

2183 1512 2353 1565 μενοι,
2385 1494 2597 1564 διῆλθον
2623 1493 2716 1546 καὶ
2744 1491 2813 1545 τά
2847 1490 3096 1563 βάρϐαρα
3122 1491 3282 1559 φῦλα,
3315 1493 3408 1545 καὶ
3445 1493 3542 1560 τὴν
3572 1492 3784 1546 aliou-

2182 1586 2348 1657 μένην
2380 1585 2667 1657 διέδραμον
2716 1583 3026 1653 σύμπασαν.
3070 1582 3307 1645 Εἰκότως
3346 1578 3435 1635 οὖν
3479 1582 3539 1647 ἐξ
3570 1583 3780 1639 αὐτῶν

2180 1672 2469 1743 προσώπου
2502 1676 2613 1735 τοῖς
2642 1672 2702 1725 τὸ
2734 1672 2997 1742 κήρυγμα
3042 1668 3499 1741 παραδεξαμένοις
3528 1671 3776 1740 λέγεται

2180 1760 2383 1814 ταῦτα·
2414 1761 2535 1815 Ὅτι
2568 1763 2616 1814 εί
2653 1760 2748 1814 καὶ
2785 1758 2859 1830 μὴ
2901 1758 3114 1830 σώματι
3147 1760 3620 1831 καταλαμϐάνεται
3654 1764 3777 1815 καὶ

503 1863 671 1918 Opere
721 1850 952 1906 ediscite
998 1853 1125 1921 quis
1171 1853 1264 1909 ille
1310 1864 1660 1926 quantusque
1711 1857 1802 1913 sit.
1874 1856 2074 1912 Annon

2181 1848 2379 1920 σαρκὸς
2406 1848 2702 1919 ὀφθαλμοῖς
2726 1850 2754 1901 ὁ
2785 1849 2872 1918 ὑφ’
2905 1848 3061 1919 ἡμῶν
3091 1849 3488 1920 κηρυττόμενος
3514 1850 3768 1922 Κύριαςο

504 1934 702 1997 vide‘tis
730 1954 833 1993 nos
874 1941 992 2009 ejus
1018 1956 1319 2012 paeones,
1348 1945 1443 2015 qui
1470 1945 1722 2003 homines
1744 1947 1917 2003 simus
1943 1948 2079 2005 viles

508 2042 571 2083 ac
618 2030 861 2099 privati?
890 2039 944 2087 et
993 2039 1175 2089 tamen
1223 2035 1452 2090 verbum
1490 2051 1519 2089 a
1558 2037 1718 2092 nobis
1768 2041 2078 2094 nuntiatum

504 2119 580 2177 ita
616 2122 895 2190 pravalet,
941 2132 1003 2177 ut
1046 2124 1367 2181 universum
1424 2127 1646 2198 impleat
1677 2130 1883 2185 orbem.
1924 2129 2078 2189 Unde

502 2223 635 2279 ergo
676 2217 823 2264 tanta
861 2219 1125 2280 potestas,
1170 2229 1292 2284 quae
1349 2214 1571 2284 subjecit
1622 2220 1847 2287 populos
1903 2220 2075 2289 nobis,

510 2310 550 2354 st
597 2310 771 2369 gentes
825 2303 920 2356 sub
974 2305 1192 2373 pedibus
1237 2308 1481 2376 nostris;
1526 2310 1642 2365 sive
1674 2313 1907 2381 populos
1955 2313 2077 2369 illos

505 2390 718 2461 priores
749 2394 842 2462 qui
892 2394 1158 2453 doctrina:
1194 2406 1398 2453 nostra:
1443 2402 1701 2471 morigeri
1742 2402 1930 2470 luere;
1963 2405 2077 2461 sive

503 2488 694 2548 gentes
724 2497 845 2550 quae
879 2482 1058 2536 adhuc
1089 2484 1143 2537 in
1177 2485 1500 2542 inﬁdelitate
1525 2499 1913 2559 perseverant;
1938 2508 2075 2563 quas

505 2571 825 2641 plerumque
861 2574 1212 2645 insurgentes
1266 2592 1331 2631 ac
1387 2579 1588 2633 bellum
1621 2582 1780 2638 nobis
1827 2591 1881 2638 et
1909 2586 2076 2640 verbo

502 2662 650 2731 quod
682 2664 1043 2733 praedicamus
1087 2668 1289 2724 inferre
1332 2678 1618 2737 conantes,
1675 2672 1791 2729 Rex
1845 2691 2075 2748 magnus

501 2753 737 2822 subjecit
779 2756 883 2812 sub
913 2758 1144 2827 pedibus
1179 2761 1415 2827 nostris;
1462 2761 1535 2816 ita
1577 2771 1635 2817 ut
1667 2780 1769 2822 nos
1801 2768 1953 2837 ipsos
1992 2769 2077 2823 in-

503 2847 829 2902 vatlcremus
882 2855 936 2903 et
984 2860 1292 2920 prostratos
1340 2855 1718 2913 calcaremus?
1771 2858 2072 2916 Confestim

502 2934 686 3005 itaque
720 2938 805 2992 vel
841 2939 976 3010 ipsis
1006 2945 1462 3014 repugnantibus,
1488 2963 1590 3002 nos
1620 2949 1675 3003 in
1712 2950 1908 3007 mediis
1934 2952 2076 3024 ipso-

500 3040 621 3079 rum
657 3030 884 3085 urbibus
914 3040 969 3087 et
1006 3035 1154 3105 agris
1192 3033 1303 3090 Deo
1336 3045 1529 3092 nostro
1559 3039 1835 3097 Ecclesias
1867 3044 2075 3099 consti-

499 3120 728 3177 tuinms.
784 3122 958 3194 Elegit
1010 3134 1193 3181 autem
1244 3129 1405 3183 nobis
1468 3130 1835 3189 haereditatem
1893 3151 2069 3200 suam,

496 3226 660 3280 quam
694 3216 945 3281 promisit
978 3215 1185 3271 Dilecto
1224 3234 1344 3282 suo,
1378 3220 1608 3278 dicens:
1647 3224 1873 3279 Postulo
1902 3245 1935 3280 a
1967 3198 2068 3293 me,
2101 3198 2141 3253 ϐ

498 3311 549 3354 et
580 3299 719 3355 dabo
768 3303 861 3357 tibi
886 3316 1060 3372 gentes
1106 3308 1466 3363 Itareditatem
1504 3322 1671 3376 tuam,
1713 3325 1764 3369 et
1794 3320 2077 3384 possessio-

499 3407 616 3445 nem
642 3399 789 3447 tuam
840 3397 1092 3450 terminos
1126 3407 1279 3452 terra?
1297 3400 1338 3452 ⁸.
1380 3399 1536 3457 lianc
1567 3404 1751 3474 itaque
1794 3422 1857 3461 ex
1900 3410 2075 3479 genti.

500 3484 604 3539 bus
658 3494 902 3541 coactam
940 3488 1237 3545 Ecclesiam
1274 3494 1431 3549 nobis
1483 3498 1747 3565 apostolis
1796 3501 1912 3556 suis
1950 3515 1979 3554 a
2015 3519 2074 3557 se

498 3578 729 3633 electam
760 3580 1063 3637 distribuit.
1119 3583 1305 3640 Electa
1363 3589 1566 3660 quippe
1615 3591 1707 3644 illa
1738 3602 1844 3657 est,
1881 3606 1937 3648 et
1975 3610 2071 3649 co-

499 3676 712 3737 eptata,
774 3684 842 3723 ex
872 3673 1128 3729 omnibus
1183 3677 1438 3745 gentibus
1494 3682 1810 3743 constituta,
1850 3699 1958 3738 non
2005 3700 2069 3739 ex

498 3761 714 3828 generis
743 3764 1115 3820 successione.
1166 3766 1273 3821 Pro
1323 3767 1415 3822 i.lo
1461 3778 1666 3833 autem,
1702 3772 2064 3829 Itwreditatem

496 3866 675 3913 suam,
720 3852 939 3923 reliqui,
989 3855 1349 3913 ltwreditatem
1398 3871 1658 3926 nostram,
1704 3872 1818 3928 aut,
1866 3883 2073 3935 posses-

495 3941 697 3996 sionem
747 3954 1008 4009 nostram,
1047 3949 1355 4005 ediderunt.
1411 3951 1879 4017 Quemadmodum
1926 3959 2069 4013 enim

497 4032 670 4102 priori
709 4037 910 4105 populo
942 4044 1149 4092 terram
1180 4041 1592 4111 promissionis,
1618 4047 1710 4115 qui
1750 4056 1908 4101 erant
1944 4065 2068 4104 cum

493 4120 625 4179 Jesu
659 4126 771 4178 ﬁlio
817 4125 982 4189 Nave,
1034 4130 1209 4197 pulsis
1238 4132 1512 4201 prioribus
1540 4134 1757 4201 incolis,
1785 4147 1934 4193 sorte
1958 4139 2073 4195 dis-

500 4214 843 4281 tribuerunt;
917 4215 1108 4270 eodem
1167 4235 1392 4288 prorsus
1438 4224 1600 4278 modo
1630 4226 1782 4296 regni
1816 4226 1907 4281 Dei
1933 4242 2069 4297 prae-

499 4319 690 4366 cones,
722 4321 847 4359 cum
884 4314 1058 4362 totum
1094 4311 1282 4366 orbem
1318 4327 1724 4385 peragrassent,
1769 4318 1942 4388 pulsis
1979 4320 2067 4374 in-

501 4396 811 4452 visibilibus
841 4398 1099 4465 inimicis,
1134 4405 1481 4471 supradictus
1540 4409 1770 4477 populos
1801 4419 1948 4465 sorte
1973 4424 2068 4464 ac-

498 4496 784 4588 ceperunt.
846 4486 997 4545 Hanc
1019 4490 1418 4588 :ba’reditatem
1451 4498 1687 4567 speciem
1728 4497 1900 4554 Jacob
1932 4499 2065 4554 dicit
2101 4534 2141 4588 υ

493 4592 651 4645 esse;
695 4579 809 4635 sive
835 4581 1135 4637 secundum
1167 4584 1441 4655 Aquilam,
1474 4588 1834 4643 excellentiam
1858 4589 2063 4654 Jacob;

495 4669 800 4738 secundum
863 4670 1252 4743 Symmachum
1323 4683 1528 4740 autem,
1581 4679 1809 4747 gloriam
1868 4678 2066 4743 Iacob;

495 4761 795 4817 secundum
828 4764 1079 4832 quintam
1117 4764 1439 4839 editionem,
1482 4768 2060 4837 gloriationemlacob.

492 4848 628 4919 Nam
679 4850 923 4917 Ecclesia
966 4853 1197 4920 Christi,
1242 4857 1415 4925 gloria
1462 4866 1511 4912 et
1577 4860 1834 4929 gloriatio
1862 4862 2065 4919 veteris

494 4939 773 5014 prophetae
816 4941 988 4999 Iacob
1036 4945 1161 5009 fuit,
1188 4947 1259 5002 ob
1293 4948 1449 5005 datas
1483 4950 1551 5005 ab
1596 4951 1715 5021 ipso
1770 4951 1943 5009 Jacob
1996 4955 2065 5010 de

435 5038 443 5118 ἶ
492 5030 748 5099 gentibus
815 5036 1219 5102 praedictiones.
1308 5039 1390 5093 Ad
1450 5042 1806 5112 ignominiam
1862 5046 2063 5118 quippe

437 5112 443 5133 ⁵
493 5121 668 5191 ipsius
690 5135 962 5194 vergeret,
993 5130 1037 5183 si
1076 5144 1357 5185 sermones
1378 5132 1498 5199 ejus
1516 5134 1628 5188 veri
1656 5149 1763 5189 non
1792 5134 2056 5202 fuissent;

488 5212 636 5283 quod
671 5223 850 5269 autem
886 5231 1049 5287 opere
1084 5220 1314 5291 perfecti
1347 5222 1481 5287 sint,
1530 5224 1583 5279 id
1629 5226 1805 5295 gloria
1844 5235 1903 5281 ct
1942 5228 2061 5297 glo-

380 5334 383 5335 ν
490 5305 651 5360 riatio
678 5305 801 5376 ejus
825 5317 928 5362 est.

2184 1940 2296 1992 ἀλλ’
2325 1939 2471 2009 αὐτῷ
2493 1940 2636 2011 ἔργῳ
2667 1940 2865 2010 μάθετε
2896 1941 2979 2003 τίς
3010 1941 3137 1993 ποτέ
3161 1943 3275 1994 ἐστι
3293 1942 3388 1994 καὶ
3415 1941 3638 2012 πηλίκος
3663 1938 3776 1998 οὗ·

2183 2048 2291 2094 τος.
2324 2034 2434 2101 υύχ
2468 2034 2628 2102 ὁρᾶτε
2657 2033 2781 2095 τοὺς
2812 2033 3057 2103 κήρυκας
3095 2032 3243 2100 ἡμᾶς
3270 2031 3411 2096 τίνες
3451 2034 3615 2103 ἐσμὲν
3655 2036 3777 2087 καὶ

2181 2125 2353 2176 ὁποῖοι
2380 2124 2570 2196 ἄνδρες
2598 2124 2831 2188 εὐτελεῖς
2853 2124 2944 2177 καὶ
2980 2124 3176 2179 ἰδιῶται
3203 2144 3217 2192 ;
3242 2127 3388 2197 ὅμως
3409 2126 3536 2195 γοῦν
3564 2127 3775 2181 τοσοῦ-

2183 2232 2272 2268 τον
2306 2218 2334 2268 ό
2358 2215 2421 2268 δι’
2454 2215 2609 2285 ἡμῶν
2646 2215 2817 2284 ἰσχύει
2849 2216 3023 2284 λόγος,
3043 2216 3117 2280 ὡς
3140 2218 3237 2288 τὴν
3269 2217 3555 2288 σύμπασαν
3578 2219 3774 2272 οἰκου-

2188 2307 2360 2376 μένην
2402 2306 2709 2377 πληρῶσαι.
2742 2307 2908 2360 Πόθεν
2947 2305 3040 2363 οὖν
3073 2312 3104 2380 ἡ
3138 2309 3369 2379 τοσαύτη
3408 2308 3663 2380 δύναμις.
3726 2313 3771 2382 i3

2182 2397 2535 2461 ὑποτάξασα
2565 2399 2706 2466 ἡμῖν
2728 2400 2917 2465 λαοὺς
2945 2401 3039 2454 καὶ
3072 2401 3215 2468 ἔθνη
3249 2396 3365 2454 ὐετύ
3391 2400 3529 2466 τοὺς
3555 2400 3770 2468 πόδας

2184 2486 2384 2556 ἡμῶν,
2426 2490 2551 2551 τοὺς
2590 2489 2686 2558 μὲν
2732 2489 3027 2559 προτέρους
3070 2489 3231 2553 λαοὺς
3276 2491 3403 2552 τοὺς
3443 2489 3768 2560 πειθηνίους

2182 2580 2505 2647 γενομένους
2536 2582 2599 2649 τῇ
2628 2580 2871 2650 ἡμετέρᾳ
2904 2579 3220 2651 διδασκαλίᾳ
3246 2597 3259 2610 ·
3298 2580 3360 2634 τὰ
3390 2580 3445 2634 δὲ
3473 2580 3600 2651 ἔθνη
3625 2583 3769 2646 τοὺς

2183 2671 2260 2724 ἔτι
2283 2674 2340 2724 ἐν
2357 2673 2581 2742 ἀπιστίᾳ
2606 2671 2910 2741 μείνανταςο
2933 2670 3025 2735 οὓς
3048 2674 3450 2735 ὲπαναστάντας
3470 2672 3763 2737 πολλάκις,

2183 2764 2275 2817 καί
2320 2763 2624 2832 πολεμῆσαι
2668 2761 3099 2834 βεϐουλημένους
3128 2764 3271 2835 ἡμᾶς
3300 2781 3357 2816 τε
3406 2764 3499 2816 καὶ
3538 2763 3627 2817 τὸν
3658 2765 3766 2833 ὑφ’

2182 2854 2335 2923 ἡμῶν
2366 2856 2763 2925 κηρυττόμενον
2793 2855 2967 2923 λόγον,
2992 2857 3019 2908 ό
3050 2856 3224 2925 μέγας
3253 2855 3509 2919 Βασιλεὺς
3542 2856 3760 2909 ὑπέτα-

2184 2946 2238 3012 ξε
2277 2948 2386 3009 τοῖς
2417 2948 2709 3020 ἡμετέροις
2756 2949 2930 3010 ποσὶν,
2961 2948 3035 3011 ὡς
3076 2948 3321 3001 ἐπελθεῖν
3339 2951 3484 3019 ἡμᾶς
3517 2949 3609 3001 καὶ
3628 2949 3762 3001 επις

2180 3036 2340 3107 ϐῆναι
2370 3038 2584 3103 αὑτοῖςς
2614 3039 2819 3092 Λύτίκα
2845 3039 2887 3091 δ’
2918 3035 3009 3091 οὖν
3053 3039 3145 3091 καὶ
3181 3039 3254 3111 μὴ
3286 3039 3617 3110 βουλομένων
3648 3042 3757 3094 αὐ·-

2179 3128 2287 3182 τῶν
2312 3130 2468 3200 ἡμεῖς
2490 3133 2546 3184 ἐν
2572 3131 2764 3201 μέσαις
2786 3134 2901 3194 ταῖς
2933 3131 3109 3185 αὐτῶν
3140 3132 3323 3184 πόλεσι
3343 3148 3398 3185 τε
3427 3132 3517 3185 καὶ
3542 3132 3759 3204 χώραις

2175 3218 2251 3287 τῷ
2285 3218 2536 3290 ἡμετέρῳ
2569 3220 2687 3289 Θεῷ
2714 3219 3152 3291 συνεστησάμεθα
3182 3221 3756 3292 ἐκκλησίας.Ἐξελέ-

2180 3310 2305 3375 ξατο
2335 3311 2389 3364 δὲ
2418 3314 2552 3381 ἡμῖν
2583 3311 2676 3381 τὴν
2710 3312 3068 3383 κληρονομίαν
3112 3312 3304 3366 ἑαυτοῦ
3327 3352 3341 3373 ,
3384 3312 3449 3383 ἠν
3487 3314 3757 3383 ἐπηγγείο

2176 3399 2304 3451 λατο
2354 3400 2431 3468 τῷ
2479 3399 2671 3452 ἑαυτοῦ
2725 3400 3018 3471 Ἀγαπητῷ
3067 3399 3263 3454 εἰπών·
3309 3402 3556 3469 Λῖτησαι
3603 3403 3752 3469 παρ’

2174 3489 2319 3557 ἐμοῦ
2339 3528 2352 3551 ,
2384 3489 2482 3542 καὶ
2511 3488 2681 3542 δώσω
2713 3507 2809 3543 σοι
2849 3489 2994 3557 ἔθνη
3021 3489 3133 3559 τὴν
3158 3492 3558 3560 κληρονομίαν
3581 3504 3702 3543 σου
3730 3532 3748 3554 ,

2174 3580 2267 3633 καὶ
2315 3579 2429 3647 τὴν
2473 3579 2845 3649 κατάσχεσίν
2902 3582 3132 3657 σουντὰ
3185 3581 3410 3649 πέρατα
3457 3579 3563 3647 τῆς
3605 3579 3743 3651 γῆς.

2174 3672 2388 3742 Ταύτην
2421 3668 2513 3725 οὖν
2556 3671 2754 3742 δηλαδὴ
2800 3671 2895 3742 τὴν
2938 3670 2998 3736 ἐξ
3040 3671 3206 3724 ἐθνῶν
3259 3670 3576 3740 Ἐκκλησίαν
3610 3672 3749 3740 ἡμῖν

2172 3768 2281 3827 τοῖς
2308 3764 2621 3827 ἀποστόλοις
2649 3764 2810 3818 αὑτοῦ
2850 3763 3203 3833 ἐκλεξάμενος
3231 3762 3515 3832 διένειμεν.
3564 3761 3746 3815 Ἐκλε·

2174 3856 2273 3924 nti;
2315 3857 2421 3928 γάρ
2470 3858 2614 3909 ἐστιν
2658 3854 2826 3925 αὕτη,
2866 3854 2983 3908 κατ’
3017 3853 3244 3927 ἐκλογὴν
3286 3854 3348 3907 ἐκ
3384 3854 3593 3906 πάντων
3625 3851 3741 3906 τῶν

2171 3947 2339 4001 ἐθνῶν
2372 3949 2674 4011 ύποστᾶσα,
2698 3948 2790 3999 καὶ
2820 3948 2879 3998 ού
2910 3946 3046 4000 κατὰ
3071 3946 3317 4017 διαδοχὴν
3348 3944 3557 4023 γένους.
3593 3943 3744 4005 ’ἀντὶ

2169 4040 2226 4093 δὲ
2245 4040 2359 4103 τοῦ,
2388 4039 2790 4107 κληρονομίαν
2819 4039 3055 4103 ἑαυτοῦ,
3079 4040 3127 4092 οἱ
3161 4038 3354 4103 λοιποὶ,
3385 4036 3496 4105 τὴν
3518 4040 3741 4103 um-

2169 4131 2383 4200 νομίαν
2411 4129 2597 4199 ἡμῶν,
2633 4130 2688 4202 ἢ,
2726 4129 2840 4197 τὴν
2868 4130 3237 4199 κληρουχίαν
3278 4126 3464 4196 ἡμῶν,
3513 4122 3741 4180 ὲκδεδώ-

2170 4239 2348 4275 κασιν.
2393 4223 2600 4291 Ὥσπερ
2643 4222 2750 4291 γάρ
2777 4221 2868 4273 ἐπὶ
2902 4221 2997 4274 τοῦ
3043 4221 3309 4293 προτέρου
3346 4218 3475 4273 λαοῦ
3500 4219 3597 4289 τὴν
3631 4219 3737 4289 γῆν

2169 4313 2500 4381 ἐπαγγελίας
2548 4314 2732 4385 κλήρῳ
2772 4313 3105 4383 διενείμαντο
3151 4313 3199 4365 οἱ
3250 4310 3385 4382 μετὰ
3434 4308 3608 4379 Ἰησοῦ
3640 4309 3736 4362 τοῦ

2170 4406 2326 4476 Ναυῆ
2348 4446 2361 4470 ,
2407 4406 2531 4470 τοὺς
2560 4407 2686 4478 πρὶν
2714 4408 3004 4479 οἰκήτορας
3040 4404 3419 4468 ἐκϐάλλοντες,
3455 4402 3543 4456 τὸν
3576 4401 3735 4455 αὐτὸν

2170 4497 2366 4568 τρόπον
2394 4498 2486 4551 καὶ
2515 4499 2564 4550 οἱ
2598 4498 2696 4567 τῆς
2726 4498 2821 4551 τοῦ
2853 4498 2988 4550 Θεοῦ
3026 4496 3301 4568 βασιλείας
3336 4496 3607 4566 κήρυκες,
3635 4491 3735 4564 τὴν

2175 4589 2464 4659 σύμπασαν
2520 4590 2840 4663 οἰκουμένην
2875 4589 3203 4653 διελθόντες,
3254 4584 3739 4657 κατεκληρώσαντο

2171 4681 2296 4743 τοὺς
2320 4680 2711 4751 προλεχθέντας
2734 4681 2896 4744 λαοὺς
2920 4719 2934 4743 ,
2955 4681 3080 4743 τοὺς
3108 4680 3331 4746 ἀφανεῖς
3360 4678 3454 4730 καὶ
3473 4676 3739 4747 ἀοράτους

2174 4773 2464 4842 πολεμίους
2497 4773 2803 4836 ἐλάσαντες.
2849 4772 3063 4842 Ταύτην
3103 4772 3202 4844 τὴν
3238 4768 3601 4841 κληρονομίαν
3636 4766 3740 4837 τὴν

2170 4864 2430 4935 καλλονὴν
2463 4863 2653 4917 Ἰακὼϐ
2685 4860 2824 4916 εἷναί
2866 4880 3057 4934 φησιν’
3102 4863 3134 4933 ἢ
3182 4860 3323 4914 κατὰ
3352 4860 3439 4912 τὸν
3482 4857 3737 4921 ’Λκύλαν,

2171 4956 2233 5009 τὸ
2264 4954 2593 5024 ὐπερφερὲς
2633 4954 2834 5009 Ἰακώϐ
2851 4972 2864 4984 ·
2896 4954 3037 5007 κατὰ
3074 4954 3130 5005 δὲ
3159 4953 3250 5006 τὸν
3288 4951 3602 5019 Σύμμαχον,
3630 4948 3743 5001 τὸν

2168 5046 2548 5115 ἐνδοξασμύν
2586 5046 2783 5100 Ἰακώϐ
2798 5063 2810 5076 ·
2843 5045 2981 5099 κλιτά
3013 5044 3067 5098 δὲ
3090 5044 3187 5113 τὴν
3218 5042 3473 5111 πέμπτην
3501 5038 3741 5102 ἔκδοσιν,

2168 5137 2233 5191 τὸ
2275 5138 2552 5205 καύχημα
2606 5136 2821 5191 Ἰακώϐ.
2880 5135 2945 5189 ’Π
2990 5134 3096 5203 γάρ
3156 5131 3449 5201 Ἐκκλησία
3496 5126 3741 5199 Χριστοῦ

2167 5228 2424 5299 καύχημα
2457 5229 2550 5282 καὶ
2573 5228 2701 5293 δόξα
2726 5227 2819 5281 τοῦ
2854 5226 3079 5280 παλαιοῦ
3114 5224 3389 5296 προφήτου
3424 5217 3616 5274 Ἰακὼϐ
3648 5218 3747 5284 γέ-

2166 5336 2288 5386 γονε
2324 5319 2412 5373 διὰ
2439 5318 2536 5381 τὰς
2565 5319 2727 5372 αὑτοῦ
2766 5318 2956 5372 Ἰακὼϐ
2999 5319 3128 5389 περὶ
3161 5316 3269 5369 τῶν
3297 5313 3467 5367 ἐθνῶν
3498 5325 3747 5381 προανα-

489 5397 795 5466 φωνήσας·
831 5396 1013 5463 ἀδοξία
1058 5399 1166 5471 γὰρ
1195 5395 1262 5471 ἦν
1292 5401 1435 5472 αύτῷ
1468 5403 1529 5456 τὸ
1574 5404 1649 5477 μὴ
1689 5406 2057 5479 ἐπαληθεῦσαι
2094 5404 2263 5462 αὑτοῦ
2291 5409 2416 5472 τοὺς
2453 5409 2671 5477 λόγους·
2700 5411 2759 5463 τὸ
2792 5410 2847 5464 δὲ
2906 5411 2985 5474 είς
3045 5410 3179 5479 ἔργα
3214 5404 3586 5485 κεχωρηκέναι
3615 5401 3744 5466 δόξει

488 5486 582 5540 καὶ
609 5486 869 5561 καύχημα
894 5490 1082 5559 αὐτοῦ.

557 5731 579 5760 ⁸
621 5728 764 5788 Psal.
804 5750 837 5789 ll
862 5775 875 5799 ,
910 5735 961 5801 8.
