4010 6538
207 378 312 432 £17

1352 383 1853 442 COMMENTARIA
1897 383 1960 438 IN
2000 386 2337 443 PSALMOS.

3367 393 3473 447 “8

281 493 602 562 Ἄρχοντες
639 494 806 549 λαῶν
849 495 1256 566 συνήχθησαν
1291 499 1444 569 μετὰ
1486 500 1594 554 τοῦ
1643 498 1789 554 Θεοῦ

1971 499 2141 556 Vens.
2188 500 2280 557 l0.
2329 499 2604 571 Principes
2653 501 2970 572 populorum
3007 505 3307 573 congregati
3352 512 3473 556 sunt

210 583 488 654 Ἀϐραὰμ,
519 584 610 638 ὅτι
641 585 749 640 τοῦ
782 589 930 642 Θεοῦ
957 591 1010 642 οἱ
1033 589 1301 658 reparato!
1332 589 1445 659 τῆς
1485 589 1600 661 τῆς
1637 593 1790 661 σφό-

202 673 317 743 δρα
357 675 731 744 ἐπήρθησαν.
770 677 928 734 Μετὰ
954 680 1062 734 τῶν
1091 681 1267 736 ἀλλων
1303 682 1414 736 τῶν
1463 683 1792 755 προλεχθένο

206 780 346 829 των,
379 764 474 819 καὶ
515 765 775 837 ἄρχοντες
809 767 952 821 λαῶν
978 769 1082 822 ὑπὸ
1114 769 1242 840 μίαν
1281 769 1626 840 συνήχθησαν
1670 771 1792 824 Ἐκ-

199 855 469 926 ιιλησίαν,
503 859 787 930 γενόμενοι
815 859 942 924 λαὸς
981 860 1075 914 τοῦ
1121 861 1258 914 Θεοῦ
1299 861 1579 932 ’Δσραάμο
1617 861 1792 926 οὕτως

199 946 312 1018 γὰρ
351 949 666 1021 ἡρμήνευσε
704 950 1033 1021 θαυμαστῶς
1063 954 1298 1018 ἀποδοὺς
1327 956 1356 1006 6
1387 953 1682 1024 Σύμμαχος
1711 955 1789 1006 εἰ-

201 1037 360 1092 πιίιν·
406 1040 718 1108 Ἄρχοντες
767 1040 934 1095 λαῶν
984 1043 1430 1112 ἠθροίσθησαν,
1483 1044 1634 1110 λαὸς
1683 1043 1790 1097 τοῦ

201 1128 360 1182 Θεοῦ
399 1129 663 1200 Ἁϐραάμ.
696 1132 756 1184 Ol
785 1131 894 1204 γὰρ
930 1133 1098 1186 πάλαι
1138 1135 1398 1207 ἄρχοντες
1425 1136 1532 1189 τῶν
1566 1134 1709 1188 λαῶν
1739 1137 1788 1189 οἱ

197 1219 614 1292 εἰδωλολάτραι,
642 1223 734 1274 καὶ
755 1222 906 1296 πάσῃ
933 1223 1324 1297 δεισιδαιμονίᾳ.
1346 1226 1554 1298 πλάνης
1579 1227 1791 1281 ἐκδεδο-

199 1309 358 1380 μένοι
383 1350 398 1374 ,
427 1305 572 1366 οὗτοι
614 1312 732 1366 λαοὶ
763 1313 1016 1381 γεγόνασι
1058 1316 1152 1368 τοῦ
1197 1315 1332 1370 Θεοῦ
1385 1317 1664 1390 Ἀϐραὰμ,
1699 1318 1788 1371 τὸν

195 1400 337 1455 Θεὸν
379 1403 627 1475 Ἀδραὰμ
656 1405 992 1474 ἐπιγνόντες,
1025 1408 1117 1460 καὶ
1139 1407 1328 1461 τοῦτον
1362 1409 1418 1462 ὲν
1445 1411 1564 1474 ταῖς
1603 1410 1789 1480 εύχαῖς

194 1492 595 1568 ἀνασοοῖιμενοι,
615 1498 708 1550 καὶ
733 1499 848 1568 μετ’
878 1499 1046 1552 αὐτοῦ
1075 1499 1386 1571 ποιούμενοι
1414 1502 1512 1574 τὴν
1548 1501 1785 1556 σύνοδον.

197 1587 315 1640 Καὶ
343 1589 375 1641 6
404 1587 692 1643 Θεοδοτίων
723 1591 779 1644 δὲ
797 1631 812 1652 ,
845 1585 924 1655 εἷς
954 1593 1048 1645 καὶ
1073 1593 1234 1656 αὐτὸς
1260 1593 1370 1647 τῶν
1397 1593 1668 1666 ἐπιμελῶς
1698 1597 1789 1666 ἑρ-

197 1680 594 1750 μηνευσάντων
613 1684 935 1753 τυγχάνων,
966 1685 1168 1755 ὁμοίως
1195 1685 1273 1755 τῷ
1299 1686 1578 1756 Συμμάχῳ
1605 1688 1787 1757 ἡρμή-

193 1786 396 1825 νευσεν
424 1772 594 1826 είπιὶιν
614 1791 627 1803 ·
658 1775 972 1843 Ἄρχοντες
1002 1775 1170 1830 λαῶν
1192 1779 1615 1844 συνήχθησαν,
1639 1777 1788 1844 λαὸς

1893 607 2014 646 cum
2044 591 2150 646 Deo
2180 592 2473 658 Abraham,
2515 595 2768 666 quoniam
2803 589 2893 648 Dei
2937 594 3100 664 fortes
3137 603 3292 648 teme
3327 592 3460 646 relie-

1894 688 2095 735 menter
2138 681 2327 736 elevati
2376 692 2518 738 sunt.
2569 681 2706 739 Cum
2756 684 3034 754 praedictis
3087 683 3248 746 aliis,
3303 681 3470 736 etiam

1897 774 2172 844 principes
2206 776 2531 845 populorum
2563 777 2617 830 in
2655 792 2820 831 unam
2854 775 3172 846 congregati
3212 783 3342 830 sunt
3369 771 3470 828 Eco

1895 866 2139 930 clesiam,
2161 865 2252 922 Dei
2282 868 2556 923 Abraham
2589 869 2824 937 populus
2847 867 3059 935 ell'ecti;
3087 867 3278 936 sicque
3307 868 3472 920 mira-

1892 955 2076 1010 biliter
2121 956 2518 1028 interpretatus
2571 967 2656 1014 est
2709 957 3073 1030 Symmachus
3130 959 3218 1013 his
3266 957 3471 1019 verbis,

1895 1043 2167 1114 Principes
2195 1048 2508 1115 populorum
2541 1049 2712 1101 coacti
2748 1056 2893 1110 sunt,
2930 1047 3154 1116 populus
3185 1044 3282 1100 Dei
3302 1043 3473 1098 Abra-

1892 1133 2036 1191 ham.
2075 1134 2355 1206 Siquidem
2385 1137 2461 1192 illi
2493 1137 2623 1191 olim
2653 1137 2934 1208 principes
2969 1137 3295 1206 populorum
3327 1134 3471 1190 idola

1893 1224 2156 1290 colentes,
2219 1225 2478 1296 omnique
2517 1227 2924 1297 superstitionis
2965 1226 3140 1280 errori
3178 1223 3384 1290 dediti;
3415 1221 3470 1276 lii

1894 1317 2076 1386 populi
2109 1315 2202 1372 Dei
2232 1316 2508 1373 Abraham
2550 1317 2680 1372 lacti
2729 1325 2885 1384 sunt,
2922 1318 3144 1388 cognito
3173 1313 3471 1371 Abrahaml

1893 1404 2025 1470 Deo,
2058 1421 2182 1460 eum
2219 1407 2274 1460 in
2312 1409 2569 1477 precibus
2605 1409 2931 1464 invocantes
2955 1447 2968 1471 ,
3014 1418 3178 1478 atque
3225 1421 3350 1463 cum
3405 1415 3472 1460 eo

1892 1502 2069 1551 curtus
2103 1505 2348 1567 agentes.
2384 1495 2689 1554 Theodotio
2731 1500 2858 1555 item
2895 1499 2987 1569 qui
3038 1515 3070 1555 e
3104 1511 3336 1553 numero
3382 1510 3470 1551 ac-

1891 1589 2618 1661 curatiorumjnterpretum
2649 1602 2755 1658 εει,
2773 1593 2887 1663 pari
2907 1602 3074 1662 atque
3103 1590 3470 1662 Symmachus

1893 1681 2056 1734 modo
2082 1681 2477 1750 interpretatus
2508 1690 2592 1738 est
2626 1684 2712 1738 bis
2742 1684 2926 1738 verbis
2949 1723 2964 1748 ,
2993 1683 3270 1750 Principes
3304 1693 3470 1751 popu-

1893 1770 2065 1826 lorum
2101 1775 2406 1842 congregati
2447 1785 2590 1837 sunt,
2621 1775 2848 1843 populus
2879 1774 2978 1829 Dei
3008 1775 3302 1830 Abraham.
3355 1773 3470 1828 Cur

194 1861 307 1917 τοῦ
333 1863 486 1918 Θεοῦ
523 1838 798 1936 Ἀϐραάμ.
821 1866 920 1920 Διὰ
946 1838 996 1920 τί
1026 1867 1084 1921 δὲ
1108 1870 1156 1921 οἱ
1189 1838 1616 1939 Ἐὃδοτμήκοντᾴ
1637 1838 1789 1939 μετά

1896 1838 2252 1936 Septuaginta
2292 1838 2654 1940 interpretes,
2690 1838 2815 1924 cum
2849 1868 2958 1922 Deo
2986 1867 3289 1932 Abraham,
3321 1866 3470 1920 dixe.-

193 1951 304 2006 τοῦ
353 1954 505 2008 Θεοῦ
553 1957 830 2026 Ἀϐραὰμ,
864 1959 1155 2029 είρήκασις
1195 1959 1414 2030 Ἐπειδὴ
1447 1961 1481 2030 ἡ
1525 1959 1789 2032 Ἐδραῖκὴ

194 2044 353 2115 φωνὴ
389 2047 502 2108 τοῖς
527 2047 708 2109 αὐτοῖς
739 2048 1024 2119 στοιχείοις
1055 2050 1365 2121 γράφειτὸ,
1390 2050 1560 2120 μετὰ,
1585 2053 1679 2107 καὶ
1707 2055 1788 2118 τὸ,

191 2137 374 2202 λαός.
409 2139 640 2210 Εἴρηται
672 2139 800 2210 γὰρ,
830 2141 928 2210 ἀμ’
955 2143 1171 2211 Ἐλοΐμε
1199 2144 1226 2196 ὃ
1255 2145 1477 2200 δύναται
1504 2148 1620 2211 καὶ,
1639 2149 1791 2216 μετὰ

194 2226 304 2280 τοῦ
327 2230 507 2296 Θεοῦ,
531 2230 804 2299 λέγεσθαι,
834 2233 948 2298 καὶ,
977 2233 1128 2301 λαός
1159 2235 1266 2289 τοῦ
1298 2237 1468 2292 Θεοῦ.

267 2333 288 2341 ’
368 2341 506 2396 ΩΔΗ
546 2345 845 2398 ΨΑΛΜΟΥ
883 2347 1037 2400 ΤΟΙΣ
1079 2349 1258 2402 ἸἸΟΙΣ
1295 2352 1476 2404 ΚΟΡΕ
1515 2353 1646 2406 MZ'.

265 2451 470 2524 Μέγας
489 2456 702 2523 Κύριος
722 2457 815 2510 καί
841 2459 1074 2525 αἰνετός
1105 2461 1358 2531 σφόδρα,
1393 2464 1463 2518 ὲν
1485 2468 1658 2520 πόλει
1681 2465 1788 2521 τοῦ

202 2545 350 2600 Θεοῦ
388 2545 576 2614 ημῶν,
595 2548 664 2600 ἐν
685 2547 804 2615 ὄρει
844 2551 990 2619 ἁγίῳ
1015 2552 1204 2606 αὑτοῦ
1230 2553 1462 2622 εὐρίζῳ·
1494 2556 1785 2625 ἀγαλλιά-

194 2653 336 2706 yart
367 2637 579 2707 πάσης
627 2639 738 2706 τῆς
771 2639 900 2710 τῆς,
940 2641 1048 2710 ὅρη
1081 2642 1235 2698 Σιὼν
1257 2686 1272 2710 ,
1310 2646 1384 2699 τὰ
1415 2649 1648 2716 πλευρὰ
1680 2647 1786 2702 τοῦ

201 2728 414 2797 Domiti,
441 2732 483 2798 ἡ
513 2732 690 2798 πόλις
721 2733 827 2786 τοῦ
847 2733 1154 2803 ,Βασιλέως
1183 2737 1290 2791 τοῦ
1311 2738 1600 2808 μεγάλου.
1628 2743 1786 2812 Τρεῖς

205 2820 302 2892 μὲν
330 2823 380 2874 oi
409 2822 620 2893 πρῶτοι
654 2827 1122 2899 ἐπιγεγραμμένοι
1150 2827 1267 2882 τῶν
1296 2829 1440 2883 υἱῶν
1475 2832 1624 2898 Κορὲ
1652 2849 1787 2904 συμ-

201 2915 373 2984 φορᾶς
418 2915 518 2967 καὶ
551 2915 728 2988 λύπης
770 2923 1044 2991 περιεῖχον
1089 2919 1310 2990 λόγους·
1355 2924 1382 2975 6
1424 2923 1480 2975 δὲ
1530 2924 1786 2994 τέταρτος

208 3003 513 3077 μεταϐολὴν
563 3008 656 3061 ἐπὶ
707 3009 767 3062 τὸ
829 3012 1183 3084 φαιδρότερον
1248 3014 1470 3084 ἐδήλουο
1534 3015 1614 3068 διὸ
1663 3016 1786 3086 ᾠδὴ

203 3095 495 3167 ἐτύγχανεν
529 3099 681 3167 ὑπὲρ
725 3099 832 3154 τοῦ
897 3103 1224 3171 Ἀγιιπητοῦ
1247 3121 1262 3135 ⁶
1311 3105 1570 3169 ὡσαύτως
1617 3108 1712 3159 καὶ
1759 3109 1788 3159 ὁ

206 3187 450 3258 πέμπτος
471 3231 486 3254 ,
522 3191 672 3259 ὑπὲρ
703 3191 823 3245 τῶν
850 3195 1116 3262 κρυφίων
1143 3191 1208 3266 ἦν
1229 3213 1244 3226 ο
1275 3196 1411 3249 ἀλλὰ
1445 3197 1538 3252 καὶ
1567 3200 1594 3251 6
1626 3198 1784 3262 ἕκτος
1814 3168 1856 3226 C

205 3281 397 3350 ὁμοίως
441 3282 658 3354 ψαλμὸς
696 3279 783 3355 ἦν.
834 3285 890 3338 ’0
921 3285 975 3338 δὲ
1013 3288 1148 3357 μετὰ
1185 3291 1390 3359 χεῖρας,
1427 3289 1647 3360 μείζονα
1677 3291 1785 3346 τῶν

209 3370 515 3444 ἔμπροσθεν
538 3375 814 3445 θεολογίαν
840 3377 1363 3449 περιέχων,είκὸτως
1381 3381 1516 3452 ᾨὸὴ
1538 3383 1784 3452 ψαλμοῦ

208 3464 324 3532 τοῖς
346 3467 503 3533 υἱοῖς
537 3467 686 3537 Κορὲ
717 3470 1114 3542 ἐπιγέγραπται
1135 3487 1148 3501 ⁸
1180 3474 1320 3526 κατὰ
1354 3474 1414 3526 τὸ
1442 3475 1572 3528 αὐτὸ
1600 3475 1709 3546 γὰρ
1735 3477 1782 3529 ol
1837 3540 1839 3542 η

214 3555 308 3626 μὲν
350 3557 438 3612 διὰ
473 3559 658 3628 φωνῆς
702 3559 1040 3625 ἀναϐοῶντες
1084 3559 1286 3634 ὕμνουν
1319 3562 1408 3615 τὸν
1456 3563 1622 3628 Θεὸν,
1651 3566 1701 3617 οἱ
1726 3565 1783 3617 δὲ

210 3645 274 3702 δι’
305 3650 554 3721 ὀργάνων
584 3653 860 3722 μουσικῶν
896 3654 996 3725 τὴν
1027 3654 1197 3725 αὐτὴν
1231 3655 1588 3726 ἀνεκρούοντο
1620 3656 1783 3726 ᾠδὴν,

212 3737 284 3810 τῷ
311 3743 463 3812 μέλει
489 3742 552 3796 σύ
561 3761 776 3814 μςςωνον
808 3744 1120 3815 ποιούμενοι
1148 3745 1247 3817 τὴν
1274 3747 1559 3817 ἁρμονίαν.
1579 3748 1786 3818 ’Υμνον

213 3832 264 3886 δὲ
298 3837 433 3909 ὑπὲρ
467 3839 567 3908 τῆς
602 3839 925 3909 Ἐκκλησίας
959 3841 1343 3912 ἀντιπέμπουσι
1383 3840 1461 3912 τῷ
1493 3842 1592 3906 τὰς
1645 3843 1787 3896 κατὰ

213 3925 314 3979 τῶν
341 3930 616 4000 πολεμίων
657 3931 813 3994 νίκας
840 3933 1101 4004 ἀραμένῳ
1124 3971 1139 3995 ,
1186 3933 1281 3988 καὶ
1326 3932 1424 4004 τὴν
1460 3933 1787 4005 Ἐκκλησίαν

217 4018 366 4072 αὑτοῦ
411 4021 517 4092 τῆς
559 4024 760 4094 πικρᾶς
799 4025 893 4077 καὶ
945 4023 1186 4096 χαλεπῆς
1227 4025 1470 4088 δουλείας
1511 4024 1788 4096 λυτρωσα-

223 4109 372 4182 μένῳ.
431 4114 491 4166 '0
543 4115 641 4184 μὲν
691 4110 784 4168 οὖν
835 4116 940 4186 πρὸ
985 4116 1177 4170 τούτου
1229 4116 1628 4188 παρεκελεύετο
1675 4121 1787 4182 τοῖς

221 4198 382 4254 ἔθνεσι
410 4207 629 4277 κροτεῖν
661 4205 754 4259 καὶ
790 4206 1080 4271 ἀλαλάζειν
1105 4207 1183 4279 τῷ
1203 4207 1324 4278 Θεῷ
1348 4210 1409 4262 ὲν·
1435 4212 1588 4280 φωνῇ
1619 4209 1788 4278 ἀγαλ-

220 4286 434 4359 λιάσεως
462 4337 477 4359 ,
508 4296 602 4348 καὶ
637 4295 859 4366 ψάλλειν
887 4296 1035 4367 αὐτῷ
1055 4340 1069 4364 ,
1104 4297 1194 4351 ὅτι
1229 4298 1532 4365 βασιλεὺς
1582 4299 1787 4368 πάσης

219 4381 318 4450 τῆς
355 4386 470 4455 τῆς
492 4389 525 4440 ὁ
556 4389 732 4454 Θεός·
765 4387 988 4458 ψάλλειν
1013 4406 1073 4442 τε
1103 4389 1358 4453 συνετῶς,
1390 4390 1622 4462 ἐπείπερ
1659 4389 1787 4444 ἐϐα-

221 4473 447 4534 σίλευσεν
491 4480 583 4532 ἐπὶ
606 4480 676 4532 τὰ
710 4479 859 4552 ἔθνη.
893 4481 1040 4534 Ἔδει
1068 4481 1125 4534 δὲ
1153 4482 1279 4546 τοὺς
1323 4481 1784 4553 κεκελευσμένους

221 4565 375 4622 ταῦτα
411 4571 696 4642 πράττειν,
729 4571 939 4626 καὶτὸν
962 4573 1164 4644 τρόπον
1187 4572 1280 4626 τοῦ
1315 4573 1654 4645 ἀλαλαγμοῦ,
1689 4573 1784 4628 καὶ

220 4655 302 4711 τὸν
335 4661 545 4734 ψαλμὸν
594 4663 754 4717 αὑτὸν
794 4663 870 4728 ὼς
909 4663 1060 4736 παρά
1087 4664 1406 4718 διδασκάλου
1453 4665 1643 4736 μαθεῖν
1664 4683 1676 4696 ·
1704 4665 1787 4718 διδ

223 4747 517 4820 ἀναγκαίως
540 4758 568 4810 6
591 4755 779 4827 παρὼν
812 4755 969 4825 λόγος
995 4757 1155 4812 τοῦτο
1179 4757 1438 4814 διδάσκει.
1465 4757 1780 4812 Παιδεύεται

222 4839 381 4898 τοίνυν
410 4846 480 4901 τὰ
513 4846 640 4921 ἔθνη
667 4849 736 4904 τὰ
771 4847 830 4916 ἐξ
863 4848 1153 4921 ἀθεότητος
1174 4851 1279 4921 ,ἐπὶ
1304 4850 1401 4922 τὴν
1436 4851 1616 4905 ἔνθεον
1639 4850 1784 4905 διδαο

226 4936 427 4996 σκαλίαν
455 4941 756 5014 μεταδεδλη
766 4942 901 5014 μένα
925 4943 1016 4997 τὸν
1043 4943 1251 4996 ἑαυτῶν
1281 4942 1556 5013 θεολογείν
1579 4943 1786 5016 Κύριον

224 5026 308 5079 καὶ
327 5027 528 5100 λέγειν·
555 5030 753 5102 Μέγας
782 5033 998 5100 Κύριος
1019 5034 1115 5087 καὶ
1149 5032 1385 5100 αἰνετός
1415 5033 1652 5102 σφόδρα
1674 5050 1686 5064 ·
1715 5035 1784 5106 ἢ,

227 5116 313 5170 καὶ
353 5123 613 5192 ὑμνητὸς
646 5122 916 5192 σφόδρα,
952 5123 1093 5178 κατά
1125 5125 1252 5188 τοὺς
1282 5124 1521 5188 λοιπούς.
1554 5126 1786 5196 Νοήσεις

226 5203 276 5259 δὲ
303 5209 441 5277 ὅπως
472 5215 645 5286 μέγας
675 5213 924 5285 εἴρηται,
956 5211 1264 5282 ἀναϐλέψας
1296 5215 1375 5278 είς
1408 5211 1502 5265 τὸν
1533 5212 1784 5284 οὐρανὸν,

229 5297 312 5350 καὶ
349 5301 435 5356 τὸν
470 5303 760 5377 σύμπαντα
807 5304 1179 5377 περιαθρήσας
1223 5305 1458 5375 κόσμον,
1502 5303 1644 5358 κατὰ
1693 5305 1786 5358 τὸν

240 5383 446 5448 Ἡσαΐαν
475 5394 755 5468 φήσαντιν
800 5395 1082 5464 Ἐπάρατε
1107 5399 1194 5462 εις
1214 5395 1372 5465 ὕψος
1401 5395 1544 5463 τοὺς
1567 5397 1790 5465 ὀφθαλ-

231 5478 364 5547 μοὺς
393 5485 574 5554 ὑμῶν,
600 5487 694 5540 καὶ
721 5486 875 5539 ἴδετε
899 5487 990 5553 τίς
1019 5485 1320 5551 κατέδειξε
1350 5486 1535 5540 ταῦτα
1568 5485 1783 5540 πάντα·

231 5565 290 5620 ἐκ
322 5579 601 5644 μεγέθους
637 5581 744 5648 γὰρ
783 5579 881 5632 καὶ
922 5576 1232 5644 καλλονῆς
1272 5576 1613 5646 κτισμάτων
1645 5579 1790 5631 dra-

233 5660 405 5729 λόῖως
433 5672 463 5721 ό
489 5669 907 5740 γενεσιουρςύς
932 5668 1254 5739 θεωρεῖται·
1282 5669 1342 5722 ού
1377 5667 1672 5739 σωματικῷ
1703 5687 1789 5740 με·

300 5816 318 5846 ⁸
353 5820 450 5877 lsa.
482 5839 548 5877 ιι.
569 5862 584 5886 .
615 5823 704 5878 26.

1893 1964 2061 2018 runt?
2104 1963 2242 2030 Quia
2274 1962 2546 2020 Hebraica
2578 1979 2681 2017 vos
2713 1961 3012 2032 ipsissimis
3055 1958 3342 2014 elementis
3371 1971 3469 2012 ex-

1893 2055 2078 2124 primit
2105 2056 2259 2123 illud,
2293 2074 2434 2121 cum,
2465 2065 2519 2114 et
2539 2058 2696 2122 illud,
2723 2057 2948 2125 populus
2973 2071 2992 2108 :
3016 2069 3142 2108 nam
3179 2052 3260 2108 sic
3285 2051 3468 2113 habet,

1892 2162 1976 2201 am
2003 2147 2397 2220 Elohim,quod
2419 2157 2494 2214 et,
2525 2165 2645 2205 cum
2670 2148 2801 2212 Deo,
2835 2154 2916 2212 et,
2953 2145 3176 2216 populus
3227 2143 3345 2210 Dei,
3376 2158 3466 2198 Cl-

1891 2236 2080 2308 plicari
2114 2245 2312 2308 potest.

1959 2350 2012 2404 1.
2037 2349 2390 2406 CANTICUM
2430 2351 2680 2406 PSALM‘!
2716 2349 2918 2406 FlLllS
2955 2350 3139 2408 CORE
3177 2347 3386 2406 XLVII.

1959 2459 2126 2517 Vsus.
2163 2461 2218 2526 2,
2251 2463 2305 2518 5.
2337 2461 2567 2532 Magnus
2593 2461 2854 2516 Dominus
2879 2471 2928 2516 et
2961 2462 3253 2516 laudabilis
3295 2460 3467 2527 valde,

1888 2555 1942 2608 in
1975 2554 2185 2608 civitate
2219 2553 2312 2608 Dei
2342 2555 2533 2619 nostri,
2562 2556 2613 2609 in
2643 2563 2815 2608 monte
2837 2564 3022 2610 sancto
3055 2555 3191 2623 ejus,
3236 2553 3360 2609 bene
3384 2571 3466 2606 ra-

1887 2647 2098 2709 dicato;
2121 2647 2446 2716 jubilatione
2480 2647 2739 2700 universa:
2766 2656 2944 2712 terrw,
2979 2659 3184 2700 montes
3211 2645 3361 2709 Sion,
3388 2645 3465 2698 la-

1889 2747 2002 2790 tera
2055 2737 2344 2807 aquilonis,
2383 2737 2570 2790 civitas
2620 2736 2756 2806 regis
2813 2737 3012 2806 magni.
3077 2735 3212 2790 Tres
3260 2737 3464 2806 priores

1890 2827 2108 2899 psalmi,
2147 2828 2240 2898 qui
2271 2829 2506 2897 [illorum
2543 2827 2676 2883 Core
2710 2829 2956 2898 inscripti
2991 2835 3143 2888 sunt.
3185 2827 3457 2880 calamita-

1888 2923 1961 2977 tis
1991 2919 2312 2990 dolorisque
2341 2922 2504 2975 verba
2540 2921 2984 2990 complectuntur
3011 2938 3025 2974 :
3057 2925 3294 2987 quartus
3344 2931 3464 2970 mtt-

1889 3012 2621 3081 tationeminjucundioretn
2645 3019 2846 3067 statum
2873 3010 3214 3082 signiﬁcabat
3239 3029 3251 3062 :
3276 3023 3465 3080 quare,

1890 3100 2169 3156 Canticum
2205 3117 2299 3170 pro
2323 3101 2512 3155 dilecto
2540 3142 2556 3164 ,
2582 3103 2940 3168 inscribitur;
2982 3101 3231 3155 similiter
3247 3101 3464 3170 quintus

1889 3209 1983 3263 pro
2006 3193 2227 3246 occultis
2244 3203 2362 3247 erat
2392 3211 2403 3246 :
2436 3201 2624 3248 sextus
2649 3194 2776 3247 item
2803 3191 3055 3247 similiter
3073 3191 3316 3260 psalmus
3329 3203 3464 3245 erat.

1894 3284 1996 3339 Hic
2027 3300 2180 3350 vero,
2213 3297 2374 3355 quem
2395 3293 2717 3346 tractamus,
2749 3284 3007 3354 majorem
3028 3300 3189 3355 quam
3223 3285 3462 3354 superio-
3564 3282 3579 3297 ’

1888 3392 1977 3431 res
2011 3376 2380 3448 complectens
2417 3376 2940 3446 tlie010giant,jure,
2965 3376 3244 3432 Canticum
3277 3378 3470 3444 psalmi

1887 3467 2016 3538 ﬁliis
2043 3465 2196 3530 Core,
2235 3466 2532 3536 inscriptus
2557 3475 2644 3521 est
2679 3485 2692 3519 :
2728 3480 2834 3519 una
2867 3467 3012 3521 enim
3053 3468 3129 3522 illi
3159 3469 3385 3525 vocibus
3415 3477 3463 3524 et

1887 3557 2127 3611 clamore
2181 3555 2350 3611 Deum
2398 3557 2786 3623 celebrabant;
2821 3558 2874 3611 lti
2924 3573 3053 3613 vero
3090 3559 3464 3635 instrumentis

1887 3647 2116 3701 musicis
2149 3647 2289 3702 idem
2321 3649 2614 3717 pulsabant
2643 3651 2942 3712 canticum,
2979 3664 3088 3704 uno
3111 3663 3380 3706 concentu
3405 3667 3462 3708 ar

1887 3737 2262 3793 modulatione
2327 3738 2673 3792 harmoniam
2723 3741 3140 3796 concinnantes.
3195 3741 3464 3813 Hymnnm

1889 3842 2020 3881 vero
2048 3841 2155 3897 pro
2178 3827 2422 3882 Ecclesia
2454 3829 2709 3883 emittunt
2738 3831 2810 3893 ei,
2842 3832 2936 3901 qui
2982 3831 3050 3887 de
3080 3833 3318 3886 inimicis
3357 3835 3459 3888 vic-

1889 3921 2085 3974 toriam
2108 3922 2430 3990 reportavit,
2460 3929 2514 3976 et
2548 3919 2847 3976 Ecclesiam
2873 3939 3028 3978 suam
3051 3923 3120 3980 ab
3150 3926 3346 3981 acerba
3379 3926 3466 3980 ills

1888 4023 1941 4067 et
1970 4013 2105 4066 dura
2136 4012 2399 4068 servitute
2431 4013 2702 4070 liberavit.
2744 4012 3070 4071 Praecedens
3110 4018 3292 4086 itaque
3321 4018 3462 4086 psal-

1888 4119 2012 4158 mus
2041 4105 2296 4174 gentibus
2327 4105 2706 4174 praecipiebat,
2741 4115 2800 4162 ut
2833 4108 3151 4178 plauderent
3172 4118 3226 4165 et
3258 4111 3461 4178 jubilav

1887 4207 2011 4252 rent
2045 4197 2156 4252 Deo
2179 4198 2234 4251 in
2277 4212 2410 4252 voce
2449 4199 2860 4265 exsultationis,
2898 4214 2962 4254 ac
3012 4203 3303 4272 psallerent
3339 4204 3465 4274 ipsi,

1887 4290 2140 4361 quoniam
2191 4303 2281 4343 rex
2326 4291 2494 4344 omnis
2547 4299 2704 4345 terra:
2758 4289 2901 4344 Deus
2935 4307 2953 4344 :
2985 4293 3282 4362 psallerent
3339 4295 3466 4350 item

1888 4383 2184 4452 sapienter,
2220 4381 2349 4450 quia
2387 4382 2636 4452 regnat-it
2658 4383 2711 4436 in
2757 4389 2970 4451 gentes.
2999 4382 3256 4453 Oportuit
3285 4395 3465 4441 autem

1885 4475 2073 4544 jussos
2111 4474 2302 4530 istlncc
2335 4489 2514 4545 agere,
2545 4483 2709 4543 atque
2737 4473 3082 4543 jubilitiouis
3119 4475 3339 4530 modum
3382 4477 3466 4547 ip-

1890 4584 2121 4638 sumque
2147 4568 2417 4640 psalmum
2447 4571 2607 4640 quasi
2638 4584 2668 4622 a
2707 4567 2971 4638 magistro
3023 4568 3301 4633 ediscere;
3331 4584 3470 4636 qua-

1889 4673 2162 4732 proptere
2182 4677 2240 4717 re
2268 4677 2510 4732 praesens
2539 4673 2723 4715 sermo
2749 4657 2803 4712 id
2854 4657 3066 4712 edocet.
3099 4656 3468 4716 Instituuntur

1891 4755 2075 4824 itaque
2101 4763 2311 4824 gentes,
2345 4769 2410 4808 ex
2442 4753 2724 4822 impietate
2761 4751 2826 4804 ad
2872 4748 3112 4804 divinam
3153 4750 3463 4807 doctrinam

1891 4846 2190 4908 translatae,
2223 4851 2282 4898 ut
2312 4843 2601 4898 Dominum
2639 4842 2840 4899 divinis
2880 4843 3044 4897 dictis
3092 4842 3367 4898 celebrent
3403 4856 3466 4898 ac

1889 4935 2113 4990 dicant:
2139 4932 2369 5004 Magnus
2403 4933 2664 4988 Dominus
2701 4942 2750 4988 et
2789 4933 3078 4988 laudabilis
3105 4933 3288 4996 valde;
3317 4936 3463 5000 sive,

1887 5035 1936 5082 et
1968 5025 2311 5082 celebrandas
2346 5024 2518 5090 valde,
2548 5026 2861 5082 secundum
2883 5027 3142 5096 reliquos.
3165 5024 3342 5081 Probe
3370 5041 3466 5080 au-

1891 5128 2000 5173 tem
2049 5119 2323 5189 intelligas
2354 5133 2525 5188 quare
2567 5133 2799 5189 magnus
2821 5118 3073 5184 dicatur,
3103 5119 3152 5175 sl
3197 5119 3466 5189 respicias

1890 5213 1945 5266 in
1968 5212 2169 5266 celum
2190 5250 2206 5275 ,
2241 5210 2288 5265 si
2335 5219 2510 5264 totum
2556 5211 2745 5266 orbem
2791 5210 3230 5280 circumspicias,
3264 5223 3465 5265 secum

1891 5301 2020 5359 dum
2101 5302 2297 5358 Isaiam
2368 5303 2448 5358 sic
2505 5302 3134 5374 loquentemzAttollite
3193 5303 3249 5356 in
3295 5300 3466 5355 altum

1894 5393 2080 5452 oculos
2101 5401 2320 5456 vestros,
2348 5400 2399 5446 et
2426 5392 2594 5446 videte
2615 5391 2731 5461 quis
2761 5391 2989 5446 ostentm
3013 5389 3124 5444 hac
3147 5387 3326 5442 omnia
3355 5400 3375 5438 :
3402 5398 3468 5438 ea:

1891 5485 2255 5558 magnitudine
2278 5487 2425 5541 enim
2449 5495 2817 5540 creaturarum
2836 5523 2850 5546 ,
2881 5482 3215 5552 proportione
3233 5475 3467 5554 quadarn

1891 5590 2102 5636 creator
2131 5579 2531 5649 conspicitur“;
2567 5591 2674 5632 non
2734 5573 3111 5646 magnitudine
3160 5581 3424 5638 corporea
3446 5605 3463 5628 ,

1895 5672 1991 5730 sed
2014 5670 2560 5745 incomprehensibili
2593 5670 2796 5726 virtute
2821 5685 2836 5734 ;
2871 5666 2980 5720 imo
3009 5665 3174 5721 etiam
3201 5660 3466 5731 sapientis
