  <div class='ocr_page' id='page_1' title='image "/cluster/home/n/w/nwhite01/storage/ocr_20150623/23/hvd.32044019207711/240.png"; bbox 0 0 4010 6604; ppageno 0'>
   <div class='ocr_carea' id='block_1_1' title="bbox 210 402 1830 502">
    <p class='ocr_par' dir='ltr' id='par_1_1' title="bbox 210 402 1830 468">
     <span class='ocr_line' id='line_1_1' title="bbox 210 402 1830 468; baseline 0.007 -10"><span class='ocrx_word' id='word_1_1' title='bbox 210 402 344 459; x_wconf 60' lang='grc'><strong>821</strong></span> <span class='ocrx_word' id='word_1_2' title='bbox 1402 411 1830 468; x_wconf 73' lang='lat' dir='ltr'><strong>(IOMMENTAR</strong></span> 
     </span>
    </p>
   </div>
   <div class='ocr_carea' id='block_1_2' title="bbox 1942 402 3546 502">
    <p class='ocr_par' dir='ltr' id='par_1_2' title="bbox 1948 415 3546 502">
     <span class='ocr_line' id='line_1_2' title="bbox 1948 415 3546 502; baseline 0.006 -34"><span class='ocrx_word' id='word_1_3' title='bbox 1948 415 2015 469; x_wconf 89' lang='lat' dir='ltr'><strong>lN</strong></span> <span class='ocrx_word' id='word_1_4' title='bbox 2056 415 2394 502; x_wconf 72' lang='grc' dir='ltr'>ιιεΑωιοε.</span> <span class='ocrx_word' id='word_1_5' title='bbox 3433 438 3546 499; x_wconf 60' lang='grc' dir='ltr'><strong>η,</strong></span> 
     </span>
    </p>
   </div>
   <div class='ocr_carea' id='block_1_3' title="bbox 227 519 1830 611">
    <p class='ocr_par' dir='ltr' id='par_1_3' title="bbox 227 519 1830 601">
     <span class='ocr_line' id='line_1_3' title="bbox 227 519 1830 601; baseline 0.005 -26"><span class='ocrx_word' id='word_1_6' title='bbox 227 519 356 588; x_wconf 63' lang='grc' dir='ltr'>τὰρ</span> <span class='ocrx_word' id='word_1_7' title='bbox 386 522 595 577; x_wconf 66' lang='grc' dir='ltr'><em>ἄλλον</em></span> <span class='ocrx_word' id='word_1_8' title='bbox 616 522 818 591; x_wconf 72' lang='grc' dir='ltr'>οὐδεὶς</span> <span class='ocrx_word' id='word_1_9' title='bbox 840 524 1088 581; x_wconf 77' lang='grc' dir='ltr'>δύναται</span> <span class='ocrx_word' id='word_1_10' title='bbox 1119 527 1305 581; x_wconf 83' lang='grc' dir='ltr'>θεῖναι</span> <span class='ocrx_word' id='word_1_11' title='bbox 1338 529 1499 597; x_wconf 75' lang='grc' dir='ltr'>παρὰ</span> <span class='ocrx_word' id='word_1_12' title='bbox 1528 529 1636 582; x_wconf 68' lang='grc' dir='ltr'>τὸν</span> <span class='ocrx_word' id='word_1_13' title='bbox 1665 532 1830 601; x_wconf 78' lang='grc' dir='ltr'>κείμε</span> 
     </span>
    </p>
   </div>
   <div class='ocr_carea' id='block_1_4' title="bbox 1942 519 3495 611">
    <p class='ocr_par' dir='ltr' id='par_1_4' title="bbox 1963 534 3495 611">
     <span class='ocr_line' id='line_1_4' title="bbox 1963 534 3495 611; baseline 0.016 -26"><span class='ocrx_word' id='word_1_14' title='bbox 1963 542 2040 586; x_wconf 86' lang='lat' dir='ltr'><strong>ter</strong></span> <span class='ocrx_word' id='word_1_15' title='bbox 2068 534 2121 586; x_wconf 86' lang='lat' dir='ltr'><strong>id</strong></span> <span class='ocrx_word' id='word_1_16' title='bbox 2158 536 2296 605; x_wconf 85' lang='lat' dir='ltr'><strong>quod</strong></span> <span class='ocrx_word' id='word_1_17' title='bbox 2332 538 2561 607; x_wconf 83' lang='lat' dir='ltr'><strong>positum</strong></span> <span class='ocrx_word' id='word_1_18' title='bbox 2598 548 2698 605; x_wconf 89' lang='lat' dir='ltr'><strong>est,</strong></span> <span class='ocrx_word' id='word_1_19' title='bbox 2730 538 2868 611; x_wconf 86' lang='lat' dir='ltr'><strong>quod</strong></span> <span class='ocrx_word' id='word_1_20' title='bbox 2893 553 2969 599; x_wconf 87' lang='lat' dir='ltr'><strong>est</strong></span> <span class='ocrx_word' id='word_1_21' title='bbox 2992 545 3148 603; x_wconf 73' lang='lat' dir='ltr'><strong>Iesus</strong></span> <span class='ocrx_word' id='word_1_22' title='bbox 3179 547 3420 607; x_wconf 83' lang='lat' dir='ltr'><strong>Christus</strong></span> <span class='ocrx_word' id='word_1_23' title='bbox 3450 554 3495 586; x_wconf 90' lang='grc'><strong>¹³</strong></span> 
     </span>
    </p>
   </div>
   <div class='ocr_carea' id='block_1_5' title="bbox 225 614 1830 699">
    <p class='ocr_par' dir='ltr' id='par_1_5' title="bbox 225 614 1827 692">
     <span class='ocr_line' id='line_1_5' title="bbox 225 614 1827 692; baseline 0.006 -27"><span class='ocrx_word' id='word_1_24' title='bbox 225 627 356 665; x_wconf 57' lang='grc' dir='ltr'><strong>νον</strong></span> <span class='ocrx_word' id='word_1_25' title='bbox 384 654 403 678; x_wconf 90' lang='grc'><strong>,</strong></span> <span class='ocrx_word' id='word_1_26' title='bbox 446 614 513 680; x_wconf 88' lang='grc' dir='ltr'>ὅς</span> <span class='ocrx_word' id='word_1_27' title='bbox 537 615 712 668; x_wconf 87' lang='grc' dir='ltr'>ἐστιν</span> <span class='ocrx_word' id='word_1_28' title='bbox 754 617 983 686; x_wconf 80' lang='grc' dir='ltr'>Ἰησοῦς</span> <span class='ocrx_word' id='word_1_29' title='bbox 1006 619 1261 687; x_wconf 78' lang='grc' dir='ltr'>Χριστός</span> <span class='ocrx_word' id='word_1_30' title='bbox 1282 637 1294 649; x_wconf 74' lang='grc' dir='ltr'><strong>ο</strong></span> <span class='ocrx_word' id='word_1_31' title='bbox 1328 620 1420 671; x_wconf 72' lang='grc' dir='ltr'><strong>καὶ</strong></span> <span class='ocrx_word' id='word_1_32' title='bbox 1461 619 1771 692; x_wconf 80' lang='grc' dir='ltr'>ἁγαλλίαμα</span> <span class='ocrx_word' id='word_1_33' title='bbox 1800 621 1827 674; x_wconf 81' lang='grc' dir='ltr'>δ</span> 
     </span>
    </p>
   </div>
   <div class='ocr_carea' id='block_1_6' title="bbox 1942 614 3156 699">
    <p class='ocr_par' dir='ltr' id='par_1_6' title="bbox 1961 625 3156 699">
     <span class='ocr_line' id='line_1_6' title="bbox 1961 625 3156 699; baseline 0.012 -20"><span class='ocrx_word' id='word_1_34' title='bbox 1961 625 2203 699; x_wconf 88' lang='lat' dir='ltr'><strong>itemque</strong></span> <span class='ocrx_word' id='word_1_35' title='bbox 2232 631 2530 687; x_wconf 76' lang='lat' dir='ltr'><strong>exsultatio</strong></span> <span class='ocrx_word' id='word_1_36' title='bbox 2561 642 2644 688; x_wconf 90' lang='lat' dir='ltr'><strong>est</strong></span> <span class='ocrx_word' id='word_1_37' title='bbox 2680 635 2951 696; x_wconf 78' lang='lat' dir='ltr'><strong>universa:</strong></span> <span class='ocrx_word' id='word_1_38' title='bbox 2981 646 3156 696; x_wconf 75' lang='lat' dir='ltr'><strong>terrae.</strong></span> 
     </span>
    </p>
   </div>
   <div class='ocr_carea' id='block_1_7' title="bbox 224 706 1023 781">
    <p class='ocr_par' dir='ltr' id='par_1_7' title="bbox 224 706 1023 781">
     <span class='ocr_line' id='line_1_7' title="bbox 224 706 1023 781; baseline 0.011 -25"><span class='ocrx_word' id='word_1_39' title='bbox 224 706 520 775; x_wconf 62' lang='grc' dir='ltr'>τυγχάνει</span> <span class='ocrx_word' id='word_1_40' title='bbox 556 708 738 780; x_wconf 83' lang='grc' dir='ltr'>πάσης</span> <span class='ocrx_word' id='word_1_41' title='bbox 770 710 869 781; x_wconf 84' lang='grc' dir='ltr'>τῆς</span> <span class='ocrx_word' id='word_1_42' title='bbox 900 712 1023 781; x_wconf 84' lang='grc' dir='ltr'>γῆς.</span> 
     </span>
    </p>
   </div>
   <div class='ocr_carea' id='block_1_8' title="bbox 311 800 1854 879">
    <p class='ocr_par' dir='ltr' id='par_1_8' title="bbox 311 800 1854 879">
     <span class='ocr_line' id='line_1_8' title="bbox 311 800 1854 879; baseline 0.005 -27"><span class='ocrx_word' id='word_1_43' title='bbox 311 800 408 853; x_wconf 77' lang='grc' dir='ltr'><strong>Τὰ</strong></span> <span class='ocrx_word' id='word_1_44' title='bbox 450 800 681 868; x_wconf 79' lang='grc' dir='ltr'>πλευρὰ</span> <span class='ocrx_word' id='word_1_45' title='bbox 710 801 819 855; x_wconf 82' lang='grc' dir='ltr'><strong>τοῦ</strong></span> <span class='ocrx_word' id='word_1_46' title='bbox 844 803 1056 871; x_wconf 79' lang='grc' dir='ltr'><strong>Βορῤιῖ.</strong></span> <span class='ocrx_word' id='word_1_47' title='bbox 1088 806 1288 876; x_wconf 82' lang='grc' dir='ltr'><strong>Διόπερ</strong></span> <span class='ocrx_word' id='word_1_48' title='bbox 1318 805 1411 859; x_wconf 76' lang='grc' dir='ltr'><strong>καὶ</strong></span> <span class='ocrx_word' id='word_1_49' title='bbox 1434 806 1502 860; x_wconf 74' lang='grc' dir='ltr'>τὰ</span> <span class='ocrx_word' id='word_1_50' title='bbox 1531 806 1740 879; x_wconf 80' lang='grc' dir='ltr'>πλευρὰ</span> <span class='ocrx_word' id='word_1_51' title='bbox 1760 807 1854 861; x_wconf 87' lang='grc' dir='ltr'><strong>τοῦ</strong></span> 
     </span>
    </p>
   </div>
   <div class='ocr_carea' id='block_1_9' title="bbox 221 890 1830 980">
    <p class='ocr_par' dir='ltr' id='par_1_9' title="bbox 221 890 1830 969">
     <span class='ocr_line' id='line_1_9' title="bbox 221 890 1830 969; baseline 0.003 -26"><span class='ocrx_word' id='word_1_52' title='bbox 221 890 444 962; x_wconf 72' lang='grc' dir='ltr'><strong>Βορῤἄ</strong></span> <span class='ocrx_word' id='word_1_53' title='bbox 475 892 698 964; x_wconf 82' lang='grc' dir='ltr'><strong>ἐπέχειν</strong></span> <span class='ocrx_word' id='word_1_54' title='bbox 730 894 966 963; x_wconf 82' lang='grc' dir='ltr'>λέγεται.</span> <span class='ocrx_word' id='word_1_55' title='bbox 1025 898 1185 969; x_wconf 81' lang='grc' dir='ltr'>Παρὰ</span> <span class='ocrx_word' id='word_1_56' title='bbox 1212 899 1310 968; x_wconf 85' lang='grc' dir='ltr'>μὲν</span> <span class='ocrx_word' id='word_1_57' title='bbox 1342 895 1436 952; x_wconf 76' lang='grc' dir='ltr'><strong>οὖν</strong></span> <span class='ocrx_word' id='word_1_58' title='bbox 1467 903 1580 963; x_wconf 79' lang='grc' dir='ltr'>τοῖς</span> <span class='ocrx_word' id='word_1_59' title='bbox 1605 900 1830 953; x_wconf 80' lang='grc' dir='ltr'>παλαιοῖ.</span> 
     </span>
    </p>
   </div>
   <div class='ocr_carea' id='block_1_10' title="bbox 1942 890 3528 980">
    <p class='ocr_par' dir='ltr' id='par_1_10' title="bbox 1956 890 3528 980">
     <span class='ocr_line' id='line_1_10' title="bbox 1956 890 3528 980; baseline 0.011 -25"><span class='ocrx_word' id='word_1_60' title='bbox 1956 901 2085 957; x_wconf 89' lang='lat' dir='ltr'><strong>bere</strong></span> <span class='ocrx_word' id='word_1_61' title='bbox 2129 902 2322 958; x_wconf 78' lang='lat' dir='ltr'><strong>fertur.</strong></span> <span class='ocrx_word' id='word_1_62' title='bbox 2376 901 2653 974; x_wconf 87' lang='lat' dir='ltr'><strong>Siquidem</strong></span> <span class='ocrx_word' id='word_1_63' title='bbox 2700 907 2843 978; x_wconf 90' lang='lat' dir='ltr'><strong>apud</strong></span> <span class='ocrx_word' id='word_1_64' title='bbox 2893 890 3151 980; x_wconf 83' lang='lat' dir='ltr'><strong>antiquos</strong></span> <span class='ocrx_word' id='word_1_65' title='bbox 3207 913 3528 975; x_wconf 78' lang='lat' dir='ltr'><strong>dicebatur:</strong></span> 
     </span>
    </p>
   </div>
   <div class='ocr_carea' id='block_1_11' title="bbox 219 982 1830 1062">
    <p class='ocr_par' dir='ltr' id='par_1_11' title="bbox 219 982 1829 1056">
     <span class='ocr_line' id='line_1_11' title="bbox 219 982 1829 1056; baseline 0.006 -22"><span class='ocrx_word' id='word_1_66' title='bbox 219 982 477 1052; x_wconf 69' lang='grc' dir='ltr'>ἐλέγετο</span> <span class='ocrx_word' id='word_1_67' title='bbox 500 1001 515 1017; x_wconf 88' lang='grc'><strong>·</strong></span> <span class='ocrx_word' id='word_1_68' title='bbox 588 984 721 1039; x_wconf 78' lang='grc' dir='ltr'><strong>Ἀπὸ</strong></span> <span class='ocrx_word' id='word_1_69' title='bbox 754 984 951 1055; x_wconf 78' lang='grc' dir='ltr'><strong>Βορῤᾶ</strong></span> <span class='ocrx_word' id='word_1_70' title='bbox 981 987 1420 1056; x_wconf 75' lang='grc' dir='ltr'><strong>ἐκκαυθήσεται</strong></span> <span class='ocrx_word' id='word_1_71' title='bbox 1449 991 1522 1045; x_wconf 84' lang='grc' dir='ltr'>τὰ</span> <span class='ocrx_word' id='word_1_72' title='bbox 1568 991 1723 1046; x_wconf 85' lang='grc' dir='ltr'><em>κακὰ</em></span> <span class='ocrx_word' id='word_1_73' title='bbox 1753 992 1829 1045; x_wconf 79' lang='grc' dir='ltr'>ἐπ</span> 
     </span>
    </p>
   </div>
   <div class='ocr_carea' id='block_1_12' title="bbox 1942 982 3528 1062">
    <p class='ocr_par' dir='ltr' id='par_1_12' title="bbox 1953 993 3528 1062">
     <span class='ocr_line' id='line_1_12' title="bbox 1953 993 3528 1062; baseline 0.011 -16"><span class='ocrx_word' id='word_1_74' title='bbox 1953 994 1997 1046; x_wconf 87' lang='grc' dir='ltr'><em>Α</em></span> <span class='ocrx_word' id='word_1_75' title='bbox 2038 993 2195 1049; x_wconf 85' lang='lat' dir='ltr'><strong><em>borea</em></strong></span> <span class='ocrx_word' id='word_1_76' title='bbox 2237 996 2588 1051; x_wconf 85' lang='lat' dir='ltr'><strong>aceendentur</strong></span> <span class='ocrx_word' id='word_1_77' title='bbox 2617 999 2761 1053; x_wconf 87' lang='lat' dir='ltr'><strong>mala</strong></span> <span class='ocrx_word' id='word_1_78' title='bbox 2805 1000 2859 1053; x_wconf 89' lang='lat' dir='ltr'><strong>in</strong></span> <span class='ocrx_word' id='word_1_79' title='bbox 2892 1017 3069 1057; x_wconf 87' lang='lat' dir='ltr'><strong>omnes</strong></span> <span class='ocrx_word' id='word_1_80' title='bbox 3099 1003 3392 1062; x_wconf 81' lang='lat' dir='ltr'><strong>habitantes</strong></span> <span class='ocrx_word' id='word_1_81' title='bbox 3431 1019 3528 1062; x_wconf 82' lang='lat' dir='ltr'><strong>ter-</strong></span> 
     </span>
    </p>
   </div>
   <div class='ocr_carea' id='block_1_13' title="bbox 218 1074 1830 1160">
    <p class='ocr_par' dir='ltr' id='par_1_13' title="bbox 218 1074 1830 1151">
     <span class='ocr_line' id='line_1_13' title="bbox 218 1074 1830 1151; baseline 0.007 -25"><span class='ocrx_word' id='word_1_82' title='bbox 218 1074 495 1142; x_wconf 77' lang='grc' dir='ltr'>πάντας</span> <span class='ocrx_word' id='word_1_83' title='bbox 522 1075 665 1143; x_wconf 83' lang='grc' dir='ltr'>τοὺς</span> <span class='ocrx_word' id='word_1_84' title='bbox 697 1077 1126 1146; x_wconf 80' lang='grc' dir='ltr'><strong>κατοικοῦντας</strong></span> <span class='ocrx_word' id='word_1_85' title='bbox 1158 1080 1273 1150; x_wconf 78' lang='grc' dir='ltr'>τὴν</span> <span class='ocrx_word' id='word_1_86' title='bbox 1302 1081 1441 1151; x_wconf 76' lang='grc' dir='ltr'>γῆν.</span> <span class='ocrx_word' id='word_1_87' title='bbox 1512 1083 1665 1137; x_wconf 78' lang='grc' dir='ltr'>Ἐπεὶ</span> <span class='ocrx_word' id='word_1_88' title='bbox 1709 1083 1767 1137; x_wconf 84' lang='grc' dir='ltr'><strong>δὲ</strong></span> <span class='ocrx_word' id='word_1_89' title='bbox 1815 1085 1830 1136; x_wconf 77' lang='lat' dir='ltr'><strong>i</strong></span> 
     </span>
    </p>
   </div>
   <div class='ocr_carea' id='block_1_14' title="bbox 1942 1074 3528 1160">
    <p class='ocr_par' dir='ltr' id='par_1_14' title="bbox 1953 1083 3528 1160">
     <span class='ocr_line' id='line_1_14' title="bbox 1953 1083 3528 1160; baseline 0.011 -25"><span class='ocrx_word' id='word_1_90' title='bbox 1953 1099 2068 1136; x_wconf 86' lang='lat' dir='ltr'><strong>ram</strong></span> <span class='ocrx_word' id='word_1_91' title='bbox 2099 1084 2163 1139; x_wconf 68' lang='grc' dir='ltr'><strong>ιδ.</strong></span> <span class='ocrx_word' id='word_1_92' title='bbox 2199 1083 2466 1150; x_wconf 86' lang='lat' dir='ltr'><strong>Quoniam</strong></span> <span class='ocrx_word' id='word_1_93' title='bbox 2497 1101 2627 1142; x_wconf 89' lang='lat' dir='ltr'><strong>vero</strong></span> <span class='ocrx_word' id='word_1_94' title='bbox 2660 1103 2884 1160; x_wconf 81' lang='lat' dir='ltr'><strong>regnum</strong></span> <span class='ocrx_word' id='word_1_95' title='bbox 2928 1088 3025 1145; x_wconf 89' lang='lat' dir='ltr'><strong>Dei</strong></span> <span class='ocrx_word' id='word_1_96' title='bbox 3070 1092 3124 1146; x_wconf 91' lang='lat' dir='ltr'><strong>in</strong></span> <span class='ocrx_word' id='word_1_97' title='bbox 3172 1101 3319 1150; x_wconf 89' lang='lat' dir='ltr'><strong>terra</strong></span> <span class='ocrx_word' id='word_1_98' title='bbox 3349 1099 3528 1154; x_wconf 84' lang='lat' dir='ltr'><strong>consi-</strong></span> 
     </span>
    </p>
   </div>
   <div class='ocr_carea' id='block_1_15' title="bbox 216 1163 1830 1251">
    <p class='ocr_par' dir='ltr' id='par_1_15' title="bbox 216 1163 1830 1247">
     <span class='ocr_line' id='line_1_15' title="bbox 216 1163 1830 1247; baseline 0.008 -30"><span class='ocrx_word' id='word_1_99' title='bbox 216 1163 507 1235; x_wconf 77' lang='grc' dir='ltr'>βασιλεία</span> <span class='ocrx_word' id='word_1_100' title='bbox 539 1167 632 1221; x_wconf 89' lang='grc' dir='ltr'><strong>τοῦ</strong></span> <span class='ocrx_word' id='word_1_101' title='bbox 660 1167 793 1221; x_wconf 82' lang='grc' dir='ltr'>Θεοῦ</span> <span class='ocrx_word' id='word_1_102' title='bbox 815 1211 829 1236; x_wconf 88' lang='grc'><strong>,</strong></span> <span class='ocrx_word' id='word_1_103' title='bbox 860 1170 953 1223; x_wconf 76' lang='grc' dir='ltr'><strong>ἐπὶ</strong></span> <span class='ocrx_word' id='word_1_104' title='bbox 981 1171 1084 1241; x_wconf 79' lang='grc' dir='ltr'><strong>τῆς</strong></span> <span class='ocrx_word' id='word_1_105' title='bbox 1106 1172 1210 1243; x_wconf 78' lang='grc' dir='ltr'>γῆς</span> <span class='ocrx_word' id='word_1_106' title='bbox 1236 1175 1501 1239; x_wconf 83' lang='grc' dir='ltr'><strong>συστᾶσα,</strong></span> <span class='ocrx_word' id='word_1_107' title='bbox 1528 1176 1695 1247; x_wconf 69' lang='grc' dir='ltr'>ἤλασε</span> <span class='ocrx_word' id='word_1_108' title='bbox 1721 1177 1830 1241; x_wconf 76' lang='grc' dir='ltr'>τοὺς</span> 
     </span>
    </p>
   </div>
   <div class='ocr_carea' id='block_1_16' title="bbox 1942 1163 3526 1251">
    <p class='ocr_par' dir='ltr' id='par_1_16' title="bbox 1952 1175 3526 1251">
     <span class='ocr_line' id='line_1_16' title="bbox 1952 1175 3526 1251; baseline 0.01 -22"><span class='ocrx_word' id='word_1_109' title='bbox 1952 1181 2124 1239; x_wconf 88' lang='lat' dir='ltr'><strong>stens,</strong></span> <span class='ocrx_word' id='word_1_110' title='bbox 2159 1175 2365 1244; x_wconf 75' lang='lat' dir='ltr'><strong>expulit</strong></span> <span class='ocrx_word' id='word_1_111' title='bbox 2392 1192 2487 1232; x_wconf 92' lang='lat' dir='ltr'><strong>eos</strong></span> <span class='ocrx_word' id='word_1_112' title='bbox 2512 1177 2606 1247; x_wconf 92' lang='lat' dir='ltr'><strong>qui</strong></span> <span class='ocrx_word' id='word_1_113' title='bbox 2640 1178 2811 1233; x_wconf 85' lang='lat' dir='ltr'><strong>latera</strong></span> <span class='ocrx_word' id='word_1_114' title='bbox 2858 1182 3131 1251; x_wconf 82' lang='lat' dir='ltr'><strong>aquilonis</strong></span> <span class='ocrx_word' id='word_1_115' title='bbox 3163 1185 3293 1240; x_wconf 89' lang='lat' dir='ltr'><strong>olim</strong></span> <span class='ocrx_word' id='word_1_116' title='bbox 3316 1188 3526 1244; x_wconf 86' lang='lat' dir='ltr'><strong>obtine-</strong></span> 
     </span>
    </p>
   </div>
   <div class='ocr_carea' id='block_1_17' title="bbox 222 1258 1830 1351">
    <p class='ocr_par' dir='ltr' id='par_1_17' title="bbox 222 1258 1830 1336">
     <span class='ocr_line' id='line_1_17' title="bbox 222 1258 1830 1336; baseline 0.008 -27"><span class='ocrx_word' id='word_1_117' title='bbox 222 1258 294 1309; x_wconf 76' lang='grc' dir='ltr'><strong>τὰ</strong></span> <span class='ocrx_word' id='word_1_118' title='bbox 332 1258 567 1331; x_wconf 70' lang='grc' dir='ltr'>πλευρὰ</span> <span class='ocrx_word' id='word_1_119' title='bbox 594 1260 689 1313; x_wconf 89' lang='grc' dir='ltr'><strong>τοῦ</strong></span> <span class='ocrx_word' id='word_1_120' title='bbox 719 1261 899 1333; x_wconf 74' lang='grc' dir='ltr'><strong>Βορῤἄ</strong></span> <span class='ocrx_word' id='word_1_121' title='bbox 931 1262 1095 1316; x_wconf 83' lang='grc' dir='ltr'>πάλαι</span> <span class='ocrx_word' id='word_1_122' title='bbox 1125 1266 1462 1336; x_wconf 79' lang='grc' dir='ltr'><strong>κρατοῦντας</strong></span> <span class='ocrx_word' id='word_1_123' title='bbox 1486 1306 1500 1331; x_wconf 90' lang='grc'><strong>,</strong></span> <span class='ocrx_word' id='word_1_124' title='bbox 1533 1268 1627 1320; x_wconf 76' lang='grc' dir='ltr'><strong>καὶ</strong></span> <span class='ocrx_word' id='word_1_125' title='bbox 1660 1268 1751 1323; x_wconf 72' lang='grc' dir='ltr'><strong>τὸν</strong></span> <span class='ocrx_word' id='word_1_126' title='bbox 1788 1269 1830 1322; x_wconf 66' lang='grc' dir='ltr'><strong>ἐπ</strong></span> 
     </span>
    </p>
   </div>
   <div class='ocr_carea' id='block_1_18' title="bbox 1942 1258 3527 1351">
    <p class='ocr_par' dir='ltr' id='par_1_18' title="bbox 1949 1264 3527 1351">
     <span class='ocr_line' id='line_1_18' title="bbox 1949 1264 3527 1351; baseline 0.011 -32"><span class='ocrx_word' id='word_1_127' title='bbox 1949 1264 2100 1329; x_wconf 85' lang='lat' dir='ltr'><strong>bant,</strong></span> <span class='ocrx_word' id='word_1_128' title='bbox 2151 1272 2205 1320; x_wconf 90' lang='lat' dir='ltr'><strong>et</strong></span> <span class='ocrx_word' id='word_1_129' title='bbox 2249 1266 2412 1321; x_wconf 89' lang='lat' dir='ltr'><strong>ollam</strong></span> <span class='ocrx_word' id='word_1_130' title='bbox 2447 1269 2652 1324; x_wconf 86' lang='lat' dir='ltr'><strong>eisdem</strong></span> <span class='ocrx_word' id='word_1_131' title='bbox 2699 1271 3006 1341; x_wconf 87' lang='lat' dir='ltr'><strong>subjectam</strong></span> <span class='ocrx_word' id='word_1_132' title='bbox 3048 1277 3329 1344; x_wconf 76' lang='lat' dir='ltr'><strong>exstinxit,</strong></span> <span class='ocrx_word' id='word_1_133' title='bbox 3365 1288 3527 1351; x_wconf 87' lang='lat' dir='ltr'><strong>atque</strong></span> 
     </span>
    </p>
   </div>
   <div class='ocr_carea' id='block_1_19' title="bbox 213 1350 1830 1437">
    <p class='ocr_par' dir='ltr' id='par_1_19' title="bbox 213 1350 1830 1431">
     <span class='ocr_line' id='line_1_19' title="bbox 213 1350 1830 1431; baseline 0.009 -30"><span class='ocrx_word' id='word_1_134' title='bbox 213 1350 439 1416; x_wconf 76' lang='grc' dir='ltr'>αὐτοῖς</span> <span class='ocrx_word' id='word_1_135' title='bbox 487 1352 687 1423; x_wconf 72' lang='grc' dir='ltr'>λέϐητα</span> <span class='ocrx_word' id='word_1_136' title='bbox 719 1353 809 1407; x_wconf 76' lang='grc' dir='ltr'>τὸν</span> <span class='ocrx_word' id='word_1_137' title='bbox 842 1355 1199 1426; x_wconf 85' lang='grc' dir='ltr'>ὑποκείμενον</span> <span class='ocrx_word' id='word_1_138' title='bbox 1229 1358 1417 1411; x_wconf 78' lang='grc' dir='ltr'>ἔσϐεσε</span> <span class='ocrx_word' id='word_1_139' title='bbox 1440 1400 1457 1423; x_wconf 89' lang='grc'><strong>,</strong></span> <span class='ocrx_word' id='word_1_140' title='bbox 1492 1360 1754 1431; x_wconf 82' lang='grc' dir='ltr'>κρείττων</span> <span class='ocrx_word' id='word_1_141' title='bbox 1785 1380 1830 1415; x_wconf 78' lang='grc' dir='ltr'><strong>τε</strong></span> 
     </span>
    </p>
   </div>
   <div class='ocr_carea' id='block_1_20' title="bbox 1942 1350 3513 1437">
    <p class='ocr_par' dir='ltr' id='par_1_20' title="bbox 1948 1354 3513 1437">
     <span class='ocr_line' id='line_1_20' title="bbox 1948 1354 3513 1437; baseline 0.009 -29"><span class='ocrx_word' id='word_1_142' title='bbox 1948 1354 2016 1409; x_wconf 91' lang='lat' dir='ltr'><strong>iis</strong></span> <span class='ocrx_word' id='word_1_143' title='bbox 2036 1356 2215 1421; x_wconf 88' lang='lat' dir='ltr'><strong>malis,</strong></span> <span class='ocrx_word' id='word_1_144' title='bbox 2242 1372 2361 1426; x_wconf 78' lang='lat' dir='ltr'><strong>qua:</strong></span> <span class='ocrx_word' id='word_1_145' title='bbox 2386 1357 2513 1412; x_wconf 92' lang='lat' dir='ltr'><strong>olim</strong></span> <span class='ocrx_word' id='word_1_146' title='bbox 2540 1359 2756 1413; x_wconf 86' lang='lat' dir='ltr'><strong>boream</strong></span> <span class='ocrx_word' id='word_1_147' title='bbox 2789 1362 3105 1432; x_wconf 88' lang='lat' dir='ltr'><strong>replebant,</strong></span> <span class='ocrx_word' id='word_1_148' title='bbox 3127 1368 3379 1437; x_wconf 87' lang='lat' dir='ltr'><strong>superius</strong></span> <span class='ocrx_word' id='word_1_149' title='bbox 3400 1384 3513 1424; x_wconf 87' lang='lat' dir='ltr'><strong>cva-</strong></span> 
     </span>
    </p>
   </div>
   <div class='ocr_carea' id='block_1_21' title="bbox 216 1439 1830 1528">
    <p class='ocr_par' dir='ltr' id='par_1_21' title="bbox 216 1439 1830 1523">
     <span class='ocr_line' id='line_1_21' title="bbox 216 1439 1830 1523; baseline 0.009 -33"><span class='ocrx_word' id='word_1_150' title='bbox 216 1439 551 1511; x_wconf 75' lang='grc' dir='ltr'>γεγένηται</span> <span class='ocrx_word' id='word_1_151' title='bbox 581 1441 687 1495; x_wconf 81' lang='grc' dir='ltr'><strong>τῶν</strong></span> <span class='ocrx_word' id='word_1_152' title='bbox 702 1443 886 1496; x_wconf 81' lang='grc' dir='ltr'>κακῶν</span> <span class='ocrx_word' id='word_1_153' title='bbox 909 1444 1018 1498; x_wconf 84' lang='grc' dir='ltr'><strong>τῶν</strong></span> <span class='ocrx_word' id='word_1_154' title='bbox 1040 1446 1207 1499; x_wconf 81' lang='grc' dir='ltr'>πάλαι</span> <span class='ocrx_word' id='word_1_155' title='bbox 1230 1448 1322 1501; x_wconf 88' lang='grc' dir='ltr'>τὸν</span> <span class='ocrx_word' id='word_1_156' title='bbox 1348 1449 1558 1522; x_wconf 74' lang='grc' dir='ltr'>Βορρᾶν</span> <span class='ocrx_word' id='word_1_157' title='bbox 1578 1451 1684 1523; x_wconf 86' lang='grc' dir='ltr'><strong>πλη</strong></span> <span class='ocrx_word' id='word_1_158' title='bbox 1694 1452 1830 1523; x_wconf 86' lang='grc' dir='ltr'>ρούν-</span> 
     </span>
    </p>
   </div>
   <div class='ocr_carea' id='block_1_22' title="bbox 1942 1439 3525 1528">
    <p class='ocr_par' dir='ltr' id='par_1_22' title="bbox 1948 1444 3525 1528">
     <span class='ocr_line' id='line_1_22' title="bbox 1948 1444 3525 1528; baseline 0.009 -29"><span class='ocrx_word' id='word_1_159' title='bbox 1948 1444 2058 1511; x_wconf 88' lang='lat' dir='ltr'><strong>sit,</strong></span> <span class='ocrx_word' id='word_1_160' title='bbox 2083 1445 2209 1515; x_wconf 88' lang='lat' dir='ltr'><strong>jure</strong></span> <span class='ocrx_word' id='word_1_161' title='bbox 2243 1461 2404 1501; x_wconf 89' lang='lat' dir='ltr'><strong>mons</strong></span> <span class='ocrx_word' id='word_1_162' title='bbox 2443 1447 2741 1517; x_wconf 66' lang='lat' dir='ltr'><strong>praedictus</strong></span> <span class='ocrx_word' id='word_1_163' title='bbox 2778 1450 2950 1507; x_wconf 85' lang='lat' dir='ltr'><strong>latera</strong></span> <span class='ocrx_word' id='word_1_164' title='bbox 2995 1456 3268 1526; x_wconf 86' lang='lat' dir='ltr'><strong>aquilonis</strong></span> <span class='ocrx_word' id='word_1_165' title='bbox 3301 1469 3525 1528; x_wconf 72' lang='lat' dir='ltr'><strong>praeter-</strong></span> 
     </span>
    </p>
   </div>
   <div class='ocr_carea' id='block_1_23' title="bbox 212 1530 1830 1619">
    <p class='ocr_par' dir='ltr' id='par_1_23' title="bbox 212 1532 1830 1614">
     <span class='ocr_line' id='line_1_23' title="bbox 212 1532 1830 1614; baseline 0.009 -32"><span class='ocrx_word' id='word_1_166' title='bbox 212 1546 341 1583; x_wconf 84' lang='grc' dir='ltr'><strong>των</strong></span> <span class='ocrx_word' id='word_1_167' title='bbox 361 1548 375 1560; x_wconf 86' lang='grc'><strong>·</strong></span> <span class='ocrx_word' id='word_1_168' title='bbox 421 1532 652 1596; x_wconf 81' lang='grc' dir='ltr'><strong>εἰκότως</strong></span> <span class='ocrx_word' id='word_1_169' title='bbox 672 1534 903 1588; x_wconf 80' lang='grc' dir='ltr'>ἐνταῦθα</span> <span class='ocrx_word' id='word_1_170' title='bbox 935 1536 996 1589; x_wconf 86' lang='grc' dir='ltr'><strong>τὸ</strong></span> <span class='ocrx_word' id='word_1_171' title='bbox 1030 1536 1325 1609; x_wconf 82' lang='grc' dir='ltr'>προλεχθὲν</span> <span class='ocrx_word' id='word_1_172' title='bbox 1352 1539 1476 1611; x_wconf 76' lang='grc' dir='ltr'>ὅρος</span> <span class='ocrx_word' id='word_1_173' title='bbox 1505 1542 1710 1614; x_wconf 80' lang='grc' dir='ltr'><strong>διήκειν</strong></span> <span class='ocrx_word' id='word_1_174' title='bbox 1754 1544 1830 1597; x_wconf 81' lang='grc' dir='ltr'><strong>λέ-</strong></span> 
     </span>
    </p>
   </div>
   <div class='ocr_carea' id='block_1_24' title="bbox 1942 1530 3522 1619">
    <p class='ocr_par' dir='ltr' id='par_1_24' title="bbox 1946 1530 3522 1619">
     <span class='ocr_line' id='line_1_24' title="bbox 1946 1530 3522 1619; baseline 0.01 -29"><span class='ocrx_word' id='word_1_175' title='bbox 1946 1530 2093 1606; x_wconf 80' lang='lat' dir='ltr'><strong>gredi</strong></span> <span class='ocrx_word' id='word_1_176' title='bbox 2121 1536 2341 1592; x_wconf 88' lang='lat' dir='ltr'><strong>dicitur.</strong></span> <span class='ocrx_word' id='word_1_177' title='bbox 2378 1537 2832 1610; x_wconf 82' lang='lat' dir='ltr'><strong>Quandoquidem</strong></span> <span class='ocrx_word' id='word_1_178' title='bbox 2867 1552 3048 1599; x_wconf 91' lang='lat' dir='ltr'><strong>autem</strong></span> <span class='ocrx_word' id='word_1_179' title='bbox 3087 1548 3234 1618; x_wconf 85' lang='lat' dir='ltr'><strong>regis</strong></span> <span class='ocrx_word' id='word_1_180' title='bbox 3256 1550 3431 1619; x_wconf 87' lang='lat' dir='ltr'><strong>gratia</strong></span> <span class='ocrx_word' id='word_1_181' title='bbox 3454 1549 3522 1604; x_wconf 83' lang='lat' dir='ltr'><strong>ad</strong></span> 
     </span>
    </p>
   </div>
   <div class='ocr_carea' id='block_1_25' title="bbox 214 1626 1830 1708">
    <p class='ocr_par' dir='ltr' id='par_1_25' title="bbox 214 1626 1830 1708">
     <span class='ocr_line' id='line_1_25' title="bbox 214 1626 1830 1708; baseline 0.01 -35"><span class='ocrx_word' id='word_1_182' title='bbox 214 1638 403 1690; x_wconf 84' lang='grc' dir='ltr'>γεται</span> <span class='ocrx_word' id='word_1_183' title='bbox 445 1626 539 1678; x_wconf 72' lang='grc' dir='ltr'>ἐπὶ</span> <span class='ocrx_word' id='word_1_184' title='bbox 570 1627 638 1679; x_wconf 83' lang='grc' dir='ltr'>τὰ</span> <span class='ocrx_word' id='word_1_185' title='bbox 673 1626 883 1698; x_wconf 80' lang='grc' dir='ltr'>πλευρὰ</span> <span class='ocrx_word' id='word_1_186' title='bbox 911 1627 1004 1681; x_wconf 87' lang='grc' dir='ltr'><strong>τοῦ</strong></span> <span class='ocrx_word' id='word_1_187' title='bbox 1036 1630 1239 1702; x_wconf 79' lang='grc' dir='ltr'><strong>Βορῤἄ.</strong></span> <span class='ocrx_word' id='word_1_188' title='bbox 1288 1633 1439 1685; x_wconf 76' lang='grc' dir='ltr'>Ἐπεὶ</span> <span class='ocrx_word' id='word_1_189' title='bbox 1470 1633 1525 1686; x_wconf 77' lang='grc' dir='ltr'><strong>δὲ</strong></span> <span class='ocrx_word' id='word_1_190' title='bbox 1556 1636 1648 1688; x_wconf 76' lang='grc' dir='ltr'><strong>καὶ</strong></span> <span class='ocrx_word' id='word_1_191' title='bbox 1681 1636 1830 1708; x_wconf 82' lang='grc' dir='ltr'>μέχρι</span> 
     </span>
    </p>
   </div>
   <div class='ocr_carea' id='block_1_26' title="bbox 1942 1626 3524 1708">
    <p class='ocr_par' dir='ltr' id='par_1_26' title="bbox 1943 1632 3524 1705">
     <span class='ocr_line' id='line_1_26' title="bbox 1943 1632 3524 1705; baseline 0.009 -24"><span class='ocrx_word' id='word_1_192' title='bbox 1943 1642 2039 1683; x_wconf 89' lang='lat' dir='ltr'><strong>eas</strong></span> <span class='ocrx_word' id='word_1_193' title='bbox 2069 1644 2241 1699; x_wconf 89' lang='lat' dir='ltr'><strong>usque</strong></span> <span class='ocrx_word' id='word_1_194' title='bbox 2264 1637 2475 1700; x_wconf 78' lang='lat' dir='ltr'><strong>gentes,</strong></span> <span class='ocrx_word' id='word_1_195' title='bbox 2501 1645 2622 1699; x_wconf 66' lang='lat' dir='ltr'><strong>quae</strong></span> <span class='ocrx_word' id='word_1_196' title='bbox 2651 1632 2779 1686; x_wconf 88' lang='lat' dir='ltr'><strong>olim</strong></span> <span class='ocrx_word' id='word_1_197' title='bbox 2814 1634 3114 1692; x_wconf 69' lang='lat' dir='ltr'><strong>idololatrze</strong></span> <span class='ocrx_word' id='word_1_198' title='bbox 3141 1648 3320 1705; x_wconf 84' lang='lat' dir='ltr'><strong>erant,</strong></span> <span class='ocrx_word' id='word_1_199' title='bbox 3354 1640 3524 1697; x_wconf 78' lang='lat' dir='ltr'><strong>eli‘usa</strong></span> 
     </span>
    </p>
   </div>
   <div class='ocr_carea' id='block_1_27' title="bbox 211 1715 1830 1798">
    <p class='ocr_par' dir='ltr' id='par_1_27' title="bbox 211 1715 1830 1795">
     <span class='ocr_line' id='line_1_27' title="bbox 211 1715 1830 1795; baseline 0.009 -30"><span class='ocrx_word' id='word_1_200' title='bbox 211 1715 340 1767; x_wconf 80' lang='grc' dir='ltr'>τῶν</span> <span class='ocrx_word' id='word_1_201' title='bbox 397 1716 575 1771; x_wconf 79' lang='grc' dir='ltr'>πάλαι</span> <span class='ocrx_word' id='word_1_202' title='bbox 610 1719 1014 1791; x_wconf 85' lang='grc' dir='ltr'>εἰδωλολατρῶν</span> <span class='ocrx_word' id='word_1_203' title='bbox 1044 1721 1215 1775; x_wconf 78' lang='grc' dir='ltr'>ἐθνῶν</span> <span class='ocrx_word' id='word_1_204' title='bbox 1244 1725 1276 1794; x_wconf 82' lang='grc' dir='ltr'>ἡ</span> <span class='ocrx_word' id='word_1_205' title='bbox 1310 1724 1404 1777; x_wconf 86' lang='grc' dir='ltr'><strong>τοῦ</strong></span> <span class='ocrx_word' id='word_1_206' title='bbox 1441 1725 1702 1795; x_wconf 83' lang='grc' dir='ltr'>βασιλέως</span> <span class='ocrx_word' id='word_1_207' title='bbox 1728 1728 1830 1793; x_wconf 69' lang='grc' dir='ltr'>ἔξει</span> 
     </span>
    </p>
   </div>
   <div class='ocr_carea' id='block_1_28' title="bbox 1942 1715 3523 1798">
    <p class='ocr_par' dir='ltr' id='par_1_28' title="bbox 1943 1721 3523 1798">
     <span class='ocr_line' id='line_1_28' title="bbox 1943 1721 3523 1798; baseline 0.009 -25"><span class='ocrx_word' id='word_1_208' title='bbox 1943 1726 2067 1787; x_wconf 87' lang='lat' dir='ltr'><strong>cst,</strong></span> <span class='ocrx_word' id='word_1_209' title='bbox 2109 1734 2173 1774; x_wconf 89' lang='lat' dir='ltr'><strong>ac</strong></span> <span class='ocrx_word' id='word_1_210' title='bbox 2224 1721 2528 1776; x_wconf 88' lang='lat' dir='ltr'><strong>secundum</strong></span> <span class='ocrx_word' id='word_1_211' title='bbox 2579 1726 2961 1794; x_wconf 87' lang='lat' dir='ltr'><strong>geographiam</strong></span> <span class='ocrx_word' id='word_1_212' title='bbox 3008 1729 3279 1787; x_wconf 71' lang='lat' dir='ltr'><strong>universae</strong></span> <span class='ocrx_word' id='word_1_213' title='bbox 3342 1740 3523 1798; x_wconf 61' lang='lat' dir='ltr'><strong>terrae,</strong></span> 
     </span>
    </p>
   </div>
   <div class='ocr_carea' id='block_1_29' title="bbox 211 1804 1830 1893">
    <p class='ocr_par' dir='ltr' id='par_1_29' title="bbox 211 1804 1830 1888">
     <span class='ocr_line' id='line_1_29' title="bbox 211 1804 1830 1888; baseline 0.008 -31"><span class='ocrx_word' id='word_1_214' title='bbox 211 1804 375 1876; x_wconf 85' lang='grc' dir='ltr'>χύοη</span> <span class='ocrx_word' id='word_1_215' title='bbox 410 1806 577 1877; x_wconf 77' lang='grc' dir='ltr'>χάρις</span> <span class='ocrx_word' id='word_1_216' title='bbox 599 1825 613 1838; x_wconf 73' lang='grc'><strong>⁸</strong></span> <span class='ocrx_word' id='word_1_217' title='bbox 650 1808 743 1862; x_wconf 86' lang='grc' dir='ltr'>δύο</span> <span class='ocrx_word' id='word_1_218' title='bbox 770 1809 826 1862; x_wconf 77' lang='grc' dir='ltr'><strong>δὲ</strong></span> <span class='ocrx_word' id='word_1_219' title='bbox 859 1811 1165 1882; x_wconf 80' lang='grc' dir='ltr'>νοουμένων</span> <span class='ocrx_word' id='word_1_220' title='bbox 1191 1812 1333 1866; x_wconf 70' lang='grc' dir='ltr'>κατὰ</span> <span class='ocrx_word' id='word_1_221' title='bbox 1358 1813 1456 1877; x_wconf 82' lang='grc' dir='ltr'>τὰς</span> <span class='ocrx_word' id='word_1_222' title='bbox 1489 1817 1830 1888; x_wconf 78' lang='grc' dir='ltr'><strong>γεωγραφίας</strong></span> 
     </span>
    </p>
   </div>
   <div class='ocr_carea' id='block_1_30' title="bbox 1942 1804 3523 1893">
    <p class='ocr_par' dir='ltr' id='par_1_30' title="bbox 1945 1810 3523 1893">
     <span class='ocr_line' id='line_1_30' title="bbox 1945 1810 3523 1893; baseline 0.009 -30"><span class='ocrx_word' id='word_1_223' title='bbox 1945 1810 2065 1865; x_wconf 66' lang='lat' dir='ltr'><strong>duae</strong></span> <span class='ocrx_word' id='word_1_224' title='bbox 2104 1811 2349 1881; x_wconf 88' lang='lat' dir='ltr'><strong>ejusdem</strong></span> <span class='ocrx_word' id='word_1_225' title='bbox 2375 1820 2535 1868; x_wconf 74' lang='lat' dir='ltr'><strong>terra:</strong></span> <span class='ocrx_word' id='word_1_226' title='bbox 2574 1824 2758 1883; x_wconf 88' lang='lat' dir='ltr'><strong>partes</strong></span> <span class='ocrx_word' id='word_1_227' title='bbox 2789 1828 2911 1873; x_wconf 87' lang='lat' dir='ltr'><strong>esse</strong></span> <span class='ocrx_word' id='word_1_228' title='bbox 2944 1818 3355 1891; x_wconf 90' lang='lat' dir='ltr'><strong>intelliguntur;</strong></span> <span class='ocrx_word' id='word_1_229' title='bbox 3390 1838 3523 1893; x_wconf 90' lang='lat' dir='ltr'><strong>qua-</strong></span> 
     </span>
    </p>
   </div>
   <div class='ocr_carea' id='block_1_31' title="bbox 212 1876 1830 1985">
    <p class='ocr_par' dir='ltr' id='par_1_31' title="bbox 212 1876 1830 1975">
     <span class='ocr_line' id='line_1_31' title="bbox 212 1876 1830 1975; baseline 0.007 -29"><span class='ocrx_word' id='word_1_230' title='bbox 212 1894 327 1964; x_wconf 82' lang='grc' dir='ltr'>τῆς</span> <span class='ocrx_word' id='word_1_231' title='bbox 345 1876 506 1967; x_wconf 81' lang='grc' dir='ltr'>ὅλης</span> <span class='ocrx_word' id='word_1_232' title='bbox 520 1899 622 1969; x_wconf 82' lang='grc' dir='ltr'><strong>γῆς</strong></span> <span class='ocrx_word' id='word_1_233' title='bbox 644 1916 709 1969; x_wconf 90' lang='grc' dir='ltr'><strong>με</strong></span> <span class='ocrx_word' id='word_1_234' title='bbox 718 1899 952 1970; x_wconf 82' lang='grc' dir='ltr'>ρῶν,τοῦ</span> <span class='ocrx_word' id='word_1_235' title='bbox 979 1876 1076 1971; x_wconf 78' lang='grc' dir='ltr'>μὲν</span> <span class='ocrx_word' id='word_1_236' title='bbox 1105 1901 1246 1955; x_wconf 83' lang='grc' dir='ltr'>κατὰ</span> <span class='ocrx_word' id='word_1_237' title='bbox 1269 1902 1330 1954; x_wconf 71' lang='grc' dir='ltr'>τὸ</span> <span class='ocrx_word' id='word_1_238' title='bbox 1355 1876 1830 1975; x_wconf 42' lang='grc' dir='ltr'>μεσημϐρινὸν-καλ</span> 
     </span>
    </p>
   </div>
   <div class='ocr_carea' id='block_1_32' title="bbox 1942 1876 3523 1985">
    <p class='ocr_par' dir='ltr' id='par_1_32' title="bbox 1951 1876 3523 1985">
     <span class='ocr_line' id='line_1_32' title="bbox 1951 1876 3523 1985; baseline 0.011 -32"><span class='ocrx_word' id='word_1_239' title='bbox 1951 1917 2070 1955; x_wconf 92' lang='lat' dir='ltr'><strong>rum</strong></span> <span class='ocrx_word' id='word_1_240' title='bbox 2102 1876 2272 1957; x_wconf 80' lang='lat' dir='ltr'><strong>altera</strong></span> <span class='ocrx_word' id='word_1_241' title='bbox 2320 1904 2387 1958; x_wconf 89' lang='lat' dir='ltr'><strong>ad</strong></span> <span class='ocrx_word' id='word_1_242' title='bbox 2421 1907 2778 1963; x_wconf 89' lang='lat' dir='ltr'><strong>meridionale</strong></span> <span class='ocrx_word' id='word_1_243' title='bbox 2807 1917 2860 1963; x_wconf 89' lang='lat' dir='ltr'><strong>et</strong></span> <span class='ocrx_word' id='word_1_244' title='bbox 2890 1876 3321 1967; x_wconf 54' lang='lat' dir='ltr'><strong>australevclima</strong></span> <span class='ocrx_word' id='word_1_245' title='bbox 3342 1876 3355 1891; x_wconf 49' lang='grc'><strong><em>1</em></strong></span> <span class='ocrx_word' id='word_1_246' title='bbox 3377 1876 3523 1985; x_wconf 69' lang='grc' dir='ltr'>(ιίιοιι</span> 
     </span>
    </p>
   </div>
   <div class='ocr_carea' id='block_1_33' title="bbox 209 1987 1830 2071">
    <p class='ocr_par' dir='ltr' id='par_1_33' title="bbox 209 1987 1830 2065">
     <span class='ocr_line' id='line_1_33' title="bbox 209 1987 1830 2065; baseline 0.004 -23"><span class='ocrx_word' id='word_1_247' title='bbox 209 1988 419 2043; x_wconf 69' lang='grc' dir='ltr'>νότιον</span> <span class='ocrx_word' id='word_1_248' title='bbox 450 1991 642 2062; x_wconf 85' lang='grc' dir='ltr'><strong>κλίμα,</strong></span> <span class='ocrx_word' id='word_1_249' title='bbox 668 1991 697 2044; x_wconf 80' lang='grc' dir='ltr'><strong>ὅ</strong></span> <span class='ocrx_word' id='word_1_250' title='bbox 719 1992 782 2064; x_wconf 85' lang='grc' dir='ltr'><strong>δή</strong></span> <span class='ocrx_word' id='word_1_251' title='bbox 802 2008 964 2060; x_wconf 74' lang='grc' dir='ltr'>φασιν</span> <span class='ocrx_word' id='word_1_252' title='bbox 991 1987 1129 2045; x_wconf 80' lang='grc' dir='ltr'>εἶναι</span> <span class='ocrx_word' id='word_1_253' title='bbox 1149 1993 1247 2063; x_wconf 84' lang='grc' dir='ltr'><strong>τῆς</strong></span> <span class='ocrx_word' id='word_1_254' title='bbox 1273 1993 1694 2065; x_wconf 78' lang='grc' dir='ltr'>ἀντοικουμένης</span> <span class='ocrx_word' id='word_1_255' title='bbox 1716 2012 1728 2024; x_wconf 92' lang='grc'>·</span> <span class='ocrx_word' id='word_1_256' title='bbox 1747 1998 1830 2049; x_wconf 70' lang='grc' dir='ltr'><strong>τοῦ</strong></span> 
     </span>
    </p>
   </div>
   <div class='ocr_carea' id='block_1_34' title="bbox 1942 1987 3522 2071">
    <p class='ocr_par' dir='ltr' id='par_1_34' title="bbox 1948 1993 3522 2071">
     <span class='ocr_line' id='line_1_34' title="bbox 1948 1993 3522 2071; baseline 0.01 -25"><span class='ocrx_word' id='word_1_257' title='bbox 1948 1993 2392 2066; x_wconf 68' lang='grc' dir='ltr'>ἀντοικουμένης,</span> <span class='ocrx_word' id='word_1_258' title='bbox 2424 1996 2538 2053; x_wconf 91' lang='lat' dir='ltr'><strong>sive</strong></span> <span class='ocrx_word' id='word_1_259' title='bbox 2575 1999 2838 2068; x_wconf 76' lang='lat' dir='ltr'><strong>opposita:</strong></span> <span class='ocrx_word' id='word_1_260' title='bbox 2878 2003 3050 2069; x_wconf 85' lang='lat' dir='ltr'><strong>partis</strong></span> <span class='ocrx_word' id='word_1_261' title='bbox 3089 2013 3316 2071; x_wconf 83' lang='lat' dir='ltr'><strong>vocant;</strong></span> <span class='ocrx_word' id='word_1_262' title='bbox 3352 2007 3522 2062; x_wconf 81' lang='lat' dir='ltr'><strong>altera</strong></span> 
     </span>
    </p>
   </div>
   <div class='ocr_carea' id='block_1_35' title="bbox 209 2081 1830 2169">
    <p class='ocr_par' dir='ltr' id='par_1_35' title="bbox 209 2081 1830 2154">
     <span class='ocr_line' id='line_1_35' title="bbox 209 2081 1830 2154; baseline 0.002 -20"><span class='ocrx_word' id='word_1_263' title='bbox 209 2081 253 2134; x_wconf 75' lang='grc' dir='ltr'><strong>δ’</strong></span> <span class='ocrx_word' id='word_1_264' title='bbox 285 2082 392 2135; x_wconf 78' lang='grc' dir='ltr'><strong>ἑτέ</strong></span> <span class='ocrx_word' id='word_1_265' title='bbox 404 2100 506 2154; x_wconf 86' lang='grc' dir='ltr'><strong>ρου</strong></span> <span class='ocrx_word' id='word_1_266' title='bbox 537 2082 679 2137; x_wconf 86' lang='grc' dir='ltr'>κατὰ</span> <span class='ocrx_word' id='word_1_267' title='bbox 698 2082 759 2134; x_wconf 73' lang='grc' dir='ltr'>τὸ</span> <span class='ocrx_word' id='word_1_268' title='bbox 786 2082 1052 2154; x_wconf 58' lang='lat' dir='ltr'><strong>possem,</strong></span> <span class='ocrx_word' id='word_1_269' title='bbox 1070 2082 1098 2134; x_wconf 78' lang='grc' dir='ltr'><strong>ὃ</strong></span> <span class='ocrx_word' id='word_1_270' title='bbox 1125 2081 1378 2151; x_wconf 81' lang='grc' dir='ltr'>οἰκοῦμεν</span> <span class='ocrx_word' id='word_1_271' title='bbox 1406 2083 1585 2153; x_wconf 78' lang='grc' dir='ltr'>ἡμεῖς’</span> <span class='ocrx_word' id='word_1_272' title='bbox 1616 2084 1830 2149; x_wconf 75' lang='grc' dir='ltr'>εἰκότως</span> 
     </span>
    </p>
   </div>
   <div class='ocr_carea' id='block_1_36' title="bbox 1942 2081 3523 2169">
    <p class='ocr_par' dir='ltr' id='par_1_36' title="bbox 1947 2086 3523 2169">
     <span class='ocr_line' id='line_1_36' title="bbox 1947 2086 3523 2169; baseline 0.01 -32"><span class='ocrx_word' id='word_1_273' title='bbox 1947 2086 2013 2138; x_wconf 90' lang='lat' dir='ltr'><strong>ad</strong></span> <span class='ocrx_word' id='word_1_274' title='bbox 2046 2086 2262 2143; x_wconf 75' lang='lat' dir='ltr'><strong>boréale</strong></span> <span class='ocrx_word' id='word_1_275' title='bbox 2287 2088 2429 2158; x_wconf 87' lang='lat' dir='ltr'><strong>quod</strong></span> <span class='ocrx_word' id='word_1_276' title='bbox 2462 2105 2563 2145; x_wconf 91' lang='lat' dir='ltr'><strong>nos</strong></span> <span class='ocrx_word' id='word_1_277' title='bbox 2593 2091 2907 2157; x_wconf 90' lang='lat' dir='ltr'><strong>incolimus;</strong></span> <span class='ocrx_word' id='word_1_278' title='bbox 2932 2103 3298 2164; x_wconf 86' lang='lat' dir='ltr'><strong>congruenter</strong></span> <span class='ocrx_word' id='word_1_279' title='bbox 3323 2096 3410 2152; x_wconf 89' lang='lat' dir='ltr'><strong>hic</strong></span> <span class='ocrx_word' id='word_1_280' title='bbox 3425 2113 3523 2169; x_wconf 85' lang='lat' dir='ltr'><strong>per</strong></span> 
     </span>
    </p>
   </div>
   <div class='ocr_carea' id='block_1_37' title="bbox 208 2171 1830 2249">
    <p class='ocr_par' dir='ltr' id='par_1_37' title="bbox 208 2171 1830 2245">
     <span class='ocr_line' id='line_1_37' title="bbox 208 2171 1830 2245; baseline 0.004 -22"><span class='ocrx_word' id='word_1_281' title='bbox 208 2171 239 2222; x_wconf 82' lang='grc' dir='ltr'>ὁ</span> <span class='ocrx_word' id='word_1_282' title='bbox 274 2171 501 2240; x_wconf 81' lang='grc' dir='ltr'>παρὼν</span> <span class='ocrx_word' id='word_1_283' title='bbox 542 2172 699 2241; x_wconf 85' lang='grc' dir='ltr'>λόγος</span> <span class='ocrx_word' id='word_1_284' title='bbox 730 2172 830 2242; x_wconf 81' lang='grc' dir='ltr'>τὴν</span> <span class='ocrx_word' id='word_1_285' title='bbox 876 2172 997 2225; x_wconf 79' lang='grc' dir='ltr'>καθ’</span> <span class='ocrx_word' id='word_1_286' title='bbox 1030 2173 1176 2243; x_wconf 79' lang='grc' dir='ltr'>ἡμᾶς</span> <span class='ocrx_word' id='word_1_287' title='bbox 1208 2173 1531 2243; x_wconf 79' lang='grc' dir='ltr'>οἰκουμένην</span> <span class='ocrx_word' id='word_1_288' title='bbox 1561 2175 1830 2245; x_wconf 75' lang='grc' dir='ltr'>σημαίνων</span> 
     </span>
    </p>
   </div>
   <div class='ocr_carea' id='block_1_38' title="bbox 1942 2171 3523 2249">
    <p class='ocr_par' dir='ltr' id='par_1_38' title="bbox 1947 2174 3523 2249">
     <span class='ocr_line' id='line_1_38' title="bbox 1947 2174 3523 2249; baseline 0.01 -23"><span class='ocrx_word' id='word_1_289' title='bbox 1947 2174 2115 2228; x_wconf 83' lang='lat' dir='ltr'><strong>latera</strong></span> <span class='ocrx_word' id='word_1_290' title='bbox 2147 2176 2415 2246; x_wconf 76' lang='lat' dir='ltr'><strong>aquilonis</strong></span> <span class='ocrx_word' id='word_1_291' title='bbox 2457 2184 2656 2233; x_wconf 89' lang='lat' dir='ltr'><strong>terram</strong></span> <span class='ocrx_word' id='word_1_292' title='bbox 2710 2194 2872 2249; x_wconf 90' lang='lat' dir='ltr'><strong>quam</strong></span> <span class='ocrx_word' id='word_1_293' title='bbox 2908 2181 3197 2239; x_wconf 87' lang='lat' dir='ltr'><strong>incolimus</strong></span> <span class='ocrx_word' id='word_1_294' title='bbox 3243 2184 3523 2248; x_wconf 71' lang='lat' dir='ltr'><strong>indicavit;</strong></span> 
     </span>
    </p>
   </div>
   <div class='ocr_carea' id='block_1_39' title="bbox 209 2260 1830 2349">
    <p class='ocr_par' dir='ltr' id='par_1_39' title="bbox 209 2260 1830 2336">
     <span class='ocr_line' id='line_1_39' title="bbox 209 2260 1830 2336; baseline 0.005 -23"><span class='ocrx_word' id='word_1_295' title='bbox 209 2260 284 2314; x_wconf 78' lang='grc' dir='ltr'>τὰ</span> <span class='ocrx_word' id='word_1_296' title='bbox 317 2262 557 2335; x_wconf 74' lang='grc' dir='ltr'>πλευρὰ</span> <span class='ocrx_word' id='word_1_297' title='bbox 584 2263 677 2317; x_wconf 86' lang='grc' dir='ltr'><strong>τοῦ</strong></span> <span class='ocrx_word' id='word_1_298' title='bbox 712 2265 894 2336; x_wconf 76' lang='grc' dir='ltr'><strong>Βορῤἄ</strong></span> <span class='ocrx_word' id='word_1_299' title='bbox 921 2264 1224 2335; x_wconf 81' lang='grc' dir='ltr'>ὠνόμασεν.</span> <span class='ocrx_word' id='word_1_300' title='bbox 1272 2264 1480 2329; x_wconf 78' lang='grc' dir='ltr'><strong>¹Ἀλλως</strong></span> <span class='ocrx_word' id='word_1_301' title='bbox 1502 2265 1559 2319; x_wconf 79' lang='grc' dir='ltr'>δὲ</span> <span class='ocrx_word' id='word_1_302' title='bbox 1592 2267 1690 2320; x_wconf 83' lang='grc' dir='ltr'><strong>οὐκ</strong></span> <span class='ocrx_word' id='word_1_303' title='bbox 1724 2268 1830 2321; x_wconf 78' lang='grc' dir='ltr'>ἔστι</span> 
     </span>
    </p>
   </div>
   <div class='ocr_carea' id='block_1_40' title="bbox 1942 2260 3520 2349">
    <p class='ocr_par' dir='ltr' id='par_1_40' title="bbox 1944 2262 3520 2349">
     <span class='ocr_line' id='line_1_40' title="bbox 1944 2262 3520 2349; baseline 0.011 -32"><span class='ocrx_word' id='word_1_304' title='bbox 1944 2262 2135 2334; x_wconf 81' lang='lat' dir='ltr'><strong>Neque</strong></span> <span class='ocrx_word' id='word_1_305' title='bbox 2168 2268 2394 2321; x_wconf 80' lang='lat' dir='ltr'><strong>Omnino</strong></span> <span class='ocrx_word' id='word_1_306' title='bbox 2442 2279 2674 2339; x_wconf 87' lang='lat' dir='ltr'><strong>possunt</strong></span> <span class='ocrx_word' id='word_1_307' title='bbox 2709 2270 2900 2327; x_wconf 76' lang='lat' dir='ltr'><strong>istlnec</strong></span> <span class='ocrx_word' id='word_1_308' title='bbox 2951 2273 3059 2327; x_wconf 87' lang='lat' dir='ltr'><strong>alio</strong></span> <span class='ocrx_word' id='word_1_309' title='bbox 3090 2276 3256 2331; x_wconf 86' lang='lat' dir='ltr'><strong>modo</strong></span> <span class='ocrx_word' id='word_1_310' title='bbox 3302 2278 3476 2349; x_wconf 81' lang='lat' dir='ltr'><strong>accipi</strong></span> <span class='ocrx_word' id='word_1_311' title='bbox 3502 2297 3520 2333; x_wconf 84' lang='lat'><strong>:</strong></span> 
     </span>
    </p>
   </div>
   <div class='ocr_carea' id='block_1_41' title="bbox 210 2349 1830 2435">
    <p class='ocr_par' dir='ltr' id='par_1_41' title="bbox 210 2351 1830 2429">
     <span class='ocr_line' id='line_1_41' title="bbox 210 2351 1830 2429; baseline 0.003 -25"><span class='ocrx_word' id='word_1_312' title='bbox 210 2351 411 2406; x_wconf 79' lang='grc' dir='ltr'>ταῦτα</span> <span class='ocrx_word' id='word_1_313' title='bbox 446 2353 701 2418; x_wconf 80' lang='grc' dir='ltr'>δέξασθαι</span> <span class='ocrx_word' id='word_1_314' title='bbox 728 2354 759 2425; x_wconf 77' lang='grc' dir='ltr'>ἦ</span> <span class='ocrx_word' id='word_1_315' title='bbox 793 2355 970 2425; x_wconf 84' lang='grc' dir='ltr'>μόνως</span> <span class='ocrx_word' id='word_1_316' title='bbox 989 2355 1162 2417; x_wconf 76' lang='grc' dir='ltr'>οὕτως</span> <span class='ocrx_word' id='word_1_317' title='bbox 1180 2372 1193 2385; x_wconf 84' lang='lat'><strong><em>°</em></strong></span> <span class='ocrx_word' id='word_1_318' title='bbox 1219 2357 1518 2427; x_wconf 77' lang='grc' dir='ltr'>ἐπειδήπερ</span> <span class='ocrx_word' id='word_1_319' title='bbox 1544 2358 1576 2428; x_wconf 81' lang='grc' dir='ltr'>ἡ</span> <span class='ocrx_word' id='word_1_320' title='bbox 1612 2358 1830 2429; x_wconf 87' lang='grc' dir='ltr'>Ἐκκλη-</span> 
     </span>
    </p>
   </div>
   <div class='ocr_carea' id='block_1_42' title="bbox 1942 2349 3519 2435">
    <p class='ocr_par' dir='ltr' id='par_1_42' title="bbox 1943 2349 3519 2435">
     <span class='ocr_line' id='line_1_42' title="bbox 1943 2349 3519 2435; baseline 0.011 -29"><span class='ocrx_word' id='word_1_321' title='bbox 1943 2354 2202 2423; x_wconf 88' lang='lat' dir='ltr'><strong>quoniam</strong></span> <span class='ocrx_word' id='word_1_322' title='bbox 2232 2349 2476 2413; x_wconf 86' lang='lat' dir='ltr'><strong>Ecclesia</strong></span> <span class='ocrx_word' id='word_1_323' title='bbox 2514 2358 2631 2424; x_wconf 88' lang='lat' dir='ltr'><strong>Dei,</strong></span> <span class='ocrx_word' id='word_1_324' title='bbox 2674 2375 2795 2430; x_wconf 61' lang='lat' dir='ltr'><strong>quae</strong></span> <span class='ocrx_word' id='word_1_325' title='bbox 2842 2362 3011 2418; x_wconf 86' lang='lat' dir='ltr'><strong>latera</strong></span> <span class='ocrx_word' id='word_1_326' title='bbox 3048 2367 3321 2435; x_wconf 83' lang='lat' dir='ltr'><strong>aquilonis</strong></span> <span class='ocrx_word' id='word_1_327' title='bbox 3346 2378 3398 2421; x_wconf 90' lang='lat' dir='ltr'><strong>et</strong></span> <span class='ocrx_word' id='word_1_328' title='bbox 3428 2384 3519 2423; x_wconf 85' lang='lat' dir='ltr'><strong>se-</strong></span> 
     </span>
    </p>
   </div>
   <div class='ocr_carea' id='block_1_43' title="bbox 2026 808 3528 891">
    <p class='ocr_par' dir='ltr' id='par_1_43' title="bbox 2026 808 3528 891">
     <span class='ocr_line' id='line_1_43' title="bbox 2026 808 3528 891; baseline 0.015 -29"><span class='ocrx_word' id='word_1_329' title='bbox 2026 808 2220 864; x_wconf 89' lang='lat' dir='ltr'><strong>Latera</strong></span> <span class='ocrx_word' id='word_1_330' title='bbox 2268 812 2559 881; x_wconf 74' lang='lat' dir='ltr'><strong>Aquilonis.</strong></span> <span class='ocrx_word' id='word_1_331' title='bbox 2606 813 2787 881; x_wconf 78' lang='lat' dir='ltr'><strong>Quare</strong></span> <span class='ocrx_word' id='word_1_332' title='bbox 2828 816 2998 873; x_wconf 80' lang='lat' dir='ltr'><strong>latera</strong></span> <span class='ocrx_word' id='word_1_333' title='bbox 3048 821 3322 891; x_wconf 87' lang='lat' dir='ltr'><strong>aquilonis</strong></span> <span class='ocrx_word' id='word_1_334' title='bbox 3378 829 3528 883; x_wconf 84' lang='lat' dir='ltr'><strong>cohi-</strong></span> 
     </span>
    </p>
   </div>
   <div class='ocr_carea' id='block_1_44' title="bbox 223 2443 1835 2521">
    <p class='ocr_par' dir='ltr' id='par_1_44' title="bbox 223 2443 1835 2521">
     <span class='ocr_line' id='line_1_44' title="bbox 223 2443 1835 2521; baseline 0.004 -24"><span class='ocrx_word' id='word_1_335' title='bbox 223 2445 317 2498; x_wconf 66' lang='grc' dir='ltr'>δία</span> <span class='ocrx_word' id='word_1_336' title='bbox 349 2444 458 2497; x_wconf 78' lang='grc' dir='ltr'><strong>τοῦ</strong></span> <span class='ocrx_word' id='word_1_337' title='bbox 485 2444 644 2509; x_wconf 87' lang='grc' dir='ltr'>Θεοῦ,</span> <span class='ocrx_word' id='word_1_338' title='bbox 678 2446 1071 2518; x_wconf 62' lang='grc' dir='ltr'>πεπληρωκυῇι</span> <span class='ocrx_word' id='word_1_339' title='bbox 1088 2444 1161 2500; x_wconf 77' lang='grc' dir='ltr'>τὰ</span> <span class='ocrx_word' id='word_1_340' title='bbox 1185 2448 1393 2521; x_wconf 75' lang='grc' dir='ltr'>πλευρὰ</span> <span class='ocrx_word' id='word_1_341' title='bbox 1415 2443 1510 2502; x_wconf 85' lang='grc' dir='ltr'><strong>τοῦ</strong></span> <span class='ocrx_word' id='word_1_342' title='bbox 1534 2450 1715 2521; x_wconf 74' lang='grc' dir='ltr'><strong>Βορῤἄ</strong></span> <span class='ocrx_word' id='word_1_343' title='bbox 1741 2451 1835 2504; x_wconf 77' lang='grc' dir='ltr'><strong>καὶ</strong></span> 
     </span>
    </p>
   </div>
   <div class='ocr_carea' id='block_1_45' title="bbox 221 2536 1834 2612">
    <p class='ocr_par' dir='ltr' id='par_1_45' title="bbox 221 2536 1834 2612">
     <span class='ocr_line' id='line_1_45' title="bbox 221 2536 1834 2612; baseline 0.004 -23"><span class='ocrx_word' id='word_1_344' title='bbox 221 2538 420 2590; x_wconf 76' lang='grc' dir='ltr'>πᾶσαν</span> <span class='ocrx_word' id='word_1_345' title='bbox 453 2536 551 2607; x_wconf 82' lang='grc' dir='ltr'>τὴν</span> <span class='ocrx_word' id='word_1_346' title='bbox 573 2537 815 2609; x_wconf 71' lang='grc' dir='ltr'>βόρῤειον</span> <span class='ocrx_word' id='word_1_347' title='bbox 836 2538 1178 2610; x_wconf 72' lang='grc' dir='ltr'>οἰκουμένην,</span> <span class='ocrx_word' id='word_1_348' title='bbox 1196 2539 1490 2610; x_wconf 77' lang='grc' dir='ltr'>ὀφθαλμοῖς</span> <span class='ocrx_word' id='word_1_349' title='bbox 1508 2542 1721 2612; x_wconf 80' lang='grc' dir='ltr'>ὁρᾶται·</span> <span class='ocrx_word' id='word_1_350' title='bbox 1747 2540 1834 2596; x_wconf 78' lang='grc' dir='ltr'><strong>διὰ</strong></span> 
     </span>
    </p>
   </div>
   <div class='ocr_carea' id='block_1_46' title="bbox 223 2629 1832 2703">
    <p class='ocr_par' dir='ltr' id='par_1_46' title="bbox 223 2629 1832 2703">
     <span class='ocr_line' id='line_1_46' title="bbox 223 2629 1832 2703; baseline 0.006 -22"><span class='ocrx_word' id='word_1_351' title='bbox 223 2629 526 2683; x_wconf 67' lang='grc' dir='ltr'>λέλεκταιο</span> <span class='ocrx_word' id='word_1_352' title='bbox 585 2632 731 2698; x_wconf 80' lang='grc' dir='ltr'>Ὄρη</span> <span class='ocrx_word' id='word_1_353' title='bbox 775 2630 961 2696; x_wconf 81' lang='grc' dir='ltr'>Σιὼν,</span> <span class='ocrx_word' id='word_1_354' title='bbox 1011 2630 1083 2685; x_wconf 78' lang='grc' dir='ltr'>τὰ</span> <span class='ocrx_word' id='word_1_355' title='bbox 1114 2631 1345 2701; x_wconf 78' lang='grc' dir='ltr'>πλευρὰ</span> <span class='ocrx_word' id='word_1_356' title='bbox 1382 2631 1486 2687; x_wconf 82' lang='grc' dir='ltr'><strong>τοῦ</strong></span> <span class='ocrx_word' id='word_1_357' title='bbox 1533 2631 1757 2701; x_wconf 76' lang='grc' dir='ltr'>Βορῤᾶ,</span> <span class='ocrx_word' id='word_1_358' title='bbox 1793 2635 1832 2703; x_wconf 81' lang='grc' dir='ltr'><em>ἠ</em></span> 
     </span>
    </p>
   </div>
   <div class='ocr_carea' id='block_1_47' title="bbox 223 2722 1779 2794">
    <p class='ocr_par' dir='ltr' id='par_1_47' title="bbox 223 2722 1779 2794">
     <span class='ocr_line' id='line_1_47' title="bbox 223 2722 1779 2794; baseline 0.001 -19"><span class='ocrx_word' id='word_1_359' title='bbox 223 2724 418 2788; x_wconf 70' lang='grc' dir='ltr'>πόλις</span> <span class='ocrx_word' id='word_1_360' title='bbox 463 2722 570 2777; x_wconf 87' lang='grc' dir='ltr'><strong>τοῦ</strong></span> <span class='ocrx_word' id='word_1_361' title='bbox 593 2723 901 2789; x_wconf 72' lang='grc' dir='ltr'>βασιλέως</span> <span class='ocrx_word' id='word_1_362' title='bbox 924 2723 1032 2777; x_wconf 86' lang='grc' dir='ltr'><strong>τοῦ</strong></span> <span class='ocrx_word' id='word_1_363' title='bbox 1056 2724 1347 2794; x_wconf 79' lang='grc' dir='ltr'>μεγάλου.</span> <span class='ocrx_word' id='word_1_364' title='bbox 1636 2754 1639 2757; x_wconf 58' lang='grc' dir='ltr'><strong>λ</strong></span> 
     </span>
    </p>
   </div>
   <div class='ocr_carea' id='block_1_48' title="bbox 310 2812 1829 2887">
    <p class='ocr_par' dir='ltr' id='par_1_48' title="bbox 310 2812 1829 2887">
     <span class='ocr_line' id='line_1_48' title="bbox 310 2812 1829 2887; baseline 0.004 -21"><span class='ocrx_word' id='word_1_365' title='bbox 310 2813 381 2866; x_wconf 86' lang='lat'><strong>&#39;0</strong></span> <span class='ocrx_word' id='word_1_366' title='bbox 430 2812 579 2879; x_wconf 79' lang='grc' dir='ltr'>Θεὸς</span> <span class='ocrx_word' id='word_1_367' title='bbox 625 2812 697 2867; x_wconf 83' lang='grc' dir='ltr'>ἐν</span> <span class='ocrx_word' id='word_1_368' title='bbox 746 2812 876 2880; x_wconf 83' lang='grc' dir='ltr'>ταῖς</span> <span class='ocrx_word' id='word_1_369' title='bbox 903 2813 1166 2884; x_wconf 80' lang='grc' dir='ltr'>,βάρεσιν</span> <span class='ocrx_word' id='word_1_370' title='bbox 1215 2817 1407 2885; x_wconf 80' lang='grc' dir='ltr'>αὐτῆς</span> <span class='ocrx_word' id='word_1_371' title='bbox 1459 2817 1829 2887; x_wconf 76' lang='grc' dir='ltr'><strong>γινώσκεται.</strong></span> 
     </span>
    </p>
   </div>
   <div class='ocr_carea' id='block_1_49' title="bbox 227 2905 1834 2981">
    <p class='ocr_par' dir='ltr' id='par_1_49' title="bbox 227 2905 1834 2981">
     <span class='ocr_line' id='line_1_49' title="bbox 227 2905 1834 2981; baseline 0.004 -24"><span class='ocrx_word' id='word_1_372' title='bbox 227 2906 410 2960; x_wconf 76' lang='grc' dir='ltr'>Πάλιν</span> <span class='ocrx_word' id='word_1_373' title='bbox 449 2905 729 2961; x_wconf 53' lang='grc' dir='ltr'>κάνταῦθα</span> <span class='ocrx_word' id='word_1_374' title='bbox 756 2910 957 2978; x_wconf 82' lang='grc' dir='ltr'>σημεῖα</span> <span class='ocrx_word' id='word_1_375' title='bbox 989 2909 1087 2979; x_wconf 84' lang='grc' dir='ltr'>τῆς</span> <span class='ocrx_word' id='word_1_376' title='bbox 1118 2909 1423 2979; x_wconf 76' lang='grc' dir='ltr'>παρουσίας</span> <span class='ocrx_word' id='word_1_377' title='bbox 1454 2910 1547 2962; x_wconf 87' lang='grc' dir='ltr'><strong>τοῦ</strong></span> <span class='ocrx_word' id='word_1_378' title='bbox 1576 2910 1709 2964; x_wconf 86' lang='grc' dir='ltr'>Θεοῦ</span> <span class='ocrx_word' id='word_1_379' title='bbox 1733 2911 1834 2981; x_wconf 81' lang='grc' dir='ltr'>τῆς</span> 
     </span>
    </p>
   </div>
   <div class='ocr_carea' id='block_1_50' title="bbox 222 2996 1833 3072">
    <p class='ocr_par' dir='ltr' id='par_1_50' title="bbox 222 2996 1833 3072">
     <span class='ocr_line' id='line_1_50' title="bbox 222 2996 1833 3072; baseline 0.002 -23"><span class='ocrx_word' id='word_1_380' title='bbox 222 2998 286 3050; x_wconf 80' lang='grc' dir='ltr'>ἐν</span> <span class='ocrx_word' id='word_1_381' title='bbox 334 2999 409 3067; x_wconf 75' lang='grc' dir='ltr'>τῇ</span> <span class='ocrx_word' id='word_1_382' title='bbox 452 2996 605 3050; x_wconf 67' lang='grc' dir='ltr'>πόίει</span> <span class='ocrx_word' id='word_1_383' title='bbox 643 2998 806 3051; x_wconf 79' lang='grc' dir='ltr'>αὐτοῦ</span> <span class='ocrx_word' id='word_1_384' title='bbox 835 3001 902 3069; x_wconf 78' lang='grc' dir='ltr'>τῇ</span> <span class='ocrx_word' id='word_1_385' title='bbox 939 2998 1295 3069; x_wconf 75' lang='grc' dir='ltr'>προλεχοείσῃ</span> <span class='ocrx_word' id='word_1_386' title='bbox 1323 2999 1556 3053; x_wconf 79' lang='grc' dir='ltr'>δίδωσιν.</span> <span class='ocrx_word' id='word_1_387' title='bbox 1624 3002 1833 3072; x_wconf 86' lang='grc' dir='ltr'>Ὥσπερ</span> 
     </span>
    </p>
   </div>
   <div class='ocr_carea' id='block_1_51' title="bbox 235 3085 1833 3161">
    <p class='ocr_par' dir='ltr' id='par_1_51' title="bbox 235 3085 1833 3161">
     <span class='ocr_line' id='line_1_51' title="bbox 235 3085 1833 3161; baseline 0.003 -21"><span class='ocrx_word' id='word_1_388' title='bbox 235 3085 342 3158; x_wconf 67' lang='grc' dir='ltr'>γὰρ</span> <span class='ocrx_word' id='word_1_389' title='bbox 375 3089 441 3142; x_wconf 77' lang='grc' dir='ltr'>ὲν</span> <span class='ocrx_word' id='word_1_390' title='bbox 468 3091 584 3153; x_wconf 87' lang='grc' dir='ltr'>τοῖς</span> <span class='ocrx_word' id='word_1_391' title='bbox 626 3089 882 3160; x_wconf 82' lang='grc' dir='ltr'>ἀνωτέρω</span> <span class='ocrx_word' id='word_1_392' title='bbox 916 3088 1132 3161; x_wconf 77' lang='grc' dir='ltr'>εἴρητο·</span> <span class='ocrx_word' id='word_1_393' title='bbox 1170 3090 1223 3141; x_wconf 87' lang='lat'><strong>&#39;0</strong></span> <span class='ocrx_word' id='word_1_394' title='bbox 1259 3089 1405 3155; x_wconf 84' lang='grc' dir='ltr'>Θεὸς</span> <span class='ocrx_word' id='word_1_395' title='bbox 1431 3090 1503 3143; x_wconf 84' lang='grc' dir='ltr'>ἐν</span> <span class='ocrx_word' id='word_1_396' title='bbox 1526 3090 1697 3159; x_wconf 82' lang='grc' dir='ltr'><strong>μέσῳ</strong></span> <span class='ocrx_word' id='word_1_397' title='bbox 1724 3094 1833 3144; x_wconf 85' lang='grc' dir='ltr'><strong>αὑ·-</strong></span> 
     </span>
    </p>
   </div>
   <div class='ocr_carea' id='block_1_52' title="bbox 232 3179 1907 3284">
    <p class='ocr_par' dir='ltr' id='par_1_52' title="bbox 232 3179 1907 3284">
     <span class='ocr_line' id='line_1_52' title="bbox 232 3179 1907 3284; baseline 0 -49"><span class='ocrx_word' id='word_1_398' title='bbox 232 3179 343 3249; x_wconf 80' lang='grc' dir='ltr'>τῆς</span> <span class='ocrx_word' id='word_1_399' title='bbox 364 3221 379 3245; x_wconf 94' lang='grc'><strong>,</strong></span> <span class='ocrx_word' id='word_1_400' title='bbox 412 3180 518 3234; x_wconf 75' lang='grc' dir='ltr'><strong>καί</strong></span> <span class='ocrx_word' id='word_1_401' title='bbox 539 3184 610 3235; x_wconf 89' lang='grc' dir='ltr'>οὺ</span> <span class='ocrx_word' id='word_1_402' title='bbox 640 3181 1111 3247; x_wconf 73' lang='grc' dir='ltr'>σαλευθήσεται·</span> <span class='ocrx_word' id='word_1_403' title='bbox 1134 3180 1431 3250; x_wconf 79' lang='grc' dir='ltr'>βοηθήσει</span> <span class='ocrx_word' id='word_1_404' title='bbox 1454 3180 1609 3249; x_wconf 79' lang='grc' dir='ltr'>αὐτῇ</span> <span class='ocrx_word' id='word_1_405' title='bbox 1630 3184 1663 3235; x_wconf 84' lang='grc' dir='ltr'><strong>ό</strong></span> <span class='ocrx_word' id='word_1_406' title='bbox 1690 3181 1832 3248; x_wconf 84' lang='grc' dir='ltr'>Θεὸς</span> <span class='ocrx_word' id='word_1_407' title='bbox 1865 3227 1907 3284; x_wconf 74' lang='lat' dir='ltr'>C</span> 
     </span>
    </p>
   </div>
   <div class='ocr_carea' id='block_1_53' title="bbox 232 3271 1837 3341">
    <p class='ocr_par' dir='ltr' id='par_1_53' title="bbox 232 3271 1837 3341">
     <span class='ocr_line' id='line_1_53' title="bbox 232 3271 1837 3341; baseline -0.002 -12"><span class='ocrx_word' id='word_1_408' title='bbox 232 3271 296 3329; x_wconf 75' lang='grc' dir='ltr'>τὸ</span> <span class='ocrx_word' id='word_1_409' title='bbox 327 3272 490 3341; x_wconf 77' lang='grc' dir='ltr'>πρὸς</span> <span class='ocrx_word' id='word_1_410' title='bbox 522 3272 671 3341; x_wconf 75' lang='grc' dir='ltr'>πρωῒ</span> <span class='ocrx_word' id='word_1_411' title='bbox 690 3274 856 3341; x_wconf 80' lang='grc' dir='ltr'>πρωΐ.</span> <span class='ocrx_word' id='word_1_412' title='bbox 900 3272 1355 3340; x_wconf 84' lang='grc' dir='ltr'>Ἐταράχθησαν</span> <span class='ocrx_word' id='word_1_413' title='bbox 1381 3272 1551 3341; x_wconf 81' lang='grc' dir='ltr'>ἔθνη,</span> <span class='ocrx_word' id='word_1_414' title='bbox 1581 3272 1837 3326; x_wconf 77' lang='grc' dir='ltr'>ἔκλιναν</span> 
     </span>
    </p>
   </div>
   <div class='ocr_carea' id='block_1_54' title="bbox 234 3361 1831 3434">
    <p class='ocr_par' dir='ltr' id='par_1_54' title="bbox 234 3361 1831 3434">
     <span class='ocr_line' id='line_1_54' title="bbox 234 3361 1831 3434; baseline -0.006 -12"><span class='ocrx_word' id='word_1_415' title='bbox 234 3365 551 3428; x_wconf 73' lang='grc' dir='ltr'>βασιλεῖαι</span> <span class='ocrx_word' id='word_1_416' title='bbox 571 3405 585 3429; x_wconf 93' lang='grc'><strong>,</strong></span> <span class='ocrx_word' id='word_1_417' title='bbox 617 3365 803 3418; x_wconf 77' lang='grc' dir='ltr'>ἔδωκε</span> <span class='ocrx_word' id='word_1_418' title='bbox 828 3364 1039 3433; x_wconf 66' lang='grc' dir='ltr'>φωνὴν</span> <span class='ocrx_word' id='word_1_419' title='bbox 1062 3363 1249 3419; x_wconf 83' lang='grc' dir='ltr'>αὑτοῦ</span> <span class='ocrx_word' id='word_1_420' title='bbox 1268 3403 1281 3427; x_wconf 93' lang='grc'><strong>,</strong></span> <span class='ocrx_word' id='word_1_421' title='bbox 1317 3364 1616 3432; x_wconf 83' lang='grc' dir='ltr'><strong>ἐσαλεύθη</strong></span> <span class='ocrx_word' id='word_1_422' title='bbox 1647 3364 1687 3432; x_wconf 78' lang='grc' dir='ltr'><strong>η</strong></span> <span class='ocrx_word' id='word_1_423' title='bbox 1717 3361 1792 3434; x_wconf 80' lang='grc' dir='ltr'>γῆ</span> <span class='ocrx_word' id='word_1_424' title='bbox 1814 3378 1831 3396; x_wconf 77' lang='grc' dir='ltr'><strong><em>ο</em></strong></span> 
     </span>
    </p>
   </div>
   <div class='ocr_carea' id='block_1_55' title="bbox 236 3455 1834 3527">
    <p class='ocr_par' dir='ltr' id='par_1_55' title="bbox 236 3455 1834 3527">
     <span class='ocr_line' id='line_1_55' title="bbox 236 3455 1834 3527; baseline -0.003 -15"><span class='ocrx_word' id='word_1_425' title='bbox 236 3456 322 3512; x_wconf 75' lang='grc' dir='ltr'><strong>τὸν</strong></span> <span class='ocrx_word' id='word_1_426' title='bbox 358 3458 531 3511; x_wconf 81' lang='grc' dir='ltr'>αὑτὸν</span> <span class='ocrx_word' id='word_1_427' title='bbox 566 3456 765 3527; x_wconf 83' lang='grc' dir='ltr'>τρόπον</span> <span class='ocrx_word' id='word_1_428' title='bbox 798 3456 901 3515; x_wconf 56' lang='grc' dir='ltr'>καὶ</span> <span class='ocrx_word' id='word_1_429' title='bbox 925 3455 1018 3509; x_wconf 89' lang='grc' dir='ltr'><strong>νῦν</strong></span> <span class='ocrx_word' id='word_1_430' title='bbox 1050 3455 1111 3508; x_wconf 78' lang='grc' dir='ltr'>τὸ</span> <span class='ocrx_word' id='word_1_431' title='bbox 1139 3456 1369 3527; x_wconf 78' lang='grc' dir='ltr'>ἐναργὲς</span> <span class='ocrx_word' id='word_1_432' title='bbox 1399 3457 1497 3527; x_wconf 83' lang='grc' dir='ltr'>τῆς</span> <span class='ocrx_word' id='word_1_433' title='bbox 1532 3456 1834 3527; x_wconf 84' lang='grc' dir='ltr'>παρουσίας</span> 
     </span>
    </p>
   </div>
   <div class='ocr_carea' id='block_1_56' title="bbox 241 3544 1831 3617">
    <p class='ocr_par' dir='ltr' id='par_1_56' title="bbox 241 3544 1831 3617">
     <span class='ocr_line' id='line_1_56' title="bbox 241 3544 1831 3617; baseline -0.002 -16"><span class='ocrx_word' id='word_1_434' title='bbox 241 3548 326 3601; x_wconf 72' lang='grc' dir='ltr'><strong>τοῦ</strong></span> <span class='ocrx_word' id='word_1_435' title='bbox 360 3546 506 3600; x_wconf 82' lang='grc' dir='ltr'>Θεοῦ</span> <span class='ocrx_word' id='word_1_436' title='bbox 563 3548 621 3598; x_wconf 83' lang='grc' dir='ltr'>ὲν</span> <span class='ocrx_word' id='word_1_437' title='bbox 652 3548 717 3617; x_wconf 83' lang='grc' dir='ltr'>τῇ</span> <span class='ocrx_word' id='word_1_438' title='bbox 762 3545 913 3598; x_wconf 87' lang='grc' dir='ltr'>πόλει</span> <span class='ocrx_word' id='word_1_439' title='bbox 958 3544 1123 3598; x_wconf 81' lang='grc' dir='ltr'>αὐτοῦ</span> <span class='ocrx_word' id='word_1_440' title='bbox 1159 3546 1454 3617; x_wconf 82' lang='grc' dir='ltr'>παρίστησι</span> <span class='ocrx_word' id='word_1_441' title='bbox 1500 3544 1709 3613; x_wconf 77' lang='grc' dir='ltr'>λέγων’</span> <span class='ocrx_word' id='word_1_442' title='bbox 1779 3546 1831 3598; x_wconf 89' lang='grc' dir='ltr'><em>Ὀ</em></span> 
     </span>
    </p>
   </div>
   <div class='ocr_carea' id='block_1_57' title="bbox 235 3632 1834 3707">
    <p class='ocr_par' dir='ltr' id='par_1_57' title="bbox 235 3632 1834 3707">
     <span class='ocr_line' id='line_1_57' title="bbox 235 3632 1834 3707; baseline -0.003 -14"><span class='ocrx_word' id='word_1_443' title='bbox 235 3640 382 3706; x_wconf 77' lang='grc' dir='ltr'>Θεὸς</span> <span class='ocrx_word' id='word_1_444' title='bbox 402 3642 479 3694; x_wconf 80' lang='grc' dir='ltr'>ἐν</span> <span class='ocrx_word' id='word_1_445' title='bbox 494 3637 759 3707; x_wconf 79' lang='grc' dir='ltr'>,βάρεσιν</span> <span class='ocrx_word' id='word_1_446' title='bbox 782 3636 970 3704; x_wconf 80' lang='grc' dir='ltr'>αὐτῆς</span> <span class='ocrx_word' id='word_1_447' title='bbox 989 3632 1368 3707; x_wconf 77' lang='grc' dir='ltr'>γινώσκεται,</span> <span class='ocrx_word' id='word_1_448' title='bbox 1394 3635 1539 3688; x_wconf 85' lang='grc' dir='ltr'>ὅταν</span> <span class='ocrx_word' id='word_1_449' title='bbox 1561 3636 1834 3706; x_wconf 73' lang='grc' dir='ltr'>ἀντιλαμ-</span> 
     </span>
    </p>
   </div>
   <div class='ocr_carea' id='block_1_58' title="bbox 236 3726 1834 3801">
    <p class='ocr_par' dir='ltr' id='par_1_58' title="bbox 236 3726 1834 3801">
     <span class='ocr_line' id='line_1_58' title="bbox 236 3726 1834 3801; baseline -0.003 -16"><span class='ocrx_word' id='word_1_450' title='bbox 236 3731 491 3801; x_wconf 78' lang='grc' dir='ltr'>6ἁνηται</span> <span class='ocrx_word' id='word_1_451' title='bbox 519 3731 726 3800; x_wconf 80' lang='grc' dir='ltr'>αὐτῆς.</span> <span class='ocrx_word' id='word_1_452' title='bbox 771 3729 917 3782; x_wconf 77' lang='grc' dir='ltr'>Ἀντὶ</span> <span class='ocrx_word' id='word_1_453' title='bbox 942 3728 999 3782; x_wconf 84' lang='grc' dir='ltr'><strong>δὲ</strong></span> <span class='ocrx_word' id='word_1_454' title='bbox 1021 3727 1136 3792; x_wconf 87' lang='grc' dir='ltr'>τοῦ,</span> <span class='ocrx_word' id='word_1_455' title='bbox 1174 3729 1275 3781; x_wconf 88' lang='grc' dir='ltr'>Ἐν</span> <span class='ocrx_word' id='word_1_456' title='bbox 1298 3726 1427 3792; x_wconf 86' lang='grc' dir='ltr'>ταῖς</span> <span class='ocrx_word' id='word_1_457' title='bbox 1446 3726 1707 3794; x_wconf 82' lang='grc' dir='ltr'>,ϐάρεσιν</span> <span class='ocrx_word' id='word_1_458' title='bbox 1727 3729 1834 3781; x_wconf 84' lang='grc' dir='ltr'><strong>αὑ-</strong></span> 
     </span>
    </p>
   </div>
   <div class='ocr_carea' id='block_1_59' title="bbox 239 3818 1834 3893">
    <p class='ocr_par' dir='ltr' id='par_1_59' title="bbox 239 3818 1834 3893">
     <span class='ocr_line' id='line_1_59' title="bbox 239 3818 1834 3893; baseline -0.003 -18"><span class='ocrx_word' id='word_1_459' title='bbox 239 3822 347 3891; x_wconf 81' lang='grc' dir='ltr'>τῆς</span> <span class='ocrx_word' id='word_1_460' title='bbox 366 3864 379 3885; x_wconf 92' lang='grc'><strong>,</strong></span> <span class='ocrx_word' id='word_1_461' title='bbox 402 3825 432 3875; x_wconf 84' lang='grc' dir='ltr'><strong>ό</strong></span> <span class='ocrx_word' id='word_1_462' title='bbox 454 3822 752 3893; x_wconf 80' lang='grc' dir='ltr'>Σύμμαχος</span> <span class='ocrx_word' id='word_1_463' title='bbox 770 3838 783 3850; x_wconf 92' lang='grc'><strong>·</strong></span> <span class='ocrx_word' id='word_1_464' title='bbox 847 3822 950 3875; x_wconf 81' lang='grc' dir='ltr'>Ἐν</span> <span class='ocrx_word' id='word_1_465' title='bbox 970 3818 1095 3885; x_wconf 83' lang='grc' dir='ltr'>τοῖς</span> <span class='ocrx_word' id='word_1_466' title='bbox 1123 3818 1465 3885; x_wconf 76' lang='grc' dir='ltr'>,βασιλείοις</span> <span class='ocrx_word' id='word_1_467' title='bbox 1484 3818 1674 3886; x_wconf 81' lang='grc' dir='ltr'>αὐτῆς</span> <span class='ocrx_word' id='word_1_468' title='bbox 1694 3836 1834 3887; x_wconf 79' lang='grc' dir='ltr'>γνω-</span> 
     </span>
    </p>
   </div>
   <div class='ocr_carea' id='block_1_60' title="bbox 238 3907 1833 3985">
    <p class='ocr_par' dir='ltr' id='par_1_60' title="bbox 238 3907 1833 3985">
     <span class='ocr_line' id='line_1_60' title="bbox 238 3907 1833 3985; baseline -0.004 -19"><span class='ocrx_word' id='word_1_469' title='bbox 238 3916 557 3979; x_wconf 75' lang='grc' dir='ltr'>σθήσεται,</span> <span class='ocrx_word' id='word_1_470' title='bbox 590 3914 828 3985; x_wconf 69' lang='grc' dir='ltr'>εἴρηκενέ</span> <span class='ocrx_word' id='word_1_471' title='bbox 847 3909 1113 3981; x_wconf 82' lang='grc' dir='ltr'>Ἀφανοῦς</span> <span class='ocrx_word' id='word_1_472' title='bbox 1141 3909 1250 3980; x_wconf 82' lang='grc' dir='ltr'><strong>γὰρ</strong></span> <span class='ocrx_word' id='word_1_473' title='bbox 1282 3908 1433 3972; x_wconf 73' lang='grc' dir='ltr'>ὄντος</span> <span class='ocrx_word' id='word_1_474' title='bbox 1452 3908 1545 3961; x_wconf 87' lang='grc' dir='ltr'><strong>τοῦ</strong></span> <span class='ocrx_word' id='word_1_475' title='bbox 1574 3907 1707 3961; x_wconf 88' lang='grc' dir='ltr'>Θεοῦ</span> <span class='ocrx_word' id='word_1_476' title='bbox 1738 3908 1833 3961; x_wconf 81' lang='grc' dir='ltr'>καὶ</span> 
     </span>
    </p>
   </div>
   <div class='ocr_carea' id='block_1_61' title="bbox 240 3997 1829 4075">
    <p class='ocr_par' dir='ltr' id='par_1_61' title="bbox 240 3997 1829 4075">
     <span class='ocr_line' id='line_1_61' title="bbox 240 3997 1829 4075; baseline -0.005 -18"><span class='ocrx_word' id='word_1_477' title='bbox 240 4005 502 4075; x_wconf 78' lang='grc' dir='ltr'>ἀοράτου,</span> <span class='ocrx_word' id='word_1_478' title='bbox 530 4004 650 4057; x_wconf 86' lang='grc' dir='ltr'>τότε</span> <span class='ocrx_word' id='word_1_479' title='bbox 676 4003 911 4075; x_wconf 79' lang='grc' dir='ltr'>μάλιστα</span> <span class='ocrx_word' id='word_1_480' title='bbox 934 4003 967 4072; x_wconf 82' lang='grc' dir='ltr'>ἡ</span> <span class='ocrx_word' id='word_1_481' title='bbox 995 4000 1265 4071; x_wconf 87' lang='grc' dir='ltr'>παρουσία</span> <span class='ocrx_word' id='word_1_482' title='bbox 1290 3997 1454 4051; x_wconf 82' lang='grc' dir='ltr'>αὑτοῦ</span> <span class='ocrx_word' id='word_1_483' title='bbox 1482 3997 1829 4066; x_wconf 84' lang='grc' dir='ltr'>γινώσκεται,</span> 
     </span>
    </p>
   </div>
   <div class='ocr_carea' id='block_1_62' title="bbox 241 4086 1834 4163">
    <p class='ocr_par' dir='ltr' id='par_1_62' title="bbox 241 4086 1834 4163">
     <span class='ocr_line' id='line_1_62' title="bbox 241 4086 1834 4163; baseline -0.003 -18"><span class='ocrx_word' id='word_1_484' title='bbox 241 4094 386 4156; x_wconf 77' lang='grc' dir='ltr'>ὅταν,</span> <span class='ocrx_word' id='word_1_485' title='bbox 421 4093 701 4163; x_wconf 85' lang='grc' dir='ltr'>πολεμίων</span> <span class='ocrx_word' id='word_1_486' title='bbox 721 4090 1058 4160; x_wconf 76' lang='grc' dir='ltr'>ἐπιθεμένων</span> <span class='ocrx_word' id='word_1_487' title='bbox 1078 4091 1144 4160; x_wconf 80' lang='grc' dir='ltr'>τῇ</span> <span class='ocrx_word' id='word_1_488' title='bbox 1171 4086 1335 4142; x_wconf 79' lang='grc' dir='ltr'>αὐτοῦ</span> <span class='ocrx_word' id='word_1_489' title='bbox 1362 4086 1545 4151; x_wconf 87' lang='grc' dir='ltr'>πόλει,</span> <span class='ocrx_word' id='word_1_490' title='bbox 1574 4086 1670 4158; x_wconf 79' lang='grc' dir='ltr'>τὴν</span> <span class='ocrx_word' id='word_1_491' title='bbox 1692 4087 1834 4141; x_wconf 85' lang='grc' dir='ltr'>ἀντί-</span> 
     </span>
    </p>
   </div>
   <div class='ocr_carea' id='block_1_63' title="bbox 243 4176 1832 4255">
    <p class='ocr_par' dir='ltr' id='par_1_63' title="bbox 243 4176 1832 4255">
     <span class='ocr_line' id='line_1_63' title="bbox 243 4176 1832 4255; baseline -0.003 -20"><span class='ocrx_word' id='word_1_492' title='bbox 243 4184 399 4254; x_wconf 71' lang='grc' dir='ltr'>ληψιν</span> <span class='ocrx_word' id='word_1_493' title='bbox 432 4185 573 4255; x_wconf 80' lang='grc' dir='ltr'>αὐτῇ</span> <span class='ocrx_word' id='word_1_494' title='bbox 608 4184 855 4254; x_wconf 85' lang='grc' dir='ltr'>παρέχει.</span> <span class='ocrx_word' id='word_1_495' title='bbox 904 4183 1095 4253; x_wconf 86' lang='grc' dir='ltr'>Βάρεις</span> <span class='ocrx_word' id='word_1_496' title='bbox 1126 4182 1182 4234; x_wconf 87' lang='grc' dir='ltr'><strong>δὲ</strong></span> <span class='ocrx_word' id='word_1_497' title='bbox 1216 4181 1313 4251; x_wconf 84' lang='grc' dir='ltr'>τῆς</span> <span class='ocrx_word' id='word_1_498' title='bbox 1343 4179 1548 4243; x_wconf 85' lang='grc' dir='ltr'>πόλεως</span> <span class='ocrx_word' id='word_1_499' title='bbox 1582 4178 1734 4242; x_wconf 86' lang='grc' dir='ltr'>τίνας</span> <span class='ocrx_word' id='word_1_500' title='bbox 1765 4176 1832 4231; x_wconf 84' lang='grc' dir='ltr'><strong>ἂν</strong></span> 
     </span>
    </p>
   </div>
   <div class='ocr_carea' id='block_1_64' title="bbox 242 4269 1832 4347">
    <p class='ocr_par' dir='ltr' id='par_1_64' title="bbox 242 4269 1832 4347">
     <span class='ocr_line' id='line_1_64' title="bbox 242 4269 1832 4347; baseline -0.002 -22"><span class='ocrx_word' id='word_1_501' title='bbox 242 4275 411 4340; x_wconf 83' lang='grc' dir='ltr'>εἴποις</span> <span class='ocrx_word' id='word_1_502' title='bbox 427 4277 462 4347; x_wconf 82' lang='grc' dir='ltr'>ἢ</span> <span class='ocrx_word' id='word_1_503' title='bbox 481 4277 581 4339; x_wconf 83' lang='grc' dir='ltr'>τὰς</span> <span class='ocrx_word' id='word_1_504' title='bbox 601 4276 816 4347; x_wconf 74' lang='grc' dir='ltr'>ἁφωρισ</span> <span class='ocrx_word' id='word_1_505' title='bbox 824 4275 987 4345; x_wconf 83' lang='grc' dir='ltr'>μένας</span> <span class='ocrx_word' id='word_1_506' title='bbox 1007 4273 1148 4328; x_wconf 84' lang='grc' dir='ltr'>κατὰ</span> <span class='ocrx_word' id='word_1_507' title='bbox 1169 4271 1351 4344; x_wconf 83' lang='grc' dir='ltr'>χώρας</span> <span class='ocrx_word' id='word_1_508' title='bbox 1368 4272 1460 4324; x_wconf 72' lang='grc' dir='ltr'><strong>καὶ</strong></span> <span class='ocrx_word' id='word_1_509' title='bbox 1482 4270 1620 4324; x_wconf 83' lang='grc' dir='ltr'>κατὰ</span> <span class='ocrx_word' id='word_1_510' title='bbox 1635 4269 1832 4333; x_wconf 90' lang='grc' dir='ltr'>τόπους</span> 
     </span>
    </p>
   </div>
   <div class='ocr_carea' id='block_1_65' title="bbox 246 4362 1832 4438">
    <p class='ocr_par' dir='ltr' id='par_1_65' title="bbox 246 4362 1832 4438">
     <span class='ocr_line' id='line_1_65' title="bbox 246 4362 1832 4438; baseline -0.003 -21"><span class='ocrx_word' id='word_1_511' title='bbox 246 4367 570 4438; x_wconf 48' lang='grc' dir='ltr'>ἐκκλησίας</span> <span class='ocrx_word' id='word_1_512' title='bbox 604 4368 677 4420; x_wconf 86' lang='grc' dir='ltr'>Τὸ</span> <span class='ocrx_word' id='word_1_513' title='bbox 727 4367 825 4437; x_wconf 81' lang='grc' dir='ltr'><strong>μὲν</strong></span> <span class='ocrx_word' id='word_1_514' title='bbox 870 4367 978 4438; x_wconf 85' lang='grc' dir='ltr'>γὰρ</span> <span class='ocrx_word' id='word_1_515' title='bbox 1023 4367 1131 4419; x_wconf 81' lang='grc' dir='ltr'>πᾶν</span> <span class='ocrx_word' id='word_1_516' title='bbox 1165 4364 1413 4428; x_wconf 78' lang='grc' dir='ltr'>οεοσεόὲς</span> <span class='ocrx_word' id='word_1_517' title='bbox 1440 4363 1740 4432; x_wconf 86' lang='grc' dir='ltr'>πολίτευμα</span> <span class='ocrx_word' id='word_1_518' title='bbox 1771 4362 1832 4414; x_wconf 80' lang='grc' dir='ltr'>τὸ</span> 
     </span>
    </p>
   </div>
   <div class='ocr_carea' id='block_1_66' title="bbox 247 4455 1830 4531">
    <p class='ocr_par' dir='ltr' id='par_1_66' title="bbox 247 4455 1830 4531">
     <span class='ocr_line' id='line_1_66' title="bbox 247 4455 1830 4531; baseline -0.004 -21"><span class='ocrx_word' id='word_1_519' title='bbox 247 4458 361 4510; x_wconf 75' lang='grc' dir='ltr'>καθ’</span> <span class='ocrx_word' id='word_1_520' title='bbox 390 4460 523 4531; x_wconf 86' lang='grc' dir='ltr'>ὅλης</span> <span class='ocrx_word' id='word_1_521' title='bbox 546 4460 645 4529; x_wconf 85' lang='grc' dir='ltr'>τῆς</span> <span class='ocrx_word' id='word_1_522' title='bbox 677 4458 1001 4529; x_wconf 73' lang='grc' dir='ltr'>οἰκουμένης</span> <span class='ocrx_word' id='word_1_523' title='bbox 1033 4456 1300 4519; x_wconf 89' lang='grc' dir='ltr'>συνεστὼς</span> <span class='ocrx_word' id='word_1_524' title='bbox 1328 4458 1362 4527; x_wconf 81' lang='grc' dir='ltr'>ὴ</span> <span class='ocrx_word' id='word_1_525' title='bbox 1396 4455 1605 4526; x_wconf 80' lang='grc' dir='ltr'>μεγάλη</span> <span class='ocrx_word' id='word_1_526' title='bbox 1631 4456 1830 4507; x_wconf 75' lang='grc' dir='ltr'>νοεῖται</span> 
     </span>
    </p>
   </div>
   <div class='ocr_carea' id='block_1_67' title="bbox 1942 2446 3521 2527">
    <p class='ocr_par' dir='ltr' id='par_1_67' title="bbox 1942 2446 3521 2527">
     <span class='ocr_line' id='line_1_67' title="bbox 1942 2446 3521 2527; baseline 0.009 -26"><span class='ocrx_word' id='word_1_527' title='bbox 1942 2446 2361 2516; x_wconf 81' lang='lat' dir='ltr'><strong>ptentrionalem</strong></span> <span class='ocrx_word' id='word_1_528' title='bbox 2408 2457 2575 2504; x_wconf 90' lang='lat' dir='ltr'><strong>totam</strong></span> <span class='ocrx_word' id='word_1_529' title='bbox 2611 2451 2822 2522; x_wconf 87' lang='lat' dir='ltr'><strong>plagam</strong></span> <span class='ocrx_word' id='word_1_530' title='bbox 2863 2464 3113 2525; x_wconf 84' lang='lat' dir='ltr'><strong>occupat,</strong></span> <span class='ocrx_word' id='word_1_531' title='bbox 3168 2456 3303 2527; x_wconf 87' lang='lat' dir='ltr'><strong>ipsis</strong></span> <span class='ocrx_word' id='word_1_532' title='bbox 3344 2460 3521 2517; x_wconf 86' lang='lat' dir='ltr'><strong>oculis</strong></span> 
     </span>
    </p>
   </div>
   <div class='ocr_carea' id='block_1_68' title="bbox 1944 2536 3519 2617">
    <p class='ocr_par' dir='ltr' id='par_1_68' title="bbox 1944 2536 3519 2617">
     <span class='ocr_line' id='line_1_68' title="bbox 1944 2536 3519 2617; baseline 0.01 -28"><span class='ocrx_word' id='word_1_533' title='bbox 1944 2536 2283 2607; x_wconf 87' lang='lat' dir='ltr'><strong>percipitur;</strong></span> <span class='ocrx_word' id='word_1_534' title='bbox 2314 2539 2666 2607; x_wconf 88' lang='lat' dir='ltr'><strong>quamobrem</strong></span> <span class='ocrx_word' id='word_1_535' title='bbox 2702 2541 2910 2596; x_wconf 89' lang='lat' dir='ltr'><strong>dictum</strong></span> <span class='ocrx_word' id='word_1_536' title='bbox 2957 2553 3042 2599; x_wconf 89' lang='lat' dir='ltr'><strong>est</strong></span> <span class='ocrx_word' id='word_1_537' title='bbox 3076 2564 3090 2600; x_wconf 87' lang='lat'>:</span> <span class='ocrx_word' id='word_1_538' title='bbox 3124 2544 3330 2603; x_wconf 77' lang='lat' dir='ltr'><strong>Montes</strong></span> <span class='ocrx_word' id='word_1_539' title='bbox 3365 2546 3519 2617; x_wconf 82' lang='lat' dir='ltr'><strong>Sion,</strong></span> 
     </span>
    </p>
   </div>
   <div class='ocr_carea' id='block_1_69' title="bbox 1941 2628 3048 2703">
    <p class='ocr_par' dir='ltr' id='par_1_69' title="bbox 1941 2628 3048 2703">
     <span class='ocr_line' id='line_1_69' title="bbox 1941 2628 3048 2703; baseline 0.006 -22"><span class='ocrx_word' id='word_1_540' title='bbox 1941 2628 2111 2683; x_wconf 83' lang='lat' dir='ltr'><strong>latera</strong></span> <span class='ocrx_word' id='word_1_541' title='bbox 2145 2630 2433 2699; x_wconf 78' lang='lat' dir='ltr'><strong>aquilonis,</strong></span> <span class='ocrx_word' id='word_1_542' title='bbox 2467 2630 2652 2686; x_wconf 80' lang='lat' dir='ltr'><strong>civitas</strong></span> <span class='ocrx_word' id='word_1_543' title='bbox 2685 2632 2818 2703; x_wconf 84' lang='lat' dir='ltr'><strong>regis</strong></span> <span class='ocrx_word' id='word_1_544' title='bbox 2850 2635 3048 2703; x_wconf 84' lang='lat' dir='ltr'><strong>magni.</strong></span> 
     </span>
    </p>
   </div>
   <div class='ocr_carea' id='block_1_70' title="bbox 1944 2810 3520 2887">
    <p class='ocr_par' dir='ltr' id='par_1_70' title="bbox 1944 2810 3520 2887">
     <span class='ocr_line' id='line_1_70' title="bbox 1944 2810 3520 2887; baseline 0.006 -24"><span class='ocrx_word' id='word_1_545' title='bbox 1944 2832 1955 2867; x_wconf 73' lang='grc' dir='ltr'><strong>ι</strong></span> <span class='ocrx_word' id='word_1_546' title='bbox 2009 2810 2177 2866; x_wconf 77' lang='lat' dir='ltr'><strong>Vens.</strong></span> <span class='ocrx_word' id='word_1_547' title='bbox 2210 2810 2369 2866; x_wconf 72' lang='grc'><strong>4-8.</strong></span> <span class='ocrx_word' id='word_1_548' title='bbox 2415 2811 2557 2866; x_wconf 84' lang='lat' dir='ltr'><strong>Deus</strong></span> <span class='ocrx_word' id='word_1_549' title='bbox 2612 2813 2668 2866; x_wconf 91' lang='lat' dir='ltr'><strong>in</strong></span> <span class='ocrx_word' id='word_1_550' title='bbox 2717 2812 2960 2868; x_wconf 89' lang='lat' dir='ltr'><strong>domibus</strong></span> <span class='ocrx_word' id='word_1_551' title='bbox 3000 2814 3115 2884; x_wconf 82' lang='lat' dir='ltr'><strong>ejus</strong></span> <span class='ocrx_word' id='word_1_552' title='bbox 3168 2819 3520 2887; x_wconf 58' lang='lat' dir='ltr'><strong>cognoscitur.</strong></span> 
     </span>
    </p>
   </div>
   <div class='ocr_carea' id='block_1_71' title="bbox 1941 2901 3504 2975">
    <p class='ocr_par' dir='ltr' id='par_1_71' title="bbox 1941 2901 3504 2975">
     <span class='ocr_line' id='line_1_71' title="bbox 1941 2901 3504 2975; baseline 0.006 -20"><span class='ocrx_word' id='word_1_553' title='bbox 1941 2901 2042 2957; x_wconf 79' lang='lat' dir='ltr'><strong>llic</strong></span> <span class='ocrx_word' id='word_1_554' title='bbox 2073 2918 2289 2958; x_wconf 88' lang='lat' dir='ltr'><strong>rursum</strong></span> <span class='ocrx_word' id='word_1_555' title='bbox 2317 2904 2472 2975; x_wconf 88' lang='lat' dir='ltr'><strong>signa</strong></span> <span class='ocrx_word' id='word_1_556' title='bbox 2502 2906 2804 2973; x_wconf 66' lang='lat' dir='ltr'><strong>praesentia:</strong></span> <span class='ocrx_word' id='word_1_557' title='bbox 2837 2904 2932 2960; x_wconf 89' lang='lat' dir='ltr'><strong>Dei</strong></span> <span class='ocrx_word' id='word_1_558' title='bbox 2965 2906 3020 2960; x_wconf 91' lang='lat' dir='ltr'><strong>in</strong></span> <span class='ocrx_word' id='word_1_559' title='bbox 3060 2917 3356 2963; x_wconf 90' lang='lat' dir='ltr'><strong>memorata</strong></span> <span class='ocrx_word' id='word_1_560' title='bbox 3386 2910 3504 2972; x_wconf 72' lang='lat' dir='ltr'><strong>civi</strong></span> 
     </span>
    </p>
   </div>
   <div class='ocr_carea' id='block_1_72' title="bbox 1942 2992 3519 3066">
    <p class='ocr_par' dir='ltr' id='par_1_72' title="bbox 1942 2992 3519 3066">
     <span class='ocr_line' id='line_1_72' title="bbox 1942 2992 3519 3066; baseline 0.004 -19"><span class='ocrx_word' id='word_1_561' title='bbox 1942 3000 2054 3049; x_wconf 90' lang='lat' dir='ltr'><strong>tate</strong></span> <span class='ocrx_word' id='word_1_562' title='bbox 2098 3007 2200 3048; x_wconf 89' lang='lat' dir='ltr'><strong>sua</strong></span> <span class='ocrx_word' id='word_1_563' title='bbox 2256 2993 2587 3063; x_wconf 88' lang='lat' dir='ltr'><strong>suppeditat.</strong></span> <span class='ocrx_word' id='word_1_564' title='bbox 2637 2992 2793 3048; x_wconf 91' lang='lat' dir='ltr'><strong>Sicut</strong></span> <span class='ocrx_word' id='word_1_565' title='bbox 2841 2996 2986 3049; x_wconf 90' lang='lat' dir='ltr'><strong>enim</strong></span> <span class='ocrx_word' id='word_1_566' title='bbox 3033 2997 3286 3066; x_wconf 89' lang='lat' dir='ltr'><strong>superius</strong></span> <span class='ocrx_word' id='word_1_567' title='bbox 3312 2998 3519 3054; x_wconf 90' lang='lat' dir='ltr'><strong>dictum</strong></span> 
     </span>
    </p>
   </div>
   <div class='ocr_carea' id='block_1_73' title="bbox 1941 3082 3517 3158">
    <p class='ocr_par' dir='ltr' id='par_1_73' title="bbox 1941 3082 3517 3158">
     <span class='ocr_line' id='line_1_73' title="bbox 1941 3082 3517 3158; baseline 0.003 -19"><span class='ocrx_word' id='word_1_568' title='bbox 1941 3090 2025 3140; x_wconf 84' lang='lat' dir='ltr'><strong>est</strong></span> <span class='ocrx_word' id='word_1_569' title='bbox 2068 3101 2082 3137; x_wconf 91' lang='lat'><strong>:</strong></span> <span class='ocrx_word' id='word_1_570' title='bbox 2116 3082 2255 3137; x_wconf 82' lang='lat' dir='ltr'><strong>Deus</strong></span> <span class='ocrx_word' id='word_1_571' title='bbox 2292 3084 2345 3137; x_wconf 89' lang='lat' dir='ltr'><strong>in</strong></span> <span class='ocrx_word' id='word_1_572' title='bbox 2377 3083 2548 3139; x_wconf 90' lang='lat' dir='ltr'><strong>medio</strong></span> <span class='ocrx_word' id='word_1_573' title='bbox 2580 3085 2719 3154; x_wconf 86' lang='lat' dir='ltr'><strong>ejus,</strong></span> <span class='ocrx_word' id='word_1_574' title='bbox 2753 3100 2857 3138; x_wconf 91' lang='lat' dir='ltr'><strong>non</strong></span> <span class='ocrx_word' id='word_1_575' title='bbox 2885 3086 3335 3142; x_wconf 89' lang='lat' dir='ltr'><strong>commovebitur:</strong></span> <span class='ocrx_word' id='word_1_576' title='bbox 3363 3090 3517 3158; x_wconf 82' lang='lat' dir='ltr'><strong>adju-</strong></span> 
     </span>
    </p>
   </div>
   <div class='ocr_carea' id='block_1_74' title="bbox 1942 3173 3517 3250">
    <p class='ocr_par' dir='ltr' id='par_1_74' title="bbox 1942 3173 3517 3250">
     <span class='ocr_line' id='line_1_74' title="bbox 1942 3173 3517 3250; baseline 0.003 -20"><span class='ocrx_word' id='word_1_577' title='bbox 1942 3177 2083 3230; x_wconf 81' lang='lat' dir='ltr'><strong>vabit</strong></span> <span class='ocrx_word' id='word_1_578' title='bbox 2109 3192 2228 3230; x_wconf 89' lang='lat' dir='ltr'><strong>eam</strong></span> <span class='ocrx_word' id='word_1_579' title='bbox 2256 3173 2398 3231; x_wconf 89' lang='lat' dir='ltr'><strong>Deus</strong></span> <span class='ocrx_word' id='word_1_580' title='bbox 2425 3192 2581 3229; x_wconf 88' lang='lat' dir='ltr'><strong>mane</strong></span> <span class='ocrx_word' id='word_1_581' title='bbox 2608 3176 2861 3230; x_wconf 86' lang='lat' dir='ltr'><strong>diluculo.</strong></span> <span class='ocrx_word' id='word_1_582' title='bbox 2893 3175 3239 3235; x_wconf 79' lang='lat' dir='ltr'><strong>Conturbata:</strong></span> <span class='ocrx_word' id='word_1_583' title='bbox 3258 3189 3381 3234; x_wconf 83' lang='lat' dir='ltr'><strong>sunt</strong></span> <span class='ocrx_word' id='word_1_584' title='bbox 3402 3197 3517 3250; x_wconf 80' lang='lat' dir='ltr'><strong>gen-</strong></span> 
     </span>
    </p>
   </div>
   <div class='ocr_carea' id='block_1_75' title="bbox 1942 3267 3519 3336">
    <p class='ocr_par' dir='ltr' id='par_1_75' title="bbox 1942 3267 3519 3336">
     <span class='ocr_line' id='line_1_75' title="bbox 1942 3267 3519 3336; baseline 0.003 -14"><span class='ocrx_word' id='word_1_585' title='bbox 1942 3276 2018 3322; x_wconf 85' lang='lat' dir='ltr'><strong>tes</strong></span> <span class='ocrx_word' id='word_1_586' title='bbox 2045 3276 2096 3322; x_wconf 85' lang='lat' dir='ltr'><strong>et</strong></span> <span class='ocrx_word' id='word_1_587' title='bbox 2121 3268 2380 3322; x_wconf 85' lang='lat' dir='ltr'><strong>inclinata</strong></span> <span class='ocrx_word' id='word_1_588' title='bbox 2406 3277 2530 3322; x_wconf 89' lang='lat' dir='ltr'><strong>sunt</strong></span> <span class='ocrx_word' id='word_1_589' title='bbox 2572 3282 2768 3336; x_wconf 88' lang='lat' dir='ltr'><strong>regna;</strong></span> <span class='ocrx_word' id='word_1_590' title='bbox 2803 3267 2947 3322; x_wconf 81' lang='lat' dir='ltr'><strong>dedit</strong></span> <span class='ocrx_word' id='word_1_591' title='bbox 2973 3284 3144 3323; x_wconf 85' lang='lat' dir='ltr'><strong>vocem</strong></span> <span class='ocrx_word' id='word_1_592' title='bbox 3172 3286 3346 3335; x_wconf 89' lang='lat' dir='ltr'><strong>suam,</strong></span> <span class='ocrx_word' id='word_1_593' title='bbox 3376 3281 3519 3326; x_wconf 84' lang='lat' dir='ltr'><strong>mota</strong></span> 
     </span>
    </p>
   </div>
   <div class='ocr_carea' id='block_1_76' title="bbox 1939 3359 3518 3433">
    <p class='ocr_par' dir='ltr' id='par_1_76' title="bbox 1939 3359 3518 3433">
     <span class='ocr_line' id='line_1_76' title="bbox 1939 3359 3518 3433; baseline 0.003 -20"><span class='ocrx_word' id='word_1_594' title='bbox 1939 3367 2019 3414; x_wconf 84' lang='lat' dir='ltr'><strong>est</strong></span> <span class='ocrx_word' id='word_1_595' title='bbox 2061 3368 2204 3414; x_wconf 86' lang='lat' dir='ltr'><strong>terra</strong></span> <span class='ocrx_word' id='word_1_596' title='bbox 2238 3359 2305 3426; x_wconf 84' lang='grc'>¹⁸,</span> <span class='ocrx_word' id='word_1_597' title='bbox 2356 3359 2545 3416; x_wconf 90' lang='lat' dir='ltr'><strong>eadem</strong></span> <span class='ocrx_word' id='word_1_598' title='bbox 2608 3359 2820 3414; x_wconf 82' lang='lat' dir='ltr'><strong>ratione</strong></span> <span class='ocrx_word' id='word_1_599' title='bbox 2879 3368 2934 3415; x_wconf 90' lang='lat' dir='ltr'><strong>et</strong></span> <span class='ocrx_word' id='word_1_600' title='bbox 2968 3376 3117 3416; x_wconf 91' lang='lat' dir='ltr'><strong>nunc</strong></span> <span class='ocrx_word' id='word_1_601' title='bbox 3164 3362 3518 3433; x_wconf 86' lang='lat' dir='ltr'><strong>conspicuam</strong></span> 
     </span>
    </p>
   </div>
   <div class='ocr_carea' id='block_1_77' title="bbox 1941 3448 3518 3521">
    <p class='ocr_par' dir='ltr' id='par_1_77' title="bbox 1941 3448 3518 3521">
     <span class='ocr_line' id='line_1_77' title="bbox 1941 3448 3518 3521; baseline 0.003 -17"><span class='ocrx_word' id='word_1_602' title='bbox 1941 3448 2035 3505; x_wconf 91' lang='lat' dir='ltr'><strong>Dei</strong></span> <span class='ocrx_word' id='word_1_603' title='bbox 2073 3450 2129 3504; x_wconf 91' lang='lat' dir='ltr'><strong>in</strong></span> <span class='ocrx_word' id='word_1_604' title='bbox 2157 3449 2381 3506; x_wconf 86' lang='lat' dir='ltr'><strong>civitate</strong></span> <span class='ocrx_word' id='word_1_605' title='bbox 2412 3465 2512 3506; x_wconf 89' lang='lat' dir='ltr'><strong>sua</strong></span> <span class='ocrx_word' id='word_1_606' title='bbox 2538 3451 2883 3521; x_wconf 73' lang='lat' dir='ltr'><strong>praesentiam</strong></span> <span class='ocrx_word' id='word_1_607' title='bbox 2924 3451 3167 3507; x_wconf 86' lang='lat' dir='ltr'><strong>declarat</strong></span> <span class='ocrx_word' id='word_1_608' title='bbox 3194 3451 3281 3508; x_wconf 88' lang='lat' dir='ltr'><strong>his</strong></span> <span class='ocrx_word' id='word_1_609' title='bbox 3313 3452 3518 3518; x_wconf 87' lang='lat' dir='ltr'><strong>verbis,</strong></span> 
     </span>
    </p>
   </div>
   <div class='ocr_carea' id='block_1_78' title="bbox 1939 3539 3517 3614">
    <p class='ocr_par' dir='ltr' id='par_1_78' title="bbox 1939 3539 3517 3614">
     <span class='ocr_line' id='line_1_78' title="bbox 1939 3539 3517 3614; baseline 0.002 -20"><span class='ocrx_word' id='word_1_610' title='bbox 1939 3539 2083 3594; x_wconf 86' lang='lat' dir='ltr'><strong>Deus</strong></span> <span class='ocrx_word' id='word_1_611' title='bbox 2136 3540 2191 3594; x_wconf 90' lang='lat' dir='ltr'><strong>in</strong></span> <span class='ocrx_word' id='word_1_612' title='bbox 2251 3539 2494 3596; x_wconf 86' lang='lat' dir='ltr'><strong>domibus</strong></span> <span class='ocrx_word' id='word_1_613' title='bbox 2550 3542 2663 3611; x_wconf 83' lang='lat' dir='ltr'><strong>ejus</strong></span> <span class='ocrx_word' id='word_1_614' title='bbox 2690 3543 3065 3613; x_wconf 78' lang='lat' dir='ltr'><strong>cognoscitur,</strong></span> <span class='ocrx_word' id='word_1_615' title='bbox 3107 3558 3225 3596; x_wconf 88' lang='lat' dir='ltr'><strong>cum</strong></span> <span class='ocrx_word' id='word_1_616' title='bbox 3274 3543 3517 3614; x_wconf 82' lang='lat' dir='ltr'><strong>suscipiet</strong></span> 
     </span>
    </p>
   </div>
   <div class='ocr_carea' id='block_1_79' title="bbox 1939 3628 3517 3706">
    <p class='ocr_par' dir='ltr' id='par_1_79' title="bbox 1939 3628 3517 3706">
     <span class='ocr_line' id='line_1_79' title="bbox 1939 3628 3517 3706; baseline 0.002 -21"><span class='ocrx_word' id='word_1_617' title='bbox 1939 3646 2077 3686; x_wconf 90' lang='lat' dir='ltr'><strong>eam.</strong></span> <span class='ocrx_word' id='word_1_618' title='bbox 2128 3628 2260 3701; x_wconf 84' lang='lat' dir='ltr'><strong>Ejus</strong></span> <span class='ocrx_word' id='word_1_619' title='bbox 2301 3639 2484 3689; x_wconf 90' lang='lat' dir='ltr'><strong>autem</strong></span> <span class='ocrx_word' id='word_1_620' title='bbox 2526 3632 2668 3698; x_wconf 91' lang='lat' dir='ltr'><strong>loco,</strong></span> <span class='ocrx_word' id='word_1_621' title='bbox 2699 3633 2756 3687; x_wconf 92' lang='lat' dir='ltr'><strong>in</strong></span> <span class='ocrx_word' id='word_1_622' title='bbox 2797 3633 3040 3689; x_wconf 87' lang='lat' dir='ltr'><strong>domibus</strong></span> <span class='ocrx_word' id='word_1_623' title='bbox 3088 3634 3224 3703; x_wconf 88' lang='lat' dir='ltr'><strong>ejus,</strong></span> <span class='ocrx_word' id='word_1_624' title='bbox 3281 3632 3517 3706; x_wconf 85' lang='lat' dir='ltr'><strong>Symma-</strong></span> 
     </span>
    </p>
   </div>
   <div class='ocr_carea' id='block_1_80' title="bbox 1940 3722 3518 3793">
    <p class='ocr_par' dir='ltr' id='par_1_80' title="bbox 1940 3722 3518 3793">
     <span class='ocr_line' id='line_1_80' title="bbox 1940 3722 3518 3793; baseline 0.002 -17"><span class='ocrx_word' id='word_1_625' title='bbox 1940 3722 2101 3787; x_wconf 89' lang='lat' dir='ltr'><strong>chus,</strong></span> <span class='ocrx_word' id='word_1_626' title='bbox 2136 3723 2191 3775; x_wconf 90' lang='lat' dir='ltr'><strong>in</strong></span> <span class='ocrx_word' id='word_1_627' title='bbox 2226 3724 2371 3791; x_wconf 86' lang='lat' dir='ltr'><strong>regia</strong></span> <span class='ocrx_word' id='word_1_628' title='bbox 2411 3722 2525 3781; x_wconf 86' lang='lat' dir='ltr'><strong>eius</strong></span> <span class='ocrx_word' id='word_1_629' title='bbox 2572 3733 2931 3792; x_wconf 71' lang='lat' dir='ltr'><strong>cognoscatur,</strong></span> <span class='ocrx_word' id='word_1_630' title='bbox 2985 3723 3373 3793; x_wconf 86' lang='lat' dir='ltr'><strong>interpretatus</strong></span> <span class='ocrx_word' id='word_1_631' title='bbox 3411 3731 3518 3779; x_wconf 81' lang='lat' dir='ltr'><strong>est.</strong></span> 
     </span>
    </p>
   </div>
   <div class='ocr_carea' id='block_1_81' title="bbox 1940 3812 3518 3883">
    <p class='ocr_par' dir='ltr' id='par_1_81' title="bbox 1940 3812 3518 3883">
     <span class='ocr_line' id='line_1_81' title="bbox 1940 3812 3518 3883; baseline -0.001 -14"><span class='ocrx_word' id='word_1_632' title='bbox 1940 3813 2076 3869; x_wconf 87' lang='lat' dir='ltr'><strong>Cum</strong></span> <span class='ocrx_word' id='word_1_633' title='bbox 2106 3813 2251 3868; x_wconf 90' lang='lat' dir='ltr'><strong>enim</strong></span> <span class='ocrx_word' id='word_1_634' title='bbox 2283 3812 2427 3870; x_wconf 89' lang='lat' dir='ltr'><strong>Deus</strong></span> <span class='ocrx_word' id='word_1_635' title='bbox 2456 3827 2566 3868; x_wconf 89' lang='lat' dir='ltr'><strong>non</strong></span> <span class='ocrx_word' id='word_1_636' title='bbox 2588 3821 2849 3883; x_wconf 89' lang='lat' dir='ltr'><strong>appareat</strong></span> <span class='ocrx_word' id='word_1_637' title='bbox 2878 3828 3054 3883; x_wconf 90' lang='lat' dir='ltr'><strong>neque</strong></span> <span class='ocrx_word' id='word_1_638' title='bbox 3082 3813 3354 3879; x_wconf 85' lang='lat' dir='ltr'><strong>videatur,</strong></span> <span class='ocrx_word' id='word_1_639' title='bbox 3386 3822 3518 3868; x_wconf 87' lang='lat' dir='ltr'><strong>tunc</strong></span> 
     </span>
    </p>
   </div>
   <div class='ocr_carea' id='block_1_82' title="bbox 1940 3904 3520 3976">
    <p class='ocr_par' dir='ltr' id='par_1_82' title="bbox 1940 3904 3520 3976">
     <span class='ocr_line' id='line_1_82' title="bbox 1940 3904 3520 3976; baseline 0.001 -17"><span class='ocrx_word' id='word_1_640' title='bbox 1940 3904 2180 3961; x_wconf 80' lang='lat' dir='ltr'><strong>maxime</strong></span> <span class='ocrx_word' id='word_1_641' title='bbox 2208 3904 2330 3975; x_wconf 88' lang='lat' dir='ltr'><strong>ejus</strong></span> <span class='ocrx_word' id='word_1_642' title='bbox 2374 3904 2667 3975; x_wconf 60' lang='lat' dir='ltr'><strong>prasentia</strong></span> <span class='ocrx_word' id='word_1_643' title='bbox 2702 3904 3072 3974; x_wconf 87' lang='lat' dir='ltr'><strong>cognoscitur,</strong></span> <span class='ocrx_word' id='word_1_644' title='bbox 3104 3918 3229 3959; x_wconf 89' lang='lat' dir='ltr'><strong>cum</strong></span> <span class='ocrx_word' id='word_1_645' title='bbox 3264 3905 3520 3976; x_wconf 87' lang='lat' dir='ltr'><strong>ingruen-</strong></span> 
     </span>
    </p>
   </div>
   <div class='ocr_carea' id='block_1_83' title="bbox 1942 3994 3518 4067">
    <p class='ocr_par' dir='ltr' id='par_1_83' title="bbox 1942 3994 3518 4067">
     <span class='ocr_line' id='line_1_83' title="bbox 1942 3994 3518 4067; baseline 0.001 -17"><span class='ocrx_word' id='word_1_646' title='bbox 1942 3995 2089 4051; x_wconf 88' lang='lat' dir='ltr'><strong>tibus</strong></span> <span class='ocrx_word' id='word_1_647' title='bbox 2123 3995 2331 4050; x_wconf 89' lang='lat' dir='ltr'><strong>civitati</strong></span> <span class='ocrx_word' id='word_1_648' title='bbox 2359 4010 2472 4051; x_wconf 83' lang='lat' dir='ltr'><strong>suae</strong></span> <span class='ocrx_word' id='word_1_649' title='bbox 2500 3995 2762 4060; x_wconf 88' lang='lat' dir='ltr'><strong>inimicis,</strong></span> <span class='ocrx_word' id='word_1_650' title='bbox 2791 3995 2967 4067; x_wconf 90' lang='lat' dir='ltr'><strong>ipsius</strong></span> <span class='ocrx_word' id='word_1_651' title='bbox 2997 3994 3359 4064; x_wconf 88' lang='lat' dir='ltr'><strong>patrocinium</strong></span> <span class='ocrx_word' id='word_1_652' title='bbox 3388 4011 3518 4051; x_wconf 86' lang='lat' dir='ltr'><strong>sus-</strong></span> 
     </span>
    </p>
   </div>
   <div class='ocr_carea' id='block_1_84' title="bbox 1941 4086 3516 4159">
    <p class='ocr_par' dir='ltr' id='par_1_84' title="bbox 1941 4086 3516 4159">
     <span class='ocr_line' id='line_1_84' title="bbox 1941 4086 3516 4159; baseline 0.001 -16"><span class='ocrx_word' id='word_1_653' title='bbox 1941 4088 2098 4158; x_wconf 90' lang='lat' dir='ltr'><strong>cipit.</strong></span> <span class='ocrx_word' id='word_1_654' title='bbox 2151 4086 2359 4143; x_wconf 90' lang='lat' dir='ltr'><strong>Domus</strong></span> <span class='ocrx_word' id='word_1_655' title='bbox 2412 4096 2595 4144; x_wconf 92' lang='lat' dir='ltr'><strong>autem</strong></span> <span class='ocrx_word' id='word_1_656' title='bbox 2652 4089 2891 4144; x_wconf 86' lang='lat' dir='ltr'><strong>civitatis</strong></span> <span class='ocrx_word' id='word_1_657' title='bbox 2939 4102 3078 4159; x_wconf 90' lang='lat' dir='ltr'><strong>quas</strong></span> <span class='ocrx_word' id='word_1_658' title='bbox 3114 4087 3319 4145; x_wconf 81' lang='lat' dir='ltr'><strong>dixeris</strong></span> <span class='ocrx_word' id='word_1_659' title='bbox 3372 4103 3516 4156; x_wconf 90' lang='lat' dir='ltr'><strong>esse,</strong></span> 
     </span>
    </p>
   </div>
   <div class='ocr_carea' id='block_1_85' title="bbox 1939 4179 3517 4250">
    <p class='ocr_par' dir='ltr' id='par_1_85' title="bbox 1939 4179 3517 4250">
     <span class='ocr_line' id='line_1_85' title="bbox 1939 4179 3517 4250; baseline 0.001 -16"><span class='ocrx_word' id='word_1_660' title='bbox 1939 4179 2045 4235; x_wconf 93' lang='lat' dir='ltr'><strong>nisi</strong></span> <span class='ocrx_word' id='word_1_661' title='bbox 2075 4179 2340 4234; x_wconf 88' lang='lat' dir='ltr'><strong>ecclesias</strong></span> <span class='ocrx_word' id='word_1_662' title='bbox 2376 4194 2470 4249; x_wconf 88' lang='lat' dir='ltr'><strong>per</strong></span> <span class='ocrx_word' id='word_1_663' title='bbox 2511 4179 2757 4234; x_wconf 87' lang='lat' dir='ltr'><strong>diversas</strong></span> <span class='ocrx_word' id='word_1_664' title='bbox 2783 4179 3035 4250; x_wconf 89' lang='lat' dir='ltr'><strong>regiones</strong></span> <span class='ocrx_word' id='word_1_665' title='bbox 3067 4186 3228 4249; x_wconf 86' lang='lat' dir='ltr'><strong>atque</strong></span> <span class='ocrx_word' id='word_1_666' title='bbox 3259 4179 3376 4234; x_wconf 90' lang='lat' dir='ltr'><strong>loca</strong></span> <span class='ocrx_word' id='word_1_667' title='bbox 3405 4180 3517 4235; x_wconf 80' lang='lat' dir='ltr'><strong>dis-</strong></span> 
     </span>
    </p>
   </div>
   <div class='ocr_carea' id='block_1_86' title="bbox 1940 4266 3517 4340">
    <p class='ocr_par' dir='ltr' id='par_1_86' title="bbox 1940 4266 3517 4340">
     <span class='ocr_line' id='line_1_86' title="bbox 1940 4266 3517 4340; baseline 0.001 -18"><span class='ocrx_word' id='word_1_668' title='bbox 1940 4268 2213 4323; x_wconf 89' lang='lat' dir='ltr'><strong>tributas?</strong></span> <span class='ocrx_word' id='word_1_669' title='bbox 2272 4266 2408 4322; x_wconf 81' lang='lat' dir='ltr'><strong>Nam</strong></span> <span class='ocrx_word' id='word_1_670' title='bbox 2460 4269 2777 4340; x_wconf 82' lang='lat' dir='ltr'><strong>religiosum</strong></span> <span class='ocrx_word' id='word_1_671' title='bbox 2844 4284 3007 4325; x_wconf 88' lang='lat' dir='ltr'><strong>omne</strong></span> <span class='ocrx_word' id='word_1_672' title='bbox 3064 4270 3375 4326; x_wconf 89' lang='lat' dir='ltr'><strong>institutum</strong></span> <span class='ocrx_word' id='word_1_673' title='bbox 3424 4286 3517 4340; x_wconf 84' lang='lat' dir='ltr'><strong>per</strong></span> 
     </span>
    </p>
   </div>
   <div class='ocr_carea' id='block_1_87' title="bbox 1945 4358 3518 4431">
    <p class='ocr_par' dir='ltr' id='par_1_87' title="bbox 1945 4358 3518 4431">
     <span class='ocr_line' id='line_1_87' title="bbox 1945 4358 3518 4431; baseline 0.001 -18"><span class='ocrx_word' id='word_1_674' title='bbox 1945 4359 2266 4415; x_wconf 89' lang='lat' dir='ltr'><strong>universum</strong></span> <span class='ocrx_word' id='word_1_675' title='bbox 2298 4360 2487 4415; x_wconf 91' lang='lat' dir='ltr'><strong>orbem</strong></span> <span class='ocrx_word' id='word_1_676' title='bbox 2522 4360 2856 4423; x_wconf 90' lang='lat' dir='ltr'><strong>consistens,</strong></span> <span class='ocrx_word' id='word_1_677' title='bbox 2905 4358 3068 4431; x_wconf 73' lang='lat' dir='ltr'><strong>[legis</strong></span> <span class='ocrx_word' id='word_1_678' title='bbox 3100 4375 3296 4431; x_wconf 87' lang='lat' dir='ltr'><strong>magna</strong></span> <span class='ocrx_word' id='word_1_679' title='bbox 3324 4360 3518 4415; x_wconf 86' lang='lat' dir='ltr'><strong>civitas</strong></span> 
     </span>
    </p>
   </div>
   <div class='ocr_carea' id='block_1_88' title="bbox 1941 4433 3517 4521">
    <p class='ocr_par' dir='ltr' id='par_1_88' title="bbox 1941 4433 3517 4521">
     <span class='ocr_line' id='line_1_88' title="bbox 1941 4433 3517 4521; baseline -0.001 -17"><span class='ocrx_word' id='word_1_680' title='bbox 1941 4433 2278 4521; x_wconf 64' lang='lat' dir='ltr'><strong>intelligitur</strong></span> <span class='ocrx_word' id='word_1_681' title='bbox 2316 4464 2461 4505; x_wconf 90' lang='lat' dir='ltr'><strong>esse.</strong></span> <span class='ocrx_word' id='word_1_682' title='bbox 2521 4449 2775 4505; x_wconf 80' lang='lat' dir='ltr'><strong>Ecclesiae</strong></span> <span class='ocrx_word' id='word_1_683' title='bbox 2806 4463 2937 4504; x_wconf 88' lang='lat' dir='ltr'><strong>vero</strong></span> <span class='ocrx_word' id='word_1_684' title='bbox 2962 4464 3062 4519; x_wconf 88' lang='lat' dir='ltr'><strong>per</strong></span> <span class='ocrx_word' id='word_1_685' title='bbox 3091 4449 3404 4504; x_wconf 86' lang='lat' dir='ltr'><strong>universum</strong></span> <span class='ocrx_word' id='word_1_686' title='bbox 3435 4463 3517 4503; x_wconf 89' lang='lat' dir='ltr'><strong>or-</strong></span> 
     </span>
    </p>
   </div>
   <div class='ocr_carea' id='block_1_89' title="bbox 248 4539 1830 4637">
    <p class='ocr_par' dir='ltr' id='par_1_89' title="bbox 248 4546 1830 4637">
     <span class='ocr_line' id='line_1_89' title="bbox 248 4546 1830 4637; baseline -0.003 -34"><span class='ocrx_word' id='word_1_687' title='bbox 248 4551 395 4615; x_wconf 87' lang='grc' dir='ltr'>πόλις</span> <span class='ocrx_word' id='word_1_688' title='bbox 417 4552 513 4606; x_wconf 87' lang='grc' dir='ltr'><strong>τοῦ</strong></span> <span class='ocrx_word' id='word_1_689' title='bbox 544 4552 838 4623; x_wconf 77' lang='grc' dir='ltr'>βασιλέωςο</span> <span class='ocrx_word' id='word_1_690' title='bbox 872 4552 927 4605; x_wconf 85' lang='grc' dir='ltr'>αἱ</span> <span class='ocrx_word' id='word_1_691' title='bbox 957 4551 1013 4604; x_wconf 85' lang='grc' dir='ltr'><strong>δὲ</strong></span> <span class='ocrx_word' id='word_1_692' title='bbox 1042 4548 1183 4604; x_wconf 68' lang='grc' dir='ltr'>κατὰ</span> <span class='ocrx_word' id='word_1_693' title='bbox 1200 4549 1363 4602; x_wconf 85' lang='grc' dir='ltr'>τόπον</span> <span class='ocrx_word' id='word_1_694' title='bbox 1385 4546 1830 4637; x_wconf 72' lang='grc' dir='ltr'>ὲκκλησίαιτυγ-</span> 
     </span>
    </p>
   </div>
   <div class='ocr_carea' id='block_1_90' title="bbox 1942 4539 3517 4637">
    <p class='ocr_par' dir='ltr' id='par_1_90' title="bbox 1943 4539 3517 4610">
     <span class='ocr_line' id='line_1_90' title="bbox 1943 4539 3517 4610; baseline -0.001 -14"><span class='ocrx_word' id='word_1_695' title='bbox 1943 4541 2063 4596; x_wconf 88' lang='lat' dir='ltr'><strong>hem</strong></span> <span class='ocrx_word' id='word_1_696' title='bbox 2093 4542 2426 4606; x_wconf 87' lang='lat' dir='ltr'><strong>constitutae,</strong></span> <span class='ocrx_word' id='word_1_697' title='bbox 2460 4540 2658 4597; x_wconf 90' lang='lat' dir='ltr'><strong>domus</strong></span> <span class='ocrx_word' id='word_1_698' title='bbox 2682 4540 2789 4596; x_wconf 66' lang='lat' dir='ltr'><strong>illae</strong></span> <span class='ocrx_word' id='word_1_699' title='bbox 2820 4547 2968 4605; x_wconf 91' lang='lat' dir='ltr'><strong>sunt,</strong></span> <span class='ocrx_word' id='word_1_700' title='bbox 2997 4541 3050 4595; x_wconf 93' lang='lat' dir='ltr'><strong>in</strong></span> <span class='ocrx_word' id='word_1_701' title='bbox 3080 4555 3313 4610; x_wconf 86' lang='lat' dir='ltr'><strong>quarum</strong></span> <span class='ocrx_word' id='word_1_702' title='bbox 3338 4539 3517 4595; x_wconf 87' lang='lat' dir='ltr'><strong>medio</strong></span> 
     </span>
    </p>
   </div>
   <div class='ocr_carea' id='block_1_91' title="bbox 249 4635 1826 4716">
    <p class='ocr_par' dir='ltr' id='par_1_91' title="bbox 249 4635 1826 4716">
     <span class='ocr_line' id='line_1_91' title="bbox 249 4635 1826 4716; baseline -0.006 -21"><span class='ocrx_word' id='word_1_703' title='bbox 249 4641 495 4712; x_wconf 78' lang='grc' dir='ltr'>χάνουσιν</span> <span class='ocrx_word' id='word_1_704' title='bbox 520 4645 576 4696; x_wconf 83' lang='grc' dir='ltr'>αἱ</span> <span class='ocrx_word' id='word_1_705' title='bbox 608 4642 796 4716; x_wconf 84' lang='grc' dir='ltr'>βάρεις</span> <span class='ocrx_word' id='word_1_706' title='bbox 814 4683 828 4706; x_wconf 96' lang='grc'><strong>,</strong></span> <span class='ocrx_word' id='word_1_707' title='bbox 858 4635 932 4696; x_wconf 85' lang='grc' dir='ltr'><strong>ὧν</strong></span> <span class='ocrx_word' id='word_1_708' title='bbox 958 4642 1119 4713; x_wconf 81' lang='grc' dir='ltr'>μέσος</span> <span class='ocrx_word' id='word_1_709' title='bbox 1140 4640 1228 4696; x_wconf 77' lang='grc' dir='ltr'><strong>ἀεὶ</strong></span> <span class='ocrx_word' id='word_1_710' title='bbox 1250 4639 1323 4693; x_wconf 82' lang='grc' dir='ltr'>ὢν</span> <span class='ocrx_word' id='word_1_711' title='bbox 1348 4640 1376 4692; x_wconf 86' lang='grc' dir='ltr'>ὁ</span> <span class='ocrx_word' id='word_1_712' title='bbox 1404 4636 1641 4710; x_wconf 80' lang='grc' dir='ltr'>εἰρηκὼς</span> <span class='ocrx_word' id='word_1_713' title='bbox 1660 4636 1792 4699; x_wconf 85' lang='grc' dir='ltr'>Θεός</span> <span class='ocrx_word' id='word_1_714' title='bbox 1813 4652 1826 4665; x_wconf 91' lang='grc'><strong>·</strong></span> 
     </span>
    </p>
   </div>
   <div class='ocr_carea' id='block_1_92' title="bbox 254 4728 1830 4803">
    <p class='ocr_par' dir='ltr' id='par_1_92' title="bbox 254 4728 1830 4803">
     <span class='ocr_line' id='line_1_92' title="bbox 254 4728 1830 4803; baseline -0.001 -19"><span class='ocrx_word' id='word_1_715' title='bbox 254 4732 433 4788; x_wconf 81' lang='grc' dir='ltr'>Ὅπου</span> <span class='ocrx_word' id='word_1_716' title='bbox 468 4735 577 4788; x_wconf 78' lang='grc' dir='ltr'>δύο</span> <span class='ocrx_word' id='word_1_717' title='bbox 608 4734 646 4803; x_wconf 82' lang='grc' dir='ltr'><strong><em>ἣ</em></strong></span> <span class='ocrx_word' id='word_1_718' title='bbox 679 4733 832 4803; x_wconf 83' lang='grc' dir='ltr'>τρεῖς</span> <span class='ocrx_word' id='word_1_719' title='bbox 863 4733 1251 4802; x_wconf 73' lang='grc' dir='ltr'>συνηγμένοι,</span> <span class='ocrx_word' id='word_1_720' title='bbox 1281 4730 1409 4785; x_wconf 84' lang='grc' dir='ltr'><strong>ἐκεῖ</strong></span> <span class='ocrx_word' id='word_1_721' title='bbox 1426 4732 1544 4800; x_wconf 78' lang='grc' dir='ltr'>ειμι</span> <span class='ocrx_word' id='word_1_722' title='bbox 1572 4730 1641 4783; x_wconf 86' lang='grc' dir='ltr'>ἐν</span> <span class='ocrx_word' id='word_1_723' title='bbox 1660 4728 1830 4799; x_wconf 81' lang='grc' dir='ltr'>μέσῳ</span> 
     </span>
    </p>
   </div>
   <div class='ocr_carea' id='block_1_93' title="bbox 250 4821 1829 4897">
    <p class='ocr_par' dir='ltr' id='par_1_93' title="bbox 250 4821 1829 4897">
     <span class='ocr_line' id='line_1_93' title="bbox 250 4821 1829 4897; baseline -0.004 -16"><span class='ocrx_word' id='word_1_724' title='bbox 250 4827 437 4882; x_wconf 78' lang='grc' dir='ltr'>αὐτῶν</span> <span class='ocrx_word' id='word_1_725' title='bbox 458 4846 470 4858; x_wconf 90' lang='grc'><strong>·</strong></span> <span class='ocrx_word' id='word_1_726' title='bbox 508 4829 621 4892; x_wconf 75' lang='grc' dir='ltr'>καὶ,</span> <span class='ocrx_word' id='word_1_727' title='bbox 667 4826 824 4881; x_wconf 78' lang='grc' dir='ltr'><strong>Ἰδοὺ</strong></span> <span class='ocrx_word' id='word_1_728' title='bbox 862 4826 976 4897; x_wconf 70' lang='grc' dir='ltr'>ἐγὼ</span> <span class='ocrx_word' id='word_1_729' title='bbox 996 4828 1126 4895; x_wconf 78' lang='grc' dir='ltr'>μεθ’</span> <span class='ocrx_word' id='word_1_730' title='bbox 1154 4823 1320 4894; x_wconf 83' lang='grc' dir='ltr'>ὑμῶν</span> <span class='ocrx_word' id='word_1_731' title='bbox 1346 4826 1461 4893; x_wconf 80' lang='grc' dir='ltr'>εἰμι</span> <span class='ocrx_word' id='word_1_732' title='bbox 1490 4822 1692 4888; x_wconf 83' lang='grc' dir='ltr'>πάσας</span> <span class='ocrx_word' id='word_1_733' title='bbox 1723 4821 1829 4886; x_wconf 84' lang='grc' dir='ltr'>τὰς</span> 
     </span>
    </p>
   </div>
   <div class='ocr_carea' id='block_1_94' title="bbox 252 4914 1830 4987">
    <p class='ocr_par' dir='ltr' id='par_1_94' title="bbox 252 4914 1830 4987">
     <span class='ocr_line' id='line_1_94' title="bbox 252 4914 1830 4987; baseline -0.005 -16"><span class='ocrx_word' id='word_1_734' title='bbox 252 4916 464 4986; x_wconf 72' lang='grc' dir='ltr'>ἡμέρας</span> <span class='ocrx_word' id='word_1_735' title='bbox 486 4919 593 4985; x_wconf 83' lang='grc' dir='ltr'>ἕως</span> <span class='ocrx_word' id='word_1_736' title='bbox 629 4918 738 4987; x_wconf 80' lang='grc' dir='ltr'>τῆς</span> <span class='ocrx_word' id='word_1_737' title='bbox 766 4918 1123 4982; x_wconf 76' lang='grc' dir='ltr'>συντελείας</span> <span class='ocrx_word' id='word_1_738' title='bbox 1171 4915 1274 4969; x_wconf 87' lang='grc' dir='ltr'><strong>τοῦ</strong></span> <span class='ocrx_word' id='word_1_739' title='bbox 1318 4914 1556 4979; x_wconf 53' lang='grc' dir='ltr'>αἰῶνος</span> <span class='ocrx_word' id='word_1_740' title='bbox 1591 4914 1711 4966; x_wconf 85' lang='grc' dir='ltr'>τότε</span> <span class='ocrx_word' id='word_1_741' title='bbox 1745 4928 1830 4979; x_wconf 89' lang='grc' dir='ltr'>γι-</span> 
     </span>
    </p>
   </div>
   <div class='ocr_carea' id='block_1_95' title="bbox 254 5001 1828 5079">
    <p class='ocr_par' dir='ltr' id='par_1_95' title="bbox 254 5001 1828 5079">
     <span class='ocr_line' id='line_1_95' title="bbox 254 5001 1828 5079; baseline -0.003 -20"><span class='ocrx_word' id='word_1_742' title='bbox 254 5006 507 5064; x_wconf 77' lang='grc' dir='ltr'>νώσκεται</span> <span class='ocrx_word' id='word_1_743' title='bbox 527 5051 541 5073; x_wconf 93' lang='grc'><strong>,</strong></span> <span class='ocrx_word' id='word_1_744' title='bbox 579 5010 820 5073; x_wconf 75' lang='grc' dir='ltr'>ἐπειδὰν,</span> <span class='ocrx_word' id='word_1_745' title='bbox 853 5008 1125 5079; x_wconf 84' lang='grc' dir='ltr'>πολεμίων</span> <span class='ocrx_word' id='word_1_746' title='bbox 1166 5004 1535 5075; x_wconf 74' lang='grc' dir='ltr'>ἐπιθεμένων,</span> <span class='ocrx_word' id='word_1_747' title='bbox 1569 5001 1828 5071; x_wconf 84' lang='grc' dir='ltr'>ἀντιλαμ-</span> 
     </span>
    </p>
   </div>
   <div class='ocr_carea' id='block_1_96' title="bbox 256 5095 1753 5173">
    <p class='ocr_par' dir='ltr' id='par_1_96' title="bbox 256 5095 1753 5173">
     <span class='ocr_line' id='line_1_96' title="bbox 256 5095 1753 5173; baseline -0.002 -24"><span class='ocrx_word' id='word_1_748' title='bbox 256 5098 473 5171; x_wconf 76' lang='grc' dir='ltr'>ϐάνηται</span> <span class='ocrx_word' id='word_1_749' title='bbox 498 5104 594 5173; x_wconf 82' lang='grc' dir='ltr'><strong>τῆς</strong></span> <span class='ocrx_word' id='word_1_750' title='bbox 620 5100 815 5157; x_wconf 69' lang='grc' dir='ltr'>ἑαυτοῦ</span> <span class='ocrx_word' id='word_1_751' title='bbox 844 5101 1049 5163; x_wconf 87' lang='grc' dir='ltr'>πόλεως</span> <span class='ocrx_word' id='word_1_752' title='bbox 1076 5099 1169 5153; x_wconf 73' lang='grc' dir='ltr'><strong>καὶ</strong></span> <span class='ocrx_word' id='word_1_753' title='bbox 1193 5097 1299 5151; x_wconf 85' lang='grc' dir='ltr'><strong>τῶν</strong></span> <span class='ocrx_word' id='word_1_754' title='bbox 1327 5095 1538 5168; x_wconf 84' lang='grc' dir='ltr'>βάρεων</span> <span class='ocrx_word' id='word_1_755' title='bbox 1566 5095 1753 5165; x_wconf 75' lang='grc' dir='ltr'>αὐτῆς.</span> 
     </span>
    </p>
   </div>
   <div class='ocr_carea' id='block_1_97' title="bbox 329 5180 1831 5262">
    <p class='ocr_par' dir='ltr' id='par_1_97' title="bbox 329 5180 1831 5262">
     <span class='ocr_line' id='line_1_97' title="bbox 329 5180 1831 5262; baseline -0.007 -20"><span class='ocrx_word' id='word_1_756' title='bbox 329 5189 485 5262; x_wconf 76' lang='grc' dir='ltr'>Ἑξῆς</span> <span class='ocrx_word' id='word_1_757' title='bbox 512 5190 724 5255; x_wconf 80' lang='grc' dir='ltr'>τούτοις</span> <span class='ocrx_word' id='word_1_758' title='bbox 756 5190 1024 5259; x_wconf 73' lang='grc' dir='ltr'>συνῆπται</span> <span class='ocrx_word' id='word_1_759' title='bbox 1052 5188 1085 5258; x_wconf 82' lang='grc' dir='ltr'>ἡ</span> <span class='ocrx_word' id='word_1_760' title='bbox 1122 5187 1230 5239; x_wconf 83' lang='grc' dir='ltr'><strong>τῶν</strong></span> <span class='ocrx_word' id='word_1_761' title='bbox 1258 5182 1531 5255; x_wconf 84' lang='grc' dir='ltr'>πολεμίων</span> <span class='ocrx_word' id='word_1_762' title='bbox 1560 5180 1713 5234; x_wconf 72' lang='grc' dir='ltr'>κατὰ</span> <span class='ocrx_word' id='word_1_763' title='bbox 1733 5182 1831 5251; x_wconf 78' lang='grc' dir='ltr'>τῆς</span> 
     </span>
    </p>
   </div>
   <div class='ocr_carea' id='block_1_98' title="bbox 266 5271 1832 5353">
    <p class='ocr_par' dir='ltr' id='par_1_98' title="bbox 266 5271 1832 5353">
     <span class='ocr_line' id='line_1_98' title="bbox 266 5271 1832 5353; baseline -0.004 -24"><span class='ocrx_word' id='word_1_764' title='bbox 266 5277 582 5353; x_wconf 85' lang='grc' dir='ltr'>Ἐκκλησίας</span> <span class='ocrx_word' id='word_1_765' title='bbox 618 5282 714 5334; x_wconf 85' lang='grc' dir='ltr'><strong>τοῦ</strong></span> <span class='ocrx_word' id='word_1_766' title='bbox 747 5279 880 5332; x_wconf 86' lang='grc' dir='ltr'>Θεοῦ</span> <span class='ocrx_word' id='word_1_767' title='bbox 916 5279 1129 5349; x_wconf 78' lang='grc' dir='ltr'>ἔφοδος·</span> <span class='ocrx_word' id='word_1_768' title='bbox 1169 5278 1384 5347; x_wconf 85' lang='grc' dir='ltr'>εἴρηται</span> <span class='ocrx_word' id='word_1_769' title='bbox 1406 5291 1419 5304; x_wconf 72' lang='grc' dir='ltr'><strong>ο</strong></span> <span class='ocrx_word' id='word_1_770' title='bbox 1478 5274 1596 5325; x_wconf 84' lang='grc' dir='ltr'>’Ὁτι</span> <span class='ocrx_word' id='word_1_771' title='bbox 1623 5271 1751 5325; x_wconf 84' lang='grc' dir='ltr'><strong>ὶδοὺ</strong></span> <span class='ocrx_word' id='word_1_772' title='bbox 1778 5273 1832 5325; x_wconf 83' lang='grc' dir='ltr'>οἱ</span> 
     </span>
    </p>
   </div>
   <div class='ocr_carea' id='block_1_99' title="bbox 251 5362 1830 5442">
    <p class='ocr_par' dir='ltr' id='par_1_99' title="bbox 251 5362 1830 5442">
     <span class='ocr_line' id='line_1_99' title="bbox 251 5362 1830 5442; baseline -0.004 -21"><span class='ocrx_word' id='word_1_773' title='bbox 251 5368 519 5439; x_wconf 74' lang='grc' dir='ltr'>βασιλεῖς</span> <span class='ocrx_word' id='word_1_774' title='bbox 573 5371 1013 5442; x_wconf 77' lang='grc' dir='ltr'>συνήχθησαν,</span> <span class='ocrx_word' id='word_1_775' title='bbox 1049 5368 1384 5435; x_wconf 71' lang='grc' dir='ltr'>διήλθοσαν</span> <span class='ocrx_word' id='word_1_776' title='bbox 1432 5364 1531 5418; x_wconf 77' lang='grc' dir='ltr'><strong>ἐπὶ</strong></span> <span class='ocrx_word' id='word_1_777' title='bbox 1563 5363 1629 5416; x_wconf 82' lang='grc' dir='ltr'>τὸ</span> <span class='ocrx_word' id='word_1_778' title='bbox 1663 5362 1830 5439; x_wconf 82' lang='grc' dir='ltr'>αὐτό.</span> 
     </span>
    </p>
   </div>
   <div class='ocr_carea' id='block_1_100' title="bbox 257 5452 1835 5535">
    <p class='ocr_par' dir='ltr' id='par_1_100' title="bbox 257 5452 1835 5535">
     <span class='ocr_line' id='line_1_100' title="bbox 257 5452 1835 5535; baseline 0.003 -23"><span class='ocrx_word' id='word_1_779' title='bbox 257 5459 403 5518; x_wconf 82' lang='grc' dir='ltr'>Κατὰ</span> <span class='ocrx_word' id='word_1_780' title='bbox 432 5465 489 5518; x_wconf 81' lang='grc' dir='ltr'>δὲ</span> <span class='ocrx_word' id='word_1_781' title='bbox 516 5465 608 5517; x_wconf 84' lang='grc' dir='ltr'>τὸν</span> <span class='ocrx_word' id='word_1_782' title='bbox 655 5464 977 5535; x_wconf 80' lang='grc' dir='ltr'>Σύμμαχον·</span> <span class='ocrx_word' id='word_1_783' title='bbox 1028 5460 1182 5516; x_wconf 86' lang='grc' dir='ltr'><strong>’Ῑδοὺ</strong></span> <span class='ocrx_word' id='word_1_784' title='bbox 1211 5458 1321 5530; x_wconf 72' lang='grc' dir='ltr'>γὰρ</span> <span class='ocrx_word' id='word_1_785' title='bbox 1340 5498 1354 5523; x_wconf 90' lang='grc'><strong>,</strong></span> <span class='ocrx_word' id='word_1_786' title='bbox 1397 5456 1592 5527; x_wconf 67' lang='grc' dir='ltr'>φησὶν,</span> <span class='ocrx_word' id='word_1_787' title='bbox 1628 5456 1680 5507; x_wconf 77' lang='grc' dir='ltr'><strong>οἱ</strong></span> <span class='ocrx_word' id='word_1_788' title='bbox 1718 5452 1835 5517; x_wconf 75' lang='grc' dir='ltr'><strong>βα-</strong></span> 
     </span>
    </p>
   </div>
   <div class='ocr_carea' id='block_1_101' title="bbox 258 5543 1829 5624">
    <p class='ocr_par' dir='ltr' id='par_1_101' title="bbox 258 5543 1829 5624">
     <span class='ocr_line' id='line_1_101' title="bbox 258 5543 1829 5624; baseline -0.008 -17"><span class='ocrx_word' id='word_1_789' title='bbox 258 5554 437 5622; x_wconf 66' lang='grc' dir='ltr'>σιλεῖς</span> <span class='ocrx_word' id='word_1_790' title='bbox 461 5554 873 5620; x_wconf 74' lang='grc' dir='ltr'>συνετάξαντο</span> <span class='ocrx_word' id='word_1_791' title='bbox 896 5596 911 5619; x_wconf 91' lang='grc'><strong>,</strong></span> <span class='ocrx_word' id='word_1_792' title='bbox 934 5550 1125 5624; x_wconf 76' lang='grc' dir='ltr'>ἦλθον</span> <span class='ocrx_word' id='word_1_793' title='bbox 1148 5550 1316 5621; x_wconf 68' lang='grc' dir='ltr'>ὁμοῦ.</span> <span class='ocrx_word' id='word_1_794' title='bbox 1342 5551 1491 5602; x_wconf 89' lang='grc' dir='ltr'>Ποῖοι</span> <span class='ocrx_word' id='word_1_795' title='bbox 1511 5546 1569 5600; x_wconf 79' lang='grc' dir='ltr'><strong>δὲ</strong></span> <span class='ocrx_word' id='word_1_796' title='bbox 1592 5543 1829 5616; x_wconf 85' lang='grc' dir='ltr'>βασιλεῖς</span> 
     </span>
    </p>
   </div>
   <div class='ocr_carea' id='block_1_102' title="bbox 258 5637 1832 5720">
    <p class='ocr_par' dir='ltr' id='par_1_102' title="bbox 258 5637 1832 5720">
     <span class='ocr_line' id='line_1_102' title="bbox 258 5637 1832 5720; baseline -0.014 -11"><span class='ocrx_word' id='word_1_797' title='bbox 258 5639 290 5709; x_wconf 72' lang='grc' dir='ltr'>ἦ</span> <span class='ocrx_word' id='word_1_798' title='bbox 316 5646 360 5697; x_wconf 77' lang='grc' dir='ltr'>οἱ</span> <span class='ocrx_word' id='word_1_799' title='bbox 392 5647 574 5720; x_wconf 74' lang='grc' dir='ltr'>ἐχθροὶ</span> <span class='ocrx_word' id='word_1_800' title='bbox 600 5647 695 5700; x_wconf 86' lang='grc' dir='ltr'><strong>τοῦ</strong></span> <span class='ocrx_word' id='word_1_801' title='bbox 732 5644 1016 5709; x_wconf 79' lang='grc' dir='ltr'>Θεοσεϐοῦς</span> <span class='ocrx_word' id='word_1_802' title='bbox 1048 5642 1437 5713; x_wconf 78' lang='grc' dir='ltr'>πολιτεύματος</span> <span class='ocrx_word' id='word_1_803' title='bbox 1474 5637 1832 5701; x_wconf 82' lang='grc' dir='ltr'>συνετάξαντο</span> 
     </span>
    </p>
   </div>
   <div class='ocr_carea' id='block_1_103' title="bbox 325 5764 839 5833">
    <p class='ocr_par' dir='ltr' id='par_1_103' title="bbox 325 5764 839 5833">
     <span class='ocr_line' id='line_1_103' title="bbox 325 5764 839 5833; baseline 0 -13"><span class='ocrx_word' id='word_1_804' title='bbox 325 5764 366 5795; x_wconf 83' lang='grc'><strong>¹³</strong></span> <span class='ocrx_word' id='word_1_805' title='bbox 404 5766 577 5825; x_wconf 88' lang='lat' dir='ltr'><strong>ICor.</strong></span> <span class='ocrx_word' id='word_1_806' title='bbox 616 5783 710 5833; x_wconf 82' lang='lat' dir='ltr'><strong>ut,</strong></span> <span class='ocrx_word' id='word_1_807' title='bbox 752 5767 839 5821; x_wconf 81' lang='lat' dir='ltr'><strong>ll.</strong></span> 
     </span>
    </p>
   </div>
   <div class='ocr_carea' id='block_1_104' title="bbox 260 5827 340 5884">
    <p class='ocr_par' dir='ltr' id='par_1_104' title="bbox 260 5827 340 5884">
     <span class='ocr_line' id='line_1_104' title="bbox 260 5827 340 5884; baseline 0.038 -3"><span class='ocrx_word' id='word_1_808' title='bbox 260 5827 340 5884; x_wconf 68' lang='lat'><strong>20.</strong></span> 
     </span>
    </p>
   </div>
   <div class='ocr_carea' id='block_1_105' title="bbox 955 5753 2137 5826">
    <p class='ocr_par' dir='ltr' id='par_1_105' title="bbox 955 5753 2137 5826">
     <span class='ocr_line' id='line_1_105' title="bbox 955 5753 2137 5826; baseline -0.013 -5"><span class='ocrx_word' id='word_1_809' title='bbox 955 5766 999 5798; x_wconf 69' lang='lat'>“</span> <span class='ocrx_word' id='word_1_810' title='bbox 1036 5761 1239 5819; x_wconf 82' lang='lat' dir='ltr'><strong>Jerem.</strong></span> <span class='ocrx_word' id='word_1_811' title='bbox 1280 5777 1334 5826; x_wconf 85' lang='grc' dir='ltr'><strong>ι,</strong></span> <span class='ocrx_word' id='word_1_812' title='bbox 1390 5760 1475 5816; x_wconf 73' lang='grc' dir='ltr'><strong>Η.</strong></span> <span class='ocrx_word' id='word_1_813' title='bbox 1555 5759 1598 5791; x_wconf 71' lang='grc'><strong>’⁸</strong></span> <span class='ocrx_word' id='word_1_814' title='bbox 1640 5757 1784 5815; x_wconf 80' lang='lat' dir='ltr'><strong>Psal.</strong></span> <span class='ocrx_word' id='word_1_815' title='bbox 1850 5769 1976 5819; x_wconf 71' lang='lat' dir='ltr'><strong>XLV,</strong></span> <span class='ocrx_word' id='word_1_816' title='bbox 2010 5753 2066 5816; x_wconf 81' lang='lat'><strong>6,</strong></span> <span class='ocrx_word' id='word_1_817' title='bbox 2107 5753 2137 5807; x_wconf 92' lang='grc'>7</span> 
     </span>
    </p>
   </div>
   <div class='ocr_carea' id='block_1_106' title="bbox 1937 4629 3517 4703">
    <p class='ocr_par' dir='ltr' id='par_1_106' title="bbox 1937 4629 3517 4703">
     <span class='ocr_line' id='line_1_106' title="bbox 1937 4629 3517 4703; baseline -0.001 -17"><span class='ocrx_word' id='word_1_818' title='bbox 1937 4647 2155 4703; x_wconf 87' lang='lat' dir='ltr'><strong>semper</strong></span> <span class='ocrx_word' id='word_1_819' title='bbox 2199 4632 2471 4687; x_wconf 82' lang='lat' dir='ltr'><strong>exsistens</strong></span> <span class='ocrx_word' id='word_1_820' title='bbox 2503 4631 2646 4687; x_wconf 92' lang='lat' dir='ltr'><strong>Deus</strong></span> <span class='ocrx_word' id='word_1_821' title='bbox 2695 4631 2789 4701; x_wconf 87' lang='lat' dir='ltr'><strong>qui</strong></span> <span class='ocrx_word' id='word_1_822' title='bbox 2837 4631 2913 4685; x_wconf 90' lang='lat' dir='ltr'><strong>ait</strong></span> <span class='ocrx_word' id='word_1_823' title='bbox 2959 4648 2973 4685; x_wconf 89' lang='lat'><strong>:</strong></span> <span class='ocrx_word' id='word_1_824' title='bbox 3023 4629 3124 4684; x_wconf 86' lang='lat' dir='ltr'><strong>Ubi</strong></span> <span class='ocrx_word' id='word_1_825' title='bbox 3162 4629 3267 4682; x_wconf 89' lang='lat' dir='ltr'><strong>duo</strong></span> <span class='ocrx_word' id='word_1_826' title='bbox 3299 4629 3377 4683; x_wconf 75' lang='lat' dir='ltr'><strong>uel</strong></span> <span class='ocrx_word' id='word_1_827' title='bbox 3412 4638 3517 4685; x_wconf 78' lang='lat' dir='ltr'><strong>tres</strong></span> 
     </span>
    </p>
   </div>
   <div class='ocr_carea' id='block_1_107' title="bbox 1936 4720 3513 4795">
    <p class='ocr_par' dir='ltr' id='par_1_107' title="bbox 1936 4720 3513 4795">
     <span class='ocr_line' id='line_1_107' title="bbox 1936 4720 3513 4795; baseline -0.003 -16"><span class='ocrx_word' id='word_1_828' title='bbox 1936 4723 2238 4795; x_wconf 85' lang='lat' dir='ltr'><strong>congregati</strong></span> <span class='ocrx_word' id='word_1_829' title='bbox 2266 4722 2488 4792; x_wconf 76' lang='lat' dir='ltr'><strong>fuerint,</strong></span> <span class='ocrx_word' id='word_1_830' title='bbox 2530 4722 2645 4776; x_wconf 86' lang='lat' dir='ltr'><strong>illic</strong></span> <span class='ocrx_word' id='word_1_831' title='bbox 2668 4739 2784 4777; x_wconf 90' lang='lat' dir='ltr'><strong>sum</strong></span> <span class='ocrx_word' id='word_1_832' title='bbox 2821 4722 2876 4775; x_wconf 92' lang='lat' dir='ltr'><strong>in</strong></span> <span class='ocrx_word' id='word_1_833' title='bbox 2902 4721 3072 4775; x_wconf 87' lang='lat' dir='ltr'><strong>medio</strong></span> <span class='ocrx_word' id='word_1_834' title='bbox 3101 4737 3281 4775; x_wconf 86' lang='lat' dir='ltr'><strong>eorum</strong></span> <span class='ocrx_word' id='word_1_835' title='bbox 3308 4720 3353 4752; x_wconf 82' lang='lat'>“</span> <span class='ocrx_word' id='word_1_836' title='bbox 3377 4738 3392 4787; x_wconf 91' lang='lat'><strong>;</strong></span> <span class='ocrx_word' id='word_1_837' title='bbox 3422 4730 3513 4775; x_wconf 87' lang='lat' dir='ltr'><strong>et:</strong></span> 
     </span>
    </p>
   </div>
   <div class='ocr_carea' id='block_1_108' title="bbox 1938 4811 3515 4886">
    <p class='ocr_par' dir='ltr' id='par_1_108' title="bbox 1938 4811 3515 4886">
     <span class='ocr_line' id='line_1_108' title="bbox 1938 4811 3515 4886; baseline -0.004 -15"><span class='ocrx_word' id='word_1_838' title='bbox 1938 4817 2071 4871; x_wconf 86' lang='lat' dir='ltr'><strong>Ecce</strong></span> <span class='ocrx_word' id='word_1_839' title='bbox 2100 4832 2193 4886; x_wconf 88' lang='lat' dir='ltr'><strong>ego</strong></span> <span class='ocrx_word' id='word_1_840' title='bbox 2243 4815 2507 4869; x_wconf 83' lang='lat' dir='ltr'><strong>vobiscum</strong></span> <span class='ocrx_word' id='word_1_841' title='bbox 2542 4830 2660 4867; x_wconf 84' lang='lat' dir='ltr'><strong>sum</strong></span> <span class='ocrx_word' id='word_1_842' title='bbox 2710 4812 2951 4867; x_wconf 88' lang='lat' dir='ltr'><strong>omnibus</strong></span> <span class='ocrx_word' id='word_1_843' title='bbox 3001 4811 3183 4867; x_wconf 87' lang='lat' dir='ltr'><strong>diebus</strong></span> <span class='ocrx_word' id='word_1_844' title='bbox 3232 4828 3395 4883; x_wconf 87' lang='lat' dir='ltr'><strong>usque</strong></span> <span class='ocrx_word' id='word_1_845' title='bbox 3445 4812 3515 4866; x_wconf 84' lang='lat' dir='ltr'><strong>ad</strong></span> 
     </span>
    </p>
   </div>
   <div class='ocr_carea' id='block_1_109' title="bbox 1938 4902 3514 4972">
    <p class='ocr_par' dir='ltr' id='par_1_109' title="bbox 1938 4902 3514 4972">
     <span class='ocr_line' id='line_1_109' title="bbox 1938 4902 3514 4972; baseline -0.004 -9"><span class='ocrx_word' id='word_1_846' title='bbox 1938 4908 2441 4963; x_wconf 82' lang='lat' dir='ltr'><strong>consummationem</strong></span> <span class='ocrx_word' id='word_1_847' title='bbox 2483 4902 2665 4956; x_wconf 72' lang='grc' dir='ltr'>διτταιὶ</span> <span class='ocrx_word' id='word_1_848' title='bbox 2692 4903 2770 4969; x_wconf 72' lang='grc' dir='ltr'><strong>¹τ;</strong></span> <span class='ocrx_word' id='word_1_849' title='bbox 2819 4908 2951 4955; x_wconf 87' lang='lat' dir='ltr'><strong>tunc</strong></span> <span class='ocrx_word' id='word_1_850' title='bbox 2997 4902 3114 4972; x_wconf 91' lang='lat' dir='ltr'><strong>ipse</strong></span> <span class='ocrx_word' id='word_1_851' title='bbox 3141 4903 3514 4972; x_wconf 78' lang='lat' dir='ltr'><strong>cognbscitur,</strong></span> 
     </span>
    </p>
   </div>
   <div class='ocr_carea' id='block_1_110' title="bbox 1935 4985 3515 5056">
    <p class='ocr_par' dir='ltr' id='par_1_110' title="bbox 1935 4985 3515 5056">
     <span class='ocr_line' id='line_1_110' title="bbox 1935 4985 3515 5056; baseline -0.003 -7"><span class='ocrx_word' id='word_1_852' title='bbox 1935 5008 2060 5049; x_wconf 92' lang='lat' dir='ltr'><strong>cum</strong></span> <span class='ocrx_word' id='word_1_853' title='bbox 2110 4990 2325 5048; x_wconf 82' lang='lat' dir='ltr'><strong>scilicet</strong></span> <span class='ocrx_word' id='word_1_854' title='bbox 2370 4986 2805 5056; x_wconf 86' lang='lat' dir='ltr'><strong>irrumpentibus</strong></span> <span class='ocrx_word' id='word_1_855' title='bbox 2841 4985 3103 5053; x_wconf 89' lang='lat' dir='ltr'><strong>inimicis,</strong></span> <span class='ocrx_word' id='word_1_856' title='bbox 3152 4986 3362 5042; x_wconf 88' lang='lat' dir='ltr'><strong>civitati</strong></span> <span class='ocrx_word' id='word_1_857' title='bbox 3404 5003 3515 5045; x_wconf 66' lang='lat' dir='ltr'><strong>suae</strong></span> 
     </span>
    </p>
   </div>
   <div class='ocr_carea' id='block_1_111' title="bbox 1934 5078 2864 5153">
    <p class='ocr_par' dir='ltr' id='par_1_111' title="bbox 1934 5078 2864 5153">
     <span class='ocr_line' id='line_1_111' title="bbox 1934 5078 2864 5153; baseline -0.01 -11"><span class='ocrx_word' id='word_1_858' title='bbox 1934 5084 2296 5153; x_wconf 87' lang='lat' dir='ltr'><strong>domibusque</strong></span> <span class='ocrx_word' id='word_1_859' title='bbox 2322 5080 2441 5151; x_wconf 87' lang='lat' dir='ltr'><strong>ejus</strong></span> <span class='ocrx_word' id='word_1_860' title='bbox 2469 5078 2864 5150; x_wconf 85' lang='lat' dir='ltr'><strong>patrocinatur.</strong></span> 
     </span>
    </p>
   </div>
   <div class='ocr_carea' id='block_1_112' title="bbox 2008 5161 3517 5242">
    <p class='ocr_par' dir='ltr' id='par_1_112' title="bbox 2008 5161 3517 5242">
     <span class='ocr_line' id='line_1_112' title="bbox 2008 5161 3517 5242; baseline -0.001 -15"><span class='ocrx_word' id='word_1_861' title='bbox 2008 5174 2274 5242; x_wconf 89' lang='lat' dir='ltr'><strong>Deinceps</strong></span> <span class='ocrx_word' id='word_1_862' title='bbox 2298 5161 2426 5227; x_wconf 84' lang='lat' dir='ltr'><strong>vero</strong></span> <span class='ocrx_word' id='word_1_863' title='bbox 2454 5169 2804 5241; x_wconf 87' lang='lat' dir='ltr'><strong>subjungitur</strong></span> <span class='ocrx_word' id='word_1_864' title='bbox 2827 5168 3174 5224; x_wconf 86' lang='lat' dir='ltr'><strong>inimicorum</strong></span> <span class='ocrx_word' id='word_1_865' title='bbox 3196 5177 3388 5225; x_wconf 89' lang='lat' dir='ltr'><strong>contra</strong></span> <span class='ocrx_word' id='word_1_866' title='bbox 3416 5168 3517 5226; x_wconf 84' lang='lat' dir='ltr'><strong>Ec-</strong></span> 
     </span>
    </p>
   </div>
   <div class='ocr_carea' id='block_1_113' title="bbox 1935 5259 3517 5328">
    <p class='ocr_par' dir='ltr' id='par_1_113' title="bbox 1935 5259 3517 5328">
     <span class='ocr_line' id='line_1_113' title="bbox 1935 5259 3517 5328; baseline -0.005 -7"><span class='ocrx_word' id='word_1_867' title='bbox 1935 5265 2156 5321; x_wconf 86' lang='lat' dir='ltr'><strong>clesiam</strong></span> <span class='ocrx_word' id='word_1_868' title='bbox 2184 5263 2276 5319; x_wconf 89' lang='lat' dir='ltr'><strong>Dei</strong></span> <span class='ocrx_word' id='word_1_869' title='bbox 2306 5263 2564 5318; x_wconf 88' lang='lat' dir='ltr'><strong>incursus</strong></span> <span class='ocrx_word' id='word_1_870' title='bbox 2590 5278 2605 5328; x_wconf 88' lang='lat'><strong>;</strong></span> <span class='ocrx_word' id='word_1_871' title='bbox 2640 5276 2764 5315; x_wconf 89' lang='lat' dir='ltr'><strong>nam</strong></span> <span class='ocrx_word' id='word_1_872' title='bbox 2788 5260 2864 5315; x_wconf 85' lang='lat' dir='ltr'><strong>ait</strong></span> <span class='ocrx_word' id='word_1_873' title='bbox 2890 5280 2904 5316; x_wconf 89' lang='lat'><strong>:</strong></span> <span class='ocrx_word' id='word_1_874' title='bbox 2933 5259 3199 5327; x_wconf 86' lang='lat' dir='ltr'><strong>Quoniam</strong></span> <span class='ocrx_word' id='word_1_875' title='bbox 3226 5276 3342 5314; x_wconf 84' lang='lat' dir='ltr'><strong>ecce</strong></span> <span class='ocrx_word' id='word_1_876' title='bbox 3378 5276 3517 5328; x_wconf 86' lang='lat' dir='ltr'><strong>reges</strong></span> 
     </span>
    </p>
   </div>
   <div class='ocr_carea' id='block_1_114' title="bbox 1937 5350 3518 5427">
    <p class='ocr_par' dir='ltr' id='par_1_114' title="bbox 1937 5350 3518 5427">
     <span class='ocr_line' id='line_1_114' title="bbox 1937 5350 3518 5427; baseline -0.006 -17"><span class='ocrx_word' id='word_1_877' title='bbox 1937 5356 2235 5427; x_wconf 86' lang='lat' dir='ltr'><strong>congregati</strong></span> <span class='ocrx_word' id='word_1_878' title='bbox 2279 5364 2440 5420; x_wconf 87' lang='lat' dir='ltr'><strong>sunt,</strong></span> <span class='ocrx_word' id='word_1_879' title='bbox 2484 5360 2829 5407; x_wconf 85' lang='lat' dir='ltr'><strong>convenerunt</strong></span> <span class='ocrx_word' id='word_1_880' title='bbox 2872 5352 2924 5406; x_wconf 90' lang='lat' dir='ltr'><strong>in</strong></span> <span class='ocrx_word' id='word_1_881' title='bbox 2959 5368 3142 5407; x_wconf 90' lang='lat' dir='ltr'><strong>unum.</strong></span> <span class='ocrx_word' id='word_1_882' title='bbox 3203 5350 3518 5407; x_wconf 84' lang='lat' dir='ltr'><strong>Secundum</strong></span> 
     </span>
    </p>
   </div>
   <div class='ocr_carea' id='block_1_115' title="bbox 1940 5444 3515 5520">
    <p class='ocr_par' dir='ltr' id='par_1_115' title="bbox 1940 5444 3515 5520">
     <span class='ocr_line' id='line_1_115' title="bbox 1940 5444 3515 5520; baseline -0.007 -17"><span class='ocrx_word' id='word_1_883' title='bbox 1940 5448 2329 5520; x_wconf 87' lang='lat' dir='ltr'><strong>Symmachum</strong></span> <span class='ocrx_word' id='word_1_884' title='bbox 2369 5456 2573 5511; x_wconf 85' lang='lat' dir='ltr'><strong>autem,</strong></span> <span class='ocrx_word' id='word_1_885' title='bbox 2610 5444 2742 5499; x_wconf 85' lang='lat' dir='ltr'><strong>Ecce</strong></span> <span class='ocrx_word' id='word_1_886' title='bbox 2773 5446 2933 5511; x_wconf 85' lang='lat' dir='ltr'><strong>enim,</strong></span> <span class='ocrx_word' id='word_1_887' title='bbox 2985 5444 3081 5507; x_wconf 89' lang='lat' dir='ltr'><strong>ait,</strong></span> <span class='ocrx_word' id='word_1_888' title='bbox 3125 5460 3268 5513; x_wconf 83' lang='lat' dir='ltr'><strong>reges</strong></span> <span class='ocrx_word' id='word_1_889' title='bbox 3302 5458 3515 5496; x_wconf 53' lang='lat' dir='ltr'><strong>censen.</strong></span> 
     </span>
    </p>
   </div>
   <div class='ocr_carea' id='block_1_116' title="bbox 1938 5533 3494 5608">
    <p class='ocr_par' dir='ltr' id='par_1_116' title="bbox 1938 5533 3494 5608">
     <span class='ocr_line' id='line_1_116' title="bbox 1938 5533 3494 5608; baseline -0.007 -14"><span class='ocrx_word' id='word_1_890' title='bbox 1938 5550 2140 5605; x_wconf 84' lang='lat' dir='ltr'><strong>serunt,</strong></span> <span class='ocrx_word' id='word_1_891' title='bbox 2170 5548 2416 5595; x_wconf 77' lang='lat' dir='ltr'><strong>venerunt</strong></span> <span class='ocrx_word' id='word_1_892' title='bbox 2454 5536 2633 5593; x_wconf 88' lang='lat' dir='ltr'><strong>simul.</strong></span> <span class='ocrx_word' id='word_1_893' title='bbox 2671 5536 2775 5602; x_wconf 86' lang='lat' dir='ltr'><strong>Qui</strong></span> <span class='ocrx_word' id='word_1_894' title='bbox 2805 5551 2982 5608; x_wconf 84' lang='lat' dir='ltr'><strong>reges,</strong></span> <span class='ocrx_word' id='word_1_895' title='bbox 3018 5534 3126 5590; x_wconf 88' lang='lat' dir='ltr'><strong>nisi</strong></span> <span class='ocrx_word' id='word_1_896' title='bbox 3170 5534 3271 5604; x_wconf 68' lang='lat' dir='ltr'><strong>piat</strong></span> <span class='ocrx_word' id='word_1_897' title='bbox 3301 5533 3494 5602; x_wconf 83' lang='lat' dir='ltr'><strong>religio</strong></span> 
     </span>
    </p>
   </div>
   <div class='ocr_carea' id='block_1_117' title="bbox 1940 5623 3492 5701">
    <p class='ocr_par' dir='ltr' id='par_1_117' title="bbox 1940 5623 3492 5701">
     <span class='ocr_line' id='line_1_117' title="bbox 1940 5623 3492 5701; baseline -0.006 -14"><span class='ocrx_word' id='word_1_898' title='bbox 1940 5635 2025 5687; x_wconf 89' lang='lat' dir='ltr'><strong>nis</strong></span> <span class='ocrx_word' id='word_1_899' title='bbox 2048 5632 2278 5698; x_wconf 88' lang='lat' dir='ltr'><strong>inimici,</strong></span> <span class='ocrx_word' id='word_1_900' title='bbox 2308 5638 2499 5686; x_wconf 89' lang='lat' dir='ltr'><strong>mutuo</strong></span> <span class='ocrx_word' id='word_1_901' title='bbox 2522 5635 2945 5695; x_wconf 87' lang='lat' dir='ltr'><strong>consenserunt,</strong></span> <span class='ocrx_word' id='word_1_902' title='bbox 2977 5627 3230 5701; x_wconf 79' lang='lat' dir='ltr'><strong>legesque</strong></span> <span class='ocrx_word' id='word_1_903' title='bbox 3255 5623 3321 5678; x_wconf 88' lang='lat' dir='ltr'><strong>ad</strong></span> <span class='ocrx_word' id='word_1_904' title='bbox 3348 5639 3492 5695; x_wconf 85' lang='lat' dir='ltr'><strong>oppu</strong></span> 
     </span>
    </p>
   </div>
   <div class='ocr_carea' id='block_1_118' title="bbox 2275 5742 3513 5813">
    <p class='ocr_par' dir='ltr' id='par_1_118' title="bbox 2275 5742 3513 5813">
     <span class='ocr_line' id='line_1_118' title="bbox 2275 5742 3513 5813; baseline -0.009 -7"><span class='ocrx_word' id='word_1_905' title='bbox 2275 5753 2319 5784; x_wconf 83' lang='grc'><strong>¹⁶</strong></span> <span class='ocrx_word' id='word_1_906' title='bbox 2360 5750 2551 5805; x_wconf 82' lang='lat' dir='ltr'><strong>Matth.</strong></span> <span class='ocrx_word' id='word_1_907' title='bbox 2589 5764 2723 5803; x_wconf 82' lang='lat' dir='ltr'><strong>xvm</strong></span> <span class='ocrx_word' id='word_1_908' title='bbox 2750 5785 2764 5813; x_wconf 90' lang='lat'><strong>,</strong></span> <span class='ocrx_word' id='word_1_909' title='bbox 2810 5746 2901 5801; x_wconf 72' lang='lat'><strong>20.</strong></span> <span class='ocrx_word' id='word_1_910' title='bbox 3007 5744 3045 5776; x_wconf 84' lang='grc'><strong>²⁷</strong></span> <span class='ocrx_word' id='word_1_911' title='bbox 3089 5742 3513 5808; x_wconf 79' lang='lat' dir='ltr'><strong>Matth.xxvm,</strong></span> 
     </span>
    </p>
   </div>
  </div>
