4010 6532
492 362 599 417 ιεδ

1220 362 1486 423 EllSEBll
1528 365 2002 422 CESARIENSlS
2039 362 2193 424 OPP.
2231 365 2413 421 PARS
2449 362 2535 420 111.
2576 394 2644 403 -—
2684 361 3092 419 EXECETICA.

3653 367 3765 423 42$

494 488 765 552 gnandam
791 478 884 539 Dei
905 476 1201 538 Ecclesiam
1231 482 1438 553 scripto
1457 481 1765 538 dederunt?
1799 482 2052 537 Czeteruu

2171 481 2422 553 ἀλλήλοις
2471 481 2564 533 καὶ
2595 478 2792 550 νόμους
2820 478 3129 548 ἐγγράφους
3160 476 3341 530 ἔθεντο
3369 477 3462 531 τοῦ
3497 478 3764 549 πολεμεῖν

492 571 688 641 ingens
714 571 1036 626 miraculum
1068 569 1160 626 Dei
1193 572 1247 625 in
1280 570 1538 627 domibus
1565 571 1686 641 ejus
1718 571 1921 641 cOgniti
1952 579 2066 624 tum

493 661 938 732 deprehenditur,
966 677 1102 735 cum,
1141 678 1296 734 reges
1348 663 1405 717 in
1436 678 1605 717 unum
1653 664 1828 718 coacti
1863 663 2067 717 bellum

494 752 789 809 inferentes
820 751 1079 809 Ecclesia:
1122 754 1314 824 ipsius,
1365 748 1798 826 persecutionem
1838 768 2065 808 moven-

490 852 596 907 tes,
638 853 927 899 sescentas
975 845 1205 901 insidias
1249 854 1525 902 struentes
1577 845 1841 900 adversus
1894 845 2063 909 illam,

489 934 626 989 nihil
661 945 893 1005 possunt
943 935 1147 991 inferre
1177 937 1383 993 damni.
1418 938 1601 1005 Quare
1630 936 1935 1007 subiungit,
1965 937 2068 1004 ipsi

488 1022 716 1079 videntes
750 1027 825 1081 sic
866 1026 1121 1082 admirati
1150 1043 1313 1093 sunt;
1356 1044 1480 1084 nam
1510 1045 1576 1084 ex
1626 1029 1762 1101 ipsis
1805 1028 2087 1107 operibus,

487 1128 775 1187 perspecta
806 1119 926 1188 ejus
959 1121 1182 1184 virtute,
1214 1123 1290 1176 sic
1326 1123 1578 1176 admirati
1611 1130 1772 1186 sunt;
1815 1136 1939 1177 cum
1967 1134 2066 1174 an-

488 1216 575 1262 tea
605 1210 829 1265 minime
850 1212 1201 1268 mirarentur.
1223 1212 1440 1278 Postea,
1471 1212 1773 1268 conturbati
1800 1224 1944 1277 sunt,
1978 1220 2065 1267 ut-

487 1306 615 1371 pote
650 1299 746 1371 qui
784 1300 875 1356 Dei
921 1302 1223 1358 adversarii
1258 1312 1443 1359 essent
1477 1324 1491 1360 :
1537 1305 1800 1359 Commoti
1848 1316 1971 1359 sunt
2013 1312 2065 1359 et

487 1397 685 1444 tremor
710 1391 1046 1461 apprehendit
1091 1411 1201 1448 eos.
1241 1394 1325 1448 lbi
1350 1394 1560 1450 dolores
1591 1405 1648 1449 ut
1689 1397 2059 1466 parturientis.

484 1477 622 1534 Nam
649 1490 780 1537 tunc
800 1483 1019 1538 demum
1046 1485 1188 1539 ratio
1222 1484 1417 1555 judicii
1442 1485 1559 1551 Dei,
1586 1502 1747 1557 quem
1775 1487 2063 1559 impugna-

485 1571 640 1637 bant,
674 1576 991 1644 conspectui
1025 1591 1216 1631 eorum
1249 1579 1444 1647 patuit.
1471 1577 1837 1644 Quamobrem
1863 1594 2062 1634 secun-

483 1662 614 1716 dum
649 1661 1032 1732 Symmachum
1072 1665 1276 1721 dicitur
1307 1686 1321 1721 :
1355 1666 1469 1737 Ipsi
1498 1668 1728 1723 videntes
1773 1671 1850 1724 sic
1883 1668 2059 1723 admi-

483 1751 591 1804 rati
618 1761 761 1816 sunt,
797 1753 1095 1808 conturbati
1125 1764 1268 1819 sunt,
1300 1756 1531 1826 perculsi
1558 1767 1702 1821 sunt,
1745 1767 1939 1813 tremor
1966 1775 2058 1813 oc-

2168 572 2267 644 τὴν
2310 570 2631 641 Ἐκκλησίαν
2662 568 2759 622 τοῦ
2789 568 2960 634 Θεοῦ;
2992 568 3137 639 Πλὴν
3164 569 3225 621 τὸ
3267 570 3409 639 μέγα
3444 568 3630 639 θαῦμα
3662 571 3765 623 τοῦ

2168 666 2227 718 ἐν
2264 668 2386 727 ταῖς
2416 663 2637 734 βάρεσιν
2689 662 2859 732 αὐτῆς
2887 660 3291 731 γινωσκομένου
3320 661 3453 714 Θεοῦ
3492 663 3615 717 τότε
3651 663 3770 715 δεῖ-

2169 773 2391 818 κνυται,
2441 755 2662 808 ἐπειδὰν
2693 757 2740 807 οί
2777 754 3016 824 βασιλεῖς
3038 793 3053 816 ,
3113 753 3486 824 συναχθέντες,
3518 756 3767 826 πόλεμον

2167 848 2406 920 ἄρωνται
2447 846 2586 901 κατὰ
2633 846 2731 917 τῆς
2783 845 3110 916 Ἐκκλησίας
3142 845 3341 910 αὑτοῦ,
3387 847 3668 918 διωγμοὺς
3700 864 3765 900 τε

2168 937 2473 1002 κινοῦντες,
2505 937 2598 990 καὶ
2625 938 2824 1009 μυρίας
2852 937 3142 1002 ἐπιϐουλὰς
3166 939 3286 991 κατ’
3308 938 3477 1009 αὐτῆς
3506 939 3769 1008 βουλευό-

2172 1047 2320 1101 μενοι
2342 1068 2357 1093 ,
2391 1028 2554 1100 μηδὲν
2592 1029 2834 1098 ἰσχύωσι.
2865 1028 2957 1082 Διὸ
2990 1029 3262 1097 ἐπιλέγει·
3310 1029 3491 1083 Αὐτοὶ
3521 1030 3767 1098 ἰδόντες

2165 1122 2351 1186 οὕτως
2383 1121 2768 1188 ἐθαύμασαν·
2810 1120 2955 1191 ἔργῳ
3006 1120 3114 1192 γὰρ
3167 1119 3265 1191 τὴν
3310 1120 3535 1191 δύναμιν
3585 1123 3766 1177 αὑτοῦ

2165 1209 2604 1279 παραλαϐόντες,
2651 1210 2839 1275 οὕτως
2870 1210 3221 1279 ἐθαύμασαν
3244 1250 3257 1273 ,
3294 1210 3400 1281 πρὸ
3436 1210 3627 1263 τούτου
3682 1215 3766 1285 μὴ

2165 1303 2564 1374 θαυμάσαντες.
2601 1298 2733 1355 Εἶτα
2756 1301 3196 1372 ἐταράχθησαν,
3229 1301 3306 1364 ὡς
3330 1301 3395 1355 ἂν
3420 1301 3555 1354 Θεοῦ
3594 1302 3769 1355 πολές

2167 1410 2277 1463 μιοι
2326 1392 2721 1454 καταστάντες·
2787 1386 3248 1458 Ἐσαλεύθησὰν
3297 1408 3361 1444 τε
3393 1391 3491 1445 καὶ
3532 1394 3767 1461 τρόμος

2162 1482 2491 1537 ἐπελάϐετο
2527 1480 2744 1536 αὐτῶν.
2819 1483 2980 1536 Ἐκεῖ
3017 1482 3226 1548 ὠδῖνες
3276 1482 3357 1549 ὡς
3403 1487 3761 1551 τικτούσης.

2163 1572 2363 1627 Λοιπὸν
2393 1570 2500 1640 γὰρ
2528 1572 2831 1624 ὑπέπιπτεν
2866 1571 3044 1626 αὐτῶν
3090 1575 3201 1635 τοῖς
3234 1572 3531 1643 ὀφθαλμοῖς
3559 1576 3588 1626 ὁ
3618 1576 3762 1646 περὶ

2161 1664 2259 1733 τῆς
2289 1663 2521 1734 κρίσεως
2547 1662 2642 1716 τοῦ
2666 1662 2801 1716 Θεοῦ
2826 1663 2982 1731 λόγος
3002 1703 3015 1727 ,
3048 1663 3140 1717 τοῦ
3164 1664 3252 1716 ὑπ’
3276 1665 3455 1718 αὐτῶν
3481 1666 3765 1737 πολεμου-

2164 1754 2345 1825 μένου.
2383 1753 2474 1806 Διὸ
2504 1753 2645 1809 κατὰ
2670 1754 2761 1807 τὸν
2791 1756 3087 1826 Σύμμαχον
3113 1755 3359 1826 εἴρηται·
3385 1759 3564 1812 Αὐτοὶ
3594 1759 3763 1812 ἱὸόσω

481 1846 690 1914 cupavit
715 1861 824 1908 eos,
852 1845 1059 1902 dolores
1088 1858 1145 1901 ut
1164 1849 1439 1917 parientis.
1470 1849 1877 1917 Parturiebant,
1899 1860 1957 1905 ut
1983 1850 2052 1905 di-

2166 1861 2263 1912 τες
2293 1846 2481 1912 οὕτως
2506 1846 2884 1916 ἐθαύμασαν,
2916 1847 3365 1916 ἐταράχθησαν,
3405 1850 3723 1920 ἐξεπλάγη
3742 1880 3761 1889 ο

481 1942 627 1989 ctum
657 1943 741 1991 est
773 1955 786 1991 :
820 1935 953 1991 Ecce
981 1940 1235 2006 parturiit
1262 1939 1599 2005 iniustitiam,
1644 1943 1879 2011 concepit
1907 1942 2059 1997 dolo-

481 2041 621 2091 rem,
654 2037 704 2082 et
746 2029 941 2097 peperit
966 2030 1319 2099 iniquitatem.
1357 2029 1555 2084 Locum
1589 2033 1793 2100 aperuit
1837 2041 1885 2086 et
1928 2031 2059 2101 e/fo-

478 2118 558 2172 dit
582 2135 723 2184 eum,
747 2131 796 2175 et
820 2121 1012 2175 incidet
1042 2122 1095 2173 in
1123 2121 1324 2189 foveam
1357 2138 1515 2191 quam
1544 2122 1686 2189 fecit.
1717 2120 2058 2177 Convertctur

477 2209 631 2264 dolor
688 2211 802 2280 ejus
862 2213 917 2265 in
963 2220 1123 2281 caput
1178 2217 1332 2280 ejus,
1368 2222 1418 2266 et
1478 2214 1531 2266 in
1602 2216 1843 2268 verticem
1890 2216 2055 2283 ipsius

478 2298 730 2369 iniquitas
793 2302 908 2371 ejus
981 2301 1254 2355 descendet
1324 2302 1387 2355 ".
1461 2301 1585 2356 llrec
1652 2318 1818 2373 porro
1891 2319 2057 2373 opere

476 2392 784 2461 completa,
838 2409 941 2448 nos
986 2394 1122 2462 ipsis
1169 2394 1347 2449 oculis
1404 2395 1746 2464 percepimus
1796 2413 1808 2447 :
1856 2396 2056 2465 quibus

476 2497 613 2539 sane
667 2483 969 2540 verisimile
1013 2492 1097 2539 est
1137 2493 1387 2555 posteros
1439 2495 1662 2541 nostros
1716 2487 2052 2555 incredulos,

474 2590 601 2633 cum
645 2575 890 2641 audient,
937 2590 1047 2629 non
1098 2574 1256 2630 tidem
1288 2574 1573 2631 habituros
1601 2591 1743 2631 esse.
1776 2575 2055 2646 Quotquot

473 2666 642 2738 igitur
670 2679 787 2721 evo
819 2674 1010 2721 nostro
1042 2665 1196 2722 tuere
1234 2665 1490 2722 Ecclesiae
1516 2666 1610 2723 Dei
1643 2667 1870 2731 inimici,
1902 2670 2053 2738 prin-

470 2742 624 2827 cipes
657 2755 821 2826 hujus
867 2756 1054 2812 szeeuli
1099 2764 1151 2812 et
1185 2757 1423 2828 tyranni,
1473 2758 1739 2813 divinitus
1785 2754 2052 2816 immissis

471 2848 698 2919 ﬂagellis
735 2850 957 2913 laniati,
1004 2848 1094 2903 alii
1136 2850 1354 2919 quidem
1397 2850 1601 2905 cariem
1649 2852 1898 2922 corporis
1929 2867 2052 2921 per-

470 2940 618 3012 pessi
651 2948 799 3005 sunt,
829 2948 887 2996 ut
915 2942 1077 2996 etiam
1108 2941 1192 2996 vel
1224 2941 1402 2996 adhuc
1432 2943 1673 2999 viventes
1705 2958 1830 2998 cum
1853 2944 2052 3001 intole-

471 3031 629 3087 rabili
687 3032 861 3089 fetore
889 3034 1167 3088 vermibus
1210 3042 1484 3089 seatcrent
1520 3053 1532 3088 :
1569 3034 1660 3088 alii
1698 3036 1828 3090 item
1862 3036 2051 3091 viven-

2161 1954 2299 2001 σαν,
2334 1938 2513 2007 φρίκη
2545 1937 2843 2007 κατέσχεν
2873 1940 3095 2004 αὐτοὺς
3116 1982 3129 2005 ,
3160 1939 3368 2006 ὠδῖνες
3403 1942 3484 2006 ὡς
3507 1942 3758 1996 τικτού-

2158 2046 2293 2098 σης.
2340 2019 2548 2083 ’Ὡδινον
2586 2030 2696 2102 γὰρ
2734 2029 2879 2083 κατὰ
2911 2030 2970 2083 τὸ
2996 2030 3350 2099 λελεγμένον·
3417 2031 3572 2085 Ἰδοὺ
3607 2032 3762 2086 ὠδί-

2155 2136 2351 2189 νησεν
2381 2120 2621 2175 ἀδικίαν
2642 2160 2656 2184 ,
2686 2119 2987 2175 συνέλαϐε
3024 2120 3213 2173 πόνον
3243 2120 3342 2174 καὶ
3368 2122 3575 2176 ἔτεκεν
3603 2124 3764 2177 ἀνο-

2149 2214 2317 2281 μίαν,
2356 2213 2601 2267 Adnitar
2636 2210 2828 2280 ὤρυξε
2868 2210 2967 2265 καὶ
2997 2210 3350 2280 ἀνέσκαψεν
3378 2215 3593 2279 αὐτὸν,
3641 2216 3761 2269 καὶ

2154 2305 2493 2374 ἐμπεσεῖται
2516 2308 2603 2371 εἰς
2622 2306 2851 2373 ,βόθρον
2881 2302 2952 2357 ὃν
2980 2303 3319 2375 εἰργάσατο.
3366 2305 3758 2375 Ἐπιστρέψει

2156 2399 2189 2451 ό
2214 2397 2400 2462 πόνος
2428 2395 2616 2450 αὐτοῦ
2648 2398 2737 2461 εὶς
2767 2395 3047 2463 κεφαλὴν
3065 2394 3253 2448 αὑτοῦ
3274 2436 3288 2459 ,
3321 2395 3416 2449 καὶ
3442 2395 3541 2448 ἐπὶ
3564 2413 3758 2463 κορυ-

2154 2486 2284 2556 φὴν
2313 2485 2501 2539 αὑτοῦ
2534 2487 2572 2554 ἡ
2598 2485 2799 2539 ἀδικία
2836 2486 3023 2542 αὐτοῦ
3062 2487 3482 2555 καταϐήσεται.
3550 2488 3755 2542 Ταῦτα.

2151 2576 2218 2629 δι’
2247 2575 2423 2646 ἔργων
2449 2574 2798 2646 πληρούμενα
2826 2575 3121 2647 ὀφθαλμοῖς
3150 2577 3331 2639 αὐτοῖς
3360 2578 3515 2645 ἡμεῖς
3544 2592 3758 2647 παρει-

2152 2664 2401 2738 λήφαμεν
2424 2683 2437 2696 ·
2474 2666 2512 2720 ἃ
2553 2667 2645 2719 καὶ
2672 2667 2819 2731 εἰκὸς
2848 2670 2959 2730 τοῖς
2996 2667 3113 2737 μεθ’
3142 2669 3293 2738 ἡμᾶς
3324 2668 3567 2731 ἀπίστοις
3602 2668 3753 2739 μηδὲ

2153 2757 2288 2827 ἀκοῇ
2313 2756 2660 2812 πιστεύεσθαι
2682 2752 2969 2828 λεγόμενα.
3000 2759 3205 2821 Πάντες
3228 2758 3356 2827 γοῦν
3378 2760 3428 2811 οῖε
3449 2758 3567 2811 καθ’
3591 2760 3752 2828 ἡμᾶς

2150 2847 2251 2918 τῆς
2298 2849 2623 2920 Ἐκκλησίας
2647 2850 2741 2902 τοῦ
2767 2850 2901 2903 Θεοῦ
2932 2850 3181 2921 πολέμιοι
3212 2850 3607 2913 καταστάντες,
3639 2853 3755 2923 ἆρ-

2151 2956 2339 3010 χοντες
2389 2938 2483 2992 τοῦ
2532 2940 2729 3003 αἰῶνος
2776 2940 2965 2994 τούτου
3001 2943 3095 2994 καὶ
3125 2941 3418 3013 τύραννοι,
3456 2942 3751 3013 θεηλάτοις

2154 3030 2402 3101 μάστιξιν
2426 3032 2762 3097 αἰκισθέντες
2825 3033 2981 3103 (1)·οί
3020 3034 3118 3103 μὲν
3146 3033 3336 3103 σήψεις
3359 3033 3451 3086 τοῦ
3486 3032 3751 3102 σώματος

470 3131 555 3180 tes
597 3126 776 3180 oculis
816 3126 961 3195 capti
995 3137 1159 3188 sunt;
1201 3126 1275 3178 ita
1325 3132 1384 3179 ut
1421 3125 1688 3181 divinitus
1739 3125 2045 3183 immissum

2156 3119 2446 3190 ὑπέμειναν
2466 3159 2479 3183 ,
2528 3119 2603 3184 ὡς
2638 3122 2732 3174 καὶ
2759 3120 3045 3191 σκώληκας
3096 3122 3155 3186 ἐξ
3182 3121 3362 3175 αὐτῶν
3410 3122 3488 3175 ἔτι
3518 3122 3750 3186 ζώντων

468 3218 577 3273 sibi
607 3217 878 3288 ﬂagellum
918 3218 1439 3283 animadverterent,
1481 3217 1923 3287 palinodiamque
1952 3234 2046 3274 ca-

2156 3210 2269 3281 μετ’
2300 3211 2572 3281 ἀφορήτου
2607 3210 2871 3274 δυσωδίας
2906 3210 3120 3281 βρύειν·
3164 3213 3211 3265 οἱ
3242 3211 3296 3263 δὲ
3344 3210 3441 3275 τὰς
3473 3211 3622 3280 ὄζεις
3656 3211 3748 3267 ἔτι

469 3317 688 3371 nerent,
738 3324 802 3361 ac
845 3307 1107 3362 Ecclesiae
1137 3306 1307 3361 Deum
1351 3320 1608 3375 magnum
1643 3322 1960 3378 verumque,
1992 3318 2047 3364 et

469 3399 647 3461 solum
672 3413 795 3454 esse
816 3394 1108 3452 Dominum
1136 3398 1547 3462 conﬁterentur,
1569 3412 1890 3470 summaque
1909 3415 2044 3454 cura

466 3489 824 3561 praciperent
859 3499 919 3544 ut
971 3488 1169 3545 civitas
1196 3488 1284 3543 illa
1336 3487 1454 3553 Dei,
1498 3489 1568 3543 ab
1613 3503 1674 3543 se
1700 3489 1830 3543 olim
1865 3490 2045 3563 impu-

466 3590 670 3653 gnata,
759 3588 1165 3639 restauraretur
1234 3595 1299 3634 ac
1356 3581 1538 3635 denuo
1609 3588 2041 3638 «instrueretur.

463 3671 619 3739 Quod
648 3681 837 3743 postea
871 3671 1112 3737 additur,
1158 3673 1214 3727 in
1242 3673 1435 3743 spiritu
1487 3672 1771 3728 vehementi
1805 3683 2042 3730 conteres

460 3774 616 3819 naves
644 3762 897 3827 Tharsis;
949 3765 1066 3820 sive
1096 3765 1399 3819 secundum
1430 3764 1704 3836 Aquilam,
1738 3767 1797 3821 in
1850 3766 2043 3835 spiritu

458 3865 642 3909 urente
668 3857 897 3909 conteris
927 3872 1083 3909 nares
1114 3854 1369 3917 Tltarsis;
1402 3856 1518 3911 sive
1549 3857 1849 3912 secundum
1883 3856 2043 3929 Sym-

456 3945 733 4011 machum,
785 3960 877 4013 per
918 3953 1125 3998 ventum
1168 3944 1453 3997 violentum
1518 3945 1819 4016 confringe:
1882 3963 2039 4002 naves

459 4033 715 4095 Tharsis;
769 4034 1039 4103 intelliges
1068 4035 1115 4088 si
1163 4034 1571 4088 animadvertas
1600 4033 1805 4088 dictum
1840 4034 2035 4101 fuisse,

455 4137 622 4177 naves
645 4120 872 4177 Tharsis
900 4123 1145 4191 ingentes
1175 4123 1395 4178 divitias
1420 4124 1700 4181 Salomoni
1725 4124 2037 4192 advexisse,

454 4221 618 4285 prout
647 4213 703 4267 in
736 4210 1049 4283 Regnorum
1079 4214 1309 4268 historia
1354 4224 1610 4271 narratur
1637 4218 1721 4284 ";
1761 4227 1924 4288 atque
1960 4219 2035 4274 ita

453 4308 878 4357 memoratorum
920 4317 1109 4373 regum
1159 4301 1380 4357 divitias
1404 4314 1457 4359 et
1477 4305 1818 4363 dominatum
1846 4320 2034 4365 conte-

453 4391 644 4456 renda,
676 4408 742 4448 ac
764 4392 922 4463 quasi
954 4390 1015 4448 in
1058 4392 1390 4463 profundum
1422 4396 1641 4466 penitus
1669 4396 2033 4469 demergenda

452 4492 616 4555 atque
655 4500 882 4556 prorsus
912 4485 1210 4541 auferenda
1243 4500 1388 4553 esse,
1433 4502 1531 4559 per
1559 4491 1829 4546 contritas
1863 4506 2030 4548 naves

452 4575 680 4632 Tharsis
712 4576 1118 4632 subindieatur.

2153 3299 2352 3364 ζῶντες
2389 3299 2785 3371 ἐπηρώθησαν,
2818 3301 2893 3365 ὡς
2939 3302 3033 3353 καὶ
3070 3303 3148 3366 εὶς
3182 3302 3528 3374 συναίσθησιν
3560 3303 3747 3357 ἐλθεῖν

2149 3392 2248 3461 τῆς
2277 3389 2684 3461 καταλαϐούσης
2711 3391 2906 3455 αὐτοὺς
2937 3390 3195 3462 θεηλάτου
3222 3394 3479 3463 μάστιγος
3499 3433 3512 3458 ,
3544 3393 3747 3446 παλιν-

2150 3483 2313 3555 ῳδίαν
2358 3499 2416 3535 τε
2449 3478 2578 3553 ᾆσαι
2632 3482 2726 3534 κα)⁵
2770 3482 2859 3535 τὸν
2901 3478 3002 3553 τῆς
3047 3482 3371 3553 Ἑκκλησίας
3393 3483 3524 3536 Θεὸν
3557 3484 3745 3555 μέγαν

2150 3574 2288 3628 εἶναι
2316 3575 2411 3627 καὶ
2438 3574 2614 3645 ἀληθῆ
2638 3575 2730 3627 καὶ
2765 3574 2923 3645 μόνον
2952 3576 3155 3646 Κύριον
3180 3575 3539 3646 ὁμολογῆσαι·
3563 3593 3747 3648 προσ-

2148 3666 2306 3733 τάξαι
2350 3666 2407 3720 δὲ
2439 3668 2537 3721 σὺν
2586 3666 2755 3737 πολλῇ
2793 3666 3000 3735 σπουδῆ
3030 3665 3383 3721 ἀνανεοῦσθαι
3407 3669 3499 3720 καὶ
3523 3668 3742 3722 οἰκοδο-

2151 3760 2270 3827 μεῖν
2300 3756 2398 3827 τὴν
2427 3757 2593 3811 πάλαι
2643 3757 2777 3827 πρὸς
2826 3756 3004 3810 αὐτῶν
3035 3757 3432 3828 πολεμηθεῦαν
3458 3757 3551 3811 τοῦ
3590 3758 3738 3813 Θεοῦ

2147 3850 2319 3904 πόλιν.
2374 3850 2448 3903 Τὸ
2479 3850 2524 3902 δ’
2559 3849 2687 3919 ἑξῆς
2716 3849 3038 3923 εἰρημένον·
3104 3851 3201 3905 Ἐν
3233 3852 3520 3921 πνεύματι
3548 3851 3739 3916 βιαίῳ

2146 3943 2498 4010 συντρίψας
2526 3941 2706 3996 πλοῖα
2767 3940 3048 4009 Θαρσεῖς·
3083 3940 3115 4011 ἢ
3153 3942 3289 3996 κατὰ
3324 3943 3414 3996 τὸν
3458 3942 3690 4011 Ἀκύλαν
3713 3959 3729 3973 ·

2158 4034 2260 4087 Ἕν
2299 4035 2591 4102 πνεύματι
2645 4033 2961 4097 καύσωνος
3003 4035 3341 4101 συντρίϐεις
3376 4033 3529 4101 νῆας
3574 4035 3732 4104 ευρ.

2144 4125 2274 4191 σεῖς
2293 4142 2306 4155 ·
2331 4126 2365 4197 ἢ
2394 4125 2539 4179 κατὰ
2568 4126 2656 4179 τὸν
2691 4125 3005 4197 Σύμμαχον·
3022 4128 3101 4181 Δι’
3124 4126 3347 4197 ἀνέμου
3364 4128 3570 4192 ,ϐιαίου
3594 4146 3736 4183 κατ-

2141 4215 2338 4282 εάξεις
2388 4216 2541 4282 ναῦς
2607 4216 2890 4285 Θαρσεῖς·
2927 4220 3139 4289 νοήσεις
3165 4220 3464 4291 ἐπιστήσας
3494 4221 3569 4283 ὡς
3598 4220 3732 4291 νῆες

2141 4306 2373 4378 Θαρσεῖς
2393 4307 2643 4375 ἐλέγοντο
2663 4307 2890 4363 πλοῦτον
2918 4309 3090 4381 μέγαν
3116 4310 3298 4383 φέρειν
3317 4309 3397 4381 τῷ
3421 4307 3729 4380 Σολομῶντι

2140 4401 2270 4454 ποτὲ
2301 4400 2440 4455 κατὰ
2474 4400 2838 4473 τὴνλστορίαν
2866 4403 2965 4473 τὴν
2990 4406 3048 4457 ὲν
3077 4407 3195 4466 ταῖς
3219 4402 3524 4467 Βασιλείαις
3547 4402 3728 4471 κειμέρ

2138 4506 2256 4561 νην.
2301 4489 2487 4554 Οὕτως
2512 4486 2605 4544 οὖν
2638 4493 2733 4546 καὶ
2757 4492 2869 4545 τῶν
2897 4492 3303 4564 προλεχθέντων
3338 4491 3599 4563 βασιλέων
3632 4490 3737 4545 τὸν

2139 4581 2368 4637 πλοῦτον
2388 4582 2483 4635 καὶ
2497 4581 2596 4654 τὴν
2612 4582 2926 4639 δυναστείαν
2949 4583 3423 4656 συντριϐήσεσθαι,
3442 4582 3727 4661 ὁλόστολόν

450 4687 508 4724 τε
535 4668 788 4725 καὶκατὰ
844 4667 1020 4739 βυθῶν
1074 4669 1365 4741 χωρήσειν,
1433 4670 1711 4736 παντελῶς
1737 4688 1796 4725 τε
1827 4672 2291 4745 ἀφανισθήσεσθαι
2315 4714 2328 4739 ,
2380 4675 2411 4727 ὁ
2440 4672 2596 4742 λόγος
2628 4673 2845 4744 ᾐνίξατο
2876 4675 2965 4729 διὰ
3009 4674 3117 4728 τῶν
3147 4676 3290 4747 νηῶν
3324 4676 3567 4747 Θαρσεῖς
3611 4674 3729 4727 τῶν

452 4764 903 4834 ωντριὸομένων.

520 4851 685 4907 Vsus.
722 4854 776 4908 9.
819 4854 968 4909 Sicut
992 4853 1317 4923 audivimus,
1345 4857 1423 4911 ita
1454 4867 1501 4912 ct
1538 4859 1769 4913 vidimus
1801 4860 1857 4914 in
1890 4861 2025 4915 ciui-

2198 4856 2477 4925 Καθὰπερ
2499 4858 2869 4925 ἠκούσαμεν,
2897 4855 3087 4924 οὕτως
3115 4855 3213 4909 καὶ
3250 4855 3491 4925 ειδομεν
3513 4856 3583 4909 ἐν
3612 4860 3731 4913 πό»

451 4948 559 4996 tate
582 4942 795 4997 Domini
824 4947 1106 5013 virtutum,
1140 4950 1193 5002 in
1224 4949 1434 5003 ciritate
1474 4948 1572 5004 Dei
1624 4952 1795 5006 nostri
1829 4968 1847 5006 :
1878 4952 2023 5008 Deus

2156 4955 2219 5004 las
2246 4948 2471 5017 Κυρίου
2504 4946 2622 5002 τῶν
2670 4945 2987 5017 δυνάμεων
3010 4986 3025 5013 ,
3083 4947 3155 5001 ἐν
3199 4947 3375 5002 πόλει
3427 4947 3533 5001 τοῦ
3569 4949 3728 5004 Θεοῦ

447 5030 690 5102 fundavit
718 5049 835 5089 eam
876 5037 928 5089 in
958 5048 1240 5093 internum.
1291 5037 1513 5110 Antiqui
1569 5056 1636 5096 ex
1694 5042 1897 5099 divinis
1948 5044 2026 5100 le~

2156 5040 2326 5110 mar
2374 5043 2408 5094 ό
2442 5039 2585 5107 Θεὸς
2613 5039 3008 5108 ἐθεμελίωσεν
3036 5036 3230 5106 αὐτὴν
3258 5040 3341 5107 εις
3377 5037 3485 5092 τὸν
3512 5038 3724 5095 αἰῶνα.

448 5123 724 5181 ctionibus
757 5126 933 5181 solum
967 5127 1317 5199 propheticus
1344 5128 1445 5185 has
1470 5144 1634 5187 voces
1653 5140 1983 5203 acceperunt
2006 5150 2020 5196 ;

2156 5132 2193 5184 Η
2219 5132 2385 5187 πάλαι
2414 5133 2511 5203 μὲν
2531 5133 2728 5204 ἢκουον
2754 5132 2888 5186 αὐτὸ
2917 5131 3076 5203 μόνον
3097 5130 3204 5184 τῶν
3230 5130 3585 5204 προφητικῶν
3605 5147 3726 5198 φω-

446 5227 595 5271 nunc
629 5222 833 5280 autem,
864 5230 988 5271 cum
1020 5216 1158 5288 ipsis
1208 5218 1375 5275 rebus
1412 5221 1583 5291 gestis
1624 5223 2025 5293 praedictiones

2156 5223 2230 5277 ὧν
2268 5226 2333 5278 ἐκ
2379 5223 2491 5278 τῶν
2545 5225 2703 5297 ἱερῶν
2732 5223 3210 5296 ἀναγνωσμάτων·
3257 5224 3374 5279 νυνὶ
3425 5221 3482 5277 δὲ
3532 5222 3724 5286 αὐτοῖς

446 5306 699 5376 impletas
720 5307 928 5372 vident,
959 5307 1035 5364 ita
1059 5307 1247 5364 fantur
1277 5327 1291 5365 :
1322 5308 1474 5366 Sicut
1496 5313 1829 5382 audivimus,
1867 5317 1944 5370 ita
1964 5323 2015 5371 et

2156 5316 2411 5390 πράγμασι
2442 5317 2514 5373 τὰ
2558 5316 2974 5389 ἀποτελέσματα
2996 5316 3106 5373 τῶν
3129 5317 3487 5390 προρρήσεων
3518 5313 3699 5384 ὀφθαλ

518 5460 562 5494 ⁸⁸
598 5459 746 5516 Psal.
778 5476 890 5528 vn,
924 5462 1112 5518 1547.
1193 5462 1237 5497 ι·
1283 5458 1355 5517 Ill
1373 5462 1508 5536 Reg.
1542 5484 1576 5523 ι
1603 5507 1619 5533 ,
1651 5468 1750 5524 σε.

515 5580 591 5648 (Ι)
622 5580 1128 5657 _Seilicet_Galerius
1164 5582 1548 5657 Maximianus.
1587 5583 1726 5657 Vide
1766 5583 2003 5657 Lactan-
2108 5599 2158 5638 e.
2200 5584 2290 5649 to,
2328 5592 2381 5641 et
2410 5584 2759 5641 Lactantium
2790 5585 2864 5657 De
2898 5595 3059 5642 mort.
3082 5602 3247 5657 pars“
3281 5604 3331 5645 c.
3364 5590 3453 5647 49.
3480 5589 3715 5645 Utrum-

444 5649 579 5727 tium
615 5650 686 5704 De
717 5653 926 5727 inertib.
956 5665 1371 5727 persecuturum,
1399 5670 1449 5709 c.
1475 5656 1573 5727 A55;
1619 5654 1818 5727 Euseb.
1848 5654 2000 5727 Hist.
2111 5671 2217 5725 que
2246 5663 2451 5727 autem,
2477 5657 2728 5727 deposita
2757 5656 3029 5713 adversus
3079 5649 3435 5715 Christianos
3468 5660 3704 5725 szevitia,

446 5719 595 5798 {ct-1.,
648 5735 695 5774 c.
733 5722 893 5798 26_._et
918 5719 1086 5798 alios.
1113 5722 1361 5798 Sequens
1394 5725 1503 5798 qui
1531 5726 1719 5798 oculos
1753 5725 2004 5798 amisisse
2110 5719 2290 5798 edicta
2311 5726 2370 5782 in
2400 5719 2617 5783 illorum
2650 5729 2880 5798 gratiam
2911 5727 3171 5785 emisisse
3204 5739 3395 5785 narrat
3428 5730 3571 5786 idem
3599 5719 3714 5784 Eu;

445 5791 639 5852 fertur.
673 5801 756 5846 est
792 5792 1142 5860 Maximinus,
1197 5791 1263 5848 de
1318 5791 1427 5862 quo
1459 5795 1578 5850 vide
1616 5794 1814 5851 Euseb.
1856 5796 1886 5847 I.
1935 5810 2008 5861 Ix,
2120 5795 2327 5850 sobius.
