4010 6616
468 373 569 428 627

1166 371 1431 430 EUSEBll
1469 375 1946 443 CASSARIENSIS
1980 378 2355 447 OPPCPARS
2383 380 2480 437 Ill.
2523 407 2591 422 ω-
2616 382 3022 437 EXEGE’I'IL‘A.

3616 388 3741 442 428

469 507 648 547 muros
677 493 829 562 ejus;
871 490 1236 564 Symmachus
1261 506 1412 557 vero,
1450 502 1739 548 numerate.
1783 493 1856 548 \Et
1910 510 2020 550 vert

2139 497 2196 551 δὲ
2225 496 2344 550 τοῦ·
2384 499 2758 567 Διηγήσασθε
2783 497 2855 550 ἐν
2891 496 3014 563 τοῖς
3043 497 3290 567 πύργοις
3312 496 3533 566 αὐτῆς»
3565 500 3597 553 ὁ
3623 500 3728 570 μὲι.

470 584 851 652 [instantiora
896 582 1131 638 maxime
1159 583 1408 646 aediﬁcia,
1443 599 1507 639 ac
1551 600 1673 655 quae
1723 586 1778 640 in
1815 585 2038 643 civitate

2153 589 2402 653 Ἀκύλας,
2415 589 2745 658 Ψηφίσατε,
2770 589 2922 660 φησὶ,
2940 589 3203 658 πύργους
3219 588 3428 658 αὐτῆς
3452 592 3480 643 ό
3503 577 3559 644 δέ
3577 591 3711 663 Σύμι

470 675 765 731 munitiora
795 682 969 738 erant,
1000 681 1190 745 utpote
1220 676 1445 746 majoris
1475 679 1832 734 momentiac
1853 695 2020 736 neces

2139 697 2344 752 μαχος·
2391 681 2805 750 Ἀριθμήσατε.
2862 680 3112 734 Μάλιστα
3143 680 3251 752 γάρ
3298 680 3367 734 τὰ
3414 681 3730 754 ἐξοχώτατα

469 768 646 824 sitatis
662 781 826 838 quam
850 773 1071 829 caetera,
1107 769 1424 825 memoratis
1458 769 1780 828 custodibus
1808 786 2037 827 numero

467 859 667 914 tradita
695 867 823 916 sunt
850 859 918 914 ad
944 860 1202 926 tutelam;
1229 861 1559 916 uttraditum
1590 862 1693 918 sibi
1714 878 2032 930 numerum,

466 951 676 1006 salvum
705 951 1092 1024 integrumque
1124 954 1500 1009 restituerent.
1533 952 1660 1008 Haec
1693 969 1858 1025 porro
1887 955 2034 1011 dicta

464 1057 531 1097 ex
571 1039 874 1100 Salvatoris
903 1061 1036 1100 voce
1067 1045 1358 1118 intelligas,
1396 1061 1505 1117 qua
1537 1047 1687 1118 ipsos
1732 1047 2034 1118 discipulos

461 1143 518 1188 et
543 1136 843 1205 apostolos,
874 1137 968 1208 qui
998 1153 1096 1192 ceu
1139 1145 1324 1194 turres
1357 1139 1567 1195 caeteris
1600 1139 1845 1197 aediliciis
1897 1156 2034 1211 prae-

463 1225 700 1294 stabant,
734 1228 816 1284 sic
859 1229 1240 1300 alloquebatur
1267 1248 1279 1283 :
1325 1228 1497 1284 Vestri
1527 1240 1701 1285 autem
1732 1231 1914 1302 capilli
1942 1248 2037 1286 ca-

460 1318 584 1385 pitis
613 1335 788 1373 omnes
814 1321 1076 1374 numerati
1107 1329 1228 1374 sunt
1257 1321 1322 1374 ”.
1352 1319 1488 1375 Nam
1517 1322 1610 1392 qui
1641 1323 1792 1392 ipsos
1822 1323 1891 1377 ad
1914 1328 2035 1376 tan-

461 1417 573 1462 tam
609 1409 999 1465 sublimitatem
1049 1411 1250 1472 evexit,
1303 1420 1356 1465 et
1409 1409 1672 1466 Ecclesiae
1705 1426 1820 1466 suae
1851 1419 2032 1468 turres

461 1501 770 1566 constituit,
824 1517 895 1556 ne
942 1502 1075 1574 quid
1130 1503 1200 1556 ab
1248 1501 1488 1558 inimicis
1524 1503 1651 1557 mali
1681 1510 2028 1574 paterentur,

460 1593 763 1663 majoribus
816 1595 966 1665 ipsos
1012 1593 1354 1656 custodibus,
1388 1593 1643 1649 videlicet
1691 1595 1896 1650 sanctis
1928 1609 2030 1649 an-

448 1688 592 1759 gelis
623 1686 808 1743 tradit.
855 1685 1009 1742 Unde
1065 1688 1120 1741 in
1168 1685 1398 1742 Actibus
1441 1686 1834 1758 apoStolorum,
1871 1686 2029 1757 gnari

459 1779 705 1850 singulos
742 1777 1051 1835 Scrvatoris
1093 1778 1390 1850 discipulos
1436 1778 1766 1849 quibusdam
1823 1781 2028 1852 angelis

459 1871 688 1926 traditos
719 1886 860 1936 esse,
903 1872 1252 1928 renuntiante
1283 1871 1484 1942 puella,
1509 1870 1739 1927 Petrum
1762 1886 1904 1937 esse,
1933 1873 2026 1943 qui
2063 1855 2104 1910 Β

452 1963 676 2032 januam
699 1965 1034 2034 pulsaverat,
1053 1964 1250 2036 reliqui
1290 1963 1545 2035 discipuli
1573 1963 1852 2028 dixerunt,
1883 1963 2026 2018 Num

457 2056 672 2126 angelus
698 2058 810 2127 ejus
844 2067 922 2111 est
943 2057 1028 2110 “‘t
1054 2054 1168 2112 lmo
1196 2056 1362 2113 etiam
1389 2058 1456 2112 de
1487 2057 1702 2128 pusillis
1733 2056 1788 2111 in
1839 2056 2028 2112 Eccle-

455 2150 533 2204 sia
565 2147 826 2205 Servalor
872 2149 988 2206 haec
1033 2149 1200 2205 tradit
1233 2169 1248 2205 :
1285 2147 1428 2203 Nam
1471 2150 1645 2220 angeli
1677 2165 1860 2203 eorum
1887 2165 2024 2204 sem-

453 2254 544 2293 per
571 2239 747 2295 vident
783 2241 975 2310 faciem
1004 2239 1181 2294 Patris
1205 2240 1327 2305 mei,
1354 2240 1443 2310 qui
1469 2240 1524 2293 in
1552 2239 1698 2294 caelis
1725 2249 1804 2294 est
1831 2240 1900 2296 ”.
1927 2237 2025 2293 Ju-

452 2346 512 2386 re
541 2347 672 2401 ergo
704 2333 772 2388 iis
807 2333 1066 2402 praesenti
1116 2346 1369 2388 sermone
1409 2332 1730 2402 praecipitur
1767 2349 1780 2385 :
1820 2329 2024 2385 Nume-

453 2435 568 2478 rate
610 2433 781 2478 turres
831 2425 966 2493 ejus.
1017 2423 1279 2497 Deinceps
1306 2439 1475 2480 vero:
1513 2423 1700 2478 Ponite
1729 2421 1892 2478 corda
1939 2441 2022 2478 ue-

451 2527 564 2571 stra
594 2517 648 2570 in
677 2517 868 2571 virtute
901 2517 1036 2586 ejus,
1078 2525 1127 2570 et
1157 2516 1460 2571 distribuite
1502 2516 1694 2571 domos
1749 2516 1899 2585 ejus;
1935 2531 2022 2572 see

450 2608 691 2662 cundum
728 2606 1118 2680 Symmachum
1157 2617 1362 2673 autem,
1397 2608 1584 2662 Ponite
1633 2609 1796 2662 corda
1847 2617 2020 2663 uestra

447 2704 505 2755 in
529 2699 786 2754 ambitum
814 2699 930 2770 ejus
954 2716 972 2753 :
1002 2701 1260 2754 mctimini
1293 2701 1489 2771 regiam
1520 2699 1653 2769 ejus.
1683 2698 1808 2755 Haec
1838 2701 2020 2755 omnia

449 2807 609 2859 agere
639 2791 905 2861 jubentur
927 2792 1185 2847 custodes
1211 2790 1468 2848 Ecclesiae
1496 2812 1508 2847 :
1536 2790 2020 2847 Castrametabitur

444 2884 589 2938 enim
626 2882 843 2953 angelus
879 2882 1093 2937 Domini
1125 2884 1180 2938 in
1209 2885 1436 2938 circuitu
1465 2885 1760 2939 timentium
1797 2902 1936 2951 eum,
1963 2896 2019 2941 et

445 2975 627 3043 eripiet
681 2991 769 3030 eos
799 2976 866 3030 ⁸⁸.
916 2975 1066 3042 Quas
1117 2983 1296 3031 autem
1325 2976 1523 3033 domus
1557 2976 1784 3042 indicat,
1811 2977 1918 3033 nisi
1950 2977 2018 3034 de

441 3066 644 3138 quibus
673 3083 838 3138 supra
869 3066 1176 3133 dicebatur,
1224 3068 1365 3122 Deus
1396 3070 1451 3123 in
1493 3068 1736 3125 domibus
1775 3069 1890 3140 ejus
1921 3087 2015 3125 cs-

439 3162 734 3230 gnoscitur,
772 3177 892 3214 cum
927 3162 1178 3230 suscipiet
1217 3164 1373 3217 eam?
1399 3160 1520 3216 Jam
1551 3161 1871 3218 dicebamus
1915 3177 2012 3233 per

431 3255 717 3310 civitatem
749 3254 844 3310 Dei
895 3255 1123 3326 intelligi
1153 3254 1469 3325 religiosum
1508 3269 1670 3309 omne
1696 3254 2010 3310 institutum

442 3343 502 3399 in
538 3347 796 3401 universa
848 3354 994 3402 terra
1047 3346 1376 3412 stabilitum;
1432 3360 1529 3414 per
1575 3344 1767 3400 domos
1801 3350 2006 3410 autem,

439 3437 705 3493 ecclesias
751 3437 996 3509 singulas
1023 3438 1191 3494 variis
1239 3437 1295 3491 in
1339 3437 1474 3491 locis
1504 3436 1734 3507 positas.
1772 3434 2012 3506 Singula:

443 3537 626 3585 autem
661 3530 766 3585 illae
812 3529 1075 3602 praesenti
1130 3543 1384 3584 sermone
1433 3527 1690 3583 distribui
1725 3527 2004 3597 iubentur.

433 3614 570 3672 Vult
618 3617 764 3673 enim
817 3618 1066 3688 singulos
1096 3616 1321 3688 angelos
1354 3617 1714 3672 ecclesiarum
1763 3617 2009 3688 singula-

439 3725 560 3764 rum
593 3695 698 3765 sibi
727 3711 1148 3798 qommissarum
1178 3712 1434 3768 custodes
1485 3727 1628 3769 esse.
1685 3710 1881 3768 Postea
1927 3713 2007 3768 sic

437 3802 666 3866 claudit,
703 3813 760 3856 ut
785 3803 1043 3858 enarratis
1079 3804 1132 3857 in
1161 3805 1406 3874 progenie
1445 3805 1636 3860 altera.
1674 3803 2005 3876 Angelorum

424 3893 584 3948 enim
623 3903 741 3950 erat
790 3895 1020 3952 virtutes
1055 3894 1148 3951 Dei
1205 3911 1300 3967 per
1341 3897 1586 3953 diversas
1626 3897 2007 3968 generationes

429 4000 693 4042 enarrare
725 4001 907 4054 posse.
945 3986 1014 4040 Et
1044 3989 1295 4058 quoniam
1327 3988 1409 4042 hic
1439 3997 1517 4043 est
1547 3989 1687 4043 Deus
1727 3989 1866 4044 Deus
1899 4007 2009 4045 no-

437 4086 544 4128 ster
571 4078 627 4129 in
654 4085 912 4130 internum
955 4087 1005 4132 et
1027 4080 1096 4132 A-in
1139 4080 1393 4132 saxulum
1428 4081 1613 4135 swculi
1636 4120 1651 4144 ,
1689 4083 1798 4150 ipse
1830 4091 2008 4151 pascet

436 4183 532 4220 uos
564 4166 620 4218 in
647 4167 845 4220 uacula
880 4185 898 4222 :
948 4183 1046 4224 vos
1077 4169 1301 4238 quidem
1333 4185 1433 4225 ceu
1471 4177 1680 4227 tutores
1713 4171 1924 4229 fueritis
1953 4181 2007 4229 et

435 4257 591 4326 quasi
625 4257 880 4314 custodes
903 4259 1118 4330 gregis;
1145 4275 1401 4330 pecorum
1437 4269 1620 4317 autem
1647 4272 1838 4333 pastor
1865 4265 2006 4320 alius

436 4349 619 4406 fuerit.
640 4350 901 4418 Quisnam
929 4353 1016 4408 ille
1034 4354 1138 4409 nisi
1171 4355 1264 4424 qui
1282 4355 1418 4410 dixit
1440 4356 1485 4387 ¹⁷
1517 4376 1528 4410 :
1557 4356 1667 4427 Ego
1688 4373 1804 4411 sum
1820 4369 2005 4428 pastor

435 4442 643 4500 bonus?

2134 771 2244 827 τῶν
2301 771 2750 844 οἰκοδομημάτων
2784 772 2876 825 καὶ
2908 770 2976 824 τὰ
3002 771 3318 843 ὀχυρώτατα
3359 772 3459 844 τῆς
3490 774 3728 843 πόλεως,

2137 863 2213 928 ῶς
2237 865 2302 918 ἂν
2329 863 2609 936 κρείττονα
2634 864 2729 916 καὶ
2753 863 2862 916 τῶν
2896 861 3100 916 λοιπῶν
3121 864 3538 938 ἀναγκαιότερα,
3569 867 3717 921 δέδο-

2134 974 2226 1010 ται
2265 957 2362 1011 σὺν
2395 956 2617 1029 ἀριθμῷ
2647 958 2759 1020 τοῖς
2804 955 3114 1028 εἰρημένοις
3142 961 3396 1030 φρουροῖς
3428 959 3726 1031 φυλάττειν

2135 1046 2428 1119 ἐπιμελῶς,
2459 1046 2534 1110 ὡς
2561 1045 2628 1101 ἂν
2655 1045 2966 1119 παραδῶσιν
2987 1046 3218 1118 ἔμπαλιν
3247 1047 3384 1104 σῶον
3412 1051 3505 1104 καί
3530 1051 3725 1123 πλήρη

2133 1135 2191 1190 δν
2241 1136 2609 1209 παρειλήφασι
2661 1134 2912 1210 ἀριθμόν.
2990 1139 3220 1210 Νοήσεις
3253 1138 3309 1192 δὲ
3339 1137 3400 1194 τὺ
3426 1140 3738 1213 λεγόμενον

2133 1227 2242 1281 ἀπὸ
2281 1227 2379 1298 τῆς
2413 1227 2679 1299 σωτηρίου
2725 1227 2941 1298 φωνῆς,
2974 1227 3040 1281 δι’
3068 1223 3135 1300 ἧς
3164 1231 3275 1293 τοῖς
3323 1227 3503 1295 αὐτοῖς
3536 1231 3695 1304 μαθη

2133 1323 2251 1385 ταῖς
2285 1320 2379 1374 καὶ
2409 1320 2726 1386 ἀποστόλοις
2744 1362 2759 1387 ,
2794 1323 2907 1384 τοῖς
2942 1319 3182 1392 ὡσπερεὶ⁵
3214 1320 3443 1395 πύργοις
3468 1323 3722 1394 ὲξέχουσο

2133 1415 2228 1468 καὶ
2254 1414 2564 1486 διαφέρουσι
2593 1414 2691 1485 τῆς
2719 1413 2910 1484 λοιπῆς
2945 1412 3250 1484 οἰκοδομῆς,
3281 1413 3461 1484 ἔλεγεν
3480 1431 3493 1445 °
3523 1415 3740 1485 ’Υμῶν

2130 1507 2200 1562 δὲ
2228 1507 2325 1562 καὶ
2352 1509 2413 1561 al
2435 1507 2631 1576 τρίχες
2665 1504 2775 1576 τῆς
2806 1503 3077 1574 κεφαλῆς
3108 1502 3296 1559 πᾶσαι
3319 1505 3718 1576 ἠριθμημέναι

2130 1599 2306 1652 είσίν.
2370 1598 2427 1651 Ὁ
2459 1597 2567 1668 γὰρ
2586 1597 2667 1660 είς
2695 1596 2945 1650 τοσοῦτον
2979 1595 3111 1666 ὕψος
3134 1595 3329 1659 αὐτοὺς
3354 1596 3583 1668 ἐπάρας,
3615 1599 3719 1652 καὶ

2131 1689 2371 1762 πύργους
2401 1690 2500 1761 τῆς
2551 1689 2876 1761 Ἐκκλησίας
2909 1687 3070 1742 αὐτοῦ
3105 1688 3450 1759 καταστήσας
3473 1729 3488 1754 ,
3533 1688 3612 1752 ὡς
3643 1689 3716 1744 ἂν

2137 1782 2210 1853 μή
2243 1797 2362 1834 τινα
2396 1780 2619 1834 πάθοιεν
2653 1779 2756 1832 ὑπὸ
2787 1777 2892 1833 τῶν
2926 1777 3164 1850 ἐχθρῶν,
3221 1776 3458 1849 μείζοσιν
3508 1779 3722 1859 αὐτούς

2129 1871 2382 1941 φύλαξιν,
2439 1871 2614 1945 ᾁγίοις
2639 1871 2890 1941 ἀγγέλοις
2913 1911 2928 1933 ,
2970 1870 3354 1942 παραδίδωσιν.
3427 1869 3620 1923 Ἔνθεν
3650 1872 3725 1924 ὲν

2126 1965 2246 2025 ταῖς
2291 1961 2530 2034 Πράξεσι
2561 1962 2669 2015 τῶν
2713 1961 3019 2015 ἀποστόλων
3040 2001 3054 2024 ,
3097 1960 3294 2025 εἰδότες
3314 2001 3330 2025 ,
3368 1961 3444 2025 ὡς
3475 1961 3727 2024 ἕκαστος

2125 2050 2232 2104 τῶν
2259 2050 2511 2122 μαθητῶν
2532 2050 2626 2104 τοῦ
2652 2051 2898 2122 Σωτῆρος
2919 2050 3168 2120 ἀγγέλοις
3190 2051 3298 2103 τισὶ
3325 2051 3706 2122 παραδέδοται

2124 2143 2222 2213 τῆς
2254 2143 2542 2214 παιδίσκης
2588 2142 2995 2213 ἀπαγγειλάσης
3017 2181 3031 2206 ,
3065 2141 3141 2206 ὼς
3186 2141 3294 2213 ἄρα
3325 2142 3527 2213 Πέτρος
3556 2145 3642 2215 εἴη
3670 2149 3714 2204 ὸ

2126 2233 2224 2306 τὴν
2243 2233 2409 2306 θύραν
2433 2235 2717 2313 παίσας,οἰ
2738 2233 2911 2288 λοιποὶ
2937 2233 3174 2304 μαθηταὶ
3196 2233 3401 2302 ἔφασαν
3421 2251 3433 2264 ·
3460 2232 3708 2300 Μήποτε

2130 2328 2383 2399 ἅγγελος
2412 2328 2598 2382 αὐτοῦ
2627 2329 2792 2396 dare;
2839 2328 3086 2382 Διδάσκει
3116 2328 3159 2381 δ’
3189 2324 3280 2381 οὖν
3313 2327 3404 2380 καὶ
3436 2327 3560 2398 περὶ
3594 2327 3708 2379 τῶν

2128 2416 2338 2487 μικρῶν
2385 2416 2442 2468 ὲν
2485 2419 2551 2486 τῇ
2596 2416 2887 2488 Ἐκκλησία
2914 2419 2942 2470 ό
2971 2416 3159 2488 Σωτὴρ
3207 2416 3409 2485 λέγων·
3474 2419 3534 2469 Ol
3589 2417 3708 2487 γὰρ

2121 2508 2360 2580 ἄγγελοι
2387 2509 2588 2564 αὐτῶν
2607 2509 2703 2563 διὰ
2728 2507 2953 2575 παντὸς
2966 2507 3269 2573 βλέπουσι
3287 2508 3354 2562 τὸ
3376 2508 3708 2576 πρόσωπον

2120 2600 2228 2655 τοῦ
2249 2603 2477 2669 Πατρός
2499 2620 2618 2671 μου
2647 2601 2752 2656 τοῦ
2777 2602 2846 2654 ἐν
2873 2601 2996 2667 τοῖς
3022 2600 3315 2667 οὐρανοῖς.
3343 2601 3577 2662 Εἰκότως
3606 2595 3709 2653 οὖν

2121 2695 2444 2765 προστάττει
2491 2695 2520 2747 ὁ
2570 2693 2760 2767 παρὼν
2799 2692 2955 2762 λόγος
3003 2692 3210 2755 τούτοις
3247 2683 3438 2755 ἀὐτοῖς
3486 2691 3659 2760 λέγων
3684 2711 3704 2722 ·
3758 2762 3762 2763 ν

2132 2786 2522 2857 Ἀριθμήσατε
2574 2786 2714 2852 τοὺς
2757 2786 3022 2855 πύργους
3052 2783 3270 2853 αὑτῆς“
3317 2780 3417 2836 εἷθ’
3446 2783 3570 2855 ἑξῆς
3598 2785 3662 2838 τό
3683 2803 3704 2816 ο

2125 2880 2344 2946 Τάξατε
2365 2881 2470 2947 τὰς
2495 2878 2743 2948 καρδίας
2769 2878 2933 2948 ὑμῶν
2954 2880 3041 2943 είς
3069 2876 3183 2945 τὴν
3205 2876 3459 2944 δύναμιν
3481 2875 3704 2942 αὐτῆς,

2118 2976 2218 3030 καί
2243 2975 2664 3031 καταδιέλεσθε
2690 2972 2798 3038 τὰς
2823 2971 3032 3040 βάρεις
3065 2968 3254 3036 αὐτῆς
3279 2984 3298 3002 ο
3347 2967 3486 3022 κατά
3514 2967 3571 3021 δὲ
3603 2967 3707 3020 τὸν

2116 3064 2440 3138 Σύμμαχον·
2508 3062 2726 3128 Τάξατε
2772 3060 2877 3127 τὰς
2931 3059 3173 3127 καρδίας
3228 3057 3393 3126 ὑμῶν
3447 3059 3532 3122 εις
3587 3056 3706 3108 τὸν

2115 3156 2594 3229 περίϐολοναύτῆ
2601 3174 2649 3222 ς·
2667 3151 3094 3223 διαμετρήσατε
3106 3150 3174 3204 τὰ
3183 3150 3466 3214 ,βασίλεια
3484 3146 3640 3215 αὐτ-ἦ
3648 3170 3704 3215 ς.

2111 3255 2300 3309 Πάντα
2344 3251 2516 3305 ταῦτα
2549 3248 2972 3321 προστάττονται
3023 3246 3191 3298 ποιεῖν
3222 3245 3270 3295 οἱ
3327 3241 3549 3312 φρουροὶ
3598 3240 3703 3311 τῆς

2129 3345 2450 3416 Ἐκκλησίας
2518 3340 2896 3412 Παρεμϐαλεῐ
2929 3339 3036 3410 γὰρ
3063 3338 3315 3408 ἅγγελος
3342 3335 3560 3404 Κυρίου
3594 3337 3703 3390 ast}-

2116 3442 2241 3505 καφ
2268 3436 2387 3490 τῶν
2409 3433 2794 3505 φοϐουμένων
2815 3431 3019 3495 αὑτὸν,
3051 3430 3148 3484 καὶ
3171 3429 3422 3497 ῥύσεται
3449 3428 3700 3494 αὐτούς.

2115 3530 2281 3593 Ποίας
2307 3529 2363 3582 δὲ
2383 3527 2568 3598 βάρεις
2601 3523 2840 3597 φησὶν,ἢ
2869 3522 2994 3593 περὶ
3020 3515 3094 3575 ὧν
3122 3521 3216 3574 καὶ
3240 3519 3493 3591 ἀνωτέρω
3513 3517 3699 3588 ἐλέγε-

2113 3639 2206 3677 τοο
2253 3622 2315 3675 '0
2359 3619 2503 3687 Θεὸς
2544 3619 2616 3674 ἐν
2647 3616 2775 3685 ταῖς
2804 3615 3061 3684 βάρεσιν
3092 3613 3278 3681 αὐτῆς
3325 3611 3701 3683 γινώσκεται,

2117 3716 2264 3770 ὅταν
2294 3711 2798 3783 ἀντιλαμϐάνηται
2832 3707 3063 3775 αὺτῆς;
3111 3706 3397 3776 Ἐλέγομεν
3446 3705 3502 3757 δὲ
3535 3705 3702 3757 πόλιν

2118 3813 2216 3885 μὲν
2243 3809 2478 3865 νοεῖσθαι
2511 3809 2618 3862 πᾶν
2642 3807 2704 3860 τὸ
2737 3803 2984 3867 θεοσεϐὲς
3013 3801 3307 3870 πολίτευμα
3333 3800 3393 3852 τὺ
3421 3798 3538 3852 καθ’
3565 3799 3703 3870 ὅλης

2113 3905 2214 3976 τῆς
2238 3903 2580 3974 οἰκουμένης,
2617 3901 2800 3972 βάρεις
2825 3898 2882 3951 δὲ
2909 3895 3076 3964 αὐτῆς
3105 3893 3202 3957 τὰς
3230 3892 3371 3946 κατὰ
3403 3892 3566 3964 μέρος
3603 3894 3701 3946 καὶ

2115 3990 2256 4046 κατὰ
2284 3992 2448 4045 τόπον
2477 3988 2788 4060 ἐκκλησίας,
2862 3982 3030 4047 Αὐτὸς
3074 3978 3165 4035 οὖν
3189 3980 3388 4045 ταύτας
3419 3981 3514 4045 τὰς
3546 3983 3701 4036 κατά

2118 4084 2282 4156 μέρος
2305 4085 2334 4137 ό
2359 4082 2550 4154 παρὼν
2580 4079 2899 4152 προστάττει
2928 4078 3082 4148 λόγος
3106 4075 3530 4132 καταδιελέσθαι.
3558 4074 3699 4126 Βούς⁵

2113 4178 2262 4232 λεται
2291 4176 2399 4249 γὰρ
2426 4177 2659 4231 ’ἑκαστον
2686 4173 2792 4227 τῶν
2813 4171 3057 4243 ἀγγέλων
3080 4169 3471 4244 ἀφωρισμένως
3500 4169 3699 4242 ἐκκληο

2115 4270 2242 4324 σιῶν
2265 4287 2425 4323 τινων
2453 4267 2686 4340 φρουρὸν
2705 4267 3010 4338 ἐπιστῆσαι.
3048 4261 3156 4318 Εἶτ’
3181 4263 3419 4331 ἐπιλέγει
3442 4261 3658 4325 τούτοις
3677 4279 3691 4291 ·

2114 4363 2310 4429 Ὅπως
2333 4361 2409 4415 ἂν
2438 4360 2814 4430 διητήσησθε
2851 4360 2936 4425 εὶς
2963 4357 3175 4426 γενεὰν
3209 4355 3438 4422 ἑτέραν.
3496 4353 3696 4422 Ἀγγέ-

2111 4455 2216 4509 λων
2248 4455 2354 4527 γὰρ
2402 4451 2488 4526 [ἢν
2521 4454 2581 4506 τὸ
2612 4455 2691 4517 εἰς
2737 4450 2927 4522 γενεὰς
2968 4449 3254 4519 διαφόρους
3299 4444 3552 4500 δύνασθαι
3593 4445 3696 4508 τὰς

432 4541 632 4613 ἀρετὰς
667 4542 760 4596 τοῦ
811 4542 946 4596 Θεοῦ
983 4543 1360 4616 διηγήσασθαι.
1403 4547 1511 4600 Καὶ
1551 4547 1638 4603 ὅτι
1685 4546 1864 4618 οὗτός
1899 4552 2069 4605 ἐστιν
2106 4555 2138 4604 ὁ
2179 4552 2322 4618 Θεὸς
2377 4555 2410 4606 ὀ
2456 4551 2600 4616 Θεὸς
2648 4548 2816 4619 ἡμῶν
2849 4550 2936 4614 είς
2967 4545 3272 4601 τὸναιῶνα
3293 4544 3390 4598 καί
3437 4545 3525 4612 εἰς
3582 4543 3683 4596 τὸ»

433 4631 615 4688 αἰῶνα
650 4634 757 4689 τοῦ
778 4634 1019 4703 αἰῶνοςο
1081 4639 1262 4704 αὐτὸς
1298 4640 1576 4709 ποιμανεῖ
1612 4641 1767 4712 ἡμᾶς
1803 4648 1889 4711 εἰς
1925 4645 2066 4712 τοὺς
2109 4645 2348 4712 αἰῶνας.
2402 4647 2588 4717 Ὑμεῖς
2649 4646 2744 4716 μὲν
2782 4643 2890 4715 γὰρ
2923 4640 3149 4714 φρουροὶ
3175 4638 3240 4692 ἂν
3268 4639 3414 4701 εἴητε
3452 4639 3546 4690 καὶ
3579 4636 3681 4689 ὧσ-

432 4743 538 4797 περ
574 4727 809 4798 ποίμνης
865 4728 1100 4798 φύλακες
1123 4749 1136 4761 ·
1167 4731 1196 4783 ό
1232 4731 1288 4784 δὲ
1321 4733 1428 4786 τῶν
1460 4732 1787 4806 θρεμμάτων
1821 4741 2024 4813 ποιμὴν
2052 4741 2211 4805 ἀλλος
2240 4740 2304 4793 ἂν
2333 4740 2439 4812 εἴη.
2483 4738 2580 4802 Τίς
2605 4737 2661 4790 δὲ
2681 4729 2887 4807 οὗτοςῆ
2911 4737 2938 4789 ὁ
2958 4733 3126 4794 εἰπών
3145 4750 3159 4763 ·
3195 4730 3340 4800 Ἐγώ
3361 4732 3476 4799 εἰμι
3498 4731 3530 4782 ὁ
3551 4742 3676 4783 ποια

427 4819 556 4889 μὴν
571 4823 603 4874 ὀ
625 4823 810 4887 καλός
836 4843 854 4892 ;

476 4931 525 4986 1.
550 4929 616 4984 ΙΝ
655 4930 1106 5008 FINEM,FILIIS
1143 4937 1324 4992 CORE
1364 4938 1682 4996 PSALMUS
1721 4943 1946 5002 XLVIII.

503 5041 753 5112 Oportuit
786 5045 924 5100 ﬁlios
951 5047 1114 5112 Core,
1140 5053 1231 5120 qui
1264 5054 1436 5120 prima
1479 5071 1578 5109 suo
1609 5064 1851 5128 tempore
1882 5076 2004 5128 pro-

417 5137 692 5200 ‘tulerant,
722 5146 776 5192 et
807 5141 1045 5202 secunda
1078 5144 1486 5208 annuntiarant,
1529 5164 1591 5203 ac
1621 5149 1841 5219 insuper
1875 5168 2007 5221 gen-

379 5292 381 5296 ι
432 5231 568 5284 tium
595 5232 938 5286 vocationem
981 5234 1434 5304 plaedicaverant,
1459 5247 1514 5294 et
1547 5258 1665 5311 qua:
1700 5242 2002 5299 Ecclesiam

360 5341 366 5348 ι
432 5321 526 5378 Dei
551 5323 873 5393 spectabant
905 5325 1280 5392 tradiderant;
1314 5340 1435 5399 post
1481 5331 1597 5387 hate
1626 5333 1693 5389 de
1743 5350 2004 5390 consum-

2110 4946 2217 4999 ΕΙΣ
2246 4946 2333 4997 TU
2366 4941 2767 5008 ΤΕΛΟΣ,ΤΟῙΣ
2799 4939 2977 4992 ΥΙΟΙΣ
3009 4936 3190 4991 ΚΟΡΕ
3220 4931 3512 4986 ΨΑΛΜΟΣ
3541 4931 3690 4990 MH'.

2182 5059 2330 5112 Ἔδει
2352 5058 2408 5112 δὲ
2432 5059 2557 5121 τοὺς
2581 5056 2730 5119 υἱοὺς
2767 5055 2939 5124 Κορὲ,
2992 5051 3059 5104 τὰ
3097 5049 3286 5122 πρῶτα
3319 5046 3460 5101 κατά
3493 5045 3681 5117 καιρὸν

2107 5150 2465 5222 ἐκθεμένους,
2509 5148 2604 5201 καὶ
2632 5146 2699 5200 τὰ
2727 5145 2953 5217 δεύτερα
2981 5139 3535 5212 εύαγγελισαμένους,
3593 5140 3680 5191 ἐπὶ

2107 5245 2316 5306 τούτοις
2338 5259 2396 5294 τε
2416 5242 2515 5312 τὴν
2544 5240 2651 5292 τῶν
2673 5238 2842 5291 ὲθνιῖν
2862 5237 3052 5307 κλῆσιν
3073 5253 3141 5306 κη
3152 5233 3433 5304 ρύξαντας,
3457 5229 3526 5282 τὰ
3551 5231 3681 5301 περὶ

2100 5337 2200 5406 τῆς
2246 5333 2570 5406 Ἐκκλησίας
2604 5331 2698 5385 τοῦ
2743 5330 2877 5385 Θεοῦ
2919 5328 3288 5401 παραδόντας,
3327 5324 3462 5396 μετά
3502 5324 3683 5377 πάντα

425 5415 671 5471 matione
691 5417 976 5486 praesentis
999 5418 1122 5473 vitae
1141 5427 1198 5474 et
1227 5419 1396 5474 divini
1414 5421 1606 5492 judicii
1631 5427 2000 5483 testimonium

2122 5426 2560 5500 ἱιαμαρτύρεσθαι
2587 5425 2656 5479 τὰ
2681 5425 2808 5497 περὶ
2834 5422 2934 5494 τῆς
2964 5419 3264 5482 συντελείας
3287 5416 3382 5470 τοῦ
3412 5415 3684 5486 παρόντος

429 5507 616 5564 ferre:
656 5507 711 5562 in
741 5524 850 5579 quo
881 5526 1085 5563 omnem
1133 5519 1431 5566 creaturam
1483 5517 1705 5572 adducet
1755 5515 1896 5569 Deus
1945 5521 2000 5572 in

2122 5519 2218 5574 liou‘
2253 5521 2348 5574 καὶ
2371 5519 2466 5573 τοῦ
2496 5519 2640 5573 θείου
2671 5515 3076 5586 δικαιωτηρίου·
3114 5513 3171 5565 ὲν
3199 5505 3243 5579 ᾧ
3269 5509 3391 5566 πᾶν
3416 5507 3482 5562 τὸ
3505 5507 3684 5574 ποίη-

424 5596 763 5667 judicium",
793 5607 842 5653 et
873 5617 1048 5655 omnes
1085 5601 1343 5656 tribunali
1393 5588 1484 5656 Dei
1515 5603 1781 5670 sistentur,
1827 5617 1884 5661 ut
1914 5625 1996 5664 re-

2093 5628 2179 5682 μα
2209 5612 2339 5678 ἄξει
2373 5616 2405 5667 ὀ
2435 5611 2578 5684 Θεὸς
2597 5614 2684 5678 εις
2725 5609 2958 5679 κρίσιν,
2992 5607 3088 5660 καὶ
3118 5603 3339 5670 πάντες
3369 5614 3685 5670 παραστη-

499 5753 543 5784 ιι
576 5753 770 5840 Nam],
802 5773 856 5815 ι,
891 5759 980 5815 '50,
1060 5759 1105 5793 ’θ
1144 5759 1262 5816 Act.
1304 5775 1401 5828 xu,
1437 5759 1518 5816 l5.
1598 5761 1640 5794 ³⁸
1662 5762 1852 5824 Matth.
1891 5785 2020 5827 xvm

2131 5772 2190 5830 0.
2265 5773 2310 5806 "
2348 5770 2492 5830 Psal.
2526 5786 2722 5836 χχχιιι,
2754 5769 2806 5825 8.
2886 5769 2928 5800 ’⁷
2963 5765 3122 5824 Joan.
3152 5759 3331 5834 LE“.
3408 5757 3454 5790 ³⁸
3494 5755 3675 5812 Eccle.

425 5833 536 5897 xu,
573 5820 656 5874 N.
