4010 6580
282 386 376 444 129

1387 395 1895 447 (.UMMENIARIA
1934 396 1997 446 IN
2040 394 2372 451 PSALMOS.

3399 397 3500 449 ις)

287 510 502 579 σόμεθα
528 508 608 574 τῷ
631 508 856 579 βήματι
893 509 997 563 τοῦ
1029 508 1173 563 Θεοῦ
1193 550 1207 571 ,
1241 511 1339 562 ἵνα
1367 513 1679 580 κομίσηται
1706 511 1840 565 ἕκα-

1954 512 2079 565 ίενιιι
2103 514 2449 583 unusquisque
2480 514 2693 582 propria
2721 513 2972 580 corporis,
3008 521 3158 580 prout
3192 512 3369 582 gessit,
3396 513 3501 564 sive

284 616 424 666 στος
452 598 523 653 τὰ
563 599 660 653 διὰ
686 601 791 654 τοῦ
820 600 1090 671 σώματος
1110 642 1123 665 ,
1157 601 1306 670 πρὸς
1344 601 1382 655 ἂ
1412 602 1703 670 ἔπραξεν,
1736 604 1840 656 εἴτ’

286 691 520 761 ἀγαθόν,
540 692 665 747 εἶτε
691 694 942 762 φαῦλον.
990 695 1322 762 Ἀναγκαίως
1344 696 1518 748 τοίνυν
1548 696 1721 749 πάντα
1742 715 1840 749 κα-

286 785 361 838 λεί
410 784 481 839 τὰ
535 784 661 857 ἔθνη
718 787 808 839 ἐπὶ
838 786 934 858 τὴν
964 786 1069 839 τῶν
1102 787 1507 859 λεχθησομένων
1560 791 1838 862 ἀκρόασιν.

294 877 377 940 Ὦς
400 875 508 949 γὰρ
526 877 618 930 ἐπὶ
644 877 739 949 τὴν
770 879 1037 951 σωτηρίαν
1056 882 1162 933 πᾶν
1196 881 1347 949 γένος
1384 881 1679 954 ἀνθρώπων
1706 901 1845 955 παρ-

284 969 481 1031 εκάλει,
512 970 605 1022 τὸν
630 969 999 1042 αὐτὸντρόπον
1028 972 1120 1026 καὶ
1146 974 1236 1026 ἐπὶ
1262 973 1360 1044 τὴν
1386 973 1728 1028 διδασκαλίαν
1746 977 1844 1046 τῆς

284 1062 427 1125 θείας
481 1061 711 1131 κρίσεως
758 1062 893 1133 ὁμοῦ
945 1063 1152 1127 πάντας
1198 1065 1543 1119 ἀνακαλεῖται
1587 1066 1843 1134 φάσκων·

354 1153 669 1205 Ἀκούσατε
718 1152 922 1217 ταῦτα,
947 1153 1140 1209 πάντα
1177 1155 1248 1209 τὰ
1278 1156 1842 1223 ἕθνη,ὲνωτίσασθε,

280 1243 496 1311 πάντες
522 1248 575 1299 οἱ
602 1246 1011 1313 κατοικοῦντες
1030 1248 1143 1315 τὴν
1174 1250 1545 1319 οἰκουμένην·
1568 1252 1623 1304 οἵ
1654 1269 1717 1305 τε
1743 1269 1844 1320 γνη-

280 1339 467 1408 τενεῐς
484 1339 575 1392 καὶ
596 1339 709 1394 υἱοί
728 1338 844 1393 τῶν
860 1341 1198 1409 ἀνθρώπων,
1211 1343 1304 1395 ἐπὶ
1318 1343 1384 1396 τὸ
1400 1343 1543 1398 αὐτὸ
1557 1346 1844 1409 πλούσιος

278 1434 374 1490 καὶ
421 1433 628 1501 πένης.
694 1435 906 1507 Ἐπειδὴ
937 1434 1040 1488 τῶν
1072 1435 1241 1488 ἐθνῶν
1274 1436 1342 1488 τὰ
1390 1435 1487 1506 μὲν
1537 1435 1843 1507 ἀγριώτερα

276 1524 528 1594 τυγχάνει
552 1526 610 1578 ὲν
635 1525 856 1596 ἐρήμοις
885 1525 1344 1596 σκηνοποιούμενα
1363 1565 1379 1589 ,
1408 1524 1477 1577 τὰ
1502 1525 1557 1578 δὲ
1578 1525 1666 1579 τὸν
1697 1524 1845 1579 πολι-

276 1612 425 1665 τικὸν
460 1614 776 1687 μετέρχεται
831 1615 942 1687 βίον
971 1616 1065 1669 καὶ
1095 1616 1191 1679 τὰς
1222 1617 1639 1688 γεωργουμένας
1664 1616 1844 1689 χώρας

276 1706 445 1769 οἰκεῖ,
495 1707 808 1775 ἀναγκαίως
841 1707 1091 1779 διαστολῇ
1128 1707 1426 1779 κέχρηται,
1459 1709 1552 1761 καὶ
1586 1708 1723 1777 μετὰ
1747 1709 1844 1778 τὴν

276 1796 459 1869 κοινὴν
512 1798 701 1868 κλῆσιν
747 1799 855 1851 τῶν
906 1799 1072 1852 ἐθνῶν
1095 1839 1109 1863 ,
1161 1799 1293 1851 ἴδιον
1324 1800 1531 1867 εἰσάγει
1563 1798 1746 1869 τάγμα
1780 1799 1844 1853 τὸ

1944 604 2274 667 bonum,sive
2288 596 2878 669 malum",Necessario
2909 606 3071 676 igitur
3093 621 3281 660 omnes
3310 612 3501 674 gentes

1942 706 2135 753 evocat
2162 698 2227 751 ad
2265 698 2398 758 haec.
2429 713 2547 767 quae
2579 698 2809 754 dicenda
2840 708 2989 761 sunt,
3022 697 3311 752 audienda.
3347 695 3502 750 Sicut
3530 762 3531 765 η

1941 788 2087 843 enim
2110 796 2281 842 totum
2305 804 2474 854 genus
2498 788 2775 842 hominum
2804 789 2871 842 ad
2904 789 3133 843 salutem
3163 787 3499 849 hortabatur,

1942 880 2132 935 eodem
2167 880 2328 934 modo
2360 879 2424 934 ad
2459 879 2760 933 doctrinam
2792 880 2983 949 judicii
3011 878 3178 933 divini
3212 892 3400 932 omnes
3430 877 3505 931 si-

1938 974 2053 1027 mul
2079 972 2268 1026 invitat
2291 972 2477 1029 dicens
2505 988 2518 1023 :

2016 1148 2184 1207 Vens.
2227 1151 2285 1215 2,
2313 1154 2364 1206 5.
2399 1152 2590 1205 Audite
2631 1153 2761 1216 hazc,
2812 1168 2987 1206 omnes
3028 1160 3235 1221 gentes,
3289 1148 3506 1203 auribus

1942 1244 2208 1311 percipite,
2257 1260 2431 1298 omnes
2472 1246 2560 1315 qui
2607 1244 2857 1299 habitatis
2898 1242 3093 1307 orbem,
3137 1244 3323 1313 quique
3355 1243 3508 1296 terri-

1943 1350 2088 1404 gena:
2124 1345 2170 1388 et
2201 1336 2300 1405 ﬁlii
2346 1334 2637 1394 hominum.
2668 1336 2827 1389 simul
2863 1337 2918 1390 in
2950 1352 3114 1389 unum
3138 1334 3276 1388 dives
3303 1343 3351 1389 et
3370 1350 3507 1401 pau-

1946 1441 2056 1493 per.
2088 1425 2355 1493 Quoniam
2389 1444 2455 1481 ex
2483 1428 2736 1498 gentibus
2764 1428 3014 1482 rudiores
3040 1426 3131 1480 alii
3154 1432 3299 1490 sunt,
3329 1426 3423 1496 qui
3452 1426 3509 1479 in

1946 1521 2183 1577 desertis
2214 1520 2495 1595 habitant;
2536 1522 2625 1574 alii
2665 1536 2795 1575 vero
2824 1522 3121 1575 civiliorem
3149 1522 3313 1575 vitam
3344 1535 3509 1590 agen-

1945 1622 2050 1677 tes,
2102 1613 2277 1668 cultas
2318 1621 2495 1668 terras
2544 1612 2931 1683 frequentant;
2981 1614 3331 1670 distinctione
3375 1628 3510 1666 usus

1946 1703 2264 1759 necessario
2307 1712 2432 1759 est:
2480 1719 2549 1759 ac
2588 1719 2875 1775 postquam
2922 1704 3199 1759 communi
3244 1705 3511 1759 vocabulo

1947 1805 2135 1865 gentes
2184 1777 2493 1865 appellavit,
2528 1795 2859 1863 peculiarem
2901 1796 3145 1850 ordinem
3183 1793 3392 1848 inducit
3418 1810 3513 1849 eo—

272 1887 385 1942 τῶν
430 1889 717 1944 οἰκούντων
747 1891 846 1962 τὴν
874 1891 1197 1961 οἰκουμένην
1218 1908 1230 1919 ·
1267 1890 1347 1943 διό
1376 1908 1539 1961 φησιν
1567 1907 1580 1917 ·
1613 1891 1845 1944 Ἐνωτί-

1954 1902 2069 1940 rum
2102 1886 2195 1957 qui
2230 1886 2475 1940 habitant
2502 1887 2723 1952 orbem;
2755 1900 2924 1956 quare
2950 1888 3059 1940 ait:
3083 1886 3312 1941 Auribus
3346 1887 3517 1956 perci-

271 1985 490 2049 σασθε,
508 1981 728 2049 πάντες
767 1985 820 2036 οἱ
851 1982 1264 2048 κατοικοῦντες
1306 1982 1421 2049 τὴν
1451 1983 1806 2053 οἰκουμένην
1827 1998 1841 2011 ·

267 2068 304 2140 ἢ
342 2071 487 2124 κατὰ
534 2072 624 2123 τὸν
664 2071 889 2124 Ἀκύλαν
933 2072 1025 2124 καὶ
1054 2072 1143 2124 τὸν
1174 2072 1499 2143 Σύμμαχον,
1561 2076 1613 2126 οἱ
1647 2090 1813 2127 κατοι

261 2160 529 2226 νοοῦντες
563 2160 678 2229 τὴν
709 2161 1039 2215 κατάδυσιν
1059 2179 1071 2191 ·
1108 2162 1249 2215 οὕτω
1278 2163 1334 2215 δὲ
1364 2164 1517 2215 καλεί
1544 2164 1642 2227 τὰς
1669 2165 1845 2228 πόλεις

269 2246 369 2298 καὶ
404 2245 502 2310 τὰς
530 2247 719 2319 κώμας
747 2251 840 2302 καὶ
878 2251 1003 2313 τοὺς
1029 2250 1236 2316 οἴκους,
1269 2252 1326 2304 ἐν
1353 2246 1434 2314 οἷς
1467 2253 1846 2307 καταδύνουσιν

258 2340 321 2390 oi
352 2341 412 2391 έν
445 2340 625 2403 αὐτοῖς
652 2340 1049 2404 κατοικοῦντες.
1136 2339 1269 2396 Εἶτα
1315 2344 1473 2398 πάλιν
1502 2345 1698 2416 διαιρεῖ
1722 2347 1847 2408 τοὺς

267 2430 567 2500 οἰκήτορας
598 2430 697 2500 τῆς
729 2433 831 2502 γῆς
855 2432 1074 2499 φάσκων
1092 2451 1104 2462 ·
1131 2435 1198 2485 ΟΖ
1230 2451 1291 2487 τε
1318 2436 1583 2503 γηγενεῖς
1608 2438 1702 2489 καὶ
1730 2437 1846 2491 ινίοὶ

269 2521 391 2573 τῶν
412 2519 734 2587 ἀνθρώπων
756 2538 769 2551 ·
792 2523 914 2573 ἐπεὶ
937 2523 1010 2593 μὴ
1046 2523 1201 2592 μόνον
1226 2523 1562 2595 ἐλευθέρους,
1595 2526 1731 2579 ἀλλὰ
1757 2530 1847 2581 καὶ

270 2613 331 2666 τὸ
348 2613 618 2666 οἰκετικὸν
636 2613 792 2682 γένος
818 2614 1098 2686 προσίεται
1119 2617 1208 2669 ἐπὶ
1228 2617 1326 2688 τὴν
1352 2619 1607 2689 ἀκρόασιν
1633 2658 1646 2679 ,
1670 2620 1702 2689 ἢ
1724 2620 1847 2682 τοὺς

271 2704 671 2777 ἀγροικώτερον
722 2707 1154 2777 μετερχομένους
1190 2709 1300 2779 βίον
1325 2751 1339 2775 ,
1393 2711 1487 2763 καὶ
1518 2713 1644 2775 τοὺς
1676 2712 1849 2776 ἄλλως

272 2789 331 2847 εὖ
361 2796 652 2863 γεγονότας
681 2798 775 2849 καὶ
818 2799 1021 2869 τροφῆς
1067 2798 1400 2871 ἠξιωμένους
1444 2802 1773 2873 ἐλευθερίου·
1814 2804 1846 2874 ἢ

266 2889 525 2957 γηγενεῖς
554 2888 651 2958 μὲν
677 2891 802 2952 τοὺς
831 2890 929 2962 τὴν
949 2890 1151 2962 ἔρημον
1179 2895 1346 2946 οἰκεῖν
1375 2895 1701 2964 ᾑρημένους,
1724 2895 1849 2958 τοὺς

266 2975 329 3028 δὲ
381 2976 687 3047 ἀνθρώπων
739 2979 865 3041 τοὺς
906 2980 1308 3052 ἡμερωτέρους.
1371 2984 1428 3035 '0
1473 2984 1527 3035 δὲ
1556 2983 1850 3055 Σύμμαχος

273 3066 459 3120 τοῦτον
492 3070 803 3140 ἡρμήνευσε
831 3070 921 3123 τὸν
954 3073 1179 3143 τρόπον·
1236 3074 1316 3128 ’Ἠ
1360 3091 1422 3127 τε
1466 3075 1851 3142 ἀνθρωπότης

276 3160 373 3212 καὶ
402 3161 651 3227 προσέτι
687 3162 785 3215 καὶ
815 3163 933 3216 υίοὶ
983 3164 1245 3219 ἑκάστου
1282 3166 1499 3235 ἀνδρός
1520 3185 1534 3198 ο
1573 3167 1649 3220 ἵν’
1766 3168 1852 3221 διὰ

1948 1982 2073 2050 pite,
2118 1997 2293 2034 omnes
2334 1980 2424 2051 qui
2471 1979 2725 2033 habitatis
2772 1980 2995 2035 orbem:
3047 1980 3162 2034 sive
3214 1977 3515 2033 secundum

1948 2071 2199 2141 Aquilam
2233 2080 2287 2127 et
2318 2070 2725 2142 Symmachum,
2761 2072 2851 2140 qui
2900 2070 3150 2124 habitatis
3199 2068 3514 2131 latibulum;

1950 2168 2030 2221 sic
2060 2180 2192 2220 vero
2248 2174 2407 2219 vocat
2456 2166 2639 2226 urbes,
2690 2165 2841 2219 vicos
2885 2172 2939 2218 et
2986 2162 3197 2226 domos,
3254 2162 3309 2215 in
3358 2161 3516 2229 queis

1948 2273 2069 2313 sese
2096 2258 2438 2312 abscondunt
2455 2257 2547 2326 qui
2574 2255 2819 2331 habitant
2841 2254 2893 2307 in
2922 2254 3078 2323 ipsis.
3098 2252 3362 2320 Deinceps
3387 2266 3517 2305 vero

1946 2358 2104 2403 terra:
2133 2349 2341 2403 incolas
2369 2347 2659 2416 distinguit
2683 2346 2872 2400 dicens
2902 2362 2914 2396 :
2942 2346 3144 2414 Quique
3168 2345 3437 2414 terrigena:
3465 2351 3517 2396 et

1948 2440 2048 2508 lilii
2077 2439 2366 2493 hominum.
2410 2438 2548 2504 Quia
2585 2454 2692 2493 non
2717 2438 2918 2492 liberos
2952 2444 3185 2500 tantum,
3210 2436 3303 2491 sed
3351 2436 3517 2490 etiam

1948 2531 2376 2585 domesticorum
2423 2545 2596 2601 genus
2624 2532 2696 2585 ad
2738 2529 3069 2585 audiendum
3114 2529 3377 2592 admittit,
3403 2529 3518 2582 sive

1948 2637 2043 2677 eos
2089 2624 2181 2692 qui
2216 2631 2486 2693 agrestem
2523 2624 2688 2677 vitam
2740 2624 3116 2687 instituerunt,
3168 2638 3377 2677 necnon
3422 2635 3517 2674 eos

1950 2714 2044 2783 qui
2067 2714 2291 2784 ingenui
2325 2724 2474 2778 sunt,
2505 2723 2559 2767 et
2590 2713 2886 2768 liberaliter
2907 2714 3123 2767 educati
3158 2731 3171 2765 :
3202 2712 3316 2766 sive
3353 2712 3517 2765 etiam

1948 2806 2272 2874 terrigenas,
2308 2806 2399 2874 qui
2430 2820 2671 2859 eremum
2707 2805 2944 2859 incolere
2973 2804 3235 2874 aggressi,
3260 2810 3313 2858 et
3344 2802 3519 2857 homi-

1950 2916 2081 2957 num
2124 2900 2554 2953 mansuetissimi
2596 2907 2746 2952 sunt.
2795 2896 3154 2967 Symmachus
3184 2904 3364 2949 autem
3416 2894 3521 2949 hoc

1952 2989 2113 3043 modo
2145 2990 2532 3056 interpretatus
2556 2995 2675 3040 est:
2706 2986 2975 3039 hominum
3007 3001 3187 3053 genus,
3220 2999 3281 3036 ac
3308 2984 3521 3051 insuper

1953 3080 2056 3152 ﬁlii
2084 3081 2490 3151 uniuscujusque
2528 3081 2655 3142 viri;
2684 3088 2740 3133 ut
2763 3080 2941 3149 priore
2974 3079 3118 3131 dicto
3148 3077 3202 3131 in
3232 3092 3522 3131 commune

1956 3184 2128 3229 totum
2163 3192 2334 3245 genus
2361 3174 2662 3236 hominum,
2685 3174 3204 3243 pasterioreautem,
3236 3170 3524 3240 unusquis-

279 3250 377 3320 μὲν
394 3250 491 3304 τοῦ
519 3252 783 3325 προτέρου
808 3254 1104 3319 καθολικῶς
1128 3259 1231 3311 πᾶν
1256 3258 1408 3326 γένος
1436 3258 1732 3330 ἀνθρώπων
1759 3260 1852 3332 δη-

1959 3285 2064 3339 que
2092 3268 2407 3338 singillatim
2438 3276 2694 3336 acceptus
2734 3266 3021 3320 indicetur.

275 3342 553 3415 λούμενον,
584 3345 670 3399 διὰ
696 3345 753 3398 δὲ
781 3346 875 3400 τοῦ
904 3348 1154 3421 δευτέρου
1188 3353 1215 3403 ό
1243 3351 1381 3404 κατὰ
1408 3352 1574 3423 μέρος
1601 3353 1847 3416 ἕκαστος

350 3436 417 3491 Τὸ
453 3439 651 3506 στόμα
691 3454 808 3506 μου
852 3438 1111 3505 λαλήσει
1140 3441 1395 3508 σοφίαν,
1436 3442 1531 3493 καὶ
1566 3443 1602 3508 ἡ
1631 3442 1850 3511 μελέτη

276 3524 382 3595 τῆς
413 3527 666 3595 καρδίας
689 3546 807 3596 μου
840 3529 1115 3582 σύνεσιν.
1150 3529 1348 3583 Κλινῶ
1378 3533 1464 3596 είς
1504 3531 1854 3599 παραϐολὴν

277 3619 341 3673 τὸ
387 3615 500 3682 οὖς
542 3637 696 3688 μου,
751 3621 970 3683 ἀνοίξω
998 3622 1067 3673 ἐν
1110 3623 1420 3689 ψαλτηρίῳ
1448 3622 1512 3675 τὸ
1545 3623 1855 3691 πρόϐλημὰ

272 3727 412 3778 μου.
472 3710 656 3764 Ταῦτα
684 3712 741 3765 δὲ
773 3713 868 3765 καὶ
896 3713 1002 3765 ἀπὸ
1045 3713 1153 3765 τῶν
1191 3714 1499 3767 ἀποστόλων
1520 3715 1739 3767 δύναται
1762 3712 1854 3767 λέ-

277 3800 492 3868 γεσθαι.
513 3800 824 3872 Παραὸολὰς
839 3801 895 3853 δὲ
912 3800 1062 3853 καλεί
1075 3802 1199 3864 τοὺς
1216 3800 1627 3871 αἰνιγματώδεις
1641 3800 1849 3868 λόγους.

279 3892 387 3945 Καὶ
416 3891 528 3963 γὰρ
552 3894 580 3945 ό
607 3892 806 3963 Κύριος
827 3932 840 3954 ,
872 3891 1251 3963 παραὸολικῶς
1281 3894 1388 3954 τοῖς
1413 3891 1585 3961 ὄχλοις
1614 3889 1852 3957 διαλεγό·

284 4001 437 4053 μενος
458 4023 473 4047 ,
499 3986 611 4047 τοῖς
640 3984 953 4046 ἀποστόλοις
980 3985 1098 4037 κατ’
1125 3980 1268 4036 οἷκον
1288 3984 1488 4046 ταύτας
1508 3983 1698 4035 διέλυε.
1730 3982 1857 4035 Τού-

280 4085 358 4140 τῳ
388 4069 483 4123 νῦν
512 4072 540 4123 ό
563 4071 719 4142 χορὸς
745 4071 842 4142 τὴν
871 4072 964 4125 τοῦ
991 4072 1124 4125 Θεοῦ
1155 4072 1345 4141 σοφίαν
1378 4073 1468 4124 τὸν
1499 4074 1735 4143 Χριστὸν
1765 4075 1855 4125 έπί

280 4163 547 4233 στόματος
597 4163 806 4234 φέρων·
842 4165 1093 4232 Χριστὸς
1135 4165 1241 4236 γὰρ
1289 4165 1437 4218 Θεοῦ
1479 4165 1729 4235 δύναμις
1758 4167 1857 4219 καὶ

284 4255 427 4308 Θεοῦ
458 4256 647 4324 σοφία
669 4297 682 4319 ,
708 4256 925 4324 ἐλέγετο
944 4274 956 4287 ·
1001 4258 1065 4310 Τὸ
1101 4259 1294 4326 arcula
1315 4276 1433 4326 μου
1462 4260 1719 4327 λαλήσει
1754 4276 1856 4312 σο-

282 4345 442 4410 φίαν.
535 4345 735 4398 Τοῦτον
786 4346 894 4418 γὰρ
953 4350 1114 4401 πᾶσιν
1171 4349 1476 4421 ἀνθρώποις
1535 4352 1851 4422 ἐκήρυττον.

296 4434 648 4506 Ἦκονημένοι
674 4437 733 4489 δὲ
765 4438 856 4491 τὸν
883 4438 1007 4491 νοῦν
1027 4480 1040 4504 ,
1083 4441 1259 4504 πάσας
1290 4441 1382 4493 τοῦ
1411 4440 1646 4512 Χριστοῦ
1678 4443 1855 4494 συνίε-

286 4542 381 4581 σαν
424 4528 528 4590 τὰς
562 4528 875 4599 παραϐολὰς
922 4533 1011 4585 καὶ
1043 4532 1149 4603 πρὸ
1188 4533 1283 4600 τῆς
1330 4532 1494 4585 αὑτοῦ
1542 4534 1852 4603 ἑρμηνείας.

287 4621 373 4673 Διὸ
394 4620 533 4689 μετὰ
554 4620 755 4685 ταύτας
776 4625 804 4675 ό
822 4624 918 4693 μὲν
934 4625 1123 4695 Σωτὴρ
1146 4625 1295 4693 ἔλεγε
1310 4642 1322 4655 ·
1344 4625 1653 4690 Συνήκατε
1674 4625 1857 4680 ταῦτα
1893 4614 1934 4666 Ῑ)

288 4710 514 4773 mir-ra;
547 4714 611 4764 Ol
642 4710 710 4764 δὲ
738 4712 1024 4782 λέγουσιν
1049 4714 1207 4780 αὐτῷ
1231 4757 1244 4779 ,
1273 4717 1391 4769 ναί.
1434 4716 1500 4767 Ἠ
1536 4717 1731 4787 καρδία
1753 4717 1861 4769 τοί-

286 4819 376 4855 νυν
398 4804 578 4857 αὐτῶν
600 4804 828 4875 ἐμελέτα
854 4807 1112 4870 συνέσεις,
1130 4807 1193 4871 ἃς
1220 4809 1431 4878 ἤνοιγον
1453 4810 1564 4870 τοῖς
1586 4808 1659 4878 μὴ
1682 4825 1859 4878 παρα-

288 4893 557 4946 κολουθεῖν
580 4894 893 4965 δυναμένοις
910 4935 923 4957 ,
943 4895 1035 4947 τοῦ
1062 4897 1371 4966 σωματικοῦ
1394 4899 1621 4968 ὀργάνου
1640 4901 1705 4968 τῇ
1731 4900 1863 4950 ἐνοι-

288 4990 455 5064 κούσῃ
487 4989 622 5062 πρὸς
645 4989 800 5042 τοῦτο
823 4989 1188 5052 διακονοῦντος
1214 4991 1380 5061 ψυχῇ.
1414 4990 1582 5045 Τοῦτο
1613 4994 1718 5064 γὰρ
1741 4994 1861 5044 ἀντὶ

284 5082 581 5153 ψαλτηρίου
603 5081 873 5153 παρέλαϐε
898 5082 1033 5153 πρὸς
1047 5082 1144 5153 τὴν
1166 5082 1253 5135 διὰ
1272 5084 1472 5135 τούτων
1495 5084 1652 5136 θείων
1675 5083 1857 5154 ὓμνων

287 5175 611 5243 ἁνάκρουσιν
638 5213 653 5235 ,
689 5174 915 5227 ἑκάστου
950 5174 1146 5245 μέρους
1174 5175 1606 5246 ὲπιστημονικῶς
1632 5177 1687 5227 έν
1712 5176 1858 5245 αὐτῷ

290 5267 624 5338 κινουμένου.

368 5360 495 5413 Ἰνα
522 5360 579 5412 τί
609 5359 901 5429 φοϐοῦμαι
946 5362 1015 5413 ἐν
1046 5360 1232 5429 ἡμέρᾳ
1264 5360 1529 5429 πονηρᾷ;
1561 5364 1599 5430 ἡ
1644 5362 1861 5431 ἀνομία

290 5450 398 5519 τῆς
441 5450 699 5521 πτέρνης
741 5471 859 5521 μου
910 5454 1204 5507 κυκλώσει
1233 5471 1326 5523 με.
1394 5456 1452 5507 Εἰ
1485 5455 1540 5507 δὲ
1576 5457 1859 5528 πρόσωπον

294 5544 495 5614 Κυρίου
526 5544 587 5596 τὸ
628 5543 784 5612 λέγον
803 5583 816 5606 ,
867 5545 1100 5614 πτέρναν
1126 5545 1289 5598 αὐτοῦ
1318 5544 1481 5616 εὕρῃς
1518 5546 1604 5597 τὸν
1637 5546 1861 5616 ἔσχατον

292 5634 385 5688 τοῦ
413 5635 664 5706 σώματος
697 5636 791 5689 καὶ
820 5638 884 5707 τῇ
917 5640 987 5708 γῇ
1024 5635 1383 5707 πλησιάζοντα
1444 5637 1650 5692 ἰούδαν·
1704 5639 1862 5709 σῶμα

350 5748 398 5788 ⁸⁸
425 5748 474 5806 ll
501 5750 628 5811 Cor.
654 5751 824 5821 ν,10.
901 5752 944 5783 ³ο
975 5754 993 5806 l
1023 5753 1146 5807 Cor.
1181 5769 1215 5818 ι,
1243 5752 1331 5806 24.
1410 5752 1449 5782 ³¹
1488 5751 1674 5806 Matth.
1703 5766 1821 5814 xuii,
1853 5748 1940 5803 51.

2024 3448 2189 3507 Vens.
2218 3451 2272 3515 4,
2305 3450 2355 3505 5.
2399 3449 2470 3505 Os
2502 3467 2670 3503 meum
2698 3451 2937 3521 loquetur
2977 3451 3313 3518 sapientiam,
3336 3460 3384 3502 et
3410 3465 3522 3501 me—

1954 3544 2142 3597 ditatio
2167 3543 2341 3597 cordis
2388 3545 2487 3596 mei
2515 3545 2867 3612 prudentiam.
2900 3542 3176 3595 Inclinabo
3205 3542 3258 3595 in
3293 3540 3523 3611 parabo-

1955 3638 2065 3691 lam
2098 3654 2278 3691 aurem
2307 3654 2494 3699 meam,
2522 3638 2825 3705 aperiamin
2849 3636 3098 3704 psalterio
3120 3635 3522 3702 propositionem

1958 3746 2144 3783 meam.
2180 3729 2303 3783 Haec
2332 3737 2511 3783 autem
2545 3737 2775 3797 possunt
2811 3730 2880 3781 ab
2910 3728 3172 3796 apostolis
3205 3727 3333 3779 dici.
3360 3726 3525 3779 Para-

1958 3822 2110 3883 bolas
2141 3836 2268 3875 vero
2298 3828 2456 3875 vocat
2478 3820 2746 3873 obscuros
2778 3834 3081 3873 sermones.
3115 3817 3393 3887 Siquidem
3420 3816 3525 3869 Do-

1959 3914 2138 3965 minus
2167 3925 2291 3964 cum
2326 3910 2502 3964 turbis
2536 3907 2844 3979 parabolice
2878 3908 3213 3976 loqueretur,
3251 3904 3398 3959 domi
3431 3919 3526 3973 po-

1959 4011 2072 4057 stea
2100 4001 2318 4057 easdem
2366 4000 2630 4071 apostolis
2658 3998 2987 4068 explicabat.
3028 3997 3153 4052 ideo
3184 3996 3297 4065 jam
3324 3995 3527 4049 chorus

1957 4096 2236 4151 Christum
2263 4094 2355 4149 Dei
2389 4094 2711 4164 sapientiam
2740 4094 2793 4146 in
2827 4108 2922 4147 ore
2956 4092 3136 4146 ferens
3164 4110 3175 4144 :
3210 4105 3334 4143 nam
3366 4088 3526 4143 Chri-

1958 4200 2071 4243 stus
2090 4188 2185 4241 Dei
2224 4188 2387 4240 virtus
2421 4196 2468 4239 el
2493 4184 2589 4239 Dei
2620 4185 2880 4254 sapientia
2896 4184 2960 4246 ³ο,
2990 4184 3225 4244 dicebat,
3262 4180 3334 4236 0s
3359 4198 3528 4234 meum

1962 4283 2200 4350 loquetur
2232 4280 2566 4347 sapientiam.
2604 4276 2761 4333 Hunc
2795 4278 2939 4331 cnim
2978 4275 3236 4330 omnibus
3266 4272 3530 4342 praedica-

1963 4377 2110 4429 bant.
2139 4374 2387 4442 Cumque
2412 4380 2572 4425 acuta
2601 4380 2781 4425 mente
2809 4368 3065 4423 instructi
3096 4378 3300 4428 essent,
3338 4380 3529 4419 omnes

1961 4469 2167 4523 Christi
2202 4466 2487 4537 parabolas
2528 4464 2925 4535 intelligebant,
2963 4470 3253 4530 antequam
3293 4460 3409 4528 ipse
3437 4472 3531 4512 eas

1964 4562 2432 4630 interpretaretur.
2486 4556 2667 4623 Quare
2726 4572 2848 4610 cum
2899 4555 2966 4609 iis
3016 4552 3243 4622 prolatis
3283 4549 3531 4602 Salvator

1966 4654 2170 4708 diceret
2197 4670 2210 4706 :
2235 4651 2580 4705 Intellexistis
2600 4651 2709 4704 hazc
2730 4650 2946 4702 omnia?
2971 4646 3163 4699 Dicunt
3191 4645 3257 4706 ei,
3290 4644 3446 4696 etiam
3463 4642 3528 4695 ".

1966 4746 2073 4801 Cor
2108 4746 2274 4816 igitur
2301 4761 2490 4800 eorum
2522 4744 2839 4813 prudentias
2888 4739 3274 4803 meditabatur,
3306 4751 3443 4806 quas
3467 4736 3533 4789 iis

1964 4840 2057 4909 qui
2100 4839 2255 4908 sequi
2304 4854 2413 4893 non
2470 4846 2739 4906 poterant,
2791 4833 3127 4903 aperiebant,
3170 4831 3534 4884 instrumento

1970 4946 2236 5001 corporeo
2266 4933 2461 4985 animat
2504 4931 2651 4983 intus
2700 4926 2967 4981 habitanti
3015 4925 3384 4978 ministrante.
3420 4921 3534 4974 Hoc

1970 5024 2114 5077 enim
2158 5036 2256 5091 pro
2304 5020 2561 5091 psalterio
2610 5019 2887 5079 utebatur,
2934 5016 3001 5070 ad
3041 5015 3257 5069 divinos
3305 5015 3534 5083 hymnos

1970 5115 2291 5184 pulsandos,
2337 5113 2567 5183 singulis
2602 5113 2847 5182 partibus
2886 5112 3022 5164 scite
3060 5124 3123 5163 ac
3170 5116 3535 5179 congruenter

1968 5203 2151 5257 motis.

2039 5357 2206 5415 Vnus.
2244 5361 2296 5415 6.
2341 5358 2448 5419 Cur
2486 5360 2675 5415 timebo
2711 5358 2791 5430 in}
2809 5360 2894 5414 die
2924 5357 3105 5414 mala?
3135 5358 3383 5427 iniquitas
3423 5355 3534 5407 cal-

1971 5454 2120 5509 eauei
2178 5454 2279 5507 mei
2322 5454 2670 5507 circumdabit
2715 5471 2813 5507 me.
2849 5452 2904 5507 Si
2942 5468 3173 5522 persona
3209 5448 3419 5504 Domini
3452 5456 3535 5499 est

1970 5563 2092 5616 qua:
2131 5547 2373 5619 loquitur
2401 5590 2415 5612 ,
2465 5550 2779 5603 calcaneum
2826 5550 2945 5616 ejus
2998 5542 3369 5614 deprehendas
3413 5555 3535 5593 esse

1976 5636 2193 5706 Judam,
2227 5642 2318 5712 qui
2370 5643 2594 5697 ultimus
2625 5641 2874 5709 corporis
2908 5646 2961 5693 et
2997 5647 3155 5691 terra:
3184 5632 3535 5702 prepinquior
