4010 6528
336 387 439 443 455

1443 387 1938 446 COMMENTARIA
1978 387 2043 442 IN
2081 388 2397 445 PSALMOS
2414 427 2426 439 .
3231 417 3264 476 Χ

3457 387 3552 440 451

334 505 452 561 τῶν
497 506 846 576 κατατρίψω
880 506 1036 575 ᾅδην
1074 506 1142 561 ἐκ
1175 511 1628 576 κατοικητηρίου
1675 508 1850 563 αὐτῶν

1957 541 1966 568 .
1997 525 2062 561 ex
2110 509 2411 562 habitacqu
2439 524 2638 562 eorum.
2670 506 2805 560 Nam
2839 505 3121 560 character
3147 510 3314 576 quem’
3347 505 3449 559 sibi
3477 508 3556 560 cf-

346 598 403 650 ὐ
436 597 540 667 γὰρ
571 599 856 671 χαρακτὴρ
887 601 1065 654 αὐτῶν
1095 601 1153 654 ὃν
1185 602 1393 666 ἑαυτοῖς
1423 601 1785 667 ὲξετύπωσαν,
1828 604 1889 657 τὸ

336 688 432 758 μὲν
471 688 590 741 κατ’
630 690 813 742 εἰκόνα
850 692 940 745 καὶ
985 692 1244 763 ὁμοίωσιν
1292 693 1384 746 τοῦ
1411 693 1544 748 Θεοῦ
1589 695 1647 761 ἐξ
1709 695 1887 748 αὐτῶν

331 779 710 849 ἀφανίσαντες,
750 783 862 854 εἴδη
897 784 952 837 δὲ
984 784 1078 838 καὶ
1113 785 1324 856 μορφὰς
1362 786 1570 855 ἀλόγων
1603 785 1756 850 ζώων
1795 788 1884 841 καὶ

329 871 568 944 ἑρπετῶν
593 871 678 926 διὰ
707 875 918 944 τρόπων
943 877 1239 949 μοχθηρίας
1259 881 1321 950 τῇ
1348 879 1491 950 ψυχῇ
1519 881 1880 951 περιθέμενοι,

325 964 778 1035 κατατριϐήσεται
807 967 861 1018 ὲν
893 967 971 1038 τῷ
999 972 1398 1041 κατοικητηρίῳ
1427 970 1519 1024 τοῦ
1550 972 1696 1042 ᾅδου.
1725 974 1882 1027 Κατά

323 1053 379 1106 δὲ
414 1053 724 1125 Σύμμαχον·
778 1057 845 1110 Τὸ
885 1057 951 1110 δὲ
995 1060 1280 1128 κρατερὸν
1320 1059 1518 1114 αὐτῶν
1557 1062 1882 1116 «calamitosi.

321 1143 472 1213 ᾅδης
508 1147 624 1200 ἀπὸ
657 1147 765 1216 τῆς
803 1149 1090 1214 οἰκήσεως
1125 1149 1231 1219 τῆς
1274 1152 1514 1223 ἐντίμου
1559 1156 1763 1209 αὐτοῦ.
1817 1158 1880 1208 Ὃ

322 1236 431 1306 γὰρ
460 1237 642 1304 ἔδοξαν
675 1245 972 1312 περιποιεῖν
1006 1245 1214 1306 ἑαυτοῖς
1247 1246 1502 1316 κραταιὸν
1533 1246 1619 1301 διὰ
1651 1248 1750 1316 τῆς
1783 1250 1880 1320 ἑμ-

320 1323 547 1395 φυείσης
574 1328 629 1378 ὲν
652 1329 832 1391 αὐτοῖς
867 1331 1080 1395 κακίας,
1106 1331 1261 1385 τοῦτο
1288 1333 1583 1388 παλαιώσει
1607 1339 1635 1390 6
1669 1337 1799 1408 ᾅδης
1821 1340 1877 1392 ἐν

315 1415 437 1477 ταῖς
477 1416 718 1482 οἰκήσεσι
757 1421 871 1482 ταῖς
909 1422 1048 1492 παρ’
1081 1421 1247 1492 αὐτῷ.
1287 1425 1396 1478 Καὶ
1440 1425 1598 1480 τοῦτο
1638 1429 1738 1498 μὲν
1768 1429 1876 1482 τῶν

313 1505 530 1559 ἀσεϐῶν
565 1509 625 1560 τὸ
654 1510 822 1574 τέλος.
856 1513 921 1565 Oi
951 1513 1005 1565 δὲ
1035 1514 1275 1579 εὐσεϐεῖς
1303 1517 1422 1571 κατ’
1464 1519 1640 1575 ἐκεῖνο
1683 1522 1872 1592 καιροῦ

314 1597 529 1666 πρωΐας
576 1600 894 1668 ἀξιωθέντες
936 1607 1028 1659 καὶ
1063 1607 1183 1660 νέου
1231 1609 1427 1678 φωτὸς,
1473 1613 1737 1684 ἀνατολῆς
1775 1614 1873 1684 τῆς

308 1688 422 1741 τῶν
448 1691 675 1746 ’ἀσεὸῶν
719 1698 1226 1768 κατακυριεύσουσι·
1265 1702 1296 1772 ἦ
1333 1702 1474 1755 κατά
1500 1704 1589 1757 τὸν
1621 1705 1870 1758 Ἀκύλαν·

305 1776 399 1830 ἐνὶ
424 1781 850 1851 κρατήσουσιν,
876 1785 1070 1857 ἧκατά
1088 1787 1176 1840 τὸν
1205 1789 1516 1860 Σύμμαχον·
1539 1793 1869 1857 ὺποτάξου-

1997 601 2288 666 ﬁnxerunt,
2319 601 2598 657 eliminata
2621 617 2685 656 ex
2714 599 2908 670 seipsis
2937 599 3032 654 Dei
3057 599 3292 670 imagine
3321 614 3384 654 ac
3412 598 3558 654 simi~

1993 694 2244 760 litudine,
2291 703 2453 765 atque
2497 693 2954 748 irrationabilium
3001 691 3337 755 animalium,
3382 691 3551 760 repti-

1992 785 2232 855 liumque
2261 785 2452 841 formis
2482 802 2575 857 per
2607 785 2786 839 varios
2833 783 3196 852 improbitatis
3222 782 3411 836 modos
3439 780 3555 834 ani-

1990 893 2092 932 ma:
2125 894 2236 933 sua:
2285 879 2493 938 ascitis.
2541 877 2596 930 in
2643 875 2952 930 habitacula
2982 873 3179 928 inferni
3219 878 3548 926 conteretur.

1992 969 2303 1025 Secundum
2345 968 2729 1040 Symmachum
2768 974 2981 1032 autem,
3007 965 3166 1018 robur
3206 979 3384 1018 eorum
3413 964 3550 1015 anti-

1987 1061 2167 1131 quabit
2220 1062 2455 1131 infernus
2505 1077 2536 1113 a
2587 1060 2813 1130 pretioso
2875 1057 3178 1111 habitacula
3229 1057 3362 1125 ejus.
3417 1054 3548 1108 Nam

1987 1153 2154 1207 robur
2177 1154 2330 1218 illud,
2351 1152 2493 1222 quod
2521 1152 2625 1208 sibi
2655 1151 2722 1205 ob
2744 1151 2960 1206 insitam
2983 1150 3242 1202 malitiam
3269 1149 3548 1218 acquirere

1985 1247 2328 1307 videbantur,
2388 1244 2691 1315 antiquabit
2732 1242 2978 1296 infernus
3029 1247 3082 1294 in
3129 1239 3546 1294 habitationibus

1985 1336 2180 1392 ibidem
2212 1336 2427 1407 positis.
2469 1335 2532 1388 Et
2576 1335 2663 1388 hic
2707 1333 2927 1404 quidem
2971 1333 3258 1400 impiorum
3298 1331 3440 1386 ﬁnis.
3466 1331 3543 1384 Pii

1983 1436 2162 1484 autem
2201 1430 2291 1484 illo
2332 1439 2594 1497 tempore,
2629 1425 2898 1479 n'iatutina.
2930 1436 2981 1478 et
3011 1439 3148 1477 nova
3192 1423 3309 1477 ltICc
3338 1422 3544 1484 donati,

1982 1522 2180 1576 orienti
2226 1521 2513 1591 impiorum
2561 1521 2987 1572 dominabuntur
3010 1517 3046 1582 ;“
3070 1518 3203 1583 sive,
3246 1516 3543 1571 secundum

1981 1612 2250 1682 Aquilam,
2274 1614 2638 1683 imperabunt;
2659 1610 3098 1677 sive,sccundum
3134 1608 3544 1680 Symmachum,

1979 1701 2251 1770 subiicient
2287 1703 2408 1760 sibi.
2448 1701 2580 1754 Nam
2623 1717 2745 1757 cum
2779 1701 2930 1771 impii
2977 1700 3066 1754 hic
3104 1699 3392 1769 proborum
3427 1699 3544 1750 ani-

1979 1809 2096 1848 mas
2122 1793 2510 1863 depresscrint,
2547 1794 2659 1848 illic
2688 1795 2920 1847 animam
2945 1792 3154 1863 piorum
3181 1789 3452 1852 liberabit,
3487 1799 3542 1842 ut

305 1883 416 1923 σιν
447 1871 666 1939 αὐτοῖς.
705 1874 822 1931 Τῶν
856 1877 962 1950 γὰρ
992 1879 1224 1934 ἐνταῦθα
1269 1884 1720 1938 ταπεινωσάντων
1751 1887 1850 1939 τοὺη

1977 1900 2045 1938 ne
2073 1902 2177 1939 una
2209 1900 2331 1940 cum
2371 1886 2551 1956 impiis
2582 1886 2947 1950 abducantur;
2978 1884 3074 1940 sed
3104 1883 3156 1943 in
3187 1883 3308 1941 aliis
3330 1881 3465 1936 locis
3489 1888 3541 1935 et

300 1960 487 2026 εὐθεῖς
517 1964 746 2032 ἀσεϐῶν,
781 1969 898 2022 ἐκεῖ
946 1969 1166 2040 ῥύσεται
1199 1973 1298 2043 τῆν
1326 1973 1504 2046 ψυχὴν
1544 1977 1682 2048 πρὸς
1711 1978 1771 2030 τὸ
1800 1979 1874 2052 μὴ

302 2055 720 2125 ωναπαχθῆναι
761 2062 874 2122 τοῖς
913 2061 1186 2128 ἀσεϐέσιν,
1227 2063 1346 2118 ἀλλ*
1386 2067 1443 2119 ὲν
1478 2066 1683 2137 ἑτέροις
1733 2065 1872 2128 εἶναι

297 2143 527 2214 χωρίοις
553 2163 612 2198 τε
647 2148 738 2200 καὶ
771 2151 1060 2221 ποιμνίοις.

378 2234 510 2287 ’Ὅτι
539 2237 758 2306 ἡψυχὴ
787 2241 973 2295 αὑτοῦ
989 2243 1059 2296 ἐν
1080 2244 1154 2312 τῇ
1179 2242 1295 2314 ζωῇ
1323 2248 1509 2302 αὑτοῦ
1540 2252 1868 2320 εὐλογηθή-

294 2325 1018 2397 σεται,ἐξομολογήσεταί
1047 2347 1145 2388 σοι
1182 2335 1329 2390 ὅταν
1353 2338 1656 2406 ἀγαθύνῃς
1686 2339 1862 2405 αὐτῷ.

391 2411 492 2501 μὲν
528 2411 734 2501 δίκαιος
757 2416 968 2487 εύλογεῖ
994 2421 1082 2473 τὸν
1111 2423 1311 2496 Κύριον
1343 2427 1400 2480 ὲν
1428 2429 1586 2482 παντὶ
1620 2431 1812 2501 καιρῷ·
1838 2433 1866 2485 6

292 2495 352 2590 δε
383 2499 704 2590 ἁμαρτωλὸς
745 2509 1101 2575 τοτηνικαῦτα
1130 2511 1633 2587 ἐξομολογούμενος,
1655 2495 1865 2590 εὐλογεῖ

291 2587 385 2643 τὸν
409 2588 542 2644 Θεὸν
558 2594 788 2665 ὁπηνίκα
817 2597 881 2651 ἂν
919 2600 1119 2669 ἀγαθόν
1147 2621 1198 2657 τι
1227 2607 1376 2677 αύτῷ
1402 2609 1465 2661 ἐκ
1492 2609 1625 2663 Θεοῦ
1657 2587 1854 2684 ἀποϐῇ.

679 2706 968 2762 ΨΑΛΜΟΣ
1005 2713 1091 2765 ΤΩ
1126 2716 1300 2769 ΑΣΑΦ
1337 2717 1470 2772 ΜΘ’.

359 2797 421 2850 Οί
465 2797 930 2873 ἐπιγεγραμμένοι
950 2803 1044 2856 τοῦ
1087 2806 1256 2876 Ἀσάφ
1311 2811 1416 2863 εισι
1456 2811 1554 2881 μὲν
1579 2813 1628 2866 οἱ
1663 2814 1860 2881 πάντες

286 2883 376 2940 τὸν
409 2888 644 2960 ἀριθμὸν
679 2893 761 2942 ιϐ’·
793 2893 988 2962 ἑφεξῆς
1016 2895 1143 2950 δὲοὶ
1174 2907 1240 2951 ια’
1266 2900 1555 2972 ἀρχόμενοι
1598 2906 1705 2959 ἀπὸ
1763 2907 1856 2961 τοῦ

287 2979 380 3032 c6"
418 2981 482 3048 ἐξ
519 2974 594 3035 ὧν
625 2983 654 3034 6
689 2983 875 3055 παρὼν
908 2986 1230 3062 ἀπεσπάσθη
1270 2991 1619 3066 ψαλμὸς,οὐχ
1649 2997 1853 3062 ἁπλῶς·

284 3069 409 3124 ἀλλ’
450 3073 686 3145 ἐπείπερ
729 3077 757 3128 6
800 3075 905 3148 πρὸ
945 3078 1133 3132 τούτου
1191 3081 1404 3153 ψαλμὸς
1452 3087 1579 3158 περὶ
1622 3088 1856 3160 κρίσεως

286 3161 376 3216 τοῦ
397 3164 535 3217 Θεοῦ
565 3165 912 3233 διεστέλλετο,
938 3171 1173 3236 τοιοῦτος
1197 3176 1260 3235 δὲ
1285 3177 1378 3230 καὶ
1405 3179 1433 3229 6
1467 3179 1676 3250 παρὼν,
1708 3183 1852 3236 εἰκό-

282 3270 386 3318 τως
415 3256 559 3310 κατά
591 3257 748 3312 τοῦτο
787 3261 1106 3316 ἀκολουθίαν
1148 3266 1382 3331 ἐδέξατο.
1442 3270 1599 3324 Ἀλλά
1631 3274 1724 3326 καὶ
1755 3273 1852 3346 τὴν

278 3346 364 3402 διὰ
389 3349 670 3416 Μωῦσέως
704 3353 1019 3425 ἀνατρέπων
1047 3358 1382 3427 νομοθεσίαν,
1403 3359 1731 3435 παραδίδωσι
1755 3367 1852 3438 τῆς

278 3441 475 3511 καινῆς
520 3443 792 3516 Διαθήκης
839 3447 931 3500 τὸν
983 3449 1200 3514 δοθέντα
1253 3457 1364 3518 τοῖς
1411 3455 1586 3511 ἔθνεσι
1629 3462 1845 3532 τρόπον.

279 3529 386 3585 Καὶ
411 3532 576 3586 τοῦτο
606 3535 663 3588 δὲ
708 3532 776 3611 ἦν
809 3540 866 3591 ἐν
902 3545 1010 3605 τοῖς
1043 3542 1148 3596 τῶν
1190 3545 1318 3598 υἱῶν
1383 3549 1526 3620 Κορὲ
1585 3551 1838 3623 ψαλμοῖς·

272 3618 474 3685 οἵτινες
497 3625 587 3677 καὶ
618 3627 768 3680 αὐτοὶ
794 3633 1114 3701 τυγχάνουσι
1144 3636 1240 3705 μὲν
1269 3637 1354 3692 ιϐ’.
1398 3639 1530 3692 Ἀλλ’
1557 3649 1605 3710 η’
1639 3646 1686 3696 οἱ
1715 3663 1846 3716 προ-

277 3711 532 3778 λαὸόντες
552 3719 744 3789 ἐφεξῆς
769 3724 1166 3795 κατετὰγησαν,
1191 3721 1264 3782 ῶν
1313 3730 1756 3799 ἀποσπασθέντες
1795 3742 1842 3791 οἱ

278 3801 555 3870 λείποντες
598 3809 878 3896 τέσσαρες,
925 3814 1062 3884 μετά
1092 3817 1216 3883 τοὺς
1257 3818 1350 3871 τοῦ
1390 3820 1559 3891 Ἀσάφ
1599 3825 1843 3896 ψαλμοὺς

280 3898 670 3969 ιατετάγησαν·
703 3894 830 3967 ἴσως
853 3906 972 3959 ἐπεὶ
1001 3909 1051 3960 οἱ
1080 3908 1173 3962 τοῦ
1227 3912 1384 3982 Ασάφ
1419 3915 1635 3983 πάντες,
1662 3918 1736 3981 ὡς
1767 3922 1841 3972 εξ-

278 3989 412 4052 πεῖν,
458 3989 555 4042 τοῦ
605 3993 816 4066 Ἰσραὴλ
849 3996 1132 4063 ἐθέσπιζον
1164 4001 1262 4072 τῆν
1291 4003 1558 4076 ἀποϐολὴν
1580 4050 1593 4073 ,
1625 4010 1717 4061 καὶ
1742 4011 1839 4082 τὴν

276 4080 353 4142 εἰς
377 4082 555 4136 πάντα
583 4083 658 4139 τὰ,
684 4086 807 4158 ἔθνη
849 4089 1172 4161 διασπορὰν,
1218 4093 1337 4164 μεθ’
1370 4096 1439 4167 ἣν
1468 4099 1500 4168 ὴ
1544 4099 1703 4170 χάρις
1743 4080 1836 4156 τοῦ

275 4170 403 4225 Θεοῦ
442 4172 516 4227 τὰ
557 4174 683 4248 ἔθνη
731 4179 900 4236 πάντα
933 4181 1212 4252 μετῆλθεν·
1259 4183 1381 4238 ὅθεν
1422 4189 1471 4240 οἱ
1513 4187 1687 4242 λοιποὶ
1729 4191 1837 4244 τῶν

274 4265 396 4320 υἱῶν
428 4269 578 4339 Κορὲ
604 4269 808 4342 ψαλμοὶ
839 4273 1158 4342 διεδέξαντο,
1189 4276 1287 4349 τὴν
1320 4278 1430 4331 τῶν
1458 4281 1628 4336 ἐθνῶν
1660 4284 1833 4339 ἁπάνο

270 4369 370 4408 των
397 4359 860 4429 προαγορεύοντες
877 4362 1087 4433 κλῆσιν.

335 4448 482 4514 Θεὸς
501 4449 650 4503 θεῶν
661 4453 874 4519 Κύριος
887 4454 1159 4524 echidnae,
1177 4459 1274 4513 καὶ
1292 4460 1545 4517 ἐκάλεσε
1566 4465 1677 4533 τὴν
1698 4465 1838 4536 γῆνκ

1977 1976 2207 2032 ovilibus
2230 1975 2446 2048 degant.

2041 2243 2206 2299 Vens.
2244 2245 2328 2299 l9.
2364 2245 2503 2310 Quia
2539 2247 2720 2298 anima
2747 2246 2859 2310 eius
2895 2247 2948 2299 in
2987 2247 3094 2300 vita
3131 2247 3294 2313 ipsius
3328 2245 3534 2299 benedi-

1967 2346 2132 2401 cetur,
2175 2337 2510 2405 conﬁtebitur
2553 2336 2647 2390 tibi
2697 2355 2814 2391 cum
2853 2338 2976 2392 bene
3014 2339 3198 2407 feceris
3234 2339 3300 2392 ei.
3343 2336 3532 2393 Justus

1966 2428 2111 2481 onmi
2145 2437 2384 2497 tempore
2429 2429 2701 2483 benedicit
2737 2429 2884 2495 Deo;
2922 2438 3174 2500 peccator
3199 2440 3374 2484 autem
3403 2439 3532 2485 tunc

1964 2520 2232 2574 conﬁtens
2273 2523 2449 2577 solum
2478 2522 2748 2578 benedicit
2782 2521 2908 2585 Deo,
2945 2539 3068 2577 cum
3107 2523 3236 2593 quid
3270 2525 3393 2578 boni
3428 2525 3531 2580 sibi

1963 2628 1992 2665 a
2017 2611 2126 2668 Deo
2165 2615 2469 2669 obvenerit.

2277 2730 2327 2782 t.
2356 2725 2674 2781 PSALMUS
2709 2726 2937 2782 ASAPII
2979 2727 3162 2783 XLIX.

2030 2817 2132 2883 Qui
2159 2818 2340 2889 Asaph
2385 2819 2633 2889 inscripti
2667 2828 2817 2885 sunt,
2847 2835 3036 2875 omnes
3064 2836 3292 2876 numero
3323 2823 3527 2877 duodeo

1958 2908 2065 2962 cim
2098 2918 2336 2967 exstant.
2382 2911 2442 2964 In
2473 2912 2827 2982 sequentibus
2857 2927 2985 2966 vero
3015 2913 3106 2966 alii
3147 2905 3397 2969 undecim
3431 2913 3525 2968 hac

1959 3001 2174 3081 bentur,
2203 3002 2295 3072 qui
2335 3018 2364 3056 a
2395 3018 2544 3057 Lxxtt
2596 3004 2870 3075 incipiunt
2899 3024 2914 3060 :
2945 3022 3010 3061 ex
3054 3007 3252 3079 quibus
3285 3023 3525 3076 prteSens

1958 3093 2198 3163 psalmus
2229 3095 2450 3151 avulsus
2473 3103 2576 3158 est,
2601 3112 2702 3152 nec
2724 3096 2841 3152 sine
2869 3112 3054 3152 causa.
3094 3098 3198 3154 Sed
3227 3100 3353 3169 quia
3389 3115 3523 3169 prm-

1957 3185 2154 3241 cedens
2183 3188 2428 3257 psalmus
2456 3188 2523 3243 de
2548 3188 2639 3244 Dei
2670 3189 2884 3259 judicio
2911 3189 3267 3253 edisserebat,
3291 3206 3354 3244 ac
3385 3207 3521 3260 prae-

1960 3294 2086 3334 sens
2115 3279 2312 3337 similis
2349 3288 2433 3336 est
2465 3283 2802 3351 argumenti;
2831 3281 3024 3336 merito
3053 3291 3177 3352 post
3208 3282 3359 3337 illum
3391 3298 3521 3338 con-

1958 3382 2249 3440 sequenter
2275 3375 2482 3441 positus
2508 3382 2611 3428 est.
2641 3373 2929 3427 Enimvero
2948 3390 3134 3429 eversa
3151 3373 3352 3445 Moysis
3381 3376 3514 3446 lege.

1955 3463 2078 3517 novi
2102 3465 2426 3519 Testamenti
2455 3464 2676 3519 modum
2711 3466 2960 3536 gentibus
3003 3466 3258 3532 traditum
3290 3467 3515 3537 profert.

1951 3554 2128 3625 Atque
2181 3555 2415 3625 idipsum
2464 3558 2644 3612 evenit
2684 3557 2738 3610 in
2786 3558 3010 3627 psalmis
3058 3558 3291 3613 ﬁliorum
3335 3559 3511 3614 Core:

1950 3647 2041 3715 qui
2091 3656 2145 3700 et
2195 3647 2294 3716 ipsi
2341 3663 2570 3703 numero
2618 3649 2926 3704 duodecim.
2981 3648 3086 3704 Sed
3133 3661 3257 3704 octo
3304 3651 3514 3720 priores

1949 3737 2207 3808 deinceps
2248 3740 2409 3810 positi
2443 3748 2591 3804 sunt,
2625 3755 2655 3793 a
2685 3723 3094 3819 quibus-avulsi
3126 3751 3361 3813 quatuor
3389 3746 3514 3799 reli-

1947 3829 2062 3898 qui,
2092 3839 2213 3900 post
2237 3831 2478 3901 psalmos
2507 3831 2687 3902 Asaph
2719 3843 2846 3888 sunt
2876 3835 3158 3889 constituti
3189 3835 3362 3890 :forte
3384 3838 3510 3904 quia

1946 3921 2148 3989 Asaphi
2184 3922 2294 3976 fere
2326 3939 2536 3987 omnes,
2567 3923 2788 3980 Israelis
2828 3926 3185 3995 abjectionem
3215 3935 3269 3982 et
3307 3928 3360 3981 in
3396 3948 3509 3980 ωηι-

1945 4029 2042 4068 nes
2065 4027 2252 4084 gentes
2285 4015 2674 4084 dispersionem
2699 4018 3152 4080 vaticinabantur,
3193 4031 3312 4090 post
3347 4037 3507 4091 quam

1945 4105 2038 4160 Dei
2067 4106 2240 4176 gratia
2273 4122 2464 4162 onmes
2501 4119 2689 4178 gentes
2727 4109 2898 4176 adiit;
2935 4125 3105 4181 quare
3147 4113 3343 4184 reliqui
3381 4114 3505 4169 ﬁlio-

1943 4212 2059 4250 rum
2092 4197 2229 4252 Core
2257 4199 2450 4268 psalmi
2477 4201 2600 4256 illos
2628 4213 2979 4272 exceperunt,
3006 4204 3097 4274 qui
3129 4205 3504 4262 universarum

1942 4291 2181 4360 gentium
2215 4293 2553 4349 vocationem
2591 4297 2973 4363 praenuntiant.

2009 4459 2170 4526 Vsus.
2194 4474 2247 4528 2.
2275 4474 2414 4529 Deus
2443 4475 2656 4530 deorum
2695 4479 2942 4535 Dominus
2975 4482 3178 4536 locutus
3214 4492 3312 4548 est,
3344 4495 3392 4538 et
3419 4503 3497 4539 co-

266 4539 324 4592 ΟΞ
350 4539 528 4595 λοιποὶ
559 4543 613 4597 δὲ
646 4549 792 4616 τρεῖς
817 4551 1182 4620 ἡρμήνευσαν·
1204 4555 1472 4625 Ἰσχιιοὸς
1490 4559 1632 4624 Θεὸς
1651 4560 1837 4627 λαλή-

1957 4566 2082 4617 cavit
2129 4577 2342 4623 (errant.
2381 4569 2594 4641 Reliqui
2648 4584 2756 4628 tres
2811 4577 2891 4630 sic
2942 4578 3278 4643 interpretati
3332 4588 3498 4632 sunt:

265 4649 373 4700 σας
397 4635 660 4692 ἐκάλεσε
703 4641 818 4708 τὴν
859 4643 996 4713 γῆν.
1052 4649 1114 4700 Οἱ
1151 4649 1206 4702 δὲ
1245 4651 1648 4723 Ἐϐδομήκοντα
1678 4657 1832 4723 θεοὺς

264 4727 526 4782 ἐκάλεσαν
541 4731 668 4796 τούς
695 4751 752 4786 τε
775 4735 1039 4807 ἄρχοντας
1063 4740 1158 4800 καῖι
1181 4743 1390 4814 κριτὰς,
1416 4747 1551 4819 ὅπερ
1576 4748 1701 4804 ίδιον
1730 4752 1829 4821 μό-

263 4834 348 4912 νου
389 4821 547 4874 Θεοῦ.
602 4824 903 4897 Τοιγαροῦν
944 4832 1001 4883 ἐν
1034 4839 1124 4885 πα¹
1165 4834 1360 4907 ψαλμῷ
1408 4841 1718 4912 προρρήσεις·
1763 4845 1825 4896 '0

263 4911 396 5002 Θεός
420 4913 574 4982 ἔστη
601 4915 672 4968 ἐν
699 4921 1019 4991 συναγωγῇ
1052 4923 1218 4991 θεῶν,
1258 4927 1327 4979 ἐν
1362 4928 1530 4997 μέσῳ
1557 4911 1624 4984 δὲ
1649 4935 1823 5002 θεοὺς

260 4999 540 5093 νει
558 5047 572 5072 ,
614 5011 890 5081 ἐπήγαγεν
912 5029 924 5042 ·
971 5015 1116 5082 Ἕως
1135 5019 1280 5072 πότε
1306 5023 1535 5089 κρίνετε
1554 4999 1823 5093 adnitar}

258 5090 402 5148 Οὕτω
437 5098 534 5151 καὶ
559 5101 587 5152 6
618 5101 780 5172 νόμος
801 5103 1130 5177 διαγορεύει·
1166 5111 1350 5180 Θεοὺς
1387 5116 1458 5168 οὐ
1488 5090 1821 5189 κακολογήέ

256 5198 397 5276 σεις,
421 5191 520 5244 καὶ
544 5191 838 5262 ἄρχοντας
853 5197 958 5252 τοῦ
978 5201 1131 5255 λαοῦ
1157 5219 1271 5257 σου
1294 5206 1404 5259 οὐκ
1427 5206 1580 5274 ἐρεῖς
1600 5209 1814 5276 κακῶς.

261 5274 501 5350 Εύλόγως
532 5283 577 5336 δ’
611 5284 676 5339 ἂν
708 5287 953 5358 κληθεῖεν
979 5295 1027 5347 οἱ
1062 5295 1124 5347 τὸ
1169 5298 1288 5348 κατ’
1329 5297 1511 5351 εἰκόνα
1559 5274 1816 5369 φυλάξαν-

256 5383 342 5434 τες
363 5388 377 5402 ·
403 5376 432 5427 6
462 5374 663 5431 τούτων
705 5377 834 5444 Θεὸς
887 5385 1064 5439 πᾶσαν
1119 5389 1336 5457 συνάγει
1377 5389 1472 5461 τὴν
1496 5393 1816 5464 οἰκουμένην

257 5461 332 5524 εἰς
352 5466 412 5518 τὸ
444 5469 722 5539 κριτήριον
741 5488 753 5500 ·
783 5472 942 5538 αὐτὸς
966 5476 1038 5531 ὢν
1063 5481 1090 5530 6
1117 5481 1318 5552 Κύριος
1344 5485 1372 5535 6
1413 5481 1506 5535 τοῦ
1565 5461 1698 5537 Θεοῦ
1716 5461 1815 5539 A6—

257 5567 345 5618 γος
374 5557 798 5634 ὲνανθρωπήσας
846 5567 1071 5639 ὲλάλησε
1101 5569 1188 5624 διὰ
1219 5571 1310 5625 τοῦ
1345 5574 1668 5643 Εύαγγελίου
1686 5616 1700 5639 ,
1719 5578 1812 5630 καὶ

259 5644 454 5714 πάντας
480 5652 576 5722 μὲν
602 5654 772 5722 καλεῖ,
797 5658 857 5710 ού
884 5660 1080 5726 πάντες
1109 5663 1420 5735 ὑπήκουσαν
1466 5667 1541 5738 τῷ
1567 5668 1809 5737 Εύα·,·γε-

323 5802 370 5837 ³⁸
401 5807 541 5866 Psal.
582 5829 762 5880 ιτιιχι,
802 5815 848 5869 Ι.

929 5817 972 5847 ³⁷⁵
1015 5817 1143 5873 ibid.
1177 5819 1227 5872 ἓ.
1309 5821 1350 5853 ³⁵
1393 5820 1558 5878 Exod.
1598 5839 1727 5890 un,
1764 5824 1852 5880 ‘23.

1938 4654 2118 4711 Fortis
2144 4658 2279 4713 Deus
2305 4662 2513 4731 loquens
2538 4668 2731 4719 vocavit
2747 4676 2959 4722 terram.
2989 4667 3127 4721 LXX
3159 4677 3336 4722 autem
3366 4669 3497 4726 deos

1935 4760 2198 4805 vocarunt
2230 4754 2504 4823 principes
2527 4770 2590 4810 ac
2626 4757 2861 4825 judices,
2902 4759 3044 4829 quod
3089 4760 3365 4832 proprium
3400 4776 3493 4815 so-

1929 4841 2034 4896 lius
2074 4841 2167 4898 Dei
2205 4852 2308 4899 est.
2345 4844 2623 4916 Siquidem
2659 4849 2714 4903 in
2760 4866 2922 4905 LXXXI
2957 4853 3167 4922 psalmo
3207 4861 3490 4925 postquam

1929 4933 2163 4998 dixerat,
2203 4935 2344 4991 Deus
2366 4940 2510 4992 stetit
2552 4941 2603 4993 in
2640 4959 2905 5014 synagoga
2948 4945 3184 5009 deorum,
3229 4948 3282 5000 in
3323 4947 3490 5002 medio

1931 5037 2102 5081 autem
2135 5028 2258 5084 deos
2299 5029 2654 5100 diiudicat”;
2705 5035 3010 5105 subjunxit,
3049 5036 3318 5109 Usquequo
3341 5039 3487 5108 judi-

1927 5121 2060 5173 catis
2103 5123 2524 5192 iniquitatem“?
2555 5123 2647 5180 Sic
2673 5136 2726 5182 et
2764 5128 2849 5183 lex
2897 5130 3138 5200 praecipit
3179 5149 3190 5181 :
3223 5131 3338 5184 Diis
3390 5149 3486 5186 non

1925 5211 2223 5276 maledicas,
2258 5224 2306 5268 et
2344 5216 2664 5286 principibus
2702 5221 2886 5291 papuli
2921 5224 2995 5276 tui
3033 5240 3133 5276 non
3165 5225 3482 5278 conviciaba-

1923 5305 1998 5358 ris
2015 5305 2080 5360 ³⁵.
2113 5304 2241 5362 Jure
2287 5311 2367 5364 sic
2411 5312 2787 5382 vocentur,qui
2845 5314 3129 5386 imaginem
3169 5317 3313 5370 illam
3352 5317 3404 5370 in
3433 5335 3480 5371 Sf

1921 5395 2276 5464 servaverint,
2299 5417 2529 5471 quorum
2557 5402 2700 5457 Deus
2730 5413 2898 5459 totum
2929 5406 3114 5461 orbem
3139 5406 3201 5460 ad
3221 5407 3483 5475 judicium

1921 5503 2110 5545 evocat
2144 5508 2154 5542 :
2194 5494 2419 5564 ipseque
2465 5495 2726 5552 Dominus
2766 5498 2858 5553 Dei
2885 5501 3132 5562 Verbum,
3171 5501 3480 5555 incarnatus

1920 5598 2015 5651 per
2036 5571 2387 5654 Evangelium
2436 5587 2650 5646 locutus
2685 5597 2768 5646 est
2803 5599 2893 5645 :ct
2917 5607 3108 5646 omnes
3137 5591 3352 5662 quidem
3392 5608 3477 5647 vo-

1919 5681 2026 5739 cat,
2072 5675 2164 5731 sed
2198 5693 2304 5732 non
2338 5694 2527 5736 omnes
2577 5682 2821 5737 obsecuti
2852 5690 2978 5737 sunt
3027 5681 3336 5753 Evangelia.
3378 5683 3478 5738 Sed
