  <div class='ocr_page' id='page_1' title='image "/cluster/home/n/w/nwhite01/storage/ocr_20150623/23/hvd.32044019207711/247.png"; bbox 0 0 4010 6528; ppageno 0'>
   <div class='ocr_carea' id='block_1_1' title="bbox 507 395 3719 472">
    <p class='ocr_par' dir='ltr' id='par_1_1' title="bbox 507 395 3719 472">
     <span class='ocr_line' id='line_1_1' title="bbox 507 395 3719 472; baseline -0.007 0"><span class='ocrx_word' id='word_1_1' title='bbox 507 410 610 472; x_wconf 74' lang='grc'><strong>455</strong></span> <span class='ocrx_word' id='word_1_2' title='bbox 1201 413 1463 472; x_wconf 84' lang='lat' dir='ltr'><strong>EUSEBII</strong></span> <span class='ocrx_word' id='word_1_3' title='bbox 1500 415 1966 472; x_wconf 68' lang='lat' dir='ltr'><strong>CAESARIENSIS</strong></span> <span class='ocrx_word' id='word_1_4' title='bbox 2010 412 2157 470; x_wconf 90' lang='lat' dir='ltr'><strong>OPP.</strong></span> <span class='ocrx_word' id='word_1_5' title='bbox 2197 409 2376 467; x_wconf 78' lang='lat' dir='ltr'><strong>PARS</strong></span> <span class='ocrx_word' id='word_1_6' title='bbox 2408 408 2493 463; x_wconf 71' lang='grc' dir='ltr'><strong>ΙΙΙ.</strong></span> <span class='ocrx_word' id='word_1_7' title='bbox 2519 438 2590 450; x_wconf 92' lang='lat'><strong>--</strong></span> <span class='ocrx_word' id='word_1_8' title='bbox 2616 402 3017 461; x_wconf 81' lang='lat' dir='ltr'><strong>EXEGETICA.</strong></span> <span class='ocrx_word' id='word_1_9' title='bbox 3610 395 3719 452; x_wconf 61' lang='lat'><strong>436</strong></span> 
     </span>
    </p>
   </div>
   <div class='ocr_carea' id='block_1_2' title="bbox 507 512 2101 603">
    <p class='ocr_par' dir='ltr' id='par_1_2' title="bbox 507 529 2101 603">
     <span class='ocr_line' id='line_1_2' title="bbox 507 529 2101 603; baseline 0.003 -17"><span class='ocrx_word' id='word_1_10' title='bbox 507 532 603 603; x_wconf 99' lang='lat' dir='ltr'><strong>qui</strong></span> <span class='ocrx_word' id='word_1_11' title='bbox 654 530 992 597; x_wconf 89' lang='lat' dir='ltr'><strong>obedierunt,</strong></span> <span class='ocrx_word' id='word_1_12' title='bbox 1047 529 1315 599; x_wconf 88' lang='lat' dir='ltr'><strong>promissa</strong></span> <span class='ocrx_word' id='word_1_13' title='bbox 1359 530 1786 598; x_wconf 89' lang='lat' dir='ltr'><strong>nanciscuntur;</strong></span> <span class='ocrx_word' id='word_1_14' title='bbox 1835 532 1901 587; x_wconf 91' lang='lat' dir='ltr'><strong>iis</strong></span> <span class='ocrx_word' id='word_1_15' title='bbox 1933 547 2101 591; x_wconf 66' lang='lat' dir='ltr'><strong>verat</strong></span> 
     </span>
    </p>
   </div>
   <div class='ocr_carea' id='block_1_3' title="bbox 2201 512 3719 603">
    <p class='ocr_par' dir='ltr' id='par_1_3' title="bbox 2201 512 3719 597">
     <span class='ocr_line' id='line_1_3' title="bbox 2201 512 3719 597; baseline -0.009 -18"><span class='ocrx_word' id='word_1_16' title='bbox 2201 528 2278 597; x_wconf 76' lang='grc' dir='ltr'><strong>ἴῳ.</strong></span> <span class='ocrx_word' id='word_1_17' title='bbox 2340 526 2461 577; x_wconf 85' lang='grc' dir='ltr'>Ἀλλ</span> <span class='ocrx_word' id='word_1_18' title='bbox 2481 526 2547 577; x_wconf 74' lang='grc' dir='ltr'>ὀἱ</span> <span class='ocrx_word' id='word_1_19' title='bbox 2579 522 2674 593; x_wconf 76' lang='grc' dir='ltr'>μὲν</span> <span class='ocrx_word' id='word_1_20' title='bbox 2704 517 3104 578; x_wconf 76' lang='grc' dir='ltr'>ὑπακούσαντες</span> <span class='ocrx_word' id='word_1_21' title='bbox 3148 516 3254 568; x_wconf 86' lang='grc' dir='ltr'><strong>τῶν</strong></span> <span class='ocrx_word' id='word_1_22' title='bbox 3300 512 3719 585; x_wconf 78' lang='grc' dir='ltr'><strong>ἐπηγγελμένων</strong></span> 
     </span>
    </p>
   </div>
   <div class='ocr_carea' id='block_1_4' title="bbox 434 570 2101 694">
    <p class='ocr_par' dir='ltr' id='par_1_4' title="bbox 434 570 2101 694">
     <span class='ocr_line' id='line_1_4' title="bbox 508 570 2101 603; baseline -0.001 -17"><span class='ocrx_word' id='word_1_23' title='bbox 508 570 603 603; x_wconf 68' lang='grc' dir='ltr'><strong>ψ..</strong></span> <span class='ocrx_word' id='word_1_24' title='bbox 654 570 992 597; x_wconf 49' lang='lat' dir='ltr'><strong>&quot;semen&quot;...</strong></span> <span class='ocrx_word' id='word_1_25' title='bbox 1048 570 1315 599; x_wconf 62' lang='grc' dir='ltr'><strong>,ηνηηυυη</strong></span> <span class='ocrx_word' id='word_1_26' title='bbox 1359 570 1743 587; x_wconf 71' lang='grc' dir='ltr'><strong>.........ο.,........</strong></span> <span class='ocrx_word' id='word_1_27' title='bbox 1773 577 1786 598; x_wconf 91' lang='grc'><strong>,</strong></span> <span class='ocrx_word' id='word_1_28' title='bbox 1836 570 1901 587; x_wconf 65' lang='grc' dir='ltr'><strong>..ο</strong></span> <span class='ocrx_word' id='word_1_29' title='bbox 1940 570 2060 587; x_wconf 63' lang='grc' dir='ltr'><strong>...ιν</strong></span> <span class='ocrx_word' id='word_1_30' title='bbox 2088 570 2101 591; x_wconf 60' lang='grc' dir='ltr'><strong>ι</strong></span> 
     </span>
     <span class='ocr_line' id='line_1_5' title="bbox 434 616 2055 694; baseline -0.001 -17"><span class='ocrx_word' id='word_1_31' title='bbox 434 616 435 619; x_wconf 40' lang='grc'><em>“</em></span> <span class='ocrx_word' id='word_1_32' title='bbox 509 624 599 694; x_wconf 87' lang='lat' dir='ltr'><strong>qui</strong></span> <span class='ocrx_word' id='word_1_33' title='bbox 632 624 855 693; x_wconf 79' lang='lat' dir='ltr'><strong>gratiam</strong></span> <span class='ocrx_word' id='word_1_34' title='bbox 874 630 1333 692; x_wconf 89' lang='lat' dir='ltr'><strong>contempserunt,</strong></span> <span class='ocrx_word' id='word_1_35' title='bbox 1361 623 1413 676; x_wconf 90' lang='lat' dir='ltr'><strong>in</strong></span> <span class='ocrx_word' id='word_1_36' title='bbox 1441 624 1676 692; x_wconf 84' lang='lat' dir='ltr'><strong>glorioso</strong></span> <span class='ocrx_word' id='word_1_37' title='bbox 1704 639 1803 679; x_wconf 91' lang='lat' dir='ltr'><strong>suo</strong></span> <span class='ocrx_word' id='word_1_38' title='bbox 1824 624 2055 677; x_wconf 82' lang='lat' dir='ltr'><strong>adventu</strong></span> 
     </span>
    </p>
   </div>
   <div class='ocr_carea' id='block_1_5' title="bbox 2201 570 3744 694">
    <p class='ocr_par' dir='ltr' id='par_1_5' title="bbox 2201 570 3744 694">
     <span class='ocr_line' id='line_1_6' title="bbox 2201 570 3744 694; baseline -0.01 -21"><span class='ocrx_word' id='word_1_39' title='bbox 2201 570 2510 689; x_wconf 64' lang='grc' dir='ltr'>υγχάνουσιθ</span> <span class='ocrx_word' id='word_1_40' title='bbox 2542 570 2650 677; x_wconf 53' lang='lat' dir='ltr'><strong>rei;</strong></span> <span class='ocrx_word' id='word_1_41' title='bbox 2672 612 2728 665; x_wconf 82' lang='grc' dir='ltr'>δὲ</span> <span class='ocrx_word' id='word_1_42' title='bbox 2873 610 3030 679; x_wconf 80' lang='grc' dir='ltr'>χάριν</span> <span class='ocrx_word' id='word_1_43' title='bbox 3057 570 3323 670; x_wconf 42' lang='grc' dir='ltr'>ἀθετοῦσι,</span> <span class='ocrx_word' id='word_1_44' title='bbox 3570 570 3744 694; x_wconf 52' lang='grc' dir='ltr'>ἄπει-ξ</span> 
     </span>
    </p>
   </div>
   <div class='ocr_carea' id='block_1_6' title="bbox 511 660 2101 785">
    <p class='ocr_par' dir='ltr' id='par_1_6' title="bbox 511 660 2058 785">
     <span class='ocr_line' id='line_1_7' title="bbox 511 660 2055 694; baseline 0.001 -18"><span class='ocrx_word' id='word_1_45' title='bbox 511 660 599 694; x_wconf 60' lang='grc' dir='ltr'><strong>ιι...</strong></span> <span class='ocrx_word' id='word_1_46' title='bbox 632 660 855 693; x_wconf 60' lang='grc' dir='ltr'><strong>θυμω...</strong></span> <span class='ocrx_word' id='word_1_47' title='bbox 874 660 1200 692; x_wconf 66' lang='grc' dir='ltr'><strong>νυ...υ...,η.υ.</strong></span> <span class='ocrx_word' id='word_1_48' title='bbox 1219 660 1333 687; x_wconf 87' lang='lat'><strong>.....,</strong></span> <span class='ocrx_word' id='word_1_49' title='bbox 1441 660 1676 692; x_wconf 49' lang='grc' dir='ltr'><strong>θυμω..</strong></span> <span class='ocrx_word' id='word_1_50' title='bbox 1704 660 1803 679; x_wconf 66' lang='grc' dir='ltr'><strong>ουν</strong></span> <span class='ocrx_word' id='word_1_51' title='bbox 1824 660 2055 677; x_wconf 64' lang='grc' dir='ltr'><strong>...ηιμ-ι.</strong></span> 
     </span>
     <span class='ocr_line' id='line_1_8' title="bbox 511 714 2058 785; baseline 0.001 -16"><span class='ocrx_word' id='word_1_52' title='bbox 511 716 688 785; x_wconf 82' lang='lat' dir='ltr'><strong>ignem</strong></span> <span class='ocrx_word' id='word_1_53' title='bbox 736 714 1116 777; x_wconf 78' lang='lat' dir='ltr'><strong>comminatur,</strong></span> <span class='ocrx_word' id='word_1_54' title='bbox 1162 721 1424 768; x_wconf 82' lang='lat' dir='ltr'><strong>venturus</strong></span> <span class='ocrx_word' id='word_1_55' title='bbox 1452 731 1517 769; x_wconf 78' lang='lat' dir='ltr'><strong>ex</strong></span> <span class='ocrx_word' id='word_1_56' title='bbox 1554 717 1761 772; x_wconf 67' lang='lat' dir='ltr'><strong>caelesti</strong></span> <span class='ocrx_word' id='word_1_57' title='bbox 1815 716 1964 779; x_wconf 85' lang='lat' dir='ltr'><strong>Sion,</strong></span> <span class='ocrx_word' id='word_1_58' title='bbox 1993 717 2058 770; x_wconf 92' lang='lat' dir='ltr'><strong>de</strong></span> 
     </span>
    </p>
   </div>
   <div class='ocr_carea' id='block_1_7' title="bbox 2201 660 3748 785">
    <p class='ocr_par' dir='ltr' id='par_1_7' title="bbox 2201 660 3748 778">
     <span class='ocr_line' id='line_1_9' title="bbox 2201 660 3748 778; baseline -0.012 -13"><span class='ocrx_word' id='word_1_59' title='bbox 2201 660 2411 765; x_wconf 43' lang='grc' dir='ltr'>εἴῦςιατὰ</span> <span class='ocrx_word' id='word_1_60' title='bbox 2436 708 2532 778; x_wconf 76' lang='grc' dir='ltr'>τὴν</span> <span class='ocrx_word' id='word_1_61' title='bbox 2565 660 2770 769; x_wconf 72' lang='grc' dir='ltr'>ἔνδοξον</span> <span class='ocrx_word' id='word_1_62' title='bbox 2800 660 2962 775; x_wconf 57' lang='grc' dir='ltr'>ᾇοξοὲ</span> <span class='ocrx_word' id='word_1_63' title='bbox 2997 660 3322 770; x_wconf 57' lang='grc' dir='ltr'>παρουσίαν,</span> <span class='ocrx_word' id='word_1_64' title='bbox 3347 698 3494 768; x_wconf 71' lang='grc' dir='ltr'>ἥξων</span> <span class='ocrx_word' id='word_1_65' title='bbox 3518 660 3591 750; x_wconf 78' lang='grc' dir='ltr'><strong>⁸ὲκ</strong></span> <span class='ocrx_word' id='word_1_66' title='bbox 3620 660 3748 767; x_wconf 63' lang='grc' dir='ltr'><strong>τῆι,ι</strong></span> 
     </span>
    </p>
   </div>
   <div class='ocr_carea' id='block_1_8' title="bbox 511 787 2101 879">
    <p class='ocr_par' dir='ltr' id='par_1_8' title="bbox 511 805 2059 879">
     <span class='ocr_line' id='line_1_10' title="bbox 511 805 2059 879; baseline -0.001 -18"><span class='ocrx_word' id='word_1_67' title='bbox 511 822 617 879; x_wconf 90' lang='lat' dir='ltr'><strong>qua</strong></span> <span class='ocrx_word' id='word_1_68' title='bbox 644 806 842 860; x_wconf 87' lang='lat' dir='ltr'><strong>Paulus</strong></span> <span class='ocrx_word' id='word_1_69' title='bbox 868 807 943 859; x_wconf 85' lang='lat' dir='ltr'><strong>ait</strong></span> <span class='ocrx_word' id='word_1_70' title='bbox 972 828 984 860; x_wconf 88' lang='lat'><strong>:</strong></span> <span class='ocrx_word' id='word_1_71' title='bbox 1019 805 1099 859; x_wconf 84' lang='lat' dir='ltr'><strong>Ea</strong></span> <span class='ocrx_word' id='word_1_72' title='bbox 1127 822 1266 870; x_wconf 83' lang='lat' dir='ltr'><strong>vero,</strong></span> <span class='ocrx_word' id='word_1_73' title='bbox 1288 823 1403 876; x_wconf 73' lang='lat' dir='ltr'><strong>qua:</strong></span> <span class='ocrx_word' id='word_1_74' title='bbox 1433 824 1640 860; x_wconf 85' lang='lat' dir='ltr'><strong>sursum</strong></span> <span class='ocrx_word' id='word_1_75' title='bbox 1663 819 1737 861; x_wconf 86' lang='lat' dir='ltr'><strong>est</strong></span> <span class='ocrx_word' id='word_1_76' title='bbox 1765 807 2059 862; x_wconf 81' lang='lat' dir='ltr'><strong>Jerusalem</strong></span> 
     </span>
    </p>
   </div>
   <div class='ocr_carea' id='block_1_9' title="bbox 2201 787 3727 879">
    <p class='ocr_par' dir='ltr' id='par_1_9' title="bbox 2201 787 3727 874">
     <span class='ocr_line' id='line_1_11' title="bbox 2201 787 3727 874; baseline -0.011 -18"><span class='ocrx_word' id='word_1_77' title='bbox 2201 800 2484 874; x_wconf 85' lang='grc' dir='ltr'>πουρανίου</span> <span class='ocrx_word' id='word_1_78' title='bbox 2534 797 2670 850; x_wconf 85' lang='grc' dir='ltr'>Σιὼν</span> <span class='ocrx_word' id='word_1_79' title='bbox 2693 837 2706 860; x_wconf 95' lang='grc'><strong>,</strong></span> <span class='ocrx_word' id='word_1_80' title='bbox 2743 794 2869 865; x_wconf 73' lang='grc' dir='ltr'>περὶ</span> <span class='ocrx_word' id='word_1_81' title='bbox 2893 788 2961 863; x_wconf 87' lang='grc' dir='ltr'><strong>ἦς</strong></span> <span class='ocrx_word' id='word_1_82' title='bbox 2987 792 3016 843; x_wconf 85' lang='grc' dir='ltr'>ὁ</span> <span class='ocrx_word' id='word_1_83' title='bbox 3066 788 3274 854; x_wconf 76' lang='grc' dir='ltr'>Παῦλος</span> <span class='ocrx_word' id='word_1_84' title='bbox 3320 788 3482 857; x_wconf 79' lang='grc' dir='ltr'>φησίν</span> <span class='ocrx_word' id='word_1_85' title='bbox 3504 805 3518 818; x_wconf 74' lang='grc'><strong><em>⁸</em></strong></span> <span class='ocrx_word' id='word_1_86' title='bbox 3561 788 3621 841; x_wconf 88' lang='grc' dir='ltr'><strong><em>Ἠ</em></strong></span> <span class='ocrx_word' id='word_1_87' title='bbox 3653 787 3727 839; x_wconf 70' lang='grc' dir='ltr'>δὲ</span> 
     </span>
    </p>
   </div>
   <div class='ocr_carea' id='block_1_10' title="bbox 511 878 2101 968">
    <p class='ocr_par' dir='ltr' id='par_1_10' title="bbox 511 878 2062 968">
     <span class='ocr_line' id='line_1_12' title="bbox 511 878 2062 968; baseline -0.001 -16"><span class='ocrx_word' id='word_1_88' title='bbox 511 878 673 953; x_wconf 85' lang='lat' dir='ltr'><strong>libera</strong></span> <span class='ocrx_word' id='word_1_89' title='bbox 700 906 797 960; x_wconf 85' lang='lat' dir='ltr'><strong>est,</strong></span> <span class='ocrx_word' id='word_1_90' title='bbox 831 914 946 968; x_wconf 70' lang='lat' dir='ltr'><strong>qua:</strong></span> <span class='ocrx_word' id='word_1_91' title='bbox 969 906 1047 952; x_wconf 87' lang='lat' dir='ltr'><strong>est</strong></span> <span class='ocrx_word' id='word_1_92' title='bbox 1066 908 1232 951; x_wconf 82' lang='lat' dir='ltr'><strong>mater</strong></span> <span class='ocrx_word' id='word_1_93' title='bbox 1252 907 1431 951; x_wconf 88' lang='lat' dir='ltr'><strong>nostra</strong></span> <span class='ocrx_word' id='word_1_94' title='bbox 1445 900 1510 963; x_wconf 73' lang='grc'><strong>³⁶;</strong></span> <span class='ocrx_word' id='word_1_95' title='bbox 1542 907 1593 952; x_wconf 91' lang='lat' dir='ltr'><strong>et</strong></span> <span class='ocrx_word' id='word_1_96' title='bbox 1621 919 1631 952; x_wconf 91' lang='lat'>:</span> <span class='ocrx_word' id='word_1_97' title='bbox 1663 898 1964 953; x_wconf 79' lang='lat' dir='ltr'><strong>Accessistis</strong></span> <span class='ocrx_word' id='word_1_98' title='bbox 1994 900 2062 951; x_wconf 90' lang='lat' dir='ltr'><strong>ad</strong></span> 
     </span>
    </p>
   </div>
   <div class='ocr_carea' id='block_1_11' title="bbox 2201 878 3728 968">
    <p class='ocr_par' dir='ltr' id='par_1_11' title="bbox 2201 878 3728 961">
     <span class='ocr_line' id='line_1_13' title="bbox 2201 878 3728 961; baseline -0.008 -19"><span class='ocrx_word' id='word_1_99' title='bbox 2201 895 2286 948; x_wconf 85' lang='grc' dir='ltr'>Ξνω</span> <span class='ocrx_word' id='word_1_100' title='bbox 2317 888 2694 961; x_wconf 72' lang='grc' dir='ltr'>Ἰερουσαλὴμ</span> <span class='ocrx_word' id='word_1_101' title='bbox 2715 884 2995 951; x_wconf 79' lang='grc' dir='ltr'>ἐλευθέρα</span> <span class='ocrx_word' id='word_1_102' title='bbox 3016 882 3204 944; x_wconf 76' lang='grc' dir='ltr'>ἐστὶν,</span> <span class='ocrx_word' id='word_1_103' title='bbox 3234 880 3358 947; x_wconf 79' lang='grc' dir='ltr'>ἣτις</span> <span class='ocrx_word' id='word_1_104' title='bbox 3379 879 3512 933; x_wconf 78' lang='grc' dir='ltr'>ἐστὶ</span> <span class='ocrx_word' id='word_1_105' title='bbox 3525 878 3728 948; x_wconf 83' lang='grc' dir='ltr'>μήτηρ</span> 
     </span>
    </p>
   </div>
   <div class='ocr_carea' id='block_1_12' title="bbox 513 970 2101 1056">
    <p class='ocr_par' dir='ltr' id='par_1_12' title="bbox 513 988 2065 1050">
     <span class='ocr_line' id='line_1_14' title="bbox 513 988 2065 1050; baseline -0.001 -6"><span class='ocrx_word' id='word_1_106' title='bbox 513 988 641 1044; x_wconf 86' lang='lat' dir='ltr'><strong>Sion</strong></span> <span class='ocrx_word' id='word_1_107' title='bbox 665 998 887 1042; x_wconf 79' lang='lat' dir='ltr'><strong>montem</strong></span> <span class='ocrx_word' id='word_1_108' title='bbox 915 997 963 1042; x_wconf 90' lang='lat' dir='ltr'><strong>et</strong></span> <span class='ocrx_word' id='word_1_109' title='bbox 987 990 1244 1042; x_wconf 86' lang='lat' dir='ltr'><strong>civitatem</strong></span> <span class='ocrx_word' id='word_1_110' title='bbox 1275 989 1371 1041; x_wconf 90' lang='lat' dir='ltr'><strong>Dei</strong></span> <span class='ocrx_word' id='word_1_111' title='bbox 1388 990 1618 1050; x_wconf 86' lang='lat' dir='ltr'><strong>viventis,</strong></span> <span class='ocrx_word' id='word_1_112' title='bbox 1651 990 1944 1044; x_wconf 83' lang='lat' dir='ltr'><strong>Jerusalem</strong></span> <span class='ocrx_word' id='word_1_113' title='bbox 1965 1006 2065 1043; x_wconf 74' lang='lat' dir='ltr'><strong>cte-</strong></span> 
     </span>
    </p>
   </div>
   <div class='ocr_carea' id='block_1_13' title="bbox 2201 970 3728 1056">
    <p class='ocr_par' dir='ltr' id='par_1_13' title="bbox 2201 970 3728 1056">
     <span class='ocr_line' id='line_1_15' title="bbox 2201 970 3728 1056; baseline -0.018 -16"><span class='ocrx_word' id='word_1_114' title='bbox 2201 986 2363 1056; x_wconf 59' lang='grc' dir='ltr'>ῥμῶν·</span> <span class='ocrx_word' id='word_1_115' title='bbox 2400 983 2513 1045; x_wconf 68' lang='grc' dir='ltr'>καὶ,</span> <span class='ocrx_word' id='word_1_116' title='bbox 2561 977 3052 1048; x_wconf 76' lang='grc' dir='ltr'>Προσεληλύθατε</span> <span class='ocrx_word' id='word_1_117' title='bbox 3073 971 3223 1025; x_wconf 85' lang='grc' dir='ltr'>Σιὼν</span> <span class='ocrx_word' id='word_1_118' title='bbox 3247 971 3367 1039; x_wconf 78' lang='grc' dir='ltr'>ὄρει</span> <span class='ocrx_word' id='word_1_119' title='bbox 3412 970 3509 1025; x_wconf 75' lang='grc' dir='ltr'>καὶ</span> <span class='ocrx_word' id='word_1_120' title='bbox 3550 972 3728 1022; x_wconf 72' lang='grc' dir='ltr'>πόλει</span> 
     </span>
    </p>
   </div>
   <div class='ocr_carea' id='block_1_14' title="bbox 513 1060 2101 1151">
    <p class='ocr_par' dir='ltr' id='par_1_14' title="bbox 513 1079 2066 1151">
     <span class='ocr_line' id='line_1_16' title="bbox 513 1079 2066 1151; baseline 0.001 -16"><span class='ocrx_word' id='word_1_121' title='bbox 513 1081 774 1136; x_wconf 80' lang='lat' dir='ltr'><strong>lestem&quot;.</strong></span> <span class='ocrx_word' id='word_1_122' title='bbox 812 1079 1013 1150; x_wconf 81' lang='lat' dir='ltr'><strong>Species</strong></span> <span class='ocrx_word' id='word_1_123' title='bbox 1068 1092 1245 1135; x_wconf 89' lang='lat' dir='ltr'><strong>autem</strong></span> <span class='ocrx_word' id='word_1_124' title='bbox 1287 1082 1489 1135; x_wconf 79' lang='lat' dir='ltr'><strong>decoris</strong></span> <span class='ocrx_word' id='word_1_125' title='bbox 1538 1090 1620 1137; x_wconf 88' lang='lat' dir='ltr'><strong>est</strong></span> <span class='ocrx_word' id='word_1_126' title='bbox 1667 1083 1902 1151; x_wconf 85' lang='lat' dir='ltr'><strong>gloriosa</strong></span> <span class='ocrx_word' id='word_1_127' title='bbox 1948 1082 2066 1151; x_wconf 86' lang='lat' dir='ltr'><strong>ejus</strong></span> 
     </span>
    </p>
   </div>
   <div class='ocr_carea' id='block_1_15' title="bbox 2201 1060 3729 1151">
    <p class='ocr_par' dir='ltr' id='par_1_15' title="bbox 2201 1060 3729 1139">
     <span class='ocr_line' id='line_1_17' title="bbox 2201 1060 3729 1139; baseline -0.012 -8"><span class='ocrx_word' id='word_1_128' title='bbox 2201 1077 2319 1131; x_wconf 68' lang='lat' dir='ltr'><strong>Deci)</strong></span> <span class='ocrx_word' id='word_1_129' title='bbox 2342 1074 2575 1139; x_wconf 76' lang='grc' dir='ltr'>ζῶντος,</span> <span class='ocrx_word' id='word_1_130' title='bbox 2612 1067 2994 1138; x_wconf 77' lang='grc' dir='ltr'>Ἰερουσαλὴμ</span> <span class='ocrx_word' id='word_1_131' title='bbox 3024 1064 3371 1133; x_wconf 81' lang='grc' dir='ltr'>ἐπουρανίῳ.</span> <span class='ocrx_word' id='word_1_132' title='bbox 3387 1060 3729 1128; x_wconf 75' lang='grc' dir='ltr'>Εὐπρέπεια</span> 
     </span>
    </p>
   </div>
   <div class='ocr_carea' id='block_1_16' title="bbox 511 1152 2101 1241">
    <p class='ocr_par' dir='ltr' id='par_1_16' title="bbox 511 1172 2068 1241">
     <span class='ocr_line' id='line_1_18' title="bbox 511 1172 2068 1241; baseline -0.001 -15"><span class='ocrx_word' id='word_1_133' title='bbox 511 1172 861 1241; x_wconf 86' lang='lat' dir='ltr'><strong>theopbania,</strong></span> <span class='ocrx_word' id='word_1_134' title='bbox 896 1186 1057 1241; x_wconf 89' lang='lat' dir='ltr'><strong>quam</strong></span> <span class='ocrx_word' id='word_1_135' title='bbox 1092 1179 1277 1241; x_wconf 87' lang='lat' dir='ltr'><strong>aperte</strong></span> <span class='ocrx_word' id='word_1_136' title='bbox 1320 1174 1560 1227; x_wconf 81' lang='lat' dir='ltr'><strong>declarat</strong></span> <span class='ocrx_word' id='word_1_137' title='bbox 1592 1174 1722 1227; x_wconf 93' lang='lat' dir='ltr'><strong>illud</strong></span> <span class='ocrx_word' id='word_1_138' title='bbox 1756 1173 1932 1227; x_wconf 88' lang='lat' dir='ltr'><strong>:Deus</strong></span> <span class='ocrx_word' id='word_1_139' title='bbox 1964 1191 2068 1226; x_wconf 91' lang='lat' dir='ltr'><strong>ma-</strong></span> 
     </span>
    </p>
   </div>
   <div class='ocr_carea' id='block_1_17' title="bbox 2201 1152 3731 1241">
    <p class='ocr_par' dir='ltr' id='par_1_17' title="bbox 2202 1152 3731 1236">
     <span class='ocr_line' id='line_1_19' title="bbox 2202 1152 3731 1236; baseline -0.012 -14"><span class='ocrx_word' id='word_1_140' title='bbox 2202 1171 2227 1222; x_wconf 83' lang='grc' dir='ltr'>ὲ</span> <span class='ocrx_word' id='word_1_141' title='bbox 2249 1164 2653 1236; x_wconf 83' lang='grc' dir='ltr'>ὡραιότητοςὴ</span> <span class='ocrx_word' id='word_1_142' title='bbox 2680 1159 2882 1223; x_wconf 75' lang='grc' dir='ltr'>ἔνδοξος</span> <span class='ocrx_word' id='word_1_143' title='bbox 2898 1156 3063 1210; x_wconf 74' lang='grc' dir='ltr'>αὑτοῦ</span> <span class='ocrx_word' id='word_1_144' title='bbox 3086 1156 3367 1225; x_wconf 77' lang='grc' dir='ltr'>θεοφὰνεια</span> <span class='ocrx_word' id='word_1_145' title='bbox 3384 1172 3396 1183; x_wconf 92' lang='grc'><strong>·</strong></span> <span class='ocrx_word' id='word_1_146' title='bbox 3420 1152 3619 1221; x_wconf 83' lang='grc' dir='ltr'>ταύτην</span> <span class='ocrx_word' id='word_1_147' title='bbox 3630 1152 3731 1205; x_wconf 75' lang='grc' dir='ltr'>καὶ</span> 
     </span>
    </p>
   </div>
   <div class='ocr_carea' id='block_1_18' title="bbox 510 1240 2101 1332">
    <p class='ocr_par' dir='ltr' id='par_1_18' title="bbox 510 1240 2067 1332">
     <span class='ocr_line' id='line_1_20' title="bbox 510 1240 2067 1332; baseline 0.001 -17"><span class='ocrx_word' id='word_1_148' title='bbox 510 1263 698 1331; x_wconf 88' lang='lat' dir='ltr'><strong>nifeste</strong></span> <span class='ocrx_word' id='word_1_149' title='bbox 732 1240 923 1315; x_wconf 77' lang='lat' dir='ltr'><strong>veniet.</strong></span> <span class='ocrx_word' id='word_1_150' title='bbox 963 1260 1019 1314; x_wconf 82' lang='lat' dir='ltr'><strong>In</strong></span> <span class='ocrx_word' id='word_1_151' title='bbox 1051 1240 1226 1331; x_wconf 84' lang='lat' dir='ltr'><strong>primo</strong></span> <span class='ocrx_word' id='word_1_152' title='bbox 1279 1264 1461 1332; x_wconf 83' lang='lat' dir='ltr'><strong>itaque</strong></span> <span class='ocrx_word' id='word_1_153' title='bbox 1508 1264 1738 1318; x_wconf 84' lang='lat' dir='ltr'><strong>adventu</strong></span> <span class='ocrx_word' id='word_1_154' title='bbox 1789 1280 1909 1327; x_wconf 89' lang='lat' dir='ltr'><strong>suo,</strong></span> <span class='ocrx_word' id='word_1_155' title='bbox 1940 1264 2067 1317; x_wconf 88' lang='lat' dir='ltr'><strong>dum</strong></span> 
     </span>
    </p>
   </div>
   <div class='ocr_carea' id='block_1_19' title="bbox 2201 1240 3730 1332">
    <p class='ocr_par' dir='ltr' id='par_1_19' title="bbox 2201 1240 3730 1325">
     <span class='ocr_line' id='line_1_21' title="bbox 2201 1240 3730 1325; baseline -0.013 -11"><span class='ocrx_word' id='word_1_156' title='bbox 2201 1262 2250 1325; x_wconf 48' lang='grc' dir='ltr'><strong>ιδ,</strong></span> <span class='ocrx_word' id='word_1_157' title='bbox 2292 1261 2353 1312; x_wconf 87' lang='grc' dir='ltr'><strong><em>Ὀ</em></strong></span> <span class='ocrx_word' id='word_1_158' title='bbox 2381 1256 2520 1322; x_wconf 85' lang='grc' dir='ltr'><strong>Θεὸς</strong></span> <span class='ocrx_word' id='word_1_159' title='bbox 2538 1251 2811 1323; x_wconf 72' lang='grc' dir='ltr'>ἐμφανῶς</span> <span class='ocrx_word' id='word_1_160' title='bbox 2838 1251 2988 1319; x_wconf 75' lang='grc' dir='ltr'>ἥξει,</span> <span class='ocrx_word' id='word_1_161' title='bbox 3009 1249 3170 1320; x_wconf 87' lang='grc' dir='ltr'>δηλοῖ.</span> <span class='ocrx_word' id='word_1_162' title='bbox 3203 1245 3357 1300; x_wconf 80' lang='grc' dir='ltr'>Κατὰ</span> <span class='ocrx_word' id='word_1_163' title='bbox 3388 1245 3485 1315; x_wconf 81' lang='grc' dir='ltr'>μὲν</span> <span class='ocrx_word' id='word_1_164' title='bbox 3511 1240 3604 1296; x_wconf 75' lang='grc' dir='ltr'>οὖν</span> <span class='ocrx_word' id='word_1_165' title='bbox 3626 1243 3730 1314; x_wconf 78' lang='grc' dir='ltr'><strong>τὴν</strong></span> 
     </span>
    </p>
   </div>
   <div class='ocr_carea' id='block_1_20' title="bbox 510 1336 2101 1423">
    <p class='ocr_par' dir='ltr' id='par_1_20' title="bbox 510 1353 2071 1421">
     <span class='ocr_line' id='line_1_22' title="bbox 510 1353 2071 1421; baseline 0.001 -14"><span class='ocrx_word' id='word_1_166' title='bbox 510 1355 578 1407; x_wconf 91' lang='lat' dir='ltr'><strong>ab</strong></span> <span class='ocrx_word' id='word_1_167' title='bbox 623 1353 1156 1421; x_wconf 87' lang='lat' dir='ltr'><strong>hominibusjudicio</strong></span> <span class='ocrx_word' id='word_1_168' title='bbox 1188 1356 1612 1417; x_wconf 78' lang='lat' dir='ltr'><strong>examinaretur,</strong></span> <span class='ocrx_word' id='word_1_169' title='bbox 1659 1356 1872 1420; x_wconf 84' lang='lat' dir='ltr'><strong>silebat,</strong></span> <span class='ocrx_word' id='word_1_170' title='bbox 1902 1363 2071 1409; x_wconf 83' lang='lat' dir='ltr'><strong>tanta—</strong></span> 
     </span>
    </p>
   </div>
   <div class='ocr_carea' id='block_1_21' title="bbox 2201 1336 3730 1423">
    <p class='ocr_par' dir='ltr' id='par_1_21' title="bbox 2201 1336 3730 1423">
     <span class='ocr_line' id='line_1_23' title="bbox 2201 1336 3730 1423; baseline -0.012 -19"><span class='ocrx_word' id='word_1_171' title='bbox 2201 1352 2395 1423; x_wconf 69' lang='grc' dir='ltr'>πρώτην</span> <span class='ocrx_word' id='word_1_172' title='bbox 2436 1346 2597 1401; x_wconf 79' lang='grc' dir='ltr'>αὑτοῦ</span> <span class='ocrx_word' id='word_1_173' title='bbox 2627 1342 2918 1414; x_wconf 81' lang='grc' dir='ltr'><strong>παρουσίαν</strong></span> <span class='ocrx_word' id='word_1_174' title='bbox 2957 1341 3061 1394; x_wconf 79' lang='grc' dir='ltr'><strong>ὑπὸ</strong></span> <span class='ocrx_word' id='word_1_175' title='bbox 3086 1338 3380 1409; x_wconf 82' lang='grc' dir='ltr'>ἀνθρώπων</span> <span class='ocrx_word' id='word_1_176' title='bbox 3413 1336 3730 1406; x_wconf 84' lang='grc' dir='ltr'>κρινόμενος</span> 
     </span>
    </p>
   </div>
   <div class='ocr_carea' id='block_1_22' title="bbox 510 1425 2101 1511">
    <p class='ocr_par' dir='ltr' id='par_1_22' title="bbox 510 1445 2071 1511">
     <span class='ocr_line' id='line_1_24' title="bbox 510 1445 2071 1511; baseline 0.002 -16"><span class='ocrx_word' id='word_1_177' title='bbox 510 1458 620 1511; x_wconf 86' lang='lat' dir='ltr'><strong>que</strong></span> <span class='ocrx_word' id='word_1_178' title='bbox 657 1457 951 1511; x_wconf 80' lang='lat' dir='ltr'><strong>perpessus</strong></span> <span class='ocrx_word' id='word_1_179' title='bbox 978 1459 1087 1498; x_wconf 93' lang='lat' dir='ltr'><strong>non</strong></span> <span class='ocrx_word' id='word_1_180' title='bbox 1119 1460 1242 1499; x_wconf 81' lang='lat' dir='ltr'><strong>sese</strong></span> <span class='ocrx_word' id='word_1_181' title='bbox 1281 1445 1662 1508; x_wconf 85' lang='lat' dir='ltr'><strong>ulciscebatur,</strong></span> <span class='ocrx_word' id='word_1_182' title='bbox 1691 1460 1791 1499; x_wconf 85' lang='lat' dir='ltr'><strong>nec</strong></span> <span class='ocrx_word' id='word_1_183' title='bbox 1819 1446 2071 1498; x_wconf 89' lang='lat' dir='ltr'><strong>omnibus</strong></span> 
     </span>
    </p>
   </div>
   <div class='ocr_carea' id='block_1_23' title="bbox 2201 1425 3727 1511">
    <p class='ocr_par' dir='ltr' id='par_1_23' title="bbox 2201 1425 3727 1498">
     <span class='ocr_line' id='line_1_25' title="bbox 2201 1425 3727 1498; baseline -0.009 -8"><span class='ocrx_word' id='word_1_184' title='bbox 2201 1436 2382 1490; x_wconf 83' lang='grc' dir='ltr'>σιώπα</span> <span class='ocrx_word' id='word_1_185' title='bbox 2399 1453 2410 1465; x_wconf 88' lang='grc'><strong>·</strong></span> <span class='ocrx_word' id='word_1_186' title='bbox 2440 1433 2557 1486; x_wconf 79' lang='grc' dir='ltr'>οὐδὲ</span> <span class='ocrx_word' id='word_1_187' title='bbox 2580 1431 2812 1485; x_wconf 80' lang='grc' dir='ltr'>τοσαῦτα</span> <span class='ocrx_word' id='word_1_188' title='bbox 2838 1430 3054 1497; x_wconf 82' lang='grc' dir='ltr'><strong>πάσχων</strong></span> <span class='ocrx_word' id='word_1_189' title='bbox 3074 1426 3318 1498; x_wconf 80' lang='grc' dir='ltr'>ἠμύνατο</span> <span class='ocrx_word' id='word_1_190' title='bbox 3336 1467 3350 1488; x_wconf 93' lang='grc'><strong>,</strong></span> <span class='ocrx_word' id='word_1_191' title='bbox 3404 1425 3523 1477; x_wconf 81' lang='grc' dir='ltr'>οὐδὲ</span> <span class='ocrx_word' id='word_1_192' title='bbox 3564 1426 3727 1477; x_wconf 77' lang='grc' dir='ltr'>πᾶσιν</span> 
     </span>
    </p>
   </div>
   <div class='ocr_carea' id='block_1_24' title="bbox 511 1512 2101 1604">
    <p class='ocr_par' dir='ltr' id='par_1_24' title="bbox 511 1535 2073 1604">
     <span class='ocr_line' id='line_1_26' title="bbox 511 1535 2073 1604; baseline 0.001 -17"><span class='ocrx_word' id='word_1_193' title='bbox 511 1549 671 1587; x_wconf 88' lang='lat' dir='ltr'><strong>suam</strong></span> <span class='ocrx_word' id='word_1_194' title='bbox 705 1535 993 1589; x_wconf 82' lang='lat' dir='ltr'><strong>exhibebat</strong></span> <span class='ocrx_word' id='word_1_195' title='bbox 1039 1536 1312 1589; x_wconf 87' lang='lat' dir='ltr'><strong>deitatem.</strong></span> <span class='ocrx_word' id='word_1_196' title='bbox 1348 1535 1511 1600; x_wconf 88' lang='lat' dir='ltr'><strong>Tunc,</strong></span> <span class='ocrx_word' id='word_1_197' title='bbox 1557 1536 1651 1597; x_wconf 89' lang='lat' dir='ltr'><strong>ait,</strong></span> <span class='ocrx_word' id='word_1_198' title='bbox 1693 1536 1963 1604; x_wconf 89' lang='lat' dir='ltr'><strong>manifeste</strong></span> <span class='ocrx_word' id='word_1_199' title='bbox 1992 1552 2073 1589; x_wconf 83' lang='lat' dir='ltr'><strong>ve-</strong></span> 
     </span>
    </p>
   </div>
   <div class='ocr_carea' id='block_1_25' title="bbox 2201 1512 3729 1604">
    <p class='ocr_par' dir='ltr' id='par_1_25' title="bbox 2201 1512 3729 1595">
     <span class='ocr_line' id='line_1_27' title="bbox 2201 1512 3729 1595; baseline -0.007 -18"><span class='ocrx_word' id='word_1_200' title='bbox 2201 1512 2382 1581; x_wconf 84' lang='grc' dir='ltr'>δείκνυ</span> <span class='ocrx_word' id='word_1_201' title='bbox 2408 1526 2506 1595; x_wconf 78' lang='grc' dir='ltr'>τὴν</span> <span class='ocrx_word' id='word_1_202' title='bbox 2540 1523 2673 1576; x_wconf 85' lang='grc' dir='ltr'>ίδίαν</span> <span class='ocrx_word' id='word_1_203' title='bbox 2701 1520 2925 1588; x_wconf 80' lang='grc' dir='ltr'>θεότητα</span> <span class='ocrx_word' id='word_1_204' title='bbox 2942 1538 2955 1550; x_wconf 78' lang='grc'><em>’</em></span> <span class='ocrx_word' id='word_1_205' title='bbox 2985 1520 3118 1572; x_wconf 86' lang='grc' dir='ltr'><strong>Τότε</strong></span> <span class='ocrx_word' id='word_1_206' title='bbox 3136 1516 3223 1580; x_wconf 85' lang='grc' dir='ltr'>δὲ,</span> <span class='ocrx_word' id='word_1_207' title='bbox 3250 1516 3430 1587; x_wconf 76' lang='grc' dir='ltr'>φησιν,</span> <span class='ocrx_word' id='word_1_208' title='bbox 3457 1512 3729 1584; x_wconf 67' lang='grc' dir='ltr'>ἐμφανῶς</span> 
     </span>
    </p>
   </div>
   <div class='ocr_carea' id='block_1_26' title="bbox 515 1605 2101 1696">
    <p class='ocr_par' dir='ltr' id='par_1_26' title="bbox 515 1626 2073 1696">
     <span class='ocr_line' id='line_1_28' title="bbox 515 1626 2073 1696; baseline 0.001 -19"><span class='ocrx_word' id='word_1_209' title='bbox 515 1626 620 1677; x_wconf 89' lang='lat' dir='ltr'><strong>niet</strong></span> <span class='ocrx_word' id='word_1_210' title='bbox 652 1634 699 1678; x_wconf 90' lang='lat' dir='ltr'><strong>et</strong></span> <span class='ocrx_word' id='word_1_211' title='bbox 722 1643 823 1679; x_wconf 85' lang='lat' dir='ltr'><strong>non</strong></span> <span class='ocrx_word' id='word_1_212' title='bbox 854 1626 1045 1679; x_wconf 78' lang='lat' dir='ltr'><strong>silebit.</strong></span> <span class='ocrx_word' id='word_1_213' title='bbox 1069 1626 1215 1696; x_wconf 88' lang='lat' dir='ltr'><strong>Ignis</strong></span> <span class='ocrx_word' id='word_1_214' title='bbox 1254 1633 1433 1680; x_wconf 90' lang='lat' dir='ltr'><strong>autem</strong></span> <span class='ocrx_word' id='word_1_215' title='bbox 1469 1635 1815 1696; x_wconf 59' lang='lat' dir='ltr'><strong>praeverteris,</strong></span> <span class='ocrx_word' id='word_1_216' title='bbox 1851 1643 2073 1695; x_wconf 84' lang='lat' dir='ltr'><strong>regnum</strong></span> 
     </span>
    </p>
   </div>
   <div class='ocr_carea' id='block_1_27' title="bbox 2201 1605 3730 1696">
    <p class='ocr_par' dir='ltr' id='par_1_27' title="bbox 2201 1605 3730 1685">
     <span class='ocr_line' id='line_1_29' title="bbox 2201 1605 3730 1685; baseline -0.005 -15"><span class='ocrx_word' id='word_1_217' title='bbox 2201 1618 2330 1685; x_wconf 61' lang='grc' dir='ltr'>ἥξει,</span> <span class='ocrx_word' id='word_1_218' title='bbox 2362 1616 2455 1669; x_wconf 77' lang='grc' dir='ltr'>καὶ</span> <span class='ocrx_word' id='word_1_219' title='bbox 2479 1616 2549 1667; x_wconf 84' lang='grc' dir='ltr'>οὐ</span> <span class='ocrx_word' id='word_1_220' title='bbox 2577 1609 3117 1679; x_wconf 77' lang='grc' dir='ltr'>παρασιωπήσεται.</span> <span class='ocrx_word' id='word_1_221' title='bbox 3143 1606 3528 1679; x_wconf 77' lang='grc' dir='ltr'>Προλαμΰάνον</span> <span class='ocrx_word' id='word_1_222' title='bbox 3573 1606 3628 1658; x_wconf 83' lang='grc' dir='ltr'>δὲ</span> <span class='ocrx_word' id='word_1_223' title='bbox 3666 1605 3730 1657; x_wconf 76' lang='grc' dir='ltr'><strong>τὸ</strong></span> 
     </span>
    </p>
   </div>
   <div class='ocr_carea' id='block_1_28' title="bbox 519 1696 2101 1787">
    <p class='ocr_par' dir='ltr' id='par_1_28' title="bbox 519 1717 2074 1787">
     <span class='ocr_line' id='line_1_30' title="bbox 519 1717 2074 1787; baseline -0.002 -15"><span class='ocrx_word' id='word_1_224' title='bbox 519 1717 640 1786; x_wconf 89' lang='lat' dir='ltr'><strong>ejus</strong></span> <span class='ocrx_word' id='word_1_225' title='bbox 669 1726 954 1787; x_wconf 84' lang='lat' dir='ltr'><strong>expurgat,</strong></span> <span class='ocrx_word' id='word_1_226' title='bbox 1004 1732 1244 1781; x_wconf 89' lang='lat' dir='ltr'><strong>omnem,</strong></span> <span class='ocrx_word' id='word_1_227' title='bbox 1278 1733 1396 1786; x_wconf 66' lang='lat' dir='ltr'><strong>quae</strong></span> <span class='ocrx_word' id='word_1_228' title='bbox 1435 1718 1517 1771; x_wconf 87' lang='lat' dir='ltr'><strong>uri</strong></span> <span class='ocrx_word' id='word_1_229' title='bbox 1562 1725 1755 1787; x_wconf 86' lang='lat' dir='ltr'><strong>potest,</strong></span> <span class='ocrx_word' id='word_1_230' title='bbox 1798 1718 2074 1772; x_wconf 86' lang='lat' dir='ltr'><strong>materiem</strong></span> 
     </span>
    </p>
   </div>
   <div class='ocr_carea' id='block_1_29' title="bbox 2201 1696 3732 1787">
    <p class='ocr_par' dir='ltr' id='par_1_29' title="bbox 2201 1696 3732 1779">
     <span class='ocr_line' id='line_1_31' title="bbox 2201 1696 3732 1779; baseline -0.008 -19"><span class='ocrx_word' id='word_1_231' title='bbox 2201 1708 2289 1779; x_wconf 81' lang='grc' dir='ltr'>τῦρ</span> <span class='ocrx_word' id='word_1_232' title='bbox 2319 1707 2413 1776; x_wconf 83' lang='grc' dir='ltr'>τὴν</span> <span class='ocrx_word' id='word_1_233' title='bbox 2435 1704 2597 1764; x_wconf 75' lang='grc' dir='ltr'>αὑτοῦ</span> <span class='ocrx_word' id='word_1_234' title='bbox 2630 1702 2899 1773; x_wconf 81' lang='grc' dir='ltr'>βασιλείαν</span> <span class='ocrx_word' id='word_1_235' title='bbox 2934 1700 3202 1770; x_wconf 83' lang='grc' dir='ltr'>καθαίρει,</span> <span class='ocrx_word' id='word_1_236' title='bbox 3246 1700 3421 1751; x_wconf 81' lang='grc' dir='ltr'>πᾶσαν</span> <span class='ocrx_word' id='word_1_237' title='bbox 3447 1696 3574 1767; x_wconf 81' lang='grc' dir='ltr'>ὓλην</span> <span class='ocrx_word' id='word_1_238' title='bbox 3600 1714 3732 1749; x_wconf 84' lang='grc' dir='ltr'>καυ-</span> 
     </span>
    </p>
   </div>
   <div class='ocr_carea' id='block_1_30' title="bbox 522 1808 2075 1879">
    <p class='ocr_par' dir='ltr' id='par_1_30' title="bbox 522 1808 2075 1879">
     <span class='ocr_line' id='line_1_32' title="bbox 522 1808 2075 1879; baseline 0.001 -18"><span class='ocrx_word' id='word_1_239' title='bbox 522 1811 830 1867; x_wconf 85' lang='lat' dir='ltr'><strong>absumens,</strong></span> <span class='ocrx_word' id='word_1_240' title='bbox 864 1816 920 1861; x_wconf 88' lang='lat' dir='ltr'><strong>ut</strong></span> <span class='ocrx_word' id='word_1_241' title='bbox 950 1823 1125 1877; x_wconf 88' lang='lat' dir='ltr'><strong>neque</strong></span> <span class='ocrx_word' id='word_1_242' title='bbox 1145 1808 1308 1878; x_wconf 83' lang='lat' dir='ltr'><strong>ligna,</strong></span> <span class='ocrx_word' id='word_1_243' title='bbox 1334 1820 1505 1875; x_wconf 73' lang='lat' dir='ltr'><strong>net1ue</strong></span> <span class='ocrx_word' id='word_1_244' title='bbox 1528 1809 1731 1871; x_wconf 77' lang='lat' dir='ltr'><strong>fenum,</strong></span> <span class='ocrx_word' id='word_1_245' title='bbox 1768 1825 1942 1879; x_wconf 88' lang='lat' dir='ltr'><strong>neque</strong></span> <span class='ocrx_word' id='word_1_246' title='bbox 1979 1825 2075 1879; x_wconf 86' lang='lat' dir='ltr'><strong>pa—</strong></span> 
     </span>
    </p>
   </div>
   <div class='ocr_carea' id='block_1_31' title="bbox 2185 1788 3730 1870">
    <p class='ocr_par' dir='ltr' id='par_1_31' title="bbox 2185 1788 3730 1870">
     <span class='ocr_line' id='line_1_33' title="bbox 2185 1788 3730 1870; baseline -0.009 -18"><span class='ocrx_word' id='word_1_247' title='bbox 2185 1800 2311 1870; x_wconf 78' lang='grc' dir='ltr'>στὴν</span> <span class='ocrx_word' id='word_1_248' title='bbox 2331 1796 2630 1858; x_wconf 80' lang='grc' dir='ltr'>ἀναλίσκον,</span> <span class='ocrx_word' id='word_1_249' title='bbox 2662 1794 2795 1865; x_wconf 81' lang='grc' dir='ltr'>πρὸς</span> <span class='ocrx_word' id='word_1_250' title='bbox 2823 1792 2881 1845; x_wconf 87' lang='grc' dir='ltr'><strong>τὸ</strong></span> <span class='ocrx_word' id='word_1_251' title='bbox 2910 1791 2981 1862; x_wconf 83' lang='grc' dir='ltr'>μὴ</span> <span class='ocrx_word' id='word_1_252' title='bbox 3005 1790 3154 1857; x_wconf 79' lang='grc' dir='ltr'>ξύλα,</span> <span class='ocrx_word' id='word_1_253' title='bbox 3183 1790 3259 1860; x_wconf 84' lang='grc' dir='ltr'>μὴ</span> <span class='ocrx_word' id='word_1_254' title='bbox 3282 1789 3490 1861; x_wconf 83' lang='grc' dir='ltr'><strong>χόρτον,</strong></span> <span class='ocrx_word' id='word_1_255' title='bbox 3528 1788 3603 1859; x_wconf 80' lang='grc' dir='ltr'><strong>μὴ</strong></span> <span class='ocrx_word' id='word_1_256' title='bbox 3628 1804 3730 1839; x_wconf 88' lang='grc' dir='ltr'>κα-</span> 
     </span>
    </p>
   </div>
   <div class='ocr_carea' id='block_1_32' title="bbox 524 1877 2101 1970">
    <p class='ocr_par' dir='ltr' id='par_1_32' title="bbox 524 1877 2078 1970">
     <span class='ocr_line' id='line_1_34' title="bbox 524 1877 2078 1970; baseline -0.003 -14"><span class='ocrx_word' id='word_1_257' title='bbox 524 1901 626 1965; x_wconf 88' lang='lat' dir='ltr'><strong>lea,</strong></span> <span class='ocrx_word' id='word_1_258' title='bbox 662 1908 789 1954; x_wconf 85' lang='lat' dir='ltr'><strong>ante</strong></span> <span class='ocrx_word' id='word_1_259' title='bbox 818 1906 1171 1968; x_wconf 85' lang='lat' dir='ltr'><strong>conspectum</strong></span> <span class='ocrx_word' id='word_1_260' title='bbox 1195 1877 1326 1968; x_wconf 83' lang='lat' dir='ltr'><strong>ejus</strong></span> <span class='ocrx_word' id='word_1_261' title='bbox 1352 1908 1631 1969; x_wconf 81' lang='lat' dir='ltr'><strong>appareat.</strong></span> <span class='ocrx_word' id='word_1_262' title='bbox 1657 1877 1870 1970; x_wconf 66' lang='lat' dir='ltr'><strong>Arguet</strong></span> <span class='ocrx_word' id='word_1_263' title='bbox 1902 1877 2078 1953; x_wconf 80' lang='lat' dir='ltr'><strong>autem</strong></span> 
     </span>
    </p>
   </div>
   <div class='ocr_carea' id='block_1_33' title="bbox 2201 1877 3732 1970">
    <p class='ocr_par' dir='ltr' id='par_1_33' title="bbox 2201 1877 3732 1959">
     <span class='ocr_line' id='line_1_35' title="bbox 2201 1877 3732 1959; baseline -0.01 -16"><span class='ocrx_word' id='word_1_264' title='bbox 2201 1890 2365 1959; x_wconf 56' lang='lat' dir='ltr'><strong>idtan</strong></span> <span class='ocrx_word' id='word_1_265' title='bbox 2399 1888 2503 1958; x_wconf 84' lang='grc' dir='ltr'><strong>πρὸ</strong></span> <span class='ocrx_word' id='word_1_266' title='bbox 2541 1882 2826 1957; x_wconf 82' lang='grc' dir='ltr'>προσώπου</span> <span class='ocrx_word' id='word_1_267' title='bbox 2856 1880 3016 1938; x_wconf 82' lang='grc' dir='ltr'>αὐτοῦ</span> <span class='ocrx_word' id='word_1_268' title='bbox 3048 1879 3346 1949; x_wconf 82' lang='grc' dir='ltr'>φαίνεσθαι.</span> <span class='ocrx_word' id='word_1_269' title='bbox 3409 1877 3640 1945; x_wconf 81' lang='grc' dir='ltr'>Ἐλέγξει</span> <span class='ocrx_word' id='word_1_270' title='bbox 3674 1877 3732 1929; x_wconf 79' lang='grc' dir='ltr'>δὲ</span> 
     </span>
    </p>
   </div>
   <div class='ocr_carea' id='block_1_34' title="bbox 526 1976 2078 2058">
    <p class='ocr_par' dir='ltr' id='par_1_34' title="bbox 526 1976 2078 2058">
     <span class='ocr_line' id='line_1_36' title="bbox 526 1976 2078 2058; baseline -0.003 -13"><span class='ocrx_word' id='word_1_271' title='bbox 526 1990 766 2045; x_wconf 83' lang='lat' dir='ltr'><strong>simulet</strong></span> <span class='ocrx_word' id='word_1_272' title='bbox 808 1989 1147 2058; x_wconf 89' lang='lat' dir='ltr'><strong>approbabit,</strong></span> <span class='ocrx_word' id='word_1_273' title='bbox 1183 1991 1305 2044; x_wconf 91' lang='lat' dir='ltr'><strong>aliis</strong></span> <span class='ocrx_word' id='word_1_274' title='bbox 1344 1976 1551 2051; x_wconf 85' lang='lat' dir='ltr'><strong>dicens,</strong></span> <span class='ocrx_word' id='word_1_275' title='bbox 1591 1990 1787 2051; x_wconf 67' lang='lat' dir='ltr'><strong>Venite,</strong></span> <span class='ocrx_word' id='word_1_276' title='bbox 1827 1989 2078 2044; x_wconf 77' lang='lat' dir='ltr'><strong>benedicti</strong></span> 
     </span>
    </p>
   </div>
   <div class='ocr_carea' id='block_1_35' title="bbox 526 2079 2080 2150">
    <p class='ocr_par' dir='ltr' id='par_1_35' title="bbox 526 2079 2080 2150">
     <span class='ocr_line' id='line_1_37' title="bbox 526 2079 2080 2150; baseline -0.003 -13"><span class='ocrx_word' id='word_1_277' title='bbox 526 2083 707 2137; x_wconf 82' lang='lat' dir='ltr'><strong>Patris</strong></span> <span class='ocrx_word' id='word_1_278' title='bbox 734 2082 832 2135; x_wconf 85' lang='lat' dir='ltr'><strong>mei</strong></span> <span class='ocrx_word' id='word_1_279' title='bbox 850 2081 929 2145; x_wconf 80' lang='grc'><strong>³⁸;</strong></span> <span class='ocrx_word' id='word_1_280' title='bbox 963 2081 1084 2135; x_wconf 84' lang='lat' dir='ltr'><strong>aliis</strong></span> <span class='ocrx_word' id='word_1_281' title='bbox 1126 2096 1277 2144; x_wconf 79' lang='lat' dir='ltr'><strong>vero,</strong></span> <span class='ocrx_word' id='word_1_282' title='bbox 1321 2079 1582 2133; x_wconf 82' lang='lat' dir='ltr'><strong>Discedite</strong></span> <span class='ocrx_word' id='word_1_283' title='bbox 1611 2097 1644 2132; x_wconf 89' lang='lat' dir='ltr'><strong>a</strong></span> <span class='ocrx_word' id='word_1_284' title='bbox 1672 2097 1751 2133; x_wconf 91' lang='lat' dir='ltr'><strong>me</strong></span> <span class='ocrx_word' id='word_1_285' title='bbox 1769 2080 1833 2135; x_wconf 76' lang='lat'><strong>”.</strong></span> <span class='ocrx_word' id='word_1_286' title='bbox 1862 2079 2003 2150; x_wconf 84' lang='lat' dir='ltr'><strong>Ignis</strong></span> <span class='ocrx_word' id='word_1_287' title='bbox 2027 2081 2080 2133; x_wconf 89' lang='lat' dir='ltr'><strong>in</strong></span> 
     </span>
    </p>
   </div>
   <div class='ocr_carea' id='block_1_36' title="bbox 526 2170 2081 2242">
    <p class='ocr_par' dir='ltr' id='par_1_36' title="bbox 526 2170 2081 2242">
     <span class='ocr_line' id='line_1_38' title="bbox 526 2170 2081 2242; baseline -0.007 -13"><span class='ocrx_word' id='word_1_288' title='bbox 526 2185 799 2242; x_wconf 85' lang='lat' dir='ltr'><strong>conspectu</strong></span> <span class='ocrx_word' id='word_1_289' title='bbox 822 2173 935 2239; x_wconf 83' lang='lat' dir='ltr'><strong>ejus</strong></span> <span class='ocrx_word' id='word_1_290' title='bbox 968 2171 1288 2226; x_wconf 38' lang='lat' dir='ltr'><strong>exardescet.</strong></span> <span class='ocrx_word' id='word_1_291' title='bbox 1331 2170 1529 2238; x_wconf 16' lang='lat' dir='ltr'><strong>Ignem.</strong></span> <span class='ocrx_word' id='word_1_292' title='bbox 1551 2186 1665 2224; x_wconf 76' lang='lat' dir='ltr'><strong>veni</strong></span> <span class='ocrx_word' id='word_1_293' title='bbox 1698 2178 1900 2224; x_wconf 78' lang='lat' dir='ltr'><strong>mittere</strong></span> <span class='ocrx_word' id='word_1_294' title='bbox 1930 2185 2081 2236; x_wconf 83' lang='lat' dir='ltr'><strong>super</strong></span> 
     </span>
    </p>
   </div>
   <div class='ocr_carea' id='block_1_37' title="bbox 530 2259 2078 2331">
    <p class='ocr_par' dir='ltr' id='par_1_37' title="bbox 530 2259 2078 2331">
     <span class='ocr_line' id='line_1_39' title="bbox 530 2259 2078 2331; baseline -0.003 -13"><span class='ocrx_word' id='word_1_295' title='bbox 530 2264 803 2318; x_wconf 77' lang='lat' dir='ltr'><strong>terram“.</strong></span> <span class='ocrx_word' id='word_1_296' title='bbox 847 2262 1024 2331; x_wconf 87' lang='lat' dir='ltr'><strong>Ignem</strong></span> <span class='ocrx_word' id='word_1_297' title='bbox 1062 2262 1150 2314; x_wconf 88' lang='lat' dir='ltr'><strong>hic</strong></span> <span class='ocrx_word' id='word_1_298' title='bbox 1202 2268 1361 2314; x_wconf 82' lang='lat' dir='ltr'><strong>vocat</strong></span> <span class='ocrx_word' id='word_1_299' title='bbox 1398 2261 1703 2316; x_wconf 82' lang='lat' dir='ltr'><strong>doctrinam</strong></span> <span class='ocrx_word' id='word_1_300' title='bbox 1746 2260 1837 2315; x_wconf 87' lang='lat' dir='ltr'><strong>Dei</strong></span> <span class='ocrx_word' id='word_1_301' title='bbox 1873 2259 2031 2315; x_wconf 82' lang='lat' dir='ltr'><strong>Verbi</strong></span> <span class='ocrx_word' id='word_1_302' title='bbox 2064 2277 2078 2313; x_wconf 87' lang='lat'><strong>:</strong></span> 
     </span>
    </p>
   </div>
   <div class='ocr_carea' id='block_1_38' title="bbox 528 2351 2086 2427">
    <p class='ocr_par' dir='ltr' id='par_1_38' title="bbox 528 2351 2086 2427">
     <span class='ocr_line' id='line_1_40' title="bbox 528 2351 2086 2427; baseline -0.006 -16"><span class='ocrx_word' id='word_1_303' title='bbox 528 2357 656 2427; x_wconf 86' lang='lat' dir='ltr'><strong>quia</strong></span> <span class='ocrx_word' id='word_1_304' title='bbox 692 2356 830 2425; x_wconf 83' lang='lat' dir='ltr'><strong>ignis</strong></span> <span class='ocrx_word' id='word_1_305' title='bbox 855 2354 1071 2423; x_wconf 85' lang='lat' dir='ltr'><strong>quidem</strong></span> <span class='ocrx_word' id='word_1_306' title='bbox 1105 2367 1301 2423; x_wconf 88' lang='lat' dir='ltr'><strong>pravos</strong></span> <span class='ocrx_word' id='word_1_307' title='bbox 1350 2353 1568 2407; x_wconf 86' lang='lat' dir='ltr'><strong>habitus</strong></span> <span class='ocrx_word' id='word_1_308' title='bbox 1604 2351 1896 2417; x_wconf 90' lang='lat' dir='ltr'><strong>comburit,</strong></span> <span class='ocrx_word' id='word_1_309' title='bbox 1927 2365 2086 2403; x_wconf 92' lang='lat' dir='ltr'><strong>mun-</strong></span> 
     </span>
    </p>
   </div>
   <div class='ocr_carea' id='block_1_39' title="bbox 530 2442 2086 2516">
    <p class='ocr_par' dir='ltr' id='par_1_39' title="bbox 530 2442 2086 2516">
     <span class='ocr_line' id='line_1_41' title="bbox 530 2442 2086 2516; baseline -0.009 -9"><span class='ocrx_word' id='word_1_310' title='bbox 530 2452 627 2506; x_wconf 89' lang='lat' dir='ltr'><strong>dos</strong></span> <span class='ocrx_word' id='word_1_311' title='bbox 657 2457 834 2503; x_wconf 86' lang='lat' dir='ltr'><strong>autem</strong></span> <span class='ocrx_word' id='word_1_312' title='bbox 866 2446 1077 2516; x_wconf 88' lang='lat' dir='ltr'><strong>probat.</strong></span> <span class='ocrx_word' id='word_1_313' title='bbox 1122 2444 1411 2513; x_wconf 85' lang='lat' dir='ltr'><strong>Propterea</strong></span> <span class='ocrx_word' id='word_1_314' title='bbox 1451 2446 1508 2497; x_wconf 91' lang='lat' dir='ltr'><strong>in</strong></span> <span class='ocrx_word' id='word_1_315' title='bbox 1542 2445 1767 2497; x_wconf 82' lang='lat' dir='ltr'><strong>circuitu</strong></span> <span class='ocrx_word' id='word_1_316' title='bbox 1813 2442 1924 2511; x_wconf 87' lang='lat' dir='ltr'><strong>ejus</strong></span> <span class='ocrx_word' id='word_1_317' title='bbox 1967 2451 2086 2494; x_wconf 89' lang='lat' dir='ltr'><strong>tem-</strong></span> 
     </span>
    </p>
   </div>
   <div class='ocr_carea' id='block_1_40' title="bbox 530 2531 2087 2607">
    <p class='ocr_par' dir='ltr' id='par_1_40' title="bbox 530 2531 2087 2607">
     <span class='ocr_line' id='line_1_42' title="bbox 530 2531 2087 2607; baseline -0.006 -15"><span class='ocrx_word' id='word_1_318' title='bbox 530 2549 704 2607; x_wconf 89' lang='lat' dir='ltr'><strong>pestas</strong></span> <span class='ocrx_word' id='word_1_319' title='bbox 748 2534 945 2589; x_wconf 84' lang='lat' dir='ltr'><strong>valida.</strong></span> <span class='ocrx_word' id='word_1_320' title='bbox 993 2532 1272 2603; x_wconf 87' lang='lat' dir='ltr'><strong>Quotquot</strong></span> <span class='ocrx_word' id='word_1_321' title='bbox 1305 2533 1451 2587; x_wconf 91' lang='lat' dir='ltr'><strong>enim</strong></span> <span class='ocrx_word' id='word_1_322' title='bbox 1503 2534 1681 2586; x_wconf 86' lang='lat' dir='ltr'><strong>volunt</strong></span> <span class='ocrx_word' id='word_1_323' title='bbox 1724 2534 1806 2600; x_wconf 89' lang='lat' dir='ltr'><strong>pie</strong></span> <span class='ocrx_word' id='word_1_324' title='bbox 1852 2532 2013 2585; x_wconf 84' lang='lat' dir='ltr'><strong>vivere</strong></span> <span class='ocrx_word' id='word_1_325' title='bbox 2032 2531 2087 2584; x_wconf 88' lang='lat' dir='ltr'><strong>in</strong></span> 
     </span>
    </p>
   </div>
   <div class='ocr_carea' id='block_1_41' title="bbox 532 2622 2085 2695">
    <p class='ocr_par' dir='ltr' id='par_1_41' title="bbox 532 2622 2085 2695">
     <span class='ocr_line' id='line_1_43' title="bbox 532 2622 2085 2695; baseline -0.006 -13"><span class='ocrx_word' id='word_1_326' title='bbox 532 2628 762 2688; x_wconf 85' lang='lat' dir='ltr'><strong>Christo,</strong></span> <span class='ocrx_word' id='word_1_327' title='bbox 785 2625 1187 2695; x_wconf 84' lang='lat' dir='ltr'><strong>persecutionem</strong></span> <span class='ocrx_word' id='word_1_328' title='bbox 1220 2623 1541 2691; x_wconf 74' lang='lat' dir='ltr'><strong>patientur“</strong></span> <span class='ocrx_word' id='word_1_329' title='bbox 1561 2641 1576 2685; x_wconf 86' lang='lat'><strong>;</strong></span> <span class='ocrx_word' id='word_1_330' title='bbox 1596 2622 1689 2677; x_wconf 85' lang='lat' dir='ltr'><strong>sed</strong></span> <span class='ocrx_word' id='word_1_331' title='bbox 1703 2623 1865 2677; x_wconf 84' lang='lat' dir='ltr'><strong>etiam</strong></span> <span class='ocrx_word' id='word_1_332' title='bbox 1891 2622 2085 2691; x_wconf 90' lang='lat' dir='ltr'><strong>inquit,</strong></span> 
     </span>
    </p>
   </div>
   <div class='ocr_carea' id='block_1_42' title="bbox 536 2714 1601 2776">
    <p class='ocr_par' dir='ltr' id='par_1_42' title="bbox 536 2714 1601 2776">
     <span class='ocr_line' id='line_1_44' title="bbox 536 2714 1601 2776; baseline -0.006 -1"><span class='ocrx_word' id='word_1_333' title='bbox 536 2720 944 2776; x_wconf 88' lang='lat' dir='ltr'><strong>Tribulationem</strong></span> <span class='ocrx_word' id='word_1_334' title='bbox 967 2716 1216 2768; x_wconf 84' lang='lat' dir='ltr'><strong>habebitis</strong></span> <span class='ocrx_word' id='word_1_335' title='bbox 1246 2720 1300 2768; x_wconf 89' lang='lat' dir='ltr'><strong>in</strong></span> <span class='ocrx_word' id='word_1_336' title='bbox 1332 2714 1522 2767; x_wconf 89' lang='lat' dir='ltr'><strong>mundo</strong></span> <span class='ocrx_word' id='word_1_337' title='bbox 1536 2714 1601 2769; x_wconf 69' lang='grc' dir='ltr'><strong>δ’.</strong></span> 
     </span>
    </p>
   </div>
   <div class='ocr_carea' id='block_1_43' title="bbox 606 2803 2091 2871">
    <p class='ocr_par' dir='ltr' id='par_1_43' title="bbox 606 2803 2091 2871">
     <span class='ocr_line' id='line_1_45' title="bbox 606 2803 2091 2871; baseline -0.004 -8"><span class='ocrx_word' id='word_1_338' title='bbox 606 2809 768 2864; x_wconf 69' lang='lat' dir='ltr'><strong>Vens.</strong></span> <span class='ocrx_word' id='word_1_339' title='bbox 800 2808 852 2871; x_wconf 76' lang='grc'>4,</span> <span class='ocrx_word' id='word_1_340' title='bbox 890 2808 942 2862; x_wconf 83' lang='grc'><strong>5.</strong></span> <span class='ocrx_word' id='word_1_341' title='bbox 973 2805 1258 2860; x_wconf 81' lang='lat' dir='ltr'><strong>Aduocabit</strong></span> <span class='ocrx_word' id='word_1_342' title='bbox 1281 2807 1463 2858; x_wconf 66' lang='lat' dir='ltr'><strong>caelum</strong></span> <span class='ocrx_word' id='word_1_343' title='bbox 1490 2803 1784 2865; x_wconf 87' lang='lat' dir='ltr'><strong>desursum,</strong></span> <span class='ocrx_word' id='word_1_344' title='bbox 1816 2812 1865 2858; x_wconf 89' lang='lat' dir='ltr'><strong>et</strong></span> <span class='ocrx_word' id='word_1_345' title='bbox 1896 2815 2091 2858; x_wconf 87' lang='lat' dir='ltr'><strong>terram</strong></span> 
     </span>
    </p>
   </div>
   <div class='ocr_carea' id='block_1_44' title="bbox 535 2896 2091 2969">
    <p class='ocr_par' dir='ltr' id='par_1_44' title="bbox 535 2896 2091 2969">
     <span class='ocr_line' id='line_1_46' title="bbox 535 2896 2091 2969; baseline -0.003 -13"><span class='ocrx_word' id='word_1_346' title='bbox 535 2905 830 2956; x_wconf 87' lang='lat' dir='ltr'><strong>discernere</strong></span> <span class='ocrx_word' id='word_1_347' title='bbox 862 2899 1111 2969; x_wconf 86' lang='lat' dir='ltr'><strong>populum</strong></span> <span class='ocrx_word' id='word_1_348' title='bbox 1160 2914 1334 2951; x_wconf 88' lang='lat' dir='ltr'><strong>suum.</strong></span> <span class='ocrx_word' id='word_1_349' title='bbox 1390 2896 1708 2966; x_wconf 86' lang='lat' dir='ltr'><strong>Congregate</strong></span> <span class='ocrx_word' id='word_1_350' title='bbox 1752 2896 1834 2949; x_wconf 87' lang='lat' dir='ltr'><strong>illi</strong></span> <span class='ocrx_word' id='word_1_351' title='bbox 1882 2906 2091 2951; x_wconf 85' lang='lat' dir='ltr'><strong>sanctos</strong></span> 
     </span>
    </p>
   </div>
   <div class='ocr_carea' id='block_1_45' title="bbox 535 2989 2091 3064">
    <p class='ocr_par' dir='ltr' id='par_1_45' title="bbox 535 2989 2091 3064">
     <span class='ocr_line' id='line_1_47' title="bbox 535 2989 2091 3064; baseline -0.004 -15"><span class='ocrx_word' id='word_1_352' title='bbox 535 2998 668 3064; x_wconf 85' lang='lat' dir='ltr'><strong>ejus,</strong></span> <span class='ocrx_word' id='word_1_353' title='bbox 705 2995 792 3064; x_wconf 87' lang='lat' dir='ltr'><strong>qui</strong></span> <span class='ocrx_word' id='word_1_354' title='bbox 831 2994 1079 3046; x_wconf 83' lang='lat' dir='ltr'><strong>ordinant</strong></span> <span class='ocrx_word' id='word_1_355' title='bbox 1105 2999 1470 3045; x_wconf 85' lang='lat' dir='ltr'><strong>testamentum</strong></span> <span class='ocrx_word' id='word_1_356' title='bbox 1491 2989 1603 3054; x_wconf 88' lang='lat' dir='ltr'><strong>ejus</strong></span> <span class='ocrx_word' id='word_1_357' title='bbox 1633 3004 1784 3055; x_wconf 86' lang='lat' dir='ltr'><strong>super</strong></span> <span class='ocrx_word' id='word_1_358' title='bbox 1807 2990 2091 3057; x_wconf 77' lang='lat' dir='ltr'><strong>sacriﬁcia.</strong></span> 
     </span>
    </p>
   </div>
   <div class='ocr_carea' id='block_1_46' title="bbox 536 3080 2094 3155">
    <p class='ocr_par' dir='ltr' id='par_1_46' title="bbox 536 3080 2094 3155">
     <span class='ocr_line' id='line_1_48' title="bbox 536 3080 2094 3155; baseline -0.005 -13"><span class='ocrx_word' id='word_1_359' title='bbox 536 3090 658 3142; x_wconf 90' lang='lat' dir='ltr'><strong>Alio</strong></span> <span class='ocrx_word' id='word_1_360' title='bbox 687 3087 866 3149; x_wconf 92' lang='lat' dir='ltr'><strong>modo,</strong></span> <span class='ocrx_word' id='word_1_361' title='bbox 920 3085 1119 3155; x_wconf 86' lang='lat' dir='ltr'><strong>prioris</strong></span> <span class='ocrx_word' id='word_1_362' title='bbox 1166 3084 1347 3152; x_wconf 80' lang='lat' dir='ltr'><strong>pOpuli</strong></span> <span class='ocrx_word' id='word_1_363' title='bbox 1384 3082 1658 3151; x_wconf 88' lang='lat' dir='ltr'><strong>proprium</strong></span> <span class='ocrx_word' id='word_1_364' title='bbox 1702 3080 1965 3149; x_wconf 90' lang='lat' dir='ltr'><strong>judicium</strong></span> <span class='ocrx_word' id='word_1_365' title='bbox 1998 3080 2094 3135; x_wconf 90' lang='lat' dir='ltr'><strong>de-</strong></span> 
     </span>
    </p>
   </div>
   <div class='ocr_carea' id='block_1_47' title="bbox 2177 1967 3733 2052">
    <p class='ocr_par' dir='ltr' id='par_1_47' title="bbox 2177 1967 3733 2052">
     <span class='ocr_line' id='line_1_49' title="bbox 2177 1967 3733 2052; baseline -0.01 -17"><span class='ocrx_word' id='word_1_366' title='bbox 2177 1983 2209 2052; x_wconf 82' lang='grc' dir='ltr'>ἢ</span> <span class='ocrx_word' id='word_1_367' title='bbox 2243 1979 2574 2045; x_wconf 74' lang='grc' dir='ltr'><strong>ἀποδέξεται,</strong></span> <span class='ocrx_word' id='word_1_368' title='bbox 2600 1980 2712 2039; x_wconf 86' lang='grc' dir='ltr'>τοῖς</span> <span class='ocrx_word' id='word_1_369' title='bbox 2745 1976 2841 2046; x_wconf 84' lang='grc' dir='ltr'><strong>μὲν</strong></span> <span class='ocrx_word' id='word_1_370' title='bbox 2876 1974 3045 2042; x_wconf 87' lang='grc' dir='ltr'>λέγων</span> <span class='ocrx_word' id='word_1_371' title='bbox 3070 1991 3082 2002; x_wconf 76' lang='lat'><strong><em>-</em></strong></span> <span class='ocrx_word' id='word_1_372' title='bbox 3115 1971 3308 2034; x_wconf 80' lang='grc' dir='ltr'><strong>Δεῦτε,</strong></span> <span class='ocrx_word' id='word_1_373' title='bbox 3329 1974 3381 2024; x_wconf 84' lang='grc' dir='ltr'>οἱ</span> <span class='ocrx_word' id='word_1_374' title='bbox 3413 1967 3733 2039; x_wconf 73' lang='grc' dir='ltr'>εὐλογημέ-</span> 
     </span>
    </p>
   </div>
   <div class='ocr_carea' id='block_1_48' title="bbox 2178 2059 3732 2137">
    <p class='ocr_par' dir='ltr' id='par_1_48' title="bbox 2178 2059 3732 2137">
     <span class='ocr_line' id='line_1_50' title="bbox 2178 2059 3732 2137; baseline -0.009 -11"><span class='ocrx_word' id='word_1_375' title='bbox 2178 2091 2269 2126; x_wconf 87' lang='grc' dir='ltr'><strong>νοι</strong></span> <span class='ocrx_word' id='word_1_376' title='bbox 2310 2071 2415 2125; x_wconf 86' lang='grc' dir='ltr'>τοῦ</span> <span class='ocrx_word' id='word_1_377' title='bbox 2446 2070 2671 2137; x_wconf 84' lang='grc' dir='ltr'><strong>Πατρός</strong></span> <span class='ocrx_word' id='word_1_378' title='bbox 2688 2085 2827 2137; x_wconf 84' lang='grc' dir='ltr'>μου,</span> <span class='ocrx_word' id='word_1_379' title='bbox 2858 2068 2967 2128; x_wconf 84' lang='grc' dir='ltr'>τοῖς</span> <span class='ocrx_word' id='word_1_380' title='bbox 2994 2065 3071 2127; x_wconf 82' lang='grc' dir='ltr'><strong>δὲ,</strong></span> <span class='ocrx_word' id='word_1_381' title='bbox 3092 2064 3424 2131; x_wconf 84' lang='grc' dir='ltr'><strong>Πορεύεσθε</strong></span> <span class='ocrx_word' id='word_1_382' title='bbox 3450 2061 3547 2113; x_wconf 80' lang='grc' dir='ltr'><strong>ἀπ’</strong></span> <span class='ocrx_word' id='word_1_383' title='bbox 3566 2059 3732 2128; x_wconf 74' lang='grc' dir='ltr'>ἐμοῦ.</span> 
     </span>
    </p>
   </div>
   <div class='ocr_carea' id='block_1_49' title="bbox 2180 2148 3737 2231">
    <p class='ocr_par' dir='ltr' id='par_1_49' title="bbox 2180 2148 3737 2231">
     <span class='ocr_line' id='line_1_51' title="bbox 2180 2148 3737 2231; baseline -0.009 -14"><span class='ocrx_word' id='word_1_384' title='bbox 2180 2163 2303 2231; x_wconf 73' lang='grc' dir='ltr'><strong>Πῦρ</strong></span> <span class='ocrx_word' id='word_1_385' title='bbox 2329 2162 2606 2216; x_wconf 83' lang='grc' dir='ltr'>ἐναντίον</span> <span class='ocrx_word' id='word_1_386' title='bbox 2634 2157 2817 2214; x_wconf 88' lang='grc' dir='ltr'>αὑτοῦ</span> <span class='ocrx_word' id='word_1_387' title='bbox 2849 2154 3238 2221; x_wconf 79' lang='grc' dir='ltr'><strong>καυθήσεται·</strong></span> <span class='ocrx_word' id='word_1_388' title='bbox 3278 2153 3396 2221; x_wconf 81' lang='grc' dir='ltr'>πῦρ</span> <span class='ocrx_word' id='word_1_389' title='bbox 3426 2148 3613 2221; x_wconf 75' lang='grc' dir='ltr'>ἦλθον</span> <span class='ocrx_word' id='word_1_390' title='bbox 3624 2150 3737 2215; x_wconf 77' lang='grc' dir='ltr'>,ϐαρ</span> 
     </span>
    </p>
   </div>
   <div class='ocr_carea' id='block_1_50' title="bbox 2180 2242 3736 2322">
    <p class='ocr_par' dir='ltr' id='par_1_50' title="bbox 2180 2242 3736 2322">
     <span class='ocr_line' id='line_1_52' title="bbox 2180 2242 3736 2322; baseline -0.01 -13"><span class='ocrx_word' id='word_1_391' title='bbox 2180 2255 2311 2309; x_wconf 74' lang='grc' dir='ltr'>λεῖν</span> <span class='ocrx_word' id='word_1_392' title='bbox 2333 2254 2432 2307; x_wconf 76' lang='grc' dir='ltr'><strong>ἐπὶ</strong></span> <span class='ocrx_word' id='word_1_393' title='bbox 2454 2252 2567 2321; x_wconf 80' lang='grc' dir='ltr'><strong>τὴν</strong></span> <span class='ocrx_word' id='word_1_394' title='bbox 2583 2251 2717 2321; x_wconf 76' lang='grc' dir='ltr'>γῆν.</span> <span class='ocrx_word' id='word_1_395' title='bbox 2757 2250 2873 2322; x_wconf 79' lang='grc' dir='ltr'><strong>Πῦρ</strong></span> <span class='ocrx_word' id='word_1_396' title='bbox 2913 2250 2968 2303; x_wconf 84' lang='grc' dir='ltr'>δὲ</span> <span class='ocrx_word' id='word_1_397' title='bbox 3012 2246 3243 2301; x_wconf 80' lang='grc' dir='ltr'>ἐνταῦθα</span> <span class='ocrx_word' id='word_1_398' title='bbox 3264 2244 3360 2315; x_wconf 79' lang='grc' dir='ltr'>τὴν</span> <span class='ocrx_word' id='word_1_399' title='bbox 3390 2242 3736 2296; x_wconf 82' lang='grc' dir='ltr'>διδασκαλίαν</span> 
     </span>
    </p>
   </div>
   <div class='ocr_carea' id='block_1_51' title="bbox 2182 2333 3736 2412">
    <p class='ocr_par' dir='ltr' id='par_1_51' title="bbox 2182 2333 3736 2412">
     <span class='ocr_line' id='line_1_53' title="bbox 2182 2333 3736 2412; baseline -0.011 -12"><span class='ocrx_word' id='word_1_400' title='bbox 2182 2345 2272 2400; x_wconf 85' lang='grc' dir='ltr'>τοῦ</span> <span class='ocrx_word' id='word_1_401' title='bbox 2300 2344 2432 2398; x_wconf 83' lang='grc' dir='ltr'>Θεοῦ</span> <span class='ocrx_word' id='word_1_402' title='bbox 2455 2344 2623 2412; x_wconf 85' lang='grc' dir='ltr'>Λόγου</span> <span class='ocrx_word' id='word_1_403' title='bbox 2649 2342 2815 2411; x_wconf 83' lang='grc' dir='ltr'><strong>λέγει·</strong></span> <span class='ocrx_word' id='word_1_404' title='bbox 2852 2342 2932 2393; x_wconf 84' lang='grc' dir='ltr'>ὅτι</span> <span class='ocrx_word' id='word_1_405' title='bbox 2961 2356 3065 2410; x_wconf 85' lang='grc' dir='ltr'><strong>περ</strong></span> <span class='ocrx_word' id='word_1_406' title='bbox 3086 2337 3193 2409; x_wconf 78' lang='grc' dir='ltr'>πῦρ</span> <span class='ocrx_word' id='word_1_407' title='bbox 3224 2336 3363 2389; x_wconf 89' lang='grc' dir='ltr'>καίει</span> <span class='ocrx_word' id='word_1_408' title='bbox 3397 2334 3493 2405; x_wconf 81' lang='grc' dir='ltr'><strong>μὲν</strong></span> <span class='ocrx_word' id='word_1_409' title='bbox 3517 2333 3613 2395; x_wconf 79' lang='grc' dir='ltr'><strong>τὰς</strong></span> <span class='ocrx_word' id='word_1_410' title='bbox 3639 2349 3736 2401; x_wconf 83' lang='grc' dir='ltr'>μο-</span> 
     </span>
    </p>
   </div>
   <div class='ocr_carea' id='block_1_52' title="bbox 2183 2422 3739 2507">
    <p class='ocr_par' dir='ltr' id='par_1_52' title="bbox 2183 2422 3739 2507">
     <span class='ocr_line' id='line_1_54' title="bbox 2183 2422 3739 2507; baseline -0.01 -19"><span class='ocrx_word' id='word_1_411' title='bbox 2183 2436 2385 2507; x_wconf 75' lang='grc' dir='ltr'>χθηρὰς</span> <span class='ocrx_word' id='word_1_412' title='bbox 2418 2434 2577 2498; x_wconf 70' lang='grc' dir='ltr'>ἕξεις,</span> <span class='ocrx_word' id='word_1_413' title='bbox 2612 2431 2891 2503; x_wconf 81' lang='grc' dir='ltr'>δοκιμάζει</span> <span class='ocrx_word' id='word_1_414' title='bbox 2913 2430 2969 2483; x_wconf 84' lang='grc' dir='ltr'>δὲ</span> <span class='ocrx_word' id='word_1_415' title='bbox 2993 2429 3118 2491; x_wconf 81' lang='grc' dir='ltr'>τοὺς</span> <span class='ocrx_word' id='word_1_416' title='bbox 3166 2424 3455 2497; x_wconf 79' lang='grc' dir='ltr'>καθαρούς,</span> <span class='ocrx_word' id='word_1_417' title='bbox 3504 2422 3600 2475; x_wconf 80' lang='grc' dir='ltr'><strong>Διὰ</strong></span> <span class='ocrx_word' id='word_1_418' title='bbox 3632 2422 3739 2492; x_wconf 77' lang='grc' dir='ltr'>γὰρ</span> 
     </span>
    </p>
   </div>
   <div class='ocr_carea' id='block_1_53' title="bbox 2184 2512 3740 2590">
    <p class='ocr_par' dir='ltr' id='par_1_53' title="bbox 2184 2512 3740 2590">
     <span class='ocr_line' id='line_1_55' title="bbox 2184 2512 3740 2590; baseline -0.011 -10"><span class='ocrx_word' id='word_1_419' title='bbox 2184 2526 2360 2589; x_wconf 80' lang='grc' dir='ltr'>τοῦτο,</span> <span class='ocrx_word' id='word_1_420' title='bbox 2404 2526 2603 2590; x_wconf 81' lang='grc' dir='ltr'>κύκλῳ</span> <span class='ocrx_word' id='word_1_421' title='bbox 2622 2521 2808 2576; x_wconf 84' lang='grc' dir='ltr'>αὐτοῦ</span> <span class='ocrx_word' id='word_1_422' title='bbox 2840 2519 3103 2588; x_wconf 76' lang='grc' dir='ltr'>καταιγὶς</span> <span class='ocrx_word' id='word_1_423' title='bbox 3154 2516 3385 2587; x_wconf 70' lang='grc' dir='ltr'>σφόδρα</span> <span class='ocrx_word' id='word_1_424' title='bbox 3411 2532 3423 2543; x_wconf 90' lang='grc'><strong>·</strong></span> <span class='ocrx_word' id='word_1_425' title='bbox 3460 2515 3572 2566; x_wconf 83' lang='grc' dir='ltr'>ὅσοι</span> <span class='ocrx_word' id='word_1_426' title='bbox 3632 2512 3740 2582; x_wconf 76' lang='grc' dir='ltr'><strong>γὰρ</strong></span> 
     </span>
    </p>
   </div>
   <div class='ocr_carea' id='block_1_54' title="bbox 2187 2604 3737 2680">
    <p class='ocr_par' dir='ltr' id='par_1_54' title="bbox 2187 2604 3737 2680">
     <span class='ocr_line' id='line_1_56' title="bbox 2187 2604 3737 2680; baseline -0.01 -8"><span class='ocrx_word' id='word_1_427' title='bbox 2187 2619 2429 2673; x_wconf 77' lang='grc' dir='ltr'>θέλουσι</span> <span class='ocrx_word' id='word_1_428' title='bbox 2466 2615 2725 2680; x_wconf 78' lang='grc' dir='ltr'>εὐσεϐῶς</span> <span class='ocrx_word' id='word_1_429' title='bbox 2753 2604 2942 2673; x_wconf 74' lang='grc' dir='ltr'><strong>ζῆνέν</strong></span> <span class='ocrx_word' id='word_1_430' title='bbox 2984 2608 3239 2678; x_wconf 79' lang='grc' dir='ltr'>Χριστῷ,</span> <span class='ocrx_word' id='word_1_431' title='bbox 3278 2604 3737 2675; x_wconf 77' lang='grc' dir='ltr'>διωχθήσονταιο</span> 
     </span>
    </p>
   </div>
   <div class='ocr_carea' id='block_1_55' title="bbox 2188 2698 3544 2776">
    <p class='ocr_par' dir='ltr' id='par_1_55' title="bbox 2188 2698 3544 2776">
     <span class='ocr_line' id='line_1_57' title="bbox 2188 2698 3544 2776; baseline -0.012 -11"><span class='ocrx_word' id='word_1_432' title='bbox 2188 2710 2321 2765; x_wconf 79' lang='grc' dir='ltr'>ἀλλὰ</span> <span class='ocrx_word' id='word_1_433' title='bbox 2353 2710 2445 2764; x_wconf 71' lang='grc' dir='ltr'><strong>καὶ</strong></span> <span class='ocrx_word' id='word_1_434' title='bbox 2468 2709 2693 2776; x_wconf 74' lang='grc' dir='ltr'>θλίψιν,</span> <span class='ocrx_word' id='word_1_435' title='bbox 2727 2705 2908 2774; x_wconf 76' lang='grc' dir='ltr'>φησὶν,</span> <span class='ocrx_word' id='word_1_436' title='bbox 2932 2702 3096 2767; x_wconf 79' lang='grc' dir='ltr'>ἕξετε</span> <span class='ocrx_word' id='word_1_437' title='bbox 3125 2701 3193 2753; x_wconf 83' lang='grc' dir='ltr'>ἐν</span> <span class='ocrx_word' id='word_1_438' title='bbox 3212 2698 3291 2764; x_wconf 82' lang='grc' dir='ltr'>τῷ</span> <span class='ocrx_word' id='word_1_439' title='bbox 3323 2698 3544 2765; x_wconf 85' lang='grc' dir='ltr'>κόσμῳ.</span> 
     </span>
    </p>
   </div>
   <div class='ocr_carea' id='block_1_56' title="bbox 2259 2779 3746 2868">
    <p class='ocr_par' dir='ltr' id='par_1_56' title="bbox 2259 2779 3746 2868">
     <span class='ocr_line' id='line_1_58' title="bbox 2259 2779 3746 2868; baseline -0.013 -14"><span class='ocrx_word' id='word_1_440' title='bbox 2259 2796 2740 2868; x_wconf 73' lang='grc' dir='ltr'>Προσκαλέσεται</span> <span class='ocrx_word' id='word_1_441' title='bbox 2773 2794 2879 2848; x_wconf 83' lang='grc' dir='ltr'>τὸν</span> <span class='ocrx_word' id='word_1_442' title='bbox 2910 2790 3168 2860; x_wconf 85' lang='grc' dir='ltr'>οὐρανὸν</span> <span class='ocrx_word' id='word_1_443' title='bbox 3195 2789 3335 2851; x_wconf 81' lang='grc' dir='ltr'>ἄνω,</span> <span class='ocrx_word' id='word_1_444' title='bbox 3370 2788 3465 2839; x_wconf 76' lang='grc' dir='ltr'>καὶ</span> <span class='ocrx_word' id='word_1_445' title='bbox 3496 2784 3609 2851; x_wconf 81' lang='grc' dir='ltr'><strong>τὴν</strong></span> <span class='ocrx_word' id='word_1_446' title='bbox 3633 2779 3746 2853; x_wconf 76' lang='grc' dir='ltr'>γῆν</span> 
     </span>
    </p>
   </div>
   <div class='ocr_carea' id='block_1_57' title="bbox 2190 2872 3748 2961">
    <p class='ocr_par' dir='ltr' id='par_1_57' title="bbox 2190 2872 3748 2961">
     <span class='ocr_line' id='line_1_59' title="bbox 2190 2872 3748 2961; baseline -0.015 -14"><span class='ocrx_word' id='word_1_447' title='bbox 2190 2892 2481 2961; x_wconf 80' lang='grc' dir='ltr'>διακρῖναι</span> <span class='ocrx_word' id='word_1_448' title='bbox 2501 2890 2606 2943; x_wconf 86' lang='grc' dir='ltr'>τὸν</span> <span class='ocrx_word' id='word_1_449' title='bbox 2631 2886 2786 2942; x_wconf 78' lang='grc' dir='ltr'>λαὸν</span> <span class='ocrx_word' id='word_1_450' title='bbox 2810 2882 3013 2939; x_wconf 82' lang='grc' dir='ltr'>αὐτοῦ.</span> <span class='ocrx_word' id='word_1_451' title='bbox 3036 2879 3402 2949; x_wconf 75' lang='grc' dir='ltr'>Συναγάγετε</span> <span class='ocrx_word' id='word_1_452' title='bbox 3429 2874 3586 2939; x_wconf 84' lang='grc' dir='ltr'>αὐτῷ</span> <span class='ocrx_word' id='word_1_453' title='bbox 3608 2872 3748 2938; x_wconf 84' lang='grc' dir='ltr'>τοὺς</span> 
     </span>
    </p>
   </div>
   <div class='ocr_carea' id='block_1_58' title="bbox 2193 2964 3750 3054">
    <p class='ocr_par' dir='ltr' id='par_1_58' title="bbox 2193 2964 3750 3054">
     <span class='ocr_line' id='line_1_60' title="bbox 2193 2964 3750 3054; baseline -0.015 -17"><span class='ocrx_word' id='word_1_454' title='bbox 2193 2984 2394 3054; x_wconf 77' lang='grc' dir='ltr'>ἁγίους</span> <span class='ocrx_word' id='word_1_455' title='bbox 2421 2978 2626 3043; x_wconf 89' lang='grc' dir='ltr'>αὑτοῦ,</span> <span class='ocrx_word' id='word_1_456' title='bbox 2652 2976 2792 3042; x_wconf 88' lang='grc' dir='ltr'>τοὺς</span> <span class='ocrx_word' id='word_1_457' title='bbox 2834 2970 3269 3041; x_wconf 77' lang='grc' dir='ltr'>διατιθεμένους</span> <span class='ocrx_word' id='word_1_458' title='bbox 3309 2968 3422 3033; x_wconf 78' lang='grc' dir='ltr'><strong>τὴν</strong></span> <span class='ocrx_word' id='word_1_459' title='bbox 3454 2964 3750 3030; x_wconf 77' lang='grc' dir='ltr'>Διαθήκην</span> 
     </span>
    </p>
   </div>
   <div class='ocr_carea' id='block_1_59' title="bbox 2194 3055 3750 3132">
    <p class='ocr_par' dir='ltr' id='par_1_59' title="bbox 2194 3055 3750 3132">
     <span class='ocr_line' id='line_1_61' title="bbox 2194 3055 3750 3132; baseline -0.014 -4"><span class='ocrx_word' id='word_1_460' title='bbox 2194 3074 2374 3128; x_wconf 85' lang='grc' dir='ltr'>αὑτοῦ</span> <span class='ocrx_word' id='word_1_461' title='bbox 2405 3071 2501 3123; x_wconf 80' lang='grc' dir='ltr'><strong>ἐπὶ</strong></span> <span class='ocrx_word' id='word_1_462' title='bbox 2535 3069 2789 3132; x_wconf 82' lang='grc' dir='ltr'>θυσίαις.</span> <span class='ocrx_word' id='word_1_463' title='bbox 2825 3064 3051 3127; x_wconf 79' lang='grc' dir='ltr'>Ἄλλως,</span> <span class='ocrx_word' id='word_1_464' title='bbox 3085 3060 3178 3115; x_wconf 76' lang='grc' dir='ltr'>τοῦ</span> <span class='ocrx_word' id='word_1_465' title='bbox 3206 3060 3466 3130; x_wconf 82' lang='grc' dir='ltr'>προτέρου</span> <span class='ocrx_word' id='word_1_466' title='bbox 3496 3056 3626 3109; x_wconf 79' lang='grc' dir='ltr'>λαοῦ</span> <span class='ocrx_word' id='word_1_467' title='bbox 3653 3055 3750 3125; x_wconf 62' lang='grc' dir='ltr'><strong>τὴν</strong></span> 
     </span>
    </p>
   </div>
   <div class='ocr_carea' id='block_1_60' title="bbox 540 3145 2101 3245">
    <p class='ocr_par' dir='ltr' id='par_1_60' title="bbox 540 3176 2096 3245">
     <span class='ocr_line' id='line_1_62' title="bbox 540 3176 2096 3245; baseline -0.006 -10"><span class='ocrx_word' id='word_1_468' title='bbox 540 3182 731 3245; x_wconf 87' lang='lat' dir='ltr'><strong>clarat,</strong></span> <span class='ocrx_word' id='word_1_469' title='bbox 777 3180 976 3232; x_wconf 73' lang='lat' dir='ltr'><strong>cmlum</strong></span> <span class='ocrx_word' id='word_1_470' title='bbox 1008 3179 1277 3232; x_wconf 84' lang='lat' dir='ltr'><strong>advocans</strong></span> <span class='ocrx_word' id='word_1_471' title='bbox 1312 3183 1364 3229; x_wconf 91' lang='lat' dir='ltr'><strong>et</strong></span> <span class='ocrx_word' id='word_1_472' title='bbox 1393 3183 1613 3239; x_wconf 88' lang='lat' dir='ltr'><strong>terram,</strong></span> <span class='ocrx_word' id='word_1_473' title='bbox 1668 3176 1922 3244; x_wconf 91' lang='lat' dir='ltr'><strong>quoniam</strong></span> <span class='ocrx_word' id='word_1_474' title='bbox 1974 3188 2096 3227; x_wconf 91' lang='lat' dir='ltr'><strong>cum</strong></span> 
     </span>
    </p>
   </div>
   <div class='ocr_carea' id='block_1_61' title="bbox 2201 3145 3753 3245">
    <p class='ocr_par' dir='ltr' id='par_1_61' title="bbox 2201 3145 3753 3235">
     <span class='ocr_line' id='line_1_63' title="bbox 2201 3145 3753 3235; baseline -0.014 -17"><span class='ocrx_word' id='word_1_475' title='bbox 2201 3165 2376 3235; x_wconf 86' lang='grc' dir='ltr'>κρίσιν</span> <span class='ocrx_word' id='word_1_476' title='bbox 2405 3159 2709 3224; x_wconf 79' lang='grc' dir='ltr'>ἰδιάζουσαν</span> <span class='ocrx_word' id='word_1_477' title='bbox 2734 3158 2991 3216; x_wconf 86' lang='grc' dir='ltr'>δείκνυσι,</span> <span class='ocrx_word' id='word_1_478' title='bbox 3030 3155 3120 3206; x_wconf 86' lang='grc' dir='ltr'><strong>τὸν</strong></span> <span class='ocrx_word' id='word_1_479' title='bbox 3151 3150 3375 3223; x_wconf 80' lang='grc' dir='ltr'>οὐρανὸν</span> <span class='ocrx_word' id='word_1_480' title='bbox 3418 3145 3753 3219; x_wconf 76' lang='grc' dir='ltr'>προσκαλού-</span> 
     </span>
    </p>
   </div>
   <div class='ocr_carea' id='block_1_62' title="bbox 542 3238 2101 3344">
    <p class='ocr_par' dir='ltr' id='par_1_62' title="bbox 542 3238 2099 3344">
     <span class='ocr_line' id='line_1_64' title="bbox 542 3238 2099 3344; baseline -0.007 -18"><span class='ocrx_word' id='word_1_481' title='bbox 542 3238 729 3344; x_wconf 38' lang='lat' dir='ltr'><strong>legem&#39;</strong></span> <span class='ocrx_word' id='word_1_482' title='bbox 752 3287 847 3341; x_wconf 91' lang='lat' dir='ltr'><strong>per</strong></span> <span class='ocrx_word' id='word_1_483' title='bbox 878 3270 1116 3340; x_wconf 86' lang='lat' dir='ltr'><strong>Moysem</strong></span> <span class='ocrx_word' id='word_1_484' title='bbox 1147 3268 1484 3330; x_wconf 87' lang='lat' dir='ltr'><strong>tradidisset,</strong></span> <span class='ocrx_word' id='word_1_485' title='bbox 1515 3238 1726 3322; x_wconf 79' lang='lat' dir='ltr'><strong>dicebat</strong></span> <span class='ocrx_word' id='word_1_486' title='bbox 1752 3285 1764 3320; x_wconf 88' lang='lat'><strong>:</strong></span> <span class='ocrx_word' id='word_1_487' title='bbox 1803 3264 1983 3318; x_wconf 86' lang='lat' dir='ltr'><strong>Testor</strong></span> <span class='ocrx_word' id='word_1_488' title='bbox 2013 3280 2099 3316; x_wconf 86' lang='lat' dir='ltr'><strong>vo-</strong></span> 
     </span>
    </p>
   </div>
   <div class='ocr_carea' id='block_1_63' title="bbox 2201 3238 3755 3344">
    <p class='ocr_par' dir='ltr' id='par_1_63' title="bbox 2203 3238 3755 3327">
     <span class='ocr_line' id='line_1_65' title="bbox 2203 3238 3755 3327; baseline -0.012 -19"><span class='ocrx_word' id='word_1_489' title='bbox 2203 3273 2356 3327; x_wconf 88' lang='grc' dir='ltr'>μενος</span> <span class='ocrx_word' id='word_1_490' title='bbox 2396 3253 2487 3305; x_wconf 74' lang='grc' dir='ltr'><strong>καὶ</strong></span> <span class='ocrx_word' id='word_1_491' title='bbox 2519 3252 2615 3321; x_wconf 83' lang='grc' dir='ltr'>τὴν</span> <span class='ocrx_word' id='word_1_492' title='bbox 2662 3250 2766 3319; x_wconf 78' lang='grc' dir='ltr'>γῆν</span> <span class='ocrx_word' id='word_1_493' title='bbox 2785 3266 2799 3279; x_wconf 91' lang='grc'><strong>·</strong></span> <span class='ocrx_word' id='word_1_494' title='bbox 2837 3247 3021 3318; x_wconf 76' lang='grc' dir='ltr'>ἐπειδὴ</span> <span class='ocrx_word' id='word_1_495' title='bbox 3051 3246 3143 3298; x_wconf 87' lang='grc' dir='ltr'><strong>τὸν</strong></span> <span class='ocrx_word' id='word_1_496' title='bbox 3166 3244 3327 3313; x_wconf 88' lang='grc' dir='ltr'>νόμον</span> <span class='ocrx_word' id='word_1_497' title='bbox 3358 3242 3445 3294; x_wconf 73' lang='grc' dir='ltr'>διὰ</span> <span class='ocrx_word' id='word_1_498' title='bbox 3481 3238 3755 3300; x_wconf 78' lang='grc' dir='ltr'>Μωῦσέως</span> 
     </span>
    </p>
   </div>
   <div class='ocr_carea' id='block_1_64' title="bbox 546 3358 2099 3424">
    <p class='ocr_par' dir='ltr' id='par_1_64' title="bbox 546 3358 2099 3424">
     <span class='ocr_line' id='line_1_66' title="bbox 546 3358 2099 3424; baseline -0.006 -7"><span class='ocrx_word' id='word_1_499' title='bbox 546 3365 622 3417; x_wconf 88' lang='lat' dir='ltr'><strong>bis</strong></span> <span class='ocrx_word' id='word_1_500' title='bbox 652 3363 804 3416; x_wconf 86' lang='lat' dir='ltr'><strong>hodie</strong></span> <span class='ocrx_word' id='word_1_501' title='bbox 830 3361 1013 3416; x_wconf 75' lang='lat' dir='ltr'><strong>caelum</strong></span> <span class='ocrx_word' id='word_1_502' title='bbox 1053 3369 1101 3414; x_wconf 88' lang='lat' dir='ltr'><strong>et</strong></span> <span class='ocrx_word' id='word_1_503' title='bbox 1131 3370 1322 3413; x_wconf 86' lang='lat' dir='ltr'><strong>terram</strong></span> <span class='ocrx_word' id='word_1_504' title='bbox 1347 3359 1411 3413; x_wconf 64' lang='grc'><strong>⁸³.</strong></span> <span class='ocrx_word' id='word_1_505' title='bbox 1446 3358 1522 3413; x_wconf 79' lang='lat' dir='ltr'><strong>Ac</strong></span> <span class='ocrx_word' id='word_1_506' title='bbox 1551 3374 1769 3413; x_wconf 91' lang='lat' dir='ltr'><strong>rursum</strong></span> <span class='ocrx_word' id='word_1_507' title='bbox 1808 3358 1861 3410; x_wconf 91' lang='lat' dir='ltr'><strong>in</strong></span> <span class='ocrx_word' id='word_1_508' title='bbox 1906 3369 2099 3424; x_wconf 85' lang='lat' dir='ltr'><strong>magno</strong></span> 
     </span>
    </p>
   </div>
   <div class='ocr_carea' id='block_1_65' title="bbox 545 3446 2101 3519">
    <p class='ocr_par' dir='ltr' id='par_1_65' title="bbox 545 3446 2101 3519">
     <span class='ocr_line' id='line_1_67' title="bbox 545 3446 2101 3519; baseline -0.006 -12"><span class='ocrx_word' id='word_1_509' title='bbox 545 3454 760 3508; x_wconf 84' lang='lat' dir='ltr'><strong>cantico</strong></span> <span class='ocrx_word' id='word_1_510' title='bbox 790 3472 803 3507; x_wconf 88' lang='lat'><strong>:</strong></span> <span class='ocrx_word' id='word_1_511' title='bbox 834 3452 1076 3512; x_wconf 80' lang='lat' dir='ltr'><strong>Attende,</strong></span> <span class='ocrx_word' id='word_1_512' title='bbox 1109 3450 1316 3511; x_wconf 81' lang='lat' dir='ltr'><strong>ccelum,</strong></span> <span class='ocrx_word' id='word_1_513' title='bbox 1346 3459 1394 3503; x_wconf 90' lang='lat' dir='ltr'><strong>et</strong></span> <span class='ocrx_word' id='word_1_514' title='bbox 1426 3450 1609 3519; x_wconf 85' lang='lat' dir='ltr'><strong>loquar</strong></span> <span class='ocrx_word' id='word_1_515' title='bbox 1633 3465 1649 3508; x_wconf 72' lang='grc' dir='ltr'><em>ς</em></span> <span class='ocrx_word' id='word_1_516' title='bbox 1675 3458 1722 3500; x_wconf 86' lang='lat' dir='ltr'><strong>et</strong></span> <span class='ocrx_word' id='word_1_517' title='bbox 1757 3446 1939 3499; x_wconf 86' lang='lat' dir='ltr'><strong>audiat</strong></span> <span class='ocrx_word' id='word_1_518' title='bbox 1963 3454 2101 3497; x_wconf 88' lang='lat' dir='ltr'><strong>terra</strong></span> 
     </span>
    </p>
   </div>
   <div class='ocr_carea' id='block_1_66' title="bbox 547 3537 2099 3609">
    <p class='ocr_par' dir='ltr' id='par_1_66' title="bbox 547 3537 2099 3609">
     <span class='ocr_line' id='line_1_68' title="bbox 547 3537 2099 3609; baseline -0.008 -9"><span class='ocrx_word' id='word_1_519' title='bbox 547 3546 701 3600; x_wconf 79' lang='lat' dir='ltr'><strong>verba</strong></span> <span class='ocrx_word' id='word_1_520' title='bbox 734 3560 797 3600; x_wconf 77' lang='lat' dir='ltr'><strong>ea:</strong></span> <span class='ocrx_word' id='word_1_521' title='bbox 827 3561 915 3599; x_wconf 84' lang='lat' dir='ltr'><strong>ore</strong></span> <span class='ocrx_word' id='word_1_522' title='bbox 941 3561 1052 3609; x_wconf 82' lang='lat' dir='ltr'><strong>meo</strong></span> <span class='ocrx_word' id='word_1_523' title='bbox 1073 3543 1138 3596; x_wconf 75' lang='lat'><strong>“.</strong></span> <span class='ocrx_word' id='word_1_524' title='bbox 1176 3542 1538 3608; x_wconf 83' lang='lat' dir='ltr'><strong>Quamobrem</strong></span> <span class='ocrx_word' id='word_1_525' title='bbox 1577 3542 1649 3593; x_wconf 88' lang='lat' dir='ltr'><strong>ait</strong></span> <span class='ocrx_word' id='word_1_526' title='bbox 1690 3538 1897 3593; x_wconf 88' lang='lat' dir='ltr'><strong>Isaias:</strong></span> <span class='ocrx_word' id='word_1_527' title='bbox 1940 3537 2099 3599; x_wconf 84' lang='lat' dir='ltr'><strong>Audi,</strong></span> 
     </span>
    </p>
   </div>
   <div class='ocr_carea' id='block_1_67' title="bbox 549 3629 2101 3701">
    <p class='ocr_par' dir='ltr' id='par_1_67' title="bbox 549 3629 2101 3701">
     <span class='ocr_line' id='line_1_69' title="bbox 549 3629 2101 3701; baseline -0.006 -13"><span class='ocrx_word' id='word_1_528' title='bbox 549 3636 814 3696; x_wconf 59' lang='lat' dir='ltr'><strong>eiciunt,“</strong></span> <span class='ocrx_word' id='word_1_529' title='bbox 840 3633 1053 3687; x_wconf 88' lang='lat' dir='ltr'><strong>auribus</strong></span> <span class='ocrx_word' id='word_1_530' title='bbox 1075 3633 1463 3701; x_wconf 82' lang='lat' dir='ltr'><strong>percipe,terra,</strong></span> <span class='ocrx_word' id='word_1_531' title='bbox 1488 3631 1741 3683; x_wconf 88' lang='lat' dir='ltr'><strong>Dominus</strong></span> <span class='ocrx_word' id='word_1_532' title='bbox 1768 3629 1966 3682; x_wconf 87' lang='lat' dir='ltr'><strong>locutus</strong></span> <span class='ocrx_word' id='word_1_533' title='bbox 1988 3636 2101 3680; x_wconf 88' lang='lat' dir='ltr'><strong>est:</strong></span> 
     </span>
    </p>
   </div>
   <div class='ocr_carea' id='block_1_68' title="bbox 550 3712 2101 3798">
    <p class='ocr_par' dir='ltr' id='par_1_68' title="bbox 550 3712 2101 3798">
     <span class='ocr_line' id='line_1_70' title="bbox 550 3712 2101 3798; baseline -0.004 -19"><span class='ocrx_word' id='word_1_534' title='bbox 550 3725 721 3781; x_wconf 63' lang='lat' dir='ltr'><strong>Filios</strong></span> <span class='ocrx_word' id='word_1_535' title='bbox 751 3726 903 3798; x_wconf 86' lang='lat' dir='ltr'><strong>genui</strong></span> <span class='ocrx_word' id='word_1_536' title='bbox 924 3735 972 3780; x_wconf 89' lang='lat' dir='ltr'><strong>et</strong></span> <span class='ocrx_word' id='word_1_537' title='bbox 1003 3712 1250 3788; x_wconf 74' lang='lat' dir='ltr'><strong>exultavi,</strong></span> <span class='ocrx_word' id='word_1_538' title='bbox 1288 3725 1387 3792; x_wconf 89' lang='lat' dir='ltr'><strong>ipsi</strong></span> <span class='ocrx_word' id='word_1_539' title='bbox 1426 3732 1599 3775; x_wconf 90' lang='lat' dir='ltr'><strong>autem</strong></span> <span class='ocrx_word' id='word_1_540' title='bbox 1616 3728 1911 3788; x_wconf 86' lang='lat' dir='ltr'><strong>spreverunt</strong></span> <span class='ocrx_word' id='word_1_541' title='bbox 1942 3719 2101 3773; x_wconf 73' lang='lat' dir='ltr'><strong>me“.</strong></span> 
     </span>
    </p>
   </div>
   <div class='ocr_carea' id='block_1_69' title="bbox 551 3813 2103 3886">
    <p class='ocr_par' dir='ltr' id='par_1_69' title="bbox 551 3813 2103 3886">
     <span class='ocr_line' id='line_1_71' title="bbox 551 3813 2103 3886; baseline -0.005 -15"><span class='ocrx_word' id='word_1_542' title='bbox 551 3816 705 3871; x_wconf 82' lang='lat' dir='ltr'><strong>Nunc</strong></span> <span class='ocrx_word' id='word_1_543' title='bbox 737 3832 953 3886; x_wconf 91' lang='lat' dir='ltr'><strong>quoque</strong></span> <span class='ocrx_word' id='word_1_544' title='bbox 990 3816 1207 3871; x_wconf 89' lang='lat' dir='ltr'><strong>eosdem</strong></span> <span class='ocrx_word' id='word_1_545' title='bbox 1261 3813 1508 3869; x_wconf 78' lang='lat' dir='ltr'><strong>evocabit</strong></span> <span class='ocrx_word' id='word_1_546' title='bbox 1540 3819 1707 3866; x_wconf 87' lang='lat' dir='ltr'><strong>testes</strong></span> <span class='ocrx_word' id='word_1_547' title='bbox 1737 3828 1751 3879; x_wconf 92' lang='lat'><strong>;</strong></span> <span class='ocrx_word' id='word_1_548' title='bbox 1807 3825 1871 3864; x_wconf 90' lang='lat' dir='ltr'><strong>ac</strong></span> <span class='ocrx_word' id='word_1_549' title='bbox 1914 3825 2103 3879; x_wconf 86' lang='lat' dir='ltr'><strong>quem-</strong></span> 
     </span>
    </p>
   </div>
   <div class='ocr_carea' id='block_1_70' title="bbox 552 3901 2110 3975">
    <p class='ocr_par' dir='ltr' id='par_1_70' title="bbox 552 3901 2110 3975">
     <span class='ocr_line' id='line_1_72' title="bbox 552 3901 2110 3975; baseline -0.006 -11"><span class='ocrx_word' id='word_1_550' title='bbox 552 3908 842 3964; x_wconf 89' lang='lat' dir='ltr'><strong>admodum</strong></span> <span class='ocrx_word' id='word_1_551' title='bbox 866 3907 1122 3963; x_wconf 76' lang='lat' dir='ltr'><strong>Servator</strong></span> <span class='ocrx_word' id='word_1_552' title='bbox 1144 3908 1197 3960; x_wconf 91' lang='lat' dir='ltr'><strong>in</strong></span> <span class='ocrx_word' id='word_1_553' title='bbox 1229 3904 1539 3975; x_wconf 83' lang='lat' dir='ltr'><strong>Evangeliis</strong></span> <span class='ocrx_word' id='word_1_554' title='bbox 1560 3903 1701 3957; x_wconf 84' lang='lat' dir='ltr'><strong>ovile</strong></span> <span class='ocrx_word' id='word_1_555' title='bbox 1723 3916 1879 3957; x_wconf 90' lang='lat' dir='ltr'><strong>suum</strong></span> <span class='ocrx_word' id='word_1_556' title='bbox 1910 3901 2110 3955; x_wconf 84' lang='lat' dir='ltr'><strong>discer-</strong></span> 
     </span>
    </p>
   </div>
   <div class='ocr_carea' id='block_1_71' title="bbox 552 3998 2110 4070">
    <p class='ocr_par' dir='ltr' id='par_1_71' title="bbox 552 3998 2110 4070">
     <span class='ocr_line' id='line_1_73' title="bbox 552 3998 2110 4070; baseline -0.006 -12"><span class='ocrx_word' id='word_1_557' title='bbox 552 4005 656 4062; x_wconf 89' lang='lat' dir='ltr'><strong>nit.</strong></span> <span class='ocrx_word' id='word_1_558' title='bbox 713 4003 921 4059; x_wconf 88' lang='lat' dir='ltr'><strong>scilicet</strong></span> <span class='ocrx_word' id='word_1_559' title='bbox 973 4017 1069 4056; x_wconf 88' lang='lat' dir='ltr'><strong>eos</strong></span> <span class='ocrx_word' id='word_1_560' title='bbox 1100 4005 1193 4070; x_wconf 86' lang='lat' dir='ltr'><strong>qui</strong></span> <span class='ocrx_word' id='word_1_561' title='bbox 1224 3998 1480 4055; x_wconf 70' lang='lat' dir='ltr'><strong>Ecclesia:</strong></span> <span class='ocrx_word' id='word_1_562' title='bbox 1529 4004 1678 4058; x_wconf 92' lang='lat' dir='ltr'><strong>sunt,</strong></span> <span class='ocrx_word' id='word_1_563' title='bbox 1707 4010 1834 4050; x_wconf 83' lang='lat' dir='ltr'><strong>oves</strong></span> <span class='ocrx_word' id='word_1_564' title='bbox 1867 4002 2110 4050; x_wconf 90' lang='lat' dir='ltr'><strong>statuens</strong></span> 
     </span>
    </p>
   </div>
   <div class='ocr_carea' id='block_1_72' title="bbox 555 4085 2111 4159">
    <p class='ocr_par' dir='ltr' id='par_1_72' title="bbox 555 4085 2111 4159">
     <span class='ocr_line' id='line_1_74' title="bbox 555 4085 2111 4159; baseline -0.007 -9"><span class='ocrx_word' id='word_1_565' title='bbox 555 4113 584 4150; x_wconf 89' lang='lat' dir='ltr'><strong>a</strong></span> <span class='ocrx_word' id='word_1_566' title='bbox 612 4096 841 4159; x_wconf 83' lang='lat' dir='ltr'><strong>dextris,</strong></span> <span class='ocrx_word' id='word_1_567' title='bbox 899 4095 1082 4150; x_wconf 70' lang='lat' dir='ltr'><strong>haedos</strong></span> <span class='ocrx_word' id='word_1_568' title='bbox 1119 4102 1298 4147; x_wconf 91' lang='lat' dir='ltr'><strong>autem</strong></span> <span class='ocrx_word' id='word_1_569' title='bbox 1330 4106 1360 4144; x_wconf 91' lang='lat' dir='ltr'><strong>a</strong></span> <span class='ocrx_word' id='word_1_570' title='bbox 1419 4089 1698 4154; x_wconf 88' lang='lat' dir='ltr'><strong>sinistris;</strong></span> <span class='ocrx_word' id='word_1_571' title='bbox 1728 4087 1914 4142; x_wconf 92' lang='lat' dir='ltr'><strong>eodem</strong></span> <span class='ocrx_word' id='word_1_572' title='bbox 1950 4085 2111 4140; x_wconf 93' lang='lat' dir='ltr'><strong>modo</strong></span> 
     </span>
    </p>
   </div>
   <div class='ocr_carea' id='block_1_73' title="bbox 555 4176 2112 4259">
    <p class='ocr_par' dir='ltr' id='par_1_73' title="bbox 555 4176 2112 4259">
     <span class='ocr_line' id='line_1_75' title="bbox 555 4176 2112 4259; baseline -0.006 -17"><span class='ocrx_word' id='word_1_573' title='bbox 555 4189 671 4259; x_wconf 88' lang='lat' dir='ltr'><strong>ipse</strong></span> <span class='ocrx_word' id='word_1_574' title='bbox 720 4188 982 4243; x_wconf 91' lang='lat' dir='ltr'><strong>Dominus</strong></span> <span class='ocrx_word' id='word_1_575' title='bbox 1028 4188 1140 4255; x_wconf 88' lang='lat' dir='ltr'><strong>jam</strong></span> <span class='ocrx_word' id='word_1_576' title='bbox 1192 4183 1455 4239; x_wconf 89' lang='lat' dir='ltr'><strong>discernit</strong></span> <span class='ocrx_word' id='word_1_577' title='bbox 1486 4181 1758 4252; x_wconf 87' lang='lat' dir='ltr'><strong>&#39;populum</strong></span> <span class='ocrx_word' id='word_1_578' title='bbox 1792 4195 1969 4234; x_wconf 89' lang='lat' dir='ltr'><strong>suum.</strong></span> <span class='ocrx_word' id='word_1_579' title='bbox 2006 4176 2112 4232; x_wconf 87' lang='lat' dir='ltr'><strong>He-</strong></span> 
     </span>
    </p>
   </div>
   <div class='ocr_carea' id='block_1_74' title="bbox 554 4271 2113 4350">
    <p class='ocr_par' dir='ltr' id='par_1_74' title="bbox 554 4271 2113 4350">
     <span class='ocr_line' id='line_1_76' title="bbox 554 4271 2113 4350; baseline -0.008 -15"><span class='ocrx_word' id='word_1_580' title='bbox 554 4282 799 4336; x_wconf 86' lang='lat' dir='ltr'><strong>braicum</strong></span> <span class='ocrx_word' id='word_1_581' title='bbox 832 4280 1107 4350; x_wconf 82' lang='lat' dir='ltr'><strong>exemplar</strong></span> <span class='ocrx_word' id='word_1_582' title='bbox 1146 4284 1199 4333; x_wconf 85' lang='lat' dir='ltr'><strong>et</strong></span> <span class='ocrx_word' id='word_1_583' title='bbox 1227 4275 1455 4345; x_wconf 87' lang='lat' dir='ltr'><strong>reliqui,</strong></span> <span class='ocrx_word' id='word_1_584' title='bbox 1486 4282 1796 4345; x_wconf 87' lang='lat' dir='ltr'><strong>congregate</strong></span> <span class='ocrx_word' id='word_1_585' title='bbox 1842 4271 1989 4337; x_wconf 84' lang='lat' dir='ltr'><strong>mihi,</strong></span> <span class='ocrx_word' id='word_1_586' title='bbox 2028 4271 2113 4323; x_wconf 87' lang='lat' dir='ltr'><strong>in-</strong></span> 
     </span>
    </p>
   </div>
   <div class='ocr_carea' id='block_1_75' title="bbox 565 4361 2113 4443">
    <p class='ocr_par' dir='ltr' id='par_1_75' title="bbox 565 4361 2113 4443">
     <span class='ocr_line' id='line_1_77' title="bbox 565 4361 2113 4443; baseline -0.008 -17"><span class='ocrx_word' id='word_1_587' title='bbox 565 4375 768 4443; x_wconf 53' lang='lat' dir='ltr'><strong>quiunt.</strong></span> <span class='ocrx_word' id='word_1_588' title='bbox 806 4372 959 4427; x_wconf 92' lang='lat' dir='ltr'><strong>Sicut</strong></span> <span class='ocrx_word' id='word_1_589' title='bbox 1009 4371 1151 4425; x_wconf 90' lang='lat' dir='ltr'><strong>enim</strong></span> <span class='ocrx_word' id='word_1_590' title='bbox 1202 4370 1257 4422; x_wconf 90' lang='lat' dir='ltr'><strong>in</strong></span> <span class='ocrx_word' id='word_1_591' title='bbox 1305 4367 1597 4436; x_wconf 82' lang='lat' dir='ltr'><strong>Evangelio</strong></span> <span class='ocrx_word' id='word_1_592' title='bbox 1646 4366 1849 4420; x_wconf 91' lang='lat' dir='ltr'><strong>dictum</strong></span> <span class='ocrx_word' id='word_1_593' title='bbox 1880 4372 1963 4418; x_wconf 84' lang='lat' dir='ltr'><strong>est</strong></span> <span class='ocrx_word' id='word_1_594' title='bbox 1994 4383 2007 4417; x_wconf 88' lang='lat'><strong>:</strong></span> <span class='ocrx_word' id='word_1_595' title='bbox 2044 4361 2113 4415; x_wconf 87' lang='lat' dir='ltr'><strong>Et</strong></span> 
     </span>
    </p>
   </div>
   <div class='ocr_carea' id='block_1_76' title="bbox 557 4455 2110 4535">
    <p class='ocr_par' dir='ltr' id='par_1_76' title="bbox 557 4455 2110 4535">
     <span class='ocr_line' id='line_1_78' title="bbox 557 4455 2110 4535; baseline -0.007 -16"><span class='ocrx_word' id='word_1_596' title='bbox 557 4467 729 4521; x_wconf 85' lang='lat' dir='ltr'><strong>mittet</strong></span> <span class='ocrx_word' id='word_1_597' title='bbox 758 4464 968 4535; x_wconf 86' lang='lat' dir='ltr'><strong>angelos</strong></span> <span class='ocrx_word' id='word_1_598' title='bbox 995 4478 1137 4526; x_wconf 89' lang='lat' dir='ltr'><strong>suos,</strong></span> <span class='ocrx_word' id='word_1_599' title='bbox 1168 4470 1215 4513; x_wconf 90' lang='lat' dir='ltr'><strong>et</strong></span> <span class='ocrx_word' id='word_1_600' title='bbox 1237 4458 1619 4529; x_wconf 88' lang='lat' dir='ltr'><strong>congregabunt</strong></span> <span class='ocrx_word' id='word_1_601' title='bbox 1646 4474 1820 4511; x_wconf 87' lang='lat' dir='ltr'><strong>omnes</strong></span> <span class='ocrx_word' id='word_1_602' title='bbox 1843 4464 2015 4527; x_wconf 88' lang='lat' dir='ltr'><strong>gentes</strong></span> <span class='ocrx_word' id='word_1_603' title='bbox 2042 4455 2110 4519; x_wconf 72' lang='lat'><strong>“;</strong></span> 
     </span>
    </p>
   </div>
   <div class='ocr_carea' id='block_1_77' title="bbox 558 4548 2192 4628">
    <p class='ocr_par' dir='ltr' id='par_1_77' title="bbox 558 4548 2192 4628">
     <span class='ocr_line' id='line_1_79' title="bbox 558 4548 2192 4628; baseline -0.007 -15"><span class='ocrx_word' id='word_1_604' title='bbox 558 4560 633 4613; x_wconf 91' lang='lat' dir='ltr'><strong>ita</strong></span> <span class='ocrx_word' id='word_1_605' title='bbox 687 4564 740 4613; x_wconf 89' lang='lat' dir='ltr'><strong>et</strong></span> <span class='ocrx_word' id='word_1_606' title='bbox 767 4570 914 4611; x_wconf 89' lang='lat' dir='ltr'><strong>nunc</strong></span> <span class='ocrx_word' id='word_1_607' title='bbox 950 4552 1141 4607; x_wconf 87' lang='lat' dir='ltr'><strong>iisdem</strong></span> <span class='ocrx_word' id='word_1_608' title='bbox 1192 4550 1453 4621; x_wconf 69' lang='lat' dir='ltr'><strong>praecipit.</strong></span> <span class='ocrx_word' id='word_1_609' title='bbox 1502 4548 1628 4603; x_wconf 83' lang='lat' dir='ltr'><strong>Vult</strong></span> <span class='ocrx_word' id='word_1_610' title='bbox 1676 4555 1855 4601; x_wconf 90' lang='lat' dir='ltr'><strong>autem</strong></span> <span class='ocrx_word' id='word_1_611' title='bbox 1894 4554 2112 4602; x_wconf 90' lang='lat' dir='ltr'><strong>sanctos</strong></span> <span class='ocrx_word' id='word_1_612' title='bbox 2148 4575 2192 4628; x_wconf 69' lang='grc' dir='ltr'><strong>Β</strong></span> 
     </span>
    </p>
   </div>
   <div class='ocr_carea' id='block_1_78' title="bbox 2202 3327 3757 3416">
    <p class='ocr_par' dir='ltr' id='par_1_78' title="bbox 2202 3327 3757 3416">
     <span class='ocr_line' id='line_1_80' title="bbox 2202 3327 3757 3416; baseline -0.012 -18"><span class='ocrx_word' id='word_1_613' title='bbox 2202 3344 2523 3416; x_wconf 79' lang='grc' dir='ltr'>παραδιδοὺς</span> <span class='ocrx_word' id='word_1_614' title='bbox 2557 3341 2707 3409; x_wconf 74' lang='grc' dir='ltr'>ἔλεγε</span> <span class='ocrx_word' id='word_1_615' title='bbox 2728 3356 2741 3369; x_wconf 85' lang='grc'><strong>·</strong></span> <span class='ocrx_word' id='word_1_616' title='bbox 2772 3338 3144 3406; x_wconf 74' lang='grc' dir='ltr'>Μαρτυρομαι</span> <span class='ocrx_word' id='word_1_617' title='bbox 3166 3332 3307 3402; x_wconf 83' lang='grc' dir='ltr'>ὑμῖν</span> <span class='ocrx_word' id='word_1_618' title='bbox 3343 3329 3609 3400; x_wconf 78' lang='grc' dir='ltr'>σήμερον</span> <span class='ocrx_word' id='word_1_619' title='bbox 3652 3327 3757 3381; x_wconf 80' lang='grc' dir='ltr'><strong>τόν</strong></span> 
     </span>
    </p>
   </div>
   <div class='ocr_carea' id='block_1_79' title="bbox 2202 3422 3755 3507">
    <p class='ocr_par' dir='ltr' id='par_1_79' title="bbox 2202 3422 3755 3507">
     <span class='ocr_line' id='line_1_81' title="bbox 2202 3422 3755 3507; baseline -0.012 -12"><span class='ocrx_word' id='word_1_620' title='bbox 2202 3460 2264 3495; x_wconf 87' lang='grc' dir='ltr'><strong>τε</strong></span> <span class='ocrx_word' id='word_1_621' title='bbox 2295 3438 2552 3507; x_wconf 85' lang='grc' dir='ltr'>οὐρανὸν</span> <span class='ocrx_word' id='word_1_622' title='bbox 2568 3438 2663 3489; x_wconf 78' lang='grc' dir='ltr'>καὶ</span> <span class='ocrx_word' id='word_1_623' title='bbox 2693 3435 2806 3503; x_wconf 77' lang='grc' dir='ltr'>τὴν</span> <span class='ocrx_word' id='word_1_624' title='bbox 2832 3434 2947 3505; x_wconf 69' lang='grc' dir='ltr'>γῆν</span> <span class='ocrx_word' id='word_1_625' title='bbox 2965 3450 2978 3463; x_wconf 89' lang='grc'><strong>·</strong></span> <span class='ocrx_word' id='word_1_626' title='bbox 3009 3432 3102 3485; x_wconf 75' lang='grc' dir='ltr'>καὶ</span> <span class='ocrx_word' id='word_1_627' title='bbox 3131 3430 3288 3483; x_wconf 84' lang='grc' dir='ltr'>πάλιν</span> <span class='ocrx_word' id='word_1_628' title='bbox 3315 3430 3371 3481; x_wconf 82' lang='grc' dir='ltr'>ὲν</span> <span class='ocrx_word' id='word_1_629' title='bbox 3398 3424 3603 3497; x_wconf 76' lang='grc' dir='ltr'>μεγάλῃ</span> <span class='ocrx_word' id='word_1_630' title='bbox 3626 3422 3755 3494; x_wconf 72' lang='grc' dir='ltr'>ᾠδῇ*</span> 
     </span>
    </p>
   </div>
   <div class='ocr_carea' id='block_1_80' title="bbox 2202 3512 3758 3602">
    <p class='ocr_par' dir='ltr' id='par_1_80' title="bbox 2202 3512 3758 3602">
     <span class='ocr_line' id='line_1_82' title="bbox 2202 3512 3758 3602; baseline -0.014 -14"><span class='ocrx_word' id='word_1_631' title='bbox 2202 3534 2487 3602; x_wconf 83' lang='grc' dir='ltr'>Πρόσεχε,</span> <span class='ocrx_word' id='word_1_632' title='bbox 2517 3528 2751 3597; x_wconf 84' lang='grc' dir='ltr'>οὐρανὲ,</span> <span class='ocrx_word' id='word_1_633' title='bbox 2781 3526 2877 3580; x_wconf 75' lang='grc' dir='ltr'>καὶ</span> <span class='ocrx_word' id='word_1_634' title='bbox 2918 3523 3199 3589; x_wconf 78' lang='grc' dir='ltr'>λαλήσω’</span> <span class='ocrx_word' id='word_1_635' title='bbox 3236 3520 3332 3573; x_wconf 80' lang='grc' dir='ltr'>καὶ</span> <span class='ocrx_word' id='word_1_636' title='bbox 3372 3516 3632 3572; x_wconf 79' lang='grc' dir='ltr'>ἀκουέτω</span> <span class='ocrx_word' id='word_1_637' title='bbox 3682 3512 3758 3583; x_wconf 76' lang='grc' dir='ltr'><em>τῆ</em></span> 
     </span>
    </p>
   </div>
   <div class='ocr_carea' id='block_1_81' title="bbox 2197 3609 3759 3694">
    <p class='ocr_par' dir='ltr' id='par_1_81' title="bbox 2197 3609 3759 3694">
     <span class='ocr_line' id='line_1_83' title="bbox 2197 3609 3759 3694; baseline -0.013 -17"><span class='ocrx_word' id='word_1_638' title='bbox 2197 3624 2433 3694; x_wconf 78' lang='grc' dir='ltr'>ῥήματα</span> <span class='ocrx_word' id='word_1_639' title='bbox 2459 3622 2527 3675; x_wconf 84' lang='grc' dir='ltr'>ἐκ</span> <span class='ocrx_word' id='word_1_640' title='bbox 2550 3620 2842 3688; x_wconf 81' lang='grc' dir='ltr'>στόματός</span> <span class='ocrx_word' id='word_1_641' title='bbox 2867 3633 3005 3686; x_wconf 81' lang='grc' dir='ltr'>μου.</span> <span class='ocrx_word' id='word_1_642' title='bbox 3031 3614 3122 3667; x_wconf 82' lang='grc' dir='ltr'><strong>Διὸ</strong></span> <span class='ocrx_word' id='word_1_643' title='bbox 3137 3614 3229 3665; x_wconf 74' lang='grc' dir='ltr'><strong>καὶ</strong></span> <span class='ocrx_word' id='word_1_644' title='bbox 3256 3611 3505 3672; x_wconf 76' lang='grc' dir='ltr'>Ἡσαΐας,</span> <span class='ocrx_word' id='word_1_645' title='bbox 3536 3609 3759 3667; x_wconf 78' lang='grc' dir='ltr'>Ἄκουε,</span> 
     </span>
    </p>
   </div>
   <div class='ocr_carea' id='block_1_82' title="bbox 2206 3696 3764 3787">
    <p class='ocr_par' dir='ltr' id='par_1_82' title="bbox 2206 3696 3764 3787">
     <span class='ocr_line' id='line_1_84' title="bbox 2206 3696 3764 3787; baseline -0.013 -17"><span class='ocrx_word' id='word_1_646' title='bbox 2206 3718 2386 3787; x_wconf 71' lang='grc' dir='ltr'>φησὶν,</span> <span class='ocrx_word' id='word_1_647' title='bbox 2421 3710 2656 3782; x_wconf 86' lang='grc' dir='ltr'>οὺρανὲ,</span> <span class='ocrx_word' id='word_1_648' title='bbox 2682 3710 2775 3763; x_wconf 81' lang='grc' dir='ltr'>καὶ</span> <span class='ocrx_word' id='word_1_649' title='bbox 2803 3707 3101 3769; x_wconf 80' lang='grc' dir='ltr'>ἑνωτιζου,</span> <span class='ocrx_word' id='word_1_650' title='bbox 3138 3707 3176 3772; x_wconf 80' lang='grc' dir='ltr'><em>ἠ</em></span> <span class='ocrx_word' id='word_1_651' title='bbox 3201 3703 3297 3774; x_wconf 70' lang='grc' dir='ltr'>γῆ,</span> <span class='ocrx_word' id='word_1_652' title='bbox 3340 3705 3371 3755; x_wconf 85' lang='grc' dir='ltr'><strong>ό</strong></span> <span class='ocrx_word' id='word_1_653' title='bbox 3399 3702 3612 3768; x_wconf 87' lang='grc' dir='ltr'>Κύριος</span> <span class='ocrx_word' id='word_1_654' title='bbox 3628 3696 3764 3751; x_wconf 71' lang='grc' dir='ltr'><strong>ἐλό-</strong></span> 
     </span>
    </p>
   </div>
   <div class='ocr_carea' id='block_1_83' title="bbox 2206 3787 3763 3876">
    <p class='ocr_par' dir='ltr' id='par_1_83' title="bbox 2206 3787 3763 3876">
     <span class='ocr_line' id='line_1_85' title="bbox 2206 3787 3763 3876; baseline -0.015 -12"><span class='ocrx_word' id='word_1_655' title='bbox 2206 3814 2397 3876; x_wconf 72' lang='grc' dir='ltr'>λησενν</span> <span class='ocrx_word' id='word_1_656' title='bbox 2415 3825 2427 3837; x_wconf 89' lang='grc'><strong>·</strong></span> <span class='ocrx_word' id='word_1_657' title='bbox 2468 3804 2638 3869; x_wconf 79' lang='grc' dir='ltr'>Υίοὺς</span> <span class='ocrx_word' id='word_1_658' title='bbox 2665 3802 2963 3871; x_wconf 82' lang='grc' dir='ltr'>ἐγέννησα</span> <span class='ocrx_word' id='word_1_659' title='bbox 2990 3799 3086 3852; x_wconf 76' lang='grc' dir='ltr'>καὶ</span> <span class='ocrx_word' id='word_1_660' title='bbox 3113 3798 3349 3865; x_wconf 68' lang='grc' dir='ltr'>ὕψωσα,</span> <span class='ocrx_word' id='word_1_661' title='bbox 3381 3792 3570 3847; x_wconf 66' lang='grc' dir='ltr'>αὐτοί</span> <span class='ocrx_word' id='word_1_662' title='bbox 3596 3787 3661 3843; x_wconf 89' lang='grc' dir='ltr'><strong>δέ</strong></span> <span class='ocrx_word' id='word_1_663' title='bbox 3686 3804 3763 3857; x_wconf 77' lang='grc' dir='ltr'>με</span> 
     </span>
    </p>
   </div>
   <div class='ocr_carea' id='block_1_84' title="bbox 2206 3879 3763 3965">
    <p class='ocr_par' dir='ltr' id='par_1_84' title="bbox 2206 3879 3763 3965">
     <span class='ocr_line' id='line_1_86' title="bbox 2206 3879 3763 3965; baseline -0.013 -14"><span class='ocrx_word' id='word_1_664' title='bbox 2206 3896 2524 3965; x_wconf 74' lang='grc' dir='ltr'>ἠθέτησαν.</span> <span class='ocrx_word' id='word_1_665' title='bbox 2544 3893 2653 3946; x_wconf 77' lang='lat' dir='ltr'><strong>Kal.</strong></span> <span class='ocrx_word' id='word_1_666' title='bbox 2687 3890 2780 3943; x_wconf 81' lang='grc' dir='ltr'>νῦν</span> <span class='ocrx_word' id='word_1_667' title='bbox 2800 3889 2977 3941; x_wconf 84' lang='grc' dir='ltr'>τοίνυν</span> <span class='ocrx_word' id='word_1_668' title='bbox 3000 3888 3125 3950; x_wconf 83' lang='grc' dir='ltr'>τοὺς</span> <span class='ocrx_word' id='word_1_669' title='bbox 3160 3885 3353 3946; x_wconf 80' lang='grc' dir='ltr'>αὐτοὺς</span> <span class='ocrx_word' id='word_1_670' title='bbox 3389 3879 3763 3934; x_wconf 81' lang='grc' dir='ltr'>ὲπικαλέσεται</span> 
     </span>
    </p>
   </div>
   <div class='ocr_carea' id='block_1_85' title="bbox 2213 3968 3766 4060">
    <p class='ocr_par' dir='ltr' id='par_1_85' title="bbox 2213 3968 3766 4060">
     <span class='ocr_line' id='line_1_87' title="bbox 2213 3968 3766 4060; baseline -0.014 -19"><span class='ocrx_word' id='word_1_671' title='bbox 2213 3989 2489 4060; x_wconf 82' lang='grc' dir='ltr'>μάρτυρας</span> <span class='ocrx_word' id='word_1_672' title='bbox 2512 4002 2526 4014; x_wconf 87' lang='grc'><strong>·</strong></span> <span class='ocrx_word' id='word_1_673' title='bbox 2563 3984 2656 4036; x_wconf 69' lang='grc' dir='ltr'><strong>καὶ</strong></span> <span class='ocrx_word' id='word_1_674' title='bbox 2685 3980 2874 4050; x_wconf 84' lang='grc' dir='ltr'>ὥσπερ</span> <span class='ocrx_word' id='word_1_675' title='bbox 2900 3982 2927 4032; x_wconf 87' lang='grc' dir='ltr'><strong>ό</strong></span> <span class='ocrx_word' id='word_1_676' title='bbox 2953 3977 3141 4048; x_wconf 78' lang='grc' dir='ltr'>Σωτὴρ</span> <span class='ocrx_word' id='word_1_677' title='bbox 3195 3978 3253 4028; x_wconf 81' lang='grc' dir='ltr'>ὲν</span> <span class='ocrx_word' id='word_1_678' title='bbox 3301 3971 3649 4041; x_wconf 80' lang='grc' dir='ltr'>Εὑαγγελίοις</span> <span class='ocrx_word' id='word_1_679' title='bbox 3706 3968 3766 4021; x_wconf 79' lang='grc' dir='ltr'>τὸ</span> 
     </span>
    </p>
   </div>
   <div class='ocr_carea' id='block_1_86' title="bbox 2211 4061 3765 4148">
    <p class='ocr_par' dir='ltr' id='par_1_86' title="bbox 2211 4061 3765 4148">
     <span class='ocr_line' id='line_1_88' title="bbox 2211 4061 3765 4148; baseline -0.012 -17"><span class='ocrx_word' id='word_1_680' title='bbox 2211 4078 2455 4148; x_wconf 86' lang='grc' dir='ltr'>ποίμνιον</span> <span class='ocrx_word' id='word_1_681' title='bbox 2488 4073 2651 4128; x_wconf 81' lang='grc' dir='ltr'>αὑτοῦ</span> <span class='ocrx_word' id='word_1_682' title='bbox 2684 4072 2966 4143; x_wconf 84' lang='grc' dir='ltr'>διακρίνει,</span> <span class='ocrx_word' id='word_1_683' title='bbox 2996 4067 3194 4138; x_wconf 81' lang='grc' dir='ltr'>δηλαδὴ</span> <span class='ocrx_word' id='word_1_684' title='bbox 3221 4066 3349 4129; x_wconf 78' lang='grc' dir='ltr'>τοὺς</span> <span class='ocrx_word' id='word_1_685' title='bbox 3383 4064 3484 4132; x_wconf 78' lang='grc' dir='ltr'><strong>τῆς</strong></span> <span class='ocrx_word' id='word_1_686' title='bbox 3539 4061 3765 4129; x_wconf 81' lang='grc' dir='ltr'>Ἐκκλη-</span> 
     </span>
    </p>
   </div>
   <div class='ocr_carea' id='block_1_87' title="bbox 2214 4150 3769 4235">
    <p class='ocr_par' dir='ltr' id='par_1_87' title="bbox 2214 4150 3769 4235">
     <span class='ocr_line' id='line_1_89' title="bbox 2214 4150 3769 4235; baseline -0.013 -15"><span class='ocrx_word' id='word_1_687' title='bbox 2214 4169 2352 4231; x_wconf 86' lang='grc' dir='ltr'>σίας,</span> <span class='ocrx_word' id='word_1_688' title='bbox 2383 4166 2451 4219; x_wconf 77' lang='grc' dir='ltr'>τὰ</span> <span class='ocrx_word' id='word_1_689' title='bbox 2488 4164 2732 4235; x_wconf 80' lang='grc' dir='ltr'>πρόϐατα</span> <span class='ocrx_word' id='word_1_690' title='bbox 2770 4161 2864 4230; x_wconf 87' lang='grc' dir='ltr'>μὲν</span> <span class='ocrx_word' id='word_1_691' title='bbox 2896 4158 3057 4211; x_wconf 81' lang='grc' dir='ltr'>ἱστῶν</span> <span class='ocrx_word' id='word_1_692' title='bbox 3078 4159 3142 4209; x_wconf 84' lang='grc' dir='ltr'><strong>ὲκ</strong></span> <span class='ocrx_word' id='word_1_693' title='bbox 3169 4153 3378 4219; x_wconf 82' lang='grc' dir='ltr'>δεξιῶν,</span> <span class='ocrx_word' id='word_1_694' title='bbox 3411 4152 3479 4205; x_wconf 82' lang='grc' dir='ltr'>τὰ</span> <span class='ocrx_word' id='word_1_695' title='bbox 3505 4150 3561 4204; x_wconf 83' lang='grc' dir='ltr'><strong>δὲ</strong></span> <span class='ocrx_word' id='word_1_696' title='bbox 3588 4150 3769 4221; x_wconf 67' lang='grc' dir='ltr'>ἐρίφια</span> 
     </span>
    </p>
   </div>
   <div class='ocr_carea' id='block_1_88' title="bbox 2212 4239 3770 4327">
    <p class='ocr_par' dir='ltr' id='par_1_88' title="bbox 2212 4239 3770 4327">
     <span class='ocr_line' id='line_1_90' title="bbox 2212 4239 3770 4327; baseline -0.014 -15"><span class='ocrx_word' id='word_1_697' title='bbox 2212 4259 2270 4325; x_wconf 77' lang='grc' dir='ltr'>ἐξ</span> <span class='ocrx_word' id='word_1_698' title='bbox 2306 4256 2620 4327; x_wconf 64' lang='grc' dir='ltr'>εὐωνύμων</span> <span class='ocrx_word' id='word_1_699' title='bbox 2651 4255 2738 4307; x_wconf 84' lang='grc' dir='ltr'><strong>τὸν</strong></span> <span class='ocrx_word' id='word_1_700' title='bbox 2772 4251 2933 4304; x_wconf 81' lang='grc' dir='ltr'>αὐτὸν</span> <span class='ocrx_word' id='word_1_701' title='bbox 2954 4248 3151 4320; x_wconf 83' lang='grc' dir='ltr'>τρόπον</span> <span class='ocrx_word' id='word_1_702' title='bbox 3182 4247 3210 4297; x_wconf 86' lang='grc' dir='ltr'>ὁ</span> <span class='ocrx_word' id='word_1_703' title='bbox 3243 4244 3401 4306; x_wconf 79' lang='grc' dir='ltr'>αὐτὸς</span> <span class='ocrx_word' id='word_1_704' title='bbox 3432 4242 3633 4312; x_wconf 77' lang='grc' dir='ltr'>Κύριος</span> <span class='ocrx_word' id='word_1_705' title='bbox 3678 4239 3770 4291; x_wconf 74' lang='grc' dir='ltr'>καὶ</span> 
     </span>
    </p>
   </div>
   <div class='ocr_carea' id='block_1_89' title="bbox 2214 4331 3773 4418">
    <p class='ocr_par' dir='ltr' id='par_1_89' title="bbox 2214 4331 3773 4418">
     <span class='ocr_line' id='line_1_91' title="bbox 2214 4331 3773 4418; baseline -0.014 -15"><span class='ocrx_word' id='word_1_706' title='bbox 2214 4349 2307 4403; x_wconf 77' lang='grc' dir='ltr'><strong>νῦν</strong></span> <span class='ocrx_word' id='word_1_707' title='bbox 2355 4348 2613 4418; x_wconf 83' lang='grc' dir='ltr'>διακρίνει</span> <span class='ocrx_word' id='word_1_708' title='bbox 2662 4345 2751 4397; x_wconf 81' lang='grc' dir='ltr'>τὸν</span> <span class='ocrx_word' id='word_1_709' title='bbox 2773 4342 2899 4396; x_wconf 83' lang='grc' dir='ltr'>λαὸν</span> <span class='ocrx_word' id='word_1_710' title='bbox 2930 4338 3116 4393; x_wconf 76' lang='grc' dir='ltr'>αὐτοῦ.</span> <span class='ocrx_word' id='word_1_711' title='bbox 3158 4339 3230 4390; x_wconf 84' lang='grc' dir='ltr'><strong>Τὸ</strong></span> <span class='ocrx_word' id='word_1_712' title='bbox 3266 4333 3551 4404; x_wconf 79' lang='grc' dir='ltr'>Ἐδραῐκδν</span> <span class='ocrx_word' id='word_1_713' title='bbox 3582 4331 3677 4384; x_wconf 76' lang='grc' dir='ltr'>καὶ</span> <span class='ocrx_word' id='word_1_714' title='bbox 3726 4331 3773 4382; x_wconf 74' lang='grc' dir='ltr'><strong>οἱ</strong></span> 
     </span>
    </p>
   </div>
   <div class='ocr_carea' id='block_1_90' title="bbox 2216 4422 3777 4506">
    <p class='ocr_par' dir='ltr' id='par_1_90' title="bbox 2216 4422 3777 4506">
     <span class='ocr_line' id='line_1_92' title="bbox 2216 4422 3777 4506; baseline -0.015 -11"><span class='ocrx_word' id='word_1_715' title='bbox 2216 4442 2405 4504; x_wconf 70' lang='grc' dir='ltr'>λοιποὶ,</span> <span class='ocrx_word' id='word_1_716' title='bbox 2436 4437 2803 4506; x_wconf 75' lang='grc' dir='ltr'>Συναγάγηὲ</span> <span class='ocrx_word' id='word_1_717' title='bbox 2830 4452 2950 4503; x_wconf 81' lang='grc' dir='ltr'>μοι,</span> <span class='ocrx_word' id='word_1_718' title='bbox 2986 4430 3146 4500; x_wconf 83' lang='grc' dir='ltr'>φασίν</span> <span class='ocrx_word' id='word_1_719' title='bbox 3172 4446 3185 4459; x_wconf 89' lang='grc'><strong>·</strong></span> <span class='ocrx_word' id='word_1_720' title='bbox 3221 4429 3296 4491; x_wconf 80' lang='grc' dir='ltr'><strong>ὼς</strong></span> <span class='ocrx_word' id='word_1_721' title='bbox 3317 4426 3422 4496; x_wconf 85' lang='grc' dir='ltr'>γὰρ</span> <span class='ocrx_word' id='word_1_722' title='bbox 3448 4427 3503 4476; x_wconf 81' lang='grc' dir='ltr'>ὲν</span> <span class='ocrx_word' id='word_1_723' title='bbox 3536 4422 3777 4488; x_wconf 78' lang='grc' dir='ltr'>Εὑαγγε-</span> 
     </span>
    </p>
   </div>
   <div class='ocr_carea' id='block_1_91' title="bbox 2217 4511 3774 4599">
    <p class='ocr_par' dir='ltr' id='par_1_91' title="bbox 2217 4511 3774 4599">
     <span class='ocr_line' id='line_1_93' title="bbox 2217 4511 3774 4599; baseline -0.015 -14"><span class='ocrx_word' id='word_1_724' title='bbox 2217 4533 2347 4595; x_wconf 87' lang='grc' dir='ltr'>λίοις</span> <span class='ocrx_word' id='word_1_725' title='bbox 2381 4530 2591 4599; x_wconf 76' lang='grc' dir='ltr'>εἴρηται</span> <span class='ocrx_word' id='word_1_726' title='bbox 2616 4544 2629 4555; x_wconf 88' lang='grc'><strong>·</strong></span> <span class='ocrx_word' id='word_1_727' title='bbox 2655 4527 2761 4579; x_wconf 78' lang='grc' dir='ltr'><strong>Καὶ</strong></span> <span class='ocrx_word' id='word_1_728' title='bbox 2794 4518 3118 4577; x_wconf 76' lang='grc' dir='ltr'>ἀποστελεῖ</span> <span class='ocrx_word' id='word_1_729' title='bbox 3147 4517 3285 4581; x_wconf 87' lang='grc' dir='ltr'>τοὺς</span> <span class='ocrx_word' id='word_1_730' title='bbox 3332 4514 3625 4584; x_wconf 74' lang='grc' dir='ltr'>ἀγγέλους</span> <span class='ocrx_word' id='word_1_731' title='bbox 3668 4511 3774 4563; x_wconf 77' lang='lat' dir='ltr'><strong>ai)-</strong></span> 
     </span>
    </p>
   </div>
   <div class='ocr_carea' id='block_1_92' title="bbox 559 4599 2101 4718">
    <p class='ocr_par' dir='ltr' id='par_1_92' title="bbox 559 4599 2101 4718">
     <span class='ocr_line' id='line_1_94' title="bbox 559 4599 2101 4621; baseline -0.009 -8"><span class='ocrx_word' id='word_1_732' title='bbox 559 4599 633 4613; x_wconf 87' lang='lat'><strong>....</strong></span> <span class='ocrx_word' id='word_1_733' title='bbox 687 4599 740 4613; x_wconf 70' lang='grc'><strong>...</strong></span> <span class='ocrx_word' id='word_1_734' title='bbox 769 4599 913 4611; x_wconf 73' lang='lat'><strong>......-</strong></span> <span class='ocrx_word' id='word_1_735' title='bbox 952 4599 1141 4607; x_wconf 72' lang='grc'><strong>.--------</strong></span> <span class='ocrx_word' id='word_1_736' title='bbox 1192 4599 1453 4621; x_wconf 37' lang='grc' dir='ltr'><strong>Γηντ---</strong></span> <span class='ocrx_word' id='word_1_737' title='bbox 1523 4599 1626 4603; x_wconf 36' lang='grc' dir='ltr'><strong>νη-</strong></span> <span class='ocrx_word' id='word_1_738' title='bbox 1681 4599 1766 4601; x_wconf 60' lang='lat'><strong>,__-</strong></span> <span class='ocrx_word' id='word_1_739' title='bbox 1897 4599 1915 4602; x_wconf 58' lang='lat'><strong>,</strong></span> <span class='ocrx_word' id='word_1_740' title='bbox 2093 4599 2101 4602; x_wconf 25' lang='grc' dir='ltr'><strong>γ</strong></span> 
     </span>
     <span class='ocr_line' id='line_1_95' title="bbox 559 4639 2101 4718; baseline -0.01 -13"><span class='ocrx_word' id='word_1_741' title='bbox 559 4651 714 4714; x_wconf 75' lang='lat' dir='ltr'><strong>prius</strong></span> <span class='ocrx_word' id='word_1_742' title='bbox 756 4662 915 4718; x_wconf 89' lang='lat' dir='ltr'><strong>quam</strong></span> <span class='ocrx_word' id='word_1_743' title='bbox 948 4645 1143 4714; x_wconf 90' lang='lat' dir='ltr'><strong>impios</strong></span> <span class='ocrx_word' id='word_1_744' title='bbox 1178 4642 1473 4716; x_wconf 82' lang='lat' dir='ltr'><strong>segregari,</strong></span> <span class='ocrx_word' id='word_1_745' title='bbox 1509 4647 1697 4710; x_wconf 90' lang='lat' dir='ltr'><strong>utpote</strong></span> <span class='ocrx_word' id='word_1_746' title='bbox 1727 4640 1821 4711; x_wconf 89' lang='lat' dir='ltr'><strong>qui</strong></span> <span class='ocrx_word' id='word_1_747' title='bbox 1851 4639 2101 4709; x_wconf 79' lang='lat' dir='ltr'><strong>promiss:</strong></span> 
     </span>
    </p>
   </div>
   <div class='ocr_carea' id='block_1_93' title="bbox 2201 4599 3780 4718">
    <p class='ocr_par' dir='ltr' id='par_1_93' title="bbox 2217 4599 3780 4718">
     <span class='ocr_line' id='line_1_96' title="bbox 2217 4599 3780 4685; baseline -0.018 -7"><span class='ocrx_word' id='word_1_748' title='bbox 2217 4622 2346 4685; x_wconf 78' lang='grc' dir='ltr'>τοῦ,</span> <span class='ocrx_word' id='word_1_749' title='bbox 2376 4621 2474 4675; x_wconf 79' lang='grc' dir='ltr'>καὶ</span> <span class='ocrx_word' id='word_1_750' title='bbox 2508 4617 2845 4681; x_wconf 81' lang='grc' dir='ltr'>συνάξουσι</span> <span class='ocrx_word' id='word_1_751' title='bbox 2878 4612 3075 4667; x_wconf 80' lang='grc' dir='ltr'>πάντα</span> <span class='ocrx_word' id='word_1_752' title='bbox 3113 4608 3183 4663; x_wconf 84' lang='grc' dir='ltr'>τὰ</span> <span class='ocrx_word' id='word_1_753' title='bbox 3214 4610 3355 4673; x_wconf 79' lang='grc' dir='ltr'>ἔθνη</span> <span class='ocrx_word' id='word_1_754' title='bbox 3374 4623 3387 4636; x_wconf 88' lang='grc'><strong>·</strong></span> <span class='ocrx_word' id='word_1_755' title='bbox 3410 4604 3548 4658; x_wconf 76' lang='grc' dir='ltr'>οὕτω</span> <span class='ocrx_word' id='word_1_756' title='bbox 3570 4602 3664 4655; x_wconf 72' lang='grc' dir='ltr'><strong>καὶ</strong></span> <span class='ocrx_word' id='word_1_757' title='bbox 3684 4599 3780 4651; x_wconf 79' lang='grc' dir='ltr'>νῦν</span> 
     </span>
     <span class='ocr_line' id='line_1_97' title="bbox 2292 4695 3751 4718; baseline -0.015 16"><span class='ocrx_word' id='word_1_758' title='bbox 2292 4717 2297 4718; x_wconf 51' lang='grc' dir='ltr'><em>ν</em></span> <span class='ocrx_word' id='word_1_759' title='bbox 2424 4713 2434 4718; x_wconf 94' lang='grc'>·</span> <span class='ocrx_word' id='word_1_760' title='bbox 2510 4713 2530 4718; x_wconf 82' lang='lat'><strong>-</strong></span> <span class='ocrx_word' id='word_1_761' title='bbox 2595 4711 2607 4718; x_wconf 83' lang='lat'><em>-</em></span> <span class='ocrx_word' id='word_1_762' title='bbox 2733 4707 2742 4718; x_wconf 78' lang='lat'><strong><em>&#39;</em></strong></span> <span class='ocrx_word' id='word_1_763' title='bbox 2923 4703 2963 4718; x_wconf 74' lang='grc' dir='ltr'><em>η</em></span> <span class='ocrx_word' id='word_1_764' title='bbox 3024 4701 3035 4717; x_wconf 80' lang='grc' dir='ltr'><strong>ι</strong></span> <span class='ocrx_word' id='word_1_765' title='bbox 3215 4699 3259 4718; x_wconf 64' lang='grc' dir='ltr'><strong>δι</strong></span> <span class='ocrx_word' id='word_1_766' title='bbox 3318 4697 3429 4718; x_wconf 55' lang='grc' dir='ltr'><strong>ομοη</strong></span> <span class='ocrx_word' id='word_1_767' title='bbox 3447 4712 3555 4718; x_wconf 56' lang='grc' dir='ltr'><strong>--.μ</strong></span> <span class='ocrx_word' id='word_1_768' title='bbox 3598 4695 3751 4718; x_wconf 62' lang='lat' dir='ltr'>L_____</span> 
     </span>
    </p>
   </div>
   <div class='ocr_carea' id='block_1_94' title="bbox 562 4739 1098 4811">
    <p class='ocr_par' dir='ltr' id='par_1_94' title="bbox 562 4739 1098 4811">
     <span class='ocr_line' id='line_1_98' title="bbox 562 4739 1098 4811; baseline -0.017 -12"><span class='ocrx_word' id='word_1_769' title='bbox 562 4740 822 4811; x_wconf 88' lang='lat' dir='ltr'><strong>consequi</strong></span> <span class='ocrx_word' id='word_1_770' title='bbox 851 4739 1098 4793; x_wconf 89' lang='lat' dir='ltr'><strong>debeant.</strong></span> 
     </span>
    </p>
   </div>
   <div class='ocr_carea' id='block_1_95' title="bbox 639 4994 2117 5066">
    <p class='ocr_par' dir='ltr' id='par_1_95' title="bbox 639 4994 2117 5066">
     <span class='ocr_line' id='line_1_99' title="bbox 639 4994 2117 5066; baseline -0.006 -15"><span class='ocrx_word' id='word_1_771' title='bbox 639 4996 803 5051; x_wconf 67' lang='lat' dir='ltr'><strong>Vens.</strong></span> <span class='ocrx_word' id='word_1_772' title='bbox 840 4998 926 5052; x_wconf 78' lang='grc'><strong>1⁸5.</strong></span> <span class='ocrx_word' id='word_1_773' title='bbox 965 4996 1214 5066; x_wconf 81' lang='lat' dir='ltr'><strong>Nunquid</strong></span> <span class='ocrx_word' id='word_1_774' title='bbox 1254 4994 1581 5049; x_wconf 85' lang='lat' dir='ltr'><strong>manducabo</strong></span> <span class='ocrx_word' id='word_1_775' title='bbox 1612 5010 1794 5048; x_wconf 88' lang='lat' dir='ltr'><strong>carnes</strong></span> <span class='ocrx_word' id='word_1_776' title='bbox 1827 5003 2117 5052; x_wconf 88' lang='lat' dir='ltr'><strong>taurorum,</strong></span> 
     </span>
    </p>
   </div>
   <div class='ocr_carea' id='block_1_96' title="bbox 2217 4695 3780 4776">
    <p class='ocr_par' dir='ltr' id='par_1_96' title="bbox 2217 4695 3780 4776">
     <span class='ocr_line' id='line_1_100' title="bbox 2217 4695 3780 4776; baseline -0.015 -10"><span class='ocrx_word' id='word_1_777' title='bbox 2217 4717 2327 4776; x_wconf 84' lang='grc' dir='ltr'>τοῖς</span> <span class='ocrx_word' id='word_1_778' title='bbox 2378 4713 2561 4773; x_wconf 81' lang='grc' dir='ltr'>αὐτοῖς</span> <span class='ocrx_word' id='word_1_779' title='bbox 2592 4707 2885 4761; x_wconf 75' lang='grc' dir='ltr'>ἐπιτάττει.</span> <span class='ocrx_word' id='word_1_780' title='bbox 2921 4701 3175 4774; x_wconf 82' lang='grc' dir='ltr'>Πρώτους</span> <span class='ocrx_word' id='word_1_781' title='bbox 3210 4699 3267 4752; x_wconf 85' lang='grc' dir='ltr'>δὲ</span> <span class='ocrx_word' id='word_1_782' title='bbox 3318 4697 3559 4768; x_wconf 82' lang='grc' dir='ltr'>βούλεται</span> <span class='ocrx_word' id='word_1_783' title='bbox 3592 4695 3780 4762; x_wconf 77' lang='grc' dir='ltr'>ἀφορι-</span> 
     </span>
    </p>
   </div>
   <div class='ocr_carea' id='block_1_97' title="bbox 2222 4785 3780 4873">
    <p class='ocr_par' dir='ltr' id='par_1_97' title="bbox 2222 4785 3780 4873">
     <span class='ocr_line' id='line_1_101' title="bbox 2222 4785 3780 4873; baseline -0.014 -17"><span class='ocrx_word' id='word_1_784' title='bbox 2222 4804 2411 4873; x_wconf 84' lang='grc' dir='ltr'>σθῆναι</span> <span class='ocrx_word' id='word_1_785' title='bbox 2441 4802 2545 4873; x_wconf 86' lang='grc' dir='ltr'><strong>πρὸ</strong></span> <span class='ocrx_word' id='word_1_786' title='bbox 2592 4799 2698 4852; x_wconf 84' lang='grc' dir='ltr'><strong>τῶν</strong></span> <span class='ocrx_word' id='word_1_787' title='bbox 2726 4796 2932 4851; x_wconf 76' lang='grc' dir='ltr'>ἀσεϐῶν</span> <span class='ocrx_word' id='word_1_788' title='bbox 2978 4794 3104 4856; x_wconf 74' lang='grc' dir='ltr'>τοὺς</span> <span class='ocrx_word' id='word_1_789' title='bbox 3142 4791 3320 4853; x_wconf 85' lang='grc' dir='ltr'>ὁσίους</span> <span class='ocrx_word' id='word_1_790' title='bbox 3354 4786 3517 4841; x_wconf 78' lang='grc' dir='ltr'>αὑτοῦ</span> <span class='ocrx_word' id='word_1_791' title='bbox 3542 4826 3556 4851; x_wconf 94' lang='grc'><strong>,</strong></span> <span class='ocrx_word' id='word_1_792' title='bbox 3599 4785 3780 4854; x_wconf 83' lang='grc' dir='ltr'>τυχεῖν</span> 
     </span>
    </p>
   </div>
   <div class='ocr_carea' id='block_1_98' title="bbox 2218 4885 3133 4963">
    <p class='ocr_par' dir='ltr' id='par_1_98' title="bbox 2218 4885 3133 4963">
     <span class='ocr_line' id='line_1_102' title="bbox 2218 4885 3133 4963; baseline -0.008 -16"><span class='ocrx_word' id='word_1_793' title='bbox 2218 4894 2327 4948; x_wconf 88' lang='grc' dir='ltr'><strong>τῶν</strong></span> <span class='ocrx_word' id='word_1_794' title='bbox 2362 4891 2780 4963; x_wconf 77' lang='grc' dir='ltr'>ἐπηγγελμένων</span> <span class='ocrx_word' id='word_1_795' title='bbox 2806 4885 3133 4955; x_wconf 65' lang='grc' dir='ltr'>ὀφείλοντας.</span> 
     </span>
    </p>
   </div>
   <div class='ocr_carea' id='block_1_99' title="bbox 2292 4968 3782 5053">
    <p class='ocr_par' dir='ltr' id='par_1_99' title="bbox 2292 4968 3782 5053">
     <span class='ocr_line' id='line_1_103' title="bbox 2292 4968 3782 5053; baseline -0.014 -14"><span class='ocrx_word' id='word_1_796' title='bbox 2292 4984 2386 5050; x_wconf 79' lang='grc' dir='ltr'><strong>Μὴ</strong></span> <span class='ocrx_word' id='word_1_797' title='bbox 2406 4983 2662 5053; x_wconf 64' lang='grc' dir='ltr'>φάγομαι</span> <span class='ocrx_word' id='word_1_798' title='bbox 2699 4980 2840 5048; x_wconf 83' lang='grc' dir='ltr'>κρέα</span> <span class='ocrx_word' id='word_1_799' title='bbox 2874 4980 3125 5045; x_wconf 81' lang='grc' dir='ltr'>ταύρων,</span> <span class='ocrx_word' id='word_1_800' title='bbox 3154 4974 3191 5042; x_wconf 81' lang='grc' dir='ltr'>ἢ</span> <span class='ocrx_word' id='word_1_801' title='bbox 3235 4972 3376 5042; x_wconf 80' lang='grc' dir='ltr'>αἷμα</span> <span class='ocrx_word' id='word_1_802' title='bbox 3401 4970 3629 5040; x_wconf 80' lang='grc' dir='ltr'>τράγων</span> <span class='ocrx_word' id='word_1_803' title='bbox 3656 4968 3782 5020; x_wconf 77' lang='grc' dir='ltr'>πίο-</span> 
     </span>
    </p>
   </div>
   <div class='ocr_carea' id='block_1_100' title="bbox 567 5057 2101 5159">
    <p class='ocr_par' dir='ltr' id='par_1_100' title="bbox 567 5084 2101 5159">
     <span class='ocr_line' id='line_1_104' title="bbox 567 5084 2101 5159; baseline -0.006 -14"><span class='ocrx_word' id='word_1_804' title='bbox 567 5098 658 5145; x_wconf 87' lang='lat' dir='ltr'><strong>aut</strong></span> <span class='ocrx_word' id='word_1_805' title='bbox 686 5090 991 5159; x_wconf 88' lang='lat' dir='ltr'><strong>sanguinem</strong></span> <span class='ocrx_word' id='word_1_806' title='bbox 1029 5089 1293 5143; x_wconf 87' lang='lat' dir='ltr'><strong>hircorum</strong></span> <span class='ocrx_word' id='word_1_807' title='bbox 1325 5088 1514 5157; x_wconf 90' lang='lat' dir='ltr'><strong>potabo</strong></span> <span class='ocrx_word' id='word_1_808' title='bbox 1540 5090 1565 5142; x_wconf 85' lang='lat'><strong><em>?</em></strong></span> <span class='ocrx_word' id='word_1_809' title='bbox 1613 5086 1750 5141; x_wconf 85' lang='lat' dir='ltr'><strong>Esca</strong></span> <span class='ocrx_word' id='word_1_810' title='bbox 1799 5086 1891 5139; x_wconf 89' lang='lat' dir='ltr'><strong>Dei</strong></span> <span class='ocrx_word' id='word_1_811' title='bbox 1939 5094 2022 5140; x_wconf 89' lang='lat' dir='ltr'><strong>est</strong></span> <span class='ocrx_word' id='word_1_812' title='bbox 2054 5084 2101 5137; x_wconf 77' lang='lat' dir='ltr'><strong>dt</strong></span> 
     </span>
    </p>
   </div>
   <div class='ocr_carea' id='block_1_101' title="bbox 2201 5057 3784 5159">
    <p class='ocr_par' dir='ltr' id='par_1_101' title="bbox 2218 5057 3784 5149">
     <span class='ocr_line' id='line_1_105' title="bbox 2218 5057 3784 5149; baseline -0.013 -18"><span class='ocrx_word' id='word_1_813' title='bbox 2218 5094 2359 5149; x_wconf 68' lang='lat' dir='ltr'><strong>pas;</strong></span> <span class='ocrx_word' id='word_1_814' title='bbox 2386 5075 2570 5147; x_wconf 76' lang='grc' dir='ltr'>Τροφὴ</span> <span class='ocrx_word' id='word_1_815' title='bbox 2594 5075 2649 5127; x_wconf 78' lang='grc' dir='ltr'>δὲ</span> <span class='ocrx_word' id='word_1_816' title='bbox 2674 5071 2807 5125; x_wconf 80' lang='grc' dir='ltr'><strong>Θεοῦ</strong></span> <span class='ocrx_word' id='word_1_817' title='bbox 2843 5071 2967 5142; x_wconf 75' lang='grc' dir='ltr'>περὶ</span> <span class='ocrx_word' id='word_1_818' title='bbox 2998 5064 3067 5141; x_wconf 85' lang='grc' dir='ltr'><strong>ἦς</strong></span> <span class='ocrx_word' id='word_1_819' title='bbox 3097 5066 3245 5121; x_wconf 79' lang='grc' dir='ltr'>εἶπεν</span> <span class='ocrx_word' id='word_1_820' title='bbox 3265 5082 3278 5096; x_wconf 85' lang='grc'><em>’</em></span> <span class='ocrx_word' id='word_1_821' title='bbox 3316 5063 3652 5123; x_wconf 81' lang='grc' dir='ltr'>Ἐπείνασα,</span> <span class='ocrx_word' id='word_1_822' title='bbox 3690 5057 3784 5112; x_wconf 73' lang='grc' dir='ltr'>καὶ</span> 
     </span>
    </p>
   </div>
   <div class='ocr_carea' id='block_1_102' title="bbox 566 5175 2120 5259">
    <p class='ocr_par' dir='ltr' id='par_1_102' title="bbox 566 5175 2120 5259">
     <span class='ocr_line' id='line_1_106' title="bbox 566 5175 2120 5259; baseline -0.005 -23"><span class='ocrx_word' id='word_1_823' title='bbox 566 5198 672 5252; x_wconf 91' lang='lat' dir='ltr'><strong>qua</strong></span> <span class='ocrx_word' id='word_1_824' title='bbox 720 5180 896 5235; x_wconf 81' lang='lat' dir='ltr'><strong>dixit:</strong></span> <span class='ocrx_word' id='word_1_825' title='bbox 953 5179 1181 5259; x_wconf 83' lang='lat' dir='ltr'><strong>Esurivi,</strong></span> <span class='ocrx_word' id='word_1_826' title='bbox 1231 5188 1281 5234; x_wconf 90' lang='lat' dir='ltr'><strong>et</strong></span> <span class='ocrx_word' id='word_1_827' title='bbox 1325 5180 1544 5233; x_wconf 88' lang='lat' dir='ltr'><strong>dedistis</strong></span> <span class='ocrx_word' id='word_1_828' title='bbox 1587 5179 1715 5231; x_wconf 85' lang='lat' dir='ltr'><strong>mihi</strong></span> <span class='ocrx_word' id='word_1_829' title='bbox 1765 5175 2120 5239; x_wconf 86' lang='lat' dir='ltr'><strong>manducare;</strong></span> 
     </span>
    </p>
   </div>
   <div class='ocr_carea' id='block_1_103' title="bbox 565 5266 2122 5336">
    <p class='ocr_par' dir='ltr' id='par_1_103' title="bbox 565 5266 2122 5336">
     <span class='ocr_line' id='line_1_107' title="bbox 565 5266 2122 5336; baseline -0.007 -8"><span class='ocrx_word' id='word_1_830' title='bbox 565 5273 727 5336; x_wconf 83' lang='lat' dir='ltr'><strong>sitivi,</strong></span> <span class='ocrx_word' id='word_1_831' title='bbox 764 5281 813 5327; x_wconf 89' lang='lat' dir='ltr'><strong>et</strong></span> <span class='ocrx_word' id='word_1_832' title='bbox 840 5270 1056 5324; x_wconf 85' lang='lat' dir='ltr'><strong>dedistis</strong></span> <span class='ocrx_word' id='word_1_833' title='bbox 1098 5270 1223 5323; x_wconf 83' lang='lat' dir='ltr'><strong>mihi</strong></span> <span class='ocrx_word' id='word_1_834' title='bbox 1257 5269 1424 5323; x_wconf 88' lang='lat' dir='ltr'><strong>bibere</strong></span> <span class='ocrx_word' id='word_1_835' title='bbox 1452 5269 1519 5331; x_wconf 68' lang='grc'>⁸⁷,</span> <span class='ocrx_word' id='word_1_836' title='bbox 1539 5276 1671 5335; x_wconf 87' lang='lat' dir='ltr'><strong>etc.;</strong></span> <span class='ocrx_word' id='word_1_837' title='bbox 1699 5283 1731 5320; x_wconf 88' lang='lat' dir='ltr'><strong>a</strong></span> <span class='ocrx_word' id='word_1_838' title='bbox 1762 5266 1959 5336; x_wconf 90' lang='lat' dir='ltr'><strong>quibus</strong></span> <span class='ocrx_word' id='word_1_839' title='bbox 1988 5280 2122 5318; x_wconf 87' lang='lat' dir='ltr'><strong>enu—</strong></span> 
     </span>
    </p>
   </div>
   <div class='ocr_carea' id='block_1_104' title="bbox 566 5355 2122 5432">
    <p class='ocr_par' dir='ltr' id='par_1_104' title="bbox 566 5355 2122 5432">
     <span class='ocr_line' id='line_1_108' title="bbox 566 5355 2122 5432; baseline -0.006 -15"><span class='ocrx_word' id='word_1_840' title='bbox 566 5366 728 5419; x_wconf 90' lang='lat' dir='ltr'><strong>tritus</strong></span> <span class='ocrx_word' id='word_1_841' title='bbox 753 5363 948 5418; x_wconf 89' lang='lat' dir='ltr'><strong>dicam:</strong></span> <span class='ocrx_word' id='word_1_842' title='bbox 974 5360 1041 5415; x_wconf 87' lang='lat' dir='ltr'><strong>In</strong></span> <span class='ocrx_word' id='word_1_843' title='bbox 1070 5370 1322 5432; x_wconf 88' lang='lat' dir='ltr'><strong>quantum</strong></span> <span class='ocrx_word' id='word_1_844' title='bbox 1344 5359 1545 5429; x_wconf 77' lang='lat' dir='ltr'><strong>fecistis</strong></span> <span class='ocrx_word' id='word_1_845' title='bbox 1569 5359 1658 5411; x_wconf 90' lang='lat' dir='ltr'><strong>uni</strong></span> <span class='ocrx_word' id='word_1_846' title='bbox 1686 5362 1749 5410; x_wconf 67' lang='lat' dir='ltr'><strong>ex</strong></span> <span class='ocrx_word' id='word_1_847' title='bbox 1766 5357 1845 5410; x_wconf 87' lang='lat' dir='ltr'><strong>his</strong></span> <span class='ocrx_word' id='word_1_848' title='bbox 1870 5355 2122 5418; x_wconf 85' lang='lat' dir='ltr'><strong>minimis,</strong></span> 
     </span>
    </p>
   </div>
   <div class='ocr_carea' id='block_1_105' title="bbox 2219 5151 3782 5237">
    <p class='ocr_par' dir='ltr' id='par_1_105' title="bbox 2219 5151 3782 5237">
     <span class='ocr_line' id='line_1_109' title="bbox 2219 5151 3782 5237; baseline -0.014 -12"><span class='ocrx_word' id='word_1_849' title='bbox 2219 5168 2475 5228; x_wconf 75' lang='grc' dir='ltr'>ἐδώκατέ</span> <span class='ocrx_word' id='word_1_850' title='bbox 2508 5186 2610 5237; x_wconf 84' lang='grc' dir='ltr'><strong>μοι</strong></span> <span class='ocrx_word' id='word_1_851' title='bbox 2630 5164 2838 5235; x_wconf 69' lang='grc' dir='ltr'>φαγεῖν</span> <span class='ocrx_word' id='word_1_852' title='bbox 2861 5182 2873 5195; x_wconf 90' lang='grc'><strong>·</strong></span> <span class='ocrx_word' id='word_1_853' title='bbox 2914 5162 3199 5229; x_wconf 66' lang='grc' dir='ltr'>ἐδίψησα,</span> <span class='ocrx_word' id='word_1_854' title='bbox 3228 5157 3326 5212; x_wconf 82' lang='grc' dir='ltr'>καὶ</span> <span class='ocrx_word' id='word_1_855' title='bbox 3353 5151 3669 5210; x_wconf 77' lang='grc' dir='ltr'>ἐποτίσατέ</span> <span class='ocrx_word' id='word_1_856' title='bbox 3692 5168 3782 5219; x_wconf 65' lang='grc' dir='ltr'>με’</span> 
     </span>
    </p>
   </div>
   <div class='ocr_carea' id='block_1_106' title="bbox 2225 5247 3783 5334">
    <p class='ocr_par' dir='ltr' id='par_1_106' title="bbox 2225 5247 3783 5334">
     <span class='ocr_line' id='line_1_110' title="bbox 2225 5247 3783 5334; baseline -0.013 -15"><span class='ocrx_word' id='word_1_857' title='bbox 2225 5266 2313 5333; x_wconf 76' lang='grc' dir='ltr'><strong>ὑφ’</strong></span> <span class='ocrx_word' id='word_1_858' title='bbox 2343 5257 2417 5317; x_wconf 82' lang='grc' dir='ltr'>ὧν</span> <span class='ocrx_word' id='word_1_859' title='bbox 2443 5261 2772 5334; x_wconf 83' lang='grc' dir='ltr'>τρεφόμενος</span> <span class='ocrx_word' id='word_1_860' title='bbox 2792 5260 2929 5325; x_wconf 81' lang='grc' dir='ltr'>λέξω</span> <span class='ocrx_word' id='word_1_861' title='bbox 2950 5274 2963 5287; x_wconf 91' lang='grc'><strong>·</strong></span> <span class='ocrx_word' id='word_1_862' title='bbox 3007 5256 3123 5325; x_wconf 69' lang='grc' dir='ltr'><strong>Ἐφ’</strong></span> <span class='ocrx_word' id='word_1_863' title='bbox 3153 5255 3302 5308; x_wconf 84' lang='grc' dir='ltr'>ὅσον</span> <span class='ocrx_word' id='word_1_864' title='bbox 3349 5250 3673 5319; x_wconf 77' lang='grc' dir='ltr'>ἐποιήσατε</span> <span class='ocrx_word' id='word_1_865' title='bbox 3700 5247 3783 5300; x_wconf 73' lang='grc' dir='ltr'>ἐνί</span> 
     </span>
    </p>
   </div>
   <div class='ocr_carea' id='block_1_107' title="bbox 2228 5338 3786 5421">
    <p class='ocr_par' dir='ltr' id='par_1_107' title="bbox 2228 5338 3786 5421">
     <span class='ocr_line' id='line_1_111' title="bbox 2228 5338 3786 5421; baseline -0.012 -13"><span class='ocrx_word' id='word_1_866' title='bbox 2228 5357 2451 5410; x_wconf 83' lang='grc' dir='ltr'>τούτων</span> <span class='ocrx_word' id='word_1_867' title='bbox 2484 5352 2601 5407; x_wconf 88' lang='grc' dir='ltr'><strong>τῶν</strong></span> <span class='ocrx_word' id='word_1_868' title='bbox 2630 5352 2981 5421; x_wconf 75' lang='grc' dir='ltr'>ἐλαχίστων,</span> <span class='ocrx_word' id='word_1_869' title='bbox 3013 5346 3141 5417; x_wconf 76' lang='grc' dir='ltr'>ἐμοὶ</span> <span class='ocrx_word' id='word_1_870' title='bbox 3173 5342 3512 5411; x_wconf 80' lang='grc' dir='ltr'>ἐποιήσατε.</span> <span class='ocrx_word' id='word_1_871' title='bbox 3552 5342 3706 5393; x_wconf 79' lang='grc' dir='ltr'>Ἐστι</span> <span class='ocrx_word' id='word_1_872' title='bbox 3733 5338 3786 5390; x_wconf 80' lang='grc' dir='ltr'>δὲ</span> 
     </span>
    </p>
   </div>
   <div class='ocr_carea' id='block_1_108' title="bbox 566 5430 2101 5525">
    <p class='ocr_par' dir='ltr' id='par_1_108' title="bbox 566 5430 2101 5525">
     <span class='ocr_line' id='line_1_112' title="bbox 566 5430 2101 5525; baseline -0.008 -15"><span class='ocrx_word' id='word_1_873' title='bbox 566 5458 697 5510; x_wconf 86' lang='lat' dir='ltr'><strong>mihi</strong></span> <span class='ocrx_word' id='word_1_874' title='bbox 724 5456 924 5525; x_wconf 86' lang='lat' dir='ltr'><strong>fecistis</strong></span> <span class='ocrx_word' id='word_1_875' title='bbox 947 5455 1013 5508; x_wconf 70' lang='grc'><strong>⁸⁸.</strong></span> <span class='ocrx_word' id='word_1_876' title='bbox 1065 5430 1335 5508; x_wconf 74' lang='lat' dir='ltr'><strong>immolari</strong></span> <span class='ocrx_word' id='word_1_877' title='bbox 1366 5457 1546 5504; x_wconf 90' lang='lat' dir='ltr'><strong>autem</strong></span> <span class='ocrx_word' id='word_1_878' title='bbox 1586 5454 1762 5520; x_wconf 88' lang='lat' dir='ltr'><strong>potest</strong></span> <span class='ocrx_word' id='word_1_879' title='bbox 1792 5465 1885 5518; x_wconf 90' lang='lat' dir='ltr'><strong>per</strong></span> <span class='ocrx_word' id='word_1_880' title='bbox 1914 5447 2101 5500; x_wconf 76' lang='lat' dir='ltr'><strong>divino:</strong></span> 
     </span>
    </p>
   </div>
   <div class='ocr_carea' id='block_1_109' title="bbox 2201 5430 3784 5525">
    <p class='ocr_par' dir='ltr' id='par_1_109' title="bbox 2234 5430 3784 5512">
     <span class='ocr_line' id='line_1_113' title="bbox 2234 5430 3784 5512; baseline -0.01 -14"><span class='ocrx_word' id='word_1_881' title='bbox 2234 5445 2393 5498; x_wconf 81' lang='grc' dir='ltr'>θῦσαι</span> <span class='ocrx_word' id='word_1_882' title='bbox 2429 5442 2657 5512; x_wconf 83' lang='grc' dir='ltr'>λογικῶς</span> <span class='ocrx_word' id='word_1_883' title='bbox 2711 5442 2803 5496; x_wconf 68' lang='grc' dir='ltr'><strong>καὶ</strong></span> <span class='ocrx_word' id='word_1_884' title='bbox 2833 5440 2923 5493; x_wconf 81' lang='grc' dir='ltr'>διὰ</span> <span class='ocrx_word' id='word_1_885' title='bbox 2955 5436 3232 5506; x_wconf 83' lang='grc' dir='ltr'>θεολογίας</span> <span class='ocrx_word' id='word_1_886' title='bbox 3282 5435 3375 5488; x_wconf 73' lang='grc' dir='ltr'>καὶ</span> <span class='ocrx_word' id='word_1_887' title='bbox 3406 5430 3784 5504; x_wconf 75' lang='grc' dir='ltr'>εὐχαριστίαςο</span> 
     </span>
    </p>
   </div>
   <div class='ocr_carea' id='block_1_110' title="bbox 568 5520 2101 5618">
    <p class='ocr_par' dir='ltr' id='par_1_110' title="bbox 568 5538 2101 5618">
     <span class='ocr_line' id='line_1_114' title="bbox 568 5538 2101 5618; baseline -0.009 -14"><span class='ocrx_word' id='word_1_888' title='bbox 568 5563 850 5604; x_wconf 86' lang='lat' dir='ltr'><strong>sermones</strong></span> <span class='ocrx_word' id='word_1_889' title='bbox 880 5564 944 5601; x_wconf 89' lang='lat' dir='ltr'><strong>ac</strong></span> <span class='ocrx_word' id='word_1_890' title='bbox 974 5546 1269 5618; x_wconf 83' lang='lat' dir='ltr'><strong>gratiarum</strong></span> <span class='ocrx_word' id='word_1_891' title='bbox 1320 5542 1633 5607; x_wconf 86' lang='lat' dir='ltr'><strong>actionem;</strong></span> <span class='ocrx_word' id='word_1_892' title='bbox 1688 5556 1810 5593; x_wconf 87' lang='lat' dir='ltr'><strong>cum</strong></span> <span class='ocrx_word' id='word_1_893' title='bbox 1858 5538 2101 5609; x_wconf 90' lang='lat' dir='ltr'><strong>quispian</strong></span> 
     </span>
    </p>
   </div>
   <div class='ocr_carea' id='block_1_111' title="bbox 2201 5520 3787 5618">
    <p class='ocr_par' dir='ltr' id='par_1_111' title="bbox 2233 5520 3787 5602">
     <span class='ocr_line' id='line_1_115' title="bbox 2233 5520 3787 5602; baseline -0.012 -12"><span class='ocrx_word' id='word_1_894' title='bbox 2233 5538 2325 5590; x_wconf 74' lang='grc' dir='ltr'><strong>καὶ</strong></span> <span class='ocrx_word' id='word_1_895' title='bbox 2352 5536 2470 5589; x_wconf 74' lang='grc' dir='ltr'>ἐπεὶ</span> <span class='ocrx_word' id='word_1_896' title='bbox 2496 5535 2539 5588; x_wconf 80' lang='grc' dir='ltr'>δ’</span> <span class='ocrx_word' id='word_1_897' title='bbox 2576 5535 2640 5590; x_wconf 75' lang='grc' dir='ltr'>ἄν</span> <span class='ocrx_word' id='word_1_898' title='bbox 2659 5551 2740 5597; x_wconf 86' lang='grc' dir='ltr'><strong>τις</strong></span> <span class='ocrx_word' id='word_1_899' title='bbox 2759 5531 2835 5602; x_wconf 81' lang='grc' dir='ltr'>τῷ</span> <span class='ocrx_word' id='word_1_900' title='bbox 2858 5530 2975 5600; x_wconf 87' lang='grc' dir='ltr'><strong>Θεῷ</strong></span> <span class='ocrx_word' id='word_1_901' title='bbox 3000 5530 3201 5600; x_wconf 77' lang='grc' dir='ltr'>πρέπον</span> <span class='ocrx_word' id='word_1_902' title='bbox 3226 5523 3588 5595; x_wconf 82' lang='grc' dir='ltr'>ὑποσχόμενος</span> <span class='ocrx_word' id='word_1_903' title='bbox 3613 5520 3787 5591; x_wconf 77' lang='grc' dir='ltr'>ἔργοις</span> 
     </span>
    </p>
   </div>
   <div class='ocr_carea' id='block_1_112' title="bbox 643 5697 1718 5769">
    <p class='ocr_par' dir='ltr' id='par_1_112' title="bbox 643 5697 1718 5769">
     <span class='ocr_line' id='line_1_116' title="bbox 643 5697 1718 5769; baseline -0.013 -6"><span class='ocrx_word' id='word_1_904' title='bbox 643 5710 688 5739; x_wconf 79' lang='grc'><strong>³⁸</strong></span> <span class='ocrx_word' id='word_1_905' title='bbox 729 5707 905 5762; x_wconf 87' lang='lat' dir='ltr'><strong>Galat.</strong></span> <span class='ocrx_word' id='word_1_906' title='bbox 942 5722 1013 5769; x_wconf 84' lang='lat' dir='ltr'><strong>Iv,</strong></span> <span class='ocrx_word' id='word_1_907' title='bbox 1042 5703 1137 5756; x_wconf 68' lang='lat'><strong>36.</strong></span> <span class='ocrx_word' id='word_1_908' title='bbox 1213 5700 1254 5730; x_wconf 86' lang='grc'><strong>⁸⁷</strong></span> <span class='ocrx_word' id='word_1_909' title='bbox 1299 5699 1601 5769; x_wconf 45' lang='lat' dir='ltr'><strong>Heilman.</strong></span> <span class='ocrx_word' id='word_1_910' title='bbox 1629 5697 1718 5750; x_wconf 61' lang='grc' dir='ltr'><strong>Ἡ.</strong></span> 
     </span>
    </p>
   </div>
   <div class='ocr_carea' id='block_1_113' title="bbox 583 5771 1314 5830">
    <p class='ocr_par' dir='ltr' id='par_1_113' title="bbox 583 5771 1314 5830">
     <span class='ocr_line' id='line_1_117' title="bbox 583 5771 1314 5830; baseline -0.011 0"><span class='ocrx_word' id='word_1_911' title='bbox 583 5778 661 5830; x_wconf 63' lang='grc' dir='ltr'>μὶ</span> <span class='ocrx_word' id='word_1_912' title='bbox 743 5779 786 5807; x_wconf 74' lang='grc'><strong>⁸⁸</strong></span> <span class='ocrx_word' id='word_1_913' title='bbox 824 5775 980 5829; x_wconf 80' lang='lat' dir='ltr'><strong>Joan.</strong></span> <span class='ocrx_word' id='word_1_914' title='bbox 1040 5784 1161 5826; x_wconf 61' lang='grc' dir='ltr'><strong>κγ’.</strong></span> <span class='ocrx_word' id='word_1_915' title='bbox 1227 5771 1314 5823; x_wconf 74' lang='grc'><strong>55.</strong></span> 
     </span>
    </p>
   </div>
   <div class='ocr_carea' id='block_1_114' title="bbox 567 5839 1635 5925">
    <p class='ocr_par' dir='ltr' id='par_1_114' title="bbox 567 5839 1635 5925">
     <span class='ocr_line' id='line_1_118' title="bbox 567 5839 1635 5925; baseline -0.007 -26"><span class='ocrx_word' id='word_1_916' title='bbox 567 5850 633 5925; x_wconf 51' lang='grc' dir='ltr'><strong><em>ρτ</em></strong></span> <span class='ocrx_word' id='word_1_917' title='bbox 670 5847 861 5900; x_wconf 80' lang='lat' dir='ltr'><strong>Matth.</strong></span> <span class='ocrx_word' id='word_1_918' title='bbox 901 5861 1022 5907; x_wconf 66' lang='grc' dir='ltr'><strong>ω,</strong></span> <span class='ocrx_word' id='word_1_919' title='bbox 1052 5842 1236 5895; x_wconf 61' lang='lat' dir='ltr'><strong>esse.</strong></span> <span class='ocrx_word' id='word_1_920' title='bbox 1314 5840 1357 5870; x_wconf 69' lang='grc' dir='ltr'><strong>ιε</strong></span> <span class='ocrx_word' id='word_1_921' title='bbox 1388 5839 1515 5893; x_wconf 85' lang='lat' dir='ltr'><strong>ibid.</strong></span> <span class='ocrx_word' id='word_1_922' title='bbox 1549 5839 1635 5892; x_wconf 70' lang='lat' dir='ltr'><strong>to.</strong></span> 
     </span>
    </p>
   </div>
   <div class='ocr_carea' id='block_1_115' title="bbox 1822 5693 2372 5755">
    <p class='ocr_par' dir='ltr' id='par_1_115' title="bbox 1822 5693 2372 5755">
     <span class='ocr_line' id='line_1_119' title="bbox 1822 5693 2372 5755; baseline -0.007 -6"><span class='ocrx_word' id='word_1_923' title='bbox 1822 5696 1864 5727; x_wconf 80' lang='grc'><strong>³⁸</strong></span> <span class='ocrx_word' id='word_1_924' title='bbox 1907 5694 2093 5749; x_wconf 78' lang='lat' dir='ltr'><strong>Matth.</strong></span> <span class='ocrx_word' id='word_1_925' title='bbox 2128 5710 2253 5755; x_wconf 79' lang='lat' dir='ltr'><strong>xxv,</strong></span> <span class='ocrx_word' id='word_1_926' title='bbox 2286 5693 2372 5745; x_wconf 66' lang='grc'><strong>54.</strong></span> 
     </span>
    </p>
   </div>
   <div class='ocr_carea' id='block_1_116' title="bbox 1390 5762 2600 5833">
    <p class='ocr_par' dir='ltr' id='par_1_116' title="bbox 1390 5762 2600 5833">
     <span class='ocr_line' id='line_1_120' title="bbox 1390 5762 2600 5833; baseline -0.005 -12"><span class='ocrx_word' id='word_1_927' title='bbox 1390 5770 1435 5799; x_wconf 70' lang='grc'><strong>⁸³</strong></span> <span class='ocrx_word' id='word_1_928' title='bbox 1476 5767 1626 5821; x_wconf 81' lang='lat' dir='ltr'><strong>Deut.</strong></span> <span class='ocrx_word' id='word_1_929' title='bbox 1661 5784 1796 5833; x_wconf 63' lang='lat' dir='ltr'><strong>xxx,</strong></span> <span class='ocrx_word' id='word_1_930' title='bbox 1855 5766 1937 5822; x_wconf 87' lang='lat' dir='ltr'><strong>l9.</strong></span> <span class='ocrx_word' id='word_1_931' title='bbox 2016 5766 2058 5798; x_wconf 74' lang='lat'><strong>&quot;&#39;</strong></span> <span class='ocrx_word' id='word_1_932' title='bbox 2099 5764 2251 5820; x_wconf 87' lang='lat' dir='ltr'><strong>Deut.</strong></span> <span class='ocrx_word' id='word_1_933' title='bbox 2314 5778 2489 5827; x_wconf 78' lang='lat' dir='ltr'><strong>xxxu,</strong></span> <span class='ocrx_word' id='word_1_934' title='bbox 2554 5762 2600 5815; x_wconf 84' lang='lat' dir='ltr'><strong>l.</strong></span> 
     </span>
    </p>
   </div>
   <div class='ocr_carea' id='block_1_117' title="bbox 2470 5674 3784 5749">
    <p class='ocr_par' dir='ltr' id='par_1_117' title="bbox 2470 5674 3784 5749">
     <span class='ocr_line' id='line_1_121' title="bbox 2470 5674 3784 5749; baseline -0.011 -4"><span class='ocrx_word' id='word_1_935' title='bbox 2470 5692 2511 5724; x_wconf 73' lang='grc'><em>³³</em></span> <span class='ocrx_word' id='word_1_936' title='bbox 2552 5690 2679 5743; x_wconf 82' lang='lat' dir='ltr'><strong>Luc.</strong></span> <span class='ocrx_word' id='word_1_937' title='bbox 2714 5703 2824 5749; x_wconf 78' lang='lat' dir='ltr'><strong>xu,</strong></span> <span class='ocrx_word' id='word_1_938' title='bbox 2859 5685 2945 5740; x_wconf 63' lang='lat'><strong>£9.</strong></span> <span class='ocrx_word' id='word_1_939' title='bbox 3053 5684 3097 5715; x_wconf 72' lang='grc'><strong>⁸⁸</strong></span> <span class='ocrx_word' id='word_1_940' title='bbox 3138 5681 3269 5737; x_wconf 84' lang='lat' dir='ltr'><strong>ibid.</strong></span> <span class='ocrx_word' id='word_1_941' title='bbox 3367 5680 3412 5710; x_wconf 80' lang='lat'>&quot;</span> <span class='ocrx_word' id='word_1_942' title='bbox 3453 5676 3494 5730; x_wconf 94' lang='lat' dir='ltr'><strong>ll</strong></span> <span class='ocrx_word' id='word_1_943' title='bbox 3531 5674 3668 5729; x_wconf 85' lang='lat' dir='ltr'><strong>Tim.</strong></span> <span class='ocrx_word' id='word_1_944' title='bbox 3700 5689 3784 5749; x_wconf 54' lang='lat' dir='ltr'><strong>in.</strong></span> 
     </span>
    </p>
   </div>
   <div class='ocr_carea' id='block_1_118' title="bbox 2676 5744 3783 5822">
    <p class='ocr_par' dir='ltr' id='par_1_118' title="bbox 2676 5744 3783 5822">
     <span class='ocr_line' id='line_1_122' title="bbox 2676 5744 3783 5822; baseline -0.014 -10"><span class='ocrx_word' id='word_1_945' title='bbox 2676 5744 2955 5822; x_wconf 56' lang='lat' dir='ltr'><strong>&quot;15m,</strong></span> <span class='ocrx_word' id='word_1_946' title='bbox 3012 5755 3065 5811; x_wconf 74' lang='lat'><strong>2.</strong></span> <span class='ocrx_word' id='word_1_947' title='bbox 3143 5750 3402 5806; x_wconf 75' lang='lat' dir='ltr'><strong>“Matth.</strong></span> <span class='ocrx_word' id='word_1_948' title='bbox 3464 5762 3629 5811; x_wconf 68' lang='lat' dir='ltr'><strong>xxxv,</strong></span> <span class='ocrx_word' id='word_1_949' title='bbox 3699 5744 3783 5797; x_wconf 77' lang='lat'><strong>3|.</strong></span> 
     </span>
    </p>
   </div>
  </div>
