4010 6588
357 343 467 399 457

1473 353 1965 412 COMMENTARIA
2003 361 2069 414 IN
2109 360 2442 417 PSALMOS.

3457 365 3568 422 438

357 449 734 520 ἐπιτελέσειεν.
778 462 953 534 Εὒχάς
997 464 1104 537 γὰρ
1139 468 1172 538 η
1214 467 1403 539 Γραφὴ
1442 468 1540 534 τὰς
1583 474 1899 542 ἐπαγγελίας

2013 495 2132 549 quae
2184 480 2295 535 Deo
2340 479 2614 549 pollicitus
2665 487 2769 545 est,
2817 493 2980 550 opere
3005 477 3372 548 compleverit.
3426 478 3564 536 Vota

364 550 542 621 φησὶν,
574 551 648 615 ὡς
681 555 739 605 ἐν
767 555 844 626 τῷ
866 573 879 586 ο
922 557 1062 610 Ἐὰν
1089 558 1238 629 εὔξῃ
1269 561 1480 630 εὐχὴν,
1499 563 1585 632 μὴ
1610 566 1916 636 ,βραδύνῃς

362 641 702 697 ιποδσῦναι.
747 645 971 714 Ἀγαθὸν
999 649 1060 701 τὸ
1087 649 1159 720 μὴ
1192 649 1466 715 εὔξασθαι,
1499 652 1532 724 ἢ
1564 654 1626 706 τὸ
1663 654 1916 722 εὖξασθαι

362 733 447 784 ιαὶ
486 733 558 803 μὴ
581 735 888 791 ἀποδοῦναι.
923 738 1105 803 Οὕτως
1126 737 1217 794 οῦν
1259 743 1487 814 σπείρας
1533 747 1611 808 εἰς
1647 747 1914 802 δικαιοσύο

361 837 477 894 θην,
512 823 693 890 ἔλπιζε
713 831 1011 900 τρυγήσειν
1034 833 1239 902 καρπὸν
1266 834 1429 910 ζωῆς.

432 1008 517 1074 Τῷ
531 1009 597 1062 δὲ
621 1010 940 1080 ἁμαρτωλῷ
954 1012 1121 1070 εἶπεν
1136 1021 1169 1072 ό
1198 1021 1340 1087 Θεός
1355 1038 1368 1051 ·
1387 1022 1510 1076 Ἰνα
1535 1027 1592 1078 τί
1620 1027 1701 1080 σὺ
1730 1028 1905 1098 διηγῇ

293 1129 304 1140 -
350 1097 426 1152 τὰ
449 1099 803 1173 δικαιώματά
830 1122 966 1174 μου,
997 1109 1092 1161 καὶ
1143 1109 1596 1181 ἁντιλαμϐάνεις
1639 1116 1754 1184 τὴν
1785 1097 1914 1171 Ara?

349 1191 548 1260 θήκην
572 1211 688 1262 μου
727 1196 825 1249 διὰ
866 1198 969 1252 τοῦ
1004 1202 1298 1269 στόματός
1327 1218 1442 1258 σου
1464 1222 1483 1268 ;
1532 1209 1840 1263 Μετάϐασιν
1883 1212 1910 1262 ὁ

348 1281 509 1350 λόγος
555 1282 666 1353 ἔχει
713 1285 818 1338 ἀπὸ
854 1285 946 1339 τοῦ
983 1288 1090 1341 τῶν
1130 1290 1353 1346 δικαίων
1393 1295 1668 1365 τάγματος
1713 1299 1804 1352 ἐπὶ
1849 1299 1910 1352 τὸ

346 1373 537 1443 τάγμα
568 1370 674 1427 τῶν
701 1375 970 1447 πονηρῶν.
1018 1380 1220 1434 Ἐκεῖνο
1247 1382 1354 1454 γάρ
1371 1401 1423 1438 τι
1449 1386 1607 1440 πλέον
1636 1388 1779 1459 ἔσχε,
1811 1390 1909 1460 τῆς

347 1465 547 1535 καινῆς
575 1466 846 1539 Διαθήκης
875 1467 972 1539 τὴν
997 1471 1326 1544 ἐπιστήμην.
1383 1476 1723 1549 Ἀμαρτωλδν
1759 1481 1813 1534 δὲ
1848 1483 1906 1534 οὐ

344 1554 443 1606 τὸν
472 1555 747 1628 ἀλλότριον
775 1556 880 1610 τῶν
909 1559 1160 1630 Γραφῶν,
1193 1562 1327 1617 ἀλλὰ
1347 1565 1439 1618 τὸν
1473 1571 1794 1642 παραϐάτην
1821 1590 1912 1626 κα-

345 1643 450 1700 λεῖ.
493 1647 732 1718 Ἐλέγχει
762 1649 817 1702 δὲ
852 1651 1014 1705 αὑτὸν
1036 1654 1138 1707 οὐκ
1159 1655 1250 1708 ἐπὶ
1288 1659 1594 1729 παραϐάσει
1631 1663 1910 1719 σαϐϐάτων

343 1737 378 1808 ἢ
409 1737 630 1802 θυσιῶν,
670 1740 944 1811 ἢτοιῶνδε
979 1742 1301 1816 βρωμάτων,
1332 1749 1467 1804 ἀλλά
1517 1753 1626 1807 τῶν
1675 1756 1911 1824 φυσικῶν

2013 571 2156 627 enim
2189 573 2580 641 promissiones
2627 570 2907 642 Scriptura
2954 577 3126 634 vocat,
3179 577 3237 624 ut
3282 583 3403 623 eum
3437 571 3512 623 ait
3548 588 3562 625 τ

2014 664 2074 718 Si
2103 672 2274 716 votum
2307 679 2509 727 voveas,
2541 661 2791 716 netardes
2818 661 3030 716 reddere
3053 661 3142 713 ⁸⁸⁸.
3174 659 3364 715 Melius
3394 660 3565 729 siqui,-

2013 751 2134 804 dem
2165 758 2380 806 estnon
2410 767 2623 818 vovere,
2667 765 2828 821 quam
2869 765 3066 805 vovere
3093 758 3147 805 et
3181 764 3288 804 non
3319 748 3560 805 reddere.

2015 841 2105 896 Sic
2137 842 2301 912 igitur
2335 857 2456 897 eum
2489 842 2844 899 seminaveris
2875 843 2941 898 ad
2968 841 3260 912 justitiam,
3292 856 3477 912 speres
3511 847 3564 896 te

2012 931 2248 986 fructum
2283 933 2406 987 vitae
2435 933 2814 988 collecturum.

2081 1023 2245 1081 Vens.
2285 1015 2368 1080 16'.
2407 1026 2682 1080 Peccatori
2708 1035 2882 1080 autem
2911 1025 3046 1079 dixit
3079 1025 3212 1079 Deus
3241 1024 3475 1092 :quare
3509 1033 3564 1076 tu

2008 1133 2226 1170 enarras
2238 1118 2481 1186 justitias
2505 1134 2667 1182 meas,
2697 1128 2744 1172 et
2765 1119 2989 1172 assumis
3013 1125 3377 1172 testamentum
3398 1131 3564 1168 meum

2007 1223 2098 1275 per
2126 1223 2182 1260 os
2214 1209 2404 1262 tuum?
2434 1206 2838 1262 Transitionem
2874 1224 3054 1263 sermo
3088 1208 3246 1261 habet
3278 1207 3346 1261 ab
3378 1206 3567 1260 ordine

2003 1298 2278 1368 justorum
2336 1299 2404 1352 ad
2443 1298 2691 1353 ordinem
2729 1299 3123 1367 improborum.
3159 1296 3251 1352 Ille
3292 1297 3436 1352 enim
3469 1297 3567 1350 ali-

2008 1389 2138 1460 quid
2160 1389 2398 1460 amplius
2410 1389 2622 1454 habuit,
2649 1389 2858 1445 scilicet
2885 1390 3010 1444 novi
3035 1388 3368 1446 Testamenti
3389 1388 3568 1443 scien-

2008 1481 2161 1534 tiam.
2192 1479 2540 1536 Peccatorem
2570 1486 2774 1543 autem,
2796 1494 2905 1532 non
2934 1479 3167 1534 alienum
3189 1493 3219 1532 a
3245 1477 3561 1548 Scripturis,

2009 1567 2108 1624 sed
2139 1569 2614 1638 praevaricatorem
2643 1574 2823 1622 vocat.
2856 1567 3120 1638 lllumque
3145 1567 3411 1637 coarguit,
3435 1581 3565 1641 .non

2009 1659 2076 1715 de
2111 1660 2547 1730 transgressione
2599 1659 2746 1713 circa
2785 1659 3014 1714 sabbata
3058 1667 3152 1713 aut
3194 1658 3419 1723 hostias,
3474 1665 3567 1712 aut

2012 1753 2218 1808 similes
2240 1767 2396 1808 escas
2425 1791 2441 1815 ,
2470 1751 2564 1806 sed
2594 1751 2662 1807 de
2689 1752 2865 1822 legum
2895 1752 3225 1806 naturalium
3253 1751 3564 1814 violatione.

344 1833 548 1900 νόμων,
585 1833 668 1900 ἐφ’
694 1827 772 1896 οἷς
800 1834 1002 1904 ἀνόητα
1029 1831 1097 1907 ἦν
1129 1837 1275 1909 αὐτῷ
1313 1840 1406 1893 τοῦ
1453 1842 1587 1897 Θεοῦ
1637 1845 1704 1899 τὰ
1741 1848 1899 1918 μαθή-

2012 1858 2244 1915 quarum
2277 1843 2623 1914 disciplinam
2673 1859 2704 1898 a
2760 1843 2869 1898 Deo
2925 1844 3176 1898 traditam
3222 1858 3318 1914 pro
3374 1843 3566 1897 insana

342 1937 525 1990 ματα·
573 1921 742 1975 ταῦτα
777 1923 883 1994 γὰρ
941 1925 1268 1997 ἁμαρτάνων
1314 1931 1639 2003 άπέρῤιπτε.
1682 1937 1908 2000 Φυσικὸς

342 2011 458 2085 γὰρ
497 2016 525 2066 ὁ
553 2015 716 2085 νόμος
752 2015 812 2068 τὸ
847 2017 921 2089 μὴ
951 2017 1062 2071 δεῖν
1097 2024 1288 2088 ποιεῖν,
1313 2022 1348 2076 ἆ
1379 2023 1444 2096 δὴ
1479 2027 1668 2080 παθεῖν
1699 2029 1760 2082 οὐ
1791 2029 1910 2100 βου-

339 2105 570 2176 λόμεθα.
598 2107 790 2178 Μοιχοὶ
819 2109 876 2163 δέ
921 2115 1014 2168 καὶ
1054 2119 1105 2169 οἱ
1143 2114 1290 2170 ἀθεοι
1331 2117 1739 2192 εἰδωλολάτραι⁸
1791 2121 1911 2176 κλέ-

340 2211 482 2246 πται
509 2193 566 2246 δέ
595 2194 688 2247 καὶ
712 2198 760 2248 οε
807 2197 1128 2268 κλέπτοντες
1158 2205 1255 2277 τὴν
1293 2206 1568 2278 ἀλήθειαν.
1621 2210 1754 2263 Ποτὲ
1810 2211 1907 2281 μὲν

338 2281 439 2340 οὖν
462 2327 476 2352 ,
524 2289 976 2362 Ἐπαρρησιάζου,
1027 2296 1178 2365 φησὶ,
1203 2299 1268 2366 τῇ
1301 2298 1489 2368 κακία,
1536 2299 1664 2352 ποτὲ
1698 2301 1773 2363 δὲ,
1809 2304 1905 2354 Δο-

338 2377 474 2442 λίως
525 2381 894 2448 ἐπεϐούλευες,
941 2387 1264 2456 προσεποιοῦ
1320 2389 1377 2442 δέ
1427 2391 1662 2461 γνησίως
1709 2394 1802 2445 xal.
1831 2393 1905 2457 ὠς

338 2469 592 2537 ἀδελφοῖς
643 2475 849 2544 ὁμιλεῖν
875 2513 888 2538 ,
954 2475 1128 2548 λάθρα
1170 2478 1371 2532 τούτων
1422 2481 1768 2535 καταλαλῶν·
1818 2484 1903 2536 ἐν-

337 2561 567 2634 ήδρευες
607 2565 664 2618 δέ
719 2567 812 2620 καὶ
841 2569 966 2631 τοὺς
988 2569 1051 2622 ἐκ
1082 2569 1181 2640 τῆς
1206 2572 1372 2643 αὐτῆς
1402 2590 1480 2626 σοι
1513 2575 1737 2646 μητρὸς,
1787 2576 1904 2646 ἦτοι

337 2659 682 2728 συναγωγῆς,
709 2659 742 2730 ἢ
773 2661 865 2713 καὶ
911 2660 1202 2731 ἐκκλησίας
1222 2680 1235 2694 ·
1283 2665 1366 2733 ἐφ’
1395 2661 1475 2728 οἷς
1503 2667 1636 2737 ἐμοῦ
1667 2667 1905 2722 σιωπῶν-

335 2761 426 2811 τος
454 2749 616 2818 ήνίκα
645 2752 1036 2824 ἐνηνθρώπησα
1054 2772 1068 2786 ⁸
1095 2756 1128 2826 ἦ
1159 2757 1251 2809 καὶ
1276 2756 1486 2822 ἄλλωςύ
1532 2759 1653 2812 Ἐπὶ
1691 2759 1752 2813 τὺ
1793 2763 1902 2831 χεῖ-

338 2856 430 2912 ρον
460 2839 706 2907 ἐϐάδιζες
737 2848 1090 2918 ναταφρονῶν
1118 2849 1214 2919 τῆς
1248 2851 1386 2921 ἐμῆς
1418 2852 1777 2923 χρηστότητος
1809 2854 1901 2907 καὶ

334 2932 431 3002 τῆς
489 2933 689 3004 ἀνοχῆς
741 2936 961 3007 καὶτῆς
1021 2939 1432 3010 μακροθυμίαςο
1467 2941 1546 2993 διὸ
1577 2941 1762 2995 λοιπὸν
1804 2944 1902 2996 οὐκ

335 3022 616 3094 ἀνέξομαι.
657 3026 768 3078 Καὶ
796 3027 903 3098 γὰρ
925 3027 1159 3080 διέκεισό
1191 3045 1256 3098 με
1288 3028 1387 3092 τὰς
1421 3029 1518 3092 σὰς
1551 3030 1902 3101 ἀποδέχεσθαι

338 3114 586 3184 πράξεις,
613 3116 646 3186 ἢ
678 3117 769 3169 καὶ
803 3117 1007 3188 μηδένα
1040 3119 1241 3172 τούτων
1271 3121 1594 3192 μεμνῆσθαι.
1629 3121 1764 3174 Ἀλλ’
1789 3121 1899 3190 ἐγώ

2013 1935 2286 1991 habebat:
2330 1935 2470 1988 hanc
2520 1935 2665 1990 enim
2719 1934 2994 2004 peccando
3041 1934 3260 2004 abjecit.
3293 1933 3566 1990 Naturalis

2008 2027 2208 2097 quippe
2243 2028 2328 2081 lex
2352 2042 2415 2082 ea
2438 2034 2543 2090 est,
2575 2026 2775 2082 nemini
2810 2025 2988 2081 facere
3014 2040 3136 2096 qua;
3163 2025 3277 2094 pati
3306 2025 3562 2082 nolimus.

2009 2115 2202 2171 Μαιοὴί
2231 2125 2408 2170 autem
2441 2124 2586 2180 sunt,
2621 2115 2770 2186 impii
2800 2116 3098 2171 idololatrze
3122 2160 3137 2184 ,
3174 2123 3227 2172 et
3262 2116 3430 2182 fures,
3465 2117 3562 2187 qui

2007 2208 2285 2261 veritatem
2339 2206 2695 2261 suﬂ‘urantur.
2727 2206 2884 2262 Modo
2919 2208 3084 2277 igitur
3113 2208 3189 2261 ait
3218 2228 3230 2262 :
3270 2209 3335 2262 In,
3359 2207 3564 2262 malitia

2005 2299 2343 2365 confidebas;
2366 2315 2518 2353 mox:
2550 2298 2742 2354 Dolose
2763 2299 3132 2363 insidiabaris,
3161 2299 3564 2369 simulabasque

2004 2397 2057 2445 te
2089 2389 2302 2444 sincere
2331 2397 2384 2444 et
2416 2390 2573 2460 quasi
2603 2406 2726 2445 cum
2762 2388 3026 2444 fratribus
3058 2389 3318 2458 colloqui,
3351 2389 3563 2444 etclam

2003 2480 2070 2534 iis
2099 2479 2462 2536 maledicebas
2484 2498 2502 2547 ;
2527 2480 2754 2536 insidias
2782 2481 3034 2536 struebas
3067 2481 3136 2536 iis
3160 2481 3252 2551 qui
3279 2495 3343 2536 ex
3373 2482 3563 2536 eadem

2001 2585 2165 2641 quam
2196 2579 2253 2626 tu
2282 2579 2457 2626 matre
2484 2572 2592 2626 orti
2621 2578 2770 2636 sunt,
2798 2571 2912 2626 sive
2931 2587 2995 2626 ex
3026 2570 3329 2643 Synagoga,
3355 2571 3469 2627 sive
3496 2586 3563 2626 ex

2002 2661 2291 2720 Ecclesia:
2323 2664 2389 2718 de
2434 2649 2634 2734 quibus
2672 2679 2772 2734 ego
2801 2663 3049 2730 silebam,
3103 2661 3321 2734 quando
3369 2664 3563 2719 huma-

2000 2767 2124 2805 nam
2156 2753 2428 2823 assumpsi
2461 2762 2730 2807 naluram.
2761 2752 2884 2806 Sive
2909 2753 3016 2806 alio
3037 2754 3200 2809 modo
3226 2773 3239 2808 :
3270 2753 3351 2808 Ad
3378 2753 3562 2824 pejora

2001 2842 2337 2912 gradiebare,
2374 2844 2873 2906 mansuetudinem,
2902 2843 3211 2915 patientiam
3242 2853 3295 2899 et
3324 2845 3562 2898 toleran-

2003 2936 2129 2990 tiam
2160 2952 2333 2991 meam
2358 2937 2707 3005 despiciens:
2746 2952 2917 3005 quare
2951 2936 3183 2990 ulterius
3216 2950 3325 2990 non
3363 2935 3556 3004 patiar.

2001 3025 2135 3080 Nam
2170 3029 2250 3081 sic
2270 3026 2496 3082 affectus
2520 3043 2665 3091 eras,
2692 3035 2749 3081 ut
2779 3035 2999 3097 putares
3024 3041 3109 3080 me
3134 3035 3283 3096 gesta
3331 3027 3560 3096 probare

2002 3129 2114 3183 tua,
2149 3129 2242 3174 aut
2271 3119 2541 3175 neminem
2569 3135 2757 3175 eorum
2793 3119 3228 3175 recordaturum.
3275 3120 3343 3172 At
3376 3135 3474 3190 ego
3509 3128 3561 3176 te

341 3222 398 3258 σε
425 3207 714 3279 διελέγχων
739 3210 841 3281 πρὸ
868 3187 978 3264 τῶν
1006 3210 1112 3264 σῶν
1150 3187 1447 3283 ὀφθαλμῶν
1475 3215 1687 3268 ἅπαντα
1728 3187 1894 3287 θήσω,

2001 3225 2257 3283 arguens,
2293 3212 2472 3266 omnia
2506 3211 2604 3265 tibi
2628 3212 2698 3266 ob
2722 3213 2910 3268 oculos
2941 3226 3159 3282 ponam,
3200 3219 3278 3276 ut,
3318 3211 3402 3267 his
3430 3228 3559 3267 cou-

337 3298 485 3364 ὓπως
519 3300 659 3370 ὁρῶν
691 3303 1000 3377 αἰσχυνθῇς.

470 3431 581 3484 ΕΙΣ
619 3429 706 3488 ΤΟ
742 3433 1284 3509 ΤΕΛΟΣ,ΨΑΛΜοΣ
1324 3439 1408 3493 ΤΩ
1445 3440 1641 3492 ΔΑΥΙΔ
1679 3440 1762 3496 N'.

347 3521 446 3576 Ἔν
478 3523 558 3590 τῷ
592 3526 788 3601 ἐλθεῖν
823 3530 984 3601 πρὸς-
996 3529 1181 3583 αὐτὸν
1199 3530 1403 3584 Ναϐὰν
1428 3530 1542 3583 τὸν
1562 3530 1892 3601 προφήτην,

643 3597 828 3664 ἡνίκα
849 3598 1096 3671 εἰσῆλθε
1119 3601 1267 3668 πρὸς
1289 3597 1609 3669 Βηρσαϐεέ.

417 3708 709 3777 Ἐλέησόν
735 3728 831 3781 με,
869 3714 902 3765 ό
933 3712 1095 3779 Θεὸς,
1119 3717 1269 3769 κατὰ
1299 3715 1362 3768 τὸ
1383 3714 1536 3785 μέγα
1563 3714 1733 3779 ἔλεός
1759 3708 1892 3770 σου.

348 3800 432 3863 Ὠς
453 3800 549 3853 ἐπὶ
567 3802 786 3874 μεγάλῳ
805 3803 860 3856 δέ
887 3804 1060 3876 ψυχῆς
1092 3805 1361 3878 τραύματι
1420 3806 1652 3878 μεγάλου
1692 3807 1896 3861 δεῖσθαι

335 3890 484 3944 ἐλέου
511 3891 776 3962 ὁμολογεῖ.

414 3981 540 4034 Ἐπὶ
564 3981 776 4036 πλεῖον
817 3983 1053 4040 πλῦνόν
1069 4003 1146 4055 με
1174 3985 1291 4040 ἀπὸ
1322 3985 1429 4054 τῆς
1466 3988 1715 4057 ἀνομίας
1753 4007 1891 4058 μου,

338 4071 427 4125 καὶ
455 4071 576 4126 ἀπὸ
604 4071 711 4140 τῆς
737 4073 1022 4143 ἁμαρτίας
1034 4094 1153 4146 μου
1185 4077 1512 4146 καθάρισον
1531 4096 1627 4148 με.
1661 4079 1797 4150 Ὅρα
1838 4079 1894 4132 δέ

336 4163 468 4234 πρὸς
494 4163 555 4216 τὸ
588 4165 821 4236 Χριστοῦ
853 4167 1011 4221 πάλιν
1040 4170 1364 4240 μυστήριονο
1389 4170 1488 4242 τὴν
1512 4171 1618 4242 γὰρ
1662 4172 1721 4224 ἐν
1747 4171 1896 4242 νόμῳ

335 4255 597 4326 κάθαρσιν
626 4257 774 4328 ἢτοῦ
807 4257 1176 4330 βαπτίσματος
1215 4261 1612 4335 ὑπερϐαίνουσα
1644 4263 1892 4334 δύναμις,

335 4347 420 4400 καὶ
441 4348 650 4421 ταύτης
677 4350 775 4420 τῆς
800 4349 978 4420 ψυχῆς
1009 4351 1297 4422 ἐργάζεται
1341 4352 1622 4425 κάθαρσιν.
1683 4354 1893 4424 Ἐκείνη

334 4438 433 4512 γὰρ
465 4439 600 4511 πρὸς
631 4442 728 4512 τῆς
757 4442 930 4515 ψυχῆς
955 4444 1425 4514 προσελαμϐάνετο
1457 4445 1820 4516 καθαρότητα.

1999 3303 2221 3374 spectis,
2256 3301 2462 3370 pudore
2494 3303 2766 3358 alliciar-is.

2178 3437 2227 3488 i'.
2269 3433 2334 3488 IN
2373 3433 2945 3496 FINEM,PSALMUS
2988 3433 3198 3490 DAVID
3234 3435 3300 3490 L.

2074 3529 2127 3583 ‘2.
2159 3528 2289 3584 Cum
2320 3530 2453 3584 venit
2479 3527 2547 3582 ad
2572 3530 2688 3582 eum
2725 3528 2942 3600 Nat/mn
2973 3529 3246 3598 propheta,
3270 3529 3479 3600 quando

2465 3600 2674 3653 intravit
2703 3600 2771 3652 ad
2807 3599 3080 3655 Bersabee.

2065 3707 2231 3763 Vens.
2265 3707 2316 3762 3.
2354 3707 2604 3762 Miserere
2641 3710 2759 3772 mei,
2799 3708 2961 3773 Deus,
2997 3709 3278 3764 secundum
3311 3725 3556 3780 magnam

1997 3797 2410 3851 misericordiam
2445 3806 2610 3850 tuam.
2645 3796 2812 3863 Quasi
2858 3811 2956 3866 pro
2985 3811 3183 3868 inagno
3214 3797 3407 3851 animae
3441 3798 3556 3852 vul-

1996 3904 2147 3952 nere,
2179 3903 2372 3960 magna
2404 3888 2778 3943 misericordia
2807 3903 2945 3959 opus
2973 3903 3100 3944 esse
3129 3887 3436 3943 conﬁtetur.

2066 3981 2231 4037 Vens.
2266 3983 2320 4036 4.
2346 3980 2586 4050 Amplius
2617 3981 2735 4035 lava
2764 3997 2843 4034 me
2875 3979 2941 4034 ab
2974 3981 3248 4050 iniquitate
3277 3996 3412 4044 mea,
3443 3989 3490 4033 et
3521 3998 3554 4033 a

1994 4082 2203 4141 peccato
2233 4089 2344 4126 meo
2378 4071 2574 4126 munda
2613 4089 2713 4126 me.
2751 4070 2984 4141 Respice
3029 4071 3220 4126 iterum
3259 4070 3322 4124 ad
3352 4068 3553 4124 Christi

1996 4165 2351 4235 mysterium;
2405 4179 2528 4219 nam
2563 4163 2882 4234 purgatione
2909 4163 3043 4234 legis
3075 4161 3417 4232 praestantior
3459 4162 3554 4216 ba-

1995 4257 2175 4326 ptismi
2200 4258 2396 4319 virtus,
2432 4256 2591 4325 hujus
2621 4257 2812 4310 anima:
2838 4254 3281 4309 emundationem
3318 4252 3548 4325 perﬁcit.

1993 4347 2127 4402 Nam
2151 4349 2238 4401 ilia
2260 4347 2326 4402 ad
2349 4347 2540 4401 anima:
2573 4348 2859 4416 puritatem
2894 4345 3120 4401 advecta
3147 4350 3250 4400 est.

401 4532 506 4592 Σοὶ
531 4534 694 4602 μόνῳ
717 4533 976 4603 ἥμαρτον
1006 4535 1102 4588 καὶ
1131 4535 1196 4588 τὸ
1218 4536 1482 4605 πονηρὸν
1508 4535 1763 4590 ἐνώπιόν
1779 4551 1898 4590 σου·

2067 4528 2230 4584 Vens.
2263 4528 2316 4582 6.
2353 4527 2468 4582 Tibi
2494 4527 2592 4582 soli
2617 4529 2825 4598 peccavi
2851 4537 2898 4581 et
2923 4526 3121 4581 malum
3151 4539 3328 4580 coram
3357 4534 3404 4577 te
3430 4523 3549 4592 feci,

333 4621 606 4691 ἐποίησα,
643 4623 801 4691 ὅπως
821 4624 897 4680 ἂν
923 4625 1237 4696 δικαιωθῇς
1264 4627 1332 4680 ἐν
1357 4627 1480 4693 τοῖς
1514 4629 1718 4696 λόγοις
1753 4644 1890 4691 σου,

333 4717 424 4769 καὶ
454 4709 716 4784 νικήσῃς
745 4716 816 4770 ἐν
846 4715 924 4783 τῷ
948 4719 1255 4786 κρίνεσθαί
1280 4735 1372 4774 σε.
1399 4720 1473 4773 Οὐ
1511 4719 1677 4772 τοῦτό·
1708 4736 1888 4790 φησιν,

334 4803 407 4858 ὅτι
426 4805 520 4860 τὸν
541 4807 740 4878 Οὐρίαν
768 4807 868 4862 οὐκ
900 4808 1158 4880 ἠδίκησαο
1209 4809 1321 4863 ἀλλ’
1349 4811 1435 4866 ὅτι
1473 4811 1570 4882 τὴν
1632 4810 1890 4880 μεγίστην

336 4898 671 4970 παρανομίαν
700 4900 779 4963 εἰς
806 4899 963 4952 αὐτὸν
992 4900 1290 4971 τετόλμηκε
1319 4901 1410 4954 τὸν
1432 4901 1582 4964 Θεὸν,
1618 4900 1724 4954 ἀπὸ
1752 4917 1886 4972 προ-

334 4987 536 5049 ϐατέως
584 4989 682 5060 μέν
730 4989 1018 5061 γενόμενος
1064 4991 1334 5062 βασιλεὺς,
1364 4995 1643 5065 κρατήσας
1692 4994 1748 5047 δὲ
1779 4993 1886 5046 τῶν

334 5078 558 5152 ἐχθρῶν,
583 5081 939 5146 παντοδαποῖς
972 5082 1028 5134 δὲ
1057 5084 1350 5154 κοσμηθεὶς
1375 5084 1616 5153 ἀγαθοῖς,
1653 5086 1744 5139 καὶ
1779 5102 1887 5138 τοι-

336 5167 501 5232 ούτοις
526 5169 616 5222 τὸν
649 5169 942 5242 εὐεργέτην
968 5172 1356 5244 ἀμειψάμενος.
1405 5175 1477 5226 Τὸ
1514 5175 1592 5238 δὲ,
1633 5173 1886 5228 ἐνώπιόν

337 5271 464 5324 σου,
495 5259 589 5312 καὶ
615 5261 672 5312 ἐν
691 5262 755 5330 τῇ
777 5261 987 5331 ἱστορίᾳ
1011 5261 1335 5333 δεδήλωται·
1371 5263 1683 5343 Ὠφθηπὰρ
1732 5265 1884 5336 φησὶ,

339 5353 399 5408 τὸ
422 5351 662 5421 γεγονὸς
694 5352 958 5421 πονηρὸν
991 5353 1246 5409 ἐνώπιον
1280 5356 1519 5424 Κυρίου.
1565 5357 1636 5408 ’Ἡ
1681 5355 1884 5420 οὕτως·

347 5442 586 5497 Ἐδόκουν
616 5461 700 5504 τις
729 5440 864 5497 εἶναι
890 5444 1054 5498 πάλαι
1081 5448 1408 5519 σκεπόμενος
1438 5448 1542 5501 ὑπὸ
1571 5446 1684 5501 σοῦ.
1719 5447 1886 5501 Νενο-

295 5549 298 5553 ·
343 5549 469 5601 μικα
488 5534 746 5591 δὲλοιπὸν
771 5539 1060 5602 ἀσάλευτος
1086 5534 1226 5594 εἶναι
1252 5582 1269 5605 ,
1307 5541 1477 5609 λέγων
1505 5542 1574 5595 ἐν
1601 5541 1676 5610 τῇ
1715 5543 1887 5607 εὐθη-

339 5629 432 5692 ria
469 5641 587 5692 μου
611 5667 624 5680 .
662 5630 742 5681 Οὐ
780 5631 865 5696 μὴ
897 5612 1215 5694 ’σαλευθῷο
1274 5632 1353 5684 διὸ
1390 5633 1772 5702 ἀπέστρεψας
1819 5631 1886 5685 τὸ

1999 4630 2054 4673 ut
2078 4621 2386 4690 justiﬁceris
2424 4621 2476 4673 in
2501 4619 2824 4674 sermonibus
2853 4619 2954 4672 tuis
2986 4626 3036 4672 et
3064 4618 3240 4671 vincas
3270 4631 3385 4668 cum
3402 4613 3553 4683 judi-

1997 4713 2159 4766 caris.
2198 4709 2317 4765 Non
2347 4710 2449 4764 hoc
2498 4709 2608 4762 ait:
2647 4709 2789 4763 Uria:
2823 4708 3079 4777 injuriam
3132 4720 3242 4759 non
3272 4701 3415 4770 feci.
3457 4703 3552 4757 sed

1995 4804 2122 4874 quia
2152 4817 2408 4874 magnum
2453 4803 2632 4858 scelus
2675 4802 2730 4855 in
2763 4800 2930 4856 Deum
2979 4796 3194 4869 aggredi
3241 4810 3408 4851 ausus
3435 4804 3550 4856 est,

1994 4895 2085 4966 qui
2115 4911 2181 4950 ex
2214 4903 2428 4966 pastore
2460 4909 2557 4949 rex
2580 4893 2825 4956 eﬂ‘eclus,
2849 4890 3086 4946 inimicis
3115 4888 3364 4952 devictis,
3393 4893 3553 4956 atque

1993 4986 2157 5040 nullis
2189 5001 2296 5040 non
2324 4993 2550 5038 ornatus
2575 4980 2876 5044 beneﬁciis,
2903 4979 3144 5035 beneﬁco
3164 4993 3258 5049 per
3285 4977 3392 5032 tale
3421 4977 3554 5033 facio

1992 5091 2098 5131 nus
2140 5075 2370 5146 gratiam
2413 5073 2742 5144 rependerit.
2777 5071 2912 5126 Illud
2963 5079 3142 5126 autem
3182 5086 3360 5124 coram
3397 5078 3465 5134 te,
3497 5069 3550 5121 in

1993 5169 2220 5225 historia
2243 5168 2588 5239 explicatur:
2626 5166 2807 5221 Visum
2833 5175 2932 5229 est,
2964 5164 3160 5235 inquit,
3186 5161 3324 5234 quod
3353 5162 3551 5231 fastum

1943 5294 1946 5296 -
1986 5273 2085 5328 est,
2121 5263 2318 5318 malum
2344 5277 2522 5316 coram
2552 5260 2779 5314 Domino
2805 5259 2872 5314 ⁸³.
2903 5257 3003 5313 Vel
3033 5258 3112 5314 sic
3143 5255 3548 5326 interpreteris:
3596 5287 3602 5293 -

1987 5354 2221 5410 Videbar
2252 5353 2452 5423 aliquis
2479 5368 2601 5410 esse
2633 5368 2757 5407 cum
2803 5367 2832 5406 a
2867 5358 2920 5406 te
2948 5360 3280 5421 protegerer,
3313 5345 3551 5400 aestima-

1989 5451 2220 5518 bamque
2250 5445 2468 5501 demum
2509 5460 2593 5500 me
2621 5444 2955 5499 immobilem
2987 5457 3129 5506 esse,
3154 5455 3280 5496 cum
3312 5437 3548 5492 dicerem

1987 5541 2040 5593 in
2071 5539 2401 5597 abundantia
2430 5554 2543 5596 mea
2570 5551 2589 5589 :
2623 5535 2745 5591 Non
2786 5534 3061 5596 movebar;
3113 5545 3280 5601 quare
3318 5525 3549 5581 avertisti

1988 5631 2174 5702 facient
2213 5639 2356 5685 tuam
2397 5649 2428 5684 a
2467 5647 2545 5685 me
2577 5638 2623 5687 et
2667 5629 2838 5698 factus
2882 5641 2994 5681 sum
3037 5621 3379 5678 conturbatus
3405 5617 3484 5670 "z
3516 5632 3547 5670 a

407 5785 464 5816 σε·
504 5784 656 5842 “cui.
695 5803 848 5854 mu,
879 5787 966 5841 21.
1046 5789 1086 5822 δ’
1127 5788 1169 5844 ll
1205 5787 1332 5856 Reg.
1367 5805 1454 5855 χι,
1485 5787 1571 5844 ἳἹ.
1649 5791 1692 5822 ⁸ο
1734 5787 1876 5844 Psal.

2000 5805 2083 5854 Ix,
2123 5787 2172 5858 7,
2208 5787 2258 5840 8.
