4010 6530
493 306 602 361 459
1205 311 1471 367 EUSEBII
1507 309 1981 366 CESARIENSIS
2018 308 2170 365 OPP.
2209 309 2392 366 PARS
2432 309 2518 366 Ill.
2555 339 2624 352 -—
2663 307 3071 364 EXEGETICA.
3621 307 3738 362 μθ

492 423 876 480 misericordia
906 434 997 480 tua
1039 426 1118 481 sic
1149 426 1400 488 edoctus,
1442 426 1564 480 Nisi
1605 426 1859 481 Dominus
1890 428 2059 496 a'diﬁ—

2163 427 2486 493 πρόσωπόν
2501 443 2614 480 σου
2635 426 2732 478 ἀπ’
2755 423 2921 493 ἐμοῦ,
2947 425 3041 478 καὶ
3063 425 3232 496 ἐγετῄ
3243 428 3356 492 θην
3380 424 3737 492 τεταραηιὲ·

500 519 697 572 caverit
740 517 974 582 domum,
1012 518 1066 571 in
1111 533 1301 572 vanum
1351 517 1722 572 laboraverunt
1767 521 1855 589 qui
1897 521 2065 587 a’diﬁ-

2163 535 2268 584 νος
2288 536 2300 547 ·
2332 519 2598 586 διδαχθεὶς
2630 518 2762 588 ἐλέῳ
2781 517 2856 588 τῷ
2881 517 2957 587 σῷ
2979 535 2991 545 ·
3030 515 3166 568 Ἐὰν
3181 515 3266 584 μὴ
3305 515 3521 580 Κύριος
3570 517 3735 568 οἰκο-

504 618 626 662 cattt
651 610 721 666 ".
2163 609 2399 679 δομήσῃ
2440 606 2642 674 οἷκον,
2683 611 2768 674 είς
2809 608 3013 677 μάτην
3057 607 3392 661 ἐκοπίασεν
3418 609 3470 659 οι
3501 605 3738 658 οἰκοδο-

2157 700 2432 768 μοῦντες.

576 786 738 844 Vens.
795 789 848 843 7.
905 789 1037 843 Ecce
1087 791 1225 843 enim
1276 791 1329 844 in
1375 793 1743 861 iniquitatibus
1792 805 2062 858 conceptus

2247 791 2391 844 Ἰδοὺ
2455 791 2560 859 γὰρ
2614 789 2684 842 ἑν
2727 789 2998 857 ἀνομίαις
3037 786 3461 856 συνελήφθην,
3506 785 3604 839 καὶ
3665 787 3740 838 ἐν

507 898 638 945 sum,
669 892 718 935 et
755 884 808 935 in
843 885 1069 950 peccatis
1098 887 1329 950 concepit
1360 902 1439 939 me
1465 895 1632 939 mater
1661 904 1792 940 mea.
1825 888 1946 942 Haec
1985 890 2062 943 si-

2162 880 2468 948 ἁμαρτίαις
2499 877 2795 945 ἐκίσσησέ
2817 895 2895 946 με
2921 880 2958 945 ἠ
2987 877 3184 945 μήτηρ
3200 895 3339 946 μου.
3375 879 3572 948 Ὅμοια
3594 877 3636 930 δ’
3667 877 3739 930 ἂν

505 973 647 1032 ωἱίίει
683 974 883 1028 fuerint
934 975 1002 1031 iis
1051 993 1173 1046 qua:
1222 978 1275 1031 in
1305 976 1406 1031 Job
1438 978 1732 1048 leguntur:
1778 979 2063 1034 Maledicta

2162 967 2244 1037 εῐη
2274 968 2366 1019 καὶ
2408 965 2579 1019 ταῦτα
2616 969 2727 1028 τοῖς
2761 966 2911 1036 παρὰ
2957 965 3035 1036 τῷ
3080 965 3197 1018 Ἰώδ
3219 985 3232 996 ·
3269 965 3735 1035 Ἐπικατάρατος

503 1064 607 1118 dies
626 1066 679 1118 in
703 1083 806 1134 qua
831 1076 985 1121 natus
1013 1085 1150 1127 sum.
1185 1079 1234 1122 et
1272 1085 1375 1122 nox
1401 1071 1453 1122 in
1484 1087 1587 1140 qua
1617 1071 1859 1124 dixerunt
1885 1086 1902 1123 .'
1934 1071 2066 1125 Ecce

2161 1061 2199 1127 ἡ
2238 1058 2425 1126 ἡμέρα
2454 1059 2525 1110 ἐν
2562 1053 2599 1130 ᾗ
2624 1057 2984 1126 ἐγεννήθην,
3015 1059 3111 1112 καὶ
3141 1060 3178 1126 ἡ
3213 1059 3328 1122 νὺξ
3351 1059 3422 1110 ἐν
3454 1053 3494 1129 ᾖ
3528 1055 3734 1112 εἶπαν..

503 1158 766 1211 masculus
813 1159 880 1212 ⁵³.
913 1158 1023 1212 Cur
1057 1162 1367 1227 maledicta,
1405 1163 1508 1216 nisi
1544 1165 1669 1232 quia
1703 1163 1756 1216 in
1807 1163 2064 1232 iniquita-

2174 1151 2318 1205 Ἰδοὺ
2350 1152 2555 1218 ἄρσεν.
2588 1150 2686 1203 Διὰ
2711 1152 2763 1203 τί
2796 1151 2904 1223 γὰρ
2931 1149 2996 1215 ἦν
3031 1153 3463 1221 ἐπικατὰρατος,
3508 1153 3622 1205 ἀλλ’
3648 1155 3737 1206 ὅτι,

467 1245 474 1322 ξ
502 1244 646 1300 tibus
674 1258 975 1318 conceptus
1017 1251 1144 1303 est?
1185 1250 1542 1322 Consequens
1571 1253 1714 1308 enim
1750 1261 1865 1307 erat
1897 1257 2050 1309 malet

2161 1246 2218 1296 ὲν
2248 1245 2496 1314 ἀνομίαις
2522 1244 2821 1314 συνελήφθη
2849 1262 2863 1306 ;
2917 1244 3218 1298 Ἀκόλουθον
3244 1245 3351 1315 γὰρ
3382 1240 3449 1315 ἦν
3487 1246 3729 1316 κατάραν

465 1325 471 1357 ⁵
501 1336 790 1392 dictionem
828 1339 1086 1409 subsequi
1124 1353 1428 1410 peccatum.
1463 1343 1655 1399 Iisdem
1710 1361 1842 1400 usus
1881 1347 2048 1403 verbis

2159 1335 2384 1389 ἕπεσθαι
2430 1336 2694 1407 ἁμαρτίᾳ.
2727 1337 2849 1399 Τοῖς
2897 1339 3077 1399 αυτοῖς
3143 1337 3411 1406 Ἱερεμίας
3464 1337 3734 1407 ἐχρήσατο

501 1438 581 1484 est
629 1427 934 1487 Jeremias:
974 1432 1265 1488 Maledicta
1322 1438 1434 1490 dies
1485 1439 1539 1490 in
1582 1455 1686 1507 qua
1717 1450 1872 1492 natus
1905 1457 2020 1493 sum
2044 1481 2058 1502 ,

2161 1430 2338 1498 φήσας
2359 1446 2370 1456 θ
2416 1426 2871 1494 Ἐπικατάρατος
2903 1430 2940 1495 ἡ
2975 1428 3157 1495 ἡμέρα
3184 1429 3255 1480 ἐν
3293 1423 3332 1500 ᾖ
3361 1429 3614 1495 ἐτέχθην
3662 1431 3733 1482 ἐν

411 1569 420 1576 ,
500 1530 546 1574 et
581 1538 686 1576 nox
717 1525 771 1576 in
822 1541 926 1594 qua
971 1528 1204 1595 concepit
1244 1544 1324 1580 me
1375 1540 1544 1582 mater
1587 1547 1700 1584 mea
1724 1531 1790 1586 ⁸³.
1839 1530 1994 1586 Beatu

2159 1522 2332 1590 αὐτῇ,
2373 1523 2468 1575 καὶ
2524 1524 2563 1589 ἡ
2591 1521 2705 1584 νὺξ
2730 1523 2800 1574 ἐν
2928 1520 3226 1574 συνέλιιϐἐ
3268 1538 3340 1589 με
3366 1519 3563 1589 μήτηρ
3587 1539 3732 1590 μου.

499 1614 642 1667 enim
698 1614 912 1680 fuisset,
971 1634 1078 1672 non
1127 1635 1355 1689 peccare
1387 1621 1615 1691 primam
1660 1623 1962 1684 mulierem,
2009 1631 2062 1677 et

2160 1615 2443 1684 Μακάρων
2470 1612 2576 1685 γὰρ
2600 1609 2666 1683 ἦν
2703 1613 2763 1664 τὸ
2793 1613 2924 1683 μηδὲ
2953 1613 3049 1683 τὴν
3093 1611 3316 1682 πρώτην
3361 1616 3590 1679 γυναῖκα
3621 1630 3731 1666 πα-

499 1715 771 1776 corruptae
801 1710 936 1778 proli
971 1725 1189 1780 cperam
1222 1728 1330 1766 non
1365 1713 1514 1776 dare.
1545 1729 1607 1767 ac
1637 1730 1854 1769 manere
1885 1715 1936 1767 in
1969 1731 2062 1784 pa-

2168 1706 2408 1776 ραϐᾱσαν
2437 1710 2503 1777 τῇ
2539 1706 2750 1777 φθαρτῇ
2789 1705 2998 1773 γενέσει
3040 1702 3499 1774 διακονήσασθαι,
3554 1704 3732 1774 μένειν

499 1771 682 1853 radisd
711 1771 914 1855 divinis
947 1771 1157 1872 angelis
1187 1804 1419 1859 similem
1446 1822 1462 1870 ;
1493 1771 1588 1860 sed
1635 1805 1832 1858 invidia
1862 1771 2062 1860 diaaoli

2164 1771 2220 1852 δὲ
2250 1800 2306 1851 ἐν
2354 1771 2663 1869 παραδείσω
2688 1771 2850 1860 θείοις
2887 1771 3256 1866 ὁμιοιωθείσαν⁷
3284 1771 3565 1864 ἀγγέλοις(
3599 1796 3733 1850 ἀλλὰ

499 1905 641 1943 mors
674 1890 888 1944 intravit
921 1894 975 1945 in
1024 1894 1273 1947 mundum
1303 1896 1369 1949 “.
1421 1894 1707 1951 Generatio
1738 1908 1915 1951 autem
1966 1913 2062 1966 per

2163 1893 2360 1960 φθόνῳ
2382 1890 2663 1943 διαϐόλου
2679 1889 2933 1954 θάνατος
2953 1887 3235 1954 εἰσῆλθεν
3247 1890 3333 1953 εὶς
3356 1888 3463 1941 τὸν
3479 1889 3727 1956 κόσμον.

498 1979 819 2048 sanguinem
852 1989 906 2036 et
934 1997 1154 2037 carnem
1199 1985 1363 2038 morti
1391 1983 1760 2047 ministrabat,
1792 1985 1857 2039 ad
1885 1985 2063 2054 conti-

2163 1984 2388 2054 Θανάτῳ
2411 1983 2466 2035 δὲ
2493 1985 2526 2053 ἡ
2552 1982 2618 2035 δι’
2652 1982 2896 2052 αἱμάτων
2920 1981 3013 2034 καὶ
3045 1981 3244 2052 σαρκὸς
3289 1982 3611 2052 ὑπηρετεῖτο
3640 1981 3731 2050 γέ-

499 2087 664 2126 nuam
700 2075 950 2130 mortalis
990 2075 1203 2144 generis
1235 2077 1664 2131 successionem.
1699 2074 2061 2142 Quamobrem

2163 2089 2306 2135 νεσις
2330 2073 2410 2132 εἰς
2432 2071 2526 2124 τοῦ
2551 2071 2743 2141 θνητοῦ
2763 2071 2952 2138 γένους
2982 2070 3260 2141 διαμονήν.
3299 2071 3390 2123 Διὸ
3416 2071 3508 2124 καί
3536 2073 3569 2142 ὴ
3605 2071 3729 2124 σύλ-

499 2163 806 2232 conceptio,
839 2174 1027 2236 utpote
1057 2168 1218 2220 morti
1246 2168 1513 2236 subjecta,
1547 2183 1575 2222 a
1606 2169 1782 2223 beatis
1814 2169 1946 2224 viris
1972 2168 2060 2221 in-

2163 2165 2351 2235 ληψις,
2383 2164 2582 2217 ὡσανεὶ
2629 2163 2840 2235 Θανάτῳ
2880 2162 3240 2233 ὑποκειμένη,
3286 2165 3397 2226 τοῖς
3445 2165 3732 2236 μακαρίοις

495 2253 808 2308 cusabatur.
841 2255 1200 2326 Symmachus
1251 2274 1399 2323 vero,
1441 2259 1494 2312 in
1545 2260 1864 2328 injustitiam
1915 2269 2060 2312 utero

2161 2256 2485 2310 διεϐάλλετο.
2503 2257 2562 2309 Ὀ
2585 2256 2641 2309 δὲ
2664 2256 2956 2326 Σύμμαχος
2973 2273 2984 2284 ·
3015 2257 3117 2319 Εἰς
3140 2253 3378 2307 ἀδικίαν
3392 2254 3727 2322 ὠδυνήθην,

495 2354 727 2416 gestatus
751 2365 890 2413 sum,
917 2358 966 2403 et
993 2351 1044 2402 in
1075 2353 1298 2418 peccatis
1326 2353 1605 2419 parturivit
1626 2369 1704 2406 me
1731 2362 1898 2406 mater
1924 2369 2056 2405 mea.

2163 2351 2260 2402 καὶ
2292 2351 2361 2402 ἐν
2394 2350 2704 2418 ἁμαρτίαις
2741 2347 2964 2414 ἐκύησέ
2983 2364 3060 2416 με
3087 2350 3123 2415 ἠ
3162 2347 3359 2416 μήτηρ
3403 2367 3537 2416 μου.
3584 2350 3733 2402 Ὠδο-

495 2436 552 2490 ln
589 2449 765 2503 utero,
795 2439 994 2508 inquit,
1029 2448 1270 2511 gestatus
1300 2458 1443 2504 sum,
1479 2452 1537 2496 ut
1564 2445 1850 2498 transirem
1879 2443 1945 2497 ad
1978 2444 2062 2496 in-

2161 2441 2330 2512 νήθην
2358 2440 2464 2510 γὰρ
2488 2441 2581 2492 καὶ
2605 2439 2862 2510 ὲκυήοην,
2900 2440 3081 2508 φησὶν,
3121 2439 3206 2491 ἵνα
3237 2439 3492 2511 παρέλθω
3519 2441 3599 2503 εἰς
3627 2442 3731 2494 ἀδι-

493 2531 782 2601 justitiam,
838 2532 1003 2602 idque
1035 2541 1096 2586 ut
1145 2534 1201 2588 in
1252 2535 1494 2604 peccatis
1527 2544 1709 2598 natus,
1761 2534 2059 2590 secundum

2162 2531 2305 2595 κίαν,
2338 2531 2431 2584 καὶ
2461 2531 2563 2594 ἵνα,
2592 2531 2650 2582 ὲν
2680 2529 2971 2600 ἁμαρτίαις
3001 2530 3306 2599 γενόμενος,
3333 2530 3569 2601 ἐλεγχθῶ
3593 2532 3732 2585 κατὰ

493 2621 637 2678 hanc
669 2624 942 2694 cogitandi
973 2625 1236 2680 rationem
1273 2641 1488 2696 arguar.
1527 2625 1642 2680 Non
1674 2627 1729 2680 in
1755 2628 2062 2698 iniquitati-

2159 2623 2364 2694 ταύτην
2390 2623 2488 2694 τὴν
2518 2623 2723 2675 ἔννοιαν
2743 2640 2756 2651 ο
2787 2623 2898 2675 Οὐκ
2920 2624 2976 2674 ἐν
2998 2623 3266 2692 ἁνομίαις,
3287 2623 3437 2693 φησὶ,
3471 2623 3568 2694 τῆς
3592 2625 3730 2693 ἐμῆς

493 2714 598 2768 bus
648 2716 840 2770 matris
875 2731 1027 2778 meae,
1087 2717 1282 2787 inquit,
1333 2728 1630 2788 conceptus
1669 2733 1811 2784 sum,
1867 2736 1974 2777 non
2007 2723 2060 2777 in

2164 2715 2497 2788 συνελήφθην
2528 2716 2752 2787 μητρὸς,
2782 2715 2901 2768 οὐδὲ
2925 2718 3042 2778 ταῖς
3065 2715 3257 2785 ἑαυτῆς
3300 2716 3550 2785 ἁνομίαις
3585 2717 3733 2770 ὲκίσ-

493 2805 877 2876 iniquitatibus
911 2808 1028 2862 suis
1075 2808 1192 2878 ipsa
1242 2811 1529 2879 parturivit
1561 2827 1646 2866 me
1679 2831 1693 2878 ;
1730 2813 1824 2868 sed
1868 2829 1968 2886 ego
2003 2815 2059 2870 in

2164 2808 2295 2878 σησέ
2328 2825 2391 2877 με
2416 2824 2429 2836 ·
2461 2807 2576 2860 ἀλλ’
2597 2805 2706 2875 ἐγὼ
2748 2808 2824 2869 εἰς
2857 2806 3067 2859 ἀδικίαν
3114 2806 3408 2877 ἐγεννήθην
3431 2846 3444 2870 ,
3496 2807 3695 2878 θνητὴν
3715 2847 3730 2870 ,

493 2893 832 2966 iniquitatem
890 2908 1051 2953 natus
1081 2914 1224 2961 sum,
1260 2899 1475 2952 mortali
1513 2900 1735 2956 indutus
1769 2917 1932 2958 carne
1962 2921 1977 2970 ;
2006 2913 2062 2960 et

2162 2900 2613 2971 nspc6a).).6pavo;
2669 2900 2846 2971 σάρκα
2907 2901 2999 2952 καὶ
3045 2899 3219 2953 ταῦτά
3270 2916 3449 2970 φημι,
3488 2900 3731 2968 ἐπείπερ

490 2989 606 3044 ιιωο
634 2990 776 3057 dico,
809 2991 1059 3062 quoniam
1099 2993 1367 3046 veritatem
1400 2991 1656 3048 dilexisti.

1230 3001 1367 3046 atem
1400 2991 1656 3048 dilexisti.
2161 2991 2450 3060 ἀλήθειαν
2476 2991 2812 3061 ἠγάπησας.

561 3077 726 3134 Vens.
767 3079 820 3133 9.
875 3084 1128 3150 Asperges
1193 3097 1272 3134 me
1322 3082 1567 3150 hyssopo,
1619 3093 1670 3136 et
1725 3085 2132 3154 mundabor:,.

2244 3083 2522 3150 Ῥαντιεῖς
2579 3101 2656 3154 με
2709 3082 2976 3150 ὑσσώπῳ
3023 3083 3121 3137 καὶ
3184 3081 3728 3153 καθαρισθήσομαι,

493 3168 692 3223 lavabis
726 3186 824 3234 me,
858 3179 907 3223 et
938 3186 1092 3236 super
1119 3173 1282 3224 nivem
1316 3171 1620 3228 deatbabor.
1659 3173 1938 3246 Hyssopus
1966 3194 2061 3231 va-

2161 3176 2415 3242 πλυνεῖς
2454 3193 2530 3244 με
2569 3176 2668 3228 καὶ
2701 3175 2852 3244 ὑπὲρ
2895 3177 3068 3244 χιόνα
3091 3173 3596 3244 λευκανθήσομαι,
3659 3176 3732 3228 Τὸ

491 3259 712 3314 cuitatis
742 3259 1029 3313 aﬂ‘ectuum
1065 3262 1368 3332 symbolum
1393 3272 1495 3327 est,
1527 3273 1581 3319 et
1615 3266 1821 3321 ablutio
1881 3272 2063 3340 cogni-

2163 3267 2412 3320 ὓσσωπὸν
2435 3268 2547 3320 ἐστι
2573 3266 2838 3336 σύμϐολον
2862 3267 3146 3331 ἀπαθείας,
3177 3268 3268 3320 καί
3299 3269 3332 3338 ἡ
3358 3267 3561 3330 ,πλύσις
3587 3266 3732 3335 γνῶ-

493 3350 700 3404 tionem
723 3351 994 3419 signiﬁcat
1017 3371 1028 3406 :
1057 3368 1154 3421 per
1177 3355 1502 3409 vacuitatem
1529 3357 1817 3412 atl‘ectuum
1836 3363 2062 3417 munda-

2164 3377 2246 3412 σιν
2298 3360 2568 3430 σημαίνειο
2603 3361 2697 3412 καὶ
2732 3358 2819 3412 διὰ
2863 3359 2960 3428 μὲν
2995 3359 3261 3423 ἀπαθείας
3299 3357 3727 3430 καθαριζόμεθα,

491 3456 636 3507 mur,
679 3451 734 3497 et
783 3457 879 3512 per
921 3444 1286 3514 cognitionem
1317 3446 1655 3502 dealbamur.

1592 3465 1655 3502 Ir.
2159 3451 2247 3504 διὰ
2280 3451 2335 3503 δὲ
2360 3452 2458 3520 τῆς
2487 3451 2736 3519 γνώσεως
2761 3450 3175 3520 λευκαινόμεθα.

572 3531 733 3589 Vsus.
776 3535 862 3588 11.
895 3535 1077 3590 Averte
1111 3537 1299 3606 faciem
1333 3549 1478 3592 tuam
1514 3557 1546 3594 a
1574 3544 1799 3608 peccatis
1829 3545 1980 3607 meis,
2011 3555 2062 3598 et

2244 3543 2654 3610 Ἀπόστρεψον
2675 3539 2741 3594 τό
2769 3541 3094 3608 πρόσωπόν
3113 3557 3229 3595 σου
3262 3541 3379 3596 ἀπὸ
3406 3540 3524 3594 τῶν
3545 3543 3728 3612 ἀμαρο

494 3641 671 3682 omnes
703 3627 1006 3697 iniquitates
1047 3647 1189 3685 meas
1227 3631 1360 3686 dele.
1394 3632 1512 3686 Alia
1543 3635 1782 3701 ratione,
1813 3637 1905 3706 qui
1943 3640 2064 3691 ani-

2160 3635 2298 3688 τιῶν
2312 3653 2451 3704 μου,
2479 3635 2575 3688 καὶ
2604 3633 2805 3700 πάσας
2821 3634 2927 3700 τὰς
2953 3635 3202 3703 ἀνομίας
3223 3652 3344 3703 μου
3377 3633 3721 3703 ἐξάλειψον.

495 3733 638 3772 mam
667 3733 696 3772 a
727 3720 867 3773 mala
894 3722 1228 3778 conscientia
1258 3732 1541 3796 purgatam
1573 3726 1753 3792 habet,
1783 3727 1891 3782 Deo
1915 3729 2062 3783 dixe-

2163 3727 2390 3790 Ἀλλως,
2415 3729 2442 3779 ὁ
2469 3727 2564 3797 μὲν
2593 3726 2690 3797 τὴν
2721 3725 2894 3797 ψυχὴν
2937 3725 3343 3797 κεκαθαρμένος
3396 3725 3502 3779 ἀπὸ
3549 3743 3725 3779 συνει-

492 3809 602 3864 rit:
657 3808 872 3865 Facient
927 3823 1094 3879 tuam,
1149 3814 1393 3882 Domine,
1427 3819 1712 3888 requiram,
1765 3837 1826 3876 ne
1855 3833 2058 3877 avertas

2159 3819 2363 3889 δήσεως
2405 3820 2644 3888 πονηρᾶς
2691 3818 2833 3870 εἴποι
2877 3815 2942 3870 ἂν
2981 3816 3058 3887 τῷ
3090 3817 3243 3888 Θεῴο
3293 3817 3365 3871 Τὸ
3407 3817 3727 3886 πρόσωπόν

491 3899 679 3968 faciem
732 3915 877 3956 tuam
926 3922 958 3956 a
1001 3921 1080 3958 me
1105 3907 1170 3960 ⁸⁵.
1207 3906 1310 3974 Qui
1360 3925 1488 3963 vero
1537 3911 1731 3965 animae
1774 3917 2057 3969 vulnerum

2159 3925 2294 3972 σου,
2323 3911 2517 3978 Κύριε,
2547 3908 2809 3982 ζητήσω,
2867 3908 2952 3978 μὴ
3004 3909 3394 3978 ἀποστρέψῃς
3438 3910 3502 3962 τὸ
3545 3908 3727 3976 πρόσ-

492 3991 791 4048 faaditatem
847 3997 1135 4065 conspicit,
1189 4013 1309 4053 sese
1363 4002 1644 4056 occultans
1693 4004 1816 4072 jure.
1865 4020 2060 4076 magno

2158 4001 2321 4052 ωπόν
2343 4017 2458 4054 σου
2485 4000 2584 4052 ἀπ’
2603 3998 2748 4068 ἐμοῦ
2769 4017 2782 4028 ·
2815 4000 2844 4051 ὁ
2869 3997 2922 4051 δὲ
2951 3998 3012 4050 τὸ
3036 3999 3255 4069 αἰσχρὸν
3284 3999 3390 4052 τῶν
3418 4000 3514 4071 τῆς
3552 4000 3725 4070 ψυχῆς

489 4083 660 4152 judici
693 4085 808 4143 ait:
845 4089 1029 4142 Averte
1075 4088 1266 4157 faciem
1301 4101 1446 4143 tuam
1482 4110 1514 4144 a
1543 4097 1765 4161 peccatis
1801 4099 1966 4157 meis;
2004 4108 2058 4153 at

2157 4091 2652 4165 τραυμάτων-ὁρῶν
2686 4091 3157 4163 ὲκκαλυπτὸμενος
3198 4091 3424 4154 εἰκότως
3471 4090 3618 4159 λέγει
3647 4091 3724 4163 τῷ

491 4190 601 4230 non
631 4191 663 4230 ιι
691 4177 898 4247 meipso
924 4220 938 4243 ,
969 4180 1062 4236 scd
1095 4182 1250 4251 quasi
1280 4197 1482 4253 aegrum
1517 4195 1729 4241 curato.

2161 4183 2378 4254 μεγάλῳ
2404 4185 2578 4254 ἶκριτῇ
2599 4200 2612 4212 ο
2662 4184 3076 4253 Ἀπόστρεψον
3120 4181 3186 4236 τὸ
3241 4185 3566 4251 πρόσωπόν
3607 4199 3725 4238 σου

2158 4274 2274 4328 ἀπὸ
2319 4273 2434 4326 τῶν
2470 4273 2764 4342 ἁμαρτιῶν
2791 4293 2927 4344 μου,
2957 4277 3092 4329 ἀλλά
3131 4276 3205 4349 μὴ
3240 4274 3300 4342 ἐξ
3330 4277 3480 4349 ⁸ἐμοῦ
3524 4277 3681 4331 αὐτοῦ
3704 4295 3722 4311 ·

2158 4367 2270 4421 ἀλλ’
2303 4367 2378 4431 ὼς
2405 4367 2660 4420 νοσοῦντα
2684 4367 3036 4440 θεράπευσον.

561 4442 728 4502 νεκε.
763 4448 850 4502 14.
881 4447 1054 4504 Redde
1077 4452 1206 4507 mihi
1231 4455 1477 4509 laetitiam
1499 4457 1756 4513 salutaris
1780 4463 1874 4514 tui.
1901 4463 2055 4528 Quod
2088 4469 2133 4522 Ι)

2241 4457 2491 4525 Ἀπόδος
2507 4477 2606 4528 μοι
2630 4460 2746 4526 τὴν
2763 4461 3125 4531 ἀταλλίασιν
3141 4461 3244 4516 τοῦ
3268 4464 3564 4531 σωτηρίου
3586 4478 3721 4519 σου.

490 4536 782 4595 discrimen
804 4541 945 4612 apud
973 4543 1226 4602 Hebrzeos
1253 4547 1325 4602 sit
1357 4548 1498 4604 inter
1521 4549 1672 4614 illud,
1706 4553 1896 4608 salutis
1928 4566 2051 4621 ture,

2164 4551 2426 4622 Πλείστης
2450 4552 2508 4606 δὲ
2531 4556 2656 4624 παρ’
2688 4555 2956 4627 Ἑϐραίοις
2981 4557 3092 4625 τῆς
3107 4557 3406 4629 κοινότερον
3429 4559 3726 4626 σωτηρίας

490 4631 634 4700 quod
687 4631 1002 4704 frequenter
1048 4639 1330 4704 occurrit,
1373 4649 1430 4695 et
1477 4643 1629 4705 illud.
1667 4646 1920 4703 salutaris
1955 4651 2052 4714 tui,

2161 4662 2276 4700 σου
2309 4646 2606 4718 λεγομένης
2635 4648 2728 4702 καὶ
2756 4648 2862 4703 τοῦ
2885 4650 3178 4716 σωτηρίου
3201 4665 3316 4704 σου
3337 4648 3724 4720 δηλοῦται-δια·-

490 4724 818 4784 declaratur.
869 4727 1003 4783 Nam
1043 4731 1197 4796 illud,
1245 4734 1480 4790 salutare
1522 4745 1688 4800 tuum,
1743 4741 1882 4810 apud
1933 4742 2054 4797 illos

2162 4739 2320 4809 φορά.
2357 4739 2628 4809 Γράφεται
2656 4739 2764 4812 γὰρ
2791 4739 2856 4794 τὸ
2889 4743 2986 4812 μὲν
3009 4740 3300 4809 σωτήριόν
3329 4755 3443 4794 σου
3468 4742 3594 4812 παρ’
3623 4742 3721 4793 αὑ-

490 4819 771 4885 scribitur,
798 4820 1046 4888 Jesuach,
1069 4826 1212 4895 quod
1239 4828 1527 4884 manifeste
1554 4831 1852 4890 Salvatoris
1881 4837 2052 4890 nostri

2159 4832 2288 4893 τοῖς,
2335 4828 2636 4899 Ἰησουὰχ,
2675 4830 2858 4898 σαφῶς
2884 4830 3076 4901 δηλοῦν
3102 4830 3336 4902 τοῦνομα
3355 4829 3454 4884 τοῦ·
3472 4832 3721 4904 Σωτῆρος

488 4904 620 4966 Jesu
652 4925 850 4966 nomen
875 4915 1147 4983 exprimit,
1180 4917 1260 4972 sic
1295 4919 1442 4974 enim
1472 4936 1661 4978 omnes
1689 4924 2050 4995 interpretan-

2158 4922 2311 4994 ἡμῶν
2350 4921 2550 4993 Ἰησοῦ·
2600 4921 2904 4993 συμφώνως
2963 4922 3071 4994 γὰρ
3102 4905 3288 4985 ὀὕτως
3335 4921 3720 4994 ἑρμηνεύουσιν

487 5004 617 5066 tur;
649 5001 780 5056 illud
807 5019 954 5065 vero,
987 5006 1178 5060 salutis
1207 5019 1310 5063 tua:
1341 5009 1555 5068 Isaach.

2156 5015 2420 5077 ἅπαντες·
2455 5015 2515 5067 τὸ
2535 5015 2610 5077 δὲ,
2644 5016 2903 5082 σωτηρία
2929 5029 3066 5078 σου,
3099 5014 3354 5069 Οισουάθ
3377 5017 3471 5088 (1).

562 5090 725 5148 Vsus.
763 5095 846 5149 i9.
875 5094 1208 5168 Sacri/icium
1239 5101 1348 5158 Deo
1376 5106 1592 5173 spiritus
1622 5107 2004 5163 contributatus
2029 5126 2048 5164 :

2227 5107 2416 5161 Θυσία
2435 5105 2512 5172 τῷ
2529 5106 2648 5172 Θεῷ
2663 5107 2896 5176 πνεῦμα
2917 5106 3417 5176 συντετριμμένον
3435 5125 3449 5137 ο
3472 5107 3721 5176 καρδίαν

479 5201 571 5239 cor
612 5186 896 5240 contritum
946 5198 996 5242 et
1025 5190 1383 5260 humiliatum,
1430 5195 1569 5252 Deus
1629 5215 1734 5252 non
1778 5199 2045 5268 despiciet.

2157 5199 2670 5269 συντετριμμένην
2693 5199 2790 5253 καὶ
2825 5198 3332 5269 τεταπεινωμένην
3366 5204 3398 5253 ό
3434 5200 3577 5266 Θεὸς
3609 5201 3718 5252 οὐκ

479 5274 634 5330 Alius
688 5273 861 5331 dixit:
920 5275 1082 5336 Sanis
1134 5283 1353 5352 quidem
1417 5291 1667 5340 convenit
1719 5288 2046 5344 sacrificium

2150 5290 2559 5355 ἑξουδενώσει.
2591 5290 2778 5353 ’Ἄλλος
2822 5287 3010 5344 εἷπεν-
3053 5291 3257 5359 ’Υγιέσι
3322 5291 3418 5361 μὲν
3463 5291 3713 5361 ἁρμόττει

481 5365 660 5421 laudis
695 5408 711 5434 ,
757 5367 918 5439 aegris
960 5385 1110 5435 vero,
1159 5374 1486 5430 sacriﬁcium
1522 5377 1704 5432 cordis
1737 5380 1956 5434 contriti
1994 5391 2046 5435 et

2151 5384 2248 5455 τῆς
2267 5381 2523 5446 αἰνέσεως
2557 5383 2590 5454 ἡ
2620 5381 2777 5436 Θυσία
2797 5399 2808 5410 ·
2847 5382 3060 5436 νοσοῦσι
3089 5382 3145 5435 δὲ
3178 5385 3209 5453 ὴ
3245 5382 3330 5436 διὰ
3353 5383 3448 5452 τῆς
3472 5398 3710 5434 τεταπει·

555 5520 599 5551 ⁸⁸
637 5519 782 5578 Psal.
819 5539 1008 5593 cxxvn,
1040 5527 1091 5580 1.
1165 5527 1211 5558 ³⁸
1248 5527 1350 5583 Job
1381 5529 1537 5596 "1,3.
1614 5531 1662 5563 ³⁸
1698 5531 1808 5588 Jer.
1850 5502 1965 5600 xx,
1997 5535 2083 5592 14.

1703 5531 1808 5588 ler.
1850 5502 1965 5600 xx,
1997 5535 2083 5592 14.
2162 5536 2208 5568 ⁸⁵
2249 5534 2378 5607 Sap.
2414 5551 2490 5604 ιι,
2523 5535 2614 5591 24.
2690 5535 2736 5568 ⁸⁵
2775 5534 2920 5592 Psal.
2953 5552 3080 5592 xxvi
3169 5535 3286 5598 1,9.

682 5658 821 5748 ng?
855 5664 1084 5748 Ἰσουάχ.
1116 5665 1284 5748 ῐῐειησἒ
1313 5670 1508 5748 "ptuit,
1538 5685 1659 5740 qua;
1683 5680 1861 5748 tamen
1893 5691 1995 5730 vox
2030 5677 2524 5745 indiscriminatim,
2555 5683 2744 5733 contra
2773 5691 2934 5748 quam
2954 5675 3086 5732 dicit
3105 5674 3392 5741 Eusebius,
3429 5677 3509 5732 vel
3543 5675 3707 5745 σωτήρ

497 5743 632 5797 ριον,
673 5733 929 5798 salutare,
963 5736 1044 5788 vel
1081 5733 1353 5806 σωτηρία,”
1378 5733 1898 5812 salum-explicatur.
