4010 6522
253 348 341 403 Ml
1353 329 1852 392 COMMENTAth
1891 330 1959 384 ΙΝ
1996 331 2335 390 PSALMOS.

3365 339 3470 394 ιη

248 462 483 534 νωμένης
511 461 601 513 καὶ
650 455 1110 529 συντετριμμένης
1162 452 1405 523 καρδίας.
1445 449 1554 504 Καὶ
1609 445 1794 513 ἐπειδὴ

1909 448 2183 503 aumiliati.
2234 448 2370 514 Quia
2405 465 2539 506 vero
2560 450 2860 506 secundum
2905 451 3312 524 Symmachum.
3348 471 3473 508 con-

250 555 557 625 κατεαγυῖα
580 550 823 622 γέγονεν
851 552 890 617 ἡ
917 548 1128 617 καρδία
1151 563 1291 615 μου,
1321 543 1462 598 κατὰ
1485 543 1796 612 Σύμμαχον,

249 653 461 713 εἰκότως
493 647 734 718 εὐξάμην
775 644 1002 715 καρδίαν
1029 639 1274 711 καθαρὰν
1330 641 1386 692 ὲν
1421 638 1542 708 ἐμοὶ
1583 638 1611 688 ὁ
1669 633 1799 694 Θεὸς

247 745 360 801 ἀντὶ
385 742 481 814 τῆς
506 738 832 807 κατεαγυίας
850 752 863 764 ·
893 736 987 789 καὶ
1029 734 1148 788 ἀντὶ
1201 729 1296 784 τοῦ
1345 726 1799 798 συντετριμμένον

248 835 563 906 πνεύματος,
623 830 760 885 κατὰ
805 827 1132 898 Σύμμαχον,
1174 824 1382 891 ἔλεγονυ
1426 821 1534 874 Καὶ
1566 818 1802 887 πνεῦμα

246 928 410 994 εὑθὲς
429 927 775 996 ὲτκαίνισον
788 923 858 974 ἐν
883 920 1006 985 τοῖς
1025 915 1298 986 ὲγκάτοις
1311 932 1450 984 μου.
1468 915 1800 983 Συντετριμ-

249 1025 400 1096 μένον
431 1021 487 1074 δὲ
517 1018 729 1088 πνεῦμα
755 1015 815 1069 τὸ
834 1014 899 1068 δι’
933 1011 1367 1084 ὲξομολογήσεως
1392 1005 1552 1061 ἑαυτὸ
1591 1003 1804 1076 συντρί-

245 1117 332 1168 6ον
353 1112 637 1184 τυγχάνει·
663 1107 884 1175 τοιαύτη
911 1107 1002 1158 καὶ
1027 1106 1058 1174 ἠ
1105 1101 1192 1154 διὰ
1227 1101 1325 1170 τῆς
1359 1098 1646 1170 μετανοίας
1674 1099 1801 1149 ἐαυ-

240 1208 335 1278 τὴν
364 1201 689 1258 ταπεινοῦσα
711 1198 925 1271 καρδία.
960 1194 1228 1264 Τοιαύτην
1249 1192 1357 1263 γὰρ
1378 1189 1542 1260 αὐτὴν
1572 1187 1801 1258 γενομέ-

240 1315 335 1363 νην
366 1294 503 1366 μετὰ
530 1292 589 1346 τὸ
611 1292 709 1362 τῆς
731 1288 1002 1361 ἁμαρτίας
1030 1287 1228 1356 οἴδημα
1257 1283 1378 1337 ἀντὶ
1411 1281 1602 1344 Θυσίας
1633 1296 1804 1351 προσ-

238 1389 444 1456 δέξεται
478 1388 506 1439 ὁ
537 1385 688 1448 Θεός.

312 1480 449 1532 Τότε
480 1475 832 1543 εὐδοκήσεις
868 1473 1086 1526 θυσίαν
1123 1470 1512 1534 δικαιοσύνης
1531 1506 1546 1528 ,
1576 1467 1804 1532 ἀναφο-

231 1570 348 1638 ρὰν·
368 1569 466 1623 καὶ
498 1565 974 1636 ὁλοκαυτώματα.
1022 1562 1181 1616 Ἀλλὰ
1209 1563 1344 1634 πρὸς
1381 1560 1553 1613 ταῦτα
1583 1558 1805 1628 φήσειεν

238 1662 302 1716 ἄν
326 1679 431 1724 τις,
457 1659 572 1723 πῶς
601 1658 802 1730 ἀρτίως
834 1655 1036 1718 εἰπών,
1079 1655 1220 1717 Ὅτι,
1254 1656 1308 1706 ει
1350 1652 1658 1719 ἠθέλησας
1702 1654 1806 1704 θυ-

1905 539 2132 607 fractum
2162 542 2262 609 fuit
2295 560 2385 595 cor
2417 561 2620 611 meum,
2669 549 2867 601 merito
2923 554 3174 615 precatus
3224 562 3366 613 sum,
3414 554 3472 600 ut

1906 649 2003 702 pro
2056 635 2358 703 confracto,
2404 639 2667 692 mundum
2705 656 2801 695 cor
2833 641 3058 695 habeam
3089 659 3104 708 ;
3135 650 3189 696 et
3216 657 3313 712 pro
3341 658 3473 696 con-

1907 726 2034 779 trito
2082 726 2297 795 spiritu,
2337 729 2638 783 secundum
2688 731 3072 802 Symmachum
3103 732 3236 794 dixi,
3266 745 3316 786 et
3359 734 3469 800 spiv

1906 819 2066 871 ritum
2095 830 2289 873 rectum
2326 821 2517 874 innova
2560 823 2611 874 in
2663 825 2944 878 visceribus
2993 827 3143 879 meis.
3190 825 3473 880 Contritus

1907 918 2085 964 autem
2119 911 2342 981 spiritus
2367 920 2469 979 est,
2501 914 2592 983 qui
2631 930 2752 970 sese
2784 932 2878 986 per
2910 918 3309 973 confessionem
3339 934 3469 972 con-

1907 1001 2064 1064 terit;
2089 1003 2371 1073 siinileque
2401 1015 2482 1059 est
2512 1021 2628 1068 cor,
2661 1009 2802 1075 quod
2837 1025 2930 1077 per
2954 1011 3322 1079 paenitentiam
3352 1027 3478 1066 sese

1910 1091 2177 1149 humiliat.
2216 1094 2346 1148 Illud
2380 1096 2550 1157 enim,
2584 1107 2708 1165 post
2736 1100 2941 1167 peccati
2973 1108 3238 1156 tumorem
3281 1102 3354 1154 ita
3391 1100 3474 1156 al-

1910 1183 2108 1239 fectum
2148 1201 2247 1255 pro
2280 1187 2551 1243 sacrificio
2584 1191 2726 1246 Deus
2757 1193 3022 1248 admittet.

1980 1444 2147 1503 Vens.
2194 1448 2282 1502 21.
2321 1449 2468 1506 Tunc
2516 1454 2811 1524 acceptabis
2860 1455 3184 1525 sacriﬁcium
3221 1455 3481 1525 justitiw,

1911 1538 2228 1596 oblationem
2254 1553 2302 1597 et
2333 1544 2666 1602 holocausta.
2711 1547 2812 1602 Sed
2854 1550 2921 1603 ad
2955 1550 3067 1603 lucc
3099 1549 3294 1604 dixerit
3326 1550 3481 1620 quis-

1910 1633 2076 1702 piam,
2118 1651 2287 1706 quare
2318 1645 2603 1710 postquam
2639 1643 2796 1696 modo
2824 1641 2980 1708 dixit,
3015 1643 3277 1709 Quoniam
3307 1644 3353 1696 si
3386 1659 3474 1696 vo—

236 1755 401 1814 σίαν,
431 1753 624 1807 ἔδωκα
640 1725 750 1817 ἰᾶτ’,
771 1749 863 1802 νῦν
897 1749 972 1812 ὡς
1006 1747 1286 1819 μέλλοντος
1329 1744 1516 1798 Θυσίαν
1554 1741 1805 1814 δέχεσθαι

1915 1725 2101 1781 luisses
2132 1730 2478 1798 sacriﬁcium,
2508 1729 2765 1786 dedissem
2796 1735 3010 1804 utique;
3038 1736 3149 1805 jam
3177 1735 3329 1805 quasi
3366 1733 3476 1790 Deo

234 1847 328 1901 τοῦ
365 1846 499 1900 Θεοῦ
551 1843 689 1916 μετὰ
738 1813 799 1897 τὸ
834 1844 934 1914 τὴν
983 1813 1134 1896 πόλιν
1181 1837 1568 1908 ἀνακτισθῆναι
1595 1813 1806 1905 (φησὶ,

1913 1819 2242 1876 sacrificium
2271 1834 2566 1894 accepturo
2589 1835 2711 1896 post
2733 1826 2976 1882 civitatis
3000 1828 3475 1892 restaurationem,

239 1939 377 1992 Τότε
419 1936 775 2002 εὐδοκήσεις
811 1933 1068 1993 θυσίαν;
1127 1931 1266 1983 Ἀλλ’
1319 1931 1415 2001 ούχ
1462 1929 1649 1992 ἁπλῶς
1705 1927 1808 1998 ἔφη

235 2031 480 2092 θυσίαν,
504 2026 640 2080 ἀλλὰ
660 2025 1070 2090 δικαιοσύνης.
1098 2023 1225 2075 Ὅτε
1253 2021 1362 2091 γὰρ
1383 2019 1691 2090 εὐδοκήσεις
1709 2018 1812 2089 τὴν

234 2122 375 2176 Σιὼν
407 2123 498 2174 καὶ
525 2118 846 2190 οίκοδομηθῇ
875 2119 941 2173 τὰ
971 2117 1123 2187 τείχη
1165 2113 1512 2186 Ἰερουσαλὴμ
1535 2155 1550 2177 ,
1591 2113 1808 2183 τοιαύτη

233 2233 320 2270 σοι
353 2214 515 2267 θυσία
545 2211 1057 2289 προσενεχθήσεται.
1095 2207 1168 2260 Τὸ
1217 2205 1326 2276 γὰρ
1364 2206 1611 2268 θεοσεϐὲς
1656 2203 1810 2257 πολί-

232 2324 414 2376 τευμα
458 2305 640 2358 εἰκόνα
691 2303 844 2373 φέροι
879 2302 943 2355 ἂν
962 2291 1061 2370 τῆς
1095 2299 1417 2371 ἐπουρανίου
1454 2297 1659 2360 πόλεως
1711 2295 1808 2349 τοῦ

235 2399 370 2453 Θεοῦ
395 2415 409 2428 °
435 2398 516 2451 διὸ
542 2398 637 2451 καὶ
665 2396 868 2466 ταύτης
900 2393 1188 2465 ὁμώνυμος
1217 2394 1250 2464 ἡ
1280 2392 1374 2445 τοῦ
1409 2390 1542 2444 Θεοῦ
1585 2389 1811 2458 Ἐκκλη-

239 2492 346 2552 σία,
372 2486 440 2561 ἧς
473 2489 624 2560 τείχη
648 2485 794 2556 λέγει
817 2487 943 2550 τοὺς
967 2486 1432 2558 περιφράττοντας
1473 2482 1675 2552 ταύτην
1709 2485 1809 2552 ἀγ-

237 2586 424 2656 γέλους
490 2583 522 2653 ἢ
567 2583 660 2636 καὶ
716 2582 842 2642 τοὺς
874 2578 1196 2650 ἱερωμένους
1250 2577 1341 2630 καὶ
1392 2575 1806 2645 προμαχοῦντας

239 2676 402 2743 αὐτῆς
421 2721 438 2748 ,
459 2669 766 2741 Προσδέεῃ
801 2670 875 2730 δὲ,
912 2664 1084 2729 εἶπεν,
1117 2667 1236 2720 ἀντὶ
1274 2665 1364 2717 τοῦ
1383 2707 1395 2728 ,
1426 2662 1804 2729 εὐδοκήσεις,

239 2772 266 2823 ὁ
294 2769 604 2839 Σύμμαχος.
634 2765 741 2817 Καὶ
778 2763 873 2833 τὴν
920 2761 1195 2832 ἀναφορὰν
1244 2759 1320 2823 δὲ,
1357 2760 1449 2812 καὶ
1482 2759 1548 2811 τὰ
1579 2758 1804 2810 ὁλοκαυ-

237 2861 483 2932 τώματα.
506 2853 891 2923 δικαιοσύνης
907 2852 1146 2922 νοητέον,
1177 2850 1271 2902 καὶ
1299 2848 1521 2920 προσέτι
1559 2847 1681 2908 τοὺς
1719 2847 1808 2915 μᾶ-

242 2970 414 3024 σχους.
448 2950 633 3002 Πάντα
659 2940 1160 3017 γὰρδικαιοσύγης
1176 2940 1495 3005 ὲκτελεῖται,
1543 2938 1683 2992 κατὰ
1707 2937 1806 2999 τὰς

240 3040 498 3110 ἁναίμους
524 3038 618 3091 καὶ
641 3033 1015 3106 πνευματικὰς
1037 3031 1244 3095 θυσίας,
1262 3029 1358 3093 τὰς
1385 3031 1441 3082 ὲν
1467 3032 1532 3100 τῇ
1554 3027 1646 3080 τοῦ
1671 3026 1804 3080 Θεοῦ

250 3130 544 3201 Ἐκκλησία
575 3129 698 3184 καθ’
725 3128 850 3199 ὅλης
870 3127 967 3196 τῆς
989 3124 1310 3194 οἰκουμένης
1338 3121 1799 3193 προσφερομένας.
1830 3145 1877 3207 C

240 3223 345 3276 Καὶ
378 3225 432 3274 ἐν
465 3222 609 3294 ἄλλῳ
638 3220 746 3290 γὰρ
779 3221 991 3289 εἴρηται
1030 3216 1176 3287 πρὸς
1210 3214 1496 3275 Ἰουδαίους
1526 3213 1797 3283 προφήτῃ·

245 3316 358 3368 Οὐκ
382 3314 519 3368 ἐστι
541 3331 660 3383 μου
682 3311 908 3378 θέλημα
932 3309 1002 3362 ἐν
1026 3307 1187 3376 ὑμῖν,
1215 3306 1374 3376 λέγει
1401 3306 1615 3373 Κύριος
1659 3320 1806 3357 παν-

238 3405 552 3476 τοκράτωρ,
593 3403 690 3458 καὶ
721 3403 934 3468 θυσίας
994 3404 1065 3455 οὺ
1113 3398 1512 3468 προσδέξομαι
1562 3398 1630 3450 ἐκ
1688 3395 1806 3450 τῶν

239 3501 448 3571 χειρῶν
492 3499 676 3570 ὑμῶν.
729 3498 880 3550 Διότι
929 3496 1046 3550 ἀπὸ
1092 3491 1404 3548 ἀνατολῶν
1427 3491 1604 3560 ἡλίου
1629 3489 1805 3560 μέχρι

240 3591 484 3662 δυσμῶν
511 3589 866 3655 δεδόξασται
899 3587 964 3642 τὸ
999 3584 1182 3654 ὄνομα
1205 3602 1324 3653 μου
1345 3582 1553 3649 ἐντοῖς
1583 3583 1802 3638 ἔθνεσι·

239 3686 332 3739 καὶ
370 3687 441 3738 ἐν
475 3682 651 3738 παντὶ
668 3682 830 3746 τόπῳ
856 3679 1116 3750 θυμίαμα
1142 3674 1538 3744 προσφέρεται
1561 3672 1639 3740 τῷ
1673 3675 1808 3728 ὀνό-

235 3777 373 3847 ματί
392 3793 537 3847 μου,
561 3775 657 3830 καί
683 3773 867 3828 θυσία
897 3768 1144 3837 καθαρά.
1174 3768 1322 3839 Αὐτὴ
1350 3765 1444 3820 νῦν
1473 3765 1687 3834 λέγεται
1708 3767 1810 3821 θυ-

240 3862 880 3933 σίαδικαιοσύνηςέστι
917 3861 972 3914 δὲ
1001 3862 1093 3914 καὶ
1120 3860 1377 3922 αἰνέσεως
1401 3899 1416 3921 ,
1459 3857 1599 3912 καθὰ
1641 3855 1811 3928 πρόσ-

245 3957 329 4012 Θεν
354 3959 532 4027 ἔλεγε·
565 3956 767 4011 Θῦσον
794 3954 874 4022 τῷ
907 3953 1029 4020 Θεῷ
1056 3954 1277 4008 θυσίαν
1299 3951 1606 4018 αἰνέσεως.

270 4075 343 4142 (1)
368 4074 479 4129 ΕΙΣ
510 4075 598 4128 ΤΟ
635 4067 1236 4133 ΤΕΛΟΣ,ΣΥΡΕΣΕΩΣ
1268 4067 1354 4120 TD
1391 4066 1589 4120 ΔΑΥΙΔ
1625 4066 1752 4120 NA’.

255 4169 346 4222 Ἐν
374 4168 456 4234 τῷ
483 4166 681 4221 ἐλθεῖν
713 4166 876 4232 Δωὴκ
904 4163 1012 4216 τὸν
1051 4159 1518 4234 Ἰδουμιιῖονηκαὶ
1543 4159 1812 4234 ἀναγγεῖς

309 4227 526 4304 λαι”τῷ
568 4236 788 4304 Σαοὺλ,
817 4227 915 4288 καὶ
950 4232 1152 4304 ,εἰπεῖν
1181 4227 1374 4296 αὐτῷ’
1408 4227 1586 4288 Ἦλθε
1632 4227 1812 4286 Δάυῒδ

307 4313 390 4376 εὶς
420 4303 531 4363 τὸν
562 4303 732 4361 οἷκον
770 4303 1094 4375 Ἀχιμέλεχ.

321 4403 374 4457 ὐ
413 4403 518 4474 μὲν
552 4401 632 4470 λγ¹
664 4399 876 4471 ψαλμὸς
911 4398 1123 4470 εἴρηται
1162 4395 1240 4467 τῷ
1283 4393 1462 4460 Δαυῒδ,
1498 4395 1677 4449 ὁπότε
1705 4395 1814 4462 ήλ-

1913 1913 2008 1974 ait,
2044 1913 2188 1967 Tunc
2216 1916 2508 1985 acceptabis
2533 1919 2853 1988 sacrificium
2883 1922 2908 1976 ?
2933 1919 3000 1972 At
3039 1934 3148 1973 non
3181 1917 3317 1972 dixit
3345 1920 3476 1974 sim-

1911 2005 2126 2076 pliciter
2153 2009 2519 2077 sacriﬁcium;
2549 2010 2644 2066 sed
2698 2013 2928 2077 addidit,
2952 2012 3200 2082 justitiw.
3247 2011 3483 2078 Quando

1912 2099 2280 2168 acceptaveris
2315 2099 2471 2166 Sion,
2515 2109 2568 2156 et
2597 2103 2842 2157 aedificati
2899 2103 3100 2158 fuerint
3147 2107 3285 2158 muri
3315 2102 3475 2157 Jeru-

1911 2189 2103 2254 salem,
2139 2191 2246 2245 tale
2277 2192 2374 2246 tibi
2404 2193 2661 2248 oll'erctur
2693 2196 3044 2254 sacrificium.
3075 2195 3318 2266 Namque
3345 2197 3476 2250 reli«

1909 2277 2122 2346 giosum
2161 2279 2487 2345 institutum,
2519 2284 2808 2353 imaginem
2841 2300 2973 2340 sane
3012 2285 3208 2340 referat
3239 2287 3480 2342 caelestis

1909 2365 2004 2423 Dei
2057 2371 2334 2438 civitatis;
2379 2388 2551 2444 quare
2583 2372 2824 2430 Ecclesia
2867 2375 2963 2431 Dei
3017 2378 3204 2432 eodem
3256 2366 3479 2432 nomine

1907 2458 2164 2523 donatur,
2217 2461 2376 2531 cujus
2437 2478 2625 2518 muros
2676 2464 2808 2519 dicit
2861 2480 2984 2522 esse
3028 2468 3248 2537 angelos
3301 2468 3474 2536 ipsam

1907 2549 2400 2616 circumsistentes,
2451 2554 2565 2608 sive
2623 2571 2810 2611 sacros
2865 2557 2988 2613 illos
3045 2567 3480 2628 propugnatores

1906 2643 2044 2711 ejus.
2087 2645 2446 2716 Symmachus
2481 2657 2657 2702 autem
2697 2649 2853 2715 dixit,
2882 2650 3132 2718 accipies,
3154 2650 3274 2705 loco
3304 2650 3473 2716 illius,

1907 2737 2222 2806 acccptabis.
2257 2740 2596 2794 Ublatiouem
2627 2757 2757 2795 vero
2786 2751 2839 2795 et
2884 2742 3224 2803 holocausta,
3245 2743 3476 2811 justitia:

1908 2827 2118 2880 scilicet
2189 2829 2464 2897 suppleas,
2526 2837 2686 2898 atque
2745 2831 2967 2898 insuper
3014 2831 3231 2888 vitulos.
3281 2831 3478 2887 Omnia

1908 2918 2107 2988 quippe
2132 2935 2253 2988 quae
2291 2921 2941 2990 persolvuntur,justitice
2971 2930 3118 2986 sunt,
3142 2939 3239 2992 pro
3264 2925 3478 2980 ratione

1907 3009 2318 3063 incruentorum
2355 3011 2788 3080 etspiritualium
2816 3012 3238 3074 sacrificiorum.
3269 3029 3389 3084 quae
3421 3016 3476 3070 in

1907 3101 2149 3156 Ecclesia
2179 3100 2272 3156 Dei
2304 3117 2400 3172 per
2448 3102 2762 3156 universum
2807 3103 2995 3158 orbem
3044 3104 3362 3160 offeruntur.
3416 3105 3474 3160 ln

1909 3195 2018 3249 alio
2054 3210 2271 3264 quoque
2302 3195 2560 3265 propheta
2594 3195 2659 3249 ad
2693 3193 2908 3252 Jurlmos
2941 3197 3148 3251 dictum
3184 3206 3266 3253 est
3295 3218 3307 3253 :
3353 3196 3476 3253 Non

1904 3295 1983 3340 est
2011 3285 2254 3341 voluntas
2279 3303 2394 3340 mea
2419 3287 2473 3340 in
2499 3286 2662 3355 vobis,
2685 3287 2814 3342 dicit
2842 3287 3102 3343 Dominus
3128 3290 3472 3358 omnipotens.

1904 3390 1953 3435 et
1995 3380 2197 3436 hostias
2227 3398 2329 3435 non
2374 3383 2631 3452 accipiam
2683 3382 2746 3437 de
2791 3400 2950 3437 manu
2993 3395 3182 3439 vestra.
3228 3383 3307 3437 Ab
3355 3393 3476 3437 ortu

1905 3473 2042 3526 enim
2081 3471 2209 3526 solis
2240 3489 2402 3544 usque
2433 3477 2502 3525 ad
2531 3489 2774 3527 occasum
2807 3474 3158 3544 glori/iculum
3183 3485 3260 3529 est
3291 3490 3477 3529 nomen

1907 3584 2078 3621 meum
2101 3568 2154 3620 in
2189 3567 2468 3638 gentibus:
2501 3577 2551 3621 et
2587 3568 2640 3621 in
2675 3568 2817 3621 omni
2856 3569 2968 3621 loco
3003 3568 3290 3637 thymiama
3319 3569 3478 3638 o/fer—

1908 3669 1996 3712 tur
2023 3660 2222 3712 nomint
2259 3675 2393 3723 meo,
2425 3667 2475 3713 et
2523 3661 2846 3728 sacri/icium
2896 3659 3150 3713 mundum
3173 3661 3236 3712 ⁵⁸.
3292 3659 3476 3731 Ipsum

1909 3767 2056 3806 nunc
2083 3750 2283 3805 dicitur
2314 3751 2638 3820 sacri/icium
2659 3751 2891 3820 justitiw
2917 3766 2934 3803 :
2965 3761 3050 3806 est
3082 3754 3246 3806 etiam
3276 3753 3472 3816 laudis,

1909 3853 1968 3898 ut
1997 3859 2160 3914 supra
2193 3843 2410 3899 dicebat
2437 3862 2449 3896 :
2477 3841 2707 3897 lmmola
2733 3842 2844 3898 Deo
2873 3843 3194 3912 sacriﬁcium
3228 3843 3474 3900 laudis".

2048 4065 2098 4118 i.
2144 4061 2206 4116 IN
2250 4060 2489 4127 FINEM,
2527 4060 3010 4118 INTELLECTUS
3041 4061 3249 4116 DAVID
3274 4061 3358 4116 LI.

1909 4156 1964 4213 2.
2016 4156 2148 4212 Cum
2179 4156 2315 4210 venit
2341 4155 2484 4210 Doec
2519 4153 2812 4217 Idumwus,
2835 4165 2884 4209 et
2917 4154 3176 4210 nuntiavit
3207 4153 3360 4209 Sauli
3411 4172 3476 4210 ac

1979 4225 2115 4282 dixit
2143 4228 2225 4282 ei:
2266 4226 2416 4281 Venit
2439 4225 2610 4280 David
2643 4227 2697 4283 in
2720 4225 2934 4281 domum
2975 4225 3322 4282 Achimelcch.

1979 4384 2231 4441 Psalmus
2269 4383 2586 4455 trigesimus
2635 4382 2883 4437 tertiusa
2927 4379 3128 4438 Davide
3155 4392 3476 4452 pronuntia-

245 4472 452 4553 λοίωσε
494 4495 560 4549 τὸ
599 4495 921 4563 πρόσωπον
951 4491 1136 4546 αὐτοῦ
1174 4489 1450 4544 ἐναντίον
1491 4486 1805 4558 Ἀϐιμέλεχ,

1910 4483 2001 4532 tus
2023 4483 2128 4541 est,
2159 4473 2370 4544 quando
2411 4473 2708 4527 immutavit
2730 4472 2929 4526 vultum
2960 4488 3113 4525 suum
3155 4488 3332 4525 coram
3352 4472 3478 4527 Abi-
3506 4495 3517 4509 -

247 4591 337 4643 καὶ
392 4589 708 4645 ἀπέλυσεν
767 4585 986 4648 αὑτὸν,
1029 4585 1127 4640 καί
1186 4583 1479 4652 ἀπῆλθεν.
1516 4576 1684 4645 Οὗτος
1746 4580 1802 4634 δὲ

247 4683 424 4754 ἐκείνῳ
465 4678 751 4741 ἀκόλουθος
791 4676 856 4730 ἂν
893 4676 978 4747 εἴη
1013 4676 1153 4731 κατὰ
1196 4676 1294 4747 τὴν
1339 4676 1595 4748 ίστορίαν.
1641 4673 1803 4742 Λέγει

239 4775 613 4846 -γὰρήΓραφὴ
654 4772 761 4824 τῶν
802 4769 1114 4833 Βασιλειῶν,
1157 4769 1263 4824 Καὶ
1312 4767 1439 4821 ἐκεῖ
1467 4763 1544 4837 ἦν
1583 4766 1653 4822 ἐν
1689 4765 1806 4821 τῶν

247 4863 560 4934 παιδαρίων
588 4866 691 4916 τοῦ
723 4861 940 4923 Σαοὺλ,
973 4860 1043 4913 ἐν
1073 4857 1146 4927 τῇ
1178 4857 1364 4926 ἡμέρᾳ
1393 4858 1614 4925 ἐκείνῃ.
1653 4857 1804 4909 Ἐπι-

248 4955 556 5024 σημαίνεται
591 4953 647 5006 δὲ
691 4953 780 5004 τὸν
819 4950 1006 5022 καιρὸν
1058 4952 1115 5005 ὲν
1145 4943 1189 5017 ᾧ
1230 4944 1358 5019 ἦλθε
1404 4946 1564 5000 Δαυῒδ
1599 4949 1678 5010 είς
1715 4946 1805 5000 τὸν

247 5041 381 5100 οἷκον
404 5045 498 5100 τοῦ
540 5043 845 5114 Ἀϐιμέλεχ,
878 5043 970 5096 καὶ
997 5043 1121 5105 τοὺς
1147 5041 1342 5112 ἄρτους
1369 5038 1469 5109 τῆς
1500 5038 1805 5110 προθέσεως

248 5138 405 5207 ἔφαγε
437 5137 615 5191 λαϐὼν
659 5136 810 5207 παρὰ
855 5134 948 5188 τοῦ
991 5134 1307 5207 ἀρχιερέως.
1360 5132 1491 5186 Κατ’
1529 5131 1659 5185 αὐτὸ
1699 5130 1807 5201 γὰρ

249 5234 413 5287 ἐκεῖνο
448 5233 542 5287 τοῦ
585 5229 772 5303 καιροῦ
813 5229 1023 5298 φθάσας
1067 5227 1224 5298 Δωὴκ
1259 5229 1288 5281 ὁ
1326 5225 1514 5297 Σύρος,
1556 5225 1584 5276 ὁ
1628 5225 1807 5295 νέμων

248 5324 339 5388 τὰς
370 5306 623 5396 ἡμιόνους
665 5322 856 5386 Σαοὺλ,
898 5321 991 5375 καὶ
1037 5318 1201 5376 ἐλθὼν
1236 5317 1370 5389 πρὸς
1417 5316 1586 5371 Σαοὺλ
1623 5310 1802 5368 εἶπεν·

261 5418 508 5488 Ἑώρακα
531 5420 638 5473 τὸν
668 5418 802 5472 υἱὸν
833 5414 1047 5472 Ἰεσσαὶ
1083 5413 1560 5482 παραγενόμενον
1588 5412 1673 5476 εὶς
1699 5413 1809 5465 Νο-

249 5510 354 5564 σὰν
389 5511 536 5580 πρὸς
580 5508 870 5580 Ἀϐιμέλεχ
903 5507 1009 5562 τὸν
1034 5506 1168 5560 υἱὸν
1211 5503 1443 5572 Ἀχιτὼϐ
1483 5502 1590 5557 τὸν
1628 5505 1804 5572 ἱερέα,

250 5603 342 5657 καὶ
384 5603 612 5670 πάντας
651 5601 792 5668 τοὺς
826 5599 995 5666 υίοὺς
1048 5596 1154 5652 τοῦ
1190 5594 1411 5663 πατρὸς
1451 5593 1662 5649 αὐτοῦ·
1709 5597 1807 5650 καί

1910 4565 2126 4632 melech,
2157 4574 2207 4620 et
2229 4564 2433 4619 dimisit
2468 4580 2607 4630 eum,
2636 4573 2686 4617 et
2717 4562 2846 4616 abiit
2865 4562 2933 4617 ⁸⁸.
2995 4560 3094 4615 Hic
3123 4576 3252 4617 vero
3282 4576 3476 4618 secun-

1911 4663 2039 4718 dum
2072 4658 2361 4714 historiam
2411 4657 2564 4711 illum
2607 4654 2980 4724 subsequitur.
3013 4652 3105 4707 Ait
3147 4653 3292 4708 enim
3338 4654 3476 4708 scri-

1912 4761 2070 4826 ptura
2108 4749 2460 4822 Regnorum:
2493 4747 2565 4802 Et
2613 4749 2689 4802 ibi
2723 4757 2837 4801 erat
2870 4762 3005 4800 unus
3046 4761 3110 4800 ex
3138 4747 3314 4816 pueris
3341 4746 3477 4802 Saul

1912 4847 1967 4900 in
2027 4844 2112 4898 die
2170 4841 2354 4896 illa".
2419 4839 2808 4912 Signiﬁcatque
2866 4851 2976 4909 quo
3040 4845 3282 4909 tempore
3326 4840 3476 4895 venit

1913 4937 2084 4993 David
2112 4938 2165 4991 in
2198 4937 2418 4991 domum
2444 4931 2781 4996 Abimelech,
2812 4937 2865 4985 et
2887 4938 3143 5002 acceptos
3163 4947 3193 4986 a
3227 4933 3476 5003 principe

1913 5031 2254 5089 sacerdotum
2298 5041 2466 5098 panes
2501 5023 2892 5096 propositionis
2916 5024 3170 5079 comedit.
3216 5023 3294 5080 Eo
3327 5025 3475 5081 enim

1915 5126 2037 5197 ipso
2063 5131 2314 5193 tempore
2354 5117 2632 5190 profectus
2665 5114 2808 5171 Doec
2850 5115 3043 5189 Syrus,
3075 5119 3166 5187 qui
3212 5119 3476 5188 pascebat

1913 5218 2090 5274 mulas
2116 5214 2314 5282 Saulis,
2341 5213 2517 5283 ipsum
2549 5209 2766 5266 Saulem
2797 5209 2931 5264 adiit
2955 5224 3018 5266 ac
3043 5209 3178 5265 dixit
3207 5211 3257 5266 ei
3284 5228 3298 5265 :
3353 5210 3474 5265 Vidi

1915 5313 2085 5383 [ilium
2134 5307 2302 5362 lassa:
2351 5303 2708 5359 advenientem
2776 5300 2988 5358 Nobam
3048 5303 3118 5358 ad
3153 5302 3471 5366 Abimelech,

1913 5403 2083 5473 ﬁlium
2125 5396 2344 5453 Achitob
2383 5392 2730 5456 sacerdotem,
2792 5401 2841 5446 et
2896 5409 3073 5448 omnes
3119 5394 3258 5463 ﬁlios
3299 5395 3475 5462 patris

1913 5496 2046 5564 ejus:
2081 5493 2168 5564 qui
2197 5488 2462 5545 consuluit
2492 5503 2588 5556 pro
2615 5502 2673 5540 eo
2704 5483 3010 5552 Dominum,
3033 5494 3080 5540 et
3103 5485 3305 5540 cibaria
3327 5484 3472 5540 dedit

1913 5592 1980 5647 oi.
2019 5586 2088 5642 Et
2117 5584 2261 5639 misit
2292 5597 2383 5638 rex
2422 5588 2662 5636 vocatum
2704 5576 3003 5633 Abimelech
3043 5577 3387 5644 sacerdotem,
3421 5586 3474 5632 et

314 5742 362 5774 "
399 5740 624 5796 Malach.
660 5755 709 5803 ι,
745 5736 940 5802 ‘10,“.
1016 5735 1060 5766 "
1100 5731 1246 5790 Psal.
1282 5748 1444 5799 χιιι,
1482 5732 1567 5786 14.
1652 5733 1696 5765 ³⁸
1725 5731 1745 5786 l
1777 5731 1806 5786 Η

1941 5743 2058 5793 xxt,
2093 5725 2242 5779 7-13.
2318 5719 2364 5751 ⁸⁹
2406 5717 2538 5774 ibid.
2575 5717 2622 5773 7.

319 5858 394 5927 tl)
426 5857 523 5916 Hic
556 5856 750 5927 incipit
790 5853 960 5913 codex
986 5849 1414 5910 Eminentissimi
1447 5849 1596 5908 card.
1633 5847 1701 5908 de
1733 5845 1962 5906 Coislin.
1993 5843 2060 5900 dc
2092 5855 2202 5915 quo
2234 5837 2481 5913 pluribus
2513 5837 2571 5895 in
2598 5833 2934 5909 praefatione.
