4010 6516
501 351 621 408 415

1200 347 1468 405 EUSEBll
1503 345 1978 405 CESARIENSIS
2011 345 2162 404 OPP.
2203 345 2385 401 PARS
2422 342 2510 400 ιιι.
2556 375 2625 385 --
2663 342 3081 402 EXEGETICA.

3634 345 3755 403 5H

503 427 684 521 omnes
709 467 848 536 ﬁlios
870 464 1038 535 patris
1061 463 1176 534 ejus
1208 463 1504 519 sacerdotes
1537 467 1592 519 in
1623 463 1800 529 Noba,
1827 465 1916 534 qui
1944 463 2063 517 uui—

2173 460 2356 532 ἡρώτα
2388 460 2548 526 αὐτῷ
2579 459 2675 515 διὰ
2711 460 2816 516 τοῦ
2848 460 3016 524 Θεοῦ,
3046 459 3145 513 καὶ
3187 458 3568 529 ἐπισιτισμὸν
3595 459 3752 514 ἔδω-

503 559 641 613 versi
674 567 916 612 venerunt
945 554 1014 610 ad
1029 572 1197 626 regem
1222 559 1289 614 ‘°.
1324 549 1605 626 Tuncque,
1635 556 1856 625 jubente
1880 553 2060 620 Saule,

507 648 626 720 ipse
669 647 815 703 Doec
861 647 1066 702 occidit
1104 647 1421 702 sacerdotes
1458 646 1677 702 Domini
1723 655 1973 700 trecentos
2016 653 2065 700 et

510 743 734 810 quinque
763 740 899 794 viros
941 739 1165 808 ferentes
1206 737 1391 807 epltod,
1447 747 1498 792 et
1551 736 1760 791 Nobam
1807 737 2066 790 civitatem

507 830 839 887 sacerdotum
886 832 1150 902 percussit
1194 831 1246 884 in
1277 847 1364 885 ore
1393 829 1561 901 gladii
1588 847 1620 883 a
1651 830 1760 883 viro
1791 845 1952 898 usque
1997 827 2065 880 ad

507 923 800 988 mulierem,
832 941 864 977 a
899 939 1060 993 puero
1103 940 1269 993 usque
1307 922 1376 976 ad
1417 924 1721 986 laetantem,
1767 930 1815 974 et
1848 920 2066 973 vitulum

507 1022 557 1069 et
581 1014 788 1068 asinum
817 1025 864 1069 et
893 1015 1126 1070 ovem“.
1174 1015 1299 1070 Haec
1339 1031 1462 1069 cum
1500 1015 1739 1069 audisset
1773 1011 1939 1065 David
1973 1011 2066 1064 tali

505 1107 667 1162 modo
690 1116 840 1178 gesta
868 1124 1008 1170 esse,
1043 1109 1143 1163 hos
1177 1107 1386 1178 profert
1431 1122 1730 1171 sermones,
1761 1106 1852 1176 qui
1890 1119 2064 1173 neque

506 1199 802 1262 canticum,
851 1214 1028 1270 neque
1072 1199 1325 1270 hymnus,
1376 1214 1550 1268 neque
1599 1198 1727 1268 quid
1763 1196 1941 1253 simile
1982 1196 2068 1250 in-

507 1293 841 1348 scribuntur.
907 1291 1009 1358 Qui
1052 1292 1196 1347 enim
1252 1291 1449 1362 potuit,
1503 1291 1557 1346 in
1607 1299 1686 1344 tot
1724 1290 2067 1344 sacerdotum

507 1385 840 1449 calamitate,
884 1385 1100 1439 cantica
1148 1391 1244 1437 aut
1289 1385 1530 1454 psalmos
1576 1399 1674 1454 pro
1716 1383 1784 1437 iis
1827 1381 2071 1436 canere?

507 1474 686 1540 Quare
706 1476 888 1530 nullus
913 1475 1225 1545 hujusmodi
1259 1476 1450 1530 titulus
1474 1475 1790 1545 praemissus
1819 1480 1935 1538 est,
1975 1471 2070 1527 sed

2164 575 2270 610 κεν
2296 555 2584 621 αὐτῷ.Καὶ
2611 553 2964 609 ἀπέστειλεν
2986 556 3018 606 ὀ
3039 549 3334 617 ,ϐασιλεὺς
3358 550 3610 606 καλέσαι
3637 551 3756 605 τὸν

2177 646 2470 715 Ἀϐιμέλεχ
2499 645 2604 698 τὸν
2642 644 2816 711 ίερέα,
2864 642 2963 696 καὶ
3008 643 3236 707 πάντας
3265 640 3406 707 τοὺς
3435 642 3605 708 υιοὺς
3638 641 3754 697 τοῦ

2165 735 2386 804 πατρὸς
2436 735 2620 788 αὐτοῦ
2677 733 2818 798 τοὺς
2865 731 3040 800 ἱερεῖς
3091 731 3195 785 τοῦ
3239 731 3455 799 Kvplov
3495 731 3638 797 τοὺς
3675 732 3757 784 ἐν

2164 829 2390 891 Νοϐὰν,
2421 825 2517 879 καὶ
2559 823 2952 895 παρεγένοντο
2985 821 3204 889 πάντες
3249 822 3398 900 ,πρὸς
3430 822 3536 875 τὸν
3558 823 3753 886 ,ϐασι-

2164 919 2294 974 λέα·
2330 919 2458 972 Ὅτε
2479 916 2831 979 κελεύσαντος
2874 913 2967 968 τοῦ
3007 913 3209 979 Σαοὺλ,
3258 913 3420 977 αὐτὸς
3463 914 3668 978 ἐκεῖνος
3720 916 3755 967 6

2166 1013 2320 1084 Δωὴκ
2343 1053 2357 1077 ,
2400 1011 2702 1064 ἐθανάτωσε
2750 1011 2878 1073 τοὺς
2926 1010 3090 1080 ίερεῖς
3125 1006 3216 1061 τοῦ
3253 1006 3458 1078 Κυρίου
3489 1014 3534 1060 τ’
3571 1008 3670 1061 καὶ
3704 1025 3737 1060 ε

2167 1103 2388 1173 ἄνδρας
2433 1102 2726 1172 φέροντας
2774 1100 2982 1170 ἐφοὺδ,
3033 1101 3130 1154 καὶ
3173 1099 3287 1168 τὴν
3317 1098 3516 1152 Νοϐὰν
3564 1101 3754 1154 πόλιν

2167 1195 2285 1250 τῶν
2328 1195 2527 1264 ἱερέων
2553 1193 2848 1259 ἐπάταξε-ν
2889 1194 2960 1247 ἐν
3007 1193 3255 1262 στόματι
3287 1193 3584 1261 ῥομφαίας
3622 1193 3749 1246 ἀπὸ

2167 1285 2384 1355 ἀνδρὸς
2421 1286 2530 1352 ἕως
2571 1285 2872 1357 γυναικὸς,
2903 1285 3018 1340 ἀπὸ
3055 1285 3275 1352 νηπίου
3307 1284 3421 1350 ἕως
3457 1283 3749 1352 071.1er-

2169 1395 2290 1445 τος,
2316 1378 2412 1432 καὶ
2435 1380 2668 1449 μόσχου
2696 1379 2792 1431 καὶ
2820 1377 2964 1431 ὄνου
2989 1377 3085 1430 καὶ
3110 1374 3428 1444 προϐάτου.
3459 1376 3622 1429 Ταῦτ’
3649 1371 3748 1429 οὖν

2173 1469 2356 1542 μαθὼν
2395 1470 2555 1524 Δαυῒδ
2594 1470 2780 1523 τοῦτον
2826 1469 3193 1541 πεπραγμένα
3245 1469 3338 1521 τὸν
3372 1468 3590 1539 τρόπον,
3617 1468 3748 1533 τοὺς

508 1565 683 1619 solum
717 1566 770 1618 in
797 1566 953 1635 ﬁnem
978 1567 1197 1630 dicitur,
1223 1574 1275 1621 et
1299 1566 1616 1629 intellectus,
1645 1566 1773 1636 quia
1810 1580 1931 1634 quae
1961 1564 2065 1619 sub

2173 1563 2561 1634 προκειμένους
2606 1561 2969 1633 προσφέρεται
3016 1561 3224 1630 λόγους,
3250 1558 3371 1612 οὔτε
3413 1559 3555 1632 ᾠδὴν
3588 1578 3748 1632 περι-

507 1656 671 1712 finem
700 1657 970 1713 habentur
1014 1659 1155 1713 bona
1198 1659 1535 1723 renuntiant,
1565 1659 1652 1712 ubi
1692 1657 1918 1715 dicitur:
1955 1653 2065 1726 Ego

2173 1652 2412 1723 ἔχοντας,
2445 1652 2565 1705 οὔτε
2601 1651 2787 1724 ὕμνον,
2829 1649 2952 1705 οὔτε
2995 1650 3121 1704 ἄλλο
3161 1649 3420 1704 τοιοῦτον.
3469 1649 3594 1715 Πῶς
3635 1650 3749 1721 γὰρ

509 1760 685 1804 autem
715 1752 850 1805 sicut
907 1752 1043 1806 oliva
1086 1751 1385 1821 fructifera,
1417 1760 1471 1806 et
1523 1758 1738 1806 castera.
1785 1747 2065 1804 Intellecta

2173 1746 2265 1800 xui.
2303 1742 2412 1799 οἷόν
2449 1763 2508 1798 τε
2541 1741 2607 1817 ἦν
2640 1746 2732 1799 ἐπὶ
2770 1745 3024 1816 συμφορᾷ
3059 1742 3327 1797 τοσούτων
3359 1742 3569 1815 ἱερέων,
3601 1743 3750 1814 ᾠδὰς

509 1834 690 1896 autem
723 1858 787 1898 ex
819 1841 929 1896 Deo
957 1852 1077 1914 eget
1101 1842 1448 1912 praesentium
1491 1856 1803 1897 sermonum
1850 1846 2065 1895 senten-

2173 1839 2348 1893 αὐτῶν
2387 1840 2480 1893 καὶ
2515 1837 2761 1910 ψαλμοὺς
2801 1838 2977 1910 ᾄδειν;
3022 1836 3102 1889 διὸ
3150 1835 3302 1888 οὐδὲν
3341 1834 3580 1889 τοιοῦτον
3626 1836 3756 1888 ἐπι-

508 1931 603 1984 tia.
656 1930 792 1985 Cum
824 1933 1006 2002 itaque
1029 1932 1170 2002 apud
1204 1931 1520 1986 Abimelech
1550 1931 1942 1986 sacerdotalem
1971 1946 2065 2001 gu-

2173 1933 2502 2005 γέγραπται·
2535 1933 2693 2003 μόνον
2723 1931 2778 1985 δὲ
2811 1933 2899 1997 είς
2922 1929 2990 1984 τὸ
3016 1930 3190 1994 τέλος
3215 1927 3430 2001 εἴρηται
3473 1928 3564 1981 καὶ
3589 1944 3746 1982 συν-

510 2023 674 2078 stavit
717 2023 920 2086 cibum,
976 2030 1184 2076 mutato
1211 2031 1376 2085 gustu
1428 2038 1550 2086 suo,
1588 2025 1703 2078 sive
1751 2038 1901 2078 more
1946 2037 2065 2087 suo,

2173 2026 2378 2092 ἐσεως·
2410 2025 2595 2098 ἐπειδὴ
2623 2025 2690 2079 τὰ
2712 2024 2992 2078 τελευταῖα
3017 2020 3124 2074 τῶν
3147 2020 3320 2090 λόγων
3354 2020 3571 2090 ἀγαθῶν
3596 2023 3750 2073 ἐστιν

509 2114 807 2169 secundum
860 2115 1195 2185 reliquorum
1265 2115 1794 2185 tnterpretatiouem,
1853 2115 2065 2170 benedi-

2173 2118 2546 2187 ἀπαγγελτικὰ
2599 2119 2655 2172 ὲν
2703 2112 2784 2183 οἷς
2841 2135 3004 2188 φησιν
3025 2132 3038 2146 ·
3087 2115 3227 2186 Ἐγὼ
3273 2113 3343 2168 δὲ
3385 2115 3527 2169 ὡσεί
3573 2114 3752 2170 ἐλαία

510 2206 718 2260 etiones
748 2213 802 2261 et
833 2207 1130 2276 gratiarum
1180 2207 1422 2261 actiones
1469 2195 1582 2259 Deo
1627 2205 1808 2260 emisit
1845 2205 2065 2261 dicens:

2178 2209 2576 2278 κατάκαρπος,
2607 2210 2792 2264 καὶτὰ
2825 2209 2970 2280 ἑξῆςτ
3006 2207 3116 2262 Καὶ
3161 2207 3427 2271 συνέσεως
3458 2206 3516 2259 δὲ
3551 2207 3654 2277 τῆς
3683 2207 3755 2258 ὲκ

510 2295 827 2350 Benedicam
852 2297 1138 2351 Dominum
1183 2299 1236 2350 in
1271 2298 1413 2351 omni
1441 2307 1686 2367 tempore,
1723 2313 1925 2366 semper
1955 2299 2065 2353 laus

2179 2298 2312 2352 Θεοῦ
2343 2299 2510 2354 δεῖται
2545 2301 2578 2372 ἡ
2611 2301 2716 2353 τῶν
2747 2298 3133 2371 ἐμφερομένων
3157 2296 3330 2366 λόγων
3354 2295 3575 2350 διάνοια.
3621 2296 3754 2349 Ὀτε

520 2387 634 2456 ejus
663 2388 718 2440 in
748 2404 836 2441 ore
882 2405 1017 2454 meo,
1041 2397 1094 2443 et
1119 2398 1315 2443 extera
1339 2390 1404 2444 ⁸³.
1437 2387 1591 2443 Nunc
1624 2399 1825 2453 autem,
1855 2390 2065 2459 cognito

2181 2393 2278 2464 μὲν
2310 2385 2401 2446 οὖν
2431 2394 2579 2463 παρὰ
2621 2392 2696 2463 τῷ
2730 2392 3012 2463 Ἀὄιμέλεχ
3058 2392 3363 2461 γενόμενος,
3409 2389 3508 2460 τῆς
3550 2391 3755 2458 ἱερατι-

513 2479 925 2534 calumniatoris
971 2479 1112 2535 Duec
1161 2479 1424 2543 facinore,
1472 2496 1581 2551 quo
1629 2488 1788 2552 pacto
1843 2481 2065 2547 scilicet,

2175 2482 2278 2552 κῆς
2305 2481 2642 2550 ἀπεγεύσατο
2673 2482 2895 2552 τροφῆς,
2930 2480 3226 2543 ἀλλοιώσας
3248 2479 3346 2552 τὴν
3369 2478 3554 2548 γεῦσιν
3580 2477 3752 2530 αὑτοῦ

509 2567 785 2625 diabolico
829 2586 961 2626 usus
997 2571 1220 2636 scelere,
1262 2579 1339 2626 tot
1382 2572 1694 2627 sacerdotes
1741 2570 2065 2640 occidisset;

2174 2575 2206 2646 ἢ
2241 2575 2332 2628 τὸν
2359 2577 2553 2648 τρόπον
2586 2573 2748 2628 αὑτοῦ
2772 2573 2910 2628 κατὰ
2941 2572 3037 2644 τὴν
3066 2571 3172 2625 τῶν
3196 2571 3396 2625 λοιπῶν
3431 2571 3750 2641 ἑρμηνείαν·

510 2671 804 2730 praesentes
848 2680 1126 2720 sermones
1161 2665 1228 2719 ad
1263 2665 1438 2734 ipsum
1467 2663 1651 2736 dirigit
1679 2665 1906 2720 dicens:

2173 2666 2421 2736 εὐλογίας
2447 2667 2538 2720 καὶ⁹
2561 2665 2912 2738 εὐχαριστίας
2944 2664 3253 2735 ἀνέπεμπεν
3285 2661 3362 2732 τῷ
3390 2662 3508 2732 Θεῷ
3541 2661 3711 2729 λέγων
3733 2677 3750 2692 ·

506 2755 838 2827 Εὺλογήσω
853 2755 958 2809 τὸν
987 2757 1204 2824 Κύριον
1226 2757 1295 2809 ἐν
1319 2756 1494 2809 παντί
1510 2756 1712 2825 καιρῷ,
1738 2757 2060 2826 διαπαντὸς
2080 2761 2117 2829 ἠ
2137 2762 2369 2828 αῖνεσις
2388 2759 2571 2815 αὐτοῦ
2597 2761 2666 2812 ἐν
2681 2758 2759 2824 τῷ
2785 2757 3032 2826 στόματί
3055 2775 3193 2826 μου,
3227 2755 3320 2808 καὶ
3348 2753 3415 2808 τὰ
3434 2754 3579 2826 ἑξῆς.
3616 2754 3754 2807 Νυνὶ

505 2848 584 2914 δὲ,
622 2851 708 2904 ὅτε
743 2847 834 2902 τοῦ
872 2847 1117 2902 διαϐόλου
1158 2847 1316 2920 Δωὴκ
1345 2850 1442 2922 τὴν
1490 2849 1684 2921 πρᾶξιν
1729 2850 1900 2920 ἔγνω,
1941 2855 2034 2907 καὶ
2075 2854 2149 2918 ὡς
2185 2854 2468 2918 τοσούτους
2511 2852 2716 2908 ἀνεῖλεν
2765 2852 2966 2922 ἱερεῖς,
2990 2850 3133 2922 ἔργῳ
3165 2847 3445 2920 διαϐολικῷ
3473 2849 3754 2919 χρησάμε-

507 2957 628 3006 νος,
677 2941 753 3004 ὡς
801 2939 937 3012 πρὸς
989 2939 1147 2992 αὑτὸν
1195 2940 1474 2994 συντάττει
1516 2942 1645 3006 τοὺς
1691 2945 2080 3016 προκειμένους
2114 2946 2303 3018 λόγους
2328 2948 2582 3018 φάσκων

577 3049 745 3109 Vens.
788 3054 842 3108 5.
880 3051 1019 3119 Quid
1041 3053 1289 3123 gloriaris
1317 3055 1370 3108 in
1393 3055 1623 3121 malitia,
1649 3057 1739 3128 qui
1765 3067 1946 3127 potens
1972 3061 2072 3115 es?

2250 3063 2310 3115 Τί
2371 3056 2638 3129 ἐγκαυχᾷ
2691 3058 2760 3111 ἐν
2815 3023 3012 3126 itaista,
3070 3060 3103 3111 ό
3154 3057 3442 3122 δυνατός;
3494 3055 3756 3125 ἀνομίαν

508 3146 838 3216 iniquitatem
889 3155 997 3198 tota
1048 3145 1134 3199 die
1167 3154 1215 3199 et
1247 3145 1560 3214 injustitiam
1579 3149 1830 3217 cogitavit
1884 3149 2065 3219 lingua

2173 3153 2322 3221 ὅλην
2371 3151 2483 3220 τὴν
2528 3147 2791 3219 ἡμέραν,
2866 3147 2965 3200 καὶ
3025 3147 3264 3200 ἀδικίαν
3334 3146 3654 3216 ἐλογίσατο
3703 3147 3740 3216 ὴ

508 3249 621 3292 ιιια.
664 3236 729 3290 Et
776 3237 890 3290 haec
924 3235 1142 3306 quidem
1183 3238 1354 3291 multo
1383 3248 1508 3294 ante
1535 3240 1680 3294 dicta
1720 3247 1868 3303 sunt,
1904 3257 2068 3311 quam

508 3327 738 3381 historia
784 3327 1224 3396 quinquagesimi
1273 3328 1466 3397 psalmi
1518 3329 1876 3400 contingeret.
1932 3330 2066 3385 Nam

507 3422 689 3476 adhuc
743 3421 1036 3491 superstite
1080 3418 1242 3476 Saule
1286 3432 1340 3476 et
1389 3423 1543 3492 prius
1573 3438 1736 3492 quam
1782 3422 1951 3478 David
1986 3440 2069 3480 re-

507 3517 718 3582 gnaret,
755 3519 808 3565 et
835 3525 922 3565 res
951 3517 1122 3580 gesta,
1155 3518 1209 3565 et
1235 3510 1477 3580 psalmus
1513 3511 1691 3567 dictus
1723 3520 1826 3567 est.
1854 3512 1932 3568 Ac
1955 3513 2070 3568 diu-

512 3604 689 3658 turnis
736 3613 924 3674 postea
981 3602 1342 3672 temporibus,
1404 3612 1528 3672 post
1584 3602 1763 3660 Saulis
1834 3604 2065 3672 obitum,

509 3695 909 3766 postremisque
959 3693 1111 3765 regni
1162 3694 1250 3749 sui
1303 3695 1482 3758 annis,
1550 3697 1956 3752 confessionem
2012 3696 2067 3751 in

508 3785 962 3858 quinquagesimo
1012 3785 1224 3855 psalmo
1256 3800 1572 3856 expressam
1621 3785 1792 3844 David
1818 3788 2066 3859 protulit,

508 3893 670 3948 quam
723 3889 903 3932 tamen
947 3877 1076 3931 huic
1125 3877 1335 3946 psalmo
1370 3879 1650 3947 praemisit,
1682 3889 1902 3951 propter
1949 3881 2069 3950 ejus

507 3984 633 4024 cum
663 3967 1084 4039 quadragesimo
1130 3983 1274 4022 nono
1328 3970 1539 4038 psalmo
1596 3970 1940 4037 allinitatem,
1989 3971 2069 4025 uti

503 4061 618 4131 jam
667 4066 1156 4114 commonstratum
1207 4066 1311 4113 est.
1375 4058 1577 4114 Psahni
1636 4076 1766 4116 vero
1823 4076 1852 4114 a
1884 4076 1936 4115 ιι
2000 4060 2069 4115 ad

509 4167 637 4215 us,
673 4151 868 4222 viginti
919 4167 1170 4216 numero,
1238 4151 1460 4207 Davidis
1528 4153 1820 4224 inscriptid,
1854 4154 1921 4209 ab
1962 4155 2069 4210 alio

512 4243 780 4313 principio
825 4251 1205 4313 argumentum
1239 4245 1470 4299 mutuati
1512 4253 1675 4311 sunt,
1712 4246 2068 4320 videnturque

509 4335 727 4390 vivente
754 4333 935 4388 adhuc
969 4332 1134 4389 Saule
1167 4335 1504 4405 pronuntiati
1551 4336 1742 4404 fuisse,
1776 4348 2064 4410 antequam

511 4425 680 4483 David
719 4437 988 4499 regnaret.
1074 4427 1208 4481 Nam
1258 4429 1327 4490 is,
1373 4444 1532 4498 quem
1579 4430 1691 4499 jam
1747 4438 2064 4494 tractamus,

2175 3241 2421 3313 γλῶσσά
2463 3255 2598 3294 σου.
2647 3241 2757 3294 Καὶ
2795 3238 3039 3292 λέλεκται
3091 3239 3188 3309 μὲν
3239 3237 3307 3290 τὰ
3377 3237 3512 3308 μετά
3561 3240 3751 3307 χεῖρας

2176 3331 2309 3384 πολὺ
2353 3331 2613 3402 πρότερον
2674 3335 2784 3395 τοῖς
2835 3331 3043 3402 χρόνοις
3103 3329 3202 3399 τῆς
3265 3329 3505 3400 ἱστορίας
3554 3329 3648 3382 τοῦ
3703 3317 3754 3382 ν’

2174 3421 2409 3492 ψαλμοῦ.
2464 3422 2582 3473 Ἔτι
2616 3421 2721 3492 γὰρ
2751 3420 2948 3485 ζῶντος
2979 3419 3072 3473 τοῦ
3109 3419 3300 3484 Σαοὺλ,
3365 3421 3459 3473 καὶ
3511 3421 3618 3491 πρὸ
3649 3419 3774 3473 τοῦ.

2178 3515 2488 3587 βασιλεῦσαι
2515 3514 2606 3567 τὸν
2631 3513 2810 3576 Δαυῒδ,
2843 3513 2937 3564 καὶ
2963 3513 3248 3583 πέπρακτο
3280 3512 3372 3565 καὶ
3403 3512 3606 3583 εἴρητο.
3634 3515 3750 3567 Μαι

2175 3610 2327 3680 κροῖς
2362 3606 2419 3659 δὲ
2454 3606 2675 3676 ὕστερον
2719 3604 2946 3676 χρόνοις,
2985 3603 3121 3675 μετά
3162 3603 3250 3656 τὸν
3285 3603 3511 3657 θάνατον
3551 3605 3758 3665 Σαοὺλ,-

2175 3700 2268 3755 καὶ
2318 3700 2454 3772 πρὸς
2489 3701 2601 3762 τοῖς
2647 3697 2972 3760 τελευταίοις
3020 3695 3120 3766 τῆς
3172 3695 3334 3750 αὑτοῦ
3377 3694 3670 3765 βασιλείας,
3715 3701 3749 3750 ὁ

2175 3789 2336 3844 Δαυῖδ
2365 3788 2466 3859 τὴν
2508 3790 2565 3842 ὲν
2596 3785 2674 3857 τῷ
2702 3793 2743 3840 ν’
2781 3788 3011 3839 ποιεῖται
3060 3785 3464 3857 ἐξομολόγησιν,
3490 3786 3556 3857 ἢν
3579 3788 3748 3858 xpos-

2176 3881 2305 3948 ταξε
2380 3881 2468 3934 διὰ
2526 3879 2624 3951 τὴν
2664 3879 2798 3947 πρὸς
2843 3879 2934 3932 τὸν
2989 3877 3074 3949 μθ⁸
3129 3877 3339 3948 ψαλμὸν
3394 3876 3741 3942 ἀκολουθίαν,

2174 3970 2359 4041 ῶσπερ
2398 3965 2490 4023 οὖν
2527 3969 2620 4021 καὶ
2663 3967 3052 4021 ἀποδέδεικται.
3095 3969 3157 4020 Ol
3205 3967 3247 4019 δ’
3287 3966 3394 4020 ἀπὸ
3437 3965 3533 4020 τοῦ
3566 3973 3614 4019 α’
3650 3967 3745 4020 καὶ

2175 4069 2216 4116 ν’
2254 4063 2345 4116 τὸν
2394 4059 2622 4132 ἀριθμὸν
2667 4059 2860 4123 εἴκοσι,
2910 4057 3004 4111 τοῦ
3050 4057 3211 4111 Δαυῖδ
3254 4059 3738 4130 ἐπιγεγραμμένοι,

2177 4155 2339 4226 μέχρι
2369 4151 2461 4205 τοῦ
2501 4158 2540 4204 d
2582 4150 2642 4216 ἐξ
2683 4151 2871 4222 ἐτέρας
2902 4149 3076 4221 ἀρχῆς
3105 4149 3200 4220 τὴν
3233 4149 3486 4203 ὑπόθεσιν
3518 4151 3744 4222 είλήφαο

2176 4259 2291 4296 σινο
2339 4241 2545 4294 ἐοίκασι
2581 4240 2710 4309 γοῦν
2745 4241 2823 4295 ἔτι
2865 4241 3063 4306 ζῶντος
3103 4239 3275 4294 Σαοὺλ
3313 4239 3579 4311 εἰρῆσθαι,
3610 4243 3742 4312 πρὶν

2173 4334 2206 4405 ἢ
2243 4331 2553 4403 βασιλεῦσαι
2579 4331 2669 4386 τὸν
2710 4331 2888 4385 Δαυῖδ.
2923 4333 2989 4386 ’Ὀ
3027 4349 3088 4385 τε
3115 4330 3224 4403 γὰρ
3255 4330 3394 4402 μετά
3441 4333 3626 4404 χεῖρας
3658 4333 3740 4385 ἔτι

2175 4423 2369 4489 ζῶντος
2415 4423 2584 4477 Σαοὺλ
2628 4423 2818 4494 ὲλέχθη
2842 4464 2857 4488 ,
2892 4425 2986 4476 Ἐν
3036 4423 3117 4490 τῷ
3160 4422 3357 4478 ἐλθεῖν
3414 4422 3579 4492 Δωὴκ
3631 4425 3741 4478 τὸν·

509 4521 729 4577 vivente
767 4519 932 4576 Saule
959 4521 1138 4577 dictus
1167 4529 1271 4584 est,
1308 4519 1440 4576 Cum
1464 4523 1600 4576 venit
1629 4522 1763 4578 Doec
1793 4523 2065 4580 ldumqu

2180 4515 2509 4585 Ἰδουμαῐον
2550 4517 2646 4568 καὶ
2680 4515 3023 4586 ἀναγγεῖλαι
3071 4514 3152 4581 τῷ
3197 4515 3416 4580 Σαοὺλ,
3455 4516 3544 4568 ὅτι
3591 4511 3739 4586 ἦλθε

507 4621 557 4667 et
585 4613 846 4667 nuntiavit
893 4610 1066 4676 Sauli,
1094 4629 1155 4666 ac
1182 4613 1318 4666 dixit
1363 4615 1450 4668 ei:
1495 4613 1642 4668 Venit
1676 4615 1846 4670 David
1890 4617 1945 4670 in
1971 4616 2068 4671 do-

511 4721 655 4758 mum
682 4704 1061 4759 Abimeleclt”.
1107 4703 1212 4760 Sed
1237 4706 1400 4760 etiam
1426 4721 1546 4772 LIII,
1580 4715 1713 4761 tunc
1741 4710 2065 4778 pronuntia-

512 4807 600 4852 tus
625 4804 729 4862 est,
759 4795 892 4852 Cum
919 4797 1171 4851 uenissent
1201 4796 1422 4866 Zipluei,
1453 4807 1503 4852 et
1529 4798 1787 4853 dixissent
1808 4798 1876 4853 ad
1901 4798 2064 4856 Saul:

515 4886 703 4941 Nonne
740 4886 910 4940 David
938 4885 1271 4943 absconditus
1299 4900 1376 4944 est
1403 4890 1541 4959 apud
1563 4908 1656 4945 nos
1673 4891 1755 4944 “‘2
1792 4890 2067 4962 Quinqua-

511 4979 753 5051 gesimus
776 4994 905 5033 vero
932 4980 1155 5049 quintus
1197 4981 1277 5037 sic
1330 4983 1628 5053 inscriptus
1655 4989 1776 5038 est:
1825 4981 1958 5036 Cum
1990 4992 2068 5038 te-

511 5078 735 5126 nuerunt
762 5069 912 5124 illum
941 5073 1206 5144 Allophgli
1241 5075 1295 5128 in
1330 5073 1457 5129 Geth
1478 5092 1496 5129 :
1526 5090 1635 5145 quo
1667 5084 1908 5144 tempore
1927 5091 2064 5131 non-

509 5163 638 5216 dum
663 5162 924 5234 regnabat
961 5164 1150 5230 David,
1185 5165 1348 5221 Saule
1366 5165 1675 5236 superstite.
1718 5164 2064 5238 Quinquage-

510 5255 685 5312 simus
711 5264 890 5311 autem
922 5265 1107 5312 sextus
1130 5257 1210 5312 sic
1237 5257 1450 5310 titulum
1488 5255 1667 5316 habet,
1707 5253 1896 5322 David,
1941 5273 2060 5309 cum

508 5351 708 5420 fugeret
727 5365 760 5401 a
784 5347 918 5417 facie
937 5348 1070 5404 Saul
1092 5351 1144 5403 in
1173 5350 1490 5417 speluncam.
1523 5343 1784 5400 Similiter
1813 5355 1866 5400 et
1904 5362 2056 5410 Lvm,

509 5437 736 5506 Quando
769 5440 912 5493 misit
942 5437 1094 5502 Snul,
1128 5439 1224 5502 ait,
1271 5447 1320 5492 et
1357 5435 1634 5491 custodiuit
1649 5436 1878 5489 ‘domum
1923 5436 2057 5505 ejus,

509 5541 567 5585 ut
613 5548 731 5586 eum
759 5532 1091 5600 interficeret.
1145 5528 1644 5599 Quinquagesimus
1685 5542 1812 5582 vero
1860 5543 2059 5594 nouus,

509 5623 723 5680 etiamsi
756 5633 880 5694 post
931 5629 1162 5675 mortem
1204 5619 1384 5675 Saulis
1441 5620 1830 5690 pronuntiatus
1874 5619 2058 5685 fuerit,

2170 4608 2350 4662 Δα-υτδ
2387 4612 2473 4674 είς
2501 4608 2607 4662 τὸν
2647 4605 2813 4662 οἷκον
2854 4607 3176 4677 Ἀϐιμέλεχ.
3223 4607 3380 4660 Ἀλλὰ
3424 4607 3518 4661 καὶ
3559 4610 3586 4661 ὁ
3623 4614 3734 4676 VT"

2183 4701 2278 4753 Ἐν
2321 4698 2400 4764 τῷ
2447 4699 2645 4754 ἐλθεῖν
2701 4699 2840 4765 τοὺς
2889 4699 3204 4769 Ζιφαίους,
3271 4697 3369 4751 καί
3419 4696 3608 4750 εἰπεῖν
3653 4695 3734 4762 τῷ

2170 4791 2396 4846 Σαούλ·
2447 4791 2591 4860 Οὐχὶ
2629 4789 2755 4844 ἰδοὺ
2785 4789 2964 4844 Attuli?
3011 4787 3335 4858 κέκρυπται
3382 4787 3516 4854 παρ’
3555 4787 3737 4856 ήμῖνς

2170 4884 2371 4955 εἴρητο.
2410 4883 2519 4936 Καὶ
2555 4886 2584 4938 ὁ
2625 4889 2664 4936 ε’
2696 4884 2754 4937 δὲ
2793 4883 2886 4937 καὶ
2912 4889 2984 4936 ν’·
3014 4883 3152 4934 Ὅτε
3181 4880 3518 4949 ἐκράτησαν
3549 4880 3736 4934 αὑτὸν

2171 4979 2225 5031 οἱ
2262 4977 2608 5045 Ἀλλόφυλοι
2657 4977 2727 5030 ἐν
2766 4975 2904 5039 Γέθ,
2943 4975 3373 5046 ὲπιγὲγραπται’
3424 4970 3490 5046 ἦν
3531 4975 3589 5028 δὲ
3638 4973 3735 5028 καὶ

2169 5063 2320 5132 οὗτος
2352 5077 2380 5127 ό
2416 5069 2602 5140 χρόνος
2647 5069 2675 5120 ὁ
2717 5067 2820 5139 πρὸ
2866 5067 2966 5138 τῆς
3006 5066 3274 5138 βασιλείας
3306 5066 3397 5121 τοῦ
3439 5066 3616 5130 Δαυτδ,
3650 5066 3730 5119 ἔτι

2169 5159 2260 5213 τοῦ
2296 5159 2466 5212 Σαοὺλ
2504 5159 2782 5229 περιόντος
2810 5157 2888 5229 τῷ
2923 5157 3042 5229 βίῳ,
3080 5159 3173 5212 καὶ
3209 5161 3236 5212 ὁ
3279 5163 3363 5222 νς¹
3408 5158 3728 5230 ὲπιγράερ;ι’

2176 5252 2259 5318 Τῷ
2291 5253 2487 5315 Δαυῒδ,
2515 5253 2585 5305 ἐν
2606 5249 2684 5316 τῷ
2718 5251 2902 5304 αὺτίν
2927 5249 3386 5318 ἀποδιδράσκειν
3407 5249 3521 5303 ἀπὸ
3546 5265 3732 5316 προσ·

2164 5343 2328 5399 ώπου
2382 5343 2579 5397 Σαοὺλ
2629 5345 2717 5409 είς
2757 5342 2822 5396 τὸ
2869 5342 3189 5408 σπήλαιον.
3235 5342 3505 5404 Ὡσαύτως
3552 5341 3646 5394 καὶ
3700 5339 3732 5392 ό

2169 5443 2278 5508 νηό
2310 5436 2538 5499 Ὁπότε,
2581 5435 2767 5506 φησιν,
2809 5434 3126 5490 ἀπέστειλε
3163 5434 3393 5498 Σαοὺλ,
3432 5433 3539 5487 καὶ
3588 5433 3730 5500 ἐρύ-

2168 5529 2316 5592 λαξε
2344 5527 2450 5580 τὸν
2479 5523 2646 5581 οἷκον
2671 5525 2877 5592 αὑτοῦ,
2915 5526 3021 5581 τοῦ
3059 5524 3390 5580 θανατῶσαι
3425 5519 3631 5579 αὐτόν.
3663 5524 3730 5576 ’0

2170 5635 2232 5688 γε
2274 5618 2379 5690 μὴν
2425 5618 2519 5681 νθ’,
2541 5621 2590 5672 εί
2623 5619 2716 5672 καὶ
2768 5616 2906 5688 μετὰ
2948 5617 3038 5670 τὸν
3081 5617 3306 5691 θάνατον
3332 5615 3499 5671 Σαοὺλ
3524 5614 3729 5688 εἴρητο,

582 5779 627 5814 ⁸⁸
665 5779 684 5834 l
718 5777 847 5848 Reg.
879 5793 1010 5845 xxn,
1042 5777 1190 5832 9—H.
1267 5776 1308 5808 “
1349 5774 1480 5832 ibid.
1521 5776 1604 5842 18,
1637 5775 1718 5832 l9.
1796 5777 1839 5807 “
1875 5774 2018 5832 Psal.
2058 5790 2264 5842 xui",
2295 5775 2348 5828 ‘2.
2427 5776 2470 5806 “
2510 5772 2688 5846 llleg.
2727 5790 2839 5842 ni,
2879 5773 2927 5830 l.
3004 5775 3047 5805 °’°
3086 5771 3217 5829 ibid.
3257 5771 3335 5827 Η.
