4010 6596
290 435 407 491 M5

1414 439 1909 498 COMMENTARIA
1947 441 2013 498 ΙΝ
2054 442 2391 501 PSALMOS.

3403 446 3509 505 με

286 554 395 625 ἤδη
433 554 801 625 βασιλευοντος
830 554 921 609 τοῦ
952 555 1130 619 Δαυῖδ,
1155 556 1293 611 una:
1330 558 1421 611 καὶ
1448 560 1607 625 αὐτὸς
1635 562 1738 631 πρὸ
1760 564 1844 634 τῆς

1954 563 2067 632 jam
2098 570 2360 634 regnante
2398 563 2601 621 Davide
2637 584 2653 633 ;
2684 574 2741 619 at
2766 566 2879 635 ipse
2914 579 3125 635 quoque
3153 575 3276 620 ante
3307 564 3513 621 admis-

287 646 439 701 κατὰ
468 648 558 701 τὸν
590 648 789 719 Οὐρίαν
817 647 1065 720 πράξεως
1083 666 1097 680 ⁸
1127 647 1156 701 ὃ
1188 649 1249 721 δὴ
1281 651 1598 721 σημαίνεται
1621 654 1726 706 ἀπὸ
1751 655 1850 724 τῆς

1958 670 2078 709 sum
2106 656 2162 709 in
2202 656 2387 711 Uriam
2419 655 2632 713 facinus
2664 657 2845 713 editus
2875 666 2987 713 est:
3019 656 3161 726 quod
3192 672 3254 712 ex
3303 657 3506 712 inscri-

284 738 644 808 προγραφῆς,
666 738 785 808 ἥτις
809 738 956 810 δηλοῖ
978 739 1066 793 τὸν
1095 741 1280 811 χρόνον
1305 741 1581 808 φάσκουσα
1600 760 1612 773 ’
1653 744 1844 797 Ὁπότε

1954 747 2138 816 ptione
2183 747 2539 817 significatur,
2598 748 2860 818 temporis
2930 755 3114 801 notam
3170 747 3373 801 ferente
3422 746 3513 803 his

281 828 613 897 ἐνεπύρισε
658 828 772 898 τὴν
810 829 1266 899 Μεσοποταμίαν
1309 832 1556 899 Συρίας,
1600 834 1696 886 καὶ
1743 833 1844 901 τὴν

1955 836 2167 891 verbis:
2218 834 2351 890 Cum
2391 836 2659 890 succendit
2707 835 3147 905 Mesopotamiam
3208 834 3397 905 Syriis,
3455 844 3507 890 et

284 920 522 987 Συρίαν
564 920 727 975 Σωόᾶ
748 962 763 985 ,
811 922 906 974 καί
951 922 1328 990 ἀπέστρεψεν
1370 923 1525 977 Ἰωὰό
1572 927 1668 979 καὶ
1715 925 1844 979 ἑπά-

1954 926 2166 995 Syriam
2213 924 2353 981 Saba
2398 943 2416 981 :
2450 938 2499 982 et
2537 944 2810 982 conversus
2846 926 2981 981 Joab
3028 928 3280 996 percussit
3320 928 3507 980 vallem

282 1012 436 1076 ταξε
484 1012 599 1080 τὴν
627 1012 893 1083 φάραγγα
937 1014 1054 1067 τῶν
1070 1014 1267 1082 Ἁλῶν,
1299 1016 1523 1071 δώδεκα
1553 1019 1850 1086 χιλιάδας.

278 1102 482 1155 Ταῦτα
526 1103 582 1155 δὲ
621 1106 732 1166 τοῖς
765 1104 973 1175 χρόνοις
1016 1105 1241 1176 προάγει
1280 1108 1379 1177 τὴν
1406 1108 1461 1159 ὲν
1484 1106 1559 1177 τῷ
1584 1114 1625 1159 ν’
1655 1107 1852 1178 ψαλμῷ

278 1193 694 1266 ἐξομολόγησιν.
727 1198 846 1249 Ἔτι
877 1197 981 1267 μὴν
1013 1198 1103 1251 καὶ
1133 1199 1161 1250 6
1188 1198 1264 1265 ξδ’
1302 1199 1510 1269 ψαλμὸς
1551 1200 1740 1271 ἐλέχθη
1775 1200 1851 1271 τῷ

277 1283 452 1337 Δαυῒδ
478 1286 547 1338 ἐν
579 1284 656 1350 τῷ
680 1282 831 1339 εἶναι
870 1287 1055 1340 αὐτόν
1095 1290 1163 1342 ἐν
1198 1288 1271 1357 τῇ
1310 1290 1502 1358 ἐρήμῳ
1533 1289 1641 1358 τῆς
1679 1291 1850 1345 Ἰδου-

275 1375 489 1440 μαίας,
520 1373 718 1439 ζῶντος
760 1377 835 1429 ἔτι
876 1378 967 1430 τοῦ
1004 1379 1186 1433 Σαούλ.
1217 1380 1324 1432 Καὶ
1355 1380 1449 1434 θέα
1490 1382 1636 1444 ὅπως
1669 1382 1850 1451 σχεδὸν

274 1468 325 1517 οἱ
362 1466 611 1519 πλεῖστοι
640 1468 733 1521 τοῦ
760 1468 1004 1542 δευτέρου
1041 1471 1235 1542 μέρους
1258 1472 1358 1541 τῆς
1385 1472 1561 1543 βίόλου
1581 1472 1690 1527 τῶν
1715 1473 1848 1543 ψαλ-

275 1558 401 1626 μῶν
430 1556 527 1610 τοῦ
544 1559 722 1623 Δαυῒδ,
747 1562 1012 1632 παρεκτὸς
1030 1563 1123 1616 τοῦ
1157 1571 1219 1627 ν’,
1248 1566 1373 1628 τοὺς
1403 1564 1676 1635 πρόπαλαι
1701 1567 1850 1638 είρη-

275 1648 488 1716 μένους
519 1651 664 1722 αὐτῷ
691 1653 794 1723 πρὸ
830 1653 936 1706 τῶν
970 1655 1171 1725 χρόνων
1202 1656 1299 1726 τῆς
1336 1655 1477 1710 κατὰ
1517 1657 1606 1711 τὸν
1651 1658 1849 1729 Οὐρίαν

270 1741 541 1811 πράξεως
574 1744 967 1814 περιειλήφασι.
1003 1746 1074 1797 Τό
1096 1763 1158 1814 γε
1192 1747 1294 1817 μὴν
1324 1747 1534 1818 πρῶτον
1565 1750 1725 1820 μέρος
1752 1751 1850 1820 τῆς

270 1832 460 1902 αὐτῆς
492 1833 670 1903 βίὸλου
710 1836 769 1888 τὸ
812 1836 919 1889 ἀπὸ
964 1836 1179 1909 πρώτου
1222 1838 1316 1891 καὶ
1352 1840 1508 1910 μέχρι
1546 1848 1596 1911 μ’
1641 1842 1739 1912 τὴν
1767 1843 1850 1894 ὲν-

1954 1015 2286 1084 Salinarum,
2319 1019 2593 1073 duodecim
2636 1019 2826 1075 millia.
2875 1019 3000 1075 Haec
3054 1034 3218 1089 porro
3264 1026 3506 1087 tempore

1950 1116 2275 1175 praevertunt
2303 1110 2696 1164 confessionem
2742 1110 2796 1162 in
2836 1124 2867 1163 ι.
2920 1108 3126 1179 psalmo
3158 1106 3375 1161 factam.
3412 1108 3493 1158 li.-

1950 1211 2117 1265 super
2153 1212 2262 1251 Lm
2296 1213 2325 1249 a
2381 1196 2582 1251 Davide
2604 1196 2782 1251 dictus
2808 1204 2912 1261 est,
2930 1212 3045 1249 cum
3071 1204 3201 1250 esset
3231 1193 3507 1247 iii-deserto

1952 1287 2223 1353 Idumiew,
2261 1291 2475 1345 vivente
2530 1290 2708 1344 adhuc
2753 1290 2935 1346 Saule.
2989 1290 3068 1345 Ac
3098 1287 3232 1342 milii
3276 1302 3508 1358 perpen-
3576 1306 3579 1309 ·

1950 1380 2048 1434 das
2083 1381 2262 1445 velim,
2301 1398 2410 1451 quo
2454 1389 2613 1451 pacto
2654 1382 2898 1452 plerique
2946 1382 3001 1435 in
3059 1379 3298 1436 secunda
3352 1386 3507 1450 parte

1949 1472 2093 1534 libri,
2125 1475 2455 1541 psalmorum
2516 1472 2738 1528 Davidis
2788 1472 2951 1543 positi
3004 1471 3221 1542 psalmi,
3275 1476 3507 1539 excepto

1949 1565 2427 1635 quinquagesimo,
2456 1582 2551 1623 eos
2596 1567 2690 1637 qui
2736 1567 2804 1621 ab
2852 1566 2973 1635 ipso
3008 1564 3100 1618 diu
3130 1572 3255 1618 ante
3294 1570 3508 1633 tempus

1948 1656 2085 1724 gesti
2116 1655 2172 1709 in
2206 1655 2385 1710 Uriam
2421 1655 2680 1712 facinoris
2725 1654 3060 1725 pronuntiati
3099 1652 3333 1716 fuerant,
3366 1666 3505 1721 prae-

1948 1746 2357 1815 occupaverint.
2431 1747 2614 1801 Prima
2670 1762 2802 1802 sane
2848 1762 2975 1817 pars
3022 1746 3264 1815 ejusdem
3314 1743 3439 1797 libri
3474 1758 3508 1798 a

1950 1837 2126 1906 primo
2173 1838 2241 1892 ad
2274 1837 2775 1909 quadragesimum,
2807 1838 3144 1892 contrarium
3166 1836 3328 1890 habet
3356 1834 3506 1889 ordi-

268 1922 476 1976 αντίαν
508 1922 620 1995 εἶχε
656 1926 838 1991 τάξινο
871 1929 996 1991 τοὺς
1033 1928 1141 1999 γὰρ
1172 1929 1309 1999 μετὰ
1346 1930 1442 2001 τὴν
1471 1931 1844 2004 ἐξομολόγησιν

1950 1942 2107 1980 nem:
2144 1943 2375 1998 namque
2398 1943 2526 1997 pars
2560 1929 2651 1981 illa
2679 1942 2795 1991 eos,
2819 1927 2913 1998 qui
2944 1934 3067 1997 post
3108 1924 3506 1981 confessionem

266 2012 369 2066 τοῦ
409 2022 457 2067 ν’
493 2017 664 2069 ἐκεῖνο
693 2021 930 2089 περιεῖχε
959 2020 1020 2071 τὸ
1055 2020 1235 2090 μέρος.
1283 2020 1338 2074 '0
1362 2023 1491 2089 γοῦν
1522 2023 1699 2095 τρίτος
1720 2024 1850 2094 ψαλ-

267 2105 379 2173 μὸς
429 2105 651 2158 λέλεκτο
703 2107 780 2177 τῷ
819 2108 1008 2172 Δαυῒδ,
1047 2110 1224 2164 όπότε
1262 2111 1695 2179 ἀπεδίδρασκεν
1732 2114 1850 2168 ἀπὸ

263 2198 612 2265 προσώπου
651 2201 1021 2269 Ἀϐεσσαλὼιι
1067 2203 1171 2257 τοῦ
1212 2204 1343 2258 υιοῦ
1375 2206 1577 2260 αὐτοῦ.
1613 2208 1848 2276 Ἕφευγε

263 2288 325 2340 δὲ
362 2290 467 2341 τὸν
490 2292 601 2343 υίὸν
632 2291 771 2362 μετὰ
796 2292 890 2363 τὴν
906 2294 1139 2364 ἱστορίαν
1151 2294 1242 2347 τοῦ
1271 2296 1483 2367 Οὐρίου.
1504 2297 1661 2351 Ἀλλὰ
1675 2298 1767 2350 καὶ
1789 2301 1848 2352 ἐν

266 2378 349 2449 τῷ
379 2386 437 2444 ς’
470 2382 566 2451 τῆς
588 2383 754 2450 αὐτῆς
785 2384 940 2436 ἕνεκα
962 2384 1208 2453 πράξεως
1234 2387 1841 2459 ἁπεκλάετος(1)λέγων”

282 2472 617 2525 Ἐκοπίασα
641 2473 709 2524 ἐν
736 2472 815 2537 τῷ
839 2473 1146 2542 στεναγμῷ
1166 2493 1280 2544 μου
1298 2516 1313 2540 ,
1344 2472 1543 2531 λούσω
1576 2479 1702 2532 καθ’
1720 2478 1849 2532 ἐκά-

269 2578 437 2631 στην
466 2566 654 2618 νύκτα
678 2565 791 2634 τὴν
814 2567 1029 2634 κλίνην
1052 2584 1189 2637 μου,
1213 2568 1283 2621 ἐν
1313 2567 1566 2636 δάκρυσί
1587 2586 1706 2638 μου
1734 2569 1846 2637 τὴν

272 2656 602 2724 στρωμνήν
620 2675 738 2726 μου
759 2656 1119 2725 βρέξω.⁶Καὶ
1140 2661 1168 2712 6
1194 2659 1235 2723 ζ’
1260 2659 1316 2712 δέ
1337 2676 1350 2690 ο
1399 2660 1561 2727 Ὑπὲρ
1601 2659 1720 2714 τῶν
1745 2662 1846 2714 λό-

273 2764 396 2817 γων
454 2748 641 2801 Χουσὶ
688 2750 820 2803 υἱοῦ
858 2751 1085 2819 Ἰεμινεὶ
1129 2750 1444 2821 λελεγμένος
1467 2793 1481 2815 ,
1518 2751 1625 2805 τῶν
1667 2751 1843 2805 αὐτῶν

275 2838 361 2908 εἴη
395 2838 464 2892 ἂν
500 2840 723 2911 χρόνων.
758 2842 925 2895 Χουσὶ
961 2842 1068 2914 γὰρ
1101 2844 1438 2913 ἀρχιεταῖρος
1476 2842 1712 2911 γεγονὼς
1750 2845 1842 2898 τοῦ

274 2931 459 2995 Δαυῒδ,
508 2932 585 3003 τῷ
628 2933 976 3004 Ἀὁεσσαλὼμ
1023 2936 1351 3003 συνεγένετο.
1398 2936 1517 2989 Ἔτι
1553 2937 1655 3008 μὴν
1697 2940 1789 2991 καὶ
1816 2940 1845 2991 6

281 3020 344 3086 ιζ’
382 3023 755 3077 ἀποδέδεικται
801 3027 927 3096 περὶ
959 3025 1024 3078 τὰ
1058 3024 1337 3079 τελευταῖα
1374 3027 1471 3097 τῆς
1518 3027 1660 3097 ζωῆς
1687 3028 1845 3081 Δαυῒδ

274 3112 622 3184 λελεγμένος.
666 3116 823 3169 Ἀλλὰ
875 3118 969 3169 καὶ
1014 3118 1042 3170 6
1094 3116 1189 3181 λζ’,
1244 3120 1712 3190 ἐπιγεγραμμένος
1759 3122 1845 3187 είς

279 3204 639 3273 ἀνάμνησιν,
668 3205 762 3277 τὴν
787 3207 952 3277 αὐτὴν
986 3206 1121 3278 ἔχων
1145 3208 1380 3261 διάνοιαν
1407 3208 1483 3280 τῷ
1513 3211 1588 3274 ς’,
1622 3210 1843 3282 ἄρχεται

1948 2018 2379 2088 quinquagesimi
2434 2020 2627 2089 psalmi
2690 2019 2820 2074 dicti
2877 2028 3025 2083 sunt,
3102 2016 3502 2088 complectitur.

1950 2108 2166 2165 Tertius
2198 2111 2378 2181 itaque
2408 2112 2652 2180 psalmus
2690 2125 2720 2164 a
2743 2109 2942 2166 Davide
2982 2110 3368 2180 pronuntiatus
3396 2113 3503 2170 est,

1948 2218 2065 2255 cum
2106 2203 2304 2275 fugeret
2334 2222 2365 2257 a
2388 2204 2524 2271 facie
2563 2203 2846 2257 Absalonis
2884 2203 2985 2271 lilii
3014 2202 3118 2257 sui.
3152 2199 3309 2271 Fugit
3327 2206 3505 2253 autem

1947 2308 1978 2346 a
2013 2293 2125 2348 ﬁlio
2159 2305 2282 2364 post
2328 2295 2620 2350 historiam
2675 2293 2836 2349 Uriaa.
2886 2292 3000 2348 lmo
3032 2294 3198 2349 etiam
3244 2292 3297 2345 in
3352 2297 3506 2346 sexto

1946 2403 2045 2458 pro
2083 2389 2270 2465 eodem
2330 2388 2575 2445 facinore
2624 2389 2786 2444 flebat
2857 2387 3083 2443 dicens:
3137 2384 3395 2439 Laboravi
3450 2384 3506 2437 in

1943 2482 2137 2550 gemitu
2189 2497 2341 2536 meo:
2401 2481 2586 2536 lavabo
2647 2497 2739 2551 per
2804 2479 3040 2548 singulas
3088 2488 3262 2532 noctes
3316 2476 3506 2530 lectum

1944 2587 2149 2637 meum;
2217 2573 2465 2643 lacrymis
2536 2573 2661 2625 meis
2730 2579 2955 2625 stratum
3011 2584 3180 2623 meum
3234 2564 3413 2637 rigabo
3436 2565 3504 2621 ⁸⁸.

1946 2662 2219 2734 Septimus
2278 2665 2445 2728 item,
2493 2679 2587 2733 pro
2659 2663 2827 2717 verbis
2903 2661 3065 2716 Chusi
3125 2660 3225 2729 ﬁlii
3308 2657 3507 2711 Jemini

1943 2752 2142 2817 dictus,
2178 2752 2419 2822 ejusdem
2472 2752 2733 2821 temporis
2767 2749 2947 2805 fuerit.
3001 2748 3169 2804 Chusi
3220 2744 3368 2800 enim
3411 2742 3506 2814 qui

1944 2843 2193 2912 princeps
2238 2844 2537 2897 amicorum
2586 2841 2755 2895 David
2800 2840 3012 2902 fuerat,
3066 2853 3190 2893 cum
3237 2833 3506 2889 Absalone

1940 2933 2166 3002 junctus
2198 2941 2300 2987 est.
2332 2933 2397 2985 Et
2418 2935 2528 3001 jam
2558 2932 2777 3001 quidem
2808 2936 3289 2986 commonstratum
3312 2926 3506 2982 estde-

1944 3026 2142 3079 cimum
2174 3025 2463 3093 septimum
2497 3024 2644 3078 circa
2668 3023 2827 3077 linem
2855 3023 2977 3077 vitae
2998 3021 3165 3075 David
3188 3021 3393 3075 dictum
3422 3017 3506 3072 fu-

1943 3115 2072 3169 isse.
2126 3111 2496 3183 Similiterque
2527 3112 2837 3166 tricesimus
2881 3110 3172 3181 s0ptimus,
3208 3108 3505 3179 inscriptus

1944 3205 1997 3257 in
2029 3203 2531 3266 rememorationem,
2563 3201 2807 3256 eamdem
2847 3199 3139 3272 praeferens
3180 3214 3341 3270 quam
3383 3213 3506 3253 sex-

281 3296 379 3367 μὲν
409 3297 520 3349 ἀπὸ
557 3298 664 3351 τῶν
689 3298 862 3352 αὐτῶν
903 3300 1158 3372 ῥημάτων
1189 3299 1359 3369 λέγων
1378 3318 1391 3332 ο
1427 3302 1619 3369 Κύριε,
1649 3302 1732 3371 μὴ
1765 3301 1843 3367 τῷ

1945 3302 2033 3350 tus
2058 3294 2404 3357 sententiam,
2440 3293 2634 3348 iisdem
2676 3292 2857 3347 verbis
2910 3290 3099 3361 incipit
3133 3290 3319 3344 dicens
3347 3308 3359 3342 :
3393 3287 3505 3342 Do-

280 3387 440 3457 θυμῷ
469 3404 587 3443 σου
612 3389 862 3459 ἐλέγξῃς
882 3409 977 3460 με,
1011 3391 1165 3461 μηδὲ
1196 3391 1271 3460 τῇ
1296 3394 1386 3463 ὀριχ
1402 3392 1440 3461 ᾖ
1473 3411 1588 3447 σου
1614 3392 1842 3447 παιδεύ-

276 3494 396 3548 σῃς
417 3498 516 3550 με.
550 3482 757 3553 Προϊὼν
810 3483 867 3536 δὲ
915 3483 1011 3555 τὴν
1054 3485 1221 3556 αὐτὴν
1270 3484 1649 3556 ἐξομολόγησιν
1683 3489 1748 3557 τῇ
1784 3488 1841 3540 ἐν

275 3571 414 3643 τῷν
443 3573 718 3644 φερομένῃ
754 3578 979 3627 ποιεῖται
1014 3574 1071 3627 ἕν
1101 3592 1159 3627 τε
1191 3579 1303 3638 τοῖς
1335 3576 1513 3640 ἄλλοις
1544 3578 1636 3630 καὶ
1667 3578 1734 3631 δι’
1767 3572 1841 3632 ὧν

278 3680 442 3735 φησιν
462 3681 477 3694 ·
513 3665 635 3717 Ὅτι
665 3668 722 3717 al
762 3666 993 3734 ἀνομίαι
1022 3683 1139 3734 μου
1174 3663 1487 3735 ὺπερῆσαν
1517 3666 1630 3735 τὴν
1660 3686 1841 3737 κεφα-

276 3753 399 3821 λὴν
424 3768 572 3825 μου.
598 3754 986 3824 Προσώζεσαν
1011 3756 1110 3808 καὶ
1136 3756 1454 3824 ἐσάπησαν
1480 3761 1531 3811 ol
1557 3755 1840 3828 μιὲιλωπές

273 3865 390 3916 μου
430 3848 554 3903 ἀπὸ
581 3848 899 3917 προσώπου
933 3847 1042 3916 τῆς
1078 3850 1422 3917 ἀφροσύνης
1444 3867 1582 3919 μου.
1624 3851 1731 3903 Καὶ
1777 3852 1840 3905 σὺ

280 3937 323 3989 δ’
357 3938 419 3992 ἂν
446 3940 589 3994 κατά
624 3942 817 3995 σαυτὸν
854 3940 1172 4009 συναγαγὼν
1205 3940 1383 4012 εὐροις
1415 3941 1481 3997 ἂν
1518 3941 1586 4008 τὰ
1621 3942 1843 3996 πλεῖστα

283 4029 385 4083 τῶν
410 4033 465 4085 ὲν
488 4031 567 4104 τῷ
598 4032 797 4104 πρώτῳ
828 4033 980 4103 μέρει
1021 4032 1128 4087 τῶν
1160 4032 1386 4104 ψαλμῶν
1413 4034 1548 4104 μετὰ
1572 4034 1696 4097 τοὺς
1720 4034 1842 4105 χρό-

281 4139 400 4187 νους
435 4124 537 4195 τῆς
569 4124 706 4178 κατὰ
731 4125 820 4178 τὸν
852 4124 1050 4196 Οὐρίαν
1091 4124 1329 4196 ἱστορίας
1368 4125 1649 4197 εἰρημένα,
1680 4126 1749 4181 τὰ
1785 4125 1841 4179 δὲ

283 4212 414 4283 μετὰ
436 4215 533 4267 τὸν
559 4222 602 4267 ν’
631 4218 741 4279 τοῖς
768 4216 976 4287 χρόνοις
1001 4214 1306 4288 προάγοντα
1329 4215 1425 4288 τὴν
1458 4215 1596 4270 κατὰ
1625 4216 1713 4271 τὸν
1739 4218 1841 4270 Οὐ-

287 4302 396 4372 ρίαν
423 4304 641 4377 πρᾶξιν.
672 4305 735 4357 Τί
760 4305 958 4377 δήποτε
981 4302 1072 4360 οὖν
1106 4308 1166 4359 οὐ
1204 4305 1344 4361 κατὰ
1376 4306 1474 4376 τὴν
1501 4307 1609 4361 τῶν
1637 4307 1840 4380 χρόνων

282 4394 594 4449 ἀκολουθίαν
621 4397 669 4448 οἱ
693 4395 896 4468 πρῶτοι
928 4399 1038 4461 τοῖς
1072 4398 1279 4468 χρόνοις
1310 4397 1515 4469 πρῶτοι
1544 4398 1841 4468 stateram-

285 4500 403 4539 σαν·
428 4486 546 4542 ἀλλ’
571 4487 622 4539 οἱ
657 4486 754 4557 τὴν
781 4485 984 4557 πρῶτοι
1007 4486 1317 4557 λελεγμένοι
1344 4487 1421 4540 ἔτι
1454 4487 1650 4551 ζῶντος
1673 4487 1840 4541 Σαοὺλ

284 4574 338 4626 ἐν
361 4576 432 4648 τῷ
452 4576 688 4648 δευτέρῳ
712 4576 866 4647 μέρει
890 4577 997 4629 τῶν
1017 4576 1273 4647 ψαλμῶνο
1300 4580 1355 4630 ὲν
1380 4577 1435 4629 δὲ
1460 4577 1538 4647 τῷ
1566 4576 1763 4648 πρώτῳ
1789 4578 1838 4629 οἱ

1942 3386 2112 3449 mine,
2159 3401 2222 3439 ne
2249 3385 2305 3439 in
2328 3383 2507 3454 furore
2538 3396 2625 3437 tuo
2658 3400 2851 3453 arguas
2882 3394 2995 3447 me,
3030 3397 3188 3452 neque
3216 3381 3273 3435 in
3300 3381 3382 3434 ira
3412 3388 3505 3433 tua

1941 3476 2197 3543 corripias
2228 3492 2328 3530 me.
2359 3474 2417 3528 ln
2438 3474 2792 3545 sequentibus
2814 3487 2943 3527 vero
2967 3473 3233 3537 eamdem,
3264 3485 3425 3541 quam
3449 3470 3505 3524 in

1944 3565 2149 3636 psalmo
2178 3565 2633 3636 quinquagesimo
2653 3605 2667 3629 ,
2699 3563 3096 3618 confessionem
3125 3562 3270 3626 edit,
3305 3564 3418 3617 sive
3449 3562 3505 3615 in

1943 3656 2096 3719 aliis,
2147 3657 2260 3711 sive
2289 3657 2344 3711 in
2379 3657 2482 3711 hoc
2520 3657 2663 3710 dicto
2699 3674 2711 3710 :
2749 3655 3011 3720 Quoniam
3044 3655 3345 3724 iniquitates
3379 3667 3506 3705 mea:

1941 3761 2288 3817 supergressa:
2333 3755 2455 3801 sunt
2500 3754 2657 3815 caput
2706 3762 2895 3798 meum.
2952 3743 3272 3797 Putruerunt
3304 3753 3355 3796 et
3387 3759 3505 3795 cor-

1942 3845 2110 3907 ruptis
2141 3849 2260 3892 sunt
2286 3838 2557 3892 cicatrices
2580 3854 2705 3892 mea:
2735 3855 2767 3891 a
2790 3837 2924 3906 facie
2952 3835 3266 3903 insipientia:
3286 3851 3412 3889 mea:
3437 3834 3500 3889 “.

1939 3929 2017 3984 Ac
2049 3930 2095 3986 si
2125 3928 2311 3984 eadem
2345 3945 2442 4000 per
2469 3937 2520 3982 te
2546 3928 2772 3997 colligas
2794 3965 2809 3991 ,
2852 3926 3021 3979 multa
3065 3925 3121 3978 in
3156 3923 3329 3995 prima
3354 3934 3506 3994 parte

1942 4019 2066 4074 libri
2096 4019 2429 4090 psalmorum
2453 4017 2852 4088 deprehendas,
2886 4031 3006 4086 qua:
3029 4022 3151 4085 post
3177 4022 3391 4085 tempus
3420 4014 3507 4068 hi-

1940 4111 2122 4167 storia:
2167 4110 2234 4165 de
2287 4109 2417 4165 Uria
2460 4110 2672 4180 prolata
2723 4114 2892 4176 sunt,
2944 4114 3108 4177 atque
3146 4121 3209 4161 ea
3232 4122 3351 4176 quae
3382 4114 3505 4176 post

1939 4200 2445 4271 quinquagesimum
2479 4199 2651 4271 posita
2684 4204 2848 4264 sunt,
2894 4204 3104 4267 gestum
3133 4196 3188 4250 in
3216 4194 3397 4250 Uriam
3422 4195 3504 4249 fa-

1939 4292 2095 4348 cinus
2144 4301 2384 4363 tempore
2426 4302 2749 4362 praevertere
2791 4288 3119 4361 comperies.
3171 4286 3312 4354 Quid
3338 4286 3504 4357 igitur

1939 4398 2116 4439 causa:
2146 4392 2248 4449 est,
2290 4382 2436 4454 quod
2477 4398 2586 4437 non
2618 4381 2918 4437 secundum
2948 4388 3254 4449 temporum
3281 4378 3500 4442 seriem,

1939 4475 2031 4546 qui
2063 4474 2224 4546 primi
2255 4481 2497 4545 tempore
2524 4481 2691 4541 sunt,
2721 4471 2883 4544 primi
2912 4472 3075 4543 positi
3108 4470 3249 4535 sint,
3279 4470 3374 4526 sed
3407 4472 3500 4541 qui

1939 4568 2121 4637 primi,
2157 4566 2452 4637 superstite
2478 4564 2642 4620 Saule
2667 4564 2799 4620 dicti
2830 4571 2977 4628 sunt,
3012 4562 3068 4617 in
3095 4561 3332 4619 secunda
3357 4563 3505 4632 psal-

285 4667 385 4728 τοῖς
408 4665 621 4738 χρόνοις
665 4665 917 4730 ὐστατοι;
965 4666 1203 4737 ἡγοῦμαι
1232 4667 1288 4720 δὲ
1328 4666 1529 4737 ταύτην
1564 4667 1835 4738 εἰληφέναι

1944 4675 2153 4714 morum
2185 4666 2340 4730 parte
2373 4658 2484 4713 sint
2515 4658 2829 4722 constituti;
2856 4664 2909 4712 et
2940 4656 2994 4710 in
3021 4654 3217 4726 prima,
3247 4654 3339 4725 qui
3366 4660 3504 4708 tem-

283 4752 373 4827 τὴν
414 4756 589 4823 τάξιν,
628 4756 701 4820 ὡς
743 4757 809 4810 ἂν
852 4757 924 4828 μὴ
964 4757 1072 4810 ἀπὸ
1120 4756 1228 4810 τῶν
1280 4758 1598 4829 κρειττόνων
1641 4758 1732 4810 ἐπὶ
1773 4757 1841 4811 τὰ

285 4846 439 4918 χείρω
468 4850 681 4919 φέροιτο
712 4850 739 4902 6
776 4848 929 4917 λόγος
947 4866 959 4878 ·
990 4849 1049 4901 τὸ
1070 4847 1198 4921 γάρ.
1225 4851 1310 4914 εἰς
1337 4848 1400 4902 τὸ
1427 4848 1598 4915 τέλος
1617 4849 1843 4919 μὴόια-

285 4938 542 5009 φθείρῃς,
578 4940 669 4993 καὶ
715 4939 805 4995 ἐπὶ
845 4939 942 5008 τῆς
967 4938 1074 4991 τῶν
1107 4938 1333 5009 ψαλμῶν
1363 4939 1566 5003 τάξεως
1607 4939 1843 5007 πεφυλά-

286 5026 399 5096 χθαι
419 5031 611 5085 έοικεν.
647 5031 736 5085 Διὸ
779 5031 869 5085 καὶ
901 5031 968 5083 τὰ
1000 5030 1418 5103 σκυθρωπότερα
1455 5031 1645 5103 πρῶτα
1673 5030 1841 5084 τέθει-

285 5130 390 5170 ται·
425 5119 513 5174 ἵνα
544 5120 768 5191 δεύτερα
798 5120 865 5175 τὰ
889 5122 1225 5193 χρηστότερα
1267 5120 1529 5191 φυλαχθῇ,
1569 5120 1836 5173 καλυπτο-

289 5207 451 5274 μένων
485 5213 577 5264 καὶ
596 5211 1058 5282 ὲξαφανιζομένων
1085 5211 1192 5265 τῶν
1223 5212 1498 5283 χειρόνων,
1528 5211 1615 5264 διὰ
1637 5211 1742 5264 τῶν
1779 5212 1838 5264 ἐν

285 5300 387 5362 τοῖς
429 5300 701 5372 δευτέροις
752 5303 1090 5374 κρειττόνων.
1149 5302 1309 5366 Εἰκὸς
1357 5302 1410 5355 δὲ
1454 5302 1545 5355 τὸν
1578 5300 1738 5354 Δαυῒδ
1778 5301 1838 5354 τὸ

286 5386 659 5464 πλημμεληθὲν
684 5394 832 5465 αὐτῴ
864 5394 1085 5465 ὕστερον
1117 5394 1204 5447 διὰ
1228 5393 1335 5446 τῶν
1369 5393 1644 5467 προτέρων
1675 5390 1837 5448 αὐτοῦ

284 5485 707 5558 κατορθωμάτων
736 5487 935 5542 ἐθέλειν
964 5485 1276 5541 καλύπτειν.
1297 5485 1452 5539 Εἴποι
1470 5487 1514 5541 δ’
1536 5486 1599 5539 ἄν
1626 5503 1729 5550 τις,
1757 5485 1838 5539 ὅτι

348 5641 396 5676 ⁵⁸
428 5642 570 5699 Psal.
604 5660 689 5707 vt,
731 5642 782 5695 7.
859 5642 903 5673 “
940 5640 1084 5697 Psal.
1119 5657 1336 5706 xxxv",
1374 5642 1427 5708 5,
1467 5641 1521 5697 6.

1940 4764 2073 4820 pore
2100 4750 2428 4818 posteriores
2449 4748 2636 4802 erant?
2666 4746 2779 4816 Ego
2804 4761 2932 4802 vero
2960 4746 3195 4800 arbitror
3217 4746 3337 4800 ideo
3357 4744 3503 4799 hunc

1941 4840 2185 4896 ordinem
2217 4848 2491 4909 sumptum
2522 4853 2667 4903 esse,
2698 4847 2758 4892 ut
2790 4851 2858 4891 ne
2888 4851 2919 4889 a
2947 4835 3412 4906 praestantioribus
3434 4836 3503 4891 ad

1943 4931 2130 5001 pejora
2186 4945 2365 4985 sermo
2396 4928 2717 4984 declinaret.
2767 4923 2901 4979 Illud
2934 4923 3078 4979 enim
3112 4942 3127 4977 :
3158 4921 3224 4977 In
3252 4923 3409 4992 ﬁnem
3438 4941 3504 4979 ne

1943 5020 2241 5091 disperdas,
2264 5020 2427 5076 etiam
2458 5034 2556 5090 pro
2580 5018 2911 5088 psalmorum
2944 5014 3136 5071 ordine
3158 5014 3500 5099 observatum

1944 5116 2182 5171 videtur.
2243 5112 2424 5180 Quare
2452 5112 2693 5169 tristiora
2722 5109 2896 5181 primo
2924 5108 3100 5180 posita
3123 5117 3282 5173 sunt,
3313 5114 3372 5162 ut
3397 5106 3500 5161 mi-

1945 5209 2085 5263 tiora
2112 5224 2211 5279 pro
2254 5205 2509 5263 secundis
2537 5209 2903 5268 servarentur,
2942 5200 3231 5256 occultatis
3254 5206 3308 5256 et
3339 5198 3500 5255 oblit-

1944 5302 2136 5355 teratis
2166 5299 2441 5370 peioribus
2470 5312 2567 5368 per
2593 5294 2815 5351 meliora
2852 5294 2944 5348 illa
2988 5292 3227 5350 secundo
3254 5294 3373 5348 loco
3402 5306 3499 5362 po—

1943 5393 2069 5449 sita.
2115 5390 2420 5449 Verisimile
2452 5398 2629 5446 autem
2655 5395 2739 5445 est
2765 5385 3019 5442 Davidem
3049 5385 3116 5441 ab
3144 5401 3202 5443 se
3227 5391 3498 5455 patratum

1942 5492 2131 5557 postea
2154 5483 2369 5542 facinus
2399 5499 2494 5556 per
2521 5483 2702 5554 priora
2723 5479 2815 5535 illa
2844 5477 2984 5534 bona
3009 5493 3171 5551 opera
3195 5484 3377 5549 tegere
3403 5488 3498 5529 vo-

361 5792 426 5865 (l)
464 5796 887 5873 lta_frequenter
927 5798 983 5853 in
1013 5806 1113 5855 hoc
1160 5800 1552 5855 commentario
1593 5800 1844 5870 attonitam

1944 5841 1957 5865 ,
1999 5817 2096 5872 pro
2128 5800 2495 5873 άποκλαίομαι
2546 5798 2764 5871 legitur,
2794 5802 2847 5853 et
2891 5791 3115 5866 quidem
3151 5792 3205 5848 in
3238 5786 3492 5849 omnibus

295 5868 563 5923 manuscri
568 5870 701 5939 ptis.
