4010 6526
2086 272 2112 287 κ

476 336 483 346 ⁸
558 361 663 415 437
1238 365 1505 421 EUSEBII
1544 366 2020 423 CxESARlENSlS
2057 367 2208 423 OPP.
2240 369 2419 426 PARS
2457 369 2546 427 Ill.
2584 399 2657 414 -—
2694 358 3119 434 EXEGETICA:
3677 378 3796 443 848

572 487 756 537 luisse.
808 489 992 539 Potest
1022 483 1187 537 etiam
1228 484 1358 547 dici,
1389 502 1454 541 ex
1497 486 1714 540 sublimi
1748 487 1945 557 pietate
1970 487 2130 543 Davi-

2235 490 2355 542 καθ⁹
2384 489 2682 560 ὑπερϐολὴν
2707 489 2985 551 εὐλαϐείας
3011 487 3227 560 πρώτας
3259 494 3447 544 ἔταττε
3487 490 3577 555 εᾶς
3607 491 3804 559 ἐξομο-

571 576 687 631 dem
720 576 1093 631 confessiones
1125 590 1254 632 suas
1283 579 1489 647 primas
1510 580 1787 645 statuisse,
1810 582 1936 650 quia
1950 581 2130 650 justus

2230 580 2476 650 λογήσεις
2509 579 2729 632 ἑαυτοῦο
2767 578 2995 644 Ἐπειδὴ
3026 578 3251 646 δίκαιος
3287 581 3501 636 ἑαυτοῦ
3543 584 3803 654 κατήγο-

570 668 618 721 ίη
651 669 907 737 principio
936 669 1192 721 sermonis
1223 679 1504 723 accusator
1531 681 1608 725 est
1637 673 1798 725 sui".
1824 673 1959 727 Cum
1983 681 2131 727 tanta

2222 691 2331 740 ρος
2352 673 2421 724 ἐν
2443 672 2825 741 πρωτολογίᾳ.
2853 673 3009 726 Ἀλλὰ
3029 673 3293 725 τοσούτων
3316 675 3444 744 ἡμῖν
3466 678 3541 739 εἰς
3561 677 3660 747 τὴν
3678 680 3803 731 ἀπο-

569 775 729 830 porro
761 760 828 814 de
852 760 1043 815 ordine
1090 760 1422 829 psalmorum
1458 780 1487 815 a
1514 766 1670 819 nobis
1703 766 1973 835 exquisita
2016 766 2131 820 fue-

2229 764 2467 817 δοθεῖσαν
2508 763 2659 827 τάξιν
2702 765 3190 836 γεγυμνασμένων,
3237 767 3422 836 καιρὸς
3450 767 3552 838 ἤδη
3586 770 3682 821 καὶ
3711 770 3802 821 ἐπὶ

568 852 701 913 rint,
748 852 861 921 jam
885 862 1097 922 tempus
1124 855 1299 911 estad
1324 857 1631 926 propositas
1664 871 1715 909 ιι
1750 857 1944 926 psalmi
1972 872 2133 913 voces

1929 858 1944 911 i
1972 872 2133 913 voces
2229 855 2325 921 τὰς
2356 854 2721 927 προκειμένας
2752 855 2937 924 φωνὰς
2962 854 3054 907 τοῦ
3094 862 3171 908 ναν
3206 855 3512 926 παρελθεῖν.

566 946 843 1001 accedere.

631 1036 757 1092 Ilaec
806 1039 990 1110 itaque
1040 1042 1272 1105 scribit,
1310 1058 1435 1097 cum
1472 1043 1788 1100 edidicisset
1828 1061 1948 1116 quae
1989 1044 2130 1101 Doec

2298 1040 2500 1111 Γράφει
2542 1040 2717 1095 τοίνυν
2752 1043 2876 1105 τοὺς
2923 1042 3309 1114 προκειμένους
3360 1043 3570 1113 λόγους,
3615 1045 3804 1116 μαθὼν

564 1128 754 1200 Syrus,
775 1132 1001 1186 structis
1016 1141 1207 1187 contra
1227 1149 1285 1189 se
1306 1135 1617 1198 calumniis,
1634 1145 1894 1205 gesserat.
1930 1136 2129 1202 Quam-

2227 1136 2384 1188 ὁποῖα
2417 1136 2738 1208 διεπράξατο
2779 1138 2933 1209 Δωὴκ
2964 1141 2992 1191 6
3035 1139 3201 1209 Σύρος
3239 1141 3295 1191 ὲν
3334 1143 3451 1203 ταῖς
3481 1144 3601 1194 κατ’
3635 1141 3800 1197 αὐτοῦ

564 1222 745 1277 obrem
786 1239 885 1278 ceu
931 1224 1110 1294 ipsum
1159 1227 1447 1296 alloquens
1476 1228 1590 1282 ait:
1627 1228 1767 1295 Quid
1798 1230 2044 1300 gloriaris
2074 1234 2129 1284 in

2227 1227 2516 1292 διαϐολαῖς.
2568 1229 2660 1283 Διὸ
2705 1229 2779 1293 ὡς
2824 1230 2957 1301 πρὸς
2998 1231 3158 1284 αὐτὸν
3206 1232 3539 1286 ἀποτείνεται
3590 1233 3796 1302 λέγων·

563 1316 800 1380 malitia,
841 1318 933 1387 qui
962 1329 1142 1385 potens
1191 1319 1287 1373 es?
1338 1322 1451 1374 sive
1482 1321 1644 1375 etiam
1674 1321 1945 1375 diabolum
1981 1338 2127 1376 eom-

2235 1320 2295 1371 Τί
2338 1317 2600 1389 ἐγκαυχᾷ
2640 1321 2709 1373 ἐν
2732 1322 2927 1387 κακίᾳ,
2965 1326 2997 1374 ό
3034 1322 3321 1388 δυνατός;
3352 1315 3500 1395 ῆ’ώς
3536 1325 3674 1396 πρὸς
3713 1327 3800 1379 τὸν

562 1408 741 1477 pellat,
774 1410 867 1477 qui
899 1410 953 1463 in
982 1411 1101 1480 ipso
1136 1412 1487 1481 Operabatur.
1537 1411 1656 1468 Non
1686 1415 1963 1470 nesciebat
1983 1416 2127 1470 enim

2228 1414 2595 1485 ὲνεργήσαντα
2640 1415 2695 1466 ὲν
2744 1415 2892 1486 αὐτῷ
2939 1415 3197 1470 διάϐολον.
3236 1420 3307 1471 Οὐ
3351 1419 3458 1488 γὰρ
3488 1421 3669 1489 ἠγνόει
3714 1422 3796 1474 τὸν

562 1499 706 1551 illum
747 1500 850 1555 sibi
887 1516 1104 1573 semper
1135 1502 1506 1558 adversarium
1538 1521 1660 1561 esse
1680 1547 1694 1568 .
1722 1515 1775 1561 et
1808 1507 2028 1561 assidue
2070 1522 2129 1562 se

2228 1506 2456 1559 πάντοτε
2505 1506 2651 1577 αὐτῷ
2687 1508 3075 1579 ἀντικείμενον,
3125 1512 3218 1564 καὶ
3262 1511 3350 1565 διὰ
3393 1514 3592 1575 παντὸς
3639 1515 3800 1567 αὑτὸν

560 1606 895 1660 impugnare,
939 1594 1101 1648 modo
1126 1610 1225 1664 per
1250 1594 1493 1659 Saulem,
1544 1600 1706 1651 modo
1743 1613 1839 1668 per
1866 1596 2125 1663 Doecum,

2228 1596 2584 1667 πολεμοῦντα,
2615 1598 2744 1650 ποτὲ
2777 1599 2873 1669 μὲν
2904 1599 2992 1654 διὰ
3022 1600 3115 1654 τοῦ
3142 1602 3332 1667 Σαοὺλ,
3359 1604 3473 1656 νυνὶ
3500 1603 3553 1656 δὲ
3585 1604 3673 1657 διὰ
3705 1604 3794 1659 τοῦ

559 1694 619 1735 ac
650 1683 968 1754 plerumque
988 1686 1219 1739 aliorum
1252 1688 1579 1744 ministerio.
1633 1688 1735 1757 Qui
1767 1706 1896 1762 ergo
1930 1692 1986 1745 in
2013 1708 2130 1747 ma-

2227 1690 2404 1761 Δωὴκ,
2437 1690 2528 1743 κα)⁸
2551 1690 2734 1744 ἄλλοτε
2766 1691 2936 1755 ἄλλως
2968 1692 3033 1744 δι’
3066 1694 3287 1765 ἐτέρων.
3325 1695 3380 1748 Ὀ
3416 1695 3512 1766 μὲν
3551 1691 3644 1749 οῦν
3672 1697 3782 1749 ἁδύ·

558 1773 671 1826 litia
707 1774 977 1840 infirmus,
1012 1776 1284 1834 invalidus
1316 1795 1379 1833 ac
1408 1780 1602 1837 debilis
1635 1791 1753 1849 cst,
1780 1798 1903 1838 cum
1938 1786 2127 1840 melio-

2227 1798 2383 1844 νατος
2417 1781 2507 1835 καὶ
2532 1782 2713 1844 ἄτονος
2749 1781 2840 1833 καὶ
2877 1781 3053 1849 ὀλίγος
3096 1784 3151 1835 ὲν
3196 1782 3381 1854 κακίᾳ,
3415 1783 3792 1850 πλεονάζοντος

557 1878 641 1919 res
671 1865 724 1917 in
752 1866 871 1934 ipso
902 1882 1081 1922 mores
1117 1872 1467 1939 praevaleant,
1519 1882 1706 1944 utpote
1739 1877 1835 1946 qui
1877 1876 1930 1930 in
1976 1876 2126 1930 mali-

2227 1874 2283 1926 ὲν
2314 1872 2460 1941 αὐτῴ
2494 1873 2586 1925 τοῦ
2623 1874 2926 1944 κρείττονος
2951 1875 3171 1945 τρόπου,
3210 1875 3285 1939 ὡς
3314 1875 3377 1929 ἂν
3413 1877 3792 1950 ἀσθενέστερος

557 1956 627 2009 tia
670 1956 937 2013 infirmior
966 1960 1071 2027 sit,
1114 1962 1242 2017 dum
1293 1974 1481 2033 peccat
1537 1982 1660 2022 sese
1708 1968 2039 2035 occultabit,
2070 1976 2124 2023 et

2229 1966 2287 2019 ἑν
2319 1965 2504 2036 κακίᾳ,
2532 1964 2892 2035 ὲγκαλύψεται
2921 1967 3265 2035 ἁμαρτάνων,
3299 1970 3389 2021 καὶ
3417 1970 3521 2021 ὑπὸ
3550 1969 3652 2039 τῆς
3682 1988 3786 2023 συν-

555 2057 823 2119 pungente
848 2054 1183 2109 conscientia
1215 2056 1447 2115 fortasse
1479 2061 1783 2130 resipiscet,
1812 2069 1974 2131 atque
2008 2078 2124 2115 ma-

2228 2058 2485 2128 ειδήσεως
2539 2058 2924 2129 κεντούμενος,
2983 2062 3363 2130 μετανοήσειεν
3414 2061 3512 2124 ἂν,
3561 2064 3656 2115 καὶ
3702 2063 3790 2133 τῆς

555 2138 680 2200 lilia:
719 2162 832 2202 sum
872 2151 1173 2206 remedium
1207 2170 1302 2223 per
1330 2154 1731 2210 confessionem
1765 2171 1827 2209 ac
1854 2156 2122 2210 sinceram

2228 2147 2418 2202 ἑαυτοῦ
2458 2148 2651 2211 κακίας
2683 2150 3051 2221 περινοήσειεν
3084 2151 3260 2221 ἐαυτῷ
3293 2150 3579 2223 φάρμακον
3612 2152 3675 2205 δι’
3710 2153 3785 2217 ἐξ·

559 2241 921 2311 pmnitentiam
952 2247 1302 2315 excogitabit.
1341 2246 1446 2301 Sed
1478 2248 1569 2316 qui
1604 2254 1798 2317 potens
1831 2255 1916 2302 est
1942 2249 1994 2301 in
2021 2248 2123 2301 ini-

2227 2239 2597 2311 ομολογήσεως
2632 2241 2723 2292 καὶ¹
2752 2241 3070 2312 εἰλικρινοῦς
3094 2242 3379 2312 μετανοίας
3399 2260 3413 2273 ο
3438 2245 3466 2296 6
3488 2242 3543 2296 δὲ
3578 2243 3787 2298 δυνατὸς

557 2331 790 2400 quitate,
822 2332 878 2386 in
916 2334 1034 2404 ipsa
1065 2335 1311 2404 superbit
1343 2346 1396 2391 et
1428 2337 1727 2407 gloriatur,
1754 2346 1807 2393 et
1835 2340 1990 2408 quasi
2016 2355 2124 2393 ma-

2228 2334 2286 2387 ὲν
2314 2332 2481 2402 κακίᾳ
2503 2332 2759 2400 τυφοῦται
2794 2334 2879 2384 ἐπ’
2905 2334 3062 2404 αὐτῇ,
3095 2335 3185 2386 καὶ
3219 2335 3573 2404 ἐγκανχᾶται,
3604 2335 3678 2398 ῶς
3710 2339 3786 2387 έπΊ

556 2438 659 2495 gno
693 2425 840 2479 edito
867 2424 1110 2481 facinore
1131 2444 1253 2482 sese
1295 2435 1552 2481 ostentat.
1602 2428 1680 2483 Ac
1725 2430 1936 2484 videtur
1967 2429 2120 2492 mihi,

2230 2426 2450 2497 μεγάλῳ
2482 2425 2862 2497 κατορθώματι
2911 2428 3323 2497 σεμνυνόμενος.
3373 2428 3479 2480 Καί
3522 2446 3612 2498 μοι
3654 2429 3800 2482 δοκεῖ

556 2532 605 2569 ιη
635 2517 887 2586 praesenti
912 2534 1163 2573 sermone
1193 2520 1527 2575 contrarium
1554 2521 1790 2576 describi
1816 2537 2041 2585 morem,
2072 2522 2122 2576 ci

2226 2516 2317 2569 τὸν
2366 2517 2606 2571 ἐναντίον
2646 2518 2843 2589 τρόπον
2886 2518 3203 2589 διαγράφειν
3240 2521 3267 2572 6
3304 2519 3490 2591 παρὼν
3531 2520 3687 2588 λόγος
3720 2523 3779 2593 τιξ

554 2608 640 2676 qui
674 2608 727 2662 in
759 2612 967 2678 psalmo
997 2626 1026 2663 ι.
1056 2611 1124 2665 de
1171 2612 1465 2668 confitente
1514 2613 1857 2684 designatur.
1921 2611 1979 2668 In
2030 2614 2123 2668 illo

2228 2606 2848 2680 προεξομολογησαμένῳ
2882 2612 2939 2663 ὲν
2962 2609 3039 2679 τῷ
3072 2618 3110 2663 ν’
3144 2610 3359 2682 ψαλμῷ.
3378 2611 3464 2663 Ἐν
3490 2612 3682 2682 ἐκείνῳ
3703 2615 3786 2683 μὲι

553 2716 783 2771 namque
831 2703 923 2772 qui
972 2704 1141 2758 semel
1189 2704 1244 2758 in
1296 2706 1560 2759 malitiam
1605 2707 1792 2777 lapsus
1846 2714 1983 2775 erat,
2019 2709 2122 2762 ali-

2226 2701 2333 2772 γὰρ
2376 2700 2662 2771 ὀλισθήσας
2712 2704 2769 2755 έν
2821 2703 2988 2774 κακίᾳ
3032 2702 3194 2767 anas,
3236 2702 3365 2755 ποτὲ
3411 2702 3774 2773 μετεγίνωσκε

553 2792 766 2862 quando
803 2792 1190 2862 resipiscebat,
1224 2809 1287 2848 ac
1318 2810 1439 2851 sese
1488 2798 1798 2852 macerabat
1827 2798 1879 2851 in
1906 2798 2123 2853 confes-

2227 2795 2319 2848 καὶ
2346 2795 2533 2848 ἑαυτὸν
2566 2795 2792 2848 ἔκοπτεν
2825 2794 3326 2867 ἐξομολογούμενος,
3370 2796 3461 2849 καὶ
3505 2796 3573 2849 τὰ
3607 2799 3784 2851 έαυτοῖ

552 2885 725 2947 sione,
779 2899 987 2953 suaque
1031 2882 1180 2938 mala
1235 2884 1489 2944 deflebat.
1547 2888 1617 2942 At
1648 2888 1789 2943 cide
1820 2904 1927 2959 quo
1979 2907 2122 2945 [nunc

2227 2887 2370 2939 κακὰ
2404 2884 2808 2957 ἁποκλαόμενος
2840 2885 2989 2957 (δίσ)·
3021 2888 3049 2939 6
3090 2886 3146 2939 δὲ
3185 2883 3373 2959 παρὼν
3416 2888 3473 2941 ἐν
3526 2889 3692 2960 κακίᾳ
3722 2891 3801 2946 ὢν

551 2993 750 3039 sermo,
784 2978 837 3031 in
866 2978 1069 3033 malitia
1094 2980 1309 3052 degenti
1332 2982 1537 3038 dicitur
1566 3002 1580 3038 :
2226 2993 2358 3048 φησι
2380 2993 2394 3007 ·

621 3070 781 3125 Vens.
851 3072 960 3127 7-9.
1024 3072 1092 3126 Et
1156 3077 1334 3129 eradet
1390 3085 1437 3130 te
1486 3074 1549 3130 de
1607 3075 1945 3131 tabernaculo
2009 3086 2123 3140 tuo,

2295 3071 2404 3124 Kal
2472 3071 2777 3135 ἀποξύσει
2819 3088 2893 3125 σε
2959 3072 3077 3126 ἀπὸ
3116 3073 3226 3141 τῆς
3280 3073 3537 3143 σκηνῆς,
3576 3075 3675 3128 καὶ
3704 3076 3769 3127 ἐκ

550 3174 592 3218 et
624 3163 910 3217 eradicabit
968 3175 1015 3219 te
1047 3168 1109 3219 de
1149 3176 1290 3221 terra
1333 3169 1609 3223 viventium
1657 3170 1712 3222 in
1743 3179 2027 3232 wternum;
2067 3178 2123 3221 ut

2217 3162 2446 3232 ριζώσει
2473 3178 2547 3217 σε
2586 3165 2655 3217 ἐκ
2690 3163 2801 3233 γῆς
2844 3163 3069 3225 ζάηρτων
3096 3166 3301 3220 εἱσαείο
3333 3167 3419 3221 ἵνα
3448 3166 3647 3220 δίκαιοι
3675 3168 3780 3238 βλέ-

550 3257 794 3312 vidcntes
840 3258 976 3327 justi
1061 3276 1275 3330 semper
1324 3262 1585 3325 timeant,
1638 3263 1924 3333 ipsumque
1976 3262 2121 3317 deri-

2187 3262 2190 3280 '
2225 3273 2416 3319 ποντες
2452 3258 2539 3310 ἀεὶ
2573 3256 2861 3326 φοϐῶνται,
2895 3258 2988 3312 καὶ
3025 3258 3394 3328 καταγελῶσιν
3419 3259 3582 3313 αὑτοῦ
3618 3260 3770 3327 λέγον

549 3348 739 3411 deant,
777 3364 838 3401 ac
873 3349 1058 3403 dicant
1091 3370 1104 3405 :
1142 3351 1275 3406 Ecce
1304 3353 1476 3416 homo,
1502 3353 1591 3424 qui
1617 3371 1719 3407 non
1748 3355 1921 3422 posuit
1952 3353 2120 3407 Deum

2221 3366 2337 3413 τες·
2377 3348 2520 3403 Ἰδοὺ
2572 3350 2879 3419 ἄνθρωπος
2902 3390 2916 3413 ,
2975 3350 3041 3417 ὃς
3079 3354 3150 3405 οὐ
3197 3351 3470 3419 προέθετο
3509 3353 3617 3405 τὸν
3652 3354 3779 3406 Θεὸν

547 3446 786 3497 virtutem
815 3462 1000 3512 suam,
1050 3446 1139 3500 sed
1186 3451 1411 3515 speravit
1463 3449 1517 3500 in
1545 3448 1877 3502 multitudine
1904 3447 2119 3502 divitia-

2225 3442 2407 3511 ἰσχὺν
2447 3443 2663 3497 αὑτοῦ·
2714 3445 2852 3497 ἀλλ’
2900 3444 3259 3511 ἐπεποίθησε
3307 3443 3385 3509 τῷ
3434 3445 3649 3513 πλήθει
3690 3448 3792 3499 τοῦ

547 3552 665 3589 rum
712 3553 952 3601 suarum,
1001 3549 1050 3592 et
1082 3540 1358 3609 prwvaluit
1408 3541 1463 3594 in
1511 3540 1816 3594 calamitate
1844 3558 1961 3595 sua.
1996 3540 2119 3595 Haec

2221 3535 2486 3589 πλούτου
2528 3534 2732 3596 αὑτοῦ,
2768 3536 2865 3588 καὶ
2904 3535 3373 3604 ὲνισχυρεύοατο
3404 3532 3478 3601 τῇ
3518 3532 3793 3604 σινμρροᾷ

546 3644 708 3699 porro
734 3631 891 3701 quasi
922 3631 990 3686 de
1019 3630 1162 3687 Doce
1192 3633 1335 3687 dicta
1364 3644 1512 3697 sunt,
1545 3634 1637 3704 qui
1671 3649 1866 3705 genere
1899 3633 2118 3704 quidem

2220 3624 2453 3679 ἑαυτοῦ.
2479 3625 2737 3679 Λέλεκται
2766 3626 2820 3678 δὲ
2851 3625 3019 3680 ταῦτα
3064 3626 3138 3689 ώς
3165 3626 3299 3698 πρὸς
3332 3626 3420 3678 τὸν
3461 3627 3641 3697 Δωὴκ,
3665 3629 3794 3679 ὄντα

545 3720 718 3791 Syrus
762 3728 901 3787 erat,
933 3722 1027 3778 sed
1072 3724 1128 3778 in
1160 3724 1342 3779 medio
1368 3725 1586 3780 lsraelis
1620 3725 1970 3791 versabalur;
2009 3726 2118 3779 imo

2223 3718 2321 3788 μὲν
2350 3718 2517 3790 Σύρον
2548 3718 2609 3771 τὸ
2632 3718 2805 3786 γένος,
2838 3718 3310 3789 ἀναστρεφόμενον
3344 3718 3397 3770 δὲ
3426 3719 3482 3769 έν
3519 3719 3668 3789 μέσῳ
3696 3717 3778 3770 τοί

543 3812 776 3870 fortasse
801 3815 945 3885 piam
971 3815 1285 3887 religionem
1322 3818 1608 3880 simulans,
1641 3832 1748 3871 una
1780 3832 1903 3870 cum
1934 3816 2119 3870 multi-

2232 3811 2445 3883 Ἰσραήλ
2465 3827 2478 3841 ⁸
2510 3811 2602 3865 καί
2637 3829 2738 3863 που
2769 3811 2908 3882 τάχα
2956 3812 3047 3864 καὶ
3083 3810 3494 3880 παραδάλλοντα
3536 3812 3672 3882 μετὰ
3699 3811 3777 3863 τοῖ

542 3907 730 3963 tudine
780 3908 836 3963 in
881 3908 1293 3963 tabernaculum
1326 3908 1416 3965 Dei
1451 3918 1817 3964 concesserat.
1881 3909 1945 3962 Et
1986 3925 2117 3965 sane

2218 3905 2455 3977 πλήθους
2475 3906 2553 3968 είς
2580 3904 2678 3974 τὴν
2706 3905 2908 3976 σκηνὴν
2932 3904 3025 3958 τοῦ
3057 3905 3213 3968 Θεοῦ,
3246 3904 3514 3957 θεοσεόεῖν
3538 3922 3595 3957 τε
3628 3922 3766 3976 προς

542 4000 686 4056 dicta
711 4011 840 4057 sunt
870 4002 1057 4056 istbaec
1089 4002 1153 4055 ad
1199 4018 1469 4071 quemque
1495 4004 1548 4056 in
1581 4002 1787 4056 malitia
1819 4010 2113 4072 potentem,

2218 3998 2553 4069 ποιούμενον.
2583 3997 2846 4051 Λέλεκται
2880 3997 2935 4049 δὲ
2986 3998 3078 4050 καὶ
3112 3998 3245 4069 πρὸς
3284 3998 3459 4050 πάντα
3485 3997 3574 4049 τὸν
3597 4000 3666 4049 ἐν.
3688 4015 3786 4050 κα-

541 4093 632 4161 qui
661 4092 843 4161 lingua
876 4106 973 4162 pro
1011 4092 1191 4162 gladio
1238 4100 1420 4145 utatur
1472 4091 1537 4144 ad
1581 4092 1885 4145 animarum
1933 4093 2116 4163 perni-

2217 4092 2311 4163 κίᾳ
2346 4089 2591 4154 δυνατὸν,
2625 4092 2690 4160 τῇ
2734 4089 2953 4163 γλώσσῃ
2994 4088 3271 4161 χρώμενον
3314 4090 3433 4144 ἀντὶ
3474 4089 3659 4160 ξίφους
3696 4089 3779 4143 ὲττ.

541 4184 700 4248 ciem,
726 4199 885 4254 quem
916 4199 1015 4238 ceu
1040 4184 1328 4254 quamdam
1366 4199 1605 4237 amaram
1635 4198 1689 4238 et
1714 4184 1996 4239 exitiosam
2021 4201 2111 4238 ra-

2214 4184 2399 4255 ψυχῶν
2428 4183 2691 4254 ἀπωλείᾳ,
2722 4182 2908 4255 ὥσπερ
2941 4184 3062 4236 τινὰ
3104 4184 3303 4254 πικρὰν
3333 4185 3428 4237 καὶ
3456 4183 3788 4255 λυμαντικὴν

540 4275 740 4341 dicem,
768 4277 1074 4328 animarum
1110 4272 1347 4344 agricola
1377 4274 1599 4340 evellet,
1627 4274 1838 4330 etiamsi
1868 4274 2115 4330 videatur

2216 4278 2390 4350 ῥίζαν,
2420 4279 2448 4331 6
2479 4276 2586 4332 τῶν
2613 4276 2799 4347 ψυχῶν
2826 4276 3066 4346 γεωργὸς
3106 4276 3333 4339 έκτῖλαι,
3360 4277 3461 4330 κᾶν
3493 4276 3621 4348 δοκῇ
3655 4279 3786 4348 πρὸς

540 4366 605 4420 ad
645 4366 810 4422 breve
844 4375 1055 4437 tempus
1099 4366 1152 4420 in
1195 4366 1548 4420 tabernaculo
1580 4364 1671 4421 Dei
1698 4374 1749 4420 et
1786 4368 1839 4421 in
1871 4364 2110 4421 Ecclesia

2216 4369 2419 4442 βραχύν
2448 4388 2567 4423 τινα
2599 4370 2785 4443 χρόνον
2828 4370 2884 4421 ὲν
2924 4368 3000 4440 τῷ
3032 4368 3346 4439 σκηνώματι
3389 4368 3481 4421 τοῦ
3523 4368 3659 4426 Θεοῦ
3696 4368 3786 4420 καὶ

539 4460 712 4533 Ipsius
742 4460 1020 4530 plantatns
1054 4458 1243 4513 fuiSse.
1312 4457 1545 4512 Evulsus
1581 4466 1760 4512 autem
1796 4459 1919 4513 talis
1948 4460 2110 4513 homo

2213 4468 2271 4519 ὲν
2301 4469 2366 4538 τῇ
2408 4466 2699 4536 Ἐκκλησία
2726 4462 2887 4517 αὑτοῦ
2930 4461 3317 4532 πεφυτεῦσθαι.
3359 4460 3635 4523 Ἐκταλεὶς
3667 4460 3772 4531 (εἰς’

539 4570 601 4609 ac
633 4553 825 4625 procul
855 4552 1205 4608 tabernaculo
1256 4558 1567 4606 sanctorum
1601 4551 1828 4621 ejectus,
1862 4551 1917 4605 in
1945 4550 2110 4605 mise-

2210 4554 2266 4609 δὲ
2293 4556 2320 4607 6
2350 4552 2587 4616 τοιοῦτος
2617 4555 2707 4606 καὶ
2743 4552 2956 4625 μακρὰν
2990 4552 3314 4625 ἀπορριφεὶς
3341 4551 3435 4604 τοῦ
3473 4551 3580 4603 τῶν
3615 4553 3770 4619 ἀγίω·

538 4650 708 4705 rabile
734 4648 1099 4719 spectaculum
1130 4653 1360 4717 ponetur
1383 4644 1449 4699 ad
1480 4646 1765 4699 utilitatem
1796 4655 1848 4699 et
1876 4646 2106 4713 casnga-

2213 4645 2600 4717 σκηνώματος,
2652 4645 2826 4716 θέαμα
2878 4645 3116 4700 κείσεται
3163 4644 3377 4717 οἰκτρὸν
3429 4644 3512 4697 ἐπ’
3554 4644 3785 4711 ὠφελείᾳ

537 4745 742 4799 tionem
770 4741 1067 4796 videntium
1119 4758 1130 4793 :
1188 4740 1280 4809 qui
1319 4739 1557 4794 terribile
1585 4738 1675 4794 Dei
1708 4738 1969 4792 adversus
2000 4736 2102 4789 liu-

2211 4740 2305 4793 καὶ
2336 4737 2694 4810 σωφρονισμιῷ
2723 4738 2827 4790 τῶν
2860 4736 3128 4808 ὁρώντων,
3155 4738 3223 4800 οἳ,
3259 4736 3355 4808 τὴν
3386 4736 3658 4806 ἀπότομον
3690 4737 3766 4787 τοί

537 4835 773 4906 jusmodi
819 4834 1092 4889 hominem
1121 4832 1385 4903 judicium
1413 4832 1587 4887 oculis
1625 4830 1985 4901 percipientes
2006 4870 2020 4894 ,
2051 4830 2102 4883 id

2209 4831 2343 4884 Θεοῦ
2373 4829 2509 4885 κατὰ
2540 4830 2633 4883 τοῦ
2661 4830 2899 4883 τοιούτου
2930 4829 3106 4900 κρίσιν
3132 4828 3426 4900 ὀφθαλμοῖς
3452 4827 3787 4898 παραλαϐόν-

536 4928 834 4989 curabunt,
871 4927 923 4981 id
973 4927 1263 4990 carebunt,
1300 4933 1360 4979 ut
1402 4940 1468 4979 ne
1518 4926 1573 4978 in
1627 4924 1778 4994 paria
1833 4922 2099 4977 incidant.

2206 4942 2331 4990 τες,
2371 4924 2729 4993 ἀγωνιάσουσι
2786 4923 2878 4976 καὶ
2921 4922 3240 4991 φυλάξονται
3289 4922 3362 4993 μὴ
3416 4922 3528 4983 τοῖς
3576 4920 3768 4991 ὁμοίοις

537 5016 741 5073 Deinde
778 5016 1055 5085 pristinam
1090 5019 1322 5085 potentis
1362 5018 1414 5071 in
1458 5018 1658 5071 malitia
1692 5020 2091 5088 arrogantiam,

2207 5020 2541 5090 περιπεσεῖν.
2586 5013 2718 5069 Εἶτα
2757 5015 3114 5087 ἀναφέροντες
3142 5017 3205 5085 τῇ
3240 5015 3426 5084 μνήμῃ
3457 5013 3556 5083 τὴν
3584 5012 3774 5084 προτέ·

539 5110 920 5168 sublimitatem
968 5119 1019 5164 et
1075 5111 1382 5180 superbiam
1443 5111 1701 5165 memoria
1758 5119 2091 5179 repetentes,

2208 5128 2307 5183 ραν
2354 5110 2447 5163 τοῦ
2489 5109 2711 5163 δυνατοῦ
2752 5112 2808 5162 ἐν
2842 5108 3007 5180 κακίᾳ
3040 5108 3429 5178 μεγαλαυχίαν,
3456 5108 3516 5159 τό
3556 5123 3614 5159 τε
3649 5105 3767 5175 ῦᾲοι

534 5213 699 5275 atque
742 5204 1077 5261 advertentes
1109 5220 1251 5268 eam,
1286 5220 1407 5275 qua:
1447 5216 1627 5273 postea
1672 5204 1843 5273 ipsum
1874 5204 2088 5267 invasit,

2207 5206 2300 5260 καὶ
2329 5205 2427 5277 τὴν
2456 5202 2829 5275 ὑπερηφανίαν
2856 5199 3041 5263 αὐτοῦ,
3068 5200 3296 5271 δρῶντες
3318 5199 3374 5252 δὲ
3406 5199 3500 5251 καὶ
3520 5199 3617 5269 τὴν
3643 5216 3740 5269 μετ
3760 5220 3782 5253 ·‹

535 5295 892 5367 abjeetionem
920 5312 982 5349 ac
1006 5298 1323 5365 perniciem,
1343 5294 1449 5348 risu
1475 5294 1695 5363 dignum
1722 5296 2089 5360 :estnnabnnt,

2205 5296 2377 5351 ταῦτα
2418 5292 2777 5367 μετελθοῦσαν
2819 5292 2979 5346 αὑτὸν
3017 5291 3340 5344 ταπείνωσίν
3383 5307 3441 5342 τε
3491 5292 3583 5343 καὶ
3628 5290 3761 5342 dum}

532 5390 943 5446 considerantes
966 5406 1029 5444 ex
1056 5388 1311 5459 qualibus
1340 5386 1395 5439 in
1422 5386 1600 5455 qualia
1629 5385 1923 5455 deciderit;
1951 5388 2100 5457 judi-

2202 5391 2370 5455 λειαν,
2416 5387 2815 5456 καταγέλαστον
2858 5386 3016 5437 αὑτὸν
3068 5386 3381 5455 ἡγήσονται,
3417 5383 3475 5449 ἐξ
3522 5384 3649 5436 οἴων
3696 5385 3780 5434 εῖτ

533 5484 676 5540 cium
713 5484 807 5540 Dei
851 5483 1192 5555 probabunt,
1229 5481 1549 5549 justumque
1597 5496 1719 5535 esse
1764 5480 2097 5537 fatebuntur.

2198 5478 2284 5535 οἷα
2321 5480 2711 5551 μεταπέπτωκε
2739 5476 3027 5545 θεώμενοι·
3056 5473 3399 5539 ἀποδέξονται
3433 5472 3491 5525 δὲ
3522 5470 3613 5523 τοῦ
3640 5471 3770 5521 Θεοί¹

534 5576 647 5631 Sub
670 5576 784 5631 haec
814 5574 1183 5629 calamitatum
1209 5572 1361 5643 impii
1407 5588 1603 5628 causas
1642 5574 1979 5643 expendent,
2016 5590 2099 5631 re-

2197 5577 2295 5646 τὴν
2326 5573 2524 5646 κρίσιν,
2555 5571 2768 5625 δικαίαν
2816 5569 2985 5639 αὐτὴν
3024 5563 3159 5620 εἶναι
3203 5564 3602 5637 ὁμολογοῦντες.
3642 5558 3771 5618 Εἷτὶ

529 5679 678 5727 ctum
730 5684 853 5725 esse
892 5667 1158 5739 judicium
1217 5665 1310 5723 Dei
1351 5667 1727 5737 prwdicantes.
1773 5667 2097 5739 Oportuerat

2199 5669 2290 5722 uel.
2320 5667 2417 5731 τὰς
2452 5666 2629 5729 αἰτίας
2666 5662 3043 5728 διελεύσονται,
3079 5662 3144 5715 δι’
3188 5660 3250 5723 ἃς
3287 5659 3459 5713 ταῦτα
3507 5656 3754 5711 πέπονθε·

3402 4528 3635 4543 -ρ--κ

602 5844 645 5877 ⁸⁷
686 5844 846 5902 Prov.
887 5862 1060 5913 svnt,
1100 5845 1185 5901 i7.

2370 5896 2379 5901 -
2696 5904 2707 5917 η,
2772 5884 2783 5925 ί
2942 5842 3030 5903 ιὲ

2350 5920 2375 5935 ἃ
