  <div class='ocr_page' id='page_1' title='image "/cluster/home/n/w/nwhite01/storage/ocr_20150623/23/hvd.32044019207711/254.png"; bbox 0 0 4010 6518; ppageno 0'>
   <div class='ocr_carea' id='block_1_1' title="bbox 202 346 293 401">
    <p class='ocr_par' dir='ltr' id='par_1_1' title="bbox 202 346 293 401">
     <span class='ocr_line' id='line_1_1' title="bbox 202 346 293 401; baseline -0.011 -1"><span class='ocrx_word' id='word_1_1' title='bbox 202 346 293 401; x_wconf 67' lang='grc'><strong>449</strong></span> 
     </span>
    </p>
   </div>
   <div class='ocr_carea' id='block_1_2' title="bbox 1291 335 2278 397">
    <p class='ocr_par' dir='ltr' id='par_1_2' title="bbox 1291 335 2278 397">
     <span class='ocr_line' id='line_1_2' title="bbox 1291 335 2278 397; baseline -0.003 0"><span class='ocrx_word' id='word_1_2' title='bbox 1291 339 1790 397; x_wconf 76' lang='lat' dir='ltr'><strong>COMMENTARIA</strong></span> <span class='ocrx_word' id='word_1_3' title='bbox 1828 338 1893 395; x_wconf 81' lang='lat' dir='ltr'><strong>IN</strong></span> <span class='ocrx_word' id='word_1_4' title='bbox 1937 335 2278 394; x_wconf 80' lang='lat' dir='ltr'><strong>PSALMOS.</strong></span> 
     </span>
    </p>
   </div>
   <div class='ocr_carea' id='block_1_3' title="bbox 3302 329 3404 385">
    <p class='ocr_par' dir='ltr' id='par_1_3' title="bbox 3302 329 3404 385">
     <span class='ocr_line' id='line_1_3' title="bbox 3302 329 3404 385; baseline 0.01 -1"><span class='ocrx_word' id='word_1_5' title='bbox 3302 329 3404 385; x_wconf 66' lang='lat'><strong>150</strong></span> 
     </span>
    </p>
   </div>
   <div class='ocr_carea' id='block_1_4' title="bbox 198 444 1743 529">
    <p class='ocr_par' dir='ltr' id='par_1_4' title="bbox 198 454 1740 529">
     <span class='ocr_line' id='line_1_4' title="bbox 198 454 1740 529; baseline -0.004 -15"><span class='ocrx_word' id='word_1_6' title='bbox 198 461 219 515; x_wconf 73' lang='grc' dir='ltr'><strong>ὁ</strong></span> <span class='ocrx_word' id='word_1_7' title='bbox 247 455 455 529; x_wconf 74' lang='grc' dir='ltr'>ἀσεϐής,</span> <span class='ocrx_word' id='word_1_8' title='bbox 483 456 810 519; x_wconf 79' lang='grc' dir='ltr'><strong>δικαιοῦντες</strong></span> <span class='ocrx_word' id='word_1_9' title='bbox 839 454 936 527; x_wconf 81' lang='grc' dir='ltr'><strong>τήν</strong></span> <span class='ocrx_word' id='word_1_10' title='bbox 963 456 1057 512; x_wconf 88' lang='grc' dir='ltr'><strong>τοῦ</strong></span> <span class='ocrx_word' id='word_1_11' title='bbox 1091 454 1224 511; x_wconf 90' lang='grc' dir='ltr'>Θεοῦ</span> <span class='ocrx_word' id='word_1_12' title='bbox 1258 457 1455 528; x_wconf 79' lang='grc' dir='ltr'><strong>κρίσιν.</strong></span> <span class='ocrx_word' id='word_1_13' title='bbox 1482 457 1609 509; x_wconf 86' lang='grc' dir='ltr'>Δέον</span> <span class='ocrx_word' id='word_1_14' title='bbox 1634 456 1740 529; x_wconf 81' lang='grc' dir='ltr'><strong>γὰρ</strong></span> 
     </span>
    </p>
   </div>
   <div class='ocr_carea' id='block_1_5' title="bbox 1846 444 3408 529">
    <p class='ocr_par' dir='ltr' id='par_1_5' title="bbox 1846 444 3408 513">
     <span class='ocr_line' id='line_1_5' title="bbox 1846 444 3408 513; baseline -0.006 -6"><span class='ocrx_word' id='word_1_15' title='bbox 1846 453 1987 507; x_wconf 88' lang='lat' dir='ltr'><strong>enim</strong></span> <span class='ocrx_word' id='word_1_16' title='bbox 2029 468 2138 506; x_wconf 83' lang='lat' dir='ltr'><strong>non</strong></span> <span class='ocrx_word' id='word_1_17' title='bbox 2185 460 2294 507; x_wconf 88' lang='lat' dir='ltr'><strong>tam</strong></span> <span class='ocrx_word' id='word_1_18' title='bbox 2337 449 2515 507; x_wconf 74' lang='lat' dir='ltr'><strong>eﬂ‘erri</strong></span> <span class='ocrx_word' id='word_1_19' title='bbox 2560 451 2627 507; x_wconf 92' lang='lat' dir='ltr'><strong>de</strong></span> <span class='ocrx_word' id='word_1_20' title='bbox 2653 450 2887 513; x_wconf 76' lang='lat' dir='ltr'><strong>divitiis,</strong></span> <span class='ocrx_word' id='word_1_21' title='bbox 2920 462 3019 503; x_wconf 89' lang='lat' dir='ltr'><strong>nec</strong></span> <span class='ocrx_word' id='word_1_22' title='bbox 3068 444 3135 501; x_wconf 86' lang='lat' dir='ltr'><strong>de</strong></span> <span class='ocrx_word' id='word_1_23' title='bbox 3169 452 3408 499; x_wconf 75' lang='lat' dir='ltr'><strong>vanitate</strong></span> 
     </span>
    </p>
   </div>
   <div class='ocr_carea' id='block_1_6' title="bbox 198 530 1743 622">
    <p class='ocr_par' dir='ltr' id='par_1_6' title="bbox 198 530 1743 622">
     <span class='ocr_line' id='line_1_6' title="bbox 198 530 1743 622; baseline -0.002 -21"><span class='ocrx_word' id='word_1_24' title='bbox 198 549 261 622; x_wconf 76' lang='grc' dir='ltr'>μὴ</span> <span class='ocrx_word' id='word_1_25' title='bbox 287 550 373 601; x_wconf 79' lang='grc' dir='ltr'><strong>ἐπὶ</strong></span> <span class='ocrx_word' id='word_1_26' title='bbox 405 547 614 618; x_wconf 86' lang='grc' dir='ltr'>πλούτῳ</span> <span class='ocrx_word' id='word_1_27' title='bbox 640 530 1033 619; x_wconf 65' lang='grc' dir='ltr'>μέγιίφρονεῖν,</span> <span class='ocrx_word' id='word_1_28' title='bbox 1062 546 1180 618; x_wconf 82' lang='grc' dir='ltr'>μηδ’</span> <span class='ocrx_word' id='word_1_29' title='bbox 1206 547 1297 599; x_wconf 64' lang='grc' dir='ltr'><strong>ἐπὶ</strong></span> <span class='ocrx_word' id='word_1_30' title='bbox 1321 549 1387 617; x_wconf 79' lang='grc' dir='ltr'>τῇ</span> <span class='ocrx_word' id='word_1_31' title='bbox 1426 546 1743 617; x_wconf 79' lang='grc' dir='ltr'><strong>ματαιότητι</strong></span> 
     </span>
    </p>
   </div>
   <div class='ocr_carea' id='block_1_7' title="bbox 191 637 1760 711">
    <p class='ocr_par' dir='ltr' id='par_1_7' title="bbox 191 637 1760 711">
     <span class='ocr_line' id='line_1_7' title="bbox 191 637 1760 711; baseline -0.001 -18"><span class='ocrx_word' id='word_1_32' title='bbox 191 640 273 694; x_wconf 82' lang='grc' dir='ltr'><strong>τοῦ</strong></span> <span class='ocrx_word' id='word_1_33' title='bbox 306 640 562 711; x_wconf 80' lang='grc' dir='ltr'><strong>παρόντος</strong></span> <span class='ocrx_word' id='word_1_34' title='bbox 598 638 712 709; x_wconf 87' lang='grc' dir='ltr'>βίου</span> <span class='ocrx_word' id='word_1_35' title='bbox 759 637 1073 709; x_wconf 75' lang='grc' dir='ltr'>ἐπαίρεσθαι</span> <span class='ocrx_word' id='word_1_36' title='bbox 1098 679 1113 701; x_wconf 85' lang='grc'><strong>,</strong></span> <span class='ocrx_word' id='word_1_37' title='bbox 1170 638 1332 709; x_wconf 89' lang='grc' dir='ltr'>μόνον</span> <span class='ocrx_word' id='word_1_38' title='bbox 1375 638 1431 690; x_wconf 80' lang='grc' dir='ltr'><strong>δέ</strong></span> <span class='ocrx_word' id='word_1_39' title='bbox 1479 638 1567 690; x_wconf 82' lang='grc' dir='ltr'>τὸν</span> <span class='ocrx_word' id='word_1_40' title='bbox 1613 637 1760 691; x_wconf 57' lang='grc' dir='ltr'>Θεὸν</span> 
     </span>
    </p>
   </div>
   <div class='ocr_carea' id='block_1_8' title="bbox 187 728 1743 803">
    <p class='ocr_par' dir='ltr' id='par_1_8' title="bbox 187 728 1743 803">
     <span class='ocr_line' id='line_1_8' title="bbox 187 728 1743 803; baseline 0 -19"><span class='ocrx_word' id='word_1_41' title='bbox 187 732 363 785; x_wconf 79' lang='grc' dir='ltr'>ἐλπίδα</span> <span class='ocrx_word' id='word_1_42' title='bbox 396 732 486 784; x_wconf 78' lang='grc' dir='ltr'><strong>καὶ</strong></span> <span class='ocrx_word' id='word_1_43' title='bbox 513 730 704 803; x_wconf 83' lang='grc' dir='ltr'>βοηθὸν</span> <span class='ocrx_word' id='word_1_44' title='bbox 733 730 896 785; x_wconf 76' lang='grc' dir='ltr'>αὑτοῦ</span> <span class='ocrx_word' id='word_1_45' title='bbox 934 730 1195 792; x_wconf 87' lang='grc' dir='ltr'>τίθεσθαι,</span> <span class='ocrx_word' id='word_1_46' title='bbox 1227 732 1322 784; x_wconf 69' lang='grc' dir='ltr'><strong>καὶ</strong></span> <span class='ocrx_word' id='word_1_47' title='bbox 1344 729 1436 782; x_wconf 75' lang='grc' dir='ltr'><strong>ἐπὶ</strong></span> <span class='ocrx_word' id='word_1_48' title='bbox 1468 728 1639 803; x_wconf 88' lang='grc' dir='ltr'>ταύτῃ</span> <span class='ocrx_word' id='word_1_49' title='bbox 1670 729 1743 799; x_wconf 87' lang='grc' dir='ltr'>μὴ</span> 
     </span>
    </p>
   </div>
   <div class='ocr_carea' id='block_1_9' title="bbox 188 821 1744 894">
    <p class='ocr_par' dir='ltr' id='par_1_9' title="bbox 188 821 1744 894">
     <span class='ocr_line' id='line_1_9' title="bbox 188 821 1744 894; baseline -0.002 -18"><span class='ocrx_word' id='word_1_50' title='bbox 188 822 419 878; x_wconf 80' lang='grc' dir='ltr'><strong>σαλεύειν</strong></span> <span class='ocrx_word' id='word_1_51' title='bbox 453 826 518 894; x_wconf 81' lang='grc' dir='ltr'>τῇ</span> <span class='ocrx_word' id='word_1_52' title='bbox 553 822 760 876; x_wconf 72' lang='grc' dir='ltr'>ἐλπίδιο</span> <span class='ocrx_word' id='word_1_53' title='bbox 806 825 834 875; x_wconf 88' lang='grc' dir='ltr'>ὁ</span> <span class='ocrx_word' id='word_1_54' title='bbox 875 822 931 875; x_wconf 83' lang='grc' dir='ltr'><strong>δὲ</strong></span> <span class='ocrx_word' id='word_1_55' title='bbox 980 822 1076 893; x_wconf 85' lang='grc' dir='ltr'>τὴν</span> <span class='ocrx_word' id='word_1_56' title='bbox 1113 823 1210 892; x_wconf 87' lang='grc' dir='ltr'>μὲν</span> <span class='ocrx_word' id='word_1_57' title='bbox 1247 821 1454 893; x_wconf 85' lang='grc' dir='ltr'>ἀγαθὴν</span> <span class='ocrx_word' id='word_1_58' title='bbox 1501 821 1744 893; x_wconf 83' lang='grc' dir='ltr'>ἄγκυραν</span> 
     </span>
    </p>
   </div>
   <div class='ocr_carea' id='block_1_10' title="bbox 187 912 1743 984">
    <p class='ocr_par' dir='ltr' id='par_1_10' title="bbox 187 912 1743 984">
     <span class='ocr_line' id='line_1_10' title="bbox 187 912 1743 984; baseline -0.002 -17"><span class='ocrx_word' id='word_1_59' title='bbox 187 916 276 983; x_wconf 80' lang='grc' dir='ltr'>τῆς</span> <span class='ocrx_word' id='word_1_60' title='bbox 326 912 516 967; x_wconf 76' lang='grc' dir='ltr'>ἑαυτοῦ</span> <span class='ocrx_word' id='word_1_61' title='bbox 572 914 748 984; x_wconf 78' lang='grc' dir='ltr'>ψυχῆς</span> <span class='ocrx_word' id='word_1_62' title='bbox 798 914 1215 976; x_wconf 82' lang='grc' dir='ltr'><strong>καταλέλοιπεν,</strong></span> <span class='ocrx_word' id='word_1_63' title='bbox 1272 914 1366 965; x_wconf 74' lang='grc' dir='ltr'><strong>ἐπὶ</strong></span> <span class='ocrx_word' id='word_1_64' title='bbox 1424 912 1634 983; x_wconf 82' lang='grc' dir='ltr'>ματαίῳ</span> <span class='ocrx_word' id='word_1_65' title='bbox 1688 912 1743 965; x_wconf 80' lang='grc' dir='ltr'>δὲ</span> 
     </span>
    </p>
   </div>
   <div class='ocr_carea' id='block_1_11' title="bbox 186 1000 1741 1076">
    <p class='ocr_par' dir='ltr' id='par_1_11' title="bbox 186 1000 1741 1076">
     <span class='ocr_line' id='line_1_11' title="bbox 186 1000 1741 1076; baseline -0.004 -18"><span class='ocrx_word' id='word_1_66' title='bbox 186 1005 387 1076; x_wconf 84' lang='grc' dir='ltr'>πλούτῳ</span> <span class='ocrx_word' id='word_1_67' title='bbox 445 1006 544 1069; x_wconf 75' lang='grc' dir='ltr'><strong>τὰς</strong></span> <span class='ocrx_word' id='word_1_68' title='bbox 603 1004 820 1068; x_wconf 88' lang='grc' dir='ltr'>ἐλπίδας</span> <span class='ocrx_word' id='word_1_69' title='bbox 884 1005 1190 1075; x_wconf 82' lang='grc' dir='ltr'>ἀναρτήσας</span> <span class='ocrx_word' id='word_1_70' title='bbox 1214 1045 1228 1068; x_wconf 89' lang='grc'><strong>,</strong></span> <span class='ocrx_word' id='word_1_71' title='bbox 1278 1002 1466 1055; x_wconf 80' lang='grc' dir='ltr'>ἑαυτὸν</span> <span class='ocrx_word' id='word_1_72' title='bbox 1520 1000 1741 1066; x_wconf 73' lang='grc' dir='ltr'>ἔπαιξε,</span> 
     </span>
    </p>
   </div>
   <div class='ocr_carea' id='block_1_12' title="bbox 184 1093 1744 1168">
    <p class='ocr_par' dir='ltr' id='par_1_12' title="bbox 184 1093 1744 1168">
     <span class='ocr_line' id='line_1_12' title="bbox 184 1093 1744 1168; baseline -0.004 -17"><span class='ocrx_word' id='word_1_73' title='bbox 184 1098 335 1152; x_wconf 82' lang='grc' dir='ltr'>πλέον</span> <span class='ocrx_word' id='word_1_74' title='bbox 378 1099 529 1152; x_wconf 75' lang='grc' dir='ltr'>οὐδὲν</span> <span class='ocrx_word' id='word_1_75' title='bbox 559 1099 592 1167; x_wconf 83' lang='grc' dir='ltr'>ἦ</span> <span class='ocrx_word' id='word_1_76' title='bbox 637 1098 847 1168; x_wconf 76' lang='grc' dir='ltr'>γέλωτα</span> <span class='ocrx_word' id='word_1_77' title='bbox 895 1097 1135 1166; x_wconf 75' lang='grc' dir='ltr'>ὀφλήσας</span> <span class='ocrx_word' id='word_1_78' title='bbox 1179 1096 1271 1149; x_wconf 70' lang='grc' dir='ltr'><strong>ἐπὶ</strong></span> <span class='ocrx_word' id='word_1_79' title='bbox 1309 1096 1375 1167; x_wconf 77' lang='grc' dir='ltr'>τῇ</span> <span class='ocrx_word' id='word_1_80' title='bbox 1430 1093 1594 1149; x_wconf 80' lang='grc' dir='ltr'>αὑτοῦ</span> <span class='ocrx_word' id='word_1_81' title='bbox 1639 1111 1744 1165; x_wconf 86' lang='grc' dir='ltr'>μα-</span> 
     </span>
    </p>
   </div>
   <div class='ocr_carea' id='block_1_13' title="bbox 182 1190 1031 1262">
    <p class='ocr_par' dir='ltr' id='par_1_13' title="bbox 182 1190 1031 1262">
     <span class='ocr_line' id='line_1_13' title="bbox 182 1190 1031 1262; baseline -0.002 -18"><span class='ocrx_word' id='word_1_82' title='bbox 182 1190 304 1262; x_wconf 73' lang='grc' dir='ltr'>ταίᾳ</span> <span class='ocrx_word' id='word_1_83' title='bbox 330 1192 423 1244; x_wconf 76' lang='grc' dir='ltr'>καὶ</span> <span class='ocrx_word' id='word_1_84' title='bbox 450 1191 641 1261; x_wconf 79' lang='grc' dir='ltr'>ἄφρονι</span> <span class='ocrx_word' id='word_1_85' title='bbox 678 1190 1031 1261; x_wconf 77' lang='grc' dir='ltr'>μεγαλαυχίᾳ.</span> 
     </span>
    </p>
   </div>
   <div class='ocr_carea' id='block_1_14' title="bbox 258 1277 1745 1353">
    <p class='ocr_par' dir='ltr' id='par_1_14' title="bbox 258 1277 1745 1353">
     <span class='ocr_line' id='line_1_14' title="bbox 258 1277 1745 1353; baseline -0.004 -17"><span class='ocrx_word' id='word_1_86' title='bbox 258 1283 398 1353; x_wconf 74' lang='grc' dir='ltr'><strong>Ἐγὼ</strong></span> <span class='ocrx_word' id='word_1_87' title='bbox 434 1282 521 1345; x_wconf 80' lang='grc' dir='ltr'>δὲ,</span> <span class='ocrx_word' id='word_1_88' title='bbox 564 1282 705 1336; x_wconf 80' lang='grc' dir='ltr'>ὡσεὶ</span> <span class='ocrx_word' id='word_1_89' title='bbox 750 1282 924 1336; x_wconf 77' lang='grc' dir='ltr'>ἐλαία</span> <span class='ocrx_word' id='word_1_90' title='bbox 964 1281 1341 1350; x_wconf 78' lang='grc' dir='ltr'>κατάκαρπος</span> <span class='ocrx_word' id='word_1_91' title='bbox 1378 1280 1447 1334; x_wconf 85' lang='grc' dir='ltr'>ἐν</span> <span class='ocrx_word' id='word_1_92' title='bbox 1481 1277 1559 1345; x_wconf 85' lang='grc' dir='ltr'>τῷ</span> <span class='ocrx_word' id='word_1_93' title='bbox 1602 1278 1745 1342; x_wconf 77' lang='grc' dir='ltr'>οἴκῳ</span> 
     </span>
    </p>
   </div>
   <div class='ocr_carea' id='block_1_15' title="bbox 180 1368 1745 1443">
    <p class='ocr_par' dir='ltr' id='par_1_15' title="bbox 180 1368 1745 1443">
     <span class='ocr_line' id='line_1_15' title="bbox 180 1368 1745 1443; baseline -0.003 -15"><span class='ocrx_word' id='word_1_94' title='bbox 180 1374 283 1429; x_wconf 81' lang='grc' dir='ltr'><strong>τοῦ</strong></span> <span class='ocrx_word' id='word_1_95' title='bbox 312 1375 480 1439; x_wconf 84' lang='grc' dir='ltr'>Θεοῦ,</span> <span class='ocrx_word' id='word_1_96' title='bbox 510 1373 743 1443; x_wconf 78' lang='grc' dir='ltr'>ἤλπισα</span> <span class='ocrx_word' id='word_1_97' title='bbox 771 1373 867 1426; x_wconf 80' lang='grc' dir='ltr'>ἐπὶ</span> <span class='ocrx_word' id='word_1_98' title='bbox 897 1373 965 1428; x_wconf 80' lang='grc' dir='ltr'>τὸ</span> <span class='ocrx_word' id='word_1_99' title='bbox 998 1374 1168 1440; x_wconf 79' lang='grc' dir='ltr'>ἕλεος</span> <span class='ocrx_word' id='word_1_100' title='bbox 1201 1373 1307 1428; x_wconf 84' lang='grc' dir='ltr'><strong>τοῦ</strong></span> <span class='ocrx_word' id='word_1_101' title='bbox 1346 1371 1492 1426; x_wconf 87' lang='grc' dir='ltr'>Θεοῦ</span> <span class='ocrx_word' id='word_1_102' title='bbox 1530 1374 1616 1437; x_wconf 87' lang='grc' dir='ltr'><strong>είς</strong></span> <span class='ocrx_word' id='word_1_103' title='bbox 1637 1368 1745 1423; x_wconf 80' lang='grc' dir='ltr'><strong>τὸν</strong></span> 
     </span>
    </p>
   </div>
   <div class='ocr_carea' id='block_1_16' title="bbox 179 1462 1743 1533">
    <p class='ocr_par' dir='ltr' id='par_1_16' title="bbox 179 1462 1743 1533">
     <span class='ocr_line' id='line_1_16' title="bbox 179 1462 1743 1533; baseline -0.002 -17"><span class='ocrx_word' id='word_1_104' title='bbox 179 1462 373 1528; x_wconf 70' lang='grc' dir='ltr'>αἰῶνα,</span> <span class='ocrx_word' id='word_1_105' title='bbox 414 1464 510 1518; x_wconf 80' lang='grc' dir='ltr'>καὶ</span> <span class='ocrx_word' id='word_1_106' title='bbox 546 1466 632 1531; x_wconf 80' lang='grc' dir='ltr'>εὶς</span> <span class='ocrx_word' id='word_1_107' title='bbox 674 1464 781 1518; x_wconf 84' lang='grc' dir='ltr'><strong>τὸν</strong></span> <span class='ocrx_word' id='word_1_108' title='bbox 832 1462 1015 1518; x_wconf 72' lang='grc' dir='ltr'>αἰῶνα</span> <span class='ocrx_word' id='word_1_109' title='bbox 1060 1464 1164 1518; x_wconf 81' lang='grc' dir='ltr'><strong>τοῦ</strong></span> <span class='ocrx_word' id='word_1_110' title='bbox 1199 1462 1431 1529; x_wconf 68' lang='grc' dir='ltr'>αἰῶνος.</span> <span class='ocrx_word' id='word_1_111' title='bbox 1465 1463 1525 1515; x_wconf 91' lang='lat'><strong>&#39;0</strong></span> <span class='ocrx_word' id='word_1_112' title='bbox 1560 1462 1656 1533; x_wconf 78' lang='grc' dir='ltr'><strong>μὲν</strong></span> <span class='ocrx_word' id='word_1_113' title='bbox 1685 1462 1743 1514; x_wconf 92' lang='grc' dir='ltr'><strong>ἐν</strong></span> 
     </span>
    </p>
   </div>
   <div class='ocr_carea' id='block_1_17' title="bbox 178 1551 1743 1626">
    <p class='ocr_par' dir='ltr' id='par_1_17' title="bbox 178 1551 1743 1626">
     <span class='ocr_line' id='line_1_17' title="bbox 178 1551 1743 1626; baseline 0 -19"><span class='ocrx_word' id='word_1_114' title='bbox 178 1551 339 1626; x_wconf 68' lang='grc' dir='ltr'>κακίᾲ</span> <span class='ocrx_word' id='word_1_115' title='bbox 375 1556 595 1619; x_wconf 79' lang='grc' dir='ltr'>δυνατὸς</span> <span class='ocrx_word' id='word_1_116' title='bbox 636 1555 819 1610; x_wconf 81' lang='grc' dir='ltr'>ὁποίου</span> <span class='ocrx_word' id='word_1_117' title='bbox 868 1555 1056 1620; x_wconf 84' lang='grc' dir='ltr'>τέλους</span> <span class='ocrx_word' id='word_1_118' title='bbox 1091 1555 1357 1620; x_wconf 80' lang='grc' dir='ltr'>τεύξεται,</span> <span class='ocrx_word' id='word_1_119' title='bbox 1396 1554 1484 1608; x_wconf 89' lang='grc' dir='ltr'><strong>διά</strong></span> <span class='ocrx_word' id='word_1_120' title='bbox 1516 1555 1623 1608; x_wconf 88' lang='grc' dir='ltr'><strong>τῶν</strong></span> <span class='ocrx_word' id='word_1_121' title='bbox 1663 1556 1743 1607; x_wconf 83' lang='grc' dir='ltr'>εί-</span> 
     </span>
    </p>
   </div>
   <div class='ocr_carea' id='block_1_18' title="bbox 178 1645 1740 1720">
    <p class='ocr_par' dir='ltr' id='par_1_18' title="bbox 178 1645 1740 1720">
     <span class='ocr_line' id='line_1_18' title="bbox 178 1645 1740 1720; baseline -0.001 -21"><span class='ocrx_word' id='word_1_122' title='bbox 178 1648 425 1719; x_wconf 82' lang='grc' dir='ltr'>ρημένων</span> <span class='ocrx_word' id='word_1_123' title='bbox 484 1647 894 1720; x_wconf 82' lang='grc' dir='ltr'>μεμαθήκαμεν.</span> <span class='ocrx_word' id='word_1_124' title='bbox 955 1648 1095 1717; x_wconf 86' lang='grc' dir='ltr'><strong>Ἐγὼ</strong></span> <span class='ocrx_word' id='word_1_125' title='bbox 1142 1647 1220 1711; x_wconf 84' lang='grc' dir='ltr'>δὲ,</span> <span class='ocrx_word' id='word_1_126' title='bbox 1270 1647 1433 1719; x_wconf 75' lang='grc' dir='ltr'>φησὶν</span> <span class='ocrx_word' id='word_1_127' title='bbox 1478 1648 1507 1701; x_wconf 84' lang='grc' dir='ltr'><strong>ό</strong></span> <span class='ocrx_word' id='word_1_128' title='bbox 1562 1645 1740 1711; x_wconf 75' lang='grc' dir='ltr'>Δαυῒδ,</span> 
     </span>
    </p>
   </div>
   <div class='ocr_carea' id='block_1_19' title="bbox 174 1737 1741 1813">
    <p class='ocr_par' dir='ltr' id='par_1_19' title="bbox 174 1737 1741 1813">
     <span class='ocr_line' id='line_1_19' title="bbox 174 1737 1741 1813; baseline 0 -23"><span class='ocrx_word' id='word_1_129' title='bbox 174 1738 342 1791; x_wconf 85' lang='grc' dir='ltr'>ταῦτα</span> <span class='ocrx_word' id='word_1_130' title='bbox 386 1739 692 1803; x_wconf 72' lang='grc' dir='ltr'>παιδευθεὶς</span> <span class='ocrx_word' id='word_1_131' title='bbox 728 1740 862 1813; x_wconf 84' lang='grc' dir='ltr'>πρὸς</span> <span class='ocrx_word' id='word_1_132' title='bbox 907 1739 999 1794; x_wconf 88' lang='grc' dir='ltr'><strong>τοῦ</strong></span> <span class='ocrx_word' id='word_1_133' title='bbox 1042 1740 1198 1808; x_wconf 84' lang='grc' dir='ltr'>ἁγίου</span> <span class='ocrx_word' id='word_1_134' title='bbox 1242 1739 1575 1810; x_wconf 87' lang='grc' dir='ltr'>Πνεύματος,</span> <span class='ocrx_word' id='word_1_135' title='bbox 1618 1737 1741 1792; x_wconf 76' lang='grc' dir='ltr'>οὕτε</span> 
     </span>
    </p>
   </div>
   <div class='ocr_carea' id='block_1_20' title="bbox 1844 538 3412 614">
    <p class='ocr_par' dir='ltr' id='par_1_20' title="bbox 1844 538 3412 614">
     <span class='ocr_line' id='line_1_20' title="bbox 1844 538 3412 614; baseline -0.004 -15"><span class='ocrx_word' id='word_1_136' title='bbox 1844 546 1969 600; x_wconf 73' lang='lat' dir='ltr'><strong>vita:</strong></span> <span class='ocrx_word' id='word_1_137' title='bbox 1998 545 2280 614; x_wconf 77' lang='lat' dir='ltr'><strong>praesentis</strong></span> <span class='ocrx_word' id='word_1_138' title='bbox 2312 545 2529 609; x_wconf 68' lang='lat' dir='ltr'><strong>extolli;</strong></span> <span class='ocrx_word' id='word_1_139' title='bbox 2557 543 2652 599; x_wconf 86' lang='lat' dir='ltr'><strong>sed</strong></span> <span class='ocrx_word' id='word_1_140' title='bbox 2683 558 2848 597; x_wconf 93' lang='lat' dir='ltr'><strong>unum</strong></span> <span class='ocrx_word' id='word_1_141' title='bbox 2877 540 3043 595; x_wconf 90' lang='lat' dir='ltr'><strong>Deum</strong></span> <span class='ocrx_word' id='word_1_142' title='bbox 3085 538 3139 592; x_wconf 90' lang='lat' dir='ltr'><strong>in</strong></span> <span class='ocrx_word' id='word_1_143' title='bbox 3175 552 3321 607; x_wconf 86' lang='lat' dir='ltr'><strong>spem</strong></span> <span class='ocrx_word' id='word_1_144' title='bbox 3353 544 3412 593; x_wconf 81' lang='lat' dir='ltr'><strong>et</strong></span> 
     </span>
    </p>
   </div>
   <div class='ocr_carea' id='block_1_21' title="bbox 1846 627 3408 707">
    <p class='ocr_par' dir='ltr' id='par_1_21' title="bbox 1846 627 3408 707">
     <span class='ocr_line' id='line_1_21' title="bbox 1846 627 3408 707; baseline -0.006 -16"><span class='ocrx_word' id='word_1_145' title='bbox 1846 637 2103 691; x_wconf 85' lang='lat' dir='ltr'><strong>auxilium</strong></span> <span class='ocrx_word' id='word_1_146' title='bbox 2160 637 2264 692; x_wconf 84' lang='lat' dir='ltr'><strong>sibi</strong></span> <span class='ocrx_word' id='word_1_147' title='bbox 2308 652 2536 707; x_wconf 77' lang='lat' dir='ltr'><strong>ponere,</strong></span> <span class='ocrx_word' id='word_1_148' title='bbox 2596 645 2756 705; x_wconf 89' lang='lat' dir='ltr'><strong>atque</strong></span> <span class='ocrx_word' id='word_1_149' title='bbox 2798 635 2853 688; x_wconf 92' lang='lat' dir='ltr'><strong>in</strong></span> <span class='ocrx_word' id='word_1_150' title='bbox 2901 633 2992 686; x_wconf 91' lang='lat' dir='ltr'><strong>tali</strong></span> <span class='ocrx_word' id='word_1_151' title='bbox 3039 646 3134 701; x_wconf 85' lang='lat' dir='ltr'><strong>spe</strong></span> <span class='ocrx_word' id='word_1_152' title='bbox 3162 645 3272 684; x_wconf 90' lang='lat' dir='ltr'><strong>non</strong></span> <span class='ocrx_word' id='word_1_153' title='bbox 3302 627 3408 681; x_wconf 84' lang='lat' dir='ltr'><strong>ilu-</strong></span> 
     </span>
    </p>
   </div>
   <div class='ocr_carea' id='block_1_22' title="bbox 1844 720 3406 787">
    <p class='ocr_par' dir='ltr' id='par_1_22' title="bbox 1844 720 3406 787">
     <span class='ocr_line' id='line_1_22' title="bbox 1844 720 3406 787; baseline -0.009 -1"><span class='ocrx_word' id='word_1_154' title='bbox 1844 740 2053 787; x_wconf 87' lang='lat' dir='ltr'><strong>ctuare.</strong></span> <span class='ocrx_word' id='word_1_155' title='bbox 2096 730 2188 785; x_wconf 89' lang='lat' dir='ltr'><strong>Ille</strong></span> <span class='ocrx_word' id='word_1_156' title='bbox 2217 745 2346 784; x_wconf 87' lang='lat' dir='ltr'><strong>vero</strong></span> <span class='ocrx_word' id='word_1_157' title='bbox 2374 730 2514 783; x_wconf 83' lang='lat' dir='ltr'><strong>bona</strong></span> <span class='ocrx_word' id='word_1_158' title='bbox 2539 730 2731 782; x_wconf 59' lang='lat' dir='ltr'><strong>anima:</strong></span> <span class='ocrx_word' id='word_1_159' title='bbox 2760 740 2871 781; x_wconf 69' lang='lat' dir='ltr'><strong>suae</strong></span> <span class='ocrx_word' id='word_1_160' title='bbox 2892 724 3130 778; x_wconf 82' lang='lat' dir='ltr'><strong>anchora</strong></span> <span class='ocrx_word' id='word_1_161' title='bbox 3158 720 3406 783; x_wconf 87' lang='lat' dir='ltr'><strong>dimissa,</strong></span> 
     </span>
    </p>
   </div>
   <div class='ocr_carea' id='block_1_23' title="bbox 1844 808 3409 893">
    <p class='ocr_par' dir='ltr' id='par_1_23' title="bbox 1844 808 3409 893">
     <span class='ocr_line' id='line_1_23' title="bbox 1844 808 3409 893; baseline -0.01 -16"><span class='ocrx_word' id='word_1_162' title='bbox 1844 832 2006 893; x_wconf 88' lang='lat' dir='ltr'><strong>atque</strong></span> <span class='ocrx_word' id='word_1_163' title='bbox 2049 822 2103 876; x_wconf 91' lang='lat' dir='ltr'><strong>in</strong></span> <span class='ocrx_word' id='word_1_164' title='bbox 2143 821 2348 877; x_wconf 79' lang='lat' dir='ltr'><strong>divitiis</strong></span> <span class='ocrx_word' id='word_1_165' title='bbox 2377 820 2630 874; x_wconf 90' lang='lat' dir='ltr'><strong>inanibus</strong></span> <span class='ocrx_word' id='word_1_166' title='bbox 2661 833 2756 888; x_wconf 85' lang='lat' dir='ltr'><strong>spe</strong></span> <span class='ocrx_word' id='word_1_167' title='bbox 2790 816 3050 885; x_wconf 81' lang='lat' dir='ltr'><strong>reposita,</strong></span> <span class='ocrx_word' id='word_1_168' title='bbox 3083 811 3188 867; x_wconf 89' lang='lat' dir='ltr'><strong>sibi</strong></span> <span class='ocrx_word' id='word_1_169' title='bbox 3214 809 3316 880; x_wconf 87' lang='lat' dir='ltr'><strong>ipsi</strong></span> <span class='ocrx_word' id='word_1_170' title='bbox 3342 808 3409 863; x_wconf 63' lang='lat' dir='ltr'><strong>ilo</strong></span> 
     </span>
    </p>
   </div>
   <div class='ocr_carea' id='block_1_24' title="bbox 1844 906 3409 984">
    <p class='ocr_par' dir='ltr' id='par_1_24' title="bbox 1844 906 3409 984">
     <span class='ocr_line' id='line_1_24' title="bbox 1844 906 3409 984; baseline -0.008 -16"><span class='ocrx_word' id='word_1_171' title='bbox 1844 916 2002 981; x_wconf 89' lang='lat' dir='ltr'><strong>lusit;</strong></span> <span class='ocrx_word' id='word_1_172' title='bbox 2046 914 2290 984; x_wconf 86' lang='lat' dir='ltr'><strong>nihilque</strong></span> <span class='ocrx_word' id='word_1_173' title='bbox 2336 912 2483 966; x_wconf 82' lang='lat' dir='ltr'><strong>aliud</strong></span> <span class='ocrx_word' id='word_1_174' title='bbox 2531 911 2599 965; x_wconf 89' lang='lat' dir='ltr'><strong>de</strong></span> <span class='ocrx_word' id='word_1_175' title='bbox 2641 924 2779 964; x_wconf 90' lang='lat' dir='ltr'><strong>vana</strong></span> <span class='ocrx_word' id='word_1_176' title='bbox 2820 909 2911 962; x_wconf 75' lang='lat' dir='ltr'><strong>illa</strong></span> <span class='ocrx_word' id='word_1_177' title='bbox 2948 915 3002 961; x_wconf 88' lang='lat' dir='ltr'><strong>et</strong></span> <span class='ocrx_word' id='word_1_178' title='bbox 3037 906 3226 959; x_wconf 87' lang='lat' dir='ltr'><strong>insana</strong></span> <span class='ocrx_word' id='word_1_179' title='bbox 3257 911 3409 956; x_wconf 76' lang='lat' dir='ltr'><strong>arro—</strong></span> 
     </span>
    </p>
   </div>
   <div class='ocr_carea' id='block_1_25' title="bbox 1841 996 3336 1079">
    <p class='ocr_par' dir='ltr' id='par_1_25' title="bbox 1841 996 3336 1079">
     <span class='ocr_line' id='line_1_25' title="bbox 1841 996 3336 1079; baseline -0.008 -18"><span class='ocrx_word' id='word_1_180' title='bbox 1841 1009 2025 1079; x_wconf 83' lang='lat' dir='ltr'><strong>gantia</strong></span> <span class='ocrx_word' id='word_1_181' title='bbox 2059 1008 2260 1073; x_wconf 89' lang='lat' dir='ltr'><strong>retulit,</strong></span> <span class='ocrx_word' id='word_1_182' title='bbox 2290 1021 2450 1077; x_wconf 90' lang='lat' dir='ltr'><strong>quam</strong></span> <span class='ocrx_word' id='word_1_183' title='bbox 2479 1003 2624 1075; x_wconf 89' lang='lat' dir='ltr'><strong>quod</strong></span> <span class='ocrx_word' id='word_1_184' title='bbox 2654 1018 2713 1057; x_wconf 89' lang='lat' dir='ltr'><strong>se</strong></span> <span class='ocrx_word' id='word_1_185' title='bbox 2740 1000 3027 1056; x_wconf 82' lang='lat' dir='ltr'><strong>ridiculum</strong></span> <span class='ocrx_word' id='word_1_186' title='bbox 3054 996 3336 1068; x_wconf 59' lang='lat' dir='ltr'><strong>praeberet.</strong></span> 
     </span>
    </p>
   </div>
   <div class='ocr_carea' id='block_1_26' title="bbox 1912 1264 3414 1347">
    <p class='ocr_par' dir='ltr' id='par_1_26' title="bbox 1912 1264 3414 1347">
     <span class='ocr_line' id='line_1_26' title="bbox 1912 1264 3414 1347; baseline -0.011 -9"><span class='ocrx_word' id='word_1_187' title='bbox 1912 1282 2079 1338; x_wconf 73' lang='lat' dir='ltr'><strong>Vsus.</strong></span> <span class='ocrx_word' id='word_1_188' title='bbox 2125 1279 2214 1336; x_wconf 73' lang='grc'>10.</span> <span class='ocrx_word' id='word_1_189' title='bbox 2272 1277 2383 1347; x_wconf 87' lang='lat' dir='ltr'><strong>Ego</strong></span> <span class='ocrx_word' id='word_1_190' title='bbox 2438 1283 2611 1329; x_wconf 85' lang='lat' dir='ltr'><strong>autem</strong></span> <span class='ocrx_word' id='word_1_191' title='bbox 2658 1275 2793 1327; x_wconf 79' lang='lat' dir='ltr'><strong>sicut</strong></span> <span class='ocrx_word' id='word_1_192' title='bbox 2840 1271 2977 1325; x_wconf 85' lang='lat' dir='ltr'><strong>oliva</strong></span> <span class='ocrx_word' id='word_1_193' title='bbox 3025 1267 3304 1338; x_wconf 77' lang='lat' dir='ltr'><strong>fructifera</strong></span> <span class='ocrx_word' id='word_1_194' title='bbox 3356 1264 3414 1321; x_wconf 75' lang='lat' dir='ltr'><strong>in</strong></span> 
     </span>
    </p>
   </div>
   <div class='ocr_carea' id='block_1_27' title="bbox 1840 1361 3414 1441">
    <p class='ocr_par' dir='ltr' id='par_1_27' title="bbox 1840 1361 3414 1441">
     <span class='ocr_line' id='line_1_27' title="bbox 1840 1361 3414 1441; baseline -0.011 -12"><span class='ocrx_word' id='word_1_195' title='bbox 1840 1376 1997 1429; x_wconf 84' lang='lat' dir='ltr'><strong>domo</strong></span> <span class='ocrx_word' id='word_1_196' title='bbox 2028 1373 2156 1436; x_wconf 89' lang='lat' dir='ltr'><strong>Dei,</strong></span> <span class='ocrx_word' id='word_1_197' title='bbox 2208 1370 2411 1441; x_wconf 77' lang='lat' dir='ltr'><strong>speravi</strong></span> <span class='ocrx_word' id='word_1_198' title='bbox 2456 1370 2508 1421; x_wconf 88' lang='lat' dir='ltr'><strong>in</strong></span> <span class='ocrx_word' id='word_1_199' title='bbox 2556 1364 2919 1420; x_wconf 80' lang='lat' dir='ltr'><strong>misericordia</strong></span> <span class='ocrx_word' id='word_1_200' title='bbox 2949 1361 3045 1417; x_wconf 85' lang='lat' dir='ltr'><strong>Dei</strong></span> <span class='ocrx_word' id='word_1_201' title='bbox 3073 1363 3127 1414; x_wconf 86' lang='lat' dir='ltr'><strong>in</strong></span> <span class='ocrx_word' id='word_1_202' title='bbox 3159 1370 3414 1414; x_wconf 65' lang='lat' dir='ltr'><strong>internum</strong></span> 
     </span>
    </p>
   </div>
   <div class='ocr_carea' id='block_1_28' title="bbox 1841 1448 3412 1525">
    <p class='ocr_par' dir='ltr' id='par_1_28' title="bbox 1841 1448 3412 1525">
     <span class='ocr_line' id='line_1_28' title="bbox 1841 1448 3412 1525; baseline -0.011 -2"><span class='ocrx_word' id='word_1_203' title='bbox 1841 1479 1889 1523; x_wconf 91' lang='lat' dir='ltr'><strong>et</strong></span> <span class='ocrx_word' id='word_1_204' title='bbox 1918 1469 1971 1521; x_wconf 87' lang='lat' dir='ltr'><strong>in</strong></span> <span class='ocrx_word' id='word_1_205' title='bbox 2002 1465 2252 1521; x_wconf 67' lang='lat' dir='ltr'><strong>sarculum</strong></span> <span class='ocrx_word' id='word_1_206' title='bbox 2283 1461 2483 1517; x_wconf 70' lang='lat' dir='ltr'><strong>siccati.</strong></span> <span class='ocrx_word' id='word_1_207' title='bbox 2537 1458 2640 1525; x_wconf 84' lang='lat' dir='ltr'><strong>Qui</strong></span> <span class='ocrx_word' id='word_1_208' title='bbox 2669 1458 2791 1512; x_wconf 83' lang='lat' dir='ltr'><strong>fluis</strong></span> <span class='ocrx_word' id='word_1_209' title='bbox 2830 1455 3045 1509; x_wconf 78' lang='lat' dir='ltr'><strong>futurus</strong></span> <span class='ocrx_word' id='word_1_210' title='bbox 3069 1454 3142 1507; x_wconf 83' lang='lat' dir='ltr'><strong>sit</strong></span> <span class='ocrx_word' id='word_1_211' title='bbox 3172 1451 3291 1520; x_wconf 86' lang='lat' dir='ltr'><strong>ejus</strong></span> <span class='ocrx_word' id='word_1_212' title='bbox 3314 1448 3412 1522; x_wconf 87' lang='lat' dir='ltr'><strong>qui</strong></span> 
     </span>
    </p>
   </div>
   <div class='ocr_carea' id='block_1_29' title="bbox 1843 1542 3411 1629">
    <p class='ocr_par' dir='ltr' id='par_1_29' title="bbox 1843 1542 3411 1629">
     <span class='ocr_line' id='line_1_29' title="bbox 1843 1542 3411 1629; baseline -0.011 -16"><span class='ocrx_word' id='word_1_213' title='bbox 1843 1566 2036 1629; x_wconf 90' lang='lat' dir='ltr'><strong>potens</strong></span> <span class='ocrx_word' id='word_1_214' title='bbox 2070 1562 2154 1611; x_wconf 88' lang='lat' dir='ltr'><strong>est</strong></span> <span class='ocrx_word' id='word_1_215' title='bbox 2190 1555 2245 1608; x_wconf 91' lang='lat' dir='ltr'><strong>in</strong></span> <span class='ocrx_word' id='word_1_216' title='bbox 2289 1552 2596 1622; x_wconf 75' lang='lat' dir='ltr'><strong>iniquitate,</strong></span> <span class='ocrx_word' id='word_1_217' title='bbox 2640 1564 2703 1603; x_wconf 79' lang='lat' dir='ltr'><strong>ex</strong></span> <span class='ocrx_word' id='word_1_218' title='bbox 2732 1547 2843 1615; x_wconf 85' lang='lat' dir='ltr'><strong>jam</strong></span> <span class='ocrx_word' id='word_1_219' title='bbox 2870 1544 3031 1599; x_wconf 85' lang='lat' dir='ltr'><strong>dictis</strong></span> <span class='ocrx_word' id='word_1_220' title='bbox 3064 1542 3411 1597; x_wconf 89' lang='lat' dir='ltr'><strong>edidicimus.</strong></span> 
     </span>
    </p>
   </div>
   <div class='ocr_carea' id='block_1_30' title="bbox 1843 1634 3411 1722">
    <p class='ocr_par' dir='ltr' id='par_1_30' title="bbox 1843 1634 3411 1722">
     <span class='ocr_line' id='line_1_30' title="bbox 1843 1634 3411 1722; baseline -0.013 -17"><span class='ocrx_word' id='word_1_221' title='bbox 1843 1650 1954 1722; x_wconf 84' lang='lat' dir='ltr'><strong>Ego</strong></span> <span class='ocrx_word' id='word_1_222' title='bbox 1980 1659 2180 1711; x_wconf 87' lang='lat' dir='ltr'><strong>autem,</strong></span> <span class='ocrx_word' id='word_1_223' title='bbox 2197 1647 2274 1700; x_wconf 90' lang='lat' dir='ltr'><strong>ait</strong></span> <span class='ocrx_word' id='word_1_224' title='bbox 2304 1643 2491 1706; x_wconf 84' lang='lat' dir='ltr'><strong>David,</strong></span> <span class='ocrx_word' id='word_1_225' title='bbox 2516 1642 2601 1696; x_wconf 87' lang='lat' dir='ltr'><strong>his</strong></span> <span class='ocrx_word' id='word_1_226' title='bbox 2624 1639 2874 1694; x_wconf 88' lang='lat' dir='ltr'><strong>eruditus</strong></span> <span class='ocrx_word' id='word_1_227' title='bbox 2909 1652 2938 1690; x_wconf 91' lang='lat' dir='ltr'><strong>a</strong></span> <span class='ocrx_word' id='word_1_228' title='bbox 2963 1634 3167 1706; x_wconf 89' lang='lat' dir='ltr'><strong>Spiritu</strong></span> <span class='ocrx_word' id='word_1_229' title='bbox 3199 1640 3411 1695; x_wconf 85' lang='lat' dir='ltr'><strong>sancto,</strong></span> 
     </span>
    </p>
   </div>
   <div class='ocr_carea' id='block_1_31' title="bbox 1842 1726 3463 1813">
    <p class='ocr_par' dir='ltr' id='par_1_31' title="bbox 1842 1726 3463 1813">
     <span class='ocr_line' id='line_1_31' title="bbox 1842 1726 3463 1813; baseline -0.014 -15"><span class='ocrx_word' id='word_1_230' title='bbox 1842 1757 2020 1813; x_wconf 88' lang='lat' dir='ltr'><strong>neque</strong></span> <span class='ocrx_word' id='word_1_231' title='bbox 2066 1740 2135 1795; x_wconf 87' lang='lat' dir='ltr'><strong>de</strong></span> <span class='ocrx_word' id='word_1_232' title='bbox 2179 1735 2525 1793; x_wconf 83' lang='lat' dir='ltr'><strong>multitudine</strong></span> <span class='ocrx_word' id='word_1_233' title='bbox 2565 1742 3039 1802; x_wconf 78' lang='lat' dir='ltr'><strong>temporanearum</strong></span> <span class='ocrx_word' id='word_1_234' title='bbox 3078 1726 3413 1789; x_wconf 76' lang='lat' dir='ltr'><strong>divitiarum,</strong></span> <span class='ocrx_word' id='word_1_235' title='bbox 3460 1760 3463 1761; x_wconf 49' lang='grc' dir='ltr'>ν</span> 
     </span>
    </p>
   </div>
   <div class='ocr_carea' id='block_1_32' title="bbox 176 1816 1743 1904">
    <p class='ocr_par' dir='ltr' id='par_1_32' title="bbox 176 1829 1743 1901">
     <span class='ocr_line' id='line_1_32' title="bbox 176 1829 1743 1901; baseline -0.001 -19"><span class='ocrx_word' id='word_1_236' title='bbox 176 1830 260 1882; x_wconf 77' lang='grc' dir='ltr'><strong>ἐπὶ</strong></span> <span class='ocrx_word' id='word_1_237' title='bbox 309 1830 503 1900; x_wconf 90' lang='grc' dir='ltr'>πλήθει</span> <span class='ocrx_word' id='word_1_238' title='bbox 551 1829 778 1883; x_wconf 88' lang='grc' dir='ltr'>πλούτου</span> <span class='ocrx_word' id='word_1_239' title='bbox 839 1831 1174 1901; x_wconf 80' lang='grc' dir='ltr'>προσκαίρου</span> <span class='ocrx_word' id='word_1_240' title='bbox 1234 1829 1529 1901; x_wconf 85' lang='grc' dir='ltr'>ἐπαρθείην</span> <span class='ocrx_word' id='word_1_241' title='bbox 1582 1830 1743 1893; x_wconf 83' lang='grc' dir='ltr'>ποτὲ,</span> 
     </span>
    </p>
   </div>
   <div class='ocr_carea' id='block_1_33' title="bbox 1846 1816 3417 1904">
    <p class='ocr_par' dir='ltr' id='par_1_33' title="bbox 1850 1816 3417 1904">
     <span class='ocr_line' id='line_1_33' title="bbox 1850 1816 3417 1904; baseline -0.012 -15"><span class='ocrx_word' id='word_1_242' title='bbox 1850 1848 2024 1904; x_wconf 85' lang='lat' dir='ltr'><strong>neque</strong></span> <span class='ocrx_word' id='word_1_243' title='bbox 2067 1832 2135 1886; x_wconf 88' lang='lat' dir='ltr'><strong>de</strong></span> <span class='ocrx_word' id='word_1_244' title='bbox 2181 1829 2421 1883; x_wconf 83' lang='lat' dir='ltr'><strong>vanitate</strong></span> <span class='ocrx_word' id='word_1_245' title='bbox 2467 1826 2714 1880; x_wconf 84' lang='lat' dir='ltr'><strong>mortalis</strong></span> <span class='ocrx_word' id='word_1_246' title='bbox 2761 1824 2886 1877; x_wconf 77' lang='lat' dir='ltr'><strong>vitae</strong></span> <span class='ocrx_word' id='word_1_247' title='bbox 2940 1835 3179 1891; x_wconf 87' lang='lat' dir='ltr'><strong>unquam</strong></span> <span class='ocrx_word' id='word_1_248' title='bbox 3243 1816 3417 1874; x_wconf 79' lang='lat' dir='ltr'><strong>extol-</strong></span> 
     </span>
    </p>
   </div>
   <div class='ocr_carea' id='block_1_34' title="bbox 173 1920 1747 1993">
    <p class='ocr_par' dir='ltr' id='par_1_34' title="bbox 173 1920 1747 1993">
     <span class='ocr_line' id='line_1_34' title="bbox 173 1920 1747 1993; baseline 0.001 -21"><span class='ocrx_word' id='word_1_249' title='bbox 173 1920 287 1973; x_wconf 75' lang='grc' dir='ltr'>οὔτε</span> <span class='ocrx_word' id='word_1_250' title='bbox 338 1923 434 1975; x_wconf 80' lang='grc' dir='ltr'><strong>ἐπὶ</strong></span> <span class='ocrx_word' id='word_1_251' title='bbox 485 1923 800 1993; x_wconf 81' lang='grc' dir='ltr'>ματαιότητι</span> <span class='ocrx_word' id='word_1_252' title='bbox 844 1921 936 1975; x_wconf 86' lang='grc' dir='ltr'><strong>τοῦ</strong></span> <span class='ocrx_word' id='word_1_253' title='bbox 986 1920 1180 1992; x_wconf 87' lang='grc' dir='ltr'>θνητοῦ</span> <span class='ocrx_word' id='word_1_254' title='bbox 1230 1921 1377 1992; x_wconf 77' lang='grc' dir='ltr'>βίου’</span> <span class='ocrx_word' id='word_1_255' title='bbox 1414 1923 1747 1987; x_wconf 81' lang='grc' dir='ltr'>Ματαιότης</span> 
     </span>
    </p>
   </div>
   <div class='ocr_carea' id='block_1_35' title="bbox 175 2013 1747 2084">
    <p class='ocr_par' dir='ltr' id='par_1_35' title="bbox 175 2013 1747 2084">
     <span class='ocr_line' id='line_1_35' title="bbox 175 2013 1747 2084; baseline 0 -19"><span class='ocrx_word' id='word_1_256' title='bbox 175 2014 275 2084; x_wconf 72' lang='grc' dir='ltr'><strong>γὰρ</strong></span> <span class='ocrx_word' id='word_1_257' title='bbox 325 2014 772 2083; x_wconf 80' lang='grc' dir='ltr'>ματαιοτήτων,</span> <span class='ocrx_word' id='word_1_258' title='bbox 820 2014 891 2069; x_wconf 78' lang='grc' dir='ltr'>τὰ</span> <span class='ocrx_word' id='word_1_259' title='bbox 939 2014 1135 2067; x_wconf 75' lang='grc' dir='ltr'>πάντα</span> <span class='ocrx_word' id='word_1_260' title='bbox 1186 2015 1527 2084; x_wconf 82' lang='grc' dir='ltr'>ματαιότης.</span> <span class='ocrx_word' id='word_1_261' title='bbox 1590 2013 1747 2066; x_wconf 83' lang='grc' dir='ltr'>Ἀλλά</span> 
     </span>
    </p>
   </div>
   <div class='ocr_carea' id='block_1_36' title="bbox 172 2106 1746 2179">
    <p class='ocr_par' dir='ltr' id='par_1_36' title="bbox 172 2106 1746 2179">
     <span class='ocr_line' id='line_1_36' title="bbox 172 2106 1746 2179; baseline 0.002 -22"><span class='ocrx_word' id='word_1_262' title='bbox 172 2106 258 2157; x_wconf 80' lang='grc' dir='ltr'><strong>καὶ</strong></span> <span class='ocrx_word' id='word_1_263' title='bbox 320 2106 541 2175; x_wconf 84' lang='grc' dir='ltr'>φεύγων</span> <span class='ocrx_word' id='word_1_264' title='bbox 592 2108 691 2179; x_wconf 85' lang='grc' dir='ltr'>τὴν</span> <span class='ocrx_word' id='word_1_265' title='bbox 724 2108 842 2161; x_wconf 79' lang='grc' dir='ltr'>ὁδὸν</span> <span class='ocrx_word' id='word_1_266' title='bbox 882 2106 975 2160; x_wconf 89' lang='grc' dir='ltr'><strong>τοῦ</strong></span> <span class='ocrx_word' id='word_1_267' title='bbox 1033 2107 1257 2161; x_wconf 81' lang='grc' dir='ltr'>δυνατοῦ</span> <span class='ocrx_word' id='word_1_268' title='bbox 1312 2108 1370 2159; x_wconf 88' lang='grc' dir='ltr'><strong>ἐν</strong></span> <span class='ocrx_word' id='word_1_269' title='bbox 1401 2106 1587 2177; x_wconf 77' lang='grc' dir='ltr'>κακίᾳ,</span> <span class='ocrx_word' id='word_1_270' title='bbox 1647 2107 1746 2177; x_wconf 80' lang='grc' dir='ltr'>τὴν</span> 
     </span>
    </p>
   </div>
   <div class='ocr_carea' id='block_1_37' title="bbox 174 2195 1746 2270">
    <p class='ocr_par' dir='ltr' id='par_1_37' title="bbox 174 2195 1746 2270">
     <span class='ocr_line' id='line_1_37' title="bbox 174 2195 1746 2270; baseline 0.001 -23"><span class='ocrx_word' id='word_1_271' title='bbox 174 2195 412 2266; x_wconf 77' lang='grc' dir='ltr'>ἐμαυτοῦ</span> <span class='ocrx_word' id='word_1_272' title='bbox 462 2196 706 2265; x_wconf 87' lang='grc' dir='ltr'>γλῶτταν</span> <span class='ocrx_word' id='word_1_273' title='bbox 759 2199 854 2251; x_wconf 74' lang='grc' dir='ltr'><strong>καὶ</strong></span> <span class='ocrx_word' id='word_1_274' title='bbox 913 2198 982 2251; x_wconf 88' lang='grc' dir='ltr'><strong>τά</strong></span> <span class='ocrx_word' id='word_1_275' title='bbox 1036 2199 1255 2270; x_wconf 80' lang='grc' dir='ltr'>ῥήματα</span> <span class='ocrx_word' id='word_1_276' title='bbox 1317 2199 1416 2251; x_wconf 82' lang='grc' dir='ltr'><strong>οὐκ</strong></span> <span class='ocrx_word' id='word_1_277' title='bbox 1468 2199 1547 2261; x_wconf 81' lang='grc' dir='ltr'>εἰς</span> <span class='ocrx_word' id='word_1_278' title='bbox 1598 2198 1746 2249; x_wconf 86' lang='grc' dir='ltr'>ἀπώ-</span> 
     </span>
    </p>
   </div>
   <div class='ocr_carea' id='block_1_38' title="bbox 173 2289 1742 2362">
    <p class='ocr_par' dir='ltr' id='par_1_38' title="bbox 173 2289 1742 2362">
     <span class='ocr_line' id='line_1_38' title="bbox 173 2289 1742 2362; baseline 0 -21"><span class='ocrx_word' id='word_1_279' title='bbox 173 2289 313 2344; x_wconf 77' lang='grc' dir='ltr'>λειαν</span> <span class='ocrx_word' id='word_1_280' title='bbox 342 2289 546 2360; x_wconf 82' lang='grc' dir='ltr'>ἐτέρων</span> <span class='ocrx_word' id='word_1_281' title='bbox 598 2292 946 2362; x_wconf 87' lang='grc' dir='ltr'>ἀκονήσαιμι,</span> <span class='ocrx_word' id='word_1_282' title='bbox 970 2290 1086 2343; x_wconf 83' lang='grc' dir='ltr'>ἀλλ’</span> <span class='ocrx_word' id='word_1_283' title='bbox 1136 2291 1222 2342; x_wconf 78' lang='grc' dir='ltr'>ἐπ’</span> <span class='ocrx_word' id='word_1_284' title='bbox 1249 2290 1484 2361; x_wconf 77' lang='grc' dir='ltr'>ὠφελείᾳ</span> <span class='ocrx_word' id='word_1_285' title='bbox 1536 2289 1742 2360; x_wconf 78' lang='grc' dir='ltr'>ψυχῶν,</span> 
     </span>
    </p>
   </div>
   <div class='ocr_carea' id='block_1_39' title="bbox 173 2382 1745 2455">
    <p class='ocr_par' dir='ltr' id='par_1_39' title="bbox 173 2382 1745 2455">
     <span class='ocr_line' id='line_1_39' title="bbox 173 2382 1745 2455; baseline -0.001 -21"><span class='ocrx_word' id='word_1_286' title='bbox 173 2384 261 2435; x_wconf 72' lang='grc' dir='ltr'><strong>καὶ</strong></span> <span class='ocrx_word' id='word_1_287' title='bbox 292 2384 372 2445; x_wconf 89' lang='grc' dir='ltr'><strong>είς</strong></span> <span class='ocrx_word' id='word_1_288' title='bbox 394 2383 669 2437; x_wconf 86' lang='grc' dir='ltr'>διακονίαν</span> <span class='ocrx_word' id='word_1_289' title='bbox 695 2384 976 2455; x_wconf 86' lang='grc' dir='ltr'>σωτηρίων</span> <span class='ocrx_word' id='word_1_290' title='bbox 1012 2382 1203 2451; x_wconf 90' lang='grc' dir='ltr'>λόγων.</span> <span class='ocrx_word' id='word_1_291' title='bbox 1255 2383 1365 2436; x_wconf 71' lang='lat' dir='ltr'><strong>Kai.</strong></span> <span class='ocrx_word' id='word_1_292' title='bbox 1383 2385 1502 2443; x_wconf 84' lang='grc' dir='ltr'>ταῖς</span> <span class='ocrx_word' id='word_1_293' title='bbox 1532 2383 1745 2445; x_wconf 81' lang='grc' dir='ltr'>λοιπαῖς</span> 
     </span>
    </p>
   </div>
   <div class='ocr_carea' id='block_1_40' title="bbox 174 2473 1742 2546">
    <p class='ocr_par' dir='ltr' id='par_1_40' title="bbox 174 2473 1742 2546">
     <span class='ocr_line' id='line_1_40' title="bbox 174 2473 1742 2546; baseline -0.001 -19"><span class='ocrx_word' id='word_1_294' title='bbox 174 2474 224 2527; x_wconf 79' lang='grc' dir='ltr'>δὲ</span> <span class='ocrx_word' id='word_1_295' title='bbox 253 2473 515 2546; x_wconf 78' lang='grc' dir='ltr'>πράξεσιν</span> <span class='ocrx_word' id='word_1_296' title='bbox 548 2474 719 2537; x_wconf 74' lang='grc' dir='ltr'>οὕτως</span> <span class='ocrx_word' id='word_1_297' title='bbox 751 2474 816 2528; x_wconf 78' lang='grc' dir='ltr'>ἂν</span> <span class='ocrx_word' id='word_1_298' title='bbox 844 2474 1101 2546; x_wconf 85' lang='grc' dir='ltr'>γενοίμην</span> <span class='ocrx_word' id='word_1_299' title='bbox 1138 2474 1369 2545; x_wconf 76' lang='grc' dir='ltr'>εὐθαλὴς</span> <span class='ocrx_word' id='word_1_300' title='bbox 1421 2475 1513 2527; x_wconf 75' lang='grc' dir='ltr'>καὶ</span> <span class='ocrx_word' id='word_1_301' title='bbox 1541 2473 1742 2545; x_wconf 75' lang='grc' dir='ltr'>εὔκαρ-</span> 
     </span>
    </p>
   </div>
   <div class='ocr_carea' id='block_1_41' title="bbox 176 2557 1748 2640">
    <p class='ocr_par' dir='ltr' id='par_1_41' title="bbox 176 2557 1748 2640">
     <span class='ocr_line' id='line_1_41' title="bbox 176 2557 1748 2640; baseline 0 -21"><span class='ocrx_word' id='word_1_302' title='bbox 176 2583 288 2631; x_wconf 85' lang='grc' dir='ltr'>πος,</span> <span class='ocrx_word' id='word_1_303' title='bbox 335 2567 414 2630; x_wconf 86' lang='grc' dir='ltr'>ὡς</span> <span class='ocrx_word' id='word_1_304' title='bbox 464 2566 902 2640; x_wconf 82' lang='grc' dir='ltr'>παραϐάλλεσθαι</span> <span class='ocrx_word' id='word_1_305' title='bbox 964 2586 1063 2639; x_wconf 92' lang='grc' dir='ltr'><strong>μου</strong></span> <span class='ocrx_word' id='word_1_306' title='bbox 1125 2567 1221 2639; x_wconf 81' lang='grc' dir='ltr'>τὴν</span> <span class='ocrx_word' id='word_1_307' title='bbox 1274 2557 1448 2638; x_wconf 71' lang='grc' dir='ltr'>ψυχήν</span> <span class='ocrx_word' id='word_1_308' title='bbox 1508 2566 1748 2620; x_wconf 84' lang='grc' dir='ltr'>ἀειθαλεῖ</span> 
     </span>
    </p>
   </div>
   <div class='ocr_carea' id='block_1_42' title="bbox 191 2660 1739 2732">
    <p class='ocr_par' dir='ltr' id='par_1_42' title="bbox 191 2660 1739 2732">
     <span class='ocr_line' id='line_1_42' title="bbox 191 2660 1739 2732; baseline 0.003 -25"><span class='ocrx_word' id='word_1_309' title='bbox 191 2660 266 2713; x_wconf 70' lang='grc' dir='ltr'><strong>ιαὶ</strong></span> <span class='ocrx_word' id='word_1_310' title='bbox 300 2660 636 2730; x_wconf 82' lang='grc' dir='ltr'>πολυκάρπῳ</span> <span class='ocrx_word' id='word_1_311' title='bbox 668 2660 819 2731; x_wconf 80' lang='grc' dir='ltr'>φυτῷ</span> <span class='ocrx_word' id='word_1_312' title='bbox 874 2662 931 2713; x_wconf 88' lang='grc' dir='ltr'>ἐν</span> <span class='ocrx_word' id='word_1_313' title='bbox 970 2661 1101 2731; x_wconf 82' lang='grc' dir='ltr'>οίκῳ</span> <span class='ocrx_word' id='word_1_314' title='bbox 1149 2660 1283 2713; x_wconf 91' lang='grc' dir='ltr'>Θεοῦ</span> <span class='ocrx_word' id='word_1_315' title='bbox 1329 2660 1739 2732; x_wconf 85' lang='grc' dir='ltr'>πεφυτευμένῳ.</span> 
     </span>
    </p>
   </div>
   <div class='ocr_carea' id='block_1_43' title="bbox 176 2750 1744 2821">
    <p class='ocr_par' dir='ltr' id='par_1_43' title="bbox 176 2750 1744 2821">
     <span class='ocr_line' id='line_1_43' title="bbox 176 2750 1744 2821; baseline 0.002 -19"><span class='ocrx_word' id='word_1_316' title='bbox 176 2751 261 2803; x_wconf 87' lang='grc' dir='ltr'>Διό</span> <span class='ocrx_word' id='word_1_317' title='bbox 292 2767 453 2821; x_wconf 76' lang='grc' dir='ltr'>φημιο</span> <span class='ocrx_word' id='word_1_318' title='bbox 498 2750 645 2821; x_wconf 76' lang='grc' dir='ltr'><strong>Ἐγὼ</strong></span> <span class='ocrx_word' id='word_1_319' title='bbox 670 2751 739 2804; x_wconf 84' lang='grc' dir='ltr'>δὲ</span> <span class='ocrx_word' id='word_1_320' title='bbox 768 2751 911 2805; x_wconf 82' lang='grc' dir='ltr'>ὡσεί</span> <span class='ocrx_word' id='word_1_321' title='bbox 932 2752 1103 2805; x_wconf 76' lang='grc' dir='ltr'>ἐλαία</span> <span class='ocrx_word' id='word_1_322' title='bbox 1151 2751 1525 2820; x_wconf 80' lang='grc' dir='ltr'>κατάκαρπος</span> <span class='ocrx_word' id='word_1_323' title='bbox 1552 2752 1622 2805; x_wconf 78' lang='grc' dir='ltr'>ἐν</span> <span class='ocrx_word' id='word_1_324' title='bbox 1663 2753 1744 2818; x_wconf 83' lang='grc' dir='ltr'>τῷ</span> 
     </span>
    </p>
   </div>
   <div class='ocr_carea' id='block_1_44' title="bbox 174 2843 1745 2916">
    <p class='ocr_par' dir='ltr' id='par_1_44' title="bbox 174 2843 1745 2916">
     <span class='ocr_line' id='line_1_44' title="bbox 174 2843 1745 2916; baseline 0.001 -20"><span class='ocrx_word' id='word_1_325' title='bbox 174 2844 311 2907; x_wconf 80' lang='grc' dir='ltr'>οἴκῳ</span> <span class='ocrx_word' id='word_1_326' title='bbox 336 2844 443 2897; x_wconf 78' lang='grc' dir='ltr'><strong>τοῦ</strong></span> <span class='ocrx_word' id='word_1_327' title='bbox 474 2843 642 2897; x_wconf 78' lang='grc' dir='ltr'>Θεοῦ’</span> <span class='ocrx_word' id='word_1_328' title='bbox 674 2845 707 2915; x_wconf 84' lang='grc' dir='ltr'><strong>ἢ</strong></span> <span class='ocrx_word' id='word_1_329' title='bbox 734 2846 873 2899; x_wconf 76' lang='grc' dir='ltr'>κατὰ</span> <span class='ocrx_word' id='word_1_330' title='bbox 893 2845 981 2898; x_wconf 81' lang='grc' dir='ltr'><strong>τὸν</strong></span> <span class='ocrx_word' id='word_1_331' title='bbox 1007 2845 1317 2916; x_wconf 60' lang='grc' dir='ltr'>Σύμμαχον</span> <span class='ocrx_word' id='word_1_332' title='bbox 1353 2844 1492 2915; x_wconf 75' lang='grc' dir='ltr'><strong>Ἐγὼ</strong></span> <span class='ocrx_word' id='word_1_333' title='bbox 1513 2844 1581 2898; x_wconf 81' lang='grc' dir='ltr'>δὲ</span> <span class='ocrx_word' id='word_1_334' title='bbox 1602 2845 1745 2899; x_wconf 81' lang='grc' dir='ltr'>ὡσεὶ</span> 
     </span>
    </p>
   </div>
   <div class='ocr_carea' id='block_1_45' title="bbox 177 2932 1744 3009">
    <p class='ocr_par' dir='ltr' id='par_1_45' title="bbox 177 2932 1744 3009">
     <span class='ocr_line' id='line_1_45' title="bbox 177 2932 1744 3009; baseline 0.002 -23"><span class='ocrx_word' id='word_1_335' title='bbox 177 2935 339 2989; x_wconf 70' lang='grc' dir='ltr'>ἐλαία</span> <span class='ocrx_word' id='word_1_336' title='bbox 359 2933 628 3002; x_wconf 76' lang='grc' dir='ltr'>εὐθαλὴς</span> <span class='ocrx_word' id='word_1_337' title='bbox 665 2935 734 2987; x_wconf 82' lang='grc' dir='ltr'>ἐν</span> <span class='ocrx_word' id='word_1_338' title='bbox 760 2932 841 3000; x_wconf 84' lang='grc' dir='ltr'>τῷ</span> <span class='ocrx_word' id='word_1_339' title='bbox 873 2936 1016 2999; x_wconf 81' lang='grc' dir='ltr'>οἴκῳ</span> <span class='ocrx_word' id='word_1_340' title='bbox 1078 2936 1185 2990; x_wconf 82' lang='grc' dir='ltr'><strong>τοῦ</strong></span> <span class='ocrx_word' id='word_1_341' title='bbox 1235 2936 1403 2989; x_wconf 88' lang='grc' dir='ltr'>Θεοῦ.</span> <span class='ocrx_word' id='word_1_342' title='bbox 1458 2936 1593 2989; x_wconf 76' lang='grc' dir='ltr'>Οὐδὲ</span> <span class='ocrx_word' id='word_1_343' title='bbox 1636 2937 1744 3009; x_wconf 79' lang='grc' dir='ltr'><strong>γὰρ</strong></span> 
     </span>
    </p>
   </div>
   <div class='ocr_carea' id='block_1_46' title="bbox 179 3024 1746 3099">
    <p class='ocr_par' dir='ltr' id='par_1_46' title="bbox 179 3024 1746 3099">
     <span class='ocr_line' id='line_1_46' title="bbox 179 3024 1746 3099; baseline 0.002 -21"><span class='ocrx_word' id='word_1_344' title='bbox 179 3025 426 3079; x_wconf 80' lang='grc' dir='ltr'>ἀπένευον</span> <span class='ocrx_word' id='word_1_345' title='bbox 460 3025 553 3078; x_wconf 86' lang='grc' dir='ltr'><strong>τοῦ</strong></span> <span class='ocrx_word' id='word_1_346' title='bbox 580 3024 731 3079; x_wconf 74' lang='grc' dir='ltr'>οἴκου</span> <span class='ocrx_word' id='word_1_347' title='bbox 783 3025 877 3079; x_wconf 88' lang='grc' dir='ltr'><strong>τοῦ</strong></span> <span class='ocrx_word' id='word_1_348' title='bbox 937 3026 1091 3080; x_wconf 86' lang='grc' dir='ltr'>Θεοῦ·</span> <span class='ocrx_word' id='word_1_349' title='bbox 1153 3027 1268 3080; x_wconf 86' lang='grc' dir='ltr'>ἀλλ’</span> <span class='ocrx_word' id='word_1_350' title='bbox 1315 3028 1463 3081; x_wconf 82' lang='grc' dir='ltr'>ἔνδον</span> <span class='ocrx_word' id='word_1_351' title='bbox 1504 3030 1562 3080; x_wconf 87' lang='grc' dir='ltr'><strong>ἐν</strong></span> <span class='ocrx_word' id='word_1_352' title='bbox 1595 3028 1746 3099; x_wconf 77' lang='grc' dir='ltr'>αὐτῷ</span> 
     </span>
    </p>
   </div>
   <div class='ocr_carea' id='block_1_47' title="bbox 176 3118 1747 3193">
    <p class='ocr_par' dir='ltr' id='par_1_47' title="bbox 176 3118 1747 3193">
     <span class='ocr_line' id='line_1_47' title="bbox 176 3118 1747 3193; baseline 0.001 -22"><span class='ocrx_word' id='word_1_353' title='bbox 176 3118 357 3191; x_wconf 73' lang='grc' dir='ltr'>ὥσπερ</span> <span class='ocrx_word' id='word_1_354' title='bbox 379 3125 435 3175; x_wconf 84' lang='grc' dir='ltr'>ἐν</span> <span class='ocrx_word' id='word_1_355' title='bbox 468 3120 720 3193; x_wconf 87' lang='grc' dir='ltr'>γεωργίῳ</span> <span class='ocrx_word' id='word_1_356' title='bbox 746 3119 880 3173; x_wconf 85' lang='grc' dir='ltr'>Θεοῦ</span> <span class='ocrx_word' id='word_1_357' title='bbox 916 3120 1343 3189; x_wconf 73' lang='grc' dir='ltr'>πεφυτευμένης,</span> <span class='ocrx_word' id='word_1_358' title='bbox 1375 3120 1469 3172; x_wconf 74' lang='grc' dir='ltr'><strong>καὶ</strong></span> <span class='ocrx_word' id='word_1_359' title='bbox 1515 3118 1624 3172; x_wconf 90' lang='grc' dir='ltr'><strong>τῶν</strong></span> <span class='ocrx_word' id='word_1_360' title='bbox 1653 3136 1747 3173; x_wconf 89' lang='grc' dir='ltr'><strong>να-</strong></span> 
     </span>
    </p>
   </div>
   <div class='ocr_carea' id='block_1_48' title="bbox 1847 1909 3414 1979">
    <p class='ocr_par' dir='ltr' id='par_1_48' title="bbox 1847 1909 3414 1979">
     <span class='ocr_line' id='line_1_48' title="bbox 1847 1909 3414 1979; baseline -0.011 0"><span class='ocrx_word' id='word_1_361' title='bbox 1847 1927 1924 1978; x_wconf 86' lang='lat' dir='ltr'><strong>lar</strong></span> <span class='ocrx_word' id='word_1_362' title='bbox 1982 1940 1996 1979; x_wconf 73' lang='grc' dir='ltr'><strong>τ</strong></span> <span class='ocrx_word' id='word_1_363' title='bbox 2052 1936 2177 1976; x_wconf 90' lang='lat' dir='ltr'><strong>nam</strong></span> <span class='ocrx_word' id='word_1_364' title='bbox 2232 1922 2439 1975; x_wconf 84' lang='lat' dir='ltr'><strong>vanitas</strong></span> <span class='ocrx_word' id='word_1_365' title='bbox 2488 1918 2817 1979; x_wconf 79' lang='lat' dir='ltr'><strong>vanitatum,</strong></span> <span class='ocrx_word' id='word_1_366' title='bbox 2870 1914 3049 1968; x_wconf 83' lang='lat' dir='ltr'><strong>omnia</strong></span> <span class='ocrx_word' id='word_1_367' title='bbox 3091 1912 3299 1966; x_wconf 76' lang='lat' dir='ltr'><strong>vanitas</strong></span> <span class='ocrx_word' id='word_1_368' title='bbox 3348 1909 3414 1960; x_wconf 82' lang='grc'><strong>⁸⁸.</strong></span> 
     </span>
    </p>
   </div>
   <div class='ocr_carea' id='block_1_49' title="bbox 1848 2002 3419 2083">
    <p class='ocr_par' dir='ltr' id='par_1_49' title="bbox 1848 2002 3419 2083">
     <span class='ocr_line' id='line_1_49' title="bbox 1848 2002 3419 2083; baseline -0.01 -13"><span class='ocrx_word' id='word_1_369' title='bbox 1848 2016 1960 2070; x_wconf 92' lang='lat' dir='ltr'><strong>lmo</strong></span> <span class='ocrx_word' id='word_1_370' title='bbox 1986 2029 2115 2070; x_wconf 86' lang='lat' dir='ltr'><strong>vero</strong></span> <span class='ocrx_word' id='word_1_371' title='bbox 2168 2016 2309 2067; x_wconf 88' lang='lat' dir='ltr'><strong>viam</strong></span> <span class='ocrx_word' id='word_1_372' title='bbox 2346 2011 2580 2083; x_wconf 89' lang='lat' dir='ltr'><strong>potentis</strong></span> <span class='ocrx_word' id='word_1_373' title='bbox 2628 2010 2681 2062; x_wconf 91' lang='lat' dir='ltr'><strong>in</strong></span> <span class='ocrx_word' id='word_1_374' title='bbox 2732 2008 3012 2077; x_wconf 85' lang='lat' dir='ltr'><strong>iniquitate</strong></span> <span class='ocrx_word' id='word_1_375' title='bbox 3046 2005 3280 2075; x_wconf 79' lang='lat' dir='ltr'><strong>fugiens,</strong></span> <span class='ocrx_word' id='word_1_376' title='bbox 3314 2002 3419 2056; x_wconf 83' lang='lat' dir='ltr'><strong>lin-</strong></span> 
     </span>
    </p>
   </div>
   <div class='ocr_carea' id='block_1_50' title="bbox 1846 2100 3419 2182">
    <p class='ocr_par' dir='ltr' id='par_1_50' title="bbox 1846 2100 3419 2182">
     <span class='ocr_line' id='line_1_50' title="bbox 1846 2100 3419 2182; baseline -0.01 -18"><span class='ocrx_word' id='word_1_377' title='bbox 1846 2125 2005 2182; x_wconf 82' lang='lat' dir='ltr'><strong>guam</strong></span> <span class='ocrx_word' id='word_1_378' title='bbox 2030 2116 2084 2164; x_wconf 92' lang='lat' dir='ltr'><strong>et</strong></span> <span class='ocrx_word' id='word_1_379' title='bbox 2108 2108 2273 2163; x_wconf 89' lang='lat' dir='ltr'><strong>verba</strong></span> <span class='ocrx_word' id='word_1_380' title='bbox 2304 2123 2420 2161; x_wconf 89' lang='lat' dir='ltr'><strong>mea</strong></span> <span class='ocrx_word' id='word_1_381' title='bbox 2452 2121 2559 2160; x_wconf 92' lang='lat' dir='ltr'><strong>non</strong></span> <span class='ocrx_word' id='word_1_382' title='bbox 2612 2105 2664 2157; x_wconf 88' lang='lat' dir='ltr'><strong>in</strong></span> <span class='ocrx_word' id='word_1_383' title='bbox 2713 2102 3006 2172; x_wconf 84' lang='lat' dir='ltr'><strong>perniciem</strong></span> <span class='ocrx_word' id='word_1_384' title='bbox 3060 2100 3288 2153; x_wconf 90' lang='lat' dir='ltr'><strong>aliorum</strong></span> <span class='ocrx_word' id='word_1_385' title='bbox 3323 2111 3419 2151; x_wconf 80' lang='lat' dir='ltr'><strong>ex-</strong></span> 
     </span>
    </p>
   </div>
   <div class='ocr_carea' id='block_1_51' title="bbox 1846 2190 3419 2266">
    <p class='ocr_par' dir='ltr' id='par_1_51' title="bbox 1846 2190 3419 2266">
     <span class='ocr_line' id='line_1_51' title="bbox 1846 2190 3419 2266; baseline -0.01 -10"><span class='ocrx_word' id='word_1_386' title='bbox 1846 2217 2071 2266; x_wconf 88' lang='lat' dir='ltr'><strong>acuam;</strong></span> <span class='ocrx_word' id='word_1_387' title='bbox 2108 2199 2203 2255; x_wconf 84' lang='lat' dir='ltr'><strong>sed</strong></span> <span class='ocrx_word' id='word_1_388' title='bbox 2237 2200 2301 2254; x_wconf 89' lang='lat' dir='ltr'><strong>ad</strong></span> <span class='ocrx_word' id='word_1_389' title='bbox 2331 2200 2615 2252; x_wconf 77' lang='lat' dir='ltr'><strong>utilitatem</strong></span> <span class='ocrx_word' id='word_1_390' title='bbox 2652 2196 2955 2248; x_wconf 89' lang='lat' dir='ltr'><strong>animarum</strong></span> <span class='ocrx_word' id='word_1_391' title='bbox 2985 2201 3037 2246; x_wconf 92' lang='lat' dir='ltr'><strong>et</strong></span> <span class='ocrx_word' id='word_1_392' title='bbox 3068 2192 3133 2246; x_wconf 88' lang='lat' dir='ltr'><strong>ad</strong></span> <span class='ocrx_word' id='word_1_393' title='bbox 3171 2190 3419 2244; x_wconf 83' lang='lat' dir='ltr'><strong>ministe-</strong></span> 
     </span>
    </p>
   </div>
   <div class='ocr_carea' id='block_1_52' title="bbox 1845 2277 3419 2351">
    <p class='ocr_par' dir='ltr' id='par_1_52' title="bbox 1845 2277 3419 2351">
     <span class='ocr_line' id='line_1_52' title="bbox 1845 2277 3419 2351; baseline -0.008 -7"><span class='ocrx_word' id='word_1_394' title='bbox 1845 2293 1985 2345; x_wconf 89' lang='lat' dir='ltr'><strong>rium</strong></span> <span class='ocrx_word' id='word_1_395' title='bbox 2015 2291 2270 2345; x_wconf 88' lang='lat' dir='ltr'><strong>salutaris</strong></span> <span class='ocrx_word' id='word_1_396' title='bbox 2298 2288 2591 2343; x_wconf 89' lang='lat' dir='ltr'><strong>sermonis.</strong></span> <span class='ocrx_word' id='word_1_397' title='bbox 2616 2284 2681 2337; x_wconf 86' lang='lat' dir='ltr'><strong>Et</strong></span> <span class='ocrx_word' id='word_1_398' title='bbox 2715 2284 2769 2337; x_wconf 90' lang='lat' dir='ltr'><strong>in</strong></span> <span class='ocrx_word' id='word_1_399' title='bbox 2794 2283 3019 2351; x_wconf 88' lang='lat' dir='ltr'><strong>reliquis</strong></span> <span class='ocrx_word' id='word_1_400' title='bbox 3052 2281 3308 2351; x_wconf 84' lang='lat' dir='ltr'><strong>operibus</strong></span> <span class='ocrx_word' id='word_1_401' title='bbox 3339 2277 3419 2332; x_wconf 86' lang='lat' dir='ltr'><strong>sic</strong></span> 
     </span>
    </p>
   </div>
   <div class='ocr_carea' id='block_1_53' title="bbox 1846 2366 3417 2436">
    <p class='ocr_par' dir='ltr' id='par_1_53' title="bbox 1846 2366 3417 2436">
     <span class='ocr_line' id='line_1_53' title="bbox 1846 2366 3417 2436; baseline -0.01 -1"><span class='ocrx_word' id='word_1_402' title='bbox 1846 2384 2047 2435; x_wconf 83' lang='lat' dir='ltr'><strong>virens.</strong></span> <span class='ocrx_word' id='word_1_403' title='bbox 2100 2382 2180 2434; x_wconf 87' lang='lat' dir='ltr'><strong>sic</strong></span> <span class='ocrx_word' id='word_1_404' title='bbox 2213 2377 2460 2433; x_wconf 81' lang='lat' dir='ltr'><strong>fructifer</strong></span> <span class='ocrx_word' id='word_1_405' title='bbox 2492 2376 2738 2436; x_wconf 84' lang='lat' dir='ltr'><strong>evadam,</strong></span> <span class='ocrx_word' id='word_1_406' title='bbox 2786 2380 2843 2425; x_wconf 90' lang='lat' dir='ltr'><strong>ut</strong></span> <span class='ocrx_word' id='word_1_407' title='bbox 2868 2373 3048 2425; x_wconf 90' lang='lat' dir='ltr'><strong>anima</strong></span> <span class='ocrx_word' id='word_1_408' title='bbox 3083 2385 3199 2424; x_wconf 77' lang='lat' dir='ltr'><strong>mea</strong></span> <span class='ocrx_word' id='word_1_409' title='bbox 3236 2366 3417 2422; x_wconf 90' lang='lat' dir='ltr'><strong>arbori</strong></span> 
     </span>
    </p>
   </div>
   <div class='ocr_carea' id='block_1_54' title="bbox 1842 2463 3418 2543">
    <p class='ocr_par' dir='ltr' id='par_1_54' title="bbox 1842 2463 3418 2543">
     <span class='ocr_line' id='line_1_54' title="bbox 1842 2463 3418 2543; baseline -0.009 -14"><span class='ocrx_word' id='word_1_410' title='bbox 1842 2489 2054 2543; x_wconf 83' lang='lat' dir='ltr'><strong>semper</strong></span> <span class='ocrx_word' id='word_1_411' title='bbox 2096 2472 2293 2527; x_wconf 85' lang='lat' dir='ltr'><strong>virenti</strong></span> <span class='ocrx_word' id='word_1_412' title='bbox 2334 2485 2397 2524; x_wconf 89' lang='lat' dir='ltr'><strong>ac</strong></span> <span class='ocrx_word' id='word_1_413' title='bbox 2442 2466 2738 2522; x_wconf 62' lang='lat' dir='ltr'><strong>fructifera:</strong></span> <span class='ocrx_word' id='word_1_414' title='bbox 2764 2466 2817 2519; x_wconf 93' lang='lat' dir='ltr'><strong>in</strong></span> <span class='ocrx_word' id='word_1_415' title='bbox 2852 2465 3015 2519; x_wconf 86' lang='lat' dir='ltr'><strong>domo</strong></span> <span class='ocrx_word' id='word_1_416' title='bbox 3046 2463 3135 2516; x_wconf 88' lang='lat' dir='ltr'><strong>Dei</strong></span> <span class='ocrx_word' id='word_1_417' title='bbox 3170 2463 3418 2531; x_wconf 71' lang='lat' dir='ltr'><strong>plautata’</strong></span> 
     </span>
    </p>
   </div>
   <div class='ocr_carea' id='block_1_55' title="bbox 1843 2556 3419 2637">
    <p class='ocr_par' dir='ltr' id='par_1_55' title="bbox 1843 2556 3419 2637">
     <span class='ocr_line' id='line_1_55' title="bbox 1843 2556 3419 2637; baseline -0.011 -14"><span class='ocrx_word' id='word_1_418' title='bbox 1843 2576 2210 2637; x_wconf 83' lang='lat' dir='ltr'><strong>comparetur.</strong></span> <span class='ocrx_word' id='word_1_419' title='bbox 2279 2562 2640 2631; x_wconf 73' lang='lat' dir='ltr'><strong>Quamobrem</strong></span> <span class='ocrx_word' id='word_1_420' title='bbox 2693 2559 2815 2613; x_wconf 91' lang='lat' dir='ltr'><strong>dico</strong></span> <span class='ocrx_word' id='word_1_421' title='bbox 2866 2575 2879 2610; x_wconf 88' lang='lat'><strong>:</strong></span> <span class='ocrx_word' id='word_1_422' title='bbox 2929 2556 3040 2627; x_wconf 87' lang='lat' dir='ltr'><strong>Ego</strong></span> <span class='ocrx_word' id='word_1_423' title='bbox 3078 2565 3252 2609; x_wconf 87' lang='lat' dir='ltr'><strong>autem</strong></span> <span class='ocrx_word' id='word_1_424' title='bbox 3284 2557 3419 2607; x_wconf 81' lang='lat' dir='ltr'><strong>sicut</strong></span> 
     </span>
    </p>
   </div>
   <div class='ocr_carea' id='block_1_56' title="bbox 1841 2646 3418 2729">
    <p class='ocr_par' dir='ltr' id='par_1_56' title="bbox 1841 2646 3418 2729">
     <span class='ocr_line' id='line_1_56' title="bbox 1841 2646 3418 2729; baseline -0.011 -14"><span class='ocrx_word' id='word_1_425' title='bbox 1841 2661 1982 2715; x_wconf 84' lang='lat' dir='ltr'><strong>oliva</strong></span> <span class='ocrx_word' id='word_1_426' title='bbox 2013 2659 2293 2729; x_wconf 79' lang='lat' dir='ltr'><strong>fructifera</strong></span> <span class='ocrx_word' id='word_1_427' title='bbox 2330 2658 2381 2710; x_wconf 87' lang='lat' dir='ltr'><strong>in</strong></span> <span class='ocrx_word' id='word_1_428' title='bbox 2410 2656 2564 2708; x_wconf 91' lang='lat' dir='ltr'><strong>domo</strong></span> <span class='ocrx_word' id='word_1_429' title='bbox 2594 2652 2726 2715; x_wconf 89' lang='lat' dir='ltr'><strong>Dei;</strong></span> <span class='ocrx_word' id='word_1_430' title='bbox 2762 2650 2898 2711; x_wconf 87' lang='lat' dir='ltr'><strong>sive,</strong></span> <span class='ocrx_word' id='word_1_431' title='bbox 2926 2647 3224 2703; x_wconf 83' lang='lat' dir='ltr'><strong>secundum</strong></span> <span class='ocrx_word' id='word_1_432' title='bbox 3258 2646 3418 2717; x_wconf 86' lang='lat' dir='ltr'><strong>Sym-</strong></span> 
     </span>
    </p>
   </div>
   <div class='ocr_carea' id='block_1_57' title="bbox 1842 2740 3417 2823">
    <p class='ocr_par' dir='ltr' id='par_1_57' title="bbox 1842 2740 3417 2823">
     <span class='ocr_line' id='line_1_57' title="bbox 1842 2740 3417 2823; baseline -0.009 -13"><span class='ocrx_word' id='word_1_433' title='bbox 1842 2754 2122 2817; x_wconf 88' lang='lat' dir='ltr'><strong>machum,</strong></span> <span class='ocrx_word' id='word_1_434' title='bbox 2150 2752 2265 2823; x_wconf 88' lang='lat' dir='ltr'><strong>Ego</strong></span> <span class='ocrx_word' id='word_1_435' title='bbox 2300 2759 2474 2803; x_wconf 85' lang='lat' dir='ltr'><strong>autem</strong></span> <span class='ocrx_word' id='word_1_436' title='bbox 2499 2750 2635 2801; x_wconf 82' lang='lat' dir='ltr'><strong>sicut</strong></span> <span class='ocrx_word' id='word_1_437' title='bbox 2664 2745 2803 2798; x_wconf 85' lang='lat' dir='ltr'><strong>oliva</strong></span> <span class='ocrx_word' id='word_1_438' title='bbox 2830 2744 2999 2796; x_wconf 80' lang='lat' dir='ltr'><strong>virens</strong></span> <span class='ocrx_word' id='word_1_439' title='bbox 3026 2742 3082 2794; x_wconf 89' lang='lat' dir='ltr'><strong>in</strong></span> <span class='ocrx_word' id='word_1_440' title='bbox 3116 2741 3270 2794; x_wconf 86' lang='lat' dir='ltr'><strong>domo</strong></span> <span class='ocrx_word' id='word_1_441' title='bbox 3306 2740 3417 2796; x_wconf 89' lang='lat' dir='ltr'><strong>Dei.</strong></span> 
     </span>
    </p>
   </div>
   <div class='ocr_carea' id='block_1_58' title="bbox 1843 2833 3419 2917">
    <p class='ocr_par' dir='ltr' id='par_1_58' title="bbox 1843 2833 3419 2917">
     <span class='ocr_line' id='line_1_58' title="bbox 1843 2833 3419 2917; baseline -0.011 -15"><span class='ocrx_word' id='word_1_442' title='bbox 1843 2846 2028 2917; x_wconf 83' lang='lat' dir='ltr'><strong>Neque</strong></span> <span class='ocrx_word' id='word_1_443' title='bbox 2060 2845 2204 2899; x_wconf 90' lang='lat' dir='ltr'><strong>enim</strong></span> <span class='ocrx_word' id='word_1_444' title='bbox 2247 2842 2467 2896; x_wconf 92' lang='lat' dir='ltr'><strong>domum</strong></span> <span class='ocrx_word' id='word_1_445' title='bbox 2509 2839 2604 2893; x_wconf 92' lang='lat' dir='ltr'><strong>Dei</strong></span> <span class='ocrx_word' id='word_1_446' title='bbox 2649 2837 2993 2899; x_wconf 85' lang='lat' dir='ltr'><strong>abnuebam;</strong></span> <span class='ocrx_word' id='word_1_447' title='bbox 3042 2834 3133 2887; x_wconf 89' lang='lat' dir='ltr'><strong>sed</strong></span> <span class='ocrx_word' id='word_1_448' title='bbox 3183 2833 3331 2886; x_wconf 90' lang='lat' dir='ltr'><strong>intus</strong></span> <span class='ocrx_word' id='word_1_449' title='bbox 3366 2834 3419 2886; x_wconf 91' lang='lat' dir='ltr'><strong>in</strong></span> 
     </span>
    </p>
   </div>
   <div class='ocr_carea' id='block_1_59' title="bbox 1844 2923 3419 3009">
    <p class='ocr_par' dir='ltr' id='par_1_59' title="bbox 1844 2923 3419 3009">
     <span class='ocr_line' id='line_1_59' title="bbox 1844 2923 3419 3009; baseline -0.01 -16"><span class='ocrx_word' id='word_1_450' title='bbox 1844 2940 1962 3009; x_wconf 89' lang='lat' dir='ltr'><strong>ipsa</strong></span> <span class='ocrx_word' id='word_1_451' title='bbox 1992 2937 2151 3007; x_wconf 84' lang='lat' dir='ltr'><strong>quasi</strong></span> <span class='ocrx_word' id='word_1_452' title='bbox 2187 2936 2243 2988; x_wconf 89' lang='lat' dir='ltr'><strong>in</strong></span> <span class='ocrx_word' id='word_1_453' title='bbox 2276 2949 2404 3004; x_wconf 77' lang='lat' dir='ltr'><strong>agro</strong></span> <span class='ocrx_word' id='word_1_454' title='bbox 2430 2930 2525 2986; x_wconf 87' lang='lat' dir='ltr'><strong>Dei</strong></span> <span class='ocrx_word' id='word_1_455' title='bbox 2550 2932 2847 3000; x_wconf 88' lang='lat' dir='ltr'><strong>plantatus,</strong></span> <span class='ocrx_word' id='word_1_456' title='bbox 2902 2932 2955 2981; x_wconf 84' lang='lat' dir='ltr'><strong>et</strong></span> <span class='ocrx_word' id='word_1_457' title='bbox 3001 2925 3136 2978; x_wconf 85' lang='lat' dir='ltr'><strong>rivis</strong></span> <span class='ocrx_word' id='word_1_458' title='bbox 3168 2923 3335 2978; x_wconf 90' lang='lat' dir='ltr'><strong>fontis</strong></span> <span class='ocrx_word' id='word_1_459' title='bbox 3366 2925 3419 2978; x_wconf 90' lang='lat' dir='ltr'><strong>iu</strong></span> 
     </span>
    </p>
   </div>
   <div class='ocr_carea' id='block_1_60' title="bbox 1843 3017 3419 3084">
    <p class='ocr_par' dir='ltr' id='par_1_60' title="bbox 1843 3017 3419 3084">
     <span class='ocr_line' id='line_1_60' title="bbox 1843 3017 3419 3084; baseline -0.01 0"><span class='ocrx_word' id='word_1_460' title='bbox 1843 3029 2007 3084; x_wconf 91' lang='lat' dir='ltr'><strong>domo</strong></span> <span class='ocrx_word' id='word_1_461' title='bbox 2032 3027 2126 3082; x_wconf 86' lang='lat' dir='ltr'><strong>Dei</strong></span> <span class='ocrx_word' id='word_1_462' title='bbox 2164 3023 2518 3081; x_wconf 86' lang='lat' dir='ltr'><strong>scaturientis</strong></span> <span class='ocrx_word' id='word_1_463' title='bbox 2570 3021 2780 3083; x_wconf 88' lang='lat' dir='ltr'><strong>fruens,</strong></span> <span class='ocrx_word' id='word_1_464' title='bbox 2825 3017 3072 3073; x_wconf 89' lang='lat' dir='ltr'><strong>fructifer</strong></span> <span class='ocrx_word' id='word_1_465' title='bbox 3113 3032 3176 3071; x_wconf 90' lang='lat' dir='ltr'><strong>ac</strong></span> <span class='ocrx_word' id='word_1_466' title='bbox 3210 3031 3419 3083; x_wconf 83' lang='lat' dir='ltr'><strong>semper</strong></span> 
     </span>
    </p>
   </div>
   <div class='ocr_carea' id='block_1_61' title="bbox 1844 3109 3421 3184">
    <p class='ocr_par' dir='ltr' id='par_1_61' title="bbox 1844 3109 3421 3184">
     <span class='ocr_line' id='line_1_61' title="bbox 1844 3109 3421 3184; baseline -0.006 -15"><span class='ocrx_word' id='word_1_467' title='bbox 1844 3120 2033 3174; x_wconf 79' lang='lat' dir='ltr'><strong>virens</strong></span> <span class='ocrx_word' id='word_1_468' title='bbox 2055 3117 2227 3179; x_wconf 88' lang='lat' dir='ltr'><strong>evasi,</strong></span> <span class='ocrx_word' id='word_1_469' title='bbox 2252 3115 2503 3184; x_wconf 86' lang='lat' dir='ltr'><strong>exemplo</strong></span> <span class='ocrx_word' id='word_1_470' title='bbox 2533 3111 2747 3167; x_wconf 86' lang='lat' dir='ltr'><strong>arboris</strong></span> <span class='ocrx_word' id='word_1_471' title='bbox 2773 3111 2950 3173; x_wconf 63' lang='lat' dir='ltr'><strong>olivae,</strong></span> <span class='ocrx_word' id='word_1_472' title='bbox 2976 3124 3097 3179; x_wconf 71' lang='lat' dir='ltr'><strong>quae</strong></span> <span class='ocrx_word' id='word_1_473' title='bbox 3124 3109 3264 3162; x_wconf 88' lang='lat' dir='ltr'><strong>inter</strong></span> <span class='ocrx_word' id='word_1_474' title='bbox 3284 3122 3421 3161; x_wconf 86' lang='lat' dir='ltr'><strong>sem-</strong></span> 
     </span>
    </p>
   </div>
   <div class='ocr_carea' id='block_1_62' title="bbox 184 3199 1743 3284">
    <p class='ocr_par' dir='ltr' id='par_1_62' title="bbox 184 3210 1740 3284">
     <span class='ocr_line' id='line_1_62' title="bbox 184 3210 1740 3284; baseline 0.001 -20"><span class='ocrx_word' id='word_1_475' title='bbox 184 3211 358 3279; x_wconf 82' lang='grc' dir='ltr'>μάτων</span> <span class='ocrx_word' id='word_1_476' title='bbox 382 3214 484 3284; x_wconf 82' lang='grc' dir='ltr'>τῆς</span> <span class='ocrx_word' id='word_1_477' title='bbox 519 3214 576 3265; x_wconf 86' lang='grc' dir='ltr'><strong>ἐν</strong></span> <span class='ocrx_word' id='word_1_478' title='bbox 605 3211 685 3283; x_wconf 79' lang='grc' dir='ltr'><strong>τῷ</strong></span> <span class='ocrx_word' id='word_1_479' title='bbox 721 3212 854 3283; x_wconf 71' lang='grc' dir='ltr'>οἴκῳ</span> <span class='ocrx_word' id='word_1_480' title='bbox 904 3211 995 3265; x_wconf 92' lang='grc' dir='ltr'><strong>τοῦ</strong></span> <span class='ocrx_word' id='word_1_481' title='bbox 1040 3210 1175 3265; x_wconf 88' lang='grc' dir='ltr'>Θεοῦ</span> <span class='ocrx_word' id='word_1_482' title='bbox 1205 3212 1387 3283; x_wconf 83' lang='grc' dir='ltr'>πηγῆς</span> <span class='ocrx_word' id='word_1_483' title='bbox 1433 3212 1740 3277; x_wconf 80' lang='grc' dir='ltr'>ἀπολαύων,</span> 
     </span>
    </p>
   </div>
   <div class='ocr_carea' id='block_1_63' title="bbox 1846 3199 3422 3284">
    <p class='ocr_par' dir='ltr' id='par_1_63' title="bbox 1848 3199 3422 3283">
     <span class='ocr_line' id='line_1_63' title="bbox 1848 3199 3422 3283; baseline -0.01 -16"><span class='ocrx_word' id='word_1_484' title='bbox 1848 3228 1944 3283; x_wconf 91' lang='lat' dir='ltr'><strong>per</strong></span> <span class='ocrx_word' id='word_1_485' title='bbox 1962 3212 2199 3265; x_wconf 84' lang='lat' dir='ltr'><strong>virentes</strong></span> <span class='ocrx_word' id='word_1_486' title='bbox 2227 3214 2643 3263; x_wconf 87' lang='lat' dir='ltr'><strong>annumeratur.</strong></span> <span class='ocrx_word' id='word_1_487' title='bbox 2671 3205 2942 3259; x_wconf 87' lang='lat' dir='ltr'><strong>Observes</strong></span> <span class='ocrx_word' id='word_1_488' title='bbox 2973 3203 3131 3257; x_wconf 89' lang='lat' dir='ltr'><strong>velim</strong></span> <span class='ocrx_word' id='word_1_489' title='bbox 3163 3199 3422 3254; x_wconf 86' lang='lat' dir='ltr'><strong>Davidem</strong></span> 
     </span>
    </p>
   </div>
   <div class='ocr_carea' id='block_1_64' title="bbox 182 3303 1743 3376">
    <p class='ocr_par' dir='ltr' id='par_1_64' title="bbox 182 3303 1743 3376">
     <span class='ocr_line' id='line_1_64' title="bbox 182 3303 1743 3376; baseline 0.002 -20"><span class='ocrx_word' id='word_1_490' title='bbox 182 3304 521 3376; x_wconf 85' lang='grc' dir='ltr'>πολύκαρπος</span> <span class='ocrx_word' id='word_1_491' title='bbox 549 3305 807 3375; x_wconf 74' lang='grc' dir='ltr'>ἐγινόμην</span> <span class='ocrx_word' id='word_1_492' title='bbox 844 3303 935 3357; x_wconf 81' lang='grc' dir='ltr'><strong>καὶ</strong></span> <span class='ocrx_word' id='word_1_493' title='bbox 987 3304 1263 3375; x_wconf 81' lang='grc' dir='ltr'>ἀειθαλὴς,</span> <span class='ocrx_word' id='word_1_494' title='bbox 1298 3304 1439 3358; x_wconf 86' lang='grc' dir='ltr'><strong>κατά</strong></span> <span class='ocrx_word' id='word_1_495' title='bbox 1467 3304 1528 3357; x_wconf 82' lang='grc' dir='ltr'>τὸ</span> <span class='ocrx_word' id='word_1_496' title='bbox 1567 3306 1743 3373; x_wconf 81' lang='grc' dir='ltr'>παρά-</span> 
     </span>
    </p>
   </div>
   <div class='ocr_carea' id='block_1_65' title="bbox 174 3397 1743 3470">
    <p class='ocr_par' dir='ltr' id='par_1_65' title="bbox 174 3397 1743 3470">
     <span class='ocr_line' id='line_1_65' title="bbox 174 3397 1743 3470; baseline 0.003 -21"><span class='ocrx_word' id='word_1_497' title='bbox 174 3398 364 3468; x_wconf 86' lang='grc' dir='ltr'>δειγμα</span> <span class='ocrx_word' id='word_1_498' title='bbox 379 3397 479 3452; x_wconf 91' lang='grc' dir='ltr'><strong>τοῦ</strong></span> <span class='ocrx_word' id='word_1_499' title='bbox 506 3398 604 3469; x_wconf 81' lang='grc' dir='ltr'><strong>τῆς</strong></span> <span class='ocrx_word' id='word_1_500' title='bbox 627 3398 813 3461; x_wconf 88' lang='grc' dir='ltr'>ἐλαίας</span> <span class='ocrx_word' id='word_1_501' title='bbox 845 3397 1035 3467; x_wconf 86' lang='grc' dir='ltr'>φυτοῦ,</span> <span class='ocrx_word' id='word_1_502' title='bbox 1066 3400 1201 3470; x_wconf 83' lang='grc' dir='ltr'>ὅπερ</span> <span class='ocrx_word' id='word_1_503' title='bbox 1242 3401 1299 3451; x_wconf 88' lang='grc' dir='ltr'>ἐν</span> <span class='ocrx_word' id='word_1_504' title='bbox 1330 3401 1441 3463; x_wconf 85' lang='grc' dir='ltr'>τοῖς</span> <span class='ocrx_word' id='word_1_505' title='bbox 1469 3398 1743 3453; x_wconf 86' lang='grc' dir='ltr'>ἀειθαλέσι</span> 
     </span>
    </p>
   </div>
   <div class='ocr_carea' id='block_1_66' title="bbox 185 3489 1739 3561">
    <p class='ocr_par' dir='ltr' id='par_1_66' title="bbox 185 3489 1739 3561">
     <span class='ocr_line' id='line_1_66' title="bbox 185 3489 1739 3561; baseline 0.001 -20"><span class='ocrx_word' id='word_1_506' title='bbox 185 3489 556 3561; x_wconf 83' lang='grc' dir='ltr'>παρείληπται.</span> <span class='ocrx_word' id='word_1_507' title='bbox 604 3490 770 3560; x_wconf 91' lang='grc' dir='ltr'>Τήρει</span> <span class='ocrx_word' id='word_1_508' title='bbox 801 3489 877 3553; x_wconf 84' lang='grc' dir='ltr'>δὲ,</span> <span class='ocrx_word' id='word_1_509' title='bbox 936 3490 1017 3543; x_wconf 83' lang='grc' dir='ltr'><strong>ὅτι</strong></span> <span class='ocrx_word' id='word_1_510' title='bbox 1067 3491 1238 3543; x_wconf 88' lang='grc' dir='ltr'>ταῦτα</span> <span class='ocrx_word' id='word_1_511' title='bbox 1284 3489 1455 3558; x_wconf 82' lang='grc' dir='ltr'>λέγων</span> <span class='ocrx_word' id='word_1_512' title='bbox 1497 3491 1525 3542; x_wconf 82' lang='grc' dir='ltr'>ὁ</span> <span class='ocrx_word' id='word_1_513' title='bbox 1557 3489 1739 3553; x_wconf 78' lang='grc' dir='ltr'>Δαυῖδ,</span> 
     </span>
    </p>
   </div>
   <div class='ocr_carea' id='block_1_67' title="bbox 185 3578 1742 3653">
    <p class='ocr_par' dir='ltr' id='par_1_67' title="bbox 185 3578 1742 3653">
     <span class='ocr_line' id='line_1_67' title="bbox 185 3578 1742 3653; baseline 0.002 -22"><span class='ocrx_word' id='word_1_514' title='bbox 185 3578 294 3632; x_wconf 75' lang='grc' dir='ltr'>οὔτε</span> <span class='ocrx_word' id='word_1_515' title='bbox 338 3582 430 3634; x_wconf 72' lang='grc' dir='ltr'>ἐπὶ</span> <span class='ocrx_word' id='word_1_516' title='bbox 484 3581 582 3651; x_wconf 83' lang='grc' dir='ltr'>τῆς</span> <span class='ocrx_word' id='word_1_517' title='bbox 624 3580 977 3653; x_wconf 82' lang='grc' dir='ltr'>Ἰερουσαλὴμ</span> <span class='ocrx_word' id='word_1_518' title='bbox 1008 3580 1331 3651; x_wconf 81' lang='grc' dir='ltr'>ἐτύγχανεν,</span> <span class='ocrx_word' id='word_1_519' title='bbox 1388 3582 1454 3652; x_wconf 82' lang='grc' dir='ltr'><strong>ἣν</strong></span> <span class='ocrx_word' id='word_1_520' title='bbox 1496 3579 1742 3651; x_wconf 76' lang='grc' dir='ltr'>ἐνόμιζον</span> 
     </span>
    </p>
   </div>
   <div class='ocr_carea' id='block_1_68' title="bbox 184 3667 1743 3744">
    <p class='ocr_par' dir='ltr' id='par_1_68' title="bbox 184 3667 1743 3744">
     <span class='ocr_line' id='line_1_68' title="bbox 184 3667 1743 3744; baseline -0.001 -18"><span class='ocrx_word' id='word_1_521' title='bbox 184 3667 311 3726; x_wconf 76' lang='grc' dir='ltr'>εἶναι</span> <span class='ocrx_word' id='word_1_522' title='bbox 352 3674 621 3727; x_wconf 86' lang='grc' dir='ltr'>Ἰουδαίων</span> <span class='ocrx_word' id='word_1_523' title='bbox 671 3674 855 3737; x_wconf 83' lang='grc' dir='ltr'>παῖδες</span> <span class='ocrx_word' id='word_1_524' title='bbox 908 3670 1053 3727; x_wconf 79' lang='grc' dir='ltr'>οἷκον</span> <span class='ocrx_word' id='word_1_525' title='bbox 1117 3674 1208 3727; x_wconf 88' lang='grc' dir='ltr'><strong>τοῦ</strong></span> <span class='ocrx_word' id='word_1_526' title='bbox 1253 3673 1409 3727; x_wconf 81' lang='grc' dir='ltr'><strong>Θεοῦ⁶</strong></span> <span class='ocrx_word' id='word_1_527' title='bbox 1461 3672 1583 3726; x_wconf 78' lang='grc' dir='ltr'>οὔτε</span> <span class='ocrx_word' id='word_1_528' title='bbox 1634 3675 1743 3744; x_wconf 76' lang='grc' dir='ltr'><strong>γὰρ</strong></span> 
     </span>
    </p>
   </div>
   <div class='ocr_carea' id='block_1_69' title="bbox 184 3764 1743 3838">
    <p class='ocr_par' dir='ltr' id='par_1_69' title="bbox 184 3764 1743 3838">
     <span class='ocr_line' id='line_1_69' title="bbox 184 3764 1743 3838; baseline 0.001 -23"><span class='ocrx_word' id='word_1_529' title='bbox 184 3764 503 3838; x_wconf 78' lang='grc' dir='ltr'>ᾠκοδόμητο·</span> <span class='ocrx_word' id='word_1_530' title='bbox 538 3766 650 3819; x_wconf 83' lang='grc' dir='ltr'>ἀλλ’</span> <span class='ocrx_word' id='word_1_531' title='bbox 682 3765 803 3818; x_wconf 83' lang='grc' dir='ltr'>οὐδὲ</span> <span class='ocrx_word' id='word_1_532' title='bbox 850 3767 907 3818; x_wconf 90' lang='grc' dir='ltr'><strong>ἐν</strong></span> <span class='ocrx_word' id='word_1_533' title='bbox 939 3767 1004 3836; x_wconf 80' lang='grc' dir='ltr'>τῇ</span> <span class='ocrx_word' id='word_1_534' title='bbox 1035 3767 1203 3836; x_wconf 84' lang='grc' dir='ltr'>σκηνῇ</span> <span class='ocrx_word' id='word_1_535' title='bbox 1232 3768 1297 3837; x_wconf 78' lang='grc' dir='ltr'>τῇ</span> <span class='ocrx_word' id='word_1_536' title='bbox 1334 3766 1438 3818; x_wconf 84' lang='grc' dir='ltr'><strong>ὑπὸ</strong></span> <span class='ocrx_word' id='word_1_537' title='bbox 1469 3765 1743 3827; x_wconf 85' lang='grc' dir='ltr'>Μωῦσέως</span> 
     </span>
    </p>
   </div>
   <div class='ocr_carea' id='block_1_70' title="bbox 186 3854 1739 3930">
    <p class='ocr_par' dir='ltr' id='par_1_70' title="bbox 186 3854 1739 3930">
     <span class='ocr_line' id='line_1_70' title="bbox 186 3854 1739 3930; baseline 0.001 -21"><span class='ocrx_word' id='word_1_538' title='bbox 186 3857 669 3930; x_wconf 79' lang='grc' dir='ltr'>κατεσκευασμένῃ,</span> <span class='ocrx_word' id='word_1_539' title='bbox 709 3856 877 3910; x_wconf 88' lang='grc' dir='ltr'>είσέτι</span> <span class='ocrx_word' id='word_1_540' title='bbox 914 3856 1036 3909; x_wconf 91' lang='grc' dir='ltr'>τότε</span> <span class='ocrx_word' id='word_1_541' title='bbox 1086 3856 1240 3927; x_wconf 86' lang='grc' dir='ltr'><strong>παρά</strong></span> <span class='ocrx_word' id='word_1_542' title='bbox 1289 3856 1559 3919; x_wconf 87' lang='grc' dir='ltr'>Ἰουδαίοις</span> <span class='ocrx_word' id='word_1_543' title='bbox 1585 3854 1739 3928; x_wconf 73' lang='grc' dir='ltr'>οὔσῃ.</span> 
     </span>
    </p>
   </div>
   <div class='ocr_carea' id='block_1_71' title="bbox 184 3946 1743 4020">
    <p class='ocr_par' dir='ltr' id='par_1_71' title="bbox 184 3946 1743 4020">
     <span class='ocr_line' id='line_1_71' title="bbox 184 3946 1743 4020; baseline -0.001 -19"><span class='ocrx_word' id='word_1_544' title='bbox 184 3949 388 4018; x_wconf 67' lang='grc' dir='ltr'>Φεύγων</span> <span class='ocrx_word' id='word_1_545' title='bbox 413 3950 524 4020; x_wconf 80' lang='grc' dir='ltr'>γὰρ</span> <span class='ocrx_word' id='word_1_546' title='bbox 558 3950 648 4002; x_wconf 84' lang='grc' dir='ltr'><strong>τὸν</strong></span> <span class='ocrx_word' id='word_1_547' title='bbox 683 3948 853 4002; x_wconf 84' lang='grc' dir='ltr'>Σαοὺλ</span> <span class='ocrx_word' id='word_1_548' title='bbox 895 3949 1021 4020; x_wconf 88' lang='grc' dir='ltr'>παρ’</span> <span class='ocrx_word' id='word_1_549' title='bbox 1066 3948 1270 4018; x_wconf 78' lang='grc' dir='ltr'>ἑτέροις</span> <span class='ocrx_word' id='word_1_550' title='bbox 1312 3946 1411 4010; x_wconf 81' lang='grc' dir='ltr'><strong>τάς</strong></span> <span class='ocrx_word' id='word_1_551' title='bbox 1461 3947 1743 4018; x_wconf 78' lang='grc' dir='ltr'>διατριϐὰς</span> 
     </span>
    </p>
   </div>
   <div class='ocr_carea' id='block_1_72' title="bbox 191 4035 1745 4113">
    <p class='ocr_par' dir='ltr' id='par_1_72' title="bbox 191 4035 1745 4113">
     <span class='ocr_line' id='line_1_72' title="bbox 191 4035 1745 4113; baseline -0.003 -19"><span class='ocrx_word' id='word_1_552' title='bbox 191 4043 426 4096; x_wconf 73' lang='grc' dir='ltr'>ἐποιεῖτο·</span> <span class='ocrx_word' id='word_1_553' title='bbox 452 4044 602 4113; x_wconf 81' lang='grc' dir='ltr'>ὅμως</span> <span class='ocrx_word' id='word_1_554' title='bbox 627 4041 670 4094; x_wconf 84' lang='grc' dir='ltr'>δ’</span> <span class='ocrx_word' id='word_1_555' title='bbox 691 4035 785 4094; x_wconf 79' lang='grc' dir='ltr'>οὖν</span> <span class='ocrx_word' id='word_1_556' title='bbox 815 4040 916 4093; x_wconf 83' lang='grc' dir='ltr'><strong>οὐκ</strong></span> <span class='ocrx_word' id='word_1_557' title='bbox 947 4039 1130 4109; x_wconf 74' lang='grc' dir='ltr'>ἠγνόει</span> <span class='ocrx_word' id='word_1_558' title='bbox 1174 4039 1365 4093; x_wconf 79' lang='grc' dir='ltr'>ἐαυτὸν</span> <span class='ocrx_word' id='word_1_559' title='bbox 1398 4042 1456 4093; x_wconf 87' lang='grc' dir='ltr'><strong>ἐν</strong></span> <span class='ocrx_word' id='word_1_560' title='bbox 1504 4038 1581 4110; x_wconf 81' lang='grc' dir='ltr'><strong>τῷ</strong></span> <span class='ocrx_word' id='word_1_561' title='bbox 1610 4038 1745 4109; x_wconf 79' lang='grc' dir='ltr'>οἴκῳ</span> 
     </span>
    </p>
   </div>
   <div class='ocr_carea' id='block_1_73' title="bbox 188 4126 1744 4203">
    <p class='ocr_par' dir='ltr' id='par_1_73' title="bbox 188 4126 1744 4203">
     <span class='ocr_line' id='line_1_73' title="bbox 188 4126 1744 4203; baseline -0.001 -19"><span class='ocrx_word' id='word_1_562' title='bbox 188 4132 271 4185; x_wconf 84' lang='grc' dir='ltr'><strong>τοῦ</strong></span> <span class='ocrx_word' id='word_1_563' title='bbox 296 4132 423 4187; x_wconf 89' lang='grc' dir='ltr'>Θεοῦ</span> <span class='ocrx_word' id='word_1_564' title='bbox 464 4132 882 4203; x_wconf 75' lang='grc' dir='ltr'>πεφυτευμένον·</span> <span class='ocrx_word' id='word_1_565' title='bbox 920 4126 1065 4185; x_wconf 79' lang='grc' dir='ltr'>οἶκον</span> <span class='ocrx_word' id='word_1_566' title='bbox 1089 4130 1223 4184; x_wconf 87' lang='grc' dir='ltr'>Θεοῦ</span> <span class='ocrx_word' id='word_1_567' title='bbox 1248 4130 1384 4185; x_wconf 84' lang='grc' dir='ltr'>νοῶν</span> <span class='ocrx_word' id='word_1_568' title='bbox 1409 4131 1471 4184; x_wconf 85' lang='grc' dir='ltr'><strong>τὸ</strong></span> <span class='ocrx_word' id='word_1_569' title='bbox 1496 4130 1744 4194; x_wconf 78' lang='grc' dir='ltr'>θεοσεὸὲς</span> 
     </span>
    </p>
   </div>
   <div class='ocr_carea' id='block_1_74' title="bbox 192 4223 1744 4297">
    <p class='ocr_par' dir='ltr' id='par_1_74' title="bbox 192 4223 1744 4297">
     <span class='ocr_line' id='line_1_74' title="bbox 192 4223 1744 4297; baseline 0.001 -22"><span class='ocrx_word' id='word_1_570' title='bbox 192 4223 494 4297; x_wconf 81' lang='grc' dir='ltr'>πολίτευμα.</span> <span class='ocrx_word' id='word_1_571' title='bbox 511 4226 621 4279; x_wconf 77' lang='grc' dir='ltr'><strong>Καὶ</strong></span> <span class='ocrx_word' id='word_1_572' title='bbox 648 4224 943 4296; x_wconf 84' lang='grc' dir='ltr'>ἐπειδήπερ</span> <span class='ocrx_word' id='word_1_573' title='bbox 971 4224 1344 4296; x_wconf 84' lang='grc' dir='ltr'>κατάκαρπος,</span> <span class='ocrx_word' id='word_1_574' title='bbox 1369 4224 1488 4278; x_wconf 72' lang='grc' dir='ltr'>οὐδὲ</span> <span class='ocrx_word' id='word_1_575' title='bbox 1514 4224 1744 4295; x_wconf 85' lang='grc' dir='ltr'>πικροὺς</span> 
     </span>
    </p>
   </div>
   <div class='ocr_carea' id='block_1_75' title="bbox 190 4314 1744 4389">
    <p class='ocr_par' dir='ltr' id='par_1_75' title="bbox 190 4314 1744 4389">
     <span class='ocr_line' id='line_1_75' title="bbox 190 4314 1744 4389; baseline 0.001 -21"><span class='ocrx_word' id='word_1_576' title='bbox 190 4317 353 4384; x_wconf 82' lang='grc' dir='ltr'>φέρων</span> <span class='ocrx_word' id='word_1_577' title='bbox 372 4319 641 4389; x_wconf 80' lang='grc' dir='ltr'>καρποὺς,</span> <span class='ocrx_word' id='word_1_578' title='bbox 676 4317 889 4386; x_wconf 82' lang='grc' dir='ltr'>γλυκεῖς</span> <span class='ocrx_word' id='word_1_579' title='bbox 925 4316 982 4369; x_wconf 86' lang='grc' dir='ltr'>δὲ</span> <span class='ocrx_word' id='word_1_580' title='bbox 1012 4316 1108 4369; x_wconf 73' lang='grc' dir='ltr'><strong>καὶ</strong></span> <span class='ocrx_word' id='word_1_581' title='bbox 1140 4314 1337 4388; x_wconf 83' lang='grc' dir='ltr'>πολλῆς</span> <span class='ocrx_word' id='word_1_582' title='bbox 1360 4317 1628 4388; x_wconf 85' lang='grc' dir='ltr'>γέμοντας</span> <span class='ocrx_word' id='word_1_583' title='bbox 1658 4334 1744 4385; x_wconf 87' lang='grc' dir='ltr'>φι-</span> 
     </span>
    </p>
   </div>
   <div class='ocr_carea' id='block_1_76' title="bbox 190 4408 1741 4482">
    <p class='ocr_par' dir='ltr' id='par_1_76' title="bbox 190 4408 1741 4482">
     <span class='ocr_line' id='line_1_76' title="bbox 190 4408 1741 4482; baseline 0.001 -22"><span class='ocrx_word' id='word_1_584' title='bbox 190 4408 541 4482; x_wconf 83' lang='grc' dir='ltr'>λανθρωπίας,</span> <span class='ocrx_word' id='word_1_585' title='bbox 577 4411 799 4473; x_wconf 79' lang='grc' dir='ltr'>εἰκότως</span> <span class='ocrx_word' id='word_1_586' title='bbox 820 4409 1001 4474; x_wconf 84' lang='grc' dir='ltr'>ἐλαίας</span> <span class='ocrx_word' id='word_1_587' title='bbox 1026 4410 1177 4481; x_wconf 85' lang='grc' dir='ltr'>φυτῷ</span> <span class='ocrx_word' id='word_1_588' title='bbox 1202 4411 1545 4481; x_wconf 84' lang='grc' dir='ltr'>κατακάρπῳ</span> <span class='ocrx_word' id='word_1_589' title='bbox 1597 4426 1741 4480; x_wconf 88' lang='grc' dir='ltr'>παρ-</span> 
     </span>
    </p>
   </div>
   <div class='ocr_carea' id='block_1_77' title="bbox 182 4500 1744 4572">
    <p class='ocr_par' dir='ltr' id='par_1_77' title="bbox 182 4500 1744 4572">
     <span class='ocr_line' id='line_1_77' title="bbox 182 4500 1744 4572; baseline 0.002 -21"><span class='ocrx_word' id='word_1_590' title='bbox 182 4501 447 4567; x_wconf 74' lang='grc' dir='ltr'>εϐάλλετο,</span> <span class='ocrx_word' id='word_1_591' title='bbox 478 4502 570 4556; x_wconf 85' lang='grc' dir='ltr'><strong>τὸν</strong></span> <span class='ocrx_word' id='word_1_592' title='bbox 603 4504 682 4565; x_wconf 84' lang='grc' dir='ltr'><strong>είς</strong></span> <span class='ocrx_word' id='word_1_593' title='bbox 710 4502 838 4564; x_wconf 84' lang='grc' dir='ltr'>τοὺς</span> <span class='ocrx_word' id='word_1_594' title='bbox 869 4500 1037 4565; x_wconf 87' lang='grc' dir='ltr'>πέλας</span> <span class='ocrx_word' id='word_1_595' title='bbox 1072 4501 1219 4555; x_wconf 81' lang='grc' dir='ltr'>ἐλεον</span> <span class='ocrx_word' id='word_1_596' title='bbox 1245 4502 1617 4572; x_wconf 87' lang='grc' dir='ltr'>σημαίνοντος,</span> <span class='ocrx_word' id='word_1_597' title='bbox 1652 4502 1744 4554; x_wconf 79' lang='grc' dir='ltr'><strong>καὶ</strong></span> 
     </span>
    </p>
   </div>
   <div class='ocr_carea' id='block_1_78' title="bbox 1848 3293 3425 3365">
    <p class='ocr_par' dir='ltr' id='par_1_78' title="bbox 1848 3293 3425 3365">
     <span class='ocr_line' id='line_1_78' title="bbox 1848 3293 3425 3365; baseline -0.009 -5"><span class='ocrx_word' id='word_1_598' title='bbox 1848 3306 1964 3360; x_wconf 65' lang='lat' dir='ltr'><strong>haec</strong></span> <span class='ocrx_word' id='word_1_599' title='bbox 2002 3304 2274 3359; x_wconf 89' lang='lat' dir='ltr'><strong>dicentem</strong></span> <span class='ocrx_word' id='word_1_600' title='bbox 2305 3316 2415 3355; x_wconf 90' lang='lat' dir='ltr'><strong>non</strong></span> <span class='ocrx_word' id='word_1_601' title='bbox 2451 3298 2621 3354; x_wconf 89' lang='lat' dir='ltr'><strong>fuisse</strong></span> <span class='ocrx_word' id='word_1_602' title='bbox 2670 3298 2726 3351; x_wconf 91' lang='lat' dir='ltr'><strong>in</strong></span> <span class='ocrx_word' id='word_1_603' title='bbox 2767 3295 3091 3360; x_wconf 83' lang='lat' dir='ltr'><strong>Jerusalem,</strong></span> <span class='ocrx_word' id='word_1_604' title='bbox 3130 3309 3293 3365; x_wconf 88' lang='lat' dir='ltr'><strong>quam</strong></span> <span class='ocrx_word' id='word_1_605' title='bbox 3324 3293 3425 3348; x_wconf 83' lang='lat' dir='ltr'><strong>do-</strong></span> 
     </span>
    </p>
   </div>
   <div class='ocr_carea' id='block_1_79' title="bbox 1849 3386 3421 3454">
    <p class='ocr_par' dir='ltr' id='par_1_79' title="bbox 1849 3386 3421 3454">
     <span class='ocr_line' id='line_1_79' title="bbox 1849 3386 3421 3454; baseline -0.009 -3"><span class='ocrx_word' id='word_1_606' title='bbox 1849 3412 1995 3451; x_wconf 92' lang='lat' dir='ltr'><strong>mum</strong></span> <span class='ocrx_word' id='word_1_607' title='bbox 2024 3394 2117 3449; x_wconf 88' lang='lat' dir='ltr'><strong>Dei</strong></span> <span class='ocrx_word' id='word_1_608' title='bbox 2148 3409 2270 3449; x_wconf 88' lang='lat' dir='ltr'><strong>esse</strong></span> <span class='ocrx_word' id='word_1_609' title='bbox 2308 3392 2719 3447; x_wconf 85' lang='lat' dir='ltr'><strong>arbitrabantur</strong></span> <span class='ocrx_word' id='word_1_610' title='bbox 2763 3387 2971 3454; x_wconf 68' lang='lat' dir='ltr'><strong>Judaei;</strong></span> <span class='ocrx_word' id='word_1_611' title='bbox 3004 3390 3245 3442; x_wconf 89' lang='lat' dir='ltr'><strong>nondum</strong></span> <span class='ocrx_word' id='word_1_612' title='bbox 3276 3386 3421 3441; x_wconf 90' lang='lat' dir='ltr'><strong>enim</strong></span> 
     </span>
    </p>
   </div>
   <div class='ocr_carea' id='block_1_80' title="bbox 1847 3478 3423 3554">
    <p class='ocr_par' dir='ltr' id='par_1_80' title="bbox 1847 3478 3423 3554">
     <span class='ocr_line' id='line_1_80' title="bbox 1847 3478 3423 3554; baseline -0.009 -10"><span class='ocrx_word' id='word_1_613' title='bbox 1847 3488 2112 3545; x_wconf 67' lang='lat' dir='ltr'><strong>aedificata</strong></span> <span class='ocrx_word' id='word_1_614' title='bbox 2143 3486 2346 3550; x_wconf 82' lang='lat' dir='ltr'><strong>fuerat;</strong></span> <span class='ocrx_word' id='word_1_615' title='bbox 2382 3485 2478 3540; x_wconf 85' lang='lat' dir='ltr'><strong>sed</strong></span> <span class='ocrx_word' id='word_1_616' title='bbox 2513 3499 2689 3554; x_wconf 89' lang='lat' dir='ltr'><strong>neque</strong></span> <span class='ocrx_word' id='word_1_617' title='bbox 2720 3484 2774 3537; x_wconf 92' lang='lat' dir='ltr'><strong>in</strong></span> <span class='ocrx_word' id='word_1_618' title='bbox 2808 3480 3210 3537; x_wconf 86' lang='lat' dir='ltr'><strong>tabernaculoa</strong></span> <span class='ocrx_word' id='word_1_619' title='bbox 3239 3478 3423 3549; x_wconf 73' lang='lat' dir='ltr'><strong>Moyse</strong></span> 
     </span>
    </p>
   </div>
   <div class='ocr_carea' id='block_1_81' title="bbox 1849 3570 3422 3645">
    <p class='ocr_par' dir='ltr' id='par_1_81' title="bbox 1849 3570 3422 3645">
     <span class='ocr_line' id='line_1_81' title="bbox 1849 3570 3422 3645; baseline -0.006 -13"><span class='ocrx_word' id='word_1_620' title='bbox 1849 3585 2082 3640; x_wconf 86' lang='lat' dir='ltr'><strong>structo,</strong></span> <span class='ocrx_word' id='word_1_621' title='bbox 2112 3575 2258 3645; x_wconf 91' lang='lat' dir='ltr'><strong>quod</strong></span> <span class='ocrx_word' id='word_1_622' title='bbox 2289 3574 2467 3629; x_wconf 91' lang='lat' dir='ltr'><strong>adhuc</strong></span> <span class='ocrx_word' id='word_1_623' title='bbox 2496 3588 2665 3643; x_wconf 86' lang='lat' dir='ltr'><strong>penes</strong></span> <span class='ocrx_word' id='word_1_624' title='bbox 2692 3572 2911 3628; x_wconf 72' lang='lat' dir='ltr'><strong>Judtnos</strong></span> <span class='ocrx_word' id='word_1_625' title='bbox 2940 3578 3077 3627; x_wconf 90' lang='lat' dir='ltr'><strong>erat.</strong></span> <span class='ocrx_word' id='word_1_626' title='bbox 3107 3570 3242 3625; x_wconf 88' lang='lat' dir='ltr'><strong>Cum</strong></span> <span class='ocrx_word' id='word_1_627' title='bbox 3277 3570 3422 3624; x_wconf 89' lang='lat' dir='ltr'><strong>enim</strong></span> 
     </span>
    </p>
   </div>
   <div class='ocr_carea' id='block_1_82' title="bbox 1850 3668 3423 3742">
    <p class='ocr_par' dir='ltr' id='par_1_82' title="bbox 1850 3668 3423 3742">
     <span class='ocr_line' id='line_1_82' title="bbox 1850 3668 3423 3742; baseline -0.006 -17"><span class='ocrx_word' id='word_1_628' title='bbox 1850 3672 2061 3742; x_wconf 81' lang='lat' dir='ltr'><strong>fugeret</strong></span> <span class='ocrx_word' id='word_1_629' title='bbox 2109 3687 2139 3724; x_wconf 92' lang='lat' dir='ltr'><strong>a</strong></span> <span class='ocrx_word' id='word_1_630' title='bbox 2167 3671 2351 3733; x_wconf 84' lang='lat' dir='ltr'><strong>Saule,</strong></span> <span class='ocrx_word' id='word_1_631' title='bbox 2403 3670 2544 3740; x_wconf 88' lang='lat' dir='ltr'><strong>apud</strong></span> <span class='ocrx_word' id='word_1_632' title='bbox 2588 3670 2729 3723; x_wconf 88' lang='lat' dir='ltr'><strong>alios</strong></span> <span class='ocrx_word' id='word_1_633' title='bbox 2765 3668 3121 3723; x_wconf 83' lang='lat' dir='ltr'><strong>morabatur:</strong></span> <span class='ocrx_word' id='word_1_634' title='bbox 3156 3672 3209 3720; x_wconf 90' lang='lat' dir='ltr'><strong>et</strong></span> <span class='ocrx_word' id='word_1_635' title='bbox 3241 3671 3423 3718; x_wconf 88' lang='lat' dir='ltr'><strong>tamen</strong></span> 
     </span>
    </p>
   </div>
   <div class='ocr_carea' id='block_1_83' title="bbox 1852 3758 3424 3833">
    <p class='ocr_par' dir='ltr' id='par_1_83' title="bbox 1852 3758 3424 3833">
     <span class='ocr_line' id='line_1_83' title="bbox 1852 3758 3424 3833; baseline -0.005 -15"><span class='ocrx_word' id='word_1_636' title='bbox 1852 3781 1957 3818; x_wconf 91' lang='lat' dir='ltr'><strong>non</strong></span> <span class='ocrx_word' id='word_1_637' title='bbox 1995 3764 2275 3833; x_wconf 81' lang='lat' dir='ltr'><strong>ignorabat</strong></span> <span class='ocrx_word' id='word_1_638' title='bbox 2301 3777 2359 3816; x_wconf 88' lang='lat' dir='ltr'><strong>se</strong></span> <span class='ocrx_word' id='word_1_639' title='bbox 2399 3763 2452 3815; x_wconf 93' lang='lat' dir='ltr'><strong>in</strong></span> <span class='ocrx_word' id='word_1_640' title='bbox 2496 3761 2658 3815; x_wconf 85' lang='lat' dir='ltr'><strong>domo</strong></span> <span class='ocrx_word' id='word_1_641' title='bbox 2684 3760 2778 3815; x_wconf 91' lang='lat' dir='ltr'><strong>Dei</strong></span> <span class='ocrx_word' id='word_1_642' title='bbox 2811 3761 3111 3830; x_wconf 90' lang='lat' dir='ltr'><strong>plantatum</strong></span> <span class='ocrx_word' id='word_1_643' title='bbox 3142 3772 3301 3823; x_wconf 86' lang='lat' dir='ltr'><strong>esse;</strong></span> <span class='ocrx_word' id='word_1_644' title='bbox 3339 3758 3424 3811; x_wconf 87' lang='lat' dir='ltr'><strong>in-</strong></span> 
     </span>
    </p>
   </div>
   <div class='ocr_carea' id='block_1_84' title="bbox 1850 3848 3419 3924">
    <p class='ocr_par' dir='ltr' id='par_1_84' title="bbox 1850 3848 3419 3924">
     <span class='ocr_line' id='line_1_84' title="bbox 1850 3848 3419 3924; baseline -0.003 -16"><span class='ocrx_word' id='word_1_645' title='bbox 1850 3856 2099 3924; x_wconf 77' lang='lat' dir='ltr'><strong>telligens</strong></span> <span class='ocrx_word' id='word_1_646' title='bbox 2132 3852 2362 3906; x_wconf 88' lang='lat' dir='ltr'><strong>&#39;domum</strong></span> <span class='ocrx_word' id='word_1_647' title='bbox 2405 3851 2499 3907; x_wconf 90' lang='lat' dir='ltr'><strong>Dei</strong></span> <span class='ocrx_word' id='word_1_648' title='bbox 2544 3850 2857 3921; x_wconf 79' lang='lat' dir='ltr'><strong>religiosum</strong></span> <span class='ocrx_word' id='word_1_649' title='bbox 2909 3864 3031 3905; x_wconf 87' lang='lat' dir='ltr'><strong>esse</strong></span> <span class='ocrx_word' id='word_1_650' title='bbox 3086 3848 3419 3904; x_wconf 88' lang='lat' dir='ltr'><strong>institutum.</strong></span> 
     </span>
    </p>
   </div>
   <div class='ocr_carea' id='block_1_85' title="bbox 1851 3942 3421 4017">
    <p class='ocr_par' dir='ltr' id='par_1_85' title="bbox 1851 3942 3421 4017">
     <span class='ocr_line' id='line_1_85' title="bbox 1851 3942 3421 4017; baseline -0.004 -16"><span class='ocrx_word' id='word_1_651' title='bbox 1851 3948 1915 4001; x_wconf 87' lang='lat' dir='ltr'><strong>Et</strong></span> <span class='ocrx_word' id='word_1_652' title='bbox 1944 3948 2199 4017; x_wconf 88' lang='lat' dir='ltr'><strong>quoniam</strong></span> <span class='ocrx_word' id='word_1_653' title='bbox 2230 3945 2477 3999; x_wconf 83' lang='lat' dir='ltr'><strong>fructifer</strong></span> <span class='ocrx_word' id='word_1_654' title='bbox 2514 3954 2648 4009; x_wconf 89' lang='lat' dir='ltr'><strong>erat,</strong></span> <span class='ocrx_word' id='word_1_655' title='bbox 2692 3960 2868 4015; x_wconf 79' lang='lat' dir='ltr'><strong>neque</strong></span> <span class='ocrx_word' id='word_1_656' title='bbox 2897 3957 3137 4007; x_wconf 87' lang='lat' dir='ltr'><strong>amaros,</strong></span> <span class='ocrx_word' id='word_1_657' title='bbox 3170 3942 3265 3999; x_wconf 87' lang='lat' dir='ltr'><strong>sed</strong></span> <span class='ocrx_word' id='word_1_658' title='bbox 3295 3942 3421 3996; x_wconf 77' lang='lat' dir='ltr'><strong>dul-</strong></span> 
     </span>
    </p>
   </div>
   <div class='ocr_carea' id='block_1_86' title="bbox 1850 4036 3423 4110">
    <p class='ocr_par' dir='ltr' id='par_1_86' title="bbox 1850 4036 3423 4110">
     <span class='ocr_line' id='line_1_86' title="bbox 1850 4036 3423 4110; baseline -0.003 -15"><span class='ocrx_word' id='word_1_659' title='bbox 1850 4058 1943 4097; x_wconf 90' lang='lat' dir='ltr'><strong>ces</strong></span> <span class='ocrx_word' id='word_1_660' title='bbox 1965 4049 2019 4095; x_wconf 90' lang='lat' dir='ltr'><strong>et</strong></span> <span class='ocrx_word' id='word_1_661' title='bbox 2048 4040 2383 4094; x_wconf 88' lang='lat' dir='ltr'><strong>humanitate</strong></span> <span class='ocrx_word' id='word_1_662' title='bbox 2412 4041 2600 4110; x_wconf 89' lang='lat' dir='ltr'><strong>plenos</strong></span> <span class='ocrx_word' id='word_1_663' title='bbox 2643 4040 2855 4096; x_wconf 79' lang='lat' dir='ltr'><strong>fructus</strong></span> <span class='ocrx_word' id='word_1_664' title='bbox 2885 4038 3110 4105; x_wconf 88' lang='lat' dir='ltr'><strong>ferebat,</strong></span> <span class='ocrx_word' id='word_1_665' title='bbox 3158 4038 3281 4107; x_wconf 89' lang='lat' dir='ltr'><strong>jure</strong></span> <span class='ocrx_word' id='word_1_666' title='bbox 3306 4036 3423 4091; x_wconf 86' lang='lat' dir='ltr'><strong>fru-</strong></span> 
     </span>
    </p>
   </div>
   <div class='ocr_carea' id='block_1_87' title="bbox 1850 4132 3423 4205">
    <p class='ocr_par' dir='ltr' id='par_1_87' title="bbox 1850 4132 3423 4205">
     <span class='ocr_line' id='line_1_87' title="bbox 1850 4132 3423 4205; baseline -0.001 -16"><span class='ocrx_word' id='word_1_667' title='bbox 1850 4143 2056 4189; x_wconf 63' lang='lat' dir='ltr'><strong>ctuosae</strong></span> <span class='ocrx_word' id='word_1_668' title='bbox 2100 4134 2281 4188; x_wconf 87' lang='lat' dir='ltr'><strong>arbori</strong></span> <span class='ocrx_word' id='word_1_669' title='bbox 2323 4134 2477 4187; x_wconf 71' lang='lat' dir='ltr'><strong>olivae</strong></span> <span class='ocrx_word' id='word_1_670' title='bbox 2509 4135 2950 4205; x_wconf 89' lang='lat' dir='ltr'><strong>comparabatur,</strong></span> <span class='ocrx_word' id='word_1_671' title='bbox 2985 4136 3232 4203; x_wconf 79' lang='lat' dir='ltr'><strong>exemplo</strong></span> <span class='ocrx_word' id='word_1_672' title='bbox 3256 4132 3423 4188; x_wconf 86' lang='lat' dir='ltr'><strong>mise-</strong></span> 
     </span>
    </p>
   </div>
   <div class='ocr_carea' id='block_1_88' title="bbox 1849 4226 3421 4296">
    <p class='ocr_par' dir='ltr' id='par_1_88' title="bbox 1849 4226 3421 4296">
     <span class='ocr_line' id='line_1_88' title="bbox 1849 4226 3421 4296; baseline 0 -16"><span class='ocrx_word' id='word_1_673' title='bbox 1849 4227 2142 4281; x_wconf 83' lang='lat' dir='ltr'><strong>ricordiam</strong></span> <span class='ocrx_word' id='word_1_674' title='bbox 2172 4227 2225 4280; x_wconf 92' lang='lat' dir='ltr'><strong>in</strong></span> <span class='ocrx_word' id='word_1_675' title='bbox 2255 4227 2554 4296; x_wconf 78' lang='lat' dir='ltr'><strong>proximos,</strong></span> <span class='ocrx_word' id='word_1_676' title='bbox 2608 4234 2663 4281; x_wconf 89' lang='lat' dir='ltr'><strong>et</strong></span> <span class='ocrx_word' id='word_1_677' title='bbox 2707 4226 3099 4280; x_wconf 88' lang='lat' dir='ltr'><strong>humanitatem</strong></span> <span class='ocrx_word' id='word_1_678' title='bbox 3148 4226 3202 4280; x_wconf 90' lang='lat' dir='ltr'><strong>i-n</strong></span> <span class='ocrx_word' id='word_1_679' title='bbox 3230 4241 3421 4280; x_wconf 86' lang='lat' dir='ltr'><strong>omnes</strong></span> 
     </span>
    </p>
   </div>
   <div class='ocr_carea' id='block_1_89' title="bbox 1851 4317 3419 4390">
    <p class='ocr_par' dir='ltr' id='par_1_89' title="bbox 1851 4317 3419 4390">
     <span class='ocr_line' id='line_1_89' title="bbox 1851 4317 3419 4390; baseline -0.002 -16"><span class='ocrx_word' id='word_1_680' title='bbox 1851 4318 2209 4390; x_wconf 79' lang='lat' dir='ltr'><strong>significante.</strong></span> <span class='ocrx_word' id='word_1_681' title='bbox 2268 4317 2465 4388; x_wconf 80' lang='lat' dir='ltr'><strong>Utpote</strong></span> <span class='ocrx_word' id='word_1_682' title='bbox 2494 4319 2659 4388; x_wconf 80' lang='lat' dir='ltr'><strong>igitur</strong></span> <span class='ocrx_word' id='word_1_683' title='bbox 2694 4318 2786 4389; x_wconf 90' lang='lat' dir='ltr'><strong>qui</strong></span> <span class='ocrx_word' id='word_1_684' title='bbox 2819 4326 2899 4374; x_wconf 88' lang='lat' dir='ltr'><strong>tot</strong></span> <span class='ocrx_word' id='word_1_685' title='bbox 2927 4318 3089 4374; x_wconf 88' lang='lat' dir='ltr'><strong>bonis</strong></span> <span class='ocrx_word' id='word_1_686' title='bbox 3117 4320 3419 4373; x_wconf 87' lang='lat' dir='ltr'><strong>instructus</strong></span> 
     </span>
    </p>
   </div>
   <div class='ocr_carea' id='block_1_90' title="bbox 1850 4411 3421 4481">
    <p class='ocr_par' dir='ltr' id='par_1_90' title="bbox 1850 4411 3421 4481">
     <span class='ocr_line' id='line_1_90' title="bbox 1850 4411 3421 4481; baseline 0 -15"><span class='ocrx_word' id='word_1_687' title='bbox 1850 4419 2018 4474; x_wconf 87' lang='lat' dir='ltr'><strong>esset,</strong></span> <span class='ocrx_word' id='word_1_688' title='bbox 2058 4419 2459 4481; x_wconf 88' lang='lat' dir='ltr'><strong>consequenter</strong></span> <span class='ocrx_word' id='word_1_689' title='bbox 2493 4412 2655 4467; x_wconf 79' lang='lat' dir='ltr'><strong>infert</strong></span> <span class='ocrx_word' id='word_1_690' title='bbox 2687 4432 2699 4467; x_wconf 91' lang='lat'><strong>:</strong></span> <span class='ocrx_word' id='word_1_691' title='bbox 2730 4411 2947 4481; x_wconf 66' lang='grc' dir='ltr'>Βρεναυί</span> <span class='ocrx_word' id='word_1_692' title='bbox 2980 4414 3033 4465; x_wconf 86' lang='lat' dir='ltr'><strong>in</strong></span> <span class='ocrx_word' id='word_1_693' title='bbox 3056 4411 3421 4466; x_wconf 78' lang='lat' dir='ltr'><strong>misericordia</strong></span> 
     </span>
    </p>
   </div>
   <div class='ocr_carea' id='block_1_91' title="bbox 1852 4491 2992 4558">
    <p class='ocr_par' dir='ltr' id='par_1_91' title="bbox 1852 4491 2992 4558">
     <span class='ocr_line' id='line_1_91' title="bbox 1852 4491 2992 4558; baseline 0.003 -3"><span class='ocrx_word' id='word_1_694' title='bbox 1852 4501 1948 4555; x_wconf 89' lang='lat' dir='ltr'><strong>Dei</strong></span> <span class='ocrx_word' id='word_1_695' title='bbox 1978 4503 2031 4555; x_wconf 88' lang='lat' dir='ltr'><strong>i-n</strong></span> <span class='ocrx_word' id='word_1_696' title='bbox 2063 4491 2315 4557; x_wconf 69' lang='lat' dir='ltr'><strong>aeternum</strong></span> <span class='ocrx_word' id='word_1_697' title='bbox 2343 4512 2391 4557; x_wconf 92' lang='lat' dir='ltr'><strong>et</strong></span> <span class='ocrx_word' id='word_1_698' title='bbox 2426 4503 2480 4556; x_wconf 87' lang='lat' dir='ltr'><strong>in</strong></span> <span class='ocrx_word' id='word_1_699' title='bbox 2507 4505 2758 4557; x_wconf 68' lang='lat' dir='ltr'><strong>sa&#39;culum</strong></span> <span class='ocrx_word' id='word_1_700' title='bbox 2783 4505 2992 4558; x_wconf 78' lang='lat' dir='ltr'><strong>sa&#39;culi.</strong></span> 
     </span>
    </p>
   </div>
   <div class='ocr_carea' id='block_1_92' title="bbox 193 4590 3421 4665">
    <p class='ocr_par' dir='ltr' id='par_1_92' title="bbox 193 4590 3421 4665">
     <span class='ocr_line' id='line_1_92' title="bbox 193 4590 3421 4665; baseline 0.001 -21"><span class='ocrx_word' id='word_1_701' title='bbox 193 4591 278 4663; x_wconf 72' lang='grc' dir='ltr'><strong>τὴν</strong></span> <span class='ocrx_word' id='word_1_702' title='bbox 312 4597 386 4657; x_wconf 90' lang='grc' dir='ltr'>εἰς</span> <span class='ocrx_word' id='word_1_703' title='bbox 445 4595 688 4657; x_wconf 77' lang='grc' dir='ltr'>ἅπαντας</span> <span class='ocrx_word' id='word_1_704' title='bbox 741 4593 1144 4665; x_wconf 89' lang='grc' dir='ltr'>φιλανθρωπίαν</span> <span class='ocrx_word' id='word_1_705' title='bbox 1172 4594 1264 4647; x_wconf 89' lang='grc' dir='ltr'><strong>τοῦ</strong></span> <span class='ocrx_word' id='word_1_706' title='bbox 1300 4593 1752 4665; x_wconf 87' lang='grc' dir='ltr'>παραδείγματος.</span> <span class='ocrx_word' id='word_1_707' title='bbox 1807 4594 1891 4657; x_wconf 82' lang='grc' dir='ltr'>Ὠς</span> <span class='ocrx_word' id='word_1_708' title='bbox 1924 4590 2015 4647; x_wconf 83' lang='grc' dir='ltr'><strong>οὖν</strong></span> <span class='ocrx_word' id='word_1_709' title='bbox 2044 4595 2315 4658; x_wconf 86' lang='grc' dir='ltr'>τοσούτοις</span> <span class='ocrx_word' id='word_1_710' title='bbox 2373 4594 2573 4665; x_wconf 84' lang='grc' dir='ltr'>βρίθων</span> <span class='ocrx_word' id='word_1_711' title='bbox 2632 4595 2876 4663; x_wconf 84' lang='grc' dir='ltr'>ἀγαθοῖς,</span> <span class='ocrx_word' id='word_1_712' title='bbox 2907 4593 3213 4658; x_wconf 85' lang='grc' dir='ltr'>ἀκολούθως</span> <span class='ocrx_word' id='word_1_713' title='bbox 3241 4593 3421 4648; x_wconf 84' lang='grc' dir='ltr'>ἐπιλέ-</span> 
     </span>
    </p>
   </div>
   <div class='ocr_carea' id='block_1_93' title="bbox 193 4685 2721 4754">
    <p class='ocr_par' dir='ltr' id='par_1_93' title="bbox 193 4685 2721 4754">
     <span class='ocr_line' id='line_1_93' title="bbox 193 4685 2721 4754; baseline 0.001 -17"><span class='ocrx_word' id='word_1_714' title='bbox 193 4702 287 4753; x_wconf 86' lang='grc' dir='ltr'>γει·</span> <span class='ocrx_word' id='word_1_715' title='bbox 313 4690 579 4742; x_wconf 72' lang='grc' dir='ltr'>Ἠλπισα</span> <span class='ocrx_word' id='word_1_716' title='bbox 600 4687 697 4741; x_wconf 76' lang='grc' dir='ltr'>ἐπὶ</span> <span class='ocrx_word' id='word_1_717' title='bbox 730 4687 795 4740; x_wconf 84' lang='grc' dir='ltr'>τὸ</span> <span class='ocrx_word' id='word_1_718' title='bbox 824 4686 994 4753; x_wconf 80' lang='grc' dir='ltr'>ἕλεος</span> <span class='ocrx_word' id='word_1_719' title='bbox 1016 4687 1122 4740; x_wconf 86' lang='grc' dir='ltr'><strong>τοῦ</strong></span> <span class='ocrx_word' id='word_1_720' title='bbox 1146 4685 1291 4740; x_wconf 85' lang='grc' dir='ltr'>Θεοῦ</span> <span class='ocrx_word' id='word_1_721' title='bbox 1319 4688 1404 4752; x_wconf 84' lang='grc' dir='ltr'><strong>είς</strong></span> <span class='ocrx_word' id='word_1_722' title='bbox 1432 4686 1538 4739; x_wconf 79' lang='grc' dir='ltr'><strong>τὸν</strong></span> <span class='ocrx_word' id='word_1_723' title='bbox 1558 4686 1741 4740; x_wconf 75' lang='grc' dir='ltr'>αἰῶνα</span> <span class='ocrx_word' id='word_1_724' title='bbox 1778 4688 1875 4741; x_wconf 82' lang='grc' dir='ltr'>καὶ</span> <span class='ocrx_word' id='word_1_725' title='bbox 1899 4691 1985 4754; x_wconf 86' lang='grc' dir='ltr'><strong>είς</strong></span> <span class='ocrx_word' id='word_1_726' title='bbox 2016 4688 2122 4741; x_wconf 80' lang='grc' dir='ltr'><strong>τὸν</strong></span> <span class='ocrx_word' id='word_1_727' title='bbox 2148 4688 2330 4741; x_wconf 77' lang='grc' dir='ltr'>αἰῶνα</span> <span class='ocrx_word' id='word_1_728' title='bbox 2361 4688 2466 4741; x_wconf 84' lang='grc' dir='ltr'><strong>τοῦ</strong></span> <span class='ocrx_word' id='word_1_729' title='bbox 2488 4686 2721 4752; x_wconf 68' lang='grc' dir='ltr'>αἰῶνος.</span> 
     </span>
    </p>
   </div>
   <div class='ocr_carea' id='block_1_94' title="bbox 256 4779 1743 4863">
    <p class='ocr_par' dir='ltr' id='par_1_94' title="bbox 256 4780 1743 4855">
     <span class='ocr_line' id='line_1_94' title="bbox 256 4780 1743 4855; baseline -0.001 -22"><span class='ocrx_word' id='word_1_730' title='bbox 256 4782 353 4835; x_wconf 86' lang='grc' dir='ltr'><strong>Τοῦ</strong></span> <span class='ocrx_word' id='word_1_731' title='bbox 382 4784 482 4853; x_wconf 85' lang='grc' dir='ltr'>μὲν</span> <span class='ocrx_word' id='word_1_732' title='bbox 502 4783 608 4855; x_wconf 84' lang='grc' dir='ltr'>γὰρ</span> <span class='ocrx_word' id='word_1_733' title='bbox 634 4784 691 4834; x_wconf 83' lang='grc' dir='ltr'><strong>ἐν</strong></span> <span class='ocrx_word' id='word_1_734' title='bbox 724 4782 891 4853; x_wconf 79' lang='grc' dir='ltr'>κακία</span> <span class='ocrx_word' id='word_1_735' title='bbox 939 4780 1165 4836; x_wconf 88' lang='grc' dir='ltr'>δυνατοῦ</span> <span class='ocrx_word' id='word_1_736' title='bbox 1188 4781 1248 4833; x_wconf 85' lang='grc' dir='ltr'>τὸ</span> <span class='ocrx_word' id='word_1_737' title='bbox 1273 4781 1425 4844; x_wconf 90' lang='grc' dir='ltr'>τέλος</span> <span class='ocrx_word' id='word_1_738' title='bbox 1459 4781 1743 4852; x_wconf 78' lang='grc' dir='ltr'>ἐκρίζωσιν</span> 
     </span>
    </p>
   </div>
   <div class='ocr_carea' id='block_1_95' title="bbox 1846 4779 3414 4863">
    <p class='ocr_par' dir='ltr' id='par_1_95' title="bbox 1924 4779 3414 4851">
     <span class='ocr_line' id='line_1_95' title="bbox 1924 4779 3414 4851; baseline -0.001 -16"><span class='ocrx_word' id='word_1_739' title='bbox 1924 4781 2055 4835; x_wconf 84' lang='lat' dir='ltr'><strong>Nam</strong></span> <span class='ocrx_word' id='word_1_740' title='bbox 2080 4783 2226 4836; x_wconf 87' lang='lat' dir='ltr'><strong>illius</strong></span> <span class='ocrx_word' id='word_1_741' title='bbox 2251 4782 2491 4851; x_wconf 91' lang='lat' dir='ltr'><strong>quidem,</strong></span> <span class='ocrx_word' id='word_1_742' title='bbox 2544 4780 2638 4850; x_wconf 91' lang='lat' dir='ltr'><strong>qui</strong></span> <span class='ocrx_word' id='word_1_743' title='bbox 2692 4787 2883 4848; x_wconf 88' lang='lat' dir='ltr'><strong>potens</strong></span> <span class='ocrx_word' id='word_1_744' title='bbox 2913 4787 2996 4835; x_wconf 86' lang='lat' dir='ltr'><strong>est</strong></span> <span class='ocrx_word' id='word_1_745' title='bbox 3027 4780 3079 4833; x_wconf 90' lang='lat' dir='ltr'><strong>in</strong></span> <span class='ocrx_word' id='word_1_746' title='bbox 3107 4779 3414 4848; x_wconf 88' lang='lat' dir='ltr'><strong>iniquitate,</strong></span> 
     </span>
    </p>
   </div>
   <div class='ocr_carea' id='block_1_96' title="bbox 194 4870 1745 4943">
    <p class='ocr_par' dir='ltr' id='par_1_96' title="bbox 194 4870 1745 4943">
     <span class='ocr_line' id='line_1_96' title="bbox 194 4870 1745 4943; baseline -0.001 -21"><span class='ocrx_word' id='word_1_747' title='bbox 194 4873 326 4943; x_wconf 77' lang='grc' dir='ltr'><strong>αὖτῷ</strong></span> <span class='ocrx_word' id='word_1_748' title='bbox 373 4875 469 4927; x_wconf 69' lang='grc' dir='ltr'><strong>καὶ</strong></span> <span class='ocrx_word' id='word_1_749' title='bbox 518 4872 819 4943; x_wconf 80' lang='grc' dir='ltr'>ἀφανισμὸν</span> <span class='ocrx_word' id='word_1_750' title='bbox 852 4871 1055 4943; x_wconf 76' lang='grc' dir='ltr'>ἐδήλου.</span> <span class='ocrx_word' id='word_1_751' title='bbox 1108 4871 1305 4942; x_wconf 82' lang='grc' dir='ltr'>Ἐχρῆν</span> <span class='ocrx_word' id='word_1_752' title='bbox 1358 4872 1462 4942; x_wconf 79' lang='grc' dir='ltr'>γὰρ</span> <span class='ocrx_word' id='word_1_753' title='bbox 1504 4870 1601 4941; x_wconf 86' lang='grc' dir='ltr'>τὴν</span> <span class='ocrx_word' id='word_1_754' title='bbox 1638 4870 1745 4922; x_wconf 89' lang='grc' dir='ltr'><strong>τῶν</strong></span> 
     </span>
    </p>
   </div>
   <div class='ocr_carea' id='block_1_97' title="bbox 127 4960 1745 5037">
    <p class='ocr_par' dir='ltr' id='par_1_97' title="bbox 127 4960 1745 5037">
     <span class='ocr_line' id='line_1_97' title="bbox 127 4960 1745 5037; baseline 0.002 -24"><span class='ocrx_word' id='word_1_755' title='bbox 127 4960 133 4967; x_wconf 85' lang='grc'><em>’</em></span> <span class='ocrx_word' id='word_1_756' title='bbox 195 4965 387 5035; x_wconf 81' lang='grc' dir='ltr'>πικρῶν</span> <span class='ocrx_word' id='word_1_757' title='bbox 416 4964 659 5037; x_wconf 81' lang='grc' dir='ltr'>οἰστίκὴν</span> <span class='ocrx_word' id='word_1_758' title='bbox 696 4963 848 5036; x_wconf 78' lang='grc' dir='ltr'>ῥίζαν</span> <span class='ocrx_word' id='word_1_759' title='bbox 878 4963 1105 5036; x_wconf 86' lang='grc' dir='ltr'>καρπῶν</span> <span class='ocrx_word' id='word_1_760' title='bbox 1152 4964 1288 5035; x_wconf 80' lang='grc' dir='ltr'>πρὸς</span> <span class='ocrx_word' id='word_1_761' title='bbox 1320 4962 1414 5016; x_wconf 91' lang='grc' dir='ltr'><strong>τοῦ</strong></span> <span class='ocrx_word' id='word_1_762' title='bbox 1456 4963 1563 5016; x_wconf 90' lang='grc' dir='ltr'><strong>τῶν</strong></span> <span class='ocrx_word' id='word_1_763' title='bbox 1609 4962 1745 5016; x_wconf 85' lang='grc' dir='ltr'>ὅλων</span> 
     </span>
    </p>
   </div>
   <div class='ocr_carea' id='block_1_98' title="bbox 197 5056 1745 5131">
    <p class='ocr_par' dir='ltr' id='par_1_98' title="bbox 197 5056 1745 5131">
     <span class='ocr_line' id='line_1_98' title="bbox 197 5056 1745 5131; baseline 0.003 -24"><span class='ocrx_word' id='word_1_764' title='bbox 197 5057 343 5124; x_wconf 75' lang='grc' dir='ltr'>σοφοῦ</span> <span class='ocrx_word' id='word_1_765' title='bbox 368 5056 615 5131; x_wconf 87' lang='grc' dir='ltr'>γεωργοῦ</span> <span class='ocrx_word' id='word_1_766' title='bbox 642 5057 1010 5127; x_wconf 85' lang='grc' dir='ltr'>ἀποκταλῆναι</span> <span class='ocrx_word' id='word_1_767' title='bbox 1028 5057 1122 5129; x_wconf 71' lang='grc' dir='ltr'>(ιι).</span> <span class='ocrx_word' id='word_1_768' title='bbox 1153 5058 1209 5111; x_wconf 91' lang='lat'><strong>&#39;0</strong></span> <span class='ocrx_word' id='word_1_769' title='bbox 1224 5057 1280 5109; x_wconf 85' lang='grc' dir='ltr'><strong>δὲ</strong></span> <span class='ocrx_word' id='word_1_770' title='bbox 1310 5056 1441 5108; x_wconf 75' lang='grc' dir='ltr'>ὡσεὶ</span> <span class='ocrx_word' id='word_1_771' title='bbox 1462 5056 1615 5111; x_wconf 79' lang='grc' dir='ltr'>ἐλαία</span> <span class='ocrx_word' id='word_1_772' title='bbox 1648 5072 1745 5111; x_wconf 85' lang='grc' dir='ltr'>κα-</span> 
     </span>
    </p>
   </div>
   <div class='ocr_carea' id='block_1_99' title="bbox 191 5148 1744 5223">
    <p class='ocr_par' dir='ltr' id='par_1_99' title="bbox 191 5148 1744 5223">
     <span class='ocr_line' id='line_1_99' title="bbox 191 5148 1744 5223; baseline -0.001 -21"><span class='ocrx_word' id='word_1_773' title='bbox 191 5152 457 5223; x_wconf 77' lang='grc' dir='ltr'>τάκαρπος</span> <span class='ocrx_word' id='word_1_774' title='bbox 484 5154 541 5205; x_wconf 85' lang='grc' dir='ltr'><strong>ἐν</strong></span> <span class='ocrx_word' id='word_1_775' title='bbox 571 5151 650 5222; x_wconf 86' lang='grc' dir='ltr'><strong>τῷ</strong></span> <span class='ocrx_word' id='word_1_776' title='bbox 672 5153 805 5222; x_wconf 82' lang='grc' dir='ltr'>οἴκῳ</span> <span class='ocrx_word' id='word_1_777' title='bbox 832 5150 924 5204; x_wconf 89' lang='grc' dir='ltr'><strong>τοῦ</strong></span> <span class='ocrx_word' id='word_1_778' title='bbox 952 5150 1109 5213; x_wconf 90' lang='grc' dir='ltr'>Θεοῦ,</span> <span class='ocrx_word' id='word_1_779' title='bbox 1135 5149 1360 5220; x_wconf 81' lang='grc' dir='ltr'>ήλπισεν</span> <span class='ocrx_word' id='word_1_780' title='bbox 1387 5149 1478 5201; x_wconf 72' lang='grc' dir='ltr'>ἐπὶ</span> <span class='ocrx_word' id='word_1_781' title='bbox 1509 5148 1571 5201; x_wconf 83' lang='grc' dir='ltr'><strong>τὸ</strong></span> <span class='ocrx_word' id='word_1_782' title='bbox 1598 5148 1744 5213; x_wconf 74' lang='grc' dir='ltr'>ἕλεος</span> 
     </span>
    </p>
   </div>
   <div class='ocr_carea' id='block_1_100' title="bbox 192 5238 1742 5307">
    <p class='ocr_par' dir='ltr' id='par_1_100' title="bbox 192 5238 1742 5307">
     <span class='ocr_line' id='line_1_100' title="bbox 192 5238 1742 5307; baseline 0 -14"><span class='ocrx_word' id='word_1_783' title='bbox 192 5241 276 5294; x_wconf 82' lang='grc' dir='ltr'><strong>τοῦ</strong></span> <span class='ocrx_word' id='word_1_784' title='bbox 299 5243 429 5297; x_wconf 88' lang='grc' dir='ltr'>Θεοῦ</span> <span class='ocrx_word' id='word_1_785' title='bbox 463 5246 543 5307; x_wconf 85' lang='grc' dir='ltr'><strong>είς</strong></span> <span class='ocrx_word' id='word_1_786' title='bbox 564 5243 652 5296; x_wconf 80' lang='grc' dir='ltr'><strong>τὸν</strong></span> <span class='ocrx_word' id='word_1_787' title='bbox 685 5242 855 5296; x_wconf 84' lang='grc' dir='ltr'>αἰῶνα</span> <span class='ocrx_word' id='word_1_788' title='bbox 881 5241 973 5295; x_wconf 77' lang='grc' dir='ltr'><strong>καὶ</strong></span> <span class='ocrx_word' id='word_1_789' title='bbox 999 5242 1079 5303; x_wconf 88' lang='grc' dir='ltr'>εἰς</span> <span class='ocrx_word' id='word_1_790' title='bbox 1107 5241 1196 5294; x_wconf 83' lang='grc' dir='ltr'><strong>τὸν</strong></span> <span class='ocrx_word' id='word_1_791' title='bbox 1218 5239 1386 5293; x_wconf 82' lang='grc' dir='ltr'>αἰῶνα</span> <span class='ocrx_word' id='word_1_792' title='bbox 1404 5238 1496 5292; x_wconf 83' lang='grc' dir='ltr'><strong>τοῦ</strong></span> <span class='ocrx_word' id='word_1_793' title='bbox 1529 5239 1742 5303; x_wconf 84' lang='grc' dir='ltr'>αἰῶνος,</span> 
     </span>
    </p>
   </div>
   <div class='ocr_carea' id='block_1_101' title="bbox 192 5330 1745 5405">
    <p class='ocr_par' dir='ltr' id='par_1_101' title="bbox 192 5330 1745 5405">
     <span class='ocr_line' id='line_1_101' title="bbox 192 5330 1745 5405; baseline 0.006 -19"><span class='ocrx_word' id='word_1_794' title='bbox 192 5334 474 5389; x_wconf 77' lang='grc' dir='ltr'>αθανασίαν</span> <span class='ocrx_word' id='word_1_795' title='bbox 516 5334 613 5388; x_wconf 72' lang='grc' dir='ltr'><strong>καὶ</strong></span> <span class='ocrx_word' id='word_1_796' title='bbox 641 5333 784 5405; x_wconf 81' lang='grc' dir='ltr'>ζωὴν</span> <span class='ocrx_word' id='word_1_797' title='bbox 827 5334 1041 5386; x_wconf 85' lang='grc' dir='ltr'>αίώνιον</span> <span class='ocrx_word' id='word_1_798' title='bbox 1101 5330 1451 5402; x_wconf 79' lang='grc' dir='ltr'>ποριζόμενος</span> <span class='ocrx_word' id='word_1_799' title='bbox 1485 5330 1593 5383; x_wconf 70' lang='grc' dir='ltr'><strong>ἀπὸ</strong></span> <span class='ocrx_word' id='word_1_800' title='bbox 1645 5330 1745 5400; x_wconf 77' lang='grc' dir='ltr'><strong>τῆς</strong></span> 
     </span>
    </p>
   </div>
   <div class='ocr_carea' id='block_1_102' title="bbox 193 5420 1744 5497">
    <p class='ocr_par' dir='ltr' id='par_1_102' title="bbox 193 5420 1744 5497">
     <span class='ocr_line' id='line_1_102' title="bbox 193 5420 1744 5497; baseline -0.001 -20"><span class='ocrx_word' id='word_1_801' title='bbox 193 5425 390 5497; x_wconf 79' lang='grc' dir='ltr'>ἀγαθῆς</span> <span class='ocrx_word' id='word_1_802' title='bbox 436 5425 648 5489; x_wconf 84' lang='grc' dir='ltr'>ἐλπίδος</span> <span class='ocrx_word' id='word_1_803' title='bbox 672 5464 687 5489; x_wconf 92' lang='grc'><strong>,</strong></span> <span class='ocrx_word' id='word_1_804' title='bbox 744 5420 812 5497; x_wconf 80' lang='grc' dir='ltr'>ἦς</span> <span class='ocrx_word' id='word_1_805' title='bbox 871 5422 1067 5477; x_wconf 75' lang='grc' dir='ltr'>οὔποτε</span> <span class='ocrx_word' id='word_1_806' title='bbox 1110 5424 1439 5475; x_wconf 72' lang='grc' dir='ltr'>ἐκπεσεῖταιο</span> <span class='ocrx_word' id='word_1_807' title='bbox 1513 5422 1580 5477; x_wconf 84' lang='grc' dir='ltr'><strong>Ἦ</strong></span> <span class='ocrx_word' id='word_1_808' title='bbox 1634 5423 1744 5494; x_wconf 82' lang='grc' dir='ltr'>γὰρ</span> 
     </span>
    </p>
   </div>
   <div class='ocr_carea' id='block_1_103' title="bbox 192 5508 1741 5585">
    <p class='ocr_par' dir='ltr' id='par_1_103' title="bbox 192 5508 1741 5585">
     <span class='ocr_line' id='line_1_103' title="bbox 192 5508 1741 5585; baseline -0.001 -17"><span class='ocrx_word' id='word_1_809' title='bbox 192 5514 377 5585; x_wconf 73' lang='grc' dir='ltr'>ἐῖιπίς,</span> <span class='ocrx_word' id='word_1_810' title='bbox 415 5519 555 5573; x_wconf 86' lang='grc' dir='ltr'><strong>κατά</strong></span> <span class='ocrx_word' id='word_1_811' title='bbox 588 5518 679 5571; x_wconf 77' lang='grc' dir='ltr'><strong>τὸν</strong></span> <span class='ocrx_word' id='word_1_812' title='bbox 724 5516 1063 5577; x_wconf 82' lang='grc' dir='ltr'>Ἀπόστολον,</span> <span class='ocrx_word' id='word_1_813' title='bbox 1092 5517 1163 5568; x_wconf 87' lang='grc' dir='ltr'>οὐ</span> <span class='ocrx_word' id='word_1_814' title='bbox 1203 5514 1605 5582; x_wconf 76' lang='grc' dir='ltr'>καταισχύνει.</span> <span class='ocrx_word' id='word_1_815' title='bbox 1628 5508 1741 5566; x_wconf 78' lang='grc' dir='ltr'><strong>Εἶθ’</strong></span> 
     </span>
    </p>
   </div>
   <div class='ocr_carea' id='block_1_104' title="bbox 192 5606 1740 5683">
    <p class='ocr_par' dir='ltr' id='par_1_104' title="bbox 192 5606 1740 5683">
     <span class='ocr_line' id='line_1_104' title="bbox 192 5606 1740 5683; baseline -0.001 -23"><span class='ocrx_word' id='word_1_816' title='bbox 192 5607 262 5673; x_wconf 84' lang='grc' dir='ltr'>ὡς</span> <span class='ocrx_word' id='word_1_817' title='bbox 280 5611 363 5663; x_wconf 81' lang='grc' dir='ltr'>ἐπ’</span> <span class='ocrx_word' id='word_1_818' title='bbox 388 5611 610 5681; x_wconf 79' lang='grc' dir='ltr'>ἀγαθοῖς</span> <span class='ocrx_word' id='word_1_819' title='bbox 642 5613 893 5683; x_wconf 73' lang='grc' dir='ltr'>καρποῖς,</span> <span class='ocrx_word' id='word_1_820' title='bbox 929 5608 1135 5677; x_wconf 74' lang='grc' dir='ltr'>ἀγαθὰς</span> <span class='ocrx_word' id='word_1_821' title='bbox 1155 5606 1372 5669; x_wconf 82' lang='grc' dir='ltr'>ἐλπίδας</span> <span class='ocrx_word' id='word_1_822' title='bbox 1405 5606 1581 5677; x_wconf 84' lang='grc' dir='ltr'>ἐαυτῷ</span> <span class='ocrx_word' id='word_1_823' title='bbox 1608 5606 1740 5659; x_wconf 86' lang='grc' dir='ltr'>ὑπο-</span> 
     </span>
    </p>
   </div>
   <div class='ocr_carea' id='block_1_105' title="bbox 259 5728 1175 5792">
    <p class='ocr_par' dir='ltr' id='par_1_105' title="bbox 259 5728 1175 5792">
     <span class='ocr_line' id='line_1_105' title="bbox 259 5728 1175 5792; baseline -0.003 -8"><span class='ocrx_word' id='word_1_824' title='bbox 259 5731 302 5761; x_wconf 81' lang='lat'>“</span> <span class='ocrx_word' id='word_1_825' title='bbox 337 5730 513 5787; x_wconf 84' lang='lat' dir='ltr'><strong>Eccle.</strong></span> <span class='ocrx_word' id='word_1_826' title='bbox 549 5748 600 5792; x_wconf 85' lang='grc' dir='ltr'><strong>ι,</strong></span> <span class='ocrx_word' id='word_1_827' title='bbox 630 5731 684 5784; x_wconf 72' lang='grc'>2.</span> <span class='ocrx_word' id='word_1_828' title='bbox 761 5731 804 5762; x_wconf 81' lang='grc'><strong>⁶⁹</strong></span> <span class='ocrx_word' id='word_1_829' title='bbox 843 5730 999 5784; x_wconf 78' lang='lat' dir='ltr'><strong>Rom.</strong></span> <span class='ocrx_word' id='word_1_830' title='bbox 1035 5744 1091 5791; x_wconf 90' lang='lat' dir='ltr'><strong>v,</strong></span> <span class='ocrx_word' id='word_1_831' title='bbox 1122 5728 1175 5781; x_wconf 81' lang='lat'><strong>5.</strong></span> 
     </span>
    </p>
   </div>
   <div class='ocr_carea' id='block_1_106' title="bbox 256 5816 1633 5892">
    <p class='ocr_par' dir='ltr' id='par_1_106' title="bbox 256 5816 1633 5892">
     <span class='ocr_line' id='line_1_106' title="bbox 256 5816 1633 5892; baseline -0.004 -17"><span class='ocrx_word' id='word_1_832' title='bbox 256 5821 332 5888; x_wconf 80' lang='grc' dir='ltr'><strong>(Ι)</strong></span> <span class='ocrx_word' id='word_1_833' title='bbox 376 5821 820 5892; x_wconf 67' lang='grc' dir='ltr'>Ἀποκταλῆναι.</span> <span class='ocrx_word' id='word_1_834' title='bbox 868 5822 1017 5877; x_wconf 73' lang='lat' dir='ltr'><strong>Anne</strong></span> <span class='ocrx_word' id='word_1_835' title='bbox 1050 5817 1453 5888; x_wconf 73' lang='grc' dir='ltr'>ἀποκταθῆναιῖ</span> <span class='ocrx_word' id='word_1_836' title='bbox 1477 5816 1633 5872; x_wconf 77' lang='lat' dir='ltr'><strong>Eon.</strong></span> 
     </span>
    </p>
   </div>
   <div class='ocr_carea' id='block_1_107' title="bbox 1858 4871 3418 4947">
    <p class='ocr_par' dir='ltr' id='par_1_107' title="bbox 1858 4871 3418 4947">
     <span class='ocr_line' id='line_1_107' title="bbox 1858 4871 3418 4947; baseline -0.003 -17"><span class='ocrx_word' id='word_1_837' title='bbox 1858 4876 2013 4930; x_wconf 86' lang='lat' dir='ltr'><strong>finem</strong></span> <span class='ocrx_word' id='word_1_838' title='bbox 2037 4876 2377 4947; x_wconf 63' lang='lat' dir='ltr'><strong>signiﬁcabat</strong></span> <span class='ocrx_word' id='word_1_839' title='bbox 2409 4889 2531 4928; x_wconf 88' lang='lat' dir='ltr'><strong>esse</strong></span> <span class='ocrx_word' id='word_1_840' title='bbox 2559 4871 2980 4927; x_wconf 82' lang='lat' dir='ltr'><strong>eradicationem</strong></span> <span class='ocrx_word' id='word_1_841' title='bbox 3010 4879 3063 4925; x_wconf 89' lang='lat' dir='ltr'><strong>et</strong></span> <span class='ocrx_word' id='word_1_842' title='bbox 3089 4872 3418 4927; x_wconf 87' lang='lat' dir='ltr'><strong>destructio-</strong></span> 
     </span>
    </p>
   </div>
   <div class='ocr_carea' id='block_1_108' title="bbox 1853 4964 3413 5033">
    <p class='ocr_par' dir='ltr' id='par_1_108' title="bbox 1853 4964 3413 5033">
     <span class='ocr_line' id='line_1_108' title="bbox 1853 4964 3413 5033; baseline -0.004 -10"><span class='ocrx_word' id='word_1_843' title='bbox 1853 4984 2013 5033; x_wconf 88' lang='lat' dir='ltr'><strong>nem;</strong></span> <span class='ocrx_word' id='word_1_844' title='bbox 2060 4967 2295 5021; x_wconf 86' lang='lat' dir='ltr'><strong>radicem</strong></span> <span class='ocrx_word' id='word_1_845' title='bbox 2330 4966 2472 5019; x_wconf 85' lang='lat' dir='ltr'><strong>enim</strong></span> <span class='ocrx_word' id='word_1_846' title='bbox 2510 4980 2818 5019; x_wconf 85' lang='lat' dir='ltr'><strong>atnarorum</strong></span> <span class='ocrx_word' id='word_1_847' title='bbox 2854 4964 3125 5018; x_wconf 89' lang='lat' dir='ltr'><strong>fructuum</strong></span> <span class='ocrx_word' id='word_1_848' title='bbox 3159 4964 3413 5030; x_wconf 83' lang='lat' dir='ltr'><strong>feracem,</strong></span> 
     </span>
    </p>
   </div>
   <div class='ocr_carea' id='block_1_109' title="bbox 1853 5052 3411 5128">
    <p class='ocr_par' dir='ltr' id='par_1_109' title="bbox 1853 5052 3411 5128">
     <span class='ocr_line' id='line_1_109' title="bbox 1853 5052 3411 5128; baseline -0.002 -16"><span class='ocrx_word' id='word_1_849' title='bbox 1853 5061 2159 5128; x_wconf 83' lang='lat' dir='ltr'><strong>asapiente</strong></span> <span class='ocrx_word' id='word_1_850' title='bbox 2215 5057 2460 5111; x_wconf 91' lang='lat' dir='ltr'><strong>omnium</strong></span> <span class='ocrx_word' id='word_1_851' title='bbox 2518 5056 2755 5127; x_wconf 81' lang='lat' dir='ltr'><strong>agricola</strong></span> <span class='ocrx_word' id='word_1_852' title='bbox 2810 5052 3079 5109; x_wconf 89' lang='lat' dir='ltr'><strong>eradicari</strong></span> <span class='ocrx_word' id='word_1_853' title='bbox 3111 5056 3411 5123; x_wconf 83' lang='lat' dir='ltr'><strong>oportebat.</strong></span> 
     </span>
    </p>
   </div>
   <div class='ocr_carea' id='block_1_110' title="bbox 1852 5146 3416 5222">
    <p class='ocr_par' dir='ltr' id='par_1_110' title="bbox 1852 5146 3416 5222">
     <span class='ocr_line' id='line_1_110' title="bbox 1852 5146 3416 5222; baseline -0.003 -16"><span class='ocrx_word' id='word_1_854' title='bbox 1852 5152 1955 5219; x_wconf 87' lang='lat' dir='ltr'><strong>Qui</strong></span> <span class='ocrx_word' id='word_1_855' title='bbox 1990 5168 2119 5222; x_wconf 78' lang='lat' dir='ltr'><strong>yero</strong></span> <span class='ocrx_word' id='word_1_856' title='bbox 2144 5153 2285 5208; x_wconf 88' lang='lat' dir='ltr'><strong>sicut</strong></span> <span class='ocrx_word' id='word_1_857' title='bbox 2311 5151 2453 5205; x_wconf 90' lang='lat' dir='ltr'><strong>oliva</strong></span> <span class='ocrx_word' id='word_1_858' title='bbox 2484 5149 2763 5205; x_wconf 79' lang='lat' dir='ltr'><strong>fructifera</strong></span> <span class='ocrx_word' id='word_1_859' title='bbox 2796 5148 2850 5203; x_wconf 90' lang='lat' dir='ltr'><strong>iu</strong></span> <span class='ocrx_word' id='word_1_860' title='bbox 2882 5147 3044 5204; x_wconf 90' lang='lat' dir='ltr'><strong>domo</strong></span> <span class='ocrx_word' id='word_1_861' title='bbox 3079 5146 3194 5211; x_wconf 83' lang='lat' dir='ltr'><strong>Dei,</strong></span> <span class='ocrx_word' id='word_1_862' title='bbox 3225 5164 3416 5217; x_wconf 81' lang='lat' dir='ltr'><strong>spera-</strong></span> 
     </span>
    </p>
   </div>
   <div class='ocr_carea' id='block_1_111' title="bbox 1848 5240 3411 5299">
    <p class='ocr_par' dir='ltr' id='par_1_111' title="bbox 1848 5240 3411 5299">
     <span class='ocr_line' id='line_1_111' title="bbox 1848 5240 3411 5299; baseline -0.004 -2"><span class='ocrx_word' id='word_1_863' title='bbox 1848 5245 1925 5298; x_wconf 85' lang='lat' dir='ltr'><strong>vit</strong></span> <span class='ocrx_word' id='word_1_864' title='bbox 1951 5245 2004 5297; x_wconf 92' lang='lat' dir='ltr'><strong>in</strong></span> <span class='ocrx_word' id='word_1_865' title='bbox 2040 5242 2412 5299; x_wconf 89' lang='lat' dir='ltr'><strong>misericordia</strong></span> <span class='ocrx_word' id='word_1_866' title='bbox 2449 5242 2543 5297; x_wconf 86' lang='lat' dir='ltr'><strong>Dei</strong></span> <span class='ocrx_word' id='word_1_867' title='bbox 2595 5243 2648 5296; x_wconf 90' lang='lat' dir='ltr'><strong>in</strong></span> <span class='ocrx_word' id='word_1_868' title='bbox 2700 5251 2961 5296; x_wconf 67' lang='lat' dir='ltr'><strong>azternum</strong></span> <span class='ocrx_word' id='word_1_869' title='bbox 2988 5248 3039 5295; x_wconf 91' lang='lat' dir='ltr'><strong>et</strong></span> <span class='ocrx_word' id='word_1_870' title='bbox 3070 5240 3121 5292; x_wconf 89' lang='lat' dir='ltr'><strong>in</strong></span> <span class='ocrx_word' id='word_1_871' title='bbox 3156 5242 3411 5294; x_wconf 65' lang='lat' dir='ltr'><strong>saeculum</strong></span> 
     </span>
    </p>
   </div>
   <div class='ocr_carea' id='block_1_112' title="bbox 1851 5330 3414 5401">
    <p class='ocr_par' dir='ltr' id='par_1_112' title="bbox 1851 5330 3414 5401">
     <span class='ocr_line' id='line_1_112' title="bbox 1851 5330 3414 5401; baseline -0.005 -10"><span class='ocrx_word' id='word_1_872' title='bbox 1851 5337 2054 5401; x_wconf 66' lang='lat' dir='ltr'><strong>saeculi,</strong></span> <span class='ocrx_word' id='word_1_873' title='bbox 2080 5335 2541 5390; x_wconf 88' lang='lat' dir='ltr'><strong>immortalitatem</strong></span> <span class='ocrx_word' id='word_1_874' title='bbox 2588 5343 2642 5389; x_wconf 89' lang='lat' dir='ltr'><strong>et</strong></span> <span class='ocrx_word' id='word_1_875' title='bbox 2677 5335 2843 5389; x_wconf 86' lang='lat' dir='ltr'><strong>vitam</strong></span> <span class='ocrx_word' id='word_1_876' title='bbox 2863 5342 3121 5388; x_wconf 64' lang='lat' dir='ltr'><strong>aeternam</strong></span> <span class='ocrx_word' id='word_1_877' title='bbox 3151 5332 3316 5386; x_wconf 90' lang='lat' dir='ltr'><strong>refert</strong></span> <span class='ocrx_word' id='word_1_878' title='bbox 3343 5330 3414 5383; x_wconf 89' lang='lat' dir='ltr'><strong>ob</strong></span> 
     </span>
    </p>
   </div>
   <div class='ocr_carea' id='block_1_113' title="bbox 1849 5427 3413 5499">
    <p class='ocr_par' dir='ltr' id='par_1_113' title="bbox 1849 5427 3413 5499">
     <span class='ocr_line' id='line_1_113' title="bbox 1849 5427 3413 5499; baseline -0.006 -15"><span class='ocrx_word' id='word_1_879' title='bbox 1849 5430 2047 5484; x_wconf 88' lang='lat' dir='ltr'><strong>bonam</strong></span> <span class='ocrx_word' id='word_1_880' title='bbox 2081 5443 2254 5497; x_wconf 89' lang='lat' dir='ltr'><strong>spem,</strong></span> <span class='ocrx_word' id='word_1_881' title='bbox 2288 5443 2395 5499; x_wconf 90' lang='lat' dir='ltr'><strong>qua</strong></span> <span class='ocrx_word' id='word_1_882' title='bbox 2431 5442 2708 5497; x_wconf 87' lang='lat' dir='ltr'><strong>nunquam</strong></span> <span class='ocrx_word' id='word_1_883' title='bbox 2741 5427 2992 5491; x_wconf 80' lang='lat' dir='ltr'><strong>excidet;</strong></span> <span class='ocrx_word' id='word_1_884' title='bbox 3024 5440 3149 5478; x_wconf 87' lang='lat' dir='ltr'><strong>nam</strong></span> <span class='ocrx_word' id='word_1_885' title='bbox 3171 5464 3184 5485; x_wconf 92' lang='lat'><strong>,</strong></span> <span class='ocrx_word' id='word_1_886' title='bbox 3217 5437 3413 5476; x_wconf 81' lang='lat' dir='ltr'><strong>secun-</strong></span> 
     </span>
    </p>
   </div>
   <div class='ocr_carea' id='block_1_114' title="bbox 1847 5512 3410 5591">
    <p class='ocr_par' dir='ltr' id='par_1_114' title="bbox 1847 5512 3410 5591">
     <span class='ocr_line' id='line_1_114' title="bbox 1847 5512 3410 5591; baseline -0.007 -17"><span class='ocrx_word' id='word_1_887' title='bbox 1847 5519 1978 5574; x_wconf 92' lang='lat' dir='ltr'><strong>dum</strong></span> <span class='ocrx_word' id='word_1_888' title='bbox 2010 5519 2352 5589; x_wconf 86' lang='lat' dir='ltr'><strong>Apostolum,</strong></span> <span class='ocrx_word' id='word_1_889' title='bbox 2410 5536 2524 5591; x_wconf 83' lang='lat' dir='ltr'><strong>spes</strong></span> <span class='ocrx_word' id='word_1_890' title='bbox 2567 5537 2671 5573; x_wconf 81' lang='lat' dir='ltr'><strong>non</strong></span> <span class='ocrx_word' id='word_1_891' title='bbox 2725 5516 2997 5585; x_wconf 78' lang='lat' dir='ltr'><strong>confundit</strong></span> <span class='ocrx_word' id='word_1_892' title='bbox 3055 5515 3140 5574; x_wconf 79' lang='lat'><strong>&quot;:</strong></span> <span class='ocrx_word' id='word_1_893' title='bbox 3193 5512 3410 5571; x_wconf 85' lang='lat' dir='ltr'><strong>deinde.</strong></span> 
     </span>
    </p>
   </div>
   <div class='ocr_carea' id='block_1_115' title="bbox 1852 5608 3414 5681">
    <p class='ocr_par' dir='ltr' id='par_1_115' title="bbox 1852 5608 3414 5681">
     <span class='ocr_line' id='line_1_115' title="bbox 1852 5608 3414 5681; baseline -0.007 -16"><span class='ocrx_word' id='word_1_894' title='bbox 1852 5619 2037 5681; x_wconf 84' lang='lat' dir='ltr'><strong>utpote</strong></span> <span class='ocrx_word' id='word_1_895' title='bbox 2070 5611 2139 5667; x_wconf 86' lang='lat' dir='ltr'><strong>de</strong></span> <span class='ocrx_word' id='word_1_896' title='bbox 2166 5612 2325 5668; x_wconf 88' lang='lat' dir='ltr'><strong>bonis</strong></span> <span class='ocrx_word' id='word_1_897' title='bbox 2363 5610 2652 5677; x_wconf 87' lang='lat' dir='ltr'><strong>fructibus,</strong></span> <span class='ocrx_word' id='word_1_898' title='bbox 2705 5611 2902 5666; x_wconf 88' lang='lat' dir='ltr'><strong>bonam</strong></span> <span class='ocrx_word' id='word_1_899' title='bbox 2950 5608 3052 5662; x_wconf 89' lang='lat' dir='ltr'><strong>sibi</strong></span> <span class='ocrx_word' id='word_1_900' title='bbox 3087 5620 3236 5676; x_wconf 73' lang='lat' dir='ltr'><strong>spem</strong></span> <span class='ocrx_word' id='word_1_901' title='bbox 3276 5620 3414 5656; x_wconf 85' lang='lat' dir='ltr'><strong>cou-</strong></span> 
     </span>
    </p>
   </div>
   <div class='ocr_carea' id='block_1_116' title="bbox 2088 5826 2673 5885">
    <p class='ocr_par' dir='ltr' id='par_1_116' title="bbox 2088 5826 2673 5885">
     <span class='ocr_line' id='line_1_116' title="bbox 2088 5826 2673 5885; baseline -0.007 -10"><span class='ocrx_word' id='word_1_902' title='bbox 2088 5852 2105 5875; x_wconf 66' lang='lat'><strong>.-</strong></span> <span class='ocrx_word' id='word_1_903' title='bbox 2550 5826 2673 5871; x_wconf 57' lang='grc' dir='ltr'><strong>δι,</strong></span> 
     </span>
    </p>
   </div>
  </div>
