4010 6522
551 336 648 392 431
1204 325 1472 384 EUSEBII
1509 317 1981 380 CESARIENSIS
2027 315 2176 373 OPP.
2222 313 2404 371 PARS
2462 312 2554 369 lll.
2595 342 2663 353 --
2701 306 3106 366 EXEGETICA.
3669 298 3789 362 453

552 456 800 526 signans,
833 462 1029 507 norum
1074 459 1294 503 causam
1328 445 1593 500 bonorum
1626 442 1869 494 omnium
1903 437 2111 494 submi-

2229 435 2615 503 τυπωσάμενος,
2661 429 2759 500 τὴν
2816 428 2996 483 αἰτίαν
3049 425 3268 490 ἐξάπτει
3298 422 3377 494 τῷ
3418 422 3635 475 πάντων
3671 420 3787 474 τῶν

555 512 837 596 nistratori
881 536 1103 593 ascribit
1132 535 1320 589 dicens
1352 553 1367 588 :
1404 530 1710 601 Conﬁtebor
1741 528 1835 583 tibi
1863 530 1917 582 in
1943 544 2113 582 siccu-

2229 521 2430 590 ὶγαθῶν
2466 518 2683 590 χορηγῷ
2715 518 2908 585 λέγων·
2964 512 3509 585 Ἐξομόλογήσομαί
3566 528 3663 566 σοι
3694 514 3789 576 εις

559 632 689 693 lum,
718 630 843 699 quia
875 625 1063 696 fecisti.
1094 622 1278 693 Neque
1299 621 1440 676 enim
1470 635 1595 690 ego;
1622 619 1819 689 inquit,
1857 632 1943 672 me
1973 616 2116 672 sicut

559 716 1108 778 olivam-fructiferam
1138 713 1439 783 composui,
1470 711 1567 767 sed
1588 719 1646 764 tu
1676 708 1850 764 fecisti
1893 725 1905 760 :
1936 707 2033 762 abs
2063 715 2116 760 te

560 814 703 871 enim
727 810 900 882 gratia
925 827 940 877 ;
965 823 1131 879 quare
1168 820 1445 877 nunquam
1478 805 1635 857 linem
1658 802 1851 855 faciam
1878 799 1976 854 tibi
1995 814 2117 869 gra-

558 906 665 961 tias
695 903 928 960 habendi
986 916 1050 956 ac
1091 899 1384 956 conﬁtendi
1420 915 1434 950 :
1480 896 1571 952 sed
1629 903 1916 965 postquam
1950 892 2117 947 semel

560 997 773 1069 speravi
797 997 851 1051 in
871 993 1247 1049 misericordia
1288 991 1403 1057 Dei,
1432 988 1737 1056 exspectabo
1766 1003 1949 1043 nomen
1980 986 2113 1055 ejus.

558 1089 694 1144 Nam
724 1103 849 1143 cum
874 1087 1017 1143 bona
1042 1100 1167 1157 spes
1208 1084 1405 1147 subsit,
1444 1082 1705 1153 patientia
1755 1079 1913 1135 nobis
1956 1093 2114 1149 opus.

559 1180 900 1251 Quapropter
927 1177 1233 1247 exspectabo
1285 1191 1469 1229 nomen
1524 1182 1693 1235 tuum,
1744 1172 1840 1235 ait,
1870 1172 2116 1243 quoniam

559 1274 751 1327 bonum
766 1280 843 1327 est
870 1274 927 1327 in
955 1281 1227 1340 conspectu
1250 1277 1553 1324 sanctorum
1602 1276 1853 1327 tuorum;
1885 1263 1998 1319 sive
2026 1278 2117 1318 se-

561 1365 801 1421 cundum
842 1362 1253 1435 Symmachum,
1288 1361 1551 1427 Quoniam
1574 1358 1762 1410 bonum
1805 1364 1882 1410 est
1934 1371 2121 1409 nomen

564 1455 789 1526 tuumjn
805 1463 1079 1523 conspectu
1092 1462 1392 1506 sanctorum
1417 1460 1644 1501 tuorum.
1668 1447 1882 1502 Gnarus
1937 1446 2121 1514 itaque

565 1546 742 1617 ipsum
768 1545 972 1601 bonum
1013 1558 1136 1598 esse
1180 1550 1233 1597 et
1258 1541 1524 1596 bonorum
1544 1545 1840 1600 auctorem,
1882 1550 1990 1589 non
2024 1550 2121 1605 p0-

560 1637 802 1693 tentibus
839 1636 896 1690 in
926 1635 1153 1696 malitia,
1204 1648 1312 1687 non
1361 1630 1589 1700 abjectis
1642 1626 1975 1691 hominibus,
2028 1625 2123 1680 sed

560 1730 807 1796 sanctis;
846 1728 969 1799 jure
1006 1725 1311 1796 exspectabo
1355 1740 1541 1777 nomen
1598 1730 1774 1785 tuum,
1832 1720 1971 1775 bona
2029 1735 2125 1789 spe

2203 615 2319 668 τὸν
2349 612 2553 674 αἰῶνα,
2591 611 2681 664 ὅτι
2741 611 3053 677 ἐποίησας.
3110 609 3183 661 Οὐ
3242 606 3350 677 γὰρ
3408 604 3541 673 ἐγὼ,
3595 605 3786 675 φησὶν,

2215 708 2444 778 ἐποίησα
2478 706 2710 775 ἐμαυτὸν
2741 704 2871 756 ὡσεὶ
2903 703 3085 755 ἐλαίαν
3121 700 3492 770 κατάκαρπον,
3548 698 3687 752 ἀλλά
3717 696 3790 752 σὺ

2215 798 2491 869 ἐποίησας·
2521 794 2670 867 παρά
2707 794 2800 848 σοῦ
2822 794 2929 864 γὰρ
2953 795 2987 863 ὴ
3019 793 3194 863 χάρις·
3228 790 3306 844 διὸ
3358 790 3615 842 οὐδέποτε
3640 789 3789 841 παύ-

2217 890 2377 961 σομαί
2401 906 2485 941 σοι
2518 887 2613 958 τὴν
2642 886 2798 958 χάριν
2828 884 2999 947 εἰδὼς,
3028 884 3118 937 καί
3166 900 3246 935 σοι
3271 881 3786 952 ἐξομολογούμενος·

2216 982 2362 1048 am:
2390 983 2447 1035 δὲ
2470 981 2693 1043 ἐλπίσας
2716 978 2807 1031 ἐπὶ
2836 976 2896 1030 τὸ
2924 976 3070 1038 ἕλεος
3089 966 3184 1026 τοῦ
3209 971 3365 1036 Θεοῦ,
3401 968 3681 1040 ὑπομενῶ
3720 967 3791 1022 τὸ

2216 1076 2402 1145 ὄνομα
2433 1072 2637 1127 αὐτοῦ.
2656 1071 2768 1141 Τῆς
2791 1068 2899 1141 γὰρ
2924 1066 3133 1137 ἀγαθῆς
3161 1064 3371 1128 ἐλπίδος
3395 1063 3790 1133 ὑποκειμένης,

2216 1168 2489 1240 ὑπομονῆς
2518 1167 2649 1237 ἡμῖν
2682 1163 2856 1235 χρεία.
2882 1160 2975 1217 Διὸ
2997 1156 3273 1228 ὑπομενῶ
3312 1158 3380 1210 τὸ
3426 1154 3613 1226 ὄνομά
3646 1171 3790 1217 σου,

2217 1262 2399 1332 φησιν,
2418 1258 2506 1311 ὅτι
2534 1256 2800 1326 χρηστόν
2817 1254 2985 1306 ἐστιν
3003 1250 3278 1303 ἐναντίον
3296 1246 3415 1300 τῶν
3444 1249 3631 1301 ὁσίων
3648 1252 3795 1300 σουί

2216 1353 2249 1423 ἢ
2280 1351 2419 1405 κατὰ
2442 1350 2531 1402 τὸν
2564 1346 2876 1417 Σύμμαχον,
2905 1344 3025 1394 Ὅτι
3059 1339 3283 1410 ἀγαθὸν
3310 1339 3375 1392 τὸ
3428 1337 3617 1407 ὄνομά
3669 1354 3792 1391 σου

2217 1445 2499 1511 ἄντικρυς
2557 1439 2673 1494 τῶν
2707 1438 2893 1492 ὁσίων
2939 1449 3074 1487 σου.
3131 1431 3297 1495 Εἰδὼς
3327 1427 3441 1492 οὖν,
3465 1432 3548 1484 ὅτι
3578 1430 3789 1499 ἀγαθόν

2220 1537 2355 1596 ἐστι,
2386 1534 2478 1586 καὶ
2512 1529 2730 1601 ἀγαθῶν
2753 1525 3051 1596 ποιητικὸν,
3087 1524 3146 1576 ού
3176 1525 3287 1586 τοῖς
3326 1523 3571 1585 δυνατοῖς
3600 1524 3661 1575 ἐν
3688 1540 3792 1576 κα-

2220 1628 2332 1698 κία,
2361 1625 2480 1678 οὐδὲ
2531 1626 2643 1686 τοῖς
2692 1621 3014 1692 ἀποὸλήτοις
3064 1616 3173 1670 τῶν
3231 1614 3468 1680 ζώντων,
3520 1614 3659 1668 ἀλλὰ
3678 1618 3793 1678 τοῖς

2221 1718 2406 1780 ὁσίοις,
2434 1715 2657 1778 εἰκότως
2684 1709 2958 1781 ὑπομενῶ
2993 1709 3058 1763 τὸ
3082 1706 3267 1776 ὄνομά
3290 1723 3427 1770 σου,
3467 1705 3686 1770 εὔελπις
3713 1706 3792 1759 ὢν

563 1821 753 1877 fruens
782 1797 868 1876 me
904 1833 1181 1887 nunquam
1228 1819 1507 1887 lapsurum
1545 1829 1576 1868 a
1605 1813 1977 1869 misericordia
2006 1820 2117 1865 tua.

2229 1809 2433 1878 μήποτε
2490 1808 2739 1858 ἐκπεσεῖν
2792 1803 2884 1857 τοῦ
2922 1800 3015 1854 σοῦ
3078 1798 3280 1861 ἐλέους.
3325 1797 3485 1851 Οὕτω
3530 1797 3660 1865 γοῦν
3690 1799 3789 1869 ἡλ-

565 1915 659 1973 Sic
689 1916 871 1986 itaque
899 1914 956 1968 in
985 1914 1105 1983 ipso
1136 1911 1349 1982 speravi
1394 1909 1449 1963 in
1480 1916 1743 1964 aeternum
1780 1906 1911 1962 etin
1944 1921 2118 1961 saecu-

564 2008 677 2062 lum
704 2008 908 2065 saeculi.

566 2118 619 2172 1.
658 2116 725 2172 IN
774 2114 1018 2181 FINEM,
1055 2114 1195 2169 PRO
1233 2110 1643 2176 MAHELETH,
1682 2107 2124 2163 INTELLIGEN-

1080 2184 1215 2240 'l‘l/E
1254 2181 1461 2236 DAVID
1501 2181 1609 2236 Lll.

638 2281 801 2336 Vens.
825 2280 946 2335 2-6.
982 2278 1131 2332 Dixit
1159 2278 1406 2343 insipiens
1454 2276 1509 2329 in
1555 2274 1708 2328 corde
1729 2290 1825 2329 suo
1855 2289 1872 2327 :
1904 2272 2027 2326 Non
2044 2282 2123 2327 est

566 2374 728 2429 Deus.
756 2372 1002 2440 Corrupti
1026 2380 1144 2424 sunt
1180 2379 1228 2422 et
1254 2365 1629 2421 abominabiles
1652 2366 1779 2433 facti
1799 2374 1920 2418 sunt
1942 2365 1997 2418 in
2022 2365 2125 2418 ini-

564 2466 873 2540 quitatibus,
896 2480 997 2516 non
1042 2470 1120 2517 est
1157 2462 1246 2531 qui
1287 2459 1453 2530 faciat
1483 2458 1693 2513 bonum.
1726 2456 2125 2528 Quinquagesi—

566 2572 689 2612 mus
717 2556 958 2625 psalmus
990 2551 1347 2608 confessionis
1374 2551 1593 2606 modum
1638 2550 1778 2619 ejus,
1837 2566 1997 2620 quem
2032 2550 2127 2603 ad-

565 2646 720 2701 missi
757 2643 962 2715 peccati
1003 2644 1245 2713 ptenitet,
1277 2640 1695 2711 complectitur;
1744 2654 1978 2709 sequens
2000 2654 2125 2694 vero

566 2739 625 2794 in
648 2738 851 2791 malitia
868 2736 1099 2807 potentis
1125 2742 1180 2791 et
1211 2735 1363 2803 impii
1394 2735 1563 2789 moris
1624 2734 1893 2788 insaniam
1927 2733 2129 2787 descri-

566 2830 685 2896 bit;
715 2844 779 2883 ac
797 2829 993 2899 qualis,
1022 2842 1144 2882 cum
1173 2826 1359 2890 istum,
1391 2834 1505 2880 tum
1534 2826 1793 2896 priorem,
1821 2824 1943 2879 ﬁnis
1970 2840 2129 2879 exce-

566 2924 727 2993 perit.
760 2921 891 2976 Nam
922 2923 969 2978 ei
990 2923 1082 2993 qui
1106 2923 1161 2977 in
1197 2922 1354 2977 malis
1386 2922 1500 2977 suis
1535 2923 1869 2993 gloriabatur
1922 2922 2129 2976 dictum

565 3022 649 3068 est
679 3032 691 3067 :
729 3012 1013 3083 Propterea
1049 3012 1184 3067 Deus
1209 3013 1441 3068 destruet
1480 3022 1527 3067 te
1556 3014 1609 3066 in
1644 3013 1822 3082 ﬁnem,
1854 3012 2035 3067 evellet
2059 3024 2126 3076 te,

562 3115 615 3162 et
637 3107 910 3177 emigrabit
942 3117 988 3160 te
1006 3106 1069 3160 de
1114 3106 1550 3170 tabernaculo";
1580 3124 1647 3161 ex
1677 3122 1909 3177 persona
1948 3116 2129 3162 autem

2221 1917 2354 1954 πισα
2388 1900 2473 1952 ἐπ’
2496 1897 2643 1969 αὐτῷ
2675 1899 2752 1961 εἰς
2806 1896 2896 1949 τὸν
2943 1893 3113 1947 αἰῶνα
3142 1892 3233 1944 καὶ
3265 1892 3345 1954 εἰς
3386 1890 3474 1943 τὸν
3500 1891 3669 1945 αἰῶνα
3695 1892 3791 1945 τοῦ

2221 1989 2435 2052 αἰῶνος.

2225 2101 2333 2155 ΕΙΣ
2370 2102 2457 2155 ἸῸ
2496 2101 2741 2165 ΤΕΛΟΣ,
2780 2094 3667 2222 ΥῐέξῗιὲίιῖηῐῖέξΕΘΣΥΝΕΣΕΩΣ
3704 2097 3793 2149 ΤΩ

2292 2283 2476 2341 Εἶπεν
2512 2285 2714 2356 ἄφρων
2731 2285 2800 2338 ἐν
2830 2285 3039 2353 καρδίᾳ
3062 2285 3269 2340 αὐτοῦ’
3306 2285 3425 2336 Οὐκ
3453 2283 3584 2337 ἐστι
3624 2282 3791 2349 Θεός.

2225 2375 2634 2445 Διεφθάρηθσαν
2660 2375 2755 2427 καὶ
2782 2374 3234 2443 ἐϐδελύχθησαν
3262 2375 3332 2427 ἐν
3357 2373 3650 2442 ἀνομίαις,
3682 2375 3796 2426 οὐκ

2226 2468 2357 2521 ἐστι
2384 2464 2567 2519 ποιῶν
2595 2466 2838 2535 ἀγαθόν.
2879 2466 2935 2517 Ὀ
2973 2466 3069 2535 μὲν
3108 2472 3149 2518 ν’
3175 2465 3558 2537 ἐξομολόγησιν
3588 2464 3794 2535 τρόπου

2230 2552 2719 2629 μεταγινώσδζοντος
2774 2560 2858 2627 ἐφ’
2890 2553 2971 2621 οἷς
3025 2558 3295 2630 ἥμαρτεν,
3356 2560 3650 2629 περιεῖχεψ
3687 2558 3799 2611 όδὲ

2228 2651 2354 2719 ἐξῆς
2383 2650 2549 2721 αὐτῷ,
2580 2650 2835 2703 ἀπόνοιαν
2861 2650 2954 2702 τοῦ
2986 2650 3043 2703 ἐν
3072 2650 3239 2720 κακία
3260 2650 3480 2703 δυνατοῦ
3510 2650 3605 2703 καὶ
3633 2649 3799 2702 ἀθέου

2227 2743 2445 2815 τρόπου·
2494 2742 2673 2795 ὁποῖόν
2733 2759 2792 2793 τε
2840 2741 3024 2795 τοῦτον
3069 2741 3331 2811 διεδέχετο
3386 2739 3447 2792 τὸ
3497 2740 3672 2803 τέλος,
3706 2741 3803 2795 καὶ

2229 2836 2409 2888 ὁποῖον
2430 2834 2519 2887 τὸν
2563 2834 2843 2906 πρότερον.
2877 2832 2967 2903 Τῷ
3002 2833 3098 2904 μὲν
3120 2832 3226 2904 γὰρ
3266 2832 3669 2903 καυχησαμένῳ
3708 2833 3803 2885 ἐπὶ

2229 2929 2341 2988 τοῖς
2364 2922 2556 2978 ἑαυτοῦ
2582 2927 2768 2986 κακοῖς
2794 2923 3023 2992 ἐλέγετο·
3053 2921 3359 2976 Διὰ·τοῦτο
3402 2925 3435 2975 ό
3484 2923 3630 2987 Θεὸς
3659 2927 3801 2976 καθ-

2240 3017 2371 3071 ελεῖ
2388 3032 2463 3070 σε
2490 3019 2576 3082 είς
2604 3015 2794 3081 τέλος,
2816 3014 3040 3068 ἐκτῖλαι
3068 3032 3141 3068 σε
3169 3014 3269 3068 καί
3314 3015 3802 3084 μεταναστεῦσαί

2231 3124 2305 3161 σε
2332 3106 2449 3160 ἀπὸ
2476 3104 2886 3173 σκηνώματος·
2920 3106 2984 3157 ἐκ
3034 3104 3321 3177 προσώπου
3349 3106 3406 3159 δὲ
3435 3106 3528 3159 τοῦ
3552 3107 3803 3175 ἐξομολο-

566 3198 880 3252 contitentis
897 3199 1262 3269 subjungitur,
1287 3198 1393 3269 Ego
1422 3207 1594 3252 autem
1622 3200 1753 3252 sicut
1773 3202 1908 3252 oliva
1940 3200 2125 3265 fructi-

2232 3198 2542 3269 γησαμένου
2574 3199 2810 3268 ἐπήγετο
2837 3196 2963 3269 ἐξῆς
3018 3197 3099 3263 τὸ,
3162 3198 3301 3267 Ἐγὼ
3336 3198 3403 3250 δὲ
3451 3200 3593 3251 ὡσεί
3628 3200 3803 3252 ἐλαία

569 3295 684 3359 fera
700 3295 755 3347 in
772 3292 927 3346 domo
957 3289 1072 3355 Dei,
1104 3291 1305 3357 speravi
1324 3290 1382 3343 in
1414 3290 1777 3343 misericordia
1797 3290 1909 3359 ejus
1933 3294 1987 3345 in
2026 3310 2129 3347 sa:-

568 3382 838 3439 culum”.
878 3380 975 3434 Hic
1009 3395 1133 3435 vero
1199 3380 1292 3449 qui
1342 3380 1585 3450 psalmus
1638 3396 1745 3436 non
1800 3390 1904 3446 est,
1954 3398 2131 3452 neque

567 3477 713 3532 enim
746 3475 820 3530 ita
853 3473 1202 3540 inscribitur;
1249 3472 1345 3529 sed
1394 3488 1569 3542 neque
1601 3474 1871 3528 canticum
1895 3514 1911 3539 ,
1957 3491 2131 3546 neque

568 3570 701 3643 quid
736 3569 945 3633 simile,
1009 3567 1264 3623 salutaris
1313 3565 1411 3622 Dei
1466 3567 1733 3622 adventus
1788 3570 2129 3639 prophetiam

569 3660 815 3718 continet
845 3697 861 3723 ,
910 3673 1071 3729 quem
1106 3657 1259 3712 multi
1290 3658 1567 3727 propheta:
1601 3664 1653 3712 et
1678 3657 1811 3726 justi
1844 3660 2131 3715 voluerunt

568 3752 768 3809 videre.
801 3750 1048 3805 Praesens
1066 3750 1266 3820 itaque,
1293 3750 1450 3820 quasi
1482 3750 1536 3803 in
1577 3751 1818 3804 omnium
1850 3751 2128 3806 hominum

571 3842 752 3907 ruina,
780 3849 834 3895 et
858 3840 1012 3912 quasi
1072 3840 1127 3893 in
1157 3841 1431 3894 communi
1462 3840 1746 3911 naufragio
1791 3842 1909 3897 haec
1939 3858 2128 3911 preca-

570 3942 661 3989 tur
686 3954 700 3988 :
731 3933 862 4000 Quis
882 3932 1029 3985 dabit
1061 3947 1124 3985 ex
1154 3931 1283 3986 Sion
1313 3930 1561 3987 Salutare
1603 3931 1819 3987 Israel?
1860 3951 1977 3987 cum
2006 3952 2130 3988 con-

570 4027 777 4080 verterit
808 4024 1061 4076 Dominus
1108 4024 1459 4089 captivitatem
1481 4024 1646 4092 plebis
1680 4041 1812 4088 sure,
1844 4026 2131 4080 exsultabit

570 4117 737 4170 Iacob
768 4124 815 4169 et
847 4113 1115 4167 laetabitur
1138 4112 1346 4167 Israel:
1378 4115 1596 4184 quando
1645 4115 1911 4170 conﬁtens
1953 4117 2129 4172 decla-

576 4221 811 4275 ransque
836 4212 1055 4275 peccata
1081 4218 1198 4267 sua,
1231 4219 1326 4273 per
1351 4207 1645 4261 salutarem
1693 4205 1787 4260 Dei
1837 4205 2128 4262 adventum

571 4298 946 4372 purgationem
972 4304 1369 4352 consecuturus
1399 4304 1517 4351 erat
1541 4316 1555 4363 ;
1584 4297 1801 4367 quando
1825 4298 1975 4369 impii
1999 4310 2050 4354 et
2075 4300 2129 4353 in

571 4388 777 4444 malitia
808 4393 1053 4458 potentes
1101 4386 1379 4440 hominum
1437 4401 1638 4453 mores,
1688 4404 1797 4443 non
1841 4404 1936 4458 per
1965 4391 2128 4444 alium

571 4498 736 4554 quam
784 4497 882 4552 per
935 4494 1103 4536 unum
1158 4478 1516 4543 Salvatorem,
1577 4481 1669 4549 qui
1734 4480 2129 4536 insanabilibus

2231 3290 2607 3358 κατάκαρπος
2638 3289 2709 3342 ἐν
2738 3287 2818 3355 τῷ
2845 3290 2988 3354 οῑκῳ
3011 3289 3114 3343 τοῦ
3155 3288 3323 3352 Θεοῦ,
3349 3288 3584 3357 ἤλπισα
3604 3290 3704 3342 ἐπὶ
3733 3288 3802 3342 τὸ

2228 3380 2399 3446 ἕλεος
2428 3380 2613 3433 αὐτοῦ
2636 3382 2723 3447 είς
2750 3379 2856 3435 τὸν
2906 3379 3106 3434 αἰῶνα.
3152 3382 3209 3434 '0
3256 3382 3313 3433 δὲ
3370 3380 3559 3453 παρὼν
3600 3383 3704 3434 οὐκ
3727 3383 3802 3435 ὢν

2228 3472 2459 3543 ψαλμὸς,
2490 3473 2550 3525 ού
2598 3472 2706 3544 γὰρ
2738 3472 2910 3537 οὕτως
2941 3475 3360 3545 ἐπιγέγραπται,
3391 3475 3505 3527 ἀλλ’
3528 3475 3649 3527 οὐδὲ
3668 3474 3801 3546 ᾠδὴ,

2228 3566 2348 3618 οὐδέ
2372 3583 2422 3619 τι
2452 3565 2560 3619 τῶν
2584 3565 2858 3630 τοιούτων,
2905 3567 3235 3637 προφητείαν
3266 3566 3508 3638 περιέχει
3558 3568 3661 3637 τῆς
3699 3584 3805 3619 σω-

2228 3657 2415 3728 τηρίου
2444 3658 2777 3726 θεοφανείας,
2835 3660 2900 3730 ἣν
2937 3659 3117 3711 πολλοὶ
3162 3659 3434 3730 προφῆται
3491 3659 3587 3711 καὶ
3605 3659 3804 3712 δίκαιοι

2230 3750 2583 3821 ἐπεθύμησαν
2614 3753 2759 3805 ἰδεῖν.
2797 3753 3003 3823 Ὥσπερ
3029 3749 3120 3806 οὖν
3150 3753 3244 3805 καὶ
3271 3753 3300 3804 ὁ
3335 3752 3470 3821 μετὰ
3493 3754 3685 3822 χεῖρας
3713 3754 3805 3804 ἐπὶ

2230 3846 2296 3915 τῇ
2324 3845 2541 3899 πάντων
2591 3844 2888 3918 ἀνθρώπων
2946 3845 3258 3909 διαπτώσει,
3320 3846 3413 3899 καὶ
3467 3844 3659 3915 ὥσπερ
3709 3846 3803 3898 ἐπὶ

2231 3936 2394 4008 κοινῷ
2428 3938 2668 4007 ναυαγίῳ
2702 3938 2989 4009 εὐχόμενος
3024 3939 3115 3992 καὶ
3160 3938 3352 4007 λέγων·
3395 3938 3489 4003 Τίς
3522 3938 3701 3993 δώσει
3730 3939 3803 3990 ἐκ

2232 4030 2385 4084 Σιὼν
2417 4030 2482 4082 τὸ
2518 4028 2814 4098 Σωτήριον
2839 4031 2943 4085 τοῦ
2986 4030 3259 4099 Ἰσραήλς
3307 4031 3377 4083 ἐν
3422 4029 3502 4095 τῷ
3533 4030 3806 4098 ἐπιστρέο

2230 4125 2340 4189 ψαι
2372 4123 2587 4189 Κύριον
2633 4123 2749 4190 τὴν
2793 4125 3209 4192 αἰχμαλωσίαν
3265 4124 3372 4177 τοῦ
3409 4124 3562 4177 λαοῦ
3593 4125 3802 4190 αὐτοῦ,

2239 4213 2669 4284 circumiacent
2695 4214 2911 4277 Ἰακὼϐ,
2929 4215 3023 4268 καὶ
3039 4214 3509 4283 εὐφρανθήσεται
3539 4215 3803 4284 Ἰσραήλ·

2239 4307 2327 4358 ὅτε
2373 4305 2501 4377 γάρ,
2546 4306 3032 4378 ἐξομολογούμενος
3076 4309 3169 4361 καὶ
3218 4308 3552 4382 ἐξαγορεύων
3582 4310 3653 4362 τά
3681 4313 3806 4362 ἐαυ-

2231 4398 2323 4450 τοῦ
2355 4399 2726 4469 ἁμαρτήματα
2771 4398 2857 4452 διὰ
2889 4399 2985 4467 τῆς
3015 4400 3283 4471 σωτηρίου
3333 4401 3671 4471 θεοφανείας,
3704 4420 3805 4455 κα-

2235 4488 2476 4561 θάρσεως
2509 4490 2699 4560 ἔμελλε
2747 4491 3043 4556 τεύξεσθαι’
3082 4494 3169 4545 ὅτε
3214 4494 3369 4558 ἄθεος
3398 4497 3456 4548 ἐν
3498 4495 3809 4565 ἀνθρώποις

573 4574 769 4628 animae
818 4573 1024 4629 morbis
1078 4571 1281 4625 mederi
1324 4571 1485 4635 valet,
1537 4573 1717 4628 curari
1751 4584 2022 4644 poterant.
2065 4575 2125 4629 Et

2235 4583 2327 4633 καὶ
2348 4584 2405 4633 ἐν
2427 4583 2595 4653 κακίᾳ
2646 4583 2869 4646 δυνατὸς
2897 4584 3095 4654 τρόπος
3132 4586 3237 4638 οὐδ’
3281 4586 3452 4648 ἄλλως
3494 4581 3604 4647 οἶός
3645 4603 3703 4638 τε
3734 4582 3808 4657 ἦν

575 4666 687 4721 haec
712 4666 779 4720 de
803 4666 942 4721 serie
969 4664 1115 4719 dicta
1129 4664 1256 4719 sint.

2237 4673 2270 4743 ἢ
2304 4673 2389 4727 διά
2426 4674 2583 4743 μόνου
2611 4674 2704 4729 τοῦ
2744 4677 2990 4748 Σωτῆρος
3016 4677 3311 4747 θεραπείας
3339 4680 3542 4747 τυχεῖν,
3580 4677 3675 4730 τοῦ
3713 4682 3812 4733 καὶ

2114 4835 2123 4844 ς
2235 4766 2303 4818 τὰ
2332 4766 2525 4819 ἀνίατα
2544 4767 2643 4839 τῆς
2671 4768 2846 4839 ψυχῆς
2878 4770 3021 4840 πάθη
3062 4769 3312 4823 ἰάσασθαι
3337 4770 3652 4839 δυναμένου,
3698 4773 3813 4824 Καὶ

645 4927 881 4986 Observa
943 4946 1102 5002 porro
1159 4933 1298 4990 hanc
1353 4938 1691 5008 prophetiam
1754 4942 1839 4997 bis
1880 4876 1949 4993 .m
1991 4940 2132 4997 libro

573 5019 913 5077 Psalmorum
950 5023 1096 5089 ferri,
1154 5025 1208 5079 in
1264 5028 1435 5096 prima
1472 5040 1641 5099 parte,
1700 5033 1909 5100 psalmo
1971 5034 2131 5087 tertio

575 5112 820 5180 decimo;
858 5115 912 5168 in
942 5117 1201 5183 secunda,
1224 5134 1288 5175 eo
1320 5136 1479 5190 quem
1499 5121 1608 5189 jam
1639 5130 1958 5177 tractamus.
1990 5123 2125 5179 Nam

575 5220 605 5257 a
641 5205 905 5277 principio
935 5208 1002 5262 ad
1033 5210 1213 5275 linem,
1245 5211 1436 5267 iisdem
1466 5211 1576 5268 fere
1602 5214 1781 5268 verbis
1813 5215 1959 5283 jacet
1983 5217 2132 5272 deci-

574 5313 696 5353 mus
730 5299 922 5354 tertius
954 5315 1017 5355 ac
1069 5317 1305 5371 pmsens
1338 5304 1614 5373 psalmus;
1653 5305 1736 5359 his
1774 5308 1953 5365 verbis
2002 5311 2135 5365 inci-

573 5392 749 5460 piens,
782 5391 928 5446 Dixit
959 5395 1209 5463 insipiens
1236 5397 1291 5449 in
1329 5398 1486 5451 corde
1517 5414 1610 5451 suo
1634 5414 1652 5451 :
1679 5397 1805 5453 Non
1845 5411 1924 5456 est
1954 5400 2129 5469 Deus;

574 5483 657 5538 his
676 5499 802 5539 vero
816 5484 1092 5551 desinens,
1114 5488 1243 5553 Quis
1265 5486 1418 5540 dabit
1430 5504 1490 5540 ex
1511 5488 1637 5543 Sion
1649 5488 1896 5546 Salutare
1917 5494 2089 5551 Israel
2111 5500 2134 5550 ?

569 5588 690 5626 cum
712 5576 1019 5629 converterit
1047 5575 1301 5631 Dominus
1326 5580 1686 5646 captivitatem
1702 5582 1864 5650 plebis
1878 5601 2008 5653 suae,
2040 5604 2132 5640 ex-

640 5732 687 5763 "
730 5729 875 5787 Psal.
912 5748 999 5798 ιι,
1038 5733 1085 5785 7.
1163 5735 1203 5767 ⁷⁸
1244 5733 1373 5790 ibid.
1414 5735 1500 5793 l0.

2231 4858 2404 4911 ταῦτα
2440 4860 2535 4929 μὲν
2556 4863 2634 4925 εἰς
2656 4863 2750 4933 τὴν
2776 4865 3090 4919 ἀκολουθίαν
3123 4866 3378 4937 εἰρήσθω.

2308 4950 2594 5024 Σημειώσῃ
2617 4954 2695 5018 δὲ,
2734 4957 2812 5007 ὃτι
2846 4956 3093 5027 δεύτερον
3118 4958 3217 5028 ἤδη
3243 4959 3275 5028 ἡ
3302 4956 3638 5028 προκειμένη
3672 4976 3810 5028 προ-
3852 4956 3861 4965 ’

2238 5042 2433 5111 φητεία
2467 5041 2709 5111 ἔγκειται
2732 5047 2795 5115 τῇ
2829 5044 2993 5116 βίϐλῳ
3026 5048 3134 5100 τῶν
3184 5048 3446 5118 Ψαλμῶνο
3486 5050 3542 5099 ἐν
3576 5050 3674 5118 μὲν
3729 5048 3811 5116 τῷ

2239 5136 2436 5209 πρώτῳ
2463 5139 2618 5210 μέρει
2670 5137 2809 5191 κατά
2844 5137 2935 5189 τὸν
2970 5145 3058 5207 ιγ’,
3101 5140 3158 5191 ἐν
3198 5140 3254 5192 δὲ
3279 5139 3356 5209 τῷ
3382 5140 3619 5210 δευτέρῳ
3666 5144 3811 5193 κατά

2239 5230 2305 5282 τὰ
2327 5230 2676 5301 προκείμενα.
2727 5228 2921 5298 Σχεδὸν
2947 5231 3056 5301 γὰρ
3094 5232 3273 5293 αὐτοῖς
3300 5232 3537 5302 ῥήμασιν
3569 5234 3663 5286 ἀπ’
3707 5234 3812 5303 ἀρ-

2240 5322 2340 5391 χῆς
2368 5323 2527 5392 μέχρι
2568 5322 2752 5383 τέλους
2782 5322 2940 5381 καὶ.γὸ
2976 5330 3041 5391 ιγ’
3075 5323 3274 5393 ὁμοίως
3302 5323 3413 5393 ἔχει
3446 5323 3523 5393 τῷ
3554 5325 3802 5395 παρόντι.

2238 5413 2536 5482 ἀρχόμενος
2576 5413 2671 5482 μὲν
2696 5414 2803 5465 ἀπὸ
2843 5413 2958 5466 τοῦ’
3015 5411 3200 5468 Εἶπεν
3248 5413 3451 5483 ἄφρων
3490 5414 3562 5467 ἐν
3594 5414 3807 5481 καρδίᾳ

2239 5504 2443 5557 αὐτοῦ’
2480 5507 2601 5557 Οὐκ
2652 5504 2784 5559 ἔστι
2832 5507 2993 5572 Θεός·
3059 5505 3323 5559 τελευτῶν
3372 5506 3429 5559 δὲ
3456 5507 3536 5570 είς
3584 5507 3665 5559 τό·
3710 5508 3809 5571 Nc

2240 5592 2417 5648 δώσει
2447 5594 2514 5647 ἐκ
2548 5594 2699 5649 Σιὼν
2722 5596 2788 5649 τὸ
2825 5596 3123 5666 Σωτήρων
3146 5596 3250 5651 τοῦ
3302 5597 3544 5665 Ἰσραήλ
3570 5624 3587 5670 ς
3632 5597 3697 5652 ἐν
3722 5597 3807 5661 τῷ
