4010 6522
1410 316 1791 376 COMMENTA
1800 315 1857 370 R1

1960 313 2014 369 lN
2054 314 2391 371 PSALMOS.
3409 316 3514 372 454

288 325 393 382 ιιςδ
1076 314 1096 353 ί

287 440 642 509 ἐπιστρέψαι
702 439 918 507 Κύριον
948 434 1060 505 τὴν
1109 438 1522 509 αἰχμαλωσίαν
1561 436 1668 489 τοῦ
1696 435 1848 490 λαοῦ

1960 431 2170 487 saltabit
2202 432 2367 486 Jacob
2426 442 2476 487 et
2534 433 2802 489 laetabitur
2831 431 3023 487 Israel.
3074 429 3299 487 Modicis
3327 438 3551 485 autemo

284 532 495 594 αὐτοῦ,
522 530 947 601 ἀγαλλιὰσεται
1010 530 1217 595 Ιακὼό,
1258 529 1355 584 καί
1381 527 1851 598 εὐφρανθήσεται

1960 526 2138 580 verbis
2171 524 2329 580 ambo
2360 524 2637 581 diﬂ‘erunt.
2685 524 2817 579 Nam
2852 525 2905 578 in
2937 524 3094 578 titulo
3133 524 3377 579 decimus
3405 522 3547 615 tetu;

295 622 565 688 Ἰσραήλ.
619 622 875 691 Βραχεῖαι
938 621 995 674 δὲ
1042 620 1215 688 λέξεις
1255 620 1353 692 τὴν
1411 623 1468 673 ἐν
1523 620 1851 691 ἀμφοτέροις

282 711 546 783 διαφορὰν
578 710 918 782 ἐργάζονται.
964 712 1051 764 Ἐν
1086 712 1183 782 μὲν
1234 710 1341 780 γὰρ
1391 712 1457 782 τῇ
1510 712 1797 782 προγραφῇ
1825 710 1853 762 6

287 802 388 872 μὲν
410 809 487 871 ιγ’
511 804 599 868 εἰς
621 802 687 855 τὸ
716 805 889 869 τέλος
929 801 1008 868 τῷ
1044 802 1223 856 Δαυῒδ
1250 802 1482 871 ἐλέγετο·
1521 804 1549 855 6
1578 802 1635 855 δέ
1663 800 1852 873 παρὼν

284 893 399 965 ἔχει
424 896 521 965 μὲν
542 894 641 971 τὴν
665 894 833 966 αὐτὴν
867 896 1042 966 ῥῆσιν,
1080 895 1360 959 πλεονάζει
1380 893 1437 947 δὲ
1467 896 1524 947 ἐν
1552 894 1630 965 τῷ
1647 893 1850 962 λέγειν,

283 986 440 1054 ὑπὲρ
464 987 720 1049 Maelii),
751 986 1073 1054 συνέσεως.
1115 988 1174 1041 '0
1202 987 1301 1059 μὲν
1346 986 1595 1050 Ἀκύλας,
1630 987 1726 1039 ἐπὶ
1754 1006 1853 1056 χο-

284 1080 437 1148 ρείᾳ,
472 1082 831 1153 ἠρμήνευσεν⁸
866 1082 894 1133 6
923 1081 979 1135 δὲ
1019 1080 1334 1153 Σύμμαχος,
1368 1080 1466 1135 διὰ
1512 1079 1715 1151 χοροῦ·
1747 1082 1775 1133 6
1798 1079 1855 1134 δὲ

285 1172 596 1236 θεοδοτίων,
628 1173 777 1241 ὑπὲρ
804 1172 915 1241 τῆς
932 1175 1187 1244 χορείας,
1216 1175 1309 1227 καί
1337 1176 1369 1245 ή
1396 1173 1618 1245 πεμπτὴ
1647 1172 1856 1237 ἐκδοσις

285 1264 569 1327 ὡσαύτως.
618 1265 950 1335 Ἀναγκαίως
990 1267 1046 1319 δὲ
1098 1267 1379 1339 πρόκειται
1421 1268 1502 1331 τὸ,
1527 1268 1851 1332 συνέσεως·

285 1356 583 1427 ἐπειδήπερ
609 1359 869 1422 συνέσεως
886 1360 1018 1429 ἡμῖν
1043 1359 1121 1411 δεῖ
1139 1358 1272 1431 πρὸς
1298 1359 1356 1412 τὸ
1381 1358 1569 1428 νοῆσαι
1597 1358 1679 1421 τίς
1709 1359 1855 1411 ἐστιν

283 1449 321 1517 ἠ
357 1449 540 1521 χορεία
572 1451 604 1519 ἡ
631 1449 717 1502 διὰ
758 1451 854 1521 τῆς
899 1450 1221 1522 προγραφῆς
1285 1450 1605 1521 δηλουμένη,
1644 1452 1737 1503 καὶ
1772 1449 1855 1514 τίς

284 1542 314 1593 6
346 1542 521 1610 λόγος,
544 1543 663 1596 καθ’
693 1542 750 1595 ὃν
779 1542 921 1606 ἅπαξ
978 1541 1359 1614 πῳλεχθείσης
1384 1543 1482 1612 τῆς
1521 1542 1857 1613 προφητείας

282 1635 430 1687 κατὰ
463 1636 551 1688 τὸν
588 1634 655 1703 ιγ’
685 1633 934 1705 δεύτερον
979 1632 1212 1687 ἐνταῦθα
1258 1634 1642 1705 παρείληπται.
1676 1633 1748 1686 Τὸ
1776 1633 1855 1697 δὲ,

284 1729 376 1789 εἷς
395 1727 587 1790 τέλος,
606 1728 669 1779 ἐν
686 1726 1010 1797 ἀμφοτέροις
1028 1725 1294 1795 κείμενον,
1322 1726 1649 1795 σημαντικὸν
1676 1726 1739 1779 ἂν
1768 1724 1852 1796 εἴη

1955 617 2067 671 tius
2112 618 2166 670 in
2199 617 2356 685 ﬁnem
2397 615 2562 681 David
2608 617 2792 681 habet,
2843 616 2931 670 hic
2960 630 3089 671 vero
3110 615 3352 670 eamdem
3395 614 3547 684 quiu

1954 708 2076 762 dem
2123 708 2441 763 sententiam
2474 707 2723 778 praefert;
2772 707 2867 764 sed
2917 708 3031 762 haec
3069 708 3292 777 insuper
3344 704 3515 769 addit,

1953 814 2047 868 pro
2064 797 2349 867 Maheleth,
2368 801 2746 871 intelligentiae.
2779 800 2994 870 Aquila,
3026 815 3180 867 super
3197 799 3406 863 chorea,
3432 796 3517 851 in-

1955 900 2284 963 terpretatus
2306 899 2428 959 est;
2462 891 2843 964 Symmachus,
2874 907 2965 960 per
2997 892 3210 944 chorum
3229 907 3247 955 ;
3270 889 3518 944 Theodo-

1955 987 2053 1050 tio,
2089 1002 2183 1055 pro
2200 986 2388 1040 chorea
2408 1027 2423 1049 ,
2445 994 2499 1041 et
2522 986 2711 1057 quinta
2745 986 2915 1041 editio
2946 986 3215 1042 similiter.
3250 985 3520 1043 Necessa-

1956 1077 2039 1131 rio
2071 1086 2252 1132 autem
2301 1078 2661 1148 intelligentiae
2723 1076 2956 1143 dicitur;
2990 1077 3117 1147 quia
3164 1075 3521 1147 intelligentia

1956 1168 2115 1224 nobis
2138 1184 2297 1241 opus,
2326 1178 2385 1225 ut
2410 1170 2690 1240 capiamus
2710 1184 2830 1240 quae
2859 1169 2933 1224 sit
2978 1169 3069 1222 illa
3100 1168 3319 1235 chorea,
3360 1168 3416 1222 in
3445 1168 3518 1221 ti-

1956 1265 2070 1319 tulo
2102 1264 2378 1332 indicata;
2413 1275 2466 1320 et
2492 1279 2600 1336 qua
2629 1264 2697 1319 de
2730 1278 2916 1330 causa,
2967 1263 3132 1319 semel
3162 1263 3371 1333 prolata
3395 1276 3522 1333 pro-

1958 1358 2139 1429 phetia
2186 1360 2239 1412 in
2265 1359 2477 1429 psalmo
2508 1358 2721 1413 decimo
2755 1357 2938 1421 tertio,
2969 1355 3210 1412 secundo
3250 1355 3339 1410 hic
3366 1368 3524 1424 repe-

1956 1460 2121 1506 tatur.
2153 1449 2289 1506 Illud
2323 1460 2522 1513 autem,
2566 1450 2621 1504 in
2655 1450 2833 1519 finem,
2863 1448 3009 1519 quod
3040 1449 3096 1502 in
3117 1454 3347 1516 utroque
3390 1444 3525 1515 legi-

1957 1550 2066 1605 tur,
2100 1550 2310 1611 tempus
2345 1555 2454 1611 quo
2499 1539 2709 1608 impleri
2747 1537 2946 1593 debent
3002 1551 3123 1607 quae
3163 1535 3218 1589 in
3241 1533 3524 1605 prophetia

1960 1632 2207 1687 feruntur
2237 1631 2645 1702 significaverit.
2702 1628 2840 1696 Quia
2891 1628 3036 1684 enim
3089 1628 3145 1683 in
3176 1640 3526 1683 consumma-

1958 1726 2108 1779 tione
2134 1725 2341 1797 steculi,
2373 1724 2624 1778 Salutare
2646 1722 2740 1777 Dei
2766 1722 2909 1794 quod
2939 1722 2994 1776 in
3016 1731 3160 1776 terra
3213 1718 3527 1776 hominibus

282 1817 384 1869 τοῦ
409 1818 599 1888 χρόνου
627 1795 747 1872 καθ’
767 1818 823 1868 ὃν
850 1795 1079 1889 ἤμελλεν
1126 1816 1500 1870 ἀποτελεῖσθαι
1545 1816 1614 1868 τὰ
1647 1795 1855 1887 προφηέ

1960 1815 2156 1878 illuxit,
2187 1796 2443 1868 choream
2476 1814 2761 1868 constituit
2812 1829 2878 1868 ex
2905 1812 3159 1867 omnibus
3188 1810 3439 1882 gentibus
3469 1809 3527 1863 in

283 1909 574 1980 τευόμενα.
637 1910 853 1981 Ἐπειδὴ
896 1909 1005 1980 γὰρ
1053 1908 1196 1962 κατὰ
1240 1909 1339 1981 τὴν
1395 1908 1704 1962 συντέλειαν
1759 1909 1855 1961 τοῦ

283 1999 504 2063 αἰῶνος,
527 1998 585 2052 τὸ
610 2001 881 2069 Σωτήρων
910 2000 1003 2053 τοῦ
1031 1999 1188 2062 Θεοῦ,
1216 2000 1477 2067 ἐπιφανὲν
1505 2002 1617 2062 τοῖς
1647 2000 1737 2052 ἐπὶ
1755 1999 1857 2069 γῆς

281 2089 620 2161 ἀνθρώποις,
674 2092 886 2163 χορείαν
947 2092 1309 2162 συνεστήσατο
1356 2092 1453 2164 τὴν
1504 2090 1562 2156 ἐξ
1606 2093 1858 2146 ἁπάντων

277 2179 398 2233 τῶν
428 2180 595 2233 ἐθνῶν
626 2183 681 2234 ἐν
714 2186 777 2253 τῇ
826 2184 1117 2256 Ἐκκλησία
1143 2183 1308 2239 αὑτοῦ
1334 2165 1854 2254 ’συγκροτουμένην,

278 2274 367 2335 εἰς
391 2271 592 2342 ὕμνους
618 2274 709 2326 καὶ
752 2274 1054 2344 δοξολογίας
1079 2276 1172 2329 τοῦ
1199 2275 1360 2329 αὑτοῦ
1390 2276 1618 2347 Πατρός·
1638 2277 1859 2339 εἰκότως

278 2364 382 2415 ἐπὶ
405 2362 616 2416 σύνεσιν
645 2366 788 2434 ἡμᾶς
810 2366 1013 2436 ταύτης
1041 2368 1139 2438 τῆς
1176 2368 1393 2438 χορείας
1412 2369 1440 2420 6
1467 2366 1622 2435 λόγος
1652 2383 1857 2438 παρορ-

278 2456 390 2525 μᾷ.
412 2455 521 2508 Καὶ
542 2456 644 2527 ὅρα
670 2456 729 2509 τὸ
760 2458 1085 2528 παράδοξονο
1109 2459 1416 2530 προγράφει
1453 2458 1551 2528 μὲν
1580 2457 1688 2530 γὰρ
1706 2458 1859 2527 ὑπὲρ

282 2544 401 2612 τῆς
427 2547 744 2619 χορείας-,ἢ
780 2548 932 2618 ὑπὲρ
972 2550 1076 2604 τοῦ
1115 2550 1318 2619 χοροῦ,
1346 2550 1552 2619 εἰσάγει
1576 2550 1631 2604 δὲ
1668 2549 1856 2604 οὐδένα

283 2638 383 2689 ἐπὶ
415 2638 515 2709 γῆς
544 2639 825 2710 ἄνθρωπον
859 2642 1216 2710 ἀγαθὸν,οὺδέ
1245 2642 1497 2696 ποιοῦντα
1518 2642 1856 2715 χρηστότητα

282 2728 395 2791 ἓως
443 2730 575 2794 ἐνὸς,
627 2731 798 2800 λέγων
844 2732 987 2805 ἐξῆς·
1039 2735 1250 2800 Κύριος
1307 2734 1375 2786 ἐκ
1427 2733 1532 2787 τοῦ
1596 2732 1856 2801 οὐρανοῦ

282 2818 576 2889 διέκοψεν
598 2823 695 2876 ἐπὶ
724 2823 862 2890 τοὺς
884 2825 1049 2891 υἱοὺς
1079 2827 1194 2880 τῶν
1217 2826 1557 2893 ἀνθρώπων,
1582 2826 1685 2879 τοῦ
1710 2826 1856 2879 ἰδεῖν

1953 1907 2198 1963 Ecclesia
2226 1907 2397 1977 ipsius
2427 1915 2830 1977 congregatam,
2861 1904 2929 1960 ad
2956 1906 3189 1977 hymnos
3216 1914 3269 1960 et
3296 1902 3526 1975 gloriam

1953 2000 2102 2054 Patri
2132 2001 2304 2070 ipsius
2324 1998 2704 2065 referendam;
2730 1998 2853 2068 jure
2881 1998 2947 2052 ad
2972 1998 3100 2052 talis
3126 1998 3338 2052 choreae
3369 1995 3529 2050 intel-

1952 2092 2231 2164 ligentiam
2260 2107 2359 2147 nos
2385 2107 2564 2148 sermo
2611 2092 2866 2146 concitat.
2893 2090 2957 2144 Et
2986 2091 3109 2146 vide
3141 2090 3295 2153 mihi,
3320 2104 3527 2160 quaeso,

1952 2201 2070 2241 rem
2106 2185 2395 2256 permiram
2424 2204 2436 2239 :
2468 2184 2595 2239 dum
2625 2184 2769 2238 enim
2800 2184 2945 2237 hunc
2971 2184 3188 2238 titulum
3240 2183 3391 2247 edit,
3433 2196 3529 2249 pro

1961 2267 2149 2331 chorea
2168 2278 2250 2332 vel
2272 2294 2366 2346 pro
2412 2276 2599 2340 choro,
2651 2276 2860 2331 nullum
2912 2290 3034 2331 esse
3080 2276 3136 2329 in
3163 2285 3305 2330 terra
3328 2276 3530 2330 bonum

1961 2366 2259 2434 hominem,
2320 2384 2385 2423 ac
2422 2384 2488 2423 ne
2521 2369 2603 2423 vel
2637 2384 2804 2422 unum
2856 2368 2948 2438 qui
3008 2368 3169 2423 faciat
3232 2367 3529 2422 bonitatem

1959 2462 2229 2525 enuntiat,
2254 2462 2441 2517 dicens
2490 2463 2545 2517 ln
2592 2460 2947 2533 sequentibus
2977 2479 2989 2513 :
3025 2461 3287 2516 Dominus
3310 2461 3372 2515 de
3403 2460 3531 2515 caelo

1959 2553 2225 2623 prospexit
2244 2570 2399 2623 super
2430 2554 2571 2623 ﬁlios
2604 2555 2895 2617 hominum,
2951 2563 3009 2607 ut
3058 2554 3229 2609 videat
3268 2553 3314 2607 si
3343 2561 3420 2606 est
3451 2552 3530 2605 in-

1959 2646 2195 2716 telligens
2231 2658 2322 2701 aut
2357 2650 2623 2718 requirens
2681 2648 2864 2703 Deum.
2898 2648 3088 2703 Omnes
3118 2648 3529 2705 declinaverunt,

1958 2739 2119 2792 simul
2148 2740 2357 2793 inutiles
2386 2740 2516 2809 facti
2544 2749 2703 2803 sunt;
2738 2756 2839 2793 non
2870 2749 2948 2793 est
2981 2741 3070 2809 qui
3120 2740 3285 2808 faciat
3317 2738 3530 2799 bonum,

1959 2845 2061 2882 non
2101 2838 2177 2882 est
2216 2846 2377 2899 usque
2405 2830 2471 2882 ad
2500 2847 2681 2883 unum.

277 2916 341 2966 si
373 2912 515 2969 ἐστι.
542 2914 769 2968 συνιὼν
829 2916 925 2969 καὶ
978 2916 1235 2985 ἐκζητῶν
1286 2918 1392 2971 τὸν
1441 2920 1605 2971 Θεόν.
1674 2917 1902 2984 Πάντες
1937 2918 2291 2985 ἐξέκλιναν,
2347 2920 2467 2989 ἅμα
2517 2920 2965 2989 ἠχρειώθησαν,
3013 2922 3123 2973 οὐκ
3172 2918 3303 2971 ἔστι
3348 2915 3530 2973 ποιῶν

278 3008 533 3078 ἀγαθὸν,
580 3010 691 3061 οὐκ
718 3008 889 3064 ἔστιν
914 3010 1025 3077 ἕως
1042 3011 1199 3076 ἑνός.

362 3123 425 3174 Εἰ
451 3120 506 3173 δὲ
534 3117 624 3175 οὖν
644 3123 867 3177 τοιαῦτα
883 3118 949 3194 ἦν
974 3123 1041 3176 τὰ
1092 3124 1148 3176 ἐν
1189 3123 1513 3197 ἀνθρώποις,
1549 3125 1623 3187 ὼς
1657 3125 1857 3197 μηδένα

2035 3125 2093 3181 Si
2120 3126 2301 3196 itaque
2331 3128 2411 3181 sic
2443 3142 2503 3181 se
2531 3141 2619 3181 res
2657 3125 2930 3181 habebant
2972 3127 3110 3196 apud
3148 3126 3398 3183 homines
3420 3168 3435 3188 ,
3475 3139 3531 3184 ut

281 3211 493 3281 ἀγαθὸν
519 3213 864 3285 εὑρίσκεσθαι
891 3216 948 3267 ἐν
970 3218 1080 3279 τοῖς
1109 3217 1240 3280 υἱοῖς
1270 3216 1377 3269 τῶν
1393 3214 1711 3287 ἀνθρώπων,
1742 3218 1857 3282 πῶς

280 3304 429 3376 ὑπὲρ
461 3306 555 3375 τῆς
582 3305 798 3375 χορείας
834 3306 906 3358 τὰ
955 3307 1053 3376 τῆς
1103 3308 1425 3379 προγραφῆς
1484 3307 1734 3376 λέγεσθαι
1765 3325 1859 3379 ση-

285 3397 498 3467 μαίνει;
560 3396 697 3449 Ἀλλ’
756 3399 917 3465 ἐρεῖς,
960 3398 1061 3461 ὅτι,
1106 3398 1291 3469 ἐπειδὴ
1339 3400 1537 3462 πάντες
1587 3398 1858 3465 ἐξέκλιναν

279 3493 391 3556 ἕως
413 3493 551 3557 ἐνὸς,
581 3492 946 3565 διεφθάρησαν
968 3511 1027 3546 τε
1058 3495 1107 3547 οἰ
1159 3496 1250 3548 ἐπὶ
1276 3496 1377 3566 γῆς
1405 3497 1497 3549 καὶ
1535 3495 1857 3567 ἐϐδελύχθη-

282 3601 388 3638 σαν
412 3585 471 3636 ἐν
503 3582 772 3654 ἁνομίαις,
820 3583 1043 3647 εἰκότως
1095 3586 1125 3637 ὁ
1174 3587 1454 3657 προφήτης
1508 3586 1776 3656 ἐπηύξατο
1802 3588 1858 3639 ἐν

274 3677 397 3738 τοῖς
421 3674 563 3745 μετὰ
600 3674 771 3729 ταῦτα
814 3674 1003 3728 εἰπών’
1036 3676 1131 3742 Τίς
1152 3676 1328 3731 δώσει
1370 3678 1439 3730 ἐκ
1467 3676 1620 3731 Σιὼν
1646 3677 1711 3729 τὸ
1738 3680 1856 3730 Σωε-

277 3766 493 3836 τήριον
536 3768 638 3822 τοῦ
682 3768 954 3837 Ἰσραήλξ
996 3769 1066 3822 έν
1110 3767 1192 3834 τῷ
1230 3769 1583 3839 ἐπιστρέψαι
1644 3771 1861 3837 Κύριον

278 3860 401 3927 τὴν
425 3861 839 3929 αἰχμαλωσίαν
862 3860 967 3915 τοῦ
994 3860 1147 3914 λαοῦ
1179 3860 1384 3924 αὑτοῦ,
1433 3859 1861 3930 ἀγαλλιάσεται

295 3950 524 4015 Ἰακὼϐ,
552 3950 651 4005 καί
690 3948 1164 4019 εὐφρανθήσεται
1201 3948 1452 4019 Ἰσραήλ.
1512 3952 1722 4005 Συνεῖδε
1753 3953 1860 4023 γὰρ

280 4046 355 4114 τῇ
413 4042 717 4115 προγνώσει
768 4042 862 4097 τοῦ
898 4044 1205 4115 πνεύματος
1259 4044 1353 4099 τοῦ
1399 4045 1757 4117 προφητικοιλ
1784 4046 1857 4110 ὡς

280 4138 396 4206 ἄρα
429 4136 518 4190 διὰ
568 4136 663 4189 τοῦ
694 4136 966 4207 Σωτηρίου
1018 4136 1248 4207 ἤμελλεν
1290 4140 1323 4209 ἡ
1376 4138 1719 4209 αἰχμαλωσία
1764 4140 1858 4194 τοῦ

284 4224 415 4279 λαοῦ
447 4227 793 4299 ἐπιστρέφειν
848 4228 940 4280 καὶ
968 4227 1379 4300 ἐλευθεροῦσθαι
1416 4231 1514 4302 τῆς
1553 4231 1662 4283 τῶν
1700 4230 1859 4283 πολε-

285 4320 429 4389 μίων
480 4320 811 4383 δυναστείας’
847 4316 921 4377 ὧν
943 4322 1391 4393 ἐπιτελουμένων,
1422 4324 1455 4393 ἠ
1484 4324 1576 4377 τοῦ
1605 4322 1738 4376 Θεοῦ
1773 4340 1862 4395 χο-

282 4411 411 4483 ρεία
442 4412 720 4467 συνίστατο
740 4414 799 4479 ἐξ
825 4415 1002 4469 αὐτῶν
1022 4416 1244 4469 ἐκείνων
1268 4414 1374 4469 τῶν
1395 4415 1860 4487 ἐλευθερουμένων

282 4502 387 4573 τῆς
437 4505 831 4575 αἰχμαλωσίας.
887 4507 1122 4569 Εἰκότως
1172 4503 1264 4560 οὖν
1314 4508 1393 4571 εἰς
1424 4506 1484 4560 τὸ
1533 4507 1682 4571 τέλος
1732 4509 1860 4560 ἀνα-

284 4595 566 4664 πέμπεται
611 4597 679 4650 τὰ
728 4598 1012 4669 λεγόμενα,
1062 4602 1155 4653 καὶ
1190 4600 1341 4667 ὑπὲρ
1381 4599 1645 4662 Μαελὲθ,
1706 4617 1858 4651 τουτ-

282 4688 438 4742 έστιν
471 4688 621 4757 ὑπὲρ
660 4689 768 4757 τῆς
795 4693 1052 4759 χορείας,
1077 4692 1339 4746 λέλεκται·
1368 4694 1498 4745 ὡσεὶ
1528 4694 1857 4765 σαφέστερον

282 4781 617 4849 ήρμήνευτο,
636 4782 772 4853 ὑπὲρ
790 4783 897 4834 τῶν
924 4783 1505 4857 ἐλευθερωθησομένων
1534 4790 1631 4858 τῆς
1660 4788 1858 4858 αἰχμαο

278 4870 505 4935 λωσίας·
540 4873 723 4945 διόπερ
784 4875 876 4926 καὶ
930 4876 1008 4938 εἰς
1055 4877 1265 4930 σύνεσιν
1329 4880 1473 4949 ἡμᾶς
1524 4878 1855 4949 ἀναπέμπει.

283 4963 520 5033 Εἴρηται
568 4966 655 5029 δὲ,
705 4965 785 5031 τῷ
834 4968 1033 5029 Δαιιῒδ,
1096 4972 1128 5039 ἡ
1178 4970 1507 5042 προφητεία,
1551 4973 1641 5024 ὑπ’
1694 4970 1859 5024 αὑτοῦ

279 5056 558 5126 λεχθεῖσα.
590 5058 679 5110 Διὸ
709 5060 861 5130 παρὰ
916 5065 1026 5125 τοῖς
1082 5063 1281 5127 λοιποῖς
1339 5065 1718 5134 ὲρμηνευταῖς,
1754 5063 1860 5117 τοῦ

278 5148 489 5213 Δαυῒδ,
519 5150 940 5221 ἐπιγέγραπται.
978 5156 1086 5208 Καὶ
1136 5155 1281 5208 ἔστιν
1305 5158 1479 5209 εἰπεῖν
1524 5157 1598 5219 ὡς
1623 5157 1730 5227 ἄρα
1762 5157 1861 5209 αὐ-

277 5240 376 5303 τὸς
406 5242 436 5293 6
482 5240 661 5304 Δαυῖδ,
714 5246 998 5315 προφήτας
1054 5246 1131 5298 τό·
1172 5245 1317 5315 Ἐγὼ
1367 5247 1435 5299 δὲ
1485 5247 1627 5299 ὡσεὶ
1685 5246 1861 5299 ἐλαία

277 5330 666 5401 κατάκαρπος
691 5336 761 5388 ἐν
786 5335 864 5401 τῷ
891 5338 1033 5403 οἴκῳ
1062 5339 1168 5392 τοῦ
1201 5339 1370 5403 Θεοῦ,
1405 5339 1639 5409 ἤλπισα
1669 5339 1767 5393 ἐπὶ
1794 5339 1859 5392 τὸ

273 5427 460 5492 ἕλεος
490 5428 594 5482 τοῦ
623 5430 794 5494 Θεοῦ,
839 5432 940 5485 οὐκ
987 5432 1161 5496 ἄλλως
1192 5432 1476 5496 τεύξεσθαι
1536 5432 1631 5485 τοῦ
1677 5432 1859 5497 ἐλέους

274 5517 554 5587 ἠπίστατο
585 5518 617 5589 ἢ
649 5520 739 5573 διὰ
767 5522 862 5575 τοῦ
903 5525 1377 5595 προφητευομένου
1426 5525 1712 5596 σωτηρίου.
1771 5526 1860 5579 Διὸ

278 5615 340 5666 ἐν
372 5611 473 5682 μὲν
499 5613 577 5683 τῷ
605 5622 646 5668 ν’
672 5614 873 5685 ἔλεγεν·
920 5617 1170 5684 Ἀπόδος
1211 5636 1311 5686 μοι
1356 5617 1467 5686 τὴν
1498 5618 1861 5687 ἀγαίλίασιν

357 5770 403 5800 ⁷³
447 5768 592 5823 Psal.
629 5787 690 5837 ι..
731 5772 815 5825 Η.

1964 3219 2146 3273 nullus
2176 3217 2233 3272 in
2268 3216 2393 3273 [iliis
2429 3215 2711 3271 hominum
2739 3216 2918 3271 bonus
2962 3217 3327 3286 reperiretur,
3363 3234 3531 3287 quare

1962 3325 2060 3381 pro
2092 3310 2289 3365 chorea
2321 3310 2589 3380 psalmum
2626 3306 2735 3361 dici
2766 3307 3051 3377 inscriptio
3084 3310 3385 3380 signiﬁcat?
3428 3309 3530 3367 γε.

1963 3420 2103 3459 rum'
2133 3403 2323 3467 dicas,
2372 3402 2499 3472 quia
2549 3416 2739 3457 omnes
2788 3400 3194 3457 declinaverant
3237 3419 3410 3474 usque
3462 3404 3531 3458 ad

1964 3510 2153 3559 unum,
2188 3509 2251 3547 ac
2276 3492 2517 3562 corrupti
2558 3500 2713 3547 erant
2742 3494 2837 3562 qui
2869 3493 2923 3559 in
2954 3501 3099 3548 terra
3130 3497 3492 3552 versabantur
3513 3537 3530 3559 ,

1959 3595 2014 3641 et
2041 3584 2433 3640 abominabiles
2466 3583 2592 3639 iacti
2614 3592 2771 3638 erant
2804 3584 2859 3638 in
2891 3586 3306 3655 iniquitatibus;
3338 3590 3531 3643 merito

1960 3678 2278 3749 prophetam
2307 3678 2363 3731 in
2383 3676 2736 3745 sequentibus
2767 3687 3045 3746 precatum
3078 3678 3164 3733 his
3187 3680 3367 3735 verbis
3386 3696 3529 3745 esse,

1962 3770 2092 3836 Quis
2111 3768 2257 3821 dabit
2296 3781 2360 3820 ex
2391 3766 2519 3821 Sion
2546 3766 2797 3821 Salutare
2829 3765 3043 3822 Israel?
3070 3784 3186 3821 cum
3227 3772 3532 3825 converterit

1962 3862 2217 3916 Dominus
2243 3861 2597 3929 captivitatem
2646 3859 2807 3928 plebis
2834 3875 2965 3923 sum,
3006 3861 3292 3915 exsultabit
3330 3860 3529 3926 Iacob,

1959 3964 2009 4010 et
2047 3954 2313 4009 lwtabitur
2353 3952 2546 4008 Israel.
2579 3951 2713 4005 Nam
2748 3952 3047 4022 prophetici
3079 3955 3306 4024 Spiritus
3349 3956 3531 4012 atilatu

1962 4055 2209 4111 noverat,
2241 4062 2337 4117 per
2373 4046 2623 4099 Salutare
2655 4045 2787 4099 illud
2807 4085 2821 4107 ,
2850 4046 3214 4115 captivitatem
3243 4049 3416 4118 plebis
3446 4066 3533 4105 re-

1962 4155 2240 4195 versurum
2274 4146 2328 4194 et
2355 4137 2693 4193 liberandam
2722 4154 2843 4193 esse
2870 4148 2934 4194 ex
2982 4140 3326 4201 inimicorum
3356 4141 3532 4197 domi-

1962 4240 2115 4289 natu.
2147 4231 2356 4298 Quibus
2386 4230 2651 4285 absolutis
2677 4268 2692 4292 ,
2744 4230 2838 4286 Dei
2873 4230 3130 4286 choream
3176 4248 3241 4287 ex
3275 4234 3464 4289 iisdem
3500 4251 3530 4289 a

1963 4326 2274 4397 captivitate
2304 4325 2547 4379 liberatis
2569 4324 3007 4379 constituendam
3033 4340 3175 4381 esse.
3209 4324 3339 4382 Jure
3370 4328 3530 4399 igitur

1962 4418 2075 4473 haac
2091 4418 2235 4472 dicta
2250 4416 2317 4471 ad
2347 4417 2506 4471 linem
2531 4417 2898 4480 remittuntur,
2923 4432 3016 4485 pro
3038 4416 3318 4483 .‘llaheletlt,
3338 4420 3390 4473 id
3421 4428 3527 4483 est,

1962 4526 2056 4579 pro
2086 4510 2272 4563 chorea
2325 4508 2469 4562 dicta
2518 4516 2646 4563 sunt
2677 4528 2689 4563 :
2732 4524 2794 4563 ac
2825 4509 2869 4563 si
2900 4509 3101 4564 clarius
3138 4511 3528 4579 explicaretur,

1963 4618 2063 4674 pro
2093 4603 2161 4658 iis
2193 4603 2283 4672 qui
2317 4602 2580 4656 liberandi
2609 4608 2737 4655 sunt
2785 4617 2814 4654 a
2856 4602 3196 4671 captivitate;
3228 4618 3397 4671 quare
3427 4619 3528 4658 nos

1964 4696 2032 4749 ad
2063 4693 2473 4763 intelligentiam
2505 4692 2751 4747 remittit.
2785 4691 2935 4746 Dicta
2972 4700 3149 4746 autem
3174 4702 3258 4747 est
3291 4695 3528 4764 prophe-

1962 4788 2060 4851 tia,
2093 4786 2300 4848 Davidi,
2349 4787 2473 4856 quia
2509 4786 2577 4839 ab
2627 4786 2742 4854 ipso
2778 4784 2977 4839 Davide
3008 4786 3255 4855 prolata;
3290 4803 3530 4858 quapro-

1966 4888 2085 4950 pter
2117 4878 2260 4949 apud
2314 4880 2674 4947 interpretes,
2720 4876 2974 4942 Davidis,
3010 4878 3268 4949 inscripta
3308 4890 3408 4935 est.
3450 4881 3529 4937 Ac

1966 4972 2074 5026 dici
2105 4978 2282 5041 potest
2314 4968 2569 5023 Davidem
2595 5008 2609 5033 ,
2643 4969 2731 5039 qui
2768 4976 2891 5023 ante
2918 4968 3162 5035 dixerat,
3212 4969 3324 5042 Ego
3354 4982 3529 5027 autem

1965 5065 2102 5117 sicut
2132 5064 2269 5117 oliva
2320 5061 2597 5132 fructifera
2629 5062 2681 5115 in
2715 5060 2869 5115 domo
2904 5061 3023 5128 Dei,
3056 5065 3256 5132 speravi
3284 5066 3338 5117 in
3370 5066 3529 5119 mise-

1966 5155 2202 5211 rieordia
2233 5155 2350 5219 Dei,
2387 5156 2522 5210 bene
2552 5154 2768 5210 novisse
2806 5169 2864 5209 se
2897 5170 3005 5209 non
3036 5156 3141 5210 alio
3171 5156 3331 5211 modo
3361 5158 3529 5213 mise-

1963 5250 2257 5305 ricordiam
2303 5255 2728 5305 consecuturum
2758 5263 2911 5313 esse,
2968 5263 3130 5319 quam
3164 5265 3260 5319 per
3292 5251 3529 5305 salutare

1964 5339 2097 5394 illud
2127 5338 2269 5410 quod
2317 5339 2371 5393 in
2418 5338 2675 5394 vaticinio
2722 5338 3015 5394 ferebatur.
3062 5338 3424 5404 Quamobrem
3475 5341 3527 5395 in

1964 5432 2417 5503 quinquagesimo
2445 5430 2693 5486 dicebat:
2730 5429 2902 5485 Redde
2930 5431 3057 5484 mihi
3109 5430 3347 5485 lwtitiam
3369 5430 3526 5484 Salu-

1968 5526 2101 5579 taris
2132 5525 2207 5578 tui
2232 5525 2310 5590 ⁷¹;
2354 5524 2409 5578 in
2439 5523 2542 5579 hoc
2572 5533 2772 5585 autem,
2802 5522 2931 5589 Quis
2947 5522 3093 5575 dabit
3120 5537 3184 5575 ea:
3212 5522 3340 5575 Sion
3369 5519 3527 5575 Salu-

1969 5626 2080 5671 tare
2114 5614 2326 5671 Israel?
2354 5613 2599 5687 Rogabat
2637 5614 2837 5683 quippe
2863 5628 3151 5667 commune
3184 5612 3382 5666 bonum
3427 5612 3529 5667 sibi
