4010 6548
535 359 642 413 435

1239 354 1504 410 EUSEBII
1537 349 2012 411 CAESARIENSIS
2049 347 2199 406 OPP.
2231 345 2412 404 PARS
2449 344 2624 403 111.--
2650 345 3055 412 EXEGETICA,

3668 347 3774 402 156

534 491 755 547 quoque
798 475 1032 547 erogari.
1092 473 1347 530 Decimus
1398 475 1594 530 tertius
1645 474 1806 526 etiam
1852 487 2077 544 magnan

2203 468 2308 522 τοῦ
2345 467 2640 534 Σωτηρίω)
2655 483 2790 520 σου’
2825 467 2882 519 ἐν
2913 467 2968 519 δὲ
2982 466 3060 537 τῷ
3088 461 3422 536 προκειμένα
3447 477 3462 491 ⁸
3482 462 3576 528 Τίς
3595 461 3772 517 δώσει

532 583 661 624 cum
693 569 1034 640 praecedenti,
1069 567 1277 622 scilicet
1297 582 1423 621 cum
1445 567 1787 630 duodecimo,
1823 567 1983 622 habet
2015 567 2098 620 af-

535 657 817 718 ﬁnitatem.
853 658 984 713 Nam
1031 667 1319 728 postquam
1349 659 1559 729 rogavit
1595 660 1732 713 idem
1785 660 1837 713 in
1893 661 2098 714 duode-

531 752 698 815 cimo,
729 765 793 805 ac
833 749 990 813 dixit,
1032 749 1334 821 Usquequo,
1389 751 1636 816 Domine,
1667 752 1986 806 oblivisceris
2019 769 2098 807 me
2143 781 2146 786 -

530 844 586 896 in
617 845 815 912 ﬁnem?
854 859 1115 914 usquequo
1158 845 1347 897 avertis
1407 844 1594 913 faciem
1644 855 1784 898 tuam
1827 862 1858 899 a
1902 862 1980 899 me
2014 847 2100 899 '3?

533 935 855 1005 quibusdam
889 944 1076 1005 postea
1111 935 1331 999 additis,
1375 938 1448 990 ita
1497 937 1738 990 claudit:
1775 935 1881 1008 Ego
1924 947 2095 991 autem

525 1027 584 1079 in
614 1027 976 1081 misericordia
1016 1035 1108 1080 tua
1135 1029 1355 1096 speravi.
1389 1027 1690 1082 Exsultabit
1721 1046 1810 1082 cor
1842 1047 2008 1084 meum
2040 1031 2094 1083 in

529 1120 775 1176 Salutari
818 1131 907 1176 tuo
927 1123 992 1178 ⁷⁸.
1020 1122 1084 1177 Et
1110 1127 1236 1194 quia
1268 1125 1321 1177 in
1350 1123 1672 1179 duodecimo
1688 1123 1935 1180 Salutare
1962 1126 2090 1180 illud

527 1215 866 1279 memoravit,
883 1217 939 1270 in
968 1216 1180 1272 decimo
1205 1217 1362 1272 tertio
1393 1227 1789 1288 consequenter
1809 1220 1884 1272 ait
1910 1239 1923 1274 :
1963 1219 2092 1286 Quis

524 1305 674 1361 dabit
694 1323 759 1362 ex
780 1306 909 1364 Sion
941 1307 1187 1363 Salutare
1225 1309 1435 1364 Israel?

2204 565 2273 617 ἐκ
2300 563 2452 616 Σιὼν
2499 563 2565 614 τὸ
2599 561 2900 630 Σωτήρων
2954 561 3060 615 τοῦ
3101 560 3375 628 Ἰσραήυ2;
3429 558 3631 629 Ηῠχετο
3661 559 3771 630 γὰρ

2205 655 2298 707 καὶ
2327 652 2473 723 αὑτῷ
2499 653 2713 725 δοθῆναι
2737 655 2798 706 τὸ
2823 653 2998 707 κοινὸν
3017 652 3234 721 ἀγαθόν.
3268 652 3376 705 Καὶ
3407 653 3434 704 6
3462 658 3527 720 ιγ’
3556 651 3614 704 δὲ
3635 651 3773 722 πρὸς

2202 745 2293 798 τὸν
2317 745 2422 817 πρὸ
2455 744 2640 808 αὐτοῦ,
2665 744 2806 812 λέγω
2829 745 2885 797 δὲ
2912 744 3002 798 τὸν
3027 745 3116 800 ιϐ’.
3145 743 3342 814 πολλὴν
3368 739 3511 813 εἶχεν
3543 743 3768 796 ἀκολου-

2201 837 2342 892 θίαν.
2376 838 2682 908 Εύξάμενος
2707 836 2816 908 γὰρ
2864 839 2922 888 ἐν
2948 835 3026 907 τῷ
3058 836 3145 898 ιϐ’,
3173 837 3201 888 6
3258 835 3418 898 αὐτὸς
3453 835 3547 888 καὶ
3575 834 3766 888 εἰπών·

2203 933 2356 998 Ἕως
2393 934 2554 991 πότε,
2588 931 2785 997 Κύριε,
2824 927 3091 996 ἐπιλήσῃ
3133 946 3250 997 μου
3304 929 3391 992 είς
3416 925 3629 992 τέλος;
3657 926 3769 992 ἕως

2199 1025 2343 1076 πότε
2371 1021 2764 1090 ἀποστρέφεις
2809 1020 2875 1073 τὸ
2934 1020 3256 1089 πρόσωπόν
3289 1033 3405 1071 σου
3448 1015 3549 1072 ἀπ’
3581 1016 3725 1086 ἐμοῦ
3748 1031 3801 1096 ;⁵

2201 1113 2393 1168 καὶτὰ
2452 1113 2660 1176 τούτοις
2695 1112 2822 1182 ἑξῆς
2852 1111 3124 1180 συνάψας,
3192 1109 3450 1177 ἐπιλέγειο
3498 1107 3648 1177 Ἐγὼ
3699 1105 3770 1160 δὲ

2197 1204 2294 1256 ἐπὶ
2324 1202 2404 1269 τῷ
2425 1203 2580 1258 ἐλέει
2617 1217 2734 1258 σου
2767 1203 3017 1272 ἤλπισα.
3058 1200 3509 1271 Ἀγωιλιάσεται
3547 1201 3585 1268 ἡ
3622 1216 3769 1267 καρ-

2199 1296 2298 1349 δία
2320 1314 2439 1366 μου
2468 1296 2564 1350 ἐπὶ
2586 1297 2667 1362 τῷ
2699 1297 2968 1364 Σωτηρίῳ
2987 1311 3121 1350 σου.
3154 1295 3261 1348 Καὶ
3283 1294 3576 1366 ἐπειδήπερ
3601 1294 3770 1364 ἐμνη-

527 1401 755 1472 μόνευσε
787 1403 881 1457 τοῦ
920 1405 1190 1477 Σωτηρίου
1223 1406 1281 1459 ἐν
1312 1404 1390 1477 τῷ
1415 1405 1500 1471 ιϐ’,
1558 1407 1616 1460 ἐν
1665 1407 1738 1478 τῷ
1766 1415 1832 1477 ιγ’
1864 1409 2168 1476 ἀκολούῡως
2205 1414 2368 1485 φησί·
2428 1415 2522 1480 Τίς
2581 1414 2757 1469 δώσει
2817 1415 2884 1468 ἐκ
2949 1413 3102 1468 Σιὼν
3167 1413 3234 1467 τὸ
3301 1410 3597 1480 Σωτήριον
3661 1409 3768 1464 τοῦ

531 1496 773 1564 Ἰσραήλ
792 1516 814 1564 ;

593 1512 618 1551 r
733 1503 814 1564 .1;

593 1499 885 1664 lﬁzgriptio
919 1593 1122 1664 itaque,
1154 1609 1274 1664 quae
1321 1593 1490 1648 multa
1525 1601 1644 1667 eget
1694 1595 2086 1667 intelligentia,

519 1697 623 1753 pro
665 1683 863 1738 chorea
905 1683 1187 1739 dicebatur
1236 1699 1332 1754 per
1363 1681 1612 1740 Salutare
1669 1686 1723 1740 in
1775 1688 2088 1743 hominibus

2276 1597 2338 1651 'H
2379 1598 2478 1669 μὲν
2500 1593 2592 1652 οῦν
2619 1597 2935 1670 προγραφὴ,
2967 1595 3164 1666 πολλῆς
3213 1595 3477 1658 συνέσεως
3513 1595 3764 1666 δεομένη,

2196 1688 2336 1762 ὑπὲρ
2365 1690 2460 1760 τῆς
2499 1689 2713 1762 χορείας
2754 1689 2987 1758 ἐλέγετο,
3044 1688 3143 1758 τῆς
3197 1687 3495 1758 μελλούσης
3553 1688 3638 1740 διὰ
3672 1687 3766 1741 τοῦ

519 1776 926 1841 constituenda,
955 1791 1020 1832 ac
1050 1784 1172 1848 post
1202 1774 1503 1833 Salvatoris
1533 1781 1709 1834 nostri
1730 1779 1857 1835 Jesu
1889 1780 2073 1838 Christ

2194 1781 2468 1852 Σωτηρίω
2501 1781 2845 1834 συνίστασθαι
2880 1783 2936 1834 ἐν
2987 1778 3310 1852 ἀνθρὼποις’
3348 1781 3470 1851 ἥτις
3500 1780 3646 1852 ἔργῳ
3671 1783 3766 1834 ἐπ-

518 1868 812 1922 adventum
860 1883 1023 1938 opere
1067 1868 1336 1938 perlecta;
1390 1885 1486 1940 per
1538 1886 1700 1940 quem
1749 1871 1804 1926 in
1837 1874 2092 1929 universo

518 1961 653 2014 orbe
687 1976 791 2013 una
815 1961 1061 2016 constitit
1095 1961 1204 2016 Deo
1226 1963 1446 2025 chorea,
1464 1964 1644 2032 qualis
1665 1963 1778 2017 visa
1811 1981 2089 2037 nunquam

520 2051 719 2115 fuerat,
752 2053 961 2108 scilicet
988 2053 1258 2108 catholica
1285 2053 1526 2109 Ecclesia
1555 2055 1668 2121 Dei,
1696 2073 1858 2126 supra
1886 2058 2090 2112 ﬁrmam

519 2143 961 2216 immobilemque
980 2147 1236 2201 salutaris
1267 2148 1414 2202 verbi
1446 2158 1654 2218 petram
1685 2148 1926 2203 fundata.
1960 2149 2091 2216 Qua:

519 2242 702 2289 autem
730 2235 888 2289 initio
932 2236 1226 2307 prophetiae
1260 2240 1552 2302 dicuntur,
1610 2240 1853 2294 omnium
1905 2244 1998 2310 qui
2032 2242 2088 2294 in

517 2334 665 2381 terra
717 2335 844 2382 sunt
877 2328 1159 2383 hominum
1193 2331 1354 2399 quasi
1404 2331 1746 2402 naufragium
1799 2333 2085 2387 inducunt.

516 2415 653 2472 Nam
683 2420 798 2474 ait:
844 2420 996 2474 Dixit
1048 2422 1299 2489 insipiens
1350 2423 1404 2476 in
1453 2425 1608 2478 corde
1648 2441 1788 2479 suo:
1844 2424 1964 2478 Non
2007 2435 2084 2478 est

515 2510 678 2567 Deus.
711 2512 960 2584 Carrupti
1012 2525 1137 2569 sunt
1190 2525 1239 2568 et
1284 2516 1661 2572 abominabiles
1711 2519 1841 2586 facti
1876 2520 2084 2574 suntin

515 2605 790 2676 iniquitate
820 2622 838 2658 :
870 2623 973 2659 non
1016 2616 1092 2660 est
1126 2607 1216 2670 qui
1254 2606 1415 2674 faciat
1468 2605 1679 2662 bonum.
1724 2607 1922 2662 Eadem
1956 2625 2085 2664 vero

515 2697 572 2752 in
607 2713 704 2751 xm
763 2697 1073 2762 habentur,
1113 2699 1346 2753 maxime
1400 2699 1696 2754 secundum
1761 2700 2082 2756 llebraicam

512 2789 792 2860 linguam,
835 2789 892 2842 in
928 2804 1038 2859 qua
1083 2789 1271 2844 eadem
1326 2791 1510 2851 verba.
1547 2793 1748 2847 eaedem
1801 2794 1992 2849 littera:
2028 2796 2082 2849 in

512 2881 780 2936 ambobus
816 2881 1039 2951 psalmis
1069 2880 1347 2947 feruntur;
1379 2886 1478 2938 etsi
1533 2884 1584 2938 in
1614 2887 1862 2941 versione
1894 2897 2082 2942 nostra

510 2972 776 3044 quasdam
803 2972 1048 3028 diversas
1076 2988 1236 3028 voces
1287 2975 1540 3045 praeferre
1587 2978 1888 3032 videantur.
1945 2980 2081 3034 Nam

509 3081 608 3135 pro
638 3067 762 3130 illo,
798 3063 1046 3130 Corrupti
1076 3075 1198 3118 sunt
1226 3076 1273 3119 et
1310 3066 1690 3121 abominabiles
1711 3070 1839 3136 facti
1871 3079 1992 3123 sunt
2026 3071 2080 3123 in

2192 1872 2447 1942 ετελέσθη
2484 1875 2621 1943 μετὰ
2669 1873 2768 1942 τὴν
2819 1873 3133 1941 ἐπιφάνειαν
3172 1871 3266 1925 τοῦ
3305 1871 3554 1942 Σωτῆρος
3607 1873 3765 1941 ἡμῶν

2205 1965 2376 2037 Ἰησοῦ
2415 1965 2671 2038 Χριστοῦ·
2701 1965 2767 2019 δι’
2797 1961 2854 2020 οὗ
2873 1965 2990 2018 καθ’
3021 1964 3147 2036 ὅλης
3174 1965 3271 2036 τῆς
3308 1965 3630 2037 οἰκουμένης
3667 1966 3764 2036 μία

2194 2059 2424 2132 συνέστη
2483 2059 2559 2130 τῷ
2597 2060 2713 2131 Θεῷ
2755 2060 2962 2131 χορεία,
2996 2059 3082 2111 οἵα
3132 2055 3492 2120 οὐδεπώποτε,
3545 2059 3578 2129 ἠ
3631 2059 3765 2110 καθ⁸

2193 2150 2349 2223 ολικὴ
2374 2149 2469 2203 τοῦ
2499 2150 2632 2204 Θεοῦ
2677 2150 2972 2221 Ἐκκλησία
2997 2149 3088 2202 ἐπὶ
3126 2149 3224 2220 τὴν
3255 2149 3467 2220 ἀρραγῆ
3492 2149 3585 2201 καὶ
3607 2149 3728 2202 ἆσει
3755 2184 3763 2192 -

2191 2258 2314 2294 στον
2347 2241 2550 2313 πέτραν
2584 2241 2678 2294 τοῦ
2709 2241 2973 2313 σωτηρίου
3006 2240 3162 2308 λόγου
3193 2239 3652 2311 τεθεμελιωμένη.
3679 2241 3760 2293 Τὰ

2187 2333 2244 2386 δὲ
2272 2335 2328 2386 ὲν
2355 2335 2496 2405 ἀρχῇ
2541 2333 2640 2405 τῆς
2689 2332 3022 2404 προφητείας
3059 2332 3326 2402 λεγόμενα
3359 2333 3609 2385 ἁπάντων
3652 2332 3759 2385 τῶν

2188 2425 2278 2477 ἐπὶ
2315 2423 2418 2494 γῆς
2453 2423 2752 2496 ἀνθρώπων
2783 2423 2970 2496 ῶσπερ
3001 2441 3051 2476 τι
3082 2423 3338 2490 ναυάγιον
3367 2424 3592 2492 εἰσάγει.
3621 2420 3758 2476 Εἷπε

2186 2517 2313 2587 γάρ·
2347 2517 2542 2584 Φησὶεν
2570 2517 2772 2585 ἄφρων
2821 2515 2891 2568 ἐν
2943 2514 3158 2583 καρδίᾳ
3188 2515 3394 2569 αὐτοῦ’
3453 2519 3572 2569 Οὐκ
3624 2517 3756 2569 ἐστι

2187 2608 2348 2673 Θεός.
2376 2606 2788 2676 Διεερθὰρησαν
2811 2606 2907 2660 καί
2942 2605 3393 2673 ἐϐδελύχθησαν
3421 2605 3490 2658 ὲν
3516 2606 3756 2672 ἀνομίᾳ·

2184 2701 2295 2752 οὐκ
2320 2699 2451 2752 ἔστι
2489 2696 2674 2751 ποιῶν
2729 2697 2971 2768 ἀγαθόν.
3006 2697 3086 2749 Τὰ
3121 2696 3259 2750 αὐτὰ
3281 2697 3336 2749 δέ
3359 2698 3452 2749 καὶ
3486 2698 3542 2748 ἐν
3581 2696 3659 2765 τῷ
3691 2702 3755 2763 ιγ’

2183 2790 2458 2860 ἐδηλοῦτο,
2490 2789 2721 2860 μάλιστα
2748 2788 2889 2842 κατὰ
2927 2789 3024 2859 τὴν
3075 2788 3365 2860 Ἑϐραῖκὴν
3389 2787 3662 2856 γλῶσσαν,
3699 2791 3758 2841 ὲν

2183 2877 2216 2956 ᾖ
2253 2887 2306 2936 αἱ
2333 2883 2494 2938 αὑταὶ
2520 2882 2691 2948 λέξεις
2719 2883 3048 2955 ἐμφέρονται
3104 2884 3198 2936 καὶ
3240 2883 3306 2935 τὰ
3336 2884 3473 2935 αὐτὰ
3518 2887 3754 2952 στοιχεῖα

2181 2979 2239 3029 ἐν
2273 2975 2632 3046 ἀμφοτέροις’
2675 2977 2722 3027 εί
2763 2977 2854 3028 καὶ
2881 2975 3114 3044 μάλιστα
3139 2975 3236 3044 τῆς
3257 2976 3384 3042 παρ’
3423 2975 3555 3044 ἡμῖν
3589 2977 3757 3045 ἑρμη-

2180 3068 2348 3130 νείας,
2405 3067 2576 3131 λέξεις
2613 3067 2762 3130 τινὰς
2803 3067 3206 3138 ἐνηλλαγμένας
3259 3066 3535 3138 περιέχειν
3586 3069 3749 3122 δοκεῖ.

509 3159 823 3228 i'niquitate;
865 3157 1109 3212 decimus
1149 3161 1369 3223 tertius,
1422 3159 1671 3229 Corrupti
1717 3174 1837 3215 sunt
1881 3173 1930 3216 et
1987 3163 2077 3216 ab-

2193 3158 2336 3211 Ἀντὶ
2374 3158 2480 3229 γὰρ
2508 3157 2621 3220 τοῦ,
2671 3157 3014 3226 Διέρθειραν
3052 3158 3148 3211 καί
3187 3157 3644 3226 ἐϐδε.1ὐχθησαν
3685 3160 3755 3211 ἐν

507 3249 819 3305 ominabiles
857 3249 988 3318 facti
1029 3259 1150 3303 sunt
1189 3250 1462 3306 in'studiis
1498 3253 1542 3284 ⁷⁵
1574 3272 1586 3306 ;
1621 3269 1684 3306 ac
1729 3270 1946 3308 rursum
1983 3271 2079 3324 pro

508 3342 630 3402 illo,
675 3338 797 3394 Non
819 3349 894 3393 est
916 3341 1004 3410 qui
1035 3341 1199 3406 faciat
1227 3340 1436 3404 bonum,
1467 3344 1626 3398 habet
1659 3345 1747 3399 ille
1771 3385 1785 3408 ,
1843 3344 1963 3398 Non
2004 3356 2079 3400 est

502 3434 594 3504 qui
630 3432 794 3501 faciat
821 3431 1106 3486 bonitatem
1132 3433 1177 3464 ⁷³
1203 3451 1216 3488 :
1254 3449 1378 3487 nam
1409 3435 1699 3490 diversitas
1731 3435 1872 3505 apud
1906 3415 2069 3491 inter-

507 3531 689 3595 pretes
737 3524 910 3578 solum
958 3523 1147 3580 fertur.
1173 3523 1268 3579 His
1313 3541 1475 3595 porro
1519 3528 1861 3598 signiﬁcatur
1893 3533 2076 3602 lapsas

507 3631 736 3686 prorsus
763 3614 931 3670 fuisse
958 3629 1277 3672 communes
1318 3617 1385 3672 de
1415 3617 1522 3673 Deo
1551 3621 1939 3691 cogitationes;
1990 3632 2076 3677 at-

504 3723 612 3778 que
639 3708 856 3778 impiam
887 3708 1354 3779 irreligiosamque
1379 3713 1624 3765 omnium
1644 3714 1922 3769 hominum
1951 3732 2077 3772 sen-

507 3801 732 3857 tentiam
761 3810 886 3857 ante
905 3801 1204 3858 Salvatoris
1216 3803 1399 3859 nostri
1428 3804 1720 3860 adventum
1745 3809 2070 3865 obtinuisse.

503 3891 642 3947 Nam
703 3908 828 3947 cum
895 3892 1036 3948 Deus
1092 3893 1146 3946 in
1206 3895 1591 3952 communibus
1653 3899 2074 3966 cogitationibus

504 3985 648 4039 bona
681 3985 1003 4056 cognitionis
1033 4001 1146 4040 suae
1193 3988 1399 4042 semina
1424 3987 1619 4057 jecerit
1647 4033 1662 4055 ,
1714 4007 1984 4060 quemque
2017 3995 2071 4046 in

505 4076 817 4132 hominibus
851 4076 1195 4146 insipientem
1237 4086 1386 4132 tanta
1440 4081 1725 4135 subversio
1771 4096 2074 4152 occupave-

505 4179 610 4235 rat,
641 4177 700 4222 ut
733 4169 953 4238 impiam
992 4172 1315 4226 sententiam
1359 4172 1415 4226 in
1447 4183 1626 4228 mente
1660 4189 1760 4228 sua
1794 4185 2068 4242 servaret,

504 4277 568 4315 ac
601 4262 809 4316 nullum
853 4277 996 4326 esse,
1038 4278 1138 4318 nec
1168 4264 1224 4318 in
1273 4265 1528 4320 universo
1563 4267 1844 4323 exstitisse
1873 4268 2065 4334 Deum,

501 4357 785 4426 cogitaret.
827 4357 891 4412 Et
920 4358 1010 4412 hic
1044 4374 1175 4414 sane
1207 4373 1332 4411 vere
1365 4359 1556 4412 atheus
1595 4367 1650 4412 et
1681 4375 1906 4428 prorsus
1934 4363 2068 4417 insi-

501 4448 655 4519 piens
692 4458 831 4516 erat,
862 4453 956 4522 qui
992 4465 1170 4522 neque
1198 4451 1589 4521 providentiam
1625 4454 1808 4507 omnia
1857 4456 2067 4524 prospi-

2181 3251 2416 3319 ἀνομίᾳ,
2443 3253 2471 3302 6
2501 3257 2587 3318 ιγ’,
2613 3249 3030 3319 Διεερθάρησαν
3068 3252 3160 3304 καὶ
3193 3250 3649 3320 ἑϐδελύχθησαν
3683 3253 3711 3303 ὲ
3730 3271 3755 3293 ι·

2180 3342 2625 3409 ἐπιτηδεύμασι·
2654 3344 2745 3395 καὶ
2773 3343 2931 3395 πάλιν
2965 3343 3081 3394 ἀντὶ
3109 3341 3222 3407 τοῦ,
3258 3346 3377 3396 Οὐκ
3408 3345 3537 3396 ἔστι
3566 3342 3754 3395 ποιῶν

2178 3434 2420 3502 ἀγαθὸν,
2460 3436 2580 3486 οὐκ
2609 3433 2740 3487 ἔστι
2793 3433 2978 3486 ποιῶν
3035 3435 3433 3502 χρηστότητα,
3482 3436 3747 3506 περιέχει·

2181 3524 2331 3595 παρὰ
2360 3525 2466 3594 γὰρ
2504 3525 2628 3588 τοὺς
2659 3525 3098 3596 ἑρμηνεύσαντας
3131 3527 3163 3596 ἡ
3195 3525 3456 3596 ἐναλλαγὴ
3496 3528 3744 3596 φέρεται,

2179 3615 2436 3685 Σημαίνει
2468 3615 2523 3667 δὲ
2551 3615 2638 3669 διὰ
2689 3616 2890 3668 τούτων
2917 3618 2944 3667 6
2973 3614 3126 3684 λόγος
3171 3615 3268 3686 τὴν
3307 3615 3578 3668 ἔκπτωσιν
3643 3617 3751 3670 τῶν

2178 3707 2370 3760 κοινῶν
2420 3709 2548 3779 περὶ
2594 3707 2727 3760 Θεοῦ
2767 3707 3016 3772 ἐννοιῶν,
3082 3707 3175 3759 καὶ
3223 3707 3315 3760 τὸν
3363 3707 3594 3778 δυσσεϐῆ
3655 3709 3748 3761 καὶ

2177 3799 2333 3852 ἄθεον
2352 3799 2608 3870 λογισμὸν
2652 3801 2750 3870 τῆς
2782 3799 3199 3870 ἁνθρωπότητος
3230 3799 3446 3869 ἁπάσης
3487 3800 3592 3871 πρὸ
3647 3801 3746 3869 τῆς

2174 3891 2268 3944 τοῦ
2293 3893 2540 3965 Σωτῆρος
2569 3895 2601 3962 ἡ
2613 3892 2726 3963 μῶν
2759 3893 3078 3960 ἐπιφανείας
3111 3894 3570 3963 ἐπικρατήσαντα.
3636 3893 3743 3944 Τοῦ

2174 3981 2279 4054 γὰρ
2307 3981 2440 4035 Θεοῦ
2476 3986 2595 4046 ταῖς
2635 3985 2836 4046 κοιναῖς
2867 3984 3091 4047 ἐννοίαις
3123 3982 3303 4052 ἀγαθὰ
3328 3985 3614 4052 σπέρματα
3645 3983 3746 4052 τῆς

2173 4078 2302 4148 περὶ
2349 4075 2512 4129 αὐτοῦ
2551 4076 2803 4143 γνώσεως
2853 4075 3344 4147 καταϐαλλομένου,
3384 4075 3618 4146 τοσαύτη
3662 4094 3745 4139 τις

2172 4172 2434 4241 κατέσχεν
2453 4171 2748 4242 διαστροφὴ
2772 4171 2947 4223 πάντα
2979 4171 3069 4222 τὸν
3105 4172 3162 4222 ἐν
3185 4168 3486 4243 ἀνθρώποις
3510 4171 3738 4240 ἄφρονα,

2171 4265 2245 4329 ώς
2265 4264 2422 4330 δόξαν
2463 4263 2621 4317 ἄθεον
2672 4262 2829 4333 ἐντῷ
2861 4261 3050 4315 ἑαυτοῦ
3117 4261 3361 4332 λογισμῷ
3413 4261 3739 4332 κτήσασθαι,

2169 4358 2262 4411 καὶ
2291 4358 2372 4410 ὅτι
2412 4357 2596 4428 μηδείς
2629 4359 2742 4410 ἐστι
2781 4355 2912 4427 μηδὲ
2956 4355 3255 4424 ὑφέστηκεν
3294 4355 3350 4406 ἐν
3379 4353 3454 4424 τῷ
3510 4355 3673 4407 παντὶ
3709 4357 3742 4406 6

2169 4451 2297 4514 Θεὸς
2317 4450 2680 4521 διανοηθῆναι.
2733 4445 2899 4511 Οὗτος
2956 4449 3052 4518 μὲν
3082 4443 3174 4500 οὖν
3221 4446 3434 4516 ἀληθῶς
3467 4446 3625 4509 ἄθεος
3653 4464 3740 4509 τις

498 4541 753 4610 cientem,
784 4560 960 4615 neque
998 4555 1230 4598 mentem
1262 4545 1408 4597 illam
1447 4545 1838 4608 universalem,
1889 4563 2064 4616 neque

2180 4537 2234 4613 ἣν
2263 4542 2356 4594 καὶ
2408 4542 2682 4606 παντελῶς
2736 4542 2944 4611 ἄφρων,
3001 4538 3125 4592 οὔτε
3167 4540 3420 4610 πρόνοιαν
3461 4538 3527 4590 τὰ
3561 4540 3736 4591 πάντα

497 4633 858 4704 substantiam
896 4633 1077 4688 omnia
1111 4643 1524 4702 exsuperantem
1562 4638 1915 4706 omniumque
1947 4639 2065 4705 opi-

499 4724 691 4788 ﬁcem,
734 4725 1000 4779 exsistere
1049 4723 1320 4780 deﬁniret.
1377 4723 1587 4793 Reliqui
1637 4740 1765 4779 vero
1812 4726 2062 4780 homines

497 4816 790 4869 multorum
810 4815 1093 4868 numinum
1113 4817 1282 4870 errori
1319 4832 1412 4886 per
1432 4817 1788 4872 idololatriam
1810 4835 1929 4873 sese
1951 4828 2061 4871 tras

495 4906 709 4970 dentes,
741 4907 847 4960 alio
873 4906 1197 4976 insipientia;
1223 4908 1383 4962 modo
1413 4910 1464 4963 in
1496 4911 1697 4964 nullius
1729 4909 1821 4964 Dei
1855 4912 2062 4964 cultum

497 4997 732 5065 prolapsi
765 5003 926 5051 sunt:
960 4999 1049 5067 qui
1089 4999 1248 5052 etiam
1297 5014 1487 5069 sparsa
1527 5000 1616 5052 illa
1657 5001 1710 5053 in
1761 5017 1818 5055 se
1848 5002 1915 5054 de
1958 5001 2064 5054 Deo

495 5101 626 5141 sana
659 5089 866 5141 semina
894 5091 1270 5143 exstinxerunt
1295 5129 1310 5152 ,
1353 5106 1415 5143 ac
1451 5101 1786 5143 mortuorum
1835 5092 2056 5145 simula-

490 5195 712 5235 crorum
766 5181 1153 5236 ahominationi
1203 5197 1262 5236 se
1307 5181 1653 5244 dediderunt,
1683 5197 1804 5251 quae
1854 5184 2057 5237 nullius

489 5273 650 5343 pretii
670 5279 723 5327 et
746 5289 871 5328 vere
900 5273 1230 5329 exsecranda
1251 5284 1432 5337 erant,
1465 5275 1724 5328 colentes.
1758 5273 1938 5340 Quare
1968 5273 2056 5328 di—

484 5379 636 5421 ctum
673 5373 796 5420 est:
829 5366 1074 5436 Corrupti
1113 5378 1300 5420 suntet
1330 5367 1710 5420 abominabiles
1761 5369 1890 5435 [acti
1932 5377 2055 5420 sunt

483 5463 535 5512 in
573 5460 864 5530 iniquitate.
921 5459 1075 5525 Quod
1124 5461 1324 5513 clarius
1372 5460 1758 5526 interpretatus
1805 5458 2052 5529 Symma-

482 5553 617 5606 rhus
652 5559 736 5607 est
771 5551 854 5604 his
882 5551 1099 5615 verbis,
1135 5549 1382 5616 Corrupti
1420 5560 1537 5602 sunt
1581 5559 1628 5602 et
1672 5549 2054 5604 abominationi

483 5647 794 5700 studuerunt
811 5658 928 5694 cum
940 5639 1231 5708 iniquitate.
1249 5641 1651 5695 Abominationi
1677 5658 1910 5713 namque
1938 5651 2054 5698 stu-

552 5799 598 5830 "
639 5797 782 5855 Psal.
815 5812 924 5865 xu,
960 5798 1011 5853 ί.
1086 5796 1131 5828 ⁷⁸
1171 5796 1300 5852 ibid.
1337 5796 1390 5852 6.
1466 5797 1513 5830 τ’
1553 5796 1696 5853 Psal.
1735 5813 1862 5865 xm,
1903 5799 1951 5853 l.

2167 4632 2470 4704 ἐφορῶσαν,
2507 4630 2629 4685 οὔτε
2653 4631 2775 4684 νοῦν
2795 4631 2886 4684 τὸν
2911 4629 3160 4692 καθόλου,
3181 4628 3303 4682 οὔτε
3361 4630 3455 4700 τὴν
3482 4631 3737 4682 ἐπέκεινα

2166 4723 2271 4776 τῶν
2303 4723 2438 4776 ὅλων
2461 4723 2646 4777 ούσίαν
2700 4721 2797 4794 τὴν
2825 4721 3077 4775 ἁπάντων
3101 4721 3404 4791 ποιητικὴν,
3443 4721 3736 4788 ὑφεστάναι

2164 4819 2496 4889 ὁριζόμενος
2552 4819 2601 4870 οἱ
2645 4817 2700 4870 δὲ
2755 4817 2931 4870 λοιποὶ¹
2973 4815 3078 4868 τῶν
3119 4814 3439 4886 ἀνθρώπιον,
3492 4815 3738 4884 πολυθέῳ

2167 4911 2340 4982 πλάνῃ
2372 4914 2434 4982 τῇ
2470 4910 2608 4964 κατὰ
2633 4910 2730 4982 τὴν
2753 4908 3189 4981 εἰδωλολατρείαν
3219 4909 3442 4971 ἑαυτοὺς
3467 4907 3733 4969 ἐκδόντες,

2166 5003 2335 5074 ἑτέρῳ
2362 5001 2670 5073 ἀφροσύνης
2714 5001 2896 5071 τρόπῳ
2929 5003 3006 5064 εἰς
3055 4999 3319 5070 ἀθεότητα
3357 4998 3733 5052 πεπτώκασιν·

2161 5095 2208 5147 οἳ
2240 5097 2331 5148 καὶ
2360 5096 2510 5148 αὐτοὶ
2545 5094 2854 5164 διέφθειραν
2887 5093 2953 5145 τὰ
2983 5091 3252 5162 σπαρέντα
3304 5092 3361 5142 ἐν
3400 5091 3584 5152 αὐτοῖς
3605 5091 3734 5159 ὑγιῆ

2161 5184 2286 5255 περὶ
2311 5183 2444 5235 Θεοῦ
2480 5185 2789 5254 σπέρματα.
2820 5183 2914 5234 καὶ
2969 5183 3034 5250 τῇ
3087 5180 3193 5232 τῶν
3231 5179 3440 5251 νεκρῶν
3498 5180 3734 5232 εἰδώλων

2162 5274 2412 5346 βδελυρίᾳ
2433 5277 2656 5338 ἑαυτοὺς
2703 5273 3168 5346 παραδεδώκασιν,
3202 5273 3371 5342 ἄτιμα
3399 5273 3493 5325 καὶ
3516 5272 3732 5344 ἀληθῶς

2158 5364 2498 5436 βδελύγματα
2543 5366 2915 5430 σεϐασθέντες.
2972 5365 3061 5417 Διὸ
3111 5366 3340 5435 εἴρηται·
3383 5363 3734 5431 Διέφθειρατ·

2155 5462 2248 5514 καὶ
2280 5459 2733 5527 ἐϐδελύχθησαν
2783 5458 2853 5510 ἐν
2913 5457 3147 5525 ἀνομίᾳ·
3208 5454 3236 5507 ὃ
3286 5454 3349 5526 δὴ
3398 5455 3732 5526 σαφέστερον

2155 5552 2498 5621 ἡρμήνευσεν
2554 5552 2579 5603 6
2618 5550 2907 5620 Σύμμαχος
2949 5546 3133 5599 εἰπών·
3170 5545 3584 5614 Διεςρθάρησαν
3627 5547 3724 5599 καὶ

2150 5643 2484 5712 βδελιψίίιν
2519 5642 2932 5709 ἐπετήδευσαν
2970 5639 3121 5709 μετὰ
3168 5638 3417 5702 ἀδικίας.
3491 5638 3728 5713 Ἐπετή-

2030 5797 2075 5829 ⁷⁸
2114 5797 2243 5852 ibid.
2279 5797 2329 5852 3.
