4010 6522
342 334 454 392 £57
1486 347 1986 405 COMMENTARIA
2026 349 2091 407 IN
2134 350 2469 409 PSALMOS.
3406 308 3429 326 ’
3491 351 3597 406 43s

337 457 533 511 Beudav
576 454 687 527 γὰρ
732 455 830 527 τὴν
879 455 1183 528 βδελυρίαν,
1225 459 1289 512 τά
1320 462 1395 531 μὴ
1426 460 1551 514 ὄντα
1584 463 1659 526 ὡς
1692 464 1820 516 ὄντα
1852 464 1911 517 ἂν

2024 466 2280 528 (luerunt,
2315 467 2379 521 iis
2403 481 2523 536 quae
2555 481 2660 520 non
2694 472 2871 529 erant,
2896 478 2957 520 ac
2980 464 3022 519 si
3052 464 3399 524 exsisterent.
3420 464 3595 523 simu»

338 552 851 622 είδωλοποιήσαντες
878 548 1015 624 μετά
1038 556 1137 626 τῆς
1153 557 1410 610 ἀνωτάτω
1448 558 1676 622 ἀδικίας.
1695 560 1791 623 Τίς
1813 561 1911 633 γὰρ

2027 557 2171 611 lacra
2203 557 2476 627 erigentes
2515 573 2640 612 cum
2691 574 2944 627 suprema
2995 557 3238 612 omnium
3288 556 3595 626 iniquitate.

336 640 403 694 ἂν
430 640 641 709 γένοιτο
674 643 883 715 ταύτης
905 646 1065 717 ἑτέρα
1097 650 1296 719 χείρων
1330 652 1532 710 ἀδικία.
1562 654 1682 707 καθ’
1724 656 1790 726 ἣν
1816 655 1911 724 φά-

2025 646 2208 717 Ecqua
2248 649 2391 703 enim
2426 648 2516 702 illa
2542 649 2780 704 deterior
2811 649 3091 719 iniquitas,
3124 663 3229 719 qua
3262 648 3507 726 dicentes
3535 663 3593 702 se

337 749 561 796 σκοντες
585 729 722 787 εἶναι
744 736 916 804 σοφοὶ,
939 737 1385 807 ἐμωράνθησαν,
1404 744 1501 796 και
1522 744 1796 813 ἤλλαξαν
1810 747 1911 813 τὴν

2024 740 2297 810 sapientes
2319 755 2462 804 esse,
2487 741 2638 795 stulti
2668 741 2801 811 facti
2828 750 2969 805 sunt,
2999 752 3047 795 et
3096 725 3439 794 mutaverunt
3472 739 3591 810 gloo

336 825 525 889 δόξαν
544 824 652 878 τοῦ
680 827 985 895 ἀφθάρτου
1016 829 1164 883 Θεοῦ
1211 830 1280 883 ἐν
1311 833 1625 901 ὁμοιώματι
1688 838 1911 903 εἰκόνος

2022 830 2160 883 riam
2217 830 2632 898 incorruptibilis
2690 831 2786 885 Dei
2828 831 2883 884 in
2916 829 3315 885 similitudinem
3343 827 3591 898 imaginis

336 918 603 987 φθαρτοῦ
663 919 1000 987 ἀνθρώπου,
1064 923 1161 975 καὶ
1227 924 1531 989 πετεινῶν,
1568 928 1667 980 καὶ
1719 946 1919 997 τετρα-

336 1008 557 1075 πόδων,
612 1012 710 1064 καὶ
762 1012 1053 1079 ἑρπετῶν,
1111 1015 1252 1069 κατὰ
1298 1017 1388 1071 τὸν
1459 1020 1601 1089 ἱερὸν
1665 1021 1919 1076 Ἀπόστο-

335 1101 424 1155 λον
445 1118 460 1162 ;

405 1189 528 1245 Εἶτ’
550 1194 857 1248 ἀκόλουθα
878 1193 1133 1263 δρῶντες
1153 1196 1275 1263 τοῖς
1298 1198 1495 1265 ἀθέοις
1517 1201 1613 1253 καὶ
1640 1201 1917 1271 διαστρό-

333 1299 469 1350 φοις
478 1284 1198 1356 ἐαυτῶνὲπιτηδεύμασιν,
1216 1291 1301 1355 είς
1321 1287 1444 1344 πᾶν
1478 1287 1638 1357 εἶδος
1658 1293 1803 1355 βίου
1819 1311 1921 1362 μο-

330 1374 582 1444 χθηρίας
613 1377 1114 1444 περιπεπτώκασι.
1145 1380 1235 1433 Διὸ
1252 1381 1560 1450 ἐπιλέγεται
1592 1383 1747 1452 ἑξῆςο
1797 1387 1918 1438 Οὐκ

334 1465 463 1517 ἔστι
478 1464 666 1519 ποιῶν
675 1468 915 1537 ἀγαθόν.
934 1469 988 1520 ’0
1003 1469 1145 1534 Θεὸς
1158 1469 1225 1523 ἐκ
1243 1470 1347 1524 τοῦ
1362 1473 1619 1539 οὐρανοῦ
1633 1472 1921 1541 διέκοψεν

334 1554 429 1608 ἐπὶ
459 1559 599 1622 τοὺς
618 1558 789 1624 υἱοὺς
818 1557 936 1611 τῶν
966 1559 1311 1627 ἀνθρώπων,
1348 1562 1454 1616 τοῦ
1491 1563 1640 1617 ὶδεῖν
1679 1566 1731 1617 el
1782 1563 1916 1617 ἐστι

332 1649 564 1701 συνιὼν
595 1650 633 1717 ἢ
655 1649 914 1717 ἐκζητῶν
957 1650 1063 1703 τὸν
1109 1652 1274 1705 Θεόν.
1322 1654 1549 1720 Πάντες
1575 1654 1915 1719 ἐξέκλιναν,

2022 923 2254 989 corrupti
2270 922 2517 985 hominis,
2539 932 2589 976 et
2608 923 2897 988 volucrum,
2914 931 2961 975 et
2978 920 3396 992 quadrupedum,
3411 930 3459 973 et
3478 936 3591 974 ser-

2019 1016 2271 1081 pentium,
2296 1016 2597 1071 secundum
2640 1022 2891 1071 sanctum
2918 1013 3238 1085 Apostolum
3268 1012 3346 1066 ’τί

2094 1188 2297 1243 Deinde
2346 1199 2718 1259 consequenter
2773 1195 2979 1259 agentes
3041 1186 3109 1239 ad
3166 1185 3327 1255 impia
3375 1193 3426 1259 et
3471 1200 3592 1254 per—

2021 1297 2171 1336 versa
2218 1282 2397 1335 studia
2446 1299 2566 1349 sua,
2616 1282 2670 1335 in
2721 1297 2924 1335 onmem
2973 1279 3323 1348 improbitatis
3369 1279 3590 1347 speciem

2018 1373 2160 1442 lapsi
2197 1384 2341 1428 sunt.
2384 1372 2564 1439 Quare
2590 1374 2789 1428 dehinc
2822 1373 3170 1443 subjungitur
3202 1390 3214 1425 :
3256 1369 3373 1424 Non
3399 1369 3591 1437 estqui

2018 1465 2187 1533 faciat
2231 1463 2445 1519 bonum.
2499 1464 2636 1518 Deus
2676 1465 2739 1519 de
2775 1465 2903 1519 cwlo
2945 1464 3209 1533 prospexit
3247 1478 3401 1531 super
3448 1459 3589 1529 ﬁlios

2020 1555 2326 1619 hominum,
2355 1567 2413 1610 ut
2442 1556 2610 1611 rideat
2636 1558 2682 1612 si
2708 1567 2785 1611 est
2816 1556 3131 1627 intelligens,
3188 1565 3280 1636 aut
3321 1553 3588 1622 requirens

2022 1649 2209 1705 Deum.
2265 1650 2458 1705 Omnes
2512 1650 2926 1713 declinaverunt,
2983 1648 3144 1702 simul
3191 1646 3401 1700 inutiles
3456 1644 3589 1713 facti

331 1736 453 1807 ἅμα
480 1741 911 1811 ἠγρειώθησαν,
967 1745 1078 1796 οὐκ
1139 1743 1271 1797 ἔστι
1318 1744 1504 1797 ποιῶν
1542 1747 1911 1814 χρηστότητα

2021 1751 2164 1804 sunt,
2196 1758 2298 1794 non
2328 1751 2407 1795 est
2449 1742 2539 1812 qui
2574 1742 2739 1810 faciat
2786 1742 3071 1795 bonitatem
3113 1756 3273 1809 usque
3303 1739 3370 1791 ad
3403 1752 3586 1792 unum.

332 1804 443 1897 ἕως
676 1833 735 1885 '0
756 1804 868 1903 *μὲν
892 1832 1081 1904 ἄφρων
1106 1834 1295 1903 ἠπάτα
1332 1804 1748 1901 ἑαυτὸν,”λέγων
1770 1804 1911 1907 ὲνῑτῇ

2022 1830 2291 1901 insipiens
2339 1847 2473 1888 sane
2520 1847 2642 1887 sese
2687 1833 2919 1901 decepit,
2966 1832 3154 1886 dicens
3197 1831 3251 1883 in
3297 1827 3459 1883 corde
3487 1842 3589 1882 suo

331 1922 529 1993 καρδίᾳ
565 1923 755 1977 ἑαυτοῦ
791 1923 865 1995 μὴ
899 1922 1036 1976 εἶναι
1064 1924 1218 1978 Θεόν·
1276 1926 1372 1978 καὶ
1424 1927 1475 1978 οἱ
1504 1924 1679 1980 λοιπολ⁵
1701 1927 1756 1980 δὲ
1788 1928 1911 1981 πάν-

2021 1937 2129 1977 non
2164 1938 2287 1978 esse
2335 1922 2504 1978 Deum
2542 1941 2556 1978 :
2598 1938 2663 1977 ac
2713 1924 2910 1994 reliqui
2960 1938 3152 1977 omnes
3193 1919 3588 1976 abominabiles

277 2067 290 2078 ,
328 2030 420 2077 τες
445 2015 847 2088 ὲδδελύχθησαν
899 2016 1182 2088 βδελυρίαν
1240 2017 1707 2088 ἐπιτηδεύσαντες.
1756 2019 1813 2071 '0
1862 2019 1911 2073 δὲ

2020 2016 2150 2073 facti
2174 2028 2322 2086 sunt,
2359 2017 2753 2075 abominationi
2784 2017 3088 2075 studentes.
3121 2017 3189 2071 At
3213 2032 3392 2072 sermo
3424 2030 3587 2076 verus

325 2105 536 2177 ἀληθὴς
569 2106 726 2175 λόγος
764 2108 854 2160 τὸν
887 2110 981 2161 ἐπὶ
1024 2108 1241 2163 πάντων
1272 2108 1405 2161 Θεὸν
1448 2109 1543 2162 καὶ
1572 2109 1776 2181 Κύριον
1820 2111 1911 2181 οὐκ

2019 2109 2179 2165 docet
2208 2124 2357 2174 eum,
2392 2108 2486 2179 qui
2521 2124 2688 2179 supra
2730 2110 2913 2164 omnia
2942 2119 3045 2175 est,
3087 2108 3256 2163 Deum
3297 2122 3361 2161 ac
3405 2105 3589 2160 Domi-

323 2194 633 2262 ὑφεστάναι
667 2197 828 2266 μόνον
857 2197 952 2251 καὶ
979 2198 1047 2252 τά
1097 2199 1271 2252 πάντα
1329 2200 1628 2270 περιέχειν,
1658 2199 1793 2253 ἀλλά
1819 2201 1911 2253 καὶ

2016 2217 2170 2264 num,
2202 2216 2311 2255 non
2347 2200 2614 2257 exsistere
2643 2202 2806 2256 modo
2833 2209 2888 2258 et
2928 2201 3110 2256 omnia
3138 2199 3423 2270 complecti
3449 2216 3463 2264 ;
3487 2197 3585 2252 sed

324 2288 534 2357 ἔτερᾷν
560 2289 652 2340 καὶ
677 2288 1123 2352 ἐπισκέπτεσθαι,
1157 2290 1218 2342 οὐ
1276 2288 1344 2342 τά
1370 2289 1597 2343 καθόλου
1623 2289 1763 2361 μέρη
1820 2290 1911 2343 τοῦ

326 2377 532 2440 παντὸς
565 2378 747 2447 μόνον,
778 2378 912 2431 ἀλλά
945 2380 1037 2431 καὶ
1066 2378 1132 2431 τὰ
1161 2378 1303 2432 κατὰ
1326 2378 1512 2451 μέρος,
1549 2381 1642 2433 καὶ⁵
1669 2382 1793 2443 τοὺς
1820 2382 1912 2434 ἐπὶ

326 2469 427 2539 τῆς
454 2470 556 2540 γῆς
576 2469 676 2532 τὰς
704 2469 985 2541 διατριϐάς
1015 2472 1369 2541 ποιουμένους
1389 2472 1538 2536 υἱοὺς
1568 2473 1676 2526 τῶν
1705 2472 1914 2545 ἀνθρώ-

327 2575 466 2619 πων,
498 2558 758 2612 διδάσκει.
807 2559 920 2612 Εἶτ’
953 2559 1249 2630 ἐπειδήπερ
1285 2560 1549 2633 πρόνοιαν⁷
1593 2562 1913 2632 ποιούμενος

326 2646 435 2699 τῶν
460 2646 590 2699 υίῶν
631 2647 745 2701 τῶν
802 2647 1127 2719 ἀνθρώπων,
1158 2649 1249 2702 τοῦ
1292 2649 1423 2702 ἰδίου
1481 2650 1742 2720 μεγέθους
1777 2653 1913 2705 ὑπο-ί

326 2735 549 2801 σαίνων,
602 2739 698 2790 καὶ
752 2737 942 2808 ὥσπερ
970 2738 1027 2804 ἐξ
1075 2739 1415 2811 ὑψηλσεάτης
1458 2740 1765 2812 ἀκρωρείας
1813 2742 1913 2813 τῆς

327 2827 587 2880 ἀνωτάτω
622 2828 716 2881 καὶ
738 2828 878 2900 ὑπὲρ
912 2828 1090 2882 πάντα
1117 2829 1399 2902 δυνάμεως
1419 2830 1638 2892 ἑαυτοῦ,
1658 2832 1913 2903 καθίησιν

327 2920 422 2972 ἐπὶ
445 2918 542 2990 τὴν
571 2918 841 2991 διάκρισιν
871 2920 982 2973 τῶν
1010 2922 1103 2973 ἐπὶ
1129 2921 1233 2992 γῆς
1255 2921 1580 2993 ἀνθρώπιον,
1598 2922 1912 2977 ἐπισκοπῶν

325 3008 382 3062 ei
411 3008 513 3062 πού
553 3009 637 3073 τίς
680 3012 795 3065 sm
824 3011 923 3081 τῆς
955 3011 1121 3065 αὑτοῦ
1173 3013 1430 3084 προνοίας
1484 3014 1585 3084 τὴν
1643 3014 1913 3085 διοίκησιν

327 3098 548 3166 συνιὼν,
602 3102 697 3155 καὶ
728 3101 782 3155 εἴ
805 3102 907 3156 πού
939 3120 1042 3167 τις,
1081 3103 1258 3157 πάντα
1309 3104 1537 3174 δεύτερα
1571 3103 1796 3176 θέμενος
1842 3105 1913 3159 τὰ

324 3190 425 3261 τῆς
456 3190 549 3244 τοῦ
574 3190 689 3261 βίου
717 3192 954 3264 ἀπάτης,
978 3194 1077 3264 τὴν
1110 3195 1237 3264 περὶ
1267 3194 1431 3249 αὐτοῦ
1453 3192 1679 3267 ζήτησιν
1706 3196 1913 3268 ἀνείλη-

325 3298 395 3351 φε
418 3324 433 3337 .
474 3283 585 3336 Καὶ
614 3284 824 3355 ἐπειδὴ,
860 3283 1057 3354 ζητῶν,
1087 3286 1280 3341 οὐδένα
1309 3286 1546 3340 τοιοῦτον
1593 3277 1771 3359 εὗρεν,
1830 3287 1913 3359 τῷ

327 3373 537 3436 πάντας
560 3374 825 3438 ἐκκλῖναι,
856 3375 991 3445 ὁμοῦ
1019 3393 1076 3428 τε
1131 3377 1224 3430 καὶ
1253 3376 1394 3432 κατά
1432 3378 1494 3431 τδ
1523 3377 1656 3431 αὐτὸ
1680 3379 1912 3450 ἀχρειω-

324 3462 510 3534 θῆναι,
544 3466 619 3530 ὡς
645 3468 718 3537 μὴ
751 3466 1006 3521 ποιοῦντα
1030 3467 1234 3536 ἀγαθὸν
1260 3468 1365 3532 ἓως
1389 3469 1507 3532 ἑνὸς
1534 3470 1730 3541 εὑρεῖν·
1765 3470 1911 3523 εἰκό-

322 3572 435 3619 τως
461 3559 746 3612 ἐπαπειλεῖ
772 3562 882 3623 τοῖς
912 3559 1282 3628 διαφθείρασιν
1315 3562 1530 3626 αὐτοὺς,
1564 3560 1633 3614 τά
1673 3560 1795 3631 ἑξῆς
1823 3561 1914 3618 λέι-

320 3664 458 3715 γων·
497 3649 641 3717 Οὐχὶ
675 3648 1007 3717 γνώσονται
1057 3648 1279 3716 πάντες
1304 3654 1357 3703 οὶ
1393 3650 1762 3721 ἐργαζόμενοι
1788 3651 1904 3719 τὴν

320 3740 606 3810 ἀνομίαν,
635 3745 686 3794 οἱ
720 3742 1028 3807 ἐσθίοντες
1071 3741 1178 3795 τὸν
1222 3743 1377 3796 λαόν
1394 3760 1513 3809 μου
1552 3741 1777 3811 βρώσει
1804 3743 1912 3812 ἅρ-

321 3850 470 3897 του;
520 3833 630 3886 Τόν
649 3834 868 3899 Κύριον
905 3835 1015 3885 οὐκ
1066 3831 1536 3888 ἐπεκαλέσαντσ
1572 3834 1698 3887 ἐκεῖ
1731 3837 1914 3903 φοϐη-

321 3922 619 3990 θήσονται
648 3923 809 3989 φόϐῳ
841 3916 912 3975 οὗ
944 3923 1055 3982 οὐκ
1082 3918 1161 3991 ἦν
1197 3922 1404 3989 φόϐος.
1455 3921 1695 3992 Ἐπειδὴ,
1721 3922 1911 3975 διακύ-

320 4012 434 4080 ψας
470 4012 534 4063 ἐκ
562 4008 654 4063 τοῦ
683 4011 813 4063 ἰδίου
842 4011 1263 4082 κατοικητηρίου
1288 4013 1316 4063 ὁ
1364 4010 1515 4074 Θεὸς,
1549 4013 1820 4067 τουτέστιν
1848 4016 1912 4068 ὲκ

320 4101 420 4156 τοῦ
452 4100 701 4173 οὐρανοῦ,
738 4100 864 4154 ἔνθα
900 4106 1170 4169 κατοικεῖν
1198 4101 1415 4171 λέγεται
1459 4101 1549 4154 διὰ
1573 4102 1699 4165 τοὺς
1726 4104 1910 4157 αὐτόθι

319 4193 639 4265 χωροῦντας
692 4192 856 4246 αὑτοῦ
908 4192 1005 4264 τὴν
1042 4192 1337 4263 βασιλείαν,
1390 4192 1596 4255 πάντας
1637 4189 1742 4246 εἶδε
1788 4196 1912 4258 τοὺς

320 4286 477 4349 υἱοὺς
502 4285 611 4337 τῶν
648 4284 950 4356 ἀνθρώπων
997 4284 1397 4353 ἀχρειωθέντας
1455 4284 1547 4336 καὶ
1574 4284 1671 4353 τῆς
1698 4284 1912 4349 εὐθείας

320 4380 420 4433 καὶ
448 4377 615 4450 ὀρθῆς
640 4376 1039 4438 ἀποκλίναντας
1059 4375 1199 4429 ὀδοῦ·
1230 4376 1453 4438 εἰκότως
1478 4369 1567 4428 οἷά
1589 4392 1672 4438 τις
1706 4376 1908 4447 ποιμὴν

2014 2292 2178 2345 etiam
2213 2290 2528 2361 prospicere
2547 2299 2602 2348 et
2638 2291 3012 2353 considerare,
3041 2306 3149 2346 non
3184 2290 3360 2346 solum
3393 2287 3585 2358 prisci-

2016 2396 2152 2451 pnas
2183 2380 2425 2435 universi
2460 2388 2664 2449 partes,
2689 2380 2787 2436 sed
2833 2382 3045 2451 singula
3095 2395 3332 2450 quoque,
3360 2386 3414 2433 et
3445 2379 3584 2431 lilios

2011 2475 2295 2530 hominum
2321 2476 2375 2530 in
2402 2484 2546 2531 terra
2577 2482 2880 2530 versantes.
2910 2472 3114 2528 Deinde
3139 2471 3265 2541 quia
3307 2470 3433 2525 filiis
3482 2469 3583 2524 ho-

2014 2569 2222 2621 minum
2250 2567 2618 2640 prospiciens,
2638 2581 2702 2621 ex
2720 2566 2940 2637 propria
2958 2564 3333 2634 magnitudine
3354 2562 3583 2619 descen—
3616 2608 3623 2611 .

2012 2658 2171 2723 dens,
2199 2659 2358 2728 quasi
2385 2674 2449 2714 ex
2476 2659 2744 2713 altissimo
2772 2656 3057 2712 cacumine
3085 2656 3302 2710 virtutis
3331 2669 3445 2709 sua:
3464 2669 3584 2708 om-

2013 2750 2178 2804 nibus
2208 2750 2628 2820 prreeminente,
2659 2747 2944 2804 descendit
2987 2748 3054 2802 ad
3085 2762 3202 2810 eos,
3236 2746 3328 2814 qui
3351 2746 3405 2799 in
3437 2756 3582 2801 terra

2011 2847 2207 2905 erant,
2266 2840 2516 2896 homines
2563 2838 3053 2901 internoscendos,
3101 2838 3395 2907 explorans
3449 2852 3581 2892 num

2011 2931 2137 3001 quis
2180 2937 2326 2986 esset
2369 2930 2461 3000 qui
2494 2930 2849 3000 providentiae
2891 2942 3007 2984 suae
3050 2926 3576 2981 administrationem

2012 3021 2375 3091 intelligeret,
2404 3030 2458 3077 et
2487 3036 2616 3076 num
2647 3021 2807 3092 quis,
2839 3016 3160 3089 postpositis
3189 3016 3447 3072 omnibus
3477 3015 3581 3071 hu-

1938 3141 1981 3201 c
2010 3113 2101 3183 jus
2132 3114 2257 3168 vitae
2286 3110 2539 3201 fallaciis,
2564 3110 2653 3201 ad
2690 3123 2773 3201 se
2795 3106 3218 3201 perquirendum
3251 3104 3579 3201 attenderet.

2015 3202 2263 3273 Cumque
2289 3198 2601 3271 huiusmodi
2633 3198 2904 3254 neminem
2936 3195 3221 3253 lustranda
3257 3195 3576 3256 invenisset.

2012 3292 2158 3364 quod
2199 3306 2392 3347 omnes
2432 3290 2803 3347 declinassent
2854 3294 2909 3343 et
2964 3287 3126 3343 simul
3169 3286 3390 3342 inutiles
3449 3284 3577 3341 facti

2011 3383 2265 3453 fuissent,
2294 3384 2370 3438 ita
2404 3389 2465 3437 ut
2496 3398 2565 3437 ne
2593 3382 2677 3437 vel
2706 3396 2874 3436 unum
2911 3381 3002 3451 qui
3031 3381 3235 3434 faceret
3259 3378 3460 3433 bonum
3493 3393 3581 3432 re-

2010 3476 2250 3546 periret;
2278 3473 2402 3543 jure
2431 3473 2801 3528 comminatur
2830 3473 2897 3527 iis
2924 3471 3017 3541 qui
3044 3486 3166 3527 sese
3197 3478 3578 3540 corruperant.

2010 3580 2131 3636 quae
2156 3573 2462 3634 sequuntur
2490 3564 2776 3634 proferens
2812 3582 2825 3617 :
2862 3561 3052 3617 Nonne
3088 3564 3249 3616 scient
3287 3577 3464 3614 omnes
3493 3562 3582 3629 qui

2011 3664 2295 3725 operantur
2342 3656 2709 3725 iniquitatem,
2745 3656 2836 3724 qui
2870 3654 3122 3707 decorant
3167 3652 3387 3719 plebem
3410 3666 3580 3703 meam

2011 3750 2325 3802 comestione
2355 3749 2552 3816 panis?
2582 3747 2870 3800 Dominum
2904 3762 3009 3799 non
3040 3746 3407 3798 invocaverunt
3431 3756 3449 3795 :
3469 3741 3584 3795 illic

2012 3839 2403 3907 trepidaverunt
2449 3839 2638 3892 timore
2694 3836 2785 3890 ubi
2827 3853 2931 3891 non
2977 3845 3092 3890 erat
3133 3836 3311 3890 timor.
3336 3836 3475 3900 Quia
3512 3850 3576 3887 ex

2012 3928 2235 3999 proprio
2255 3928 2534 3983 domicilio
2556 3928 2895 3998 prospiciens
2924 3925 3087 3991 Deus,
3112 3926 3166 3982 id
3195 3934 3301 3991 est,
3322 3941 3388 3980 ex
3417 3924 3580 3986 caelo,

2012 4019 2102 4075 ubi
2122 4018 2379 4074 habitare
2401 4019 2603 4072 dicitur
2633 4004 2854 4088 propter
2876 4032 2972 4073 eos
2987 4017 3079 4088 qui
3109 4016 3182 4071 ibi
3212 4031 3437 4087 regnum
3459 4015 3582 4085 ejus

2011 4094 2335 4179 possident,
2395 4123 2589 4164 omnes
2635 4108 2775 4163 lilios
2830 4107 3111 4163 hominum
3173 4106 3305 4162 vidit
3357 4107 3582 4162 inutiles

2011 4197 2206 4261 factos,
2262 4213 2292 4251 a
2343 4206 2491 4253 recta
2525 4198 2613 4253 via
2657 4197 3152 4268 declinasse;jure
3198 4212 3298 4253 ceu
3356 4195 3582 4267 quidam

2012 4300 2200 4361 pastor
2233 4290 2410 4346 bonus
2442 4306 2658 4362 gregem
2690 4306 2849 4347 suum
2879 4292 2932 4345 in
2965 4290 3279 4347 hominibus
3302 4291 3579 4346 exsisten-
3632 4340 3637 4343 ,

2010 4390 2119 4439 tem
2166 4398 2391 4447 curans.
2444 4384 2811 4454 perversionis
2854 4382 3171 4438 auctoribus
3219 4382 3582 4437 comminatur

321 4476 530 4545 ἀγαθὸς
556 4477 854 4548 κηδόμενος
898 4477 994 4547 τῆς
1050 4478 1108 4530 ἐν
1140 4474 1631 4546 ἀνθρώποιςαὺτοῦ
1685 4475 1908 4547 ἀγέλης,

2013 4474 2241 4530 dicens:
2283 4472 2473 4530 Nonne
2520 4483 2828 4545 cognoscent
2864 4474 2955 4542 qui
2995 4482 3279 4543 operantur
3324 4472 3583 4541 iniquita~

320 4568 611 4621 ἑπαπειλεϊ
652 4571 766 4632 τοῖς
795 4567 988 4631 αίτίοις
1016 4568 1115 4639 τῆς
1143 4567 1491 4639 διαστροφῆς,
1532 4566 1722 4633 λέγων·
1760 4568 1908 4638 Οὐχὶ

2011 4573 2136 4629 tem,
2168 4564 2259 4634 qui
2308 4554 2562 4618 devorant
2603 4563 2802 4633 plebem
2834 4579 3005 4616 meam
3045 4564 3359 4616 comestione
3384 4563 3581 4631 panis?

320 4658 658 4728 γνώσονται
688 4662 740 4713 ol
761 4658 1133 4729 ἐργαζόμενοι
1156 4658 1271 4726 τὴν
1295 4658 1571 4726 ἀνομίαν,
1595 4660 1649 4710 ol
1674 4657 1908 4713 ἐσθίον-

2011 4653 2077 4708 Et
2121 4654 2240 4709 haec
2272 4654 2528 4709 videntur
2565 4655 2695 4709 mihi
2735 4654 2802 4708 de
2840 4654 3173 4709 adversariis
3218 4655 3580 4723 potestatibus

320 4768 425 4818 τες
454 4750 561 4805 τὸν
595 4754 749 4806 λαόν
792 4770 912 4821 μου
951 4751 1178 4820 ,ϐρώσει
1244 4750 1461 4819 ἄρτου;
1508 4750 1617 4804 Καί
1645 4768 1734 4820 μοι
1760 4749 1909 4804 δοκεῖ

2013 4744 2372 4800 invisibilium
2391 4745 2735 4799 inimicorum
2765 4751 2819 4798 et
2844 4742 3081 4797 hostium
3112 4744 3327 4814 generis
3356 4741 3579 4798 humani

318 4840 498 4895 ταῦτα
528 4843 655 4913 περὶ
715 4842 997 4913 δυνάμεων
1055 4840 1445 4911 ἀντικειμένων
1499 4840 1752 4908 λέγεσθαι
1797 4840 1906 4895 τῶν

2017 4834 2167 4891 dicta
2197 4849 2339 4891 esse.
2379 4832 2443 4888 Hi
2466 4835 2610 4889 enim
2634 4834 2916 4888 hominum
2936 4849 3109 4904 genus
3138 4835 3318 4890 cibum
3361 4835 3465 4891 sibi
3502 4833 3583 4889 fe-

317 4930 574 5001 ἀοράτων
636 4932 847 5004 ἐχθρῶν
902 4934 997 4988 καὶ
1044 4931 1319 5003 πολεμίων
1347 4930 1439 4983 τοῦ
1465 4930 1655 4999 γένους
1678 4930 1770 4984 τοῦ
1806 4931 1905 4984 ἀν·-

319 5019 617 5092 θρωπείου.
646 5016 805 5077 Οὗτοι
846 5023 953 5093 γάρ
978 5021 1040 5075 τὸ
1076 5020 1182 5074 τῶν
1208 5018 1508 5091 ἀνθρώπων
1550 5019 1708 5088 γένος
1735 5019 1907 5075 κατά-

319 5112 523 5183 δρωμα
554 5115 765 5179 ἑαυτοῖς
789 5117 1131 5185 ²εποιήσαντο,
1160 5111 1245 5169 οἷα
1266 5115 1430 5170 δεινοὶ
1457 5115 1622 5187 θῆρες
1664 5115 1762 5179 τὰς
1797 5112 1903 5185 ψυ-

2011 4934 2234 4992 cerunt,
2276 4941 2375 4982 ceu
2423 4928 2692 4983 immanes
2732 4927 2860 4983 fera:
2917 4928 3130 4983 animas
3172 4940 3363 4983 eorum
3409 4926 3581 4982 devo-

2010 5027 2218 5084 rantes,
2262 5027 2323 5073 ut
2364 5020 2419 5073 in
2458 5020 2761 5091 prophetiis
2799 5021 3005 5075 dictum
3040 5028 3123 5077 est
3156 5039 3168 5077 :
3196 5019 3301 5088 Qui
3328 5021 3581 5076 devorant

2012 5113 2264 5183 populum
2290 5128 2459 5167 meum
2490 5121 2597 5167 toto
2626 5113 2802 5169 ore".

318 5205 425 5274 χὰς
498 5206 677 5260 αὐτῶν
741 5207 1134 5275 κατεσθίοντες,
1175 5206 1316 5261 κατὰ
1353 5208 1413 5261 τὸ
1466 5206 1753 5280 εἰρημένον
1784 5209 1841 5260 ὲν
1876 5205 2251 5280 προφητείαις
2301 5208 2364 5259 Oi
2408 5204 2824 5271 κατεσθίοντες
2850 5206 2956 5261 τὸν
2980 5208 3137 5260 λαόν
3171 5223 3291 5275 μου
3340 5206 3462 5271 ὅλῳ
3502 5205 3582 5271 τῷ

316 5298 596 5364 στόματι.

392 5386 554 5444 Οὗτοι
582 5384 675 5445 οὖν
717 5392 872 5445 αὐτοὶ
911 5390 1007 5445 νῦν
1042 5391 1161 5462 μὲν,
1212 5393 1407 5463 φησὶν,
1455 5392 1529 5455 ὡς
1560 5392 1661 5444 οὐκ
1691 5391 1757 5446 ἂν
1811 5392 1903 5444 τὸν

316 5480 457 5534 Θεὸν
498 5480 604 5550 πρὸ
624 5480 917 5551 ὀφθαλμῶν
946 5479 1184 5551 θέμενοι,
1239 5480 1410 5535 ταῦτα
1445 5481 1586 5535 κατὰ
1631 5480 1723 5535 τοῦ
1771 5481 1899 5536 λαοῦ

319 5574 417 5626 καὶ
440 5571 585 5625 κατὰ
610 5571 709 5641 τῆς
740 5573 878 5642 ἐμῆς
920 5572 977 5624 ὲν
1005 5569 1313 5642 ἀνθρώποις
1340 5571 1563 5639 λογικῆς
1596 5572 1795 5644 ἀγέλης
1824 5572 1902 5628 δι-

397 5726 443 5757 "
488 5722 655 5777 Rom.-
691 5746 740 5788 ι,
774 5722 868 5776 ⁸22.
942 5724 989 5754 ’⁷⁸
1030 5723 1136 5778 lsa.
1172 5739 1257 5783 lt.
1295 5724 1378 5779 12.

645 5819 918 5881 Ρλτιιοι..
945 5818 1335 5895 CLXXIII.

2082 5386 2149 5442 Hi
2185 5388 2372 5459 igitur,
2406 5388 2602 5459 inquit,
2639 5398 2825 5461 utpote
2854 5391 2948 5461 qui
2979 5389 3145 5446 Deum
3170 5390 3445 5445 oboculos
3469 5405 3577 5444 non

2008 5490 2233 5551 ponant,
2264 5480 2378 5551 jam
2422 5490 2617 5538 contra
2672 5483 2930 5554 populum
2982 5492 3036 5539 et
3072 5493 3262 5538 contra
3302 5497 3481 5538 meum
3522 5483 3575 5536 in

2008 5574 2318 5632 hominibus
2356 5576 2733 5634 rationabilem
2756 5592 2970 5649 gregem
3014 5575 3128 5632 haec
3154 5583 3399 5648 egerunt.
3432 5575 3587 5631 Νιιιηι

3305 5835 3378 5896 15
