4010 6564
467 366 568 423 £59

1179 352 1446 410 ElJSEBll
1482 344 1959 405 cmssnususns
1983 344 2135 402 ore.
2167 342 2347 399 esus
2386 343 2470 402 Ill.
2510 376 2576 388 _
2612 348 3015 405 exeamus.
3616 352 3719 408 ιω

463 500 595 556 ergo
632 496 850 553 semper
888 480 967 535 sic
1001 485 1219 548 agentes
1262 471 1725 544 perseverabunt?
1758 470 1888 525 Esto
1928 469 2018 537 jan

2150 464 2470 534 επράξαντο.
2500 467 2647 536 Μήτι
2670 464 2761 521 οὖν
2793 469 2884 520 καὶ
2902 469 2979 530 εἰς
3002 468 3062 520 τὸ
3083 468 3339 529 παντελὲς
3356 467 3526 520 ταῦτα
3545 470 3719 539 πράτ-

467 577 639 632 Deum
674 590 785 629 non
820 573 1243 633 invocaverunt,
1280 564 1389 619 Deo
1420 563 1691 618 contraria
1733 568 1787 615 et
1822 561 2041 613 inimica

463 671 698 739 Operati,
735 678 917 728 annon
948 660 1184 731 quodam
1221 666 1463 727 tempore
1510 662 1842 725 cognoscent
1881 652 2043 705 ultio-

463 777 589 817 nem
640 758 774 829 ipsis
824 752 1196 810 inferendam?
1240 749 1384 805 Sane
1430 757 1644 818 tempus
1688 748 1790 802 erit
1829 747 1882 800 in
1932 759 2041 815 quo

463 849 815 921 trepidabunt
865 847 1083 901 timore.
1139 842 1427 909 Quodnam
1459 840 1628 903 illud,
1671 838 1778 894 nisi
1821 837 2040 907 quando

461 942 816 996 illucescente
857 934 1120 999 Salutari,
1152 932 1337 987 nullus
1367 932 1511 985 ultra
1548 936 1723 983 metus
1748 928 2038 997 pecoribus

462 1032 597 1087 meis
632 1028 846 1092 aderit,
880 1028 1000 1082 illas
1046 1034 1225 1080 autem
1270 1025 1539 1078 immanes
1580 1022 1744 1084 feras,
1789 1020 2037 1074 occultos

460 1130 514 1177 et
533 1120 834 1175 invisibiles
854 1119 1128 1173 daemones
1156 1117 1318 1169 timor
1345 1114 1640 1182 corripiet,
1672 1112 1762 1166 ubi
1799 1128 1906 1166 non
1935 1112 2037 1166 erit

462 1202 687 1268 timendi
720 1210 908 1265 locus?
948 1208 1103 1262 Tunc
1150 1208 1292 1262 enim
1348 1207 1415 1261 iis
1457 1206 1677 1276 quidem
1734 1208 1828 1276 qui
1878 1206 2038 1260 bonis

460 1314 622 1360 erunt
666 1305 815 1375 digni
860 1304 1044 1357 nullus
1093 1301 1196 1355 erit
1229 1308 1440 1365 metus;
1469 1300 1539 1354 iis
1576 1313 1729 1365 vero,
1786 1300 1879 1369 qui
1922 1299 2034 1368 jam

460 1407 653 1453 contra
680 1397 938 1468 p0pulum
962 1410 1140 1450 meum
1171 1394 1479 1460 eriguntur,
1505 1392 1719 1460 iugruet
1750 1391 1910 1444 timor
1942 1391 2035 1445 ira:

462 1493 610 1561 ipsos
642 1490 933 1549 invasurae,
966 1502 1087 1556 quae
1117 1490 1350 1548 instans,
1387 1482 1669 1553 dissipabit
1695 1498 1815 1535 ossa
1852 1497 2033 1535 eorum

458 1582 548 1652 qui
602 1578 899 1634 hominibus
940 1576 1183 1645 placent;
1234 1589 1341 1644 qua
1412 1568 1849 1633 confundentur;
1902 1567 2030 1636 quia

458 1685 591 1729 tunc
623 1673 868 1728 omnium
900 1670 1065 1740 judex
1097 1669 1244 1739 ipsos
1277 1666 1430 1721 nihili
1465 1663 1648 1718 faciet.
1670 1661 1776 1715 Pro
1811 1662 1904 1714 illo
1930 1675 2031 1726 au-

2145 576 2328 622 τοντες
2349 559 2783 625 διατελέσουσιν;
2840 560 3020 612 Ἔστω
3061 558 3117 611 δὲ
3164 557 3287 622 νῦν,
3331 559 3421 611 τὸν
3455 559 3586 611 θεὸν
3623 561 3720 612 οὐκ

2146 651 2571 715 ἐπεκαλέσαντο,
2603 652 2862 706 τάναντία
2889 650 2965 721 τῷ
3003 650 3120 721 Θεῷ
3154 651 3246 703 καὶ
3278 650 3344 703 τά
3374 650 3544 722 ἐχθρά
3572 652 3720 722 αὐτῷ

2144 744 2512 815 ἐνεργοῦντες,
2543 744 2616 814 μὴ
2644 744 2763 813 οὐχὶ
2796 742 3091 812 γνώσονται
3117 741 3292 811 καιρῷ
3318 760 3424 795 τινι.
3474 742 3571 813 τὴν
3622 744 3720 795 ἐπ-

2142 834 2505 906 ελευσομένην
2529 836 2708 898 αὐτοῖς
2734 835 2917 904 δίκην;
2951 835 3060 887 Καὶ
3096 836 3201 904 μὴν
3232 834 3383 887 ἔσται
3418 835 3627 904 καιρὸς,
3660 837 3717 887 ἐν

2140 921 2183 994 ᾧ
2214 928 2611 998 φοϐηθήσονται
2663 926 2845 997 φόϐον.
2902 928 3060 990 Heio;
3122 927 3166 979 δ’
3229 926 3295 980 ἂν
3343 927 3427 997 εἴη
3480 921 3635 989 οὗτος
3682 928 3715 997 ἢ

2141 1019 2345 1082 ἐκεῖνος
2387 1018 2507 1070 καθ’
2532 1020 2590 1072 ὃν
2634 1018 3039 1089 ἐπιλάμψαντος
3070 1016 3161 1069 τοῦ
3205 1017 3500 1088 ἃυτηρίου,
3535 1018 3718 1069 οὐκέτι

2139 1113 2252 1174 τοῖς
2277 1113 2430 1181 ἐμοῖς
2475 1110 2755 1182 θρέμμασι
2796 1110 2956 1180 φόϐος
2998 1111 3371 1179 ἐπιστήσεται·
3418 1109 3615 1170 αὐτοὺς
3657 1109 3714 1161 δὲ

2137 1204 2262 1265 τοὺς
2290 1202 2495 1266 δεινοὺς
2529 1202 2702 1274 θῆρας
2750 1204 2847 1256 καὶ
2881 1204 3004 1266 τοὺς
3053 1202 3277 1270 ἀφανεῖς
3320 1201 3413 1253 καὶ
3455 1200 3717 1271 ἀοράτους

2136 1291 2395 1361 δαίμονας
2429 1292 2589 1360 φόϐος
2620 1292 2844 1362 λήψεται
2896 1292 3011 1343 ἐκεῖ
3068 1284 3127 1343 οὗ
3180 1291 3279 1342 οὐκ
3322 1289 3472 1343 ἔσται
3516 1290 3714 1357 φόϐος;

2137 1382 2270 1434 Τότε
2296 1381 2405 1453 γάρ
2433 1384 2545 1445 τοῖς
2578 1382 2674 1452 μὲν
2695 1380 2801 1434 τῶν
2854 1380 3070 1449 ἀγαθῶν
3101 1378 3272 1443 ἀξίοις
3298 1379 3397 1432 οὐκ
3438 1378 3587 1431 ἔσται
3623 1379 3716 1447 φό-

2136 1473 2249 1536 ϐος,
2275 1476 2385 1537 τοῖς
2414 1473 2470 1526 δὲ
2502 1473 2595 1525 νῦν
2616 1472 2996 1543 ἐπαιρομένοις
3018 1470 3159 1524 κατὰ
3191 1470 3284 1524 τοῦ
3306 1470 3436 1523 λαοῦ
3471 1488 3572 1541 μου
3599 1472 3714 1522 ἐπι-

2135 1568 2379 1619 πεσεῖται
2420 1566 2581 1634 φόϐος
2620 1567 2647 1617 6
2674 1565 2774 1634 τῆς
2812 1563 3274 1635 μετελευσομένης
3308 1563 3503 1627 αὐτοὺς
3520 1562 3713 1634 ὀργῆς,

2134 1659 2255 1729 ἥτις
2322 1659 2593 1711 ἐπιστᾶσα
2668 1657 3089 1726 διασκορπίσει
3168 1656 3320 1711 ὀστᾶ
3397 1657 3710 1725 ἀνθρωπα-

458 1774 587 1829 tem,
619 1764 882 1831 Quoniam
915 1761 1048 1815 Deus
1078 1759 1356 1827 dissipavit
1406 1773 1527 1811 ossa
1566 1771 1770 1817 eorum,
1809 1754 1899 1824 qui
1938 1751 2018 1805 Ito-

2128 1750 2388 1817 ρέσκων-
2447 1752 2506 1802 ἐν
2594 1749 2686 1801 καὶ
2719 1747 3294 1819 καταισχυνθήσονται,
3346 1747 3533 1819 ἐπειδὴ
3590 1747 3709 1800 τότε

457 1856 685 1911 minibus
718 1855 945 1923 placent,
984 1849 1344 1922 Symmachus
1379 1848 1451 1901 ita
1492 1849 1879 1914 interpretatus
1905 1830 2018 1898 est:

2134 1841 2333 1904 αὐτοὺς
2363 1843 2391 1893 6
2432 1820 2812 1893 rdwbna'twwv
2859 1838 3202 1905 ἐξουδενώσει
3232 1839 3444 1909 κριτής.
3487 1839 3629 1891 ’Δντὶ
3654 1838 3711 1890 δὲ

460 1943 603 1998 Ναιη
638 1944 777 1997 Deus
803 1940 1083 2008 dissipabit
1114 1954 1233 1993 ossa
1281 1952 1461 1990 eorum
1507 1935 1597 2004 qui
1635 1941 2027 1987 castrametan-

457 2048 542 2089 tur
574 2038 716 2089 circa
746 2044 792 2088 te
820 2050 835 2088 :
859 2030 1201 2101 confunderis
1231 2030 1354 2099 quia
1392 2027 1530 2081 Deus
1581 2024 1878 2093 reprobavit
1915 2040 2021 2078 eos.

455 2128 648 2198 Aquila
700 2134 879 2180 autem
956 2123 1129 2178 eidem
1220 2119 1507 2176 sententiae
1554 2118 1721 2171 haeret
1786 2116 2021 2170 dicens:

455 2218 721 2285 Quoniam
770 2215 908 2269 Deus
958 2214 1232 2281 dissipavit
1286 2228 1408 2266 ossa
1454 2226 1633 2264 eorum
1675 2210 1763 2279 qui
1820 2218 2026 2263 castra-

454 2311 638 2364 metati
659 2318 778 2363 sunt
802 2310 942 2361 circa
968 2317 1014 2361 te
1037 2324 1053 2360 :
1077 2308 1326 2375 confusus
1348 2321 1423 2369 es,
1446 2304 1694 2373 quoniam
1712 2301 1850 2356 Deus
1882 2302 2026 2371 abje-

454 2403 525 2455 cit
556 2418 666 2456 eos.
694 2399 974 2454 Sermonis
1000 2406 1179 2453 autem
1224 2396 1497 2452 sententia
1539 2395 1801 2458 declarat,
1828 2393 2024 2464 praedi-

453 2498 665 2544 ctorum
700 2488 883 2559 populi
932 2486 1338 2553 insidiatorum,
1363 2485 1620 2540 videlicet
1667 2483 2023 2537 invisibilium

450 2581 796 2638 inimicorum
851 2589 905 2633 et
952 2580 1293 2634 occultorum
1348 2578 1609 2640 hostium,
1651 2576 1884 2631 virtutes
1929 2574 2024 2629 dc-

449 2675 641 2729 lendas
664 2689 807 2728 esse.
843 2672 975 2725 Nam
1014 2686 1140 2727 ossa
1171 2670 1517 2724 inimicorum
1558 2666 1843 2737 dissipata,
1867 2665 2023 2719 mali-

446 2766 535 2821 tiae
579 2780 769 2820 eorum
814 2764 1043 2819 virtutes
1082 2762 1315 2825 fuerint,
1368 2775 1505 2831 quas
1542 2766 1731 2814 notato
1780 2765 2023 2827 tempore

446 2856 614 2913 Deum
646 2856 1035 2926 dissipaturum
1073 2854 1458 2909 comminatur.
1484 2851 1638 2905 Tunc
1666 2865 1830 2921 porro
1856 2849 2019 2904 etiam

445 2948 870 3007 confundentur,
901 2961 1025 2999 cum
1070 2943 1210 3001 Deus
1253 2961 1348 3001 eos
1408 2944 1807 3015 reprobaverit,
1833 2958 1895 2998 ac
1926 2942 2020 2997 de-

445 3040 702 3111 spexerit,
750 3038 885 3093 nihil
923 3052 1018 3092 eos
1056 3052 1179 3092 esse
1221 3037 1605 3108 comprobans.
1650 3034 1773 3088 [hec
1824 3034 2018 3087 merito

445 3132 831 3188 interminatus
878 3138 960 3185 est
1008 3130 1289 3185 hominum
1336 3138 1559 3183 curator
1602 3128 1697 3182 Dei
1750 3127 2012 3194 verbum;

444 3224 702 3295 quoniam
751 3222 1092 3293 prospiciens
1138 3222 1204 3276 de
1245 3221 1385 3275 coelo
1436 3235 1601 3290 super
1652 3218 1793 3273 ﬁlios
1839 3220 2016 3273 homi-

443 3330 595 3376 num,
622 3329 686 3367 ac
726 3314 1065 3383 perlustrans
1104 3327 1233 3365 num
1274 3311 1398 3381 quis
1440 3318 1584 3366 esset
1631 3311 1775 3365 inter
1803 3326 1898 3367 eos
1934 3311 2017 3365 in-

443 3406 693 3474 telligens
729 3411 821 3458 aut
849 3404 1132 3472 requirens
1166 3403 1358 3467 Deum,
1399 3404 1606 3458 nullum
1642 3404 1882 3472 invenit;
1919 3403 2014 3460 sed

442 3494 801 3565 deprehendit
832 3511 1024 3551 omnes
1068 3495 1285 3552 insidiis
1326 3496 1671 3550 inimicorum
1706 3497 2014 3553 declinasse

441 3597 504 3635 ac
546 3582 767 3637 inutiles
811 3582 983 3638 factos
1027 3599 1168 3648 esse,
1213 3592 1271 3638 ut
1317 3600 1385 3640 ne
1430 3585 1516 3641 vel
1567 3601 1709 3642 unus
1757 3587 2012 3644 residuus

439 3681 585 3727 esset
613 3674 771 3729 bonis
803 3675 1062 3745 operibus
1090 3674 1329 3731 deditus.
1370 3676 1561 3733 Priora
1595 3679 1780 3749 itaque
1815 3680 2010 3735 tertius

438 3766 684 3821 decimus
711 3762 890 3821 'etiam
927 3768 1309 3837 complectitur
1338 3789 1351 3822 :
1379 3785 1499 3839 qua:
1542 3779 1848 3840 sequuntur
1883 3786 2011 3825 vero

437 3856 580 3911 inter
606 3873 665 3912 se
690 3857 967 3913 dillerunt.
994 3857 1128 3912 Nam
1155 3859 1209 3913 in
1240 3859 1453 3915 decimo
1475 3863 1636 3916 tertio
1665 3862 1751 3917 his
1781 3861 2010 3931 subjun-

435 3947 581 4017 gitur
603 3948 768 4002 illud:
801 3948 1063 4014 Quoniam
1092 3949 1236 4004 Deus
1268 3953 1323 4005 in
1344 3953 1681 4021 generatione
1721 3952 1875 4017 justa
1906 3961 2005 4017 est,

435 4040 714 4092 consilium
754 4041 923 4108 inopis
955 4041 1292 4110 confudistis,
1324 4043 1574 4113 quoniam
1609 4042 1866 4096 Dominus
1890 4058 2007 4112 spes

434 4130 549 4199 ejus
578 4132 746 4196 est";
794 4131 882 4186 hic
912 4149 1062 4197 vero,
1098 4134 1363 4200 Quoniam
1395 4133 1536 4187 Deus
1571 4133 1846 4200 dissipavit
1883 4151 2006 4187 ossa

2128 1935 2241 1988 τοῦ·
2280 1936 2407 1987 Ὅτι
2451 1936 2484 1987 ὀ
2533 1932 2677 1999 Θεὸς
2732 1932 3156 2001 διεσκόρπισεν
3212 1930 3362 1985 ὀστᾶ
3399 1932 3680 2000 ἀνθρωπα

2120 2027 2381 2093 ρέσκων,
2412 2025 2440 2075 6
2473 2024 2764 2094 Σύμμαχος
2796 2022 2983 2077 τοῦτον
3012 2024 3322 2096 ἡρμήνευσε
3352 2023 3442 2076 τὸν
3484 2023 3705 2091 τρόπον’

2138 2118 2190 2169 Ὀ
2224 2117 2334 2186 γὰρ
2374 2116 2517 2182 Θεὸς
2556 2116 2972 2184 διασκορπίσει
3016 2113 3167 2169 ὀστᾶ
3206 2116 3325 2169 τῶν
3369 2117 3706 2185 παρεμϐαλ-
3753 2102 3761 2110 ’

2124 2211 2358 2263 λόντων
2402 2208 2533 2276 περὶ
2593 2208 2684 2262 σέο
2750 2206 3268 2276 καταισχυνθήσῃ,
3320 2208 3406 2259 ὅτι
3471 2209 3504 2260 ὀ
3563 2206 3709 2272 Θεὸς

2124 2299 2573 2368 ἀπεδοκίμασεν
2597 2301 2835 2365 αὐτούς.
2896 2300 3005 2351 Καὶ
3066 2301 3094 2352 6
3135 2298 3363 2361 Ἀκύλας
3391 2298 3447 2351 δὲ
3482 2299 3579 2369 τῆς
3611 2299 3707 2351 αύ-

2123 2395 2222 2464 τῆς
2256 2394 2435 2464 ἔχεται
2468 2392 2706 2456 διανοίας
2734 2394 2926 2462 λέγων’
2963 2394 3081 2445 Ὅτι
3105 2395 3136 2445 ὀ
3171 2392 3315 2457 Θεὸς
3339 2392 3705 2459 ἐσκόρπισεν

2124 2483 2275 2540 ὀστᾶ
2303 2488 2873 2555 παρεμϐεϐληκότων
2894 2502 3029 2539 σου·
3064 2486 3362 2553 ᾔσχυνας,
3393 2483 3481 2537 ὅτι
3503 2488 3535 2538 ὁ
3560 2485 3705 2550 Θεὸς

2122 2577 2451 2646 ἁπέρῤιψεν
2481 2579 2721 2644 αὐτούς.
2765 2578 2829 2631 Ἦ
2882 2578 2939 2631 δὲ
2983 2576 3076 2631 τοῦ
3124 2576 3282 2645 λόγου
3327 2575 3530 2630 διάνοια
3571 2594 3706 2649 παρ-

2127 2666 2306 2737 ίστησι
2329 2666 2436 2719 τῶν
2470 2666 2870 2738 προλεχθέντων
2904 2666 3200 2719 ἐπιϐούλων
3223 2665 3315 2719 τοῦ
3334 2666 3486 2730 λαοῦ,
3504 2666 3704 2737 δηλαδὴ

2122 2755 2229 2808 τῶν
2257 2756 2502 2826 ἀοράτων
2548 2755 2756 2827 ἐχθρῶν
2782 2757 2874 2809 καὶ
2908 2755 3016 2808 τῶν
3031 2756 3251 2824 ἀφανῶν
3284 2756 3577 2827 πολεμίων,
3604 2756 3702 2819 τὰς

2119 2847 2377 2918 δυνάμεις
2401 2847 2913 2918 καθαιρεθήσεσθαι.
2980 2850 3141 2902 Ὀστᾶ
3179 2849 3287 2919 γὰρ
3325 2847 3701 2918 διασκορπιζό-

2124 2957 2259 3011 μενα
2283 2939 2390 2993 τῶν
2421 2939 2630 3011 ἐχθρῶν
2656 2936 2764 2993 εἶεν
2791 2940 2855 2994 ἂν
2883 2942 2937 2995 αί
2960 2942 3059 3013 τῆς
3089 2942 3285 3005 κακίας
3330 2942 3505 2995 αὐτῶν
3538 2942 3700 2995 δυνά-

2124 3052 2263 3105 μεις,
2287 3034 2353 3098 ἀς
2378 3033 2784 3105 διασκορπίζειν
2813 3033 2953 3086 κατὰ
3000 3034 3091 3086 τὸν
3140 3035 3535 3105 σημαινόμενον
3584 3054 3680 3089 και

2123 3128 2213 3197 ρὸν
2244 3128 2272 3179 6
2292 3126 2448 3194 λόγος
2479 3125 2713 3178 ἀπειλεῖ.
2738 3123 2868 3177 Τότε
2901 3124 2955 3177 δὲ
2988 3127 3081 3178 καὶ
3125 3127 3698 3198 καταισχυνθήσονται,

2118 3218 2338 3272 ἐπειδὰν
2359 3219 2736 3290 ἀποδοκιμάσῃ
2765 3219 2960 3282 αὐτοὺς
2986 3221 3013 3271 6
3032 3221 3162 3282 Θεὸς
3185 3221 3217 3291 ἢ
3249 3220 3597 3293 ἐξουθενήσῃ,
3631 3222 3696 3274 τὸ

2120 3313 2289 3383 μηθὲν
2320 3313 2519 3376 αὐτοὺς
2556 3306 2695 3366 εἶναι
2725 3311 3027 3375 ἀποδείξας.
3065 3311 3248 3363 Ταῦτα
3292 3312 3516 3374 εἰκότως
3543 3313 3696 3381 ἠπεί-

2115 3405 2276 3477 λησεν
2301 3407 2328 3458 6
2353 3404 2461 3457 τῶν
2509 3403 2809 3476 ἀνθρώπων
2869 3403 3118 3473 κηδεμὼν
3169 3403 3261 3457 τοῦ
3318 3404 3452 3457 Θεοῦ
3515 3406 3696 3473 λόγος’

2115 3496 2301 3566 ἐπειδὴ
2325 3494 2591 3564 διακύψας
2628 3498 2692 3549 ἐκ
2745 3494 2839 3548 τοῦ
2868 3494 3096 3563 ούρανοῦ
3125 3496 3216 3547 ἐπὶ
3250 3498 3374 3561 τοὺς
3414 3497 3562 3560 υἱοὺς
3587 3497 3696 3551 τῶν

2114 3586 2437 3658 ἀνθρώπων,
2472 3587 2710 3657 ζητήσας
2754 3604 2813 3639 τε
2864 3588 2922 3639 ἐν
2962 3587 3142 3650 αὐτοῖς
3170 3588 3217 3639 εί
3264 3587 3375 3639 ἐστι
3409 3589 3601 3641 συνιὼν
3657 3589 3690 3659 ἦ

2114 3678 2290 3749 ζητῶν
2322 3677 2413 3731 τὸν
2440 3677 2591 3741 Θεὸν,
2622 3678 2811 3732 οὐδένα
2844 3671 2989 3751 εὗρε·
3023 3677 3288 3731 κατέλαϐε
3326 3678 3381 3731 δὲ
3408 3681 3530 3741 τοὺς
3553 3679 3690 3732 πάν-

2109 3789 2210 3835 τας
2229 3772 2287 3837 ἐξ
2313 3770 2606 3841 ἐπιϐουλῆς
2633 3770 2843 3843 ἐχθρῶν
2864 3770 3208 3834 ἐκκλίνοντας
3247 3770 3338 3823 καὶ
3366 3770 3692 3841 ἀχρειωθέν-

2111 3880 2229 3925 τας,
2262 3862 2336 3926 ὡς
2375 3862 2509 3934 μηδὲ
2543 3863 2646 3926 ἕως
2682 3863 2799 3927 ἐνὸς
2822 3863 3230 3934 περιλείπεσθαι
3264 3861 3485 3929 ἀγαθῶν
3512 3862 3689 3933 ἔργων

2112 3955 2362 4025 ποιητήν.
2396 3940 2475 4006 Τά
2510 3954 2607 4024 μὲν
2630 3950 2721 4007 οὖν
2746 3954 2935 4024 πρῶτα
2964 3954 3165 4023 ὁμοίως
3207 3954 3299 4007 καὶ
3349 3954 3377 4006 6
3424 3961 3490 4023 ιγ’
3532 3971 3689 4024 περι-

2112 4044 2244 4115 έχει·
2273 4044 2649 4116 παρήλλακται
2667 4044 2723 4097 δέ
2746 4044 2813 4097 τά
2840 4044 2983 4115 ἑξῆς.
3003 4046 3089 4097 Ἐν
3110 4045 3205 4115 μὲν
3234 4046 3341 4116 γάρ
3361 4045 3437 4116 τῷ
3466 4054 3531 4113 ιγ’
3564 4063 3688 4098 συν-

2108 4131 2277 4201 ῆπται
2326 4133 2535 4194 τούτοις
2591 4134 2670 4197 τὸ,
2713 4134 2837 4185 ’Ὁτι
2884 4137 2916 4187 ὀ
2946 4134 3088 4199 Θεὸς
3115 4135 3186 4186 ἐν
3239 4131 3413 4203 γενεᾷ
3463 4133 3683 4200 δικαίᾳ,

434 4235 614 4272 eorum
640 4222 729 4290 qui
765 4221 1061 4277 hominibus
1087 4224 1314 4291 placent,
1346 4223 1554 4291 confusi
1587 4231 1709 4277 sunt
1754 4224 2005 4293 quoniam

2120 4222 2351 4290 ϐουλὴν
2380 4223 2618 4292 πτωχοῦ
2667 4225 3105 4291 κατῃσχύνατε,
3137 4224 3225 4277 ὅτι
3266 4225 3479 4292 Κύριος
3507 4225 3685 4291 ἐλπὶς

434 4306 575 4361 Deus
629 4311 818 4377 sprevit
858 4328 967 4366 eos.
1002 4310 1107 4366 Sed
1138 4329 1259 4382 qua:
1300 4313 1520 4368 tertium
1561 4312 1831 4367 decimum
1882 4330 2006 4384 spe-

431 4406 583 4455 ctant
612 4401 727 4457 suis
756 4402 889 4457 Ioois
913 4404 1133 4473 propria
1153 4404 1597 4472 interpretatione
1630 4405 1829 4459 donata
1851 4415 2000 4464 sunt.

2107 4314 2294 4368 αὑτοῦ
2335 4315 2524 4368 ἐστιν·
2564 4314 2797 4368 ἐνταῦθα
2822 4315 2899 4377 δὲ,
2938 4316 3057 4368 Ὅτι
3087 4319 3119 4368 ὀ
3169 4315 3312 4381 Θεὸς
3345 4315 3687 4385 διεσκόρπι-

2106 4417 2220 4456 σεν
2248 4403 2398 4458 ὀστᾶ
2431 4404 2964 4473 άνθρωπαρέσκων,
3000 4408 3546 4476 κατῃσχύνθησαν,
3594 4410 3685 4463 ὅτι

431 4488 563 4554 Qme
589 4506 719 4546 vero
745 4492 857 4561 jam
893 4499 1218 4555 tractantur,
1254 4508 1360 4563 qua
1396 4494 1608 4552 ratione
1638 4497 1997 4568 explicaveri-

2120 4498 2138 4549 5
2178 4494 2323 4561 Θεὸς
2343 4495 2752 4559 ἐξουδένωσεν
2772 4498 3009 4562 αὐτούς.
3052 4498 3211 4550 Ἀλλά
3242 4498 3337 4569 μὲν
3375 4500 3454 4561 είς
3473 4500 3565 4553 τὸν
3616 4507 3683 4569 ιγ’

431 4598 575 4650 mus,
609 4585 806 4655 cuique
833 4584 1026 4654 legenti
1057 4585 1232 4655 palam
1258 4594 1360 4642 est.

506 4842 668 4898 Vens.
705 4844 754 4900 7.
776 4844 907 4911 Quis
934 4844 1080 4899 dabit
1108 4862 1172 4901 ea:
1202 4845 1331 4903 Sion
1359 4847 1610 4905 Salutare
1639 4850 1855 4909 Israel?
1882 4870 2000 4908 cum

428 4936 737 4989 converterit
774 4935 913 4991 Deus
945 4940 1299 5004 captivitatem
1331 4942 1494 5010 plebis
1530 4960 1641 4998 sua:
1662 4985 1676 5009 ,
1712 4947 2000 5001 exsultabit

427 5024 596 5079 Iacob
631 5036 681 5080 et
714 5027 983 5083 lwtabitur
1018 5030 1210 5089 Israel.
1246 5035 1383 5090 Cum
1428 5033 1700 5107 Propheta
1740 5054 1806 5093 ex
1846 5055 1999 5096 reve-

427 5119 630 5173 latione
675 5118 911 5191 Spiritus
959 5128 1134 5181 sancti
1186 5142 1381 5199 magna
1425 5131 1767 5199 concepisset
1809 5132 1995 5186 animo

428 5206 496 5262 de
545 5211 788 5279 pernicie
825 5214 1170 5271 inimicorum
1217 5217 1442 5273 humani
1496 5222 1751 5289 generis,
1802 5221 1998 5277 deinde

425 5300 632 5357 addidit
675 5304 807 5360 illud
830 5346 843 5371 ,
876 5308 1007 5373 Quis
1050 5310 1197 5364 dabit
1240 5328 1305 5366 ex
1350 5314 1478 5368 Sion
1508 5314 1759 5369 Salutare
1783 5316 1808 5367 ?
1851 5330 1914 5370 ac
1944 5313 1989 5369 si

423 5391 665 5461 diceret,
696 5397 820 5468 quis
858 5398 1011 5455 dabit
1040 5402 1155 5456 hzec
1180 5404 1292 5473 jam
1325 5419 1488 5472 opere
1531 5405 1837 5473 compleri?
1876 5404 1993 5460 Non

423 5490 568 5545 enim
602 5492 707 5547 alia
743 5494 956 5550 ratione
986 5496 1241 5551 liheratio
1290 5512 1319 5550 a
1366 5498 1523 5552 malis
1566 5509 1684 5551 rata
1728 5500 1832 5553 erit
1869 5498 1993 5555 liliis

422 5581 703 5638 hominum
728 5627 742 5653 ,
773 5587 875 5643 nisi
904 5602 1001 5659 per
1026 5588 1201 5643 solum
1228 5587 1519 5643 adventum
1554 5590 1826 5647 Salutaris
1856 5589 1987 5656 Dei,

488 5761 533 5791 "
577 5760 720 5817 Psal.
759 5778 893 5828 xui,
929 5762 982 5818 6.

2106 4587 2313 4650 οἰκείας
2341 4586 2528 4657 ἔτυχεν
2555 4589 2849 4659 ἑρμηνείας
2879 4589 3020 4643 κατὰ
3046 4590 3170 4652 τοὺς
3200 4591 3432 4654 οἰκείους
3459 4592 3679 4655 τόπους·

2106 4677 2176 4731 τά
2232 4677 2288 4730 δὲ
2345 4679 2704 4748 προκείμενα,
2738 4680 2884 4744 ὅπως
2919 4682 3049 4751 ἡμῖν
3092 4679 3359 4753 παρέστη,
3395 4683 3680 4753 πρόκειται

2104 4774 2217 4833 τοῖς
2246 4771 2687 4839 ἐντυγχάνουσιν.

2179 4861 2273 4925 Τίς
2300 4857 2477 4915 δώσει
2497 4861 2565 4915 ἐκ
2594 4861 2749 4915 Σιὼν
2768 4862 2831 4915 τὸ
2856 4862 3153 4931 Σωτήριον
3171 4863 3277 4919 τοῦ
3321 4866 3680 4934 '10'pa1i1;ér

2101 4946 2180 5013 τῷ
2215 4948 2573 5018 ἐπιστρέψαι
2608 4950 2714 5005 τὸν
2745 4951 2893 5004 Θεὸν
2940 4951 3054 5020 τὴν
3097 4956 3515 5023 αἰχμαλωσίαν
3570 4956 3677 5009 τοῦ

2098 5040 2253 5095 λαοῦ
2275 5041 2481 5106 αὐτοῦ,
2503 5042 2929 5111 ἁγαλλιάσεται
2958 5045 3185 5110 Ἰακὼϐ,
3221 5047 3317 5099 καὶ
3342 5048 3678 5115 εὐφρανθή-

2102 5148 2271 5186 σεται
2309 5133 2578 5202 ’Ῑσραήλ.
2621 5135 2847 5204 Μεγάλα
2872 5137 3198 5206 φαντασθεὶς
3233 5138 3261 5190 6
3290 5138 3582 5209 Προφήτης
3609 5140 3672 5191 ἐκ

2096 5226 2195 5296 τῆς
2233 5224 2326 5278 τοῦ
2354 5227 2509 5295 ἁγίου
2532 5226 2846 5297 Πνεύματος
2882 5229 3270 5297 ἀποκαλύψεως
3304 5231 3429 5300 περὶ
3454 5230 3553 5299 τῆς
3577 5233 3672 5283 ἀπ-

2097 5316 2292 5380 ωλείας
2318 5316 2427 5369 τῶν
2458 5317 2666 5387 ἐχθρῶν
2694 5316 2787 5369 τοῦ
2826 5318 2933 5370 τῶν
2974 5318 3273 5387 ἀνθρώπων
3303 5320 3513 5387 γένους,
3549 5320 3670 5389 ἑξῆς

2100 5410 2347 5485 ἐπήγαγε
2372 5408 2456 5473 τὸ,
2494 5409 2589 5474 Τίς
2611 5408 2788 5463 δώσει
2816 5409 2884 5461 ἐκ
2914 5408 3060 5461 Σιὼν
3082 5410 3145 5462 τὸ
3172 5411 3500 5478 Σωτήριον;
3538 5412 3668 5464 ὡσεὶ

2096 5498 2282 5567 ἔλεγεο
2315 5499 2410 5563 Τίς
2452 5498 2612 5553 δώσει
2653 5498 2751 5570 ἤδη
2797 5498 2927 5552 ποτὲ
2967 5498 3151 5567 ταῦτα,
3177 5499 3244 5553 δι’
3286 5500 3464 5571 ἔργων
3490 5501 3665 5572 χωρῆ-

2099 5608 2217 5658 σαι;
2252 5591 2327 5646 Ob
2354 5590 2464 5663 γάρ
2492 5591 2666 5655 άλλως
2706 5590 2977 5647 σεσῶσθαι
3000 5590 3187 5648 κακῶν
3214 5592 3527 5664 ἐλευθερίαν
3557 5594 3665 5655 τοῖς
