4010 6562
300 431 400 489 ιςι
1430 413 1935 482 COMMENTARIA
1977 419 2041 475 iN
2082 413 2210 475 PSA
2222 411 2422 474 LMOS.

3442 409 3546 469 ιω

301 549 436 610 υἱοῖς
466 544 573 599 τῶν
606 544 962 616 ἀνθρώπωνῆ
995 545 1083 598 διὰ
1116 545 1282 616 μόνης
1315 526 1413 614 τῆς
1439 545 1758 614 ἐπιφανείας
1782 541 1876 595 τοῦ

1986 539 2047 596 de
2073 555 2182 610 quo
2211 539 2378 593 multa
2414 537 2662 591 feruntur
2689 535 2743 590 in
2773 531 3024 589 omnibus
3059 526 3380 608 scripturis.
3413 529 3546 585 Ρη·

301 638 577 709 Σωτηρίου
594 635 686 690 τοῦ
701 636 856 701 Θεοῦ,
877 655 940 690 πε
951 638 1001 708 pi.
1019 633 1079 692 οῦ
1092 637 1256 700 πολὺς
1270 640 1298 690 6
1313 636 1466 706 λόγος
1480 637 1566 691 διὰ
1581 635 1768 689 πασῶν
1781 635 1876 704 φέ-

305 729 576 805 ρεταιτῶν
616 729 866 801 Γραφῶν.
899 729 1215 801 Ἐπεύχεται
1234 730 1413 782 τοίνυν
1432 728 1605 798 λέγων
1622 747 1635 758 ·
1662 729 1756 794 Τίς
1769 728 1876 780 δὼ-

301 840 396 878 σει
420 823 486 876 ἐκ
503 822 654 877 Σιὼν
675 821 740 875 τὸ
764 820 1064 890 Σωτήρων
1086 820 1192 874 τοῦ
1227 821 1474 890 Ἰσραήλ
1489 837 1506 885 ;
1523 820 1786 883 Πολλάκις
1817 819 1875 872 δὲ

301 915 430 984 ἡμῖν
453 913 688 984 εἴρηται,
712 912 788 974 ὡς
809 913 838 964 6
863 912 1093 981 Χριστὸς
1114 910 1207 964 τοῦ
1233 911 1390 976 Θεοῦ,
1409 913 1437 964 6
1451 910 1640 982 Σωτὴρ
1657 910 1748 962 καὶ
1760 908 1872 960 Κῦ-

305 1022 417 1076 ριος
451 1003 601 1075 ήμῶν
627 1003 812 1056 τοῦτον
839 1004 895 1054 ὲν
916 1004 1035 1065 ταῖς
1060 1002 1419 1072 προφητείαις
1448 999 1874 1073 προαγορεύεται

299 1097 391 1148 τὸν
425 1095 620 1166 τρόπον
640 1111 653 1122 ’
688 1095 960 1164 Σωτήρων
991 1092 1098 1164 γὰρ
1128 1093 1289 1146 αὐτὸν
1323 1091 1507 1146 καλεῖν
1534 1090 1783 1143 εἰώθασιν
1805 1106 1819 1119 ·
1847 1087 1876 1140 ὃ

302 1192 398 1244 καὶ
418 1192 548 1243 πᾶσι
563 1192 673 1252 τοῖς
689 1188 863 1241 ἔθνεσι
881 1186 1291 1258 γνωσθήσεσθαι
1319 1186 1726 1256 προεκήρυττον
1747 1182 1802 1235 ἐν
1813 1197 1872 1234 τε

301 1286 412 1345 τοῖς
429 1281 605 1342 ἀλλοις
623 1281 714 1332 καὶ
735 1280 791 1330 ὲν
807 1273 887 1341 οἷς
909 1279 1147 1350 εἴρηται·
1171 1279 1392 1347 ᾊσατε
1413 1275 1492 1341 τῷ
1507 1275 1701 1342 Κυρίῳ
1712 1267 1876 1341 ᾆσμα

300 1373 532 1436 καινὸν,
550 1371 734 1438 ᾆσαι-ε
756 1368 833 1434 τῷ
849 1370 1061 1438 Κιιοίῳ,
1081 1367 1248 1424 πᾶσα
1270 1370 1307 1436 ἡ
1331 1367 1425 1438 γῆ.
1439 1370 1648 1437 ’ᾼσατε
1664 1365 1741 1431 τῷ
1763 1369 1876 1418 Κυ-

293 1465 430 1530 ρίῳ,
456 1461 831 1530 εὐλογήσατε
854 1461 919 1514 τὸ
948 1462 1134 1529 ὄνομα
1161 1461 1363 1516 αὐτοῦ.
1388 1459 1874 1528 Εὐαγτελίσασθε

300 1555 533 1622 ἡμέραν
580 1552 648 1616 ἐξ
697 1552 920 1622 ἡμέρας
957 1553 1020 1606 τὸ
1062 1552 1358 1620 Σωτήρων
1412 1549 1618 1604 αὐτοῦ.
1690 1549 1875 1618 Ἀναγ-

299 1643 537 1712 τείλατε
561 1640 685 1707 τοῖς
711 1641 915 1695 ἔθνεσι
946 1640 1062 1707 τὴν
1090 1640 1279 1704 δόξαν
1302 1637 1518 1691 αὐτοῦ·
1555 1637 1649 1691 κα¹ι
1680 1637 1873 1690 πάλιν·

302 1736 519 1802 ’ᾼσατε
568 1730 648 1796 τῷ
693 1732 890 1799 Κυρίῳ
923 1725 1087 1800 ᾆσμα
1149 1731 1392 1794 καινὸν,
1429 1730 1516 1783 ὅτι
1563 1731 1877 1798 θαυμαστὰ

295 1824 606 1891 ἐποίησεν.
651 1822 962 1892 Ἐγνώρισε
986 1824 1204 1890 Κύριος
1229 1823 1296 1874 τὸ
1336 1818 1634 1888 Σωτήρων
1667 1819 1873 1884 αὐτοῦ,

1982 641 2142 688 catur
2174 632 2358 701 itaque
2396 629 2624 684 dicens:
2667 628 2800 694 Quis
2838 625 2984 678 dabit
3024 640 3088 680 ea:
3125 623 3254 679 Sion
3295 621 3547 678 Salutare

1985 725 2207 779 Israel?
2233 722 2560 792 Plerumque
2589 731 2768 775 autem
2799 719 3068 783 diximus,
3105 717 3382 772 Christum
3415 713 3545 778 Dei,

1986 814 2323 869 Salvatorem
2357 819 2409 866 et
2439 809 2725 864 Dominum
2754 819 3003 863 nostrum
3037 809 3140 861 hoc
3171 808 3224 861 in
3251 805 3548 880 prophetiis

1983 907 2145 962 modo
2174 902 2435 976 appellari
2461 920 2476 969 ;
2507 916 2629 956 nam
2659 901 2811 954 illum
2839 898 3090 954 Salutare
3118 914 3312 953 vocare
3336 898 3545 954 solent:

1981 1000 2126 1070 quod
2170 998 2238 1052 ab
2277 995 2532 1051 oumibus
2569 992 2824 1063 gentibus
2869 991 3145 1063 cognitum
3194 991 3259 1045 iri
3299 1004 3552 1060 praenun-

1981 1091 2194 1143 tiabant
2241 1089 2360 1141 sive
2402 1086 2456 1140 in
2490 1083 2647 1149 aliis,
2691 1083 2806 1138 sive
2854 1082 2906 1136 in
2961 1083 3064 1138 hoc
3103 1082 3294 1137 dicto:
3329 1081 3554 1135 Caritate

1982 1179 2208 1234 Domino
2243 1178 2509 1232 canticum
2555 1191 2778 1239 novum,
2823 1184 3035 1227 cantate
3069 1173 3331 1237 Domino,
3384 1173 3551 1227 omnis

1981 1281 2146 1327 terra.
2177 1270 2406 1326 Cantate
2436 1269 2662 1322 Domino
2683 1307 2699 1332 ,
2732 1265 3014 1319 benedicile
3044 1265 3243 1318 nomini
3273 1264 3386 1334 ejus
3409 1305 3424 1330 ,
3456 1280 3554 1316 aut

1981 1364 2223 1420 nuntiate
2249 1363 2312 1418 de
2340 1364 2424 1417 die
2455 1363 2507 1416 in
2538 1363 2672 1415 diem
2709 1358 2959 1414 Salutare
2986 1355 3121 1428 eius.
3145 1359 3470 1412 Annuntiate
3499 1357 3553 1409 in

1979 1457 2220 1528 gentibus
2252 1457 2476 1527 gloriam
2515 1454 2627 1523 ejus
2655 1453 2702 1485 ⁸⁸
2725 1468 2744 1506 :
2779 1468 2844 1506 ac
2873 1466 3090 1506 rursum
3115 1489 3130 1515 ,
3171 1448 3399 1505 Cantate
3449 1447 3555 1501 ι)οέ

1983 1550 2122 1603 mino
2151 1550 2420 1602 canticum
2451 1563 2639 1601 novum
2659 1584 2676 1612 ,
2708 1547 2834 1618 quia
2864 1545 3135 1599 mirabilia
3169 1544 3310 1614 fecit.
3352 1542 3556 1597 Notum

1983 1639 2104 1708 fecit
2143 1639 2398 1693 Dominus
2429 1637 2684 1694 Salutare
2716 1651 2870 1692 suum
2890 1676 2904 1700 ,
2936 1637 2991 1690 in
3021 1644 3295 1702 conspectu
3323 1635 3555 1705 gentium

1983 1732 2230 1786 reuelauit
2253 1731 2526 1800 justitiam
2561 1746 2711 1783 suam
2741 1728 2781 1760 ⁸¹
2817 1743 2835 1789 ;
2878 1735 2932 1782 et
2983 1726 3154 1781 lsaias
3187 1745 3200 1780 :
3253 1724 3552 1788 Revelabit,

1987 1823 2200 1892 inquit,
2247 1822 2508 1876 Dominus
2553 1820 2824 1874 brachium
2868 1828 3112 1872 sanctum
3155 1834 3307 1871 suum
3340 1818 3395 1870 in
3434 1833 3558 1871 con~

295 1915 580 1968 ἐναντίον
600 1913 720 1967 τῶν
749 1912 940 1967 ἐθνῶν
977 1911 1331 1980 ἀπεκάλυψε
1353 1911 1467 1978 τὴν
1487 1911 1880 1978 δικαιοσύνην

1986 1923 2161 1983 specta
2189 1913 2425 1967 omnium
2449 1914 2518 1978 ⁸⁸,
2548 1921 2602 1966 et
2629 1919 2844 1966 caetera.
2872 1909 2937 1964 Et
2959 1911 3072 1980 jam
3101 1924 3243 1980 saepe
3269 1909 3556 1964 verborqu

295 2005 522 2059 αὐτοῦ·
551 2005 644 2058 καὶ
678 2006 706 2056 6
743 2005 991 2066 Ἡσαΐας,
1032 1994 1461 2070 Ἀποκαλύψει,
1489 2003 1642 2072 φησὶ,
1666 2003 1880 2069 Κύριος

1986 2015 2239 2061 eventum
2272 2005 2649 2074 exposuimus,
2685 2003 2999 2058 testimonio
3032 2000 3306 2057 Simeonis
3337 1999 3555 2062 fultura,

293 2097 408 2150 τὸν
433 2097 731 2165 βραχίονα
757 2097 864 2148 τὸν
888 2095 1056 2164 ἄγων
1102 2091 1290 2149 αὐτοῦ
1331 2093 1588 2147 ἐνώπιον
1643 2093 1881 2146 πάντων

1986 2097 2080 2164 qui
2116 2095 2455 2149 Salvatorem
2489 2101 2544 2149 et
2573 2093 2864 2147 Dominum
2908 2103 3154 2149 nostrum
3183 2092 3368 2147 Iesum
3397 2090 3559 2145 Chri«

291 2185 420 2238 τῶν
445 2185 655 2249 ἐθνῶν,
681 2187 774 2238 καὶ
798 2185 866 2238 τὰ
899 2185 1044 2256 ἑξῆς.
1091 2186 1228 2256 Ἤδη
1258 2178 1313 2236 δὲ
1347 2184 1607 2248 πολλάκις
1637 2202 1878 2256 παρατε-

1987 2196 2131 2242 stum
2163 2185 2343 2240 adhuc
2371 2184 2668 2248 infantem,
2701 2184 2756 2238 in
2789 2184 2934 2238 ulnis
2965 2185 3270 2254 accipiens,
3304 2182 3384 2238 sic
3415 2181 3561 2235 voci.

292 2276 534 2345 θείμεοα
559 2277 666 2332 τῶν
695 2276 864 2344 λόγων
916 2277 977 2329 τὸ
1008 2277 1354 2346 ἀποτέλεσμα
1379 2317 1394 2342 ,
1435 2275 1878 2347 μαρτυρούμενον

1986 2275 2194 2330 feratus
2225 2283 2341 2337 est,
2378 2273 2536 2326 Nunc
2571 2273 2797 2326 dimittis
2839 2290 3045 2327 servum
3085 2283 3230 2327 tuum
3254 2313 3270 2339 ,
3305 2271 3554 2334 Domine.

292 2367 407 2420 ὑπὸ
436 2368 530 2420 τοῦ
565 2367 808 2438 Συμεῶν,
834 2368 914 2430 ὃς,
940 2369 1030 2420 τὸν
1065 2369 1292 2439 Σωτῆρα
1329 2367 1424 2421 καὶ
1466 2367 1672 2438 Κύριον
1719 2365 1878 2437 ήμῶν

1986 2365 2271 2421 secundum
2299 2365 2510 2419 verbum
2539 2374 2686 2418 tuum
2718 2367 2773 2419 in
2797 2382 2924 2434 pace
2946 2380 2965 2419 .'
2995 2367 3120 2435 quia
3150 2365 3390 2419 viderunt
3421 2363 3561 2416 oculi

307 2455 521 2526 Ἰησοῦν
550 2457 802 2526 Χριστὸν,
827 2456 904 2508 ἔτι
934 2457 1125 2527 νήπιον
1157 2455 1305 2518 ὄντα,
1341 2457 1462 2518 ταῖς
1493 2454 1761 2523 ἀγκάλαις
1780 2453 1875 2506 λα-

295 2544 429 2610 ϐὼν,
469 2547 780 2617 ἀνεφώνησε
806 2545 978 2615 λέγων
998 2563 1011 2576 ·
1052 2545 1176 2600 Νῦν
1201 2542 1488 2611 ἀπολύεις
1517 2547 1623 2599 τὸν
1648 2542 1876 2599 δοῦλόν

1983 2459 2086 2510 mei
2118 2457 2368 2512 Salutare
2387 2497 2402 2523 ,
2432 2456 2572 2527 quod
2603 2457 2810 2526 parasti
2845 2467 2966 2510 ante
2981 2457 3172 2525 facient
3201 2457 3432 2510 omnium
3459 2472 3564 2526 po-

1980 2548 2226 2617 palorum
2250 2544 2320 2606 ⁸³.

293 2652 439 2700 σου,
464 2637 753 2701 Δέσποτα,
785 2638 934 2691 κατὰ
961 2636 1024 2690 τὸ
1056 2635 1242 2705 ὄνομά
1274 2652 1390 2690 σου
1420 2637 1490 2690 ἐν
1516 2637 1746 2706 εἰρήνῃ·
1783 2637 1873 2690 ὅτι
1909 2634 2076 2694 εἶδον
2104 2644 2158 2695 ol
2187 2641 2480 2711 ὀφθαλμοί
2495 2657 2614 2710 μου
2675 2639 2742 2692 τὸ
2793 2639 3122 2708 Σωτήρων,
3164 2639 3195 2693 ὃ
3229 2639 3561 2709 ἡτοίμασας

296 2728 450 2781 κατὰ
479 2729 802 2795 πρόσωπον
827 2726 1071 2780 πάντων
1102 2725 1221 2781 τῶν
1249 2726 1459 2786 canina

378 2842 546 2895 Ἀλλά
577 2842 748 2895 ταῦτα
783 2843 878 2913 μὲν
901 2843 958 2895 ὲν
991 2843 1343 2911 Εὐαγγελὶοις
1372 2845 1693 2916 ἐπληροῦτο.
1725 2845 1790 2900 Οῖ
1814 2863 1876 2914 γε

300 2936 406 3007 μὴν
435 2934 659 2988 παλαιοὶ
687 2935 978 3007 προφῆται,
1014 2937 1074 2990 τὸ
1099 2938 1289 3008 μέλλον
1318 2938 1396 3008 τῷ
1427 2939 1701 3009 Πνεῦμα-ιι
1746 2957 1879 3010 προ-

298 3026 636 3099 θεωροῦντες
660 3067 675 3092 ,
702 3027 792 3080 καὶ
839 3029 946 3082 τῶν
975 3029 1195 3097 ἀγαθῶν
1226 3031 1305 3092 είς
1349 3029 1526 3100 ἔρωτα
1572 3031 1668 3083 καὶ
1719 3031 1880 3084 πόθον

298 3119 610 3191 ἐρχόμενοι,
646 3119 888 3172 ἐπεϐόων
912 3121 968 3172 ὲν
994 3120 1202 3190 εὐχαῖς,
1241 3120 1361 3172 τοτὲ
1400 3121 1498 3190 μὲν
1543 3122 1841 3189 φάσκοντες
1862 3138 1876 3152 ο

2058 2844 2165 2900 Sed
2197 2845 2313 2900 haec
2341 2843 2558 2914 quidem
2593 2844 2647 2898 in
2677 2839 2982 2914 Evangeliis
3013 2843 3232 2913 impleta
3262 2855 3409 2900 sunt.
3444 2836 3558 2898 An-

1985 2937 2123 3006 tiqui
2151 2950 2283 2990 vero
2309 2934 2584 3005 propheta:
2612 2932 2818 3003 Spiritu
2841 2933 2984 3002 quod
3019 2933 3258 2988 futurum
3287 2942 3404 2988 erat
3431 2948 3563 3004 prmo

1986 3029 2267 3093 videntes,
2313 3037 2367 3083 et
2407 3028 2675 3083 bonorum
2722 3027 2999 3083 desiderio
3040 3041 3336 3098 amoreque
3378 3031 3560 3099 capti,

1987 3120 2298 3175 clamabant
2323 3120 2378 3174 in
2407 3118 2753 3174 orationibus
2773 3160 2788 3185 ,
2822 3117 2986 3173 modo
3015 3118 3234 3188 quidem
3269 3119 3402 3174 illud
3435 3135 3562 3190 prus

299 3209 510 3272 Δεῖξον
537 3209 680 3278 ἡμῖν
699 3249 714 3274 ,
747 3211 946 3277 Κύριε,
972 3209 1038 3263 τὸ
1074 3210 1246 3276 ἔλεός
1274 3225 1389 3262 σου
1413 3249 1429 3274 ,
1461 3211 1556 3262 καὶ
1591 3209 1653 3263 τὸ
1684 3211 1880 3280 Σωτή-

1987 3211 2256 3275 l‘erentes,
2308 3210 2534 3267 Ostende
2583 3211 2770 3277 nobis,
2826 3209 3085 3272 Domine,
3140 3207 3563 3267 misericordiam

293 3301 429 3367 ριόν
471 3315 589 3354 σου
615 3299 770 3367 δῴης
789 3301 966 3370 ἡμῖν*
999 3301 1118 3354 τοτὲ
1143 3299 1200 3353 δὲ
1229 3301 1285 3354 ἐν
1314 3301 1443 3372 εὐχῇ
1468 3299 1713 3368 λέγοντες
1732 3319 1744 3331 ·
1789 3305 1882 3368 Τίς

299 3392 483 3447 δώσει
509 3394 578 3447 ἐκ
602 3395 755 3448 Σιὼν
789 3393 852 3447 τὸ
883 3394 1184 3462 Σωτήρων
1213 3387 1628 3463 τρῦἻσραήλξ
1667 3395 1732 3448 Τί
1774 3396 1882 3468 γάρ

300 3485 396 3540 καὶ
455 3485 648 3556 ἔμελλε
701 3485 982 3554 γίγνεσθαι
1032 3487 1388 3554 ἐπιφανέντος
1436 3485 1529 3540 τοῦ
1581 3483 1879 3560 Σωτηρίου,

302 3575 431 3647 ἑξῆς
466 3578 496 3629 6
527 3576 682 3644 λόγος
717 3577 1014 3648 παρίστησι
1050 3578 1274 3646 φάσκων
1298 3593 1311 3606 °
1357 3578 1453 3635 Ἑν
1500 3575 1580 3642 τῷ
1611 3578 1884 3646 ἐπιστρέ-

302 3670 412 3736 ψαι
443 3666 555 3720 τὸν
568 3669 786 3735 Κύριον
806 3666 920 3734 τὴν
941 3667 1360 3736 αἰχμαλωσίαν
1380 3666 1484 3720 τοῦ
1503 3667 1657 3720 λαοῦ
1672 3668 1879 3730 αὐτοῦ,

303 3759 735 3828 ἀππλλιάσεται
766 3757 978 3821 Ἰακὼϐ,
1000 3758 1098 3810 καί
1119 3757 1595 3826 εὐφρανθήσεται
1623 3757 1880 3824 Ἰσραήλ.

313 3849 518 3920 Ὀρᾷς,
553 3849 660 3912 ὡς,
696 3847 1052 3916 ἐπιφανέντος
1085 3846 1178 3899 τοῦ
1213 3846 1512 3918 Σωτήρίου,
1547 3847 1883 3917 ἐπιστροφὴν

305 3935 634 4008 γενήσεσθαι
665 3937 763 4005 τῆς
791 3935 1162 4005 αἰχμαλωσίας
1196 3934 1442 3997 θεσπίζει
1482 3934 1620 3988 κατά
1654 3935 1750 4006 τήν
1781 3952 1886 3989 σω-

306 4032 495 4100 τήριον
530 4027 710 4098 φωνὴν
744 4027 842 4096 τὴν
873 4028 1251 4098 ἐμφερομένην
1282 4028 1338 4080 ὲν
1361 4026 1440 4097 τῷ
1466 4026 1677 4096 λέγοντι
1711 4027 1770 4094 ἐξ
1796 4028 1888 4082 αὑ-

306 4117 398 4170 τοῦ
433 4115 729 4187 προσώπου
773 4115 1053 4186 προφήτῃ⁹
1086 4113 1329 4183 Πνεῦμα
1369 4115 1590 4182 Κυρίου
1637 4114 1728 4166 ἐπ’
1758 4111 1882 4180 ἐμὲ,

307 4205 378 4264 οὗ
433 4209 670 4261 εἵνεκεν
711 4205 922 4275 ἕχρισέ
955 4223 1050 4274 με,
1104 4205 1580 4274 εὐαγγελίζεσθαι
1627 4205 1883 4273 πτωχοῖς

307 4298 656 4354 ἀπέσταλκέ
678 4315 774 4368 με,
804 4298 1058 4366 κηρῦξαι
1086 4299 1484 4368 αἰχμαλώτοις
1517 4298 1756 4365 ἄφεσιν,
1788 4315 1886 4351 τυ-

307 4392 486 4460 φλοῖς
518 4392 892 4459 ἁνάὅλεψινς
937 4391 1005 4459 ἣν
1035 4390 1172 4460 μετά
1213 4393 1402 4460 χεῖρας
1443 4389 1605 4452 αὐτὸς
1637 4392 1664 4443 6
1695 4389 1886 4460 Σωτὴρ

308 4483 399 4536 ἐπὶ
429 4484 532 4554 τῆς
558 4481 882 4550 συναγωγῆς
930 4480 1040 4533 τῶν
1083 4481 1351 4534 Ἰουδαίων
1382 4477 1562 4532 λαὸὼν
1581 4520 1594 4542 ,
1650 4479 1744 4532 καὶ
1792 4481 1884 4533 τὸν

307 4541 730 4629 τόπονᾞιελθὼν
787 4541 1231 4643 επεσφραγίσατο
1284 4572 1488 4642 φήσας·
1533 4569 1802 4638 Σήμερον
1843 4573 1882 4639 ᾗ
1917 4541 1960 4595 D

309 4663 520 4732 Γραφὴ
541 4663 691 4729 αὕτη
719 4661 1098 4729 πεπλήρωται
1133 4661 1202 4713 ἐν
1229 4660 1352 4726 τοῖς
1382 4659 1533 4713 ὠσίν
1555 4658 1738 4728 ὑμῶν.
1775 4660 1888 4730 Τῆς

311 4747 400 4808 οῦν
429 4754 810 4824 αἰχμαλωσίας
851 4753 1156 4824 ἀνεθείσης,
1180 4755 1388 4824 χορεῖαι
1415 4751 1598 4804 λοιπὸν
1634 4749 1693 4816 ἐξ
1719 4751 1888 4821 αὐτῆς

314 4846 690 4908 συνίστανται,
721 4846 847 4908 τοὺς
890 4843 1092 4914 ὕμνους
1120 4844 1538 4913 ἀναπέμπουσαι
1571 4841 1647 4911 τῷ
1669 4841 1883 4894 ἐλευθε-

316 4939 456 5008 ρωτῇ
489 4935 715 5006 βασιλεῖ.
759 4937 897 4988 Τότε
944 4932 1012 4985 δὲ
1040 4934 1138 4986 καὶ
1177 4933 1605 5002 ἀγαλλιάσεται
1664 4931 1880 4996 Ἰακὼϐ,

314 5027 407 5080 καί
436 5024 917 5094 εὐφρανθήσεται
957 5024 1208 5092 Ἰσραήλ.
1237 5025 1369 5077 Τότε
1393 5023 1475 5088 δὲ,
1498 5023 1647 5085 πότε,
1677 5023 1710 5092 ῆ
1744 5022 1885 5076 κατά

313 5114 401 5167 τὸν
424 5115 616 5186 καιρὸν
647 5115 746 5185 τῆς
779 5113 1112 5186 δηλουμένης
1137 5113 1450 5184 ἐλευθερίας
1493 5113 1585 5166 τοῦ
1627 5113 1756 5166 λαοῦ
1789 5113 1881 5167 τοῦ

313 5205 465 5268 Θεοῦ,
496 5205 571 5269 ὡς
599 5210 736 5260 νοεῖν
770 5223 830 5258 σε
859 5205 1043 5276 ἕτερον
1081 5207 1178 5275 μὲν
1202 5201 1340 5260 εἶναι
1372 5206 1463 5258 τὸν
1487 5205 1880 5278 ἐλευθεροῦμε-

315 5310 400 5346 νον
426 5293 576 5358 λαὸν,
621 5295 712 5347 καὶ
769 5294 990 5365 ἐτέρους
1031 5295 1156 5358 τοὺς
1189 5296 1280 5348 ἐπὶ
1313 5298 1379 5367 τῇ
1438 5295 1603 5350 αὐτοῦ
1640 5297 1884 5370 σωτηρία

312 5385 798 5458 εὐφραινομένουςς
855 5386 1026 5438 Τοῦτο
1080 5385 1189 5457 γὰρ
1240 5390 1274 5458 ή
1323 5387 1530 5440 διάνοια
1591 5387 1884 5442 ὑποϐάλλει

314 5479 607 5545 φάσκοντος
631 5476 725 5530 τοῦ
749 5477 906 5545 λόγου
923 5494 937 5507 ⁸
989 5479 1084 5530 Ἐν
1113 5477 1193 5543 τῷ
1219 5478 1572 5548 ἐπιστρέψαι
1603 5479 1709 5533 τὸν
1731 5481 1879 5534 Θεὸν

307 5567 425 5635 ,τὴν
450 5571 866 5637 αἰχμαλωσίαν
897 5569 1002 5624 τοῦ
1033 5569 1190 5623 λαοῦ
1231 5569 1447 5633 αὐτοῦ,
1499 5572 1590 5624 καὶ
1623 5569 1691 5623 τὰ
1732 5569 1878 5642 ἑξῆς.

453 5744 499 5777 ⁸⁸
540 5745 682 5800 Psal.
732 5763 853 5808 xcv,
911 5747 1026 5802 1-5.

316 5814 359 5846 ⁸⁵
391 5815 495 5870 isa.
527 5832 637 5881 ut,
679 5819 700 5871 ι
736 5836 750 5885 ;
798 5816 930 5873 Luc.
968 5835 1040 5882 Iv,
1081 5818 1166 5884 l8,
1195 5818 1276 5874 l9.
1367 5818 1413 5850 "‘
1439 5817 1572 5872 Luc.
1607 5833 1683 5883 tv,
1715 5817 1807 5871 91.

1125 5748 1168 5780 ⁸¹
1211 5729 1354 5803 Ρεαιξ
1383 5762 1560 5808 xcvu,
1599 5747 1651 5809 Ι,
1690 5746 1746 5801 Ξ.
1834 5748 1879 5779 ⁸⁸
1921 5745 2024 5804 lsa.
2058 5764 2129 5804 ιιι
2155 5789 2170 5815 ,
2209 5749 2294 5806 ιο.

1984 3313 2160 3368 tuam,
2189 3311 2238 3357 et
2265 3301 2518 3358 Salutare
2547 3312 2694 3357 tuum
2723 3300 2794 3354 da
2821 3300 2970 3356 nobis
2998 3301 3081 3368 “;
3110 3301 3272 3358 modo
3299 3311 3477 3357 autem
3507 3302 3560 3356 in

1981 3394 2228 3449 oratione
2271 3393 2516 3449 dicentes
2555 3411 2571 3448 :
2625 3393 2756 3461 Quis
2803 3391 2952 3446 dabit
3008 3407 3073 3446 ex
3146 3391 3274 3447 Sion
3308 3393 3560 3448 Salutares

1982 3483 2196 3541 Israel?
2217 3484 2357 3550 Quid
2371 3486 2514 3540 enim
2534 3496 2654 3556 post
2673 3483 2940 3540 Salutaris
2959 3484 3246 3540 adventum
3267 3500 3560 3542 evasurum

1983 3585 2159 3641 esset,
2192 3577 2244 3631 in
2277 3577 2636 3646 sequentibus
2667 3588 2852 3631 sermo
2883 3574 3128 3630 declarat
3160 3577 3348 3632 dicens
3375 3597 3387 3632 :
3429 3578 3562 3634 Cum

1982 3669 2290 3744 converterit
2319 3667 2577 3721 Dominus
2611 3669 2969 3736 captivitatem
3001 3667 3166 3735 plebis
3207 3682 3353 3730 suas,
3384 3669 3564 3723 exsul-

1986 3758 2116 3811 tabit
2159 3756 2326 3810 Iacob
2368 3765 2416 3810 et
2459 3755 2729 3810 laetabitur
2774 3755 2966 3811 Israel.
3018 3755 3210 3811 Viden’
3250 3773 3360 3827 quo
3402 3762 3564 3828 pacto

1985 3856 2108 3920 post
2163 3847 2434 3902 Salutaris
2482 3848 2808 3912 adventum,
2865 3848 3283 3903 conversionem
3334 3850 3562 3920 captivio

1987 3937 2115 3991 tatis
2144 3934 2381 3988 futuram
2411 3951 2535 3991 esse
2561 3936 2914 3999 vaticinatur,
2940 3936 3240 3990 secundum
3271 3937 3415 3991 illam
3441 3937 3564 3992 Sal-

1986 4024 2191 4078 vatoris
2233 4038 2421 4078 vocem
2446 4063 2461 4088 ,
2506 4039 2627 4093 quze
2669 4025 2724 4078 in
2765 4024 3028 4095 prepheta
3069 4041 3136 4079 ex
3175 4027 3295 4096 ejus
3324 4042 3561 4097 persona

1987 4115 2241 4184 loquente
2271 4113 2442 4170 fertur
2470 4135 2482 4170 :
2512 4116 2740 4186 Spiritus
2770 4117 2982 4171 Domini
3009 4131 3165 4187 super
3195 4135 3309 4184 me,
3339 4134 3397 4174 eo
3423 4119 3561 4191 quod

1988 4207 2198 4260 unxerit
2231 4223 2344 4270 nte,
2380 4208 2742 4278 euangelizare
2773 4208 3091 4279 pauperibus
3117 4211 3260 4264 misit
3290 4227 3398 4276 me,
3423 4225 3562 4281 prae-

1989 4298 2168 4352 dicare
2203 4299 2422 4367 captivis
2457 4299 2818 4356 dimissionem
2841 4341 2856 4366 ,
2898 4303 3051 4357 cazcis
3087 4304 3228 4357 visus
3269 4306 3564 4360 restitutio-

1987 4404 2102 4442 nem
2139 4377 2440 4454 "?Quam
2493 4390 2832 4460 prophetiam
2883 4389 3136 4445 Salvator
3183 4393 3236 4446 in
3286 4408 3560 4464 synagoga

1987 4477 2335 4544 Iudaeorum,
2381 4481 2635 4536 manibus
2687 4481 3002 4552 accipiens,
3048 4491 3336 4551 postquam
3385 4484 3562 4536 locum

1989 4571 2244 4642 legisset,
2279 4572 2588 4643 obsignavit
2623 4573 2853 4630 dicens:
2906 4573 3076 4628 Hodie
3122 4575 3234 4628 Iure
3282 4574 3561 4643 Scriptura

1990 4660 2207 4728 impleta
2255 4669 2332 4714 est
2377 4661 2431 4714 in
2484 4662 2703 4716 auribus
2749 4661 2934 4717 vestris
2968 4664 3033 4733 '_°.
3083 4662 3332 4719 Remissa
3377 4665 3562 4734 itaque

1990 4749 2346 4819 captivitate,
2401 4767 2467 4804 ex
2512 4766 2576 4806 ea
2624 4760 2814 4821 postea
2867 4754 3080 4809 chorea:
3133 4755 3562 4818 constituuntur,

1990 4855 2112 4909 qua:
2141 4840 2373 4909 hymnos
2405 4841 2686 4896 liberatori
2722 4840 2855 4913 [tegi
2887 4845 3160 4898 emittunt.
3206 4844 3350 4898 Tunc
3381 4845 3562 4900 exsul-

1993 4931 2125 4984 tabit
2146 4929 2337 4997 Jacob,
2362 4941 2412 4986 et
2439 4931 2709 4987 (relabitur
2739 4933 2932 4988 Israel.
2961 4934 3145 4998 Tunc,
3172 4937 3521 5006 quandonam
3543 4973 3561 5003 ,

1993 5021 2101 5075 nisi
2131 5027 2374 5092 tempore
2404 5031 2719 5079 memoratae
2746 5026 2895 5081 illius
2919 5027 3188 5084 libertatis
3219 5029 3403 5098 populi
3431 5027 3558 5095 Dei,

1993 5112 2066 5167 ita
2116 5120 2176 5166 ut
2223 5112 2498 5184 intelligas
2555 5115 2722 5170 alium
2765 5132 2885 5172 esse
2936 5119 3222 5174 liberatum
3268 5121 3561 5189 populum,

1992 5204 2130 5260 alios
2163 5219 2261 5260 eos
2290 5204 2382 5274 qui
2415 5205 2480 5260 de
2515 5205 2690 5275 ipsius
2722 5209 2898 5264 salute
2935 5209 3230 5264 laztautur?
3260 5210 3385 5266 llaec
3415 5210 3563 5266 enim

1992 5297 2260 5351 sententia
2307 5297 2687 5353 subindicatur
2727 5315 2850 5354 cum
2891 5299 3129 5355 dicitur:
3176 5299 3307 5356 Cum
3353 5317 3568 5356 conver-

1992 5387 2112 5440 terit
2164 5386 2306 5442 Deus
2357 5389 2715 5457 captivitatem
2762 5391 2928 5460 plebis
2975 5407 3115 5455 sute,
3162 5401 3215 5447 et
3243 5401 3456 5446 caetera.
3497 5389 3564 5444 iii

1989 5493 2225 5550 namque
2248 5479 2578 5535 laetabuntur
2600 5495 2726 5536 cum
2751 5482 3080 5537 converterit
3101 5481 3361 5537 Dominus
3389 5481 3566 5550 capti-

1989 5571 2210 5626 vitatem
2247 5571 2422 5642 plebis
2450 5586 2582 5627 sum.
2621 5570 2718 5627 His
2743 5572 2928 5644 itaque
2960 5573 3100 5631 duos
3125 5573 3349 5633 ordines
3375 5573 3563 5628 deela-

2405 5747 2452 5782 ⁸³
2486 5748 2619 5805 Luc.
2659 5765 2738 5816 ιι,
2767 5748 2860 5806 29.
2974 5750 3018 5784 ⁸⁸
3054 5750 3199 5809 Psal.
3239 5767 3470 5820 txxxnv,
3505 5751 3561 5812 8.
