  <div class='ocr_page' id='page_1' title='image "/cluster/home/n/w/nwhite01/storage/ocr_20150623/23/hvd.32044019207711/261.png"; bbox 0 0 4010 6570; ppageno 0'>
   <div class='ocr_carea' id='block_1_1' title="bbox 417 391 524 446">
    <p class='ocr_par' dir='ltr' id='par_1_1' title="bbox 417 391 524 446">
     <span class='ocr_line' id='line_1_1' title="bbox 417 391 524 446; baseline 0.009 -1"><span class='ocrx_word' id='word_1_1' title='bbox 417 391 524 446; x_wconf 69' lang='grc' dir='ltr'>ως.</span> 
     </span>
    </p>
   </div>
   <div class='ocr_carea' id='block_1_2' title="bbox 1131 381 2999 451">
    <p class='ocr_par' dir='ltr' id='par_1_2' title="bbox 1131 381 2999 451">
     <span class='ocr_line' id='line_1_2' title="bbox 1131 381 2999 451; baseline 0.002 -8"><span class='ocrx_word' id='word_1_2' title='bbox 1131 389 1402 446; x_wconf 81' lang='lat' dir='ltr'><strong>EUSEBII</strong></span> <span class='ocrx_word' id='word_1_3' title='bbox 1441 381 1921 450; x_wconf 66' lang='lat' dir='ltr'><strong>CA-ISARIENSIS</strong></span> <span class='ocrx_word' id='word_1_4' title='bbox 1960 395 2110 451; x_wconf 80' lang='lat' dir='ltr'><strong>OPP.</strong></span> <span class='ocrx_word' id='word_1_5' title='bbox 2151 393 2331 448; x_wconf 77' lang='lat' dir='ltr'><strong>PARS</strong></span> <span class='ocrx_word' id='word_1_6' title='bbox 2361 393 2448 449; x_wconf 85' lang='lat' dir='ltr'><strong>Ill.</strong></span> <span class='ocrx_word' id='word_1_7' title='bbox 2487 423 2553 433; x_wconf 90' lang='lat'><strong>—</strong></span> <span class='ocrx_word' id='word_1_8' title='bbox 2594 391 2999 448; x_wconf 63' lang='lat' dir='ltr'><strong>EKEGETICA.</strong></span> 
     </span>
    </p>
   </div>
   <div class='ocr_carea' id='block_1_3' title="bbox 3571 397 3678 452">
    <p class='ocr_par' dir='ltr' id='par_1_3' title="bbox 3571 397 3678 452">
     <span class='ocr_line' id='line_1_3' title="bbox 3571 397 3678 452; baseline -0.019 0"><span class='ocrx_word' id='word_1_9' title='bbox 3571 397 3678 452; x_wconf 79' lang='grc' dir='ltr'><strong>ιοι</strong></span> 
     </span>
    </p>
   </div>
   <div class='ocr_carea' id='block_1_4' title="bbox 417 502 1982 586">
    <p class='ocr_par' dir='ltr' id='par_1_4' title="bbox 417 504 1982 586">
     <span class='ocr_line' id='line_1_4' title="bbox 417 504 1982 586; baseline 0.002 -25"><span class='ocrx_word' id='word_1_10' title='bbox 417 517 537 573; x_wconf 87' lang='lat' dir='ltr'><strong>rat,</strong></span> <span class='ocrx_word' id='word_1_11' title='bbox 571 506 734 561; x_wconf 88' lang='lat' dir='ltr'><strong>alium</strong></span> <span class='ocrx_word' id='word_1_12' title='bbox 765 519 954 586; x_wconf 84' lang='lat' dir='ltr'><strong>eorum</strong></span> <span class='ocrx_word' id='word_1_13' title='bbox 987 504 1078 575; x_wconf 99' lang='lat' dir='ltr'><strong>qui</strong></span> <span class='ocrx_word' id='word_1_14' title='bbox 1112 505 1166 558; x_wconf 89' lang='lat' dir='ltr'><strong>in</strong></span> <span class='ocrx_word' id='word_1_15' title='bbox 1210 505 1583 575; x_wconf 74' lang='lat' dir='ltr'><strong>captivitatem</strong></span> <span class='ocrx_word' id='word_1_16' title='bbox 1624 507 1843 562; x_wconf 85' lang='lat' dir='ltr'><strong>abducti</strong></span> <span class='ocrx_word' id='word_1_17' title='bbox 1887 525 1982 564; x_wconf 82' lang='lat' dir='ltr'><strong>non</strong></span> 
     </span>
    </p>
   </div>
   <div class='ocr_carea' id='block_1_5' title="bbox 2089 502 3680 586">
    <p class='ocr_par' dir='ltr' id='par_1_5' title="bbox 2099 502 3680 580">
     <span class='ocr_line' id='line_1_5' title="bbox 2099 502 3680 580; baseline 0.003 -19"><span class='ocrx_word' id='word_1_18' title='bbox 2099 502 2259 561; x_wconf 73' lang='grc' dir='ltr'>Οὗτοι</span> <span class='ocrx_word' id='word_1_19' title='bbox 2292 507 2402 580; x_wconf 82' lang='grc' dir='ltr'><strong>γὰρ</strong></span> <span class='ocrx_word' id='word_1_20' title='bbox 2444 507 2910 580; x_wconf 74' lang='grc' dir='ltr'><strong>εὐφρανθήσονται</strong></span> <span class='ocrx_word' id='word_1_21' title='bbox 2953 509 3012 560; x_wconf 85' lang='grc' dir='ltr'>ὲν</span> <span class='ocrx_word' id='word_1_22' title='bbox 3057 507 3134 578; x_wconf 83' lang='grc' dir='ltr'>τῷ</span> <span class='ocrx_word' id='word_1_23' title='bbox 3174 508 3526 580; x_wconf 79' lang='grc' dir='ltr'><strong>ἐπιστρέφειν</strong></span> <span class='ocrx_word' id='word_1_24' title='bbox 3562 512 3680 565; x_wconf 79' lang='grc' dir='ltr'><strong>Κύ-</strong></span> 
     </span>
    </p>
   </div>
   <div class='ocr_carea' id='block_1_6' title="bbox 416 595 1994 672">
    <p class='ocr_par' dir='ltr' id='par_1_6' title="bbox 416 595 1994 672">
     <span class='ocr_line' id='line_1_6' title="bbox 416 595 1994 672; baseline 0.001 -17"><span class='ocrx_word' id='word_1_25' title='bbox 416 605 577 666; x_wconf 86' lang='lat' dir='ltr'><strong>sunt;</strong></span> <span class='ocrx_word' id='word_1_26' title='bbox 611 599 774 672; x_wconf 77' lang='lat' dir='ltr'><strong>alium</strong></span> <span class='ocrx_word' id='word_1_27' title='bbox 805 597 1101 666; x_wconf 87' lang='lat' dir='ltr'><strong>eorum—qui</strong></span> <span class='ocrx_word' id='word_1_28' title='bbox 1125 595 1342 651; x_wconf 89' lang='lat' dir='ltr'><strong>abducti</strong></span> <span class='ocrx_word' id='word_1_29' title='bbox 1371 597 1590 666; x_wconf 85' lang='lat' dir='ltr'><strong>quidem</strong></span> <span class='ocrx_word' id='word_1_30' title='bbox 1611 608 1758 662; x_wconf 83' lang='lat' dir='ltr'><strong>sunt,</strong></span> <span class='ocrx_word' id='word_1_31' title='bbox 1779 601 1875 654; x_wconf 89' lang='lat' dir='ltr'><strong>scd</strong></span> <span class='ocrx_word' id='word_1_32' title='bbox 1897 617 1994 672; x_wconf 85' lang='lat' dir='ltr'><strong>per</strong></span> 
     </span>
    </p>
   </div>
   <div class='ocr_carea' id='block_1_7' title="bbox 323 667 1992 766">
    <p class='ocr_par' dir='ltr' id='par_1_7' title="bbox 323 667 1992 766">
     <span class='ocr_line' id='line_1_7' title="bbox 323 667 1992 766; baseline 0.001 -20"><span class='ocrx_word' id='word_1_33' title='bbox 323 757 330 766; x_wconf 22' lang='grc' dir='ltr'><strong>ε</strong></span> <span class='ocrx_word' id='word_1_34' title='bbox 416 691 668 746; x_wconf 78' lang='lat' dir='ltr'><strong>Salutate</strong></span> <span class='ocrx_word' id='word_1_35' title='bbox 694 667 998 744; x_wconf 74' lang='lat' dir='ltr'><strong>libertatem</strong></span> <span class='ocrx_word' id='word_1_36' title='bbox 1029 688 1475 745; x_wconf 87' lang='lat' dir='ltr'><strong>suntconsecuti.</strong></span> <span class='ocrx_word' id='word_1_37' title='bbox 1499 687 1658 744; x_wconf 87' lang='lat' dir='ltr'><strong>Dicas</strong></span> <span class='ocrx_word' id='word_1_38' title='bbox 1683 689 1849 761; x_wconf 80' lang='lat' dir='ltr'><strong>igitur</strong></span> <span class='ocrx_word' id='word_1_39' title='bbox 1870 667 1992 748; x_wconf 84' lang='lat' dir='ltr'><strong>illos</strong></span> 
     </span>
    </p>
   </div>
   <div class='ocr_carea' id='block_1_8' title="bbox 415 780 1991 854">
    <p class='ocr_par' dir='ltr' id='par_1_8' title="bbox 415 780 1991 854">
     <span class='ocr_line' id='line_1_8' title="bbox 415 780 1991 854; baseline 0.003 -22"><span class='ocrx_word' id='word_1_40' title='bbox 415 782 544 836; x_wconf 82' lang='lat' dir='ltr'><strong>olim</strong></span> <span class='ocrx_word' id='word_1_41' title='bbox 580 781 875 852; x_wconf 76' lang='lat' dir='ltr'><strong>prophetas</strong></span> <span class='ocrx_word' id='word_1_42' title='bbox 897 820 912 845; x_wconf 91' lang='lat'><strong>,</strong></span> <span class='ocrx_word' id='word_1_43' title='bbox 951 780 1133 849; x_wconf 86' lang='lat' dir='ltr'><strong>justos</strong></span> <span class='ocrx_word' id='word_1_44' title='bbox 1159 820 1174 844; x_wconf 86' lang='lat'><strong>,</strong></span> <span class='ocrx_word' id='word_1_45' title='bbox 1214 781 1592 851; x_wconf 84' lang='lat' dir='ltr'><strong>patriarchas,</strong></span> <span class='ocrx_word' id='word_1_46' title='bbox 1626 791 1680 838; x_wconf 91' lang='lat' dir='ltr'><strong>et</strong></span> <span class='ocrx_word' id='word_1_47' title='bbox 1724 790 1991 854; x_wconf 89' lang='lat' dir='ltr'><strong>quotquot</strong></span> 
     </span>
    </p>
   </div>
   <div class='ocr_carea' id='block_1_9' title="bbox 414 872 1990 945">
    <p class='ocr_par' dir='ltr' id='par_1_9' title="bbox 414 872 1990 945">
     <span class='ocr_line' id='line_1_9' title="bbox 414 872 1990 945; baseline 0.001 -17"><span class='ocrx_word' id='word_1_48' title='bbox 414 875 483 928; x_wconf 78' lang='lat' dir='ltr'><strong>ab</strong></span> <span class='ocrx_word' id='word_1_49' title='bbox 527 889 713 929; x_wconf 85' lang='lat' dir='ltr'><strong>errore</strong></span> <span class='ocrx_word' id='word_1_50' title='bbox 742 872 1062 927; x_wconf 70' lang='lat' dir='ltr'><strong>idololatria:</strong></span> <span class='ocrx_word' id='word_1_51' title='bbox 1095 873 1218 943; x_wconf 89' lang='lat' dir='ltr'><strong>puri</strong></span> <span class='ocrx_word' id='word_1_52' title='bbox 1251 872 1502 936; x_wconf 80' lang='lat' dir='ltr'><strong>fuerunt,</strong></span> <span class='ocrx_word' id='word_1_53' title='bbox 1538 873 1688 943; x_wconf 90' lang='lat' dir='ltr'><strong>ipsos</strong></span> <span class='ocrx_word' id='word_1_54' title='bbox 1734 889 1856 930; x_wconf 86' lang='lat' dir='ltr'><strong>esse</strong></span> <span class='ocrx_word' id='word_1_55' title='bbox 1899 875 1990 945; x_wconf 87' lang='lat' dir='ltr'><strong>qui</strong></span> 
     </span>
    </p>
   </div>
   <div class='ocr_carea' id='block_1_10' title="bbox 415 963 1988 1035">
    <p class='ocr_par' dir='ltr' id='par_1_10' title="bbox 415 963 1988 1035">
     <span class='ocr_line' id='line_1_10' title="bbox 415 963 1988 1035; baseline 0.001 -16"><span class='ocrx_word' id='word_1_56' title='bbox 415 965 470 1020; x_wconf 87' lang='lat' dir='ltr'><strong>in</strong></span> <span class='ocrx_word' id='word_1_57' title='bbox 520 965 894 1035; x_wconf 79' lang='lat' dir='ltr'><strong>captivitatem</strong></span> <span class='ocrx_word' id='word_1_58' title='bbox 947 978 978 1018; x_wconf 90' lang='lat' dir='ltr'><strong>a</strong></span> <span class='ocrx_word' id='word_1_59' title='bbox 1037 963 1418 1034; x_wconf 88' lang='lat' dir='ltr'><strong>spiritualibus</strong></span> <span class='ocrx_word' id='word_1_60' title='bbox 1478 965 1719 1022; x_wconf 90' lang='lat' dir='ltr'><strong>inimicis</strong></span> <span class='ocrx_word' id='word_1_61' title='bbox 1769 966 1988 1020; x_wconf 85' lang='lat' dir='ltr'><strong>abducti</strong></span> 
     </span>
    </p>
   </div>
   <div class='ocr_carea' id='block_1_11' title="bbox 415 1057 1988 1128">
    <p class='ocr_par' dir='ltr' id='par_1_11' title="bbox 415 1057 1988 1128">
     <span class='ocr_line' id='line_1_11' title="bbox 415 1057 1988 1128; baseline 0.001 -17"><span class='ocrx_word' id='word_1_62' title='bbox 415 1072 522 1111; x_wconf 89' lang='lat' dir='ltr'><strong>non</strong></span> <span class='ocrx_word' id='word_1_63' title='bbox 554 1067 683 1112; x_wconf 85' lang='lat' dir='ltr'><strong>sunt</strong></span> <span class='ocrx_word' id='word_1_64' title='bbox 710 1074 724 1111; x_wconf 89' lang='lat'><strong>:</strong></span> <span class='ocrx_word' id='word_1_65' title='bbox 761 1071 858 1112; x_wconf 87' lang='lat' dir='ltr'><strong>eos</strong></span> <span class='ocrx_word' id='word_1_66' title='bbox 889 1071 1021 1112; x_wconf 86' lang='lat' dir='ltr'><strong>vero</strong></span> <span class='ocrx_word' id='word_1_67' title='bbox 1052 1071 1116 1110; x_wconf 85' lang='lat' dir='ltr'><strong>ex</strong></span> <span class='ocrx_word' id='word_1_68' title='bbox 1153 1057 1407 1127; x_wconf 80' lang='lat' dir='ltr'><strong>gentibus</strong></span> <span class='ocrx_word' id='word_1_69' title='bbox 1435 1057 1528 1128; x_wconf 91' lang='lat' dir='ltr'><strong>qui</strong></span> <span class='ocrx_word' id='word_1_70' title='bbox 1565 1057 1618 1111; x_wconf 88' lang='lat' dir='ltr'><strong>in</strong></span> <span class='ocrx_word' id='word_1_71' title='bbox 1660 1057 1865 1114; x_wconf 89' lang='lat' dir='ltr'><strong>nullius</strong></span> <span class='ocrx_word' id='word_1_72' title='bbox 1895 1057 1988 1114; x_wconf 89' lang='lat' dir='ltr'><strong>Dei</strong></span> 
     </span>
    </p>
   </div>
   <div class='ocr_carea' id='block_1_12' title="bbox 414 1147 1987 1217">
    <p class='ocr_par' dir='ltr' id='par_1_12' title="bbox 414 1147 1987 1217">
     <span class='ocr_line' id='line_1_12' title="bbox 414 1147 1987 1217; baseline -0.001 -14"><span class='ocrx_word' id='word_1_73' title='bbox 414 1149 624 1206; x_wconf 88' lang='lat' dir='ltr'><strong>cultum</strong></span> <span class='ocrx_word' id='word_1_74' title='bbox 672 1163 796 1204; x_wconf 88' lang='lat' dir='ltr'><strong>sese</strong></span> <span class='ocrx_word' id='word_1_75' title='bbox 843 1156 1171 1213; x_wconf 86' lang='lat' dir='ltr'><strong>verterunt;</strong></span> <span class='ocrx_word' id='word_1_76' title='bbox 1218 1161 1314 1201; x_wconf 89' lang='lat' dir='ltr'><strong>eos</strong></span> <span class='ocrx_word' id='word_1_77' title='bbox 1365 1147 1494 1201; x_wconf 83' lang='lat' dir='ltr'><strong>item</strong></span> <span class='ocrx_word' id='word_1_78' title='bbox 1545 1147 1640 1217; x_wconf 93' lang='lat' dir='ltr'><strong>qui</strong></span> <span class='ocrx_word' id='word_1_79' title='bbox 1690 1148 1987 1202; x_wconf 88' lang='lat' dir='ltr'><strong>multorum</strong></span> 
     </span>
    </p>
   </div>
   <div class='ocr_carea' id='block_1_13' title="bbox 414 1238 1984 1310">
    <p class='ocr_par' dir='ltr' id='par_1_13' title="bbox 414 1238 1984 1310">
     <span class='ocr_line' id='line_1_13' title="bbox 414 1238 1984 1310; baseline 0 -16"><span class='ocrx_word' id='word_1_80' title='bbox 414 1240 698 1296; x_wconf 90' lang='lat' dir='ltr'><strong>numinum</strong></span> <span class='ocrx_word' id='word_1_81' title='bbox 743 1239 918 1296; x_wconf 89' lang='lat' dir='ltr'><strong>errori</strong></span> <span class='ocrx_word' id='word_1_82' title='bbox 960 1255 1020 1294; x_wconf 90' lang='lat' dir='ltr'><strong>se</strong></span> <span class='ocrx_word' id='word_1_83' title='bbox 1061 1238 1398 1304; x_wconf 81' lang='lat' dir='ltr'><strong>subdidere;</strong></span> <span class='ocrx_word' id='word_1_84' title='bbox 1445 1239 1562 1294; x_wconf 86' lang='lat' dir='ltr'><strong>sive</strong></span> <span class='ocrx_word' id='word_1_85' title='bbox 1597 1239 1762 1294; x_wconf 90' lang='lat' dir='ltr'><strong>etiam</strong></span> <span class='ocrx_word' id='word_1_86' title='bbox 1796 1240 1889 1310; x_wconf 87' lang='lat' dir='ltr'><strong>qui</strong></span> <span class='ocrx_word' id='word_1_87' title='bbox 1920 1255 1984 1296; x_wconf 80' lang='lat' dir='ltr'><strong>ex</strong></span> 
     </span>
    </p>
   </div>
   <div class='ocr_carea' id='block_1_14' title="bbox 409 1329 1987 1402">
    <p class='ocr_par' dir='ltr' id='par_1_14' title="bbox 409 1329 1987 1402">
     <span class='ocr_line' id='line_1_14' title="bbox 409 1329 1987 1402; baseline -0.003 -14"><span class='ocrx_word' id='word_1_88' title='bbox 409 1331 832 1388; x_wconf 85' lang='lat' dir='ltr'><strong>circumcisione</strong></span> <span class='ocrx_word' id='word_1_89' title='bbox 863 1330 1106 1402; x_wconf 88' lang='lat' dir='ltr'><strong>peccatis</strong></span> <span class='ocrx_word' id='word_1_90' title='bbox 1137 1329 1254 1386; x_wconf 85' lang='lat' dir='ltr'><strong>suis</strong></span> <span class='ocrx_word' id='word_1_91' title='bbox 1287 1330 1492 1385; x_wconf 87' lang='lat' dir='ltr'><strong>venditi</strong></span> <span class='ocrx_word' id='word_1_92' title='bbox 1529 1339 1699 1394; x_wconf 86' lang='lat' dir='ltr'><strong>sunt;</strong></span> <span class='ocrx_word' id='word_1_93' title='bbox 1733 1339 1898 1402; x_wconf 89' lang='lat' dir='ltr'><strong>atque</strong></span> <span class='ocrx_word' id='word_1_94' title='bbox 1933 1333 1987 1384; x_wconf 89' lang='lat' dir='ltr'><strong>in</strong></span> 
     </span>
    </p>
   </div>
   <div class='ocr_carea' id='block_1_15' title="bbox 411 1422 1989 1492">
    <p class='ocr_par' dir='ltr' id='par_1_15' title="bbox 411 1422 1989 1492">
     <span class='ocr_line' id='line_1_15' title="bbox 411 1422 1989 1492; baseline 0 -13"><span class='ocrx_word' id='word_1_95' title='bbox 411 1438 626 1479; x_wconf 86' lang='lat' dir='ltr'><strong>summa</strong></span> <span class='ocrx_word' id='word_1_96' title='bbox 653 1438 844 1479; x_wconf 86' lang='lat' dir='ltr'><strong>omnes</strong></span> <span class='ocrx_word' id='word_1_97' title='bbox 862 1465 876 1490; x_wconf 94' lang='lat'><strong>,</strong></span> <span class='ocrx_word' id='word_1_98' title='bbox 911 1422 980 1477; x_wconf 88' lang='lat' dir='ltr'><strong>de</strong></span> <span class='ocrx_word' id='word_1_99' title='bbox 1007 1422 1209 1492; x_wconf 88' lang='lat' dir='ltr'><strong>quibus</strong></span> <span class='ocrx_word' id='word_1_100' title='bbox 1236 1423 1492 1492; x_wconf 87' lang='lat' dir='ltr'><strong>superius</strong></span> <span class='ocrx_word' id='word_1_101' title='bbox 1520 1423 1726 1478; x_wconf 85' lang='lat' dir='ltr'><strong>dictum</strong></span> <span class='ocrx_word' id='word_1_102' title='bbox 1754 1432 1868 1488; x_wconf 88' lang='lat' dir='ltr'><strong>est,</strong></span> <span class='ocrx_word' id='word_1_103' title='bbox 1901 1423 1989 1479; x_wconf 80' lang='lat' dir='ltr'><strong>Di-</strong></span> 
     </span>
    </p>
   </div>
   <div class='ocr_carea' id='block_1_16' title="bbox 410 1512 2018 1600">
    <p class='ocr_par' dir='ltr' id='par_1_16' title="bbox 410 1512 2018 1600">
     <span class='ocr_line' id='line_1_16' title="bbox 410 1512 2018 1600; baseline 0.001 -32"><span class='ocrx_word' id='word_1_104' title='bbox 410 1515 495 1568; x_wconf 68' lang='lat' dir='ltr'><strong>xit</strong></span> <span class='ocrx_word' id='word_1_105' title='bbox 526 1515 779 1584; x_wconf 72' lang='lat' dir='ltr'><strong>insipiens</strong></span> <span class='ocrx_word' id='word_1_106' title='bbox 813 1515 870 1568; x_wconf 89' lang='lat' dir='ltr'><strong>in</strong></span> <span class='ocrx_word' id='word_1_107' title='bbox 898 1515 1054 1570; x_wconf 88' lang='lat' dir='ltr'><strong>corde</strong></span> <span class='ocrx_word' id='word_1_108' title='bbox 1088 1530 1228 1568; x_wconf 85' lang='lat' dir='ltr'><strong>suo:</strong></span> <span class='ocrx_word' id='word_1_109' title='bbox 1275 1512 1397 1568; x_wconf 83' lang='lat' dir='ltr'><strong>Non</strong></span> <span class='ocrx_word' id='word_1_110' title='bbox 1429 1523 1507 1567; x_wconf 88' lang='lat' dir='ltr'><strong>est</strong></span> <span class='ocrx_word' id='word_1_111' title='bbox 1544 1513 1720 1578; x_wconf 90' lang='lat' dir='ltr'><strong>Deus;</strong></span> <span class='ocrx_word' id='word_1_112' title='bbox 1756 1516 2018 1600; x_wconf 50' lang='lat' dir='ltr'><strong>corrupti.</strong></span> 
     </span>
    </p>
   </div>
   <div class='ocr_carea' id='block_1_17' title="bbox 410 1606 1985 1676">
    <p class='ocr_par' dir='ltr' id='par_1_17' title="bbox 410 1606 1985 1676">
     <span class='ocr_line' id='line_1_17' title="bbox 410 1606 1985 1676; baseline 0.001 -14"><span class='ocrx_word' id='word_1_113' title='bbox 410 1616 535 1662; x_wconf 74' lang='lat' dir='ltr'><strong>sunt</strong></span> <span class='ocrx_word' id='word_1_114' title='bbox 571 1616 622 1662; x_wconf 90' lang='lat' dir='ltr'><strong>et</strong></span> <span class='ocrx_word' id='word_1_115' title='bbox 666 1606 1046 1662; x_wconf 77' lang='lat' dir='ltr'><strong>abominabiles</strong></span> <span class='ocrx_word' id='word_1_116' title='bbox 1086 1606 1220 1676; x_wconf 78' lang='lat' dir='ltr'><strong>facti</strong></span> <span class='ocrx_word' id='word_1_117' title='bbox 1254 1616 1377 1660; x_wconf 87' lang='lat' dir='ltr'><strong>sunt</strong></span> <span class='ocrx_word' id='word_1_118' title='bbox 1417 1608 1470 1660; x_wconf 88' lang='lat' dir='ltr'><strong>in</strong></span> <span class='ocrx_word' id='word_1_119' title='bbox 1508 1606 1822 1676; x_wconf 81' lang='lat' dir='ltr'><strong>iniquitate,</strong></span> <span class='ocrx_word' id='word_1_120' title='bbox 1855 1623 1985 1673; x_wconf 83' lang='lat' dir='ltr'><strong>eos,</strong></span> 
     </span>
    </p>
   </div>
   <div class='ocr_carea' id='block_1_18' title="bbox 410 1696 1988 1769">
    <p class='ocr_par' dir='ltr' id='par_1_18' title="bbox 410 1696 1988 1769">
     <span class='ocr_line' id='line_1_18' title="bbox 410 1696 1988 1769; baseline 0.001 -17"><span class='ocrx_word' id='word_1_121' title='bbox 410 1698 636 1769; x_wconf 89' lang='lat' dir='ltr'><strong>inquam</strong></span> <span class='ocrx_word' id='word_1_122' title='bbox 659 1738 674 1763; x_wconf 92' lang='lat'><strong>,</strong></span> <span class='ocrx_word' id='word_1_123' title='bbox 705 1713 828 1754; x_wconf 87' lang='lat' dir='ltr'><strong>esse</strong></span> <span class='ocrx_word' id='word_1_124' title='bbox 853 1697 946 1767; x_wconf 92' lang='lat' dir='ltr'><strong>qui</strong></span> <span class='ocrx_word' id='word_1_125' title='bbox 989 1697 1356 1767; x_wconf 79' lang='lat' dir='ltr'><strong>captivitatem</strong></span> <span class='ocrx_word' id='word_1_126' title='bbox 1401 1697 1552 1768; x_wconf 84' lang='lat' dir='ltr'><strong>passi</strong></span> <span class='ocrx_word' id='word_1_127' title='bbox 1595 1705 1744 1753; x_wconf 89' lang='lat' dir='ltr'><strong>sunt.</strong></span> <span class='ocrx_word' id='word_1_128' title='bbox 1777 1696 1988 1762; x_wconf 78' lang='lat' dir='ltr'><strong>Quibus</strong></span> 
     </span>
    </p>
   </div>
   <div class='ocr_carea' id='block_1_19' title="bbox 409 1789 1988 1862">
    <p class='ocr_par' dir='ltr' id='par_1_19' title="bbox 409 1789 1988 1862">
     <span class='ocr_line' id='line_1_19' title="bbox 409 1789 1988 1862; baseline -0.001 -18"><span class='ocrx_word' id='word_1_129' title='bbox 409 1806 507 1862; x_wconf 88' lang='lat' dir='ltr'><strong>per</strong></span> <span class='ocrx_word' id='word_1_130' title='bbox 539 1791 834 1847; x_wconf 90' lang='lat' dir='ltr'><strong>salutarem</strong></span> <span class='ocrx_word' id='word_1_131' title='bbox 868 1789 1165 1845; x_wconf 78' lang='lat' dir='ltr'><strong>adventum</strong></span> <span class='ocrx_word' id='word_1_132' title='bbox 1195 1790 1446 1846; x_wconf 74' lang='lat' dir='ltr'><strong>liberatis</strong></span> <span class='ocrx_word' id='word_1_133' title='bbox 1467 1831 1482 1857; x_wconf 88' lang='lat'><strong>,</strong></span> <span class='ocrx_word' id='word_1_134' title='bbox 1514 1790 1720 1846; x_wconf 88' lang='lat' dir='ltr'><strong>chorus</strong></span> <span class='ocrx_word' id='word_1_135' title='bbox 1751 1790 1988 1861; x_wconf 86' lang='lat' dir='ltr'><strong>prophe-</strong></span> 
     </span>
    </p>
   </div>
   <div class='ocr_carea' id='block_1_20' title="bbox 2098 599 3681 672">
    <p class='ocr_par' dir='ltr' id='par_1_20' title="bbox 2098 599 3681 672">
     <span class='ocr_line' id='line_1_20' title="bbox 2098 599 3681 672; baseline 0.003 -19"><span class='ocrx_word' id='word_1_136' title='bbox 2098 618 2210 672; x_wconf 85' lang='grc' dir='ltr'>ριον</span> <span class='ocrx_word' id='word_1_137' title='bbox 2235 599 2332 672; x_wconf 78' lang='grc' dir='ltr'>τὴν</span> <span class='ocrx_word' id='word_1_138' title='bbox 2359 599 2734 670; x_wconf 73' lang='grc' dir='ltr'><strong>αἰχμαλωσίαν</strong></span> <span class='ocrx_word' id='word_1_139' title='bbox 2763 599 2855 653; x_wconf 81' lang='grc' dir='ltr'>τοῦ</span> <span class='ocrx_word' id='word_1_140' title='bbox 2889 600 3015 653; x_wconf 88' lang='grc' dir='ltr'>λαοῦ</span> <span class='ocrx_word' id='word_1_141' title='bbox 3048 600 3230 655; x_wconf 80' lang='grc' dir='ltr'>αὑτοῦ.</span> <span class='ocrx_word' id='word_1_142' title='bbox 3265 602 3372 656; x_wconf 79' lang='grc' dir='ltr'><strong>Δύο</strong></span> <span class='ocrx_word' id='word_1_143' title='bbox 3389 603 3569 657; x_wconf 80' lang='grc' dir='ltr'>τοίνυν</span> <span class='ocrx_word' id='word_1_144' title='bbox 3589 603 3681 658; x_wconf 73' lang='grc' dir='ltr'>διὰ</span> 
     </span>
    </p>
   </div>
   <div class='ocr_carea' id='block_1_21' title="bbox 2094 692 3681 766">
    <p class='ocr_par' dir='ltr' id='par_1_21' title="bbox 2094 692 3681 766">
     <span class='ocr_line' id='line_1_21' title="bbox 2094 692 3681 766; baseline 0.002 -20"><span class='ocrx_word' id='word_1_145' title='bbox 2094 692 2298 746; x_wconf 84' lang='grc' dir='ltr'>τούτων</span> <span class='ocrx_word' id='word_1_146' title='bbox 2340 692 2669 764; x_wconf 86' lang='grc' dir='ltr'>παρίσταται</span> <span class='ocrx_word' id='word_1_147' title='bbox 2698 693 2974 763; x_wconf 81' lang='grc' dir='ltr'><strong>τάγματα,</strong></span> <span class='ocrx_word' id='word_1_148' title='bbox 3010 692 3072 746; x_wconf 78' lang='grc' dir='ltr'><strong>τὺ</strong></span> <span class='ocrx_word' id='word_1_149' title='bbox 3100 693 3198 763; x_wconf 84' lang='grc' dir='ltr'>μὲν</span> <span class='ocrx_word' id='word_1_150' title='bbox 3227 693 3337 746; x_wconf 90' lang='grc' dir='ltr'><strong>τῶν</strong></span> <span class='ocrx_word' id='word_1_151' title='bbox 3371 694 3447 766; x_wconf 83' lang='grc' dir='ltr'>μὴ</span> <span class='ocrx_word' id='word_1_152' title='bbox 3473 695 3681 749; x_wconf 75' lang='grc' dir='ltr'>ὑποπε-</span> 
     </span>
    </p>
   </div>
   <div class='ocr_carea' id='block_1_22' title="bbox 2096 784 3680 855">
    <p class='ocr_par' dir='ltr' id='par_1_22' title="bbox 2096 784 3680 855">
     <span class='ocr_line' id='line_1_22' title="bbox 2096 784 3680 855; baseline 0.004 -19"><span class='ocrx_word' id='word_1_153' title='bbox 2096 784 2388 837; x_wconf 87' lang='grc' dir='ltr'>πτωκότων</span> <span class='ocrx_word' id='word_1_154' title='bbox 2419 786 2486 855; x_wconf 80' lang='grc' dir='ltr'><strong>τῇ</strong></span> <span class='ocrx_word' id='word_1_155' title='bbox 2513 784 2880 855; x_wconf 75' lang='grc' dir='ltr'><strong>αἰχμαλωσίᾳ,</strong></span> <span class='ocrx_word' id='word_1_156' title='bbox 2909 785 2971 836; x_wconf 83' lang='grc' dir='ltr'>τὸ</span> <span class='ocrx_word' id='word_1_157' title='bbox 2997 784 3054 837; x_wconf 74' lang='grc' dir='ltr'>δὲ</span> <span class='ocrx_word' id='word_1_158' title='bbox 3073 786 3181 837; x_wconf 86' lang='grc' dir='ltr'><strong>τῶν</strong></span> <span class='ocrx_word' id='word_1_159' title='bbox 3198 787 3680 844; x_wconf 74' lang='grc' dir='ltr'><strong>ὑποπεπτωκότων</strong></span> 
     </span>
    </p>
   </div>
   <div class='ocr_carea' id='block_1_23' title="bbox 2097 873 3675 948">
    <p class='ocr_par' dir='ltr' id='par_1_23' title="bbox 2097 873 3675 948">
     <span class='ocr_line' id='line_1_23' title="bbox 2097 873 3675 948; baseline 0.003 -22"><span class='ocrx_word' id='word_1_160' title='bbox 2097 874 2217 945; x_wconf 84' lang='grc' dir='ltr'>μὲν,</span> <span class='ocrx_word' id='word_1_161' title='bbox 2246 873 2562 945; x_wconf 77' lang='grc' dir='ltr'><strong>ἐλευθερίας</strong></span> <span class='ocrx_word' id='word_1_162' title='bbox 2597 874 2654 927; x_wconf 85' lang='grc' dir='ltr'>δὲ</span> <span class='ocrx_word' id='word_1_163' title='bbox 2689 875 3068 945; x_wconf 81' lang='grc' dir='ltr'><strong>τετυχηκότων</strong></span> <span class='ocrx_word' id='word_1_164' title='bbox 3113 875 3200 928; x_wconf 83' lang='grc' dir='ltr'><strong>διὰ</strong></span> <span class='ocrx_word' id='word_1_165' title='bbox 3241 876 3335 929; x_wconf 84' lang='grc' dir='ltr'><strong>τοῦ</strong></span> <span class='ocrx_word' id='word_1_166' title='bbox 3371 877 3675 948; x_wconf 82' lang='grc' dir='ltr'>Σωτηρίου.</span> 
     </span>
    </p>
   </div>
   <div class='ocr_carea' id='block_1_24' title="bbox 2107 961 3672 1038">
    <p class='ocr_par' dir='ltr' id='par_1_24' title="bbox 2107 961 3672 1038">
     <span class='ocr_line' id='line_1_24' title="bbox 2107 961 3672 1038; baseline 0.001 -19"><span class='ocrx_word' id='word_1_167' title='bbox 2107 968 2282 1038; x_wconf 81' lang='grc' dir='ltr'><strong>Ἐρεῖς</strong></span> <span class='ocrx_word' id='word_1_168' title='bbox 2326 961 2418 1020; x_wconf 75' lang='grc' dir='ltr'>οὖν</span> <span class='ocrx_word' id='word_1_169' title='bbox 2459 967 2585 1030; x_wconf 83' lang='grc' dir='ltr'>τοὺς</span> <span class='ocrx_word' id='word_1_170' title='bbox 2623 966 2720 1036; x_wconf 86' lang='grc' dir='ltr'>μὲν</span> <span class='ocrx_word' id='word_1_171' title='bbox 2757 965 2924 1018; x_wconf 79' lang='grc' dir='ltr'>πάλαι</span> <span class='ocrx_word' id='word_1_172' title='bbox 2960 970 3244 1038; x_wconf 69' lang='grc' dir='ltr'>προφήτας</span> <span class='ocrx_word' id='word_1_173' title='bbox 3274 968 3367 1021; x_wconf 71' lang='grc' dir='ltr'><strong>καὶ</strong></span> <span class='ocrx_word' id='word_1_174' title='bbox 3403 968 3672 1031; x_wconf 85' lang='grc' dir='ltr'>δικαίους,</span> 
     </span>
    </p>
   </div>
   <div class='ocr_carea' id='block_1_25' title="bbox 2093 1056 3678 1130">
    <p class='ocr_par' dir='ltr' id='par_1_25' title="bbox 2093 1056 3678 1130">
     <span class='ocr_line' id='line_1_25' title="bbox 2093 1056 3678 1130; baseline 0.001 -20"><span class='ocrx_word' id='word_1_175' title='bbox 2093 1057 2186 1110; x_wconf 73' lang='grc' dir='ltr'>καὶ</span> <span class='ocrx_word' id='word_1_176' title='bbox 2213 1056 2576 1128; x_wconf 78' lang='grc' dir='ltr'><strong>πατριάρχας,</strong></span> <span class='ocrx_word' id='word_1_177' title='bbox 2597 1057 2691 1109; x_wconf 72' lang='grc' dir='ltr'>καὶ</span> <span class='ocrx_word' id='word_1_178' title='bbox 2721 1057 2927 1120; x_wconf 83' lang='grc' dir='ltr'>πάντας</span> <span class='ocrx_word' id='word_1_179' title='bbox 2941 1059 3067 1122; x_wconf 81' lang='grc' dir='ltr'>τοὺς</span> <span class='ocrx_word' id='word_1_180' title='bbox 3097 1058 3369 1130; x_wconf 83' lang='grc' dir='ltr'>καθαροὺς</span> <span class='ocrx_word' id='word_1_181' title='bbox 3399 1058 3498 1128; x_wconf 76' lang='grc' dir='ltr'>τῆς</span> <span class='ocrx_word' id='word_1_182' title='bbox 3523 1058 3678 1112; x_wconf 77' lang='grc' dir='ltr'>εἰδω-</span> 
     </span>
    </p>
   </div>
   <div class='ocr_carea' id='block_1_26' title="bbox 2094 1146 3675 1221">
    <p class='ocr_par' dir='ltr' id='par_1_26' title="bbox 2094 1146 3675 1221">
     <span class='ocr_line' id='line_1_26' title="bbox 2094 1146 3675 1221; baseline 0.001 -19"><span class='ocrx_word' id='word_1_183' title='bbox 2094 1148 2359 1221; x_wconf 88' lang='grc' dir='ltr'>λολάτρου</span> <span class='ocrx_word' id='word_1_184' title='bbox 2396 1149 2605 1219; x_wconf 86' lang='grc' dir='ltr'>πλάνης</span> <span class='ocrx_word' id='word_1_185' title='bbox 2633 1149 2980 1220; x_wconf 86' lang='grc' dir='ltr'>γενομένους,</span> <span class='ocrx_word' id='word_1_186' title='bbox 3015 1151 3212 1214; x_wconf 79' lang='grc' dir='ltr'>αὐτοὺς</span> <span class='ocrx_word' id='word_1_187' title='bbox 3250 1146 3388 1204; x_wconf 84' lang='grc' dir='ltr'>εἶναι</span> <span class='ocrx_word' id='word_1_188' title='bbox 3437 1152 3560 1214; x_wconf 79' lang='grc' dir='ltr'>τοὺς</span> <span class='ocrx_word' id='word_1_189' title='bbox 3595 1150 3675 1221; x_wconf 81' lang='grc' dir='ltr'>μὴ</span> 
     </span>
    </p>
   </div>
   <div class='ocr_carea' id='block_1_27' title="bbox 2091 1240 3670 1312">
    <p class='ocr_par' dir='ltr' id='par_1_27' title="bbox 2091 1240 3670 1312">
     <span class='ocr_line' id='line_1_27' title="bbox 2091 1240 3670 1312; baseline 0.001 -18"><span class='ocrx_word' id='word_1_190' title='bbox 2091 1241 2558 1304; x_wconf 81' lang='grc' dir='ltr'>ὑποπεπτωκότας</span> <span class='ocrx_word' id='word_1_191' title='bbox 2599 1243 2666 1312; x_wconf 78' lang='grc' dir='ltr'><strong>τῇ</strong></span> <span class='ocrx_word' id='word_1_192' title='bbox 2710 1240 2817 1293; x_wconf 87' lang='grc' dir='ltr'><strong>τῶν</strong></span> <span class='ocrx_word' id='word_1_193' title='bbox 2864 1241 3070 1311; x_wconf 83' lang='grc' dir='ltr'>νοητῶν</span> <span class='ocrx_word' id='word_1_194' title='bbox 3123 1242 3396 1312; x_wconf 88' lang='grc' dir='ltr'>πολεμίων</span> <span class='ocrx_word' id='word_1_195' title='bbox 3440 1241 3670 1296; x_wconf 82' lang='grc' dir='ltr'><strong>ἁλώσει·</strong></span> 
     </span>
    </p>
   </div>
   <div class='ocr_carea' id='block_1_28' title="bbox 2090 1328 3676 1405">
    <p class='ocr_par' dir='ltr' id='par_1_28' title="bbox 2090 1328 3676 1405">
     <span class='ocr_line' id='line_1_28' title="bbox 2090 1328 3676 1405; baseline 0.002 -23"><span class='ocrx_word' id='word_1_196' title='bbox 2090 1331 2217 1394; x_wconf 74' lang='grc' dir='ltr'>τοὺς</span> <span class='ocrx_word' id='word_1_197' title='bbox 2242 1330 2298 1384; x_wconf 83' lang='grc' dir='ltr'>δὲ</span> <span class='ocrx_word' id='word_1_198' title='bbox 2328 1328 2388 1395; x_wconf 80' lang='grc' dir='ltr'>ἐξ</span> <span class='ocrx_word' id='word_1_199' title='bbox 2431 1329 2600 1383; x_wconf 74' lang='grc' dir='ltr'>ἐθνῶν</span> <span class='ocrx_word' id='word_1_200' title='bbox 2639 1332 2720 1394; x_wconf 83' lang='grc' dir='ltr'>εἰς</span> <span class='ocrx_word' id='word_1_201' title='bbox 2752 1331 3020 1402; x_wconf 82' lang='grc' dir='ltr'><strong>ἀθεότητα</strong></span> <span class='ocrx_word' id='word_1_202' title='bbox 3063 1333 3520 1405; x_wconf 84' lang='grc' dir='ltr'>περιτραπέντας,</span> <span class='ocrx_word' id='word_1_203' title='bbox 3547 1332 3676 1397; x_wconf 78' lang='grc' dir='ltr'>τούς</span> 
     </span>
    </p>
   </div>
   <div class='ocr_carea' id='block_1_29' title="bbox 2089 1419 3676 1493">
    <p class='ocr_par' dir='ltr' id='par_1_29' title="bbox 2089 1419 3676 1493">
     <span class='ocr_line' id='line_1_29' title="bbox 2089 1419 3676 1493; baseline 0.003 -22"><span class='ocrx_word' id='word_1_204' title='bbox 2089 1436 2150 1471; x_wconf 91' lang='grc' dir='ltr'><strong>τε</strong></span> <span class='ocrx_word' id='word_1_205' title='bbox 2189 1422 2255 1490; x_wconf 84' lang='grc' dir='ltr'><strong>τῇ</strong></span> <span class='ocrx_word' id='word_1_206' title='bbox 2287 1419 2530 1490; x_wconf 84' lang='grc' dir='ltr'>πολυθέῳ</span> <span class='ocrx_word' id='word_1_207' title='bbox 2559 1419 2735 1492; x_wconf 76' lang='grc' dir='ltr'>πλάνῃ</span> <span class='ocrx_word' id='word_1_208' title='bbox 2764 1420 3288 1485; x_wconf 82' lang='grc' dir='ltr'>καταδουλωθέντας,</span> <span class='ocrx_word' id='word_1_209' title='bbox 3322 1422 3356 1493; x_wconf 79' lang='grc' dir='ltr'>ἢ</span> <span class='ocrx_word' id='word_1_210' title='bbox 3408 1424 3502 1485; x_wconf 69' lang='grc' dir='ltr'>καὶ</span> <span class='ocrx_word' id='word_1_211' title='bbox 3545 1424 3676 1486; x_wconf 79' lang='grc' dir='ltr'>τοὺς</span> 
     </span>
    </p>
   </div>
   <div class='ocr_carea' id='block_1_30' title="bbox 2091 1512 3672 1586">
    <p class='ocr_par' dir='ltr' id='par_1_30' title="bbox 2091 1512 3672 1586">
     <span class='ocr_line' id='line_1_30' title="bbox 2091 1512 3672 1586; baseline 0.003 -23"><span class='ocrx_word' id='word_1_212' title='bbox 2091 1512 2154 1563; x_wconf 82' lang='grc' dir='ltr'>ὲκ</span> <span class='ocrx_word' id='word_1_213' title='bbox 2183 1512 2484 1583; x_wconf 82' lang='grc' dir='ltr'>περιτομῆς</span> <span class='ocrx_word' id='word_1_214' title='bbox 2507 1513 2634 1576; x_wconf 81' lang='grc' dir='ltr'>τοὺς</span> <span class='ocrx_word' id='word_1_215' title='bbox 2678 1515 2799 1576; x_wconf 82' lang='grc' dir='ltr'>ταῖς</span> <span class='ocrx_word' id='word_1_216' title='bbox 2835 1513 3044 1566; x_wconf 80' lang='grc' dir='ltr'>ἑαυτῶν</span> <span class='ocrx_word' id='word_1_217' title='bbox 3093 1513 3390 1586; x_wconf 80' lang='grc' dir='ltr'>ἁμαρτίαις</span> <span class='ocrx_word' id='word_1_218' title='bbox 3435 1513 3672 1585; x_wconf 78' lang='grc' dir='ltr'>πραθέν-</span> 
     </span>
    </p>
   </div>
   <div class='ocr_carea' id='block_1_31' title="bbox 2088 1600 3674 1679">
    <p class='ocr_par' dir='ltr' id='par_1_31' title="bbox 2088 1600 3674 1679">
     <span class='ocr_line' id='line_1_31' title="bbox 2088 1600 3674 1679; baseline 0.003 -21"><span class='ocrx_word' id='word_1_219' title='bbox 2088 1622 2208 1668; x_wconf 88' lang='grc' dir='ltr'>τας,</span> <span class='ocrx_word' id='word_1_220' title='bbox 2233 1605 2326 1657; x_wconf 76' lang='grc' dir='ltr'>καὶ</span> <span class='ocrx_word' id='word_1_221' title='bbox 2355 1605 2690 1671; x_wconf 78' lang='grc' dir='ltr'>ἁπαξαπλῶς</span> <span class='ocrx_word' id='word_1_222' title='bbox 2712 1606 2976 1670; x_wconf 75' lang='grc' dir='ltr'>ἅπαντας,</span> <span class='ocrx_word' id='word_1_223' title='bbox 3011 1623 3078 1660; x_wconf 86' lang='grc' dir='ltr'><strong>πε</strong></span> <span class='ocrx_word' id='word_1_224' title='bbox 3088 1607 3140 1677; x_wconf 82' lang='grc' dir='ltr'><strong>ρί</strong></span> <span class='ocrx_word' id='word_1_225' title='bbox 3164 1600 3238 1660; x_wconf 86' lang='grc' dir='ltr'>ὧν</span> <span class='ocrx_word' id='word_1_226' title='bbox 3275 1606 3531 1679; x_wconf 82' lang='grc' dir='ltr'>ἀνωτέρω</span> <span class='ocrx_word' id='word_1_227' title='bbox 3554 1607 3674 1662; x_wconf 78' lang='grc' dir='ltr'>ἑλέ-</span> 
     </span>
    </p>
   </div>
   <div class='ocr_carea' id='block_1_32' title="bbox 2090 1691 3674 1764">
    <p class='ocr_par' dir='ltr' id='par_1_32' title="bbox 2090 1691 3674 1764">
     <span class='ocr_line' id='line_1_32' title="bbox 2090 1691 3674 1764; baseline 0.003 -17"><span class='ocrx_word' id='word_1_228' title='bbox 2090 1712 2216 1763; x_wconf 87' lang='grc' dir='ltr'>γετο</span> <span class='ocrx_word' id='word_1_229' title='bbox 2235 1712 2248 1724; x_wconf 88' lang='grc'><strong>·</strong></span> <span class='ocrx_word' id='word_1_230' title='bbox 2295 1691 2483 1749; x_wconf 67' lang='grc' dir='ltr'>Εἶπεν</span> <span class='ocrx_word' id='word_1_231' title='bbox 2510 1694 2715 1764; x_wconf 67' lang='grc' dir='ltr'>ἄφρων</span> <span class='ocrx_word' id='word_1_232' title='bbox 2742 1695 2811 1750; x_wconf 85' lang='grc' dir='ltr'><strong>ἐν</strong></span> <span class='ocrx_word' id='word_1_233' title='bbox 2843 1695 3057 1764; x_wconf 80' lang='grc' dir='ltr'>καρδίᾳ</span> <span class='ocrx_word' id='word_1_234' title='bbox 3095 1697 3282 1759; x_wconf 84' lang='grc' dir='ltr'>αὐτοῦ</span> <span class='ocrx_word' id='word_1_235' title='bbox 3303 1714 3317 1727; x_wconf 90' lang='grc'><strong>·</strong></span> <span class='ocrx_word' id='word_1_236' title='bbox 3372 1699 3494 1750; x_wconf 83' lang='grc' dir='ltr'><strong>οὐκ</strong></span> <span class='ocrx_word' id='word_1_237' title='bbox 3538 1698 3674 1753; x_wconf 78' lang='grc' dir='ltr'>ἐστι</span> 
     </span>
    </p>
   </div>
   <div class='ocr_carea' id='block_1_33' title="bbox 2092 1785 3674 1858">
    <p class='ocr_par' dir='ltr' id='par_1_33' title="bbox 2092 1785 3674 1858">
     <span class='ocr_line' id='line_1_33' title="bbox 2092 1785 3674 1858; baseline 0.003 -20"><span class='ocrx_word' id='word_1_238' title='bbox 2092 1785 2258 1852; x_wconf 75' lang='grc' dir='ltr'>Θεὸς,</span> <span class='ocrx_word' id='word_1_239' title='bbox 2313 1785 2651 1855; x_wconf 62' lang='grc' dir='ltr'>διέφθειραν</span> <span class='ocrx_word' id='word_1_240' title='bbox 2677 1787 2775 1841; x_wconf 78' lang='grc' dir='ltr'>καὶ</span> <span class='ocrx_word' id='word_1_241' title='bbox 2831 1787 3288 1856; x_wconf 72' lang='grc' dir='ltr'>ἐϐδελύχθησαν</span> <span class='ocrx_word' id='word_1_242' title='bbox 3328 1789 3398 1842; x_wconf 86' lang='grc' dir='ltr'><strong>ἐν</strong></span> <span class='ocrx_word' id='word_1_243' title='bbox 3421 1790 3674 1858; x_wconf 77' lang='grc' dir='ltr'>ἀνομίᾳ,</span> 
     </span>
    </p>
   </div>
   <div class='ocr_carea' id='block_1_34' title="bbox 408 1871 1982 1952">
    <p class='ocr_par' dir='ltr' id='par_1_34' title="bbox 408 1879 1982 1952">
     <span class='ocr_line' id='line_1_34' title="bbox 408 1879 1982 1952; baseline 0 -18"><span class='ocrx_word' id='word_1_244' title='bbox 408 1883 554 1937; x_wconf 92' lang='lat' dir='ltr'><strong>ticus</strong></span> <span class='ocrx_word' id='word_1_245' title='bbox 585 1881 679 1952; x_wconf 86' lang='lat' dir='ltr'><strong>qui</strong></span> <span class='ocrx_word' id='word_1_246' title='bbox 710 1881 822 1950; x_wconf 77' lang='lat' dir='ltr'><strong>jam</strong></span> <span class='ocrx_word' id='word_1_247' title='bbox 860 1881 990 1935; x_wconf 91' lang='lat' dir='ltr'><strong>olim</strong></span> <span class='ocrx_word' id='word_1_248' title='bbox 1025 1880 1080 1934; x_wconf 90' lang='lat' dir='ltr'><strong>in</strong></span> <span class='ocrx_word' id='word_1_249' title='bbox 1122 1879 1232 1935; x_wconf 91' lang='lat' dir='ltr'><strong>Deo</strong></span> <span class='ocrx_word' id='word_1_250' title='bbox 1264 1879 1568 1951; x_wconf 84' lang='lat' dir='ltr'><strong>requievit,</strong></span> <span class='ocrx_word' id='word_1_251' title='bbox 1604 1879 1808 1950; x_wconf 87' lang='lat' dir='ltr'><strong>quippe</strong></span> <span class='ocrx_word' id='word_1_252' title='bbox 1857 1895 1982 1950; x_wconf 90' lang='lat' dir='ltr'><strong>pro-</strong></span> 
     </span>
    </p>
   </div>
   <div class='ocr_carea' id='block_1_35' title="bbox 2089 1871 3670 1952">
    <p class='ocr_par' dir='ltr' id='par_1_35' title="bbox 2089 1877 3670 1950">
     <span class='ocr_line' id='line_1_35' title="bbox 2089 1877 3670 1950; baseline 0.004 -21"><span class='ocrx_word' id='word_1_253' title='bbox 2089 1877 2307 1941; x_wconf 81' lang='grc' dir='ltr'>τούτους</span> <span class='ocrx_word' id='word_1_254' title='bbox 2334 1878 2623 1948; x_wconf 83' lang='grc' dir='ltr'>τυγχάνειν</span> <span class='ocrx_word' id='word_1_255' title='bbox 2650 1880 2776 1942; x_wconf 78' lang='grc' dir='ltr'>τοὺς</span> <span class='ocrx_word' id='word_1_256' title='bbox 2797 1879 2894 1949; x_wconf 81' lang='grc' dir='ltr'>τὴν</span> <span class='ocrx_word' id='word_1_257' title='bbox 2915 1878 3289 1950; x_wconf 77' lang='grc' dir='ltr'>αἰχμαλωσίαν</span> <span class='ocrx_word' id='word_1_258' title='bbox 3311 1880 3670 1944; x_wconf 83' lang='grc' dir='ltr'>πεπονθότας.</span> 
     </span>
    </p>
   </div>
   <div class='ocr_carea' id='block_1_36' title="bbox 314 1971 1986 2043">
    <p class='ocr_par' dir='ltr' id='par_1_36' title="bbox 314 1971 1986 2043">
     <span class='ocr_line' id='line_1_36' title="bbox 314 1971 1986 2043; baseline 0 -17"><span class='ocrx_word' id='word_1_259' title='bbox 314 2035 322 2041; x_wconf 89' lang='lat'>_</span> <span class='ocrx_word' id='word_1_260' title='bbox 409 1973 528 2042; x_wconf 93' lang='lat' dir='ltr'><strong>prie</strong></span> <span class='ocrx_word' id='word_1_261' title='bbox 553 1971 724 2028; x_wconf 82' lang='lat' dir='ltr'><strong>Jacob</strong></span> <span class='ocrx_word' id='word_1_262' title='bbox 751 1981 804 2028; x_wconf 88' lang='lat' dir='ltr'><strong>et</strong></span> <span class='ocrx_word' id='word_1_263' title='bbox 837 1971 1002 2027; x_wconf 90' lang='lat' dir='ltr'><strong>Israel</strong></span> <span class='ocrx_word' id='word_1_264' title='bbox 1024 2012 1038 2035; x_wconf 92' lang='lat'><strong>,</strong></span> <span class='ocrx_word' id='word_1_265' title='bbox 1071 1972 1141 2026; x_wconf 93' lang='lat' dir='ltr'><strong>ob</strong></span> <span class='ocrx_word' id='word_1_266' title='bbox 1172 1987 1261 2029; x_wconf 86' lang='lat' dir='ltr'><strong>res</strong></span> <span class='ocrx_word' id='word_1_267' title='bbox 1293 1987 1390 2043; x_wconf 84' lang='lat' dir='ltr'><strong>per</strong></span> <span class='ocrx_word' id='word_1_268' title='bbox 1420 1972 1642 2027; x_wconf 89' lang='lat' dir='ltr'><strong>nomina</strong></span> <span class='ocrx_word' id='word_1_269' title='bbox 1670 1971 1986 2041; x_wconf 88' lang='lat' dir='ltr'><strong>hujusmodi</strong></span> 
     </span>
    </p>
   </div>
   <div class='ocr_carea' id='block_1_37' title="bbox 406 2062 1986 2135">
    <p class='ocr_par' dir='ltr' id='par_1_37' title="bbox 406 2062 1986 2135">
     <span class='ocr_line' id='line_1_37' title="bbox 406 2062 1986 2135; baseline -0.001 -18"><span class='ocrx_word' id='word_1_270' title='bbox 406 2063 777 2133; x_wconf 80' lang='lat' dir='ltr'><strong>signiﬁcatas,</strong></span> <span class='ocrx_word' id='word_1_271' title='bbox 815 2064 1142 2135; x_wconf 88' lang='lat' dir='ltr'><strong>appellatur,</strong></span> <span class='ocrx_word' id='word_1_272' title='bbox 1174 2062 1470 2119; x_wconf 83' lang='lat' dir='ltr'><strong>exsultabit</strong></span> <span class='ocrx_word' id='word_1_273' title='bbox 1502 2070 1557 2118; x_wconf 88' lang='lat' dir='ltr'><strong>et</strong></span> <span class='ocrx_word' id='word_1_274' title='bbox 1601 2062 1893 2126; x_wconf 70' lang='lat' dir='ltr'><strong>laetabitur,</strong></span> <span class='ocrx_word' id='word_1_275' title='bbox 1927 2069 1986 2116; x_wconf 93' lang='lat' dir='ltr'><strong>ut</strong></span> 
     </span>
    </p>
   </div>
   <div class='ocr_carea' id='block_1_38' title="bbox 407 2154 1985 2226">
    <p class='ocr_par' dir='ltr' id='par_1_38' title="bbox 407 2154 1985 2226">
     <span class='ocr_line' id='line_1_38' title="bbox 407 2154 1985 2226; baseline 0.001 -18"><span class='ocrx_word' id='word_1_276' title='bbox 407 2155 647 2226; x_wconf 85' lang='lat' dir='ltr'><strong>propriis</strong></span> <span class='ocrx_word' id='word_1_277' title='bbox 695 2157 955 2212; x_wconf 88' lang='lat' dir='ltr'><strong>membris</strong></span> <span class='ocrx_word' id='word_1_278' title='bbox 997 2156 1304 2226; x_wconf 81' lang='lat' dir='ltr'><strong>gratulatus</strong></span> <span class='ocrx_word' id='word_1_279' title='bbox 1349 2155 1418 2210; x_wconf 91' lang='lat' dir='ltr'><strong>iis</strong></span> <span class='ocrx_word' id='word_1_280' title='bbox 1460 2154 1555 2226; x_wconf 87' lang='lat' dir='ltr'><strong>qui</strong></span> <span class='ocrx_word' id='word_1_281' title='bbox 1592 2170 1689 2225; x_wconf 90' lang='lat' dir='ltr'><strong>per</strong></span> <span class='ocrx_word' id='word_1_282' title='bbox 1733 2154 1985 2210; x_wconf 87' lang='lat' dir='ltr'><strong>Salutare</strong></span> 
     </span>
    </p>
   </div>
   <div class='ocr_carea' id='block_1_39' title="bbox 406 2247 1074 2321">
    <p class='ocr_par' dir='ltr' id='par_1_39' title="bbox 406 2247 1074 2321">
     <span class='ocr_line' id='line_1_39' title="bbox 406 2247 1074 2321; baseline -0.003 -19"><span class='ocrx_word' id='word_1_283' title='bbox 406 2247 714 2302; x_wconf 87' lang='lat' dir='ltr'><strong>libertatem</strong></span> <span class='ocrx_word' id='word_1_284' title='bbox 743 2248 891 2302; x_wconf 88' lang='lat' dir='ltr'><strong>nacti</strong></span> <span class='ocrx_word' id='word_1_285' title='bbox 925 2254 1074 2321; x_wconf 69' lang='lat' dir='ltr'><strong>sunt.</strong></span> 
     </span>
    </p>
   </div>
   <div class='ocr_carea' id='block_1_40' title="bbox 2094 1965 3674 2044">
    <p class='ocr_par' dir='ltr' id='par_1_40' title="bbox 2094 1965 3674 2044">
     <span class='ocr_line' id='line_1_40' title="bbox 2094 1965 3674 2044; baseline 0.003 -22"><span class='ocrx_word' id='word_1_286' title='bbox 2094 1965 2196 2022; x_wconf 83' lang='grc' dir='ltr'>Ὧν</span> <span class='ocrx_word' id='word_1_287' title='bbox 2230 1970 2700 2042; x_wconf 76' lang='grc' dir='ltr'>ἐλευθερουμένων</span> <span class='ocrx_word' id='word_1_288' title='bbox 2739 1971 2828 2025; x_wconf 85' lang='grc' dir='ltr'><strong>διὰ</strong></span> <span class='ocrx_word' id='word_1_289' title='bbox 2857 1971 2956 2041; x_wconf 83' lang='grc' dir='ltr'>τῆς</span> <span class='ocrx_word' id='word_1_290' title='bbox 2985 1971 3080 2024; x_wconf 83' lang='grc' dir='ltr'><strong>τοῦ</strong></span> <span class='ocrx_word' id='word_1_291' title='bbox 3114 1972 3393 2044; x_wconf 85' lang='grc' dir='ltr'>Σωτηρίου</span> <span class='ocrx_word' id='word_1_292' title='bbox 3438 1973 3674 2043; x_wconf 76' lang='grc' dir='ltr'>ἐπιλάμ-</span> 
     </span>
    </p>
   </div>
   <div class='ocr_carea' id='block_1_41' title="bbox 2091 2061 3674 2135">
    <p class='ocr_par' dir='ltr' id='par_1_41' title="bbox 2091 2061 3674 2135">
     <span class='ocr_line' id='line_1_41' title="bbox 2091 2061 3674 2135; baseline 0.002 -21"><span class='ocrx_word' id='word_1_293' title='bbox 2091 2061 2255 2130; x_wconf 76' lang='grc' dir='ltr'>ψεως,</span> <span class='ocrx_word' id='word_1_294' title='bbox 2288 2064 2318 2115; x_wconf 85' lang='grc' dir='ltr'><strong>ό</strong></span> <span class='ocrx_word' id='word_1_295' title='bbox 2347 2062 2515 2116; x_wconf 89' lang='grc' dir='ltr'>πάλαι</span> <span class='ocrx_word' id='word_1_296' title='bbox 2553 2062 2704 2134; x_wconf 78' lang='grc' dir='ltr'>παρὰ</span> <span class='ocrx_word' id='word_1_297' title='bbox 2741 2062 2860 2133; x_wconf 82' lang='grc' dir='ltr'><strong>Θεῷ</strong></span> <span class='ocrx_word' id='word_1_298' title='bbox 2891 2064 2990 2134; x_wconf 74' lang='grc' dir='ltr'>ἤδη</span> <span class='ocrx_word' id='word_1_299' title='bbox 3034 2065 3488 2135; x_wconf 79' lang='grc' dir='ltr'>ἀναπεπαυμένος</span> <span class='ocrx_word' id='word_1_300' title='bbox 3536 2083 3674 2135; x_wconf 77' lang='grc' dir='ltr'>προ-</span> 
     </span>
    </p>
   </div>
   <div class='ocr_carea' id='block_1_42' title="bbox 2093 2151 3674 2229">
    <p class='ocr_par' dir='ltr' id='par_1_42' title="bbox 2093 2151 3674 2229">
     <span class='ocr_line' id='line_1_42' title="bbox 2093 2151 3674 2229; baseline -0.004 -19"><span class='ocrx_word' id='word_1_301' title='bbox 2093 2156 2320 2227; x_wconf 77' lang='grc' dir='ltr'>φητικὸς</span> <span class='ocrx_word' id='word_1_302' title='bbox 2347 2155 2528 2228; x_wconf 84' lang='grc' dir='ltr'>χορὸς,</span> <span class='ocrx_word' id='word_1_303' title='bbox 2575 2155 2769 2210; x_wconf 82' lang='grc' dir='ltr'>Ἰακὼῦ</span> <span class='ocrx_word' id='word_1_304' title='bbox 2800 2158 2893 2212; x_wconf 81' lang='grc' dir='ltr'>καὶ</span> <span class='ocrx_word' id='word_1_305' title='bbox 2932 2151 3147 2229; x_wconf 79' lang='grc' dir='ltr'>Ἰσραὴλ</span> <span class='ocrx_word' id='word_1_306' title='bbox 3178 2158 3383 2229; x_wconf 78' lang='grc' dir='ltr'>κυρίως</span> <span class='ocrx_word' id='word_1_307' title='bbox 3415 2158 3674 2229; x_wconf 74' lang='grc' dir='ltr'>ὀνομαζό-</span> 
     </span>
    </p>
   </div>
   <div class='ocr_carea' id='block_1_43' title="bbox 2094 2246 3674 2320">
    <p class='ocr_par' dir='ltr' id='par_1_43' title="bbox 2094 2246 3674 2320">
     <span class='ocr_line' id='line_1_43' title="bbox 2094 2246 3674 2320; baseline 0.002 -21"><span class='ocrx_word' id='word_1_308' title='bbox 2094 2263 2249 2318; x_wconf 82' lang='grc' dir='ltr'>μενος</span> <span class='ocrx_word' id='word_1_309' title='bbox 2280 2247 2367 2300; x_wconf 78' lang='grc' dir='ltr'><strong>διὰ</strong></span> <span class='ocrx_word' id='word_1_310' title='bbox 2398 2246 2467 2300; x_wconf 81' lang='grc' dir='ltr'><strong>τὰ</strong></span> <span class='ocrx_word' id='word_1_311' title='bbox 2487 2249 2550 2300; x_wconf 83' lang='grc' dir='ltr'>ὲκ</span> <span class='ocrx_word' id='word_1_312' title='bbox 2582 2247 2689 2300; x_wconf 88' lang='grc' dir='ltr'><strong>τῶν</strong></span> <span class='ocrx_word' id='word_1_313' title='bbox 2704 2247 2980 2318; x_wconf 82' lang='grc' dir='ltr'>ὀνομάτων</span> <span class='ocrx_word' id='word_1_314' title='bbox 3003 2249 3378 2319; x_wconf 83' lang='grc' dir='ltr'>σημαινόμενα</span> <span class='ocrx_word' id='word_1_315' title='bbox 3409 2249 3674 2320; x_wconf 80' lang='grc' dir='ltr'>πράγμα-</span> 
     </span>
    </p>
   </div>
   <div class='ocr_carea' id='block_1_44' title="bbox 405 2337 3673 2414">
    <p class='ocr_par' dir='ltr' id='par_1_44' title="bbox 405 2337 3673 2414">
     <span class='ocr_line' id='line_1_44' title="bbox 405 2337 3673 2414; baseline 0.001 -21"><span class='ocrx_word' id='word_1_316' title='bbox 405 2354 509 2404; x_wconf 84' lang='grc' dir='ltr'><strong>τα,</strong></span> <span class='ocrx_word' id='word_1_317' title='bbox 556 2338 946 2408; x_wconf 85' lang='grc' dir='ltr'>άγαλλιάσεται</span> <span class='ocrx_word' id='word_1_318' title='bbox 977 2339 1071 2394; x_wconf 71' lang='grc' dir='ltr'>καὶ</span> <span class='ocrx_word' id='word_1_319' title='bbox 1097 2339 1564 2411; x_wconf 70' lang='grc' dir='ltr'>εὐφρανθήσεται,</span> <span class='ocrx_word' id='word_1_320' title='bbox 1604 2337 1910 2410; x_wconf 81' lang='grc' dir='ltr'>συγχαίρων</span> <span class='ocrx_word' id='word_1_321' title='bbox 1930 2337 2005 2403; x_wconf 81' lang='grc' dir='ltr'>ὼς</span> <span class='ocrx_word' id='word_1_322' title='bbox 2042 2341 2257 2404; x_wconf 70' lang='grc' dir='ltr'>οἰκείοις</span> <span class='ocrx_word' id='word_1_323' title='bbox 2290 2341 2474 2412; x_wconf 80' lang='grc' dir='ltr'>μέλεσι</span> <span class='ocrx_word' id='word_1_324' title='bbox 2493 2345 2603 2405; x_wconf 80' lang='grc' dir='ltr'>τοῖς</span> <span class='ocrx_word' id='word_1_325' title='bbox 2633 2341 2719 2395; x_wconf 85' lang='grc' dir='ltr'><strong>διὰ</strong></span> <span class='ocrx_word' id='word_1_326' title='bbox 2745 2342 2838 2395; x_wconf 80' lang='grc' dir='ltr'>τοῦ</span> <span class='ocrx_word' id='word_1_327' title='bbox 2870 2342 3144 2413; x_wconf 83' lang='grc' dir='ltr'>Σωτηρίου</span> <span class='ocrx_word' id='word_1_328' title='bbox 3180 2341 3673 2414; x_wconf 74' lang='grc' dir='ltr'>ἐλευθερουμένοις.</span> 
     </span>
    </p>
   </div>
   <div class='ocr_carea' id='block_1_45' title="bbox 407 2479 1990 2544">
    <p class='ocr_par' dir='ltr' id='par_1_45' title="bbox 407 2479 1990 2544">
     <span class='ocr_line' id='line_1_45' title="bbox 407 2479 1990 2544; baseline -0.001 -10"><span class='ocrx_word' id='word_1_329' title='bbox 407 2481 458 2534; x_wconf 73' lang='grc' dir='ltr'>Ι.</span> <span class='ocrx_word' id='word_1_330' title='bbox 501 2479 567 2534; x_wconf 77' lang='grc' dir='ltr'><strong>ΙΝ</strong></span> <span class='ocrx_word' id='word_1_331' title='bbox 609 2479 818 2535; x_wconf 85' lang='lat' dir='ltr'><strong>FINEM</strong></span> <span class='ocrx_word' id='word_1_332' title='bbox 855 2481 926 2536; x_wconf 85' lang='lat' dir='ltr'><strong>IN</strong></span> <span class='ocrx_word' id='word_1_333' title='bbox 966 2480 1248 2544; x_wconf 79' lang='lat' dir='ltr'><strong>HYMNIS,</strong></span> <span class='ocrx_word' id='word_1_334' title='bbox 1280 2479 1759 2536; x_wconf 84' lang='lat' dir='ltr'><strong>INTELLECTUS</strong></span> <span class='ocrx_word' id='word_1_335' title='bbox 1798 2479 1990 2536; x_wconf 70' lang='lat' dir='ltr'><strong>DAVI-</strong></span> 
     </span>
    </p>
   </div>
   <div class='ocr_carea' id='block_1_46' title="bbox 475 2550 1989 2612">
    <p class='ocr_par' dir='ltr' id='par_1_46' title="bbox 475 2550 1989 2612">
     <span class='ocr_line' id='line_1_46' title="bbox 475 2550 1989 2612; baseline 0 -8"><span class='ocrx_word' id='word_1_336' title='bbox 475 2550 564 2606; x_wconf 88' lang='lat' dir='ltr'><strong>Dl.</strong></span> <span class='ocrx_word' id='word_1_337' title='bbox 605 2552 659 2608; x_wconf 75' lang='lat'><strong>2.</strong></span> <span class='ocrx_word' id='word_1_338' title='bbox 702 2550 848 2605; x_wconf 83' lang='lat' dir='ltr'><strong>CUM</strong></span> <span class='ocrx_word' id='word_1_339' title='bbox 891 2551 1275 2607; x_wconf 69' lang='lat' dir='ltr'><strong>VENISSENT</strong></span> <span class='ocrx_word' id='word_1_340' title='bbox 1317 2551 1604 2612; x_wconf 75' lang='lat' dir='ltr'><strong>ZIPIUEI.</strong></span> <span class='ocrx_word' id='word_1_341' title='bbox 1649 2551 1734 2604; x_wconf 87' lang='lat' dir='ltr'><strong>ET</strong></span> <span class='ocrx_word' id='word_1_342' title='bbox 1779 2551 1989 2604; x_wconf 83' lang='lat' dir='ltr'><strong>DIXIS—</strong></span> 
     </span>
    </p>
   </div>
   <div class='ocr_carea' id='block_1_47' title="bbox 477 2619 1980 2677">
    <p class='ocr_par' dir='ltr' id='par_1_47' title="bbox 477 2619 1980 2677">
     <span class='ocr_line' id='line_1_47' title="bbox 477 2619 1980 2677; baseline 0 -2"><span class='ocrx_word' id='word_1_343' title='bbox 477 2620 656 2675; x_wconf 79' lang='lat' dir='ltr'><strong>SENT</strong></span> <span class='ocrx_word' id='word_1_344' title='bbox 703 2621 796 2675; x_wconf 81' lang='lat' dir='ltr'><strong>AD</strong></span> <span class='ocrx_word' id='word_1_345' title='bbox 853 2622 1032 2677; x_wconf 75' lang='lat' dir='ltr'><strong>SAUL</strong></span> <span class='ocrx_word' id='word_1_346' title='bbox 1075 2643 1088 2677; x_wconf 90' lang='lat'>:</span> <span class='ocrx_word' id='word_1_347' title='bbox 1133 2621 1364 2676; x_wconf 79' lang='grc' dir='ltr'><strong>ΝΟΝΝΕ</strong></span> <span class='ocrx_word' id='word_1_348' title='bbox 1419 2619 1628 2674; x_wconf 79' lang='lat' dir='ltr'><strong>DAVID</strong></span> <span class='ocrx_word' id='word_1_349' title='bbox 1683 2620 1980 2677; x_wconf 84' lang='lat' dir='ltr'><strong>ABSCON-</strong></span> 
     </span>
    </p>
   </div>
   <div class='ocr_carea' id='block_1_48' title="bbox 479 2690 1464 2747">
    <p class='ocr_par' dir='ltr' id='par_1_48' title="bbox 479 2690 1464 2747">
     <span class='ocr_line' id='line_1_48' title="bbox 479 2690 1464 2747; baseline 0 -2"><span class='ocrx_word' id='word_1_350' title='bbox 479 2690 684 2746; x_wconf 86' lang='lat' dir='ltr'><strong>DlTUS</strong></span> <span class='ocrx_word' id='word_1_351' title='bbox 723 2691 854 2746; x_wconf 88' lang='lat' dir='ltr'><strong>EST</strong></span> <span class='ocrx_word' id='word_1_352' title='bbox 894 2692 1082 2747; x_wconf 85' lang='lat' dir='ltr'><strong>APUD</strong></span> <span class='ocrx_word' id='word_1_353' title='bbox 1122 2691 1297 2746; x_wconf 80' lang='lat' dir='ltr'><strong>NOS?</strong></span> <span class='ocrx_word' id='word_1_354' title='bbox 1332 2690 1464 2745; x_wconf 67' lang='grc' dir='ltr'>ιλιι.</span> 
     </span>
    </p>
   </div>
   <div class='ocr_carea' id='block_1_49' title="bbox 476 2804 1979 2877">
    <p class='ocr_par' dir='ltr' id='par_1_49' title="bbox 476 2804 1979 2877">
     <span class='ocr_line' id='line_1_49' title="bbox 476 2804 1979 2877; baseline 0 -17"><span class='ocrx_word' id='word_1_355' title='bbox 476 2804 644 2862; x_wconf 72' lang='lat' dir='ltr'><strong>Vsus.</strong></span> <span class='ocrx_word' id='word_1_356' title='bbox 677 2807 730 2874; x_wconf 80' lang='grc'>5,</span> <span class='ocrx_word' id='word_1_357' title='bbox 756 2807 811 2861; x_wconf 72' lang='grc' dir='ltr'><strong>ιι.</strong></span> <span class='ocrx_word' id='word_1_358' title='bbox 854 2806 996 2860; x_wconf 81' lang='lat' dir='ltr'><strong>Deus</strong></span> <span class='ocrx_word' id='word_1_359' title='bbox 1032 2806 1087 2858; x_wconf 88' lang='lat' dir='ltr'><strong>in</strong></span> <span class='ocrx_word' id='word_1_360' title='bbox 1131 2807 1340 2860; x_wconf 82' lang='lat' dir='ltr'><strong>nomine</strong></span> <span class='ocrx_word' id='word_1_361' title='bbox 1379 2815 1467 2861; x_wconf 88' lang='lat' dir='ltr'><strong>tuo</strong></span> <span class='ocrx_word' id='word_1_362' title='bbox 1501 2806 1706 2860; x_wconf 84' lang='lat' dir='ltr'><strong>salvum</strong></span> <span class='ocrx_word' id='word_1_363' title='bbox 1743 2823 1824 2861; x_wconf 86' lang='lat' dir='ltr'><strong>me</strong></span> <span class='ocrx_word' id='word_1_364' title='bbox 1861 2809 1979 2877; x_wconf 79' lang='lat' dir='ltr'><strong>fac,</strong></span> 
     </span>
    </p>
   </div>
   <div class='ocr_carea' id='block_1_50' title="bbox 398 2896 1980 2970">
    <p class='ocr_par' dir='ltr' id='par_1_50' title="bbox 398 2896 1980 2970">
     <span class='ocr_line' id='line_1_50' title="bbox 398 2896 1980 2970; baseline 0.003 -20"><span class='ocrx_word' id='word_1_365' title='bbox 398 2907 450 2951; x_wconf 81' lang='lat' dir='ltr'><strong>et</strong></span> <span class='ocrx_word' id='word_1_366' title='bbox 486 2900 542 2952; x_wconf 90' lang='lat' dir='ltr'><strong>in</strong></span> <span class='ocrx_word' id='word_1_367' title='bbox 580 2899 774 2954; x_wconf 84' lang='lat' dir='ltr'><strong>virtute</strong></span> <span class='ocrx_word' id='word_1_368' title='bbox 809 2909 901 2953; x_wconf 88' lang='lat' dir='ltr'><strong>tua</strong></span> <span class='ocrx_word' id='word_1_369' title='bbox 934 2899 1124 2969; x_wconf 87' lang='lat' dir='ltr'><strong>judica</strong></span> <span class='ocrx_word' id='word_1_370' title='bbox 1161 2915 1264 2956; x_wconf 81' lang='lat' dir='ltr'><strong>nte.</strong></span> <span class='ocrx_word' id='word_1_371' title='bbox 1310 2896 1482 2953; x_wconf 89' lang='lat' dir='ltr'><strong>Sicuti</strong></span> <span class='ocrx_word' id='word_1_372' title='bbox 1527 2898 1772 2970; x_wconf 89' lang='lat' dir='ltr'><strong>psalmos</strong></span> <span class='ocrx_word' id='word_1_373' title='bbox 1799 2899 1894 2970; x_wconf 91' lang='lat' dir='ltr'><strong>qui</strong></span> <span class='ocrx_word' id='word_1_374' title='bbox 1925 2899 1980 2955; x_wconf 86' lang='lat' dir='ltr'><strong>in</strong></span> 
     </span>
    </p>
   </div>
   <div class='ocr_carea' id='block_1_51' title="bbox 406 2990 1980 3062">
    <p class='ocr_par' dir='ltr' id='par_1_51' title="bbox 406 2990 1980 3062">
     <span class='ocr_line' id='line_1_51' title="bbox 406 2990 1980 3062; baseline 0.003 -20"><span class='ocrx_word' id='word_1_375' title='bbox 406 2991 583 3060; x_wconf 80' lang='lat' dir='ltr'><strong>prima</strong></span> <span class='ocrx_word' id='word_1_376' title='bbox 633 3001 786 3060; x_wconf 84' lang='lat' dir='ltr'><strong>parte</strong></span> <span class='ocrx_word' id='word_1_377' title='bbox 838 2990 960 3045; x_wconf 87' lang='lat' dir='ltr'><strong>libri</strong></span> <span class='ocrx_word' id='word_1_378' title='bbox 1015 2998 1182 3058; x_wconf 92' lang='lat' dir='ltr'><strong>sunt,</strong></span> <span class='ocrx_word' id='word_1_379' title='bbox 1228 2997 1350 3061; x_wconf 90' lang='lat' dir='ltr'><strong>post</strong></span> <span class='ocrx_word' id='word_1_380' title='bbox 1390 2990 1604 3062; x_wconf 91' lang='lat' dir='ltr'><strong>lapsum</strong></span> <span class='ocrx_word' id='word_1_381' title='bbox 1651 2991 1706 3046; x_wconf 90' lang='lat' dir='ltr'><strong>in</strong></span> <span class='ocrx_word' id='word_1_382' title='bbox 1753 3005 1980 3046; x_wconf 77' lang='lat' dir='ltr'><strong>uxorem</strong></span> 
     </span>
    </p>
   </div>
   <div class='ocr_carea' id='block_1_52' title="bbox 408 3081 1980 3154">
    <p class='ocr_par' dir='ltr' id='par_1_52' title="bbox 408 3081 1980 3154">
     <span class='ocr_line' id='line_1_52' title="bbox 408 3081 1980 3154; baseline 0 -18"><span class='ocrx_word' id='word_1_383' title='bbox 408 3081 555 3137; x_wconf 70' lang='lat' dir='ltr'><strong>Uria:</strong></span> <span class='ocrx_word' id='word_1_384' title='bbox 585 3083 972 3154; x_wconf 89' lang='lat' dir='ltr'><strong>pronuntiatos</strong></span> <span class='ocrx_word' id='word_1_385' title='bbox 1005 3081 1179 3139; x_wconf 76' lang='lat' dir='ltr'><strong>fuisse</strong></span> <span class='ocrx_word' id='word_1_386' title='bbox 1212 3099 1277 3138; x_wconf 79' lang='lat' dir='ltr'><strong>ex</strong></span> <span class='ocrx_word' id='word_1_387' title='bbox 1312 3082 1654 3154; x_wconf 79' lang='lat' dir='ltr'><strong>singulorum</strong></span> <span class='ocrx_word' id='word_1_388' title='bbox 1695 3083 1857 3137; x_wconf 84' lang='lat' dir='ltr'><strong>titulo</strong></span> <span class='ocrx_word' id='word_1_389' title='bbox 1886 3082 1980 3137; x_wconf 85' lang='lat' dir='ltr'><strong>de-</strong></span> 
     </span>
    </p>
   </div>
   <div class='ocr_carea' id='block_1_53' title="bbox 405 3174 1976 3246">
    <p class='ocr_par' dir='ltr' id='par_1_53' title="bbox 405 3174 1976 3246">
     <span class='ocr_line' id='line_1_53' title="bbox 405 3174 1976 3246; baseline 0.001 -20"><span class='ocrx_word' id='word_1_390' title='bbox 405 3180 770 3228; x_wconf 87' lang='lat' dir='ltr'><strong>monstratum</strong></span> <span class='ocrx_word' id='word_1_391' title='bbox 827 3185 958 3238; x_wconf 87' lang='lat' dir='ltr'><strong>est;</strong></span> <span class='ocrx_word' id='word_1_392' title='bbox 1021 3174 1096 3228; x_wconf 90' lang='lat' dir='ltr'><strong>ita</strong></span> <span class='ocrx_word' id='word_1_393' title='bbox 1151 3189 1298 3228; x_wconf 91' lang='lat' dir='ltr'><strong>nunc</strong></span> <span class='ocrx_word' id='word_1_394' title='bbox 1353 3188 1572 3244; x_wconf 87' lang='lat' dir='ltr'><strong>quoque</strong></span> <span class='ocrx_word' id='word_1_395' title='bbox 1636 3174 1976 3246; x_wconf 79' lang='lat' dir='ltr'><strong>singulorum</strong></span> 
     </span>
    </p>
   </div>
   <div class='ocr_carea' id='block_1_54' title="bbox 2091 2484 3674 2547">
    <p class='ocr_par' dir='ltr' id='par_1_54' title="bbox 2091 2484 3674 2547">
     <span class='ocr_line' id='line_1_54' title="bbox 2091 2484 3674 2547; baseline -0.001 -10"><span class='ocrx_word' id='word_1_396' title='bbox 2091 2485 2200 2537; x_wconf 85' lang='grc' dir='ltr'><strong>ΕΙΣ</strong></span> <span class='ocrx_word' id='word_1_397' title='bbox 2255 2485 2341 2537; x_wconf 84' lang='grc' dir='ltr'><strong>ΤΟ</strong></span> <span class='ocrx_word' id='word_1_398' title='bbox 2398 2485 2618 2538; x_wconf 87' lang='grc' dir='ltr'><strong>ΤΕΛΟΣ</strong></span> <span class='ocrx_word' id='word_1_399' title='bbox 2671 2487 2761 2539; x_wconf 87' lang='grc' dir='ltr'><strong>ΕΝ</strong></span> <span class='ocrx_word' id='word_1_400' title='bbox 2818 2486 3120 2547; x_wconf 77' lang='grc' dir='ltr'>ΥΜΝυιΣ,</span> <span class='ocrx_word' id='word_1_401' title='bbox 3175 2484 3527 2537; x_wconf 73' lang='grc' dir='ltr'><strong>ΣΥΝΕΣΕΩΣ</strong></span> <span class='ocrx_word' id='word_1_402' title='bbox 3584 2485 3674 2538; x_wconf 77' lang='grc' dir='ltr'><strong>ΤΠ</strong></span> 
     </span>
    </p>
   </div>
   <div class='ocr_carea' id='block_1_55' title="bbox 2160 2554 3671 2616">
    <p class='ocr_par' dir='ltr' id='par_1_55' title="bbox 2160 2554 3671 2616">
     <span class='ocr_line' id='line_1_55' title="bbox 2160 2554 3671 2616; baseline 0.002 -10"><span class='ocrx_word' id='word_1_403' title='bbox 2160 2556 2358 2607; x_wconf 79' lang='grc' dir='ltr'><strong>ΔΑΥΙΔ</strong></span> <span class='ocrx_word' id='word_1_404' title='bbox 2383 2594 2396 2616; x_wconf 89' lang='grc'><strong>,</strong></span> <span class='ocrx_word' id='word_1_405' title='bbox 2436 2556 2528 2608; x_wconf 86' lang='grc' dir='ltr'><strong>ΕΝ</strong></span> <span class='ocrx_word' id='word_1_406' title='bbox 2568 2556 2654 2608; x_wconf 85' lang='grc' dir='ltr'><strong>ΤΩ</strong></span> <span class='ocrx_word' id='word_1_407' title='bbox 2693 2556 2942 2609; x_wconf 80' lang='grc' dir='ltr'><strong>ΕΛΘΕΙΝ</strong></span> <span class='ocrx_word' id='word_1_408' title='bbox 2984 2556 3161 2608; x_wconf 86' lang='grc' dir='ltr'><strong>ΤΟΥΣ</strong></span> <span class='ocrx_word' id='word_1_409' title='bbox 3200 2554 3512 2608; x_wconf 76' lang='grc' dir='ltr'><strong>ΖΙΦΑΙΟΥΣ</strong></span> <span class='ocrx_word' id='word_1_410' title='bbox 3550 2554 3671 2609; x_wconf 78' lang='grc' dir='ltr'><strong>ΚΑΙ</strong></span> 
     </span>
    </p>
   </div>
   <div class='ocr_carea' id='block_1_56' title="bbox 2159 2624 3673 2680">
    <p class='ocr_par' dir='ltr' id='par_1_56' title="bbox 2159 2624 3673 2680">
     <span class='ocr_line' id='line_1_56' title="bbox 2159 2624 3673 2680; baseline 0 -4"><span class='ocrx_word' id='word_1_411' title='bbox 2159 2625 2398 2678; x_wconf 81' lang='grc' dir='ltr'><strong>ΕΙΠΕΙΝ</strong></span> <span class='ocrx_word' id='word_1_412' title='bbox 2449 2626 2535 2677; x_wconf 86' lang='grc' dir='ltr'><strong>ΤΩ</strong></span> <span class='ocrx_word' id='word_1_413' title='bbox 2589 2626 2842 2679; x_wconf 73' lang='grc' dir='ltr'><strong>ΣΑΟΥΛο</strong></span> <span class='ocrx_word' id='word_1_414' title='bbox 2885 2625 3025 2680; x_wconf 83' lang='grc' dir='ltr'><strong>ΟΥΚ</strong></span> <span class='ocrx_word' id='word_1_415' title='bbox 3077 2625 3232 2678; x_wconf 82' lang='grc' dir='ltr'><strong>ΙΔΟΥ</strong></span> <span class='ocrx_word' id='word_1_416' title='bbox 3289 2625 3489 2678; x_wconf 81' lang='grc' dir='ltr'><strong>ΔΑΥΙΔ</strong></span> <span class='ocrx_word' id='word_1_417' title='bbox 3545 2624 3673 2676; x_wconf 81' lang='grc' dir='ltr'><strong>ΚΕ-</strong></span> 
     </span>
    </p>
   </div>
   <div class='ocr_carea' id='block_1_57' title="bbox 2161 2695 3089 2761">
    <p class='ocr_par' dir='ltr' id='par_1_57' title="bbox 2161 2695 3089 2761">
     <span class='ocr_line' id='line_1_57' title="bbox 2161 2695 3089 2761; baseline 0.001 -15"><span class='ocrx_word' id='word_1_418' title='bbox 2161 2695 2472 2748; x_wconf 81' lang='grc' dir='ltr'><strong>ΚΡΥΠΤΑΙ</strong></span> <span class='ocrx_word' id='word_1_419' title='bbox 2512 2697 2666 2748; x_wconf 81' lang='lat' dir='ltr'><strong>HAP’</strong></span> <span class='ocrx_word' id='word_1_420' title='bbox 2705 2697 2886 2749; x_wconf 79' lang='grc' dir='ltr'><strong>ΗΜΙΝ</strong></span> <span class='ocrx_word' id='word_1_421' title='bbox 2906 2712 2920 2761; x_wconf 90' lang='grc'><strong>;</strong></span> <span class='ocrx_word' id='word_1_422' title='bbox 2964 2696 3089 2748; x_wconf 75' lang='lat' dir='ltr'><strong>NP.</strong></span> 
     </span>
    </p>
   </div>
   <div class='ocr_carea' id='block_1_58' title="bbox 2171 2803 3675 2876">
    <p class='ocr_par' dir='ltr' id='par_1_58' title="bbox 2171 2803 3675 2876">
     <span class='ocr_line' id='line_1_58' title="bbox 2171 2803 3675 2876; baseline 0.004 -21"><span class='ocrx_word' id='word_1_423' title='bbox 2171 2803 2224 2855; x_wconf 86' lang='lat'><strong>&#39;0</strong></span> <span class='ocrx_word' id='word_1_424' title='bbox 2257 2803 2421 2869; x_wconf 82' lang='grc' dir='ltr'>Θεὸς,</span> <span class='ocrx_word' id='word_1_425' title='bbox 2444 2805 2514 2858; x_wconf 75' lang='grc' dir='ltr'><strong>ἐν</strong></span> <span class='ocrx_word' id='word_1_426' title='bbox 2540 2805 2620 2871; x_wconf 84' lang='grc' dir='ltr'>τῷ</span> <span class='ocrx_word' id='word_1_427' title='bbox 2648 2807 2893 2874; x_wconf 79' lang='grc' dir='ltr'>ὀνόματί</span> <span class='ocrx_word' id='word_1_428' title='bbox 2919 2821 3037 2860; x_wconf 88' lang='grc' dir='ltr'><strong>σου</strong></span> <span class='ocrx_word' id='word_1_429' title='bbox 3080 2805 3286 2860; x_wconf 76' lang='grc' dir='ltr'>σῶσον</span> <span class='ocrx_word' id='word_1_430' title='bbox 3322 2824 3419 2876; x_wconf 85' lang='grc' dir='ltr'><strong>με,</strong></span> <span class='ocrx_word' id='word_1_431' title='bbox 3464 2808 3562 2862; x_wconf 80' lang='grc' dir='ltr'>και</span> <span class='ocrx_word' id='word_1_432' title='bbox 3598 2809 3675 2862; x_wconf 73' lang='grc' dir='ltr'><strong>ἐν</strong></span> 
     </span>
    </p>
   </div>
   <div class='ocr_carea' id='block_1_59' title="bbox 2090 2892 3672 2969">
    <p class='ocr_par' dir='ltr' id='par_1_59' title="bbox 2090 2892 3672 2969">
     <span class='ocr_line' id='line_1_59' title="bbox 2090 2892 3672 2969; baseline 0.005 -23"><span class='ocrx_word' id='word_1_433' title='bbox 2090 2892 2164 2962; x_wconf 78' lang='grc' dir='ltr'>τῇ</span> <span class='ocrx_word' id='word_1_434' title='bbox 2197 2893 2525 2965; x_wconf 72' lang='grc' dir='ltr'>δυναστείᾳ</span> <span class='ocrx_word' id='word_1_435' title='bbox 2549 2913 2667 2951; x_wconf 91' lang='grc' dir='ltr'><strong>σου</strong></span> <span class='ocrx_word' id='word_1_436' title='bbox 2698 2896 2906 2966; x_wconf 78' lang='grc' dir='ltr'>κρῒνόν</span> <span class='ocrx_word' id='word_1_437' title='bbox 2920 2915 3017 2968; x_wconf 87' lang='grc' dir='ltr'><strong>με.</strong></span> <span class='ocrx_word' id='word_1_438' title='bbox 3042 2899 3252 2969; x_wconf 82' lang='grc' dir='ltr'>Ὥσπερ</span> <span class='ocrx_word' id='word_1_439' title='bbox 3285 2899 3672 2954; x_wconf 82' lang='grc' dir='ltr'>ἀπεδείκνυντο</span> 
     </span>
    </p>
   </div>
   <div class='ocr_carea' id='block_1_60' title="bbox 2088 2989 3669 3065">
    <p class='ocr_par' dir='ltr' id='par_1_60' title="bbox 2088 2989 3669 3065">
     <span class='ocr_line' id='line_1_60' title="bbox 2088 2989 3669 3065; baseline 0.006 -25"><span class='ocrx_word' id='word_1_440' title='bbox 2088 2989 2136 3041; x_wconf 88' lang='grc' dir='ltr'>οἱ</span> <span class='ocrx_word' id='word_1_441' title='bbox 2196 2989 2338 3042; x_wconf 81' lang='grc' dir='ltr'>κατὰ</span> <span class='ocrx_word' id='word_1_442' title='bbox 2385 2989 2445 3042; x_wconf 83' lang='grc' dir='ltr'>τὸ</span> <span class='ocrx_word' id='word_1_443' title='bbox 2469 2990 2684 3062; x_wconf 85' lang='grc' dir='ltr'>πρῶτον</span> <span class='ocrx_word' id='word_1_444' title='bbox 2731 2991 2895 3063; x_wconf 87' lang='grc' dir='ltr'>μέρος</span> <span class='ocrx_word' id='word_1_445' title='bbox 2928 2991 3029 3062; x_wconf 77' lang='grc' dir='ltr'>τῆς</span> <span class='ocrx_word' id='word_1_446' title='bbox 3060 2991 3240 3062; x_wconf 76' lang='grc' dir='ltr'>βίϐλου</span> <span class='ocrx_word' id='word_1_447' title='bbox 3285 2992 3392 3046; x_wconf 87' lang='grc' dir='ltr'><strong>τῶν</strong></span> <span class='ocrx_word' id='word_1_448' title='bbox 3419 2994 3669 3065; x_wconf 77' lang='grc' dir='ltr'>Ψαλμῶν</span> 
     </span>
    </p>
   </div>
   <div class='ocr_carea' id='block_1_61' title="bbox 2092 3081 3668 3156">
    <p class='ocr_par' dir='ltr' id='par_1_61' title="bbox 2092 3081 3668 3156">
     <span class='ocr_line' id='line_1_61' title="bbox 2092 3081 3668 3156; baseline 0.004 -22"><span class='ocrx_word' id='word_1_449' title='bbox 2092 3081 2228 3152; x_wconf 83' lang='grc' dir='ltr'>μετὰ</span> <span class='ocrx_word' id='word_1_450' title='bbox 2261 3082 2323 3134; x_wconf 82' lang='grc' dir='ltr'>τὸ</span> <span class='ocrx_word' id='word_1_451' title='bbox 2355 3086 2600 3154; x_wconf 87' lang='grc' dir='ltr'>πταῖσμα</span> <span class='ocrx_word' id='word_1_452' title='bbox 2630 3084 2691 3136; x_wconf 82' lang='grc' dir='ltr'>τὸ</span> <span class='ocrx_word' id='word_1_453' title='bbox 2725 3086 2804 3148; x_wconf 76' lang='grc' dir='ltr'>εἰς</span> <span class='ocrx_word' id='word_1_454' title='bbox 2828 3083 2925 3156; x_wconf 78' lang='grc' dir='ltr'>τὴν</span> <span class='ocrx_word' id='word_1_455' title='bbox 2958 3083 3052 3137; x_wconf 83' lang='grc' dir='ltr'><strong>τοῦ</strong></span> <span class='ocrx_word' id='word_1_456' title='bbox 3083 3084 3280 3156; x_wconf 81' lang='grc' dir='ltr'>οὐρίου</span> <span class='ocrx_word' id='word_1_457' title='bbox 3324 3085 3548 3154; x_wconf 78' lang='grc' dir='ltr'>γεγονὸς</span> <span class='ocrx_word' id='word_1_458' title='bbox 3576 3087 3668 3140; x_wconf 85' lang='grc' dir='ltr'>λε-</span> 
     </span>
    </p>
   </div>
   <div class='ocr_carea' id='block_1_62' title="bbox 2087 3173 3665 3248">
    <p class='ocr_par' dir='ltr' id='par_1_62' title="bbox 2087 3173 3665 3248">
     <span class='ocr_line' id='line_1_62' title="bbox 2087 3173 3665 3248; baseline 0.004 -24"><span class='ocrx_word' id='word_1_459' title='bbox 2087 3173 2342 3243; x_wconf 84' lang='grc' dir='ltr'>λεγμένοι</span> <span class='ocrx_word' id='word_1_460' title='bbox 2387 3175 2451 3228; x_wconf 80' lang='grc' dir='ltr'>ἐκ</span> <span class='ocrx_word' id='word_1_461' title='bbox 2499 3175 2600 3244; x_wconf 75' lang='grc' dir='ltr'>τῆς</span> <span class='ocrx_word' id='word_1_462' title='bbox 2646 3175 2969 3246; x_wconf 73' lang='grc' dir='ltr'>ἐφ’ἐκάστῳ</span> <span class='ocrx_word' id='word_1_463' title='bbox 3002 3177 3260 3246; x_wconf 78' lang='grc' dir='ltr'>κειμένης</span> <span class='ocrx_word' id='word_1_464' title='bbox 3306 3178 3665 3248; x_wconf 58' lang='grc' dir='ltr'>προγραφῆς</span> 
     </span>
    </p>
   </div>
   <div class='ocr_carea' id='block_1_63' title="bbox 405 3264 1982 3339">
    <p class='ocr_par' dir='ltr' id='par_1_63' title="bbox 405 3264 1982 3336">
     <span class='ocr_line' id='line_1_63' title="bbox 405 3264 1982 3336; baseline -0.001 -16"><span class='ocrx_word' id='word_1_465' title='bbox 405 3264 743 3334; x_wconf 83' lang='lat' dir='ltr'><strong>psalmorum</strong></span> <span class='ocrx_word' id='word_1_466' title='bbox 813 3265 1234 3334; x_wconf 87' lang='lat' dir='ltr'><strong>inscriptiones,</strong></span> <span class='ocrx_word' id='word_1_467' title='bbox 1299 3273 1484 3320; x_wconf 87' lang='lat' dir='ltr'><strong>notam</strong></span> <span class='ocrx_word' id='word_1_468' title='bbox 1547 3267 1809 3336; x_wconf 86' lang='lat' dir='ltr'><strong>temporis</strong></span> <span class='ocrx_word' id='word_1_469' title='bbox 1870 3281 1982 3336; x_wconf 89' lang='lat' dir='ltr'><strong>quo</strong></span> 
     </span>
    </p>
   </div>
   <div class='ocr_carea' id='block_1_64' title="bbox 2089 3264 3666 3339">
    <p class='ocr_par' dir='ltr' id='par_1_64' title="bbox 2089 3265 3666 3339">
     <span class='ocr_line' id='line_1_64' title="bbox 2089 3265 3666 3339; baseline 0.002 -21"><span class='ocrx_word' id='word_1_470' title='bbox 2089 3265 2229 3319; x_wconf 76' lang='grc' dir='ltr'>οὕτω</span> <span class='ocrx_word' id='word_1_471' title='bbox 2255 3267 2350 3319; x_wconf 76' lang='grc' dir='ltr'>καὶ</span> <span class='ocrx_word' id='word_1_472' title='bbox 2379 3265 2473 3318; x_wconf 84' lang='grc' dir='ltr'>νῦν</span> <span class='ocrx_word' id='word_1_473' title='bbox 2511 3269 2565 3320; x_wconf 80' lang='lat' dir='ltr'><strong>al</strong></span> <span class='ocrx_word' id='word_1_474' title='bbox 2591 3266 2712 3319; x_wconf 80' lang='grc' dir='ltr'>καθ’</span> <span class='ocrx_word' id='word_1_475' title='bbox 2736 3266 2965 3320; x_wconf 78' lang='grc' dir='ltr'>ἕκαστον</span> <span class='ocrx_word' id='word_1_476' title='bbox 2989 3266 3200 3337; x_wconf 74' lang='grc' dir='ltr'>ψαλμὸν</span> <span class='ocrx_word' id='word_1_477' title='bbox 3229 3269 3544 3338; x_wconf 74' lang='grc' dir='ltr'>προγραφαὶ</span> <span class='ocrx_word' id='word_1_478' title='bbox 3565 3269 3666 3339; x_wconf 71' lang='grc' dir='ltr'><strong>δηο</strong></span> 
     </span>
    </p>
   </div>
   <div class='ocr_carea' id='block_1_65' title="bbox 402 3354 1982 3428">
    <p class='ocr_par' dir='ltr' id='par_1_65' title="bbox 402 3354 1982 3428">
     <span class='ocr_line' id='line_1_65' title="bbox 402 3354 1982 3428; baseline 0.003 -20"><span class='ocrx_word' id='word_1_479' title='bbox 402 3355 616 3409; x_wconf 88' lang='lat' dir='ltr'><strong>recitati</strong></span> <span class='ocrx_word' id='word_1_480' title='bbox 657 3361 807 3420; x_wconf 77' lang='lat' dir='ltr'><strong>sum,</strong></span> <span class='ocrx_word' id='word_1_481' title='bbox 852 3355 1168 3425; x_wconf 67' lang='lat' dir='ltr'><strong>praeferunt.</strong></span> <span class='ocrx_word' id='word_1_482' title='bbox 1221 3354 1473 3410; x_wconf 67' lang='lat' dir='ltr'><strong>Praesens</strong></span> <span class='ocrx_word' id='word_1_483' title='bbox 1512 3355 1696 3426; x_wconf 86' lang='lat' dir='ltr'><strong>itaque</strong></span> <span class='ocrx_word' id='word_1_484' title='bbox 1735 3356 1982 3428; x_wconf 87' lang='lat' dir='ltr'><strong>psalmus</strong></span> 
     </span>
    </p>
   </div>
   <div class='ocr_carea' id='block_1_66' title="bbox 403 3444 1981 3518">
    <p class='ocr_par' dir='ltr' id='par_1_66' title="bbox 403 3444 1981 3518">
     <span class='ocr_line' id='line_1_66' title="bbox 403 3444 1981 3518; baseline 0.001 -18"><span class='ocrx_word' id='word_1_485' title='bbox 403 3459 506 3501; x_wconf 87' lang='lat' dir='ltr'><strong>nos</strong></span> <span class='ocrx_word' id='word_1_486' title='bbox 543 3445 730 3502; x_wconf 86' lang='lat' dir='ltr'><strong>statim</strong></span> <span class='ocrx_word' id='word_1_487' title='bbox 771 3446 1002 3502; x_wconf 87' lang='lat' dir='ltr'><strong>remittit</strong></span> <span class='ocrx_word' id='word_1_488' title='bbox 1030 3445 1098 3501; x_wconf 88' lang='lat' dir='ltr'><strong>ad</strong></span> <span class='ocrx_word' id='word_1_489' title='bbox 1129 3446 1366 3518; x_wconf 89' lang='lat' dir='ltr'><strong>primum</strong></span> <span class='ocrx_word' id='word_1_490' title='bbox 1398 3444 1709 3516; x_wconf 78' lang='lat' dir='ltr'><strong>Regnorum</strong></span> <span class='ocrx_word' id='word_1_491' title='bbox 1747 3448 1981 3513; x_wconf 90' lang='lat' dir='ltr'><strong>librum,</strong></span> 
     </span>
    </p>
   </div>
   <div class='ocr_carea' id='block_1_67' title="bbox 401 3537 1974 3612">
    <p class='ocr_par' dir='ltr' id='par_1_67' title="bbox 401 3537 1974 3612">
     <span class='ocr_line' id='line_1_67' title="bbox 401 3537 1974 3612; baseline 0.001 -19"><span class='ocrx_word' id='word_1_492' title='bbox 401 3544 464 3593; x_wconf 87' lang='lat' dir='ltr'><strong>ut</strong></span> <span class='ocrx_word' id='word_1_493' title='bbox 501 3537 627 3592; x_wconf 88' lang='lat' dir='ltr'><strong>inde</strong></span> <span class='ocrx_word' id='word_1_494' title='bbox 669 3537 986 3604; x_wconf 86' lang='lat' dir='ltr'><strong>discamus,</strong></span> <span class='ocrx_word' id='word_1_495' title='bbox 1033 3539 1233 3610; x_wconf 90' lang='lat' dir='ltr'><strong>quibus</strong></span> <span class='ocrx_word' id='word_1_496' title='bbox 1277 3539 1344 3595; x_wconf 90' lang='lat' dir='ltr'><strong>de</strong></span> <span class='ocrx_word' id='word_1_497' title='bbox 1390 3541 1559 3596; x_wconf 85' lang='lat' dir='ltr'><strong>rebus</strong></span> <span class='ocrx_word' id='word_1_498' title='bbox 1613 3539 1761 3595; x_wconf 89' lang='lat' dir='ltr'><strong>hunc</strong></span> <span class='ocrx_word' id='word_1_499' title='bbox 1820 3540 1974 3612; x_wconf 83' lang='lat' dir='ltr'><strong>hym-</strong></span> 
     </span>
    </p>
   </div>
   <div class='ocr_carea' id='block_1_68' title="bbox 403 3627 1981 3701">
    <p class='ocr_par' dir='ltr' id='par_1_68' title="bbox 403 3627 1981 3701">
     <span class='ocr_line' id='line_1_68' title="bbox 403 3627 1981 3701; baseline 0 -17"><span class='ocrx_word' id='word_1_500' title='bbox 403 3644 533 3684; x_wconf 85' lang='lat' dir='ltr'><strong>num</strong></span> <span class='ocrx_word' id='word_1_501' title='bbox 565 3627 732 3683; x_wconf 83' lang='lat' dir='ltr'><strong>David</strong></span> <span class='ocrx_word' id='word_1_502' title='bbox 761 3628 1023 3686; x_wconf 88' lang='lat' dir='ltr'><strong>emiserit.</strong></span> <span class='ocrx_word' id='word_1_503' title='bbox 1061 3629 1299 3686; x_wconf 85' lang='lat' dir='ltr'><strong>Historia</strong></span> <span class='ocrx_word' id='word_1_504' title='bbox 1331 3646 1495 3701; x_wconf 90' lang='lat' dir='ltr'><strong>porro</strong></span> <span class='ocrx_word' id='word_1_505' title='bbox 1529 3631 1611 3687; x_wconf 92' lang='lat' dir='ltr'><strong>sic</strong></span> <span class='ocrx_word' id='word_1_506' title='bbox 1657 3631 1821 3687; x_wconf 87' lang='lat' dir='ltr'><strong>habet</strong></span> <span class='ocrx_word' id='word_1_507' title='bbox 1859 3651 1870 3686; x_wconf 91' lang='lat'><strong>:</strong></span> <span class='ocrx_word' id='word_1_508' title='bbox 1912 3630 1981 3684; x_wconf 88' lang='lat' dir='ltr'><strong>Et</strong></span> 
     </span>
    </p>
   </div>
   <div class='ocr_carea' id='block_1_69' title="bbox 399 3708 1978 3792">
    <p class='ocr_par' dir='ltr' id='par_1_69' title="bbox 399 3708 1978 3792">
     <span class='ocr_line' id='line_1_69' title="bbox 399 3708 1978 3792; baseline 0.001 -18"><span class='ocrx_word' id='word_1_509' title='bbox 399 3720 546 3774; x_wconf 83' lang='lat' dir='ltr'><strong>sedes</strong></span> <span class='ocrx_word' id='word_1_510' title='bbox 569 3719 794 3775; x_wconf 69' lang='lat' dir='ltr'><strong>Itszbebat</strong></span> <span class='ocrx_word' id='word_1_511' title='bbox 827 3719 996 3776; x_wconf 84' lang='lat' dir='ltr'><strong>David</strong></span> <span class='ocrx_word' id='word_1_512' title='bbox 1022 3722 1074 3775; x_wconf 88' lang='lat' dir='ltr'><strong>in</strong></span> <span class='ocrx_word' id='word_1_513' title='bbox 1097 3721 1302 3775; x_wconf 84' lang='lat' dir='ltr'><strong>deserto</strong></span> <span class='ocrx_word' id='word_1_514' title='bbox 1332 3708 1579 3776; x_wconf 75' lang='lat' dir='ltr'><strong>Masedec</strong></span> <span class='ocrx_word' id='word_1_515' title='bbox 1611 3721 1665 3775; x_wconf 87' lang='lat' dir='ltr'><strong>in</strong></span> <span class='ocrx_word' id='word_1_516' title='bbox 1693 3723 1932 3792; x_wconf 80' lang='lat' dir='ltr'><strong>angustis</strong></span> <span class='ocrx_word' id='word_1_517' title='bbox 1961 3739 1978 3776; x_wconf 93' lang='lat'><em>:</em></span> 
     </span>
    </p>
   </div>
   <div class='ocr_carea' id='block_1_70' title="bbox 398 3812 1982 3883">
    <p class='ocr_par' dir='ltr' id='par_1_70' title="bbox 398 3812 1982 3883">
     <span class='ocr_line' id='line_1_70' title="bbox 398 3812 1982 3883; baseline 0.002 -18"><span class='ocrx_word' id='word_1_518' title='bbox 398 3821 448 3865; x_wconf 88' lang='lat' dir='ltr'><strong>et</strong></span> <span class='ocrx_word' id='word_1_519' title='bbox 476 3812 790 3868; x_wconf 78' lang='lat' dir='ltr'><strong>morabatur</strong></span> <span class='ocrx_word' id='word_1_520' title='bbox 807 3813 862 3868; x_wconf 90' lang='lat' dir='ltr'><strong>in</strong></span> <span class='ocrx_word' id='word_1_521' title='bbox 889 3824 1083 3878; x_wconf 87' lang='lat' dir='ltr'><strong>monte,</strong></span> <span class='ocrx_word' id='word_1_522' title='bbox 1119 3815 1173 3869; x_wconf 87' lang='lat' dir='ltr'><strong>in</strong></span> <span class='ocrx_word' id='word_1_523' title='bbox 1200 3812 1405 3869; x_wconf 85' lang='lat' dir='ltr'><strong>deserto</strong></span> <span class='ocrx_word' id='word_1_524' title='bbox 1439 3813 1573 3883; x_wconf 83' lang='lat' dir='ltr'><strong>Ziph</strong></span> <span class='ocrx_word' id='word_1_525' title='bbox 1599 3815 1666 3870; x_wconf 82' lang='grc'><strong>⁸⁷.</strong></span> <span class='ocrx_word' id='word_1_526' title='bbox 1690 3814 1896 3870; x_wconf 87' lang='lat' dir='ltr'><strong>Deinde</strong></span> <span class='ocrx_word' id='word_1_527' title='bbox 1922 3823 1982 3869; x_wconf 90' lang='lat' dir='ltr'><strong>ut</strong></span> 
     </span>
    </p>
   </div>
   <div class='ocr_carea' id='block_1_71' title="bbox 400 3904 1979 3976">
    <p class='ocr_par' dir='ltr' id='par_1_71' title="bbox 400 3904 1979 3976">
     <span class='ocr_line' id='line_1_71' title="bbox 400 3904 1979 3976; baseline -0.001 -16"><span class='ocrx_word' id='word_1_528' title='bbox 400 3907 541 3961; x_wconf 72' lang='lat' dir='ltr'><strong>venit</strong></span> <span class='ocrx_word' id='word_1_529' title='bbox 571 3905 843 3960; x_wconf 83' lang='lat' dir='ltr'><strong>Jonathan</strong></span> <span class='ocrx_word' id='word_1_530' title='bbox 875 3905 1023 3976; x_wconf 80' lang='lat' dir='ltr'><strong>ﬁlius</strong></span> <span class='ocrx_word' id='word_1_531' title='bbox 1070 3904 1205 3960; x_wconf 89' lang='lat' dir='ltr'><strong>Saul</strong></span> <span class='ocrx_word' id='word_1_532' title='bbox 1253 3905 1324 3959; x_wconf 88' lang='lat' dir='ltr'><strong>ad</strong></span> <span class='ocrx_word' id='word_1_533' title='bbox 1368 3907 1562 3974; x_wconf 82' lang='lat' dir='ltr'><strong>ipsum,</strong></span> <span class='ocrx_word' id='word_1_534' title='bbox 1597 3914 1646 3960; x_wconf 87' lang='lat' dir='ltr'><strong>et</strong></span> <span class='ocrx_word' id='word_1_535' title='bbox 1679 3905 1816 3959; x_wconf 75' lang='lat' dir='ltr'><strong>dixit</strong></span> <span class='ocrx_word' id='word_1_536' title='bbox 1849 3905 1932 3960; x_wconf 85' lang='lat' dir='ltr'><strong>illi</strong></span> <span class='ocrx_word' id='word_1_537' title='bbox 1962 3923 1979 3959; x_wconf 92' lang='lat'><strong><em>:</em></strong></span> 
     </span>
    </p>
   </div>
   <div class='ocr_carea' id='block_1_72' title="bbox 404 3996 1981 4075">
    <p class='ocr_par' dir='ltr' id='par_1_72' title="bbox 404 3996 1981 4075">
     <span class='ocr_line' id='line_1_72' title="bbox 404 3996 1981 4075; baseline 0 -23"><span class='ocrx_word' id='word_1_538' title='bbox 404 3997 488 4054; x_wconf 85' lang='lat' dir='ltr'><strong>Ne</strong></span> <span class='ocrx_word' id='word_1_539' title='bbox 513 4001 733 4062; x_wconf 82' lang='lat' dir='ltr'><strong>timeas;</strong></span> <span class='ocrx_word' id='word_1_540' title='bbox 756 4015 916 4069; x_wconf 86' lang='lat' dir='ltr'><strong>neque</strong></span> <span class='ocrx_word' id='word_1_541' title='bbox 935 3999 1074 4052; x_wconf 84' lang='lat' dir='ltr'><strong>enim</strong></span> <span class='ocrx_word' id='word_1_542' title='bbox 1103 4007 1150 4050; x_wconf 91' lang='lat' dir='ltr'><strong>te</strong></span> <span class='ocrx_word' id='word_1_543' title='bbox 1181 3999 1404 4052; x_wconf 74' lang='lat' dir='ltr'><strong>inveniet</strong></span> <span class='ocrx_word' id='word_1_544' title='bbox 1434 4014 1625 4075; x_wconf 83' lang='lat' dir='ltr'><strong>manus</strong></span> <span class='ocrx_word' id='word_1_545' title='bbox 1656 3996 1788 4052; x_wconf 81' lang='lat' dir='ltr'><strong>Saul</strong></span> <span class='ocrx_word' id='word_1_546' title='bbox 1812 3999 1981 4064; x_wconf 86' lang='lat' dir='ltr'><strong>patris</strong></span> 
     </span>
    </p>
   </div>
   <div class='ocr_carea' id='block_1_73' title="bbox 400 4087 1980 4158">
    <p class='ocr_par' dir='ltr' id='par_1_73' title="bbox 400 4087 1980 4158">
     <span class='ocr_line' id='line_1_73' title="bbox 400 4087 1980 4158; baseline 0.001 -17"><span class='ocrx_word' id='word_1_547' title='bbox 400 4090 504 4144; x_wconf 87' lang='lat' dir='ltr'><strong>mei</strong></span> <span class='ocrx_word' id='word_1_548' title='bbox 539 4105 556 4142; x_wconf 84' lang='lat'><strong>.&#39;</strong></span> <span class='ocrx_word' id='word_1_549' title='bbox 585 4099 634 4143; x_wconf 86' lang='lat' dir='ltr'><strong>et</strong></span> <span class='ocrx_word' id='word_1_550' title='bbox 679 4099 734 4142; x_wconf 86' lang='lat' dir='ltr'><strong>tu</strong></span> <span class='ocrx_word' id='word_1_551' title='bbox 761 4087 1003 4158; x_wconf 80' lang='lat' dir='ltr'><strong>regnabis</strong></span> <span class='ocrx_word' id='word_1_552' title='bbox 1032 4103 1188 4156; x_wconf 82' lang='lat' dir='ltr'><strong>super</strong></span> <span class='ocrx_word' id='word_1_553' title='bbox 1220 4087 1418 4151; x_wconf 83' lang='lat' dir='ltr'><strong>Israel,</strong></span> <span class='ocrx_word' id='word_1_554' title='bbox 1442 4096 1492 4140; x_wconf 88' lang='lat' dir='ltr'><strong>et</strong></span> <span class='ocrx_word' id='word_1_555' title='bbox 1516 4105 1608 4156; x_wconf 86' lang='lat' dir='ltr'><strong>ego</strong></span> <span class='ocrx_word' id='word_1_556' title='bbox 1646 4104 1736 4142; x_wconf 88' lang='lat' dir='ltr'><strong>ero</strong></span> <span class='ocrx_word' id='word_1_557' title='bbox 1770 4087 1865 4141; x_wconf 90' lang='lat' dir='ltr'><strong>tibi</strong></span> <span class='ocrx_word' id='word_1_558' title='bbox 1897 4103 1980 4142; x_wconf 81' lang='lat' dir='ltr'><strong>se-</strong></span> 
     </span>
    </p>
   </div>
   <div class='ocr_carea' id='block_1_74' title="bbox 397 4176 1981 4247">
    <p class='ocr_par' dir='ltr' id='par_1_74' title="bbox 397 4176 1981 4247">
     <span class='ocr_line' id='line_1_74' title="bbox 397 4176 1981 4247; baseline -0.003 -12"><span class='ocrx_word' id='word_1_559' title='bbox 397 4179 683 4239; x_wconf 82' lang='lat' dir='ltr'><strong>cnndns.et</strong></span> <span class='ocrx_word' id='word_1_560' title='bbox 707 4178 840 4233; x_wconf 86' lang='lat' dir='ltr'><strong>Saul</strong></span> <span class='ocrx_word' id='word_1_561' title='bbox 867 4186 1016 4246; x_wconf 85' lang='lat' dir='ltr'><strong>pater</strong></span> <span class='ocrx_word' id='word_1_562' title='bbox 1043 4194 1186 4232; x_wconf 87' lang='lat' dir='ltr'><strong>meus</strong></span> <span class='ocrx_word' id='word_1_563' title='bbox 1209 4178 1308 4232; x_wconf 84' lang='lat' dir='ltr'><strong>scit</strong></span> <span class='ocrx_word' id='word_1_564' title='bbox 1325 4178 1420 4232; x_wconf 84' lang='lat' dir='ltr'><strong>hoc</strong></span> <span class='ocrx_word' id='word_1_565' title='bbox 1432 4178 1496 4229; x_wconf 79' lang='grc'><strong>⁸⁸.</strong></span> <span class='ocrx_word' id='word_1_566' title='bbox 1518 4176 1586 4231; x_wconf 89' lang='lat' dir='ltr'><strong>Et</strong></span> <span class='ocrx_word' id='word_1_567' title='bbox 1613 4187 1981 4247; x_wconf 84' lang='lat' dir='ltr'><strong>percusserunt</strong></span> 
     </span>
    </p>
   </div>
   <div class='ocr_carea' id='block_1_75' title="bbox 397 4266 1980 4338">
    <p class='ocr_par' dir='ltr' id='par_1_75' title="bbox 397 4266 1980 4338">
     <span class='ocr_line' id='line_1_75' title="bbox 397 4266 1980 4338; baseline -0.002 -14"><span class='ocrx_word' id='word_1_568' title='bbox 397 4269 552 4324; x_wconf 80' lang='lat' dir='ltr'><strong>ambo</strong></span> <span class='ocrx_word' id='word_1_569' title='bbox 576 4269 745 4338; x_wconf 68' lang='lat' dir='ltr'><strong>fwdns</strong></span> <span class='ocrx_word' id='word_1_570' title='bbox 775 4284 954 4321; x_wconf 87' lang='lat' dir='ltr'><strong>coram</strong></span> <span class='ocrx_word' id='word_1_571' title='bbox 985 4267 1232 4331; x_wconf 87' lang='lat' dir='ltr'><strong>Domino,</strong></span> <span class='ocrx_word' id='word_1_572' title='bbox 1260 4268 1554 4338; x_wconf 83' lang='lat' dir='ltr'><strong>mansitque</strong></span> <span class='ocrx_word' id='word_1_573' title='bbox 1580 4266 1772 4332; x_wconf 87' lang='lat' dir='ltr'><strong>David,</strong></span> <span class='ocrx_word' id='word_1_574' title='bbox 1803 4278 1852 4322; x_wconf 91' lang='lat' dir='ltr'><strong>et</strong></span> <span class='ocrx_word' id='word_1_575' title='bbox 1880 4266 1980 4321; x_wconf 78' lang='lat' dir='ltr'><strong>Jo-</strong></span> 
     </span>
    </p>
   </div>
   <div class='ocr_carea' id='block_1_76' title="bbox 395 4358 1979 4425">
    <p class='ocr_par' dir='ltr' id='par_1_76' title="bbox 395 4358 1979 4425">
     <span class='ocr_line' id='line_1_76' title="bbox 395 4358 1979 4425; baseline 0.001 -13"><span class='ocrx_word' id='word_1_576' title='bbox 395 4359 599 4414; x_wconf 83' lang='lat' dir='ltr'><strong>natlum</strong></span> <span class='ocrx_word' id='word_1_577' title='bbox 635 4358 766 4412; x_wconf 87' lang='lat' dir='ltr'><strong>abiit</strong></span> <span class='ocrx_word' id='word_1_578' title='bbox 812 4361 866 4412; x_wconf 91' lang='lat' dir='ltr'><strong>in</strong></span> <span class='ocrx_word' id='word_1_579' title='bbox 898 4358 1110 4412; x_wconf 89' lang='lat' dir='ltr'><strong>domum</strong></span> <span class='ocrx_word' id='word_1_580' title='bbox 1147 4376 1321 4415; x_wconf 83' lang='lat' dir='ltr'><strong>suam.</strong></span> <span class='ocrx_word' id='word_1_581' title='bbox 1358 4358 1570 4425; x_wconf 84' lang='lat' dir='ltr'><strong>Quibus</strong></span> <span class='ocrx_word' id='word_1_582' title='bbox 1604 4359 1798 4414; x_wconf 88' lang='lat' dir='ltr'><strong>deinde</strong></span> <span class='ocrx_word' id='word_1_583' title='bbox 1844 4359 1979 4415; x_wconf 87' lang='lat' dir='ltr'><strong>sub-</strong></span> 
     </span>
    </p>
   </div>
   <div class='ocr_carea' id='block_1_77' title="bbox 391 4449 1980 4523">
    <p class='ocr_par' dir='ltr' id='par_1_77' title="bbox 391 4449 1980 4523">
     <span class='ocr_line' id='line_1_77' title="bbox 391 4449 1980 4523; baseline 0.001 -18"><span class='ocrx_word' id='word_1_584' title='bbox 391 4451 574 4523; x_wconf 73' lang='lat' dir='ltr'><strong>iungit</strong></span> <span class='ocrx_word' id='word_1_585' title='bbox 602 4470 615 4506; x_wconf 95' lang='lat'>:</span> <span class='ocrx_word' id='word_1_586' title='bbox 648 4450 713 4504; x_wconf 84' lang='lat' dir='ltr'><strong>Et</strong></span> <span class='ocrx_word' id='word_1_587' title='bbox 747 4451 1094 4505; x_wconf 84' lang='lat' dir='ltr'><strong>ascenderunt</strong></span> <span class='ocrx_word' id='word_1_588' title='bbox 1123 4449 1325 4519; x_wconf 75' lang='lat' dir='ltr'><strong>Ziphtci</strong></span> <span class='ocrx_word' id='word_1_589' title='bbox 1352 4467 1416 4505; x_wconf 74' lang='lat' dir='ltr'><strong>ex</strong></span> <span class='ocrx_word' id='word_1_590' title='bbox 1437 4449 1590 4505; x_wconf 90' lang='lat' dir='ltr'><strong>arido</strong></span> <span class='ocrx_word' id='word_1_591' title='bbox 1613 4451 1726 4504; x_wconf 86' lang='lat' dir='ltr'><strong>loco</strong></span> <span class='ocrx_word' id='word_1_592' title='bbox 1751 4450 1820 4505; x_wconf 90' lang='lat' dir='ltr'><strong>ad</strong></span> <span class='ocrx_word' id='word_1_593' title='bbox 1845 4450 1980 4507; x_wconf 87' lang='lat' dir='ltr'><strong>Saul</strong></span> 
     </span>
    </p>
   </div>
   <div class='ocr_carea' id='block_1_78' title="bbox 395 4542 1974 4612">
    <p class='ocr_par' dir='ltr' id='par_1_78' title="bbox 395 4542 1974 4612">
     <span class='ocr_line' id='line_1_78' title="bbox 395 4542 1974 4612; baseline -0.002 -14"><span class='ocrx_word' id='word_1_594' title='bbox 395 4545 452 4598; x_wconf 81' lang='lat' dir='ltr'><strong>in</strong></span> <span class='ocrx_word' id='word_1_595' title='bbox 478 4543 664 4598; x_wconf 82' lang='lat' dir='ltr'><strong>callent</strong></span> <span class='ocrx_word' id='word_1_596' title='bbox 712 4542 943 4597; x_wconf 84' lang='lat' dir='ltr'><strong>dicentes</strong></span> <span class='ocrx_word' id='word_1_597' title='bbox 974 4559 993 4597; x_wconf 91' lang='lat'><strong><em>:</em></strong></span> <span class='ocrx_word' id='word_1_598' title='bbox 1028 4542 1217 4597; x_wconf 81' lang='lat' dir='ltr'><strong>Nonne</strong></span> <span class='ocrx_word' id='word_1_599' title='bbox 1248 4559 1364 4598; x_wconf 89' lang='lat' dir='ltr'><strong>ecce</strong></span> <span class='ocrx_word' id='word_1_600' title='bbox 1409 4542 1582 4597; x_wconf 85' lang='lat' dir='ltr'><strong>David</strong></span> <span class='ocrx_word' id='word_1_601' title='bbox 1623 4543 1803 4596; x_wconf 83' lang='lat' dir='ltr'><strong>latitat</strong></span> <span class='ocrx_word' id='word_1_602' title='bbox 1833 4543 1974 4612; x_wconf 84' lang='lat' dir='ltr'><strong>apud</strong></span> 
     </span>
    </p>
   </div>
   <div class='ocr_carea' id='block_1_79' title="bbox 393 4613 2051 4708">
    <p class='ocr_par' dir='ltr' id='par_1_79' title="bbox 393 4613 2051 4708">
     <span class='ocr_line' id='line_1_79' title="bbox 393 4613 2051 4708; baseline 0.001 -16"><span class='ocrx_word' id='word_1_603' title='bbox 393 4654 490 4693; x_wconf 88' lang='lat' dir='ltr'><strong>nos</strong></span> <span class='ocrx_word' id='word_1_604' title='bbox 535 4639 592 4692; x_wconf 91' lang='lat' dir='ltr'><strong>in</strong></span> <span class='ocrx_word' id='word_1_605' title='bbox 632 4636 848 4692; x_wconf 76' lang='lat' dir='ltr'><strong>Mesara</strong></span> <span class='ocrx_word' id='word_1_606' title='bbox 887 4638 942 4692; x_wconf 86' lang='lat' dir='ltr'><strong>in</strong></span> <span class='ocrx_word' id='word_1_607' title='bbox 972 4639 1234 4708; x_wconf 83' lang='lat' dir='ltr'><strong>angustis,</strong></span> <span class='ocrx_word' id='word_1_608' title='bbox 1258 4639 1313 4691; x_wconf 89' lang='lat' dir='ltr'><strong>in</strong></span> <span class='ocrx_word' id='word_1_609' title='bbox 1353 4653 1488 4692; x_wconf 88' lang='lat' dir='ltr'><strong>nova</strong></span> <span class='ocrx_word' id='word_1_610' title='bbox 1517 4637 1608 4692; x_wconf 74' lang='lat' dir='ltr'><strong>&quot;‘l</strong></span> <span class='ocrx_word' id='word_1_611' title='bbox 1659 4637 1816 4704; x_wconf 85' lang='lat' dir='ltr'><strong>Quod</strong></span> <span class='ocrx_word' id='word_1_612' title='bbox 1845 4653 1970 4693; x_wconf 90' lang='lat' dir='ltr'><strong>cum</strong></span> <span class='ocrx_word' id='word_1_613' title='bbox 2007 4613 2051 4671; x_wconf 70' lang='grc' dir='ltr'>ί)</span> 
     </span>
    </p>
   </div>
   <div class='ocr_carea' id='block_1_80' title="bbox 393 4727 1972 4798">
    <p class='ocr_par' dir='ltr' id='par_1_80' title="bbox 393 4727 1972 4798">
     <span class='ocr_line' id='line_1_80' title="bbox 393 4727 1972 4798; baseline 0 -15"><span class='ocrx_word' id='word_1_614' title='bbox 393 4727 678 4784; x_wconf 89' lang='lat' dir='ltr'><strong>didicisset</strong></span> <span class='ocrx_word' id='word_1_615' title='bbox 725 4727 880 4793; x_wconf 88' lang='lat' dir='ltr'><strong>Saul,</strong></span> <span class='ocrx_word' id='word_1_616' title='bbox 916 4729 985 4784; x_wconf 89' lang='lat' dir='ltr'><strong>ad</strong></span> <span class='ocrx_word' id='word_1_617' title='bbox 1032 4727 1289 4784; x_wconf 87' lang='lat' dir='ltr'><strong>Davidem</strong></span> <span class='ocrx_word' id='word_1_618' title='bbox 1340 4727 1739 4798; x_wconf 85' lang='lat' dir='ltr'><strong>insequendum</strong></span> <span class='ocrx_word' id='word_1_619' title='bbox 1779 4744 1972 4784; x_wconf 89' lang='lat' dir='ltr'><strong>versus</strong></span> 
     </span>
    </p>
   </div>
   <div class='ocr_carea' id='block_1_81' title="bbox 393 4819 1974 4891">
    <p class='ocr_par' dir='ltr' id='par_1_81' title="bbox 393 4819 1974 4891">
     <span class='ocr_line' id='line_1_81' title="bbox 393 4819 1974 4891; baseline -0.001 -16"><span class='ocrx_word' id='word_1_620' title='bbox 393 4829 500 4877; x_wconf 82' lang='lat' dir='ltr'><strong>est.</strong></span> <span class='ocrx_word' id='word_1_621' title='bbox 523 4819 754 4890; x_wconf 82' lang='lat' dir='ltr'><strong>Jamque</strong></span> <span class='ocrx_word' id='word_1_622' title='bbox 774 4820 1083 4890; x_wconf 79' lang='lat' dir='ltr'><strong>proximum</strong></span> <span class='ocrx_word' id='word_1_623' title='bbox 1114 4827 1232 4876; x_wconf 86' lang='lat' dir='ltr'><strong>erat</strong></span> <span class='ocrx_word' id='word_1_624' title='bbox 1261 4827 1321 4874; x_wconf 91' lang='lat' dir='ltr'><strong>ut</strong></span> <span class='ocrx_word' id='word_1_625' title='bbox 1362 4836 1486 4876; x_wconf 80' lang='lat' dir='ltr'><strong>eum</strong></span> <span class='ocrx_word' id='word_1_626' title='bbox 1519 4828 1780 4891; x_wconf 76' lang='lat' dir='ltr'><strong>caperet;</strong></span> <span class='ocrx_word' id='word_1_627' title='bbox 1836 4820 1974 4876; x_wconf 88' lang='lat' dir='ltr'><strong>scri-</strong></span> 
     </span>
    </p>
   </div>
   <div class='ocr_carea' id='block_1_82' title="bbox 393 4911 1971 4982">
    <p class='ocr_par' dir='ltr' id='par_1_82' title="bbox 393 4911 1971 4982">
     <span class='ocr_line' id='line_1_82' title="bbox 393 4911 1971 4982; baseline -0.001 -18"><span class='ocrx_word' id='word_1_628' title='bbox 393 4919 547 4982; x_wconf 89' lang='lat' dir='ltr'><strong>ptum</strong></span> <span class='ocrx_word' id='word_1_629' title='bbox 572 4912 717 4967; x_wconf 88' lang='lat' dir='ltr'><strong>enim</strong></span> <span class='ocrx_word' id='word_1_630' title='bbox 747 4920 832 4967; x_wconf 88' lang='lat' dir='ltr'><strong>cst</strong></span> <span class='ocrx_word' id='word_1_631' title='bbox 858 4931 872 4966; x_wconf 89' lang='lat'><strong>:</strong></span> <span class='ocrx_word' id='word_1_632' title='bbox 904 4912 1059 4978; x_wconf 78' lang='lat' dir='ltr'><strong>Quod</strong></span> <span class='ocrx_word' id='word_1_633' title='bbox 1083 4929 1201 4966; x_wconf 84' lang='lat' dir='ltr'><strong>cum</strong></span> <span class='ocrx_word' id='word_1_634' title='bbox 1225 4913 1459 4968; x_wconf 72' lang='lat' dir='ltr'><strong>audisset</strong></span> <span class='ocrx_word' id='word_1_635' title='bbox 1491 4911 1646 4976; x_wconf 85' lang='lat' dir='ltr'><strong>Saul,</strong></span> <span class='ocrx_word' id='word_1_636' title='bbox 1669 4922 1971 4981; x_wconf 82' lang='lat' dir='ltr'><strong>persecutus</strong></span> 
     </span>
    </p>
   </div>
   <div class='ocr_carea' id='block_1_83' title="bbox 390 5003 1972 5062">
    <p class='ocr_par' dir='ltr' id='par_1_83' title="bbox 390 5003 1972 5062">
     <span class='ocr_line' id='line_1_83' title="bbox 390 5003 1972 5062; baseline 0.001 -4"><span class='ocrx_word' id='word_1_637' title='bbox 390 5015 472 5058; x_wconf 84' lang='lat' dir='ltr'><strong>est</strong></span> <span class='ocrx_word' id='word_1_638' title='bbox 508 5003 680 5059; x_wconf 83' lang='lat' dir='ltr'><strong>David</strong></span> <span class='ocrx_word' id='word_1_639' title='bbox 721 5007 775 5059; x_wconf 89' lang='lat' dir='ltr'><strong>in</strong></span> <span class='ocrx_word' id='word_1_640' title='bbox 825 5004 1032 5059; x_wconf 83' lang='lat' dir='ltr'><strong>deserto</strong></span> <span class='ocrx_word' id='word_1_641' title='bbox 1085 5004 1266 5061; x_wconf 81' lang='lat' dir='ltr'><strong>Maon.</strong></span> <span class='ocrx_word' id='word_1_642' title='bbox 1318 5006 1387 5060; x_wconf 90' lang='lat' dir='ltr'><strong>Et</strong></span> <span class='ocrx_word' id='word_1_643' title='bbox 1436 5007 1584 5062; x_wconf 89' lang='lat' dir='ltr'><strong>ibant</strong></span> <span class='ocrx_word' id='word_1_644' title='bbox 1619 5006 1752 5062; x_wconf 79' lang='lat' dir='ltr'><strong>Saul</strong></span> <span class='ocrx_word' id='word_1_645' title='bbox 1793 5016 1842 5060; x_wconf 87' lang='lat' dir='ltr'><strong>et</strong></span> <span class='ocrx_word' id='word_1_646' title='bbox 1872 5006 1972 5059; x_wconf 79' lang='lat' dir='ltr'><strong>viri</strong></span> 
     </span>
    </p>
   </div>
   <div class='ocr_carea' id='block_1_84' title="bbox 391 5097 1967 5169">
    <p class='ocr_par' dir='ltr' id='par_1_84' title="bbox 391 5097 1967 5169">
     <span class='ocr_line' id='line_1_84' title="bbox 391 5097 1967 5169; baseline 0 -18"><span class='ocrx_word' id='word_1_647' title='bbox 391 5097 508 5168; x_wconf 87' lang='lat' dir='ltr'><strong>ejus</strong></span> <span class='ocrx_word' id='word_1_648' title='bbox 541 5113 607 5152; x_wconf 77' lang='lat' dir='ltr'><strong>ea:</strong></span> <span class='ocrx_word' id='word_1_649' title='bbox 635 5107 784 5166; x_wconf 76' lang='lat' dir='ltr'><strong>parte</strong></span> <span class='ocrx_word' id='word_1_650' title='bbox 809 5099 1002 5152; x_wconf 84' lang='lat' dir='ltr'><strong>montis</strong></span> <span class='ocrx_word' id='word_1_651' title='bbox 1030 5098 1188 5169; x_wconf 79' lang='lat' dir='ltr'><strong>hujus</strong></span> <span class='ocrx_word' id='word_1_652' title='bbox 1217 5116 1235 5153; x_wconf 93' lang='lat'><em>:</em></span> <span class='ocrx_word' id='word_1_653' title='bbox 1267 5109 1316 5154; x_wconf 86' lang='lat' dir='ltr'><strong>et</strong></span> <span class='ocrx_word' id='word_1_654' title='bbox 1354 5110 1470 5155; x_wconf 86' lang='lat' dir='ltr'><strong>erat</strong></span> <span class='ocrx_word' id='word_1_655' title='bbox 1506 5099 1677 5154; x_wconf 80' lang='lat' dir='ltr'><strong>David</strong></span> <span class='ocrx_word' id='word_1_656' title='bbox 1713 5099 1967 5163; x_wconf 84' lang='lat' dir='ltr'><strong>obtectus,</strong></span> 
     </span>
    </p>
   </div>
   <div class='ocr_carea' id='block_1_85' title="bbox 391 5186 1971 5258">
    <p class='ocr_par' dir='ltr' id='par_1_85' title="bbox 391 5186 1971 5258">
     <span class='ocr_line' id='line_1_85' title="bbox 391 5186 1971 5258; baseline 0 -18"><span class='ocrx_word' id='word_1_657' title='bbox 391 5196 449 5240; x_wconf 80' lang='lat' dir='ltr'><strong>ut</strong></span> <span class='ocrx_word' id='word_1_658' title='bbox 479 5186 647 5241; x_wconf 86' lang='lat' dir='ltr'><strong>abiret</strong></span> <span class='ocrx_word' id='word_1_659' title='bbox 678 5203 710 5241; x_wconf 91' lang='lat' dir='ltr'><strong>a</strong></span> <span class='ocrx_word' id='word_1_660' title='bbox 732 5187 870 5256; x_wconf 80' lang='lat' dir='ltr'><strong>[acie</strong></span> <span class='ocrx_word' id='word_1_661' title='bbox 899 5186 1062 5252; x_wconf 84' lang='lat' dir='ltr'><strong>Saul;</strong></span> <span class='ocrx_word' id='word_1_662' title='bbox 1087 5197 1135 5242; x_wconf 89' lang='lat' dir='ltr'><strong>et</strong></span> <span class='ocrx_word' id='word_1_663' title='bbox 1161 5187 1298 5244; x_wconf 86' lang='lat' dir='ltr'><strong>Saul</strong></span> <span class='ocrx_word' id='word_1_664' title='bbox 1326 5199 1374 5243; x_wconf 87' lang='lat' dir='ltr'><strong>et</strong></span> <span class='ocrx_word' id='word_1_665' title='bbox 1412 5189 1512 5243; x_wconf 85' lang='lat' dir='ltr'><strong>viri</strong></span> <span class='ocrx_word' id='word_1_666' title='bbox 1543 5189 1657 5258; x_wconf 80' lang='lat' dir='ltr'><strong>ejus</strong></span> <span class='ocrx_word' id='word_1_667' title='bbox 1679 5197 1971 5242; x_wconf 83' lang='lat' dir='ltr'><strong>castrame-</strong></span> 
     </span>
    </p>
   </div>
   <div class='ocr_carea' id='block_1_86' title="bbox 391 5275 1965 5348">
    <p class='ocr_par' dir='ltr' id='par_1_86' title="bbox 391 5275 1965 5348">
     <span class='ocr_line' id='line_1_86' title="bbox 391 5275 1965 5348; baseline 0.001 -19"><span class='ocrx_word' id='word_1_668' title='bbox 391 5275 646 5332; x_wconf 85' lang='lat' dir='ltr'><strong>tabantur</strong></span> <span class='ocrx_word' id='word_1_669' title='bbox 669 5287 854 5331; x_wconf 85' lang='lat' dir='ltr'><strong>contra</strong></span> <span class='ocrx_word' id='word_1_670' title='bbox 889 5276 1058 5332; x_wconf 80' lang='lat' dir='ltr'><strong>David</strong></span> <span class='ocrx_word' id='word_1_671' title='bbox 1084 5290 1131 5333; x_wconf 88' lang='lat' dir='ltr'><strong>et</strong></span> <span class='ocrx_word' id='word_1_672' title='bbox 1164 5279 1303 5334; x_wconf 82' lang='lat' dir='ltr'><strong>viros</strong></span> <span class='ocrx_word' id='word_1_673' title='bbox 1333 5278 1470 5348; x_wconf 86' lang='lat' dir='ltr'><strong>ejus,</strong></span> <span class='ocrx_word' id='word_1_674' title='bbox 1497 5287 1553 5330; x_wconf 87' lang='lat' dir='ltr'><strong>ut</strong></span> <span class='ocrx_word' id='word_1_675' title='bbox 1586 5287 1826 5345; x_wconf 83' lang='lat' dir='ltr'><strong>caperent</strong></span> <span class='ocrx_word' id='word_1_676' title='bbox 1855 5293 1965 5330; x_wconf 86' lang='lat' dir='ltr'><strong>eos.</strong></span> 
     </span>
    </p>
   </div>
   <div class='ocr_carea' id='block_1_87' title="bbox 391 5367 1968 5435">
    <p class='ocr_par' dir='ltr' id='par_1_87' title="bbox 391 5367 1968 5435">
     <span class='ocr_line' id='line_1_87' title="bbox 391 5367 1968 5435; baseline -0.002 -11"><span class='ocrx_word' id='word_1_677' title='bbox 391 5367 461 5424; x_wconf 76' lang='lat' dir='ltr'><strong>Et</strong></span> <span class='ocrx_word' id='word_1_678' title='bbox 495 5370 712 5424; x_wconf 84' lang='lat' dir='ltr'><strong>nuntius</strong></span> <span class='ocrx_word' id='word_1_679' title='bbox 751 5371 888 5425; x_wconf 87' lang='lat' dir='ltr'><strong>venit</strong></span> <span class='ocrx_word' id='word_1_680' title='bbox 927 5371 997 5426; x_wconf 90' lang='lat' dir='ltr'><strong>ad</strong></span> <span class='ocrx_word' id='word_1_681' title='bbox 1034 5371 1170 5428; x_wconf 78' lang='lat' dir='ltr'><strong>Saul</strong></span> <span class='ocrx_word' id='word_1_682' title='bbox 1205 5371 1383 5426; x_wconf 88' lang='lat' dir='ltr'><strong>dicens</strong></span> <span class='ocrx_word' id='word_1_683' title='bbox 1425 5385 1443 5424; x_wconf 89' lang='lat'><strong><em>:</em></strong></span> <span class='ocrx_word' id='word_1_684' title='bbox 1479 5368 1699 5424; x_wconf 83' lang='lat' dir='ltr'><strong>Festina</strong></span> <span class='ocrx_word' id='word_1_685' title='bbox 1727 5379 1775 5422; x_wconf 91' lang='lat' dir='ltr'><strong>et</strong></span> <span class='ocrx_word' id='word_1_686' title='bbox 1831 5369 1968 5435; x_wconf 84' lang='lat' dir='ltr'><strong>veni,</strong></span> 
     </span>
    </p>
   </div>
   <div class='ocr_carea' id='block_1_88' title="bbox 386 5459 1967 5533">
    <p class='ocr_par' dir='ltr' id='par_1_88' title="bbox 386 5459 1967 5533">
     <span class='ocr_line' id='line_1_88' title="bbox 386 5459 1967 5533; baseline -0.001 -17"><span class='ocrx_word' id='word_1_687' title='bbox 386 5465 514 5532; x_wconf 77' lang='lat' dir='ltr'><strong>quia</strong></span> <span class='ocrx_word' id='word_1_688' title='bbox 571 5462 873 5532; x_wconf 83' lang='lat' dir='ltr'><strong>irruperunt</strong></span> <span class='ocrx_word' id='word_1_689' title='bbox 932 5463 1189 5533; x_wconf 69' lang='lat' dir='ltr'><strong>a&#39;llopltyli</strong></span> <span class='ocrx_word' id='word_1_690' title='bbox 1231 5464 1284 5516; x_wconf 91' lang='lat' dir='ltr'><strong>in</strong></span> <span class='ocrx_word' id='word_1_691' title='bbox 1347 5462 1576 5516; x_wconf 86' lang='lat' dir='ltr'><strong>terram!</strong></span> <span class='ocrx_word' id='word_1_692' title='bbox 1625 5459 1692 5514; x_wconf 84' lang='lat' dir='ltr'><strong>Et</strong></span> <span class='ocrx_word' id='word_1_693' title='bbox 1731 5477 1967 5515; x_wconf 85' lang='lat' dir='ltr'><strong>reversus</strong></span> 
     </span>
    </p>
   </div>
   <div class='ocr_carea' id='block_1_89' title="bbox 385 5553 1971 5625">
    <p class='ocr_par' dir='ltr' id='par_1_89' title="bbox 385 5553 1971 5625">
     <span class='ocr_line' id='line_1_89' title="bbox 385 5553 1971 5625; baseline -0.003 -16"><span class='ocrx_word' id='word_1_694' title='bbox 385 5564 463 5609; x_wconf 86' lang='lat' dir='ltr'><strong>est</strong></span> <span class='ocrx_word' id='word_1_695' title='bbox 493 5553 649 5622; x_wconf 85' lang='lat' dir='ltr'><strong>Saul,</strong></span> <span class='ocrx_word' id='word_1_696' title='bbox 674 5555 933 5611; x_wconf 83' lang='lat' dir='ltr'><strong>desistens</strong></span> <span class='ocrx_word' id='word_1_697' title='bbox 958 5556 1196 5625; x_wconf 83' lang='lat' dir='ltr'><strong>persequi</strong></span> <span class='ocrx_word' id='word_1_698' title='bbox 1225 5553 1396 5608; x_wconf 84' lang='lat' dir='ltr'><strong>David</strong></span> <span class='ocrx_word' id='word_1_699' title='bbox 1427 5567 1447 5605; x_wconf 90' lang='lat'><strong><em>:</em></strong></span> <span class='ocrx_word' id='word_1_700' title='bbox 1471 5561 1520 5607; x_wconf 86' lang='lat' dir='ltr'><strong>ct</strong></span> <span class='ocrx_word' id='word_1_701' title='bbox 1547 5554 1772 5622; x_wconf 70' lang='lat' dir='ltr'><strong>perrexit</strong></span> <span class='ocrx_word' id='word_1_702' title='bbox 1800 5553 1853 5606; x_wconf 88' lang='lat' dir='ltr'><strong>in</strong></span> <span class='ocrx_word' id='word_1_703' title='bbox 1880 5568 1971 5606; x_wconf 63' lang='lat' dir='ltr'><strong>oc-</strong></span> 
     </span>
    </p>
   </div>
   <div class='ocr_carea' id='block_1_90' title="bbox 386 5642 1966 5719">
    <p class='ocr_par' dir='ltr' id='par_1_90' title="bbox 386 5642 1966 5719">
     <span class='ocr_line' id='line_1_90' title="bbox 386 5642 1966 5719; baseline 0 -22"><span class='ocrx_word' id='word_1_704' title='bbox 386 5660 597 5698; x_wconf 70' lang='lat' dir='ltr'><strong>cursum</strong></span> <span class='ocrx_word' id='word_1_705' title='bbox 639 5647 1031 5719; x_wconf 79' lang='lat' dir='ltr'><strong>all0phytornm</strong></span> <span class='ocrx_word' id='word_1_706' title='bbox 1069 5646 1138 5699; x_wconf 74' lang='grc' dir='ltr'><strong>³ο.</strong></span> <span class='ocrx_word' id='word_1_707' title='bbox 1177 5643 1302 5699; x_wconf 69' lang='lat' dir='ltr'><strong>Haec</strong></span> <span class='ocrx_word' id='word_1_708' title='bbox 1334 5650 1464 5699; x_wconf 87' lang='lat' dir='ltr'><strong>sunt</strong></span> <span class='ocrx_word' id='word_1_709' title='bbox 1513 5657 1636 5713; x_wconf 67' lang='lat' dir='ltr'><strong>qua:</strong></span> <span class='ocrx_word' id='word_1_710' title='bbox 1682 5642 1966 5697; x_wconf 87' lang='lat' dir='ltr'><strong>historiam</strong></span> 
     </span>
    </p>
   </div>
   <div class='ocr_carea' id='block_1_91' title="bbox 2085 3357 3659 3430">
    <p class='ocr_par' dir='ltr' id='par_1_91' title="bbox 2085 3357 3659 3430">
     <span class='ocr_line' id='line_1_91' title="bbox 2085 3357 3659 3430; baseline 0.003 -20"><span class='ocrx_word' id='word_1_711' title='bbox 2085 3358 2313 3412; x_wconf 74' lang='grc' dir='ltr'>λωτικαὶ</span> <span class='ocrx_word' id='word_1_712' title='bbox 2345 3357 2672 3428; x_wconf 88' lang='grc' dir='ltr'>τυγχάνουσι</span> <span class='ocrx_word' id='word_1_713' title='bbox 2702 3358 2796 3413; x_wconf 78' lang='grc' dir='ltr'><strong>τοῦ</strong></span> <span class='ocrx_word' id='word_1_714' title='bbox 2840 3359 3032 3430; x_wconf 91' lang='grc' dir='ltr'>χρόνου</span> <span class='ocrx_word' id='word_1_715' title='bbox 3065 3358 3187 3412; x_wconf 85' lang='grc' dir='ltr'>καθ’</span> <span class='ocrx_word' id='word_1_716' title='bbox 3240 3359 3298 3412; x_wconf 85' lang='grc' dir='ltr'><strong>ὂν</strong></span> <span class='ocrx_word' id='word_1_717' title='bbox 3344 3358 3659 3430; x_wconf 79' lang='grc' dir='ltr'>ἐλέχθησαν.</span> 
     </span>
    </p>
   </div>
   <div class='ocr_carea' id='block_1_92' title="bbox 2084 3448 3662 3523">
    <p class='ocr_par' dir='ltr' id='par_1_92' title="bbox 2084 3448 3662 3523">
     <span class='ocr_line' id='line_1_92' title="bbox 2084 3448 3662 3523; baseline 0.001 -22"><span class='ocrx_word' id='word_1_718' title='bbox 2084 3448 2294 3503; x_wconf 79' lang='grc' dir='ltr'>Αὐτίκα</span> <span class='ocrx_word' id='word_1_719' title='bbox 2327 3448 2458 3519; x_wconf 79' lang='grc' dir='ltr'>γοῦν</span> <span class='ocrx_word' id='word_1_720' title='bbox 2483 3449 2578 3503; x_wconf 79' lang='grc' dir='ltr'>καὶ</span> <span class='ocrx_word' id='word_1_721' title='bbox 2609 3451 2638 3503; x_wconf 87' lang='grc' dir='ltr'><strong>ό</strong></span> <span class='ocrx_word' id='word_1_722' title='bbox 2674 3450 3029 3521; x_wconf 82' lang='grc' dir='ltr'>προκείμενος</span> <span class='ocrx_word' id='word_1_723' title='bbox 3083 3451 3396 3521; x_wconf 74' lang='grc' dir='ltr'>ἀνέπεμψεν</span> <span class='ocrx_word' id='word_1_724' title='bbox 3439 3452 3532 3502; x_wconf 76' lang='grc' dir='ltr'><strong>ἐπὶ</strong></span> <span class='ocrx_word' id='word_1_725' title='bbox 3563 3451 3662 3523; x_wconf 73' lang='grc' dir='ltr'>τὴν</span> 
     </span>
    </p>
   </div>
   <div class='ocr_carea' id='block_1_93' title="bbox 2085 3541 3660 3614">
    <p class='ocr_par' dir='ltr' id='par_1_93' title="bbox 2085 3541 3660 3614">
     <span class='ocr_line' id='line_1_93' title="bbox 2085 3541 3660 3614; baseline 0.002 -21"><span class='ocrx_word' id='word_1_726' title='bbox 2085 3541 2306 3612; x_wconf 81' lang='grc' dir='ltr'>πρώτην</span> <span class='ocrx_word' id='word_1_727' title='bbox 2335 3541 2514 3612; x_wconf 74' lang='grc' dir='ltr'>βίϐλον</span> <span class='ocrx_word' id='word_1_728' title='bbox 2535 3542 2642 3595; x_wconf 89' lang='grc' dir='ltr'><strong>τῶν</strong></span> <span class='ocrx_word' id='word_1_729' title='bbox 2673 3542 2965 3596; x_wconf 86' lang='grc' dir='ltr'>Βασιλειῶν</span> <span class='ocrx_word' id='word_1_730' title='bbox 2983 3560 2996 3573; x_wconf 90' lang='grc'><strong>·</strong></span> <span class='ocrx_word' id='word_1_731' title='bbox 3027 3542 3103 3606; x_wconf 83' lang='grc' dir='ltr'>ὼς</span> <span class='ocrx_word' id='word_1_732' title='bbox 3136 3542 3201 3596; x_wconf 79' lang='grc' dir='ltr'>ἂν</span> <span class='ocrx_word' id='word_1_733' title='bbox 3235 3543 3442 3597; x_wconf 74' lang='grc' dir='ltr'>ἐκεῖθεν</span> <span class='ocrx_word' id='word_1_734' title='bbox 3472 3543 3660 3614; x_wconf 84' lang='grc' dir='ltr'>μάθοι-</span> 
     </span>
    </p>
   </div>
   <div class='ocr_carea' id='block_1_94' title="bbox 2086 3631 3665 3704">
    <p class='ocr_par' dir='ltr' id='par_1_94' title="bbox 2086 3631 3665 3704">
     <span class='ocr_line' id='line_1_94' title="bbox 2086 3631 3665 3704; baseline 0.003 -20"><span class='ocrx_word' id='word_1_735' title='bbox 2086 3649 2206 3701; x_wconf 86' lang='grc' dir='ltr'>μεν,</span> <span class='ocrx_word' id='word_1_736' title='bbox 2240 3633 2323 3701; x_wconf 79' lang='grc' dir='ltr'><strong>ὲφ’</strong></span> <span class='ocrx_word' id='word_1_737' title='bbox 2371 3632 2504 3695; x_wconf 77' lang='grc' dir='ltr'>οἵοις</span> <span class='ocrx_word' id='word_1_738' title='bbox 2552 3632 2839 3703; x_wconf 86' lang='grc' dir='ltr'>πράγμασι</span> <span class='ocrx_word' id='word_1_739' title='bbox 2871 3632 2963 3685; x_wconf 83' lang='grc' dir='ltr'><strong>τὸν</strong></span> <span class='ocrx_word' id='word_1_740' title='bbox 3021 3631 3380 3704; x_wconf 89' lang='grc' dir='ltr'>προκείμενον</span> <span class='ocrx_word' id='word_1_741' title='bbox 3416 3631 3582 3704; x_wconf 77' lang='grc' dir='ltr'>ὕμνον</span> <span class='ocrx_word' id='word_1_742' title='bbox 3633 3635 3665 3688; x_wconf 76' lang='grc' dir='ltr'><strong>δ</strong></span> 
     </span>
    </p>
   </div>
   <div class='ocr_carea' id='block_1_95' title="bbox 2083 3722 3661 3798">
    <p class='ocr_par' dir='ltr' id='par_1_95' title="bbox 2083 3722 3661 3798">
     <span class='ocr_line' id='line_1_95' title="bbox 2083 3722 3661 3798; baseline 0.003 -23"><span class='ocrx_word' id='word_1_743' title='bbox 2083 3722 2248 3775; x_wconf 78' lang='grc' dir='ltr'>Δαυῖδ</span> <span class='ocrx_word' id='word_1_744' title='bbox 2269 3723 2604 3794; x_wconf 72' lang='grc' dir='ltr'>ἀνέπεμψεν.</span> <span class='ocrx_word' id='word_1_745' title='bbox 2629 3725 2781 3793; x_wconf 81' lang='grc' dir='ltr'>Ἔχει</span> <span class='ocrx_word' id='word_1_746' title='bbox 2813 3724 2869 3776; x_wconf 81' lang='grc' dir='ltr'>δὲ</span> <span class='ocrx_word' id='word_1_747' title='bbox 2895 3726 2926 3794; x_wconf 81' lang='grc' dir='ltr'><strong>ἡ</strong></span> <span class='ocrx_word' id='word_1_748' title='bbox 2963 3725 3171 3795; x_wconf 83' lang='grc' dir='ltr'>ἱστορία</span> <span class='ocrx_word' id='word_1_749' title='bbox 3204 3727 3391 3779; x_wconf 80' lang='grc' dir='ltr'>τοῦτον</span> <span class='ocrx_word' id='word_1_750' title='bbox 3418 3727 3510 3780; x_wconf 80' lang='grc' dir='ltr'>τὸν</span> <span class='ocrx_word' id='word_1_751' title='bbox 3539 3727 3661 3798; x_wconf 86' lang='grc' dir='ltr'>τρό-</span> 
     </span>
    </p>
   </div>
   <div class='ocr_carea' id='block_1_96' title="bbox 2082 3813 3663 3884">
    <p class='ocr_par' dir='ltr' id='par_1_96' title="bbox 2082 3813 3663 3884">
     <span class='ocr_line' id='line_1_96' title="bbox 2082 3813 3663 3884; baseline 0.002 -19"><span class='ocrx_word' id='word_1_752' title='bbox 2082 3830 2180 3865; x_wconf 90' lang='grc' dir='ltr'><strong>πον</strong></span> <span class='ocrx_word' id='word_1_753' title='bbox 2203 3830 2215 3842; x_wconf 92' lang='grc'>·</span> <span class='ocrx_word' id='word_1_754' title='bbox 2247 3813 2356 3866; x_wconf 84' lang='lat' dir='ltr'><strong>Kal</strong></span> <span class='ocrx_word' id='word_1_755' title='bbox 2387 3813 2629 3868; x_wconf 78' lang='grc' dir='ltr'>ἐκάθισε</span> <span class='ocrx_word' id='word_1_756' title='bbox 2653 3814 2836 3868; x_wconf 77' lang='grc' dir='ltr'>Δαυῒδ</span> <span class='ocrx_word' id='word_1_757' title='bbox 2863 3815 2934 3866; x_wconf 72' lang='grc' dir='ltr'>ἐν</span> <span class='ocrx_word' id='word_1_758' title='bbox 2958 3813 3030 3882; x_wconf 77' lang='grc' dir='ltr'>τῇ</span> <span class='ocrx_word' id='word_1_759' title='bbox 3063 3813 3260 3884; x_wconf 73' lang='grc' dir='ltr'>ἐρήμῳ</span> <span class='ocrx_word' id='word_1_760' title='bbox 3287 3815 3564 3870; x_wconf 80' lang='grc' dir='ltr'>Μασεδὲκ</span> <span class='ocrx_word' id='word_1_761' title='bbox 3591 3815 3663 3868; x_wconf 75' lang='grc' dir='ltr'><strong>ἐν</strong></span> 
     </span>
    </p>
   </div>
   <div class='ocr_carea' id='block_1_97' title="bbox 2081 3900 3663 3974">
    <p class='ocr_par' dir='ltr' id='par_1_97' title="bbox 2081 3900 3663 3974">
     <span class='ocr_line' id='line_1_97' title="bbox 2081 3900 3663 3974; baseline 0.001 -20"><span class='ocrx_word' id='word_1_762' title='bbox 2081 3901 2205 3966; x_wconf 83' lang='grc' dir='ltr'>τοῖς</span> <span class='ocrx_word' id='word_1_763' title='bbox 2231 3901 2470 3969; x_wconf 80' lang='grc' dir='ltr'>στενοῖς</span> <span class='ocrx_word' id='word_1_764' title='bbox 2488 3919 2500 3932; x_wconf 80' lang='grc' dir='ltr'><strong>ο</strong></span> <span class='ocrx_word' id='word_1_765' title='bbox 2531 3902 2629 3954; x_wconf 77' lang='grc' dir='ltr'>καὶ</span> <span class='ocrx_word' id='word_1_766' title='bbox 2653 3900 2909 3970; x_wconf 78' lang='grc' dir='ltr'>ἐκάθητο</span> <span class='ocrx_word' id='word_1_767' title='bbox 2930 3903 3000 3956; x_wconf 75' lang='grc' dir='ltr'><strong>ἐν</strong></span> <span class='ocrx_word' id='word_1_768' title='bbox 3022 3903 3102 3968; x_wconf 79' lang='grc' dir='ltr'>τῷ</span> <span class='ocrx_word' id='word_1_769' title='bbox 3126 3903 3245 3972; x_wconf 82' lang='grc' dir='ltr'>ὄρει</span> <span class='ocrx_word' id='word_1_770' title='bbox 3269 3905 3340 3957; x_wconf 79' lang='grc' dir='ltr'><strong>ἐν</strong></span> <span class='ocrx_word' id='word_1_771' title='bbox 3363 3903 3438 3973; x_wconf 81' lang='grc' dir='ltr'>τῇ</span> <span class='ocrx_word' id='word_1_772' title='bbox 3465 3904 3663 3974; x_wconf 77' lang='grc' dir='ltr'>ἐρήμῳ</span> 
     </span>
    </p>
   </div>
   <div class='ocr_carea' id='block_1_98' title="bbox 2083 3990 3660 4064">
    <p class='ocr_par' dir='ltr' id='par_1_98' title="bbox 2083 3990 3660 4064">
     <span class='ocr_line' id='line_1_98' title="bbox 2083 3990 3660 4064; baseline 0.001 -19"><span class='ocrx_word' id='word_1_773' title='bbox 2083 3995 2250 4062; x_wconf 72' lang='grc' dir='ltr'><strong>Ζείφ.</strong></span> <span class='ocrx_word' id='word_1_774' title='bbox 2281 3990 2394 4046; x_wconf 80' lang='grc' dir='ltr'><strong>Εἶθ’</strong></span> <span class='ocrx_word' id='word_1_775' title='bbox 2422 3993 2499 4055; x_wconf 83' lang='grc' dir='ltr'>ὡς</span> <span class='ocrx_word' id='word_1_776' title='bbox 2517 3990 2707 4064; x_wconf 72' lang='grc' dir='ltr'>ἦλθεν</span> <span class='ocrx_word' id='word_1_777' title='bbox 2745 3994 3020 4050; x_wconf 71' lang='grc' dir='ltr'>’Ῑωνάθαν</span> <span class='ocrx_word' id='word_1_778' title='bbox 3040 3997 3073 4047; x_wconf 83' lang='grc' dir='ltr'><strong>ό</strong></span> <span class='ocrx_word' id='word_1_779' title='bbox 3106 3994 3236 4061; x_wconf 78' lang='grc' dir='ltr'>υἱὸς</span> <span class='ocrx_word' id='word_1_780' title='bbox 3269 3995 3468 4049; x_wconf 73' lang='grc' dir='ltr'>Σαοὺλ</span> <span class='ocrx_word' id='word_1_781' title='bbox 3509 3996 3660 4063; x_wconf 77' lang='grc' dir='ltr'>πρὸς</span> 
     </span>
    </p>
   </div>
   <div class='ocr_carea' id='block_1_99' title="bbox 2080 4085 3656 4157">
    <p class='ocr_par' dir='ltr' id='par_1_99' title="bbox 2080 4085 3656 4157">
     <span class='ocr_line' id='line_1_99' title="bbox 2080 4085 3656 4157; baseline 0.001 -19"><span class='ocrx_word' id='word_1_782' title='bbox 2080 4086 2286 4149; x_wconf 69' lang='grc' dir='ltr'>αὑτὸν,</span> <span class='ocrx_word' id='word_1_783' title='bbox 2311 4087 2408 4139; x_wconf 74' lang='grc' dir='ltr'>καὶ</span> <span class='ocrx_word' id='word_1_784' title='bbox 2433 4086 2603 4140; x_wconf 74' lang='grc' dir='ltr'>εἶπεν</span> <span class='ocrx_word' id='word_1_785' title='bbox 2623 4085 2784 4152; x_wconf 87' lang='grc' dir='ltr'><strong>αὐτῷ</strong></span> <span class='ocrx_word' id='word_1_786' title='bbox 2800 4102 2814 4115; x_wconf 86' lang='grc'><strong>·</strong></span> <span class='ocrx_word' id='word_1_787' title='bbox 2840 4085 2893 4139; x_wconf 80' lang='grc' dir='ltr'><em>Μ</em></span> <span class='ocrx_word' id='word_1_788' title='bbox 2904 4085 2937 4154; x_wconf 76' lang='grc' dir='ltr'>ἡ</span> <span class='ocrx_word' id='word_1_789' title='bbox 2963 4086 3171 4155; x_wconf 70' lang='grc' dir='ltr'>φοϐοῦ,</span> <span class='ocrx_word' id='word_1_790' title='bbox 3195 4086 3283 4140; x_wconf 85' lang='grc' dir='ltr'>ὅτι</span> <span class='ocrx_word' id='word_1_791' title='bbox 3316 4089 3387 4141; x_wconf 85' lang='grc' dir='ltr'>οὐ</span> <span class='ocrx_word' id='word_1_792' title='bbox 3402 4087 3488 4157; x_wconf 82' lang='grc' dir='ltr'>μὴ</span> <span class='ocrx_word' id='word_1_793' title='bbox 3512 4087 3656 4154; x_wconf 63' lang='grc' dir='ltr'><strong>εὔίῃ</strong></span> 
     </span>
    </p>
   </div>
   <div class='ocr_carea' id='block_1_100' title="bbox 2081 4176 3657 4246">
    <p class='ocr_par' dir='ltr' id='par_1_100' title="bbox 2081 4176 3657 4246">
     <span class='ocr_line' id='line_1_100' title="bbox 2081 4176 3657 4246; baseline -0.001 -16"><span class='ocrx_word' id='word_1_794' title='bbox 2081 4191 2154 4230; x_wconf 86' lang='grc' dir='ltr'><strong>σε</strong></span> <span class='ocrx_word' id='word_1_795' title='bbox 2187 4177 2225 4244; x_wconf 74' lang='grc' dir='ltr'>ἡ</span> <span class='ocrx_word' id='word_1_796' title='bbox 2253 4177 2382 4246; x_wconf 71' lang='grc' dir='ltr'>χεὶρ</span> <span class='ocrx_word' id='word_1_797' title='bbox 2415 4177 2615 4232; x_wconf 78' lang='grc' dir='ltr'>Σαοὺλ</span> <span class='ocrx_word' id='word_1_798' title='bbox 2651 4176 2757 4231; x_wconf 84' lang='grc' dir='ltr'>τοῦ</span> <span class='ocrx_word' id='word_1_799' title='bbox 2787 4179 3010 4245; x_wconf 81' lang='grc' dir='ltr'>πατρός</span> <span class='ocrx_word' id='word_1_800' title='bbox 3031 4194 3170 4246; x_wconf 82' lang='grc' dir='ltr'>μου,</span> <span class='ocrx_word' id='word_1_801' title='bbox 3200 4178 3297 4232; x_wconf 74' lang='grc' dir='ltr'>καὶ</span> <span class='ocrx_word' id='word_1_802' title='bbox 3346 4178 3428 4233; x_wconf 86' lang='grc' dir='ltr'>σὺ</span> <span class='ocrx_word' id='word_1_803' title='bbox 3471 4179 3657 4242; x_wconf 74' lang='grc' dir='ltr'>,Βασι-</span> 
     </span>
    </p>
   </div>
   <div class='ocr_carea' id='block_1_101' title="bbox 2079 4268 3661 4338">
    <p class='ocr_par' dir='ltr' id='par_1_101' title="bbox 2079 4268 3661 4338">
     <span class='ocr_line' id='line_1_101' title="bbox 2079 4268 3661 4338; baseline 0.001 -16"><span class='ocrx_word' id='word_1_804' title='bbox 2079 4269 2324 4334; x_wconf 79' lang='grc' dir='ltr'>λεύσεις</span> <span class='ocrx_word' id='word_1_805' title='bbox 2346 4269 2445 4322; x_wconf 79' lang='grc' dir='ltr'><strong>ἐπὶ</strong></span> <span class='ocrx_word' id='word_1_806' title='bbox 2488 4268 2755 4336; x_wconf 74' lang='grc' dir='ltr'>Ἰσραὴλ,</span> <span class='ocrx_word' id='word_1_807' title='bbox 2789 4269 2886 4322; x_wconf 80' lang='grc' dir='ltr'>καὶ</span> <span class='ocrx_word' id='word_1_808' title='bbox 2912 4268 3026 4338; x_wconf 82' lang='grc' dir='ltr'><strong>ἐγὼ</strong></span> <span class='ocrx_word' id='word_1_809' title='bbox 3052 4269 3270 4338; x_wconf 81' lang='grc' dir='ltr'>ἔσομαί</span> <span class='ocrx_word' id='word_1_810' title='bbox 3302 4286 3402 4324; x_wconf 88' lang='grc' dir='ltr'><strong>σοι</strong></span> <span class='ocrx_word' id='word_1_811' title='bbox 3424 4273 3508 4336; x_wconf 80' lang='grc' dir='ltr'><strong>είς</strong></span> <span class='ocrx_word' id='word_1_812' title='bbox 3530 4269 3661 4324; x_wconf 71' lang='grc' dir='ltr'><strong>δεύ-</strong></span> 
     </span>
    </p>
   </div>
   <div class='ocr_carea' id='block_1_102' title="bbox 2079 4355 3656 4427">
    <p class='ocr_par' dir='ltr' id='par_1_102' title="bbox 2079 4355 3656 4427">
     <span class='ocr_line' id='line_1_102' title="bbox 2079 4355 3656 4427; baseline 0 -15"><span class='ocrx_word' id='word_1_813' title='bbox 2079 4376 2272 4427; x_wconf 81' lang='grc' dir='ltr'>τερον,</span> <span class='ocrx_word' id='word_1_814' title='bbox 2309 4359 2408 4412; x_wconf 75' lang='grc' dir='ltr'>καὶ</span> <span class='ocrx_word' id='word_1_815' title='bbox 2439 4357 2639 4413; x_wconf 75' lang='grc' dir='ltr'>Σαοὺλ</span> <span class='ocrx_word' id='word_1_816' title='bbox 2672 4362 2704 4412; x_wconf 85' lang='grc' dir='ltr'><strong>ό</strong></span> <span class='ocrx_word' id='word_1_817' title='bbox 2733 4357 2926 4426; x_wconf 75' lang='grc' dir='ltr'>πατὴρ</span> <span class='ocrx_word' id='word_1_818' title='bbox 2945 4375 3061 4427; x_wconf 84' lang='grc' dir='ltr'><strong>μου</strong></span> <span class='ocrx_word' id='word_1_819' title='bbox 3103 4355 3268 4412; x_wconf 77' lang='grc' dir='ltr'>οἶδεν</span> <span class='ocrx_word' id='word_1_820' title='bbox 3298 4358 3507 4424; x_wconf 84' lang='grc' dir='ltr'>οὕτως.</span> <span class='ocrx_word' id='word_1_821' title='bbox 3547 4359 3656 4412; x_wconf 82' lang='lat' dir='ltr'><strong>Kal</strong></span> 
     </span>
    </p>
   </div>
   <div class='ocr_carea' id='block_1_103' title="bbox 2079 4443 3655 4519">
    <p class='ocr_par' dir='ltr' id='par_1_103' title="bbox 2079 4443 3655 4519">
     <span class='ocr_line' id='line_1_103' title="bbox 2079 4443 3655 4519; baseline -0.001 -15"><span class='ocrx_word' id='word_1_822' title='bbox 2079 4450 2409 4505; x_wconf 76' lang='grc' dir='ltr'>συνέθεντο</span> <span class='ocrx_word' id='word_1_823' title='bbox 2441 4449 2758 4519; x_wconf 74' lang='grc' dir='ltr'>ἀμφότεροι</span> <span class='ocrx_word' id='word_1_824' title='bbox 2787 4447 3083 4517; x_wconf 80' lang='grc' dir='ltr'>διαθήκην</span> <span class='ocrx_word' id='word_1_825' title='bbox 3115 4447 3372 4502; x_wconf 69' lang='grc' dir='ltr'>ἐνώπιον</span> <span class='ocrx_word' id='word_1_826' title='bbox 3413 4443 3655 4518; x_wconf 78' lang='grc' dir='ltr'>Κυρίου,</span> 
     </span>
    </p>
   </div>
   <div class='ocr_carea' id='block_1_104' title="bbox 2079 4537 3657 4608">
    <p class='ocr_par' dir='ltr' id='par_1_104' title="bbox 2079 4537 3657 4608">
     <span class='ocr_line' id='line_1_104' title="bbox 2079 4537 3657 4608; baseline 0 -14"><span class='ocrx_word' id='word_1_827' title='bbox 2079 4541 2178 4594; x_wconf 78' lang='grc' dir='ltr'>καὶ</span> <span class='ocrx_word' id='word_1_828' title='bbox 2204 4539 2386 4594; x_wconf 84' lang='grc' dir='ltr'>Δαυῒδ</span> <span class='ocrx_word' id='word_1_829' title='bbox 2407 4539 2684 4608; x_wconf 82' lang='grc' dir='ltr'>ἐκάθητο,</span> <span class='ocrx_word' id='word_1_830' title='bbox 2713 4539 2812 4592; x_wconf 77' lang='grc' dir='ltr'>καὶ</span> <span class='ocrx_word' id='word_1_831' title='bbox 2845 4538 3126 4593; x_wconf 75' lang='grc' dir='ltr'>Ἰωνάθαν</span> <span class='ocrx_word' id='word_1_832' title='bbox 3147 4537 3418 4607; x_wconf 80' lang='grc' dir='ltr'>ἀπῆλθεν</span> <span class='ocrx_word' id='word_1_833' title='bbox 3439 4544 3526 4606; x_wconf 79' lang='grc' dir='ltr'>εὶς</span> <span class='ocrx_word' id='word_1_834' title='bbox 3552 4541 3657 4594; x_wconf 69' lang='grc' dir='ltr'><strong>τὸν</strong></span> 
     </span>
    </p>
   </div>
   <div class='ocr_carea' id='block_1_105' title="bbox 2076 4627 3653 4701">
    <p class='ocr_par' dir='ltr' id='par_1_105' title="bbox 2076 4627 3653 4701">
     <span class='ocr_line' id='line_1_105' title="bbox 2076 4627 3653 4701; baseline -0.001 -15"><span class='ocrx_word' id='word_1_835' title='bbox 2076 4629 2246 4687; x_wconf 80' lang='grc' dir='ltr'>οἶκον</span> <span class='ocrx_word' id='word_1_836' title='bbox 2272 4632 2458 4686; x_wconf 81' lang='grc' dir='ltr'>αὑτοῦ</span> <span class='ocrx_word' id='word_1_837' title='bbox 2479 4648 2492 4662; x_wconf 88' lang='grc'><strong>·</strong></span> <span class='ocrx_word' id='word_1_838' title='bbox 2518 4627 2598 4694; x_wconf 76' lang='grc' dir='ltr'>οἷς</span> <span class='ocrx_word' id='word_1_839' title='bbox 2621 4630 2757 4701; x_wconf 77' lang='grc' dir='ltr'>’ἑξῆς</span> <span class='ocrx_word' id='word_1_840' title='bbox 2789 4630 3060 4698; x_wconf 76' lang='grc' dir='ltr'>ἐπιλέγει·</span> <span class='ocrx_word' id='word_1_841' title='bbox 3095 4631 3202 4684; x_wconf 86' lang='lat' dir='ltr'><strong>Kal</strong></span> <span class='ocrx_word' id='word_1_842' title='bbox 3250 4631 3556 4699; x_wconf 75' lang='grc' dir='ltr'>ἀνέϐησαν</span> <span class='ocrx_word' id='word_1_843' title='bbox 3597 4635 3653 4685; x_wconf 73' lang='grc' dir='ltr'>οἱ</span> 
     </span>
    </p>
   </div>
   <div class='ocr_carea' id='block_1_106' title="bbox 2077 4721 3654 4794">
    <p class='ocr_par' dir='ltr' id='par_1_106' title="bbox 2077 4721 3654 4794">
     <span class='ocr_line' id='line_1_106' title="bbox 2077 4721 3654 4794; baseline -0.003 -14"><span class='ocrx_word' id='word_1_844' title='bbox 2077 4724 2307 4794; x_wconf 68' lang='grc' dir='ltr'>Ζιφαῖοι</span> <span class='ocrx_word' id='word_1_845' title='bbox 2331 4724 2401 4777; x_wconf 78' lang='grc' dir='ltr'>ἐκ</span> <span class='ocrx_word' id='word_1_846' title='bbox 2428 4722 2537 4792; x_wconf 80' lang='grc' dir='ltr'>τῆς</span> <span class='ocrx_word' id='word_1_847' title='bbox 2569 4721 2923 4792; x_wconf 80' lang='grc' dir='ltr'>αὐχμώδους</span> <span class='ocrx_word' id='word_1_848' title='bbox 2963 4722 3112 4791; x_wconf 75' lang='grc' dir='ltr'>πρὸς</span> <span class='ocrx_word' id='word_1_849' title='bbox 3155 4722 3355 4777; x_wconf 72' lang='grc' dir='ltr'>Σαοὺλ</span> <span class='ocrx_word' id='word_1_850' title='bbox 3398 4724 3495 4776; x_wconf 75' lang='grc' dir='ltr'><strong>ἐπὶ</strong></span> <span class='ocrx_word' id='word_1_851' title='bbox 3547 4727 3654 4777; x_wconf 71' lang='grc' dir='ltr'><strong>τὸν</strong></span> 
     </span>
    </p>
   </div>
   <div class='ocr_carea' id='block_1_107' title="bbox 2067 4812 3653 4884">
    <p class='ocr_par' dir='ltr' id='par_1_107' title="bbox 2067 4812 3653 4884">
     <span class='ocr_line' id='line_1_107' title="bbox 2067 4812 3653 4884; baseline -0.001 -17"><span class='ocrx_word' id='word_1_852' title='bbox 2067 4815 2321 4879; x_wconf 76' lang='grc' dir='ltr'>βουνὸν,</span> <span class='ocrx_word' id='word_1_853' title='bbox 2340 4814 2619 4884; x_wconf 76' lang='grc' dir='ltr'>λέγοντες</span> <span class='ocrx_word' id='word_1_854' title='bbox 2633 4832 2646 4846; x_wconf 88' lang='grc'><strong>·</strong></span> <span class='ocrx_word' id='word_1_855' title='bbox 2665 4816 2786 4868; x_wconf 87' lang='grc' dir='ltr'><strong>Οὐκ</strong></span> <span class='ocrx_word' id='word_1_856' title='bbox 2811 4812 2940 4867; x_wconf 88' lang='grc' dir='ltr'>ίδοὺ</span> <span class='ocrx_word' id='word_1_857' title='bbox 2961 4812 3141 4866; x_wconf 77' lang='grc' dir='ltr'>Δαυῒδ</span> <span class='ocrx_word' id='word_1_858' title='bbox 3168 4813 3492 4881; x_wconf 79' lang='grc' dir='ltr'>κέκρυπται</span> <span class='ocrx_word' id='word_1_859' title='bbox 3517 4814 3653 4882; x_wconf 75' lang='grc' dir='ltr'>παρ’</span> 
     </span>
    </p>
   </div>
   <div class='ocr_carea' id='block_1_108' title="bbox 2073 4902 3653 4974">
    <p class='ocr_par' dir='ltr' id='par_1_108' title="bbox 2073 4902 3653 4974">
     <span class='ocr_line' id='line_1_108' title="bbox 2073 4902 3653 4974; baseline 0.001 -16"><span class='ocrx_word' id='word_1_860' title='bbox 2073 4904 2219 4974; x_wconf 77' lang='grc' dir='ltr'><strong>ἡμῖν</strong></span> <span class='ocrx_word' id='word_1_861' title='bbox 2249 4905 2320 4958; x_wconf 83' lang='grc' dir='ltr'><strong>ἐν</strong></span> <span class='ocrx_word' id='word_1_862' title='bbox 2346 4904 2594 4972; x_wconf 82' lang='grc' dir='ltr'>Μεσαρᾶ</span> <span class='ocrx_word' id='word_1_863' title='bbox 2613 4905 2683 4958; x_wconf 83' lang='grc' dir='ltr'><strong>ἐν</strong></span> <span class='ocrx_word' id='word_1_864' title='bbox 2707 4902 2830 4969; x_wconf 82' lang='grc' dir='ltr'>τοῖς</span> <span class='ocrx_word' id='word_1_865' title='bbox 2855 4902 3112 4968; x_wconf 73' lang='grc' dir='ltr'>στενοῖς,</span> <span class='ocrx_word' id='word_1_866' title='bbox 3141 4903 3212 4956; x_wconf 80' lang='grc' dir='ltr'><strong>ἐν</strong></span> <span class='ocrx_word' id='word_1_867' title='bbox 3237 4903 3309 4972; x_wconf 79' lang='grc' dir='ltr'>τῇ</span> <span class='ocrx_word' id='word_1_868' title='bbox 3340 4904 3518 4972; x_wconf 76' lang='grc' dir='ltr'>καινῇ</span> <span class='ocrx_word' id='word_1_869' title='bbox 3540 4921 3558 4968; x_wconf 89' lang='grc'><strong><em>;</em></strong></span> <span class='ocrx_word' id='word_1_870' title='bbox 3587 4907 3653 4959; x_wconf 86' lang='grc' dir='ltr'><em>Ὃ</em></span> 
     </span>
    </p>
   </div>
   <div class='ocr_carea' id='block_1_109' title="bbox 2072 4995 3654 5070">
    <p class='ocr_par' dir='ltr' id='par_1_109' title="bbox 2072 4995 3654 5070">
     <span class='ocr_line' id='line_1_109' title="bbox 2072 4995 3654 5070; baseline 0 -19"><span class='ocrx_word' id='word_1_871' title='bbox 2072 4998 2136 5070; x_wconf 81' lang='grc' dir='ltr'>δὴ</span> <span class='ocrx_word' id='word_1_872' title='bbox 2163 4997 2348 5069; x_wconf 88' lang='grc' dir='ltr'>μαθὼν</span> <span class='ocrx_word' id='word_1_873' title='bbox 2374 4998 2548 5052; x_wconf 73' lang='grc' dir='ltr'>Σαοὺλ</span> <span class='ocrx_word' id='word_1_874' title='bbox 2574 4999 2667 5050; x_wconf 73' lang='grc' dir='ltr'><strong>ἐπὶ</strong></span> <span class='ocrx_word' id='word_1_875' title='bbox 2691 4995 2872 5060; x_wconf 84' lang='grc' dir='ltr'>δίωξιν</span> <span class='ocrx_word' id='word_1_876' title='bbox 2921 4996 3134 5068; x_wconf 75' lang='grc' dir='ltr'>ἐτράπη</span> <span class='ocrx_word' id='word_1_877' title='bbox 3169 4997 3260 5050; x_wconf 80' lang='grc' dir='ltr'>τοῦ</span> <span class='ocrx_word' id='word_1_878' title='bbox 3297 4999 3476 5054; x_wconf 79' lang='grc' dir='ltr'>Δαυῖδ.</span> <span class='ocrx_word' id='word_1_879' title='bbox 3510 4999 3654 5070; x_wconf 82' lang='grc' dir='ltr'>Ἤδη</span> 
     </span>
    </p>
   </div>
   <div class='ocr_carea' id='block_1_110' title="bbox 2070 5085 3652 5160">
    <p class='ocr_par' dir='ltr' id='par_1_110' title="bbox 2070 5085 3652 5160">
     <span class='ocr_line' id='line_1_110' title="bbox 2070 5085 3652 5160; baseline 0.001 -18"><span class='ocrx_word' id='word_1_880' title='bbox 2070 5107 2132 5142; x_wconf 88' lang='grc' dir='ltr'><strong>τε</strong></span> <span class='ocrx_word' id='word_1_881' title='bbox 2163 5089 2347 5143; x_wconf 82' lang='grc' dir='ltr'>λοιπὸν</span> <span class='ocrx_word' id='word_1_882' title='bbox 2381 5089 2547 5159; x_wconf 78' lang='grc' dir='ltr'>ἐγγὺς</span> <span class='ocrx_word' id='word_1_883' title='bbox 2577 5085 2645 5160; x_wconf 76' lang='grc' dir='ltr'>ἦν</span> <span class='ocrx_word' id='word_1_884' title='bbox 2675 5090 2768 5143; x_wconf 83' lang='grc' dir='ltr'>τοῦ</span> <span class='ocrx_word' id='word_1_885' title='bbox 2802 5091 2984 5144; x_wconf 78' lang='grc' dir='ltr'>λαϐεῖν</span> <span class='ocrx_word' id='word_1_886' title='bbox 3008 5091 3168 5144; x_wconf 81' lang='grc' dir='ltr'>αὑτὸν</span> <span class='ocrx_word' id='word_1_887' title='bbox 3192 5089 3529 5160; x_wconf 82' lang='grc' dir='ltr'>ὑποχείριον·</span> <span class='ocrx_word' id='word_1_888' title='bbox 3557 5091 3652 5158; x_wconf 82' lang='grc' dir='ltr'>γέ·-</span> 
     </span>
    </p>
   </div>
   <div class='ocr_carea' id='block_1_111' title="bbox 2071 5182 3654 5254">
    <p class='ocr_par' dir='ltr' id='par_1_111' title="bbox 2071 5182 3654 5254">
     <span class='ocr_line' id='line_1_111' title="bbox 2071 5182 3654 5254; baseline 0.002 -19"><span class='ocrx_word' id='word_1_889' title='bbox 2071 5199 2314 5253; x_wconf 87' lang='grc' dir='ltr'>γραπται</span> <span class='ocrx_word' id='word_1_890' title='bbox 2335 5183 2480 5254; x_wconf 88' lang='grc' dir='ltr'>γάρ·</span> <span class='ocrx_word' id='word_1_891' title='bbox 2509 5182 2620 5237; x_wconf 78' lang='grc' dir='ltr'><strong>Καὶ</strong></span> <span class='ocrx_word' id='word_1_892' title='bbox 2647 5183 2877 5251; x_wconf 77' lang='grc' dir='ltr'>ἤκουσε</span> <span class='ocrx_word' id='word_1_893' title='bbox 2905 5184 3105 5238; x_wconf 70' lang='grc' dir='ltr'>Σαοὺλ</span> <span class='ocrx_word' id='word_1_894' title='bbox 3145 5184 3243 5238; x_wconf 75' lang='grc' dir='ltr'>καὶ</span> <span class='ocrx_word' id='word_1_895' title='bbox 3295 5184 3654 5249; x_wconf 69' lang='grc' dir='ltr'>κατεδίωξεν</span> 
     </span>
    </p>
   </div>
   <div class='ocr_carea' id='block_1_112' title="bbox 2073 5271 3651 5343">
    <p class='ocr_par' dir='ltr' id='par_1_112' title="bbox 2073 5271 3651 5343">
     <span class='ocr_line' id='line_1_112' title="bbox 2073 5271 3651 5343; baseline 0.002 -19"><span class='ocrx_word' id='word_1_896' title='bbox 2073 5272 2265 5325; x_wconf 79' lang='grc' dir='ltr'>ὀπίσω</span> <span class='ocrx_word' id='word_1_897' title='bbox 2295 5271 2475 5327; x_wconf 82' lang='grc' dir='ltr'>Δαυῒδ</span> <span class='ocrx_word' id='word_1_898' title='bbox 2509 5275 2598 5338; x_wconf 74' lang='grc' dir='ltr'>εἰς</span> <span class='ocrx_word' id='word_1_899' title='bbox 2623 5273 2738 5341; x_wconf 83' lang='grc' dir='ltr'><strong>τὴν</strong></span> <span class='ocrx_word' id='word_1_900' title='bbox 2759 5273 2985 5343; x_wconf 69' lang='grc' dir='ltr'>ἔρημον</span> <span class='ocrx_word' id='word_1_901' title='bbox 3005 5273 3202 5328; x_wconf 62' lang='lat' dir='ltr'><strong>Matium</strong></span> <span class='ocrx_word' id='word_1_902' title='bbox 3234 5274 3345 5328; x_wconf 87' lang='lat' dir='ltr'><strong>Kal</strong></span> <span class='ocrx_word' id='word_1_903' title='bbox 3373 5275 3651 5341; x_wconf 60' lang='grc' dir='ltr'>πορεύονι</span> 
     </span>
    </p>
   </div>
   <div class='ocr_carea' id='block_1_113' title="bbox 2072 5363 3649 5435">
    <p class='ocr_par' dir='ltr' id='par_1_113' title="bbox 2072 5363 3649 5435">
     <span class='ocr_line' id='line_1_113' title="bbox 2072 5363 3649 5435; baseline 0.003 -19"><span class='ocrx_word' id='word_1_904' title='bbox 2072 5380 2165 5416; x_wconf 84' lang='grc' dir='ltr'><strong>ται</strong></span> <span class='ocrx_word' id='word_1_905' title='bbox 2190 5364 2390 5420; x_wconf 73' lang='grc' dir='ltr'>Σαοὺλ</span> <span class='ocrx_word' id='word_1_906' title='bbox 2439 5364 2536 5418; x_wconf 72' lang='grc' dir='ltr'>καὶ</span> <span class='ocrx_word' id='word_1_907' title='bbox 2568 5367 2623 5419; x_wconf 88' lang='lat' dir='ltr'><strong>ol</strong></span> <span class='ocrx_word' id='word_1_908' title='bbox 2657 5363 2873 5433; x_wconf 68' lang='grc' dir='ltr'>ἄνδρες</span> <span class='ocrx_word' id='word_1_909' title='bbox 2918 5365 3104 5420; x_wconf 85' lang='grc' dir='ltr'>αὑτοῦ</span> <span class='ocrx_word' id='word_1_910' title='bbox 3152 5367 3219 5419; x_wconf 83' lang='grc' dir='ltr'>ἐκ</span> <span class='ocrx_word' id='word_1_911' title='bbox 3262 5364 3484 5435; x_wconf 84' lang='grc' dir='ltr'>μέρους</span> <span class='ocrx_word' id='word_1_912' title='bbox 3542 5365 3649 5420; x_wconf 87' lang='grc' dir='ltr'>τοῦ</span> 
     </span>
    </p>
   </div>
   <div class='ocr_carea' id='block_1_114' title="bbox 2071 5455 3651 5528">
    <p class='ocr_par' dir='ltr' id='par_1_114' title="bbox 2071 5455 3651 5528">
     <span class='ocr_line' id='line_1_114' title="bbox 2071 5455 3651 5528; baseline 0.001 -19"><span class='ocrx_word' id='word_1_913' title='bbox 2071 5455 2249 5524; x_wconf 79' lang='grc' dir='ltr'>ὄρους</span> <span class='ocrx_word' id='word_1_914' title='bbox 2294 5459 2510 5512; x_wconf 83' lang='grc' dir='ltr'>τούτου</span> <span class='ocrx_word' id='word_1_915' title='bbox 2531 5475 2543 5488; x_wconf 88' lang='grc'><strong>·</strong></span> <span class='ocrx_word' id='word_1_916' title='bbox 2591 5456 2688 5512; x_wconf 77' lang='grc' dir='ltr'>καὶ</span> <span class='ocrx_word' id='word_1_917' title='bbox 2719 5457 2971 5528; x_wconf 73' lang='grc' dir='ltr'>ἐγένετο·</span> <span class='ocrx_word' id='word_1_918' title='bbox 2991 5458 3173 5512; x_wconf 79' lang='grc' dir='ltr'>Δαυῒδ</span> <span class='ocrx_word' id='word_1_919' title='bbox 3212 5457 3651 5526; x_wconf 61' lang='grc' dir='ltr'>σκεπαζριιενος</span> 
     </span>
    </p>
   </div>
   <div class='ocr_carea' id='block_1_115' title="bbox 2071 5547 3648 5618">
    <p class='ocr_par' dir='ltr' id='par_1_115' title="bbox 2071 5547 3648 5618">
     <span class='ocr_line' id='line_1_115' title="bbox 2071 5547 3648 5618; baseline -0.003 -16"><span class='ocrx_word' id='word_1_920' title='bbox 2071 5550 2429 5618; x_wconf 80' lang='grc' dir='ltr'>πορεύεσθαι</span> <span class='ocrx_word' id='word_1_921' title='bbox 2457 5549 2576 5602; x_wconf 79' lang='grc' dir='ltr'><strong>ἀπὸ</strong></span> <span class='ocrx_word' id='word_1_922' title='bbox 2601 5549 2923 5616; x_wconf 77' lang='grc' dir='ltr'>προσώπου</span> <span class='ocrx_word' id='word_1_923' title='bbox 2947 5550 3147 5602; x_wconf 75' lang='grc' dir='ltr'>Σαούλ</span> <span class='ocrx_word' id='word_1_924' title='bbox 3171 5563 3184 5577; x_wconf 90' lang='grc'><strong>·</strong></span> <span class='ocrx_word' id='word_1_925' title='bbox 3213 5547 3313 5602; x_wconf 76' lang='grc' dir='ltr'><strong>καί</strong></span> <span class='ocrx_word' id='word_1_926' title='bbox 3334 5547 3532 5602; x_wconf 75' lang='grc' dir='ltr'>Σαοὺλ</span> <span class='ocrx_word' id='word_1_927' title='bbox 3550 5547 3648 5600; x_wconf 77' lang='grc' dir='ltr'>καὶ</span> 
     </span>
    </p>
   </div>
   <div class='ocr_carea' id='block_1_116' title="bbox 2069 5635 3640 5710">
    <p class='ocr_par' dir='ltr' id='par_1_116' title="bbox 2069 5635 3640 5710">
     <span class='ocr_line' id='line_1_116' title="bbox 2069 5635 3640 5710; baseline -0.003 -15"><span class='ocrx_word' id='word_1_928' title='bbox 2069 5643 2123 5695; x_wconf 86' lang='lat' dir='ltr'><strong>ol</strong></span> <span class='ocrx_word' id='word_1_929' title='bbox 2165 5640 2378 5710; x_wconf 77' lang='grc' dir='ltr'>ἄνδρες</span> <span class='ocrx_word' id='word_1_930' title='bbox 2423 5639 2608 5695; x_wconf 80' lang='grc' dir='ltr'>αὐτοῦ</span> <span class='ocrx_word' id='word_1_931' title='bbox 2661 5635 3115 5709; x_wconf 71' lang='grc' dir='ltr'>παρενέϐαλλον</span> <span class='ocrx_word' id='word_1_932' title='bbox 3166 5640 3264 5694; x_wconf 75' lang='grc' dir='ltr'><strong>ἐπὶ</strong></span> <span class='ocrx_word' id='word_1_933' title='bbox 3314 5636 3500 5695; x_wconf 75' lang='lat' dir='ltr'><strong>Acsth</strong></span> <span class='ocrx_word' id='word_1_934' title='bbox 3546 5638 3640 5692; x_wconf 75' lang='grc' dir='ltr'>καὶ</span> 
     </span>
    </p>
   </div>
   <div class='ocr_carea' id='block_1_117' title="bbox 460 5817 1982 5891">
    <p class='ocr_par' dir='ltr' id='par_1_117' title="bbox 460 5817 1940 5891">
     <span class='ocr_line' id='line_1_117' title="bbox 460 5817 1940 5891; baseline 0.001 -17"><span class='ocrx_word' id='word_1_935' title='bbox 460 5820 544 5874; x_wconf 77' lang='grc'><strong>⁸⁷1</strong></span> <span class='ocrx_word' id='word_1_936' title='bbox 580 5820 711 5891; x_wconf 69' lang='lat' dir='ltr'><strong>Reg.</strong></span> <span class='ocrx_word' id='word_1_937' title='bbox 739 5837 895 5885; x_wconf 73' lang='lat' dir='ltr'><strong>nm,</strong></span> <span class='ocrx_word' id='word_1_938' title='bbox 923 5819 1009 5874; x_wconf 60' lang='lat' dir='ltr'><strong>id.</strong></span> <span class='ocrx_word' id='word_1_939' title='bbox 1081 5821 1126 5852; x_wconf 81' lang='grc'>⁸⁸</span> <span class='ocrx_word' id='word_1_940' title='bbox 1167 5819 1300 5877; x_wconf 88' lang='lat' dir='ltr'><strong>ibid.</strong></span> <span class='ocrx_word' id='word_1_941' title='bbox 1332 5819 1520 5882; x_wconf 66' lang='lat'><strong>16-18.</strong></span> <span class='ocrx_word' id='word_1_942' title='bbox 1603 5819 1647 5852; x_wconf 81' lang='lat'><strong>&quot;</strong></span> <span class='ocrx_word' id='word_1_943' title='bbox 1687 5817 1819 5874; x_wconf 85' lang='lat' dir='ltr'><strong>ibid.</strong></span> <span class='ocrx_word' id='word_1_944' title='bbox 1855 5819 1940 5875; x_wconf 82' lang='lat' dir='ltr'><strong>l9.</strong></span> 
     </span>
    </p>
   </div>
   <div class='ocr_carea' id='block_1_118' title="bbox 2089 5817 2456 5891">
    <p class='ocr_par' dir='ltr' id='par_1_118' title="bbox 2103 5818 2456 5875">
     <span class='ocr_line' id='line_1_118' title="bbox 2103 5818 2456 5875; baseline 0 -1"><span class='ocrx_word' id='word_1_945' title='bbox 2103 5819 2230 5875; x_wconf 82' lang='lat' dir='ltr'><strong>Ibid.</strong></span> <span class='ocrx_word' id='word_1_946' title='bbox 2263 5818 2456 5874; x_wconf 73' lang='lat'><strong>25-28.</strong></span> 
     </span>
    </p>
   </div>
  </div>
