4010 6522
315 355 425 408 465

1455 361 1592 418 εον
1605 361 1961 418 ΜΕΝΤΑΒΙΑ
2003 362 2068 417 ΙΝ
2111 363 2450 420 Ρειωιοδ.

3474 370 3579 426 ‘66

314 481 459 546 τοὺς
482 479 706 549 ἄνδρας
737 481 946 544 αὐτοῦ,
969 482 1302 537 συλλαϐεῖν
1347 487 1589 552 αὺτούς.
1647 485 1756 539 Καὶ
1800 485 1876 555 ἇγ

2007 496 2271 556 spectant.
2306 486 2516 554 Quibus
2549 485 2617 542 de
2641 487 2823 544 causis
2854 495 3072 558 ereptus
3105 487 3270 545 David
3305 505 3370 546 cx
3415 504 3576 546 manu

312 589 340 641 7
354 575 492 637 ελος
509 567 658 641 ἦλθε
677 571 828 640 πρὸς
850 573 1047 626 Σαοὺλ
1063 573 1259 640 λέγων
1276 591 1288 605 ο
1321 575 1553 628 Σπεῦδε
1575 576 1669 628 καὶ
1702 573 1899 642 δεῦρο,

311 663 404 717 ὅτι
433 661 717 717 ἐπέθεντο
765 665 1105 733 ἀλλόφυλοι
1137 663 1235 717 ἐπὶ
1288 663 1401 731 τὴν
1446 663 1578 734 γῆν.
1649 663 1901 734 Καὶ-άν-

309 755 570 824 έστρεψε
601 756 799 810 Σαοὺλ
819 756 905 826 μὴ
936 755 1323 810 καταδιώκειν
1343 757 1536 810 ὀπίσω
1556 757 1733 812 Δαυῒδ
1755 797 1769 819 ,
1800 759 1897 812 καὶ

308 845 604 914 ἐπορεύθη
625 849 712 914 εις
741 847 1126 915 συνάντησιν
1151 847 1281 916 τῶν]
1303 849 1690 916 ἀλλοφύλων.
1713 849 1897 904 Ταῦτα

313 939 412 1008 μὲν
438 937 508 992 τὰ
541 938 648 991 ἀπὸ
682 940 781 1008 τῆς
822 940 1083 1012 ἱστορίας.
1133 940 1246 1009 Ἐφ’
1283 937 1365 1004 οἷς
1411 941 1501 994 τὸν
1532 941 1894 1012 προκείμενον

310 1030 481 1100 ὕμνον
513 1030 798 1095 διασωθεὶς
824 1034 889 1086 ἐκ
917 1032 1098 1104 χειρὸς
1125 1033 1296 1087 Σαοὺλ
1322 1034 1351 1086 ὁ
1385 1032 1547 1086 Δαυῒδ
1579 1035 1763 1104 γραφῇ
1794 1051 1896 1086 πα-

309 1122 622 1193 ραδίδωσιν,
641 1124 1122 1195 ἐπισημηνάμενος
1144 1124 1234 1178 τὸν
1255 1124 1445 1196 καιρὸν
1473 1124 1567 1178 καὶ
1589 1125 1650 1178 τὸ
1666 1127 1896 1196 πρᾶγμα

308 1213 559 1284 δηλώσας
609 1213 694 1267 διὰ
727 1215 826 1285 τῆς
861 1215 1210 1288 προγραφῆς.
1271 1216 1361 1268 Διὸ
1394 1216 1487 1268 καὶ
1541 1216 1632 1269 ἐπὶ
1681 1215 1895 1269 σύνεσιν

309 1303 456 1372 ἡμᾶς
482 1304 741 1373 παρορμᾷ
763 1302 869 1356 τῶν
887 1304 1299 1376 ἐμφερομένων,
1327 1304 1499 1373 λέγων
1524 1323 1536 1336 °
1572 1308 1674 1372 Εἰς
1693 1305 1757 1358 τὸ
1798 1305 1894 1360 τέ-

299 1396 413 1459 λος
436 1393 507 1446 ἐν
555 1394 763 1463 ὕμνοις
792 1396 1102 1462 συνέσεως
1134 1395 1212 1461 τῷ
1240 1397 1439 1452 Δαυΐδ.
1494 1397 1648 1451 Κατὰ
1691 1397 1750 1451 δὲ
1797 1398 1888 1452 τὸν

314 1483 547 1539 ’Λκύλαν
567 1504 579 1516 ·
620 1487 701 1552 Τῷ
737 1488 1021 1554 νικοποιῷ
1067 1489 1138 1542 ὲν
1176 1489 1439 1559 ψαλμοῖς
1483 1489 1889 1560 ἐπιστήμονος

301 1575 411 1629 τοῦ
439 1577 647 1630 Δαυΐδ’
677 1581 816 1631 κατὰ
841 1579 897 1632 δὲ
925 1579 1017 1632 τὸν
1047 1581 1342 1652 Σύμμαχον
1362 1599 1374 1611 ·
1435 1583 1765 1636 Ἐπινίκιον
1791 1581 1889 1635 διὰ

299 1672 652 1740 ψαλτηρίων
678 1674 809 1741 περὶ
844 1673 1152 1740 συνέσεως
1180 1674 1286 1729 τοῦ
1303 1675 1504 1729 Δαυτδ.
1550 1675 1766 1746 Ἐπειδὴ
1796 1675 1890 1728 καὶ

2005 575 2188 633 Saulis
2237 579 2380 632 hunc
2423 578 2683 649 hymnum
2729 579 2934 649 scripto
2974 579 3221 642 tradidit,
3257 589 3458 636 notans
3486 596 3582 650 per

2002 669 2417 741 inscriptionem
2456 679 2672 742 tempus
2703 687 2766 726 ac
2803 686 2914 726 rem
2948 687 3142 742 Ipsam.
3179 671 3360 738 Quare
3387 672 3453 727 ad
3495 672 3580 726 in-

1999 760 2272 814 tellectum
2305 760 2381 814 rei
2419 775 2542 830 qua:
2571 768 2826 815 narratur
2858 776 2958 818 nos
3011 767 3291 831 provocat,
3325 761 3517 817 dicens
3557 781 3568 816 :

1997 851 2063 906 In
2091 853 2270 922 ﬁnem,
2302 853 2356 906 in
2403 853 2632 924 hymnis,
2669 854 2964 909 intellectus
3001 854 3212 910 Davidi.
3267 853 3574 909 Secundum

1993 944 2243 1014 Aquilam
2274 960 2426 1008 vero,
2475 943 2716 998 Victoria:
2747 947 2973 1007 auctori,
3012 947 3065 1000 in
3093 947 3334 1015 psalmis,
3364 945 3574 1000 scienti:

1992 1032 2248 1098 Dauidis;
2305 1033 2608 1090 secundum
2661 1035 3046 1106 Symmachum
3094 1043 3298 1099 autem,
3364 1035 3576 1089 Trium-

1989 1123 2166 1192 phale,
2203 1139 2296 1193 per
2324 1124 2600 1193 psalteria,
2652 1123 2716 1177 de
2765 1125 3112 1194 intelligentia
3152 1124 3392 1181 Doridis.
3439 1124 3577 1192 Quia

1993 1217 2232 1288 fugiens,
2281 1225 2338 1272 et
2387 1215 2666 1271 desertum
2728 1223 3137 1282 transcurrens,
3187 1232 3286 1288 pro
3319 1216 3575 1287 praesidio

1992 1307 2234 1380 psalterii
2298 1309 2725 1364 instrumentum
2764 1323 2950 1363 secum
3003 1307 3216 1376 agebat,
3271 1308 3388 1377 ipso
3415 1325 3570 1374 usus,

1992 1409 2157 1471 atque
2190 1401 2422 1472 hymnos
2454 1415 2549 1470 per
2596 1398 2730 1453 illud
2781 1397 2892 1453 Deo
2923 1399 3179 1453 emittens
3211 1417 3223 1451 :
3259 1399 3470 1454 cantica
3517 1407 3574 1454 et

1992 1492 2236 1563 psalmos
2270 1491 2586 1562 spirituales
2622 1504 2720 1560 pro
2765 1489 3038 1544 sacrificio
3080 1490 3429 1559 persolvens;
3473 1504 3574 1558 pro

1991 1583 2346 1654 thymiamate
2378 1590 2560 1638 autem
2596 1582 2721 1636 boni
2749 1581 2956 1646 odoris,
2984 1596 3081 1651 per
3102 1581 3378 1638 orationes
3410 1580 3572 1651 spiri-

1993 1674 2142 1728 tuale
2170 1673 2540 1729 ministerium
2571 1673 2785 1729 obiens.

297 1757 520 1830 φεύγων
548 1766 640 1818 καὶ
676 1766 773 1837 τὴν
801 1766 1007 1838 ἔρημον
1042 1766 1408 1837 μεταδιώκων,
1445 1770 1564 1822 ἀντὶ
1604 1767 1972 1838 φυλακτηρίου
2036 1767 2272 1838 ἐπήγετο
2331 1766 2392 1820 τὸ
2452 1765 2546 1819 τοῦ
2609 1765 2907 1836 ψαλτηρίου
2929 1765 3179 1837 ὄργανον,
3223 1764 3371 1836 αύτῷ
3423 1763 3571 1836 χρώο

299 1869 460 1920 μενος
516 1855 609 1908 καὶ
648 1859 759 1920 τοῖς
794 1856 861 1909 δι’
925 1856 1091 1910 αὑτοῦ
1139 1859 1218 1920 είς
1260 1857 1392 1910 Θεὸν
1462 1856 1940 1927 ἀναπεμπομένοις
1978 1854 2168 1926 ὖμνοις
2194 1871 2208 1885 ’
2264 1854 2360 1906 καὶ
2417 1853 2581 1924 ᾠδαῖς
2617 1853 2716 1923 μὲν
2771 1853 2866 1906 καὶ
2896 1852 3131 1925 ψαλμοῖς
3176 1855 3568 1924 πνευματικοῖς

293 1947 420 2002 ἀντὶ
453 1948 644 2013 Θυσίας
669 1949 970 2021 χρώμενος,
1004 1951 1125 2004 ἀντὶ
1162 1951 1218 2004 δὲ
1265 1950 1498 2014 εὐώδους
1539 1951 1883 2022 θυμιάματος
1917 1950 1986 2003 δι’
2026 1948 2202 2020 εὐχῶν
2241 1948 2339 2020 τὴν
2370 1947 2745 2020 πνευματικὴν
2795 1948 3070 2002 ἀποτελῶν
3101 1949 3458 2022 λειτουργίαν.

378 2041 481 2092 Ἐν
511 2039 592 2110 τῷ
610 2040 813 2094 ἐλθεῖν
840 2041 1048 2095 τοίνυν
1067 2041 1209 2108 τοὺς
1237 2042 1523 2111 Ζιφαίους
1563 2042 1660 2096 καὶ
1699 2039 1876 2095 εἰπεῖν

2065 2039 2197 2093 Cum
2224 2040 2477 2093 venissent
2508 2056 2631 2108 ergo
2661 2037 2884 2109 Ziplta'i,
2921 2056 2982 2093 ac
3009 2040 3264 2094 dixissent
3289 2038 3358 2092 ad
3386 2038 3519 2094 Saul
3547 2054 3568 2092 :

288 2132 378 2198 τῷ
419 2134 621 2188 Σαούλ
641 2148 658 2165 ο
684 2136 806 2188 Οὐκ
838 2133 966 2188 ίδοὺ
989 2134 1170 2189 Δαυῒδ
1203 2137 1530 2204 κέκρυπται
1556 2137 1694 2203 παρ’
1718 2133 1884 2203 ἠμῖν;

287 2223 474 2278 Τοῦτο
499 2224 686 2296 μαθὼν
707 2229 736 2280 ὁ
766 2227 930 2280 Δαυῒδ
960 2228 1078 2298 ἦτοι
1101 2227 1159 2292 ἐξ
1179 2227 1574 2296 ἀποκαλύψεως
1602 2227 1695 2280 τοῦ
1731 2227 1886 2280 πνεύ-

286 2332 468 2385 ματος
499 2316 593 2368 τοῦ
625 2316 965 2388 προφητικοῦ
999 2317 1031 2386 ἢ
1065 2318 1130 2370 ἐκ
1161 2335 1304 2382 τινος
1335 2318 1442 2372 τῶν
1485 2318 1586 2380 τὰς
1627 2307 1887 2381 τοιαύτας

245 2417 252 2422 ·
287 2405 640 2474 ἀπαγγελίας
663 2407 933 2460 διακονεῖν
961 2408 1230 2462 εἰωθότων
1248 2449 1263 2473 ,
1311 2409 1371 2462 τὸ
1415 2409 1713 2482 ψαλτήριον
1742 2409 1881 2479 μετὰ

288 2499 368 2567 χεῖ
378 2514 483 2569 ρας
507 2498 848 2568 παραχρῆμα
876 2499 1076 2576 λαβὼν,
1107 2501 1173 2553 δι’
1200 2499 1364 2553 αὐτοῦ
1380 2501 1457 2572 τῷ
1473 2500 1592 2570 Θεῷ
1611 2499 1707 2570 τὴν
1733 2501 1880 2569 λογι-

289 2591 393 2661 κὴν
416 2591 680 2661 ἀναφέρει
708 2591 897 2645 Θυσίαν
912 2591 1084 2660 λέγων
1099 2593 1168 2646 τὰ
1185 2593 1542 2664 προκείμενα,
1559 2592 1626 2645 δι’
1645 2586 1719 2646 ὧν
1741 2591 1884 2657 ἀξιοῖ

291 2681 537 2752 σωθῆναι
564 2681 668 2735 ὑπὸ
692 2681 786 2735 τοῦ
818 2681 975 2748 Θεοῦ,
997 2683 1099 2736 οὐκ
1127 2684 1300 2746 ἄλλως
1335 2684 1367 2756 ἦ
1396 2684 1483 2738 διὰ
1507 2683 1601 2738 τοῦ
1617 2685 1879 2755 ὀνόματος

287 2772 456 2828 αὑτοῦ
471 2789 486 2802 ·
508 2772 590 2826 διό
611 2789 793 2843 φησιν’
830 2772 892 2826 '0
922 2773 1166 2840 Θεὸς,ἐν
1186 2773 1265 2839 τῷ
1278 2775 1520 2843 ὀνόματί
1540 2791 1656 2829 σου
1672 2774 1881 2829 σῶσόν

285 2880 358 2932 με
377 2881 390 2892 ο
421 2862 542 2933 ᾔδει
560 2862 670 2933 γὰρ
685 2857 822 2916 εἷναί
840 2881 892 2917 τι
912 2863 1083 2934 ὄνομα
1099 2864 1158 2917 τὸ
1179 2865 1318 2936 ὑπὲρ
1335 2867 1440 2918 πᾶν
1456 2866 1643 2936 ὄνομα.
1671 2866 1879 2938 ’Ὠσπερ

287 2956 396 3025 γάρ
415 2955 536 3008 ἐστί
560 2972 679 3008 τινα
698 2959 754 3010 ὲν
782 2958 903 3020 ταῖς
929 2956 1166 3027 ἐπῳδαῖς
1183 2957 1323 3010 κατὰ
1341 2957 1447 3010 τῶν
1479 2957 1698 3010 ἰοϐόλων
1726 2960 1883 3029 ἑρπε-

287 3046 394 3100 τῶν
419 3047 644 3117 ῥήματα
665 3047 758 3099 καὶ
786 3046 1048 3117 ὀνόματα,
1073 3047 1340 3119 τοσαύτην
1367 3048 1697 3118 ἐμφαίνοντα
1725 3047 1880 3101 δυνά-

290 3151 437 3206 μεως
468 3135 642 3204 ίσχὺν,
676 3135 752 3198 ώς
774 3136 1183 3206 κατακοιμίζειν
1217 3137 1361 3208 ἢκαὶ
1387 3139 1613 3210 νεκροῦν
1637 3138 1703 3192 τὰ
1721 3137 1880 3207 φοϐε-

288 3223 512 3296 ρώτατα
533 3224 642 3277 τῶν
667 3224 911 3296 ἑρπετῶν
930 3242 942 3254 ·
979 3225 1069 3282 τὸν
1100 3227 1262 3279 αὑτὸν
1282 3227 1482 3299 τρόπον
1521 3230 1612 3282 καὶ
1632 3229 1692 3282 τὸ
1710 3229 1878 3299 ὄνομα

286 3317 346 3369 τὸ
379 3316 526 3388 ὑπὲρ
559 3319 668 3370 πᾶν
703 3317 872 3388 ὄνομα
905 3317 1173 3387 ἠπίστατο
1207 3321 1474 3391 σωτήριον
1520 3322 1619 3390 μὲν
1669 3320 1875 3391 τυγχά-

1989 2131 2180 2187 Nonne
2221 2148 2335 2186 ecce
2370 2130 2539 2185 David
2575 2131 2915 2186 absconditus
2956 2143 3034 2187 est
3085 2131 3224 2200 apud
3259 2147 3352 2186 nos
3375 2134 3400 2186 ξ’
3441 2130 3568 2188 Haec

1985 2238 2109 2277 cum
2146 2222 2334 2286 David,
2361 2222 2478 2278 sive
2503 2238 2569 2278 ex
2613 2223 2944 2278 revelatione
2979 2223 3206 2294 spiritus
3239 2223 3564 2294 prophetici,

1985 2316 2100 2370 sive
2141 2330 2206 2369 ex
2256 2315 2514 2384 quopiam
2555 2315 2681 2369 talia
2732 2315 2986 2369 nuntiare
3035 2315 3198 2369 solito
3226 2313 3562 2378 edidicisset,

1983 2417 2212 2478 accepto
2245 2408 2428 2462 statim
2472 2423 2582 2476 prze
2634 2407 2887 2461 manibus
2939 2406 3220 2476 psalterio,
3279 2423 3375 2476 per
3428 2407 3563 2462 illud

1984 2498 2095 2553 Deo
2132 2498 2456 2552 rationabile
2513 2498 2843 2552 sacrificium
2905 2497 3086 2561 olTert,
3139 2498 3253 2552 hanc
3309 2500 3562 2569 loquens,

1981 2591 2180 2660 quibus
2203 2607 2235 2644 a
2265 2589 2374 2645 Deo
2401 2590 2631 2644 salutem
2657 2589 2922 2655 obtinere,
2957 2605 3066 2644 non
3099 2606 3193 2660 per
3214 2590 3358 2645 aliud
3389 2589 3566 2660 quod-

1981 2684 2148 2752 piam,
2186 2696 2350 2752 quam
2393 2696 2491 2752 per
2542 2697 2739 2736 nomen
2781 2681 2901 2751 ejus
2948 2683 3208 2752 postulat,
3239 2697 3410 2752 quare
3437 2683 3559 2738 ait:

1982 2772 2143 2836 Deus,
2177 2773 2229 2827 in
2259 2773 2466 2828 nomine
2499 2781 2588 2826 tuo
2617 2772 2822 2826 salvum
2845 2788 2925 2828 me
2955 2772 3078 2841 fac;
3112 2787 3316 2844 gnarus
3349 2774 3561 2830 scilicet

1979 2879 2102 2918 esse
2135 2863 2408 2933 quoddam
2453 2877 2689 2928 nomen,
2733 2863 2877 2933 quod
2917 2872 3001 2919 est
3048 2879 3215 2934 super
3248 2879 3410 2919 omne
3464 2881 3564 2921 no-

1983 2970 2128 3010 men.
2169 2953 2642 3020 Quemadmodum
2672 2953 2816 3008 enim
2845 2954 2900 3007 in
2931 2953 3397 3009 incantationibus
3426 2970 3560 3010 con-

1980 3053 2064 3100 tra
2100 3045 2313 3115 reptilia
2352 3059 2645 3111 venenosa,
2679 3045 2925 3116 quaedam
2975 3043 3250 3112 assignata
3295 3044 3560 3099 vocabula

1979 3147 2034 3193 et
2085 3138 2306 3193 nomina
2367 3145 2516 3200 sunt,
2570 3143 2721 3190 tanta
2753 3135 2802 3188 vi
2839 3134 3124 3206 potestatis
3175 3133 3462 3197 instructa,
3502 3141 3561 3188 ut

1981 3230 2255 3300 reptiliutn
2281 3227 2686 3284 terribilissima
2710 3227 2793 3282 vel
2822 3225 3040 3297 sopiant
3066 3226 3148 3280 vel
3175 3225 3556 3296 exsﬁnguant;

1979 3323 2059 3377 sic
2089 3328 2142 3377 et
2185 3321 2274 3376 ille
2315 3321 2485 3391 probe
2529 3319 2738 3375 sciebat
2781 3334 2977 3374 nomen
3016 3317 3146 3372 illud
3199 3332 3362 3387 super
3398 3332 3560 3371 omne

285 3428 396 3465 νειν
444 3409 556 3463 τῶν
601 3411 874 3482 σωτηρίας
903 3409 1086 3475 ἀξίων,
1113 3411 1219 3464 τῶν
1251 3412 1308 3464 δὲ
1338 3413 1549 3485 ἐχθρῶν
1580 3415 1674 3469 καὶ
1722 3419 1873 3469 ὲναν-

1981 3429 2199 3478 nomen,
2237 3413 2478 3468 salutare
2505 3411 2726 3484 quidem
2778 3411 2844 3466 iis
2876 3425 3000 3466 esse
3042 3409 3136 3480 qui
3183 3409 3359 3465 salute
3407 3407 3556 3478 digni

286 3503 415 3557 τίων
445 3502 729 3573 δυνάμεων
753 3500 1102 3556 ἀπελατικόν.
1143 3501 1427 3556 Ἐϐούλετο
1473 3504 1651 3556 τοίνυν
1697 3505 1872 3576 σωθῆ-

288 3611 371 3646 ναι
399 3595 466 3646 ὲν
496 3591 575 3662 τῷ
599 3593 820 3662 ὀνόματι
844 3590 939 3644 τοῦ
960 3589 1116 3653 Θεοῦ,
1145 3591 1237 3652 καὶ
1257 3593 1357 3644 οὐκ
1386 3592 1622 3662 ἀκρίτως
1644 3609 1701 3645 τε
1725 3592 1873 3644 ὲδούο

287 3685 407 3738 λετο
427 3704 442 3716 ο
474 3684 588 3738 ἀλλ’
613 3687 660 3736 εί
683 3685 831 3750 ἄξιος
857 3685 1165 3756 εὑρίσκοιτο
1189 3684 1290 3755 τῆς
1312 3685 1603 3756 σωτηρίας.
1633 3687 1723 3738 Διὸ
1750 3688 1870 3740 ὲπι-

286 3777 466 3846 λέγει·
499 3776 608 3831 Καὶ
658 3778 727 3830 ἐν
776 3775 850 3845 τῇ
882 3776 1209 3843 δυναστείᾳ
1247 3793 1364 3830 σου
1420 3778 1640 3845 κρινεῖς
1679 3779 1866 3850 μονὴ

287 3866 428 3920 κατὰ
457 3868 582 3930 τοὺς
613 3866 833 3930 λοιποὺς
860 3867 1219 3938 ὲρμηνευτὰς,
1267 3867 1534 3934 δικάσεις
1567 3886 1688 3938 μοι.
1733 3869 1870 3939 Πρό-

285 3975 443 4031 τερον
476 3958 584 4030 γὰρ
622 3957 763 4024 ἀξιοῖ
791 3956 1068 4030 κρίνεσθαι
1099 3959 1192 4010 καὶ⁸
1216 3958 1532 4022 δικάζεσθαι
1579 3959 1713 4030 πρὸς
1745 3960 1871 4022 τοὺς

289 4049 614 4112 ἐλαύνοντας
647 4050 679 4119 ἢ
705 4049 798 4102 καὶ
825 4048 1253 4118 διαϐεϐληκότας
1275 4050 1438 4104 αὐτόν
1455 4067 1468 4080 ·
1500 4047 1597 4103 εἶθ’
1621 4049 1792 4114 οὕτως
1821 4052 1868 4102 εί

287 4141 476 4210 φάνειε
503 4141 855 4212 ἀδικούμενος
882 4139 1217 4211 ἐκδικήσεως
1241 4144 1424 4212 τυχεῖν
1447 4142 1546 4212 τῆς
1589 4141 1740 4213 παρὰ
1773 4141 1868 4195 τοῦ

287 4230 500 4304 κριτοῦ,
534 4235 931 4304 μετερχόμενου
960 4236 1085 4298 τοὺς
1105 4233 1443 4297 ἀδικοῦντας.
1477 4232 1642 4288 Ταῦτ’
1674 4233 1865 4299 εἰπὼν,

288 4321 612 4393 προστίθησι
630 4318 818 4392 ’λέγων
841 4341 854 4354 ’
893 4325 946 4377 '0
977 4325 1142 4385 Θεὸς,
1160 4323 1530 4378 εἰσάκουσον
1552 4323 1663 4392 τῆς
1682 4340 1870 4391 προσ-

285 4415 476 4484 ευχῆς
516 4433 658 4484 μου,
703 4415 981 4470 ὲνώτισαι
1030 4417 1101 4470 τὰ
1139 4417 1379 4486 ῥήματα
1423 4416 1528 4470 τοῦ
1571 4417 1868 4486 στόματός

282 4525 430 4576 μουο
491 4507 680 4578 ῶσπερ
714 4507 1076 4576 δικαιολογίαν
1125 4507 1442 4578 ποιούμενος
1500 4505 1730 4562 ἐνώπιον
1773 4507 1867 4561 τοῦ

292 4600 568 4670 κρίνοντος
601 4599 750 4670 αὐτῷ
779 4617 839 4652 τε
874 4600 966 4654 καὶ
996 4603 1108 4664 τοῖς
1136 4600 1410 4654 ἀδικοῦσιν
1438 4601 1621 4655 αὐτόν.
1645 4600 1756 4654 Καὶ
1783 4600 1868 4654 ἵνα

291 4709 351 4760 γε
387 4693 459 4746 τὰ
485 4693 580 4762 τῆς
607 4692 970 4760 δικαιολογίας
997 4693 1332 4764 παραδεχθῇ,
1379 4693 1475 4764 τὴν
1516 4693 1684 4764 εὐχὴν
1734 4694 1868 4747 ἁνα-

1976 3515 2146 3571 sunt,
2181 3506 2432 3560 inimicos
2475 3520 2604 3560 vero
2645 3513 2696 3560 et
2744 3502 3088 3558 adversarius
3130 3507 3427 3572 potestates
3471 3498 3559 3554 fu-

1976 3612 2124 3668 gare.
2155 3595 2385 3651 Volebat
2423 3596 2610 3665 itaque
2637 3595 2866 3649 salutem
2897 3595 2952 3648 in
2983 3593 3204 3648 nomine
3239 3591 3331 3646 Dei
3361 3605 3557 3647 conse-

1977 3689 2094 3758 qui,
2142 3689 2303 3759 idque
2331 3703 2439 3742 non
2472 3688 2592 3742 sine
2623 3687 2875 3742 examine
2902 3704 2916 3753 ;
2950 3685 3043 3741 sed
3081 3686 3125 3740 si
3153 3685 3351 3754 dignus
3381 3682 3557 3738 salute

1976 3777 2490 3847 deprehenderetur.
2532 3775 2898 3842 Quamobrem
2943 3773 3113 3838 addit,
3154 3771 3218 3825 Et
3265 3773 3319 3826 in
3367 3772 3557 3824 virtute

1978 3879 2069 3922 tua
2099 3867 2358 3933 iudicabis
2393 3867 2558 3930 mihi;
2597 3867 2712 3922 sive
2747 3865 3050 3921 secundum
3096 3863 3339 3934 reliquos
3379 3863 3537 3917 inter-

1975 3967 2158 4029 pretes
2194 3976 2208 4013 :
2225 3961 2320 4026 jus
2362 3956 2502 4010 dices
2547 3956 2693 4010 mihi.
2731 3953 2865 4008 Nam
2921 3953 3074 4023 prius
3117 3957 3273 4022 rogat
3319 3947 3551 4019 judicari

1976 4067 2035 4107 se
2074 4059 2127 4105 ct
2151 4050 2242 4119 jus
2282 4049 2392 4104 dici
2437 4047 2540 4103 sibi
2603 4047 2868 4110 adversus
2895 4042 3221 4113 impulsores
3249 4049 3303 4095 et
3344 4039 3553 4094 calum-

1975 4141 2218 4195 niatores
2284 4157 2298 4194 :
2352 4153 2416 4192 ac
2445 4137 2642 4192 deinde
2688 4136 2734 4191 si
2773 4134 2972 4205 injuria
3004 4132 3229 4186 affectus
3253 4130 3551 4193 videretur,

1975 4245 2006 4284 a
2045 4229 2229 4300 judice
2268 4227 2556 4291 vindicari,
2592 4227 2686 4297 qui
2718 4225 2920 4295 injuria
2951 4239 3011 4279 se
3040 4223 3339 4278 allicientes
3365 4220 3550 4275 adori-

1975 4329 2147 4377 retur.
2195 4319 2291 4376 llis
2323 4320 2487 4375 dictis
2535 4317 2727 4387 adjicit
2761 4338 2773 4373 :
2808 4316 2972 4380 Deus,
3019 4314 3214 4398 eaaudi
3258 4314 3552 4368 orationem

1975 4427 2167 4474 meam,
2199 4411 2420 4464 auribus
2449 4412 2658 4480 percipe
2693 4407 2847 4464 verba
2871 4409 2978 4462 oris
3010 4407 3151 4470 mei;
3185 4405 3346 4476 quasi
3373 4405 3556 4460 disce-

1974 4515 2136 4576 ptans
2163 4519 2262 4576 pro
2292 4519 2459 4559 causa
2487 4519 2584 4558 sua
2637 4503 2690 4556 in
2741 4507 3037 4571 conspectu
3079 4498 3164 4554 sui
3207 4505 3262 4552 et
3297 4495 3553 4550 inimico-

1975 4613 2096 4651 rum
2129 4611 2354 4652 suorum
2379 4595 2604 4664 judicis.
2643 4593 2709 4648 Ut
2739 4602 2918 4648 autem
2945 4589 3192 4646 defensio
3217 4604 3314 4644 sua
3351 4585 3553 4640 admit-

1975 4697 2142 4751 tatur,
2179 4689 2510 4754 orationem,
2552 4701 2716 4756 quam
2744 4682 2994 4739 exaudiri
3029 4687 3209 4752 rogat,
3239 4679 3439 4734 emittit
3462 4675 3550 4730 di-

288 4759 516 4854 πέμπει,
533 4759 598 4855 ἦν
631 4786 725 4838 καὶ
745 4759 1164 4855 είσακουσθῆναι
1196 4759 1338 4848 ἀξιοῖ
1356 4759 1528 4853 λέγων
1552 4801 1564 4814 ·
1698 4784 1862 4850 Θεὸς,

1981 4793 2104 4833 cens
2147 4797 2161 4832 :
2207 4775 2373 4840 Deus,
2426 4775 2644 4838 exaudi,
2689 4783 2798 4828 etc.
2854 4772 2996 4840 Quid
3024 4786 3186 4842 porro
3234 4769 3338 4825 sibi
3393 4768 3552 4823 vellet

284 4873 670 4936 εἰσάκουσον,
701 4874 795 4928 καὶ
826 4873 892 4927 τὶι
925 4873 1072 4944 ἑξῆς.
1105 4874 1168 4926 Τί
1190 4873 1232 4926 δ’
1258 4873 1323 4928 ἂν
1354 4874 1605 4927 ὲδούλετο
1632 4877 1664 4944 ἡ
1693 4891 1862 4944 προσ-

286 4961 434 5033 ευχὴ,
483 4962 575 5016 καὶ
609 4962 769 5016 ποίαν
809 4960 1173 5030 δικαιολογίαν
1202 4959 1350 5032 εἶχε,
1390 4962 1516 5032 ἑξῆς
1565 4961 1861 5033 παρίστησι

286 5052 456 5121 λέγων
472 5071 485 5084 ·

343 5147 471 5199 Ὅτι
498 5147 802 5214 ἀλλότριοι
835 5146 1264 5214 ἐπανέστησαν
1301 5145 1392 5198 ἐπ’
1424 5145 1550 5214 ἐμὲ,
1588 5146 1684 5198 καὶ
1717 5161 1860 5213 κρα-

281 5239 428 5293 tato!
487 5237 790 5307 ἐζήτησαν
858 5239 974 5307 τὴν
1031 5237 1246 5307 ψυχήν
1285 5255 1428 5307 μου,
1464 5236 1562 5289 καί
1609 5238 1680 5290 οὐ
1715 5252 1860 5304 προ-

248 5318 259 5330 ’
283 5329 483 5385 έθεντο
505 5331 613 5385 τὸν
645 5330 793 5385 Θεὸν
813 5328 1068 5384 ἐνώπιον
1099 5327 1317 5382 αὐτῶν.
1347 5326 1511 5381 Ταῦτ’
1539 5323 1608 5398 ἦν
1638 5326 1704 5381 τὰ
1763 5328 1862 5399 τῆς

281 5423 665 5493 δικαιολογίας.
700 5425 811 5478 Καὶ
835 5425 938 5494 ὅρα
972 5423 1090 5486 πῶς
1119 5423 1180 5474 οὐ
1232 5421 1322 5475 διὰ
1361 5421 1586 5494 μακρῶν
1630 5421 1861 5475 ἐκτείνει

284 5516 406 5580 τοὺς
421 5515 635 5584 λόγους,
661 5515 777 5570 ἀλλ’
807 5514 904 5568 ἆτε
942 5512 1059 5584 Θεῷ
1092 5511 1170 5583 τῷ
1201 5511 1378 5566 πάντα
1413 5511 1575 5564 εἰδότι
1612 5509 1858 5579 διαλεγό-

288 5623 467 5674 μενος,
501 5607 650 5677 αὐτῷ
681 5607 840 5677 μόνον
869 5605 1176 5675 ὑπόμνησιν
1205 5606 1454 5666 ποιεῖται,
1503 5603 1595 5674 τὴν
1642 5602 1858 5673 μακρὰν

287 5695 390 5748 τῶν
422 5700 759 5768 πραγμάτων
795 5695 1125 5750 ἀποσιωπῶν
1147 5694 1511 5748 διδατκαλίαν.
1539 5695 1764 5764 Μήποτε
1797 5693 1855 5745 δὲ

291 5789 411 5844 τοὺς
440 5788 532 5840 μὲν
549 5787 861 5847 ἀλλοτρίους
880 5786 1129 5846 ἡνίσσετο
1150 5786 1272 5849 τοὺς
1296 5785 1549 5848 Ζιφαίους
1570 5785 1695 5848 τοὺς
1724 5783 1855 5848 ποὺς

1971 4870 2171 4932 oratio,
2201 4877 2256 4924 et
2283 4885 2446 4939 quam
2495 4867 2875 4923 defensionem
2921 4864 3253 4929 institueret,
3293 4861 3396 4917 sub
3435 4861 3550 4915 lucc

1966 4963 2203 5033 explicat
2237 4961 2324 5016 bis
2351 4960 2533 5016 verbis
2560 4979 2572 5014 :

2036 5139 2203 5196 Vens.
2241 5139 2378 5195 5-7.
2418 5139 2683 5207 Quoniam
2728 5137 2890 5192 alieni
2923 5137 3328 5190 insurrexerunt
3362 5129 3548 5185 adver-

1967 5249 2086 5286 sum
2121 5249 2222 5295 me,
2254 5241 2303 5286 et
2335 5231 2498 5301 fortes
2519 5229 2839 5301 quwsierunt
2867 5228 3102 5281 animam
3139 5241 3331 5289 meam,
3365 5233 3414 5278 et
3446 5239 3548 5278 non

1967 5332 2346 5394 proposuerunt
2399 5322 2568 5376 Deum
2620 5330 2743 5375 ante
2797 5327 3129 5388 conspectum
3189 5331 3357 5371 suum.
3426 5313 3548 5368 Haec

1969 5426 2086 5474 erat
2121 5417 2468 5487 disceptatio.
2508 5414 2585 5468 Ac
2623 5414 2746 5469 vide
2776 5413 2908 5467 mihi
2941 5427 3050 5482 quo
3079 5418 3240 5482 pacto
3284 5422 3394 5462 non
3425 5407 3548 5460 lon-

1973 5524 2099 5581 gum
2134 5508 2377 5579 proferat
2415 5523 2761 5572 sermonem;
2800 5506 2896 5561 sed
2939 5512 3126 5574 utpote
3155 5502 3324 5557 Deum
3370 5497 3545 5553 omni~

1947 5599 2144 5655 '5cium
2199 5598 2508 5668 alloquens,
2567 5613 2682 5652 rem
2747 5597 2851 5667 ipsi
2895 5595 3072 5649 solum
3127 5600 3542 5654 commemorat,

1971 5692 2299 5762 longamque
2352 5690 2556 5761 negotii
2600 5687 3016 5758 explicationem
3064 5682 3282 5738 silentio
3323 5681 3541 5751 premit.

1965 5781 2103 5837 Num
2156 5797 2282 5838 vero
2341 5797 2439 5851 per
2496 5781 2705 5837 alienos
2764 5777 3076 5834 subindicat
3127 5773 3400 5846 Ziphwos,
3444 5771 3538 5842 qui
