4010 6516
438 347 546 432 467

1141 374 1408 432 EUSEBII
1445 331 1922 427 CAESARIENSIS
1960 365 2110 421 OPP.
2152 364 2332 420 PARS
2369 363 2455 419 ill.
2486 393 2555 405 —-
2595 360 3003 416 EXEGETEA.

3606 357 3718 414 ‘68

439 495 622 565 ipsum
647 494 792 565 apud
832 495 1048 549 Saulem
1081 492 1513 548 incusaverant?
1540 490 1616 544 Ac
1642 504 1735 558 per
1763 494 1930 542 uortes
1953 489 2016 538 ιι-

2130 485 2209 538 τὸν
2244 485 2416 538 Σαοὺλ
2460 481 2899 543 ἐνδιαϐάλλοντας
2928 479 3128 543 αῦτόν;
3162 478 3284 540 τοῦς
3313 477 3370 530 δέ
3420 479 3717 546 κραταιοίις

441 579 526 641 los
560 587 798 641 animam
843 587 1016 657 ipsius
1067 593 1400 655 quaerentes,
1438 582 1656 636 Saulem
1697 588 1750 634 et
1794 579 2023 633 comites

440 678 583 748 ejus,
619 678 713 751 qui
749 677 917 733 Deum
946 693 1053 732 non
1093 685 1460 748 proponentes
1495 683 1620 729 ante
1667 679 2020 742 conspectum

442 785 628 835 suum,
679 769 1111 840 insequebantur
1148 785 1269 825 etim
1325 769 1418 838 qui
1472 767 1606 824 nihil
1663 765 1766 821 sibi
1812 762 2025 833 injuria:

439 860 748 929 intulisset;
784 877 848 916 ac
895 877 962 917 eo
996 877 1118 918 sese
1173 861 1453 923 fallebant,
1485 857 1631 928 quod
1672 865 1926 928 putarent
1964 869 2024 908 se

439 969 602 1024 posse
638 962 835 1025 praeter
864 953 957 1011 Dei
1005 956 1336 1010 voluntatem
1373 950 1580 1022 aliquid
1617 951 1696 1004 illi
1727 949 1852 1003 mali
1883 946 2026 1002 iniii-

439 1045 609 1114 gere?
639 1044 694 1099 ld
726 1060 859 1100 sane
893 1056 1011 1100 erat
1044 1045 1326 1100 hominum
1356 1045 1448 1113 qui
1490 1057 1599 1096 non
1625 1046 2026 1112 proposuerant

438 1134 614 1191 Deum
649 1144 777 1192 ante
808 1145 1164 1206 conspectum
1197 1150 1380 1190 suum.

514 1227 644 1283 Haec
681 1244 840 1297 porro
873 1230 1071 1296 scripta
1093 1237 1238 1293 sunt,
1271 1227 1446 1296 inquit
1481 1225 1792 1294 Apostolus,
1833 1224 1886 1276 in
1923 1221 2022 1274 ad—

440 1321 781 1376 monitionem
835 1330 1072 1377 nostram
1121 1321 1188 1380 ἰ,
1246 1327 1303 1370 ut
1359 1317 1661 1372 imitatores
1711 1322 2023 1369 sanctorum

439 1410 761 1478 eﬂiciamur,
793 1414 839 1466 si
867 1412 1088 1482 quando
1120 1411 1174 1465 in
1227 1410 1431 1465 sim'lia
1481 1407 1856 1462 inciderimus.
1905 1403 2024 1458 Non

439 1513 526 1562 est
563 1519 696 1559 sane
745 1511 984 1574 tempus,
1017 1519 1127 1573 quo
1177 1503 1271 1573 qui
1319 1501 1509 1555 volunt
1562 1499 1646 1571 pie
1685 1499 1867 1552 vivere
1915 1510 2024 1549 non

441 1596 886 1665 persecutionem
919 1596 1218 1665 patiantur,
1257 1603 1310 1649 et
1353 1609 1462 1647 non
1494 1591 1622 1646 odio
1673 1590 1876 1660 injuste
1929 1587 2027 1641 ha-

440 1686 674 1741 beantur
698 1687 766 1740 ab
797 1687 887 1750 iis,
918 1686 1012 1756 qui
1048 1686 1385 1742 contrariam
1418 1686 1540 1738 vitae
1569 1682 1835 1738 rationem
1870 1678 2027 1734 insti-

439 1785 683 1838 tuerunt.
711 1777 775 1833 Et
798 1794 927 1836 vero
953 1777 1263 1834 necessaria
1286 1777 1401 1832 hinc
1424 1775 1582 1830 nobis
1605 1781 1733 1830 sunt
1761 1772 1828 1826 ad
1858 1770 2026 1826 disci-

440 1870 669 1939 plinam,
703 1877 762 1924 ut
793 1870 1002 1926 scilicet
1029 1885 1131 1925 nos
1158 1883 1377 1940 quoque
1399 1869 1499 1922 hac
1528 1882 1630 1921 ceu
1659 1863 2027 1919 incantatione

443 1975 697 2026 utamur;
739 1963 1057 2034 hujusmodi
1098 1978 1263 2018 voces
1307 1961 1415 2020 Deo
1446 1961 1778 2020 emittentes,
1810 1971 1932 2011 cum
1969 1956 2026 2010 in

439 2071 639 2116 manus
686 2055 1037 2139 inimicorum
1073 2055 1309 2128 delapsi,
1363 2068 1553 2109 eorum
1595 2050 1810 2105 insidiis
1849 2060 1900 2103 et
1931 2062 2026 2102 ca-

441 2149 662 2234 lumniis
715 2165 842 2231 cum
893 2149 1138 2219 periculo
1192 2147 1537 2218 impetimur;
1604 2143 1849 2215 persuasi
1915 2157 2024 2196 non

440 2239 655 2292 inutilia
693 2237 807 2293 fore
834 2240 1100 2294 orationis
1135 2239 1321 2305 verba,
1357 2237 1452 2293 sed
1477 2235 1683 2290 auxilio
1710 2234 1869 2289 nobis
1903 2247 2024 2285 ma-

440 2346 550 2410 gno
583 2329 792 2397 futura,
830 2339 1018 2401 utpote
1049 2331 1143 2401 qui
1193 2331 1351 2400 primi
1389 2329 1624 2385 orationi
1670 2342 1770 2381 nos
1808 2325 2026 2380 dederi-

445 2439 590 2483 mus.
623 2423 747 2487 Haec
784 2432 1040 2500 precatus
1092 2425 1275 2494 itaque
1310 2421 1501 2487 David,
1538 2420 1799 2475 continuo
1839 2417 2024 2488 propi-

440 2515 578 2570 tium
609 2516 800 2571 habuit
829 2515 1020 2580 Deum,
1055 2524 1108 2570 et
1135 2517 1256 2586 ejus
1292 2530 1396 2585 ope
1436 2513 1697 2584 dignatus
1741 2521 1843 2567 est.
1889 2510 2024 2564 Nam

440 2621 566 2661 cum
601 2608 907 2677 proximum
943 2614 1090 2663 esset
1129 2614 1188 2661 ut
1215 2613 1506 2677 caperetur
1544 2613 1598 2659 et
1637 2602 1819 2658 Saulis
1848 2605 2027 2658 mani-

439 2697 544 2753 bus
581 2698 912 2763 traderetur,
963 2699 1244 2768 insperato
1281 2705 1532 2753 servatur
1577 2711 1607 2750 a
1650 2695 1781 2760 Deo,
1833 2695 2028 2750 nuntio

442 2787 661 2844 Sautem
707 2790 774 2842 ad
810 2788 915 2842 alia
963 2790 1176 2860 negotia
1215 2789 1556 2856 abducente,
1605 2789 1905 2844 secundum
1943 2786 2020 2840 bi-

439 2881 668 2934 storiam
715 2879 829 2950 jam
882 2889 1215 2936 enarratam.
1260 2879 1626 2947 Quamobrem
1669 2880 1746 2933 ait
1791 2888 2022 2950 postea:

440 2971 576 3034 Ecce
600 2973 740 3026 enim
781 2970 924 3036 Deus
954 2971 1176 3041 adjuvat
1206 2990 1306 3034 me.
1343 2972 1604 3026 Dominus
1633 2980 1906 3040 susceptor
1950 2980 2027 3024 est

441 3064 632 3126 animm
664 3079 809 3117 meae.
849 3062 1061 3116 At'ertet
1090 3064 1235 3116 mala
1267 3064 1500 3117 inimicis
1533 3064 1684 3126 meis,
1723 3073 1771 3117 et
1803 3065 1856 3116 in
1892 3063 2027 3116 reri-

2125 575 2223 648 τὴν
2255 576 2434 647 ψυχὴν
2465 575 2629 630 αὐτοῦ
2658 573 2954 644 ζητοῦντας
2980 570 3141 623 αὑτὸν
3161 570 3250 622 τὸν
3277 569 3449 622 Σαοὺλ
3474 570 3568 622 καὶ
3590 572 3718 633 τοὺς

2129 668 2228 720 σῦν
2261 667 2410 738 αὐτῷ
2435 707 2449 728 ,
2483 667 2532 720 οἳ
2553 707 2567 730 ,
2601 666 2674 737 μὴ
2709 663 3033 736 προθέμενοι
3061 662 3153 715 τὸν
3195 661 3328 713 Θεὸν
3355 659 3585 712 ἐνώπιον
3613 660 3714 713 αὑ-

2125 759 2262 824 τῶν,
2294 760 2525 831 ήλαυνον
2553 759 2642 811 τὸν
2671 757 2836 828 μηδὲν
2880 755 3078 818 αὐτοὺς
3105 752 3404 823 ἠδικηκότα
3431 793 3446 814 ,
3487 752 3716 816 ἑαυτοὺς

2127 850 2447 914 ἀπατῶντες
2472 849 2550 920 τῷ
2574 847 2836 919 νομίζειν,
2865 847 2947 900 ὅτι
2979 846 3069 898 καὶ
3085 845 3238 916 παρὰ
3262 845 3322 896 τὸ
3349 843 3595 914 βούλημα
3621 843 3716 896 τοῦ

2128 936 2264 993 Θεοῦ
2295 936 2616 1008 δυνήσονταί
2644 953 2696 989 τι
2723 935 2842 988 κατ’
2871 933 3038 987 αὐτοῦ
3063 952 3076 998 ;
3113 933 3282 987 Τοῦτο
3313 933 3359 986 δ’
3397 929 3466 1004 ἦν
3507 932 3715 1004 ἀνδρῶν

2131 1031 2206 1101 μὴ
2242 1029 2598 1101 προθεμένων
2629 1030 2720 1082 τὸν
2752 1029 2885 1083 Θεὸν
2908 1027 3139 1082 ἐνώπιον
3165 1026 3366 1081 αὐτῶν.

2212 1228 2471 1298 Ἐποάφη
2498 1228 2566 1281 δὲ
2593 1228 2798 1292 ταῦτα,
2825 1229 2989 1301 φησὶν
3013 1229 3042 1281 ό
3083 1225 3404 1292 Ἀπόστολος
3423 1268 3438 1291 ,
3465 1229 3553 1294 είς
3571 1244 3715 1284 νου-

2129 1322 2343 1375 θεσίαν
2362 1320 2548 1391 ἡμῶν,
2581 1322 2654 1385 ὼς
2684 1322 2748 1375 ἂν
2777 1322 3010 1392 μιμηταὶ
3035 1320 3356 1391 γιγνοίμεθα
3386 1321 3494 1374 τῶν
3518 1323 3714 1389 ἁγίων,

2129 1413 2311 1466 εἴποτε
2346 1415 2460 1476 τοῖς
2492 1401 2701 1482 ὁμοίοις
2731 1412 3174 1484 περιπίπτοιμεν.
3199 1414 3313 1466 Οὐκ
3340 1412 3455 1464 ἐστι
3487 1413 3593 1482 γὰρ
3620 1414 3711 1467 ὅτε

2131 1503 2331 1564 πάντες
2362 1503 2407 1554 οί
2431 1501 2676 1565 θέλοντες
2703 1500 2942 1564 εὐσεϐῶς
2973 1501 3073 1572 ζῇν
3106 1501 3226 1571 οῦχῖ
3267 1501 3580 1566 διώκονται,
3616 1504 3713 1555 καί⁵

2133 1593 2207 1665 μὴ
2240 1593 2522 1664 μισοῦνται
2556 1597 2713 1664 μῖσος
2745 1592 2931 1646 ἄδικον
2963 1591 3068 1644 ὑπὸ
3101 1592 3210 1645 τῶν
3232 1592 3324 1646 τὸν
3355 1593 3594 1645 ἐναντίον
3625 1596 3713 1644 αἰ-

2132 1701 2224 1756 ρου
2233 1684 2408 1756 μένων
2440 1685 2573 1754 βίον.
2607 1683 2717 1737 Καὶ
2740 1683 3012 1750 ἀναγκαῖά
3036 1699 3098 1752 γε
3125 1685 3258 1753 ἡμῖν
3281 1681 3352 1735 τά
3375 1681 3714 1752 προκείμενα

2131 1779 2212 1839 είς
2247 1775 2596 1830 διδασκαλίαν
2616 1793 2629 1805 ·
2666 1777 2738 1840 ὡς
2769 1775 2834 1828 ἂν
2869 1777 2963 1829 καὶ
2993 1777 3145 1830 αὐτοὶ
3166 1775 3321 1847 δίκην
3344 1775 3558 1846 ἐπῳδῆς
3587 1777 3711 1828 ἐαυ-

2128 1870 2241 1930 τοῖς
2275 1868 2564 1940 ἐπᾴδοιμεν
2593 1875 2693 1931 τας
2708 1866 2964 1930 τοιαύτας
2995 1867 3179 1936 φωνάς
3197 1866 3612 1936 ἀναπέμποντες
3632 1866 3712 1936 τῷ

2129 1958 2268 2029 Θεῷ,
2308 1959 2529 2012 ἐπειδὰν
2559 1958 2774 2031 ἐχθροῖς
2813 1959 3202 2030 περιπεσόντες
3232 1958 3711 2029 ἐπιϐουλευοίμεθα

2130 2052 2222 2105 ὑπ’
2264 2052 2470 2120 αὐτῶν,
2519 2054 2614 2106 καὶ
2664 2052 3108 2123 διαϐαλλοίμεθα,
3141 2054 3235 2107 καὶ
3275 2053 3709 2124 κινδυνεύωμεν·

2130 2144 2486 2218 πεπεισμένοι
2519 2146 2618 2198 οὐκ
2648 2145 2792 2217 ἀργά
2819 2143 3038 2198 ἔσεσθαι
3063 2144 3130 2198 τὰ
3162 2145 3384 2216 ῥήματα
3413 2145 3512 2215 τῆς
3543 2161 3709 2217 προσ⁶

2129 2238 2312 2308 ευχῆς,
2338 2237 2405 2291 τὰ
2440 2239 2648 2310 μεγάλα
2681 2239 2737 2291 δὲ
2772 2237 3172 2310 συμϐαλοῦνται
3203 2240 3354 2308 ἡμῖν,
3399 2238 3588 2309 ὥσπερ
3617 2233 3712 2292 οὖν

2130 2330 2224 2382 καὶ
2249 2329 2432 2394 αὐτοῖς
2460 2333 2572 2394 τοῖς
2601 2327 2838 2401 πρώτοις
2866 2330 3206 2401 εὐξαμένοις.
3236 2330 3444 2383 Λύτίκα
3471 2330 3602 2399 γοῦν
3624 2331 3708 2383 εῦ-

2133 2421 2361 2494 ξάμενος
2401 2424 2570 2477 ταῦτα
2611 2427 2638 2478 ὁ
2666 2423 2857 2489 Δαυῒδ,
2885 2426 3226 2496 παραχρῆμα
3277 2425 3515 2493 ἐπηκόου
3553 2423 3709 2495 ἔτυχε

2127 2517 2221 2578 τοῦ
2273 2517 2431 2582 Θεοῦ,
2472 2518 2564 2570 καὶ
2611 2516 2852 2582 ἀξιοῦται
2897 2516 2999 2585 τῆς
3045 2518 3174 2587 παρ’
3225 2515 3388 2570 αὑτοῦ
3437 2515 3705 2586 βοηθείας.

2133 2608 2272 2678 Ἤδη
2329 2608 2438 2679 γὰρ
2472 2607 2682 2678 μέλλων
2727 2605 3042 2660 ἁλίσκεσθαι
3087 2605 3180 2658 καὶ
3228 2608 3350 2669 ταῖς
3397 2605 3490 2659 τοῦ
3537 2606 3708 2658 Σαοὺλ

2129 2699 2284 2770 χερσὶ
2337 2697 2743 2769 παραδίδοσθαι,
2807 2695 3125 2768 παραδόξως
3183 2697 3246 2748 ἐκ
3275 2695 3410 2749 Θεοῦ
3457 2695 3708 2760 σώζεται,

2128 2791 2384 2859 ἀγγελίας
2414 2791 2500 2844 τὸν
2516 2790 2687 2843 Σαοὺλ
2713 2789 3108 2861 ἀπαγαγούσης
3132 2791 3216 2861 ἐφ’
3241 2789 3434 2860 ἐτέρας
3457 2789 3708 2860 ἀσχολίας

2129 2881 2269 2934 κατά
2320 2882 2414 2953 τὴν
2456 2880 2860 2953 παρατεθεῖσαν
2914 2880 3172 2952 ἱστορίαν.
3215 2879 3307 2932 Διὸ
3335 2881 3465 2950 ἑξῆς
3513 2895 3705 2948 φησιν⁴¹

2140 2973 2284 3028 Ἰδοὺ
2309 2974 2418 3044 γὰρ
2453 2976 2486 3027 ὁ
2516 2973 2659 3039 Θεὸς
2680 2971 3028 3041 βοτιθεῐμοι,
3071 2974 3284 3040 Κύριος
3329 2970 3706 3038 Cirta/tristem

2128 3061 2234 3130 τῆς
2255 3062 2463 3131 ψυχῆς
2475 3081 2616 3132 μου.
2655 3062 3036 3130 Ἂποστρέιίοει
3058 3061 3128 3114 τὰ
3150 3063 3303 3115 κακὰ
3329 3061 3454 3127 τοῖς
3476 3061 3708 3131 ἐχθροῖς

441 3162 548 3208 tate
572 3164 663 3206 tua
694 3153 937 3223 disperde
963 3153 1104 3208 illos.
1138 3153 1472 3232 Diapsatma.
1505 3153 1818 3226 Diapsalma
1853 3161 2025 3208 muta-

2130 3171 2262 3223 μου,
2288 3155 2385 3207 καὶ
2411 3155 2482 3207 ἐν
2499 3153 2574 3224 τῇ
2593 3155 2843 3223 ἀληθείᾳ
2861 3171 2979 3208 σου
2997 3154 3440 3222 ἐξολόθρευσον
3461 3155 3701 3220 αὐτούς.

439 3245 643 3305 tionem
677 3245 962 3305 sententiae
992 3245 1224 3302 induxit.
1253 3247 1345 3298 Illa
1377 3246 1522 3300 enim
1548 3261 1644 3300 ceu
1677 3245 1884 3302 orando
1915 3245 2025 3300 Deo

2130 3244 2461 3314 Διάψαλμα.
2492 3246 2565 3298 Τὸ
2592 3245 2870 3316 διάψαλμα
2920 3245 3218 3316 μεταϐολὴν
3264 3246 3561 3317 εἰργάσατο
3606 3245 3705 3314 τῆς

436 3337 740 3403 emiserat;
787 3337 903 3390 haac
963 3352 1088 3391 vere
1142 3336 1299 3406 quasi
1351 3337 1668 3406 propheticc
1721 3337 2023 3406 subjungit,

439 3445 564 3508 quae
591 3429 822 3489 salutem
867 3430 1116 3500 precanti
1165 3431 1568 3500 praenuntiant,
1605 3429 1842 3484 inimicis
1872 3445 2022 3492 vero,

440 3535 472 3578 e
503 3533 738 3597 quorum
775 3519 1033 3575 manibus
1080 3519 1219 3590 eripi
1264 3520 1498 3590 rogavit,
1532 3519 1852 3596 perniciem.
1897 3516 2026 3572 Hart:

443 3610 610 3681 igitur
648 3609 890 3680 Spiritus
943 3612 1122 3669 sancti
1173 3611 1355 3665 afﬂatu
1408 3609 1774 3675 vaticinatur;
1828 3609 1913 3664 his
1960 3623 2042 3684 ea_

441 3699 760 3776 significans
793 3717 914 3772 quae
937 3718 995 3758 se
1023 3711 1336 3773 spectarent
1369 3721 1381 3756 :
1419 3700 1552 3758 Ecce
1579 3701 1718 3754 enim
1760 3700 1901 3762 Deus
1929 3700 2025 3755 ud-

435 3795 584 3860 juvat
616 3810 717 3860 me,
757 3794 1012 3850 Dominus
1058 3804 1328 3864 susceptor
1358 3804 1436 3849 est
1483 3795 1678 3849 animus
1711 3810 1858 3848 meai.
1895 3792 2027 3859 Qua:

443 3904 572 3950 vero
629 3887 696 3943 ad
756 3889 1010 3952 inimicos
1076 3905 1208 3945 suos
1242 3891 1536 3960 pertinent,
1587 3889 1800 3945 scilicet
1837 3890 1903 3944 ad
1937 3889 2026 3943 Zi-

445 3978 654 4052 plneos,
687 3977 780 4047 qui
819 3978 1000 4048 ipsum
1040 3977 1184 4050 apud
1225 3977 1446 4034 Saulem
1479 3979 1796 4041 calumniati
1854 3987 2022 4044 sunt;

442 4065 561 4119 sive
591 4063 658 4116 ad
691 4063 1007 4132 spirituales
1040 4066 1307 4136 quosdam
1339 4077 1391 4126 et
1415 4068 1665 4124 occultos
1697 4069 1904 4132 hostes,
1933 4070 2026 4138 qui

439 4153 562 4226 ejus
605 4153 905 4210 secundum
940 4154 1108 4210 Deum
1154 4155 1425 4226 profectui
1481 4157 1819 4222 invidebant,
1863 4165 2028 4227 atque

445 4243 569 4300 ideo
595 4245 1061 4317 conspirationem
1099 4247 1363 4300 adversus
1403 4262 1526 4301 eum
1567 4248 1908 4312 conﬂabant,
1942 4249 2027 4303 his

442 4335 626 4395 Verbis
659 4337 815 4392 eﬂ'ert
853 4339 1092 4393 :Arcrtet
1128 4337 1270 4391 mala
1299 4339 1524 4392 inimicis
1557 4340 1706 4402 meis,
1736 4350 1784 4394 et
1815 4341 1867 4393 in
1892 4342 2027 4394 veri-

443 4436 554 4481 tate
601 4436 694 4481 tua
741 4427 986 4500 disperde
1032 4429 1173 4484 illos.
1231 4428 1546 4484 Secundum
1589 4447 1718 4486 vero
1775 4430 2028 4504 Symma-

2128 3338 2387 3400 διανοίας.
2417 3337 2498 3390 Τὰ
2542 3338 2642 3409 μὲν
2690 3337 2798 3410 γὰρ
2827 3339 2903 3402 ὡς
2942 3340 3000 3391 ἐν
3047 3342 3320 3410 προσευχῇ
3362 3337 3706 3409 ἀνεπέμπετο

2126 3428 2204 3500 τῷ
2225 3429 2344 3500 Θεῷ
2363 3447 2376 3460 ·
2404 3429 2472 3495 τὰ
2501 3430 2557 3483 δέ
2586 3430 2943 3502 προφητικῶς
2968 3430 3244 3500 ἐπιλέγει,
3279 3431 3347 3484 τά
3386 3431 3705 3492 θεσπίζοντα

2129 3520 2404 3590 σωτηρίαν
2439 3519 2536 3592 μὲν
2558 3519 2634 3590 τῷ
2668 3519 2970 3592 εὐξαμένῳ,
3005 3519 3211 3574 πτῶσιν
3241 3521 3298 3574 δὲ
3329 3523 3442 3584 τοῖς
3473 3520 3704 3593 ἐχθροῖς,

2129 3613 2222 3682 ἀφ’
2250 3606 2324 3665 ὧν
2349 3613 2611 3684 ῥυσθῆναι
2637 3613 2858 3686 ηὔξατο.
2884 3613 3048 3666 Ταῦτ’
3074 3610 3166 3666 οῦν
3198 3613 3257 3678 ἐξ
3280 3615 3429 3682 ἁγίου
3459 3614 3707 3684 Πνεῦμα-

2127 3720 2218 3767 τος
2257 3695 2618 3774 προφητεύει,
2678 3705 2748 3758 τὰ
2804 3705 2902 3774 μέν
2956 3705 3084 3776 περὶ⁵
3117 3706 3277 3758 αὑτὸν
3326 3707 3600 3776 σημαίνων
3649 3706 3707 3758 ἐν

2125 3793 2338 3856 τούτοις
2362 3811 2375 3824 °
2419 3795 2564 3848 Ἰδοὺ
2597 3793 2707 3864 γὰρ
2742 3798 2774 3848 ὁ
2799 3794 2941 3862 Θεὸς
2960 3794 3178 3862 ,βοηθεῖ
3195 3812 3319 3863 μοι,
3362 3797 3575 3861 Κύριος
3604 3795 3706 3847 ἀν-

2127 3885 2424 3954 τιλήπτωρ
2453 3885 2563 3954 τῆς
2590 3885 2794 3955 ψυχῆς
2811 3903 2962 3956 μου·
2987 3885 3053 3939 τὰ
3081 3886 3136 3939 δὲ
3160 3887 3286 3960 περὶ
3320 3885 3425 3939 τῶν
3454 3885 3705 3939 ἐναντίων

2127 3978 2298 4047 αὐτῷ,
2353 3979 2471 4047 ἦτοι
2504 3979 2632 4044 περὶ
2695 3978 2802 4032 τῶν
2839 3978 3078 4047 Ζιφαίων
3125 3961 3248 4030 τῶν
3275 3977 3706 4046 διαϐεϐληκότων

2129 4069 2289 4128 αὑτὸν
2338 4070 2476 4140 πρὸς
2526 4071 2616 4123 τὸν
2666 4071 2873 4134 Σαοὺλ,
2923 4071 2955 4141 ἢ
2988 4071 3081 4124 καὶ
3114 4069 3321 4139 νοητῶν
3363 4087 3519 4122 τινων
3548 4070 3580 4140 ἦ
3612 4071 3706 4121 καὶ

2129 4162 2350 4232 ἀφανῶν
2382 4161 2588 4240 ἐχθρῶν
2620 4163 2728 4226 τῶν
2763 4163 3230 4234 διαφθονουμένων
3263 4162 3426 4215 αὑτοῦ
3471 4166 3540 4233 τῇ
3566 4161 3708 4217 κατὰ

2128 4253 2259 4306 Θεὸν
2291 4257 2560 4324 προκοπῇ,
2589 4255 2681 4308 καὶ
2712 4254 2802 4308 διὰ
2833 4255 2989 4308 τοῦτο
3014 4254 3494 4326 συσκευαζομένων
3519 4253 3704 4316 αὐτὸν,

2129 4347 2188 4397 ἐν
2207 4345 2284 4414 τῷ
2306 4385 2318 4404 .
2357 4346 2741 4417 Ἀποστρέψει
2770 4346 2841 4399 τὰ
2871 4347 3028 4401 κακὰ
3050 4347 3170 4412 τοῖς
3185 4347 3420 4416 ἐχθροῖς
3442 4364 3582 4415 μου,
3607 4347 3703 4398 καί

2126 4435 2196 4489 ἐν
2227 4435 2300 4504 τῇ
2321 4438 2570 4505 ἀληθείᾳ
2597 4455 2713 4492 σου
2735 4439 3176 4506 ἐξολόθρευσον
3196 4441 3436 4504 αὐτούς.
3464 4439 3620 4492 Κατά
3649 4439 3705 4493 δὲ

441 4519 647 4582 chum:
690 4519 978 4587 Retribuat,
1011 4522 1208 4592 inquit,
1243 4522 1386 4576 mala
1434 4523 1498 4577 iis
1546 4525 1635 4594 qui
1670 4524 1797 4576 mihi
1845 4541 2024 4578 muros

2130 4527 2220 4580 τὸν
2261 4529 2586 4598 Σύμμαχον·
2647 4529 3095 4592 Ἀνταποδὼσει,
3154 4532 3318 4601 φησι,
3377 4533 3536 4584 κακὰ
3584 4530 3704 4596 τοῖς

441 4611 740 4680 auferunt:
782 4615 835 4667 in
872 4617 1087 4675 veritate
1146 4624 1238 4668 tua
1296 4615 1453 4671 silere
1506 4615 1593 4684 fac
1640 4632 1746 4669 eos.
1787 4615 1852 4668 Et
1881 4617 2023 4682 vide,

441 4719 571 4766 num
633 4706 750 4760 haec
813 4722 936 4761 cum
993 4707 1223 4761 historia
1286 4710 1578 4785 quadrent.
1639 4706 1772 4762 Nam
1823 4707 2026 4779 Ziphaai

443 4796 622 4874 ipsum
657 4799 800 4877 apud
828 4816 888 4854 se
915 4800 1133 4862 latitare
1166 4800 1458 4864 volentem,
1491 4801 1651 4871 quasi
1685 4801 2027 4856 denudantes

441 4895 497 4940 et
526 4904 714 4944 muros
747 4891 848 4959 ipsi
881 4892 1215 4955 auferentes,
1248 4893 1425 4960 ipsum
1454 4893 1745 4953 calumniis
1771 4900 1824 4947 et
1846 4893 2028 4948 verbis

443 4978 731 5035 diabolicis
777 4983 1111 5050 impetebant
1161 4983 1305 5053 apud
1362 4982 1580 5039 Saulem
1621 5005 1633 5038 :
1677 4998 1847 5054 quare
1902 4984 2026 5039 illos

441 5074 568 5144 jure
590 5072 958 5134 subindicavit
990 5075 1075 5130 his
1103 5076 1284 5129 verbis
1323 5093 1336 5128 :
1367 5074 1634 5129 Retribuet
1668 5076 1812 5131 mala
1845 5077 1909 5130 iis
1939 5075 2028 5144 qui

445 5164 574 5227 tui/ti
627 5180 802 5217 muros
853 5167 1126 5234 auferunt,
1167 5177 1215 5222 et
1251 5168 1305 5219 in
1336 5167 1551 5220 veritate
1593 5177 1686 5220 tua
1741 5168 1895 5220 silere
1939 5168 2027 5240 [ac

444 5273 554 5320 eos.
588 5255 795 5319 Bonum
835 5257 970 5335 ipsis
1021 5259 1294 5312 silentium
1329 5265 1432 5320 est,
1479 5267 1538 5312 ut
1593 5274 1662 5313 ne
1693 5259 1894 5314 talibus
1926 5258 2026 5312 ad-

446 5365 662 5413 versum
701 5364 786 5408 me
837 5350 1129 5408 calumniis
1182 5360 1426 5407 utantur.
1482 5353 1788 5406 Admodum
1844 5360 2024 5406 autem

444 5449 811 5511 congruenter
840 5439 1009 5500 Deum
1041 5450 1444 5512 susceptor-em,
1481 5443 1596 5498 sive
1634 5441 1867 5510 fulcrum
1907 5443 2027 5496 ani-

445 5549 547 5590 ma:
602 5549 740 5599 suae,
795 5533 1100 5590 secundum
1161 5534 1550 5614 Symmachum
1613 5535 1840 5589 vocavit.
1886 5535 2024 5602 Quia

447 5623 590 5685 enim
635 5625 892 5698 superius
920 5622 1088 5682 fortes
1114 5624 1430 5706 quaerebant
1477 5625 1713 5684 animam
1744 5624 1898 5698 ejus;
1931 5641 2028 5680 ue-

521 5801 564 5836 “
608 5799 785 5864 ιοοτ.
829 5821 882 5870 κ.
933 5807 990 5866 ii

2128 4619 2571 4688 ἀποτειχίζῖηνσί
2600 4638 2697 4690 με,
2731 4623 2800 4674 ἐν
2829 4620 2902 4688 τῇ
2931 4621 3179 4688 ἀληθείᾳ
3208 4638 3324 4674 σου
3359 4618 3703 4684 ἀποσιώπη-

2129 4726 2245 4765 σον
2263 4713 2502 4778 αὐτούς.
2531 4714 2640 4766 Καὶ
2670 4714 2771 4784 ὅρα
2790 4714 2838 4765 εί
2867 4712 2941 4783 μὴ
2963 4715 3244 4782 συμφωνεῖ
3273 4710 3446 4765 ταῦτα
3468 4715 3532 4782 τῇ
3567 4713 3705 4763 ἱστο-

2132 4799 2243 4871 ρία.
2277 4800 2606 4872 Ἐπειδήπερ
2630 4802 2679 4853 οἱ
2706 4803 2919 4870 Ζιφαῖοι
2945 4801 3264 4872 βουλόμενον
3289 4802 3450 4854 αὑτὸν
3481 4801 3708 4871 κρύπτε-

2131 4890 2254 4944 σθαι
2279 4896 2407 4966 παρ’
2431 4893 2632 4957 αὐτοῖς,
2661 4893 2851 4966 ὥσπερ
2875 4895 3317 4965 ἀπογυμνοῦντες
3355 4897 3448 4948 καὶ
3488 4897 3704 4949 ἀποτειο

2129 4983 2390 5054 χίζοντες,
2417 4983 2692 5038 διέϐαλλον
2728 4986 2864 5056 πρὸς
2893 4985 2983 5038 τὸν
3019 4986 3212 5049 Σαοὺλ,
3249 4985 3425 5054 λόγοις
3470 4985 3704 5039 διαϐολιυ

2130 5079 2244 5139 κοῖς
2275 5077 2394 5132 κατ’
2423 5077 2586 5130 αὑτοῦ
2615 5076 2885 5154 χρώμενοι
2904 5094 2920 5109 ο
2951 5078 3140 5150 διόπερ
3164 5078 3378 5141 αὐτοὺς,
3429 5077 3505 5139 ὡς
3538 5076 3702 5139 εἰκὸς,

2128 5169 2494 5242 αἰνιττόμενος
2521 5170 2704 5237 ἔλεγεν
2723 5187 2736 5200 ’
2786 5169 3210 5223 Ἀνταποδώσει
3233 5169 3387 5220 κακὰ
3413 5165 3532 5232 τοῖς
3561 5167 3705 5220 ἀπο-

2127 5257 2448 5326 τειχίζουσι
2475 5278 2573 5328 με,
2619 5259 2716 5313 καί
2740 5261 2809 5314 ὲν
2831 5258 2907 5326 τῇ
2931 5259 3183 5326 ἀληθείᾳ
3215 5272 3331 5310 σου
3357 5254 3704 5322 ἀποσιὼπης
3733 5313 3736 5316 ,

2127 5366 2244 5408 σον
2260 5352 2499 5417 αὐτούς.
2539 5351 2692 5422 Καλὴ
2727 5351 2834 5422 γὰρ
2864 5352 3103 5420 αὑτοῖςὴ
3134 5348 3331 5419 σιωπὴ,
3367 5349 3455 5400 ἵνα
3494 5348 3568 5417 μὴ
3592 5361 3702 5398 τοις

2128 5443 2322 5507 αὐταις
2349 5443 2587 5516 χρῶνται
2611 5445 2732 5496 κατ’
2773 5443 2906 5514 ἐμοῦ
2938 5442 3233 5505 διαϐολαῖς.
3253 5441 3463 5510 Σφόδρα
3489 5441 3547 5493 δὲ
3574 5457 3706 5494 κατ-

2130 5538 2374 5609 αλλήλως
2405 5538 2494 5590 τὸν
2518 5536 2649 5590 Θεὸν
2681 5535 3071 5605 ἀντιλήπτορα,
3109 5533 3140 5604 ἥ
3167 5533 3519 5601 ὑπέρεισμα,
3568 5531 3707 5584 κατά

2131 5632 2217 5698 τὸν
2245 5631 2562 5708 Σύμμαχον,
2598 5629 2848 5702 ὠνόμασε
2870 5627 2968 5700 τῆς
3009 5625 3199 5680 ἑαυτοῦ
3234 5625 3430 5697 ψυχῆς.
3491 5620 3708 5692 Ἐπειδὴ
