4010 6520
284 384 390 438 M59

1417 379 1918 434 (ῸΜΜΕΝΤΑΒΙᾹ
1958 379 2024 435 ΙΝ
2068 378 2405 434 PSALMOS.

3426 374 3530 432 4’70

285 497 395 569 γὰρ
424 496 683 569 ἀνωτέρω
710 498 757 550 oi
788 497 1040 567 κραταιοὶ
1067 493 1293 566 ἐζήτουν
1320 492 1415 563 τὴν
1456 494 1633 564 ψυχὴν
1670 495 1856 559 αὐτοῦ,

1968 512 2067 565 que
2095 495 2167 548 ita
2195 492 2412 562 corpori
2456 491 2685 547 insidias
2719 498 2929 547 struere
2959 491 3291 561 cogitabant,
3330 502 3383 544 ut
3413 495 3531 544 ani-

284 592 383 660 οὺχ
404 588 574 652 οὕτως
596 586 974 642 ἐπιϐουλεῦσαι
1004 584 1176 640 αὐτοῦ
1200 583 1277 654 τῷ
1298 583 1510 654 σώματι
1538 603 1750 656 προῃρη
1760 587 1856 655 μέ-

286 698 387 744 νοι,
412 679 487 742 ὡς
514 681 581 749 τῇ
616 677 760 748 ψυχῇ
787 696 799 708 ·
828 679 1054 740 είκότως
1079 675 1171 729 xui
1198 673 1359 737 αὐτὸς
1382 675 1472 726 τὸν
1516 673 1721 744 Κύριον
1768 676 1860 729 ἀν-

284 768 583 838 τιλήπτορα
612 767 712 837 τῆς
735 765 928 821 ἑαυτοῦ
955 764 1131 837 ψυχῆς
1168 764 1468 836 ὠνόμαζεν.
1520 764 1721 834 Ἐμελε
1752 764 1860 834 γὰρ

286 858 436 928 αὐτῷ
463 856 613 910 οὐδὲν
653 856 748 909 τοῦ
793 855 1063 926 σώματος,
1098 856 1217 909 οὐδὲ
1244 855 1354 909 τῶν
1399 854 1555 918 ἐκτὸς
1590 853 1860 924 ὑπαρχόν-

284 966 413 1011 των,
444 948 563 1001 οὐδὲ
586 947 685 1017 τῆς
708 947 1042 1018 προσκαίρου
1070 946 1273 1018 ταύτης
1301 946 1464 1018 ζωῆς,
1497 946 1664 1016 μόνης
1682 945 1738 998 δὲ
1764 946 1863 1016 τῆς

285 1040 482 1094 ἑαυτοῦ
507 1038 702 1109 ψυχῆς.

270 1174 275 1179 .
370 1130 690 1194 Ἑκουσίως
704 1129 867 1182 θύσω
888 1143 1008 1192 σοι,
1022 1128 1536 1199 ἐξομολογηὶσομαι
1559 1129 1639 1195 τῷ
1654 1129 1865 1197 ὀνόμα-

286 1220 344 1273 τί
368 1234 508 1283 σου,
532 1220 728 1287 Κύριε,
754 1220 843 1273 ὅτι
878 1220 1123 1289 ἀγαθόν.
1158 1221 1256 1273 Διὰ
1287 1220 1395 1273 τῶν
1423 1220 1652 1292 πρώτων
1680 1220 1863 1290 δέησιν

285 1313 381 1365 xui
411 1311 689 1383 ἱκετηρίαν
716 1310 1043 1382 ἀναπέμψας
1075 1311 1152 1382 τῷ
1184 1311 1324 1382 Θεῷ,
1353 1313 1445 1365 xui
1468 1311 1565 1382 τὴν
1596 1313 1863 1366 δικαιολο-

284 1400 412 1467 γίαν
436 1398 599 1451 αὐτοῦ
634 1397 922 1468 ἐκθέμενος
946 1438 961 1462 ,
995 1400 1052 1452 ὲν
1079 1400 1187 1461 τοῖς
1219 1398 1510 1468 δευτέροις,
1558 1396 1866 1468 πληρωθεὶς

282 1490 387 1543 τοῦ
411 1489 739 1560 πνεύματος,
772 1488 1016 1554 θεσπίζει
1054 1491 1122 1543 τά
1153 1507 1212 1541 τε
1245 1490 1372 1559 περὶ
1397 1489 1560 1543 αὐτὸν
1607 1488 1868 1560 μέλλοντα

280 1580 544 1644 ἔσεσθαι,
597 1580 666 1634 τά
721 1597 779 1632 τε
811 1584 925 1643 τοῖς
957 1581 1171 1653 ἐχθροῖς
1217 1579 1382 1635 αὑτοῦ
1437 1580 1861 1651 συμϐησόμενα”

283 1667 385 1724 εἷθ’
420 1672 546 1742 ἑξῆς
577 1672 670 1726 xui
696 1672 1003 1736 ἀκολούθως
1038 1675 1096 1725 ὲν
1140 1672 1219 1743 τῷ
1267 1673 1438 1743 τρίτῳ
1485 1672 1641 1743 μέρει
1678 1670 1868 1734 θυσίας

286 1763 379 1814 xui
407 1762 762 1834 εὐχαριστίας
793 1762 1013 1817 ἀνύσειν
1050 1762 1445 1830 ἐπαγγέλλεται
1488 1762 1564 1833 τῷ
1612 1761 1733 1832 Θεῷ
1781 1756 1868 1830 ἐφ’

280 1848 364 1916 οἷς
398 1849 457 1906 εὖ
493 1852 779 1907 πέπονθεν.
829 1854 914 1916 Ὡς
937 1853 1045 1923 γὰρ
1067 1853 1131 1924 δὴ
1166 1852 1449 1916 διασωθεὶς
1482 1853 1575 1905 καὶ
1619 1853 1716 1923 τῆς
1754 1851 1862 1905 τῶν

279 1944 493 2016 ἐχθρῶν
521 1945 810 2015 ἐπιϐουλῆς
829 1944 1290 2016 ήλευθερωμένος,
1318 1946 1378 1997 ού
1406 1944 1585 2016 μόνον,
1613 1944 1747 1998 ἀλλὰ
1767 1944 1863 1998 xui

277 2029 625 2108 τὸν’δλεθρον
654 2037 761 2088 τῶν
797 2035 1010 2108 ἐχθρῶν
1037 2035 1254 2101 ἐπιδὼν,
1282 2035 1429 2090 θύειν
1473 2037 1569 2089 καὶ
1614 2036 1862 2108 ἐξομολο-

278 2126 560 2197 γήσασθαι
605 2127 682 2197 τῷ
715 2127 939 2197 ὀνόματι
967 2126 1060 2180 τοῦ
1088 2128 1294 2199 Κυρίου
1345 2128 1716 2197 ὑπισχνεῖται’
1768 2128 1863 2180 xui

277 2218 459 2272 ταῦτα
508 2219 761 2287 προλέγει
791 2216 1061 2282 θεσπίζων
1096 2218 1201 2289 πρὸ
1244 2218 1341 2287 τῆς
1366 2218 1473 2270 τῶν
1525 2218 1861 2289 πραγμάτων

279 2309 585 2372 ἐκϐάσεως.
620 2312 747 2363 Ὂτε
777 2310 885 2380 γὰρ
931 2310 980 2361 oi
1015 2311 1223 2379 Ζιφαῖοι
1278 2309 1521 2372 ἐλθόντες
1579 2309 1716 2381 πρὸς
1768 2310 1860 2364 τὸν

280 2401 455 2454 Σαοὺλ
502 2397 679 2453 εἷπον⁹
735 2399 880 2453 Ἰδοὺ
930 2400 1109 2453 Δαυῒδ
1141 2402 1467 2468 κέκρυπται
1499 2402 1637 2467 παρ’
1678 2401 1857 2471 ἡμῖν·

279 2492 455 2570 ἀρχὴν
484 2492 558 2544 ἔτ’
587 2492 817 2562 ἐχούσης
846 2493 946 2563 τῆς
969 2494 1087 2546 κατ’
1123 2491 1301 2545 αὐτῶν
1345 2493 1586 2557 ἱστορίας
1628 2494 1721 2547 xui
1753 2493 1860 2548 τῶν

280 2582 521 2657 Ζιφαίων
539 2583 685 2658 ἄρττ
697 2582 1131 2658 διαϐεϐληκότων
1159 2582 1343 2647 αὐτὸν,
1376 2585 1495 2638 τότε
1529 2583 1594 2654 δὴ
1637 2585 1704 2638 τὰ
1731 2584 1858 2656 τέλη

281 2680 389 2735 τῶν
430 2681 772 2753 πραγμάτων
825 2681 987 2745 αὐτὸς
1024 2680 1267 2743 θεσπίζει
1303 2721 1315 2742 ,
1346 2678 1414 2732 τὰ
1464 2676 1687 2747 ὕστερόν
1731 2694 1860 2731 ποτε

280 2772 625 2844 γενησόμενα
659 2771 1053 2843 προλαμϐάνων
1079 2772 1153 2835 ὡς
1180 2771 1279 2842 ἢδη
1304 2769 1584 2839 γεγονότα.
1630 2769 1721 2822 Διό
1755 2786 1859 2840 φη-

282 2880 396 2917 σιν·
430 2865 563 2917 “Oct
595 2864 664 2916 ἐκ
717 2863 920 2929 πάσης
974 2864 1236 2931 θλίψεως
1263 2864 1494 2930 ἐρρὐσω
1528 2881 1625 2934 με,
1663 2863 1759 2917 καὶ
1792 2864 1862 2915 ἐν

259 2955 403 3021 ,τοῖς
430 2954 671 3025 ἐχθροῖς
688 2972 808 3023 μου
837 2954 1073 3008 ἐπεῖδεν
1108 2958 1140 3008 ό
1166 2955 1471 3024 ὀφθαλμός
1492 2973 1631 3025 μου.
1677 2955 1862 3010 Ταῦτα

282 3046 389 3118 γὰρ
410 3046 639 3117 ὕστερον
678 3046 775 3116 μέν
804 3061 932 3098 ποτε
970 3045 1189 3113 γέγονεν
1210 3063 1223 3076 ο
1272 3047 1421 3116 ὅμως
1451 3046 1508 3099 δὲ
1558 3046 1861 3120 προγνώσει

282 3135 374 3188 τοῦ
400 3136 563 3204 ἁγίου
595 3134 911 3205 Πνεύματος
948 3134 1023 3198 ὡς
1067 3134 1166 3207 ἥδη
1205 3136 1342 3189 αὐτὰ
1383 3136 1646 3205 γεγονότα
1679 3137 1861 3206 ἀπαγ-

283 3226 477 3293 γέλλει,
515 3227 610 3279 xui
638 3226 725 3279 ἐπ’
760 3227 945 3289 αὐτοῖς
969 3228 1315 3298 εὐχαριστεῖ,
1352 3229 1446 3282 xui
1484 3229 1863 3298 θύσειν-ἑπαγ-

284 3315 553 3384 γέλλεται,
606 3316 702 3368 xui
730 3314 1220 3387 ὲξομολογήσεσθαι
1275 3316 1354 3387 τῷ
1380 3317 1569 3388 Κυρίῳ
1593 3359 1607 3382 ,
1661 3317 1859 3385 λέγων’

296 3409 625 3476 Ἑκουσίως
683 3409 847 3463 θύσω
891 3423 1008 3462 σοι.
1058 3408 1115 3461 '0
1162 3408 1215 3461 δὲ
1280 3408 1530 3472 Ἀκύλας,
1575 3409 1670 3462 Ἐν
1694 3410 1865 3462 ἐκου-

284 3501 545 3571 σιασμῷ,
594 3502 746 3571 φησὶ,
776 3500 1048 3555 θυσιάσω
1094 3516 1213 3554 σοι.
1265 3500 1482 3570 Ἐπειδὴ
1529 3501 1639 3572 γὰρ
1681 3501 1865 3565 ἄοικος

287 3594 375 3646 xui
398 3594 594 3656 ἄπολις
635 3594 728 3646 xui
764 3592 1008 3654 ἀνέστιος
1031 3593 1126 3657 ὢν,
1158 3594 1215 3645 ὲν
1239 3594 1357 3654 ταῖς
1383 3592 1608 3663 ἐρήμοις
1630 3594 1868 3645 ἐποιεῖτο

286 3685 383 3747 τὰς
413 3684 721 3755 διατριϐὰς,
751 3684 934 3736 καινὸν
962 3682 1150 3751 ἐξεῦρε
1198 3683 1397 3752 τρόπον
1450 3682 1660 3745 θυσίας.
1688 3683 1783 3745 Τίς
1821 3682 1866 3734 δ’

287 3770 353 3844 ἦν
381 3769 581 3841 οὖτοςς
647 3774 742 3825 Ἐν
766 3770 1182 3839 ἑκουσιασμῷ,
1215 3771 1347 3840 φησὶ
1370 3810 1384 3834 ,
1439 3756 1863 3825 θυσιάσωρνοι.

301 3865 485 3937 Ἀρκεῖ
519 3864 629 3934 γὰρ
663 3865 696 3933 ή
726 3861 1043 3929 ὲκουσιότης
1097 3862 1191 3913 xui
1232 3863 1264 3931 ὴ
1297 3860 1611 3931 προαίρεσις
1636 3900 1651 3925 ,
1700 3861 1767 3913 δι’
1800 3856 1869 3933 ἧς

289 3954 597 4026 ἀναπέμψω
629 3972 711 4007 σοι
736 3952 835 4023 τὴν
865 3952 1073 4005 θυσίαν.
1110 3952 1184 4004 Ob
1230 3952 1337 4023 γὰρ
1372 3953 1555 4023 ἠγνόει
1596 3954 1687 4007 τὸν
1737 3955 1867 4008 Θεὸν

292 4048 726 4119 παραιτούμενον
759 4044 855 4115 μὲν
878 4043 975 4107 τὰς
992 4044 1056 4096 δι’
1082 4044 1334 4114 αἱμάτων
1355 4045 1448 4097 xui
1473 4044 1624 4109 ζώων
1653 4049 1867 4118 σφαγῆς

291 4140 498 4204 θυσίας.
534 4137 756 4208 λογικὴν
782 4137 836 4190 δὲ
870 4136 1058 4190 θυσίαν
1102 4134 1200 4207 τὴν
1227 4136 1294 4188 δι’
1340 4136 1599 4200 αἰνέσεως
1628 4138 1867 4202 ἀσπαζό-

296 4248 477 4300 μενον,
516 4228 613 4282 am
646 4224 1092 4299 προμεμαθηκὼς
1137 4226 1217 4290 τὸ,
1256 4226 1458 4279 Θῦσον
1489 4225 1568 4291 τῷ
1608 4226 1729 4292 Θεῷ
1765 4231 1867 4282 θυ-

291 4324 430 4375 σίαν
470 4320 781 4385 αἰνέσεως,
818 4322 916 4372 καὶ
942 4316 1169 4383 ἀπόδος
1192 4318 1271 4382 τῷ
1296 4319 1492 4385 Κυρίῳ
1546 4318 1654 4385 τὰς
1680 4320 1867 4387 εὐχάς

292 4429 423 4467 σου.
456 4414 678 4481 Ταύτην
711 4406 829 4474 οὖν,
862 4410 1045 4479 φησιν,
1076 4408 1335 4471 ἑκουσίως
1362 4408 1509 4462 θύσω
1539 4427 1621 4463 σοι
1650 4411 1748 4482 τὴν
1776 4411 1867 4464 θυ-

1963 601 2093 651 nuc;
2126 585 2323 639 merito
2352 584 2468 652 ipse
2490 582 2780 637 Dominutn
2804 588 3174 651 susceptorem
3202 580 3397 634 aninwe
3420 595 3531 635 sua:

1964 678 2318 746 nuncupavit.
2370 674 2515 729 Nihil
2561 674 2761 744 quippe
2791 673 2859 727 de
2888 687 3117 742 corpore
3143 687 3316 742 neque
3348 670 3415 726 de
3442 686 3530 725 re-

1922 802 1923 807 η
1965 772 2067 826 bus
2097 778 2251 824 extra
2297 769 2490 839 positis
2531 767 2798 823 sollicitus
2825 775 2963 829 erat,
2997 780 3171 835 neque
3208 763 3275 819 de
3325 773 3530 835 tempo-

1964 876 2129 917 ranea
2160 862 2263 916 hac
2295 862 2438 917 vita:
2473 860 2569 915 sed
2597 860 2663 915 de
2685 860 2865 913 anima
2893 868 3120 913 tantum.

2034 1127 2201 1183 Vens.
2228 1127 2282 1191 8,
2313 1127 2366 1181 9.
2421 1126 2730 1180 Voluntarie
2757 1124 3069 1194 sacriﬁcabo
3105 1122 3218 1188 tibi,
3247 1120 3529 1191 conﬁtebor

1965 1219 2168 1274 nomini
2198 1229 2307 1282 tuo,
2341 1218 2580 1281 Domine,
2615 1219 2866 1287 quoniam
2896 1216 3089 1271 bonum
3116 1224 3213 1271 est.
3238 1215 3374 1269 Cum
3397 1214 3530 1284 prio-

1966 1309 2119 1364 ribus
2145 1310 2327 1364 verbis
2360 1309 2802 1364 obsecrationem
2843 1316 2897 1363 et
2944 1306 3397 1378 supplicationem
3429 1304 3535 1359 Deo

1965 1402 2259 1463 emisisset,
2286 1416 2349 1455 ac
2372 1401 2824 1471 disceptationem
2857 1414 3011 1455 suam
3043 1399 3419 1468 exposuisset;
3453 1410 3533 1451 se.

1967 1493 2184 1558 cundis,
2218 1508 2339 1563 quae
2367 1494 2492 1557 sibi,
2527 1508 2650 1563 qua:
2678 1491 2915 1546 inimicis
2947 1491 3061 1546 suis
3090 1495 3351 1545 eventura
3382 1493 3533 1541 erant

1970 1585 2165 1655 spiritu
2235 1586 2429 1655 plenus
2475 1585 2813 1640 vaticinatur
2850 1607 2861 1638 :
2901 1583 3098 1637 deinde
3145 1590 3536 1650 consequenter

1971 1676 2133 1729 tertio
2185 1676 2304 1730 loco
2355 1675 2568 1731 hostias
2617 1683 2671 1730 et
2717 1675 3016 1745 gratiarum
3064 1672 3307 1727 actiones
3342 1686 3403 1727 se
3430 1669 3538 1725 Deo

1972 1781 2070 1835 pro
2098 1765 2374 1822 beneﬁciis
2396 1767 2803 1837 persoluturum
2832 1765 3137 1835 pollicetur.
3168 1762 3303 1816 Nam
3334 1769 3394 1815 ut
3423 1777 3536 1816 creo

1970 1866 2095 1927 ptus
2123 1864 2175 1912 et
2204 1857 2270 1911 ab
2294 1858 2640 1912 inimicorum
2686 1856 2904 1912 insidiis
2929 1856 3234 1921 liberatus;
3266 1868 3440 1922 neque
3473 1851 3538 1906 ob

1971 1947 2025 2001 id
2060 1948 2259 2010 solum,
2291 1948 2385 2004 sed
2411 1948 2537 2019 quia
2588 1948 2937 2002 inimicorum
2970 1946 3196 2001 exitium
3244 1942 3537 2014 prospicie-

1971 2040 2082 2103 bat,
2112 2054 2169 2095 se
2211 2040 2616 2094 immolaturum
2651 2046 2705 2093 et
2739 2038 3141 2093 confessionem
3194 2034 3398 2091 nomini
3436 2032 3537 2086 Do-

1970 2131 2103 2185 mini
2156 2131 2428 2186 editurum
2483 2131 2752 2201 promittit
2808 2150 2821 2185 :
2883 2139 3047 2201 atque
3082 2130 3197 2183 lucc
3237 2127 3539 2182 vaticinans

1969 2231 2095 2276 ante
2125 2237 2309 2276 rerum
2338 2230 2588 2276 eventum
2620 2221 2884 2291 praedicit.
2918 2220 3049 2273 Nam
3077 2235 3199 2273 cum
3240 2218 3440 2287 Ζίριιωί
3477 2217 3539 2270 ad

1971 2308 2188 2367 Saulem
2239 2312 2561 2367 accedentes
2608 2312 2866 2366 dixerunt
2912 2330 2924 2364 :
2968 2309 3101 2363 Ecce
3127 2308 3297 2362 David
3321 2307 3537 2360 abscon-

1967 2404 2110 2457 ditus
2140 2414 2217 2458 εει
2246 2402 2386 2472 apud
2417 2418 2548 2465 nos;
2578 2417 2703 2455 cum
2749 2418 2839 2456 res
2882 2401 2944 2455 in
2997 2400 3224 2454 historia
3283 2398 3540 2456 enarrata

1969 2497 2295 2566 inciperent,
2331 2503 2385 2551 et
2422 2495 2552 2549 dum
2585 2493 2763 2549 adhuc
2799 2493 3001 2565 Ziphaei
3038 2492 3217 2562 ipsum
3242 2490 3540 2547 calumnia-

1968 2596 2177 2652 rentur,
2210 2594 2343 2641 tunc
2375 2587 2491 2656 ipse
2540 2601 2721 2640 rerum
2755 2586 2960 2641 exitum
3011 2585 3383 2649 vaticinatur;
3426 2598 3540 2653 qua"

1967 2689 2156 2750 postea
2191 2686 2452 2733 eventura
2484 2687 2643 2734 erant
2674 2680 2830 2748 quasi
2856 2678 2969 2747 jam
3005 2677 3147 2734 facta
3188 2686 3522 2747 praevertens

1968 2771 2147 2837 Quare
2177 2772 2250 2824 ait
2293 2790 2306 2824 :
2354 2770 2618 2837 Quoniam
2651 2785 2718 2823 ea:
2758 2771 2903 2823 omni
2935 2769 3275 2823 tribulatione
3306 2768 3540 2835 eripuisti

1969 2880 2067 2927 me,
2135 2872 2180 2917 et
2214 2878 2369 2930 super
2414 2863 2655 2916 inimicos
2690 2878 2830 2915 meos
2883 2861 3119 2929 despexit
3163 2859 3346 2912 oculus
3378 2874 3541 2911 meus.

1969 2953 2095 3008 Haec
2133 2955 2334 3023 quippe
2376 2962 2502 3023 post
2537 2954 2651 3008 baac
2690 2960 2840 3022 gesta
2878 2959 3036 3016 sunt;
3072 2949 3167 3005 sed
3211 2957 3391 3003 tamen
3425 2948 3540 3018 Spi-

1968 3045 2109 3099 ritus
2146 3043 2320 3098 sancti
2382 3042 2746 3113 praescientia,
2798 3051 2855 3095 ut
2883 3041 2995 3110 jam
3035 3040 3181 3094 edita
3212 3038 3448 3102 nuntiat,
3480 3038 3541 3093 de

1971 3137 2147 3207 iisque
2178 3136 2379 3205 gratias
2404 3136 2535 3205 agit,
2568 3149 2631 3188 ac
2662 3133 3097 3189 sacriﬁcaturum
3120 3130 3541 3186 confessionem-

1970 3244 2075 3299 que
2132 3228 2241 3282 Deo
2289 3228 2619 3283 emissurum
2653 3225 2961 3295 pollicetur,
3003 3223 3195 3279 dicens
3230 3242 3243 3277 :
3292 3222 3540 3278 I'olunta'

1970 3327 2045 3379 rie
2072 3325 2386 3394 sacriﬁcabo
2423 3323 2553 3386 tibi;
2584 3322 2777 3393 Aquila
2811 3337 2938 3377 vero
2970 3320 3048 3375 ait
3075 3339 3088 3374 :
3117 3318 3313 3389 Sponte
3337 3318 3538 3387 sacriﬁ-

1968 3416 2096 3471 cabo
2130 3416 2243 3471 tibi.
2301 3415 2438 3482 Quia
2472 3415 2615 3470 enim
2666 3418 2784 3469 sine
2832 3412 3013 3477 domo,
3063 3413 3183 3467 sine
3237 3410 3389 3475 urbe,
3430 3410 3544 3464 sine

1968 3510 2102 3570 lare,
2137 3510 2191 3563 in
2240 3507 2475 3564 desertis
2508 3507 2719 3578 agebat,
2773 3520 2974 3559 novum
3030 3503 3286 3557 sacriﬁcii
3328 3501 3544 3555 modum

1968 3600 2314 3671 excogitavit.
2350 3599 2615 3665 Quisnam
2659 3597 2749 3651 ille
2795 3596 2954 3650 erat?
2988 3595 3202 3663 Sponte,
3230 3594 3427 3663 inquit,
3461 3609 3544 3645 δαί

1968 3691 2218 3762 cri/icabo
2255 3691 2369 3746 tibi.
2405 3690 2616 3744 Sullicit
2652 3690 2850 3758 quippe
2897 3688 3148 3741 voluntas
3194 3693 3247 3741 et
3293 3685 3544 3755 proposi-

1969 3790 2107 3844 tum,
2143 3796 2253 3850 quo
2293 3780 2386 3834 tibi
2433 3778 2763 3834 sacrificium
2814 3776 3058 3831 olleram.
3094 3775 3210 3829 Non
3264 3775 3543 3845 ignoraan

1970 3872 2263 3941 siquidem,
2298 3870 2466 3925 Deum
2507 3876 2768 3923 cruentas
2796 3875 2849 3922 et
2875 3866 3191 3921 animalium
3224 3881 3359 3920 nece
3399 3864 3549 3918 obla-

1969 3974 2052 4020 tas
2113 3965 2323 4019 hostias
2387 3963 2648 4025 abnuere,
2716 3960 2982 4014 rationale
3043 3974 3171 4013 vero
3218 3958 3548 4013 sacriﬁcium

1969 4057 2146 4111 laudis
2174 4057 2510 4126 approbare;
2539 4062 2726 4123 utpote
2748 4052 2841 4121 qui
2869 4052 2980 4121 jam
3014 4050 3333 4106 edidicisset
3362 4049 3493 4104 illud
3533 4065 3547 4100 :

1973 4148 2203 4203 Immola
2233 4148 2343 4202 Deo
2373 4148 2700 4216 sacriﬁcium
2743 4143 2944 4207 laudis,
2977 4152 3024 4197 et
3075 4142 3229 4196 redde
3274 4141 3551 4195 Altissimo

1969 4250 2089 4294 vota
2124 4249 2214 4292 tua
2242 4241 2308 4291 θ’.
2346 4237 2517 4303 Ilanc,
2547 4235 3176 4307 inquit,voluntarie‘tibi
3203 4235 3434 4289 hostiam
3464 4250 3550 4287 sa-

1969 4327 2253 4391 criﬁcabo,
2290 4328 2462 4398 ipsam
2494 4328 2855 4391 voluntatem,
2891 4324 3232 4394 propositum
3270 4330 3321 4380 et
3368 4322 3550 4378 consi—

1972 4419 2103 4472 lium
2140 4433 2318 4472 meum
2354 4418 2451 4471 tibi
2486 4434 2799 4489 apponens;
2847 4432 2909 4469 ac
2940 4414 3241 4486 gratiarum
3278 4416 3548 4467 actionem

295 4505 429 4569 σίαν,
465 4503 601 4558 αὐτὸ
624 4503 685 4555 τὸ
710 4503 797 4555 ἐπ’
824 4502 948 4570 ἐμοὶ
970 4499 1227 4569 ,ἑκούσιον
1271 4500 1365 4551 xui
1408 4500 1469 4552 τὸ
1518 4500 1734 4573 θέλημά
1763 4520 1863 4574 μου

1972 4524 2070 4576 pro
2100 4508 2278 4563 hostia
2309 4508 2405 4561 tibi
2437 4506 2690 4563 oﬁ‘erens.
2718 4507 2900 4573 Quare
2930 4508 3126 4563 deinde
3160 4507 3346 4562 subdit
3376 4524 3390 4561 :
3418 4504 3550 4558 Con-

296 4598 383 4649 xui
403 4597 499 4668 τὴν
536 4595 672 4665 ἐμὴν
705 4592 1021 4665 προαίρεσιν
1056 4590 1327 4654 ἀνατιθείς
1362 4609 1466 4657 σοι,
1502 4594 1599 4663 τήν
1627 4611 1685 4647 τε
1709 4596 1868 4664 εὐχα-

298 4678 503 4757 ριστίαν
537 4686 705 4756 αὐτὴν
726 4684 845 4738 ἀντὶ
871 4682 1060 4745 θυσίας
1102 4699 1183 4734 σοι
1221 4684 1567 4754 προσφέρων.
1614 4686 1705 4738 Διὸ
1751 4703 1875 4738 συν-

295 4778 449 4832 άπτει
483 4778 612 4847 ἑξῆς
640 4776 847 4843 λέγων’
892 4773 1435 4843 Ἐξομολογήσομαι
1496 4774 1575 4840 τῷ
1626 4777 1873 4845 ὀνόματί

294 4883 423 4933 σου,
452 4871 651 4935 Κύριε,
673 4866 763 4919 ὅτι
788 4867 1037 4934 ἀγαθόν·
1073 4866 1385 4934 σαφέστατα
1438 4866 1531 4918 ἐπὶ
1563 4867 1653 4919 τοῦ
1682 4869 1875 4940 παρόν-

294 4974 378 5021 τος
400 4961 496 5030 τῆς
538 4957 976 5029 ὲξομολογήσεως
1026 4957 1145 5009 ἀντὶ
1186 4958 1535 5029 εὐχαριστίας
1582 4959 1869 5031 παραλαμ-

295 5048 611 5120 ϐανομένης.
648 5050 764 5116 Ἐφ’
798 5041 878 5110 οἷς
907 5047 1014 5118 γὰρ
1044 5048 1109 5099 ἐκ
1130 5047 1311 5118 πάσης
1342 5048 1572 5117 θλίψεως
1598 5050 1862 5123 ὲρρύσθη,

297 5142 383 5193 xui
438 5143 495 5193 ὲν
546 5142 658 5203 τοῖς
721 5137 933 5209 ἐχθροῖς
990 5137 1153 5190 αὐτοῦ
1221 5138 1431 5191 ἐπεῖδεν
1493 5141 1521 5191 ό
1583 5139 1861 5211 ὀφθαλμὸς

1973 4599 2163 4670 ﬁlebor
2208 4600 2407 4653 nomini
2449 4610 2558 4666 tuo,
2617 4598 2861 4662 Domine,
2907 4592 3156 4668 quoniam
3208 4598 3397 4651 bonum
3450 4603 3547 4649 est.

1972 4690 2334 4763 Apertissime
2369 4700 2551 4745 autem
2589 4690 2642 4743 in
2686 4689 2940 4759 praesenti
2980 4688 3256 4744 confessio
3284 4703 3385 4757 pro
3425 4702 3550 4757 gra-

1974 4786 2172 4837 tiarum
2198 4783 2415 4837 actione
2446 4782 2733 4851 accipitur.
2761 4781 2899 4846 Quia
2931 4781 3077 4837 enim
3102 4798 3167 4836 ex
3198 4781 3346 4835 omni
3375 4782 3549 4837 tribu-

1973 4872 2176 4925 latione
2221 4879 2447 4940 ereptus
2501 4879 2604 4938 est,
2651 4880 2705 4926 ct
2762 4887 2926 4941 super
2978 4872 3231 4927 inimicos
3271 4887 3403 4927 suos
3456 4872 3550 4926 de-

1976 4963 2154 5032 Spcxit
2184 4963 2380 5018 oculus
2411 4963 2605 5033 ipsius,
2637 4964 2938 5034 gratiarum
2974 4966 3220 5021 actiones
3248 4965 3469 5029 emittit,
3498 4972 3549 5018 et

1972 5055 2279 5108 voluntaria
2352 5054 2626 5110 sacriﬁcia
2703 5072 2763 5112 se
2836 5057 3175 5113 redditurum
3228 5055 3339 5112 Deo
3391 5055 3550 5129 polli-

1970 5154 2144 5200 cctur.

296 5232 474 5295 αὐτοῦ,
516 5232 607 5285 ἐπὶ
660 5230 871 5294 τούτοις
926 5229 1273 5301 εὐχαριστίας
1324 5231 1657 5301 ἀναπέμπει,
1720 5237 1812 5289 καὶ
1861 5236 1959 5301 τὰς
2014 5239 2108 5293 τοῦ
2149 5242 2510 5314 ἐκουσιασμοῦ
2561 5243 2746 5308 θυσίας
2803 5244 3191 5314 ἐπαγγέλλεται
3251 5243 3550 5308 ἀποδώσειν

298 5324 370 5393 τῷ
393 5324 530 5395 Θεῷ.

330 5416 434 5468 ΕΙΣ
472 5417 558 5469 ΤΟ
598 5416 818 5469 ΤΕΛΟΣ
1338 5419 1705 5483 ΣΥΝΕΣΕΩΣ,
1743 5421 1828 5472 Tt}

377 5577 702 5637 Ἐνώτισαι,
728 5578 761 5630 ὁ
786 5575 953 5641 θεὸς,
977 5575 1090 5643 τὴν
1119 5579 1470 5647 προσευχήν
1492 5597 1631 5647 μου,
1665 5580 1759 5632 καὶ
1776 5580 1861 5648 μὴ

301 5669 582 5737 ὺπερίδῃς
610 5669 715 5736 τὴν
747 5668 964 5737 δέησίν
985 5690 1124 5740 μου.
1182 5671 1270 5736 Ὠς
1304 5674 1400 5743 μὲν
1436 5678 1568 5745 πρὸς
1594 5675 1689 5745 τὴν
1720 5678 1860 5728 ἱστο-

370 5785 412 5814 ⁹¹
453 5783 595 5839 Psal.
636 5802 782 5849 xux,
833 5788 918 5842 Η.

2052 5426 2097 5479 I.
2144 5426 2208 5480 IN
2250 5426 2459 5483 FINEM
2488 5471 2500 5494 ,
2544 5430 2609 5483 IN
2665 5430 2960 5495 IIYMNIS,
3002 5430 3480 5490 INTELLECTUS

2548 5500 2777 5555 DAVIDI
2819 5500 2953 5556 LIV.

2046 5587 2209 5644 Vens.
2243 5591 2315 5645 2-
2340 5592 2390 5646 6.
2451 5594 2687 5656 Exaudi,
2742 5594 2903 5659 Deus,
2950 5597 3241 5649 orationem
3278 5611 3467 5659 meam,
3499 5605 3547 5649 ct

1974 5696 2034 5733 ne
2062 5681 2360 5752 despexeris
2404 5687 2818 5756 deprecatione»:
2874 5706 3059 5743 meam.
3105 5687 3413 5743 Secundum
3466 5690 3549 5749 bi-
