4010 6536
434 450 435 453 !
480 365 576 425 ru

1173 366 1261 425 EU
1274 364 1447 423 SEBM
1485 364 1973 426 CIESARIENSIS~
2001 372 2056 427 Ol

2196 364 2376 430 PARS
2416 373 2503 430 Ill.
2544 407 2614 416 —
2652 367 3060 443 EXEGETICA.

3618 381 3727 436 472

478 491 661 545 storias
694 490 959 545 rationem
990 489 1105 544 haec
1129 490 1385 545 videntur
1415 507 1444 544 a
1483 490 1686 548 Davide.
1710 493 1853 549 dicta
1887 494 2056 550 fuisse

2162 496 2300 567 ρίαν,
2328 497 2528 561 δόξειεν
2563 498 2629 550 ἂν
2670 497 2736 551 τὰ
2782 494 3116 568 προκείμενα
3161 497 3411 570 εἰρῆσθαι
3448 499 3526 571 τῷ
3565 502 3731 555 Acuti

476 597 588 651 quo
626 590 872 652 tempore
909 581 1123 651 fugiens
1151 596 1181 634 a
1221 582 1360 636 facie
1398 582 1581 637 Saulis
1610 584 1664 637 in
1695 585 1915 639 deserto
1958 600 2048 639 se-

477 675 575 727 des
601 672 851 727 habebat.
884 673 939 726 in
974 672 1331 742 sequentibus
1371 674 1553 743 itaque
1591 676 1706 729 ait:
1746 672 1879 729 Ecce
1905 676 2051 729 elon-

477 765 595 833 gaui
625 764 849 834 fugicns,
873 773 922 817 et
964 767 1137 819 mansi
1184 765 1237 817 in
1269 764 1571 819 solitudine.
1613 766 1879 831 Quoniam
1922 782 2053 821 vero

481 854 611 909 Saul
648 870 821 923 usque
846 854 911 909 ad
948 863 1177 910 mortem
1208 856 1311 926 ipsi
1354 856 1645 925 insidiatus
1672 865 1758 913 est
1788 873 1912 912 cum
1955 859 2052 913 ad-

480 944 745 999 ministris
773 947 911 1007 suis.
944 946 1152 1001 dixisse
1175 947 1387 1002 videtur
1416 964 1481 1001 ex
1523 963 1757 1018 persona
1791 951 2004 1019 propria
2036 968 2049 1004 :

479 1034 836 1092 Contristatus
866 1052 981 1092 sum
1019 1039 1073 1091 in
1106 1040 1480 1093 exercitatione
1512 1057 1645 1103 mea,
1690 1050 1738 1094 et
1773 1039 2054 1094 conturba-

477 1136 563 1180 tus
599 1145 716 1182 sum
749 1146 781 1182 a
826 1146 944 1184 voce
976 1130 1180 1183 inimici
1212 1140 1259 1183 et
1294 1148 1325 1182 a
1365 1130 1706 1184 tribulatione
1736 1131 2050 1200 peccatoris.

479 1216 744 1282 Quoniam
780 1218 1171 1273 declinaverunt
1205 1220 1259 1273 in
1300 1237 1380 1274 me
1427 1221 1777 1290 iniquitatem,
1804 1231 1852 1274 et
1884 1222 1939 1273 in
1971 1221 2053 1273 ira

476 1310 686 1366 molesti
717 1318 867 1363 erant
903 1311 1049 1364 mihi.
1088 1309 1212 1364 Haec
1256 1326 1389 1365 sane
1422 1310 1641 1380 quidem
1676 1310 1897 1366 Davidis
1932 1327 2056 1381 per-

478 1417 627 1457 sona:
660 1409 935 1470 cooptare,
974 1416 1079 1455 non
1111 1402 1209 1456 ahs
1244 1417 1302 1456 re
1350 1410 1526 1463 esset;
1582 1412 1635 1455 at
1682 1418 1789 1455 non
1835 1417 1897 1456 ea
1930 1418 2052 1473 quae

478 1500 603 1564 post
674 1493 957 1564 subjungit
1016 1512 1028 1546 :
1105 1493 1372 1558 Quoniam
1442 1494 1549 1546 ridi
1622 1494 1953 1563 iniquitatem
2008 1502 2058 1547 et

478 1585 952 1640 contradictionem
1036 1586 1092 1639 in
1165 1585 1379 1639 civitate
1435 1584 1521 1639 die
1600 1602 1663 1639 ac
1730 1587 2057 1639 nocte:cir-

476 1679 749 1734 cumdabit
796 1696 910 1733 eam
947 1696 1105 1749 super
1134 1696 1312 1733 muros
1357 1679 1494 1747 ejus,
1530 1687 1578 1733 et
1611 1681 1862 1748 iniquitas
1894 1688 1943 1733 et
1976 1678 2060 1731 la-

480 1770 575 1822 bor
618 1774 673 1822 in
720 1769 889 1822 medio
942 1770 1075 1838 ejus.
1146 1768 1215 1822 Et
1246 1786 1348 1822 non
1384 1769 1575 1837 defecit
1622 1768 1684 1823 de
1722 1769 1910 1838 plateis
1944 1771 2058 1837 ejus

479 1876 643 1914 usura
686 1868 735 1915 et
768 1860 943 1913 dolus.
1004 1860 1269 1926 Quoniam
1318 1861 1364 1913 si
1408 1860 1653 1913 inimicus
1703 1858 2058 1915 maledixisset
2093 1838 2132 1890 Β

479 1949 630 2015 mihi,
690 1951 1059 2004 sustinuissent
1097 1951 1293 2018 utique,
1332 1958 1384 2003 et
1412 1958 1625 2003 caetera.
1674 1947 1846 2013 Quam
1877 1948 2064 2001 civita-

478 2052 583 2095 tem
618 2042 926 2111 signiﬁcare
955 2042 1113 2105 velit,
1145 2040 1199 2094 in
1224 2056 1329 2110 qua
1378 2042 1490 2094 haec
1512 2041 1625 2094 visa
1667 2040 1803 2107 sint,
1835 2054 1955 2109 quae
1980 2040 2057 2094 vi—

477 2133 627 2187 disse
667 2148 725 2187 se
766 2142 1185 2195 commemorat,
1242 2147 1351 2187 non
1394 2140 1570 2203 potest
1595 2132 1718 2201 quis
1743 2147 1809 2186 ex
1833 2132 2059 2186 historia

478 2223 771 2292 expiscari.
829 2222 965 2289 Quis
1013 2237 1143 2277 vero
1182 2222 1272 2276 ille
1311 2236 1473 2291 quem
1513 2222 1595 2275 sic
1633 2221 1948 2290 alloquitur,
1981 2221 2058 2275 Tu

478 2327 598 2365 vero
639 2310 792 2364 homo
836 2312 1102 2365 unanimis
1125 2350 1140 2375 ,
1176 2311 1287 2365 dum
1318 2327 1464 2364 meus
1505 2320 1553 2364 et
1584 2321 1739 2364 notus
1768 2326 1943 2373 meus,
1969 2311 2061 2379 qui

478 2403 643 2459 simul
678 2419 886 2467 mecum
934 2403 1115 2458 dulces
1165 2403 1413 2474 cupiebas
1445 2403 1634 2458 cibos?
1685 2403 1742 2457 Si
1783 2402 1950 2466 enim,
1982 2402 2061 2455 in-

478 2496 620 2567 quit,
648 2496 786 2562 htec,
819 2497 1042 2551 inimico
1066 2496 1352 2559 inferente.
1376 2496 1516 2550 mala
1535 2510 1827 2566 perpessus
1843 2510 2055 2559 essem;

479 2596 576 2642 aut
621 2588 669 2644 si
711 2588 836 2659 quis
877 2588 1003 2643 odio
1034 2603 1121 2643 me
1157 2588 1358 2643 habere
1387 2587 1670 2657 professus
1696 2585 2055 2661 designasset,

478 2679 557 2734 nil
587 2678 785 2733 mirum
808 2688 973 2737 esset.
1008 2678 1164 2734 Nunc
1194 2687 1375 2734 autem
1403 2694 1579 2748 neque
1608 2679 1855 2734 infensus
1883 2694 2058 2748 neque

479 2768 740 2825 inimicus
761 2769 916 2836 mihi,
934 2770 1029 2825 sed
1057 2785 1288 2827 consors
1312 2778 1364 2825 et
1390 2771 1619 2834 amicus,
1644 2772 1753 2825 imo
1777 2785 1905 2825 vero
1930 2784 2060 2823 una-

479 2858 664 2921 nimis,
700 2869 753 2913 et
793 2860 903 2914 dux
953 2875 983 2913 a
1031 2877 1116 2915 me
1142 2862 1495 2925 constitutus,
1543 2861 1819 2915 comnmni
1869 2874 2055 2915 mensa

479 2949 754 3019 dignatus,
779 2958 832 3004 et
876 2949 1131 3013 fortasse,
1166 2952 1259 3020 qui
1291 2967 1397 3005 una
1447 2966 1656 3005 meeum
1687 2951 1964 3020 ingressus
1999 2951 2053 3005 in

480 3038 701 3093 domum
740 3038 831 3095 Dei
876 3049 930 3096 et
972 3043 1236 3098 orationis
1282 3057 1514 3097 consors
1554 3050 1705 3108 erat,
1738 3044 1937 3097 taliane
1966 3043 2059 3097 ad-

479 3143 701 3183 versum
736 3145 822 3183 me
864 3130 1082 3199 aggredi
1134 3146 1301 3186 ausus
1330 3131 1427 3187 es?
1456 3129 1581 3185 Haec
1602 3130 1793 3201 :autem
1836 3134 2052 3202 propria
2082 3162 2123 3218 α

480 3233 713 3289 persona
749 3220 931 3276 dicere
952 3220 1228 3287 Davldem,
1254 3237 1362 3276 non
1389 3223 1546 3277 video
1567 3238 1675 3292 qua
1698 3224 1908 3279 ratione
1930 3238 2057 3278 con-

480 3317 630 3363 stare
680 3308 873 3379 possit.
925 3308 1111 3380 Neque
1156 3312 1301 3365 enim
1349 3309 1478 3365 Saul
1517 3312 1793 3367 unanimis
1824 3313 1927 3383 ipsi
1965 3320 2058 3367 aut

479 3398 697 3454 amicus
747 3407 897 3467 erat;
943 3401 1059 3456 sive
1096 3402 1396 3457 secundum
1448 3401 1854 3473 Symmachum,
1901 3407 2056 3460 unius

482 3488 670 3542 moris.
704 3487 961 3554 Quanam
993 3504 1206 3545 morum
1229 3491 1531 3548 similitudo
1568 3492 1732 3549 fuerit
1756 3495 1896 3550 inter
1920 3496 2056 3550 duo-

482 3595 604 3634 rum
631 3581 822 3644 vitam,
851 3583 944 3651 qui
994 3589 1202 3636 tantum
1234 3584 1377 3639 inter
1399 3600 1459 3639 se
1482 3584 1780 3640 dill'erunt?
1826 3585 1930 3642 Sed
1961 3604 2056 3643 ne-

480 3685 587 3741 que
620 3672 895 3726 unanimis
945 3671 1133 3727 Davidi
1183 3690 1422 3745 unquam
1455 3676 1555 3730 fuit
1589 3675 1739 3742 Saul,
1779 3694 1954 3748 neque
1981 3681 2057 3733 le-

479 3762 625 3832 gitur
668 3762 880 3832 uspiam
932 3763 988 3817 in
1036 3764 1285 3829 historia,
1325 3766 1470 3835 ipsos
1513 3782 1637 3821 cum
1684 3783 1953 3823 consensu
1999 3770 2054 3823 in

478 3853 644 3908 domo
668 3852 764 3909 Dei
787 3855 1118 3911 ambulasse.
1155 3855 1260 3911 Sed
1286 3857 1450 3927 liquet
1472 3856 1689 3912 Saulem
1714 3874 1928 3927 semper
1948 3859 2053 3913 Da-

477 3945 587 3999 vidi
618 3953 804 4015 aperte
848 3946 1132 4001 inimicum
1169 3946 1373 4013 fuisse;
1424 3947 1548 4016 jure
1573 3963 1702 4017 ergo
1739 3948 1977 4019 fugiebat
2002 3959 2056 4005 et

479 4037 849 4092 abseondehat
888 4053 949 4093 se
996 4040 1064 4093 ah
1106 4039 1234 4103 illo,
1279 4040 1434 4109 quasi
1468 4056 1498 4092 ιι
1525 4040 1814 4095 manifesto
1836 4042 2055 4101 inimico

478 4135 681 4176 cavens
725 4122 849 4176 sibi.
907 4122 1011 4178 Sed
1040 4125 1205 4178 etiam
1252 4141 1373 4195 qua:
1402 4127 1469 4181 de
1498 4137 1794 4182 memorata
1823 4130 1954 4184 urbe
1984 4131 2058 4186 fe-

476 4219 697 4278 runtur,
729 4229 1071 4284 nequaquam
1098 4215 1316 4273 Davidis
1342 4218 1585 4274 historia:
1614 4212 1958 4276 conveniant.
1990 4223 2052 4279 ln

477 4316 586 4372 qua
618 4302 764 4357 enim
813 4304 1035 4360 civitate
1087 4305 1259 4374 illam,
1296 4324 1458 4379 quam
1508 4311 1664 4373 dicit,
1712 4311 2050 4381 iniquitatem

476 4390 614 4446 vidit
641 4400 695 4447 et
722 4393 1234 4464 contradictionem,
1263 4414 1369 4453 non
1401 4400 1487 4455 die
1520 4402 1720 4464 solum,
1753 4404 1847 4458 sed
1888 4406 2051 4461 etiam

2152 587 2273 640 καθ’
2297 588 2389 652 οῦς
2412 589 2771 659 ἀπεδίδρασκε
2798 589 3041 660 χρόνους,
3065 589 3277 658 φεύγων
3306 589 3412 643 ἀπὸ
3434 593 3725 663 προσώπου

2156 680 2325 733 Σαοὺλ
2347 720 2361 744 ,
2413 683 2471 733 ἐν
2503 684 2620 744 ταῖς
2657 681 2881 752 ἐρήμοις
2925 682 3024 744 τὰς
3057 681 3339 752 διατριϐὰς
3386 682 3721 753 ποιούμενος.

2152 770 2380 838 Λέγειδ’
2409 766 2500 823 οὖν
2534 770 2661 840 ἑξῆς
2696 771 2929 841 προϊών·
2988 770 3131 825 Ἰδοὺ
3177 772 3480 841 ἐμάκρυνα
3533 792 3725 843 φυγα-

2151 862 2361 921 δεύων.
2418 862 2514 915 καὶ
2556 864 2865 930 nimico-nr
2904 863 2975 915 ἐν
3016 861 3091 930 τῇ
3134 862 3347 932 ἐρήμῳ.
3396 866 3504 917 Καὶ
3537 866 3725 937 ἐπειδὴ

2158 956 2318 1027 μέχρι
2344 955 2576 1008 Θανάτου
2605 954 2965 1008 ἐπεϐούλευεν
3004 953 3152 1024 αύτῷ
3176 954 3346 1007 Σαοὺλ
3384 956 3476 1009 καὶ
3506 956 3555 1007 oi
3587 973 3725 1027 συμο-

2155 1045 2483 1114 πράττοντες
2514 1042 2681 1114 αύτῷ,
2715 1039 2866 1096 εἶπεν
2892 1043 2959 1096 ἂν
2990 1044 3046 1109 ἐξ
3074 1044 3274 1097 οἰκείου
3316 1045 3605 1116 προσώπου
3630 1048 3725 1100 καὶ

2152 1134 2234 1199 τὸ,
2278 1135 2622 1202 Ἐλυπήθην
2647 1136 2718 1187 ἐν
2738 1133 2811 1201 τῇ
2845 1133 3174 1203 ἀδολεσχίᾳ
3202 1152 3343 1203 μου,
3385 1137 3480 1188 καὶ
3513 1137 3725 1204 ἐταρὰ-

2154 1230 2309 1296 χθην
2350 1226 2465 1281 ἀπὸ
2491 1226 2696 1295 φωνῆς
2720 1226 2939 1296 ἐχθροῦ
2972 1228 3070 1279 καὶ
3103 1227 3221 1281 ἀπὸ
3258 1228 3514 1294 θλίψεως
3542 1229 3725 1297 ἀμαρο

2154 1317 2366 1371 τωλοῦ.
2413 1319 2538 1370 ’Ότι
2578 1316 2897 1381 ἐξέκλιναν
2936 1318 3028 1371 ἐπ’
3061 1318 3166 1385 ἐμε
3204 1318 3475 1386 ἀνομίαν,
3520 1321 3615 1372 καί
3655 1322 3726 1372 ἐν

2155 1408 2299 1477 ὀργῇ
2317 1409 2635 1462 ἐπικότουν
2648 1425 2766 1477 μοι.
2799 1408 2984 1460 Ταῦτα
3023 1408 3121 1477 μὲν
3149 1404 3240 1461 οῦν
3270 1409 3506 1479 ἁρμόσαι
3527 1409 3603 1479 τῷ
3631 1410 3723 1463 τοῦ

2155 1498 2315 1551 Δαυτὸ
2346 1496 2620 1570 προσώπῳ
2648 1499 2707 1550 ού
2730 1498 2986 1569 δυσχερές
3004 1516 3017 1529 ·
3050 1499 3110 1551 οὐ
3145 1499 3248 1569 μὴν
3274 1500 3454 1553 καὶτὰ
3483 1499 3630 1570 ἑξῆς,
3668 1504 3727 1553 ἐν

2155 1582 2235 1651 οἷς
2259 1587 2529 1654 ἐπιλέγει·
2570 1588 2696 1639 Ὅτι
2726 1583 2889 1640 είδον
2930 1588 3186 1655 ἀνομίαν
3232 1588 3330 1641 καί
3378 1590 3727 1659 ἀντιλογίαν

2154 1678 2225 1731 ἐν
2252 1676 2326 1746 τῇ
2358 1679 2529 1731 πόλει
2554 1677 2777 1746 ἡμέρας
2806 1678 2904 1732 καὶ
2923 1680 3141 1745 νυκτός
3160 1697 3173 1709 ο
3196 1680 3494 1735 κυκλώσει
3531 1683 3730 1749 αὐτὴν

2157 1768 2251 1820 ἐπὶ
2276 1767 2347 1820 τὰ
2373 1768 2542 1835 τείχη
2562 1767 2771 1835 αὐτῆς,
2800 1768 2895 1820 καὶ
2915 1768 3132 1836 ἀνομία
3153 1770 3246 1821 καὶ
3272 1771 3456 1835 κόπος
3473 1770 3726 1840 ἐνμέσῳ

2161 1859 2365 1927 αὐτῆς.
2394 1864 2502 1913 Καὶ
2529 1863 2637 1914 οὐκ
2659 1860 2937 1925 ἐξέλιπεν
2966 1861 3033 1915 ἐκ
3067 1860 3183 1916 τῶν
3209 1862 3505 1915 πλατειῶν
3535 1862 3727 1931 αὐτῆς

2160 1951 2334 2016 τόκος
2392 1950 2488 2003 καί
2546 1952 2743 2017 δόλος.
2788 1954 2926 2016 Ὅτι,
2984 1953 3035 2004 εί
3061 1952 3272 2020 ἐχθρὸς
3308 1952 3578 2006 ὠνείδισέ
3627 1972 3723 2023 με,

2159 2038 2467 2108 ὑπήνεγκα
2497 2039 2591 2104 ἂν,
2624 2043 2717 2093 καὶ
2744 2042 2811 2093 τὰ
2843 2042 2986 2110 ἑξῆς.
3024 2042 3187 2094 Ποίαν
3216 2042 3324 2112 γὰρ
3352 2042 3503 2095 πόλιν
3544 2043 3726 2112 βούλε-

2159 2147 2246 2183 ται
2274 2132 2573 2202 σημαίνειν,
2608 2132 2690 2201 ἐφ’
2708 2128 2777 2203 ἦς
2805 2132 2975 2185 ταῦτα
2998 2131 3269 2194 τεθέαται,
3296 2133 3332 2186 ἆ
3357 2150 3518 2201 φησιν
3551 2135 3725 2203 ἐώρα-

2159 2222 2333 2287 κέναι,
2355 2223 2454 2275 οὐκ
2485 2222 2549 2275 ἂν
2573 2221 2686 2292 ἔχοι
2719 2240 2803 2286 τις
2846 2224 2953 2276 ἀπὸ
2982 2223 3080 2293 τῆς
3128 2224 3365 2294 ἱστορίας
3401 2226 3592 2279 εἰπεῖν.
3630 2225 3723 2288 Τίς

2157 2312 2213 2365 δὲ
2231 2307 2386 2377 οὗτος
2410 2311 2475 2384 ἦν
2508 2307 2552 2381 ᾧ
2584 2314 2920 2384 προσεφώνει
2950 2315 3124 2383 λέγων
3144 2334 3158 2349 ο
3190 2316 3274 2369 Σὺ
3307 2315 3370 2369 δὲ
3397 2359 3411 2381 ,
3457 2316 3725 2383 ἄνθρωπε

2160 2406 2439 2473 ίσόψουχε,
2467 2405 2701 2474 ἡγεμών
2720 2423 2840 2475 μου
2868 2406 2967 2459 καὶ
2992 2407 3223 2476 γνωστέ
3246 2425 3385 2475 μου,
3428 2407 3496 2473 ὃς
3522 2408 3619 2461 ἐπὶ
3657 2408 3724 2461 τὸ

2158 2496 2300 2548 αὐτὸ
2339 2496 2674 2564 ὲγλὺκανάς
2714 2515 2815 2566 μοι
2844 2496 3179 2567 ἑδέσματα;
3214 2499 3276 2552 Et
3330 2499 3426 2568 μὲν
3473 2500 3583 2569 γὰρ
3633 2499 3724 2553 ὑπ’

2158 2586 2350 2657 ἐχθροῦ
2389 2587 2540 2640 ταῦτ’
2588 2588 2844 2659 ἔπασχον,
2900 2589 3143 2661 φησὶν,ῆ
3190 2592 3237 2642 εί
3271 2592 3423 2659 μῖσος
3452 2589 3724 2659 ὁμολογῶν

2156 2696 2238 2742 τις
2269 2679 2410 2748 ἔχειν
2435 2680 2571 2750 πρός
2609 2697 2675 2751 με
2711 2680 2860 2734 ταῦτ’
2892 2681 3085 2747 ἐποίει,
3119 2681 3272 2733 οὐδὲν
3294 2676 3362 2751 ἦν
3392 2680 3720 2751 θαυμαστόν·

2156 2771 2272 2822 νυνὶ
2302 2769 2357 2822 δέ
2395 2769 2518 2823 οὒτε
2552 2772 2723 2840 μισῶν
2744 2771 2867 2824 οὔτε
2892 2771 3113 2843 ἐχθρὸς,
3148 2773 3385 2843 συνήθης
3426 2772 3482 2824 δέ
3524 2771 3599 2825 ὣν
3632 2774 3725 2826 καὶ

2158 2860 2326 2929 φίλος,
2366 2861 2613 2932 ίσάᾷυχός
2637 2879 2696 2913 τε
2729 2863 2823 2915 καὶ
2852 2862 3072 2933 ἡγεμὼν
3101 2862 3191 2916 ὑπ’
3219 2863 3352 2934 ἐμοῦ
3385 2863 3723 2933 καθεσταμέ-

2156 2968 2264 3017 νος,
2296 2952 2481 3021 κοινῆς
2508 2969 2564 3005 τε
2606 2953 2883 3023 τραπέζης
2917 2953 3129 3024 ἀξίωμα
3155 2954 3313 3024 ἔχων,
3368 2955 3479 3007 ἴσον
3515 2956 3643 3024 μιᾶς
3667 2972 3723 3007 τε

2156 3044 2247 3096 καὶ
2275 3043 2371 3113 τῆς
2409 3044 2577 3113 αὐτῆς
2622 3045 2678 3094 ἐν
2707 3042 2785 3112 τῷ
2807 3043 2941 3113 οἴκῳ
2972 3044 3064 3096 τοῦ
3094 3043 3229 3096 Θεοῦ
3262 3044 3466 3096 εἰσόδου
3506 3061 3595 3112 μοι
3634 3047 3724 3097 καὶ

2156 3134 2321 3204 εὐχῆς
2357 3134 2765 3203 κεκοινωνηκὼς
2790 3176 2805 3199 ,
2854 3134 3077 3188 τοιαῦτα
3105 3137 3186 3199 είς
3217 3136 3316 3206 ἐμὲ
3347 3136 3721 3207 τετόλμηκας;

2158 3226 2341 3280 Ταῦτα
2365 3225 2422 3279 δὲ
2456 3226 2546 3279 τὸν
2578 3225 2738 3279 Δαυῖδ
2764 3222 2941 3295 λέγειν
2964 3224 3022 3291 ἐξ
3049 3227 3247 3279 οἰκείου
3279 3226 3588 3298 προσώπου,
3626 3228 3725 3279 οὐκ

2156 3308 2249 3365 οἷδ’
2271 3313 2324 3365 εἴ
2346 3331 2465 3367 τινα
2493 3312 2604 3383 ἔχοι
2635 3314 2811 3381 λόγον.
2842 3313 2979 3368 Οὔτε
3009 3315 3116 3388 γὰρ
3144 3316 3314 3369 Σαοὺλ
3357 3316 3605 3387 ἰσόψυχος
3631 3319 3725 3369 αὐ-

2155 3402 2249 3455 τοῦ
2284 3402 2315 3473 ἦ
2348 3403 2518 3471 φίλος,
2545 3404 2602 3472 ἢ,
2633 3404 2775 3456 κατὰ
2805 3406 2895 3458 τὸν
2923 3406 3239 3477 Σύμμαχον,
3276 3408 3601 3475 ὁμότροπος
3628 3404 3715 3478 ἦν.

2156 3494 2289 3547 Ποία
2333 3494 2443 3565 γὰρ
2477 3497 2827 3567 ὁμοιοτροπία
2858 3498 3052 3567 γένοιτ’
3107 3497 3173 3551 ἂν
3224 3500 3281 3550 ἐν
3315 3502 3424 3562 τοῖς
3454 3499 3724 3569 ἑκατέρων

2157 3583 2291 3654 βίοις
2340 3586 2598 3655 πάμπολυ
2634 3586 3070 3654 διαλλάττουσιν;
3128 3588 3264 3641 Ἀλλ’
3311 3590 3431 3643 οὺδέ
3477 3591 3724 3661 ίσόψυχος

2157 3675 2372 3729 πώποτε
2412 3677 2599 3746 γέγονε
2631 3678 2709 3748 τῷ
2738 3678 2900 3731 Δαυῒδ
2926 3681 2954 3732 ὁ
2985 3678 3155 3732 Σαοὺλ
3174 3720 3189 3744 ,
3220 3680 3339 3733 ούδέ
3377 3682 3435 3732 ἐν
3466 3680 3544 3751 τῷ
3593 3680 3723 3751 οἴκῳ

2154 3767 2247 3820 τοῦ
2278 3766 2411 3820 Θεοῦ
2446 3769 2782 3840 ἱστοροῦνται
2814 3769 3031 3822 πώποτε
3068 3770 3464 3840 πεπορευμένοι
3504 3773 3561 3822 ἐν
3591 3773 3721 3840 ὁμο-

2156 3864 2289 3933 νοίᾳ.
2328 3862 2625 3934 Προφανῶς
2651 3863 2696 3915 δ’
2727 3862 2917 3934 ἐχθρὸς
2942 3865 2969 3915 ό
2994 3862 3164 3915 Σαοὺλ
3185 3863 3277 3914 τοῦ
3306 3863 3465 3915 Δαυῖδ
3496 3864 3720 3916 πάντοτε

2155 3953 2402 4020 φαίνεται
2437 3951 2673 4020 γεγονώς
2698 3969 2711 3983 ο
2743 3952 2939 4020 ἔφευγε
2964 3951 3009 4003 δ’
3027 3947 3119 4004 οὖν
3150 3952 3311 4003 αὑτὸν
3343 3952 3565 4014 εἰκότως
3584 3992 3597 4011 ,
3630 3950 3720 4004 καὶ

2154 4044 2476 4112 ἐκρύπτετο,
2518 4043 2593 4105 ώς
2625 4044 2858 4113 φανερὸν
2890 4042 3081 4114 ἐχθρὸν
3113 4042 3526 4113 φυλαττόμενος.
3586 4043 3719 4095 Ἀλλ’

2153 4134 2273 4187 οὐδὲ
2298 4134 2365 4187 τὰ
2388 4134 2515 4203 περί¹
2542 4134 2642 4203 τῆς
2674 4135 2970 4206 εἰρημένης
3000 4135 3205 4199 πόλεως
3227 4136 3530 4208 ἐφαρμόσαι
3556 4135 3619 4188 ἄν
3640 4152 3720 4199 τις

2153 4228 2217 4296 τῇ
2244 4226 2382 4279 κατά
2417 4225 2508 4279 τὸν
2545 4224 2708 4278 Δαυῒδ
2744 4226 2972 4297 ἱστορίᾳ.
3017 4228 3105 4279 Ἐν
3130 4227 3258 4297 ποίᾳ
3290 4226 3399 4295 γὰρ
3433 4223 3537 4279 εἶδε
3574 4225 3719 4277 πόλει

2152 4316 2219 4386 ἦν
2247 4333 2410 4387 φησιν
2433 4315 2661 4386 ἀνομίαν
2690 4316 2784 4368 καὶ
2808 4316 3113 4385 ἀντιλογίαν
3131 4357 3146 4381 ,
3189 4319 3251 4370 οὐ
3295 4317 3453 4387 μόνον
3491 4317 3716 4388 ἡμέρας,

2152 4406 2287 4461 ἀλλὰ
2317 4408 2411 4460 καὶ
2433 4407 2644 4472 νυκτὸς,
2670 4408 2839 4462 κόπον
2872 4425 2930 4461 τε
2972 4411 3066 4463 καὶ
3101 4410 3282 4475 πόνον,
3308 4409 3517 4463 ἀδικίαν
3541 4426 3601 4461 τε
3630 4409 3720 4461 καὶ

476 4490 670 4551 nocte;
726 4485 967 4541 laborem
1021 4487 1148 4543 item
1191 4497 1245 4545 et
1290 4491 1555 4555 dolorem,
1611 4493 1954 4563 iniquitatem
1998 4508 2051 4553 et

2154 4499 2306 4552 τόκον
2337 4500 2399 4550 ἐκ
2422 4498 2529 4551 τῶν
2554 4500 2824 4553 πλατειῶν
2846 4501 3018 4571 αὐτῆς
3046 4502 3119 4571 μὴ
3150 4500 3501 4564 ἐκλείποντας
3530 4501 3592 4552 Ἠ
3625 4501 3719 4569 μὲν

475 4589 699 4628 usmam
728 4590 794 4630 ex
821 4576 1013 4646 plateis
1043 4576 1163 4648 ejus
1190 4594 1295 4633 non
1335 4579 1713 4637 deiicientem?
1755 4583 1889 4639 Nam
1919 4587 2049 4643 urbs

475 4665 693 4734 quidem
727 4666 933 4733 Saulis,
984 4666 1154 4723 ﬂama
1200 4671 1485 4727 dicebatur
1509 4690 1663 4739 esse;
1713 4676 2047 4732 domicilium

472 4748 613 4825 ejus,
642 4756 843 4824 Gabee,
870 4775 993 4813 cum
1027 4762 1267 4817 nondum
1291 4762 1592 4821 Jerusalem
1617 4764 1803 4823 lsraeli
1833 4768 2047 4823 subdita

472 4858 639 4912 esset,
672 4850 765 4904 sed
790 4850 855 4902 ad
880 4851 1180 4922 allupliylos
1212 4856 1526 4923 pertineret.

542 4937 697 5001 Quod
748 4949 927 4993 autem
967 4942 1215 4997 videatur
1258 4944 1427 5000 David
1460 4946 1611 5001 diras
1653 4947 1943 5018 imprecari
1972 4948 2049 5003 di-

471 5044 605 5084 cens
640 5047 653 5082 :
699 5029 887 5083 Veniat
918 5049 1058 5087 mors
1093 5050 1250 5103 super
1284 5036 1427 5101 illos,
1459 5047 1508 5091 et
1542 5038 1857 5093 descendant
1895 5044 1947 5093 in
1973 5041 2050 5094 in-

472 5118 677 5187 fernum
714 5121 963 5189 virentes,
994 5140 1155 5193 quam
1187 5125 1500 5182 aliinitatem
1536 5131 1730 5185 habeat
1757 5146 1881 5186 cum
1913 5148 2049 5200 pra:-

471 5212 619 5265 clara
638 5212 729 5265 illa
751 5213 871 5280 ejus
894 5214 1274 5288 celebrataque
1305 5220 1524 5283 virtute,
1552 5237 1660 5291 qua
1687 5222 1895 5278 dixisse
1918 5224 2050 5278 scri-

472 5298 619 5353 httur
652 5318 664 5353 :
697 5298 757 5355 Si
786 5301 992 5355 reddidi
1017 5306 1423 5362 retribuentibus
1450 5311 1575 5364 mihi
1606 5313 1778 5379 mala,
1808 5313 2048 5368 decidant

2151 4590 2258 4662 γὰρ
2292 4590 2446 4653 πόλις
2490 4590 2584 4644 τοῦ
2638 4592 2808 4646 Σαοὺλ
2842 4593 3059 4660 ἐλέγετο
3091 4590 3229 4645 εἶναι
3258 4595 3291 4663 ὴ
3334 4593 3510 4663 Ῥαμὰ
3530 4632 3545 4657 ,
3576 4593 3636 4645 τὸ
3674 4592 3719 4644 δ’

2150 4684 2462 4753 οἰκητήριον
2505 4682 2667 4734 αὑτοῦ
2696 4686 2729 4753 ἡ
2773 4683 2977 4748 Γαὸεὲ,
3027 4682 3178 4736 οὔπω
3223 4684 3319 4753 τῆς
3374 4683 3718 4753 Ἰερουσαλὴμ

2152 4774 2256 4826 ὑπὸ
2306 4772 2384 4844 τῷ
2448 4773 2663 4845 Ἰσραὴλ
2727 4775 3063 4846 γενομένης,
3128 4774 3239 4828 ἀλλ’
3296 4774 3375 4827 ἔτι
3412 4774 3719 4842 ἀλλοφύλων

2148 4864 2332 4934 οὔσης.

2219 4956 2292 5008 Τὸ
2315 4957 2359 5009 δ’
2386 4958 2697 5028 ἐπαρᾶσθαι
2719 4958 2894 5011 δοκεῖν
2922 4958 3010 5011 τὸν
3034 4957 3215 5020 Δαυῖδ,
3238 4958 3331 5011 καὶ
3360 4956 3558 5025 λέγειν’
3592 4958 3718 5010 Ἐλ-

2150 5048 2294 5103 θέτω
2327 5046 2582 5113 θάνατος
2608 5048 2700 5100 ἐπ’
2726 5048 2974 5114 αὐτοὺς,
3020 5049 3114 5103 καὶ
3161 5047 3591 5113 καταόήτωσαν
3634 5049 3716 5112 εις

2149 5139 2296 5207 ᾅδου
2330 5138 2540 5204 ζῶντες
2564 5178 2579 5200 ,
2612 5139 2769 5191 ποίαν
2793 5138 2903 5208 ἔχοι
2942 5140 3258 5209 συμφωνίαν
3293 5138 3427 5209 πρὸς
3446 5139 3507 5190 τὸ
3537 5154 3718 5206 σεμνοο

2148 5227 2366 5298 λόγημα
2396 5228 2493 5297 τῆς
2521 5228 2866 5298 ὑμνουμένης
2893 5227 3056 5279 αὑτοῦ
3090 5228 3308 5299 ἀρετῆς,
3345 5227 3429 5295 ἐφ’
3455 5220 3522 5295 ἧς
3547 5225 3716 5292 λέγων

2148 5315 2558 5385 ἀναγέγραπται
2579 5332 2590 5343 ·
2616 5317 2684 5367 E2
2702 5314 3087 5368 ἁνταπέδωκα
3104 5314 3226 5381 τοῖς
3251 5312 3716 5369 ἀνταποδιδοῦσί

472 5398 536 5444 as
564 5391 793 5447 inimicis
832 5394 957 5447 meis
992 5394 1210 5453 inanis?
1271 5397 1406 5452 Nam
1439 5402 1576 5456 tales
1628 5404 2046 5471 imprecationes

2154 5423 2240 5473 μοι
2262 5410 2435 5467 κακὰ,
2466 5405 2842 5471 ἀποπεσείην
2879 5404 2992 5472 ἆρα
3028 5404 3146 5458 ἀπὸ
3186 5404 3304 5458 τῶν
3345 5404 3573 5474 ἐχθρῶν
3598 5421 3714 5473 μου

473 5482 526 5535 in
554 5482 740 5539 hostes
766 5483 959 5549 edere,
1001 5502 1107 5542 non
1153 5487 1477 5558 iniuriarum
1531 5492 1865 5548 immemoris
1892 5494 2047 5547 Davi-

470 5574 558 5630 dts
586 5575 766 5631 fuerit.
796 5577 919 5643 Qui,
946 5588 1005 5632 ut
1029 5579 1083 5633 in
1111 5580 1338 5635 historia
1370 5593 1643 5649 narratur,
1675 5600 1891 5655 semper
1915 5586 2047 5639 Sau-

472 5665 576 5720 lem
607 5667 661 5721 in
688 5668 896 5725 honore
924 5681 977 5726 et
1003 5672 1177 5741 pretio
1222 5673 1431 5738 habuit,
1473 5683 1532 5727 ut
1563 5690 1631 5729 ne
1665 5675 1885 5731 auderet
1922 5679 2043 5747 qui-

471 5755 591 5810 dem
643 5759 744 5827 ipsi
787 5776 982 5817 manus
1012 5762 1236 5829 inferre,
1288 5767 1446 5821 etiam
1475 5782 1598 5820 cum
1633 5767 1781 5822 illum
1812 5768 1866 5823 in
1900 5779 2043 5840 pote-

2149 5498 2359 5562 κενός;
2392 5496 2452 5548 τὸ
2480 5496 2586 5567 γὰρ
2614 5496 2868 5558 τοιαύτας
2910 5496 3048 5567 ἀρὰς
3087 5494 3446 5565 κατεύχεσθαι
3481 5495 3590 5546 τῶν
3626 5495 3713 5565 ἐχ-

2147 5590 2309 5660 θρῶν,
2341 5590 2439 5643 οὐκ
2469 5588 2533 5641 ἂν
2562 5590 2646 5659 εἴη
2674 5587 2766 5641 τοῦ
2795 5587 3114 5653 ἀνεξικὰκου
3154 5587 3314 5640 Δαυῒδ
3337 5629 3351 5649 ,
3382 5587 3440 5649 ὃς
3487 5586 3713 5640 πάντοτε

2144 5681 2318 5752 τιμῶν
2362 5682 2455 5733 καὶ
2496 5679 2657 5743 σέϐας
2693 5679 2830 5749 ἔχων
2880 5677 2974 5732 τοῦ
3008 5678 3196 5739 Σαοὺλ,
3236 5677 3310 5741 ώς
3358 5678 3491 5752 μηᾷὲ
3515 5678 3713 5746 τολμᾷν

2148 5772 2457 5828 ἐπιϐάλλειν
2486 5772 2633 5842 αὐτῷ
2656 5775 2860 5843 χεῖρας,
2885 5773 2973 5824 ὅτε
2998 5772 3091 5829 καί
3114 5789 3240 5826 ποτε
3280 5770 3586 5842 ὑποχείριον
3623 5771 3716 5822 αὑ·-
