4010 6514
299 346 410 402 απ»

1439 332 1943 409 communem
1984 343 2047 399 IN
2088 342 2427 402 PSALMOS.

3460 350 3567 405 4ῗὸ

301 462 396 515 τὸν
420 461 662 534 εἴληφεν,
712 465 770 531 ἐξ
802 465 973 536 αὐτῆς
1000 466 1274 521 δείκνυται
1322 466 1423 537 τῆς
1452 467 1710 537 ἱστορίας.
1767 464 1874 517 Καὶ

1980 468 2120 515 state
2148 461 2356 515 habuit.
2425 460 2490 515 Et
2519 460 2573 516 in
2597 441 2952 532 sequentibus
2984 461 3138 517 addit
3171 482 3182 516 :
3215 460 3414 515 Molliti
3444 474 3567 515 sunt

302 552 513 622 προῖὼν
546 554 601 607 δὲ
632 555 871 624 ὲπιλέγει
894 574 907 587 ·
947 558 1405 623 Ἠπαλύνθησαν
1437 558 1490 610 ot
1508 558 1674 625 λόγοι
1697 554 1883 609 αὑτοῦ

303 641 460 710 ὑπὲρ
487 644 716 707 ἔλαιον,
743 646 841 699 καί
863 648 1034 700 αὐτοί
1065 649 1183 700 εἱσι
1227 645 1495 712 βολίδες.
1528 646 1661 699 Τίνα
1697 641 1789 699 οὖν
1819 644 1884 699 ἀν

300 750 388 796 τις
416 733 527 805 ἔχοι
566 734 734 801 δεῖξαι
762 738 851 789 τὸν
880 737 1050 791 ταῦτα
1078 738 1155 808 τῷ
1183 737 1342 791 Δαυῖδ
1372 738 1740 809 πεποιηκότα;
1796 735 1884 801 Ἐξ

302 818 379 879 ὧν
407 827 661 879 ἁπάντων
692 828 931 899 ἡγοῦμαι
976 830 1050 901 μὴ
1103 830 1285 901 χώραν
1321 830 1465 901 ἔχειν
1511 828 1882 901 ἀναφέρεσθαι

301 918 373 971 τὰ
410 920 747 990 προκείμενα
780 923 872 974 ἐπὶ
897 924 959 975 τὸ
985 924 1079 976 τοῦ
1110 924 1272 979 Δαυῖδ
1302 926 1590 996 πρόσωπον
1613 942 1628 956 ⁸
1667 942 1883 997 προφη-

300 1015 432 1083 τικῇ
464 1013 521 1066 δὲ
550 1009 703 1085 οἶμαι
725 1016 950 1087 δυνάμει
977 1017 1223 1088 λελέχθαι
1260 1017 1397 1072 αὐτά
1422 1056 1436 1081 ,
1466 1020 1558 1071 καὶ
1598 1019 1691 1071 ἐπὶ
1723 1019 1881 1089 μόνον
1904 1046 1915 1061 κ

301 1102 396 1155 τὸν
430 1105 655 1177 Σωτῆρα
678 1107 774 1159 καὶ¹
804 1106 1006 1177 Κύριον
1032 1108 1187 1179 ἡμῶν
1209 1109 1558 1163 συνίστασθαι
1586 1109 1880 1179 πεπληρω-

303 1193 466 1261 μένα,
491 1197 601 1261 ὅτε,
633 1201 771 1251 κατὰ
789 1199 851 1251 τὺ
884 1200 1016 1252 αὐτὸ
1038 1201 1389 1270 συναχθέντες
1409 1203 1459 1255 οί
1485 1202 1578 1256 τοῦ
1615 1202 1879 1255 Ἰουδαίων

300 1284 489 1349 ἔθνους
546 1288 805 1359 ἄρχοντες
859 1292 951 1343 ὲπὶ
1000 1290 1100 1361 τῆς
1163 1291 1538 1363 Ἰερουσαλὴμ,
1605 1293 1881 1365 συνέδριον

299 1380 628 1449 ἐποιήσαντο
654 1382 749 1434 καὶ
781 1383 992 1451 σκέψιν,
1036 1384 1183 1448 ὅπως
1217 1384 1378 1437 αὑτὸν
1408 1385 1744 1439 ἀπολέσωσιν
1766 1402 1780 1415 ο
1819 1388 1879 1439 ἐν

295 1463 343 1536 ᾧ
374 1472 423 1522 ot
458 1472 554 1540 μὲν
599 1472 826 1528 θάνατον
858 1475 1022 1529 αὐτοῦ
1073 1477 1543 1547 κατεψηφίσαντο·
1586 1478 1768 1549 ἕτεροι
1822 1478 1879 1531 δὲ

295 1565 607 1634 ἀντέλεγον,
663 1567 739 1630 ὡς
790 1570 817 1620 ό
866 1569 1185 1639 Νικόδημος
1227 1569 1429 1638 λέγων·
1478 1568 1576 1637 Μὴ
1619 1573 1652 1623 ὀ
1696 1570 1879 1639 νόμος

296 1653 472 1721 ἡμῶν
492 1657 829 1724 κατακρίνει
858 1658 965 1711 τὸν
1001 1659 1336 1727 ἄνθρωπον,
1370 1662 1423 1712 εί
1438 1660 1525 1728 μή
1556 1677 1609 1713 τι
1642 1660 1877 1727 ἀκούσῃ

294 1746 435 1812 παρ’
465 1748 687 1811 autcf);
722 1749 885 1803 Ταῦτ’
931 1746 1025 1803 οὖν
1059 1750 1415 1821 προφητικῶς
1446 1752 1507 1804 τὸ
1561 1751 1785 1822 Πνεῦμα
1815 1752 1877 1805 τὸ

294 1833 456 1900 ἅγιον
487 1836 843 1902 ἀποθεσπίζει
874 1838 962 1891 διὰ
992 1838 1102 1892 τῶν
1128 1841 1502 1910 προκειμένων
1529 1841 1714 1907 λέγον·
1747 1842 1876 1895 Ὀτι

288 1920 460 1977 εἶδον
482 1927 739 1996 ἀνομίαν
759 1931 856 1983 καὶ
876 1931 1229 2001 ἀντιλογίαν
1254 1933 1325 1984 ἐν
1351 1930 1426 1999 τῇ
1452 1934 1623 1985 πόλει
1654 1932 1877 2002 ἡμέρας

288 2018 392 2068 καὶ
420 2021 660 2084 νυκτός.
694 2021 885 2089 Σαφῶς
907 2023 963 2075 δὲ
1006 2025 1099 2075 καὶ
1132 2024 1164 2093 ἡ
1192 2024 1285 2076 τοῦ
1325 2024 1657 2092 Εύαγγελίου
1690 2026 1877 2097 γραφὴ

290 2113 567 2181 μαρτυρεῖ
614 2116 677 2183 τῇ
732 2116 1071 2186 προφητείᾳ,
1110 2118 1203 2169 ἐπὶ
1232 2117 1324 2169 τὸν
1370 2117 1634 2188 προδότην
1675 2117 1875 2171 Ἰούδαν

285 2200 603 2254 ἐκλαϐοὖσα
626 2202 706 2265 τὸ,
731 2206 798 2256 Et
831 2209 864 2257 ό
896 2204 1109 2272 ἐχθρός
1137 2206 1412 2259 ὠνείδισέ
1428 2223 1507 2274 με
1525 2247 1539 2271 ,
1565 2206 1875 2275 ὑπήνεγκα

283 2292 398 2343 ἀν·
436 2292 534 2344 καὶ
569 2295 622 2345 εί
645 2296 679 2346 ό
700 2292 900 2360 μισῶν
928 2312 1028 2363 με,
1058 2296 1151 2347 ἐπ’
1181 2296 1286 2365 ἐμὲ
1321 2296 1875 2366 ἐμεγαλορῤημόνηυ

282 2399 422 2446 σεν,
452 2384 716 2451 ἐκρύϐην
749 2384 828 2437 ἂν
853 2386 954 2439 ἀπ’
978 2386 1187 2439 αὑτοῦ.
1219 2388 1300 2440 Σὺ
1329 2386 1417 2451 δὲ,
1454 2388 1727 2455 ἄνθρωπε
1756 2391 1875 2443 ίσό-

283 2478 474 2543 ψυχε,
499 2475 595 2529 καὶ
623 2474 691 2527 τὰ
731 2474 877 2545 ἑξῆς.
927 2478 1080 2530 Ἐπεὶ
1108 2478 1289 2531 τοίνυν
1336 2480 1429 2532 καὶ
1470 2481 1501 2550 ή
1558 2480 1872 2551 σύμφρασις

283 2561 399 2616 τῶν
424 2563 598 2631 λόγων
634 2565 736 2618 οὐκ
780 2566 954 2629 ἄλλως
998 2568 1390 2639 πεπληρῶσθαι
1428 2569 1867 2643 ἀποδείκνυταιῆ

281 2653 377 2707 διὰ
398 2653 504 2706 τῶν
529 2656 609 2718 είς
632 2655 723 2707 τὸν
749 2656 977 2727 Σωτῆρα
999 2659 1427 2729 πεπραγμένων,
1451 2660 1486 2730 ῆ
1506 2677 1566 2712 τε
1598 2662 1870 2734 μαρτυρία

282 2746 388 2815 τῆς
416 2746 776 2817 εύαγγελικῆς
805 2750 1161 2820 παραθέσεως
1187 2752 1280 2804 ἐπὶ
1316 2752 1407 2805 τὸν
1432 2753 1698 2825 προδότην
1743 2756 1871 2808 ἀνα-

283 2835 527 2905 φέρειτδ
550 2835 843 2908 προλεχθὲν
884 2838 1049 2909 μέρος
1093 2837 1188 2891 τοῦ
1229 2838 1691 2910 ἀναγνώσματοςο
1742 2840 1871 2894 ἀκό-

284 2923 478 2977 λουθον
504 2926 570 2978 ἀν
604 2926 687 2996 εἴη
715 2925 809 2979 καλ⁵
833 2928 980 2996 ἡμᾶς
1009 2928 1102 2980 ἐπὶ
1126 2928 1218 2981 τὸν
1249 2929 1438 3000 καιρὸν
1470 2930 1563 2983 τοῦ
1591 2931 1868 3003 Σωτηρίου

282 3016 494 3079 πάθους
522 3018 620 3087 τὴν
649 3016 929 3087 παροῦσαν
954 3018 1203 3071 ἐκλαϐεῖν
1230 3020 1585 3089 προφητείαν,
1613 3021 1782 3086 δεῖξαί
1808 3040 1868 3076 τε

280 3109 496 3160 ἓκαστα
528 3107 633 3159 τῶν
669 3110 727 3161 ὲν
759 3108 931 3181 ταύτῃ
952 3110 1265 3180 φερομένων
1295 3113 1352 3163 ὲν
1396 3112 1571 3181 καιρῷ
1600 3112 1698 3181 τῆς
1727 3112 1867 3166 κατὰ

280 3198 380 3251 τοῦ
411 3199 660 3271 Σωτῆρος
684 3200 838 3270 ἡμῶν
866 3199 1157 3271 ἐπιϐουλῆς
1186 3201 1371 3265 τέλους
1397 3203 1752 3273 τετυχηκότα.
1789 3204 1871 3257 Τὰ

285 3289 389 3357 μὲν
436 3284 530 3340 οὖν
574 3289 671 3359 τῆς
703 3289 1025 3359 προγραφῆς
1071 3291 1164 3342 καὶ
1211 3290 1306 3343 νῦν
1347 3292 1493 3361 ἡμᾶς
1526 3292 1620 3344 ἐπὶ
1656 3291 1872 3346 σύνεσιν

280 3379 541 3451 διεγείρει
569 3381 677 3434 τῶν
716 3381 1125 3453 ἐμφερομένων,
1168 3384 1261 3435 καὶ
1290 3385 1369 3446 είς
1403 3384 1463 3437 τὸ
1496 3384 1647 3447 τέλος
1669 3385 1726 3438 δὲ
1762 3402 1869 3437 πα-

285 3472 592 3543 ραπέμπει,
627 3472 714 3525 διὰ
740 3474 800 3525 τὸ
829 3475 920 3525 ἐπὶ
942 3473 1221 3546 συντελείᾳ
1250 3473 1344 3526 τοῦ
1374 3474 1569 3538 αἱῶνος
1594 3475 1663 3528 δι’
1691 3474 1871 3547 ἔργων

283 3564 429 3617 αὐτά
457 3563 872 3635 πεπληρῶσθαι.
900 3565 1128 3636 Εἴρηται
1185 3565 1242 3618 δὲ
1291 3567 1385 3617 καὶ
1424 3566 1494 3618 ἐν
1531 3566 1774 3634 ὕμνοις’
1807 3568 1861 3636 ἢ,

283 3655 432 3708 κατὰ
462 3656 551 3709 τὸν
593 3657 845 3722 Ἀκύλαν,
874 3661 943 3711 ἐν
980 3658 1238 3727 ψαλμοῖς
1264 3677 1276 3690 ο
1308 3661 1364 3730 ἢ,
1394 3660 1536 3713 κατά
1587 3662 1679 3714 τὸν
1717 3662 1863 3732 Σύμ-

284 3764 484 3817 μαχον,
519 3746 615 3801 διὰ
642 3750 989 3817 ψαλτηρίων
1007 3766 1021 3778 ·
1058 3750 1247 3819 ἐπειδὴ
1274 3750 1333 3802 τὸ
1362 3750 1513 3813 τέλος
1539 3751 1631 3803 τοῦ
1664 3752 1869 3817 πάθους

1986 569 2251 606 sermones
2268 552 2381 622 ejus
2399 569 2554 621 super
2577 553 2771 617 oleum,
2790 564 2838 607 et
2868 555 2966 623 ipsi
2983 564 3102 607 sunt
3119 553 3328 622 jacula.
3364 552 3567 620 Quem-

1986 656 2113 695 nam
2149 640 2394 711 proferre
2424 643 2551 712 quis
2581 644 2759 697 valeat
2789 645 2880 714 qui
2925 644 3037 698 haec
3071 644 3125 698 in
3164 643 3417 699 Davidem
3449 659 3570 713 ege-

1985 732 2091 786 rit?
2119 732 2192 785 Es
2222 733 2424 802 quibus
2448 734 2703 788 omnibus
2736 740 2947 789 testium
2978 752 3087 788 non
3122 750 3283 804 posse
3314 734 3380 788 ad
3412 714 3568 787 Davi-

1983 825 2070 880 dis
2097 842 2386 892 personam
2433 827 2546 882 hinc
2579 827 2807 894 referri;
2849 828 2943 882 sed
2998 828 3315 898 prophetica
3346 828 3397 880 vi
3426 828 3566 881 arbi-

1982 926 2100 971 tror
2150 919 2296 973 dicta
2347 934 2492 981 esse,
2544 929 2598 971 et
2647 920 2701 972 in
2757 936 2864 973 uno
2896 918 3178 974 Sahatore
3235 928 3287 974 et
3334 917 3564 973 Domino

1980 1018 2174 1064 nostro
2203 1011 2493 1079 completa,
2523 1010 2746 1080 quando
2778 1009 3019 1065 Judaicm
3049 1011 3227 1081 gentis
3263 1010 3563 1081 principes,

1981 1104 2370 1176 Hierosolyma
2393 1106 2447 1158 in
2466 1121 2633 1159 unum
2656 1104 2996 1176 congregati,
3015 1120 3337 1159 consessum
3361 1119 3425 1158 ac
3438 1119 3567 1157 con-

1980 1197 2163 1252 silium
2216 1198 2491 1260 inierunt,
2520 1197 2795 1266 quomodo
2831 1213 2953 1251 eum
2988 1197 3278 1266 perderent
3316 1216 3327 1250 :
3376 1196 3429 1251 in
3455 1210 3565 1265 quo

1980 1288 2071 1342 alii
2101 1287 2321 1357 quidem
2359 1289 2559 1358 capitis
2584 1289 2951 1352 damnabant;
2987 1288 3078 1341 alii
3108 1287 3471 1348 obsistebant,
3507 1295 3565 1339 ut

1980 1379 2311 1434 Nicodemus
2332 1380 2424 1448 qui
2455 1379 2672 1433 dicebat
2704 1398 2717 1434 :
2757 1377 3010 1448 Nunquid
3038 1379 3121 1431 lea:
3147 1389 3332 1433 nostra
3351 1376 3563 1445 judico!

1978 1474 2263 1536 hominem,
2298 1474 2403 1526 nisi
2431 1471 2835 1541 prius‘audicrit
2872 1472 2936 1525 ab
2962 1474 3072 1539 ipso
3095 1472 3183 1527 ".9
3227 1470 3351 1526 Haec
3380 1472 3563 1539 itaque

1980 1567 2294 1636 proplietice
2327 1567 2566 1635 Spiritus
2610 1573 2838 1621 sanctus
2873 1566 3025 1619 hisce
3071 1564 3257 1619 verbis
3303 1563 3563 1617 vaticina.

1982 1671 2088 1719 tur.
2126 1661 2390 1727 Quoniam
2417 1660 2523 1713 vidi
2555 1659 2885 1728 iniquitatem
2912 1667 2960 1712 et
3004 1655 3473 1709 contradictionem
3507 1654 3563 1707 in

1980 1754 2191 1807 civitate
2228 1752 2312 1805 die
2355 1769 2418 1805 ac
2460 1760 2627 1805 nocte.
2676 1752 2873 1822 Aperte
2921 1764 3083 1819 porro
3116 1747 3391 1817 Evangelii
3430 1747 3567 1801 scri-
3642 1804 3645 1805 ν

1954 1848 1957 1849 ⁷
1978 1852 2136 1913 ptura
2165 1841 2504 1911 prophetiam
2532 1840 2748 1901 asserit,
2774 1838 2886 1892 haec
2912 1838 2978 1891 de.
3000 1836 3280 1906 proditore
3300 1834 3438 1890 Juda
3472 1850 3565 1887 aco

1978 1936 2186 2005 cipiens
2208 1974 2222 1997 ,
2273 1934 2336 1988 Si
2360 1933 2606 1986 inimicus
2632 1948 2775 1984 meus
2808 1929 3171 1983 maledixiSset
3215 1927 3367 1990 mihi,
3405 1929 3566 1981 susti-

1978 2028 2206 2080 nuissem
2224 2026 2403 2095 utique
2428 2041 2445 2077 :
2477 2032 2525 2077 et
2551 2024 2597 2077 si
2623 2024 2667 2076 is
2690 2023 2779 2093 qui
2811 2021 2993 2075 oderat
3022 2028 3123 2085 me,
3156 2035 3311 2089 super
3339 2036 3419 2072 me
3444 2036 3561 2071 ma-

1976 2136 2081 2189 gna
2141 2119 2350 2173 locutus
2411 2117 2635 2186 fuisset,
2673 2114 3065 2169 abscondissem
3114 2130 3195 2168 me
3240 2113 3464 2182 forsitan
3495 2110 3561 2164 ab

1975 2226 2055 2263 eo.
2123 2209 2201 2263 Tu
2232 2224 2348 2263 vero
2377 2208 2532 2262 homo
2577 2206 2881 2267 unanimis,
2935 2213 3233 2259 etetetera.
3290 2202 3557 2268 Quoniam

1974 2314 2105 2368 ergo
2135 2299 2426 2353 verborum
2464 2296 2662 2351 seriem
2695 2310 2803 2349 non
2831 2295 2939 2348 alio
2971 2294 3154 2357 modo,
3189 2309 3353 2363 quam
3382 2296 3435 2346 in
3464 2292 3561 2346 ad-

1974 2390 2161 2445 missis
2203 2398 2396 2443 contra
2456 2386 2796 2442 Salvatorem
2849 2385 3226 2448 facinoribus,
3280 2384 3557 2453 impletam

1972 2496 2095 2535 esse
2122 2480 2545 2549 comprobatur;
2594 2486 2759 2548 atque
2789 2476 3118 2553 evangelicae
3161 2476 3445 2531 sententia:
3478 2482 3562 2529 te;

1972 2572 2289 2627 stimonium
2347 2580 2703 2627 memoratam
2759 2571 3010 2625 lectionis
3046 2578 3257 2640 partem
3290 2568 3356 2622 ad
3383 2566 3557 2637 prodi-

1972 2675 2142 2718 torem
2174 2664 2370 2730 refert;
2401 2672 2832 2719 consentaneum
2866 2677 3000 2718 sane
3025 2662 3189 2716 i'uerit
3210 2675 3313 2715 nos
3338 2673 3560 2729 quoque

1970 2752 2038 2807 de
2062 2761 2309 2823 tempore
2332 2751 2602 2806 Salutaris
2630 2752 2906 2822 passionis
2928 2751 3069 2805 hanc
3092 2748 3432 2819 prophetiam
3466 2762 3561 2800 ae-

1970 2853 2356 2912 cnpere,atque
2384 2849 2822 2897 commonstrare
2849 2840 3062 2909 singula
3097 2840 3171 2894 ibi
3206 2839 3392 2903 allata,
3422 2845 3561 2891 tem--

1971 2948 2103 3002 pore
2129 2932 2455 2987 insidiarum
2484 2939 2677 2987 contra
2708 2931 3047 2985 Salvatorem
3077 2936 3362 2991 nostrum,
3398 2927 3558 2981 tinent

1972 3024 2273 3092 accepisse.
2308 3021 2688 3092 lnscriptionis
2721 3022 2905 3090 itaque
2933 3019 3096 3075 verba
3118 3019 3231 3088 jam
3264 3019 3331 3072 ad
3356 3017 3561 3072 intelli-

1896 3151 1938 3207 ο
1973 3116 2208 3185 gentiam
2243 3116 2514 3170 dictorum
2566 3129 2666 3168 nos
2713 3120 3032 3184 provocant,
3068 3120 3234 3181 atque
3279 3111 3351 3165 ad
3397 3110 3559 3165 ﬁnem

1973 3207 2275 3270 remittunt,
2311 3207 2439 3276 quia
2476 3205 2589 3259 han:
2622 3205 2674 3258 in
2702 3204 3179 3258 consummatione
3210 3202 3394 3257 saeculi
3439 3202 3559 3271 ipso

1972 3312 2139 3367 Opere
2175 3297 2416 3367 perfecta
2453 3305 2599 3351 sunt.
2667 3294 2882 3348 Dictum
2918 3308 3046 3347 vero
3074 3301 3159 3348 est
3182 3333 3194 3357 ,
3230 3293 3284 3345 in
3308 3292 3558 3362 hymnis;

1972 3388 2108 3452 Sive,
2146 3389 2448 3445 secundum
2481 3388 2768 3457 Aquilam,
2805 3387 2860 3439 in
2889 3386 3148 3453 psalmis;
3184 3384 3334 3449 sive,
3360 3399 3560 3439 secun-

1974 3483 2103 3537 dum
2139 3480 2550 3551 Symmachum,
2586 3494 2677 3547 per
2704 3478 2961 3546 psalteria
2983 3516 2997 3539 ,
3038 3476 3165 3546 quia
3193 3475 3318 3529 ﬁnis
3345 3476 3559 3544 passio.

1974 3573 2061 3628 nis
2090 3572 2383 3631 Salutaris,
2413 3578 2634 3638 propter
2670 3568 3136 3633 resurrectionem
3169 3580 3233 3619 ac
3257 3566 3561 3635 redempto-

1975 3680 2095 3717 rum
2122 3662 2375 3724 salutcni,
2411 3659 2648 3729 hymnis,
2675 3656 2950 3725 psalteriis
2971 3662 3025 3708 et
3057 3653 3290 3709 canticis
3314 3654 3561 3709 celebra-

1978 3764 2087 3808 tur.
2124 3752 2189 3806 Et
2224 3751 2339 3804 hac
2367 3747 2588 3817 quidem
2619 3748 2685 3800 de
2713 3746 3093 3813 inscriptione.

280 3841 381 3894 τοῦ
414 3841 691 3913 Σωτηρίου
717 3842 901 3913 ὓμνων
922 3843 1015 3897 καὶ
1040 3843 1377 3916 ψαλτηρίων,
1418 3845 1514 3899 καὶ
1545 3845 1697 3915 ᾠδῶν
1746 3852 1959 3919 μετεῖχε
2022 3848 2121 3917 τῆς
2169 3862 2231 3898 τε
2297 3841 2646 3903 ἀναστάσεως
2687 3839 2853 3893 αὐτοῦ
2917 3840 3079 3892 ἓνεκα
3112 3840 3207 3892 καὶ
3243 3839 3346 3909 τῆς
3386 3856 3559 3911 σωτη-

284 3935 413 4007 ρίας
444 3936 550 3989 τῶν
578 3937 645 3989 δι’
674 3938 844 4008 αὐτῆς
870 3937 1312 4009 λελυτρωμένων.
1354 3940 1465 3992 Καὶ
1507 3940 1729 3994 τοιαῦτα
1770 3943 1870 4012 μὲν
1907 3944 1974 3996 τά
2001 3943 2098 4012 τῆς
2120 3938 2470 4011 προγραφῆς·

360 4030 445 4082 Ta
470 4031 527 4084 δὲ
552 4031 652 4101 τῆς
674 4033 1012 4101 προφητείας
1044 4031 1355 4104 παρακαλεῖ
1374 4033 1466 4085 τὸν
1508 4034 1642 4087 Θεὸν
1685 4035 1873 4088 ὲνωτί-

288 4122 490 4176 σασθαι
522 4122 616 4175 τοῦ
648 4123 917 4192 λέγοντος,
946 4126 1040 4177 καὶ
1064 4124 1218 4177 τοῦτ’
1245 4125 1394 4195 αὐτῷ
1432 4125 1649 4198 πρῶτον
1696 4145 1874 4199 παρα-

2049 4033 2203 4100 Quod
2231 4030 2571 4102 prophetiam
2603 4044 2734 4083 vero
2762 4036 3008 4098 spectat,
3047 4035 3202 4098 rogat
3236 4026 3403 4082 Deum
3425 4066 3441 4090 ,
3479 4025 3557 4081 uti

1980 4143 2038 4181 se
2069 4127 2377 4194 loquentem
2411 4120 2705 4183 exaudiat,
2739 4129 2795 4174 et
2825 4119 2927 4172 hoc
2955 4119 3189 4189 primum
3238 4118 3342 4173 sibi
3373 4115 3560 4171 confc-

288 4217 441 4284 σχεῖν
462 4232 476 4244 ·
509 4210 626 4268 εἶτα
657 4215 925 4286 δεύτερον,
956 4214 1159 4283 γνῶναι
1188 4215 1285 4287 τὴν
1314 4216 1401 4270 διὰ
1430 4218 1528 4289 τῆς
1562 4220 1871 4289 προσευχῆς

1980 4227 2093 4285 rat;
2124 4215 2387 4276 secundo.
2418 4222 2477 4268 ut
2504 4212 2752 4268 attendat
2782 4211 3150 4266 obsecrationi
3188 4226 3252 4267 ac
3282 4211 3556 4281 supplica-

283 4305 756 4375 ἀναπεμπομένην
782 4304 965 4373 δέησιν
995 4304 1089 4356 καὶ
1121 4305 1402 4375 ἱκετηρίαν
1428 4344 1442 4368 ,
1481 4306 1565 4376 μὴ
1595 4307 1871 4376 ὑπεριδεῖν

1979 4308 2112 4362 tioui
2144 4306 2213 4358 ab
2236 4321 2293 4359 se
2324 4319 2420 4373 per
2462 4304 2765 4357 orationem
2801 4300 3035 4363 cmisste,
3075 4312 3174 4354 nec
3204 4315 3323 4353 eam
3373 4298 3557 4368 despi.

285 4413 346 4448 τε
377 4397 547 4467 αὑτήν
570 4413 584 4425 ·
617 4397 711 4449 καὶ
732 4397 933 4467 τρίτον,
965 4398 1063 4468 τὴν
1092 4396 1427 4449 κατάστασιν
1457 4396 1751 4451 θεάσασθαι
1776 4397 1869 4451 τοῦ

286 4488 389 4556 τὴν
424 4488 731 4559 προσευχὴν
756 4488 1188 4558 ἀναπέμποντος,
1224 4489 1317 4541 καὶ
1342 4487 1513 4551 οὕτως
1542 4488 1701 4541 αὑτὸν
1740 4506 1870 4541 κατ-

287 4578 521 4642 ἀξιῶσαι
553 4580 653 4649 τῆς
692 4579 890 4632 ἑαυτοῦ
923 4581 1089 4652 ἀκοῆς
1110 4598 1122 4610 ⁸
1160 4581 1240 4633 διὸ
1283 4581 1525 4648 ἐπιλέγει
1551 4597 1564 4610 '
1596 4581 1871 4649 Πρόσχες

281 4687 387 4739 μοι
420 4670 520 4723 καὶ
554 4670 922 4724 εὶσιὶκουσόν
953 4690 1092 4740 μου.
1129 4673 1338 4742 ’Ὠσπερ
1370 4672 1478 4743 γάρ
1514 4672 1753 4725 δυσωπεῖ
1779 4673 1870 4725 τὸν

286 4762 424 4815 Θεὸν
477 4763 666 4815 ἑαυτὸν
714 4762 921 4826 δεικνὺς
954 4764 981 4815 ό
1018 4763 1115 4834 τὴν
1152 4764 1460 4834 προσευχὴν
1508 4764 1869 4834 ἀναπέμπων,

286 4856 386 4909 καὶ
432 4855 606 4924 λέγων
649 4855 728 4927 τῷ
762 4856 912 4926 Θεῷ·
952 4858 1225 4925 Πρόσχες
1260 4872 1398 4925 μοι·
1449 4855 1546 4928 τὴν
1579 4856 1635 4909 δὲ
1681 4856 1870 4910 ἑαυτοῦ

289 4945 624 4999 κατάστασιν
651 4948 947 5019 παρίστησι
977 4947 1069 4999 καὶ
1107 4947 1234 5017 ἑξῆς
1274 4947 1478 5015 λέγων·
1529 4947 1874 5015 Ἐλυπήθην

286 5039 361 5090 ἐν
394 5036 475 5105 τῇ
495 5037 824 5109 ἀδολεσχίᾳ
850 5057 992 5107 μου,
1026 5039 1123 5092 καὶ
1148 5038 1484 5108 ἐταράχθην
1513 5041 1630 5093 ἀπὸ
1671 5038 1874 5109 φωνῆς

287 5131 532 5199 ἐχθροῦ,
560 5132 655 5184 καὶ
679 5130 798 5184 ἀπὸ
830 5133 1091 5199 θλίψεως
1114 5131 1484 5201 ἀμαρτωλοῦ.
1513 5131 1621 5202 Τὴν
1653 5131 1761 5203 γὰρ
1785 5131 1875 5184 λύ-

289 5239 403 5292 πην
437 5222 630 5275 ἑαυτοῦ
660 5223 897 5276 δείκνυσι
926 5223 1003 5293 τῷ
1029 5223 1148 5293 Θεῷ
1179 5224 1271 5277 καὶ
1317 5224 1415 5296 τὴν
1456 5227 1700 5297 ταραχὴν
1720 5264 1736 5289 ,
1781 5226 1876 5278 καὶ

287 5316 358 5384 ἦν
384 5330 548 5383 φησιν
570 5314 881 5386 ἀδολεσχίαν
907 5358 922 5381 ,
957 5316 1050 5369 καὶ
1082 5316 1157 5379 ὡς
1187 5315 1313 5380 ἄξια
1362 5316 1463 5386 τῆς
1507 5317 1700 5369 ἑαυτοῦ
1744 5316 1877 5370 θεω-

290 5409 437 5478 ρίας.
469 5408 579 5472 Διὸ,
610 5407 839 5472 τούτοις,
881 5409 1065 5479 φησὶν,
1090 5410 1345 5479 πρόσχες,
1387 5409 1535 5473 ὅπως
1564 5408 1863 5481 ἐλυπήθην,

288 5502 441 5562 ὅπως
490 5499 818 5571 ἐταράχθην,
876 5501 1025 5563 ὃπως
1091 5500 1401 5570 ἀδολεσχίας
1470 5500 1873 5571 πεπλήρωμαι·

289 5588 697 5661 ἀποδεξάμενός
744 5608 801 5645 τε
846 5592 1038 5658 ταῦτα,
1082 5592 1386 5645 ἐπάκουσόν
1441 5609 1563 5662 μου.
1616 5592 1778 5661 Λέγει
1822 5592 1878 5645 δὲ

365 5747 414 5781 ³³
453 5746 613 5803 Joan.
643 5763 719 5801 vit
743 5787 757 5814 ,
791 5750 878 5804 51.

1974 4399 2112 4463 ciat;
2146 4397 2339 4459 tertio,
2372 4395 2585 4450 orantis
2629 4392 2879 4447 allectum
2922 4392 3231 4445 consideret
3253 4431 3267 4453 ,
3297 4398 3349 4445 et
3376 4393 3448 4445 ita
3473 4393 3557 4445 di-

1975 4498 2175 4559 gnetur
2211 4502 2399 4542 aurem
2430 4486 2670 4555 praabere
2692 4524 2707 4547 ,
2740 4498 2909 4553 quare
2940 4484 3020 4536 sic
3048 4484 3291 4546 claudit,
3336 4482 3554 4536 Intende

1975 4581 2103 4634 muti
2150 4589 2199 4633 et
2245 4577 2441 4632 exaudi
2492 4593 2592 4631 me.
2645 4574 2779 4629 Nam
2824 4576 2917 4644 qui
2960 4576 3262 4627 orationem
3302 4572 3552 4637 ell'utidit,

1973 4674 2129 4743 quasi
2158 4671 2269 4724 Deo
2295 4686 2416 4725 sese
2444 4666 2891 4737 conspiciendum
2918 4666 3186 4734 praebens,
3218 4666 3471 4718 obsecrat
3498 4675 3553 4719 et

1975 4763 2052 4815 ait
2081 4761 2208 4831 ipsi,
2247 4758 2467 4812 Intende
2496 4758 2623 4810 mihi
2654 4773 2673 4810 :
2706 4764 3021 4824 statumque
3052 4771 3210 4809 suum
3244 4764 3433 4825 postea
3454 4756 3551 4810 de-

1975 4855 2149 4909 clarat
2193 4854 2381 4907 uiccns
2422 4871 2438 4907 :
2487 4850 2849 4905 Contristatus
2894 4866 3009 4902 sum
3060 4850 3115 4902 in
3172 4849 3551 4903 exercitatione

1976 4962 2113 5007 mea,
2142 4955 2189 4999 et
2220 4944 2563 4998 conturbatus
2596 4958 2714 4996 sum
2743 4960 2774 4994 a
2809 4958 2926 4995 uoce
2948 4942 3171 5005 inimici,
3197 4952 3246 4995 et
3276 4959 3310 4994 a
3335 4940 3560 4994 tribula-

1979 5039 2118 5091 tione
2160 5037 2471 5107 peccatoris.
2536 5034 2669 5088 Nam
2717 5036 2960 5089 dolorem
2991 5050 3150 5089 suum
3179 5033 3289 5088 Deo
3321 5035 3545 5088 exhibet

1982 5144 2197 5184 necnon
2253 5128 2727 5183 conturbationem
2752 5167 2766 5190 ,
2798 5136 2852 5181 et
2876 5143 2996 5181 eam
3023 5142 3185 5196 quam
3217 5133 3375 5181 vocat
3401 5142 3554 5180 exer-

1978 5221 2333 5285 citationem,
2381 5228 2567 5291 utpote
2615 5236 2735 5290 quae
2780 5219 2944 5290 digna
3004 5221 3115 5273 sint
3168 5218 3559 5288 conspecti-bus

1979 5315 2121 5383 ejus.
2159 5314 2362 5383 Quare,
2398 5314 2508 5377 his,
2542 5315 2741 5383 inquit,
2774 5313 3013 5375 intende,
3050 5311 3325 5381 quomodo
3356 5311 3552 5364 contri-

1980 5416 2157 5462 status
2190 5406 2317 5470 sim,
2354 5406 2633 5476 quomodo
2668 5406 3050 5470 conturbatus,
3086 5412 3141 5459 et
3170 5402 3561 5458 exercitatione

1981 5499 2221 5568 repletus
2257 5516 2269 5551 :
2308 5506 2472 5568 atque
2526 5497 2612 5552 bis
2664 5497 2983 5566 acceptatis,
3028 5493 3225 5550 exaudi
3270 5506 3374 5545 me.
3437 5489 3562 5542 Haec

1986 5606 2152 5662 porro
2186 5584 2407 5663 Spiritu.
2430 5590 2616 5647 divino
2650 5590 2862 5645 aﬂlatus
2906 5588 3165 5659 propheta
3200 5586 3366 5651 dicit,
3416 5584 3562 5637 futu-
