4010 6540
219 363 328 416 ΠῚ

1357 366 1864 425 COMMENTARIA
1900 367 1968 425 ιΝ
2009 367 2352 426 PSALMOS.

3373 372 3478 428 478

215 474 330 539 θῶς
360 475 489 540 ἄξια
513 475 581 530 τά
618 476 759 531 κατὰ
775 478 870 532 τοῦ
897 479 1148 552 Σωτῆρος
1175 481 1427 553 δρώμενα
1467 481 1793 554 θεωροῦντα.

1909 497 1962 536 ac
1977 482 2221 548 quaedam
2236 478 2497 537 terribilia
2514 477 2976 542 cernentes,verbi
3000 477 3174 550 gratia
3193 479 3478 550 insequen-

215 565 452 637 Νοήσεις
473 567 530 620 δὲ
549 567 618 621 τά
637 567 906 638 λεγόμενα
935 572 998 624 ὲκ
1040 571 1480 642 παραδείγματος
1519 572 1625 624 τῶν
1661 572 1802 626 κατά

213 657 344 720 τοὺς
397 656 638 728 ὀνείρους
681 659 812 730 ἡμῖν
872 660 1305 731 συμϐαινόντων·
1365 662 1489 714 ἐπεὶ
1545 662 1805 727 πολλάκις

211 746 652 818 ὀνειρώττοντες,
693 750 928 806 κᾶπειτά
953 770 1074 806 τινα
1110 752 1344 824 ὁρῶντες
1370 753 1592 826 φοϐερὰ,
1642 754 1675 825 ἢ
1709 754 1806 825 θῆ-

213 855 320 909 ρας
344 838 663 905 διώκοντας,
691 841 726 911 ἢ
746 841 1024 913 ὲρπετὰ,ἧ
1057 843 1348 914 πολεμίους
1368 843 1621 908 ἐπιόντας
1648 847 1800 916 ἡμῖν,

211 928 601 1001 θορυϐούμεθα
622 931 718 1002 τὴν
757 933 934 1004 ψυχὴν
965 935 1060 987 καὶ
1091 933 1439 1006 ὲξιστάμεθα,
1474 935 1675 1006 τρόμου
1705 938 1798 990 καὶ

210 1020 478 1089 ἀγωνίας,
498 1024 592 1076 καὶ
621 1023 846 1094 ἱδρῶτος
874 1025 1302 1096 ἐμπιπλάμενοι.
1330 1025 1487 1079 Κατὰ
1515 1026 1603 1079 τὸν
1632 1028 1815 1090 αὐτὸν,

210 1113 344 1185 γὰρ,
387 1109 562 1184 οἶμαι,
603 1116 802 1188 τρόπον
853 1117 944 1170 καὶ
989 1118 1088 1188 τὴν
1133 1118 1226 1171 τοῦ
1294 1120 1574 1191 προφήτου
1615 1120 1794 1191 ψυχὴν

209 1205 321 1258 τῶν
385 1206 611 1278 μηδέπω
666 1209 983 1281 παρόντων,
1044 1209 1343 1281 μελλόντων
1393 1210 1450 1264 δὲ
1508 1211 1793 1280 γίγνεσθαι

1907 581 1990 629 tes
2011 573 2174 637 feras,
2203 573 2281 628 vel
2323 571 2534 641 reptilia
2555 612 2569 636 ,
2589 571 2672 626 vel
2696 571 2948 625 inimicos
2986 570 3276 636 irruentes,
3295 573 3481 629 animo

1907 666 2192 720 turbamur
2221 674 2274 720 et
2295 663 2763 734 obstupescimus,
2803 673 3034 726 terrore,
3072 664 3481 719 concertatione

1904 771 1968 810 ac
1993 756 2196 812 sudore
2226 756 2440 826 repleti.
2500 754 2704 809 Eodem
2733 754 2974 808 arbitror
3015 754 3178 809 modo
3206 755 3482 824 propheta:

1903 847 2165 910 animam,
2201 861 2324 915 quae
2353 845 2592 900 nondum
2626 843 2974 914 praesentium
2997 882 3012 906 ,
3045 843 3139 898 sed
3171 842 3480 898 futurarum

1904 954 2089 994 rerum
2121 937 2648 1007 contemplationem
2680 950 3000 1009 expressam
3033 935 3337 1004 prophetici
3371 937 3482 1005 spi-

1903 1029 2042 1083 ritus
2075 1027 2275 1083 lumine
2304 1029 2360 1082 in
2391 1028 2590 1084 mentis
2605 1027 2782 1081 oculis
2807 1025 3165 1096 percipiebat,
3187 1025 3480 1088 turbatam,

1901 1128 2064 1191 atque
2092 1121 2163 1175 ob
2203 1119 2470 1175 malorum
2513 1134 2633 1188 quae
2663 1117 2878 1172 videbat
2913 1117 3386 1187 exsuperantiam,
3414 1115 3484 1170 ti-

1901 1225 2071 1273 more,
2097 1218 2244 1264 metu
2277 1217 2593 1278 terroreque
2622 1209 2882 1277 repletam
2910 1221 3053 1263 esse.

209 1297 579 1367 πραγμάτων,
637 1299 734 1370 τὴν
771 1300 1001 1370 θεωρίαν
1044 1303 1184 1370 φωτὶ
1226 1300 1318 1354 τοῦ
1363 1301 1702 1372 προφητικοῦ
1760 1301 2072 1373 πνεύματος
2131 1303 2244 1364 τοῖς
2285 1301 2385 1372 τῆς
2438 1299 2673 1362 διανοίας
2727 1296 3027 1368 ὀφθαλμοῖς
3076 1295 3483 1367 ὲντυπουμένην

208 1386 432 1456 ὁρῶντα
444 1388 790 1459 τεταράχθαι,
817 1390 911 1444 καὶ
928 1390 1091 1459 φόϐου
1121 1389 1213 1444 καὶ
1235 1391 1462 1455 δειλίας,
1488 1394 1583 1446 καὶ
1607 1394 1811 1464 τρόμου
1851 1391 2244 1462 πεπληρῶσθαι
2276 1392 2366 1446 διὰ
2392 1392 2491 1463 τὴν
2530 1391 2638 1445 τῶν
2672 1390 3060 1462 θεωρουμένων
3082 1389 3268 1442 κακῶν
3310 1390 3482 1460 ὑπερ-

209 1478 402 1551 ϐολήν.

280 1569 406 1625 Εἶθ’
432 1573 620 1645 ὥσπερ
655 1575 817 1645 μέσος
840 1575 1174 1646 ἀποληφθεὶς
1201 1575 1309 1629 τῶν
1331 1572 1502 1628 ταῦτα
1521 1571 1796 1644 δρώντων,

212 1662 494 1734 μηδεμίαν
532 1682 592 1718 τε
624 1665 762 1736 ἔχων
795 1667 1107 1738 ἀποφυγὴν,
1145 1666 1278 1737 μηδὲ
1301 1666 1424 1718 ὅποι
1450 1665 1637 1725 κλίνας
1669 1663 1798 1714 ἐαυ-

207 1753 302 1804 τδν
323 1753 487 1817 me;
511 1754 620 1807 τῶν
653 1755 838 1809 κακῶν
888 1756 1114 1825 γένοιτο,
1145 1755 1362 1826 εὔχεται
1399 1754 1670 1826 μετέωρος
1698 1751 1798 1824 ἀρ-

210 1841 399 1914 θῆναι,
438 1845 638 1915 πτηνός
665 1863 723 1899 τε
765 1846 831 1900 δι’
866 1847 1026 1918 ἀέρος
1071 1849 1350 1916 ἐκφυγεῖν.
1393 1844 1484 1898 Διὸ
1523 1842 1796 1910 ἐπιλέγειο

277 2021 398 2075 Kal
421 2018 581 2077 εἶπαο
606 2023 702 2088 Τίς
715 2021 892 2076 δώσει
907 2040 1010 2091 ⁶ιιοι
1025 2021 1321 2092 πτέρυγας
1340 2017 1802 2088 ὡςπεριστερᾶς,

207 2113 306 2168 καὶ
366 2113 847 2182 πετασθήσομαι,
876 2114 974 2167 καί
1025 2115 1423 2177 καταπαύσω;
1469 2112 1804 2185 Περιπερᾶς

205 2205 318 2276 γὰρ
350 2205 515 2275 δίκην
547 2204 756 2258 ἀκάκου
791 2205 1068 2277 πτέρυγας
1109 2206 1367 2275 έκφεῢξαι
1400 2205 1494 2258 καὶ
1526 2203 1802 2273 πετασθῆ-

209 2311 318 2358 ναι,
357 2294 440 2356 ὼς
474 2293 541 2349 ἂν
575 2295 736 2363 φύγοι
768 2297 836 2350 τὰ
870 2297 1036 2360 κακά,
1071 2296 1243 2366 ἠξίου.
1281 2296 1487 2351 Οὐκοῦν
1532 2297 1623 2349 καὶ
1674 2297 1802 2366 περὶ

211 2384 404 2438 τούτου
433 2385 694 2456 ἀνωτέρω
715 2385 868 2454 ἔλεγε
899 2386 989 2451 τὸ,
1039 2385 1340 2440 Ἐνώτισαι
1363 2427 1378 2451 ,
1423 2389 1457 2440 ό
1486 2386 1650 2451 Θεὸς,
1688 2383 1802 2451 τὴν

213 2473 574 2542 ,προσευχήν
590 2491 730 2544 μου,
763 2475 838 2538 ὠς
872 2475 945 2532 ἂν
966 2475 1116 2545 τύχοι
1139 2476 1428 2547 πτερύγων
1472 2476 1800 2547 περιστερᾶς

217 2573 309 2625 καὶ
335 2570 665 2642 πετασθεῐη·
700 2571 876 2641 μόνως
921 2570 1030 2641 γὰρ
1056 2569 1259 2635 οὕτως,
1307 2571 1401 2624 καὶ
1439 2571 1560 2623 οὐδὲ
1602 2570 1798 2635 ἄλλως,

217 2665 408 2736 πόρρω
439 2663 688 2732 γίνεσθαι
709 2667 808 2734 τῆς
837 2663 944 2716 τῶν
971 2662 1185 2717 ἀσεϐῶν
1217 2664 1420 2726 πόλεως
1467 2659 1579 2726 οἷός
1620 2680 1679 2716 τε
1708 2659 1794 2734 ἦν.

219 2755 375 2810 Κατὰ
403 2755 463 2808 δὲ
483 2756 572 2809 τὸν
600 2756 894 2826 Σύμμαχον
918 2769 932 2784 ⁸
968 2756 1076 2810 Καὶ
1095 2752 1295 2809 εἷπον·
1333 2757 1427 2820 Τίς
1472 2754 1652 2808 δώσει
1695 2771 1798 2822 μοι

219 2847 516 2916 πτέρυγας
548 2849 629 2913 ὡς
654 2847 1026 2916 περιστερᾶς,
1058 2845 1428 2914 πετασθῆναι
1455 2885 1468 2910 ,
1501 2846 1598 2899 καὶ
1629 2844 1799 2912 ἐδρα-

219 2938 441 3004 σθῆναι
461 2955 482 3002 ;
503 2939 705 3007 nemo
732 2939 809 2992 ἂν
834 2940 1093 3007 ἐποίησα
1118 2938 1232 3005 τὴν
1258 2937 1644 3008 ἀναχώρησίν
1657 2954 1798 3006 μου,

221 3025 552 3096 ηὐλιζόμην
573 3027 649 3081 ἂν
675 3029 744 3083 ἐν
771 3027 846 3096 τῇ
883 3027 1101 3097 ἐρήμῳ.
1133 3026 1422 3097 Ἐξαίφνης
1469 3027 1533 3080 ἂν
1567 3027 1801 3095 ἐποίησα

1975 1567 2181 1625 Deinde
2206 1569 2366 1640 quasi
2393 1568 2608 1624 medius
2639 1569 2973 1640 interceptus
3003 1572 3092 1628 ille
3124 1572 3265 1628 inter
3293 1575 3483 1631 talium

1904 1659 2209 1715 facinorum
2245 1669 2520 1727 auctores,
2571 1677 2695 1718 cum
2733 1664 2940 1718 nullum
2975 1665 3281 1737 perfugium
3319 1667 3485 1722 habe-

1904 1758 2009 1815 ret,
2058 1767 2236 1821 ncque
2284 1767 2393 1822 quo
2438 1753 2741 1809 declinaret
2789 1755 2857 1809 ab
2891 1755 3273 1826 ingruentibus
3303 1759 3481 1823 malis,

1905 1846 2162 1907 precatur
2185 1855 2245 1894 se
2268 1840 2556 1895 sublimem
2591 1843 2812 1907 elevari,
2850 1850 3012 1913 atque
3035 1846 3276 1903 volucris
3310 1848 3486 1904 instar
3599 1837 3602 1840 ’

1905 1945 2004 2001 per
2029 1945 2209 1987 aerem
2235 1931 2493 2002 eﬂ‘ugere.
2527 1931 2894 1998 Quamobrem
2926 1936 3002 1990 ait
3037 1957 3049 1990 :

1973 2019 2141 2077 Vsus.
2175 2021 2354 2076 7-12.
2396 2020 2465 2074 Et
2488 2022 2605 2076 dixi
2635 2039 2653 2076 .'
2675 2023 2804 2090 Quis
2821 2024 2969 2078 dabit
2999 2027 3126 2080 milii
3149 2043 3346 2096 pennas
3375 2029 3486 2084 sic-

1903 2121 1960 2165 ut
1995 2112 2271 2176 columbw,
2299 2122 2350 2167 et
2383 2113 2587 2179 volabo,
2619 2124 2668 2168 et
2694 2117 3017 2185 requiescam
3039 2118 3488 2175 ?Peunasinstar

1903 2201 2166 2254 columbae
2196 2200 2432 2254 innoxia:
2462 2201 2531 2255 ad
2563 2201 2878 2272 fugiendum
2910 2213 2964 2259 et
3001 2207 3294 2260 volandum
3334 2217 3483 2277 pete-

1903 2291 2020 2356 bat,
2063 2298 2122 2344 ut
2152 2292 2310 2347 malis
2337 2308 2395 2347 se
2427 2294 2753 2363 proriperet.
2812 2295 3046 2365 Ideoque
3092 2299 3349 2366 superius
3383 2299 3487 2354 hac

1901 2381 1968 2438 de
1999 2398 2163 2438 causa
2188 2384 2426 2448 dicebat,
2465 2384 2677 2438 Exaudi
2697 2425 2712 2450 ,
2748 2385 2923 2453 Deus,
2958 2390 3250 2443 orationem
3293 2407 3482 2452 meam,

1899 2486 1960 2530 ut
1985 2477 2100 2532 alas
2128 2478 2396 2533 columbae
2423 2479 2722 2542 obtineret,
2766 2489 2818 2534 et
2859 2482 3068 2538 volaret
3102 2501 3116 2537 :
3149 2483 3257 2537 hoc
3284 2484 3488 2555 quippe

1899 2565 2062 2620 modo
2090 2573 2325 2632 tantum,
2361 2576 2415 2623 et
2439 2584 2546 2623 non
2573 2571 2699 2636 alio,
2727 2586 2756 2624 a
2779 2571 3001 2627 civitate
3036 2573 3328 2644 impiorum
3359 2590 3488 2644 pro-

1899 2655 1990 2708 cul
2036 2655 2294 2710 recedere
2329 2665 2563 2726 poterat.
2606 2658 2920 2714 Secundum
2968 2661 3356 2732 Symmachum
3388 2678 3487 2718 au-

1899 2750 2007 2798 tem
2043 2762 2055 2797 :
2097 2743 2162 2798 Et
2191 2744 2306 2798 dixi
2339 2761 2357 2798 :
2390 2746 2522 2812 Quis
2547 2747 2696 2801 dabit
2719 2749 2846 2802 milii
2865 2765 3063 2817 pennas
3081 2751 3215 2804 sicut
3233 2750 3488 2808 columbw

1902 2833 1970 2887 ad
2001 2835 2282 2889 volandum
2311 2846 2361 2889 et
2401 2836 2776 2894 insidendum?
2825 2838 2999 2908 Longe
3039 2841 3282 2909 fecissem
3318 2858 3478 2896 seces-

1902 2926 2102 2979 sionem
2143 2943 2338 2990 meam,
2384 2928 2698 2981 mansissem
2730 2929 2784 2982 in
2813 2929 3120 2985 solitudine.
3183 2929 3486 2985 Confestim

1902 3014 2214 3084 eil‘ugissem
2246 3016 2494 3070 elevante
2523 3032 2609 3072 me
2641 3017 2866 3086 spiritu;
2900 3018 3059 3088 longe
3087 3019 3289 3089 quippe
3320 3019 3486 3074 fecis-

219 3115 315 3185 τὴν
340 3116 595 3187 ἕκφευξίν
622 3135 722 3187 μου
759 3119 867 3171 ἀπὸ
891 3119 1200 3188 πνεύματος
1229 3118 1546 3188 ἐπαίροντος
1567 3134 1579 3146 ·
1613 3116 1801 3187 πόρρω

1909 3120 2018 3161 sem
2054 3106 2421 3160 secessionem
2463 3121 2661 3170 meam,
2697 3107 2794 3171 ait,
2855 3108 2900 3162 si
2949 3110 3065 3164 alas
3105 3109 3486 3173 obtinuisscin,

223 3206 328 3278 γὰρ
357 3207 422 3262 ἂν
450 3208 702 3278 ἐποίησα,
737 3211 889 3280 φησί,
918 3209 1017 3280 τὴν
1043 3207 1389 3280 ἀναχώρησίν
1425 3224 1524 3276 μου
1547 3247 1562 3267 .
1597 3209 1648 3259 εἰ
1681 3206 1802 3261 ἔτυ-

223 3316 312 3369 χον
334 3301 645 3372 πτερύγων,
672 3301 887 3370 φεύγων
910 3302 1036 3363 τοὺς
1058 3301 1127 3354 τὰ
1153 3299 1520 3371 προλεχθέντα
1562 3297 1804 3368 τολμῶν-

225 3408 338 3456 τας,
376 3393 476 3447 καὶ
501 3393 598 3456 τὰς
640 3394 876 3464 ἐρήμους
916 3394 1112 3464 μᾶλλον
1138 3394 1233 3464 τῆς
1257 3392 1554 3463 εἰρημένης
1595 3391 1804 3453 πόλεως

226 3485 555 3556 προετίμων.
586 3484 770 3547 Οὕτως
796 3501 855 3536 τε
886 3487 942 3536 ὲν
967 3487 1031 3555 τῇ
1073 3485 1263 3555 ἐρήμῳ
1306 3482 1575 3552 γεγονὼς,
1619 3496 1803 3550 προσ-

227 3571 520 3643 εδεχόμην
552 3573 627 3626 ἂν
651 3572 757 3626 τὸν
792 3572 1052 3633 σώζοντά
1083 3590 1158 3641 με
1198 3573 1314 3626 ἀπὸ
1363 3569 1473 3638 τῆς
1501 3571 1802 3641 γενομένης

233 3679 318 3731 μοι
362 3663 801 3732 ὀλιγοψυχιάς,
837 3664 934 3716 καὶ
969 3663 1088 3716 ἀπὸ
1111 3662 1221 3729 τῆς
1266 3661 1682 3732 καταλαϐούσης
1737 3677 1804 3730 με

231 3753 584 3824 καταιγίδος.
612 3755 1085 3816 Καταπόντισον,
1118 3755 1311 3820 Κύριε,
1353 3752 1451 3805 καί
1492 3751 1804 3804 καταδίελε

231 3846 330 3911 τὰς
349 3846 637 3916 γλώσσας
661 3844 877 3909 αὐτῶν,
914 3846 1006 3898 καὶ
1037 3843 1104 3896 τὰ
1125 3844 1271 3913 ἑξῆς.
1302 3843 1412 3914 Τὴν
1445 3842 1621 3896 αἰτίαν
1645 3841 1709 3892 δι’
1739 3841 1804 3911 ἢν

233 3936 426 4006 ηὔξατο
448 3935 738 4006 πτερύγων
765 3938 968 4005 τυχεῖν,
1000 3935 1076 3996 ὡς
1096 3933 1162 3987 ἂν
1184 3931 1474 4002 πετασθείη
1505 3930 1596 3982 καὶ
1621 3930 1803 3998 φύγοι,

234 4027 427 4098 ἔρημόν
451 4045 512 4081 τε
551 4026 748 4099 μᾶλλον
773 4029 941 4080 οἰκεῖν
974 4025 1189 4078 ἑλέσθαι
1238 4025 1270 4095 ἢ
1321 4025 1418 4094 τὴν
1471 4022 1805 4094 δηλουμένην

233 4121 397 4186 πόλιν,
429 4119 524 4175 διὰ
549 4120 656 4175 τῶν
698 4119 1070 4190 προκειμένων
1094 4118 1330 4171 διδάσκει
1350 4116 1551 4184 λέγων·
1593 4113 1804 4184 Ἐπειδὴ

234 4211 350 4268 τάδε
379 4213 476 4266 καὶ
503 4211 628 4265 τάδε
662 4209 965 4282 προγνώσει
986 4209 1079 4264 τοῦ
1127 4207 1460 4279 προφητικοῦ
1499 4206 1807 4275 πνεύματος

237 4301 542 4374 ἐθεασάμην
572 4301 996 4375 πραχθησόμενα
1025 4303 1082 4353 ὲν
1108 4303 1174 4371 τῇ
1205 4300 1388 4364 πόλει,
1424 4297 1615 4351 τούτου
1647 4296 1806 4366 χάριν

238 4391 476 4447 ἐντεῦθεν
540 4393 636 4464 ήδη
667 4393 888 4462 φεύγειν
932 4392 1280 4462 διανενόημαι
1327 4390 1426 4461 τὴν
1478 4388 1585 4441 τῶν
1617 4386 1805 4441 κακῶν

1906 3195 2120 3267 fugiens
2151 3197 2218 3251 ab
2243 3197 2310 3252 iis
2341 3198 2433 3268 qui
2460 3197 2574 3267 jam
2608 3197 2754 3252 dicta
2803 3201 3025 3270 aggredi
3059 3201 3365 3263 audebant,
3403 3209 3488 3255 at-

1903 3302 2009 3356 que
2038 3287 2363 3343 solitudines
2391 3288 2628 3358 praefata:
2651 3282 2858 3344 civitaii
2885 3293 3282 3348 antetulissem.
3317 3291 3408 3347 Sic
3431 3294 3491 3350 in
3527 3289 3544 3305 ’

1903 3378 2122 3434 deserto
2167 3381 2504 3435 constitutus
2557 3381 2930 3448 exspectabam
2969 3399 3122 3448 eum,
3165 3385 3252 3454 qui
3279 3385 3488 3440 salvum

1903 3486 1984 3524 me
2015 3471 2144 3540 facit
2182 3488 2214 3524 a
2240 3472 2689 3541 pusillanimitate
2733 3489 2854 3543 qua:
2887 3490 2975 3529 me
3016 3476 3340 3541 invadebat,
3370 3485 3419 3530 et
3454 3496 3486 3531 a

1906 3570 2210 3632 tempestate
2255 3579 2376 3633 quae
2426 3579 2511 3617 me
2558 3566 2940 3634 interceperat,
3007 3557 3331 3635 Priecipita,
3377 3567 3480 3622 Do-

1905 3645 2066 3718 mine,
2091 3665 2140 3708 et
2172 3654 2344 3708 divide
2376 3655 2582 3723 linguas
2627 3671 2831 3718 eorum,
2873 3663 2928 3710 et
2967 3666 3183 3710 caetera.
3252 3656 3486 3712 Causam

1905 3745 2080 3814 aperit
2127 3759 2227 3798 cur
2270 3743 2385 3798 alas
2435 3743 2685 3797 obtinere
2711 3745 2984 3814 rogaverit
3015 3743 3082 3796 ad
3112 3745 3404 3798 volandum
3433 3754 3490 3800 et

1905 3833 2294 3904 ell‘ugiendum,
2319 3841 2372 3888 et
2396 3851 2494 3888 cur
2520 3835 2836 3889 solitudinis
2866 3822 3257 3888 habitationem
3282 3851 3484 3890 memo-

1906 3931 2037 3976 ratae
2090 3922 2300 3976 civitati
2353 3923 2689 3987 anletulerit,
2742 3922 2828 3976 bis
2877 3929 3036 3976 utens
3091 3923 3490 3990 verbiszQuo-

1906 4011 2053 4064 niam
2080 4011 2195 4066 haec
2234 4020 2287 4066 et
2327 4012 2420 4066 illa
2453 4028 2518 4068 ex
2551 4013 2855 4083 prophetici
2887 4012 3116 4082 Spiritus
3133 4015 3479 4083 praescientia

1909 4104 1961 4157 in
1992 4104 2214 4158 civitate
2234 4104 2472 4173 gerenda
2495 4119 2619 4160 esse
2644 4104 2872 4174 cognovi
2897 4122 2911 4170 ;
2941 4104 3062 4158 ideo
3095 4105 3222 4158 hinc
3253 4103 3491 4174 effugere

1907 4202 1960 4250 et
1993 4195 2259 4250 malorum
2295 4195 2630 4250 multitudini
2653 4211 2736 4250 mc
2756 4193 3058 4251 subducere
3091 4196 3344 4266 cogitavi.
3365 4196 3488 4250 Pri-

1909 4303 2052 4341 mam
2077 4287 2220 4342 cuim
2254 4289 2588 4358 impietatem
2629 4287 2936 4343 futurorum
2971 4288 3216 4354 ejusdem
3248 4289 3489 4345 civitatis

1908 4377 2247 4442 incolarum,
2295 4394 2361 4433 ex
2413 4378 2596 4448 lingua
2646 4393 2837 4432 eorum
2884 4377 3254 4448 profecturam
3307 4379 3486 4434 video.

240 4483 454 4556 πληθύν.
490 4485 713 4555 Πρῶτον
745 4485 854 4554 γὰρ
882 4484 1134 4553 ἀσέϐημα
1156 4481 1262 4535 τῶν
1295 4480 1392 4551 τὴν
1422 4476 1803 4549 προλεχθεῖσαν

1909 4472 2111 4524 Omnes
2141 4470 2341 4540 quippe
2376 4471 2431 4524 in
2457 4470 2598 4523 malo
2620 4470 3049 4532 consentientes,
3071 4469 3308 4540 linguam
3333 4485 3488 4524 suam

241 4573 383 4629 πόλιν
429 4577 771 4646 οἰκησάντων
806 4575 916 4645 ὁρῶ
949 4562 1018 4626 ’τὸ
1053 4576 1115 4626 ὲκ
1165 4572 1265 4642 τῆς
1309 4570 1553 4640 γλώττης
1601 4567 1801 4622 αὐτῶν.

243 4661 434 4731 Πάντες
465 4667 576 4738 γὰρ
609 4665 818 4730 ὥξυναν
844 4664 1049 4717 ἑαυτῶν
1081 4664 1172 4716 ἐπὶ
1215 4660 1369 4731 κακῷ
1399 4661 1805 4730 συμφωνήσαν-

242 4771 324 4820 τες
349 4760 444 4823 τὰς
473 4759 722 4828 γλώττας
745 4758 888 4812 κατά
911 4757 1006 4810 τοῦ
1037 4756 1166 4808 Υἱοῦ
1216 4753 1312 4807 τοῦ
1361 4752 1496 4806 Θεοῦ
1523 4770 1534 4782 ·
1570 4750 1670 4813 διὸ,
1728 4749 1804 4820 μὴ

245 4847 408 4918 φέρων
433 4850 615 4905 αύτῶν
635 4849 733 4920 τὴν
761 4848 1038 4920 μοχθηρὰν
1070 4845 1274 4916 ταύτην
1317 4847 1412 4898 καὶ⁸
1443 4843 1616 4912 ἀσεϐῆ
1669 4857 1806 4910 συμ-

246 4940 454 5006 φωνίαν,
477 4940 707 5011 εὔχομαι
751 4940 952 5008 λέγων’
981 4934 1048 4990 Ὦ
1092 4939 1303 5005 Κύριε,
1362 4934 1807 4988 autumi-mauu
1850 4973 1854 4976 .

245 5029 333 5082 καί
357 5032 668 5086 xaerer
698 5031 804 5098 τὰς
835 5029 1118 5099 γλώσσας
1145 5025 1361 5083 αὐτῶν.
1396 5027 1489 5089 'H,
1537 5023 1678 5078 κατά
1715 5021 1807 5074 τὸν

247 5116 549 5193 Σύμμαχον·
585 5119 1146 5187 Καταποντισθῆναι
1175 5118 1438 5185 ποίησον
1462 5155 1477 5178 ,
1507 5114 1804 5175 Δέσποτα,

246 5211 334 5263 καὶ
375 5214 741 5284 ἀσύμφωνον
782 5213 1046 5279 ποίησον
1095 5210 1211 5279 τὴν
1254 5208 1544 5280 γλῶσσαν
1585 5203 1805 5259 αὐτῶν.

246 5297 346 5370 Τῆς
367 5303 471 5376 γὰρ
505 5303 784 5374 μοχθηρᾶς
818 5303 1134 5372 συμφωνίας
1169 5301 1302 5354 πολὺ
1332 5301 1576 5370 κρεῖττον
1613 5294 1806 5364 γένοιτ’

245 5387 304 5440 ἂν
334 5393 365 5462 ἡ
390 5394 711 5465 ἀσυμφωνία
729 5435 743 5458 ,
776 5393 1111 5464 ἀτονωτέραν
1140 5392 1236 5445 καὶ
1273 5387 1665 5456 ἀσθενεστέραν
1706 5401 1807 5437 κα-

248 5481 359 5536 κίαν
388 5487 828 5559 ἀπεργαζομένη.
852 5485 1021 5538 Τοῦτο
1050 5485 1147 5554 μὲν
1171 5479 1265 5536 οὖν
1288 5481 1348 5534 τὸ
1373 5479 1587 5550 πρῶτον
1619 5471 1686 5546 ἦν
1712 5475 1808 5528 αύ-

249 5570 345 5627 τῶν
373 5581 556 5632 κακόν.
595 5578 662 5632 Οἵ
681 5595 739 5631 τε
774 5576 884 5647 γὰρ
905 5575 1000 5629 τοῦ
1023 5575 1207 5637 ἔθνους
1236 5570 1574 5642 προεστῶτες
1599 5607 1612 5631 ,
1645 5581 1806 5636 νομο-

250 5657 538 5723 διδάσκαλοι
575 5671 668 5724 καὶ
715 5669 1016 5739 ἀρχιερεῖς,
1054 5668 1146 5721 καὶ
1184 5667 1358 5719 λοιποὶ
1405 5665 1662 5735 ἄρχοντες
1716 5658 1808 5712 τοῦ

251 5749 386 5826 λαοῦ,
413 5761 594 5835 δολίως
616 5761 762 5834 αὐτῷ
792 5763 1127 5833 προσιόντες,
1158 5759 1430 5832 πειράζειν
1465 5757 1626 5815 αὐτὴν
1659 5751 1808 5806 ἐτόλ-

1910 4571 2248 4616 exacuerunt
2311 4568 2503 4614 contra
2558 4558 2753 4612 Filium
2818 4557 2911 4613 Dei
2978 4577 2991 4612 :
3052 4574 3223 4627 quare
3268 4559 3488 4626 impiam

1910 4668 2098 4707 eorum
2141 4659 2195 4706 et
2243 4653 2565 4706 sceleratam
2602 4649 2951 4704 concordiam
2986 4665 3093 4702 non
3133 4649 3334 4712 ferens,
3375 4648 3491 4701 inec

1913 4733 2106 4812 precor
2140 4761 2152 4795 :
2187 4741 2230 4796 0
2262 4741 2504 4800 Domine,
2554 4740 2829 4810 pra’cipita
2877 4748 2923 4792 et
2950 4739 3123 4791 divide
3156 4737 3366 4807 linguas
3402 4755 3492 4792 eo-

1913 4851 2066 4897 rum;
2112 4835 2247 4898 sive,
2301 4832 2600 4889 secundum
2657 4830 3063 4902 Symmachum,
3104 4828 3214 4883 Fac
3239 4830 3490 4898 demet-gi,

1912 4926 2158 4990 Domine,
2181 4936 2228 4980 et
2250 4925 2544 4980 discordem
2570 4941 2699 4994 pone
2726 4924 2963 4993 linguam
2981 4940 3182 4976 eorum.
3202 4921 3337 4976 Nam
3369 4937 3460 4977 sce
3478 4951 3492 4962 -

1915 5020 2082 5072 lerata
2109 5017 2402 5070 concordia
2433 5015 2604 5070 multo
2627 5014 2973 5085 praestantior
2999 5013 3276 5068 discordia
3307 5013 3490 5075 fuerit,

1913 5122 2034 5176 quae
2089 5106 2445 5160 inﬁrmiorem
2500 5093 2933 5174 debilioremque
2978 5104 3243 5157 malitiam
3280 5103 3491 5158 reddat.

1916 5199 2030 5254 Hoc
2059 5199 2292 5269 primum
2312 5198 2577 5252 malorum
2600 5198 2776 5252 inerat
2806 5197 2958 5266 ipsis.
2987 5194 3120 5249 Nam
3142 5195 3495 5264 magistratus

1915 5292 2114 5363 gentis,
2137 5292 2270 5361 legis
2291 5291 2545 5344 doctores
2565 5328 2578 5352 ,
2599 5288 2874 5359 principes
2905 5287 3248 5342 sacerdotum
3276 5301 3338 5339 ac
3367 5285 3496 5339 reli-
3530 5283 3534 5286 ’

1915 5383 2007 5454 qui
2029 5381 2206 5452 populi
2223 5381 2498 5450 principes
2521 5380 2587 5432 ad
2605 5394 2869 5438 cumcum
2885 5377 3010 5432 dolo
3027 5375 3494 5443 adeuntes,ipsum

1916 5483 2125 5529 tentare
2153 5475 2446 5536 audebant,
2476 5472 2822 5526 occasionem
2852 5477 3157 5539 captantes,
3184 5475 3237 5522 et
3271 5465 3495 5520 insidias

1915 5569 1969 5623 in
1996 5584 2118 5624 eum
2151 5579 2446 5624 struentes.
2511 5565 2666 5634 Quod
2704 5565 2845 5618 alius
2875 5576 3092 5631 quoque
3115 5555 3496 5614 subindicabat

1917 5662 2180 5729 psalmus,
2231 5678 2298 5716 ex
2327 5659 2572 5730 ejusdem
2609 5669 2840 5727 persona
2871 5653 3000 5706 talia
3030 5651 3174 5704 fatus
3201 5668 3212 5703 :
3247 5647 3491 5702 Circinu-

1918 5753 2170 5808 dcderunt
2214 5770 2293 5809 me
2331 5754 2470 5808 tauri
2510 5750 2686 5815 multi,
2726 5746 2878 5802 vituli
2916 5731 3130 5815 pingues
3185 5739 3494 5795 obsederunt
