4010 6540
222 387 323 444 ιὸὶ

1359 381 1855 438 COMMENTARIA
1896 382 1963 437 IN
2003 384 2345 442 PSALMOS.

3375 394 3483 448 482

219 504 338 570 νάς
383 519 488 573 μοι
532 501 828 569 ἐδέσματα
855 540 869 564 ,
920 501 990 554 ἐν
1040 518 1120 566 τῳ
1166 502 1309 565 οἴκῳ
1340 501 1444 556 τοῦ
1480 502 1627 557 Θεοῦ
1673 503 1809 555 ἐπο-

1921 519 2056 558 meus
2082 513 2133 557 et
2162 514 2316 559 notus
2349 521 2494 559 meus
2521 521 2541 559 :
2564 507 2653 576 qui
2680 507 2840 561 simul
2870 522 3065 561 mecum
3111 508 3289 563 dulces
3318 512 3481 578 capie-

212 596 524 666 ρεύθημεν
547 594 618 649 ἐν
644 596 907 664 ὁμονοίᾳ.
950 594 1043 657 Et;
1072 593 1265 647 ἑαυτοῦ
1295 594 1583 665 πρόσωπον
1609 594 1809 647 ἀναλα-

220 687 336 742 ϐὼν
383 691 415 742 ό
446 688 736 759 Προφήτης
766 687 834 740 τά
862 686 1002 740 κατά
1026 686 1123 739 τοῦ
1153 686 1401 757 Σωτῆρος
1429 686 1585 757 ἡμῶν
1609 686 1810 757 τολμη-

220 781 508 857 θησόμενα
532 821 548 845 ,
604 781 826 844 εἰκότως
855 782 1059 849 ἔφασκε
1109 780 1438 852 τεταράχθαι
1491 781 1585 834 καὶ
1611 781 1810 844 δειλίας

220 876 460 929 θανάτου
494 874 903 946 πεπληρῶσθαι.
958 874 1209 928 Μάλιστα
1245 874 1342 943 μὲν
1374 872 1484 943 γὰρ
1516 872 1610 926 καὶ
1639 875 1806 938 πᾶσα,

220 966 415 1038 φησιν,
446 969 479 1037 ἡ
506 966 659 1029 πόλις
681 966 1006 1037 πεπλήρωτο
1029 965 1257 1035 ἀνομίας
1280 966 1375 1017 καὶ
1396 964 1721 1033 ἀντιλογίας,
1748 964 1808 1017 οὐ

217 1058 287 1111 δι’
320 1060 539 1129 ἡμέρας
569 1058 748 1129 μόνον,
801 1056 935 1110 ἀλλά
964 1056 1058 1110 καὶ
1090 1056 1178 1109 διὰ
1209 1057 1403 1119 νυκτός
1428 1074 1440 1086 ·
1488 1056 1554 1109 τὰ
1583 1056 1627 1109 δ’
1654 1057 1809 1119 ὲκτὸς

217 1152 320 1222 τῆς
352 1150 564 1212 πόλεως
590 1149 732 1219 ἀμφὶ
765 1148 833 1201 τά
867 1148 1016 1219 τείχη
1048 1148 1217 1218 αὐτῆς
1248 1148 1477 1218 ἀνομίας
1509 1146 1718 1218 ἔμπλεα
1743 1144 1809 1219 ἦν

217 1241 315 1293 καὶ
344 1240 544 1309 ὀδύνης
569 1240 662 1292 καὶ
687 1239 1088 1310 ταλαιπωρίαςο
1155 1240 1215 1291 οὐ
1254 1240 1358 1311 μὴν
1382 1238 1517 1292 ἀλλά
1548 1241 1643 1292 καί¹
1670 1240 1809 1293 πάν-

216 1348 328 1384 των
356 1330 541 1385 αὐτῶν
568 1331 623 1384 αἱ
648 1330 816 1401 ψυχαὶ
844 1329 1045 1401 ζημίας
1078 1329 1370 1401 ἐτύγχανον
1402 1332 1495 1384 καὶ
1516 1331 1811 1394 ἐπιθέσεως

221 1423 447 1493 μεσταί.
504 1422 577 1475 Τὸ
600 1422 657 1475 δὲ
682 1422 897 1476 πάντων
924 1423 1195 1492 χείριστον
1216 1462 1232 1485 ,
1286 1423 1367 1475 ὅτι
1401 1422 1494 1475 καὶ
1526 1422 1632 1475 τῶν
1660 1422 1810 1492 ὲμῶν

221 1513 501 1585 ίσοψύχων
519 1509 627 1578 εἷς,
662 1512 769 1566 τῶν
792 1530 850 1566 τε
881 1514 1083 1585 σφόδρα
1113 1514 1403 1585 γνωρίμων
1436 1516 1528 1568 καὶ
1553 1515 1811 1583 γνωστῶν

218 1606 346 1676 ἐμοὶ
373 1646 390 1669 ,
437 1605 659 1659 τοιαῦτα
686 1607 806 1659 κατ’
836 1606 970 1676 ὲμου
1003 1606 1399 1676 πεπαρῴνηκεν
1423 1646 1436 1668 ,
1465 1606 1540 1669 ὡς
1563 1592 1811 1678 ἀφόρητα

218 1690 362 1747 εἶναι
396 1734 411 1757 ,
450 1694 544 1748 καὶ
588 1696 688 1767 οὐκ
716 1694 887 1747 οίστά.
964 1694 1046 1746 Τά
1080 1695 1175 1764 μὲν
1209 1695 1319 1766 γὰρ
1363 1696 1454 1748 ὑπ’
1479 1695 1688 1767 ἐχθρῶν
1719 1698 1812 1749 καὶ

216 1786 633 1856 ὁμολογούντων
662 1783 1029 1839 ἐναντιοῦσθαι
1056 1786 1150 1839 καὶ
1183 1789 1359 1855 μισεῖν
1387 1790 1451 1839 ἐκ
1480 1787 1571 1840 τοῦ
1608 1805 1813 1860 προφα-

217 1878 368 1941 νοῦς,
389 1877 547 1931 οίστά
572 1878 635 1931 ἀν
650 1878 890 1947 γένοιντό
908 1892 1036 1928 ποτε
1052 1892 1065 1905 ο
1092 1877 1213 1928 ἐπεὶ
1231 1878 1323 1930 καὶ
1345 1877 1810 1947 προφυλάττεσθαι

215 1968 349 2031 τοὺς
379 1967 611 2040 ἐχθροὺς
641 1966 980 2039 κρύπτεσθαί
1014 1983 1074 2020 τε
1105 1967 1198 2019 ἀπ’
1232 1967 1410 2020 αὐτῶν
1442 1966 1686 2031 δυνατὸν,
1718 1968 1813 2021 καὶ

219 2060 396 2131 μηδὲν
431 2060 580 2126 ξένον
608 2057 859 2130 ἡγεῖσθαι
882 2058 1009 2121 τοὺς
1036 2057 1146 2111 τῶν
1186 2056 1399 2129 ἐχθρῶν
1440 2057 1774 2128 ὀνειδισμούς
1794 2074 1808 2089 ο

215 2151 349 2205 ὅταν
382 2153 445 2204 δὲ
483 2151 633 2219 φίλος
668 2149 918 2219 ίσόψυχος
942 2188 955 2211 ,
992 2150 1119 2201 ὅταν
1149 2152 1178 2202 ό
1212 2150 1312 2221 τῆς
1340 2151 1468 2221 παρ’
1497 2151 1619 2221 ἐμοὶ
1648 2151 1812 2221 τιμῆς

216 2256 274 2293 τε
312 2242 419 2295 καὶ
441 2240 670 2311 ἐκλογῆς
695 2237 1102 2308 κατηξιωμένος
1120 2279 1133 2302 ,
1164 2239 1290 2291 ὅταν
1311 2238 1684 2310 ὁμοτράπεζος
1710 2256 1812 2305 μα-

219 2330 399 2401 θητὴς
417 2370 433 2393 ,
460 2332 589 2383 ὅταν
617 2332 645 2382 ό
671 2329 1026 2382 συνεισελθὼν
1058 2331 1181 2399 ἐμοὶ
1213 2328 1475 2390 πολλάκις
1502 2330 1581 2390 είς
1602 2329 1693 2380 τὸν
1717 2326 1810 2379 τοῦ

220 2420 359 2474 Θεοῦ
390 2416 564 2484 οἷκον,
600 2418 1149 2491 συμπροσευξάμενός
1175 2436 1235 2472 τε
1263 2419 1357 2472 καὶ
1385 2419 1650 2488 μυστικῆς
1680 2420 1813 2471 ἀπο-

222 2511 434 2573 λαύσας
461 2511 700 2582 τροφῆς,
736 2510 910 2577 λόγων
940 2526 999 2561 τε
1032 2511 1358 2580 ἀπορρήτων
1402 2509 1512 2561 τῶν
1552 2510 1681 2579 περὶ
1712 2509 1813 2579 τῆς

228 2604 509 2675 βασιλείας
530 2602 636 2657 τῶν
661 2602 904 2673 οὐρανῶν
938 2601 1221 2672 μετασχὼν
1237 2642 1251 2663 ,
1284 2598 1509 2655 τοιαῦτα
1531 2602 1650 2655 κατ’
1677 2600 1812 2671 ἐμοῦ

224 2694 369 2766 δρῶν
389 2734 404 2756 ,
436 2694 616 2747 οὐκέτ’
640 2694 703 2746 ἂν
733 2693 941 2761 γένοιτο
969 2694 1189 2747 ἀνεκτά.
1221 2692 1409 2747 Ταῦτα
1429 2694 1484 2746 δὲ
1506 2693 1813 2757 ἀκολούθως

230 2785 370 2856 μετά
399 2786 469 2838 τὰ
507 2785 871 2857 προλεχθέντα
907 2787 1034 2857 περὶ
1062 2785 1168 2838 τῶν
1201 2785 1259 2837 ὲν
1281 2788 1347 2855 τῇ
1380 2784 1531 2837 πόλει
1554 2784 1817 2855 τετολμη-

230 2877 433 2945 μένων,
471 2877 615 2940 ἰδίως
652 2877 781 2948 περὶ
821 2876 914 2930 τοῦ
964 2877 1223 2947 προδότου
1266 2877 1432 2930 Ἰούδα
1477 2876 1812 2938 ὲθεσπίζετο.

234 2970 300 3021 Ἀ
315 2968 379 3039 δὴ
401 2968 501 3021 καὶ
525 2967 661 3022 αύτά
679 2966 867 3020 τοῦτον
890 2969 918 3020 ὁ
934 2960 1225 3039 Σύμμαχος
1248 2968 1557 3040 ἡρμήνευσε
1579 2966 1669 3019 τὸν
1688 2966 1786 3036 τρό
1800 2995 1815 3005 ο

230 3077 359 3114 πον·
401 3063 491 3115 Οὐ
545 3060 655 3129 γὰρ
688 3059 902 3129 ἐχθρὸς
931 3058 1378 3127 προεπηλάκωέ
1404 3076 1513 3127 με,
1567 3059 1667 3110 ἵνα
1704 3058 1817 3121 ,βα-

230 3152 431 3217 στάξω
451 3169 467 3183 σ
528 3150 668 3206 οὐδὲ
698 3151 794 3205 διὰ
840 3152 1064 3220 μίσους
1089 3168 1193 3219 μοι
1222 3150 1315 3203 ἐπ’
1344 3150 1449 3219 ἐμὲ
1487 3150 1818 3219 ἐμεγάλυνε
1846 3179 1887 3236 c

232 3243 620 3313 πτερνισμὸν,
655 3244 755 3296 ἵνα
791 3244 1085 3311 κρύόωμαι
1114 3241 1321 3297 αὐτόν.
1370 3240 1545 3295 Ἀλλὰ
1575 3241 1677 3306 σὺ,
1711 3240 1818 3295 ἆν-

233 3338 448 3404 θρωπε,
480 3336 867 3405 ὁμοιότροπος
897 3350 1005 3404 μοι
1028 3372 1043 3399 ,
1093 3332 1368 3402 συνήθης
1395 3332 1495 3387 καί
1529 3332 1818 3404 γνώριμός

231 3446 327 3498 μοι
346 3469 360 3493 ,
396 3430 619 3494 οἵτινες
656 3428 1191 3498 ἐκοινολογιούμεθα
1221 3424 1510 3496 γλυκεῖαν
1541 3426 1815 3495 ὁμιλίαν

235 3520 301 3571 ἐν
332 3520 409 3586 τῷ
440 3521 588 3584 οἴκῳ
624 3518 730 3573 τοῦ
761 3518 908 3573 Θεοῦ
942 3519 1435 3587 ἀναπρεφόμεθα
1467 3514 1819 3571 συνδιαιτώ-

234 3628 411 3678 μενοι.

319 3703 573 3758 Ἐλθέτω
603 3704 858 3769 θάνατος
886 3704 976 3756 ἐπ’
998 3702 1239 3767 αὐτοὺς,
1272 3700 1368 3753 καὶ
1393 3700 1823 3765 καταϐήτωσαν

241 3798 322 3861 είς
352 3797 505 3863 ᾅδου
544 3795 753 3863 ζῶντες
780 3813 793 3825 ·
832 3796 919 3848 ὅτι
948 3796 1203 3863 πονηρία
1225 3794 1295 3846 ἐν
1334 3792 1462 3857 ταῖς
1487 3791 1823 3859 πιιροικίαις

242 3888 456 3951 αὐτῶν,
479 3890 550 3941 ἐν
567 3888 734 3957 μέσῳ
755 3886 972 3941 αὐτῶν.
1009 3886 1149 3957 ’Ἤδη
1175 3885 1431 3948 πολλάκις
1459 3886 1592 3955 ἡμῖν
1616 3884 1709 3936 καὶ
1736 3882 1823 3936 διά

245 3979 346 4031 τῶν
401 3979 712 4051 ἔμπροσθεν
752 3979 1181 4053 ἀποδέδεικται,
1232 3979 1314 4030 ὅτι
1358 3977 1429 4031 τὰ
1479 3975 1824 4048 προῤῥητικά

247 4072 628 4142 προστακτικῷ
650 4073 834 4143 τρόπῳ
856 4066 975 4135 ἔθος
994 4076 1058 4144 τῇ
1082 4071 1202 4143 θείᾳ
1218 4072 1405 4142 Γραφῇ
1420 4068 1787 4140 προφέρεσθαι
1808 4084 1821 4098 ·

250 4163 335 4214 καὶ
366 4162 603 4216 ἐνταῦθα
638 4164 817 4217 τοίνυν
849 4164 969 4216 ἀντὶ
1009 4164 1100 4217 τοῦ
1122 4203 1135 4227 ,
1194 4164 1533 4217 Ἐλεύσετίιι
1569 4160 1822 4227 θάνατος

251 4255 333 4307 ἐπ’
370 4257 596 4323 αὐτοὺς
622 4298 635 4319 ,
684 4257 781 4311 καὶ
822 4256 1263 4324 καταϐήσονται
1298 4257 1384 4319 είς
1416 4253 1564 4321 ᾷδου
1590 4251 1823 4317 ζῶντες,

252 4347 663 4415 προστακτικῶς
710 4347 923 4417 εἴρηται
974 4346 1039 4400 τὰ
1072 4346 1425 4417 προκείμενα.
1481 4342 1737 4408 Θεσπίζει
1768 4343 1825 4395 δὲ

259 4438 310 4489 τὸ
345 4438 569 4509 Πνεῦμα
602 4441 664 4491 τὸ
696 4439 848 4506 ἅγιον
892 4438 960 4490 τὰ
993 4438 1380 4508 συμϐησόμενα
1426 4438 1536 4499 τοῖς
1588 4435 1654 4488 τὰ
1686 4452 1823 4506 προ-

1910 597 2004 647 bas
2033 594 2201 657 cibos,
2235 596 2291 648 in
2319 595 2475 649 domo
2510 594 2608 650 Dei
2639 597 3020 652 ambulavimus
3051 616 3166 652 cum
3201 617 3480 658 consensu.

1911 685 1988 740 Ad
2040 687 2123 741 sui
2176 703 2465 757 personam
2509 689 2752 745 referens
2793 689 3061 761 Propheta
3112 693 3482 750 admittendos

1910 785 2103 831 contra
2137 776 2473 834 Salvatorem
2509 788 2756 835 nostrum
2788 796 2975 844 ausus,
3008 783 3134 852 jure
3166 785 3241 837 ait
3283 801 3342 840 se
3368 796 3481 839 tur-

1911 865 2097 920 batum
2140 875 2194 922 et
2235 868 2526 924 formidine
2566 871 2759 925 mortis
2792 872 3057 941 repletum
3086 889 3228 929 esse.
3263 873 3327 927 Et
3353 890 3480 929 vero

1916 964 2051 1020 tota,
2104 955 2304 1028 inquit,
2358 960 2553 1015 civitas
2597 961 2885 1030 iniquitate
2939 970 2993 1017 et
3045 966 3482 1021 contradictione

1911 1050 2069 1118 plena
2104 1059 2241 1115 eral,
2291 1066 2398 1105 non
2430 1051 2518 1105 die
2558 1054 2759 1117 solum,
2800 1054 2892 1109 sed
2927 1056 3091 1110 etiam
3142 1068 3318 1112 nocte.
3352 1057 3483 1124 Quae

1911 1149 2091 1195 autem
2122 1149 2274 1195 extra
2305 1142 2602 1208 civitatem,
2632 1146 2778 1198 circa
2802 1161 2987 1201 muros
3009 1146 3148 1215 ejus,
3174 1148 3480 1219 iniquitate,

1910 1230 2098 1285 dolore
2127 1240 2181 1285 et
2220 1233 2442 1287 miseria
2486 1236 2689 1304 repleta
2723 1246 2914 1305 erant;
2953 1240 3063 1293 imo
3092 1240 3255 1294 etiam
3288 1256 3479 1295 eorum

1911 1324 2153 1377 omnium
2187 1324 2383 1380 anima:
2409 1326 2609 1382 damno
2641 1335 2695 1383 et
2722 1329 2928 1385 insultu
2971 1330 3203 1387 refertae.
3237 1333 3305 1387 At
3335 1332 3482 1403 quod

1910 1412 2153 1465 Omnium
2182 1414 2480 1482 pessimum
2519 1428 2658 1483 erat,
2690 1435 2834 1473 unus
2858 1437 2921 1476 ex
2966 1423 3033 1477 iis
3066 1425 3156 1493 qui
3196 1425 3485 1479 unanimes

1909 1512 1964 1557 et
2005 1503 2297 1559 admodum
2348 1506 2464 1561 noti
2511 1510 2645 1563 mihi
2689 1519 2865 1577 erant,
2903 1515 3107 1570 talibus
3158 1523 3348 1570 contra
3396 1531 3484 1573 me

1912 1592 2281 1651 debacchatus
2305 1606 2408 1662 est,
2438 1616 2557 1670 qua:
2584 1601 2943 1657 intolerabilia
2973 1615 3027 1660 et
3058 1607 3372 1662 nullatenus
3404 1607 3485 1663 fe-

1913 1686 2081 1741 renda
2121 1688 2251 1742 sint.
2285 1689 2497 1745 Etenim
2524 1694 2593 1748 ab
2631 1695 2869 1751 inimicis
2898 1704 2950 1751 et
2981 1697 3047 1750 iis
3082 1698 3175 1767 qui
3220 1714 3279 1753 se
3304 1700 3481 1768 palam

1915 1776 2259 1834 adversarios
2307 1788 2361 1834 et
2408 1782 2655 1840 infensos
2700 1801 2821 1841 esse
2865 1787 3210 1856 profitentur,
3261 1788 3491 1843 ferenda

1916 1864 2145 1921 forsitan
2175 1880 2380 1936 essent,
2416 1873 2544 1941 quia
2582 1873 2833 1929 inimicos
2878 1892 3075 1932 cavere
3120 1878 3187 1932 ab
3217 1878 3394 1948 iisque
3425 1894 3485 1933 se

1913 1958 2193 2013 occultare
2231 1960 2285 2013 in
2317 1971 2569 2032 promptu
2600 1974 2704 2031 est,
2743 1975 2905 2037 atque
2940 1969 3232 2038 opprobria
3276 1970 3485 2024 inimici

1915 2065 2024 2104 non
2054 2067 2152 2119 pro
2181 2070 2239 2108 re
2267 2056 2441 2110 aliena
2484 2066 2538 2111 et
2567 2057 2825 2113 inusitata
2862 2060 3147 2116 habentur.
3180 2062 3247 2114 At
3279 2078 3403 2116 cum
3438 2063 3485 2118 is

1915 2145 2007 2213 qui
2035 2144 2245 2201 amicus
2278 2150 2575 2213 unanimis,
2622 2166 2746 2205 cum
2779 2152 2825 2206 is
2858 2154 2951 2222 qui
2985 2169 3014 2207 a
3059 2169 3145 2209 me
3194 2154 3401 2209 honore
3430 2161 3485 2208 et

1913 2236 2178 2292 electione
2209 2237 2464 2308 dignatus
2505 2248 2610 2303 est,
2640 2256 2763 2295 cum
2813 2258 3015 2297 mensae
3043 2259 3272 2300 consors
3310 2228 3484 2299 disci-

1914 2326 2098 2394 pulus,
2141 2328 2312 2397 quiin
2350 2330 2570 2383 domum
2615 2330 2707 2384 Dei
2758 2346 2899 2401 stupe
2949 2349 3159 2388 mecum
3203 2336 3484 2415 ingressus

1912 2426 2017 2481 est,
2064 2425 2226 2486 atque
2271 2434 2378 2472 una
2430 2431 2705 2489 precatus,
2753 2425 2983 2493 mystico
3032 2426 3155 2480 cibo
3203 2443 3357 2490 usus,
3390 2428 3483 2499 qui
3582 2416 3597 2425 κ

1913 2523 2114 2564 arcana
2154 2509 2223 2565 de
2266 2525 2435 2581 regno
2480 2512 2743 2566 cwlorum
2793 2515 2958 2569 verba
3008 2528 3314 2585 acceperat,
3357 2520 3485 2572 talia

1913 2610 2104 2655 contra
2138 2617 2223 2656 me
2245 2604 2453 2673 egerit;
2480 2619 2543 2658 ea
2575 2620 2706 2659 sane
2742 2602 2850 2660 non
2883 2606 3127 2662 ferenda.
3164 2608 3289 2664 Haec
3322 2626 3488 2680 porro

1914 2700 2315 2761 consequenter
2340 2702 2461 2764 post
2506 2710 2571 2749 ea
2604 2712 2726 2765 qua:
2769 2697 2835 2751 de
2880 2697 3220 2755 facinoribus
3262 2701 3318 2753 in
3350 2700 3491 2755 civi-

1916 2793 2027 2839 tate
2047 2784 2307 2838 admissis
2330 2786 2591 2855 pricdicta
2621 2797 2770 2850 sunt,
2802 2789 2869 2843 de
2890 2790 3170 2858 proditore
3196 2788 3333 2843 Juda
3362 2806 3484 2861 spe-

1916 2876 2098 2929 ciatim
2148 2876 2568 2931 vaticinabatur.
2619 2876 2750 2941 Quae
2783 2876 3143 2949 Symmachus
3176 2879 3279 2934 hoc
3326 2889 3488 2949 pacto

1918 2967 2309 3035 interpretatus
2339 2976 2461 3022 est:
2512 2967 2633 3020 Non
2664 2969 2905 3022 inimicus
2941 2970 3249 3039 vituperavit
3288 2988 3388 3036 me,
3433 2982 3487 3025 ut

1919 3060 2118 3129 feram;
2157 3075 2318 3129 neque
2352 3075 2443 3127 per
2474 3059 2652 3112 odium
2694 3062 2794 3113 mei
2842 3062 3196 3130 magniﬁcavit
3236 3078 3391 3131 super
3412 3080 3493 3119 me

1918 3152 2421 3222 supplantationem,
2464 3161 2519 3204 ut
2543 3151 2839 3206 abscondar
2880 3152 2944 3206 ab
2985 3170 3066 3208 eo.
3111 3152 3213 3207 Sed
3246 3163 3300 3206 tu
3327 3150 3492 3207 ’ίιοηιο

1922 3246 2078 3298 unius
2114 3245 2299 3306 moris,
2330 3244 2620 3311 familiaris
2640 3253 2697 3298 .et
2727 3254 2882 3299 notus
2915 3244 3064 3305 mihi,
3094 3246 3184 3316 qui
3203 3244 3356 3300 dulce
3384 3246 3494 3299 col-

1921 3335 2153 3404 loquium
2186 3335 2533 3389 miscebamus
2566 3352 2583 3388 :
2618 3336 2673 3389 in
2713 3336 2870 3391 domo
2904 3336 3001 3391 Dei
3032 3353 3301 3391 versamur
3332 3337 3501 3394 simul

1918 3430 2161 3484 viventes.

1995 3698 2161 3753 Vsus.
2195 3697 2282 3753 16.
2331 3697 2517 3751 Veniat
2548 3713 2686 3749 mors
2732 3712 2886 3763 super
2912 3696 3053 3757 illos,
3094 3706 3141 3749 et
3178 3695 3497 3749 descendant

1924 3791 1978 3843 in
2010 3790 2275 3857 infernum
2316 3790 2534 3842 virentes
2559 3805 2576 3839 :
2628 3790 2876 3857 quoniam
2918 3789 3146 3857 nequitia
3189 3789 3243 3840 in
3287 3788 3499 3840 habita-

1924 3879 2154 3933 tionibus
2203 3895 2405 3940 eorum,
2438 3879 2490 3931 in
2544 3878 2714 3931 medio
2752 3892 2955 3933 eorum.
2999 3874 3118 3928 Jam
3171 3878 3426 3946 superius
3467 3892 3497 3929 a

1925 3971 2085 4026 nobis
2120 3971 2439 4040 plerumque
2483 3970 2916 4023 demonstratum
2965 3977 3069 4031 est,
3106 3968 3286 4022 futura
3324 3970 3498 4037 impe-

1926 4062 2101 4116 rativo
2148 4061 2308 4115 modo
2351 4061 2591 4115 divinam
2629 4058 2971 4130 Scripturam
3002 4058 3247 4128 proferre
3281 4060 3500 4126 solere;

1927 4153 2016 4206 hic
2046 4152 2214 4223 igitur
2236 4152 2355 4205 loco
2388 4152 2556 4213 illius,
2596 4149 2772 4203 Veniet
2807 4166 2945 4203 mors
2976 4164 3130 4217 super
3155 4150 3299 4211 illos,
3332 4159 3381 4203 et
3412 4148 3503 4204 de-

1927 4245 2172 4299 scendent
2225 4244 2277 4297 in
2325 4243 2585 4311 infernum
2636 4243 2876 4303 viventes,
2932 4241 3119 4296 eadem
3181 4241 3504 4309 imperativo

1928 4336 2089 4391 modo
2127 4335 2270 4390 dicta
2294 4347 2439 4391 sunt.
2469 4334 2811 4388 Vaticinatnr
2835 4349 2995 4403 porro
3020 4331 3257 4404 Spiritus
3280 4340 3507 4386 sanctus

1929 4447 2051 4501 qua:
2083 4436 2346 4485 eventura
2374 4428 2482 4482 sint
2506 4428 2723 4497 iis,’qui
2760 4440 2923 4495 supra
2952 4433 3249 4479 memorata
3281 4424 3503 4494 aggredi

256 4528 500 4599 λεχθέντα
533 4531 941 4603 τετολμηκόσιν.
1014 4531 1069 4583 '0
1109 4529 1239 4592 γοῦν
1284 4528 1510 4590 Ἀκύλας
1543 4526 1818 4598 ὀρθότερον

1936 4517 2055 4572 ausi
2090 4524 2242 4571 sunt.
2296 4514 2492 4584 Aquila
2542 4524 2691 4568 certe
2740 4513 2945 4567 rectius
2989 4512 3377 4580 interpretatus
3420 4518 3506 4563 est

257 4622 588 4695 ἡρμήνευσεν
634 4621 832 4676 εἰπών·
899 4620 1130 4685 Ἐπάξει
1164 4621 1425 4675 θάνατον
1456 4620 1548 4672 ἐπ’
1581 4620 1824 4684 αὐτούς.

258 4710 343 4775 Τίς
374 4715 426 4768 δὲ
458 4714 687 4768 θάνατον
715 4713 904 4780 ἑπάξει
954 4713 1038 4765 ἐπ’
1069 4714 1264 4775 αὐτοὺς
1293 4713 1324 4784 ἢ
1354 4714 1420 4765 τὰ
1451 4711 1586 4784 ἔργα
1614 4710 1825 4773 abstini;

260 4804 393 4858 Δύτέι
416 4806 527 4876 γὰρ
555 4807 737 4869 αὐτοῖς
758 4807 907 4858 αίτια
931 4805 1218 4874 γεγένηται
1251 4796 1502 4861 θανάτου.
1528 4803 1561 4873 ἦ
1584 4805 1611 4856 ὁ
1635 4802 1826 4873 κρίνας

261 4896 442 4963 αὐτοὺς
459 4898 690 4952 θανάτου
714 4899 894 4964 ἀξίους
915 4898 1001 4951 διὰ
1023 4899 1121 4962 τὰς
1140 4897 1353 4960 ἀσεϐεῖς
1376 4895 1603 4965 πράξεις
1624 4894 1823 4947 αὐτῶν.

262 4983 489 5053 Θάνατος
525 4989 582 5043 δὲ
615 4992 740 5052 τοὺς
778 4989 991 5055 ἀσεϐεῖς
1028 4990 1420 5060 μετερχόμενος
1460 4989 1557 5057 ούχ
1590 4990 1618 5040 ὁ
1650 4986 1829 5049 κοινὸς

264 5073 322 5127 ἂν
346 5077 554 5148 λέγοιτο
571 5098 584 5111 ⁸
610 5077 762 5144 οὗτος
787 5080 894 5152 γὰρ
922 5081 1017 5134 καὶ
1042 5083 1167 5145 τοὺς
1190 5080 1431 5142 δικαίους
1461 5080 1707 5141 ἅπαντας
1736 5094 1830 5149 με-

263 5161 444 5231 τῆλθεν
462 5184 475 5197 ο
520 5168 569 5221 οἳ
617 5169 711 5221 καὶ
755 5169 891 5239 μετά
921 5170 1012 5223 τὸν
1060 5170 1234 5223 κοινὸν
1262 5169 1487 5223 θάνατον
1517 5167 1651 5232 ζῶσι
1680 5167 1829 5237 παρά

265 5253 335 5322 τῷ
351 5256 493 5328 eaq»
525 5258 712 5331 ῶσπερ
734 5255 826 5313 οὖν
849 5260 1082 5327 ἐδίδαξεν
1101 5264 1128 5314 ὁ
1154 5261 1343 5331 Σωτὴρ
1369 5258 1563 5314 εἰπών’
1601 5261 1662 5312 '0
1686 5258 1830 5323 Θεὸς

277 5343 548 5421 Ἀϐραὰμ,
580 5351 678 5405 καί
710 5356 743 5407 ό
769 5354 911 5421 Θεὸς
954 5354 1158 5409 Ἰσαὰκ
1177 5394 1191 5419 ,
1223 5354 1320 5407 καί
1355 5356 1387 5407 ὁ
1416 5353 1560 5418 Θεὸς
1604 5350 1828 5413 Ἰακὼϐ,

268 5439 369 5491 οὐκ
405 5443 536 5497 ἐστι
584 5446 727 5511 Θεὸς
753 5445 981 5513 νεκρῶν
1005 5487 1019 5509 ,
1054 5446 1213 5501 ἀλλὰ
1248 5444 1505 5505 ζώντων*
1565 5443 1750 5513 ψυχῶν
1775 5442 1831 5495 δὲ

271 5525 484 5599 θάνατος
517 5537 608 5589 καὶ
646 5536 796 5609 παρὰ
821 5537 899 5607 τῷ
940 5537 1188 5609 Ἐζεκιὴλ
1215 5537 1508 5607 δεδήλωται
1537 5536 1797 5606 φάσκοντι
1815 5550 1829 5564 ⁸

277 5620 438 5694 Ψυχὴ
495 5627 924 5697 ἁμαρτάνουσα
950 5668 966 5693 ,
1018 5629 1170 5696 αὕτη
1222 5629 1623 5683 ἀποθανεῖται.
1684 5627 1836 5680 Ἐπεὶ

342 5805 381 5835 ’⁸
419 5807 604 5862 Matth.
642 5821 757 5862 xm
784 5847 799 5873 ,
833 5807 922 5862 52.
1000 5810 1044 5842 ”
1089 5807 1284 5861 Eat-ch.
1321 5821 1451 5861 xvm
1475 5846 1488 5871 ,
1526 5807 1581 5861 4.

1937 4611 2023 4665 his
2051 4608 2233 4664 verbis
2262 4627 2275 4662 :
2305 4606 2525 4660 Inducet
2558 4617 2778 4659 mortem
2812 4619 2967 4671 super
2986 4619 3093 4655 eos.
3124 4600 3258 4666 Quis
3284 4600 3507 4653 inducet

1934 4710 2165 4757 mortem
2196 4715 2361 4769 super
2385 4714 2504 4761 eos,
2538 4697 2641 4751 nisi
2684 4711 2849 4764 opera
2880 4693 3162 4763 ipsorum?
3192 4690 3316 4745 Hzec
3359 4693 3506 4745 enim

1934 4795 2069 4865 ipsis
2112 4794 2303 4848 mortis
2353 4806 2518 4847 causa
2570 4796 2733 4845 erunt
2786 4786 2988 4856 potius,
3022 4800 3184 4854 quam
3236 4784 3281 4839 is
3313 4784 3405 4853 qui
3437 4783 3510 4836 ob

1937 4888 2102 4955 impia
2152 4892 2302 4955 gesta
2353 4891 2527 4937 morte
2558 4881 2752 4951 dignos
2790 4877 3075 4948 judicavit.
3130 4876 3275 4931 Mors
3325 4884 3508 4930 autem

1938 4978 2136 5049 impios
2168 4975 2454 5038 invadens,
2488 4988 2596 5026 non
2634 4969 2943 5025 connuunis
2988 4966 3345 5033 testimanda;
3383 4981 3507 5019 naxn

1935 5086 2001 5123 ea
2023 5069 2202 5138 justos
2233 5056 2449 5135 quoque
2475 5076 2665 5117 omnes
2695 5060 2847 5127 adiit,
2878 5060 2971 5129 qui
2999 5059 3162 5113 etiam
3206 5065 3330 5128 post
3360 5071 3513 5109 com-

1938 5176 2159 5217 munem
2201 5164 2433 5212 mortem
2487 5156 2678 5209 vivunt
2715 5153 2857 5223 apud
2900 5151 3100 5217 Deum;
3151 5146 3513 5220 quemadmo-

1936 5255 2064 5310 dum
2104 5252 2288 5306 docuit
2317 5248 2566 5304 Salvator
2596 5246 2784 5301 diccns
2814 5265 2827 5300 :
2854 5246 2989 5299 Deus
3030 5243 3323 5304 Abraham,
3372 5238 3513 5292 Deus

1941 5347 2122 5409 Isaac,
2160 5355 2207 5398 et
2237 5343 2376 5398 Deus
2408 5340 2597 5405 Iacob,
2641 5357 2743 5394 non
2773 5348 2849 5393 est
2878 5337 3016 5391 Deus
3047 5344 3398 5394 mortuorum,
3422 5327 3511 5383 sed

1940 5437 2240 5494 vivorum”
2281 5445 2377 5491 :et
2428 5433 2569 5506 apud
2620 5431 2956 5487 Ezechielcm
3005 5443 3153 5482 mors
3208 5425 3513 5479 animarqu

1942 5533 2249 5588 declaratur
2280 5530 2364 5585 his
2395 5528 2578 5584 verbis
2614 5527 2846 5580 :Anima
2895 5540 3011 5593 qua:
3055 5517 3364 5589 peccaverit.
3398 5514 3516 5583 ἱρεα

1942 5626 2198 5680 morietur
2219 5624 2286 5677 θ’.
2314 5619 2584 5690 Quoniam
2617 5620 2780 5691 igitur
2818 5618 2876 5682 ii,
2914 5616 2982 5671 de
3022 5613 3221 5685 quibus
3261 5620 3450 5679 supra,
3484 5619 3516 5661 ι
