4010 6524
504 354 610 409 483

1187 354 1453 412 EUSEBII
1491 355 1964 413 CESARIENSIS
2000 357 2148 414 OPP.
2194 356 2376 414 PARS
2411 353 2501 414 Ill.
2540 384 2608 399 -ο
2644 353 3059 413 EXEGETICA.

3660 357 3777 413 484

505 469 617 520 vita
672 465 884 538 seipsos
924 475 1300 536 segregarunt,
1340 468 1700 538 Salvatorque
1748 477 1934 525 noster
1963 468 2061 524 vita

2178 472 2356 525 τοίνυν
2389 471 2613 533 ἑαυτοὺς
2644 469 2741 539 τῆς
2774 467 2920 539 ζωῆς
2941 468 2991 521 οί
3023 462 3342 539 δηλούμενοι
3370 466 3770 538 κεχωρίκασιν.

503 566 661 626 erat;
694 575 818 613 nam
848 558 986 628 quod
1021 559 1219 627 factum
1250 570 1327 613 est
1361 562 1415 613 in
1444 562 1557 629 ipso
1591 562 1698 615 vita
1728 572 1864 625 erat,
1886 572 1935 616 et
1966 564 2072 617 vita

502 660 618 704 erat
651 650 742 702 tua:
763 650 1032 701 hominum
1058 650 1071 679 ¹
1101 667 1114 715 ;
1145 649 1268 717 jure
1305 665 1428 703 cum
1459 666 1579 706 sese
1608 652 1676 706 ab
1702 653 1820 721 ipso
1856 668 2074 723 separa-

504 740 701 803 verint,
744 740 904 792 morti
955 739 1150 795 anima:
1205 740 1391 794 traditi
1432 748 1560 795 sunt
1588 756 1738 795 :non
1768 742 1911 811 quod
1955 742 2073 811 ipsa

503 838 886 900 corrumpatur
916 839 1009 884 aut
1042 832 1308 891 deleatur.
1347 831 1399 886 in
1433 833 1664 887 nihilum
1700 833 1948 901 redacta;
1978 835 2072 889 sed

501 920 646 991 quod
685 922 873 976 vivens
920 922 1011 975 illa
1055 932 1108 977 et
1151 923 1447 976 immortali
1498 930 1691 977 natura
1728 925 1973 994 praedita,
2019 925 2072 979 in

501 1010 759 1083 praedicta
788 1021 963 1067 morte
991 1020 1261 1067 versetur.
1292 1012 1472 1078 Quare
1505 1014 1711 1068 dictum
1736 1023 1819 1069 est
1849 1035 1861 1069 :
1893 1014 1959 1067 Et
1981 1014 2073 1068 de-

499 1104 751 1158 scendant
776 1107 829 1159 in
862 1107 1125 1175 infernum
1158 1108 1395 1160 viventes.
1436 1106 1552 1163 Non
1581 1108 1725 1163 enim
1764 1108 2069 1162 animarum

497 1196 928 1252 destructionem
964 1197 1048 1251 his
1101 1198 1441 1268 signiﬁcabat
1476 1218 1488 1252 :
1531 1199 1714 1253 Veniat
1742 1217 1881 1254 mors
1919 1216 2071 1267 super

497 1288 655 1353 illos;
710 1290 802 1345 sed
859 1291 1259 1359 separatiouem
1320 1307 1350 1344 a
1403 1292 1532 1353 vita,
1591 1308 1711 1361 quae
1771 1292 2069 1347 secundum

497 1377 665 1433 Deum
706 1388 808 1445 est,
857 1389 909 1435 et
942 1381 1339 1436 habitationem
1386 1381 1442 1434 in
1490 1381 1725 1435 inferno.
1758 1381 1897 1436 Num
1934 1381 2072 1436 forte

496 1471 730 1535 dicatur,
773 1471 879 1525 alio
925 1472 1088 1525 modo
1116 1473 1362 1527 viventes
1392 1475 1543 1542 ipsos
1587 1474 1641 1527 in
1673 1473 1944 1527 infernum
1978 1473 2074 1527 de-

495 1562 797 1625 scendisse,
834 1563 886 1616 in
914 1562 1106 1617 notitia
1136 1563 1345 1617 scilicet
1380 1570 1694 1632 peccantes,
1727 1578 1790 1616 ac
1833 1562 2071 1618 scientes

492 1655 713 1724 quidem
759 1654 1097 1709 Salvatorem
1140 1670 1262 1710 esse
1305 1654 1585 1709 Christum
1645 1653 1772 1717 Dei,
1820 1655 1913 1709 sed
1961 1670 2069 1709 non

492 1762 616 1801 esse
653 1747 1013 1802 simulantes?
1045 1748 1226 1812 Quare
1281 1746 1506 1815 perinde
1554 1756 1717 1816 atque
1761 1746 1972 1801 Dathan
2015 1756 2070 1803 et

2173 559 2240 633 ἦν
2272 564 2327 616 δὲ
2350 565 2378 615 ὁ
2407 562 2595 633 Σωτὴρ
2622 559 2776 630 ἡμῶν
2810 562 2842 630 ἡ
2867 560 2979 631 ζωή
2999 577 3012 590 ο
3053 562 3121 611 Ὃ
3142 558 3350 629 γέγονε
3372 560 3481 630 γάρ
3506 558 3579 612 ἐν
3603 560 3773 625 αὐτῷ

2176 654 2288 721 ζωὴ
2324 651 2402 723 ἦν
2427 693 2440 717 ,
2493 654 2589 707 καὶ
2640 656 2677 721 ἠ
2720 652 2831 720 ζωὴ
2881 649 2960 721 ἦν
2988 657 3052 705 τὸ
3090 651 3214 720 φῶς
3250 651 3369 705 τῶν
3395 650 3763 718 ἀνθρώπων·

2175 746 2427 808 εἰκότως,
2454 743 2860 814 ἀποτμηθέντες
2892 742 3055 795 αὐτοῦ
3074 781 3088 805 ,
3118 741 3196 812 τῷ
3222 742 3322 812 τῆς
3345 743 3523 814 ψυχῆς
3546 742 3768 814 Θανάτῳ

2176 835 2548 905 παρεδόθησαν
2568 851 2581 863 ⁸
2601 835 2698 903 ούχ
2717 833 2857 886 ὥστε
2877 832 3150 903 φθαρῆναι
3166 833 3334 905 αὐτὴν
3353 836 3446 887 καὶ
3461 834 3767 903 ἀφανισθῆ-

2175 945 2259 980 ναι
2289 928 2368 989 είς
2392 927 2453 978 τὸ
2483 925 2557 996 μὴ
2579 925 2636 977 ὃν
2658 925 2986 996 χωρήσασαν
3009 960 3023 986 ,
3058 923 3171 975 ἀλλ’
3206 922 3346 976 ὥστε
3380 923 3562 988 ζῶσαν
3589 924 3765 995 αὐτὴν

2175 1020 2268 1073 καὶ
2301 1019 2563 1071 ἀθάνατον
2595 1018 2693 1089 τὴν
2726 1017 2911 1070 οὐσίαν
2946 1016 3291 1086 κεκτημένην
3324 1016 3381 1067 ὲν
3408 1015 3486 1085 τῷ
3512 1014 3763 1085 λεχθέντι

2175 1110 2390 1180 θανάτῳ
2420 1109 2648 1177 διάγειν.
2716 1108 2809 1161 Διὸ
2843 1107 3134 1160 λέλεκται·
3190 1107 3296 1160 Καί
3323 1106 3763 1174 καταϐήτωσαν

2173 1205 2257 1267 είς
2290 1202 2436 1268 ᾅδου
2470 1199 2697 1266 ζῶντες.
2747 1201 2820 1253 Ob
2878 1199 2969 1252 τὸν
3001 1198 3306 1268 ἀφανισμὸν
3336 1197 3521 1268 ψυχῶν
3566 1198 3761 1268 ἐδήλου

2174 1294 2346 1361 λέγων
2366 1310 2379 1323 ο
2423 1291 2677 1346 Ἐλθέτω
2702 1291 2960 1355 θάνατος
2983 1290 3075 1343 ἐπ’
3102 1289 3323 1355 αὐτοὺς
3342 1329 3356 1351 ,
3381 1288 3516 1342 ἀλλὰ
3538 1289 3630 1341 τὸν
3652 1290 3763 1343 ἀπὸ

2174 1385 2273 1454 τῆς
2301 1382 2440 1438 κατά
2468 1382 2601 1435 Θεὸν
2632 1380 2775 1452 ζωῆς
2805 1380 3083 1452 χωρισμὸν
3103 1418 3118 1442 ,
3148 1380 3242 1432 καὶ¹
3276 1379 3375 1451 τὴν
3400 1380 3479 1442 είς
3506 1379 3598 1431 τὸν
3625 1379 3761 1450 ᾅδην

2174 1477 2509 1547 κατοίκησιν.
2561 1476 2784 1545 Μήποτε
2827 1473 2884 1525 δὲ
2916 1473 3010 1526 καὶ
3043 1471 3215 1535 ἄλλως
3261 1471 3461 1535 ζῶντες
3490 1473 3572 1534 εἰς
3626 1471 3758 1541 ᾅδου

2173 1566 2443 1635 κατῄεσαν
2468 1603 2481 1627 ,
2518 1566 2572 1616 ὲν
2604 1562 2802 1630 γνώσει
2826 1562 3229 1634 ἁμαρτάνοντες
3248 1602 3263 1628 ,
3296 1562 3389 1613 καὶ
3416 1561 3619 1623 εἰδότες
3658 1560 3759 1631 μὲν

2171 1657 2261 1711 τὸν
2292 1658 2518 1728 Σωτῆρα
2544 1655 2619 1718 ὡς
2650 1655 2811 1717 αὐτὸς
2837 1651 2887 1707 εἷ
2913 1656 2942 1706 ὁ
2975 1654 3206 1725 Χριστὸς
3238 1652 3330 1706 τοῦ
3360 1652 3494 1705 Θεοῦ
3518 1692 3534 1716 ,
3589 1668 3761 1722 προσ-

2173 1750 2482 1821 ποιούμενοι
2508 1748 2564 1800 δὲ
2595 1747 2668 1818 μὴ
2699 1742 2837 1800 εἶναι
2860 1763 2873 1810 ;
2904 1745 2994 1798 Διὸ
3017 1745 3109 1798 καὶ⁵
3136 1744 3336 1814 ὁμοίως
3361 1746 3476 1807 τοῖς
3501 1744 3632 1814 περὶ
3651 1745 3757 1795 Δαο

492 1836 698 1890 Abiron
720 1838 739 1866 ²
767 1837 915 1906 ipsos
953 1835 1353 1906 deglutiendos,
1387 1846 1550 1906 atque
1596 1839 1650 1891 in
1681 1837 1953 1892 infernum
1988 1839 2061 1892 vi-

2170 1843 2268 1896 θάν
2298 1843 2394 1895 καὶ
2439 1839 2684 1913 Ἀὅηρὼν
2739 1836 3217 1908 καταποθήσεσθαι
3248 1838 3343 1889 καὶ
3391 1837 3622 1900 αὐτοὺς,
3676 1837 3759 1899 είς

491 1936 679 1979 ventes
714 1918 1079 1980 descensuros
1121 1941 1245 1981 esse
1279 1927 1626 1996 prmnuntiat.
1677 1926 1783 1981 Pro
1832 1929 1925 1981 illo
1965 1944 2067 1982 au-

491 2026 620 2083 tem,
649 2016 914 2087 Nequitia:
942 2019 995 2071 in
1023 2018 1441 2073 habitationibus
1471 2037 1673 2082 eorum,
1702 2023 1754 2073 in
1787 2022 1956 2074 medio
1983 2038 2071 2074 eo-

491 2125 609 2161 rum
635 2126 653 2173 ;
682 2125 809 2163 nam
853 2120 1155 2166 conventus
1182 2118 1236 2165 et
1262 2112 1495 2166 concilia
1524 2112 1790 2166 adversus
1826 2111 2070 2167 Salvato-

490 2214 605 2253 rem
642 2201 889 2270 improba
931 2201 1102 2265 fuere,
1139 2202 1335 2271 Aquila
1381 2203 1515 2256 dicit
1547 2223 1559 2255 :
1596 2203 1859 2268 Quoniam
1894 2205 2070 2273 nequi-

490 2291 580 2343 tiw
608 2291 658 2343 in
686 2294 1078 2346 conversatione
1100 2310 1302 2348 eorum.
1331 2293 1469 2360 Quia
1500 2309 1630 2364 ergo
1661 2310 1766 2348 non
1804 2311 1901 2363 pro
1922 2296 2069 2350 bono

488 2385 918 2449 conveniebant,
972 2395 1025 2438 et
1071 2386 1522 2439 conversationes
1569 2386 1915 2454 conciliaque
1964 2386 2068 2438 im-

490 2470 657 2538 proba
691 2470 923 2536 inibant,
952 2471 1076 2539 jure
1102 2472 1435 2526 vaticinatur
1474 2473 1565 2542 qui
1621 2472 1743 2529 linis
1782 2488 1877 2528 eos
1913 2488 2067 2529 exce-

489 2568 684 2629 pturus
721 2562 814 2617 sit.

559 2760 724 2816 Vens.
762 2762 942 2817 {7-20.
987 2762 1099 2834 Ego
1138 2763 1209 2817 ad
1240 2762 1405 2815 Deum
1428 2763 1678 2829 clamavi,
1710 2772 1759 2816 et
1806 2762 2062 2816 Dominus

484 2855 709 2907 saluauit
744 2871 843 2920 me,
871 2864 924 2910 ct
953 2864 1170 2909 caetera.
1205 2854 1454 2917 Etiamsi,
1498 2854 1697 2923 inquit,
1726 2854 1918 2923 spiritu
1946 2868 2066 2923 pro-

484 2947 703 3014 phetico
756 2948 1087 3009 illustrante,
1142 2946 1380 2999 futuram
1425 2946 1478 2999 in
1522 2952 1823 2999 memorata
1846 2944 2064 2998 civitate

484 3038 826 3107 iniquitatem
865 3038 1225 3109 prospiciens,
1274 3038 1569 3092 admodum
1604 3038 1970 3092 contristatus
2006 3036 2061 3090 in

482 3132 878 3186 exercitatione
905 3148 1044 3196 mea,
1073 3142 1127 3186 et
1159 3133 1520 3187 conturbatus
1557 3131 1697 3197 sim;
1725 3138 1963 3186 attamen
2000 3130 2066 3184 li-

2176 1933 2301 2004 ᾲδου
2333 1949 2391 1984 τε
2423 1932 2631 1995 ζῶντας
2664 1928 3066 2000 καταϐήσεσθαι
3100 1926 3482 1999 προαγορεύει.
3523 1928 3671 1979 ’Δντὶ
3697 1927 3755 1979 δὲ

2173 2023 2268 2076 τοῦ
2289 2066 2303 2089 ,
2338 2024 2623 2090 Πονηρίαι
2654 2022 2724 2075 ἐν
2746 2020 2877 2085 ταῖς
2908 2018 3241 2087 παροικίαις
3272 2014 3470 2072 αὐτῶν
3499 2016 3571 2068 ὲν
3590 2015 3759 2084 μέσῳ

2174 2111 2400 2167 αὐτῶν·
2436 2112 2545 2163 τῶν
2597 2111 2705 2181 γάρ
2755 2109 2897 2163 κατά
2936 2106 3030 2160 τοῦ
3069 2106 3320 2178 Σωτῆρος
3355 2104 3667 2176 γενομένων
3699 2106 3756 2158 αἱ

2176 2202 2466 2263 συστάσεις
2500 2200 2593 2253 κα)⁸
2616 2202 2673 2252 αἱ
2708 2202 2849 2251 κατά
2898 2197 2959 2250 τὸ
2991 2197 3123 2251 αὐτὸ
3149 2195 3353 2248 σύνοδοι
3388 2196 3625 2266 πονηραὶ
3658 2210 3756 2263 γε·

2175 2292 2363 2361 γόνασι
2386 2330 2400 2355 ,
2429 2291 2509 2344 διὸ
2537 2293 2632 2344 καὶ¹
2660 2292 2688 2343 ὁ
2730 2289 2963 2351 ’Δκύλας
2991 2288 3155 2359 φησίν
3176 2305 3189 2317 ’
3224 2288 3341 2341 ’Ὁτι
3378 2287 3658 2354 πονηρίαι
3685 2285 3757 2340 ἐν

2173 2381 2492 2450 συστροφῇ
2550 2380 2766 2435 αὐτῶν.
2844 2380 2996 2433 Ἐπεὶ
3062 2380 3239 2432 τοίνυν
3302 2380 3403 2431 οὐκ
3444 2378 3541 2430 ἐπὶ
3603 2376 3755 2448 καλῷ

2175 2474 2522 2543 συνήρχοντο,
2582 2472 2889 2543 συστροφάς
2936 2488 2997 2523 τε
3045 2470 3139 2523 καὶ
3178 2470 3466 2532 συστάσεις
3510 2469 3756 2540 πονηρὰς

2172 2564 2484 2628 ἐποιοῦντο,
2542 2563 2767 2627 εἰκότως
2824 2563 3108 2617 ἐθέσπισεν
3148 2563 3331 2617 ὁποῖον
3390 2561 3588 2625 αὐτοὺς
3634 2560 3752 2613 δια-

2173 2653 2400 2724 λήψεται
2433 2654 2602 2717 τέλος.

2254 2766 2402 2836 Ἐγὼ
2430 2767 2578 2835 πρὸς
2603 2768 2751 2821 Θεὸν
2778 2767 3089 2835 ἐκέκραξα,
3123 2767 3220 2819 καὶ
3251 2769 3283 2820 ό
3313 2770 3531 2835 Κυριος
3553 2767 3752 2821 ἐσωσὸ

2165 2876 2241 2928 με
2263 2899 2277 2924 ,
2310 2859 2402 2912 καὶ⁵
2436 2858 2503 2911 τά
2532 2858 2679 2928 ἑξῆς.
2718 2859 2779 2911 Εί
2808 2860 2901 2911 καὶ
2927 2859 2996 2911 τά
3028 2858 3279 2929 μάλιστα,
3314 2860 3469 2929 φησὶ,
3494 2860 3573 2930 τῷ
3597 2859 3754 2912 πνεύ-

2174 2969 2303 3023 ματι
2348 2952 2425 3022 τῷ
2459 2951 2780 3024 προφητικῷ
2808 2953 2905 3023 τὴν
2939 2952 3235 3022 μέλλουσαν
3268 2950 3592 3023 γενήσεσθαι
3624 2954 3748 3005 ἀνο-

2172 3042 2300 3113 μίαν
2334 3044 2389 3095 ὲν
2412 3046 2477 3113 τῇ
2503 3041 2860 3113 προλεχθείσῃ
2891 3041 3044 3093 πόλει
3072 3041 3433 3110 θεασάμενος,
3466 3040 3746 3112 ἐλυπήθη)

2168 3136 2224 3187 ὲν
2257 3137 2321 3206 τῇ
2370 3134 2654 3204 ἀδολεσχίᾳ
2703 3151 2801 3204 μου
2824 3174 2837 3199 ,
2875 3135 2967 3185 καὶ
2998 3132 3331 3203 ἐταράχθην·
3366 3133 3516 3203 ὅμως
3547 3132 3592 3184 δ’
3625 3120 3740 3196 οὖν,

485 3238 609 3276 nem
637 3222 953 3292 exitumque
993 3238 1177 3277 rerum
1218 3223 1592 3291 conspicatus,
1636 3222 1774 3276 bene
1806 3224 1932 3276 novi
1974 3237 2059 3278 me

2166 3224 2230 3276 τὰ
2264 3223 2390 3293 τέλη
2425 3222 2650 3277 συνιδὼν
2678 3222 2785 3274 τῶν
2817 3221 3186 3292 πραγμάτων,
3219 3215 3276 3273 εὖ
3310 3216 3425 3283 οἷδ’,
3466 3220 3546 3272 ὅτι
3569 3258 3583 3280 ,
3618 3218 3743 3289 βοή-

484 3316 811 3369 clamantem
843 3315 909 3368 ad
942 3313 1130 3376 Deum,
1165 3329 1273 3367 non
1301 3314 1619 3369 derelictum
1648 3314 1748 3377 iri;
1786 3314 1882 3368 sed
1910 3328 2063 3368 com-

488 3406 671 3460 munis
716 3404 1017 3460 Salvatoris
1047 3405 1223 3475 gratia
1255 3405 1323 3458 ad
1350 3422 1435 3460 me
1470 3421 1645 3475 usque
1688 3406 2058 3475 perveniente,

485 3498 714 3551 salutem
757 3512 1037 3567 assequar.
1076 3497 1199 3551 llaec
1243 3506 1425 3551 autem
1454 3496 1725 3567 Propheta
1760 3497 2060 3552 secundum

485 3586 625 3641 LXX
652 3588 803 3654 dicit,
835 3588 979 3658 quod
1011 3588 1252 3642 futurum
1278 3596 1398 3643 erat
1425 3589 1577 3658 quasi
1608 3588 1942 3658 praeteritum
1968 3603 2063 3643 ex-

483 3681 694 3750 plicans
718 3698 732 3744 ;
760 3695 929 3749 quare
958 3681 1166 3733 dictum
1210 3688 1294 3735 est
1321 3697 1333 3731 :
1359 3679 1468 3750 Ego
1511 3679 1580 3733 ad
1616 3680 1780 3735 Deum
1809 3681 2058 3745 clamavi,

480 3780 528 3822 et
560 3769 815 3823 Dominus
847 3770 1069 3823 salvavit
1106 3786 1185 3822 me
1219 3786 1237 3822 :
1264 3776 1318 3822 at
1362 3770 1664 3824 secundum
1698 3772 1938 3841 reliquos
1974 3772 2062 3824 in-

481 3871 769 3933 terpretes,
804 3864 917 3917 haec
954 3863 1135 3917 futura
1166 3864 1515 3917 vaticinatur.
1548 3864 1743 3933 Aquila
1774 3872 1921 3919 certe
1945 3864 2056 3917 ait:

482 3954 595 4024 Ego
617 3956 685 4007 ad
714 3956 878 4008 Deum
902 3958 1113 4021 uocabo,
1138 3965 1186 4009 et
1212 3955 1467 4008 Dominus
1491 3955 1717 4009 salvabit
1745 3971 1856 4018 me;
1882 3942 2061 4009 Theo-

480 4050 635 4102 dolio
680 4056 863 4101 autem
901 4047 1047 4117 :Ego
1085 4048 1153 4100 ad
1187 4047 1355 4100 Deum
1391 4047 1655 4110 clamabo,
1706 4058 1753 4100 et
1798 4047 2058 4100 Dominus

480 4138 705 4192 salvabit
767 4154 867 4191 me.
914 4136 1051 4190 Cum
1100 4138 1244 4191 enim
1293 4137 1421 4190 talia
1476 4147 1669 4191 contra
1719 4137 2057 4190 Salvatorem

2168 3332 2266 3378 σας
2298 3315 2435 3385 πρὸς
2460 3314 2550 3368 τὸν
2577 3313 2710 3367 Θεὸν
2733 3352 2745 3376 ,
2795 3313 2855 3365 οὐ
2890 3312 3392 3383 καταλειφθήσομαι
3413 3351 3428 3376 ,
3482 3312 3741 3383 τεύξομαι

2162 3406 2219 3459 δὲ
2255 3406 2524 3477 σωτηρίας
2546 3445 2560 3468 ,
2604 3405 2705 3475 τῆς
2751 3405 2847 3458 τοῦ
2879 3405 3055 3458 κοινοῦ
3094 3404 3343 3474 Σωτῆρος
3374 3405 3594 3475 χάριτος
3647 3404 3742 3457 καὶ

2166 3499 2356 3570 μέχρις
2385 3497 2520 3569 ἐμοῦ
2554 3497 2966 3568 διαϐησομένης.
3004 3498 3164 3565 Λέγει
3192 3496 3249 3549 δὲ
3276 3494 3449 3549 ταῦτα
3480 3498 3508 3548 ὁ
3538 3496 3742 3565 προφή-

2162 3607 2261 3660 της
2280 3629 2293 3645 .
2324 3588 2465 3643 κατά
2489 3591 2586 3660 μὲν
2616 3590 2742 3652 τοὺς
2774 3589 3200 3659 Ἐ6δομὴκοντα,
3224 3588 3283 3640 τὸ
3315 3587 3504 3658 μέλλον
3523 3586 3740 3639 ἔσεσθαι

2162 3680 2239 3743 ώς
2272 3680 2600 3751 παρῳχηκὸς
2625 3678 2940 3750 ἑρμηνεύων
2959 3696 2971 3708 ·
3006 3678 3085 3731 διὸ
3113 3677 3379 3730 λέλεκται·
3428 3675 3566 3744 Ἐγὼ
3592 3674 3741 3742 πρὸς

2162 3772 2267 3824 τὸν
2293 3771 2442 3824 Θεὸν
2465 3770 2779 3837 ἐκέκραξα,
2809 3769 2905 3821 καὶ
2934 3772 2966 3822 ό
2999 3770 3210 3836 Κύριος
3235 3766 3431 3821 ἐσωσέ
3453 3784 3528 3835 με
3547 3784 3561 3796 ·
3599 3766 3740 3820 κατὰ

2159 3862 2217 3914 δὲ
2242 3862 2369 3925 τοὺς
2390 3861 2608 3924 λοιποὺς
2632 3859 3010 3931 ὲρμηνευτάς,
3044 3858 3382 3930 μελλητικῶς
3407 3858 3739 3929 προφητεύει

2160 3954 2253 4004 καὶ
2285 3952 2476 4005 ταῦτα.
2535 3951 2591 4004 '0
2624 3950 2754 4018 γοῦν
2800 3950 3029 4013 Ἀκύλας
3059 3949 3219 4020 φησίν
3239 3965 3253 3979 ο
3290 3946 3437 4015 Ἐγὼ
3456 3948 3606 4015 πρὸς
3632 3948 3739 4000 τὸν

2162 4045 2311 4097 Θεὸν
2329 4043 2587 4108 καλέσω,
2603 4044 2698 4096 καὶ
2718 4044 2931 4109 Κύριος
2951 4042 3134 4096 σώσει
3149 4058 3245 4111 με’
3264 4041 3357 4093 καὶ
3371 4043 3399 4093 ό
3413 4039 3702 4091 Θεοδοτίων
3720 4056 3735 4070 ο

2171 4136 2319 4206 Ἐγὼ
2336 4135 2486 4203 πρὸς
2504 4135 2611 4188 τὸν
2628 4136 2769 4189 Θεὸν
2790 4134 3145 4203 κεκράξομαι
3162 4173 3176 4196 ,
3199 4133 3295 4186 καὶ
3319 4134 3534 4199 Κύριος
3553 4130 3737 4185 σώσει

481 4227 844 4296 perpetranda
870 4229 1000 4291 sint,
1025 4245 1125 4299 ego
1151 4229 1241 4298 qui
1268 4232 1419 4298 prius
1437 4229 1702 4291 dixeram,
1765 4226 1866 4281 Cor
1891 4244 2058 4281 meum

2166 4246 2247 4293 με.
2307 4228 2428 4281 Τῶν
2473 4228 2582 4299 γὰρ
2620 4228 2762 4281 κατά
2813 4226 2907 4279 τοῦ
2951 4226 3203 4297 Σωτῆρος
3248 4225 3737 4296 τολμηθησομένων

479 4318 853 4370 conturbatum
881 4329 958 4372 est
989 4321 1042 4372 in
1070 4336 1168 4382 me,
1196 4331 1242 4373 et
1272 4318 1503 4387 formido
1530 4319 1715 4371 mortis
1751 4317 1936 4370 cecidit
1965 4333 2057 4369 su-

475 4425 568 4477 per
601 4426 681 4463 me
705 4425 723 4462 :
752 4412 909 4463 timor
942 4421 990 4465 et
1024 4420 1217 4464 tremor
1244 4420 1491 4464 uenerunt
1532 4427 1689 4479 super
1725 4426 1826 4473 me,
1859 4421 1907 4463 et
1935 4400 2057 4463 con-

478 4512 719 4556 texerant
752 4520 831 4557 me
865 4504 1115 4567 tenebrrr;
1150 4503 1264 4557 haec
1300 4516 1497 4571 passus
1527 4506 1597 4554 ob
1623 4502 2051 4572 speculationem

2158 4319 2411 4373 τοιούτων
2435 4319 2603 4372 ὄντων
2620 4362 2635 4383 ,
2662 4318 2771 4386 ἐγὼ
2797 4321 2825 4371 ό
2855 4318 3114 4389 πρότερον
3138 4314 3373 4386 εἰρηκὼς
3393 4355 3407 4377 ,
3438 4316 3508 4369 Ἡ
3525 4314 3739 4382 καρδία

2152 4420 2272 4481 μου
2297 4410 2591 4479 ἐταράχθη
2619 4410 2689 4463 ἐν
2717 4408 2868 4478 ἐμοὶ,
2898 4408 2997 4461 καὶ
3020 4408 3214 4460 δειλία
3242 4404 3501 4459 θανάτου
3524 4406 3736 4461 ἐπέπε-

2159 4518 2272 4555 σεν
2294 4502 2386 4555 ἐπ’
2405 4500 2509 4569 ἐμέ
2523 4517 2537 4531 ·
2586 4502 2769 4569 φόϐος
2791 4499 2889 4553 καὶ
2917 4500 3131 4568 τρόμος
3150 4494 3337 4568 ἦλθεν
3359 4498 3451 4551 ἐπ’
3470 4498 3575 4567 ἐμὲ
3596 4540 3611 4563 ,
3636 4498 3734 4552 καί

476 4597 840 4650 revelatarum
887 4612 1095 4660 rerum,
1149 4596 1216 4649 ad
1270 4594 1436 4649 Deum
1491 4593 1745 4649 clamavi.
1790 4593 1883 4647 Ille
1930 4609 2055 4648 vero

2166 4591 2427 4661 ἐκάλυψέ
2441 4608 2519 4660 με
2540 4594 2760 4658 σκότος
2776 4631 2790 4655 ,
2815 4590 2989 4645 ταῦτα
3015 4591 3199 4645 παθὼν
3224 4591 3310 4644 διὰ
3338 4591 3436 4662 τὴν
3464 4590 3572 4643 τῶν
3602 4592 3735 4644 ἀπο-

477 4700 585 4738 non
634 4686 964 4757 despiciens.
999 4685 1255 4755 dignatus
1289 4692 1373 4738 est
1421 4683 1533 4737 haec
1571 4683 1702 4737 mihi
1754 4683 2053 4752 conspicua

476 4792 700 4846 ponere,
744 4786 803 4831 ut
834 4780 1079 4833 tristiora
1114 4779 1264 4847 prius
1295 4777 1692 4843 declaraverat,
1734 4777 1813 4831 sic
1845 4776 2053 4831 laetiora

471 4868 585 4936 jam
618 4868 848 4934 obtulit;
891 4884 1086 4938 nempe
1135 4867 1443 4921 Salvatoris
1475 4868 1963 4930 resurrectionem,
1999 4877 2053 4922 et

474 4960 595 5027 ejus
633 4960 773 5029 apud
809 4958 1025 5013 Patrem
1066 4960 1315 5029 gloriam.
1351 4959 1533 5028 Atque
1570 4958 1683 5011 haec
1710 4958 1922 5026 videns,
1958 4975 2049 5015 sa-

476 5048 641 5101 lutem
674 5058 867 5102 nactus
908 5063 1028 5101 sum
1057 5066 1070 5101 :
1097 5063 1267 5116 quare
1294 5048 1437 5109 dico,
1474 5047 1584 5117 Ego
1616 5048 1685 5100 ad
1731 5046 1899 5101 Deum
1932 5048 2047 5101 cla-

474 5141 634 5202 mari,
664 5149 711 5193 et
746 5139 997 5193 Dominus
1021 5139 1242 5192 saluauit
1269 5156 1368 5193 me.
1396 5137 1643 5193 Salutem
1670 5155 1799 5195 vero
1827 5149 2045 5206 nactus,

471 5231 712 5287 nondum
766 5241 943 5286 tamen
1002 5231 1246 5302 quiesco,
1306 5247 1481 5300 neque
1532 5248 1750 5287 cessare
1788 5247 2046 5302 possum;

470 5326 564 5381 sed
602 5325 836 5395 praedico
858 5324 1221 5391 omnibusque
1254 5323 1569 5377 hominibus
1593 5324 1878 5387 annuntio,
1912 5339 2043 5376 nar-

467 5434 599 5473 rans
642 5418 873 5488 singulis
924 5416 1117 5471 diebus
1154 5422 1208 5467 ct
1238 5415 1410 5475 horis.
1453 5424 1617 5484 atque
1649 5417 1904 5469 omnibus
1958 5431 2044 5468 re-

466 5512 727 5566 nuntians
770 5508 1042 5563 mirabilia
1080 5515 1134 5561 et
1170 5506 1462 5576 stupenda,
1493 5522 1614 5575 quae
1661 5508 1715 5560 in
1766 5518 1957 5561 sancto
1989 5515 2043 5562 et

466 5604 785 5674 prophetico
817 5601 1015 5673 spiritu
1046 5598 1446 5668 contemplatus
1493 5613 1637 5652 sum.
1670 5597 2039 5664 Quamobrem

542 5760 556 5789 '
600 5756 751 5811 Juan.
790 5772 841 5820 ι,
880 5756 932 5822 5,
961 5754 1013 5809 ι.
1092 5756 1111 5786 ’
1152 5753 1310 5808 Num.
1345 5766 1504 5819 XXVI,
1540 5751 1619 5823 9.}

2158 4683 2536 4753 καλυφθέντων
2572 4701 2660 4754 μοι
2692 4683 2819 4736 θέαν
2846 4722 2860 4745 ,
2892 4683 3028 4753 πρὸς
3058 4681 3149 4735 τὸν
3172 4682 3302 4734 Θεὸν
3340 4679 3627 4753 ἐκέκραξα.
3676 4681 3732 4733 ὐ

2154 4777 2232 4840 δὲ,
2272 4777 2345 4847 μὴ
2372 4776 2613 4848 παριδών
2649 4794 2736 4847 με,
2772 4775 3074 4846 κατηξίωσε
3098 4776 3309 4845 φανερά
3345 4791 3434 4843 μοι
3462 4773 3733 4841 καταστῆ-

2157 4886 2278 4933 σαι,
2303 4869 2492 4941 ὥσπερ
2510 4869 2579 4922 τὰ
2604 4867 2901 4939 σκυθρωπὰ
2928 4866 3191 4937 πρότερον
3216 4865 3424 4918 ἐδείκνυ
3446 4904 3459 4928 ,
3478 4866 3619 4917 οὕτω
3639 4866 3731 4917 καὶ

2154 4962 2223 5014 τά
2254 4961 2581 5032 φαιδρότερα
2603 4976 2617 4990 ⁸
2654 4960 2794 5028 λέγω
2821 4959 2879 5011 δὲ
2909 4959 3003 5011 καὶ
3040 4958 3136 5028 τὴν
3169 4957 3464 5011 ἀνάστασιν
3493 4956 3585 5008 τοῦ
3616 4955 3728 5008 Σω-

2155 5053 2317 5123 τῆρος
2348 5053 2441 5104 καὶ
2476 5051 2573 5123 τὴν
2605 5050 2755 5123 παρὰ
2786 5049 2864 5118 τῷ
2896 5049 3073 5119 Πατρ“ι
3098 5047 3273 5114 δόξαν.
3334 5048 3443 5101 Καὶ
3474 5045 3641 5100 ταῦτα
3672 5046 3728 5098 δὲ

2160 5140 2282 5194 ἰδὼν
2302 5181 2315 5204 ,
2348 5140 2554 5211 ὲσώθην
2575 5158 2587 5169 ’
2618 5141 2697 5192 διό
2728 5156 2902 5209 φημι·
2950 5138 3096 5207 Ἐγὼ
3125 5138 3273 5205 πρὸς
3301 5137 3406 5191 τὸν
3436 5137 3583 5190 Θεὸν
3604 5136 3729 5189 ἐκέ-

2156 5232 2363 5299 κραξα,
2395 5233 2491 5285 καὶ
2514 5233 2728 5299 Κύριος
2749 5230 2946 5283 ἔσωσέ
2965 5247 3061 5298 με.
3083 5228 3281 5291 Σωθεὶς
3308 5229 3365 5281 δὲ
3389 5228 3568 5280 οὐκέτι
3597 5229 3725 5297 ἡρε-

2155 5324 2239 5394 μῶ
2264 5366 2279 5388 ,
2315 5323 2433 5377 οὐδὲ
2460 5323 2687 5394 ἡσυχίαν
2708 5323 2859 5389 ἄγειν
2886 5322 3121 5392 δύναμαι
3138 5338 3152 5352 ·
3204 5320 3339 5374 ἀλλά
3361 5320 3613 5389 κηρύττω
3636 5318 3725 5372 καὶ

2152 5417 2356 5478 πάντας
2384 5412 2703 5485 ἀνθρώπους
2744 5413 3202 5483 εὐαγγελίζομαι,
3250 5409 3605 5480 διηγούμενος
3638 5412 3724 5478 ἐφ’

2151 5508 2385 5577 ἑκάστης
2418 5506 2628 5577 ἡμέρας
2661 5506 2755 5559 καὶ
2782 5505 2929 5577 ὧρας
2955 5545 2969 5569 ,
3004 5504 3361 5574 ἀπαγγέλλων
3393 5520 3451 5555 τε
3484 5506 3563 5566 είς
3591 5503 3723 5556 πάν-

2149 5617 2247 5663 τας
2276 5599 2418 5668 ἆπερ
2451 5600 2509 5652 ἐν
2543 5600 2681 5671 ἁγίῳ
2711 5598 2979 5670 πνεύματι
3006 5597 3084 5668 τῷ
3114 5596 3435 5668 προφητικῷ
3460 5595 3720 5666 τεθέαμαι
