4010 6514
227 340 337 395 685

1361 327 1864 392 COMMENTARIA
1903 327 1967 382 IN
1997 331 2339 389 PSALMOS.

3370 347 3476 401 486

230 463 526 536 θαυμαστά
557 462 652 517 καὶ
676 459 971 532 παράδοξα.
1025 460 1115 514 Διό
1148 476 1316 530 φημι·
1378 460 1665 527 Ἑσπέρας
1701 457 1796 511 καὶ

1907 454 2029 508 dico
2056 475 2067 509 :
2100 456 2316 525 Vespere
2343 468 2393 513 et
2423 475 2575 513 mane
2600 468 2648 513 et
2673 461 2905 527 meridie,
2938 464 3168 519 narrabo
3196 474 3247 519 et
3270 483 3477 522 annun-

230 558 379 625 πρωὶ
417 557 519 611 καὶ
543 555 915 624 μεσημϐρίας
943 552 1304 622 διηγήσομαι
1338 552 1434 606 καὶ
1468 550 1803 620 ἀπαγγελῶ.

242 651 412 722 Ἐμοῦ
443 650 497 704 δὲ
528 649 696 703 ταῦτα
726 646 953 717 βοῶντος
981 649 1059 710 είς
1084 647 1290 708 πάντας
1316 645 1461 711 ἐξότε
1492 647 1585 699 καὶ
1618 646 1809 715 μέχρις

230 743 476 811 ἑσπέρας
498 782 512 801 .
547 742 605 793 ἐν
647 742 794 813 αὐτῷ
832 759 892 794 τε
923 739 1000 810 τῷ
1038 739 1388 808 ἀκμαιοτάτῳ
1418 737 1556 805 φωτὶ
1585 737 1683 808 τῆς
1722 753 1811 806 με·

233 831 545 901 σημϐρινῆς
599 830 812 901 ἡμέρας
843 830 910 882 τὰ
964 830 1206 899 σωτήρια
1255 827 1386 896 τέλη
1417 825 1805 898 κηρύττοντος,

229 922 651 975 είσακούσεται
673 922 782 989 τῆς
807 922 1010 990 φωνῆς
1028 938 1145 988 μου
1164 922 1193 972 6
1217 919 1419 989 ταύτης
1439 918 1539 986 τῆς
1559 917 1809 986 γνώσεως

231 1011 604 1077 καταξιώσαςσ
626 1010 719 1064 καὶ
741 1010 919 1063 οὐκέτι
946 1011 1043 1079 μὲν
1058 1008 1416 1078 ταράττεσθαι
1438 1009 1493 1061 ἐν
1517 1008 1638 1077 ἐμοὶ
1660 1006 1808 1059 ἐάσει

228 1100 329 1170 τὴν
359 1100 591 1170 καρδίαν
627 1117 728 1170 μου
749 1139 763 1163 ,
808 1100 928 1152 ούδέ
960 1099 1055 1168 τὴν
1084 1096 1280 1150 δειλίαν
1306 1096 1398 1149 τοῦ
1433 1095 1658 1149 θανάτου
1689 1097 1810 1147 ἐπι-

230 1192 451 1246 κεῖσθαί
485 1210 593 1263 μοι.
625 1190 807 1244 Ταῦτα
825 1192 879 1244 δέ
897 1192 1071 1244 πάντα
1090 1188 1425 1261 παραγαγὼν
1448 1229 1462 1251 ,
1483 1190 1575 1241 καὶ
1595 1188 1810 1242 διασκε-

229 1286 400 1347 δάσας
423 1285 524 1355 τῆς
562 1286 698 1355 ἐμῆς
736 1283 943 1353 ψυχῆς,
979 1282 1308 1353 λυτρώσεται
1336 1282 1503 1351 αὐτὴν
1530 1282 1586 1332 ἐν
1619 1282 1807 1353 εἰρήνῃ

228 1380 337 1432 ἀπὸ
355 1377 469 1430 τῶν
488 1377 731 1449 θορυϐεῖν
750 1377 918 1446 αὐτὴν
936 1375 1240 1429 ἐθελόντων.
1266 1374 1357 1426 Διό
1389 1390 1548 1443 φημι·
1579 1372 1808 1440 Λυτρὼ-

226 1486 398 1524 σεται
426 1469 542 1537 τὴν
562 1467 772 1536 ψυχήν
792 1484 911 1534 μου
937 1466 1005 1518 ἐν
1033 1467 1237 1533 εἰρήνῃ
1265 1463 1383 1518 ἀπὸ
1413 1464 1530 1516 τῶν
1555 1463 1809 1534 ἐγγιζόν-

226 1578 345 1613 των
373 1578 481 1630 μοι
501 1577 515 1589 ·
548 1559 636 1612 ὅτι
661 1559 731 1611 ἐν
776 1557 1028 1622 πολλαῖς
1056 1554 1218 1626 ἦσαν
1262 1554 1382 1609 σὺν
1411 1554 1571 1623 ἐμοί’
1604 1553 1718 1605 ἀνθ’
1749 1548 1809 1607 οὗ

226 1651 494 1717 ἐξέδωκεν
506 1653 533 1704 6
550 1649 840 1720 Σύμμαχος
857 1666 870 1679 ·
891 1647 1225 1702 Πο.1λοστοὶ
1244 1645 1351 1715 γὰρ
1366 1644 1643 1715 ἐγένοντο
1662 1643 1810 1710 πρὸς

225 1744 349 1813 ἐμέ.
417 1747 483 1796 Ol
510 1743 617 1812 γὰρ
666 1742 936 1809 θορυϐεῖν
969 1738 1278 1803 ἐθέλοντές
1302 1756 1419 1806 μου
1448 1737 1562 1803 τὴν
1599 1734 1810 1805 ψυχήν

217 1852 341 1901 μου
366 1832 624 1901 βραχεῖς
668 1848 827 1897 τινες
858 1826 1019 1899 ἦσαν
1038 1870 1052 1893 ,
1087 1830 1192 1893 οὓς
1224 1832 1256 1881 ό
1287 1829 1431 1894 Θεὸς
1461 1832 1492 1881 ό
1524 1828 1637 1896 πρὸ
1690 1827 1807 1880 τῶν

134 1946 135 1949 η
222 1923 463 1977 αἰώνων
491 1922 778 1992 ὑπάρχων
807 1919 1153 1974 ταπεινώσει
1178 1960 1192 1984 ,
1227 1918 1337 1988 τῆς
1366 1918 1515 1988 ἐμῆς
1544 1916 1804 1989 κραυγῆς

222 2016 602 2079 ἐπακούσας.

291 2106 491 2159 Ταῦτα
525 2106 623 2176 μὲν
649 2100 740 2157 οὖν
773 2103 846 2167 ὼς
879 2102 972 2156 τοῦ
1005 2104 1285 2174 Προφήτου
1319 2098 1376 2166 ἐξ
1408 2102 1607 2155 οἰκείου
1640 2119 1808 2173 προσ-

220 2198 378 2251 ώπου
412 2198 515 2261 τὰς
550 2196 912 2269 προκειμένας
948 2196 1128 2263 φωνὰς
1155 2193 1640 2264 προενηνεγμένου.
1669 2194 1731 2245 El
1753 2193 1809 2244 δὲ

222 2288 281 2355 ἐξ
313 2288 489 2342 αὑτοῦ
516 2288 610 2342 τοῦ
640 2288 889 2357 Σωτῆρος
912 2286 1083 2339 ταῦτα
1115 2286 1321 2352 λέγοιτο
1353 2284 1439 2336 διὰ
1470 2283 1563 2337 τοῦ
1596 2302 1808 2354 προφη-

223 2377 378 2431 τικυῦ
411 2376 742 2446 πνεύματος,
773 2375 1068 2445 ἐπειδήπερ
1100 2372 1158 2436 ἐξ
1190 2372 1354 2426 αὐτοῦ
1386 2372 1599 2439 ἐλέγετο
1628 2372 1708 2433 τὸ,
1742 2375 1810 2424 El

222 2469 444 2538 ἐχθρός
489 2466 760 2521 ὠνείδισέ
786 2483 861 2534 με
885 2505 899 2530 ,
934 2463 1245 2533 ὑπήνεγκα
1277 2463 1353 2517 ἂν
1376 2503 1389 2525 ,
1438 2462 1530 2515 καὶ
1563 2463 1630 2515 τὰ
1662 2462 1805 2531 ἐξῆς,

227 2560 539 2622 ἀκολούθως
572 2559 665 2610 καὶ
703 2556 872 2609 ταῦτα
915 2557 1135 2626 φήσειεν
1184 2553 1249 2606 ἂν
1290 2552 1318 2603 6
1349 2552 1567 2621 Σωτήρ·
1630 2552 1751 2603 Ὅτι
1778 2552 1807 2603 6

230 2653 325 2722 μὲν
351 2652 453 2703 οὐκ
481 2649 672 2721 ἐχθρὸς
691 2688 705 2711 ,
738 2647 873 2701 ἀλλὰ
904 2647 1053 2714 φίλος
1075 2662 1088 2676 ο
1123 2644 1215 2699 καὶ
1241 2644 1338 2714 ούχ
1368 2644 1396 2694 6
1431 2641 1603 2712 μισῶν
1628 2680 1642 2703 ,
1691 2640 1806 2693 ἀλλ’

227 2744 255 2795 6
289 2740 473 2812 μικρῷ
507 2738 739 2811 πρόσθεν
778 2738 1034 2806 ἀγαπῶν,
1062 2735 1289 2789 τοιαῦτα
1314 2734 1431 2788 κατ’
1462 2731 1593 2802 ἐμοῦ
1626 2731 1808 2783 τετόλ-

233 2850 425 2904 μηκεν.
498 2830 641 2900 Ἐγὼ
682 2831 737 2883 δὲ
772 2831 929 2882 πλέον
973 2829 1125 2881 οὐδὲν
1158 2827 1422 2898 ἔπραττον
1445 2869 1457 2892 ,
1496 2824 1608 2877 ἀλλ’
1640 2823 1807 2877 ἐϐόων

232 2924 364 2995 πρὸς
398 2925 491 2976 τὸν
520 2923 652 2975 Θεόν
671 2939 683 2951 ·
714 2917 855 2991 εἶχόν
889 2938 945 2973 τε
978 2921 1139 2973 αὑτὸν
1167 2915 1254 2971 οἷα
1297 2918 1516 2987 Πατέρα
1544 2916 1801 2985 ἐπήκοον.

242 3014 398 3068 Ἀλλὰ
427 3014 524 3066 καὶ
554 3015 601 3065 οἱ
630 3013 726 3082 μὲν
752 3010 1104 3063 ἐπεϐούλευον
1126 3008 1271 3078 ἐμοὶ,
1290 3013 1317 3060 6
1342 3006 1398 3059 δὲ
1422 3004 1588 3069 ἔσωζέ
1618 3020 1704 3073 με·
1729 3002 1808 3073 διὸ

230 3105 288 3157 ού
320 3104 601 3173 παύσομαι
635 3101 871 3171 ἑσπέρας
900 3100 994 3153 καὶ
1025 3099 1169 3169 πρωὶ
1208 3097 1301 3150 καὶ
1336 3094 1679 3166 μεσημϐρίας
1711 3092 1808 3155 τὰς

230 3195 321 3248 τοῦ
344 3182 779 3266 Πατρδξάρετάς
808 3190 1160 3261 διηγούμενος
1188 3190 1267 3251 εἰς
1299 3188 1530 3251 πάντας,
1564 3187 1806 3239 εἰσακου-

233 3286 351 3338 στόν
400 3303 459 3338 τε
520 3287 684 3337 πᾶσιν
732 3282 1036 3352 ἀνθρώποις
1084 3280 1366 3351 κηρύττων
1426 3278 1485 3331 :6
1542 3279 1803 3349 σωτήριον

232 3376 557 3447 Εὑαγγέλιον
576 3394 588 3406 ·
624 3378 717 3428 καὶ
747 3374 950 3444 ταύτης
987 3391 1086 3444 μου
1118 3374 1214 3443 τῆς
1241 3372 1421 3442 φωνῆς
1444 3370 1750 3432 ἐπακούσας
1776 3370 1804 3421 6

234 3467 415 3538 Πατὴρ
435 3510 449 3533 ,
481 3466 847 3535 λυτρώσεται
870 3465 939 3517 ἐν
955 3462 1162 3531 εἰρήνῃ
1186 3461 1298 3529 τὴν
1318 3459 1528 3529 ψυχήν
1543 3477 1661 3527 μου
1685 3456 1802 3511 ἀπὸ

233 3559 346 3612 τῶν
366 3560 713 3631 ἐγγιζόντων
734 3574 856 3628 μοι,
894 3554 1169 3608 τουτέστιν
1192 3552 1301 3606 ἀπὸ
1321 3552 1427 3603 τῶν
1451 3549 1678 3619 ἐγγύθεν
1709 3548 1804 3601 καὶ

233 3654 289 3706 06
304 3653 368 3705 πό
375 3651 520 3723 ρρωθ
528 3651 584 3704 έν
611 3667 676 3720 με
716 3647 1090 3717 πολεμούντων
1106 3660 1120 3674 ⁸
1139 3638 1475 3712 οἴτινεςῆσαν
1494 3639 1771 3693 πολλοστοί
1784 3655 1799 3670 ο

234 3747 323 3810 οὓς
367 3749 459 3800 καὶ
508 3742 832 3798 ταπεινώσει
863 3744 890 3794 6
924 3732 1294 3812 προῦπάρχων
1322 3736 1426 3806 πρὸ
1454 3735 1560 3788 τῶν
1593 3734 1803 3789 αἰώνων

220 3836 378 3901 Θεὸς.
410 3838 545 3891 Οὐδὲ
570 3836 679 3906 γὰρ
708 3836 740 3905 ὴ
765 3834 900 3904 πρὸς
923 3832 1100 3899 ὀλίγον
1122 3831 1301 3890 αὐτοῖς
1330 3828 1591 3897 γενομένη
1617 3827 1803 3880 εὐκαι-

240 3934 356 4003 ρία,
409 3933 532 3987 καθ’
561 3933 627 4002 ἣν
681 3927 1134 4000 ἐμεγαλαύχησαν
1158 3964 1173 3988 ,
1226 3923 1318 3976 καὶ
1352 3922 1672 3993 ἐπλήρωσαν
1705 3921 1804 3991 τὴν

238 4026 436 4081 ἑαυτῶν
492 4026 647 4079 πόλιν
684 4022 913 4095 ἀνομίας
961 4020 1054 4073 καὶ
1105 4016 1444 4084 ἀντιλογίας,
1500 4014 1806 4084 παραμενεῖ

240 4119 414 4183 αὐτοῖς
431 4137 445 4151 ⁸
486 4121 611 4173 ὅσον
639 4117 696 4170 δὲ
721 4114 874 4168 οὔπω
901 4109 1395 4179 ταπεινωθήσονται
1412 4146 1427 4169 ,
1462 4106 1561 4176 τῆς
1585 4108 1648 4157 ἐκ
1668 4102 1802 4155 Θεοῦ

241 4212 400 4281 ὀργῆς
432 4208 895 4282 μετελευσομένης
931 4204 1127 4266 αὐτοὺς
1155 4200 1247 4254 καὶ
1277 4200 1376 4270 τὴν
1401 4198 1552 4251 πόλιν
1591 4196 1799 4258 αὐτῶν,

239 4302 308 4365 ὡς
336 4307 424 4356 καὶ
448 4305 541 4357 τὸν
566 4305 622 4354 ὲν
654 4300 790 4369 αὐτῇ
835 4296 1116 4365 διαϐόητον
1144 4292 1276 4346 νεὼν
1322 4288 1679 4359 ἀφανισθῆναι
1710 4287 1803 4338 καὶ

243 4397 406 4448 πᾶσαν
438 4398 538 4466 τὴν
576 4397 633 4448 ἐν
674 4390 821 4461 αύτῷ
852 4386 1271 4457 ἐπιτελουμένην
1300 4382 1551 4453 λατρείαν
1581 4378 1806 4435 καταλυ-

245 4484 406 4557 θῆναι.
435 4487 621 4548 Οὕτως
653 4480 766 4546 οὖν,
797 4482 896 4552 τῆς
931 4480 1067 4550 ἐμῆς

243 4579 551 4631 ταπεινώσει
576 4574 787 4636 αὐτούς.

312 4670 389 4721 06
437 4667 550 4737 γάρ
600 4666 772 4719 ἐστιν
812 4658 1015 4723 αὐτοῖς
1058 4653 1471 4721 ἀντάλλαγμα,
1536 4649 1635 4702 καὶ
1694 4649 1804 4701 οὐκ

246 4759 619 4833 ἐφοϐήθησαν
669 4759 773 4812 τὸν
815 4756 983 4817 Θεὸν,
1020 4752 1113 4806 καὶ
1159 4750 1225 4802 τὰ
1273 4748 1417 4817 ἐξῆς.
1466 4740 1803 4798 Ταπεινώσει

246 4854 359 4917 τοὺς
388 4852 778 4926 προλεχθέντας
823 4846 1037 4908 ἀσεϐεῖς
1072 4845 1100 4896 6
1132 4838 1501 4912 προῦπάρχων
1547 4835 1654 4906 πρὸ
1690 4834 1804 4926 τῶν

248 4925 441 4999 αἰώνων
471 4946 637 5007 Θεόςο
689 4939 900 4995 ἔσονταί
936 4954 996 4990 τε
1043 4932 1290 4987 ταπεινοὶ
1333 4931 1425 4982 καὶ
1463 4925 1803 4997 διαμενοῦσιν

250 5035 333 5087 ἐπὶ
367 5041 623 5109 μήκιστον
644 5033 875 5088 τοιοῦτοι
899 5047 912 5060 ·
936 5027 1061 5103 ’ἐπεὶ
1091 5024 1275 5097 μηδεὶς
1301 5021 1451 5073 ἐσται
1479 5022 1506 5072 6
1539 5017 1677 5088 ὑπὲρ
1706 5016 1802 5109 a6:

250 5125 346 5179 τῶν
368 5106 535 5195 διδοὺς
564 5125 937 5193 ἀντάλλαγμα.
976 5116 1157 5183 "Ama
1185 5117 1295 5186 γὰρ
1322 5114 1350 5165 6
1385 5112 1512 5174 Υἱὸς
1546 5108 1641 5163 τοῦ
1667 5106 1802 5162 Θεοῦ

249 5212 425 5289 λύτρον
447 5220 638 5275 ἐαυτὸν
657 5218 827 5281 διδους
851 5216 943 5269 καὶ
963 5212 1315 5279 ἀντάλλαγμα
1340 5205 1480 5276 ὑπὲρ
1503 5203 1609 5256 τῶν
1635 5203 1806 5274 ἁμαρ-

251 5308 438 5376 τωλῶν,
460 5314 586 5375 τοὺς
616 5311 713 5382 μὲν
742 5310 819 5374 είς
843 5306 1002 5361 αὐτὸν
1030 5298 1459 5360 πεπιστευκότας
1482 5295 1802 5366 ἐξηγόρασε,

252 5398 450 5455 πάντων
473 5420 534 5456 τε
556 5401 752 5463 αὐτοὺς
773 5397 882 5451 τῶν
912 5394 1191 5467 προτέρων
1219 5387 1631 5462 ἁμαρτημάτων
1659 5385 1805 5454 ἠλευ-

255 5486 503 5560 θέρωσεν’
539 5495 665 5556 τοὺς
700 5492 757 5544 δὲ
793 5490 944 5543 εἴασε
975 5485 1286 5545 ταπεινοὺς,
1343 5480 1465 5532 ἐπεὶ
1515 5478 1588 5548 μὴ
1631 5493 1803 5547 προσ-

255 5582 436 5651 ήκαντο
479 5588 578 5661 τὴν
609 5584 747 5655 ὺπέρ
796 5580 974 5635 αὐτῶν
1004 5577 1246 5643 δοθεῖσαν
1283 5573 1466 5643 τιμὴν,
1505 5567 1803 5661 μηδὲέπί-

262 5686 468 5729 στευσαν
506 5658 586 5741 είς
628 5676 689 5729 τὸ
727 5674 905 5745 τίμιον
938 5667 1078 5739 αἷμα
1114 5666 1208 5719 τοῦ
1255 5663 1470 5717 πάντων
1502 5658 1803 5731 ἀνθρώπων

262 5764 524 5832 Λυτρωτοῦ
555 5770 647 5823 καὶ
681 5766 947 5834 Σωτῆρος.
984 5761 1072 5814 Διό
1115 5774 1246 5828 φησι
1281 5757 1411 5823 περὶ,
1451 5752 1629 5806 αὐτῶν
1656 5752 1682 5803 6
1715 5749 1801 5802 λό-

1909 543 2073 597 tiabo.
2122 544 2203 599 Me
2252 556 2431 601 autem
2479 550 2607 603 talia
2657 552 2912 606 omnibus
2953 552 3221 608 clamante
3263 570 3329 609 ex
3374 557 3477 610 hac

1908 628 2041 683 hora
2074 647 2246 701 usque
2286 634 2353 687 ad
2387 651 2690 705 vesperam,
2733 647 2896 709 atque
2930 640 2984 693 in
3033 642 3475 710 splendidissima

1909 718 2034 774 luce
2085 730 2138 775 et
2194 723 2247 775 in
2297 726 2523 780 meridie
2561 727 2855 782 salutarem
2906 728 3066 782 linem
3123 733 3472 799 praedicante,

1907 811 2152 866 exaudiet
2190 830 2361 868 vocem
2394 832 2584 881 meam,
2628 820 2721 897 qui
2753 820 2847 873 tali
2878 836 2963 875 me
2992 822 3185 875 notitia
3216 824 3475 894 dignatus

1908 910 2231 974 est-neque
2283 907 2425 961 sinet
2459 909 2598 962 ultra
2630 910 2836 963 turbari
2886 911 2940 965 in
2992 927 3078 966 me
3129 928 3226 967 cor
3271 931 3472 978 meum,

1908 1008 2086 1062 neque
2140 995 2483 1051 formidinem
2526 1000 2717 1055 mortis
2757 1002 2963 1058 instare
2994 1005 3146 1063 mihi.
3189 1005 3286 1061 His
3311 1020 3481 1076 porro

1908 1084 2165 1138 omnibus
2191 1086 2441 1142 abductis
2458 1096 2511 1142 et
2531 1089 2811 1160 dissipatis
2848 1108 2915 1147 ex
2952 1095 3132 1149 anima
3159 1111 3299 1161 mea,
3328 1096 3480 1153 redi-

1908 1180 2017 1226 met
2048 1189 2168 1227 eam
2209 1176 2262 1229 in
2307 1192 2439 1245 pace
2504 1179 2572 1231 ah
2609 1179 2676 1233 iis
2720 1182 2812 1251 qui
2855 1198 2973 1237 eam
3019 1187 3345 1241 conturbare
3388 1203 3480 1241 vo-

1910 1264 2126 1320 luerint.
2161 1266 2342 1331 Quare
2364 1271 2487 1324 dico
2515 1290 2526 1324 :
2557 1270 2785 1326 Redimet
2821 1275 2873 1327 in
2894 1291 3021 1342 pace
3050 1280 3282 1331 animam
3308 1296 3477 1333 meam

1910 1352 1974 1405 ab
2005 1354 2092 1417 iis,
2132 1356 2222 1423 qui
2265 1360 2690 1429 appropinquant
2715 1362 2876 1426 mihi;
2906 1368 3153 1432 quoniam
3185 1368 3319 1421 inter
3338 1369 3476 1421 mul-

1911 1453 1989 1497 tos
2019 1454 2171 1497 erant
2195 1448 2526 1503 mecum.Pro
2553 1467 2660 1519 quo
2693 1450 3053 1522 Symmachus
3081 1457 3251 1511 edidit
3275 1474 3289 1509 :
3314 1457 3476 1512 Multi

1908 1534 2046 1585 enim
2095 1537 2407 1592 accedebant
2442 1539 2510 1592 ad
2548 1556 2648 1596 me.
2680 1540 2823 1595 Nam
2864 1545 2953 1614 qui
2985 1546 3197 1601 turbare
3238 1547 3474 1602 volebant

1911 1626 2144 1677 animam
2195 1644 2385 1692 meam,
2430 1632 2633 1684 minimi
2665 1633 2878 1701 quidam
2927 1648 3099 1702 erant,
3140 1654 3268 1708 quos
3308 1638 3472 1703 Deus,

1910 1718 1999 1785 qui
2051 1728 2171 1772 ante
2211 1722 2408 1775 sa'cula
2454 1732 2552 1787 est,
2602 1724 2922 1791 humiliabit,
2967 1730 3251 1785 clamorem
3303 1747 3475 1785 meum

1909 1806 2216 1861 exaudiens.

1982 2091 2107 2147 Haec
2140 2094 2325 2165 itaque
2363 2098 2522 2167 quasi
2555 2114 2584 2152 a
2620 2097 2887 2167 PrOpheta
2926 2102 3069 2158 dicta
3111 2104 3334 2173 fuerint,
3375 2123 3473 2162 ceu

1910 2196 1973 2235 ex
2029 2184 2247 2251 propria
2294 2200 2525 2253 persona
2575 2203 2737 2242 voces
2786 2192 3091 2259 propositas
3144 2194 3473 2263 proferente.

1912 2271 2068 2337 Quod
2106 2274 2150 2327 si
2185 2273 2253 2327 ab
2286 2275 2404 2344 ipso
2449 2275 2733 2332 Salvatore
2762 2294 2860 2347 per
2890 2281 3266 2349 propheticum
3312 2284 3477 2352 spiri-

1914 2374 2025 2417 tum
2060 2363 2173 2417 hazc
2197 2364 2343 2418 dicta
2375 2367 2610 2429 fuerint;
2646 2369 2911 2437 siquidem
2947 2386 3011 2424 ex
3043 2372 3216 2441 ipsius
3243 2388 3475 2442 persona

1911 2453 2194 2507 dicebatur
2227 2455 2379 2520 illud,
2407 2456 2466 2510 Si
2502 2458 2745 2512 inimicus
2785 2461 3143 2516 maledixisset
3174 2465 3323 2532 mihi,
3358 2481 3479 2519 sus-

1913 2543 2183 2597 tinuissent
2238 2548 2435 2616 utique.
2498 2556 2553 2604 et
2602 2558 2828 2619 ('aatera;
2898 2567 3297 2623 consequenter
3345 2572 3478 2612 sane

1912 2633 2026 2689 haec
2062 2634 2313 2691 Salvator
2345 2639 2545 2695 dixerit
2579 2641 2885 2708 :Quoniam
2918 2660 3027 2698 non
3061 2646 3341 2712 inimicus,
3378 2646 3477 2703 sed

1912 2726 2153 2791 amicus;
2189 2743 2295 2780 non
2329 2731 2419 2797 qui
2454 2730 2579 2784 odio
2622 2732 2865 2785 haberet.
2903 2734 2995 2788 sed
3029 2736 3122 2795 qui
3153 2735 3315 2802 paulo
3352 2744 3480 2792 ante

1912 2815 2181 2887 diligeret,
2216 2820 2345 2872 talia
2372 2831 2561 2873 contra
2598 2838 2683 2877 me
2710 2839 2878 2877 ausus
2909 2833 3011 2877 est.
3046 2824 3154 2895 Ego
3185 2834 3364 2880 autem
3391 2828 3480 2880 ni-

1910 2906 1986 2958 hil
2028 2908 2149 2974 plus
2193 2909 2437 2977 agebam,
2469 2925 2629 2977 quam
2659 2912 2800 2979 quod
2847 2912 3145 2965 clamabam
3177 2913 3243 2965 ad
3279 2912 3480 2982 Deum;

1910 3010 2144 3065 emnque
2186 3005 2373 3065 utpote
2408 2996 2643 3062 Patrem,
2688 2999 2981 3068 propitium
3035 3000 3321 3054 habebam.
3374 3000 3479 3056 Sed

1834 3127 1878 3185 α
1913 3087 1987 3141 illi
2035 3088 2253 3157 quidem
2304 3088 2705 3143 insidiabantur
2755 3091 2917 3157 mihi;
2966 3091 3055 3146 hic
3083 3107 3214 3146 vero
3266 3093 3480 3147 salvum

1913 3177 2146 3233 iaciebat
2179 3195 2265 3233 me
2301 3198 2312 3232 :
2341 3195 2511 3249 quare
2542 3196 2788 3248 vespere,
2821 3196 2981 3235 mane
3011 3190 3066 3235 et
3111 3180 3336 3236 meridie
3369 3198 3481 3237 non

1912 3271 2073 3325 ﬁnem
2123 3269 2318 3324 iaciam
2370 3269 2548 3324 Patris
2591 3271 2821 3324 virtutes
2870 3269 3159 3325 enarrandi
3189 3271 3477 3338 omnibus;

1910 3370 2073 3432 atque
2114 3364 2354 3418 salutare
2395 3362 2746 3432 Evangelium
2794 3361 2860 3415 ad
2905 3377 3067 3419 aures
3100 3364 3479 3418 universorum

1908 3454 2190 3509 hominum
2239 3453 2565 3524 prtedicaudi
2612 3472 2624 3507 :
2665 3468 2895 3522 eamque
2941 3469 3130 3508 vocem
3180 3455 3481 3509 exaudiens

1908 3548 2093 3613 Pater,
2141 3547 2357 3601 redimet
2390 3548 2443 3599 iu
2490 3562 2617 3614 pace
2662 3546 2897 3598 animam
2947 3563 3117 3599 meam
3163 3545 3225 3599 ab
3268 3548 3353 3610 iis,
3388 3549 3477 3616 qui

1910 3642 2329 3710 appropinquant
2361 3640 2510 3704 mihi,
2543 3639 2594 3692 id
2629 3645 2713 3692 est
2750 3637 2819 3690 ab
2853 3638 2919 3692 iis
2948 3638 3039 3706 qui
3077 3638 3346 3707 proxime,
3367 3653 3477 3691 non

1910 3731 2125 3800 procul,
2166 3732 2485 3800 impugnant
2531 3743 2654 3793 me;
2687 3728 2838 3780 multi
2882 3742 3013 3782 sane
3051 3742 3302 3793 numero,
3336 3744 3477 3797 quos

1911 3821 2219 3874 bumiliabit
2259 3820 2350 3888 qui
2384 3825 2469 3873 est
2510 3825 2638 3872 ante
2669 3817 2867 3873 saecula
2916 3816 3077 3873 Deus.
3110 3816 3297 3887 Neque
3329 3833 3477 3872 emm

1911 3911 2001 3965 illa
2024 3910 2091 3964 ad
2117 3910 2281 3963 breve
2304 3917 2516 3977 tempus
2547 3907 2683 3977 ipsis
2710 3907 2833 3959 data
2855 3906 3258 3975 opportunitas,
3289 3906 3344 3959 in
3370 3920 3476 3975 qua

1911 4001 2123 4072 gloriati
2158 4008 2306 4059 sunt.
2344 4006 2398 4053 et
2423 3998 2697 4053 civitatem
2735 4011 2889 4051 suam
2931 3996 3218 4066 iniquitate
3249 4006 3303 4051 et
3342 4012 3477 4050 con-

1908 4094 2232 4150 tradictione
2255 4093 2620 4162 repleverunt,
2646 4090 2739 4145 diu
2766 4090 3132 4161 permanebit;
3159 4090 3255 4144 scd
3279 4106 3479 4160 prope-

1910 4189 2052 4242 diem
2080 4185 2534 4251 humiliabuutur,
2570 4184 2649 4236 ira
2684 4180 2780 4235 Dei
2812 4182 2963 4250 ipsos
2992 4189 3046 4236 et
3075 4183 3351 4236 civitatem
3381 4198 3477 4237 eo-

1908 4295 2029 4333 rum
2061 4278 2369 4339 invadeute,
2403 4276 2474 4328 ita
2513 4282 2572 4329 ut
2603 4274 2865 4345 templum
2898 4274 3030 4328 illud
3071 4274 3283 4344 insigne
3323 4274 3376 4327 in
3412 4289 3476 4327 ea

1908 4368 2145 4439 positum
2176 4367 2447 4427 diruatur,
2488 4374 2541 4419 et
2566 4365 2746 4419 cultus
2785 4364 2982 4418 ibidem
3016 4365 3245 4433 persolvi
3280 4365 3477 4418 solitus

1101 4452 1412 4537 ἐπακούσας
1438 4475 1466 4526 ὁ
1489 4471 1620 4535 Θεὸς
1651 4469 1801 4541 βοῆς,

1908 4457 1975 4511 de
2024 4458 2203 4510 medio
2237 4456 2479 4510 tollatur.
2516 4453 2606 4508 Sic
2640 4455 2826 4523 itaque
2875 4452 3019 4508 Deus
3058 4469 3155 4507 me
3177 4453 3476 4507 exaudiens

1907 4547 2215 4601 bumiliabit
2242 4562 2357 4601 eos.

1980 4635 2143 4692 Vens.
2176 4637 2267 4697 2!,
2294 4635 2385 4689 22.
2426 4633 2549 4687 Non
2586 4634 2723 4686 enim
2753 4641 2829 4686 est
2863 4632 2970 4685 illis
3002 4632 3377 4691 commutatio,
3425 4639 3474 4684 et

1906 4748 2010 4785 non
2039 4731 2321 4793 timuerunt
2378 4725 2565 4789 Deum,
2597 4732 2650 4779 et
2679 4730 2894 4777 cmtera.
2926 4721 3250 4777 Memoratos
3281 4722 3477 4792 impios

1905 4818 2214 4876 humiliabit
2242 4818 2333 4887 qui
2364 4824 2448 4872 est
2489 4823 2614 4869 ante
2645 4815 2840 4869 saecula
2880 4813 3043 4879 Deus,
3075 4822 3344 4883 eruntque
3375 4816 3476 4869 hu-
3558 4880 3561 4887 ι

1905 4914 2083 4974 miles,
2109 4926 2173 4964 ac
2202 4910 2340 4963 tales
2393 4907 2485 4961 diu
2544 4904 2960 4974 permanebunt,
3003 4905 3129 4973 quia
3160 4905 3343 4960 nullus
3370 4906 3476 4960 erit

1906 5005 1999 5074 qui
2031 5004 2120 5057 det
2161 5016 2259 5071 pro
2298 4999 2405 5052 illis
2433 4996 2937 5051 commutationem.
2980 4994 3115 5050 Nam
3150 5011 3274 5050 cum
3308 4998 3474 5052 semel
3562 5070 3571 5077 .

1905 5096 1999 5152 Dei
2034 5094 2205 5149 Filius
2229 5107 2349 5147 sese
2379 5088 2591 5145 dederit
2612 5088 2664 5141 in
2696 5086 3123 5156 redemptionem
3155 5094 3209 5142 et
3230 5103 3476 5142 commu-

1904 5191 2162 5244 tationem
2216 5202 2312 5255 pro
2364 5181 2777 5253 peccatoribus;
2833 5194 2929 5234 eos
2956 5180 3172 5249 quidem
3203 5181 3293 5250 qui
3330 5179 3383 5233 in
3417 5196 3475 5235 se

1905 5280 2252 5338 crediderunt
2284 5276 2502 5338 exemit,
2530 5285 2690 5345 atque
2723 5288 2752 5325 a
2788 5271 3032 5340 prisunis
3062 5271 3277 5326 delictis
3306 5270 3477 5325 omni-

1905 5375 2008 5430 bus
2060 5370 2348 5435 liberavit;
2401 5369 2539 5422 alios
2596 5380 2725 5420 vero
2784 5364 3003 5433 reliquit
3051 5364 3315 5432 abjectos,
3349 5361 3474 5430 quia

1906 5469 2137 5539 pretium
2175 5479 2272 5535 pro
2303 5479 2361 5518 se
2388 5461 2575 5516 datum
2604 5475 2712 5514 non
2755 5456 3115 5519 admiserunt,
3145 5467 3317 5522 neque
3349 5466 3474 5505 cre~

1906 5560 2163 5614 diderunt
2205 5558 2258 5611 iu
2290 5555 2586 5626 pretiosum
2633 5551 2954 5620 sanguinem
2991 5544 3371 5614 Redemptoris
3420 5553 3475 5596 et

1909 5650 2207 5705 Salvatoris
2241 5648 2484 5703 omnium
2519 5644 2820 5699 hominum.
2872 5637 3231 5703 Quamobrem
3269 5634 3335 5687 de
3370 5633 3475 5685 illis

1907 5743 2138 5798 dicitur:
2176 5739 2296 5794 Non
2321 5739 2456 5793 enim
2485 5746 2559 5790 est
2588 5735 2694 5789 illis
2711 5728 3070 5786 commulatio.
3090 5724 3267 5791 Quare
3292 5729 3472 5778 autem
