4010 6520
491 332 598 389 ιεπ

1238 334 1507 391 EUSEBII
1543 333 2019 391 CzESARIENSlS
2058 337 2209 392 UPP.
2244 336 2423 392 PARS
2458 334 2543 391 ill.
2582 336 3076 391 —EXEGETIC.\.

3652 335 3764 390 488

492 466 604 507 non
629 448 701 505 sit
728 448 835 503 illis
857 447 1210 502 commutatio
1229 488 1243 509 ,
1281 456 1472 517 postea
1521 450 1683 504 docet
1735 452 1821 507 his
1846 452 2032 506 verbis
2057 506 2072 528 ,

2183 469 2299 521 γος·
2343 453 2425 505 Οὐ
2452 450 2565 519 γάρ
2596 450 2765 505 ἐστιν
2790 452 2996 516 αὐτοῖς
3023 448 3436 518 ἀντάλλαγμα.
3472 450 3574 502 Διά
3618 451 3668 503 τί
3698 451 3761 503 δὲ

491 542 621 611 quia
657 557 757 593 non
789 540 1073 592 timuerunt
1114 536 1299 593 Deum.
1335 536 1428 591 [ile
1453 540 1621 603 enim,
1657 549 1840 610 utpote
1871 543 2068 602 bonus.

494 649 619 688 cum
654 632 813 686 vellet
838 644 1029 683 omnes
1051 628 1301 682 homines
1332 630 1515 684 salvos
1552 630 1690 694 lieri,
1718 640 1770 685 et
1800 632 1853 685 in
1881 633 2074 702 cogni-

495 725 697 777 tionem
732 720 979 776 veritatis
1010 720 1199 773 venire
1222 720 1243 750 ⁸
1262 759 1277 782 ,
1305 720 1537 773 extendit
1559 737 1773 774 manum
1803 739 1955 775 suam
1985 736 2076 777 sa-

496 815 744 875 lutarem,
769 818 828 864 ut
858 810 923 881 iis
955 810 1094 864 bona
1133 824 1232 864 sua
1267 810 1617 866 retribueret.
1658 810 1738 864 Illi
1796 828 1925 866 vero
1952 828 2013 867 ea
2044 826 2075 865 a

496 905 717 959 dextera
749 901 840 956 Dei
867 902 1049 956 oblata
1088 916 1197 955 non
1226 908 1583 969 acceperunt;
1614 903 1708 955 sed
1740 905 2078 957 contamina-

494 1005 677 1051 serunt
708 1004 1078 1049 testamentum
1110 994 1248 1062 ejus,
1280 1009 1477 1048 novam
1505 1004 1560 1050 et
1588 997 1957 1067 evangelicam
2000 998 2078 1052 le-

496 1106 614 1160 gem
640 1096 979 1157 respuentes.
1009 1087 1189 1154 Quare
1218 1086 1519 1142 secundum
1554 1087 1945 1159 Symmachum
1991 1088 2078 1143 di-

496 1189 644 1234 ctum
672 1189 797 1234 est:
825 1178 1079 1233 Extendit
1120 1195 1333 1233 manum
1373 1195 1527 1232 suam
1558 1178 1632 1232 ad
1662 1196 1749 1233 eos
1773 1181 1863 1250 qui
1896 1195 2077 1248 pacem

497 1272 755 1325 habebant
781 1288 955 1325 secum
981 1287 1002 1324 .'
1033 1270 1350 1341 transgressi
1380 1280 1502 1324 sunt
1534 1271 1740 1338 (trdus;
1776 1271 2076 1327 secundum

496 1362 747 1431 Aquilam
770 1377 898 1416 vero
924 1378 937 1413 :
965 1361 1117 1415 Misit
1145 1378 1358 1415 manum
1386 1378 1539 1415 suam
1569 1364 1623 1416 in
1655 1364 1906 1433 paciﬁcos
1931 1380 2074 1418 suos.

498 1451 619 1523 ipse
686 1467 922 1525 namque
955 1453 1237 1523 paciﬁcum
1294 1453 1571 1507 dexteram
1627 1455 1869 1524 porrexit
1923 1468 2081 1509 acce-

497 1544 755 1600 dentibus
787 1545 853 1599 ad
907 1560 1096 1615 pacem
1134 1544 1309 1615 ipsius
1365 1544 1777 1615 accipiendam;
1838 1544 1915 1599 illi
1949 1560 2079 1600 vero

496 1636 826 1705 transgressi
872 1642 1001 1689 sunt
1050 1640 1434 1689 testamentum
1466 1634 1625 1703 ejus,
1685 1633 1923 1688 oblatam
1975 1633 2077 1688 sibi

420 1790 425 1793 1
496 1740 684 1794 pacem
740 1740 850 1781 non
904 1725 1252 1794 accipientes.
1319 1722 1521 1788 Quare,
1578 1738 1711 1793 pace
1760 1738 1885 1777 cum
1940 1723 2079 1777 bello

2174 542 2273 595 οὐκ
2300 542 2446 595 ἐστιν
2474 543 2655 605 αὐτοῖς
2684 541 3054 612 ἀντάλλαγμα,
3100 541 3231 609 ἑξῆς
3257 542 3496 595 διδάσκει
3539 543 3715 610 λέγων
3737 560 3754 574 ·

2175 634 2296 686 ἐπεί
2336 634 2423 703 μὴ
2464 633 2853 703 ἐφοϐήθησαν
2890 634 2997 688 τὸν
3041 635 3208 688 Θεόν.
3253 636 3310 687 '0
3346 634 3446 705 μὲν
3488 635 3620 704 γὰρ,
3656 636 3759 689 an

2175 724 2398 790 ἀγαθὸς,
2434 724 2641 787 πάντας
2674 722 2993 795 ἀνθρώπους
3026 724 3195 778 θέλων
3242 724 3501 794 σωθῆναι,
3538 725 3635 778 καὶ
3674 728 3760 790 είς

2176 815 2468 882 ἐπίγνωσιν
2501 814 2757 886 ἀληθείας
2786 816 2981 879 ἐλθεῖν,
3019 816 3275 879 ἐξέτεινε
3306 815 3418 884 τὴν
3450 815 3621 883 χεῖρα
3649 818 3759 869 αὐ-

2175 903 2281 956 τοῦ
2297 904 2396 975 τὴν
2415 906 2679 974 σωτήριον
2700 905 2860 975 είςιτὸ
2876 906 2970 957 καὶ
2987 905 3183 967 αὐτοὺς
3202 905 3246 972 (1
3261 907 3277 971 )
3294 903 3615 974 μεταδοῦναι
3642 904 3755 957 τῶν

2178 994 2372 1048 ἑαυτοῦ
2401 994 2649 1062 ἀγαθῶν·
2682 996 2732 1047 οἱ
2754 996 2811 1049 δὲ
2842 996 2941 1048 οὐκ
2970 996 3218 1062 ἐδέξαντο
3263 997 3411 1065 παρά
3449 996 3546 1064 τῆς
3574 995 3760 1059 δεξιᾶς

2176 1086 2271 1140 τοῦ
2286 1086 2421 1139 Θεοῦ
2443 1086 2857 1157 προτεινόμενα,
2883 1088 2996 1141 ἀλλ’
3019 1087 3403 1151 ἐϐεὸἠλωσαν
3424 1086 3536 1153 τὴν
3550 1085 3761 1151 διαθή-

2178 1195 2295 1246 κην
2311 1177 2521 1240 αὐτοῦ,
2542 1178 2632 1230 τὸν
2663 1179 2846 1232 καινὸν
2877 1180 3042 1249 νόμον
3077 1178 3168 1230 τὸν
3192 1178 3544 1247 εὐαγγελικδν
3568 1195 3757 1249 παρα-

2179 1271 2560 1342 κρουσάμενοι.
2606 1270 2696 1323 Διὸ
2738 1269 2877 1324 κατά
2907 1270 2997 1322 τὸν
3029 1269 3322 1340 Σύμμαχον
3352 1269 3565 1340 εἴρηται
3586 1287 3599 1299 ·
3636 1270 3765 1332 Ἐξ-

2178 1364 2365 1417 έτεινε
2408 1364 2520 1430 τὴν
2559 1362 2726 1433 χεζοα
2770 1362 2954 1416 αὐτοῦ
3007 1364 3094 1427 είς
3143 1362 3285 1427 τοὺς
3339 1363 3763 1429 εἰρηνεύυντας

2180 1454 2327 1523 πρὸς
2354 1456 2540 1508 αὐτόν
2558 1470 2571 1483 ·
2607 1454 2955 1521 παρέϐησαν
2987 1451 3307 1518 συνθήκην
3329 1469 3341 1481 ·
3382 1452 3474 1504 καλ⁵
3499 1452 3639 1505 κατὰ
3662 1451 3758 1505 τὸν

2192 1546 2458 1599 Ἀκύλαν·
2500 1544 2834 1599 Ἀπέστειλε
2878 1546 3045 1615 χεῖρα
3086 1543 3273 1597 αὑτοῦ
3316 1543 3384 1595 ἐν
3431 1541 3759 1609 εἰρηνικοῖς

2180 1637 2387 1692 αὐτοῦ.
2426 1637 2598 1700 Αὐτὸς
2647 1637 2745 1707 μὲν
2779 1636 2887 1707 γὰρ
2933 1636 3215 1707 εἰρηνικὴν
3256 1634 3434 1699 δεξιὰν
3469 1632 3760 1705 προῦτεινσ

2183 1729 2318 1798 πρὸς
2353 1726 2607 1789 ἐλθόντας
2650 1726 3050 1797 παραδέχεσθαι
3092 1726 3192 1796 τὴν
3244 1727 3371 1796 παρ’
3403 1723 3567 1779 αὑτοῦ
3603 1725 3763 1796 εἰρή-

496 1812 853 1879 commutata,
876 1816 1031 1869 divisi
1060 1824 1181 1869 sunt
1210 1813 1274 1868 ab
1302 1815 1381 1866 ira
1406 1814 1578 1867 vultus
1604 1815 1738 1883 ejus.
1761 1813 1899 1879 Quia
1928 1814 2072 1867 enim

2183 1839 2277 1893 νην
2295 1838 2307 1850 ·
2339 1822 2387 1873 οἰ
2413 1820 2469 1873 δὲ
2510 1818 2829 1891 παρέὀησαν
2854 1818 2952 1889 τὴν
2973 1818 3237 1887 διαθήκην
3270 1817 3454 1880 αὑτοῦ,
3489 1818 3563 1888 μὴ
3591 1836 3763 1871 κατα-

496 1907 724 1975 gratiam
754 1921 862 1959 non
898 1906 1263 1966 admiserunt,
1295 1907 1489 1957 merito
1523 1904 1616 1957 ira:
1645 1902 1854 1964 traditi,
1888 1902 2076 1971 procul

2183 1912 2463 1983 δεξάμενοι
2507 1911 2605 1982 τὴν
2649 1909 3072 1981 προτεινομένην
3122 1910 3305 1971 αὐτοῖς
3356 1910 3597 1981 εἰρήνην.
3642 1910 3759 1971 Διὸ.

496 1997 749 2066 dispersi,
778 2004 831 2051 et
856 1998 910 2051 iu
938 2012 1129 2050 omnes
1159 2003 1347 2065 gentes
1390 1993 1641 2062 dissipati
1674 2002 1822 2048 sunt.
1856 1992 1961 2047 Pro
1986 1992 2077 2046 illo

2184 2004 2418 2074 πόλεμον
2470 2000 3054 2071 ἀντικαταλλαξάμενοι
3101 2002 3343 2071 εἰρήνης,
3394 1999 3764 2069 διεμερίσθη-

497 2099 699 2155 autem,
736 2090 801 2143 Et
864 2090 1298 2159 appropinquavit
1349 2104 1440 2141 cor
1487 2086 1654 2139 illius.
1698 2084 1895 2141 Molliti
1954 2094 2078 2138 sunt

496 2198 759 2235 sermones
788 2181 900 2250 ejus
930 2197 1084 2248 super
1121 2180 1313 2233 oleum.
1349 2186 1397 2231 et
1428 2178 1527 2245 ipsi
1562 2188 1683 2231 sum
1708 2176 1898 2245 jacula
1918 2217 1932 2239 ,
1964 2176 2079 2229 cla-

498 2273 613 2325 rius
638 2270 999 2341 Symmachus
1028 2271 1418 2338 interpretatus
1438 2277 1521 2322 est
1552 2286 1564 2321 :
1604 2266 1859 2320 Dulciora
1891 2266 2078 2337 butyro

497 2378 595 2414 ora
626 2376 807 2415 eorum
833 2377 851 2414 :
890 2370 1089 2430 pugnat
1122 2375 1240 2413 vero
1263 2375 1354 2412 cor
1381 2357 1793 2426 uniuscujusque
1820 2358 2076 2425 ipsorum.

498 2447 771 2502 Nulliores
804 2458 923 2502 sunt
976 2464 1238 2501 sermones
1270 2447 1383 2516 ejus
1414 2447 1549 2509 oleo,
1583 2462 1701 2499 cum
1730 2448 1836 2500 sint
1882 2445 2080 2499 discin-

497 2538 697 2591 dentes.
742 2535 878 2591 Vide
908 2536 1039 2590 mihi
1075 2551 1184 2606 quo
1217 2544 1376 2605 pacto
1410 2536 1499 2589 hic
1531 2535 1696 2589 etiam
1723 2535 1832 2589 duo
1858 2535 2081 2590 ordines

497 2629 879 2694 declarentur;
915 2630 1058 2683 alius
1106 2628 1401 2682 multorum
1441 2628 1755 2690 confertim,
1782 2627 1847 2682 de
1880 2629 2081 2701 quibus

499 2721 554 2773 in
580 2720 774 2790 plurali
807 2720 973 2773 dicit:
1003 2718 1255 2772 Dulciora
1286 2718 1475 2788 butyro
1505 2735 1602 2772 ora
1628 2735 1808 2773 eorum
1834 2735 1853 2773 :
1884 2729 2081 2790 pugnat

498 2828 615 2867 vero
676 2829 767 2866 cor
809 2811 1216 2883 uniuscujusque
1270 2826 1486 2875 eorum;
1545 2811 1687 2867 alios
1739 2826 1867 2866 vero
1922 2811 2081 2881 quasi

497 2908 661 2963 unius
691 2914 899 2963 tantum
918 2946 933 2971 ,
968 2906 1036 2962 de
1069 2923 1180 2976 quo
1210 2907 1527 2978 singulatim
1552 2909 1779 2973 claudit,
1805 2906 2081 2964 Molliorcs

496 3009 619 3052 sunt
655 3015 914 3052 sermones
951 2998 1065 3067 ejus
1097 2999 1243 3062 oleo,
1299 3014 1418 3052 cum
1460 3000 1565 3052 sint
1595 3000 1965 3055 discindentes.
2020 3001 2083 3055 Et

500 3091 554 3144 hi
588 3093 699 3144 duo
730 3090 952 3145 ordines
980 3097 1137 3144 erant
1165 3090 1422 3159 superius
1451 3090 1676 3146 indicati
1698 3132 1712 3152 .
1745 3093 1955 3148 scilicet
1988 3109 2083 3148 eo-

2183 2110 2304 2148 σαν
2344 2094 2461 2149 ἀπὸ
2518 2091 2697 2161 ὀργῆς
2732 2091 2838 2145 τοῦ
2881 2091 3200 2160 προσώπου
3228 2091 3433 2145 αὐτοῦ.
3473 2091 3623 2143 Ἐπεὶ
3650 2089 3763 2159 γὰρ

2188 2183 2261 2255 μὴ
2301 2182 2692 2255 προσεδέξαντο
2729 2181 2827 2253 τὴν
2867 2182 3046 2253 χάριν,
3077 2181 3319 2244 εἰκότως,
3354 2181 3489 2253 ὀργῇ
3526 2180 3763 2251 παραδο-

2186 2272 2389 2336 θέντες,
2429 2273 2643 2343 μακρὰν
2679 2270 3194 2343 διεσκορπίσθησαν,
3229 2271 3323 2323 καὶ
3361 2273 3441 2333 είς
3478 2270 3653 2323 πάντα
3688 2270 3763 2321 τὰ

2186 2365 2312 2435 ἔθνη
2363 2364 2841 2427 διασκεδασθέντες
2894 2362 3285 2433 διεσπάρησαν.
3339 2362 3481 2414 Ἀντὶ
3534 2361 3589 2413 δὲ
3640 2361 3760 2423 τοῦ,

2185 2458 2294 2512 Καὶ
2339 2457 2588 2527 ἤγγισεν
2629 2459 2667 2524 ή
2702 2456 2914 2525 καρδιά
2959 2455 3165 2509 αὐτοῦ.
3213 2455 3672 2520 Ἡπαλύνθησαν
3705 2455 3764 2508 οι

2184 2550 2351 2617 λόγοι
2381 2547 2567 2602 αὐτοῦ
2595 2548 2746 2615 ὑπὲρ
2777 2550 3004 2610 ἔλαιον,
3022 2547 3118 2599 καὶ
3144 2546 3316 2600 αὐτοί
3343 2548 3460 2599 εισι
3488 2544 3763 2610 βολίδες,

2188 2640 2524 2709 σαφέστερον
2567 2640 2911 2710 ἡρμήνευσεν
2944 2640 2973 2691 ὁ
3016 2637 3311 2708 Σύμμαχος
3359 2638 3560 2689 εἰπών·
3598 2637 3766 2689 Λειό-

2186 2747 2325 2799 τερα
2348 2730 2654 2798 ,βουτύρου
2684 2730 2755 2783 τὰ
2787 2731 3052 2797 στόματα
3080 2726 3309 2783 αὐτῶν·
3338 2727 3587 2796 πολεμεῖ
3617 2726 3685 2779 δὲ
3726 2729 3764 2794 ἡ

2188 2819 2402 2889 καρδία
2429 2820 2688 2874 ἑκάστου
2713 2820 2930 2874 αὐτῶν.
2974 2818 3355 2887 Ἀπαλώτεροι
3377 2821 3430 2872 οἰ
3460 2818 3630 2887 λόγοι
3661 2819 3766 2870 αὺ-

2188 2908 2294 2963 τοῦ
2318 2909 2550 2970 ὲλαίου.
2581 2909 2753 2975 ὄντες
2780 2909 3170 2978 ἀνατμητικοί
3200 2907 3303 2977 (2).
3369 2907 3513 2975 Ὅρα
3546 2905 3604 2958 δὲ
3643 2906 3768 2959 τίνα

2186 2998 2393 3074 τρόπον
2408 2999 2689 3055 κάνταῦθα
2703 2999 2797 3053 δύο
2824 3002 3081 3070 τάγματα
3112 2998 3475 3070 παρίστησινό
3492 2996 3651 3064 λόγος
3674 3014 3686 3025 ·
3707 2995 3767 3047 ἒν

2194 3094 2289 3166 μὲν
2323 3092 2536 3147 πολλῶν
2569 3092 2779 3164 ἀθρόως
2818 3092 2960 3146 κατά
2987 3090 3048 3144 τὸ
3079 3088 3231 3154 αὐτὸ,
3266 3088 3393 3159 περὶ
3423 3081 3495 3142 ὧν
3525 3086 3765 3155 πληθυν-

500 3198 619 3235 rum
651 3182 745 3252 qui
788 3182 842 3235 in
882 3181 1106 3236 civitate
1137 3181 1478 3246 habitabant,
1502 3183 1570 3237 de
1622 3183 1824 3252 quibus
1868 3183 2080 3239 diceba-

2188 3186 2357 3250 τικῶς
2406 3202 2540 3255 φησι
2559 3202 2572 3215 ·
2610 3186 2887 3253 Λειότερα
2922 3184 3228 3250 βουτύρου
3261 3182 3333 3236 τὰ
3365 3182 3633 3249 στόματα
3661 3181 3766 3234 αὑ-

504 3284 635 3327 tur:
682 3273 947 3339 Quoniam
1005 3272 1113 3325 vidi
1166 3272 1494 3342 iniquitatem
1527 3281 1577 3326 et
1617 3275 2085 3328 contradictionem

502 3366 554 3416 in
591 3365 831 3427 cii-itare;
871 3370 926 3418 et
958 3363 1257 3432 proditoris
1286 3402 1302 3426 ,
1356 3379 1517 3433 quem
1565 3372 1813 3433 spectant
1848 3364 2036 3419 isthmc
2068 3385 2081 3420 :

506 3457 768 3522 Quoniam
798 3457 845 3509 si
883 3455 1127 3508 inimicus
1180 3455 1537 3509 maledixisset
1586 3455 1744 3517 mihi,
1799 3456 2087 3509 sustinuis—

504 3564 610 3601 sem
633 3548 826 3617 utique.
872 3545 970 3601 Hic
1016 3547 1201 3617 itaque
1233 3548 1489 3616 quoniam
1540 3546 1817 3616 principes
1875 3549 2085 3604 .ludaici

505 3639 685 3709 populi
727 3654 850 3692 cum
888 3638 1235 3693 simulatione
1263 3638 1685 3707 adulationeque
1718 3639 1785 3692 ad
1836 3639 2084 3695 Salvato-

504 3746 618 3785 rem
656 3740 1040 3795 accesserunt;
1080 3730 1241 3785 modo
1274 3730 1595 3799 magistrum
1648 3746 1748 3785 nec
1772 3746 1894 3785 cum
1949 3748 2085 3802 puro

507 3822 677 3877 corde
710 3822 1133 3892 compellantes;
1188 3822 1349 3875 modo
1397 3822 1643 3877 dicentes
1692 3823 1833 3892 ipsi:
1878 3822 2085 3878 Scimus

501 3918 626 3985 quia
660 3932 816 3969 verax
841 3933 917 3977 es,
942 3925 990 3968 et
1017 3915 1227 3969 verbum
1273 3913 1369 3968 Dei
1419 3916 1471 3967 in
1501 3915 1718 3969 veritate
1754 3914 1936 3979 doces,
1995 3933 2086 3970 nec

502 4018 580 4061 est
622 4008 716 4060 tibi
746 4025 874 4061 cura
900 4007 963 4062 de
990 4009 1208 4078 aliqua:
1236 4025 1337 4061 non
1372 4009 1511 4061 enim
1543 4012 1757 4077 respicis
1805 4026 2083 4078 personam

502 4099 725 4151 hominis
757 4100 816 4164 ‘;
856 4100 979 4167 jure
1011 4101 1078 4155 de
1116 4102 1183 4154 iis
1224 4100 1311 4153 hic
1353 4100 1580 4162 dicitur,
1617 4101 1867 4153 Dulciora
1897 4102 2084 4170 butyro

503 4207 598 4243 ora
626 4207 805 4244 eorum
831 4208 847 4243 :
889 4202 1087 4260 pugnat
1114 4209 1231 4246 vero
1265 4209 1354 4245 cor
1382 4194 1794 4262 uniuscuiusque
1830 4195 2082 4256 illorum;

504 4282 852 4350 peculiariter
884 4296 1098 4335 rursum
1128 4280 1195 4335 de
1227 4282 1526 4349 proditore,
1553 4282 1680 4350 quia
1706 4280 1877 4337 Rabl-i
1906 4284 2082 4353 ipsum

505 4380 560 4427 et
588 4372 909 4442 magistrum
942 4372 1191 4437 vocabat,
1219 4381 1273 4427 et
1323 4389 1446 4426 cum
1481 4372 1845 4442 proditionem
1880 4374 2085 4425 machi-

2186 3276 2307 3331 τῶν
2328 3294 2340 3307 ·
2390 3276 2643 3345 πολεμεῖ
2664 3275 2732 3328 δὲ
2762 3278 2799 3344 ἡ
2834 3274 3047 3344 καρδία
3078 3271 3341 3327 ἑκάστου
3383 3270 3613 3325 αὐτῶν·
3652 3270 3767 3324 ἕτε-

2189 3384 2281 3439 ρον
2310 3367 2366 3421 δὲ
2401 3367 2590 3439 ὥσπερ
2617 3368 2735 3431 ἐνὸς
2773 3366 3180 3438 μεμονωμένου,
3208 3363 3335 3436 περὶ
3374 3357 3435 3417 οὗ
3477 3363 3621 3426 ἰδίως
3647 3366 3767 3416 ἐπι-

2186 3459 2363 3523 λέγει·
2406 3459 2786 3527 Ἀπαλὼτεροι
2830 3462 2883 3513 ot
2919 3459 3083 3527 λόγοι
3116 3456 3303 3511 αὐτοῦ
3331 3456 3559 3519 ἐλαίου,
3592 3455 3765 3520 ὄντες

2185 3551 2591 3619 ἀνατμητικοί.
2625 3551 2732 3603 Καὶ
2764 3549 2911 3603 ταῦτ’
2940 3545 3007 3620 ἦν
3052 3549 3117 3601 τά
3156 3547 3248 3600 δύο
3277 3547 3531 3618 τάγματα
3576 3545 3647 3599 τά
3678 3546 3764 3599 διὰ

2185 3643 2292 3696 τῶν
2318 3644 2626 3714 ἔμπροσθεν
2669 3642 2992 3713 δηλούμενα,
3025 3642 3085 3695 τό
3106 3659 3163 3695 τε
3196 3641 3303 3694 τῶν
3346 3640 3446 3711 τὴν
3490 3640 3647 3693 πόλιν
3686 3642 3766 3692 οἰ-

2186 3734 2442 3797 κούντων,
2472 3734 2603 3805 περὶ
2647 3727 2722 3787 ὧν
2753 3733 2970 3801 ἐλέγετο
2993 3751 3005 3763 ·
3042 3716 3159 3786 Ὅτι
3190 3730 3355 3786 εἶδον
3383 3732 3639 3799 ἀνομίαν
3668 3731 3762 3784 και

2185 3826 2533 3894 ἀντιλογίαν
2567 3825 2637 3878 ἐν
2681 3824 2753 3893 τῇ
2797 3826 3001 3878 πόλει·
3040 3825 3135 3877 καὶ
3167 3824 3226 3876 τὸ
3273 3824 3397 3894 περὶ
3429 3821 3521 3875 τοῦ
3568 3821 3762 3892 προδό-

2185 3934 2298 3979 του,
2332 3917 2457 3987 περὶ
2487 3910 2548 3968 οὗ
2575 3904 2810 3985 ἔφασκεν
2838 3917 2866 3967 ὁ
2894 3915 3049 3982 λόγος
3068 3932 3081 3944 ·
3118 3905 3256 3977 Ὅτι,
3290 3916 3341 3966 εί
3373 3913 3585 3982 ἐχθρὸς
3605 3912 3766 3965 ὠνεί-

2185 4005 2318 4058 δισέ
2340 4025 2434 4073 με,
2476 4006 2787 4076 ὑπήνεγκα
2820 4006 2912 4059 ἅν.
2949 4007 3057 4058 Καὶ
3086 4004 3318 4058 ἐνταῦθα
3350 4004 3548 4065 τοίνυν,
3576 4002 3763 4074 ἐπειδὴ

2186 4099 2497 4169 προσῄεσαν
2530 4098 2606 4168 τῷ
2655 4097 2868 4169 Σωτῆρι
2918 4096 3033 4168 μεθ’
3075 4098 3414 4167 ὑποκρίσεως
3464 4095 3557 4148 καὶ
3604 4095 3763 4147 κολαο

2186 4191 2338 4252 κείας
2371 4191 2420 4241 οἱ
2474 4189 2733 4259 ἄρχοντες
2780 4188 2872 4241 τοῦ
2919 4188 3184 4241 Ἰουδαίων
3233 4186 3439 4250 ἔθνους,
3476 4184 3605 4237 ποτὲ
3662 4183 3762 4252 μὲν

2184 4280 2499 4335 διδάσκαλον
2547 4280 2948 4339 ἀποκαλοῦντες
2998 4279 3059 4331 οὐ
3116 4279 3212 4331 σὺν
3264 4278 3479 4347 καθαρᾷ
3539 4274 3758 4345 καρδία,

2188 4356 2403 4424 ποτέδέ
2450 4370 2697 4439 λέγοντες
2746 4370 2926 4441 αὐτῷ·
2969 4369 3243 4439 Οἴδαμεν,
3291 4368 3380 4421 ὅτι
3418 4364 3652 4433 ἀληθὴς
3687 4360 3761 4425 εἴ.

506 4472 790 4524 narentur,
816 4464 1044 4519 ali‘ectus
1066 4471 1119 4519 et
1142 4464 1392 4519 amicitiae
1410 4464 1653 4535 symbola
1683 4463 1867 4523 dabat.
1888 4464 2080 4517 merito

2186 4461 2421 4516 καὶτὸν
2454 4464 2641 4531 λόγον
2686 4462 2790 4516 τοῦ
2835 4463 2983 4516 Θεοῦ
3017 4463 3087 4515 ἐν
3128 4461 3381 4530 ἀληθείᾳ
3423 4457 3757 4523 διδάσκεις·

502 4555 710 4609 dictum
744 4564 850 4616 est,
883 4553 1156 4608 Molliores
1185 4564 1308 4606 sunt
1338 4570 1599 4606 sermones
1638 4554 1751 4621 ejus
1784 4554 1894 4606 oleo
1916 4593 1931 4616 ,
1961 4570 2080 4605 cum

2184 4553 2281 4606 καί
2324 4556 2394 4607 οὺ
2421 4554 2592 4621 μέλει
2637 4570 2733 4606 σοι
2768 4552 2901 4620 περί
2943 4552 3223 4617 οὐδενός·
3274 4553 3346 4605 οὐ
3377 4550 3486 4620 γὰρ
3508 4549 3763 4613 ,ϐλέπεις

502 4650 608 4699 sint
650 4645 1038 4707 discindeutes;
1097 4643 1212 4699 sive
1271 4643 1569 4698 secundum
1616 4641 1755 4695 LXX
1813 4643 2085 4711 lutcrpre-

503 4746 605 4796 tes.
634 4737 832 4791 Molliti
859 4746 981 4791 sunt
1013 4752 1277 4790 sermones
1322 4736 1436 4806 ejus
1469 4750 1622 4803 super
1651 4735 1820 4787 oleum
1840 4774 1854 4799 ,
1906 4743 1954 4787 et
1982 4734 2082 4802 ipsi

502 4836 623 4879 sunt
644 4828 853 4895 jacula.

2182 4645 2269 4707 εἰς
2297 4644 2619 4710 πρόσωπον
2649 4642 2962 4709 ἀνθρώπου
2984 4660 2997 4672 ·
3031 4641 3256 4703 εἰκότως
3288 4640 3413 4710 περὶ
3450 4636 3629 4691 αὐτῶν
3657 4652 3762 4705 φη-

2187 4750 2269 4786 σιν
2299 4732 2529 4787 ἐνταῦθα
2570 4735 2598 4785 ό
2640 4732 2796 4800 λόγος
2818 4750 2831 4762 ·
2868 4734 3143 4800 Λειότερα
3180 4730 3484 4797 ,ϐουτυρου
3514 4726 3585 4779 τὰ
3616 4724 3761 4779 στέ-

2182 4841 2339 4893 Ιιατα
2386 4822 2615 4878 αὐτῶν·
2659 4825 2907 4893 πολεμεῖ
2935 4824 3003 4877 δὲ
3033 4826 3069 4892 ἡ
3114 4822 3324 4890 καρδία
3360 4820 3620 4874 ἑκάστου
3658 4818 3764 4870 αὐ-

506 4917 646 4971 τῶν.
702 4920 866 4981 ’ἰδίως
892 4919 953 4971 δὲ
986 4920 1147 4972 πάλιν
1176 4918 1306 4989 περὶ
1340 4917 1432 4970 τοῦ
1464 4917 1744 4988 προδότου,
1774 4915 1959 4987 ἐπειδὴ
1983 4916 2075 4969 καὶ
2122 4916 2373 4970 Ῥαὸὁεὶν
2408 4919 2571 4971 αὑτὸν
2610 4919 2705 4972 καὶ
2736 4918 3055 4971 διδάσκαλον
3090 4916 3370 4977 ἀποκαλεῖ,
3401 4912 3646 4984 σύμϐολά
3700 4926 3760 4961 τε

499 5008 790 5072 διαθέσεως
830 5012 924 5061 καὶ
988 5011 1167 5078 φιλίας
1236 5012 1486 5081 παρεῖχε,
1541 5010 1639 5081 τὴν
1699 5007 1984 5081 προδοσίαν
2020 5010 2359 5080 ποιούμενος,
2403 5012 2625 5074 εἰκότως
2672 5011 2801 5080 περὶ
2846 5008 3007 5064 αὐτοῦ
3048 5009 3331 5062 λέλεκται·
3374 5003 3762 5070 ’Λπιιιώτεροι

499 5101 553 5153 οἰ
604 5098 771 5166 λόγοι
833 5099 1018 5152 αὐτοῦ
1061 5099 1267 5151 ἐλαίου
1295 5136 1309 5159 ,
1362 5100 1531 5163 ὄντες
1556 5099 1972 5167 ἀνατμητικοί·
2035 5099 2068 5169 ἢ
2108 5100 2248 5154 κατὰ
2288 5102 2413 5165 τοὺς
2477 5100 2899 5173 ⁹Ε6δομήκοντα·

499 5188 686 5246 αὑτοῦ
728 5188 879 5255 ὑπὲρ
912 5189 1138 5251 ἔλαιον,
1174 5188 1270 5240 καί
1305 5190 1475 5242 αὐτοί
1501 5192 1619 5243 εἰσι
1653 5189 1925 5255 βολίδες.

575 5280 735 5337 Vens.
764 5280 957 5341 εδει,
976 5278 1134 5333 lucta
1160 5294 1308 5346 super
1337 5279 1615 5333 Dominum
1632 5297 1812 5334 curam
1843 5291 2009 5344 tuam,
2028 5291 2079 5336 et

500 5377 610 5446 ipse
638 5385 684 5429 te
714 5374 977 5428 enutriet:
1012 5389 1113 5426 non
1145 5371 1293 5424 dabit
1322 5373 1373 5425 in
1398 5383 1647 5425 aeternum
1680 5374 2078 5441 ﬂuctuationem

502 5472 673 5532 iusto,
714 5477 767 5521 et
792 5475 1009 5521 ca‘tera.
1044 5465 1121 5519 Illi
1162 5464 1380 5534 quidem
1434 5480 1560 5519 cum
1596 5464 1723 5519 dolo
1759 5472 1815 5520 et
1850 5468 2079 5521 simulac

572 5586 592 5617 ³
632 5584 650 5637 1
683 5584 823 5639 Tim.
866 5599 940 5645 ll,
969 5584 1022 5638 4.
1102 5583 1122 5615 ⁸
1161 5582 1347 5637 Matth.
1382 5596 1527 5642 χχιι,
1566 5579 1654 5635 16.

2978 5102 3446 5168 Ἠπαλύνθησαν
3492 5099 3549 5149 οι
3590 5097 3761 5164 λόγοι

2269 5284 2611 5352 Ἐπίρῤιψον
2641 5284 2737 5337 ὲπί
2769 5284 2986 5353 Κύριον
3022 5282 3136 5349 τὴν
3166 5279 3460 5350 μέριμναν
3490 5294 3627 5341 σου,
3660 5279 3757 5331 καί

2185 5378 2366 5442 αὑτός
2396 5391 2472 5428 σε
2511 5375 2813 5445 διαθρέψει
2835 5393 2848 5406 ·
2884 5378 2955 5430 οὐ
2986 5373 3162 5429 δώσει.
3188 5376 3275 5438 εις
3308 5370 3414 5424 τὸν
3439 5368 3622 5425 αἰῶνα
3651 5368 3762 5425 σά-

2184 5472 2298 5521 λον
2341 5467 2419 5533 τῷ
2459 5468 2684 5534 δικαίῳ,
2718 5469 2813 5522 καὶ
2852 5468 2923 5522 τά
2973 5467 3119 5537 ἑξῆς.
3146 5464 3228 5517 ’οἰ
3268 5463 3386 5536 μὲν
3436 5463 3532 5518 σὺν
3571 5459 3760 5549 suam

575 5678 647 5743 (l)
678 5678 922 5743 Λὺτούς.
948 5676 1012 5730 Et
1039 5676 1304 5731 sententia
1329 5683 1380 5727 et
1407 5685 1702 5745 syntasros
1731 5680 1870 5729 ratio
1895 5672 2073 5743 postul

2183 5674 2365 5739 ιύτοῐς.
2405 5676 2563 5733 Εοιτ.

574 5747 651 5817 (Ξ)
685 5748 837 5802 Colla.
873 5749 1031 5803 habet
1060 5747 1440 5816 ἀπονμητικοί.
