4010 6540
231 366 346 422 689

1373 377 1879 438 COMIIENTARIA
1917 384 1984 440 IN
2024 385 2363 443 PSALMOS.

3383 406 3490 459 ιυο

229 483 332 535 καὶ
368 482 654 553 ὑποκρίσει
698 485 1067 554 ἁπαλύνοντες
1113 490 1325 545 ἑαυτῶν
1366 495 1493 559 τοὺς
1532 495 1723 566 λόγους
1755 498 1805 552 ἐν

1922 502 2068 559 tione
2099 506 2407 563 mollientes
2441 510 2615 579 palam
2673 528 2954 570 sermones
2987 532 3142 582 suos,
3183 519 3310 575 dum
3344 520 3490 580 intus

226 572 328 627 τοῦ
375 574 634 645 φανεροῦ,
669 570 870 633 ἔσωθεν
910 581 968 634 δὲ
1012 583 1209 647 αὐτοὺς
1254 586 1633 654 ἁκοντίσαντες
1677 592 1817 664 ὑπὲρ

230 666 478 736 βολίδας,
527 666 665 722 ἀλλὰ
712 671 806 724 καὶ
846 673 1007 737 αὐτὸς
1040 677 1077 728 ιό
1115 676 1381 748 προδότης
1426 682 1665 749 γεγονὼς
1721 684 1817 738 τοῦ

226 759 513 831 Σωτῆρος,
546 761 736 817 ὁποίου
762 765 951 831 τέλους
987 766 1267 832 τεύξονται
1299 769 1624 843 δεδήλωται·
1656 776 1719 829 σὺ
1759 776 1818 829 δὲ

223 852 254 905 ὁ
305 851 518 905 τούτων
563 854 934 927 ἀκροώμενος,
987 861 1374 931 σωφρονισθεὶς
1415 865 1523 917 ἀπὸ
1566 866 1659 919 τοῦ
1708 866 1818 921 τῶν

223 940 685 1013 προλελεγμένων
737 946 949 1012 τέλους,
1002 951 1097 1003 καὶ
1140 953 1171 1005 ὁ
1223 952 1301 1023 τῷ
1358 958 1817 1029 προφητευομένῳ

220 1031 349 1085 ὅλον
386 1034 584 1089 σαυτὸν
624 1036 916 1104 ἐπιδιδοὺς,
950 1041 1161 1114 θάρσει,
1191 1043 1291 1114 τὴν
1327 1046 1525 1101 σαυτοῦ
1560 1050 1816 1120 φροντίδα

221 1125 531 1197 ὲπιῤῥίψας
566 1129 656 1182 ἐπ’
702 1130 886 1195 αὑτὸν,
920 1126 1008 1186 οἷα
1050 1134 1229 1206 Καινῇ
1258 1137 1503 1213 Διαθήκῃ
1546 1141 1818 1213 μαθητευ-

221 1215 366 1283 θεὶς,
405 1219 470 1273 δι’
498 1215 567 1293 ἦς
597 1223 759 1288 αὐτὸς
793 1227 822 1278 ὁ
846 1225 1037 1299 Σωτὴρ
1065 1228 1309 1283 παιδεύει
1333 1231 1506 1301 λέγων
1526 1252 1539 1265 ·
1574 1233 1672 1301 Μὴ
1717 1253 1817 1305 με·

216 1310 562 1380 ριμνήσητε
612 1315 670 1367 τί
719 1315 963 1386 φάγητε,
1003 1317 1160 1388 μηδὲ
1206 1321 1263 1374 τί
1313 1322 1516 1391 πίητε·
1559 1326 1674 1390 καὶ,
1713 1325 1813 1395 Μὴ

221 1401 541 1471 κτήσησθε
583 1406 817 1473 χρυσὸν
855 1408 1011 1478 μηδὲ
1062 1411 1340 1483 ἄργυρον,
1383 1414 1539 1485 μηδὲ
1583 1418 1815 1488 χαλκὸν

219 1497 319 1563 εἰς
380 1498 484 1563 τὰς
514 1496 697 1564 ζώνας
742 1499 925 1570 ὑμῶν.
965 1501 1126 1558 Ταῦτ’
1161 1502 1253 1560 οῦν
1299 1508 1558 1576 φυλάξας,
1591 1510 1814 1580 ἐπίρῤι-

219 1590 355 1656 ψον
382 1587 478 1642 ἐπὶ
512 1590 733 1658 Κύριον
758 1590 874 1659 τὴν
908 1595 1203 1665 μέριμναν
1233 1612 1371 1663 σου,
1398 1600 1494 1653 καί
1534 1603 1717 1668 αὐτός
1739 1618 1814 1656 σε

217 1678 554 1750 ὃιαθρέψει,
586 1682 675 1736 τὸν
708 1682 871 1757 ἄρτον
918 1704 1001 1741 σοι
1034 1688 1210 1755 διδοὺς
1252 1690 1343 1744 τὸν
1386 1692 1681 1759 ἐπιούσιον,
1718 1695 1814 1749 καὶ

1921 606 2248 651 exacuerent
2283 599 2404 668 plus
2428 616 2589 669 quam
2622 604 2760 673 tela,
2792 605 2901 661 imo
2935 608 3097 663 etiam
3150 610 3266 682 ipse
3301 614 3488 669 Salva-

1921 685 2056 741 toris
2084 688 2352 757 proditor,
2389 706 2550 762 quem
2585 694 2746 749 linem
2788 699 3004 755 nacturi
3031 700 3140 755 sint
3181 703 3287 768 iam
3319 705 3492 761 decla—

1917 784 2095 832 ratum
2125 786 2246 846 est;
2283 789 2339 834 tu
2372 797 2501 837 vero
2527 785 2619 854 qui
2662 784 2775 840 hare
2804 790 3105 853 auscultas,
3132 806 3321 848 eorum
3352 811 3492 864 quos

1918 869 2260 926 narravimus
2288 873 2436 927 exitu
2473 875 2713 944 prudens
2736 877 2965 935 eﬂ‘ectus
2988 922 3004 945 ,
3049 889 3103 936 et
3118 883 3389 955 ‘quisquis
3438 886 3487 942 ei

1917 958 2010 1026 qui
2054 958 2109 1012 in
2140 959 2396 1016 vaticiuio
2434 962 2602 1018 fertur
2654 970 2707 1021 te
2765 972 2937 1022 totum
2969 968 3207 1037 dedisti,
3254 974 3486 1039 conlide,

1916 1047 2352 1105 edoctusaNovo
2382 1051 2730 1110 Testamento
2760 1072 2946 1112 curam
2967 1067 3115 1115 tuam
3149 1077 3314 1132 super
3338 1063 3490 1117 illum

1910 1138 2143 1207 jactare,
2179 1140 2268 1197 ubi
2304 1142 2420 1212 ipse
2455 1142 2705 1200 Salvator
2754 1147 2897 1204 hanc
2934 1149 3241 1206 doctrinam
3282 1153 3485 1208 tradit:

1920 1227 2102 1285 Nolite
2133 1232 2350 1287 solliciti
2381 1250 2493 1289 esse
2518 1236 2642 1306 quid
2676 1238 3024 1306 manducetis,
3063 1254 3154 1297 aut
3187 1243 3312 1314 quid
3342 1244 3489 1298 biba-

1918 1320 1986 1375 tis
2019 1323 2081 1386 ³;
2137 1331 2191 1377 et
2234 1342 2248 1377 :
2292 1323 2472 1380 Nolite
2496 1328 2762 1396 possidere
2801 1348 3023 1398 aurum,
3057 1351 3147 1388 nec
3184 1346 3487 1406 argentum,

1916 1430 2079 1486 neque
2108 1432 2180 1471 trs
2210 1418 2264 1471 in
2312 1419 2458 1473 zonis
2488 1431 2673 1476 vestris
2708 1423 2747 1478 ⁸.
2781 1421 2907 1481 Haec
2938 1426 3121 1497 itaque
3149 1443 3274 1483 cum
3304 1444 3490 1485 serva-

1914 1508 2081 1572 veris,
2109 1509 2262 1577 jacta
2297 1526 2452 1580 super
2476 1511 2761 1569 Dominum
2787 1533 2970 1572 curam
2997 1528 3164 1584 tuam,
3206 1532 3256 1576 et
3294 1522 3403 1592 ipse
3440 1528 3490 1577 te

1913 1602 2146 1655 enutriet
2174 1641 2188 1665 ,
2238 1602 2377 1659 dans
2407 1605 2503 1659 tibi
2553 1622 2746 1676 panem
2783 1612 3363 1681 supersuhstantialem
3387 1654 3403 1677 ,
3436 1625 3492 1671 et

1914 1692 2234 1748 rationalem
2300 1695 2690 1770 caelestemque
2762 1701 2995 1771 cibum;
3063 1705 3490 1763 subministrans

218 1769 322 1841 τὴν
371 1772 596 1844 λογικὴν
645 1774 741 1828 καὶ
784 1776 1106 1849 ἐπουράνιον
1162 1780 1403 1852 τροφήν·
1452 1782 1711 1856 ἐπαρκῶν
1754 1783 1805 1836 δὲ

1915 1799 2135 1855 quoque
2167 1801 2229 1840 ea
2273 1803 2394 1857 qua:
2432 1800 2560 1846 sunt
2588 1792 2653 1847 ad
2683 1794 2845 1850 vitam
2877 1797 3227 1854 necessaria:
3265 1799 3318 1854 id
3344 1800 3489 1855 enim

216 1867 312 1920 καὶ
333 1867 407 1920 τὰ
424 1869 560 1940 πρὸς
575 1870 667 1924 τὸν
690 1870 802 1941 βίον
817 1871 1074 1944 χρειώδη.
1094 1872 1282 1945 Τούτῳ
1298 1873 1373 1947 (1)
1391 1874 1500 1946 γὰρ
1540 1877 1805 1949 ἐπήγγελ-

1912 1875 2189 1943 pollicitus
2210 1876 2295 1933 his
2328 1880 2511 1935 verbis
2542 1892 2627 1938 est
2654 1902 2667 1936 :
2696 1882 2808 1938 Scit
2847 1888 2985 1941 enim
3022 1888 3187 1945 Pater
3210 1900 3377 1946 vester
3397 1908 3493 1948 cae-

212 1973 305 2010 ται
350 1960 564 2030 φήσας’
616 1959 751 2017 Οἵδε
793 1965 904 2032 γὰρ
945 1966 978 2019 ὁ
1018 1964 1222 2033 Πατὴρ
1255 1967 1421 2035 ὑμῶν
1463 1971 1496 2021 ό
1530 1967 1808 2037 οὐράνιος

210 2043 301 2102 ὧν
328 2052 549 2120 χρείαν
576 2053 746 2123 ἔχετε
775 2055 889 2122 πρὸ
922 2054 1028 2108 τοῦ
1060 2073 1114 2108 τι
1141 2057 1326 2111 αὑτὸν
1355 2057 1596 2126 αἰτῆσαι
1630 2059 1804 2130 ὑμᾶς.

208 2142 420 2208 Αὐτός
457 2157 531 2197 σε
573 2144 643 2198 δὲ
681 2144 1006 2215 διαθρέψει,
1055 2148 1131 2212 ὡς
1191 2148 1286 2203 καλ⁸
1337 2149 1515 2203 πάντα
1560 2150 1765 2206 δίκαιον
1790 2169 1805 2185 ’

209 2232 415 2287 οὐδένα
454 2234 563 2307 γὰρ
608 2235 827 2290 πώποτε
875 2237 984 2290 τῶν
1016 2237 1238 2292 δικαίων
1272 2240 1681 2306 καταλέλοιπεν,
1733 2242 1809 2307 ὡς

210 2325 516 2399 ὑπομεῖναι
549 2331 712 2384 αὐτὸν
747 2332 909 2385 σάλον
948 2333 1085 2404 πρὸς
1126 2333 1187 2386 τὸ
1234 2334 1559 2404 σαλευθῆναι
1597 2335 1691 2388 καὶ¹
1723 2335 1810 2388 ὲκ-

213 2422 429 2474 πεσείν.
460 2421 552 2475 Διὸ
586 2422 833 2477 λέλεκται
864 2422 992 2494 ἑξῆς
1015 2440 1029 2454 ο
1066 2427 1149 2479 Οὐ
1172 2424 1351 2479 δώσει
1382 2429 1470 2492 εἰς
1491 2425 1597 2479 τὸν
1622 2426 1808 2481 αἰῶνα

214 2509 419 2565 σάλον
459 2512 540 2578 τῷ
588 2513 827 2581 δικαίῳ·
876 2514 909 2584 ἢ
958 2516 1100 2570 κατὰ
1150 2516 1243 2572 τὸν
1289 2517 1621 2589 Σύμμαχον*
1682 2522 1805 2574 Οὐκ

216 2600 472 2656 ἐκδώσει
517 2605 604 2670 εἰς
631 2604 818 2658 αἰῶνα
860 2606 1217 2675 κλεισθῆναι
1269 2606 1520 2664 δίκαιον.
1578 2610 1670 2664 Διὸ
1720 2611 1809 2664 λέα-

218 2690 407 2747 λεκται
454 2696 514 2747 ὲν
557 2696 762 2767 ἑτέροις
786 2714 799 2726 ·
849 2696 1145 2766 Νεώτερος
1187 2698 1502 2769 ἐγενόμην,
1551 2702 1647 2756 καί
1696 2703 1806 2773 γὰρ

216 2784 510 2854 eruptura,
545 2788 649 2843 ’καὶ
681 2790 791 2843 οὐκ
832 2785 995 2844 εἶδον
1021 2790 1255 2846 δίκαιον
1277 2793 1807 2865 ἐγκαταλελειμμέ-

216 2893 346 2940 νον,
384 2878 532 2932 οὐδὲ
560 2878 627 2932 τὸ
654 2880 893 2951 σπέρμα
915 2882 1101 2938 αὐτοῦ
1132 2883 1346 2952 ζητοῦν
1369 2885 1609 2954 ἄρτους.
1640 2886 1804 2941 Ταῦτ’

217 2967 409 3032 εἰπὼν,
440 2969 572 3040 ἑξῆς
613 2971 811 3041 ἐπάγει
842 2974 973 3046 περὶ
1017 2974 1125 3028 τῶν
1172 2977 1474 3031 ἐπιϐούλων
1501 2979 1598 3033 τοῦ
1624 2981 1807 3052 Σωτῆ-

220 3076 310 3129 po;
334 3060 418 3127 τὸ,
451 3062 540 3116 Σὺ
573 3062 642 3116 δὲ
685 3066 717 3118 ὁ
763 3065 908 3132 Θεὸς
946 3066 1224 3135 κατάξεις
1253 3070 1475 3137 αὐτοὺς
1501 3073 1587 3139 εἰς
1621 3071 1805 3143 φρέαρ

1910 1964 2057 2019 lestis
2080 1982 2304 2036 quorum
2333 1985 2461 2039 opus
2499 1970 2722 2040 habetis,
2749 1987 3026 2049 antequam
3048 1981 3172 2051 quid
3192 1999 3278 2037 vos
3300 1985 3490 2052 petatis

1911 2055 1977 2109 ab
2007 2058 2117 2126 ipso
2148 2060 2190 2114 ⁷.
2223 2059 2346 2130 Ipse
2381 2071 2428 2118 te
2447 2067 2693 2130 enutriet,
2730 2078 2789 2123 ut
2832 2079 2886 2125 et
2920 2074 3218 2143 quemlibet
3250 2076 3487 2147 justum;

1910 2152 2181 2207 neminem
2213 2155 2358 2209 enim
2397 2155 2675 2226 justorum
2720 2178 2959 2232 unquam
3017 2166 3091 2220 ita
3138 2168 3389 2239 reliquit,
3430 2179 3491 2224 ut

1910 2241 2318 2303 ﬂuctuationem
2364 2259 2661 2319 pateretur,
2700 2268 2764 2309 ac
2816 2257 3097 2313 vacillaret
3150 2266 3205 2314 et
3247 2258 3485 2315 caderet.

1910 2335 2091 2402 Quare
2114 2339 2216 2394 sub
2246 2339 2361 2396 haec
2388 2341 2593 2397 dictum
2631 2353 2753 2401 est:
2795 2346 2919 2402 Non
2961 2348 3108 2402 dabit
3141 2350 3195 2404 in
3234 2360 3490 2406 aeternum

1908 2426 2305 2493 ﬂuctuationem
2326 2431 2503 2496 iusto;
2528 2433 2642 2489 sive
2669 2443 2725 2488 ut
2755 2434 3153 2507 Symmachus:
3186 2440 3307 2495 Non
3339 2442 3488 2497 dabit

1909 2518 1963 2571 in
1992 2527 2244 2575 teternum
2265 2521 2444 2576 claudi
2458 2524 2686 2593 justum.
2716 2525 2841 2583 Ideo
2870 2528 2998 2583 alibi
3022 2529 3224 2586 dicitur
3249 2549 3264 2586 :
3293 2530 3488 2588 Iunior

1908 2604 2008 2675 fui,
2034 2609 2224 2663 etenim
2253 2613 2433 2680 senui,
2477 2624 2525 2667 et
2570 2631 2672 2669 non
2727 2617 2833 2671 vidi
2878 2618 3087 2688 justum
3141 2618 3484 2689 derelictum,

1908 2713 1999 2751 nec
2028 2715 2199 2754 semen
2229 2701 2343 2772 ejus
2372 2720 2608 2773 qua-rens
2656 2723 2816 2775 panes
2866 2709 2907 2762 ⁸.
2967 2707 3062 2765 llis
3096 2711 3321 2780 prolatis
3344 2752 3360 2779 ,
3417 2711 3487 2769 de

1907 2786 2322 2849 insidiatoribus
2347 2792 2649 2853 Salvatoris
2669 2799 2773 2853 hoc
2795 2799 2984 2869 adjicit
3009 2820 3021 2855 :
3059 2800 3137 2854 Tu
3157 2818 3293 2870 vero,
3325 2802 3485 2871 Deus,

1907 2880 2129 2938 deducas
2171 2901 2258 2939 eos
2306 2886 2359 2940 in
2398 2898 2612 2956 puteum
2662 2891 2941 2955 interitus;
2981 2892 3125 2958 sive,
3183 2895 3485 2949 secundum

1909 2969 2317 3043 Symmachum,
2352 2976 2431 3031 Tu
2462 2995 2600 3044 vero,
2634 2979 2810 3046 Deus,
2853 2981 3065 3052 dejicies
3096 2999 3181 3038 eos
3210 2985 3263 3038 in
3307 2984 3485 3040 lacum

1907 3063 2150 3120 interitus
2182 3068 2244 3121 °:
2299 3068 2367 3123 de
2414 3086 2524 3140 quo
2564 3071 2683 3126 lacu
2738 3083 2992 3129 sexcenta
3046 3074 3298 3144 superius
3339 3075 3484 3131 dicta

218 3150 545 3223 διαφθορᾶς
567 3173 581 3184 ’
616 3155 650 3227 ἢ
685 3157 828 3211 κατὰ
854 3157 945 3212 τὸν
984 3159 1313 3233 Σύμμαχον·
1347 3164 1432 3219 Σὺ
1472 3165 1541 3219 δὲ
1584 3169 1618 3220 ό
1660 3169 1802 3235 Θεὸς

1910 3165 2072 3223 sunt,
2108 3161 2339 3231 exempli
2370 3162 2545 3233 gratia
2572 3183 2584 3219 :
2622 3163 2945 3234 Exspectans
2977 3167 3269 3235 exspectari
3298 3167 3485 3222 Domi-

219 3244 597 3315 κατενέγκεις
636 3248 860 3315 αὐτοὺς
891 3251 976 3316 εἰς
1002 3250 1237 3306 λάκκον
1277 3254 1632 3325 διαφθορᾶς
1682 3260 1809 3330 περὶ

217 3326 277 3387 οὗ
303 3334 510 3390 λάκκου
544 3338 715 3409 μυρία
743 3339 833 3393 διὰ
860 3340 967 3395 τῶν
1000 3341 1308 3417 ἔμπροσθεν
1342 3345 1554 3419 εἴρηται
1574 3365 1588 3379 ·
1614 3326 1803 3423 ὥσπερ

224 3426 278 3477 ὲν
322 3427 429 3499 τῷ*
494 3430 829 3501 Ὑπομένων
877 3434 1167 3505 ὑπέμεινα
1223 3437 1330 3492 τόν
1386 3441 1645 3509 Κύριον,
1706 3443 1803 3497 καὶ

221 3522 530 3593 προσέσχε
559 3542 682 3593 μοι,
728 3527 827 3580 καὶ
864 3527 1127 3599 dmi-rare
1153 3547 1231 3599 με
1253 3531 1323 3584 ἐκ
1344 3532 1575 3587 λάκκου
1604 3540 1805 3591 ταλαι-

222 3615 468 3680 πωρίας,
515 3616 613 3671 καὶ
646 3618 765 3672 ἀπὸ
799 3620 998 3688 πηλοῦ
1045 3623 1213 3690 ἰλύος
1235 3640 1247 3653 ·
1302 3625 1395 3678 καὶ
1432 3626 1594 3680 πάλιν
1616 3644 1629 3658 ·
1681 3629 1805 3697 Μή-

221 3719 365 3759 ποτε
402 3711 885 3781 παρασιωπήσῃς
911 3712 1010 3786 ἃττ’
1037 3714 1204 3782 ἐμοῦ,
1236 3717 1334 3769 καὶ
1365 3720 1805 3789 ὀμοιωθήσομαι

220 3796 343 3864 τοῖς
384 3802 851 3858 καταϐαίνουσιν
893 3807 981 3871 εἰς
1012 3805 1273 3860 λάκκον·
1312 3810 1407 3862 καὶ
1457 3806 1644 3875 αὖθις·
1685 3812 1803 3865 Κύ-

219 3900 323 3951 ριε,
349 3888 651 3961 ἀνήγαγες
687 3893 757 3959 ἐξ
788 3893 937 3961 ᾅδου
977 3896 1094 3965 τὴν
1131 3898 1345 3968 ψυχήν
1384 3918 1525 3969 μου,
1562 3900 1804 3969 ἕσωσάς

222 3992 291 4043 με
318 3979 433 4034 ἀπὸ
476 3982 596 4035 τῶν
642 3987 1124 4040 καταϐαινόντων
1157 3990 1244 4054 εἰς
1287 3987 1541 4044 λάκκον.
1604 3991 1742 4044 Ἀλλ’
1775 3995 1803 4045 ὁ

226 4068 318 4136 μὲν
348 4070 559 4137 δίκαιος
586 4074 908 4139 διασώζεται
943 4077 1078 4150 πρὸς
1107 4078 1168 4132 τὸ
1204 4079 1278 4151 μὴ
1311 4081 1702 4155 κατενεχθῆναι
1723 4085 1802 4148 εἰς

222 4158 307 4212 es»
333 4162 664 4236 δηλούμενον
688 4166 889 4221 λάκκον
908 4185 921 4197 ·
951 4171 1001 4222 οἱ
1029 4170 1086 4224 δὲ
1117 4171 1334 4236 ἀσεϐεῖς
1366 4173 1517 4227 κάτω
1547 4174 1801 4247 φέρονται

224 4253 298 4315 εἰς
322 4256 502 4321 αὐτὸν,
532 4257 636 4311 ὑπὸ
661 4259 754 4312 τοῦ
780 4258 916 4313 Θεοῦ
941 4264 1528 4336 καταρασσόμενοι.ξὼς
1556 4269 1637 4332 εἰς
1669 4286 1801 4323 κατ-

228 4342 438 4417 άλληλον
477 4349 664 4414 αὐτοῖς
703 4353 923 4423 χωρίον.
959 4354 1175 4409 Λάκκον
1215 4356 1272 4410 δὲ
1296 4358 1674 4431 ταλαιπωρίας
1708 4362 1800 4414 καὶ

231 4437 385 4507 πηλὸν
430 4443 597 4506 ἰλύος,
643 4446 736 4498 καὶ
771 4446 950 4520 φρέαρ
977 4448 1274 4522 διαφθορᾶς
1308 4451 1401 4504 τὸν
1426 4452 1518 4505 τοῦ
1564 4452 1796 4508 θανάτου

228 4526 380 4586 τόπον
409 4535 597 4591 καλεῖν
647 4537 835 4592 εἴωθεν
864 4540 894 4591 ὁ
937 4540 1125 4611 λόγος·
1154 4544 1233 4606 εἰς
1275 4543 1334 4598 ὃν
1368 4546 1797 4601 καταδάλλονται

228 4616 372 4692 δίκην
408 4627 522 4682 τῶν
571 4626 777 4682 ἄνωθεν
819 4633 1278 4704 καταφερομένων
1320 4637 1377 4689 ὲν
1418 4638 1531 4700 τοῖς
1574 4637 1798 4703 λάκκοις

229 4706 422 4769 ὑδάτων
466 4719 526 4771 αἱ
572 4717 680 4772 τῶν
724 4720 937 4773 ἀσεϐῶν
967 4722 1156 4793 ψυχαί.
1210 4726 1322 4779 Καὶ
1362 4728 1661 4801 ἐπειδήπερ
1710 4730 1798 4784 διὰ

227 4798 327 4854 τῶν
365 4803 673 4879 ἔμπροσθεν
715 4808 843 4873 τοὺς
885 4811 1149 4879 φονευτὰς
1195 4814 1289 4867 τοῦ
1339 4798 1592 4889 Σωτῆρος
1633 4798 1796 4889 *ήμῶν

230 4889 420 4963 ἐδήλου,
452 4898 768 4964 ἀκολούθως
801 4901 894 4954 καί¹
925 4901 1022 4957 νῦν
1050 4904 1180 4978 περὶ
1223 4906 1333 4961 τῶν
1366 4909 1545 4963 αὐτῶν
1595 4927 1790 4981 φησιν·

233 4980 452 5055 Ἄνδρες
482 4990 746 5061 αἱμάτων
773 4993 869 5047 καὶ
898 4994 1243 5065 δολιότητος
1265 5015 1278 5028 ο
1310 5001 1383 5054 οὐ
1410 5000 1497 5070 μὴ
1544 4980 1793 5072 fundet}-

229 5089 369 5167 σωσι
408 5084 514 5149 τὰς
547 5083 771 5153 ἡμέρας
806 5087 1037 5142 αὐτῶν
1082 5090 1115 5161 ἤ
1151 5090 1292 5144 κατὰ
1324 5093 1413 5147 τὸν
1456 5094 1750 5167 Σύμμαχον
1775 5113 1788 5126 ’

230 5166 531 5240 Μιαιςρόνοι
578 5175 679 5229 καὶ
709 5176 901 5232 δόλιοι
931 5181 1045 5249 οὐχ
1080 5182 1460 5251 ἡμισεὺσωσι
1507 5186 1615 5252 τὰς
1655 5188 1796 5256 ὴμέ-

225 5272 329 5323 ρας
355 5264 549 5318 αὐτῶν
567 5281 581 5297 ο
609 5267 643 5339 ἢ
672 5268 815 5321 κατὰ
838 5268 929 5323 τὸν
965 5270 1191 5326 ’Δκύλαν
1212 5291 1225 5304 ο
1266 5274 1508 5345 Ἄνδρες
1533 5276 1796 5348 αἱμάτων

233 5349 321 5437 νιιί
358 5351 676 5425 ἐπιθέσεως
717 5361 831 5428 οὐχ
869 5360 1284 5428 ἡμισεύσωσιν
1314 5367 1538 5437 ἡμέρας
1573 5369 1789 5426 αὐτῶν,

190 5496 193 5501 .
232 5435 448 5532 Ῑῗίοήσεις
476 5449 533 5503 δὲ
562 5451 712 5515 ὅπως
754 5452 1091 5526 ἐπληροῦντο
1116 5456 1213 5511 καὶ
1248 5435 1429 5513 ταῦτα
1468 5460 1791 5532 ἐπιστήσας,

236 5528 305 5594 ὡς
332 5543 663 5615 παραχρῆμα
697 5544 793 5598 καὶ
822 5546 938 5616 μετ’
966 5547 1028 5600 οὐ
1063 5548 1229 5604 πολὺν
1274 5552 1465 5624 χρόνον
1507 5560 1605 5623 τῆς
1650 5528 1804 5636 ἰατὰ.

299 5646 319 5677 ⁵
356 5648 539 5710 Matth.
574 5671 630 5709 vt
665 5656 789 5727 es,
845 5656 866 5688 ⁸
905 5657 1103 5713 Matth.
1136 5658 1259 5727 x,9.

238 5725 405 5784 xxx“,
464 5726 512 5779 1.
592 5727 633 5758 ¹¹
673 5725 815 5781 Psal.
854 5744 1017 5793 xxix,
1053 5729 1109 5782 ιο

305 5807 375 5878 (1)
411 5816 617 5882 τούτῳ.
660 5817 934 5888 lnterpres
960 5819 1159 5890 legisse
1189 5819 1406 5876 videtur
1440 5836 1615 5875 τουτο.
1661 5819 1821 5877 Enn.

553 5911 825 5975 ΡΑτιιοι..
861 5914 977 5976 Gn.
1013 5908 1253 5978 XXIII.

1369 5663 1390 5696 ⁷
1429 5660 1561 5720 Luc.
1599 5664 1810 5727 311,30.

1904 3268 2050 3314 num,
2077 3261 2126 3305 et
2150 3253 2377 3308 intendit
2405 3255 2553 3320 mihi,
2571 3267 2620 3311 et
2648 3258 2828 3313 eduxit
2859 3276 2939 3314 me
2963 3258 3026 3314 de
3047 3260 3165 3314 lacu
3191 3261 3412 3316 miseria:
3432 3271 3483 3317 et

1908 3339 1972 3394 de
1999 3345 2108 3395 luto
2129 3341 2279 3411 {teris
2316 3344 2390 3412 ¹⁰;
2412 3360 2477 3399 ac
2508 3360 2728 3401 rursum
2761 3364 2775 3400 :
2809 3346 3101 3419 Nequana’o
3129 3360 3303 3403 taceas
3328 3367 3359 3404 a
3379 3367 3480 3415 me,

1905 3441 1955 3487 et
1983 3434 2319 3489 assimilabor
2342 3435 2774 3495 descendentibus
2804 3440 2858 3494 in
2898 3440 3072 3495 lacum
3117 3442 3192 3504 “;
3254 3442 3484 3497 iterum-

1904 3542 2049 3597 que:
2086 3527 2323 3594 Damine,
2358 3530 2588 3585 eduxisti
2625 3531 2690 3585 ab
2734 3532 2939 3603 inferno
2982 3535 3215 3588 animum
3274 3552 3478 3598 meam,

1905 3618 2127 3673 salvasti
2159 3636 2240 3674 me
2274 3637 2305 3675 a
2333 3620 2763 3700 descendentibus
2807 3624 2862 3677 in
2912 3624 3106 3678 lacum.
3157 3621 3263 3678 Sed
3296 3624 3483 3695 justus

1906 3711 2123 3779 quidem
2149 3714 2382 3779 eruitur,
2413 3721 2568 3769 utne
2617 3714 2672 3769 in
2722 3724 3081 3771 memoratum
3115 3716 3291 3771 lacum
3330 3717 3483 3773 deie-

1904 3809 2091 3871 ratur;
2122 3803 2273 3874 impii
2304 3819 2432 3859 vero
2481 3805 2534 3858 in
2552 3804 2735 3876 ipsum
2769 3805 3120 3877 dejieiuntur,
3150 3823 3181 3863 a
3205 3807 3315 3864 Deo
3349 3825 3484 3881 pra}.

1905 3894 2116 3964 cipitati
2144 3895 2304 3966 quasi
2353 3895 2409 3950 in
2454 3907 2841 3969 congruentem
2875 3898 2979 3954 sibi
3011 3898 3212 3956 locum.
3275 3898 3479 3956 Lacum

1905 3996 2085 4042 autem
2117 3989 2381 4053 miseriae,
2414 3990 2584 4044 lutum
2622 3989 2768 4045 faecis
2823 3998 2876 4046 et
2927 3999 3148 4061 puteum
3181 3992 3437 4048 interitus
3459 4032 3478 4056 .

1905 4082 2098 4136 mortis
2141 4081 2317 4136 locutu
2350 4097 2548 4138 vocare
2601 4083 2737 4138 solet
2774 4081 3074 4154 Scriptura,
3110 4085 3165 4140 in
3195 4100 3356 4156 quem
3389 4084 3484 4140 de-

1899 4172 2166 4241 jiciuntur
2215 4174 2410 4228 animae
2445 4174 2765 4245 impiorum,
2812 4175 2985 4231 instar
3021 4191 3210 4231 eorum
3267 4176 3361 4247 qui
3409 4177 3481 4232 ab

1904 4265 2015 4319 alto
2050 4265 2169 4320 loco
2222 4265 2279 4319 in
2323 4266 2505 4321 lacum
2552 4281 2816 4337 aquarum
2866 4268 3301 4338 praecipitantur.
3340 4268 3480 4335 Quia

1903 4372 2033 4413 vero
2064 4357 2315 4428 superius
2341 4358 2643 4416 Salvatoris
2667 4360 2845 4418 nostri
2871 4361 3253 4418 interfectores
3277 4377 3480 4418 memo-

1902 4450 2066 4514 ravit,
2091 4457 2490 4521 consequenter
2517 4452 2630 4521 jam
2659 4451 2726 4507 de
2752 4451 2947 4508 iisdem
2972 4452 3046 4505 ait
3072 4470 3085 4505 :
3130 4451 3242 4506 Viri
3271 4455 3481 4523 sangui-

1904 4559 2028 4595 num
2059 4552 2108 4597 et
2134 4543 2306 4597 dolosi
2339 4559 2442 4598 non
2466 4542 2823 4597 dimidiabunt
2852 4542 2962 4598 dies
2992 4559 3148 4608 suos;
3193 4543 3340 4608 sive,
3392 4559 3483 4599 se-

1904 4633 2144 4688 cundum
2179 4633 2599 4705 Symmachum,
2639 4634 2985 4707 Sanguinarii
3011 4646 3058 4690 et
3083 4634 3255 4689 dolosi
3277 4652 3381 4690 non
3407 4635 3483 4688 di-

1901 4725 2199 4781 midiabunt
2229 4725 2342 4781 dies
2366 4743 2489 4783 suos
2503 4743 2522 4791 ;
2562 4728 2647 4783 vel
2692 4727 2993 4783 secundum
3047 4726 3332 4797 Aquilam,
3367 4726 3482 4781 Viri

1902 4819 2215 4888 sanguinum
2243 4827 2291 4871 et
2310 4818 2537 4873 insultus
2558 4834 2660 4873 non
2678 4817 3030 4872 dimidiabunt
3050 4818 3159 4873 dies
3183 4835 3330 4893 suos.
3353 4817 3483 4874 Haec

1902 4919 1962 4962 ut
1993 4909 2213 4980 impleta
2245 4909 2471 4977 fuerint,
2507 4910 2798 4982 intelliges,
2829 4911 2872 4966 si
2905 4911 3238 4981 perpendes,
3269 4911 3477 4973 statim,

1902 5015 2004 5055 uec
2031 4999 2215 5069 elapso
2243 4999 2415 5054 multo
2434 5009 2676 5070 tempore
2705 4999 2776 5054 ab
2799 4999 3009 5055 insidiis
3029 5008 3217 5055 contra
3233 4997 3480 5055 Salvato-

1902 5106 2017 5146 rem
2041 5100 2312 5159 nostrum,
2335 5099 2509 5147 totum
2531 5107 2702 5163 genus
2743 5099 3168 5147 memoratorum
3194 5090 3478 5146 hominum

1903 5183 2161 5254 perniciei
2196 5184 2444 5239 funditus
2474 5184 2735 5240 traditum
2758 5200 2910 5250 esse,
2947 5182 3234 5240 invadente
3274 5198 3370 5240 eos
3399 5183 3480 5238 ira

1903 5275 1958 5330 in
2009 5275 2294 5333 obsidione
2349 5275 2614 5334 Romanis
2659 5276 2859 5333 bellum
2921 5274 3279 5331 inferentibus
3311 5272 3476 5328 facta.

1904 5367 2018 5424 lmo
2058 5368 2224 5425 etiam
2268 5369 2323 5424 iu
2385 5370 2641 5442 presenti
2673 5380 2918 5439 tempore
2956 5366 3202 5422 mortalis
3252 5362 3482 5433 hujusce

1904 5465 2048 5526 vitae,
2078 5476 2204 5516 cum
2224 5476 2293 5517 ne
2326 5461 2612 5518 dimidium
2646 5462 2865 5534 quidem
2899 5458 3110 5514 dierum
3146 5461 3478 5528 exegissent,

1904 5552 2216 5625 liujusmodi
2250 5555 2514 5626 perniciei
2547 5555 2643 5611 viri
2700 5554 2777 5609 illi
2816 5552 3141 5624 sanguinem
3196 5556 3253 5605 et
3299 5545 3483 5605 dolosi

1925 5665 1947 5696 ⁸
1987 5664 2132 5724 Psal.
2167 5666 2460 5735 xxxv1,25.
2560 5667 2582 5699 ’
2622 5663 2767 5723 Psal.
2803 5678 3046 5729 Lxxxvu,
3082 5661 3137 5718 7.
3244 5660 3287 5691 ¹⁰
3325 5640 3480 5719 Ρεεί.

3115 5916 3188 5977 16
