4010 6516
271 374 390 430 8θῖ

1403 380 1909 439 (ΣΟΠΜΕΧΤΑΒΙΑ
1946 382 2012 437 ΙΝ
2051 382 2388 442 PSALMOS.

3413 392 3520 447 696

270 511 395 565 χον.
436 492 588 546 Ἐπεὶ
623 494 799 548 τοίνυν
822 495 884 548 τὸ
907 495 1129 567 Πνεῦμα
1155 496 1217 549 τὸ
1260 498 1409 567 ἆγιον
1439 500 1498 553 τὸ
1529 502 1588 553 ἐν
1621 500 1696 571 τῷ
1720 502 1833 573 Προ

1957 519 2270 575 nocensque
2300 504 2390 567 sit,
2427 518 2456 557 a
2494 502 2657 559 Saule
2688 502 2946 560 Davidem
2992 503 3314 574 insequente
3356 508 3525 576 pelle—

269 586 427 655 φήτῃ
451 583 726 655 ἐνεργοῦν,
753 585 782 639 ὃ
806 587 900 639 καὶ
923 588 981 639 ἐν
1005 587 1135 641 εἴδει
1161 592 1488 661 περιστερᾶς
1516 591 1610 644 ἐπὶ
1629 592 1719 646 τὸν
1748 594 1839 646 Σω

1956 596 2133 658 batur,
2163 598 2463 666 pulsusque
2506 611 2618 651 non
2665 595 3006 659 obsistebat,
3053 594 3150 651 sed
3183 596 3375 657 similis
3405 607 3523 654 erat

265 678 417 748 τῆρα
459 677 881 749 κατεληλυθέναι
915 685 1295 753 μαρτυρεῖται,
1340 686 1610 758 τρυφερὸν
1652 685 1711 739 ὂν
1757 687 1839 739 xui

1951 687 2218 742 columba:
2245 695 2411 742 mutae
2440 687 2629 756 procul
2659 686 2885 752 abacta,
2913 693 2967 741 et
2994 687 3062 742 ab
3104 686 3524 759 insequentibus

263 771 503 834 ἄκακον,
556 770 820 841 ἠλαύνετο
871 774 976 827 ὑπὸ
1023 774 1116 828 τοῦ
1168 775 1340 829 Σαοὺλ
1375 777 1708 849 διωκομένου
1756 777 1849 832 τοῦ

1954 778 2232 850 depulsae;
2259 780 2380 835 ideo
2409 794 2437 833 a
2464 778 2691 850 reliquis
2715 779 3103 849 interpretibus
3140 795 3232 849 pro
3281 780 3524 836 columba

261 859 454 924 Δαυῒδ,
486 859 839 933 ἐλαυνόμενόν
860 879 920 917 τε
953 865 1053 917 οὐκ
1079 865 1335 936 ἠμύνετο,
1363 867 1476 920 ἀλλ’
1501 866 1662 939 ἐῴκει
1692 886 1839 941 περι-

1952 871 2160 927 dictum
2190 882 2294 929 est.
2324 872 2430 927 Pro
2464 873 2556 927 illo
2579 878 2791 932 autem.
2817 874 2871 926 in
2905 871 3047 926 tituli
3092 873 3485 942 inscriptionem
3505 913 3522 936 ,

261 955 439 1025 στερᾲ
462 952 645 1025 ἀλάλῳ
687 956 1070 1031 μακρυνομὲνῃ
1104 958 1199 1011 καὶ
1220 958 1583 1033 ἁπωθουμένῃ
1614 962 1719 1015 ὑπὸ
1741 962 1848 1017 τῶν

260 1038 577 1100 διωκόντων
598 1064 611 1077 ·
646 1047 837 1101 τούτου
873 1050 1030 1119 χάριν
1061 1051 1203 1104 κατὰ
1254 1052 1381 1115 τοὺς
1420 1051 1643 1117 λοιποὺς
1675 1055 1848 1125 ἑρμη-

264 1140 484 1203 νευτὰς,
507 1140 659 1209 ὑπὲρ
686 1138 791 1208 τῆς
811 1140 1181 1211 περιστερᾶς,
1205 1143 1437 1216 εἴρηται.
1474 1146 1619 1200 Ἀντὶ
1644 1148 1701 1201 δὲ
1730 1147 1845 1213 τοῦ,

258 1234 353 1298 εἰς
394 1235 865 1303 στηλοςιιραρίαν,
909 1235 937 1286 6
986 1236 1083 1307 μὲν
1132 1236 1381 1301 Ἀκύλας,
1433 1240 1715 1295 ταπεινοῦ
1753 1257 1845 1294 τε·

259 1325 473 1379 λείου·
533 1327 561 1378 6
608 1325 665 1378 δὲ
711 1326 1021 1398 Σύμμαχος,
1074 1329 1179 1383 τοῦ
1224 1332 1687 1401 ταπεινόφρονος
1746 1333 1844 1387 καὶ

256 1419 532 1489 ἀμώμου,
564 1421 925 1491 ἡρμήνευσεν,
970 1422 1061 1476 τὸν
1105 1423 1303 1493 τρόπον
1349 1424 1632 1495 δηλοῦντες
1676 1425 1742 1479 δι’
1784 1427 1842 1479 ὃν

260 1510 459 1583 ὥσπερ
486 1512 684 1584 στήλης
713 1513 808 1566 καὶ
832 1514 1056 1578 αἰωνίας
1092 1516 1311 1587 μνήμης
1337 1515 1552 1587 ἠξιοῦτο
1590 1517 1737 1589 παρὰ
1763 1518 1842 1588 τῷ

260 1603 388 1674 Θεῷ
433 1606 465 1675 ἡ
499 1604 591 1658 τοῦ
640 1606 925 1677 Προφήτου
956 1608 1143 1679 ἀρετή.
1187 1608 1261 1661 T6
1303 1608 1412 1680 γὰρ
1454 1610 1708 1679 μέγιστον
1745 1610 1839 1662 τοῦ

252 1693 430 1747 Δαυῖδ
459 1696 787 1769 κατόρθωμα
814 1701 845 1769 ἡ
874 1700 1197 1771 ταπεινότης
1218 1696 1287 1771 ἦν
1308 1701 1402 1754 καὶ
1429 1703 1462 1772 ἡ
1485 1718 1841 1772 ταπεινοφρο-

1952 963 2168 1034 Aquila,
2204 965 2418 1020 humilis
2451 964 2706 1033 perfecti;
2743 962 3102 1036 Symmachus
3131 980 3281 1030 vero,
3310 964 3523 1020 humilis

1949 1067 1998 1111 et
2033 1057 2306 1125 inculpati,
2334 1058 2673 1128 interpretati
2706 1067 2866 1125 sunt;
2900 1058 3269 1129 signiﬁcantes
3301 1072 3406 1128 qua
3436 1073 3525 1112 ra-

1946 1150 2095 1203 tione
2116 1148 2397 1219 Prophetre
2427 1152 2619 1215 virtus,
2642 1152 2798 1222 quasi
2820 1151 2999 1221 cippo,
3032 1152 3099 1206 ad
3128 1159 3382 1207 asternam
3409 1168 3525 1208 mc-

1950 1244 2177 1298 moriam
2203 1244 2345 1313 apud
2379 1242 2545 1298 Deum
2579 1244 2775 1301 donata
2810 1244 2901 1300 sit.
2930 1242 3220 1300 Enimvero
3250 1243 3521 1315 praecipua

1950 1335 2168 1392 Davidis
2207 1336 2468 1406 perfectio
2519 1342 2638 1392 erat
2693 1336 2969 1392 humilitas
3027 1344 3081 1391 et
3128 1336 3380 1405 abjecﬁo,
3414 1350 3521 1407 qua

1949 1429 2252 1505 absolutam
2289 1430 2546 1484 virtutem
2592 1430 2728 1484 nulli
2773 1429 3183 1500 reprehensioni
3231 1429 3520 1484 obnoxiam

1946 1521 2257 1575 exhibebat.
2300 1520 2480 1587 Quare
2508 1521 2608 1576 hos
2651 1536 2951 1584 sermones,
2978 1520 3271 1576 eminentis
3298 1533 3362 1575 ac
3398 1534 3522 1589 per-

1946 1612 2101 1668 {celat
2167 1614 2492 1669 humilitatis
2548 1615 2816 1668 rationem
2886 1613 3352 1681 complectentes,
3412 1609 3521 1667 Deo

1945 1706 2140 1760 emittit
2155 1746 2169 1766 ,

254 1787 423 1859 σύνη,
459 1789 579 1842 καθ’
647 1791 712 1860 ἣν
746 1790 956 1843 τελείαν
1025 1791 1369 1845 ἐπεδείκνυτο
1417 1793 1637 1864 ἀρετὴν,
1684 1792 1870 1847 οὐδένα
1911 1795 2100 1866 μῶμον
2156 1798 2518 1871 ἐπαγομένην.
2559 1800 2647 1853 Διὸ
2682 1801 2806 1863 τοὺς
2868 1799 3256 1873 προκειμένους
3303 1797 3515 1867 λόγους.

247 1879 711 1951 ὑπερϐαλλούσης
769 1880 863 1933 καί¹
914 1880 1126 1944 τελείας
1177 1881 1679 1954 ταπεινοφροσύνης
1734 1882 2001 1956 δείγματα
2033 1888 2401 1960 περιέχοντας,
2442 1891 2723 1961 ἀνέπεμπε
2769 1892 2847 1963 τῷ
2880 1893 2998 1964 Θεῴ
3035 1893 3207 1961 λέγων
3231 1910 3245 1923 ·

342 1975 638 2042 Ἐλέησόν
672 1992 769 2044 με,
818 1978 852 2029 ό
892 1975 1056 2041 Θεὸς,
1094 1976 1181 2029 ὅτι
1227 1976 1602 2045 κατεπάτησέ
1626 1996 1703 2047 με
1739 1977 1839 2032 ἄν-

2019 1982 2268 2039 Miserere
2296 1987 2417 2046 mei.
2438 1985 2599 2049 Deus,
2618 1988 2865 2055 quoniam
2893 1989 3219 2042 conculcavit
3238 2002 3317 2042 me
3338 1986 3516 2041 homo,

248 2072 520 2137 θρωπος,
559 2068 634 2132 ὡς
672 2067 808 2139 πρὸς
851 2067 949 2139 τὴν
993 2067 1139 2132 λέξιν
1184 2070 1275 2121 τὸν
1319 2070 1491 2124 Σαοὺλ
1541 2071 1842 2141 σημαίνων,

243 2159 617 2212 ἐπαναδάντα
661 2159 828 2231 αύτῷ,
880 2160 975 2213 καὶ
1008 2160 1069 2214 ού
1121 2161 1249 2231 μίαν
1292 2161 1525 2234 ἡμέραν,
1575 2163 1710 2215 ἀλλὰ
1754 2164 1847 2216 καὶ

247 2249 470 2314 πολλὰς
498 2252 818 2322 ἐπιθέμενον
842 2250 921 2321 τῷ
962 2254 1081 2305 κατ’
1116 2251 1283 2305 αὐτοῦ
1317 2253 1536 2324 πολέμῳ
1560 2272 1573 2284 ·
1609 2253 1689 2307 διὸ
1728 2257 1846 2307 ἐπι-

245 2342 441 2411 λέγει·
492 2345 673 2412 Ὅλην
722 2344 835 2411 τὴν
883 2342 1113 2413 ἡμέραν
1164 2344 1443 2414 πολεμῶν
1490 2347 1703 2416 έθλιψέ
1743 2366 1839 2417 με.

248 2434 372 2492 Εἶτ’
413 2436 709 2509 ἐπειδήπερ
745 2437 821 2508 τῷ
870 2438 998 2507 θείῳ
1032 2437 1310 2508 Πνεύματι
1340 2438 1587 2510 συνεώρα
1618 2440 1715 2510 οὐχ
1754 2439 1844 2493 οῦ-

246 2546 366 2592 τως
393 2529 486 2582 τὸν
520 2529 692 2583 Σαοὺλ
723 2528 895 2584 αἴτιον
927 2530 1054 2582 ὄντα
1080 2530 1180 2600 τῆς
1221 2533 1491 2602 τοσαύτης
1528 2531 1647 2584 κατ’
1676 2531 1841 2585 αὑτοῦ

252 2621 518 2693 σπουδῆς,
570 2622 691 2675 ὅσον
732 2623 959 2691 ἀφανεῖς
1006 2639 1157 2686 τινας
1208 2621 1301 2675 καὶ
1352 2624 1576 2694 νοητοὺς
1615 2623 1841 2694 ἐχθροὺς

250 2716 549 2787 ὰορὰτους,
584 2714 783 2787 δηλαδὴ
822 2716 1081 2787 δυνάμεις
1132 2717 1224 2769 καὶ
1264 2715 1550 2786 πνεύματα
1606 2714 1837 2788 πονηρὰ,

248 2806 345 2861 τὸν
378 2807 555 2860 Σαοὺλ
601 2807 928 2878 ἐνεργοῦντα
965 2810 1059 2863 καὶ
1092 2808 1425 2879 διεγείροντα
1458 2809 1550 2861 ἐπὶ
1589 2807 1679 2862 τὸν
1718 2810 1838 2862 κατ’

251 2901 422 2955 αὐτοῦ
487 2902 752 2973 πόλεμον,
804 2902 1029 2966 εἰκότως
1072 2902 1341 2971 ἐπιλέγει·
1403 2899 1842 2969 Κατεπάτησάν

249 3012 328 3064 με
359 2999 414 3050 οἱ
458 2994 661 3063 ἐχθροί
695 3012 814 3064 μου
856 2993 1010 3061 ὅλην
1041 2995 1154 3062 τὴν
1199 2994 1452 3062 ἡμέραν·
1492 2993 1523 3062 ἢ
1571 2991 1713 3046 κατὰ
1752 2992 1840 3044 τὸν

253 3085 588 3158 Σύμμαχον·
638 3086 972 3155 Ἐπέτριϐον
1001 3090 1054 3140 οἱ
1084 3086 1391 3152 θλίϐοντές
1430 3103 1507 3154 με
1550 3087 1697 3139 κατὰ
1726 3083 1839 3139 πᾶ-

252 3192 376 3233 σαν
410 3178 663 3248 ἡμέραν.
695 3179 850 3242 Τίνες
876 3178 933 3232 δέ
960 3181 1007 3232 οἱ
1042 3177 1224 3251 ἐχθροὶ
1258 3179 1353 3232 καὶ
1374 3180 1422 3230 oi
1449 3178 1720 3241 (θλίϐοντες
1745 3178 1840 3230 αύ-

252 3269 365 3335 τὸν,
396 3272 449 3324 οἱ
482 3271 570 3323 τὸν
598 3269 772 3324 Σαοὺλ
796 3270 1163 3342 ἐνεργοῦντες,
1199 3270 1453 3339 διασαφεῖ
1484 3267 1612 3340 ἑξῆς
1634 3268 1835 3338 λέγων·

258 3364 377 3416 Ὀτι
416 3364 633 3423 πολλοὶ
679 3367 733 3418 οἱ
777 3362 1182 3433 πολεμοῦντές
1216 3379 1293 3432 με
1337 3361 1455 3415 ἀπὸ
1490 3362 1705 3431 ὕψους.
1761 3363 1834 3415 Οὐ

256 3454 365 3527 γὰρ
400 3456 609 3526 ἠγνόει,
636 3455 712 3519 ὡς
749 3456 849 3509 οὐκ
876 3451 943 3527 ἧν
977 3455 1124 3527 αύτῷ
1152 3456 1183 3526 ἠ
1220 3455 1363 3526 πάλη
1400 3453 1535 3526 πρὸς
1570 3448 1710 3525 αἷμα
1743 3456 1837 3508 καὶ

259 3548 465 3620 σάρκα,
486 3548 619 3607 ἀλλὰ
642 3549 777 3621 πρδς
804 3547 903 3612 τὰς
931 3547 1104 3619 ἀρχὰς
1133 3548 1227 3600 καὶ
1255 3547 1522 3613 ἐξουσίας,
1551 3548 1688 3619 πρὸς
1711 3548 1837 3611 τοὺς

256 3642 706 3713 κοσμοκράτορας
736 3640 830 3694 τοῦ
871 3641 1094 3702 σκότους
1139 3638 1350 3703 τούτου,
1386 3638 1524 3709 πρὸς
1575 3638 1641 3690 τὰ
1677 3655 1837 3690 πνευ-

260 3733 470 3803 ματικὰ
500 3734 598 3804 τῆς
638 3733 921 3805 πονηρίας,
953 3732 1043 3800 ὑφ’
1070 3725 1143 3784 ὧν
1174 3733 1202 3784 6
1253 3730 1426 3784 Σαοὺλ
1465 3728 1833 3801 ἁκονώμενος,

257 3823 349 3877 τὸν
377 3825 545 3897 μηδὲν
585 3825 733 3896 αύτῷ
771 3822 1111 3895 λελυπηκότα
1152 3822 1370 3876 πώποτε
1414 3823 1589 3893 μάτην
1641 3822 1835 3892 ἤλαυνε

258 3918 353 3971 καὶ
385 3917 662 3988 ἐπολέμει.
699 3913 812 3970 Εἶθ’
840 3916 964 3987 ἑξῆς
990 3932 1182 3987 φησιν·
1228 3913 1470 3984 Ἡμέρας
1502 3913 1839 3983 φοϐηθήσο-

254 4027 378 4078 μαι,
404 4008 522 4079 ἐγὼ
545 4008 613 4063 δὲ
638 4008 825 4063 same
851 4009 951 4062 ἐπὶ
979 4008 1072 4062 σέ.
1118 4009 1181 4061 Ὃ
1212 4007 1275 4078 δὴ
1303 4006 1629 4077 διεσάφησεν
1654 4009 1681 4059 6
1702 4006 1771 4059 Σύ
1781 4025 1839 4077 μ-

264 4119 427 4173 μαχος
476 4100 680 4155 εἰπών·
725 4097 883 4174 Ἐνῇ
929 4101 1005 4156 ἂν
1044 4103 1233 4171 ἡμέρᾳ
1277 4100 1535 4169 φοϐηθῶ,
1585 4100 1682 4151 σοὶ
1734 4099 1837 4153 πέ-

262 4200 453 4250 ποιθα.
495 4195 560 4249 Εἰ
602 4195 711 4267 γὰρ
744 4196 836 4249 καὶ
866 4195 934 4249 τὰ
982 4196 1211 4266 μάλιστα
1254 4194 1399 4247 δοκεῖ
1443 4192 1728 4262 ἄνθρωπός
1771 4208 1837 4262 με

264 4286 800 4359 καταπεπατηκέναι,
860 4287 1025 4350 πολὺς
1089 4287 1376 4357 γενόμενος
1437 4286 1557 4338 κατ’
1614 4283 1748 4355 ἐμοῦ
1808 4287 1837 4338 6

268 4377 452 4445 Σαοὺλ,
500 4379 615 4433 ἀλλ’
664 4380 712 4432 οἱ
760 4378 944 4450 ἐχθροί
993 4396 1092 4449 μου
1140 4379 1233 4431 καὶ
1274 4379 1322 4429 οἱ
1366 4376 1729 4448 πολεμοῦντές
1770 4394 1837 4447 με

267 4468 484 4537 ἄνωθεν,
523 4471 630 4524 ἀπὸ
677 4470 844 4539 ὕψους
876 4469 946 4523 τὰ
992 4469 1198 4522 ἑαυτῶν
1235 4468 1361 4540 βέλη
1397 4468 1538 4523 κατᾶ
1571 4469 1669 4538 τῆς
1700 4468 1837 4538 ἐμῆς

272 4560 549 4632 βάλλοντες
600 4562 777 4635 ψυχῆς
831 4562 1069 4615 πλεῖστοι
1117 4562 1460 4633 τυγχάνουσι.
1509 4560 1726 4615 Τούτων
1784 4561 1840 4615 δὲ

1948 2076 2152 2132 diserte
2182 2080 2338 2149 quasi
2370 2078 2587 2134 Saulem
2628 2081 2899 2143 indicans,
2934 2081 3028 2151 qui
3078 2081 3131 2135 in
3168 2096 3226 2136 se
3257 2080 3518 2150 impetum

1947 2168 2199 2234 faciebat,
2232 2187 2409 2241 neque
2447 2188 2558 2227 uno
2588 2182 2820 2237 tantum,
2854 2174 2949 2228 sed
2985 2174 3170 2228 multis
3216 2173 3410 2228 diebus
3448 2169 3517 2226 ad

1947 2262 2148 2316 bellum
2199 2264 2304 2319 sibi
2355 2263 2697 2321 inferendum
2748 2266 3133 2327 incumbebat:
3183 2280 3355 2336 quare
3388 2264 3520 2320 sub-

1939 2355 2145 2424 jungit,
2179 2356 2403 2411 dicens:
2457 2357 2591 2411 Tota
2635 2357 2723 2412 die
2756 2358 3070 2428 impugnans
3109 2357 3383 2411 tribulaoit
3413 2370 3515 2410 me.

1944 2446 2152 2502 Deinde
2206 2450 2333 2518 quia
2383 2446 2591 2519 Spiritu
2654 2458 2848 2506 sancto
2883 2459 3225 2505 monstrante
3274 2448 3514 2508 videbat.

1944 2555 2051 2593 non
2077 2547 2184 2593 tam
2218 2538 2437 2594 Saulem
2487 2541 2622 2595 tanti
2657 2540 2947 2596 adversum
2992 2556 3051 2595 se
3083 2539 3382 2593 moliminis
3415 2553 3515 2591 au-

1943 2637 2152 2685 ctorem
2183 2646 2327 2696 esse,
2358 2647 2521 2701 quam
2548 2632 2795 2686 occultos
2826 2630 3089 2700 quosdam
3120 2637 3174 2683 et
3203 2628 3517 2699 spirituales

1943 2722 2359 2793 invisibilcsque
2424 2723 2698 2788 inimicos,
2771 2721 3025 2777 videlicet
3088 2728 3389 2790 potestates
3450 2733 3516 2773 ac

1943 2815 2169 2884 spiritus
2211 2815 2479 2884 malignos
2508 2814 2726 2868 Sanlem
2757 2813 3097 2882 exagitantes
3126 2820 3180 2867 et
3209 2810 3515 2866 excitantes

1942 2907 2009 2961 ad
2040 2907 2245 2961 bellum
2293 2906 2395 2961 sibi
2439 2906 2801 2968 movendum,
2842 2905 2967 2975 jure
3017 2904 3098 2957 sic
3140 2903 3348 2973 pergit:
3384 2901 3519 2956 Con-

1941 2998 2277 3052 culcaverunt
2304 3013 2384 3051 me
2406 2998 2607 3050 inimici
2638 2997 2737 3050 mei
2758 3005 2869 3050 tota
2898 2995 3019 3059 die;
3053 2998 3189 3060 sive,
3212 2994 3513 3049 secundum

1944 3090 2353 3162 Symmachum,
2388 3089 2699 3144 Atlerebaut
2742 3106 2823 3143 me
2851 3089 2940 3160 qui
2971 3087 3297 3141 tribulabant
3329 3100 3517 3153 meper

1942 3198 2147 3237 onmem
2190 3182 2348 3237 diem.
2409 3180 2643 3248 Quinam
2678 3195 2809 3236 vero
2847 3179 3055 3235 inimici
3109 3187 3294 3235 essent
3334 3178 3515 3232 tribu-

1942 3278 2119 3332 lantes
2175 3277 2377 3347 ipsum,
2435 3276 2528 3346 qui
2586 3274 2808 3329 Saulcm
2872 3273 3209 3338 excitabant,
3259 3272 3517 3341 deinceps

1941 3367 2206 3433 declarat,
2235 3368 2423 3423 dicens
2453 3386 2465 3422 :
2500 3366 2766 3432 Quoniam
2790 3366 2942 3420 multi
2960 3364 3212 3420 bellantes
3238 3364 3515 3420 adversum

1943 3479 2024 3516 me
2070 3461 2135 3515 ab
2194 3461 2497 3515 altitudine.
2542 3458 2659 3515 Non
2693 3448 2841 3515 enim
2879 3459 3168 3529 ignorabat
3218 3475 3328 3514 non
3386 3473 3514 3514 esse

1941 3554 2046 3608 sibi
2081 3554 2282 3607 luctam
2333 3553 2599 3607 adversus
2632 3566 2852 3607 carnem
2896 3557 2951 3605 et
2999 3550 3354 3621 sanguinem;
3417 3549 3513 3605 sed

1942 3646 2206 3700 adversus
2250 3644 2590 3715 principatus
2619 3651 2673 3698 et
2696 3650 3017 3713 potestates.
3057 3652 3301 3698 rectores
3324 3641 3514 3696 mundi

1941 3737 2293 3792 tenebrarum
2328 3736 2544 3795 harum.
2578 3743 2770 3789 contra
2819 3733 3123 3803 spiritualia
3166 3732 3444 3803 nequitiae,
3480 3747 3511 3785 a

1943 3826 2145 3898 quibus
2189 3824 2317 3879 Saul
2352 3824 2677 3887 concitatus,
2729 3838 2851 3879 eum
2884 3824 2978 3893 qui
3020 3825 3123 3879 Sibi
3155 3823 3294 3878 nihil
3322 3823 3513 3878 damni

1942 3917 2383 3983 intulisset,‘sine
2398 3930 2562 3971 causa
2580 3914 2812 3984 pellebat
2833 3922 2886 3970 et
2916 3915 3286 3985 impugnabat.
3315 3912 3517 3968 Deinde

1941 4012 2019 4064 ait
2060 4029 2072 4063 :
2116 4008 2216 4063 Die
2241 4008 2451 4072 timebo,
2479 4026 2571 4079 ego
2603 4024 2719 4062 vero
2747 4010 2802 4062 in
2848 4016 2895 4061 te
2924 4007 3166 4077 sperabo.
3214 4007 3371 4075 Quod
3402 4008 3516 4062 cla-

1941 4104 2059 4157 rius
2085 4101 2449 4173 Symmachus
2483 4100 2777 4171 explicavit
2802 4099 2889 4155 his
2918 4099 3101 4155 verbis
3140 4114 3153 4150 :
3192 4098 3260 4152 In
3286 4114 3517 4170 quacun-

1940 4213 2038 4266 que
2061 4195 2144 4250 die
2175 4195 2381 4257 timebo,
2432 4195 2485 4247 in
2533 4201 2580 4247 te
2607 4192 2830 4261 speravi.
2886 4190 3112 4247 Etiamsi
3153 4192 3296 4246 enim
3328 4192 3503 4246 homo

1942 4305 2027 4343 me
2061 4290 2402 4358 impugnare,
2458 4286 2699 4356 Saulque
2746 4284 2915 4340 multa
2974 4292 3166 4339 contra
3200 4299 3288 4339 me
3333 4284 3513 4338 moliri

1942 4380 2232 4446 videatur;
2275 4380 2370 4436 sed
2421 4379 2633 4434 inimici
2675 4378 2804 4442 mei,
2839 4386 2892 4433 et
2934 4378 3027 4447 qui
3063 4379 3131 4432 ab
3158 4377 3271 4431 alto
3297 4392 3384 4432 me
3408 4377 3514 4432 im-

1943 4480 2208 4545 pugnant,
2254 4474 2356 4527 tela
2404 4488 2503 4528 sua
2536 4471 2801 4525 adversus
2832 4470 3067 4523 animam
3103 4484 3276 4523 meam
3310 4469 3517 4522 immit-

1943 4575 2142 4629 tentes,
2174 4567 2327 4620 multi
2365 4568 2613 4619 numero‘
2646 4574 2795 4619 sunt.
2831 4562 2942 4617 llos
2972 4577 3138 4632 porro
3171 4575 3364 4615 omnes
3391 4575 3517 4629 pro-

268 4655 474 4709 πάντων
506 4655 864 4725 καταφρονεῖν
895 4651 1188 4724 μεμάθηκα
1217 4651 1304 4705 διὰ
1336 4652 1395 4705 σὲ
1421 4651 1512 4704 τὸν
1546 4650 1678 4722 ἐμὸν
1705 4651 1838 4723 πρό-

1945 4666 2066 4729 ptcr
2108 4667 2159 4712 te
2188 4663 2652 4727 propugnatorem
2705 4661 2758 4707 et
2802 4662 3165 4722 protectorem
3198 4665 3378 4703 meum
3418 4648 3516 4701 de-

272 4761 432 4816 μαχον
466 4747 562 4801 καὶ
601 4747 1033 4819 ύπερασπιστήν.
1066 4745 1156 4797 Σοὶ
1187 4742 1294 4817 γὰρ
1329 4742 1623 4806 πεποιθὼς,
1651 4742 1837 4798 εἴποτε

269 4836 488 4905 ἐμπέσοι
527 4838 687 4908 φόϐος
714 4840 781 4909 τῇ
817 4839 922 4909 ἐμῇ
953 4836 1489 4909 ψυχῇ,διακρούομαι
1512 4837 1720 4899 τοῦτον,
1755 4839 1839 4892 σοὶ¹

255 4928 323 5001 τῷ
371 4931 752 5005 ὑπερασπιστῇ
795 4949 895 5002 μου
925 4930 1162 5003 θαρρῶν.

296 5017 321 5045 ”
344 5029 436 5082 Ἐν
466 5023 549 5092 τῷ
592 5027 788 5095 Κυρίῳ
818 5024 1115 5079 ἐπαινέσω
1144 5023 1286 5091 τοὺς
1315 5025 1537 5095 λόγους
1574 5043 1714 5095 μου,
1738 5023 1839 5079 ἐπὶ

256 5117 327 5183 τῷ
373 5121 492 5189 Θεῷ
536 5121 799 5190 ἤλπισα·
834 5119 907 5173 οὐ
939 5117 1352 5188 φοϐηθήσομαι
1388 5119 1445 5172 τί
1473 5116 1710 5185 ποιήσει
1737 5134 1838 5187 μοι

258 5225 297 5263 θ’
312 5212 439 5281 ἀρε.
479 5214 623 5269 Ἀντὶ
670 5212 787 5277 τοῦ,
831 5213 901 5267 ἐν
936 5210 1018 5279 τῷ
1051 5210 1173 5278 Θεῷ
1209 5210 1507 5266 ἐπαινέσω
1545 5210 1688 5277 τοὺς
1735 5209 1838 5265 λό-

274 5318 407 5372 γους
432 5325 574 5378 μου,
600 5308 630 5359 6
662 5306 761 5378 μὲν
790 5303 1105 5376 Σύμμαχος,
1137 5302 1234 5357 διὰ
1260 5304 1366 5359 τοῦ
1402 5302 1549 5358 Θεοῦ
1589 5302 1839 5373 ὑμνήσω

272 5394 372 5447 τὸν
417 5401 602 5469 λόγον
651 5397 870 5452 αὑτοῦ·
927 5399 957 5451 6
1008 5397 1065 5450 δὲ
1138 5395 1367 5460 Ἀκύλας
1395 5413 1410 5425 ·
1462 5397 1533 5449 ἐν
1587 5395 1669 5461 τῷ
1717 5393 1841 5460 Θεῷ

275 5485 513 5554 ὑμνήσω
560 5490 796 5560 ῥήματα
830 5488 1015 5545 αὐτοῦ
1036 5505 1051 5518 ·
1100 5489 1195 5542 καὶ
1241 5489 1275 5560 ἡ
1315 5488 1541 5558 πέμπτη
1588 5486 1797 5549 ἐκδοσις
1821 5502 1834 5515 ·

278 5572 342 5627 ἐν
381 5580 456 5647 τῷ
501 5582 625 5648 Θεῷ
654 5581 956 5637 ἐπαινέσω
1005 5582 1060 5635 τε
1073 5597 1111 5634 ν
1149 5581 1335 5647 λόγον
1363 5596 1500 5649 μου,
1532 5577 1834 5632 ἐκδεδώκα-

281 5681 374 5722 σιν.
403 5672 468 5727 Et
500 5690 651 5737 ποτε,
700 5675 854 5745 φησὶ,
890 5671 1053 5742 φόϐος
1077 5673 1141 5726 ἐκ
1185 5671 1287 5741 τῆς
1321 5669 1427 5724 τῶν
1458 5668 1836 5741 πολεμούντων

282 5772 343 5825 με
367 5766 602 5837 ταραχῆς
643 5766 901 5820 ἐνέπιπτέ
940 5781 1048 5835 μοι,
1091 5762 1448 5836 διεκρουόμην
1483 5762 1644 5817 αὐτὸν
1688 5762 1839 5817 ἐλπί-

282 5843 380 5907 ζων
427 5854 516 5910 ἐπὶ
565 5857 622 5911 σέ
647 5874 661 5888 ·
708 5856 800 5912 καὶ
854 5857 973 5909 ἀντὶ
1023 5854 1238 5927 ἐπῳδῆς
1282 5856 1375 5910 καὶ
1431 5854 1834 5927 φυλακτηρίων,

1941 4750 2154 4819 spicere
2182 4748 2366 4803 didici.
2403 4746 2538 4801 Nam
2573 4746 2625 4800 in
2657 4753 2709 4799 te
2736 4744 2997 4807 conlisus,
3024 4743 3069 4798 si
3094 4741 3315 4813 quando
3337 4748 3517 4795 metus

1940 4843 1994 4895 in
2021 4840 2255 4894 animam
2292 4834 2499 4891 incidat
2537 4851 2738 4897 meam,
2791 4833 2938 4887 hunc
2986 4831 3219 4902 depello,
3254 4831 3352 4885 tibi
3386 4845 3517 4901 pro-

1942 4930 2231 5004 pugnatori
2264 4944 2384 4984 meo
2414 4928 2655 4983 innixus.

2014 5022 2176 5078 Vens.
2212 5021 2265 5083 5,
2298 5019 2352 5077 6.
2394 5018 2455 5073 In
2510 5019 2728 5074 Domino
2761 5016 2990 5072 laudabo
3032 5031 3298 5071 sermones
3347 5028 3511 5073 meos,

1942 5116 1993 5168 in
2024 5113 2132 5168 Deo
2170 5114 2391 5185 sperari.
2427 5129 2528 5166 non
2560 5111 2745 5166 timebo
2800 5108 2925 5182 quid
2965 5108 3132 5179 faciat
3187 5107 3315 5161 mihi
3364 5121 3510 5160 caro.

1941 5206 2047 5263 Pro
2082 5207 2194 5269 illo,
2230 5207 2285 5259 in
2333 5204 2443 5259 Deo
2475 5203 2703 5259 laudabo
2734 5218 2997 5257 sermones
3028 5216 3214 5265 meos;
3260 5197 3513 5271 Symma-

1940 5300 2098 5361 chus,
2124 5314 2216 5368 per
2241 5296 2409 5351 Deum
2465 5295 2737 5351 celebrabo
2779 5284 3068 5349 sermonem
3108 5293 3265 5362 ejus;
3318 5288 3514 5358 Aquila

1939 5405 2089 5449 vero.
2126 5388 2180 5442 in
2230 5386 2338 5441 Deo
2390 5386 2657 5441 celebrabo
2691 5386 2846 5440 verba
2904 5386 3056 5452 ejus;
3101 5383 3292 5453 quinta
3319 5378 3511 5439 editio,

1941 5484 1993 5534 in
2048 5479 2157 5535 Deo
2207 5479 2438 5535 laudabo
2498 5495 2786 5534 sermonem
2824 5493 3042 5541 meum;
3074 5476 3390 5531 ediderunt.
3453 5467 3514 5525 Si

1940 5575 2182 5646 quando,
2236 5574 2432 5647 inquit,
2462 5591 2525 5630 ex
2563 5574 2908 5628 inimicorum
2942 5583 3188 5626 meorum
3228 5565 3515 5639 perturba-

1948 5669 2093 5723 tione
2124 5675 2301 5722 metus
2343 5668 2575 5722 instaret
2626 5664 2780 5727 mihi,
2842 5662 3022 5733 ipsum
3065 5662 3121 5714 in
3149 5668 3201 5714 te
3243 5655 3515 5728 sperando

1949 5760 2366 5831 propulsabam.
2428 5773 2492 5813 ac
2546 5772 2645 5828 pro
2699 5753 3076 5810 incantatione
3124 5759 3178 5807 et
3239 5748 3513 5830 amuletis.

1944 5853 2178 5925 hymnos
2205 5853 2620 5923 persolvebam;
2664 5864 2787 5904 nam
2836 5860 2960 5904 cum
3017 5844 3349 5903 cclcbrarcm
3387 5834 3515 5899 ser-
