4010 6536
489 379 592 433 Ιιίιῦ
1193 373 1460 430 EL'SEBH
1497 371 1968 428 CASSARIENSIS
2009 373 2154 428 OPP.
2201 373 2375 426 PARS
2415 373 2500 428 Ill.
2543 403 2612 414 --
2651 373 3054 430 EXEGETICA.
3611 381 3712 437 496

489 507 702 548 nionem
725 487 902 554 tuum',
933 490 1161 559 jnvabar
1195 499 1254 544 ut
1295 507 1324 545 a
1355 499 1796 562 persequentium
1831 495 2046 548 nemine

2149 493 2347 564 ὕμνους
2383 493 2610 564 διεξῄειν
2631 511 2642 522 ·
2682 493 2862 563 ὑμνῶν
2893 495 3000 563 γὰρ
3025 493 3114 546 τὸν
3147 495 3300 562 λογον
3337 510 3429 548 σου
3461 497 3713 570 ἐϐοηθοῦ-

489 593 786 639 averterent
839 597 942 636 me.
987 579 1062 634 lla
1125 596 1350 650 sperans
1402 582 1458 636 in
1485 581 1613 649 Deo,
1661 595 1715 637 et
1765 597 2046 637 sermones

2153 603 2278 655 μην,
2325 586 2398 648 ὡς
2436 587 2636 657 μηδένα
2667 587 2774 640 τῶν
2803 586 3105 640 διωκόντων
3137 589 3576 658 ἐπιστρέφεσθαι.
3611 591 3703 645 Οὖ-

487 677 607 743 eius
645 677 697 729 in
727 690 820 729 ore
851 689 970 728 meo
1003 671 1204 736 ferens,
1255 689 1444 728 omnes
1483 673 1768 729 hominum
1811 675 2045 729 insidias

2147 695 2253 741 τως
2285 679 2374 730 ἐπὶ
2405 677 2481 748 τῷ
2509 677 2625 748 Θεῷ
2651 678 2904 741 ἐλπίζων,
2934 678 3027 730 καὶ
3053 679 3178 742 τοὺς
3201 678 3390 746 λόγους
3420 681 3584 735 αὑτοῦ
3617 683 3713 752 φέ-

487 767 878 838 despiciebam,
921 782 1028 820 non
1076 765 1273 821 timens
1325 766 1450 837 quid
1497 767 1662 836 faciat
1717 768 1844 821 mihi
1898 785 2043 826 caro.

2149 789 2255 841 ρων
2290 771 2345 822 ἐν
2387 769 2465 840 τῷ
2512 770 2736 841 στόματί
2787 787 2907 841 μου,
2953 770 3132 840 πάσης
3179 772 3276 841 τῆς
3322 773 3380 840 ἐξ
3411 774 3715 845 ἀνθρώπων

486 861 627 926 Quid
674 861 818 916 enim
854 862 1027 930 possit
1054 875 1184 916 caro
1223 868 1278 914 et
1331 861 1556 931 sanguis
1612 869 1802 916 contra
1873 859 2044 916 Deum

2146 863 2434 934 ἐπιϐουλῆς
2479 863 2860 934 κατεφρόνουν,
2905 864 2966 915 οὐ
3001 862 3328 933 φοϐούμενος
3377 867 3432 918 τι
3471 865 3712 932 ποιήσει

485 953 881 1022 opitulantem'?
917 951 1050 1005 Nam
1091 953 1136 1006 si
1185 952 1324 1006 Deus
1363 968 1455 1020 pro
1497 953 1665 1016 nobis,
1717 954 1831 1024 quis
1861 961 2046 1006 contra

2140 973 2241 1024 μοι
2271 955 2447 1024 σάρξ.
2499 957 2562 1008 Τί
2615 955 2721 1026 γὰρ
2769 955 2834 1008 ἃν
2883 956 2975 1006 καὶ
3013 954 3226 1008 δύναιτο
3275 955 3406 1027 σὰρξ
3441 957 3534 1010 καὶ
3573 953 3712 1028 αἷμα

482 1045 698 1098 nos""?
741 1045 917 1115 inquit
967 1039 1280 1117 Apostolus.
1331 1045 1472 1100 Caro
1525 1054 1704 1101 autem
1747 1057 1862 1101 erat
1891 1047 2042 1114 Saul,

2146 1046 2281 1116 πρὸς
2311 1047 2442 1100 Θεὸν
2477 1045 2701 1117 βοηθόν;
2736 1047 2802 1097 El
2835 1045 2942 1116 γὰρ
2984 1048 3016 1098 ό
3047 1044 3190 1112 Θεὸς
3218 1045 3366 1114 ὑπὲρ
3399 1045 3586 1116 ἡμῶν,
3621 1050 3711 1115 τίς

481 1137 572 1204 qui
618 1151 679 1190 ea
705 1151 825 1206 qua:
853 1138 1036 1192 carnis
1067 1145 1192 1192 sunt
1224 1137 1500 1208 sapiebat:
1533 1139 1676 1208 quod
1701 1154 1833 1194 sane
1863 1140 2044 1194 decla-

2144 1138 2270 1191 καθ’
2293 1135 2488 1206 auctir;
2517 1137 2676 1207 φησὶν
2697 1137 2724 1188 ὁ
2756 1133 3095 1196 Ἀπόστολος.
3127 1133 3269 1204 Σὰρξ
3293 1135 3348 1187 δὲ
3375 1130 3442 1205 ἦν
3463 1136 3491 1187 ό
3515 1135 3707 1202 Σαοὺλ,

483 1235 568 1282 rat
597 1227 892 1298 Apostolus
923 1233 990 1285 ad
1019 1232 1336 1287 Corinthios
1365 1233 1666 1288 scribens:
1725 1232 1856 1287 Cum
1906 1234 2042 1286 enim

2143 1229 2208 1282 τὰ
2239 1230 2336 1298 τῆς
2373 1229 2572 1301 σαρκὸς
2602 1227 2810 1298 φρονῶν
2830 1243 2842 1255 ·
2873 1225 2900 1278 ὂ
2935 1225 2998 1296 δὴ
3032 1225 3354 1296 παρίστησιν
3388 1229 3415 1279 ό
3456 1227 3710 1280 Ἀπὸστο-

481 1321 548 1372 sit
587 1321 719 1374 inter
748 1337 834 1374 vos
869 1321 1011 1375 zelus
1039 1332 1086 1375 et
1111 1326 1394 1388 contentio,
1427 1341 1596 1378 nonne
1629 1325 1870 1379 carnales
1893 1327 2039 1390 estis,

2142 1320 2231 1383 λος
2264 1321 2488 1392 γράφων
2517 1319 2818 1391 Κορινθίοις
2841 1335 2855 1349 ·
2891 1319 3078 1372 Ὅπου
3113 1317 3221 1387 γὰρ
3247 1317 3317 1370 ἐν
3349 1317 3491 1386 ὑμῖν
3527 1317 3710 1386 ζῆλος

479 1422 528 1463 et
574 1413 854 1466 secundum
892 1413 1152 1468 hominem
1188 1415 1472 1471 ambulatis
1496 1418 1576 1471 ul?
1629 1417 1728 1472 Hic
1755 1433 1884 1473 vero
1907 1417 2044 1472 Sau-

2142 1409 2240 1463 καὶ
2267 1410 2410 1477 ἔρις,
2435 1410 2568 1478 οὐχὶ
2607 1408 2880 1476 σάρκινοί
2904 1409 3062 1472 ἐστε,
3097 1407 3193 1461 καὶ
3227 1409 3376 1460 κατὰ
3395 1407 3709 1478 ἄνθρωπον

483 1507 586 1560 lem
625 1521 839 1576 quoque
871 1508 986 1562 zelo
1025 1517 1079 1562 et
1111 1512 1461 1564 contentione
1491 1512 1734 1580 plenum,
1783 1513 1882 1581 qui
1916 1511 2040 1566 ideo

2142 1501 2511 1570 περιπατεῖτε
2529 1517 2548 1564 ;
2585 1502 2644 1552 Ὀ
2675 1501 2731 1553 δέ
2765 1501 2855 1554 καὶ
2887 1499 2975 1553 τὸν
3009 1499 3179 1553 Σαοὺλ
3213 1499 3375 1570 ζήλου
3413 1501 3709 1571 πεπληρω-

481 1596 735 1650 Davidem
777 1599 1026 1666 pellebat,
1076 1615 1292 1654 carnem
1331 1603 1562 1666 vocavit,
1603 1603 1790 1657 dicens
1844 1621 1856 1656 :
1917 1601 2042 1656 Non

2145 1595 2304 1664 μένον
2342 1595 2435 1647 καὶ
2487 1593 2676 1664 ἔριδος,
2719 1593 2812 1646 καὶ
2862 1591 2948 1645 διὰ
2989 1592 3161 1646 ταῦτα
3207 1591 3298 1645 τὸν
3343 1591 3504 1646 Δαυῒδ
3549 1592 3709 1648 ἐλαύ-

481 1685 668 1738 timebo
696 1686 820 1754 quid
857 1687 1020 1756 faciat
1058 1689 1185 1742 mihi
1215 1706 1360 1744 caro.
1401 1689 1604 1746 Deinde
1629 1692 1738 1745 ait:
1778 1691 1914 1745 Tota
1956 1691 2040 1746 die

2142 1703 2327 1748 νοντα,
2377 1685 2554 1757 σάρκα
2599 1684 2876 1755 ὠνόμασεν
2923 1685 3124 1738 εἰπών·
3171 1687 3253 1740 Οὐ
3295 1685 3707 1755 φοϐηθήσομαι

479 1777 630 1832 rerba
659 1795 772 1832 mea
800 1781 1228 1846 exsecrabantur,
1273 1780 1548 1835 adversum
1583 1799 1663 1837 me
1695 1800 1870 1838 omnes
1891 1786 2041 1855 cogi-

2142 1776 2198 1828 τί
2229 1775 2464 1840 ποιήσει
2489 1793 2588 1844 μοι
2621 1773 2796 1843 σάρξ.
2829 1771 2962 1828 Εἶτά
2992 1792 3152 1844 φησιν
3173 1793 3184 1804 ·
3221 1776 3402 1842 Ὅλην
3427 1777 3541 1843 τὴν
3566 1777 3709 1844 ἡμέ-

481 1869 702 1924 tationes
729 1887 910 1924 eorum
939 1871 990 1924 in
1023 1873 1242 1926 malum.
1285 1871 1439 1938 Quod
1467 1889 1598 1928 sane
1637 1875 1844 1930 clarius
1871 1877 2041 1930 inter-

2131 1883 2252 1934 ραν
2283 1867 2424 1932 τοὺς
2460 1868 2680 1936 λόγους
2723 1886 2842 1937 μου
2889 1866 3348 1933 ἐϐδελύσσοντο,
3395 1867 3520 1920 κατ’
3557 1867 3703 1936 ἐμοῦ

479 1970 723 2033 prolatus
751 1970 835 2018 est
870 1963 1249 2035 Symmachus,
1279 1965 1502 2020 dicens:
1539 1965 1642 2020 Per
1665 1983 1867 2021 omnem
1901 1968 2039 2021 diem

2141 1957 2360 2024 πάντες
2380 1962 2433 2012 οἱ
2458 1958 2830 2027 διαλογισμοὶ
2869 1957 3066 2012 αὐτῶν
3091 1960 3175 2023 εἰς
3207 1957 3423 2010 κακόν·
3455 1957 3484 2009 ὃ
3514 1956 3576 2028 δὴ
3605 1975 3701 2010 σα-

475 2070 737 2109 sermones
766 2053 829 2109 de
858 2072 936 2110 me
967 2055 1222 2110 curabant
1251 2073 1267 2109 :
1308 2067 1492 2110 contra
1522 2074 1602 2112 me
1633 2059 1799 2112 omnis
1836 2061 2038 2130 cogita-

2141 2048 2298 2118 φέστε
2309 2066 2396 2120 ρον
2427 2050 2767 2120 ἡρμήνευσεν
2790 2050 2817 2100 ό
2843 2048 3133 2119 Σύμμαχος
3159 2048 3350 2102 εἰπών·
3379 2048 3480 2102 Διά
3501 2049 3703 2116 πάσης

479 2148 552 2199 tio
582 2165 762 2202 eorum
795 2149 848 2202 in
879 2151 1098 2205 malum.
1152 2152 1230 2201 Ac
1266 2150 1311 2205 si
1349 2151 1494 2204 enim
1529 2150 1668 2204 nihil
1703 2151 1852 2205 aliud
1903 2151 2038 2222 ipsis

2139 2141 2362 2210 ἡμέρας
2389 2143 2609 2210 λόγους
2649 2140 2780 2209 περὶ
2822 2141 2966 2210 ἐμοῦ
2996 2141 3357 2210 ἐφρόντιζον·
3401 2141 3527 2194 κατ’
3558 2141 3703 2210 ἐμοῦ

477 2237 745 2306 agendum
783 2247 1120 2308 suppeteret,
1157 2255 1332 2310 neque
1391 2241 1459 2296 de
1507 2241 1633 2296 aliis
1685 2257 1868 2296 sermo
1923 2258 2040 2296 mo-

2139 2231 2255 2297 πᾶς
2281 2232 2666 2302 διαλογισμὸς
2693 2233 2888 2287 αὐτῶν
2913 2236 3000 2300 εὶς
3027 2236 3230 2287 κακόν.
3274 2234 3358 2298 Ὠς
3392 2234 3501 2306 γὰρ
3539 2234 3702 2306 μηδὲν

475 2327 684 2382 rendus
727 2337 904 2395 esset;
959 2329 1130 2384 otium
1163 2346 1322 2386 suum
1365 2338 1538 2385 totum
1580 2332 1635 2385 in
1686 2332 1955 2402 loquendo
1987 2340 2040 2388 et

2139 2321 2350 2394 ἔχοντες
2382 2322 2566 2392 ἓτερον
2607 2323 2884 2394 πράττειν,
2923 2323 3054 2394 μηδέ
3099 2323 3226 2394 περὶ
3265 2324 3466 2394 ἐτέρων
3511 2324 3703 2394 λόγους

475 2419 766 2487 cogitando
806 2418 872 2474 de
904 2435 988 2474 me
1015 2421 1382 2486 insumebant,
1411 2423 1546 2476 nihil
1576 2424 1704 2478 boni
1731 2425 1786 2478 in
1819 2441 1902 2486 me
1927 2440 2040 2480 mo-

2138 2418 2324 2476 κινεῖν,
2355 2414 2451 2485 τὴν
2483 2416 2659 2468 πᾶσαν
2690 2414 2896 2468 ἑαυτῶν
2925 2415 3116 2485 σχολὴν
3146 2418 3257 2477 τοῖς
3291 2415 3416 2486 περὶ
3447 2415 3582 2486 ἐμοῦ
3616 2416 3703 2470 λό-

475 2509 698 2576 lientes;
729 2511 822 2564 sed
851 2511 906 2564 in
940 2513 1141 2567 malum
1191 2523 1245 2568 et
1287 2529 1392 2584 pro
1437 2514 1579 2569 malo
1638 2523 1806 2569 totam
1847 2531 2036 2572 curam

2137 2525 2250 2577 γοις
2283 2507 2376 2560 καὶ
2412 2511 2520 2571 τοῖς
2563 2507 2681 2560 κατ’
2721 2507 2852 2577 ἐμοῦ
2885 2507 3159 2578 λογισμοῖς
3191 2507 3518 2572 ἀνετίθεσαν,
3553 2509 3703 2564 οὐδὲν

477 2601 857 2670 impendebant
892 2619 1044 2658 suam
1064 2649 1073 2661 .

2136 2599 2336 2666 ἀγαθὸν
2392 2601 2516 2670 περὶ
2565 2599 2698 2670 ἐμοῦ
2753 2599 3144 2670 βουλευόμενοι.
3208 2599 3350 2652 Ἀλλ’
3407 2602 3485 2664 εἰς
3531 2600 3701 2656 κακὸν

2136 2691 2230 2744 καὶ
2265 2692 2355 2743 ἐπὶ
2383 2691 2535 2762 κακῷ
2565 2691 2661 2763 τὴν
2693 2691 2897 2745 ἑαυτῶν
2933 2691 3311 2756 ἀναλίσκοντες
3339 2692 3591 2764 σπουδήν.

547 2777 711 2834 Vens.
749 2781 798 2844 7,
827 2780 882 2834 8.
917 2779 1300 2838 Inliabitabunt
1332 2793 1382 2839 et
1415 2785 1759 2853 abscondent,
1793 2787 1895 2858 ipsi
1923 2789 2036 2841 cal—

2205 2781 2650 2849 Παροικήσουσι
2694 2784 2789 2836 καὶ
2833 2785 3340 2851 κατιικριῗιψοιισιν,
3377 2783 3544 2838 αὐτοὶ
3585 2785 3704 2851 τὴν

467 2885 690 2924 caueam
721 2889 890 2925 meum
935 2873 1298 2928 observabant.
1336 2877 1482 2930 Sicut
1511 2880 1874 2933 sustinuerunt
1918 2879 2034 2933 ani-

2135 2873 2396 2941 πτέρναν
2451 2891 2568 2943 μου
2627 2873 2984 2943 φυλάξουσι.
3049 2875 3324 2942 Καθάπερ
3377 2874 3703 2944 ὑπέμειναν

473 2979 613 3014 mam
645 2979 808 3016 meam
841 2981 936 3032 pro
960 2965 1124 3020 nihilo
1153 2967 1326 3022 salvos
1359 2969 1522 3036 facies
1553 2971 1706 3034 illos;
1741 2973 1794 3025 in
1836 2972 1919 3024 ira
1948 2987 2036 3040 po-

2134 2963 2248 3032 τίιν
2284 2964 2493 3033 ψυχήν
2532 2982 2670 3033 μου,
2717 2964 2868 3032 ὑπὲρ
2897 2963 3002 3017 τοῦ
3043 2964 3300 3033 μηδενὸς
3341 2964 3559 3031 σώσεις
3597 2969 3703 3020 αὑ-

467 3053 620 3121 pulos
653 3055 969 3126 c-onfringes,
1010 3055 1166 3122 Deus.
1220 3057 1344 3112 Haec
1379 3060 1613 3117 obscure
1637 3062 1778 3131 apud
1806 3061 2034 3132 Septua-

2135 3057 2274 3122 τούς
2295 3073 2307 3086 ο
2334 3057 2404 3109 ἐν
2429 3055 2574 3126 ἀργῇ
2602 3056 2788 3122 λαοὺς
2821 3055 3115 3122 κατάξεις,
3141 3059 3172 3109 ό
3201 3057 3362 3122 Θεός.
3396 3059 3504 3110 Καὶ
3527 3057 3702 3112 ταῦτα

469 3145 619 3216 ginta
661 3145 989 3218 lnterpretes
1023 3149 1188 3216 dicta,
1220 3153 1467 3220 apertius
1504 3155 1894 3224 interpretatus
1947 3161 2032 3210 est

2134 3151 2357 3220 ἀσαφῶς
2391 3150 2648 3222 εἰρημένα
2679 3150 2826 3221 παρὰ
2846 3153 2955 3213 τοῖς
2991 3151 3404 3222 Ἐὅδομήκοντα,
3447 3151 3699 3204 λευκότε-

467 3237 832 3309 Symmachus
882 3242 965 3296 his
995 3243 1176 3296 verbis
1212 3261 1226 3296 :
1258 3241 1643 3300 Conveniebant
1682 3247 1842 3306 clam,
1875 3255 1922 3300 et
1953 3263 2033 3300 ve-

2139 3257 2229 3311 ρον
2269 3241 2662 3311 διηρμήνευσεν
2702 3243 2729 3293 ὁ
2767 3242 3077 3312 Σύμμαχος,
3117 3241 3315 3293 εἰπών’
3359 3241 3703 3310 Evr-morte

465 3331 628 3400 stigia
661 3348 774 3384 mea
808 3331 1173 3400 observabant,
1202 3347 1557 3404 exspectantes
1589 3339 1820 3390 animam
1865 3355 2034 3392 meam

2135 3332 2344 3400 λάθρα,
2381 3333 2478 3385 καὶ
2508 3335 2576 3386 τὰ
2610 3334 2747 3402 ἴχνη
2766 3351 2885 3402 μου
2929 3331 3299 3400 παρετήρουν
3326 3331 3701 3399 προσδοκῶν-

467 3432 683 3491 propter
716 3424 1071 3492 iniquitatem.
1125 3427 1314 3482 Libera
1339 3428 1402 3482 ab
1447 3429 1579 3494 illis,
1619 3431 1672 3484 in
1703 3431 1786 3483 ira
1815 3431 2032 3500 populos

2135 3441 2232 3489 τες
2269 3423 2381 3491 τὴν
2420 3423 2629 3493 ψυχήν
2658 3443 2775 3494 μου
2809 3425 2904 3478 διὰ
2937 3425 3051 3492 τὴν
3077 3425 3331 3478 ἀδικίαν.
3372 3425 3570 3478 Ῥῦσαι
3597 3425 3698 3479 ἀπ’

469 3515 724 3584 deprime,
785 3515 950 3575 Deus.
999 3521 1077 3574 Ita
1119 3523 1284 3586 enim,
1331 3522 1527 3592 inquit,
1585 3531 1698 3578 tota
1761 3524 1848 3578 die
1901 3525 2032 3578 mihi

2136 3515 2352 3580 αὐτῶν,
2393 3518 2461 3570 ἐν
2505 3516 2649 3586 (Lami
2691 3518 2877 3583 ,λαοὺς
2911 3516 3220 3586 admirare,
3269 3519 3300 3570 ὀ
3331 3519 3489 3582 Θεός.
3516 3517 3701 3582 (ιῢτως

469 3607 860 3684 [ὁὶιεοινιιιιιίο]
903 3614 1190 3678 vacabant,
1215 3630 1495 3670 sermones
1517 3614 1582 3670 de
1613 3631 1698 3670 me
1731 3625 2030 3682 moventes,

2136 3608 2264 3680 γὰρ,
2301 3608 2455 3679 φησὶ,
2492 3609 2578 3662 διὰ
2623 3611 2800 3680 πάσης
2831 3609 3042 3682 ἡμέρας
3081 3609 3201 3679 ἐμοὶ
3235 3608 3540 3678 ἐσχόλαζον,
3574 3611 3699 3672 τοὺς

469 3711 524 3756 et
557 3711 670 3758 tota
695 3707 954 3776 cogitatio
985 3722 1177 3762 eorum
1221 3715 1411 3762 contra
1461 3725 1548 3763 me
1573 3717 1724 3776 erat;
1763 3717 1822 3764 ut
1843 3710 2034 3764 stude-

2137 3701 2263 3772 περὶ
2289 3699 2418 3770 ἐμοῦ
2449 3699 2636 3768 λόγους
2667 3700 2956 3766 κινοῦντες,
2988 3701 3080 3753 καὶ
3103 3701 3210 3762 πᾶς
3237 3699 3582 3768 διαλογισμὸς
3603 3699 3699 3752 αὖ·

467 3801 590 3846 rent
633 3809 741 3848 una
777 3795 940 3848 simul
979 3795 1269 3852 adversum
1293 3813 1376 3852 me
1407 3798 1873 3868 conspirationem
1908 3815 2035 3854 con-

2133 3791 2239 3842 τῶν
2269 3791 2388 3843 κατ’
2433 3789 2565 3858 ἐμοῦ
2601 3789 2872 3858 ἐγίγνετοι
2907 3789 2980 3852 ὼς
3015 3789 3332 3853 σπουδάζειν
3374 3789 3695 3857 συνάγεσθαι

466 3883 635 3940 llare:
676 3901 851 3954 neque
880 3903 944 3942 eo
979 3887 1242 3944 sisterent
1284 3890 1552 3959 gradum;
1588 3889 1684 3946 sed
1723 3892 1884 3946 etiam
1920 3893 2032 3946 cal-

2135 3882 2331 3944 αύτοὺς
2357 3881 2488 3950 όμοῦ
2519 3882 2784 3944 συσκευάς
2808 3897 2821 3910 ·
2847 3881 2940 3934 καὶ
2973 3881 3046 3952 μὴ
3085 3881 3242 3954 μέχρι
3265 3881 3451 3934 τούτου
3480 3883 3694 3953 χωρεῖν,

465 3990 698 4030 caneum
744 3979 859 4032 sive
889 3979 1014 4032 vita:
1046 3995 1294 4048 gressum
1330 3980 1706 4048 observarent,
1737 3999 1866 4036 num
1903 3999 2032 4054 sup-

2133 3972 2268 4025 ἁλλὰ
2303 3973 2392 4025 καὶ
2428 3973 2879 4044 περιεργάζεσθαί
2912 3989 3009 4042 μου
3039 3971 3134 4044 τὴν
3167 3973 3419 4044 πτέρναν,
3453 3973 3697 4025 τουτέστι

467 4067 766 4136 plantando
815 4067 1050 4136 dejicere
1107 4085 1192 4123 me
1233 4079 1478 4140 possent.
1537 4069 1778 4140 V'estigia
1811 4089 2029 4143 quoque

2131 4064 2228 4133 τὴν
2255 4063 2346 4114 τοῦ
2385 4063 2498 4131 βίου
2542 4065 2786 4134 πορείαν,
2825 4063 2876 4114 εἴ
2907 4081 3020 4126 πως
3050 4063 3392 4126 σκελίσαντες
3427 4063 3697 4134 δυνηθεῖεν

465 4170 610 4218 mea,
640 4166 694 4211 et
747 4173 856 4226 quo
905 4174 1209 4228 pergerem,
1267 4161 1655 4228 observabant,
1707 4171 1766 4217 ut
1813 4180 2031 4235 quoquo

2133 4157 2454 4210 καταϐαλεῖν
2486 4173 2573 4226 με.
2607 4158 2716 4209 Καὶ
2739 4157 2808 4210 τὰ
2841 4157 2958 4226 ἴχνη
2983 4157 3036 4208 δέ
3066 4175 3164 4228 μου
3193 4159 3552 4228 παρετήρουν,
3575 4159 3693 4210 ὅποι

467 4246 628 4301 modo
677 4263 763 4303 me
796 4249 1339 4318 comprehenderent.
1389 4249 1516 4306 Ilaec
1552 4253 1630 4306 illi
1669 4253 1762 4322 qui
1797 4271 1883 4309 me
1915 4257 2032 4312 sine

2133 4249 2198 4302 ἂν
2241 4248 2528 4319 βαδίζοιμι,
2563 4251 2656 4302 καὶ
2699 4249 2763 4302 ἵν’
2795 4251 2940 4311 ὅπως
2981 4248 3316 4301 ἐπιλάϐοιντο
3360 4267 3478 4320 μου.
3513 4249 3695 4303 Ταῦτα

465 4353 632 4394 causa
661 4340 1130 4410 persequebantur
1158 4349 1348 4395 contra
1393 4357 1480 4396 me
1515 4343 1890 4414 designabant.
1949 4345 2031 4402 Tu

2133 4343 2232 4410 μὲν
2261 4335 2350 4392 οῦν
2379 4341 2428 4392 οἱ
2461 4339 2634 4410 μάτην
2668 4340 2949 4406 διώκοντες
2977 4345 3098 4396 κατ’
3129 4343 3260 4414 ἐμοῦ
3303 4343 3584 4414 ἔπραττον.
3619 4343 3691 4396 Σῦ

465 4436 671 4496 autem,
705 4428 953 4494 Domine,
985 4447 1110 4500 spes
1166 4447 1306 4496 mea,
1344 4447 1430 4487 me
1485 4433 1552 4488 ab
1603 4433 1810 4503 injusta
1839 4453 2030 4492 eorum

2131 4431 2208 4494 δὲ,
2259 4431 2450 4502 Κύριε,
2483 4434 2515 4500 ἡ
2549 4432 2654 4503 ἐμὴ
2686 4433 2856 4498 ἐλπὶς,
2887 4435 2984 4504 ἐμὲ
3021 4437 3115 4505 μὲν
3157 4435 3255 4504 τῆς
3299 4435 3482 4488 ἀδίκου
3517 4434 3695 4488 αὐτῶν

461 4521 870 4592 conspiratione
907 4523 1150 4590 liberes;
1207 4523 1356 4592 ipsos
1399 4533 1578 4580 autem
1627 4527 1710 4580 ira
1741 4535 1832 4582 tua
1877 4529 2030 4584 ima-

2137 4523 2402 4592 συσκευῆς
2459 4523 2638 4593 ῥῦσαι,
2689 4525 2880 4588 αὐτοὺς
2931 4527 2986 4579 δὲ
3040 4525 3308 4597 μετελθὼν
3355 4529 3418 4597 τῇ
3469 4527 3692 4579 σεαυτοῦ

461 4615 618 4680 dens,
650 4631 714 4670 ex
739 4631 802 4670 ea
833 4618 1142 4686 arrogantia
1167 4626 1220 4673 et
1255 4620 1510 4690 superbia
1553 4619 1727 4689 dejice
1755 4640 1767 4675 :
1795 4622 1848 4676 id
1883 4624 2030 4677 enim

2133 4613 2290 4683 ὀργῇ,
2323 4613 2594 4666 κατάϐαλε
2623 4613 2721 4686 τῆς
2756 4614 3122 4686 μεγαλαυχίας
3149 4618 3238 4669 καὶ
3264 4617 3364 4686 τῆς
3394 4615 3697 4688 ὑψηλοφρο-

463 4708 598 4777 ipsis
635 4710 763 4764 utile
785 4711 908 4764 erit.
962 4709 1242 4781 Siquidem
1276 4713 1404 4768 elati
1433 4727 1495 4767 ac
1534 4720 1830 4778 tumentes,
1873 4713 1926 4767 id
1969 4715 2024 4768 in

2136 4703 2326 4773 σύνης.
2375 4705 2530 4758 τοῦτο
2562 4704 2668 4775 γὰρ
2709 4707 2889 4770 αὐτοῖς
2943 4709 3194 4762 συνοίσει.
3229 4708 3546 4778 ’Υψούμενοι
3585 4707 3694 4780 γὰρ

462 4815 618 4852 suam
661 4801 958 4869 perniciem
1003 4804 1273 4874 agebant:
1334 4804 1536 4858 etenim
1593 4803 1737 4859 Deus
1789 4805 2026 4874 superbis

2135 4794 2226 4847 καὶ
2260 4795 2627 4866 ἐπαιρόμενοι,
2661 4797 2744 4848 ἐπ’
2771 4797 2973 4867 ὀλέθρῳ
2997 4798 3073 4868 τῷ
3095 4799 3302 4851 ἑαυτῶν
3327 4799 3476 4852 ταῦτ’
3503 4799 3695 4870 ἔπρατ-

465 4891 682 4956 resistit,
714 4893 999 4948 humilibus
1025 4906 1201 4949 autem
1224 4895 1316 4948 dat
1345 4897 1574 4966 gratiam
1593 4895 1671 4952 "z
1704 4912 1871 4966 quare
1894 4913 2028 4968 rogo

2131 4903 2220 4936 τον
2241 4901 2252 4913 '
2269 4888 2300 4938 ὁ
2316 4885 2420 4956 γὰρ
2453 4885 2594 4950 Θεὸς
2613 4885 3011 4954 exemptis-occ
3025 4885 3464 4951 ἀντιτάσσεται,
3495 4905 3693 4942 ταπει-

463 4995 654 5036 omnes
703 4983 1047 5053 insurgentes
1091 4987 1148 5040 in
1192 5003 1278 5042 me
1319 4987 1628 5056 deprimes;
1657 4989 1790 5052 sive,
1829 5004 2028 5044 secun-

2132 4975 2562 5040 νοῖςδὲδίδωσι
2586 4978 2790 5047 χάριν·
2847 4979 2946 5042 διὸ,
3002 4979 3249 5042 ἱκετεύω,
3303 4980 3510 5044 πάντας
3571 4983 3695 5045 τοῦς

462 5073 592 5126 dum
625 5073 898 5142 Aquilam,
951 5075 1170 5144 dejicias
1191 5096 1208 5141 ,'
1233 5085 1295 5132 ut
1323 5079 1624 5136 modestius
1651 5088 1813 5150 atque
1845 5081 2029 5134 Immi-

2133 5071 2588 5140 ἐπανισταμένους
2619 5071 2998 5142 μοικατάγαγε
3022 5088 3035 5101 ·
3069 5072 3122 5142 ἢ,
3155 5071 3295 5125 κατὰ
3321 5073 3410 5126 τὸν
3447 5073 3693 5136 Ἀκύλαν,

464 5167 570 5220 lius
603 5167 924 5232 sentientes,
960 5185 1213 5240 magnam
1253 5173 1542 5228 utilitatem
1581 5175 1911 5245 percipiant.

2132 5162 2559 5216 καταϐίϐασον·
2607 5163 2682 5225 ὡς
2730 5163 2813 5227 ἂν,
2865 5163 3081 5235 μέτριον
3133 5163 3385 5234 φρόνημα
3441 5164 3695 5226 λαῦὀντες

2131 5255 2222 5306 καὶ
2251 5255 2479 5308 ταπεινὰ
2513 5255 2856 5328 φρονοῦντες,
2895 5257 2964 5308 τὰ
2999 5257 3208 5326 μεγάλα
3241 5255 3585 5326 ὠφεληθείεν.

529 5359 695 5418 Vens.
733 5360 788 5426 9,
836 5363 922 5417 10.
971 5363 1143 5417 Vitam
1194 5380 1362 5418 meam
1406 5366 1715 5419 annuntiavi
1773 5365 1888 5428 tibi,
1934 5381 2029 5433 po-

2205 5369 2323 5436 Τῖιν
2348 5369 2497 5436 ζωήν
2521 5389 2638 5439 μου
2669 5371 2984 5442 ἐξήγγειλὰ
3015 5389 3133 5436 σοι,
3183 5373 3320 5426 ἔθου
3360 5373 3430 5424 τὰ
3466 5371 3694 5439 δάκρυά

460 5456 612 5510 misti
645 5455 908 5524 tacrymas
949 5471 1089 5509 meas
1135 5456 1188 5508 in
1237 5465 1513 5524 conspectu
1546 5467 1668 5520 tuo;
1694 5457 1826 5509 sicut
1871 5465 1919 5508 et
1971 5456 2024 5508 in

2124 5479 2242 5530 μου
2273 5461 2526 5516 ἐνώπιόν
2562 5479 2696 5517 σουο
2747 5465 2826 5530 ὡς
2865 5465 2964 5518 καὶ
3008 5465 3078 5518 ἐν
3105 5463 3179 5532 τῇ
3213 5463 3532 5532 ἐπαγγελίᾳ
3555 5479 3691 5526 σου,

455 5548 810 5616 ριόηιὶιείοιιε,
828 5557 940 5610 tua,
971 5557 1328 5602 convertentur
1361 5549 1560 5602 inimici
1589 5549 1686 5602 mei
1715 5559 2020 5610 retrorsum,

2129 5553 2602 5622 ἐπιστρέψωσιν
2631 5559 2682 5610 οἱ
2712 5557 2912 5626 ἐχθροί
2946 5575 3065 5628 μου
3093 5561 3180 5623 εἰς
3204 5557 3274 5610 τὰ
3304 5558 3512 5622 ὀπίσω,
3551 5557 3620 5610 ἐν
3653 5551 3693 5628 ᾗ

454 5641 510 5692 in
537 5655 843 5711 quacunque
864 5641 948 5696 die
967 5641 1270 5696 invocarem
1297 5651 1364 5694 te.
1389 5639 1514 5696 Haec
1543 5641 1745 5697 clarius
1777 5639 2026 5711 Symma-

2131 5645 2210 5698 ἂν
2247 5646 2428 5715 ἡμέρᾳ
2452 5648 2888 5718 ἐπικαλέσωμαί
2905 5665 2996 5703 σε.
3019 5650 3127 5703 Καὶ
3147 5649 3317 5704 ταῦτα
3344 5651 3370 5702 ό
3405 5648 3692 5720 Σύμμαχος

533 5797 576 5826 ¹⁶
619 5797 778 5852 Rom.
811 5813 925 5864 vnn,
957 5799 1044 5854 51.
1141 5799 1181 5830 ¹⁵
1219 5797 1388 5852 lCor.
1427 5815 1506 5864 ιιι,
1545 5797 1596 5852 5.
1679 5799 1694 5831 ¹
1737 5797 1756 5850 l
1791 5797 1940 5854 Petr.
1981 5815 2032 5865 ν,
2073 5801 2122 5852 5.
