4010 6528
301 374 407 434 497

1428 373 1929 433 COMMENTARIA
1973 380 2039 434 IN
2080 378 2419 435 PSALMOS.

3428 373 3535 428 £98

297 494 633 565 σαφέστερον
653 492 1012 565 ήρμήνευσεν,
1044 493 1213 558 οὕτως
1253 492 1528 548 εἰπών·Τὰ
1553 494 1739 585 lie-603:
1743 513 1862 564 μου

1991 500 2104 555 :hus
2160 500 2548 567 interpretatus
2593 501 2677 549 est
2722 493 2808 549 his
2838 492 3019 548 verbis
3056 510 3069 546 :
3111 490 3375 548 Interiora
3424 507 3538 545 mea

298 588 711 657 ἐξηρίθμησας
734 603 747 616 ⁸
810 586 891 640 σὺ
949 585 1090 642 ἔθου
1123 586 1194 641 τὰ
1221 585 1449 655 δάκρυά
1471 604 1589 656 μου
1620 587 1875 642 ἐνώπιόν

298 692 441 736 σου.
470 676 566 745 Μὴ
594 676 730 747 οὐχί
784 674 929 730 ὅταν
967 674 1308 746 ἐξαριθμῇς,
1338 677 1469 730 τότε
1492 676 1876 746 ἀποστραφή-

300 787 513 828 σονται
543 774 597 825 οί
633 771 834 840 ἐχθροί
879 788 998 840 μου
1044 771 1252 835 ὀπίσω,
1282 764 1321 841 ᾖ
1354 769 1430 823 ἂν
1461 769 1650 839 ἡμέρᾳ
1670 771 1873 831 ἐπικα-

299 863 569 932 λέσωμαι
595 878 711 926 σε;
758 864 820 916 Ol
847 863 944 933 μὲν
990 861 1172 934 ἐχθροί
1203 879 1323 933 μου,
1349 862 1500 932 φησὶ,
1552 861 1640 915 διὰ
1698 861 1877 931 πάσης

303 959 517 1027 ημερας
540 952 728 1022 λόγους
753 954 881 1025 περὶ
930 952 1064 1024 ἐμοῦ
1096 953 1395 1016 ἀνεκίνουν,
1444 954 1537 1007 καὶ
1595 954 1713 1007 κατ’
1742 951 1875 1024 ἐμοῦ

304 1045 506 1110 πάντες
528 1046 576 1099 οἱ
602 1045 937 1115 διαλογισμοῖ¹
995 1043 1170 1098 αὐτῶν
1216 1040 1375 1115 ἦσαν·
1425 1043 1535 1114 ἐγὼ
1580 1044 1634 1098 δὲ
1663 1045 1876 1108 ὁποίους

302 1136 363 1188 ἐν
391 1135 610 1207 ἐμαυτῷ
641 1135 868 1205 συνῆγον
896 1135 1186 1205 λογισμοὺς
1219 1137 1311 1188 καὶ
1335 1136 1526 1198 ὁποίας
1554 1135 1879 1207 ἐνθυμήσεις

304 1223 475 1299 εἶχον,
503 1228 566 1279 σὺ
621 1228 801 1291 αὐτὸς,
841 1227 917 1291 ὡς
950 1225 1386 1298 καρδιογνώστης
1426 1226 1577 1291 Θεὸς,
1607 1223 1772 1290 οἶδας.
1799 1225 1881 1279 Τὰ

305 1320 415 1391 γάρ
438 1320 584 1373 ἔνδον
620 1336 720 1389 μου
745 1318 1114 1391 ἐξηρίθμησας
1135 1318 1330 1382 πάντα,
1353 1320 1445 1372 uel.
1463 1319 1531 1373 τά
1556 1321 1761 1391 κρύφιά
1780 1337 1879 1392 μου

304 1414 403 1467 καὶ
426 1412 525 1475 τὰς
549 1410 866 1483 ἐνθυμήσεις
892 1411 990 1481 τῆς
1014 1409 1187 1483 ψυχῆς
1226 1428 1325 1482 μου
1352 1410 1636 1479 γινώσκεις
1653 1429 1666 1442 ·
1690 1412 1881 1483 διόπερ

306 1504 430 1557 ἔθου
450 1502 519 1555 τά
543 1501 752 1572 δάκρυά
787 1518 888 1572 μου
916 1501 1142 1556 ἐνώπιόν
1178 1519 1293 1563 σου,
1333 1502 1424 1554 καὶ
1467 1502 1566 1555 ούκ
1611 1503 1885 1572 ἀπεστρά-

307 1612 416 1665 φης
444 1594 597 1648 αύτά·
630 1593 742 1645 ἀλλ’
769 1591 970 1662 ὥσπερ
1002 1596 1059 1648 ἐν
1170 1592 1468 1663 ἐπαγγελίᾳ
1502 1610 1594 1646 σου
1620 1593 1882 1664 ὑπισχνοῦ

303 1679 496 1749 λέγων·
524 1680 644 1732 Ἔτι
693 1680 1027 1747 λαλοῦντός
1069 1697 1184 1734 σου
1221 1680 1350 1749 ἐρῶ·
1424 1681 1577 1735 Ἰδοὺ
1628 1681 1881 1751 πάρειμι,

302 1769 478 1834 οὕτως
503 1770 769 1823 ἀκόλουθα
793 1771 1045 1842 πράττων
1072 1774 1190 1834 ταῖς
1214 1774 1331 1835 σαῖς
1356 1772 1729 1840 ἐπαγγελίαις,
1744 1774 1884 1827 ἔθου

1973 590 2339 643 enumerasti:
2380 594 2435 640 tu
2477 583 2700 654 posuisti
2746 584 3010 653 lacrymas
3056 599 3198 637 meas
3256 596 3433 635 coram
3468 589 3535 632 te-

1974 682 2162 735 Annon
2192 696 2310 733 cum
2356 678 2755 741 enumeraveris,
2786 685 2907 730 tunc
2949 683 3305 729 convertentur
3342 673 3541 727 inimici

1976 775 2076 827 mei
2106 782 2416 835 retrorsum,
2451 771 2509 824 in
2547 785 2851 840 quacunque
2877 769 2960 822 die
2994 770 3296 823 invocavero
3323 768 3410 824 te?
3452 764 3539 821 ln-

1977 864 2123 920 imici
2153 863 2371 934 quidem
2406 863 2534 927 mei,
2568 861 2767 932 inquit,
2796 867 2913 915 tota
2943 860 3030 915 die
3052 875 3333 916 sermones
3364 857 3432 914 de
3457 873 3542 913 me

1976 959 2290 1023 movebant,
2318 965 2371 1013 et
2396 964 2587 1012 contra
2627 970 2711 1009 me
2738 953 3103 1024 cogitationes
3138 968 3326 1008 eorum
3350 958 3541 1017 erant;

1976 1066 2075 1121 ego
2098 1066 2227 1105 vero
2254 1050 2434 1120 qualia
2456 1050 2510 1104 in
2543 1065 2630 1104 me
2662 1048 2948 1103 ratiocinia
2977 1048 3311 1118 collegerim,
3335 1056 3388 1102 et
3408 1061 3546 1117 qua-

1977 1141 2058 1198 les
2095 1142 2454 1211 cogitationes
2483 1140 2788 1205 habuerim,
2824 1147 2904 1204 tu,
2943 1148 3128 1209 utpote
3162 1139 3408 1194 cordium
3453 1153 3555 1207 co-,

1981 1234 2162 1304 gnitor
2208 1233 2371 1298 Deus,
2407 1232 2573 1287 nosti.
2604 1230 2738 1285 Nam
2786 1248 2906 1301 quae
2963 1233 3101 1286 intra
3133 1247 3218 1287 me
3251 1238 3380 1286 sunt
3411 1243 3547 1285 enu-

1979 1324 2204 1379 merasti
2234 1324 2438 1386 omnia,
2470 1330 2524 1377 et
2551 1323 2764 1377 occulta
2787 1338 2905 1377 mea
2936 1322 3403 1393 cogitationesque
3428 1320 3546 1374 ani-

1980 1431 2081 1471 ma:
2110 1430 2242 1470 mea:
2269 1416 2554 1485 cognoscis
2589 1434 2602 1469 :
2629 1414 2979 1485 quamobrem
3019 1413 3248 1485 posuisti
3280 1412 3546 1483 lacrymas

1981 1521 2131 1566 meas
2164 1506 2217 1560 in
2245 1514 2543 1575 conspectu
2574 1513 2689 1569 tuo,
2723 1520 2827 1559 nec
2873 1510 3156 1558 aversatus
3198 1518 3292 1558 eas
3320 1518 3415 1568 es;
3450 1500 3548 1557 sed

1983 1601 2119 1654 sicut
2161 1607 2215 1655 et
2266 1599 2322 1653 in
2373 1598 2736 1668 promissione
2768 1608 2857 1652 tua
2899 1596 3180 1667 professus
3201 1612 3281 1661 es,
3312 1596 3499 1651 dicens
3530 1611 3545 1646 :

1984 1690 2169 1744 Adhuc
2200 1701 2247 1744 te
2280 1690 2517 1760 loquente
2550 1689 2724 1742 dicam
2761 1705 2778 1742 :
2822 1687 2953 1742 Ecce
2998 1688 3185 1742 adsum
3210 1688 3285 1755 ‘7;
3315 1686 3394 1742 sic
3418 1700 3549 1741 con-

1987 1786 2276 1849 sequenter
2305 1779 2370 1833 ad
2400 1779 2671 1849 promissa
2706 1786 2818 1837 tua,
2845 1778 3067 1847 posuisti
3110 1777 3375 1848 lacrymas
3406 1793 3549 1833 meas

300 1864 379 1916 τὰ
399 1861 629 1931 δάκρυά
671 1881 790 1931 μου
840 1862 1097 1916 ἐνώπιόν
1149 1879 1285 1917 σου.
1320 1864 1428 1916 Καὶ
1479 1864 1621 1917 κατὰ
1646 1866 1744 1937 τὴν
1771 1865 1880 1919 τῶν

1991 1870 2039 1922 in
2072 1865 2349 1938 conspectu
2413 1878 2519 1924 tuo.
2578 1867 2656 1922 Ac
2705 1868 3004 1923 secundum
3050 1869 3549 1939 interpretationem

314 1951 720 2023 Ἐὕδομήκοντα
766 1951 823 2004 δὲ
854 1950 1169 2022 ἑρμηνείαν,
1201 1949 1319 2017 Τὴν
1344 1950 1495 2016 ζωήν
1513 1969 1654 2021 μου,
1694 1953 1876 2023 φησὶν,

296 2040 625 2111 ἐξήγγειλά
676 2057 796 2106 σοι,
852 2042 928 2105 ὡς
972 2041 1037 2096 ἀν
1101 2041 1405 2113 παρρησίαν
1462 2041 1608 2110 ἄγων
1667 2044 1757 2096 καὶ
1806 2042 1879 2115 μὴ

297 2134 764 2205 ἐπαισχυνόμενος
788 2133 882 2186 ἐπὶ
902 2135 968 2204 τῇ
992 2132 1227 2204 ἐμαυτοῦ
1256 2132 1390 2203 ζωῇ.
1425 2130 1497 2185 Σύ
1538 2150 1598 2185 τε
1617 2133 1891 2203 ἀποδεχόο-

301 2225 471 2297 μενός
495 2242 597 2296 μου
627 2225 725 2297 τὴν
750 2226 915 2297 ζωὴν,
947 2224 1034 2278 ’τὰ
1065 2224 1275 2295 δάκρυά
1306 2242 1407 2294 μου
1437 2225 1537 2278 οὐκ
1585 2224 1883 2289 ἀπεσείσω,

298 2315 445 2371 ἀλλὰ
469 2314 575 2387 πρὸ
600 2315 710 2369 τῶν
736 2316 843 2369 σῶν
866 2314 1155 2385 ὀφθαλμῶν
1188 2315 1309 2369 ἔθου
1336 2316 1493 2380 αὐτὰ,
1526 2314 1884 2385 πιστούμενος

295 2406 408 2471 τὰς
430 2406 529 2469 σὰς
551 2405 897 2476 ἐπαγγελίας.
914 2405 1005 2458 Διὸ
1027 2404 1354 2469 συνέϐαινεν,
1382 2404 1513 2477 ἐμοῦ
1535 2406 1883 2474 είσακουομέ-

300 2513 425 2563 νου,
458 2496 585 2560 τοὺς
631 2496 855 2569 ἐχθρούς
920 2512 1019 2566 μου
1054 2497 1133 2559 εἰς
1159 2495 1229 2548 τὰ
1279 2495 1453 2549 ὀπίσω
1501 2497 1716 2566 χωρεῖν·
1760 2495 1883 2548 ὅθεν

304 2584 471 2657 φημί·
511 2586 606 2638 Ἐν
626 2580 665 2657 ᾖ
696 2584 772 2639 ἂν
807 2581 996 2652 ἡμέρᾳ
1022 2582 1463 2653 ἐπικαλέσωμαι
1485 2598 1579 2647 σε,
1613 2584 1885 2653 ἐπιστρέ-

301 2678 540 2745 φουσιν
560 2678 611 2729 ol
633 2675 832 2745 ἐχθροί
853 2691 972 2743 μου
1020 2676 1107 2739 εις
1133 2674 1203 2728 τὰ
1240 2675 1451 2729 ὀπίσω·
1486 2674 1629 2729 κατὰ
1674 2675 1732 2729 δὲ
1787 2676 1882 2729 τὸν

303 2766 625 2838 Σύμμαχον·
661 2765 757 2831 Μὴ
796 2764 931 2834 οὐχί
965 2764 1131 2827 ὅταν,
1161 2766 1346 2836 φησὶν,
1379 2764 1722 2836 ἐξαριθμῇς,
1753 2767 1885 2821 τότε

305 2854 881 2925 ἀποστραφήσονται
907 2856 958 2907 ot
983 2854 1184 2922 εγθοοί
1218 2871 1338 2923 μου
1372 2854 1598 2916 decimo;
1636 2855 1884 2909 Ἐπειδὰν

306 2945 646 3018 φυλοκρινῶν
664 2943 997 3017 διακαθάρῃς
1011 2944 1281 3015 ἀφορίζων
1293 2945 1419 3008 τοὺς
1440 2943 1665 2998 σεαυτοῦ
1682 2944 1883 3011 ἀξίους,

307 3037 409 3091 καὶ
439 3037 793 3110 ἐξαρίθμησιν
834 3034 1152 3106 ποιούμενος
1202 3035 1310 3088 τῶν
1349 3034 1649 3106 μελλόντων
1699 3038 1779 3099 είς
1820 3035 1889 3089 τὰ

306 3125 462 3191 δεξιά
515 3126 782 3190 ἵστασθαι,
840 3123 1069 3178 καὶτῶν
1124 3125 1202 3188 είς
1247 3123 1509 3195 ἀριστερά
1552 3124 1887 3196 χωρούντων,

1984 1959 2125 2014 LXX
2150 2000 2164 2023 ,
2211 1959 2387 2013 Vitam
2415 1976 2605 2025 meam,
2642 1960 2840 2029 inquit,
2867 1960 3176 2015 annuntiavi
3218 1959 3330 2021 tibi,
3366 1966 3553 2029 utpote

1985 2051 2077 2123 qui
2108 2067 2232 2106 cum
2269 2050 2462 2106 ﬁducia
2483 2067 2720 2122 agerem,
2756 2067 2857 2106 nec
2891 2051 2958 2107 de
2978 2052 3089 2107 vita
3126 2066 3246 2106 mea
3265 2052 3553 2107 erubesce-

1987 2157 2123 2197 rem.
2159 2140 2241 2195 Tu
2271 2157 2400 2196 vero
2430 2157 2553 2195 cum
2587 2141 2754 2195 vitam
2785 2144 3122 2212 approbares
3149 2159 3347 2209 meam,
3379 2144 3553 2215 lacry-

1986 2247 2106 2289 mas
2160 2247 2312 2287 meas
2362 2247 2471 2287 non
2520 2232 2791 2302 repulisti,
2825 2232 2921 2288 sed
2972 2235 3044 2289 ob
3088 2236 3277 2290 oculos
3321 2235 3554 2305 posuisti

1986 2330 2131 2385 tuos.
2166 2323 2246 2378 sic
2279 2324 2567 2393 promissis
2617 2324 2726 2378 tuis
2779 2324 2938 2378 tidem
2991 2325 3311 2380 concilians.
3375 2325 3557 2391 Quare

1987 2414 2234 2484 contigit,
2267 2429 2393 2468 cum
2424 2415 2712 2471 exauditus
2759 2431 2958 2483 essem,
2988 2415 3242 2472 inimicos
3290 2432 3440 2473 meos
3467 2433 3556 2473 re-

1988 2507 2073 2556 tro
2104 2502 2296 2557 cedere
2322 2519 2340 2571 ;
2372 2503 2493 2558 ideo
2523 2503 2646 2558 dico
2679 2523 2694 2560 :
2722 2503 2787 2559 In
2808 2521 3113 2577 quacunque
3140 2506 3224 2561 die
3252 2507 3554 2563 invocavero

1989 2602 2056 2657 te,
2114 2603 2475 2648 convertentur
2509 2597 2711 2650 inimici
2756 2599 2857 2652 mei
2892 2610 3212 2663 retrorsum;
3254 2602 3555 2656 secundum

1991 2683 2373 2757 Symmachum
2391 2703 2521 2743 vero
2548 2709 2562 2743 :
2586 2689 2774 2743 Annon
2796 2706 2913 2744 cum
2932 2693 3336 2752 enumeraveris.
3356 2692 3553 2762 inquit,

1989 2790 2350 2834 convertentur
2369 2782 2573 2834 mimici
2600 2783 2699 2835 mei
2726 2789 3011 2835 retrorsum
3032 2785 3058 2838 ?
3085 2780 3220 2837 Cum
3246 2797 3339 2852 per
3368 2783 3556 2854 singu-

1991 2869 2074 2923 las
2104 2869 2279 2925 tribus
2308 2886 2623 2935 secernens,
2648 2886 2743 2926 eos
2773 2872 2866 2942 qui
2896 2879 2950 2926 te
2979 2872 3131 2944 digni
3179 2880 3308 2927 sunt
3352 2873 3558 2945 selege-

1992 2959 2092 3024 ris,
2112 2966 2167 3016 et
2190 2961 2601 3016 enumeraveris
2630 2975 2725 3015 eos
2753 2961 2843 3032 qui
2864 2961 2931 3017 ad
2956 2961 3234 3018 dexteram
3258 2962 3554 3028 statuendi,

1993 3059 2047 3107 et
2074 3067 2171 3107 eos
2203 3053 2296 3123 qui
2326 3053 2392 3107 ad
2425 3052 2706 3108 sinistram
2754 3053 3030 3108 recessuri
3082 3062 3230 3118 sunt,
3256 3064 3400 3119 tunc,
3431 3070 3555 3108 cum

1994 3144 2158 3200 talem
2202 3145 2672 3207 enumerationem
2713 3145 2915 3212 facies,
2961 3154 3323 3201 convertentur
3359 3146 3558 3202 inimici

308 3219 479 3288 τότε,
540 3219 597 3272 ἐν
653 3216 730 3289 τῷ
788 3215 847 3269 σὲ
898 3216 996 3287 τὴν
1038 3214 1391 3288 ἐξαρίθμησιν
1450 3215 1651 3288 ταύτην
1721 3219 1887 3270 ποιεῖ-

1992 3238 2094 3292 mei
2127 3246 2438 3293 retrorsum.

309 3311 475 3379 σθαι,
524 3307 1093 3379 ἁποστραρήσονται
1146 3310 1201 3362 οἱ
1258 3308 1460 3378 ἐχθροί
1508 3326 1627 3379 μου
1680 3310 1766 3375 είς
1812 3308 1883 3365 τὰ

310 3399 531 3456 ὀπίσω.

397 3515 543 3570 Ἰδοὺ
570 3514 782 3586 ἔγνων,
810 3514 900 3569 ὅτι
925 3517 1068 3582 Θεός
1090 3517 1195 3585 μοί
1225 3515 1415 3571 ἐστιν.
1477 3517 1607 3573 Ἐπί
1657 3517 1737 3586 τῷ
1766 3519 1897 3587 Θεῷο

310 3607 536 3662 αίνέσω
556 3606 739 3677 ρἦα,
764 3608 862 3661 ἐπὶ
898 3607 979 3673 τῷ
1021 3610 1215 3675 Κυρίῳ
1252 3609 1470 3663 αἰνέσω
1526 3612 1731 3681 λόγον·
1786 3613 1885 3667 ἐπὶ

313 3698 399 3765 τῷ
423 3698 614 3767 Κυρίῳ
647 3697 899 3768 ἤλπισα,
918 3701 989 3753 οὐ
1015 3698 1427 3769 φοϐηθήσομαι
1448 3701 1506 3755 τί
1527 3701 1766 3770 ποιήσει
1786 3722 1889 3773 μοι

311 3790 646 3860 ἄνθρωπος.
691 3791 848 3846 Κατά
909 3791 968 3845 δὲ
998 3791 1090 3845 τὸν
1139 3791 1433 3863 Σύμμαχον
1485 3792 1645 3847 τοῦτό
1702 3812 1883 3866 φησιν·

317 3878 485 3947 οἶδα,
512 3884 601 3938 ὅτι
623 3884 756 3938 ἐστι
783 3884 925 3949 Θεός
951 3901 1073 3954 μοι.
1113 3883 1223 3938 Τὸν
1271 3883 1419 3939 Θεὸν
1471 3887 1888 3959 ὐμνολογήσω,

312 3975 417 4031 διὰ
475 3974 582 4030 τοῦ
649 3975 795 4030 Θεοῦ
854 3974 1333 4045 ὑμνοποιήσομαι
1378 3978 1583 4047 λόγον·
1623 3978 1705 4045 τῷ
1771 3979 1892 4046 Θεῷ

316 4068 594 4129 πέποιθα,
627 4069 699 4121 οὐ
724 4068 1137 4137 φοϐηθήσομαι
1169 4068 1227 4122 τί
1270 4068 1509 4136 ποιήσει
1535 4087 1635 4140 μοι
1672 4070 1892 4140 ἀνθρω-

314 4173 452 4225 πος.
480 4157 672 4221 Ᾱύτοῖς
694 4156 896 4227 ἔργοις,
921 4158 1072 4229 φησὶ,
1095 4159 1424 4231 παρείληφα,
1444 4161 1538 4213 καὶ
1567 4160 1738 4229 ἔγνων
1768 4160 1894 4233 ἀληο

316 4251 450 4317 θῶς,
470 4252 553 4305 ὅτι
579 4251 679 4304 ούκ
702 4250 793 4304 ἐπὶ
828 4251 1038 4321 ματαίῳ
1089 4251 1312 4320 ἤλπισα·
1360 4250 1496 4305 ἀλλά
1541 4251 1672 4305 Θεὸν
1704 4251 1893 4323 βοηθὸν

315 4344 658 4416 ἐκτησάμην.
682 4342 883 4396 Τούτου
903 4342 958 4396 δὲ
986 4341 1223 4414 ἔλεγχος,
1255 4344 1377 4396 ἐπεὶ
1400 4343 1540 4397 ἔθου
1572 4343 1645 4397 τὰ
1666 4341 1895 4411 δάκρυά

312 4454 437 4509 μου
468 4434 725 4490 ἐνώπιόν
754 4450 890 4489 σου.
921 4429 1053 4487 Εἶτα
1099 4433 1233 4504 ἐμοῦ
1266 4436 1363 4505 μέν
1393 4435 1627 4505 ἐπήκοος
1650 4435 1891 4504 ἐγίγνου,

316 4530 369 4583 οί
396 4528 454 4582 δέ
478 4526 661 4599 ἐχθροί
712 4543 811 4598 μου
840 4524 1077 4598 ἐχώρουν
1119 4527 1200 4589 είς
1249 4525 1317 4580 τά
1341 4526 1534 4579 ὀπίσω·
1567 4525 1646 4578 διὸ
1682 4525 1783 4580 ἐπὶ
1815 4525 1894 4592 τῷ

321 4618 447 4685 Θεῷ
469 4618 690 4673 αἰνέσω
702 4616 887 4687 ῥῆμα·
947 4618 1004 4689 ἢ,
1038 4618 1177 4672 κατὰ
1205 4618 1297 4673 τὸν
1337 4618 1563 4672 ’Δκύλαν
1590 4635 1603 4648 ·
1647 4618 1748 4672 Ἑν
1780 4616 1903 4684 Θεῷ

319 4710 703 4781 καυχήσομαι
750 4691 937 4779 βῆμα·
995 4709 1136 4763 κατὰ
1192 4709 1249 4763 δὲ
1295 4709 1385 4763 τὸν
1424 4709 1752 4781 Σύμμαχον·
1788 4708 1901 4763 Τὸν

322 4801 477 4858 Θεὸν
500 4800 912 4871 ὐμνολογήσω·
927 4801 1063 4855 ἀλλά
1085 4802 1294 4856 καὶέπὶ
1323 4801 1428 4855 τὸν
1442 4802 1657 4869 Κύριον
1680 4800 1900 4855 αἰνέσω

319 4893 526 4960 λόγον·
563 4890 631 4961 ἢ,
667 4889 812 4945 κατά
853 4888 944 4944 τὸν
1002 4890 1252 4957 Ἀκύλαν,
1302 4890 1372 4944 ἐν
1410 4891 1606 4958 Κυρίῳ
1648 4889 1901 4959 ὑμνήσω

320 4984 531 5054 λόγον·
558 4984 614 5055 ἦ,
640 4983 782 5039 κατὰ
802 4983 1215 5055 τὺνοΣύμμαχον,
1238 4984 1335 5039 διὰ
1358 4983 1467 5038 τοῦ
1486 4984 1706 5051 Κυρίου
1726 4986 1900 5052 ὑμνο-

323 5076 651 5145 ποιήσομαι
676 5076 880 5146 λόγον·
925 5076 1019 5129 καὶ
1042 5076 1222 5142 πάλιν,
1247 5076 1323 5140 ὡς
1354 5076 1608 5148 ἀνωτέρω
1633 5093 1720 5146 μοι
1746 5075 1896 5148 εἴρη-

321 5182 437 5220 ται·
487 5166 609 5219 Ἐπὶ
654 5165 734 5233 τῷ
791 5165 912 5232 Θεῷ
972 5166 1223 5235 ἤλπισα,
1272 5170 1351 5222 οὐ
1378 5166 1789 5238 φοϐηθήσομαι
1838 5168 1895 5221 τί

325 5255 567 5321 ποιήσει
587 5273 688 5326 μοι
737 5256 912 5325 σάρξ·
972 5257 1063 5310 καὶ
1114 5258 1208 5311 νῦν
1262 5276 1422 5331 φημι,
1478 5259 1603 5313 Ἐπὶ
1654 5258 1734 5324 τῷ
1777 5257 1899 5324 θεῷ

323 5347 586 5418 ἤλπισα,
626 5349 698 5401 οὺ
730 5346 1140 5416 φοϐηθήσομαι
1173 5349 1229 5402 τί
1256 5349 1493 5415 ποιήσει
1548 5366 1648 5419 μοι
1680 5347 1903 5416 ἄνθρω-

325 5454 462 5504 πος.
501 5436 646 5508 Σάρξ
666 5437 774 5510 γὰρ
822 5439 914 5491 καὶ
964 5438 1250 5511 ἄνθρωπος
1279 5440 1338 5494 ἓν
1369 5440 1463 5493 καὶ
1512 5438 1707 5493 ταυτόν
1732 5438 1902 5502 ἐστιν,

326 5527 516 5597 ἐπειδὴ
550 5526 817 5582 λέλεκται·
859 5528 1055 5599 ’Υμεῖς
1094 5529 1163 5583 δὲ
1208 5530 1289 5595 ὡς
1319 5530 1611 5598 ἅνθρωποι
1642 5527 1903 5596 ἀποθνήο

327 5633 532 5672 σκετε·
575 5619 689 5683 καὶ,
730 5619 907 5674 Ὅταν
936 5620 1045 5690 γὰρ
1139 5620 1211 5675 ἐν
1239 5620 1383 5689 ὑμῖν
1417 5619 1592 5690 ζῆλος
1630 5620 1725 5676 καὶ
1757 5621 1906 5688 ἔρις,

408 5776 448 5807 ³⁷
485 5774 608 5833 Issi.
646 5792 809 5847 Lvtn,
840 5778 895 5836 9.
973 5780 1034 5812 ³⁵⁷⁸
1064 5777 1206 5835 Psal.
1235 5794 1415 5847 1.1m,
1446 5780 1497 5837 Ἰ.

2064 3535 2227 3594 Vens.
2255 3539 2341 3596 Η.
2368 3539 2501 3594 Ecce
2532 3556 2745 3610 cognovi
2765 3541 3011 3610 quoniam
3042 3536 3184 3592 Deus
3211 3535 3456 3591 mihi-est.
3492 3530 3561 3588 In

1991 3638 2103 3695 Deo
2132 3639 2362 3695 laudabo
2392 3641 2623 3706 verbum,
2650 3641 2703 3694 in
2728 3639 2956 3695 Domino
2978 3638 3207 3692 laudabo
3229 3649 3516 3691 sermonem
3538 3648 3559 3686 :

1994 3741 2050 3794 in
2076 3739 2298 3794 Domino
2316 3741 2535 3810 speravi,
2560 3757 2664 3795 non
2680 3739 2866 3793 timebo
2893 3737 3019 3809 quid
3043 3738 3207 3807 faciat
3234 3735 3361 3790 mihi
3383 3735 3558 3788 homo.

1997 3837 2309 3896 Secundum
2345 3838 2727 3911 Symmachum
2771 3845 2951 3893 autem
2986 3839 3065 3893 sic
3108 3838 3183 3891 ait
3213 3855 3228 3892 :
3254 3834 3392 3891 Novi
3423 3834 3562 3904 quod

1995 3936 2065 3991 sit
2096 3935 2237 3991 Deus
2268 3935 2416 3990 mihi.
2456 3934 2619 3990 Deum
2642 3936 2931 4000 celebrabo,
2961 3951 3052 4005 per
3081 3933 3247 3988 Deum
3275 3947 3564 3987 sermonem

1997 4029 2052 4083 in
2083 4028 2336 4100 hymnum
2373 4037 2706 4093 convertam;
2735 4030 2790 4083 in
2815 4027 2925 4082 Deo
2958 4027 3182 4097 speravi,
3233 4041 3335 4080 non
3376 4024 3565 4078 timebo

1996 4121 2121 4194 quid
2152 4121 2311 4189 faciet
2342 4121 2470 4175 mihi
2493 4121 2665 4176 homo.
2691 4120 2830 4191 Ipsis
2855 4120 3133 4191 operibus,
3158 4118 3354 4189 inquit,
3380 4116 3577 4186 accepi

1998 4225 2052 4272 et
2079 4231 2206 4271 vere
2239 4216 2365 4270 novi
2411 4230 2499 4270 me
2546 4229 2658 4270 non
2696 4213 2901 4269 frustra
2952 4228 3206 4284 sperasse
3231 4254 3246 4278 ,
3278 4210 3369 4267 sed
3395 4209 3567 4265 Deum

2000 4304 2304 4373 adjutorem
2356 4303 2683 4360 obtinuisse.
2709 4302 3001 4373 Cujus.rei
3051 4307 3428 4371 argumentum
3459 4302 3565 4364 est,

2001 4398 2146 4469 quod
2176 4399 2399 4468 posuisti
2425 4398 2688 4469 lacrymas
2711 4414 2852 4453 meas
2876 4398 2930 4451 in
2956 4403 3234 4465 conspectu
3272 4404 3381 4447 tuo.
3404 4390 3567 4446 Dein-

2002 4486 2070 4543 de
2101 4488 2235 4543 mihi
2265 4488 2487 4559 quidem
2538 4489 2811 4560 propitius
2847 4486 3036 4553 fuisti;
3065 4484 3273 4540 inimici
3312 4497 3440 4537 vero
3463 4483 3568 4536 mei

1868 4573 1975 4651 Ξι)
2002 4586 2152 4635 retro
2207 4588 2538 4637 cesserunt:
2587 4596 2758 4651 quare
2804 4580 2861 4634 in
2905 4578 3014 4632 Deo
3048 4575 3276 4631 laudabo
3327 4573 3569 4637 verbum;

2006 4670 2143 4736 sive,
2160 4672 2461 4727 secundum
2480 4671 2730 4742 Aquilam
2749 4688 2763 4724 :
2788 4668 2855 4724 1n
2871 4669 2979 4724 Deo
2997 4667 3303 4739 glori/icabo
3325 4662 3531 4719 verbum
3551 4681 3570 4726 ;

2006 4761 2306 4818 secundum
2359 4760 2742 4834 Symmachum
2796 4769 2977 4814 autem
3012 4778 3024 4812 :
3068 4756 3236 4811 Deum
3264 4754 3572 4810 celebrabo:

2002 4850 2098 4907 sed
2142 4855 2304 4907 etiam
2338 4853 2394 4906 in
2439 4851 2666 4906 Domino
2706 4849 2935 4904 laudabo
2967 4862 3290 4911 sermonem;
3321 4852 3435 4908 aut,
3486 4859 3576 4899 se-

2003 4948 2243 4996 cundum
2272 4942 2549 5012 Aquilam,
2576 4943 2631 4996 in
2665 4939 2893 4995 Domino
2937 4939 3204 4993 celebrabo
3259 4952 3572 4998 sermonem,

2000 5033 2135 5101 sive,
2154 5034 2449 5090 secundum
2469 5035 2870 5107 Symmachum,
2883 5050 2973 5105 per
2987 5032 3270 5087 Dominum
3287 5046 3573 5086 sermonem

1998 5126 2052 5176 in
2106 5123 2354 5194 hymnum
2414 5134 2705 5178 convertam
2743 5141 2762 5178 :
2821 5139 2884 5178 ac
2927 5137 3166 5186 rursum,
3228 5128 3287 5176 ut
3323 5121 3575 5191 superius

2001 5213 2113 5269 dixi
2150 5235 2162 5269 :
2197 5213 2264 5269 In
2311 5214 2421 5269 Deo
2456 5216 2680 5285 speravi,
2716 5232 2820 5270 non
2850 5214 3038 5269 timebo
3082 5212 3205 5284 quid
3244 5212 3410 5283 faciat
3447 5211 3581 5264 mihi

2004 5320 2165 5358 caro:
2207 5305 2289 5360 sic
2324 5305 2437 5375 jam
2481 5306 2606 5360 dico
2646 5324 2659 5359 :
2697 5304 2764 5359 In
2820 5304 2929 5359 Deo
2978 5304 3204 5375 speravi,
3235 5320 3338 5357 non
3389 5300 3574 5355 timebo

2007 5406 2131 5478 quid
2154 5407 2313 5476 faciet
2346 5407 2474 5464 mihi
2499 5407 2674 5466 homo.
2706 5409 2851 5463 Caro
2893 5409 3037 5463 enim
3060 5417 3113 5463 et
3150 5406 3311 5460 homo
3337 5403 3577 5473 idipsum

2010 5520 2157 5580 sunt,
2182 5513 2622 5583 quandoquidem
2652 5513 2859 5567 dictum
2898 5518 3024 5567 est:
3074 5510 3176 5565 Vos
3216 5518 3390 5563 autem
3440 5505 3573 5559 sicut

2009 5616 2240 5674 homines
2262 5619 2699 5686 moriemini-‘7';
2751 5625 2824 5686 et,
2874 5616 3005 5673 Cum
3056 5616 3189 5671 enim
3229 5615 3298 5670 sit
3342 5611 3481 5667 zelus
3522 5625 3571 5671 et
