  <div class='ocr_page' id='page_1' title='image "/cluster/home/n/w/nwhite01/storage/ocr_20150623/23/hvd.32044019207711/279.png"; bbox 0 0 4100 6534; ppageno 0'>
   <div class='ocr_carea' id='block_1_1' title="bbox 479 307 586 364">
    <p class='ocr_par' dir='ltr' id='par_1_1' title="bbox 479 307 586 364">
     <span class='ocr_line' id='line_1_1' title="bbox 479 307 586 364; baseline 0.037 -4"><span class='ocrx_word' id='word_1_1' title='bbox 479 307 586 364; x_wconf 63' lang='grc' dir='ltr'>ιςο</span> 
     </span>
    </p>
   </div>
   <div class='ocr_carea' id='block_1_2' title="bbox 1191 301 3080 366">
    <p class='ocr_par' dir='ltr' id='par_1_2' title="bbox 1191 301 3080 366">
     <span class='ocr_line' id='line_1_2' title="bbox 1191 301 3080 366; baseline -0.001 -4"><span class='ocrx_word' id='word_1_2' title='bbox 1191 308 1460 366; x_wconf 78' lang='lat' dir='ltr'><strong><em>EUSEBII</em></strong></span> <span class='ocrx_word' id='word_1_3' title='bbox 1491 304 1965 364; x_wconf 63' lang='lat' dir='ltr'><strong><em>CESARIENSIS</em></strong></span> <span class='ocrx_word' id='word_1_4' title='bbox 2003 301 2150 358; x_wconf 83' lang='lat' dir='ltr'><strong><em>CPP.</em></strong></span> <span class='ocrx_word' id='word_1_5' title='bbox 2194 303 2396 358; x_wconf 73' lang='lat' dir='ltr'><strong><em>PARS.</em></strong></span> <span class='ocrx_word' id='word_1_6' title='bbox 2439 301 2526 356; x_wconf 85' lang='lat' dir='ltr'><strong><em>ill.</em></strong></span> <span class='ocrx_word' id='word_1_7' title='bbox 2569 333 2640 344; x_wconf 90' lang='lat'><strong>—</strong></span> <span class='ocrx_word' id='word_1_8' title='bbox 2677 301 3080 360; x_wconf 72' lang='lat' dir='ltr'><strong><em>EXEGETICA.</em></strong></span> 
     </span>
    </p>
   </div>
   <div class='ocr_carea' id='block_1_3' title="bbox 3615 311 3724 370">
    <p class='ocr_par' dir='ltr' id='par_1_3' title="bbox 3615 311 3724 370">
     <span class='ocr_line' id='line_1_3' title="bbox 3615 311 3724 370; baseline 0.018 -2"><span class='ocrx_word' id='word_1_9' title='bbox 3615 311 3724 370; x_wconf 76' lang='lat'><strong><em>500</em></strong></span> 
     </span>
    </p>
   </div>
   <div class='ocr_carea' id='block_1_4' title="bbox 479 425 2051 499">
    <p class='ocr_par' dir='ltr' id='par_1_4' title="bbox 479 425 2041 493">
     <span class='ocr_line' id='line_1_4' title="bbox 479 425 2041 493; baseline 0 -15"><span class='ocrx_word' id='word_1_10' title='bbox 479 425 736 478; x_wconf 80' lang='lat' dir='ltr'><strong><em>contentio</em></strong></span> <span class='ocrx_word' id='word_1_11' title='bbox 769 425 904 480; x_wconf 87' lang='lat' dir='ltr'><strong><em>inter</em></strong></span> <span class='ocrx_word' id='word_1_12' title='bbox 925 443 1031 486; x_wconf 77' lang='lat' dir='ltr'><strong><em>vos.</em></strong></span> <span class='ocrx_word' id='word_1_13' title='bbox 1060 445 1227 482; x_wconf 83' lang='lat' dir='ltr'><strong><em>nonne</em></strong></span> <span class='ocrx_word' id='word_1_14' title='bbox 1249 430 1490 483; x_wconf 84' lang='lat' dir='ltr'><strong><em>carnales</em></strong></span> <span class='ocrx_word' id='word_1_15' title='bbox 1515 431 1662 493; x_wconf 86' lang='lat' dir='ltr'><strong><em>estis,</em></strong></span> <span class='ocrx_word' id='word_1_16' title='bbox 1688 437 1736 481; x_wconf 91' lang='lat' dir='ltr'><strong><em>et</em></strong></span> <span class='ocrx_word' id='word_1_17' title='bbox 1760 425 2041 481; x_wconf 85' lang='lat' dir='ltr'><strong><em>secundum</em></strong></span> 
     </span>
    </p>
   </div>
   <div class='ocr_carea' id='block_1_5' title="bbox 2153 425 3724 499">
    <p class='ocr_par' dir='ltr' id='par_1_5' title="bbox 2153 425 3724 499">
     <span class='ocr_line' id='line_1_5' title="bbox 2153 425 3724 499; baseline 0.006 -21"><span class='ocrx_word' id='word_1_18' title='bbox 2153 427 2276 496; x_wconf 75' lang='grc' dir='ltr'><strong><em>οὐχὶ</em></strong></span> <span class='ocrx_word' id='word_1_19' title='bbox 2302 427 2576 495; x_wconf 79' lang='grc' dir='ltr'><strong><em>σαρκικοί</em></strong></span> <span class='ocrx_word' id='word_1_20' title='bbox 2613 425 2772 492; x_wconf 81' lang='grc' dir='ltr'>ἐστε,</span> <span class='ocrx_word' id='word_1_21' title='bbox 2805 427 2901 480; x_wconf 79' lang='grc' dir='ltr'>καὶ</span> <span class='ocrx_word' id='word_1_22' title='bbox 2941 426 3088 482; x_wconf 81' lang='grc' dir='ltr'>κατὰ</span> <span class='ocrx_word' id='word_1_23' title='bbox 3121 425 3431 497; x_wconf 79' lang='grc' dir='ltr'>ἄνθρωπον</span> <span class='ocrx_word' id='word_1_24' title='bbox 3471 444 3724 499; x_wconf 73' lang='grc' dir='ltr'>περιπα·</span> 
     </span>
    </p>
   </div>
   <div class='ocr_carea' id='block_1_6' title="bbox 477 515 1175 572">
    <p class='ocr_par' dir='ltr' id='par_1_6' title="bbox 477 515 1175 572">
     <span class='ocr_line' id='line_1_6' title="bbox 477 515 1175 572; baseline 0.009 -5"><span class='ocrx_word' id='word_1_25' title='bbox 477 515 741 570; x_wconf 80' lang='lat' dir='ltr'><strong><em>hominem</em></strong></span> <span class='ocrx_word' id='word_1_26' title='bbox 776 517 1062 572; x_wconf 84' lang='lat' dir='ltr'><strong><em>ambulatis</em></strong></span> <span class='ocrx_word' id='word_1_27' title='bbox 1085 519 1128 550; x_wconf 69' lang='grc'><strong><em>’⁸</em></strong></span> <span class='ocrx_word' id='word_1_28' title='bbox 1151 521 1175 572; x_wconf 83' lang='lat'><strong>?</strong></span> 
     </span>
    </p>
   </div>
   <div class='ocr_carea' id='block_1_7' title="bbox 551 626 2046 705">
    <p class='ocr_par' dir='ltr' id='par_1_7' title="bbox 551 626 2046 705">
     <span class='ocr_line' id='line_1_7' title="bbox 551 626 2046 705; baseline 0.003 -23"><span class='ocrx_word' id='word_1_29' title='bbox 551 626 714 685; x_wconf 71' lang='lat' dir='ltr'><strong><em>Vens.</em></strong></span> <span class='ocrx_word' id='word_1_30' title='bbox 751 629 836 696; x_wconf 69' lang='grc'><strong><em>12,</em></strong></span> <span class='ocrx_word' id='word_1_31' title='bbox 859 631 944 685; x_wconf 77' lang='grc'><strong><em>15.</em></strong></span> <span class='ocrx_word' id='word_1_32' title='bbox 971 629 1036 685; x_wconf 85' lang='grc' dir='ltr'><strong><em>1η</em></strong></span> <span class='ocrx_word' id='word_1_33' title='bbox 1067 649 1146 686; x_wconf 90' lang='lat' dir='ltr'><strong><em>me</em></strong></span> <span class='ocrx_word' id='word_1_34' title='bbox 1175 643 1316 698; x_wconf 88' lang='lat' dir='ltr'><strong><em>sunt,</em></strong></span> <span class='ocrx_word' id='word_1_35' title='bbox 1339 633 1502 700; x_wconf 89' lang='lat' dir='ltr'><strong><em>Deus,</em></strong></span> <span class='ocrx_word' id='word_1_36' title='bbox 1529 644 1646 690; x_wconf 83' lang='lat' dir='ltr'><strong><em>vota</em></strong></span> <span class='ocrx_word' id='word_1_37' title='bbox 1665 652 1778 705; x_wconf 76' lang='lat' dir='ltr'><strong><em>qua:</em></strong></span> <span class='ocrx_word' id='word_1_38' title='bbox 1808 633 2046 698; x_wconf 83' lang='lat' dir='ltr'><strong><em>reddam,</em></strong></span> 
     </span>
    </p>
   </div>
   <div class='ocr_carea' id='block_1_8' title="bbox 480 720 2048 796">
    <p class='ocr_par' dir='ltr' id='par_1_8' title="bbox 480 720 2048 796">
     <span class='ocr_line' id='line_1_8' title="bbox 480 720 2048 796; baseline 0.003 -23"><span class='ocrx_word' id='word_1_39' title='bbox 480 720 812 776; x_wconf 75' lang='lat' dir='ltr'><strong><em>laudationes</em></strong></span> <span class='ocrx_word' id='word_1_40' title='bbox 861 723 974 777; x_wconf 86' lang='lat' dir='ltr'><strong><em>tibi.</em></strong></span> <span class='ocrx_word' id='word_1_41' title='bbox 1029 723 1292 789; x_wconf 82' lang='lat' dir='ltr'><strong><em>Quoniam</em></strong></span> <span class='ocrx_word' id='word_1_42' title='bbox 1349 729 1590 796; x_wconf 78' lang='lat' dir='ltr'><strong><em>eripuisti</em></strong></span> <span class='ocrx_word' id='word_1_43' title='bbox 1619 730 1851 780; x_wconf 80' lang='lat' dir='ltr'><strong><em>animant</em></strong></span> <span class='ocrx_word' id='word_1_44' title='bbox 1880 743 2048 780; x_wconf 87' lang='lat' dir='ltr'><strong><em>meam</em></strong></span> 
     </span>
    </p>
   </div>
   <div class='ocr_carea' id='block_1_9' title="bbox 477 809 2047 888">
    <p class='ocr_par' dir='ltr' id='par_1_9' title="bbox 477 809 2047 888">
     <span class='ocr_line' id='line_1_9' title="bbox 477 809 2047 888; baseline 0.006 -28"><span class='ocrx_word' id='word_1_45' title='bbox 477 809 541 862; x_wconf 88' lang='lat' dir='ltr'><strong><em>de</em></strong></span> <span class='ocrx_word' id='word_1_46' title='bbox 575 821 757 877; x_wconf 84' lang='lat' dir='ltr'><strong><em>morte,</em></strong></span> <span class='ocrx_word' id='word_1_47' title='bbox 792 821 841 865; x_wconf 87' lang='lat' dir='ltr'><strong><em>et</em></strong></span> <span class='ocrx_word' id='word_1_48' title='bbox 875 812 1026 880; x_wconf 83' lang='lat' dir='ltr'><strong><em>pedes</em></strong></span> <span class='ocrx_word' id='word_1_49' title='bbox 1049 831 1188 869; x_wconf 89' lang='lat' dir='ltr'><strong><em>meos</em></strong></span> <span class='ocrx_word' id='word_1_50' title='bbox 1221 815 1284 869; x_wconf 89' lang='lat' dir='ltr'><strong><em>de</em></strong></span> <span class='ocrx_word' id='word_1_51' title='bbox 1315 816 1486 884; x_wconf 85' lang='lat' dir='ltr'><strong><em>lapsu,</em></strong></span> <span class='ocrx_word' id='word_1_52' title='bbox 1514 828 1568 870; x_wconf 87' lang='lat' dir='ltr'><strong><em>ut</em></strong></span> <span class='ocrx_word' id='word_1_53' title='bbox 1598 821 1834 888; x_wconf 80' lang='lat' dir='ltr'><strong><em>placeam</em></strong></span> <span class='ocrx_word' id='word_1_54' title='bbox 1869 834 2047 870; x_wconf 89' lang='lat' dir='ltr'><strong><em>coram</em></strong></span> 
     </span>
    </p>
   </div>
   <div class='ocr_carea' id='block_1_10' title="bbox 394 897 2048 961">
    <p class='ocr_par' dir='ltr' id='par_1_10' title="bbox 394 897 2048 961">
     <span class='ocr_line' id='line_1_10' title="bbox 394 897 2048 961; baseline 0.007 -12"><span class='ocrx_word' id='word_1_55' title='bbox 394 947 396 949; x_wconf 92' lang='lat'><em>_</em></span> <span class='ocrx_word' id='word_1_56' title='bbox 478 897 586 952; x_wconf 89' lang='lat' dir='ltr'><strong><em>Deo</em></strong></span> <span class='ocrx_word' id='word_1_57' title='bbox 620 900 673 954; x_wconf 90' lang='lat' dir='ltr'><strong><em>in</em></strong></span> <span class='ocrx_word' id='word_1_58' title='bbox 698 902 895 956; x_wconf 77' lang='lat' dir='ltr'><strong><em>lumine</em></strong></span> <span class='ocrx_word' id='word_1_59' title='bbox 927 903 1224 959; x_wconf 77' lang='lat' dir='ltr'><strong><em>viventium.</em></strong></span> <span class='ocrx_word' id='word_1_60' title='bbox 1259 905 1365 960; x_wconf 86' lang='lat' dir='ltr'><strong><em>Pro</em></strong></span> <span class='ocrx_word' id='word_1_61' title='bbox 1394 907 1486 961; x_wconf 89' lang='lat' dir='ltr'><strong><em>illo</em></strong></span> <span class='ocrx_word' id='word_1_62' title='bbox 1515 927 1525 961; x_wconf 91' lang='lat'>:</span> <span class='ocrx_word' id='word_1_63' title='bbox 1558 907 1619 960; x_wconf 85' lang='lat' dir='ltr'><strong><em>In</em></strong></span> <span class='ocrx_word' id='word_1_64' title='bbox 1652 925 1729 961; x_wconf 87' lang='lat' dir='ltr'><strong><em>me</em></strong></span> <span class='ocrx_word' id='word_1_65' title='bbox 1757 917 1876 960; x_wconf 85' lang='lat' dir='ltr'><strong><em>sunt</em></strong></span> <span class='ocrx_word' id='word_1_66' title='bbox 1908 907 2048 961; x_wconf 87' lang='lat' dir='ltr'><strong><em>Deus</em></strong></span> 
     </span>
    </p>
   </div>
   <div class='ocr_carea' id='block_1_11' title="bbox 479 993 2048 1070">
    <p class='ocr_par' dir='ltr' id='par_1_11' title="bbox 479 993 2048 1070">
     <span class='ocr_line' id='line_1_11' title="bbox 479 993 2048 1070; baseline 0.004 -26"><span class='ocrx_word' id='word_1_67' title='bbox 479 999 618 1054; x_wconf 79' lang='lat' dir='ltr'><strong><em>vota,</em></strong></span> <span class='ocrx_word' id='word_1_68' title='bbox 650 1007 766 1061; x_wconf 75' lang='lat' dir='ltr'><strong><em>qua:</em></strong></span> <span class='ocrx_word' id='word_1_69' title='bbox 801 993 1018 1047; x_wconf 83' lang='lat' dir='ltr'><strong><em>reddam</em></strong></span> <span class='ocrx_word' id='word_1_70' title='bbox 1075 995 1401 1051; x_wconf 84' lang='lat' dir='ltr'><strong><em>laudationis</em></strong></span> <span class='ocrx_word' id='word_1_71' title='bbox 1461 1000 1572 1062; x_wconf 88' lang='lat' dir='ltr'><strong><em>tibi,</em></strong></span> <span class='ocrx_word' id='word_1_72' title='bbox 1599 999 1840 1067; x_wconf 81' lang='lat' dir='ltr'><strong><em>apertius</em></strong></span> <span class='ocrx_word' id='word_1_73' title='bbox 1889 997 2048 1070; x_wconf 82' lang='lat' dir='ltr'><strong><em>Sym-</em></strong></span> 
     </span>
    </p>
   </div>
   <div class='ocr_carea' id='block_1_12' title="bbox 479 1083 2046 1159">
    <p class='ocr_par' dir='ltr' id='par_1_12' title="bbox 479 1083 2046 1159">
     <span class='ocr_line' id='line_1_12' title="bbox 479 1083 2046 1159; baseline 0.005 -23"><span class='ocrx_word' id='word_1_74' title='bbox 479 1083 705 1140; x_wconf 85' lang='lat' dir='ltr'><strong><em>machus</em></strong></span> <span class='ocrx_word' id='word_1_75' title='bbox 755 1085 1146 1158; x_wconf 80' lang='lat' dir='ltr'><strong><em>interpretatus</em></strong></span> <span class='ocrx_word' id='word_1_76' title='bbox 1197 1098 1302 1156; x_wconf 87' lang='lat' dir='ltr'><strong><em>est,</em></strong></span> <span class='ocrx_word' id='word_1_77' title='bbox 1337 1091 1560 1146; x_wconf 87' lang='lat' dir='ltr'><strong><em>dicens:</em></strong></span> <span class='ocrx_word' id='word_1_78' title='bbox 1601 1091 1829 1159; x_wconf 80' lang='lat' dir='ltr'><strong><em>Recipio,</em></strong></span> <span class='ocrx_word' id='word_1_79' title='bbox 1882 1091 2046 1154; x_wconf 86' lang='lat' dir='ltr'><strong><em>Deus,</em></strong></span> 
     </span>
    </p>
   </div>
   <div class='ocr_carea' id='block_1_13' title="bbox 479 1182 2047 1246">
    <p class='ocr_par' dir='ltr' id='par_1_13' title="bbox 479 1182 2047 1246">
     <span class='ocr_line' id='line_1_13' title="bbox 479 1182 2047 1246; baseline 0.006 -17"><span class='ocrx_word' id='word_1_80' title='bbox 479 1192 596 1246; x_wconf 72' lang='lat' dir='ltr'><strong><em>qua:</em></strong></span> <span class='ocrx_word' id='word_1_81' title='bbox 643 1188 888 1246; x_wconf 85' lang='lat' dir='ltr'><strong><em>precatus</em></strong></span> <span class='ocrx_word' id='word_1_82' title='bbox 918 1198 1034 1234; x_wconf 89' lang='lat' dir='ltr'><strong><em>sum</em></strong></span> <span class='ocrx_word' id='word_1_83' title='bbox 1059 1194 1079 1233; x_wconf 91' lang='lat'><em>:</em></span> <span class='ocrx_word' id='word_1_84' title='bbox 1117 1182 1331 1236; x_wconf 88' lang='lat' dir='ltr'><strong><em>reddam</em></strong></span> <span class='ocrx_word' id='word_1_85' title='bbox 1367 1184 1697 1240; x_wconf 86' lang='lat' dir='ltr'><strong><em>laudationes</em></strong></span> <span class='ocrx_word' id='word_1_86' title='bbox 1756 1184 1871 1240; x_wconf 86' lang='lat' dir='ltr'><strong><em>tibi.</em></strong></span> <span class='ocrx_word' id='word_1_87' title='bbox 1929 1184 2047 1239; x_wconf 78' lang='lat' dir='ltr'><strong><em>Non</em></strong></span> 
     </span>
    </p>
   </div>
   <div class='ocr_carea' id='block_1_14' title="bbox 479 1268 2048 1346">
    <p class='ocr_par' dir='ltr' id='par_1_14' title="bbox 479 1268 2048 1346">
     <span class='ocr_line' id='line_1_14' title="bbox 479 1268 2048 1346; baseline 0.006 -25"><span class='ocrx_word' id='word_1_88' title='bbox 479 1268 627 1322; x_wconf 85' lang='lat' dir='ltr'><strong><em>enim</em></strong></span> <span class='ocrx_word' id='word_1_89' title='bbox 653 1271 878 1338; x_wconf 90' lang='lat' dir='ltr'><strong><em>oblitus,</em></strong></span> <span class='ocrx_word' id='word_1_90' title='bbox 906 1275 1002 1336; x_wconf 89' lang='lat' dir='ltr'><strong><em>ait,</em></strong></span> <span class='ocrx_word' id='word_1_91' title='bbox 1029 1289 1220 1330; x_wconf 88' lang='lat' dir='ltr'><strong><em>eorum</em></strong></span> <span class='ocrx_word' id='word_1_92' title='bbox 1255 1291 1375 1346; x_wconf 71' lang='lat' dir='ltr'><strong><em>qua:</em></strong></span> <span class='ocrx_word' id='word_1_93' title='bbox 1401 1285 1656 1346; x_wconf 84' lang='lat' dir='ltr'><strong><em>precatus</em></strong></span> <span class='ocrx_word' id='word_1_94' title='bbox 1686 1294 1804 1332; x_wconf 88' lang='lat' dir='ltr'><strong><em>sum</em></strong></span> <span class='ocrx_word' id='word_1_95' title='bbox 1830 1296 1844 1346; x_wconf 85' lang='lat'><strong><em>;</em></strong></span> <span class='ocrx_word' id='word_1_96' title='bbox 1875 1277 1969 1332; x_wconf 89' lang='lat' dir='ltr'><strong><em>sed</em></strong></span> <span class='ocrx_word' id='word_1_97' title='bbox 1997 1279 2048 1332; x_wconf 89' lang='lat' dir='ltr'><strong><em>in</em></strong></span> 
     </span>
    </p>
   </div>
   <div class='ocr_carea' id='block_1_15' title="bbox 479 1363 2050 1440">
    <p class='ocr_par' dir='ltr' id='par_1_15' title="bbox 479 1363 2050 1440">
     <span class='ocr_line' id='line_1_15' title="bbox 479 1363 2050 1440; baseline 0.008 -28"><span class='ocrx_word' id='word_1_98' title='bbox 479 1374 565 1414; x_wconf 84' lang='lat' dir='ltr'><strong><em>me</em></strong></span> <span class='ocrx_word' id='word_1_99' title='bbox 586 1369 734 1424; x_wconf 89' lang='lat' dir='ltr'><strong><em>sunt,</em></strong></span> <span class='ocrx_word' id='word_1_100' title='bbox 765 1370 818 1417; x_wconf 90' lang='lat' dir='ltr'><strong><em>et</em></strong></span> <span class='ocrx_word' id='word_1_101' title='bbox 858 1364 1039 1418; x_wconf 85' lang='lat' dir='ltr'><strong><em>omnia</em></strong></span> <span class='ocrx_word' id='word_1_102' title='bbox 1071 1363 1126 1418; x_wconf 91' lang='lat' dir='ltr'><strong><em>in</em></strong></span> <span class='ocrx_word' id='word_1_103' title='bbox 1159 1367 1420 1419; x_wconf 82' lang='lat' dir='ltr'><strong><em>memoria</em></strong></span> <span class='ocrx_word' id='word_1_104' title='bbox 1456 1367 1663 1422; x_wconf 88' lang='lat' dir='ltr'><strong><em>retineo</em></strong></span> <span class='ocrx_word' id='word_1_105' title='bbox 1712 1384 2050 1440; x_wconf 70' lang='lat' dir='ltr'><strong><em>qumcunque</em></strong></span> 
     </span>
    </p>
   </div>
   <div class='ocr_carea' id='block_1_16' title="bbox 477 1456 2046 1529">
    <p class='ocr_par' dir='ltr' id='par_1_16' title="bbox 477 1456 2046 1529">
     <span class='ocr_line' id='line_1_16' title="bbox 477 1456 2046 1529; baseline 0.006 -22"><span class='ocrx_word' id='word_1_106' title='bbox 477 1456 751 1522; x_wconf 88' lang='lat' dir='ltr'><strong><em>precando</em></strong></span> <span class='ocrx_word' id='word_1_107' title='bbox 800 1458 1024 1526; x_wconf 83' lang='lat' dir='ltr'><strong><em>promisi</em></strong></span> <span class='ocrx_word' id='word_1_108' title='bbox 1076 1475 1088 1510; x_wconf 95' lang='lat'>:</span> <span class='ocrx_word' id='word_1_109' title='bbox 1141 1475 1261 1528; x_wconf 68' lang='lat' dir='ltr'><strong><em>quae</em></strong></span> <span class='ocrx_word' id='word_1_110' title='bbox 1313 1475 1412 1514; x_wconf 88' lang='lat' dir='ltr'><strong><em>ceu</em></strong></span> <span class='ocrx_word' id='word_1_111' title='bbox 1460 1460 1732 1529; x_wconf 74' lang='lat' dir='ltr'><strong><em>qumidam</em></strong></span> <span class='ocrx_word' id='word_1_112' title='bbox 1781 1462 2046 1528; x_wconf 88' lang='lat' dir='ltr'><strong><em>debitum,</em></strong></span> 
     </span>
    </p>
   </div>
   <div class='ocr_carea' id='block_1_17' title="bbox 477 1535 2051 1620">
    <p class='ocr_par' dir='ltr' id='par_1_17' title="bbox 477 1535 2051 1620">
     <span class='ocr_line' id='line_1_17' title="bbox 477 1535 2051 1620; baseline 0.004 -23"><span class='ocrx_word' id='word_1_113' title='bbox 477 1544 684 1600; x_wconf 86' lang='lat' dir='ltr'><strong><em>hostias</em></strong></span> <span class='ocrx_word' id='word_1_114' title='bbox 710 1545 886 1602; x_wconf 90' lang='lat' dir='ltr'><strong><em>laudis</em></strong></span> <span class='ocrx_word' id='word_1_115' title='bbox 917 1548 1190 1604; x_wconf 73' lang='lat' dir='ltr'><strong><em>olferendo</em></strong></span> <span class='ocrx_word' id='word_1_116' title='bbox 1241 1535 1566 1620; x_wconf 76' lang='lat' dir='ltr'><strong><em>persolvani,</em></strong></span> <span class='ocrx_word' id='word_1_117' title='bbox 1609 1545 2051 1606; x_wconf 43' lang='lat' dir='ltr'><strong><em>sccuudum’elo-</em></strong></span> 
     </span>
    </p>
   </div>
   <div class='ocr_carea' id='block_1_18' title="bbox 476 1637 2050 1712">
    <p class='ocr_par' dir='ltr' id='par_1_18' title="bbox 476 1637 2050 1712">
     <span class='ocr_line' id='line_1_18' title="bbox 476 1637 2050 1712; baseline 0.005 -21"><span class='ocrx_word' id='word_1_118' title='bbox 476 1637 666 1706; x_wconf 84' lang='lat' dir='ltr'><strong><em>quium</em></strong></span> <span class='ocrx_word' id='word_1_119' title='bbox 692 1639 857 1695; x_wconf 86' lang='lat' dir='ltr'><strong><em>illud:</em></strong></span> <span class='ocrx_word' id='word_1_120' title='bbox 882 1639 1110 1696; x_wconf 87' lang='lat' dir='ltr'><strong><em>Immola</em></strong></span> <span class='ocrx_word' id='word_1_121' title='bbox 1135 1641 1241 1696; x_wconf 90' lang='lat' dir='ltr'><strong><em>Deo</em></strong></span> <span class='ocrx_word' id='word_1_122' title='bbox 1260 1644 1580 1712; x_wconf 85' lang='lat' dir='ltr'><strong><em>sacriﬁcium</em></strong></span> <span class='ocrx_word' id='word_1_123' title='bbox 1605 1645 1803 1708; x_wconf 85' lang='lat' dir='ltr'><strong><em>laudis,</em></strong></span> <span class='ocrx_word' id='word_1_124' title='bbox 1825 1654 1874 1698; x_wconf 90' lang='lat' dir='ltr'><strong><em>et</em></strong></span> <span class='ocrx_word' id='word_1_125' title='bbox 1897 1645 2050 1699; x_wconf 83' lang='lat' dir='ltr'><strong><em>redde</em></strong></span> 
     </span>
    </p>
   </div>
   <div class='ocr_carea' id='block_1_19' title="bbox 477 1728 2050 1806">
    <p class='ocr_par' dir='ltr' id='par_1_19' title="bbox 477 1728 2050 1806">
     <span class='ocr_line' id='line_1_19' title="bbox 477 1728 2050 1806; baseline 0.006 -25"><span class='ocrx_word' id='word_1_126' title='bbox 477 1728 704 1784; x_wconf 87' lang='lat' dir='ltr'><strong><em>Domino</em></strong></span> <span class='ocrx_word' id='word_1_127' title='bbox 735 1743 854 1785; x_wconf 85' lang='lat' dir='ltr'><strong><em>vota</em></strong></span> <span class='ocrx_word' id='word_1_128' title='bbox 886 1743 974 1788; x_wconf 89' lang='lat' dir='ltr'><strong><em>tua</em></strong></span> <span class='ocrx_word' id='word_1_129' title='bbox 998 1735 1061 1791; x_wconf 65' lang='grc' dir='ltr'>η.</span> <span class='ocrx_word' id='word_1_130' title='bbox 1086 1733 1318 1789; x_wconf 77' lang='lat' dir='ltr'><strong><em>Olleram</em></strong></span> <span class='ocrx_word' id='word_1_131' title='bbox 1343 1735 1524 1806; x_wconf 86' lang='lat' dir='ltr'><strong><em>itaque</em></strong></span> <span class='ocrx_word' id='word_1_132' title='bbox 1549 1736 1642 1790; x_wconf 84' lang='lat' dir='ltr'><strong><em>tibi</em></strong></span> <span class='ocrx_word' id='word_1_133' title='bbox 1673 1737 1908 1792; x_wconf 82' lang='lat' dir='ltr'><strong><em>hostium</em></strong></span> <span class='ocrx_word' id='word_1_134' title='bbox 1933 1738 2050 1791; x_wconf 82' lang='lat' dir='ltr'><strong><em>lau-</em></strong></span> 
     </span>
    </p>
   </div>
   <div class='ocr_carea' id='block_1_20' title="bbox 476 1819 2046 1898">
    <p class='ocr_par' dir='ltr' id='par_1_20' title="bbox 476 1819 2046 1898">
     <span class='ocr_line' id='line_1_20' title="bbox 476 1819 2046 1898; baseline 0.007 -25"><span class='ocrx_word' id='word_1_135' title='bbox 476 1819 586 1887; x_wconf 86' lang='lat' dir='ltr'><strong><em>dis,</em></strong></span> <span class='ocrx_word' id='word_1_136' title='bbox 617 1827 806 1892; x_wconf 85' lang='lat' dir='ltr'><strong><em>utpote</em></strong></span> <span class='ocrx_word' id='word_1_137' title='bbox 836 1825 1092 1880; x_wconf 91' lang='lat' dir='ltr'><strong><em>conscius</em></strong></span> <span class='ocrx_word' id='word_1_138' title='bbox 1125 1841 1210 1880; x_wconf 90' lang='lat' dir='ltr'><strong><em>me</em></strong></span> <span class='ocrx_word' id='word_1_139' title='bbox 1245 1827 1414 1879; x_wconf 87' lang='lat' dir='ltr'><strong><em>multa</em></strong></span> <span class='ocrx_word' id='word_1_140' title='bbox 1444 1843 1543 1898; x_wconf 84' lang='lat' dir='ltr'><strong><em>pro</em></strong></span> <span class='ocrx_word' id='word_1_141' title='bbox 1580 1828 1754 1882; x_wconf 88' lang='lat' dir='ltr'><strong><em>salute</em></strong></span> <span class='ocrx_word' id='word_1_142' title='bbox 1791 1843 1910 1882; x_wconf 88' lang='lat' dir='ltr'><strong><em>mea</em></strong></span> <span class='ocrx_word' id='word_1_143' title='bbox 1949 1827 2046 1884; x_wconf 91' lang='lat' dir='ltr'><strong><em>de-</em></strong></span> 
     </span>
    </p>
   </div>
   <div class='ocr_carea' id='block_1_21' title="bbox 477 1909 2044 1981">
    <p class='ocr_par' dir='ltr' id='par_1_21' title="bbox 477 1909 2044 1981">
     <span class='ocr_line' id='line_1_21' title="bbox 477 1909 2044 1981; baseline 0.007 -18"><span class='ocrx_word' id='word_1_144' title='bbox 477 1909 629 1966; x_wconf 83' lang='lat' dir='ltr'><strong><em>bere.</em></strong></span> <span class='ocrx_word' id='word_1_145' title='bbox 663 1909 842 1981; x_wconf 88' lang='lat' dir='ltr'><strong><em>lpsam</em></strong></span> <span class='ocrx_word' id='word_1_146' title='bbox 871 1921 1018 1969; x_wconf 89' lang='lat' dir='ltr'><strong><em>certe</em></strong></span> <span class='ocrx_word' id='word_1_147' title='bbox 1035 1916 1272 1970; x_wconf 88' lang='lat' dir='ltr'><strong><em>animam</em></strong></span> <span class='ocrx_word' id='word_1_148' title='bbox 1297 1932 1474 1971; x_wconf 86' lang='lat' dir='ltr'><strong><em>meam</em></strong></span> <span class='ocrx_word' id='word_1_149' title='bbox 1507 1932 1538 1971; x_wconf 89' lang='lat' dir='ltr'><strong><em>a</em></strong></span> <span class='ocrx_word' id='word_1_150' title='bbox 1570 1927 1745 1973; x_wconf 85' lang='lat' dir='ltr'><strong><em>morte</em></strong></span> <span class='ocrx_word' id='word_1_151' title='bbox 1781 1918 2044 1974; x_wconf 86' lang='lat' dir='ltr'><strong><em>liberasti.</em></strong></span> 
     </span>
    </p>
   </div>
   <div class='ocr_carea' id='block_1_22' title="bbox 476 1999 2050 2080">
    <p class='ocr_par' dir='ltr' id='par_1_22' title="bbox 476 1999 2050 2080">
     <span class='ocr_line' id='line_1_22' title="bbox 476 1999 2050 2080; baseline 0.006 -26"><span class='ocrx_word' id='word_1_152' title='bbox 476 1999 613 2055; x_wconf 85' lang='lat' dir='ltr'><strong><em>Nam</em></strong></span> <span class='ocrx_word' id='word_1_153' title='bbox 646 2001 854 2058; x_wconf 85' lang='lat' dir='ltr'><strong><em>inimici</em></strong></span> <span class='ocrx_word' id='word_1_154' title='bbox 907 2007 1012 2061; x_wconf 90' lang='lat' dir='ltr'><strong><em>mei</em></strong></span> <span class='ocrx_word' id='word_1_155' title='bbox 1061 2023 1161 2076; x_wconf 87' lang='lat' dir='ltr'><strong><em>pro</em></strong></span> <span class='ocrx_word' id='word_1_156' title='bbox 1197 2007 1404 2062; x_wconf 87' lang='lat' dir='ltr'><strong><em>viribus</em></strong></span> <span class='ocrx_word' id='word_1_157' title='bbox 1449 2010 1625 2080; x_wconf 85' lang='lat' dir='ltr'><strong><em>ipsam</em></strong></span> <span class='ocrx_word' id='word_1_158' title='bbox 1671 2011 1966 2080; x_wconf 87' lang='lat' dir='ltr'><strong><em>pellebant,</em></strong></span> <span class='ocrx_word' id='word_1_159' title='bbox 1996 2018 2050 2066; x_wconf 90' lang='lat' dir='ltr'><strong><em>et</em></strong></span> 
     </span>
    </p>
   </div>
   <div class='ocr_carea' id='block_1_23' title="bbox 475 2095 2050 2174">
    <p class='ocr_par' dir='ltr' id='par_1_23' title="bbox 475 2095 2050 2174">
     <span class='ocr_line' id='line_1_23' title="bbox 475 2095 2050 2174; baseline 0.008 -29"><span class='ocrx_word' id='word_1_160' title='bbox 475 2105 675 2162; x_wconf 82' lang='lat' dir='ltr'><strong><em>magna</em></strong></span> <span class='ocrx_word' id='word_1_161' title='bbox 699 2095 752 2148; x_wconf 89' lang='lat' dir='ltr'><strong><em>vi</em></strong></span> <span class='ocrx_word' id='word_1_162' title='bbox 783 2098 1052 2151; x_wconf 85' lang='lat' dir='ltr'><strong><em>curabant</em></strong></span> <span class='ocrx_word' id='word_1_163' title='bbox 1081 2114 1197 2152; x_wconf 88' lang='lat' dir='ltr'><strong><em>eam</em></strong></span> <span class='ocrx_word' id='word_1_164' title='bbox 1236 2099 1290 2152; x_wconf 91' lang='lat' dir='ltr'><strong><em>in</em></strong></span> <span class='ocrx_word' id='word_1_165' title='bbox 1321 2108 1554 2155; x_wconf 89' lang='lat' dir='ltr'><strong><em>mortem</em></strong></span> <span class='ocrx_word' id='word_1_166' title='bbox 1589 2102 2050 2174; x_wconf 85' lang='lat' dir='ltr'><strong><em>dejicerc.Siqui-</em></strong></span> 
     </span>
    </p>
   </div>
   <div class='ocr_carea' id='block_1_24' title="bbox 477 2182 2050 2262">
    <p class='ocr_par' dir='ltr' id='par_1_24' title="bbox 477 2182 2050 2262">
     <span class='ocr_line' id='line_1_24' title="bbox 477 2182 2050 2262; baseline 0.006 -24"><span class='ocrx_word' id='word_1_167' title='bbox 477 2182 602 2238; x_wconf 82' lang='lat' dir='ltr'><strong><em>dem</em></strong></span> <span class='ocrx_word' id='word_1_168' title='bbox 629 2183 756 2238; x_wconf 88' lang='lat' dir='ltr'><strong><em>dum</em></strong></span> <span class='ocrx_word' id='word_1_169' title='bbox 785 2201 872 2241; x_wconf 90' lang='lat' dir='ltr'><strong><em>me</em></strong></span> <span class='ocrx_word' id='word_1_170' title='bbox 899 2189 1180 2258; x_wconf 86' lang='lat' dir='ltr'><strong><em>pellerent,</em></strong></span> <span class='ocrx_word' id='word_1_171' title='bbox 1210 2198 1574 2262; x_wconf 80' lang='lat' dir='ltr'><strong><em>cogeremque</em></strong></span> <span class='ocrx_word' id='word_1_172' title='bbox 1607 2193 1674 2246; x_wconf 91' lang='lat' dir='ltr'><strong><em>ad</em></strong></span> <span class='ocrx_word' id='word_1_173' title='bbox 1697 2193 2050 2248; x_wconf 88' lang='lat' dir='ltr'><strong><em>habitandum</em></strong></span> 
     </span>
    </p>
   </div>
   <div class='ocr_carea' id='block_1_25' title="bbox 477 2274 2048 2355">
    <p class='ocr_par' dir='ltr' id='par_1_25' title="bbox 477 2274 2048 2355">
     <span class='ocr_line' id='line_1_25' title="bbox 477 2274 2048 2355; baseline 0.008 -28"><span class='ocrx_word' id='word_1_174' title='bbox 477 2274 536 2328; x_wconf 87' lang='lat' dir='ltr'><strong><em>in</em></strong></span> <span class='ocrx_word' id='word_1_175' title='bbox 568 2275 748 2330; x_wconf 86' lang='lat' dir='ltr'><strong><em>medio</em></strong></span> <span class='ocrx_word' id='word_1_176' title='bbox 777 2277 1178 2350; x_wconf 83' lang='lat' dir='ltr'><strong><em>allopbylorum</em></strong></span> <span class='ocrx_word' id='word_1_177' title='bbox 1217 2289 1270 2335; x_wconf 88' lang='lat' dir='ltr'><strong><em>et</em></strong></span> <span class='ocrx_word' id='word_1_178' title='bbox 1294 2282 1750 2352; x_wconf 80' lang='lat' dir='ltr'><strong><em>alienigenarum,</em></strong></span> <span class='ocrx_word' id='word_1_179' title='bbox 1785 2295 2048 2355; x_wconf 88' lang='lat' dir='ltr'><strong><em>quantum</em></strong></span> 
     </span>
    </p>
   </div>
   <div class='ocr_carea' id='block_1_26' title="bbox 481 2365 2050 2446">
    <p class='ocr_par' dir='ltr' id='par_1_26' title="bbox 481 2365 2050 2446">
     <span class='ocr_line' id='line_1_26' title="bbox 481 2365 2050 2446; baseline 0.01 -28"><span class='ocrx_word' id='word_1_180' title='bbox 481 2367 539 2418; x_wconf 88' lang='lat' dir='ltr'><strong><em>in</em></strong></span> <span class='ocrx_word' id='word_1_181' title='bbox 565 2365 700 2434; x_wconf 90' lang='lat' dir='ltr'><strong><em>ipsis</em></strong></span> <span class='ocrx_word' id='word_1_182' title='bbox 733 2374 850 2422; x_wconf 87' lang='lat' dir='ltr'><strong><em>erat</em></strong></span> <span class='ocrx_word' id='word_1_183' title='bbox 876 2371 1113 2424; x_wconf 88' lang='lat' dir='ltr'><strong><em>animam</em></strong></span> <span class='ocrx_word' id='word_1_184' title='bbox 1147 2374 1450 2428; x_wconf 89' lang='lat' dir='ltr'><strong><em>cnecabant</em></strong></span> <span class='ocrx_word' id='word_1_185' title='bbox 1483 2391 1656 2430; x_wconf 89' lang='lat' dir='ltr'><strong><em>meam</em></strong></span> <span class='ocrx_word' id='word_1_186' title='bbox 1683 2395 1698 2442; x_wconf 91' lang='lat'><strong><em>;</em></strong></span> <span class='ocrx_word' id='word_1_187' title='bbox 1739 2378 2050 2446; x_wconf 85' lang='lat' dir='ltr'><strong><em>proximum</em></strong></span> 
     </span>
    </p>
   </div>
   <div class='ocr_carea' id='block_1_27' title="bbox 479 2457 2052 2535">
    <p class='ocr_par' dir='ltr' id='par_1_27' title="bbox 479 2457 2052 2535">
     <span class='ocr_line' id='line_1_27' title="bbox 479 2457 2052 2535; baseline 0.011 -26"><span class='ocrx_word' id='word_1_188' title='bbox 479 2457 678 2527; x_wconf 90' lang='lat' dir='ltr'><strong><em>quippe</em></strong></span> <span class='ocrx_word' id='word_1_189' title='bbox 702 2466 820 2512; x_wconf 90' lang='lat' dir='ltr'><strong><em>erat</em></strong></span> <span class='ocrx_word' id='word_1_190' title='bbox 847 2469 903 2514; x_wconf 89' lang='lat' dir='ltr'><strong><em>ut</em></strong></span> <span class='ocrx_word' id='word_1_191' title='bbox 931 2461 1001 2514; x_wconf 89' lang='lat' dir='ltr'><strong><em>ad</em></strong></span> <span class='ocrx_word' id='word_1_192' title='bbox 1034 2461 1443 2535; x_wconf 80' lang='lat' dir='ltr'><strong><em>allophylorum</em></strong></span> <span class='ocrx_word' id='word_1_193' title='bbox 1483 2467 1843 2524; x_wconf 89' lang='lat' dir='ltr'><strong><em>idololatriam</em></strong></span> <span class='ocrx_word' id='word_1_194' title='bbox 1895 2487 2052 2527; x_wconf 87' lang='lat' dir='ltr'><strong><em>acce-</em></strong></span> 
     </span>
    </p>
   </div>
   <div class='ocr_carea' id='block_1_28' title="bbox 480 2549 2052 2636">
    <p class='ocr_par' dir='ltr' id='par_1_28' title="bbox 480 2549 2052 2636">
     <span class='ocr_line' id='line_1_28' title="bbox 480 2549 2052 2636; baseline 0.012 -33"><span class='ocrx_word' id='word_1_195' title='bbox 480 2549 687 2614; x_wconf 88' lang='lat' dir='ltr'><strong><em>derem,</em></strong></span> <span class='ocrx_word' id='word_1_196' title='bbox 744 2551 798 2606; x_wconf 90' lang='lat' dir='ltr'><strong><em>in</em></strong></span> <span class='ocrx_word' id='word_1_197' title='bbox 845 2553 1024 2608; x_wconf 85' lang='lat' dir='ltr'><strong><em>medio</em></strong></span> <span class='ocrx_word' id='word_1_198' title='bbox 1067 2571 1256 2610; x_wconf 88' lang='lat' dir='ltr'><strong><em>eorum</em></strong></span> <span class='ocrx_word' id='word_1_199' title='bbox 1317 2559 1613 2614; x_wconf 88' lang='lat' dir='ltr'><strong><em>habitans:</em></strong></span> <span class='ocrx_word' id='word_1_200' title='bbox 1643 2578 1751 2632; x_wconf 89' lang='lat' dir='ltr'><strong><em>quo</em></strong></span> <span class='ocrx_word' id='word_1_201' title='bbox 1809 2571 2052 2636; x_wconf 86' lang='lat' dir='ltr'><strong><em>tempore</em></strong></span> 
     </span>
    </p>
   </div>
   <div class='ocr_carea' id='block_1_29' title="bbox 479 2638 2047 2724">
    <p class='ocr_par' dir='ltr' id='par_1_29' title="bbox 479 2638 2047 2724">
     <span class='ocr_line' id='line_1_29' title="bbox 479 2638 2047 2724; baseline 0.011 -33"><span class='ocrx_word' id='word_1_202' title='bbox 479 2638 624 2708; x_wconf 85' lang='lat' dir='ltr'><strong><em>apud</em></strong></span> <span class='ocrx_word' id='word_1_203' title='bbox 650 2639 838 2696; x_wconf 86' lang='lat' dir='ltr'><strong><em>Achus</em></strong></span> <span class='ocrx_word' id='word_1_204' title='bbox 881 2641 934 2696; x_wconf 89' lang='lat' dir='ltr'><strong><em>in</em></strong></span> <span class='ocrx_word' id='word_1_205' title='bbox 976 2643 1114 2698; x_wconf 86' lang='lat' dir='ltr'><strong><em>Getb</em></strong></span> <span class='ocrx_word' id='word_1_206' title='bbox 1146 2653 1196 2699; x_wconf 87' lang='lat' dir='ltr'><strong><em>et</em></strong></span> <span class='ocrx_word' id='word_1_207' title='bbox 1227 2647 1370 2715; x_wconf 86' lang='lat' dir='ltr'><strong><em>apud</em></strong></span> <span class='ocrx_word' id='word_1_208' title='bbox 1416 2649 1722 2721; x_wconf 87' lang='lat' dir='ltr'><strong><em>allophylos</em></strong></span> <span class='ocrx_word' id='word_1_209' title='bbox 1764 2652 2047 2724; x_wconf 81' lang='lat' dir='ltr'><strong><em>degebam,</em></strong></span> 
     </span>
    </p>
   </div>
   <div class='ocr_carea' id='block_1_30' title="bbox 476 2729 2046 2816">
    <p class='ocr_par' dir='ltr' id='par_1_30' title="bbox 476 2729 2046 2816">
     <span class='ocr_line' id='line_1_30' title="bbox 476 2729 2046 2816; baseline 0.013 -33"><span class='ocrx_word' id='word_1_210' title='bbox 476 2729 589 2802; x_wconf 86' lang='lat' dir='ltr'><strong><em>jam</em></strong></span> <span class='ocrx_word' id='word_1_211' title='bbox 619 2732 828 2801; x_wconf 88' lang='lat' dir='ltr'><strong><em>pridem</em></strong></span> <span class='ocrx_word' id='word_1_212' title='bbox 883 2734 951 2788; x_wconf 90' lang='lat' dir='ltr'><strong><em>ab</em></strong></span> <span class='ocrx_word' id='word_1_213' title='bbox 1005 2750 1090 2800; x_wconf 89' lang='lat' dir='ltr'><strong><em>ea,</em></strong></span> <span class='ocrx_word' id='word_1_214' title='bbox 1119 2753 1238 2806; x_wconf 72' lang='lat' dir='ltr'><strong><em>qua:</em></strong></span> <span class='ocrx_word' id='word_1_215' title='bbox 1274 2755 1440 2808; x_wconf 87' lang='lat' dir='ltr'><strong><em>penes</em></strong></span> <span class='ocrx_word' id='word_1_216' title='bbox 1472 2751 1524 2798; x_wconf 91' lang='lat' dir='ltr'><strong><em>te</em></strong></span> <span class='ocrx_word' id='word_1_217' title='bbox 1555 2751 1656 2807; x_wconf 84' lang='lat' dir='ltr'><strong><em>est,</em></strong></span> <span class='ocrx_word' id='word_1_218' title='bbox 1693 2745 1802 2798; x_wconf 89' lang='lat' dir='ltr'><strong><em>vita</em></strong></span> <span class='ocrx_word' id='word_1_219' title='bbox 1841 2746 2046 2816; x_wconf 88' lang='lat' dir='ltr'><strong><em>lapsus,</em></strong></span> 
     </span>
    </p>
   </div>
   <div class='ocr_carea' id='block_1_31' title="bbox 481 2825 2048 2900">
    <p class='ocr_par' dir='ltr' id='par_1_31' title="bbox 481 2825 2048 2900">
     <span class='ocr_line' id='line_1_31' title="bbox 481 2825 2048 2900; baseline 0.008 -23"><span class='ocrx_word' id='word_1_220' title='bbox 481 2825 666 2877; x_wconf 83' lang='lat' dir='ltr'><strong><em>anima</em></strong></span> <span class='ocrx_word' id='word_1_221' title='bbox 694 2833 942 2882; x_wconf 90' lang='lat' dir='ltr'><strong><em>mortuus</em></strong></span> <span class='ocrx_word' id='word_1_222' title='bbox 973 2843 1146 2882; x_wconf 86' lang='lat' dir='ltr'><strong><em>essem</em></strong></span> <span class='ocrx_word' id='word_1_223' title='bbox 1174 2846 1187 2882; x_wconf 90' lang='lat'>:</span> <span class='ocrx_word' id='word_1_224' title='bbox 1221 2830 1314 2884; x_wconf 86' lang='lat' dir='ltr'><strong><em>sed</em></strong></span> <span class='ocrx_word' id='word_1_225' title='bbox 1365 2831 1538 2900; x_wconf 80' lang='lat' dir='ltr'><strong><em>gratia</em></strong></span> <span class='ocrx_word' id='word_1_226' title='bbox 1589 2840 1642 2888; x_wconf 88' lang='lat' dir='ltr'><strong><em>et</em></strong></span> <span class='ocrx_word' id='word_1_227' title='bbox 1673 2835 2048 2890; x_wconf 85' lang='lat' dir='ltr'><strong><em>misericordia</em></strong></span> 
     </span>
    </p>
   </div>
   <div class='ocr_carea' id='block_1_32' title="bbox 483 2916 2046 2996">
    <p class='ocr_par' dir='ltr' id='par_1_32' title="bbox 483 2916 2046 2996">
     <span class='ocr_line' id='line_1_32' title="bbox 483 2916 2046 2996; baseline 0.01 -29"><span class='ocrx_word' id='word_1_228' title='bbox 483 2921 576 2969; x_wconf 86' lang='lat' dir='ltr'><strong><em>tua</em></strong></span> <span class='ocrx_word' id='word_1_229' title='bbox 606 2916 660 2972; x_wconf 89' lang='lat' dir='ltr'><strong><em>id</em></strong></span> <span class='ocrx_word' id='word_1_230' title='bbox 693 2919 1008 2990; x_wconf 82' lang='lat' dir='ltr'><strong><em>contingere</em></strong></span> <span class='ocrx_word' id='word_1_231' title='bbox 1039 2935 1146 2980; x_wconf 86' lang='lat' dir='ltr'><strong><em>non</em></strong></span> <span class='ocrx_word' id='word_1_232' title='bbox 1171 2921 1449 2990; x_wconf 84' lang='lat' dir='ltr'><strong><em>permisit;</em></strong></span> <span class='ocrx_word' id='word_1_233' title='bbox 1472 2926 1910 2996; x_wconf 85' lang='lat' dir='ltr'><strong><em>quandoquidem</em></strong></span> <span class='ocrx_word' id='word_1_234' title='bbox 1939 2944 2046 2994; x_wconf 88' lang='lat' dir='ltr'><strong><em>me,</em></strong></span> 
     </span>
    </p>
   </div>
   <div class='ocr_carea' id='block_1_33' title="bbox 482 3009 2048 3090">
    <p class='ocr_par' dir='ltr' id='par_1_33' title="bbox 482 3009 2048 3090">
     <span class='ocr_line' id='line_1_33' title="bbox 482 3009 2048 3090; baseline 0.007 -28"><span class='ocrx_word' id='word_1_235' title='bbox 482 3009 646 3062; x_wconf 87' lang='lat' dir='ltr'><strong><em>etiam</em></strong></span> <span class='ocrx_word' id='word_1_236' title='bbox 699 3011 842 3080; x_wconf 89' lang='lat' dir='ltr'><strong><em>apud</em></strong></span> <span class='ocrx_word' id='word_1_237' title='bbox 891 3011 1193 3082; x_wconf 83' lang='lat' dir='ltr'><strong><em>allophylos</em></strong></span> <span class='ocrx_word' id='word_1_238' title='bbox 1238 3023 1569 3082; x_wconf 88' lang='lat' dir='ltr'><strong><em>versantem,</em></strong></span> <span class='ocrx_word' id='word_1_239' title='bbox 1613 3022 1954 3090; x_wconf 81' lang='lat' dir='ltr'><strong><em>protegebas.</em></strong></span> <span class='ocrx_word' id='word_1_240' title='bbox 1991 3029 2048 3074; x_wconf 88' lang='lat' dir='ltr'><strong><em>ut</em></strong></span> 
     </span>
    </p>
   </div>
   <div class='ocr_carea' id='block_1_34' title="bbox 2149 515 2330 580">
    <p class='ocr_par' dir='ltr' id='par_1_34' title="bbox 2149 515 2330 580">
     <span class='ocr_line' id='line_1_34' title="bbox 2149 515 2330 580; baseline 0.011 -12"><span class='ocrx_word' id='word_1_241' title='bbox 2149 515 2296 569; x_wconf 84' lang='grc' dir='ltr'><strong><em>τεῖτε</em></strong></span> <span class='ocrx_word' id='word_1_242' title='bbox 2311 533 2330 580; x_wconf 88' lang='grc'><em>;</em></span> 
     </span>
    </p>
   </div>
   <div class='ocr_carea' id='block_1_35' title="bbox 2214 631 3746 704">
    <p class='ocr_par' dir='ltr' id='par_1_35' title="bbox 2214 631 3746 704">
     <span class='ocr_line' id='line_1_35' title="bbox 2214 631 3746 704; baseline 0.003 -18"><span class='ocrx_word' id='word_1_243' title='bbox 2214 635 2314 686; x_wconf 74' lang='grc' dir='ltr'><em>Ἐν</em></span> <span class='ocrx_word' id='word_1_244' title='bbox 2336 631 2485 702; x_wconf 75' lang='grc' dir='ltr'>ἐμοὶ,</span> <span class='ocrx_word' id='word_1_245' title='bbox 2504 635 2537 686; x_wconf 80' lang='grc' dir='ltr'><em>ὁ</em></span> <span class='ocrx_word' id='word_1_246' title='bbox 2553 631 2715 697; x_wconf 76' lang='grc' dir='ltr'>Θεὸς,</span> <span class='ocrx_word' id='word_1_247' title='bbox 2735 634 2798 684; x_wconf 85' lang='lat' dir='ltr'><strong><em>ai</em></strong></span> <span class='ocrx_word' id='word_1_248' title='bbox 2813 631 3008 702; x_wconf 78' lang='grc' dir='ltr'>εὐχαὶ,</span> <span class='ocrx_word' id='word_1_249' title='bbox 3028 631 3102 698; x_wconf 79' lang='grc' dir='ltr'>ἇς</span> <span class='ocrx_word' id='word_1_250' title='bbox 3126 633 3416 688; x_wconf 77' lang='grc' dir='ltr'><strong><em>ἀποδώσω</em></strong></span> <span class='ocrx_word' id='word_1_251' title='bbox 3438 631 3746 704; x_wconf 78' lang='grc' dir='ltr'>αινέσεώς¹</span> 
     </span>
    </p>
   </div>
   <div class='ocr_carea' id='block_1_36' title="bbox 2148 722 3722 792">
    <p class='ocr_par' dir='ltr' id='par_1_36' title="bbox 2148 722 3722 792">
     <span class='ocr_line' id='line_1_36' title="bbox 2148 722 3722 792; baseline 0.003 -14"><span class='ocrx_word' id='word_1_252' title='bbox 2148 742 2266 778; x_wconf 89' lang='grc' dir='ltr'>σοι.</span> <span class='ocrx_word' id='word_1_253' title='bbox 2305 725 2422 776; x_wconf 82' lang='grc' dir='ltr'><strong><em>’Ότι</em></strong></span> <span class='ocrx_word' id='word_1_254' title='bbox 2471 724 2702 792; x_wconf 75' lang='grc' dir='ltr'>ἐρῤύσω</span> <span class='ocrx_word' id='word_1_255' title='bbox 2759 722 2872 790; x_wconf 77' lang='grc' dir='ltr'><strong><em>τὴν</em></strong></span> <span class='ocrx_word' id='word_1_256' title='bbox 2897 723 3110 791; x_wconf 64' lang='grc' dir='ltr'><strong><em>ψυχήν</em></strong></span> <span class='ocrx_word' id='word_1_257' title='bbox 3149 741 3267 792; x_wconf 82' lang='grc' dir='ltr'>μου</span> <span class='ocrx_word' id='word_1_258' title='bbox 3319 725 3386 780; x_wconf 78' lang='grc' dir='ltr'>ἐκ</span> <span class='ocrx_word' id='word_1_259' title='bbox 3437 727 3722 790; x_wconf 75' lang='grc' dir='ltr'>θανάτου,</span> 
     </span>
    </p>
   </div>
   <div class='ocr_carea' id='block_1_37' title="bbox 2147 813 3728 886">
    <p class='ocr_par' dir='ltr' id='par_1_37' title="bbox 2147 813 3728 886">
     <span class='ocr_line' id='line_1_37' title="bbox 2147 813 3728 886; baseline 0.001 -16"><span class='ocrx_word' id='word_1_260' title='bbox 2147 817 2244 870; x_wconf 77' lang='grc' dir='ltr'>καὶ</span> <span class='ocrx_word' id='word_1_261' title='bbox 2273 815 2413 882; x_wconf 78' lang='grc' dir='ltr'>τοὺς</span> <span class='ocrx_word' id='word_1_262' title='bbox 2437 815 2626 880; x_wconf 79' lang='grc' dir='ltr'>πόδας</span> <span class='ocrx_word' id='word_1_263' title='bbox 2645 833 2762 883; x_wconf 83' lang='grc' dir='ltr'>μου</span> <span class='ocrx_word' id='word_1_264' title='bbox 2803 813 2872 878; x_wconf 81' lang='grc' dir='ltr'><strong><em>ἐξ</em></strong></span> <span class='ocrx_word' id='word_1_265' title='bbox 2911 815 3332 886; x_wconf 75' lang='grc' dir='ltr'><strong><em>ὀλισθήματος,</em></strong></span> <span class='ocrx_word' id='word_1_266' title='bbox 3371 817 3476 871; x_wconf 87' lang='grc' dir='ltr'>τοῦ</span> <span class='ocrx_word' id='word_1_267' title='bbox 3520 820 3728 885; x_wconf 77' lang='grc' dir='ltr'>εὐαρε-</span> 
     </span>
    </p>
   </div>
   <div class='ocr_carea' id='block_1_38' title="bbox 2148 907 3728 976">
    <p class='ocr_par' dir='ltr' id='par_1_38' title="bbox 2148 907 3728 976">
     <span class='ocr_line' id='line_1_38' title="bbox 2148 907 3728 976; baseline 0.001 -14"><span class='ocrx_word' id='word_1_268' title='bbox 2148 908 2370 976; x_wconf 80' lang='grc' dir='ltr'>στῆσαι</span> <span class='ocrx_word' id='word_1_269' title='bbox 2405 907 2660 961; x_wconf 74' lang='grc' dir='ltr'><em>ἐνώπιον</em></span> <span class='ocrx_word' id='word_1_270' title='bbox 2687 908 2791 962; x_wconf 85' lang='grc' dir='ltr'>τοῦ</span> <span class='ocrx_word' id='word_1_271' title='bbox 2817 907 2962 962; x_wconf 82' lang='grc' dir='ltr'>Θεοῦ</span> <span class='ocrx_word' id='word_1_272' title='bbox 2998 909 3067 960; x_wconf 79' lang='grc' dir='ltr'><strong><em>ἐν</em></strong></span> <span class='ocrx_word' id='word_1_273' title='bbox 3099 909 3244 976; x_wconf 65' lang='grc' dir='ltr'>φωτὶ</span> <span class='ocrx_word' id='word_1_274' title='bbox 3285 908 3530 970; x_wconf 75' lang='grc' dir='ltr'>ζώντων.</span> <span class='ocrx_word' id='word_1_275' title='bbox 3577 911 3728 963; x_wconf 77' lang='grc' dir='ltr'>Ἀντὶ</span> 
     </span>
    </p>
   </div>
   <div class='ocr_carea' id='block_1_39' title="bbox 2146 999 3706 1070">
    <p class='ocr_par' dir='ltr' id='par_1_39' title="bbox 2146 999 3706 1070">
     <span class='ocr_line' id='line_1_39' title="bbox 2146 999 3706 1070; baseline 0.001 -17"><span class='ocrx_word' id='word_1_276' title='bbox 2146 1001 2260 1064; x_wconf 78' lang='grc' dir='ltr'>τοῦ,</span> <span class='ocrx_word' id='word_1_277' title='bbox 2303 1003 2397 1053; x_wconf 75' lang='grc' dir='ltr'><strong><em>Ἑν</em></strong></span> <span class='ocrx_word' id='word_1_278' title='bbox 2421 1001 2573 1069; x_wconf 68' lang='grc' dir='ltr'>ἐμοὶ,</span> <span class='ocrx_word' id='word_1_279' title='bbox 2607 1003 2639 1052; x_wconf 85' lang='grc' dir='ltr'><em>ὁ</em></span> <span class='ocrx_word' id='word_1_280' title='bbox 2673 1001 2835 1066; x_wconf 81' lang='grc' dir='ltr'>Θεὸς,</span> <span class='ocrx_word' id='word_1_281' title='bbox 2861 1003 2920 1052; x_wconf 83' lang='lat' dir='ltr'><strong><em>al</em></strong></span> <span class='ocrx_word' id='word_1_282' title='bbox 2939 1001 3132 1068; x_wconf 74' lang='grc' dir='ltr'>εὐχαί,</span> <span class='ocrx_word' id='word_1_283' title='bbox 3159 999 3240 1070; x_wconf 77' lang='grc' dir='ltr'><strong><em>¹ἂς</em></strong></span> <span class='ocrx_word' id='word_1_284' title='bbox 3264 1001 3553 1055; x_wconf 79' lang='grc' dir='ltr'><strong><em>ἀποδώσω</em></strong></span> <span class='ocrx_word' id='word_1_285' title='bbox 3573 1001 3706 1055; x_wconf 73' lang='lat' dir='ltr'><strong><em>al-ré</em></strong></span> 
     </span>
    </p>
   </div>
   <div class='ocr_carea' id='block_1_40' title="bbox 2149 1087 3724 1167">
    <p class='ocr_par' dir='ltr' id='par_1_40' title="bbox 2149 1087 3724 1167">
     <span class='ocr_line' id='line_1_40' title="bbox 2149 1087 3724 1167; baseline 0.001 -18"><span class='ocrx_word' id='word_1_286' title='bbox 2149 1095 2302 1161; x_wconf 81' lang='grc' dir='ltr'>σεώς</span> <span class='ocrx_word' id='word_1_287' title='bbox 2341 1111 2458 1159; x_wconf 86' lang='grc' dir='ltr'>σοι,</span> <span class='ocrx_word' id='word_1_288' title='bbox 2495 1095 2824 1165; x_wconf 65' lang='grc' dir='ltr'>σαφέστερον</span> <span class='ocrx_word' id='word_1_289' title='bbox 2859 1087 3200 1166; x_wconf 70' lang='grc' dir='ltr'>ἧρμήνευσεν</span> <span class='ocrx_word' id='word_1_290' title='bbox 3253 1098 3282 1148; x_wconf 85' lang='grc' dir='ltr'>ὁ</span> <span class='ocrx_word' id='word_1_291' title='bbox 3324 1096 3614 1167; x_wconf 77' lang='grc' dir='ltr'><strong><em>Σύμμαχος</em></strong></span> <span class='ocrx_word' id='word_1_292' title='bbox 3641 1100 3724 1150; x_wconf 79' lang='grc' dir='ltr'><strong><em>εἰ·</em></strong></span> 
     </span>
    </p>
   </div>
   <div class='ocr_carea' id='block_1_41' title="bbox 2149 1185 3725 1256">
    <p class='ocr_par' dir='ltr' id='par_1_41' title="bbox 2149 1185 3725 1256">
     <span class='ocr_line' id='line_1_41' title="bbox 2149 1185 3725 1256; baseline 0.002 -17"><span class='ocrx_word' id='word_1_293' title='bbox 2149 1186 2283 1239; x_wconf 82' lang='grc' dir='ltr'><strong><em>πών·</em></strong></span> <span class='ocrx_word' id='word_1_294' title='bbox 2369 1187 2766 1256; x_wconf 79' lang='grc' dir='ltr'>Ἁναδέχομαι,</span> <span class='ocrx_word' id='word_1_295' title='bbox 2817 1185 2942 1251; x_wconf 85' lang='grc' dir='ltr'><strong><em>Θεὲ,</em></strong></span> <span class='ocrx_word' id='word_1_296' title='bbox 2997 1186 3034 1239; x_wconf 73' lang='lat' dir='ltr'><strong><em>ti</em></strong></span> <span class='ocrx_word' id='word_1_297' title='bbox 3077 1185 3372 1255; x_wconf 64' lang='grc' dir='ltr'><strong><em>ηὐξάμην</em></strong></span> <span class='ocrx_word' id='word_1_298' title='bbox 3433 1187 3725 1242; x_wconf 77' lang='grc' dir='ltr'><strong><em>ἀποδώσω</em></strong></span> 
     </span>
    </p>
   </div>
   <div class='ocr_carea' id='block_1_42' title="bbox 2147 1273 3723 1350">
    <p class='ocr_par' dir='ltr' id='par_1_42' title="bbox 2147 1273 3723 1350">
     <span class='ocr_line' id='line_1_42' title="bbox 2147 1273 3723 1350; baseline 0 -18"><span class='ocrx_word' id='word_1_299' title='bbox 2147 1280 2406 1344; x_wconf 76' lang='grc' dir='ltr'>αἱνέσεις</span> <span class='ocrx_word' id='word_1_300' title='bbox 2434 1294 2550 1332; x_wconf 84' lang='grc' dir='ltr'>σοι.</span> <span class='ocrx_word' id='word_1_301' title='bbox 2581 1281 2653 1332; x_wconf 85' lang='grc' dir='ltr'>Ού</span> <span class='ocrx_word' id='word_1_302' title='bbox 2697 1280 2806 1350; x_wconf 76' lang='grc' dir='ltr'><strong><em>γὰρ</em></strong></span> <span class='ocrx_word' id='word_1_303' title='bbox 2835 1278 3210 1348; x_wconf 76' lang='grc' dir='ltr'><strong><em>ἐπιλέλησμαι,</em></strong></span> <span class='ocrx_word' id='word_1_304' title='bbox 3259 1280 3408 1348; x_wconf 74' lang='grc' dir='ltr'>φησὶ,</span> <span class='ocrx_word' id='word_1_305' title='bbox 3441 1273 3516 1332; x_wconf 80' lang='grc' dir='ltr'>ὧν</span> <span class='ocrx_word' id='word_1_306' title='bbox 3553 1280 3723 1348; x_wconf 73' lang='grc' dir='ltr'><strong><em>ηὐξά-</em></strong></span> 
     </span>
    </p>
   </div>
   <div class='ocr_carea' id='block_1_43' title="bbox 2151 1369 3726 1442">
    <p class='ocr_par' dir='ltr' id='par_1_43' title="bbox 2151 1369 3726 1442">
     <span class='ocr_line' id='line_1_43' title="bbox 2151 1369 3726 1442; baseline 0.001 -20"><span class='ocrx_word' id='word_1_307' title='bbox 2151 1387 2278 1440; x_wconf 74' lang='grc' dir='ltr'>μηνο</span> <span class='ocrx_word' id='word_1_308' title='bbox 2306 1369 2420 1424; x_wconf 81' lang='grc' dir='ltr'>ἀλλ’</span> <span class='ocrx_word' id='word_1_309' title='bbox 2451 1371 2508 1424; x_wconf 80' lang='grc' dir='ltr'>ὲν</span> <span class='ocrx_word' id='word_1_310' title='bbox 2535 1370 2656 1440; x_wconf 81' lang='grc' dir='ltr'>ἐμοί</span> <span class='ocrx_word' id='word_1_311' title='bbox 2687 1372 2811 1434; x_wconf 86' lang='grc' dir='ltr'>εἱσι,</span> <span class='ocrx_word' id='word_1_312' title='bbox 2865 1370 2957 1422; x_wconf 74' lang='grc' dir='ltr'><strong><em>καὶ</em></strong></span> <span class='ocrx_word' id='word_1_313' title='bbox 2995 1370 3208 1439; x_wconf 84' lang='grc' dir='ltr'><strong><em>κατέχω</em></strong></span> <span class='ocrx_word' id='word_1_314' title='bbox 3237 1373 3302 1440; x_wconf 82' lang='grc' dir='ltr'>τῇ</span> <span class='ocrx_word' id='word_1_315' title='bbox 3337 1373 3522 1442; x_wconf 77' lang='grc' dir='ltr'>μνήμῃ</span> <span class='ocrx_word' id='word_1_316' title='bbox 3549 1371 3726 1424; x_wconf 78' lang='grc' dir='ltr'>πάντα</span> 
     </span>
    </p>
   </div>
   <div class='ocr_carea' id='block_1_44' title="bbox 2147 1461 3726 1534">
    <p class='ocr_par' dir='ltr' id='par_1_44' title="bbox 2147 1461 3726 1534">
     <span class='ocr_line' id='line_1_44' title="bbox 2147 1461 3726 1534; baseline -0.008 -9"><span class='ocrx_word' id='word_1_317' title='bbox 2147 1464 2245 1516; x_wconf 81' lang='grc' dir='ltr'>ὅσα</span> <span class='ocrx_word' id='word_1_318' title='bbox 2271 1463 2682 1534; x_wconf 72' lang='grc' dir='ltr'><strong><em>ἐπηγγειλάμην</em></strong></span> <span class='ocrx_word' id='word_1_319' title='bbox 2715 1461 3028 1532; x_wconf 74' lang='grc' dir='ltr'>εὐξάμενοςο</span> <span class='ocrx_word' id='word_1_320' title='bbox 3063 1463 3096 1516; x_wconf 80' lang='lat' dir='ltr'><strong><em>iit</em></strong></span> <span class='ocrx_word' id='word_1_321' title='bbox 3125 1463 3218 1515; x_wconf 77' lang='grc' dir='ltr'>καὶ</span> <span class='ocrx_word' id='word_1_322' title='bbox 3247 1463 3434 1534; x_wconf 83' lang='grc' dir='ltr'>ὥσπερ</span> <span class='ocrx_word' id='word_1_323' title='bbox 3459 1480 3510 1514; x_wconf 87' lang='grc' dir='ltr'><strong><em>τι</em></strong></span> <span class='ocrx_word' id='word_1_324' title='bbox 3563 1464 3726 1532; x_wconf 81' lang='grc' dir='ltr'>χρέος</span> 
     </span>
    </p>
   </div>
   <div class='ocr_carea' id='block_1_45' title="bbox 2148 1554 3726 1627">
    <p class='ocr_par' dir='ltr' id='par_1_45' title="bbox 2148 1554 3726 1627">
     <span class='ocr_line' id='line_1_45' title="bbox 2148 1554 3726 1627; baseline 0 -19"><span class='ocrx_word' id='word_1_325' title='bbox 2148 1554 2430 1618; x_wconf 81' lang='grc' dir='ltr'>ἀποδώσω,</span> <span class='ocrx_word' id='word_1_326' title='bbox 2459 1554 2648 1618; x_wconf 79' lang='grc' dir='ltr'><strong><em>θυσίας</em></strong></span> <span class='ocrx_word' id='word_1_327' title='bbox 2677 1556 2960 1627; x_wconf 66' lang='grc' dir='ltr'>ἀναφέρων</span> <span class='ocrx_word' id='word_1_328' title='bbox 2979 1557 3076 1618; x_wconf 81' lang='grc' dir='ltr'><strong><em>τὰς</em></strong></span> <span class='ocrx_word' id='word_1_329' title='bbox 3091 1557 3156 1608; x_wconf 82' lang='grc' dir='ltr'>δι’</span> <span class='ocrx_word' id='word_1_330' title='bbox 3176 1557 3448 1618; x_wconf 80' lang='grc' dir='ltr'><strong><em>αἰνέσεως,</em></strong></span> <span class='ocrx_word' id='word_1_331' title='bbox 3467 1557 3561 1608; x_wconf 74' lang='grc' dir='ltr'>καὶ</span> <span class='ocrx_word' id='word_1_332' title='bbox 3582 1557 3726 1610; x_wconf 82' lang='grc' dir='ltr'><strong><em>κατὰ</em></strong></span> 
     </span>
    </p>
   </div>
   <div class='ocr_carea' id='block_1_46' title="bbox 2148 1647 3724 1718">
    <p class='ocr_par' dir='ltr' id='par_1_46' title="bbox 2148 1647 3724 1718">
     <span class='ocr_line' id='line_1_46' title="bbox 2148 1647 3724 1718; baseline -0.001 -15"><span class='ocrx_word' id='word_1_333' title='bbox 2148 1649 2208 1703; x_wconf 82' lang='grc' dir='ltr'>τὸ</span> <span class='ocrx_word' id='word_1_334' title='bbox 2240 1650 2445 1718; x_wconf 82' lang='grc' dir='ltr'>φάσκον</span> <span class='ocrx_word' id='word_1_335' title='bbox 2499 1647 2696 1716; x_wconf 79' lang='grc' dir='ltr'>λόγιον·</span> <span class='ocrx_word' id='word_1_336' title='bbox 2757 1650 2958 1702; x_wconf 78' lang='grc' dir='ltr'><strong><em>Θῦσσν</em></strong></span> <span class='ocrx_word' id='word_1_337' title='bbox 3009 1649 3087 1715; x_wconf 87' lang='grc' dir='ltr'>τῷ</span> <span class='ocrx_word' id='word_1_338' title='bbox 3137 1648 3258 1714; x_wconf 85' lang='grc' dir='ltr'><strong><em>Θεῷ</em></strong></span> <span class='ocrx_word' id='word_1_339' title='bbox 3304 1649 3524 1702; x_wconf 79' lang='grc' dir='ltr'>θυσίαν</span> <span class='ocrx_word' id='word_1_340' title='bbox 3561 1648 3724 1702; x_wconf 72' lang='grc' dir='ltr'>σινέ-</span> 
     </span>
    </p>
   </div>
   <div class='ocr_carea' id='block_1_47' title="bbox 2151 1738 3726 1810">
    <p class='ocr_par' dir='ltr' id='par_1_47' title="bbox 2151 1738 3726 1810">
     <span class='ocr_line' id='line_1_47' title="bbox 2151 1738 3726 1810; baseline -0.003 -16"><span class='ocrx_word' id='word_1_341' title='bbox 2151 1756 2324 1805; x_wconf 84' lang='grc' dir='ltr'>σεως,</span> <span class='ocrx_word' id='word_1_342' title='bbox 2344 1738 2438 1793; x_wconf 77' lang='grc' dir='ltr'><strong><em>καί</em></strong></span> <span class='ocrx_word' id='word_1_343' title='bbox 2465 1739 2688 1804; x_wconf 79' lang='grc' dir='ltr'><strong><em>ἀπόδος</em></strong></span> <span class='ocrx_word' id='word_1_344' title='bbox 2707 1740 2788 1804; x_wconf 85' lang='grc' dir='ltr'>τῷ</span> <span class='ocrx_word' id='word_1_345' title='bbox 2817 1741 3010 1808; x_wconf 76' lang='grc' dir='ltr'>Κυρίῳ</span> <span class='ocrx_word' id='word_1_346' title='bbox 3031 1739 3136 1805; x_wconf 77' lang='grc' dir='ltr'>τὰς</span> <span class='ocrx_word' id='word_1_347' title='bbox 3172 1739 3356 1810; x_wconf 81' lang='grc' dir='ltr'>εὐχάς</span> <span class='ocrx_word' id='word_1_348' title='bbox 3387 1754 3522 1792; x_wconf 79' lang='grc' dir='ltr'>σου.</span> <span class='ocrx_word' id='word_1_349' title='bbox 3562 1740 3726 1792; x_wconf 78' lang='grc' dir='ltr'>Ἀπο-</span> 
     </span>
    </p>
   </div>
   <div class='ocr_carea' id='block_1_48' title="bbox 2149 1830 3724 1903">
    <p class='ocr_par' dir='ltr' id='par_1_48' title="bbox 2149 1830 3724 1903">
     <span class='ocr_line' id='line_1_48' title="bbox 2149 1830 3724 1903; baseline -0.001 -18"><span class='ocrx_word' id='word_1_350' title='bbox 2149 1831 2304 1886; x_wconf 86' lang='grc' dir='ltr'>δώσω</span> <span class='ocrx_word' id='word_1_351' title='bbox 2363 1832 2542 1885; x_wconf 83' lang='grc' dir='ltr'>τοίνυν</span> <span class='ocrx_word' id='word_1_352' title='bbox 2593 1831 2850 1895; x_wconf 84' lang='grc' dir='ltr'>αἰνέσεώς</span> <span class='ocrx_word' id='word_1_353' title='bbox 2881 1849 2980 1884; x_wconf 80' lang='grc' dir='ltr'>σοι’</span> <span class='ocrx_word' id='word_1_354' title='bbox 3038 1831 3224 1903; x_wconf 78' lang='grc' dir='ltr'>ἐπειδὴ</span> <span class='ocrx_word' id='word_1_355' title='bbox 3280 1830 3449 1884; x_wconf 75' lang='grc' dir='ltr'>πολλὰ</span> <span class='ocrx_word' id='word_1_356' title='bbox 3509 1831 3724 1884; x_wconf 82' lang='grc' dir='ltr'>σύνοιδα</span> 
     </span>
    </p>
   </div>
   <div class='ocr_carea' id='block_1_49' title="bbox 2149 1923 3722 1996">
    <p class='ocr_par' dir='ltr' id='par_1_49' title="bbox 2149 1923 3722 1996">
     <span class='ocr_line' id='line_1_49' title="bbox 2149 1923 3722 1996; baseline -0.001 -18"><span class='ocrx_word' id='word_1_357' title='bbox 2149 1925 2366 1996; x_wconf 78' lang='grc' dir='ltr'>ἐμαυτῷ</span> <span class='ocrx_word' id='word_1_358' title='bbox 2387 1925 2654 1995; x_wconf 74' lang='grc' dir='ltr'>ὀφείλοντι</span> <span class='ocrx_word' id='word_1_359' title='bbox 2684 1925 2822 1996; x_wconf 81' lang='grc' dir='ltr'>ὑπὲρ</span> <span class='ocrx_word' id='word_1_360' title='bbox 2841 1926 2940 1996; x_wconf 80' lang='grc' dir='ltr'>τῆς</span> <span class='ocrx_word' id='word_1_361' title='bbox 2962 1923 3198 1995; x_wconf 74' lang='grc' dir='ltr'>ἐμαυτοῦ</span> <span class='ocrx_word' id='word_1_362' title='bbox 3227 1923 3516 1994; x_wconf 73' lang='grc' dir='ltr'><strong><em>σωτηρίας.</em></strong></span> <span class='ocrx_word' id='word_1_363' title='bbox 3543 1925 3722 1994; x_wconf 73' lang='grc' dir='ltr'>Αὐτὴν</span> 
     </span>
    </p>
   </div>
   <div class='ocr_carea' id='block_1_50' title="bbox 2149 2015 3724 2090">
    <p class='ocr_par' dir='ltr' id='par_1_50' title="bbox 2149 2015 3724 2090">
     <span class='ocr_line' id='line_1_50' title="bbox 2149 2015 3724 2090; baseline -0.004 -17"><span class='ocrx_word' id='word_1_364' title='bbox 2149 2021 2278 2090; x_wconf 77' lang='grc' dir='ltr'>γοῦν</span> <span class='ocrx_word' id='word_1_365' title='bbox 2308 2019 2406 2090; x_wconf 82' lang='grc' dir='ltr'>τὴν</span> <span class='ocrx_word' id='word_1_366' title='bbox 2433 2017 2610 2090; x_wconf 78' lang='grc' dir='ltr'>ψυχήν</span> <span class='ocrx_word' id='word_1_367' title='bbox 2644 2035 2744 2088; x_wconf 90' lang='grc' dir='ltr'><strong><em>μου</em></strong></span> <span class='ocrx_word' id='word_1_368' title='bbox 2775 2016 2990 2088; x_wconf 77' lang='grc' dir='ltr'>ὲῤῥύσω</span> <span class='ocrx_word' id='word_1_369' title='bbox 3015 2018 3079 2070; x_wconf 79' lang='grc' dir='ltr'>ἐκ</span> <span class='ocrx_word' id='word_1_370' title='bbox 3111 2015 3360 2070; x_wconf 79' lang='grc' dir='ltr'>θανάτου.</span> <span class='ocrx_word' id='word_1_371' title='bbox 3396 2019 3456 2070; x_wconf 80' lang='lat' dir='ltr'><strong><em>0i</em></strong></span> <span class='ocrx_word' id='word_1_372' title='bbox 3485 2017 3580 2086; x_wconf 79' lang='grc' dir='ltr'><strong><em>μὲν</em></strong></span> <span class='ocrx_word' id='word_1_373' title='bbox 3613 2015 3724 2086; x_wconf 75' lang='grc' dir='ltr'><strong><em>γὰρ</em></strong></span> 
     </span>
    </p>
   </div>
   <div class='ocr_carea' id='block_1_51' title="bbox 2150 2106 3724 2180">
    <p class='ocr_par' dir='ltr' id='par_1_51' title="bbox 2150 2106 3724 2180">
     <span class='ocr_line' id='line_1_51' title="bbox 2150 2106 3724 2180; baseline -0.001 -19"><span class='ocrx_word' id='word_1_374' title='bbox 2150 2109 2329 2180; x_wconf 78' lang='grc' dir='ltr'>ἐχθροί</span> <span class='ocrx_word' id='word_1_375' title='bbox 2357 2126 2458 2179; x_wconf 87' lang='grc' dir='ltr'><strong><em>μου</em></strong></span> <span class='ocrx_word' id='word_1_376' title='bbox 2500 2109 2560 2162; x_wconf 86' lang='grc' dir='ltr'><strong><em>τὸ</em></strong></span> <span class='ocrx_word' id='word_1_377' title='bbox 2607 2109 2731 2161; x_wconf 84' lang='grc' dir='ltr'>ὅσον</span> <span class='ocrx_word' id='word_1_378' title='bbox 2775 2107 2860 2160; x_wconf 75' lang='grc' dir='ltr'>ἐπ’</span> <span class='ocrx_word' id='word_1_379' title='bbox 2913 2108 3098 2169; x_wconf 74' lang='grc' dir='ltr'>αὐτοῖς</span> <span class='ocrx_word' id='word_1_380' title='bbox 3145 2106 3371 2176; x_wconf 76' lang='grc' dir='ltr'>ἤλαυνον</span> <span class='ocrx_word' id='word_1_381' title='bbox 3398 2107 3586 2175; x_wconf 79' lang='grc' dir='ltr'>αὐτὴν,</span> <span class='ocrx_word' id='word_1_382' title='bbox 3627 2108 3724 2159; x_wconf 71' lang='grc' dir='ltr'>καὶ</span> 
     </span>
    </p>
   </div>
   <div class='ocr_carea' id='block_1_52' title="bbox 2150 2197 3722 2266">
    <p class='ocr_par' dir='ltr' id='par_1_52' title="bbox 2150 2197 3722 2266">
     <span class='ocr_line' id='line_1_52' title="bbox 2150 2197 3722 2266; baseline -0.003 -14"><span class='ocrx_word' id='word_1_383' title='bbox 2150 2199 2483 2265; x_wconf 73' lang='grc' dir='ltr'>ὲξεϐιάζοντο</span> <span class='ocrx_word' id='word_1_384' title='bbox 2533 2201 2612 2262; x_wconf 87' lang='grc' dir='ltr'><strong><em>είς</em></strong></span> <span class='ocrx_word' id='word_1_385' title='bbox 2654 2198 2880 2252; x_wconf 86' lang='grc' dir='ltr'>θάνατον</span> <span class='ocrx_word' id='word_1_386' title='bbox 2931 2199 3202 2250; x_wconf 76' lang='grc' dir='ltr'>ἐκπεσεῖν.</span> <span class='ocrx_word' id='word_1_387' title='bbox 3265 2197 3602 2261; x_wconf 83' lang='grc' dir='ltr'>Ἐλαύνοντές</span> <span class='ocrx_word' id='word_1_388' title='bbox 3651 2214 3722 2266; x_wconf 86' lang='grc' dir='ltr'><strong><em>με</em></strong></span> 
     </span>
    </p>
   </div>
   <div class='ocr_carea' id='block_1_53' title="bbox 2149 2285 3726 2360">
    <p class='ocr_par' dir='ltr' id='par_1_53' title="bbox 2149 2285 3726 2360">
     <span class='ocr_line' id='line_1_53' title="bbox 2149 2285 3726 2360; baseline -0.004 -18"><span class='ocrx_word' id='word_1_389' title='bbox 2149 2289 2276 2360; x_wconf 79' lang='grc' dir='ltr'>γὰρ,</span> <span class='ocrx_word' id='word_1_390' title='bbox 2299 2289 2393 2342; x_wconf 78' lang='grc' dir='ltr'>καὶ</span> <span class='ocrx_word' id='word_1_391' title='bbox 2428 2287 2588 2359; x_wconf 81' lang='grc' dir='ltr'>μέσον</span> <span class='ocrx_word' id='word_1_392' title='bbox 2623 2285 2932 2356; x_wconf 66' lang='grc' dir='ltr'>ἀλλοφύλων</span> <span class='ocrx_word' id='word_1_393' title='bbox 2975 2287 3070 2340; x_wconf 74' lang='grc' dir='ltr'>καὶ</span> <span class='ocrx_word' id='word_1_394' title='bbox 3113 2285 3414 2354; x_wconf 59' lang='grc' dir='ltr'>ἀλλογενῶν</span> <span class='ocrx_word' id='word_1_395' title='bbox 3445 2285 3614 2337; x_wconf 81' lang='grc' dir='ltr'>ἐθνῶν</span> <span class='ocrx_word' id='word_1_396' title='bbox 3643 2287 3726 2336; x_wconf 80' lang='lat' dir='ltr'><strong><em>ol-</em></strong></span> 
     </span>
    </p>
   </div>
   <div class='ocr_carea' id='block_1_54' title="bbox 2151 2378 3720 2449">
    <p class='ocr_par' dir='ltr' id='par_1_54' title="bbox 2151 2378 3720 2449">
     <span class='ocr_line' id='line_1_54' title="bbox 2151 2378 3720 2449; baseline -0.004 -15"><span class='ocrx_word' id='word_1_397' title='bbox 2151 2385 2265 2436; x_wconf 84' lang='grc' dir='ltr'>κεῖν</span> <span class='ocrx_word' id='word_1_398' title='bbox 2290 2381 2808 2449; x_wconf 78' lang='grc' dir='ltr'>καταναγκάζοντες,</span> <span class='ocrx_word' id='word_1_399' title='bbox 2839 2379 2902 2431; x_wconf 77' lang='grc' dir='ltr'>τὸ</span> <span class='ocrx_word' id='word_1_400' title='bbox 2947 2379 3031 2431; x_wconf 77' lang='grc' dir='ltr'><strong><em>ἐπ’</em></strong></span> <span class='ocrx_word' id='word_1_401' title='bbox 3057 2378 3241 2441; x_wconf 84' lang='grc' dir='ltr'>αὐτοῖς</span> <span class='ocrx_word' id='word_1_402' title='bbox 3267 2378 3364 2448; x_wconf 77' lang='grc' dir='ltr'>τὴν</span> <span class='ocrx_word' id='word_1_403' title='bbox 3409 2378 3584 2448; x_wconf 69' lang='grc' dir='ltr'>ψυχήν</span> <span class='ocrx_word' id='word_1_404' title='bbox 3619 2394 3720 2446; x_wconf 80' lang='grc' dir='ltr'><strong><em>μου</em></strong></span> 
     </span>
    </p>
   </div>
   <div class='ocr_carea' id='block_1_55' title="bbox 2151 2469 3724 2545">
    <p class='ocr_par' dir='ltr' id='par_1_55' title="bbox 2151 2469 3724 2545">
     <span class='ocr_line' id='line_1_55' title="bbox 2151 2469 3724 2545; baseline -0.004 -17"><span class='ocrx_word' id='word_1_405' title='bbox 2151 2476 2463 2530; x_wconf 81' lang='grc' dir='ltr'>ὲθανὰτουν·</span> <span class='ocrx_word' id='word_1_406' title='bbox 2495 2476 2661 2545; x_wconf 78' lang='grc' dir='ltr'>ἤγουν</span> <span class='ocrx_word' id='word_1_407' title='bbox 2696 2471 2928 2543; x_wconf 76' lang='grc' dir='ltr'>ἢμελλον</span> <span class='ocrx_word' id='word_1_408' title='bbox 2975 2471 3346 2524; x_wconf 72' lang='grc' dir='ltr'><strong><em>συνάπτεσθαι</em></strong></span> <span class='ocrx_word' id='word_1_409' title='bbox 3371 2473 3434 2540; x_wconf 83' lang='grc' dir='ltr'>τῇ</span> <span class='ocrx_word' id='word_1_410' title='bbox 3465 2469 3572 2522; x_wconf 82' lang='grc' dir='ltr'>τῶν</span> <span class='ocrx_word' id='word_1_411' title='bbox 3623 2469 3724 2522; x_wconf 85' lang='grc' dir='ltr'>ἁλ-</span> 
     </span>
    </p>
   </div>
   <div class='ocr_carea' id='block_1_56' title="bbox 2149 2561 3720 2636">
    <p class='ocr_par' dir='ltr' id='par_1_56' title="bbox 2149 2561 3720 2636">
     <span class='ocr_line' id='line_1_56' title="bbox 2149 2561 3720 2636; baseline -0.004 -16"><span class='ocrx_word' id='word_1_412' title='bbox 2149 2567 2390 2636; x_wconf 78' lang='grc' dir='ltr'>λοφύλων</span> <span class='ocrx_word' id='word_1_413' title='bbox 2441 2564 2868 2636; x_wconf 76' lang='grc' dir='ltr'>εἰδωλολατρείᾳ,</span> <span class='ocrx_word' id='word_1_414' title='bbox 2927 2563 3090 2634; x_wconf 83' lang='grc' dir='ltr'>μέσος</span> <span class='ocrx_word' id='word_1_415' title='bbox 3141 2563 3316 2615; x_wconf 75' lang='grc' dir='ltr'>αὐτῶν</span> <span class='ocrx_word' id='word_1_416' title='bbox 3369 2561 3551 2623; x_wconf 73' lang='grc' dir='ltr'>οἰκῶν,</span> <span class='ocrx_word' id='word_1_417' title='bbox 3598 2563 3720 2615; x_wconf 83' lang='grc' dir='ltr'>καθ’</span> 
     </span>
    </p>
   </div>
   <div class='ocr_carea' id='block_1_57' title="bbox 2150 2651 3720 2729">
    <p class='ocr_par' dir='ltr' id='par_1_57' title="bbox 2150 2651 3720 2729">
     <span class='ocr_line' id='line_1_57' title="bbox 2150 2651 3720 2729; baseline -0.006 -16"><span class='ocrx_word' id='word_1_418' title='bbox 2150 2659 2242 2722; x_wconf 86' lang='grc' dir='ltr'><strong><em>οὓς</em></strong></span> <span class='ocrx_word' id='word_1_419' title='bbox 2285 2659 2508 2729; x_wconf 78' lang='grc' dir='ltr'>χρόνους</span> <span class='ocrx_word' id='word_1_420' title='bbox 2555 2657 2706 2727; x_wconf 67' lang='grc' dir='ltr'>παρὰ</span> <span class='ocrx_word' id='word_1_421' title='bbox 2754 2655 2833 2726; x_wconf 84' lang='grc' dir='ltr'>τῷ</span> <span class='ocrx_word' id='word_1_422' title='bbox 2892 2655 3080 2725; x_wconf 81' lang='grc' dir='ltr'>Ἀχοῦς</span> <span class='ocrx_word' id='word_1_423' title='bbox 3115 2655 3232 2725; x_wconf 78' lang='lat' dir='ltr'><strong><em>(sic)</em></strong></span> <span class='ocrx_word' id='word_1_424' title='bbox 3273 2654 3364 2706; x_wconf 71' lang='grc' dir='ltr'><strong><em>καὶ</em></strong></span> <span class='ocrx_word' id='word_1_425' title='bbox 3403 2653 3460 2704; x_wconf 83' lang='grc' dir='ltr'>ἐν</span> <span class='ocrx_word' id='word_1_426' title='bbox 3507 2654 3570 2721; x_wconf 84' lang='grc' dir='ltr'>τῇ</span> <span class='ocrx_word' id='word_1_427' title='bbox 3617 2653 3658 2704; x_wconf 89' lang='grc' dir='ltr'><strong><em>Γ</em></strong></span> <span class='ocrx_word' id='word_1_428' title='bbox 3659 2651 3720 2704; x_wconf 78' lang='grc' dir='ltr'><strong><em>ὲθ</em></strong></span> 
     </span>
    </p>
   </div>
   <div class='ocr_carea' id='block_1_58' title="bbox 2151 2743 3724 2822">
    <p class='ocr_par' dir='ltr' id='par_1_58' title="bbox 2151 2743 3724 2822">
     <span class='ocr_line' id='line_1_58' title="bbox 2151 2743 3724 2822; baseline -0.007 -17"><span class='ocrx_word' id='word_1_429' title='bbox 2151 2751 2301 2822; x_wconf 72' lang='grc' dir='ltr'>παρὰ</span> <span class='ocrx_word' id='word_1_430' title='bbox 2329 2751 2441 2813; x_wconf 83' lang='grc' dir='ltr'>τοῖς</span> <span class='ocrx_word' id='word_1_431' title='bbox 2463 2748 2774 2817; x_wconf 78' lang='grc' dir='ltr'><strong><em>ἀλλοφύλοις</em></strong></span> <span class='ocrx_word' id='word_1_432' title='bbox 2796 2747 3092 2817; x_wconf 76' lang='grc' dir='ltr'>ἐποιούμην</span> <span class='ocrx_word' id='word_1_433' title='bbox 3121 2746 3218 2808; x_wconf 79' lang='grc' dir='ltr'><strong><em>τὰς</em></strong></span> <span class='ocrx_word' id='word_1_434' title='bbox 3239 2743 3532 2813; x_wconf 77' lang='grc' dir='ltr'>διατριϐὰς,</span> <span class='ocrx_word' id='word_1_435' title='bbox 3555 2743 3724 2796; x_wconf 75' lang='grc' dir='ltr'>παλαι</span> 
     </span>
    </p>
   </div>
   <div class='ocr_carea' id='block_1_59' title="bbox 2150 2834 3723 2913">
    <p class='ocr_par' dir='ltr' id='par_1_59' title="bbox 2150 2834 3723 2913">
     <span class='ocr_line' id='line_1_59' title="bbox 2150 2834 3723 2913; baseline -0.022 -16"><span class='ocrx_word' id='word_1_436' title='bbox 2150 2842 2216 2896; x_wconf 85' lang='grc' dir='ltr'><strong><em>ἂν</em></strong></span> <span class='ocrx_word' id='word_1_437' title='bbox 2243 2843 2340 2913; x_wconf 75' lang='grc' dir='ltr'>τὴν</span> <span class='ocrx_word' id='word_1_438' title='bbox 2365 2841 2542 2912; x_wconf 76' lang='grc' dir='ltr'>ψυχήν</span> <span class='ocrx_word' id='word_1_439' title='bbox 2597 2858 2694 2910; x_wconf 90' lang='grc' dir='ltr'><strong><em>μου</em></strong></span> <span class='ocrx_word' id='word_1_440' title='bbox 2753 2838 3053 2908; x_wconf 80' lang='grc' dir='ltr'>τεθνήκειν,</span> <span class='ocrx_word' id='word_1_441' title='bbox 3113 2837 3212 2906; x_wconf 74' lang='grc' dir='ltr'>τῆς</span> <span class='ocrx_word' id='word_1_442' title='bbox 3267 2835 3417 2904; x_wconf 67' lang='grc' dir='ltr'>παρὰ</span> <span class='ocrx_word' id='word_1_443' title='bbox 3465 2835 3546 2887; x_wconf 63' lang='grc' dir='ltr'><strong><em>σοι</em></strong></span> <span class='ocrx_word' id='word_1_444' title='bbox 3577 2834 3723 2902; x_wconf 61' lang='grc' dir='ltr'><strong><em>ζωῆς</em></strong></span> 
     </span>
    </p>
   </div>
   <div class='ocr_carea' id='block_1_60' title="bbox 2151 2925 3724 3002">
    <p class='ocr_par' dir='ltr' id='par_1_60' title="bbox 2151 2925 3724 3002">
     <span class='ocr_line' id='line_1_60' title="bbox 2151 2925 3724 3002; baseline -0.006 -16"><span class='ocrx_word' id='word_1_445' title='bbox 2151 2932 2418 2986; x_wconf 74' lang='grc' dir='ltr'>ἐκπεσών·</span> <span class='ocrx_word' id='word_1_446' title='bbox 2457 2931 2570 2984; x_wconf 79' lang='grc' dir='ltr'>ἀλλ’</span> <span class='ocrx_word' id='word_1_447' title='bbox 2604 2933 2636 3002; x_wconf 88' lang='grc' dir='ltr'>ή</span> <span class='ocrx_word' id='word_1_448' title='bbox 2675 2931 2740 3000; x_wconf 83' lang='grc' dir='ltr'><strong><em>σὴ</em></strong></span> <span class='ocrx_word' id='word_1_449' title='bbox 2772 2931 2931 3000; x_wconf 83' lang='grc' dir='ltr'>χάρις</span> <span class='ocrx_word' id='word_1_450' title='bbox 2959 2929 3052 2982; x_wconf 81' lang='grc' dir='ltr'><strong><em>καὶ</em></strong></span> <span class='ocrx_word' id='word_1_451' title='bbox 3097 2928 3159 2980; x_wconf 85' lang='grc' dir='ltr'><strong><em>τὸ</em></strong></span> <span class='ocrx_word' id='word_1_452' title='bbox 3189 2927 3278 2980; x_wconf 75' lang='grc' dir='ltr'><strong><em>σὺν</em></strong></span> <span class='ocrx_word' id='word_1_453' title='bbox 3307 2927 3451 2989; x_wconf 81' lang='grc' dir='ltr'>ἕλεος</span> <span class='ocrx_word' id='word_1_454' title='bbox 3500 2925 3560 2978; x_wconf 83' lang='grc' dir='ltr'><strong><em>ού</em></strong></span> <span class='ocrx_word' id='word_1_455' title='bbox 3599 2942 3724 2976; x_wconf 83' lang='grc' dir='ltr'>συν-</span> 
     </span>
    </p>
   </div>
   <div class='ocr_carea' id='block_1_61' title="bbox 2149 3015 3722 3097">
    <p class='ocr_par' dir='ltr' id='par_1_61' title="bbox 2149 3015 3722 3097">
     <span class='ocr_line' id='line_1_61' title="bbox 2149 3015 3722 3097; baseline -0.006 -19"><span class='ocrx_word' id='word_1_456' title='bbox 2149 3025 2394 3097; x_wconf 82' lang='grc' dir='ltr'>εχώρησε</span> <span class='ocrx_word' id='word_1_457' title='bbox 2423 3023 2579 3077; x_wconf 74' lang='grc' dir='ltr'>τοῦτο</span> <span class='ocrx_word' id='word_1_458' title='bbox 2607 3023 2876 3090; x_wconf 83' lang='grc' dir='ltr'>γενέσθαι·</span> <span class='ocrx_word' id='word_1_459' title='bbox 2899 3021 3020 3072; x_wconf 71' lang='grc' dir='ltr'>ἐπεὶ</span> <span class='ocrx_word' id='word_1_460' title='bbox 3055 3019 3147 3072; x_wconf 60' lang='grc' dir='ltr'><strong><em>καὶ⁵</em></strong></span> <span class='ocrx_word' id='word_1_461' title='bbox 3175 3017 3324 3089; x_wconf 73' lang='grc' dir='ltr'>παρὰ</span> <span class='ocrx_word' id='word_1_462' title='bbox 3348 3019 3460 3079; x_wconf 84' lang='grc' dir='ltr'>τοῖς</span> <span class='ocrx_word' id='word_1_463' title='bbox 3490 3015 3722 3086; x_wconf 68' lang='grc' dir='ltr'>ἀλλοφύ-</span> 
     </span>
    </p>
   </div>
   <div class='ocr_carea' id='block_1_62' title="bbox 481 3099 2051 3189">
    <p class='ocr_par' dir='ltr' id='par_1_62' title="bbox 481 3099 2049 3166">
     <span class='ocr_line' id='line_1_62' title="bbox 481 3099 2049 3166; baseline 0.009 -14"><span class='ocrx_word' id='word_1_464' title='bbox 481 3099 619 3154; x_wconf 88' lang='lat' dir='ltr'><strong><em>nihil</em></strong></span> <span class='ocrx_word' id='word_1_465' title='bbox 645 3101 779 3154; x_wconf 88' lang='lat' dir='ltr'><strong><em>mihi</em></strong></span> <span class='ocrx_word' id='word_1_466' title='bbox 819 3101 1128 3157; x_wconf 88' lang='lat' dir='ltr'><strong><em>detrimenti</em></strong></span> <span class='ocrx_word' id='word_1_467' title='bbox 1159 3118 1224 3159; x_wconf 82' lang='lat' dir='ltr'><strong><em>ex</em></strong></span> <span class='ocrx_word' id='word_1_468' title='bbox 1271 3119 1458 3160; x_wconf 88' lang='lat' dir='ltr'><strong><em>eorum</em></strong></span> <span class='ocrx_word' id='word_1_469' title='bbox 1499 3111 1772 3164; x_wconf 88' lang='lat' dir='ltr'><strong><em>consortio</em></strong></span> <span class='ocrx_word' id='word_1_470' title='bbox 1833 3112 2049 3166; x_wconf 85' lang='lat' dir='ltr'><strong><em>accede-</em></strong></span> 
     </span>
    </p>
   </div>
   <div class='ocr_carea' id='block_1_63' title="bbox 2153 3099 3725 3189">
    <p class='ocr_par' dir='ltr' id='par_1_63' title="bbox 2153 3107 3725 3188">
     <span class='ocr_line' id='line_1_63' title="bbox 2153 3107 3725 3188; baseline -0.008 -16"><span class='ocrx_word' id='word_1_471' title='bbox 2153 3117 2259 3183; x_wconf 87' lang='grc' dir='ltr'>λοις</span> <span class='ocrx_word' id='word_1_472' title='bbox 2296 3135 2360 3188; x_wconf 86' lang='grc' dir='ltr'><strong><em>με</em></strong></span> <span class='ocrx_word' id='word_1_473' title='bbox 2405 3118 2533 3170; x_wconf 76' lang='grc' dir='ltr'>ὄντα</span> <span class='ocrx_word' id='word_1_474' title='bbox 2584 3115 2994 3186; x_wconf 75' lang='grc' dir='ltr'>περιέφραττες,</span> <span class='ocrx_word' id='word_1_475' title='bbox 3048 3111 3120 3174; x_wconf 81' lang='grc' dir='ltr'>ὡς</span> <span class='ocrx_word' id='word_1_476' title='bbox 3159 3110 3322 3180; x_wconf 79' lang='grc' dir='ltr'>μηδὲν</span> <span class='ocrx_word' id='word_1_477' title='bbox 3349 3107 3725 3161; x_wconf 52' lang='grc' dir='ltr'>καταϐλάπτε-</span> 
     </span>
    </p>
   </div>
   <div class='ocr_carea' id='block_1_64' title="bbox 483 3191 2048 3262">
    <p class='ocr_par' dir='ltr' id='par_1_64' title="bbox 483 3191 2048 3262">
     <span class='ocr_line' id='line_1_64' title="bbox 483 3191 2048 3262; baseline 0.008 -17"><span class='ocrx_word' id='word_1_478' title='bbox 483 3199 588 3246; x_wconf 87' lang='lat' dir='ltr'><strong><em>ret.</em></strong></span> <span class='ocrx_word' id='word_1_479' title='bbox 643 3191 984 3262; x_wconf 87' lang='lat' dir='ltr'><strong><em>Quapropter</em></strong></span> <span class='ocrx_word' id='word_1_480' title='bbox 1019 3193 1185 3248; x_wconf 90' lang='lat' dir='ltr'><strong><em>dico:</em></strong></span> <span class='ocrx_word' id='word_1_481' title='bbox 1223 3194 1428 3250; x_wconf 83' lang='lat' dir='ltr'><strong><em>Eruisti</em></strong></span> <span class='ocrx_word' id='word_1_482' title='bbox 1477 3201 1712 3253; x_wconf 88' lang='lat' dir='ltr'><strong><em>animam</em></strong></span> <span class='ocrx_word' id='word_1_483' title='bbox 1765 3219 1932 3256; x_wconf 85' lang='lat' dir='ltr'><strong><em>meam</em></strong></span> <span class='ocrx_word' id='word_1_484' title='bbox 1988 3203 2048 3258; x_wconf 82' lang='lat' dir='ltr'><strong><em>de</em></strong></span> 
     </span>
    </p>
   </div>
   <div class='ocr_carea' id='block_1_65' title="bbox 483 3283 2048 3358">
    <p class='ocr_par' dir='ltr' id='par_1_65' title="bbox 483 3283 2048 3358">
     <span class='ocr_line' id='line_1_65' title="bbox 483 3283 2048 3358; baseline 0.009 -24"><span class='ocrx_word' id='word_1_485' title='bbox 483 3291 680 3346; x_wconf 85' lang='lat' dir='ltr'><strong><em>morte;</em></strong></span> <span class='ocrx_word' id='word_1_486' title='bbox 709 3283 840 3352; x_wconf 88' lang='lat' dir='ltr'><strong><em>quin</em></strong></span> <span class='ocrx_word' id='word_1_487' title='bbox 869 3285 1031 3337; x_wconf 79' lang='lat' dir='ltr'><strong><em>etiam</em></strong></span> <span class='ocrx_word' id='word_1_488' title='bbox 1063 3285 1255 3340; x_wconf 89' lang='lat' dir='ltr'><strong><em>eruisti</em></strong></span> <span class='ocrx_word' id='word_1_489' title='bbox 1280 3287 1434 3354; x_wconf 88' lang='lat' dir='ltr'><strong><em>pedes</em></strong></span> <span class='ocrx_word' id='word_1_490' title='bbox 1459 3306 1596 3343; x_wconf 86' lang='lat' dir='ltr'><strong><em>meos</em></strong></span> <span class='ocrx_word' id='word_1_491' title='bbox 1623 3291 1685 3344; x_wconf 84' lang='lat' dir='ltr'><strong><em>de</em></strong></span> <span class='ocrx_word' id='word_1_492' title='bbox 1717 3291 1886 3358; x_wconf 87' lang='lat' dir='ltr'><strong><em>lapsu.</em></strong></span> <span class='ocrx_word' id='word_1_493' title='bbox 1917 3295 2048 3358; x_wconf 80' lang='lat' dir='ltr'><strong><em>Quis</em></strong></span> 
     </span>
    </p>
   </div>
   <div class='ocr_carea' id='block_1_66' title="bbox 483 3374 2051 3444">
    <p class='ocr_par' dir='ltr' id='par_1_66' title="bbox 483 3374 2051 3444">
     <span class='ocr_line' id='line_1_66' title="bbox 483 3374 2051 3444; baseline 0.005 -16"><span class='ocrx_word' id='word_1_494' title='bbox 483 3374 628 3428; x_wconf 86' lang='lat' dir='ltr'><strong><em>enim</em></strong></span> <span class='ocrx_word' id='word_1_495' title='bbox 687 3389 798 3428; x_wconf 87' lang='lat' dir='ltr'><strong><em>non</em></strong></span> <span class='ocrx_word' id='word_1_496' title='bbox 843 3390 1133 3444; x_wconf 83' lang='lat' dir='ltr'><strong><em>perversus</em></strong></span> <span class='ocrx_word' id='word_1_497' title='bbox 1187 3385 1375 3443; x_wconf 87' lang='lat' dir='ltr'><strong><em>esset,</em></strong></span> <span class='ocrx_word' id='word_1_498' title='bbox 1422 3394 1523 3435; x_wconf 90' lang='lat' dir='ltr'><strong><em>ceu</em></strong></span> <span class='ocrx_word' id='word_1_499' title='bbox 1574 3382 1630 3436; x_wconf 89' lang='lat' dir='ltr'><strong><em>in</em></strong></span> <span class='ocrx_word' id='word_1_500' title='bbox 1681 3381 1853 3437; x_wconf 90' lang='lat' dir='ltr'><strong><em>lutum</em></strong></span> <span class='ocrx_word' id='word_1_501' title='bbox 1911 3385 2051 3438; x_wconf 87' lang='lat' dir='ltr'><strong><em>dela-</em></strong></span> 
     </span>
    </p>
   </div>
   <div class='ocr_carea' id='block_1_67' title="bbox 485 3463 2050 3539">
    <p class='ocr_par' dir='ltr' id='par_1_67' title="bbox 485 3463 2050 3539">
     <span class='ocr_line' id='line_1_67' title="bbox 485 3463 2050 3539; baseline 0.008 -22"><span class='ocrx_word' id='word_1_502' title='bbox 485 3477 640 3533; x_wconf 87' lang='lat' dir='ltr'><strong><em>psus,</em></strong></span> <span class='ocrx_word' id='word_1_503' title='bbox 667 3471 722 3517; x_wconf 90' lang='lat' dir='ltr'><strong><em>et</em></strong></span> <span class='ocrx_word' id='word_1_504' title='bbox 751 3463 959 3519; x_wconf 87' lang='lat' dir='ltr'><strong><em>lubrica</em></strong></span> <span class='ocrx_word' id='word_1_505' title='bbox 1011 3465 1068 3520; x_wconf 91' lang='lat' dir='ltr'><strong><em>in</em></strong></span> <span class='ocrx_word' id='word_1_506' title='bbox 1116 3467 1235 3522; x_wconf 85' lang='lat' dir='ltr'><strong><em>loca</em></strong></span> <span class='ocrx_word' id='word_1_507' title='bbox 1276 3468 1542 3539; x_wconf 81' lang='lat' dir='ltr'><strong><em>dejectus,</em></strong></span> <span class='ocrx_word' id='word_1_508' title='bbox 1571 3473 1781 3528; x_wconf 87' lang='lat' dir='ltr'><strong><em>medius</em></strong></span> <span class='ocrx_word' id='word_1_509' title='bbox 1826 3475 2050 3530; x_wconf 88' lang='lat' dir='ltr'><strong><em>relictus</em></strong></span> 
     </span>
    </p>
   </div>
   <div class='ocr_carea' id='block_1_68' title="bbox 487 3555 2051 3621">
    <p class='ocr_par' dir='ltr' id='par_1_68' title="bbox 487 3555 2051 3621">
     <span class='ocr_line' id='line_1_68' title="bbox 487 3555 2051 3621; baseline 0.008 -13"><span class='ocrx_word' id='word_1_510' title='bbox 487 3555 632 3610; x_wconf 84' lang='lat' dir='ltr'><strong><em>inter</em></strong></span> <span class='ocrx_word' id='word_1_511' title='bbox 659 3561 742 3609; x_wconf 83' lang='lat' dir='ltr'><strong><em>tot</em></strong></span> <span class='ocrx_word' id='word_1_512' title='bbox 766 3556 956 3611; x_wconf 88' lang='lat' dir='ltr'><strong><em>atheos</em></strong></span> <span class='ocrx_word' id='word_1_513' title='bbox 980 3565 1034 3613; x_wconf 86' lang='lat' dir='ltr'><strong><em>et</em></strong></span> <span class='ocrx_word' id='word_1_514' title='bbox 1073 3557 1392 3617; x_wconf 85' lang='lat' dir='ltr'><strong><em>idololatras</em></strong></span> <span class='ocrx_word' id='word_1_515' title='bbox 1417 3557 1604 3618; x_wconf 77' lang='lat' dir='ltr'><strong><em>virus?</em></strong></span> <span class='ocrx_word' id='word_1_516' title='bbox 1627 3563 1826 3618; x_wconf 87' lang='lat' dir='ltr'><strong><em>Verum</em></strong></span> <span class='ocrx_word' id='word_1_517' title='bbox 1863 3565 1918 3618; x_wconf 91' lang='lat' dir='ltr'><strong><em>in</em></strong></span> <span class='ocrx_word' id='word_1_518' title='bbox 1949 3565 2051 3621; x_wconf 88' lang='lat' dir='ltr'><strong><em>hac</em></strong></span> 
     </span>
    </p>
   </div>
   <div class='ocr_carea' id='block_1_69' title="bbox 485 3647 2048 3726">
    <p class='ocr_par' dir='ltr' id='par_1_69' title="bbox 485 3647 2048 3726">
     <span class='ocr_line' id='line_1_69' title="bbox 485 3647 2048 3726; baseline 0.006 -25"><span class='ocrx_word' id='word_1_519' title='bbox 485 3663 668 3704; x_wconf 85' lang='lat' dir='ltr'><strong><em>rerum</em></strong></span> <span class='ocrx_word' id='word_1_520' title='bbox 693 3647 1006 3704; x_wconf 86' lang='lat' dir='ltr'><strong><em>conditione</em></strong></span> <span class='ocrx_word' id='word_1_521' title='bbox 1031 3649 1217 3706; x_wconf 88' lang='lat' dir='ltr'><strong><em>aderat</em></strong></span> <span class='ocrx_word' id='word_1_522' title='bbox 1249 3653 1624 3710; x_wconf 86' lang='lat' dir='ltr'><strong><em>misericordia</em></strong></span> <span class='ocrx_word' id='word_1_523' title='bbox 1650 3663 1702 3710; x_wconf 88' lang='lat' dir='ltr'><strong><em>et</em></strong></span> <span class='ocrx_word' id='word_1_524' title='bbox 1729 3657 1902 3726; x_wconf 83' lang='lat' dir='ltr'><strong><em>gratia</em></strong></span> <span class='ocrx_word' id='word_1_525' title='bbox 1937 3665 2048 3722; x_wconf 87' lang='lat' dir='ltr'><strong><em>tua,</em></strong></span> 
     </span>
    </p>
   </div>
   <div class='ocr_carea' id='block_1_70' title="bbox 491 3741 2052 3818">
    <p class='ocr_par' dir='ltr' id='par_1_70' title="bbox 491 3741 2052 3818">
     <span class='ocr_line' id='line_1_70' title="bbox 491 3741 2052 3818; baseline 0.004 -20"><span class='ocrx_word' id='word_1_526' title='bbox 491 3755 690 3798; x_wconf 84' lang='lat' dir='ltr'><strong><em>eruens</em></strong></span> <span class='ocrx_word' id='word_1_527' title='bbox 725 3741 890 3812; x_wconf 87' lang='lat' dir='ltr'><strong><em>pedes</em></strong></span> <span class='ocrx_word' id='word_1_528' title='bbox 930 3759 1082 3800; x_wconf 90' lang='lat' dir='ltr'><strong><em>meos</em></strong></span> <span class='ocrx_word' id='word_1_529' title='bbox 1111 3745 1178 3800; x_wconf 91' lang='lat' dir='ltr'><strong><em>de</em></strong></span> <span class='ocrx_word' id='word_1_530' title='bbox 1206 3745 1393 3816; x_wconf 91' lang='lat' dir='ltr'><strong><em>lapsu;</em></strong></span> <span class='ocrx_word' id='word_1_531' title='bbox 1445 3763 1621 3818; x_wconf 88' lang='lat' dir='ltr'><strong><em>neque</em></strong></span> <span class='ocrx_word' id='word_1_532' title='bbox 1672 3751 1817 3804; x_wconf 89' lang='lat' dir='ltr'><strong><em>enim</em></strong></span> <span class='ocrx_word' id='word_1_533' title='bbox 1863 3751 2052 3806; x_wconf 82' lang='lat' dir='ltr'><strong><em>virtuti</em></strong></span> 
     </span>
    </p>
   </div>
   <div class='ocr_carea' id='block_1_71' title="bbox 489 3833 2050 3910">
    <p class='ocr_par' dir='ltr' id='par_1_71' title="bbox 489 3833 2050 3910">
     <span class='ocr_line' id='line_1_71' title="bbox 489 3833 2050 3910; baseline 0.004 -21"><span class='ocrx_word' id='word_1_534' title='bbox 489 3833 604 3894; x_wconf 66' lang='lat' dir='ltr'><strong><em>hac</em></strong></span> <span class='ocrx_word' id='word_1_535' title='bbox 629 3836 846 3892; x_wconf 83' lang='lat' dir='ltr'><strong><em>ascribo</em></strong></span> <span class='ocrx_word' id='word_1_536' title='bbox 875 3851 1042 3904; x_wconf 84' lang='lat' dir='ltr'><strong><em>meae;</em></strong></span> <span class='ocrx_word' id='word_1_537' title='bbox 1077 3838 1206 3908; x_wconf 87' lang='lat' dir='ltr'><strong><em>quia</em></strong></span> <span class='ocrx_word' id='word_1_538' title='bbox 1241 3853 1348 3892; x_wconf 90' lang='lat' dir='ltr'><strong><em>non</em></strong></span> <span class='ocrx_word' id='word_1_539' title='bbox 1377 3839 1452 3892; x_wconf 89' lang='lat' dir='ltr'><strong><em>ita</em></strong></span> <span class='ocrx_word' id='word_1_540' title='bbox 1487 3841 1646 3896; x_wconf 83' lang='lat' dir='ltr'><strong><em>fortis</em></strong></span> <span class='ocrx_word' id='word_1_541' title='bbox 1677 3842 1861 3897; x_wconf 91' lang='lat' dir='ltr'><strong><em>animo</em></strong></span> <span class='ocrx_word' id='word_1_542' title='bbox 1880 3857 2050 3910; x_wconf 88' lang='lat' dir='ltr'><strong><em>eram,</em></strong></span> 
     </span>
    </p>
   </div>
   <div class='ocr_carea' id='block_1_72' title="bbox 488 3928 2052 3994">
    <p class='ocr_par' dir='ltr' id='par_1_72' title="bbox 488 3928 2052 3994">
     <span class='ocr_line' id='line_1_72' title="bbox 488 3928 2052 3994; baseline 0.004 -10"><span class='ocrx_word' id='word_1_543' title='bbox 488 3935 550 3984; x_wconf 88' lang='lat' dir='ltr'><strong><em>ut</em></strong></span> <span class='ocrx_word' id='word_1_544' title='bbox 575 3928 929 3984; x_wconf 85' lang='lat' dir='ltr'><strong><em>immutabilis</em></strong></span> <span class='ocrx_word' id='word_1_545' title='bbox 957 3945 1254 3994; x_wconf 84' lang='lat' dir='ltr'><strong><em>manerem,</em></strong></span> <span class='ocrx_word' id='word_1_546' title='bbox 1279 3946 1406 3987; x_wconf 85' lang='lat' dir='ltr'><strong><em>cum</em></strong></span> <span class='ocrx_word' id='word_1_547' title='bbox 1449 3932 1506 3986; x_wconf 89' lang='lat' dir='ltr'><strong><em>in</em></strong></span> <span class='ocrx_word' id='word_1_548' title='bbox 1555 3933 1792 3989; x_wconf 89' lang='lat' dir='ltr'><strong><em>medium</em></strong></span> <span class='ocrx_word' id='word_1_549' title='bbox 1823 3943 1902 3990; x_wconf 91' lang='lat' dir='ltr'><strong><em>tot</em></strong></span> <span class='ocrx_word' id='word_1_550' title='bbox 1948 3937 2052 3990; x_wconf 87' lang='lat' dir='ltr'><strong><em>ho-</em></strong></span> 
     </span>
    </p>
   </div>
   <div class='ocr_carea' id='block_1_73' title="bbox 487 4019 2050 4087">
    <p class='ocr_par' dir='ltr' id='par_1_73' title="bbox 487 4019 2050 4087">
     <span class='ocr_line' id='line_1_73' title="bbox 487 4019 2050 4087; baseline 0.004 -12"><span class='ocrx_word' id='word_1_551' title='bbox 487 4019 699 4076; x_wconf 87' lang='lat' dir='ltr'><strong><em>minum</em></strong></span> <span class='ocrx_word' id='word_1_552' title='bbox 749 4020 1040 4078; x_wconf 79' lang='lat' dir='ltr'><strong><em>devolutus</em></strong></span> <span class='ocrx_word' id='word_1_553' title='bbox 1091 4037 1290 4087; x_wconf 88' lang='lat' dir='ltr'><strong><em>essem,</em></strong></span> <span class='ocrx_word' id='word_1_554' title='bbox 1321 4024 1427 4078; x_wconf 88' lang='lat' dir='ltr'><strong><em>nisi</em></strong></span> <span class='ocrx_word' id='word_1_555' title='bbox 1483 4031 1542 4078; x_wconf 91' lang='lat' dir='ltr'><strong><em>tu</em></strong></span> <span class='ocrx_word' id='word_1_556' title='bbox 1583 4027 1787 4080; x_wconf 85' lang='lat' dir='ltr'><strong><em>auxilio</em></strong></span> <span class='ocrx_word' id='word_1_557' title='bbox 1831 4027 2050 4084; x_wconf 87' lang='lat' dir='ltr'><strong><em>fuisses.</em></strong></span> 
     </span>
    </p>
   </div>
   <div class='ocr_carea' id='block_1_74' title="bbox 490 4112 2052 4190">
    <p class='ocr_par' dir='ltr' id='par_1_74' title="bbox 490 4112 2052 4190">
     <span class='ocr_line' id='line_1_74' title="bbox 490 4112 2052 4190; baseline 0.003 -20"><span class='ocrx_word' id='word_1_558' title='bbox 490 4112 669 4182; x_wconf 84' lang='lat' dir='ltr'><strong><em>Quare</em></strong></span> <span class='ocrx_word' id='word_1_559' title='bbox 691 4115 956 4170; x_wconf 84' lang='lat' dir='ltr'><strong><em>conﬁtens</em></strong></span> <span class='ocrx_word' id='word_1_560' title='bbox 985 4115 1190 4184; x_wconf 79' lang='lat' dir='ltr'><strong><em>gratias</em></strong></span> <span class='ocrx_word' id='word_1_561' title='bbox 1221 4131 1342 4186; x_wconf 79' lang='lat' dir='ltr'><strong><em>ago,</em></strong></span> <span class='ocrx_word' id='word_1_562' title='bbox 1379 4118 1637 4187; x_wconf 87' lang='lat' dir='ltr'><strong><em>quoniam</em></strong></span> <span class='ocrx_word' id='word_1_563' title='bbox 1676 4119 1925 4189; x_wconf 86' lang='lat' dir='ltr'><strong><em>eripuisti</em></strong></span> <span class='ocrx_word' id='word_1_564' title='bbox 1957 4137 2052 4190; x_wconf 87' lang='lat' dir='ltr'><strong><em>pe-</em></strong></span> 
     </span>
    </p>
   </div>
   <div class='ocr_carea' id='block_1_75' title="bbox 489 4205 2054 4278">
    <p class='ocr_par' dir='ltr' id='par_1_75' title="bbox 489 4205 2054 4278">
     <span class='ocr_line' id='line_1_75' title="bbox 489 4205 2054 4278; baseline 0.005 -19"><span class='ocrx_word' id='word_1_565' title='bbox 489 4206 586 4260; x_wconf 87' lang='lat' dir='ltr'><strong><em>des</em></strong></span> <span class='ocrx_word' id='word_1_566' title='bbox 629 4220 778 4260; x_wconf 87' lang='lat' dir='ltr'><strong><em>mcos</em></strong></span> <span class='ocrx_word' id='word_1_567' title='bbox 804 4205 870 4260; x_wconf 89' lang='lat' dir='ltr'><strong><em>de</em></strong></span> <span class='ocrx_word' id='word_1_568' title='bbox 911 4206 1087 4275; x_wconf 88' lang='lat' dir='ltr'><strong><em>lapsu.</em></strong></span> <span class='ocrx_word' id='word_1_569' title='bbox 1135 4205 1369 4278; x_wconf 65' lang='lat' dir='ltr'><strong><em>Haecque</em></strong></span> <span class='ocrx_word' id='word_1_570' title='bbox 1398 4208 1532 4264; x_wconf 89' lang='lat' dir='ltr'><strong><em>mihi</em></strong></span> <span class='ocrx_word' id='word_1_571' title='bbox 1562 4210 1936 4266; x_wconf 81' lang='lat' dir='ltr'><strong><em>misericordia</em></strong></span> <span class='ocrx_word' id='word_1_572' title='bbox 1962 4220 2054 4267; x_wconf 89' lang='lat' dir='ltr'><strong><em>tua</em></strong></span> 
     </span>
    </p>
   </div>
   <div class='ocr_carea' id='block_1_76' title="bbox 490 4297 2053 4368">
    <p class='ocr_par' dir='ltr' id='par_1_76' title="bbox 490 4297 2053 4368">
     <span class='ocr_line' id='line_1_76' title="bbox 490 4297 2053 4368; baseline 0.004 -18"><span class='ocrx_word' id='word_1_573' title='bbox 490 4297 789 4360; x_wconf 76' lang='lat' dir='ltr'><strong><em>concessit,</em></strong></span> <span class='ocrx_word' id='word_1_574' title='bbox 813 4307 868 4350; x_wconf 86' lang='lat' dir='ltr'><strong><em>ut</em></strong></span> <span class='ocrx_word' id='word_1_575' title='bbox 891 4297 1126 4366; x_wconf 85' lang='lat' dir='ltr'><strong><em>placeam</em></strong></span> <span class='ocrx_word' id='word_1_576' title='bbox 1160 4315 1338 4354; x_wconf 87' lang='lat' dir='ltr'><strong><em>coram</em></strong></span> <span class='ocrx_word' id='word_1_577' title='bbox 1359 4309 1406 4354; x_wconf 87' lang='lat' dir='ltr'><strong><em>te</em></strong></span> <span class='ocrx_word' id='word_1_578' title='bbox 1437 4301 1491 4353; x_wconf 87' lang='lat' dir='ltr'><strong><em>in</em></strong></span> <span class='ocrx_word' id='word_1_579' title='bbox 1515 4300 1710 4354; x_wconf 83' lang='lat' dir='ltr'><strong><em>lumine</em></strong></span> <span class='ocrx_word' id='word_1_580' title='bbox 1739 4302 2053 4368; x_wconf 81' lang='lat' dir='ltr'><strong><em>viventium;</em></strong></span> 
     </span>
    </p>
   </div>
   <div class='ocr_carea' id='block_1_77' title="bbox 491 4388 2054 4462">
    <p class='ocr_par' dir='ltr' id='par_1_77' title="bbox 491 4388 2054 4462">
     <span class='ocr_line' id='line_1_77' title="bbox 491 4388 2054 4462; baseline 0.004 -19"><span class='ocrx_word' id='word_1_581' title='bbox 491 4391 626 4456; x_wconf 84' lang='lat' dir='ltr'><strong><em>sive,</em></strong></span> <span class='ocrx_word' id='word_1_582' title='bbox 663 4388 963 4450; x_wconf 87' lang='lat' dir='ltr'><strong><em>secundum</em></strong></span> <span class='ocrx_word' id='word_1_583' title='bbox 1005 4390 1412 4462; x_wconf 83' lang='lat' dir='ltr'><strong><em>Symmachum,</em></strong></span> <span class='ocrx_word' id='word_1_584' title='bbox 1442 4402 1500 4446; x_wconf 88' lang='lat' dir='ltr'><strong><em>ut</em></strong></span> <span class='ocrx_word' id='word_1_585' title='bbox 1535 4393 1774 4448; x_wconf 85' lang='lat' dir='ltr'><strong><em>incedam</em></strong></span> <span class='ocrx_word' id='word_1_586' title='bbox 1825 4397 1880 4449; x_wconf 89' lang='lat' dir='ltr'><strong><em>in</em></strong></span> <span class='ocrx_word' id='word_1_587' title='bbox 1927 4413 2054 4450; x_wconf 84' lang='lat' dir='ltr'><strong><em>con-</em></strong></span> 
     </span>
    </p>
   </div>
   <div class='ocr_carea' id='block_1_78' title="bbox 2152 3201 3724 3278">
    <p class='ocr_par' dir='ltr' id='par_1_78' title="bbox 2152 3201 3724 3278">
     <span class='ocr_line' id='line_1_78' title="bbox 2152 3201 3724 3278; baseline -0.008 -15"><span class='ocrx_word' id='word_1_588' title='bbox 2152 3210 2271 3263; x_wconf 87' lang='grc' dir='ltr'>σθαι</span> <span class='ocrx_word' id='word_1_589' title='bbox 2305 3212 2370 3262; x_wconf 83' lang='grc' dir='ltr'>ὲκ</span> <span class='ocrx_word' id='word_1_590' title='bbox 2403 3209 2500 3278; x_wconf 80' lang='grc' dir='ltr'><strong><em>τῆς</em></strong></span> <span class='ocrx_word' id='word_1_591' title='bbox 2537 3206 2740 3259; x_wconf 86' lang='grc' dir='ltr'>τούτων</span> <span class='ocrx_word' id='word_1_592' title='bbox 2771 3204 3074 3267; x_wconf 78' lang='grc' dir='ltr'>συνουσίας.</span> <span class='ocrx_word' id='word_1_593' title='bbox 3119 3203 3209 3255; x_wconf 86' lang='grc' dir='ltr'><strong><em>Διό</em></strong></span> <span class='ocrx_word' id='word_1_594' title='bbox 3263 3217 3426 3271; x_wconf 76' lang='grc' dir='ltr'>φημι·</span> <span class='ocrx_word' id='word_1_595' title='bbox 3462 3201 3724 3268; x_wconf 72' lang='grc' dir='ltr'>Ἐρῤύσω</span> 
     </span>
    </p>
   </div>
   <div class='ocr_carea' id='block_1_79' title="bbox 2149 3291 3724 3369">
    <p class='ocr_par' dir='ltr' id='par_1_79' title="bbox 2149 3291 3724 3369">
     <span class='ocr_line' id='line_1_79' title="bbox 2149 3291 3724 3369; baseline -0.008 -15"><span class='ocrx_word' id='word_1_596' title='bbox 2149 3301 2264 3369; x_wconf 74' lang='grc' dir='ltr'><strong><em>τὴν</em></strong></span> <span class='ocrx_word' id='word_1_597' title='bbox 2289 3299 2500 3369; x_wconf 74' lang='grc' dir='ltr'><strong><em>ψυχήν</em></strong></span> <span class='ocrx_word' id='word_1_598' title='bbox 2527 3317 2646 3368; x_wconf 84' lang='grc' dir='ltr'><strong><em>μου</em></strong></span> <span class='ocrx_word' id='word_1_599' title='bbox 2667 3299 2737 3350; x_wconf 82' lang='grc' dir='ltr'>ἐκ</span> <span class='ocrx_word' id='word_1_600' title='bbox 2763 3295 3042 3351; x_wconf 69' lang='grc' dir='ltr'>θανάτου*</span> <span class='ocrx_word' id='word_1_601' title='bbox 3077 3293 3210 3348; x_wconf 77' lang='grc' dir='ltr'>ἀλλὰ</span> <span class='ocrx_word' id='word_1_602' title='bbox 3237 3295 3330 3347; x_wconf 72' lang='grc' dir='ltr'><strong><em>καὶ</em></strong></span> <span class='ocrx_word' id='word_1_603' title='bbox 3363 3293 3504 3357; x_wconf 82' lang='grc' dir='ltr'>τοὺς</span> <span class='ocrx_word' id='word_1_604' title='bbox 3531 3291 3724 3356; x_wconf 77' lang='grc' dir='ltr'>πόδας</span> 
     </span>
    </p>
   </div>
   <div class='ocr_carea' id='block_1_80' title="bbox 2145 3383 3720 3463">
    <p class='ocr_par' dir='ltr' id='par_1_80' title="bbox 2145 3383 3720 3463">
     <span class='ocr_line' id='line_1_80' title="bbox 2145 3383 3720 3463; baseline -0.008 -16"><span class='ocrx_word' id='word_1_605' title='bbox 2145 3411 2261 3463; x_wconf 83' lang='grc' dir='ltr'><strong><em>μου</em></strong></span> <span class='ocrx_word' id='word_1_606' title='bbox 2290 3392 2501 3463; x_wconf 73' lang='grc' dir='ltr'>ἐρρύσω</span> <span class='ocrx_word' id='word_1_607' title='bbox 2529 3389 2598 3454; x_wconf 78' lang='grc' dir='ltr'><strong><em>ἐξ</em></strong></span> <span class='ocrx_word' id='word_1_608' title='bbox 2629 3389 3050 3457; x_wconf 77' lang='grc' dir='ltr'>ὀλισθήματος.</span> <span class='ocrx_word' id='word_1_609' title='bbox 3103 3388 3198 3450; x_wconf 84' lang='grc' dir='ltr'><strong><em>Τίς</em></strong></span> <span class='ocrx_word' id='word_1_610' title='bbox 3253 3386 3359 3456; x_wconf 78' lang='grc' dir='ltr'>γὰρ</span> <span class='ocrx_word' id='word_1_611' title='bbox 3383 3385 3482 3436; x_wconf 82' lang='grc' dir='ltr'>οὐκ</span> <span class='ocrx_word' id='word_1_612' title='bbox 3525 3383 3588 3436; x_wconf 79' lang='grc' dir='ltr'>ἂν</span> <span class='ocrx_word' id='word_1_613' title='bbox 3639 3383 3720 3434; x_wconf 86' lang='grc' dir='ltr'><strong><em>δι-</em></strong></span> 
     </span>
    </p>
   </div>
   <div class='ocr_carea' id='block_1_81' title="bbox 2151 3474 3720 3553">
    <p class='ocr_par' dir='ltr' id='par_1_81' title="bbox 2151 3474 3720 3553">
     <span class='ocr_line' id='line_1_81' title="bbox 2151 3474 3720 3553; baseline -0.006 -19"><span class='ocrx_word' id='word_1_614' title='bbox 2151 3481 2384 3553; x_wconf 78' lang='grc' dir='ltr'>ετράπη,</span> <span class='ocrx_word' id='word_1_615' title='bbox 2440 3480 2625 3549; x_wconf 83' lang='grc' dir='ltr'>ὥσπερ</span> <span class='ocrx_word' id='word_1_616' title='bbox 2671 3481 2749 3541; x_wconf 82' lang='grc' dir='ltr'>εἰς</span> <span class='ocrx_word' id='word_1_617' title='bbox 2779 3478 2947 3548; x_wconf 78' lang='grc' dir='ltr'>πηλὸν</span> <span class='ocrx_word' id='word_1_618' title='bbox 3001 3477 3211 3545; x_wconf 70' lang='grc' dir='ltr'>ἐμϐὰς,</span> <span class='ocrx_word' id='word_1_619' title='bbox 3267 3477 3360 3528; x_wconf 70' lang='grc' dir='ltr'><strong><em>καὶ</em></strong></span> <span class='ocrx_word' id='word_1_620' title='bbox 3417 3474 3720 3547; x_wconf 75' lang='grc' dir='ltr'>ὀλισθηροῖς</span> 
     </span>
    </p>
   </div>
   <div class='ocr_carea' id='block_1_82' title="bbox 2153 3565 3720 3646">
    <p class='ocr_par' dir='ltr' id='par_1_82' title="bbox 2153 3565 3720 3646">
     <span class='ocr_line' id='line_1_82' title="bbox 2153 3565 3720 3646; baseline -0.007 -19"><span class='ocrx_word' id='word_1_621' title='bbox 2153 3572 2460 3646; x_wconf 77' lang='grc' dir='ltr'>περιπεσὼν</span> <span class='ocrx_word' id='word_1_622' title='bbox 2521 3573 2758 3643; x_wconf 79' lang='grc' dir='ltr'>χωρίοις,</span> <span class='ocrx_word' id='word_1_623' title='bbox 2833 3569 2995 3641; x_wconf 82' lang='grc' dir='ltr'>μέσος</span> <span class='ocrx_word' id='word_1_624' title='bbox 3047 3567 3314 3622; x_wconf 84' lang='grc' dir='ltr'>τοσούτων</span> <span class='ocrx_word' id='word_1_625' title='bbox 3373 3565 3720 3634; x_wconf 75' lang='grc' dir='ltr'>ἀπολειφθεὶς</span> 
     </span>
    </p>
   </div>
   <div class='ocr_carea' id='block_1_83' title="bbox 2152 3655 3722 3733">
    <p class='ocr_par' dir='ltr' id='par_1_83' title="bbox 2152 3655 3722 3733">
     <span class='ocr_line' id='line_1_83' title="bbox 2152 3655 3722 3733; baseline -0.006 -15"><span class='ocrx_word' id='word_1_626' title='bbox 2152 3667 2324 3718; x_wconf 79' lang='grc' dir='ltr'>ἀθέων</span> <span class='ocrx_word' id='word_1_627' title='bbox 2357 3667 2450 3718; x_wconf 72' lang='grc' dir='ltr'>καὶ</span> <span class='ocrx_word' id='word_1_628' title='bbox 2479 3659 2874 3733; x_wconf 79' lang='grc' dir='ltr'>εἰδωλολατρῶν</span> <span class='ocrx_word' id='word_1_629' title='bbox 2918 3660 3154 3731; x_wconf 77' lang='grc' dir='ltr'>ἀνδρῶν;</span> <span class='ocrx_word' id='word_1_630' title='bbox 3201 3659 3337 3714; x_wconf 77' lang='grc' dir='ltr'>Ἀλλ’</span> <span class='ocrx_word' id='word_1_631' title='bbox 3369 3655 3435 3730; x_wconf 80' lang='grc' dir='ltr'>ἦν</span> <span class='ocrx_word' id='word_1_632' title='bbox 3471 3659 3578 3729; x_wconf 77' lang='grc' dir='ltr'>ἄρα</span> <span class='ocrx_word' id='word_1_633' title='bbox 3625 3657 3722 3711; x_wconf 74' lang='grc' dir='ltr'>καὶ</span> 
     </span>
    </p>
   </div>
   <div class='ocr_carea' id='block_1_84' title="bbox 2154 3751 3718 3828">
    <p class='ocr_par' dir='ltr' id='par_1_84' title="bbox 2154 3751 3718 3828">
     <span class='ocr_line' id='line_1_84' title="bbox 2154 3751 3718 3828; baseline -0.006 -17"><span class='ocrx_word' id='word_1_634' title='bbox 2154 3761 2210 3812; x_wconf 80' lang='grc' dir='ltr'>ἐν</span> <span class='ocrx_word' id='word_1_635' title='bbox 2233 3757 2406 3828; x_wconf 80' lang='grc' dir='ltr'>τούτῳ</span> <span class='ocrx_word' id='word_1_636' title='bbox 2432 3756 2492 3810; x_wconf 80' lang='grc' dir='ltr'><strong><em>τὸ</em></strong></span> <span class='ocrx_word' id='word_1_637' title='bbox 2521 3757 2610 3808; x_wconf 81' lang='grc' dir='ltr'><strong><em>σὸν</em></strong></span> <span class='ocrx_word' id='word_1_638' title='bbox 2644 3755 2810 3816; x_wconf 77' lang='grc' dir='ltr'>ἔλεος,</span> <span class='ocrx_word' id='word_1_639' title='bbox 2841 3753 2932 3806; x_wconf 72' lang='grc' dir='ltr'><strong><em>καὶ</em></strong></span> <span class='ocrx_word' id='word_1_640' title='bbox 2959 3755 2990 3824; x_wconf 86' lang='grc' dir='ltr'>ἡ</span> <span class='ocrx_word' id='word_1_641' title='bbox 3037 3753 3103 3823; x_wconf 78' lang='grc' dir='ltr'>σὴ</span> <span class='ocrx_word' id='word_1_642' title='bbox 3135 3752 3292 3823; x_wconf 81' lang='grc' dir='ltr'>χάρις</span> <span class='ocrx_word' id='word_1_643' title='bbox 3328 3751 3563 3821; x_wconf 75' lang='grc' dir='ltr'>ῥυομένη</span> <span class='ocrx_word' id='word_1_644' title='bbox 3618 3767 3718 3820; x_wconf 82' lang='grc' dir='ltr'><strong><em>μου</em></strong></span> 
     </span>
    </p>
   </div>
   <div class='ocr_carea' id='block_1_85' title="bbox 2153 3843 3720 3918">
    <p class='ocr_par' dir='ltr' id='par_1_85' title="bbox 2153 3843 3720 3918">
     <span class='ocr_line' id='line_1_85' title="bbox 2153 3843 3720 3918; baseline -0.006 -16"><span class='ocrx_word' id='word_1_645' title='bbox 2153 3850 2278 3912; x_wconf 67' lang='grc' dir='ltr'>τοὺς</span> <span class='ocrx_word' id='word_1_646' title='bbox 2307 3849 2469 3912; x_wconf 70' lang='grc' dir='ltr'>πόδας</span> <span class='ocrx_word' id='word_1_647' title='bbox 2505 3848 2562 3912; x_wconf 79' lang='grc' dir='ltr'>ἐξ</span> <span class='ocrx_word' id='word_1_648' title='bbox 2583 3848 2958 3918; x_wconf 81' lang='grc' dir='ltr'>ὀλισθήματος·</span> <span class='ocrx_word' id='word_1_649' title='bbox 2989 3847 3050 3898; x_wconf 85' lang='grc' dir='ltr'><strong><em>ού</em></strong></span> <span class='ocrx_word' id='word_1_650' title='bbox 3098 3845 3206 3916; x_wconf 70' lang='grc' dir='ltr'>γὰρ</span> <span class='ocrx_word' id='word_1_651' title='bbox 3236 3843 3470 3913; x_wconf 78' lang='grc' dir='ltr'>ἐμαυτοῦ</span> <span class='ocrx_word' id='word_1_652' title='bbox 3497 3843 3720 3911; x_wconf 78' lang='grc' dir='ltr'>δυνάμει</span> 
     </span>
    </p>
   </div>
   <div class='ocr_carea' id='block_1_86' title="bbox 2155 3933 3720 4012">
    <p class='ocr_par' dir='ltr' id='par_1_86' title="bbox 2155 3933 3720 4012">
     <span class='ocr_line' id='line_1_86' title="bbox 2155 3933 3720 4012; baseline -0.007 -18"><span class='ocrx_word' id='word_1_653' title='bbox 2155 3943 2442 4012; x_wconf 67' lang='grc' dir='ltr'>ὲπιγράφω</span> <span class='ocrx_word' id='word_1_654' title='bbox 2499 3940 2686 3994; x_wconf 79' lang='grc' dir='ltr'>ταῦτα·</span> <span class='ocrx_word' id='word_1_655' title='bbox 2725 3941 2843 3992; x_wconf 76' lang='grc' dir='ltr'>ἐπεὶ</span> <span class='ocrx_word' id='word_1_656' title='bbox 2907 3938 3026 4008; x_wconf 71' lang='grc' dir='ltr'>μηδ’</span> <span class='ocrx_word' id='word_1_657' title='bbox 3077 3935 3248 3999; x_wconf 71' lang='grc' dir='ltr'>οὕτως</span> <span class='ocrx_word' id='word_1_658' title='bbox 3298 3936 3442 4006; x_wconf 72' lang='grc' dir='ltr'>ἤμην</span> <span class='ocrx_word' id='word_1_659' title='bbox 3497 3933 3720 4004; x_wconf 66' lang='grc' dir='ltr'>στερρὸς</span> 
     </span>
    </p>
   </div>
   <div class='ocr_carea' id='block_1_87' title="bbox 2153 4021 3722 4103">
    <p class='ocr_par' dir='ltr' id='par_1_87' title="bbox 2153 4021 3722 4103">
     <span class='ocr_line' id='line_1_87' title="bbox 2153 4021 3722 4103; baseline -0.007 -19"><span class='ocrx_word' id='word_1_660' title='bbox 2153 4031 2250 4103; x_wconf 83' lang='grc' dir='ltr'>τὴν</span> <span class='ocrx_word' id='word_1_661' title='bbox 2273 4032 2446 4102; x_wconf 71' lang='grc' dir='ltr'>ψυχὴν</span> <span class='ocrx_word' id='word_1_662' title='bbox 2475 4031 2548 4093; x_wconf 86' lang='grc' dir='ltr'>ὡς</span> <span class='ocrx_word' id='word_1_663' title='bbox 2569 4030 2887 4100; x_wconf 77' lang='grc' dir='ltr'>ἀδιάτρεπος</span> <span class='ocrx_word' id='word_1_664' title='bbox 2911 4029 3108 4098; x_wconf 83' lang='grc' dir='ltr'>μένειν,</span> <span class='ocrx_word' id='word_1_665' title='bbox 3137 4028 3192 4078; x_wconf 78' lang='grc' dir='ltr'>ἐν</span> <span class='ocrx_word' id='word_1_666' title='bbox 3211 4024 3288 4094; x_wconf 79' lang='grc' dir='ltr'>τῷ</span> <span class='ocrx_word' id='word_1_667' title='bbox 3309 4023 3508 4095; x_wconf 76' lang='grc' dir='ltr'>μεταξὺ</span> <span class='ocrx_word' id='word_1_668' title='bbox 3540 4021 3722 4075; x_wconf 77' lang='grc' dir='ltr'>τοσού-</span> 
     </span>
    </p>
   </div>
   <div class='ocr_carea' id='block_1_88' title="bbox 2154 4113 3722 4194">
    <p class='ocr_par' dir='ltr' id='par_1_88' title="bbox 2154 4113 3722 4194">
     <span class='ocr_line' id='line_1_88' title="bbox 2154 4113 3722 4194; baseline -0.007 -18"><span class='ocrx_word' id='word_1_669' title='bbox 2154 4141 2261 4180; x_wconf 86' lang='grc' dir='ltr'><strong><em>των</em></strong></span> <span class='ocrx_word' id='word_1_670' title='bbox 2293 4123 2556 4194; x_wconf 77' lang='grc' dir='ltr'>εἱλῆσϐαι,</span> <span class='ocrx_word' id='word_1_671' title='bbox 2591 4124 2638 4174; x_wconf 79' lang='grc' dir='ltr'><strong><em>εί</em></strong></span> <span class='ocrx_word' id='word_1_672' title='bbox 2674 4122 2746 4191; x_wconf 84' lang='grc' dir='ltr'>μὴ</span> <span class='ocrx_word' id='word_1_673' title='bbox 2795 4121 2857 4174; x_wconf 82' lang='grc' dir='ltr'><strong><em>σὺ</em></strong></span> <span class='ocrx_word' id='word_1_674' title='bbox 2901 4117 3041 4190; x_wconf 81' lang='grc' dir='ltr'>ἦσθα</span> <span class='ocrx_word' id='word_1_675' title='bbox 3077 4117 3284 4188; x_wconf 77' lang='grc' dir='ltr'>βοηθός.</span> <span class='ocrx_word' id='word_1_676' title='bbox 3349 4115 3436 4168; x_wconf 77' lang='grc' dir='ltr'>Διὸ</span> <span class='ocrx_word' id='word_1_677' title='bbox 3475 4113 3722 4184; x_wconf 74' lang='grc' dir='ltr'>ἐξομολο-</span> 
     </span>
    </p>
   </div>
   <div class='ocr_carea' id='block_1_89' title="bbox 2156 4205 3720 4284">
    <p class='ocr_par' dir='ltr' id='par_1_89' title="bbox 2156 4205 3720 4284">
     <span class='ocr_line' id='line_1_89' title="bbox 2156 4205 3720 4284; baseline -0.006 -17"><span class='ocrx_word' id='word_1_678' title='bbox 2156 4217 2416 4284; x_wconf 83' lang='grc' dir='ltr'>γούμενος</span> <span class='ocrx_word' id='word_1_679' title='bbox 2444 4205 2767 4284; x_wconf 73' lang='grc' dir='ltr'>εὐχαριστῶ,</span> <span class='ocrx_word' id='word_1_680' title='bbox 2793 4213 2872 4264; x_wconf 81' lang='grc' dir='ltr'><strong><em>ὅτι</em></strong></span> <span class='ocrx_word' id='word_1_681' title='bbox 2917 4211 3130 4282; x_wconf 54' lang='lat' dir='ltr'><strong><em>spe-saw</em></strong></span> <span class='ocrx_word' id='word_1_682' title='bbox 3168 4212 3290 4272; x_wconf 77' lang='grc' dir='ltr'>τοὺς</span> <span class='ocrx_word' id='word_1_683' title='bbox 3321 4207 3485 4270; x_wconf 74' lang='grc' dir='ltr'>πόδας</span> <span class='ocrx_word' id='word_1_684' title='bbox 3539 4224 3636 4278; x_wconf 85' lang='grc' dir='ltr'><strong><em>μου</em></strong></span> <span class='ocrx_word' id='word_1_685' title='bbox 3663 4207 3720 4272; x_wconf 81' lang='grc' dir='ltr'><strong><em>ἐξ</em></strong></span> 
     </span>
    </p>
   </div>
   <div class='ocr_carea' id='block_1_90' title="bbox 2156 4299 3720 4374">
    <p class='ocr_par' dir='ltr' id='par_1_90' title="bbox 2156 4299 3720 4374">
     <span class='ocr_line' id='line_1_90' title="bbox 2156 4299 3720 4374; baseline -0.006 -18"><span class='ocrx_word' id='word_1_686' title='bbox 2156 4303 2532 4374; x_wconf 82' lang='grc' dir='ltr'>ὀλισθήματος.</span> <span class='ocrx_word' id='word_1_687' title='bbox 2583 4303 2691 4356; x_wconf 71' lang='grc' dir='ltr'>Καὶ</span> <span class='ocrx_word' id='word_1_688' title='bbox 2719 4301 2892 4354; x_wconf 81' lang='grc' dir='ltr'>ταῦτά</span> <span class='ocrx_word' id='word_1_689' title='bbox 2921 4318 3008 4372; x_wconf 87' lang='grc' dir='ltr'><strong><em>μοι</em></strong></span> <span class='ocrx_word' id='word_1_690' title='bbox 3065 4301 3122 4352; x_wconf 82' lang='grc' dir='ltr'>τὸ</span> <span class='ocrx_word' id='word_1_691' title='bbox 3155 4299 3244 4352; x_wconf 77' lang='grc' dir='ltr'><strong><em>σὺν</em></strong></span> <span class='ocrx_word' id='word_1_692' title='bbox 3270 4299 3414 4362; x_wconf 78' lang='grc' dir='ltr'>ἕλεος</span> <span class='ocrx_word' id='word_1_693' title='bbox 3449 4299 3720 4368; x_wconf 78' lang='grc' dir='ltr'>ἐδωρεῖτο,</span> 
     </span>
    </p>
   </div>
   <div class='ocr_carea' id='block_1_91' title="bbox 2159 4388 3722 4463">
    <p class='ocr_par' dir='ltr' id='par_1_91' title="bbox 2159 4388 3722 4463">
     <span class='ocr_line' id='line_1_91' title="bbox 2159 4388 3722 4463; baseline -0.005 -13"><span class='ocrx_word' id='word_1_694' title='bbox 2159 4394 2308 4463; x_wconf 81' lang='grc' dir='ltr'>ὑπὲρ</span> <span class='ocrx_word' id='word_1_695' title='bbox 2337 4394 2440 4448; x_wconf 81' lang='grc' dir='ltr'>τοῦ</span> <span class='ocrx_word' id='word_1_696' title='bbox 2462 4393 2860 4462; x_wconf 79' lang='grc' dir='ltr'>εὐαρεστῆσαι</span> <span class='ocrx_word' id='word_1_697' title='bbox 2898 4391 3150 4446; x_wconf 70' lang='grc' dir='ltr'><em>ἐνώπιόν</em></span> <span class='ocrx_word' id='word_1_698' title='bbox 3177 4409 3292 4446; x_wconf 91' lang='grc' dir='ltr'><strong><em>σου</em></strong></span> <span class='ocrx_word' id='word_1_699' title='bbox 3316 4392 3385 4444; x_wconf 82' lang='grc' dir='ltr'><strong><em>ἐν</em></strong></span> <span class='ocrx_word' id='word_1_700' title='bbox 3416 4391 3558 4459; x_wconf 61' lang='grc' dir='ltr'>φωτὶ</span> <span class='ocrx_word' id='word_1_701' title='bbox 3589 4388 3722 4449; x_wconf 75' lang='grc' dir='ltr'><em>ζών-</em></span> 
     </span>
    </p>
   </div>
   <div class='ocr_carea' id='block_1_92' title="bbox 491 4468 2051 4560">
    <p class='ocr_par' dir='ltr' id='par_1_92' title="bbox 491 4482 2051 4560">
     <span class='ocr_line' id='line_1_92' title="bbox 491 4482 2051 4560; baseline 0.004 -22"><span class='ocrx_word' id='word_1_702' title='bbox 491 4493 667 4553; x_wconf 80' lang='lat' dir='ltr'><strong><em>spectu</em></strong></span> <span class='ocrx_word' id='word_1_703' title='bbox 693 4482 790 4538; x_wconf 85' lang='lat' dir='ltr'><strong><em>Dei</em></strong></span> <span class='ocrx_word' id='word_1_704' title='bbox 817 4499 908 4553; x_wconf 84' lang='lat' dir='ltr'><strong><em>per</em></strong></span> <span class='ocrx_word' id='word_1_705' title='bbox 923 4483 1099 4538; x_wconf 84' lang='lat' dir='ltr'><strong><em>lumen</em></strong></span> <span class='ocrx_word' id='word_1_706' title='bbox 1122 4485 1259 4540; x_wconf 72' lang='lat' dir='ltr'><strong><em>vitaz.</em></strong></span> <span class='ocrx_word' id='word_1_707' title='bbox 1285 4485 1466 4541; x_wconf 78' lang='lat' dir='ltr'><strong><em>Morus</em></strong></span> <span class='ocrx_word' id='word_1_708' title='bbox 1496 4486 1658 4557; x_wconf 81' lang='lat' dir='ltr'><strong><em>igitur</em></strong></span> <span class='ocrx_word' id='word_1_709' title='bbox 1685 4486 1890 4544; x_wconf 80' lang='lat' dir='ltr'><strong><em>faciens</em></strong></span> <span class='ocrx_word' id='word_1_710' title='bbox 1911 4490 2051 4560; x_wconf 88' lang='lat' dir='ltr'><strong><em>apud</em></strong></span> 
     </span>
    </p>
   </div>
   <div class='ocr_carea' id='block_1_93' title="bbox 2153 4468 3724 4560">
    <p class='ocr_par' dir='ltr' id='par_1_93' title="bbox 2159 4481 3724 4557">
     <span class='ocr_line' id='line_1_93' title="bbox 2159 4481 3724 4557; baseline -0.005 -15"><span class='ocrx_word' id='word_1_711' title='bbox 2159 4505 2294 4542; x_wconf 74' lang='grc' dir='ltr'>τωνο</span> <span class='ocrx_word' id='word_1_712' title='bbox 2317 4487 2377 4557; x_wconf 83' lang='grc' dir='ltr'><strong><em>ἢ,</em></strong></span> <span class='ocrx_word' id='word_1_713' title='bbox 2407 4486 2545 4540; x_wconf 78' lang='grc' dir='ltr'>κατὰ</span> <span class='ocrx_word' id='word_1_714' title='bbox 2579 4487 2668 4540; x_wconf 79' lang='grc' dir='ltr'><strong><em>τὸν</em></strong></span> <span class='ocrx_word' id='word_1_715' title='bbox 2693 4486 3002 4557; x_wconf 84' lang='grc' dir='ltr'>Σύμμαχον,</span> <span class='ocrx_word' id='word_1_716' title='bbox 3025 4485 3104 4550; x_wconf 87' lang='grc' dir='ltr'>ὡς</span> <span class='ocrx_word' id='word_1_717' title='bbox 3143 4483 3210 4537; x_wconf 83' lang='grc' dir='ltr'>τὸ</span> <span class='ocrx_word' id='word_1_718' title='bbox 3251 4482 3480 4537; x_wconf 72' lang='grc' dir='ltr'><strong><em>ὁδεύειν</em></strong></span> <span class='ocrx_word' id='word_1_719' title='bbox 3511 4481 3724 4550; x_wconf 70' lang='grc' dir='ltr'>ἔμπρο-</span> 
     </span>
    </p>
   </div>
   <div class='ocr_carea' id='block_1_94' title="bbox 490 4575 2051 4650">
    <p class='ocr_par' dir='ltr' id='par_1_94' title="bbox 490 4575 2051 4650">
     <span class='ocr_line' id='line_1_94' title="bbox 490 4575 2051 4650; baseline 0.004 -20"><span class='ocrx_word' id='word_1_720' title='bbox 490 4575 816 4647; x_wconf 81' lang='lat' dir='ltr'><strong><em>allopbylos,</em></strong></span> <span class='ocrx_word' id='word_1_721' title='bbox 851 4591 882 4630; x_wconf 88' lang='lat' dir='ltr'><strong><em>a</em></strong></span> <span class='ocrx_word' id='word_1_722' title='bbox 930 4584 1079 4634; x_wconf 84' lang='lat' dir='ltr'><strong><em>recta</em></strong></span> <span class='ocrx_word' id='word_1_723' title='bbox 1105 4587 1157 4634; x_wconf 89' lang='lat' dir='ltr'><strong><em>et</em></strong></span> <span class='ocrx_word' id='word_1_724' title='bbox 1189 4579 1336 4650; x_wconf 80' lang='lat' dir='ltr'><strong><em>regia</em></strong></span> <span class='ocrx_word' id='word_1_725' title='bbox 1366 4579 1454 4632; x_wconf 87' lang='lat' dir='ltr'><strong><em>via</em></strong></span> <span class='ocrx_word' id='word_1_726' title='bbox 1494 4595 1602 4634; x_wconf 90' lang='lat' dir='ltr'><strong><em>non</em></strong></span> <span class='ocrx_word' id='word_1_727' title='bbox 1633 4579 1900 4648; x_wconf 88' lang='lat' dir='ltr'><strong><em>declinat;</em></strong></span> <span class='ocrx_word' id='word_1_728' title='bbox 1925 4583 2051 4648; x_wconf 82' lang='lat' dir='ltr'><strong><em>sed,</em></strong></span> 
     </span>
    </p>
   </div>
   <div class='ocr_carea' id='block_1_95' title="bbox 491 4673 2055 4746">
    <p class='ocr_par' dir='ltr' id='par_1_95' title="bbox 491 4673 2055 4746">
     <span class='ocr_line' id='line_1_95' title="bbox 491 4673 2055 4746; baseline 0.003 -17"><span class='ocrx_word' id='word_1_729' title='bbox 491 4676 566 4730; x_wconf 81' lang='lat' dir='ltr'><strong><em>ait</em></strong></span> <span class='ocrx_word' id='word_1_730' title='bbox 597 4694 612 4730; x_wconf 89' lang='lat'><strong>:</strong></span> <span class='ocrx_word' id='word_1_731' title='bbox 645 4673 768 4732; x_wconf 89' lang='lat' dir='ltr'><strong><em>Tibi</em></strong></span> <span class='ocrx_word' id='word_1_732' title='bbox 798 4674 998 4746; x_wconf 88' lang='lat' dir='ltr'><strong><em>placito</em></strong></span> <span class='ocrx_word' id='word_1_733' title='bbox 1037 4691 1189 4731; x_wconf 83' lang='lat' dir='ltr'><strong><em>more</em></strong></span> <span class='ocrx_word' id='word_1_734' title='bbox 1213 4676 1528 4733; x_wconf 80' lang='lat' dir='ltr'><strong><em>inCedebam</em></strong></span> <span class='ocrx_word' id='word_1_735' title='bbox 1560 4677 1758 4733; x_wconf 90' lang='lat' dir='ltr'><strong><em>ductus</em></strong></span> <span class='ocrx_word' id='word_1_736' title='bbox 1788 4680 1885 4734; x_wconf 90' lang='lat' dir='ltr'><strong><em>abs</em></strong></span> <span class='ocrx_word' id='word_1_737' title='bbox 1925 4688 1976 4735; x_wconf 87' lang='lat' dir='ltr'><strong><em>te</em></strong></span> <span class='ocrx_word' id='word_1_738' title='bbox 2002 4687 2055 4735; x_wconf 88' lang='lat' dir='ltr'><strong><em>et</em></strong></span> 
     </span>
    </p>
   </div>
   <div class='ocr_carea' id='block_1_96' title="bbox 489 4770 2052 4838">
    <p class='ocr_par' dir='ltr' id='par_1_96' title="bbox 489 4770 2052 4838">
     <span class='ocr_line' id='line_1_96' title="bbox 489 4770 2052 4838; baseline 0.003 -13"><span class='ocrx_word' id='word_1_739' title='bbox 489 4770 830 4837; x_wconf 83' lang='lat' dir='ltr'><strong><em>illustratus;</em></strong></span> <span class='ocrx_word' id='word_1_740' title='bbox 863 4785 972 4825; x_wconf 90' lang='lat' dir='ltr'><strong><em>non</em></strong></span> <span class='ocrx_word' id='word_1_741' title='bbox 1007 4771 1130 4825; x_wconf 86' lang='lat' dir='ltr'><strong><em>luce</em></strong></span> <span class='ocrx_word' id='word_1_742' title='bbox 1160 4772 1338 4826; x_wconf 89' lang='lat' dir='ltr'><strong><em>solum</em></strong></span> <span class='ocrx_word' id='word_1_743' title='bbox 1393 4772 1484 4826; x_wconf 87' lang='lat' dir='ltr'><strong><em>illa</em></strong></span> <span class='ocrx_word' id='word_1_744' title='bbox 1517 4773 1796 4827; x_wconf 88' lang='lat' dir='ltr'><strong><em>communi</em></strong></span> <span class='ocrx_word' id='word_1_745' title='bbox 1843 4772 2052 4838; x_wconf 82' lang='lat' dir='ltr'><strong><em>fruens,</em></strong></span> 
     </span>
    </p>
   </div>
   <div class='ocr_carea' id='block_1_97' title="bbox 489 4861 2056 4931">
    <p class='ocr_par' dir='ltr' id='par_1_97' title="bbox 489 4861 2056 4931">
     <span class='ocr_line' id='line_1_97' title="bbox 489 4861 2056 4931; baseline 0.001 -13"><span class='ocrx_word' id='word_1_746' title='bbox 489 4861 744 4918; x_wconf 87' lang='lat' dir='ltr'><strong><em>omnibus</em></strong></span> <span class='ocrx_word' id='word_1_747' title='bbox 773 4869 1061 4931; x_wconf 79' lang='lat' dir='ltr'><strong><em>praesente,</em></strong></span> <span class='ocrx_word' id='word_1_748' title='bbox 1094 4865 1510 4920; x_wconf 85' lang='lat' dir='ltr'><strong><em>rationabilibus</em></strong></span> <span class='ocrx_word' id='word_1_749' title='bbox 1539 4873 1592 4919; x_wconf 91' lang='lat' dir='ltr'><strong><em>et</em></strong></span> <span class='ocrx_word' id='word_1_750' title='bbox 1617 4865 1816 4931; x_wconf 85' lang='lat' dir='ltr'><strong><em>brutis,</em></strong></span> <span class='ocrx_word' id='word_1_751' title='bbox 1847 4865 1979 4922; x_wconf 82' lang='lat' dir='ltr'><strong><em>feris</em></strong></span> <span class='ocrx_word' id='word_1_752' title='bbox 2001 4876 2056 4922; x_wconf 88' lang='lat' dir='ltr'><strong><em>et</em></strong></span> 
     </span>
    </p>
   </div>
   <div class='ocr_carea' id='block_1_98' title="bbox 492 4952 2055 5022">
    <p class='ocr_par' dir='ltr' id='par_1_98' title="bbox 492 4952 2055 5022">
     <span class='ocr_line' id='line_1_98' title="bbox 492 4952 2055 5022; baseline 0.001 -14"><span class='ocrx_word' id='word_1_753' title='bbox 492 4952 796 5021; x_wconf 87' lang='lat' dir='ltr'><strong><em>reptilibus,</em></strong></span> <span class='ocrx_word' id='word_1_754' title='bbox 839 4953 1074 5007; x_wconf 85' lang='lat' dir='ltr'><strong><em>mortuis</em></strong></span> <span class='ocrx_word' id='word_1_755' title='bbox 1108 4963 1162 5009; x_wconf 88' lang='lat' dir='ltr'><strong><em>et</em></strong></span> <span class='ocrx_word' id='word_1_756' title='bbox 1223 4956 1576 5022; x_wconf 88' lang='lat' dir='ltr'><strong><em>inanimatis;</em></strong></span> <span class='ocrx_word' id='word_1_757' title='bbox 1607 4956 1702 5012; x_wconf 90' lang='lat' dir='ltr'><strong><em>sed</em></strong></span> <span class='ocrx_word' id='word_1_758' title='bbox 1749 4957 1840 5011; x_wconf 90' lang='lat' dir='ltr'><strong><em>illa</em></strong></span> <span class='ocrx_word' id='word_1_759' title='bbox 1891 4959 2055 5012; x_wconf 89' lang='lat' dir='ltr'><strong><em>etiam</em></strong></span> 
     </span>
    </p>
   </div>
   <div class='ocr_carea' id='block_1_99' title="bbox 490 5043 2055 5114">
    <p class='ocr_par' dir='ltr' id='par_1_99' title="bbox 490 5043 2055 5114">
     <span class='ocr_line' id='line_1_99' title="bbox 490 5043 2055 5114; baseline 0.004 -20"><span class='ocrx_word' id='word_1_760' title='bbox 490 5057 612 5111; x_wconf 67' lang='lat' dir='ltr'><strong><em>quae</em></strong></span> <span class='ocrx_word' id='word_1_761' title='bbox 644 5049 856 5095; x_wconf 86' lang='lat' dir='ltr'><strong><em>tantum</em></strong></span> <span class='ocrx_word' id='word_1_762' title='bbox 880 5043 968 5108; x_wconf 88' lang='lat' dir='ltr'><strong><em>iis,</em></strong></span> <span class='ocrx_word' id='word_1_763' title='bbox 998 5043 1092 5112; x_wconf 86' lang='lat' dir='ltr'><strong><em>qui</em></strong></span> <span class='ocrx_word' id='word_1_764' title='bbox 1131 5045 1274 5114; x_wconf 85' lang='lat' dir='ltr'><strong><em>apud</em></strong></span> <span class='ocrx_word' id='word_1_765' title='bbox 1313 5052 1367 5099; x_wconf 87' lang='lat' dir='ltr'><strong><em>te</em></strong></span> <span class='ocrx_word' id='word_1_766' title='bbox 1395 5046 1606 5110; x_wconf 87' lang='lat' dir='ltr'><strong><em>vivunt,</em></strong></span> <span class='ocrx_word' id='word_1_767' title='bbox 1639 5047 1910 5102; x_wconf 86' lang='lat' dir='ltr'><strong><em>destinata</em></strong></span> <span class='ocrx_word' id='word_1_768' title='bbox 1953 5055 2055 5102; x_wconf 88' lang='lat' dir='ltr'><strong><em>est.</em></strong></span> 
     </span>
    </p>
   </div>
   <div class='ocr_carea' id='block_1_100' title="bbox 491 5131 2060 5207">
    <p class='ocr_par' dir='ltr' id='par_1_100' title="bbox 491 5131 2060 5207">
     <span class='ocr_line' id='line_1_100' title="bbox 491 5131 2060 5207; baseline 0.004 -21"><span class='ocrx_word' id='word_1_769' title='bbox 491 5131 700 5188; x_wconf 86' lang='lat' dir='ltr'><strong><em>Lumen</em></strong></span> <span class='ocrx_word' id='word_1_770' title='bbox 725 5147 890 5202; x_wconf 84' lang='lat' dir='ltr'><strong><em>porro</em></strong></span> <span class='ocrx_word' id='word_1_771' title='bbox 922 5134 1055 5188; x_wconf 87' lang='lat' dir='ltr'><strong><em>illud</em></strong></span> <span class='ocrx_word' id='word_1_772' title='bbox 1081 5135 1400 5200; x_wconf 81' lang='lat' dir='ltr'><strong><em>viventium,</em></strong></span> <span class='ocrx_word' id='word_1_773' title='bbox 1441 5153 1550 5207; x_wconf 85' lang='lat' dir='ltr'><strong><em>quo</em></strong></span> <span class='ocrx_word' id='word_1_774' title='bbox 1589 5137 1758 5194; x_wconf 87' lang='lat' dir='ltr'><strong><em>David</em></strong></span> <span class='ocrx_word' id='word_1_775' title='bbox 1789 5147 1842 5193; x_wconf 89' lang='lat' dir='ltr'><strong><em>et</em></strong></span> <span class='ocrx_word' id='word_1_776' title='bbox 1869 5153 2060 5193; x_wconf 88' lang='lat' dir='ltr'><strong><em>omnes</em></strong></span> 
     </span>
    </p>
   </div>
   <div class='ocr_carea' id='block_1_101' title="bbox 494 5221 2063 5306">
    <p class='ocr_par' dir='ltr' id='par_1_101' title="bbox 494 5221 2063 5306">
     <span class='ocr_line' id='line_1_101' title="bbox 494 5221 2063 5306; baseline 0.004 -32"><span class='ocrx_word' id='word_1_777' title='bbox 494 5221 604 5276; x_wconf 87' lang='lat' dir='ltr'><strong><em>Deo</em></strong></span> <span class='ocrx_word' id='word_1_778' title='bbox 625 5223 841 5306; x_wconf 20' lang='lat' dir='ltr'><strong><em>accepti.</em></strong></span> <span class='ocrx_word' id='word_1_779' title='bbox 861 5224 1136 5294; x_wconf 72' lang='lat' dir='ltr'><strong><em>propheta:</em></strong></span> <span class='ocrx_word' id='word_1_780' title='bbox 1156 5233 1210 5280; x_wconf 90' lang='lat' dir='ltr'><strong><em>et</em></strong></span> <span class='ocrx_word' id='word_1_781' title='bbox 1227 5227 1362 5296; x_wconf 87' lang='lat' dir='ltr'><strong><em>justi</em></strong></span> <span class='ocrx_word' id='word_1_782' title='bbox 1391 5227 1648 5282; x_wconf 87' lang='lat' dir='ltr'><strong><em>illustrati</em></strong></span> <span class='ocrx_word' id='word_1_783' title='bbox 1698 5235 1828 5283; x_wconf 85' lang='lat' dir='ltr'><strong><em>sunt</em></strong></span> <span class='ocrx_word' id='word_1_784' title='bbox 1867 5227 2063 5282; x_wconf 86' lang='lat' dir='ltr'><strong><em>intelli-</em></strong></span> 
     </span>
    </p>
   </div>
   <div class='ocr_carea' id='block_1_102' title="bbox 492 5313 2058 5390">
    <p class='ocr_par' dir='ltr' id='par_1_102' title="bbox 492 5313 2058 5390">
     <span class='ocr_line' id='line_1_102' title="bbox 492 5313 2058 5390; baseline 0.002 -20"><span class='ocrx_word' id='word_1_785' title='bbox 492 5329 608 5387; x_wconf 76' lang='lat' dir='ltr'><strong><em>ges,</em></strong></span> <span class='ocrx_word' id='word_1_786' title='bbox 637 5313 684 5370; x_wconf 88' lang='lat' dir='ltr'><strong><em>si</em></strong></span> <span class='ocrx_word' id='word_1_787' title='bbox 718 5315 970 5371; x_wconf 86' lang='lat' dir='ltr'><strong><em>attendas</em></strong></span> <span class='ocrx_word' id='word_1_788' title='bbox 1007 5317 1353 5388; x_wconf 63' lang='lat' dir='ltr'><strong><em>evangelista</em></strong></span> <span class='ocrx_word' id='word_1_789' title='bbox 1386 5317 1587 5374; x_wconf 87' lang='lat' dir='ltr'><strong><em>dicenti</em></strong></span> <span class='ocrx_word' id='word_1_790' title='bbox 1625 5339 1638 5375; x_wconf 90' lang='lat'>:</span> <span class='ocrx_word' id='word_1_791' title='bbox 1671 5320 1823 5386; x_wconf 80' lang='lat' dir='ltr'><strong><em>Quod</em></strong></span> <span class='ocrx_word' id='word_1_792' title='bbox 1857 5321 2058 5390; x_wconf 76' lang='lat' dir='ltr'><strong><em>factum</em></strong></span> 
     </span>
    </p>
   </div>
   <div class='ocr_carea' id='block_1_103' title="bbox 492 5409 2060 5484">
    <p class='ocr_par' dir='ltr' id='par_1_103' title="bbox 492 5409 2060 5484">
     <span class='ocr_line' id='line_1_103' title="bbox 492 5409 2060 5484; baseline 0.003 -21"><span class='ocrx_word' id='word_1_793' title='bbox 492 5418 572 5464; x_wconf 80' lang='lat' dir='ltr'><strong><em>ut</em></strong></span> <span class='ocrx_word' id='word_1_794' title='bbox 615 5409 670 5464; x_wconf 82' lang='lat' dir='ltr'><strong><em>in</em></strong></span> <span class='ocrx_word' id='word_1_795' title='bbox 719 5409 834 5479; x_wconf 78' lang='lat' dir='ltr'><strong><em>ipso</em></strong></span> <span class='ocrx_word' id='word_1_796' title='bbox 852 5409 918 5474; x_wconf 79' lang='grc'><strong><em>³⁸,</em></strong></span> <span class='ocrx_word' id='word_1_797' title='bbox 950 5410 1158 5466; x_wconf 86' lang='lat' dir='ltr'><strong><em>scilicet</em></strong></span> <span class='ocrx_word' id='word_1_798' title='bbox 1191 5409 1286 5467; x_wconf 83' lang='lat' dir='ltr'><strong><em>Dei</em></strong></span> <span class='ocrx_word' id='word_1_799' title='bbox 1313 5411 1496 5469; x_wconf 80' lang='lat' dir='ltr'><strong><em>Verbo</em></strong></span> <span class='ocrx_word' id='word_1_800' title='bbox 1528 5415 1671 5484; x_wconf 92' lang='lat' dir='ltr'><strong><em>quod</em></strong></span> <span class='ocrx_word' id='word_1_801' title='bbox 1705 5416 1758 5468; x_wconf 89' lang='lat' dir='ltr'><strong><em>in</em></strong></span> <span class='ocrx_word' id='word_1_802' title='bbox 1790 5415 2060 5484; x_wconf 88' lang='lat' dir='ltr'><strong><em>principio</em></strong></span> 
     </span>
    </p>
   </div>
   <div class='ocr_carea' id='block_1_104' title="bbox 495 5500 2062 5574">
    <p class='ocr_par' dir='ltr' id='par_1_104' title="bbox 495 5500 2062 5574">
     <span class='ocr_line' id='line_1_104' title="bbox 495 5500 2062 5574; baseline 0.002 -17"><span class='ocrx_word' id='word_1_803' title='bbox 495 5501 641 5574; x_wconf 85' lang='lat' dir='ltr'><strong><em>apud</em></strong></span> <span class='ocrx_word' id='word_1_804' title='bbox 682 5500 850 5558; x_wconf 78' lang='lat' dir='ltr'><strong><em>Deum</em></strong></span> <span class='ocrx_word' id='word_1_805' title='bbox 885 5511 1025 5570; x_wconf 86' lang='lat' dir='ltr'><strong><em>erat,</em></strong></span> <span class='ocrx_word' id='word_1_806' title='bbox 1057 5504 1166 5562; x_wconf 82' lang='lat' dir='ltr'><strong><em>rita</em></strong></span> <span class='ocrx_word' id='word_1_807' title='bbox 1209 5515 1344 5570; x_wconf 86' lang='lat' dir='ltr'><strong><em>erat,</em></strong></span> <span class='ocrx_word' id='word_1_808' title='bbox 1383 5515 1436 5560; x_wconf 81' lang='lat' dir='ltr'><strong><em>et</em></strong></span> <span class='ocrx_word' id='word_1_809' title='bbox 1487 5507 1596 5561; x_wconf 85' lang='lat' dir='ltr'><strong><em>vita</em></strong></span> <span class='ocrx_word' id='word_1_810' title='bbox 1627 5517 1740 5561; x_wconf 85' lang='lat' dir='ltr'><strong><em>erat</em></strong></span> <span class='ocrx_word' id='word_1_811' title='bbox 1781 5511 1874 5561; x_wconf 77' lang='lat' dir='ltr'><strong><em>tua:</em></strong></span> <span class='ocrx_word' id='word_1_812' title='bbox 1899 5508 2062 5560; x_wconf 83' lang='lat' dir='ltr'><strong><em>homi-</em></strong></span> 
     </span>
    </p>
   </div>
   <div class='ocr_carea' id='block_1_105' title="bbox 495 5595 2063 5668">
    <p class='ocr_par' dir='ltr' id='par_1_105' title="bbox 495 5595 2063 5668">
     <span class='ocr_line' id='line_1_105' title="bbox 495 5595 2063 5668; baseline 0.002 -19"><span class='ocrx_word' id='word_1_813' title='bbox 495 5612 619 5652; x_wconf 82' lang='lat' dir='ltr'><strong><em>num</em></strong></span> <span class='ocrx_word' id='word_1_814' title='bbox 649 5596 692 5629; x_wconf 80' lang='lat'>“</span> <span class='ocrx_word' id='word_1_815' title='bbox 726 5611 740 5649; x_wconf 82' lang='lat'><strong>:</strong></span> <span class='ocrx_word' id='word_1_816' title='bbox 768 5608 832 5654; x_wconf 89' lang='lat' dir='ltr'><strong><em>ac</em></strong></span> <span class='ocrx_word' id='word_1_817' title='bbox 865 5607 1130 5652; x_wconf 82' lang='lat' dir='ltr'><strong><em>rursum:</em></strong></span> <span class='ocrx_word' id='word_1_818' title='bbox 1169 5595 1304 5651; x_wconf 85' lang='lat' dir='ltr'><strong><em>Erat</em></strong></span> <span class='ocrx_word' id='word_1_819' title='bbox 1349 5597 1442 5651; x_wconf 71' lang='lat' dir='ltr'><strong><em>lux</em></strong></span> <span class='ocrx_word' id='word_1_820' title='bbox 1475 5613 1596 5652; x_wconf 87' lang='lat' dir='ltr'><strong><em>vera</em></strong></span> <span class='ocrx_word' id='word_1_821' title='bbox 1643 5615 1760 5668; x_wconf 83' lang='lat' dir='ltr'><strong><em>qua:</em></strong></span> <span class='ocrx_word' id='word_1_822' title='bbox 1797 5599 2063 5654; x_wconf 79' lang='lat' dir='ltr'><strong><em>illuminat</em></strong></span> 
     </span>
    </p>
   </div>
   <div class='ocr_carea' id='block_1_106' title="bbox 573 5749 1676 5825">
    <p class='ocr_par' dir='ltr' id='par_1_106' title="bbox 573 5749 1676 5825">
     <span class='ocr_line' id='line_1_106' title="bbox 573 5749 1676 5825; baseline 0.005 -18"><span class='ocrx_word' id='word_1_823' title='bbox 573 5751 616 5784; x_wconf 80' lang='lat'>“</span> <span class='ocrx_word' id='word_1_824' title='bbox 649 5749 830 5809; x_wconf 82' lang='lat' dir='ltr'><strong><em>lCor.</em></strong></span> <span class='ocrx_word' id='word_1_825' title='bbox 864 5767 960 5822; x_wconf 83' lang='lat' dir='ltr'><strong><em>tu,</em></strong></span> <span class='ocrx_word' id='word_1_826' title='bbox 1001 5752 1056 5809; x_wconf 78' lang='lat'><strong><em>3.</em></strong></span> <span class='ocrx_word' id='word_1_827' title='bbox 1134 5753 1176 5786; x_wconf 68' lang='grc' dir='ltr'><strong><em>ι’</em></strong></span> <span class='ocrx_word' id='word_1_828' title='bbox 1214 5751 1360 5812; x_wconf 81' lang='lat' dir='ltr'><strong><em>Psal.</em></strong></span> <span class='ocrx_word' id='word_1_829' title='bbox 1393 5769 1556 5825; x_wconf 74' lang='lat' dir='ltr'><strong><em>nix,</em></strong></span> <span class='ocrx_word' id='word_1_830' title='bbox 1593 5755 1676 5812; x_wconf 78' lang='lat' dir='ltr'><strong><em>i-l.</em></strong></span> 
     </span>
    </p>
   </div>
   <div class='ocr_carea' id='block_1_107' title="bbox 1757 5753 2264 5828">
    <p class='ocr_par' dir='ltr' id='par_1_107' title="bbox 1757 5753 2264 5828">
     <span class='ocr_line' id='line_1_107' title="bbox 1757 5753 2264 5828; baseline -0.002 -17"><span class='ocrx_word' id='word_1_831' title='bbox 1757 5756 1800 5788; x_wconf 76' lang='grc' dir='ltr'><strong>ὀ</strong></span> <span class='ocrx_word' id='word_1_832' title='bbox 1840 5753 1996 5813; x_wconf 77' lang='lat' dir='ltr'><strong><em>Joan.</em></strong></span> <span class='ocrx_word' id='word_1_833' title='bbox 2037 5771 2090 5828; x_wconf 75' lang='grc' dir='ltr'><strong><em>ι,</em></strong></span> <span class='ocrx_word' id='word_1_834' title='bbox 2124 5756 2176 5824; x_wconf 74' lang='lat'><strong><em>3,</em></strong></span> <span class='ocrx_word' id='word_1_835' title='bbox 2212 5755 2264 5811; x_wconf 79' lang='grc' dir='ltr'><strong><em>ι.</em></strong></span> 
     </span>
    </p>
   </div>
   <div class='ocr_carea' id='block_1_108' title="bbox 2161 4573 3722 4647">
    <p class='ocr_par' dir='ltr' id='par_1_108' title="bbox 2161 4573 3722 4647">
     <span class='ocr_line' id='line_1_108' title="bbox 2161 4573 3722 4647; baseline -0.008 -10"><span class='ocrx_word' id='word_1_836' title='bbox 2161 4586 2309 4638; x_wconf 78' lang='grc' dir='ltr'>σθεν</span> <span class='ocrx_word' id='word_1_837' title='bbox 2337 4581 2442 4636; x_wconf 81' lang='grc' dir='ltr'>τοῦ</span> <span class='ocrx_word' id='word_1_838' title='bbox 2497 4580 2643 4634; x_wconf 83' lang='grc' dir='ltr'>Θεοῦ</span> <span class='ocrx_word' id='word_1_839' title='bbox 2693 4578 2788 4633; x_wconf 80' lang='grc' dir='ltr'><strong><em>διὰ</em></strong></span> <span class='ocrx_word' id='word_1_840' title='bbox 2819 4577 3011 4647; x_wconf 66' lang='grc' dir='ltr'>φωτὸς</span> <span class='ocrx_word' id='word_1_841' title='bbox 3049 4576 3158 4644; x_wconf 79' lang='grc' dir='ltr'>τῆς</span> <span class='ocrx_word' id='word_1_842' title='bbox 3213 4574 3378 4644; x_wconf 80' lang='grc' dir='ltr'>ζωῆς.</span> <span class='ocrx_word' id='word_1_843' title='bbox 3425 4573 3722 4644; x_wconf 75' lang='grc' dir='ltr'>Διατρίϐων</span> 
     </span>
    </p>
   </div>
   <div class='ocr_carea' id='block_1_109' title="bbox 2161 4665 3720 4742">
    <p class='ocr_par' dir='ltr' id='par_1_109' title="bbox 2161 4665 3720 4742">
     <span class='ocr_line' id='line_1_109' title="bbox 2161 4665 3720 4742; baseline -0.007 -16"><span class='ocrx_word' id='word_1_844' title='bbox 2161 4673 2290 4742; x_wconf 78' lang='grc' dir='ltr'>γοῦν</span> <span class='ocrx_word' id='word_1_845' title='bbox 2317 4672 2410 4725; x_wconf 77' lang='grc' dir='ltr'><strong><em>καὶ</em></strong></span> <span class='ocrx_word' id='word_1_846' title='bbox 2434 4670 2585 4742; x_wconf 67' lang='grc' dir='ltr'>παρὰ</span> <span class='ocrx_word' id='word_1_847' title='bbox 2605 4674 2714 4734; x_wconf 84' lang='grc' dir='ltr'>τοῖς</span> <span class='ocrx_word' id='word_1_848' title='bbox 2748 4669 3084 4738; x_wconf 73' lang='grc' dir='ltr'>ἀλλοφύλοις,</span> <span class='ocrx_word' id='word_1_849' title='bbox 3111 4669 3208 4738; x_wconf 77' lang='grc' dir='ltr'>τῆς</span> <span class='ocrx_word' id='word_1_850' title='bbox 3256 4667 3422 4738; x_wconf 71' lang='grc' dir='ltr'>ὀρθῆς</span> <span class='ocrx_word' id='word_1_851' title='bbox 3449 4667 3540 4718; x_wconf 73' lang='grc' dir='ltr'><strong><em>καὶ</em></strong></span> <span class='ocrx_word' id='word_1_852' title='bbox 3568 4665 3720 4732; x_wconf 86' lang='grc' dir='ltr'>βασι-</span> 
     </span>
    </p>
   </div>
   <div class='ocr_carea' id='block_1_110' title="bbox 2161 4755 3724 4835">
    <p class='ocr_par' dir='ltr' id='par_1_110' title="bbox 2161 4755 3724 4835">
     <span class='ocr_line' id='line_1_110' title="bbox 2161 4755 3724 4835; baseline -0.008 -17"><span class='ocrx_word' id='word_1_853' title='bbox 2161 4765 2313 4835; x_wconf 81' lang='grc' dir='ltr'>λικῆς</span> <span class='ocrx_word' id='word_1_854' title='bbox 2344 4761 2462 4817; x_wconf 78' lang='grc' dir='ltr'>ὀδοῦ</span> <span class='ocrx_word' id='word_1_855' title='bbox 2493 4764 2551 4816; x_wconf 80' lang='grc' dir='ltr'><strong><em>οὐ</em></strong></span> <span class='ocrx_word' id='word_1_856' title='bbox 2584 4761 2909 4835; x_wconf 72' lang='grc' dir='ltr'>παρέξεισιψ</span> <span class='ocrx_word' id='word_1_857' title='bbox 2928 4760 3062 4814; x_wconf 70' lang='grc' dir='ltr'>ἀλλὰ</span> <span class='ocrx_word' id='word_1_858' title='bbox 3089 4762 3168 4814; x_wconf 78' lang='grc' dir='ltr'>σοὶ</span> <span class='ocrx_word' id='word_1_859' title='bbox 3197 4759 3500 4829; x_wconf 81' lang='grc' dir='ltr'>εὐαρέστως</span> <span class='ocrx_word' id='word_1_860' title='bbox 3529 4755 3724 4807; x_wconf 79' lang='grc' dir='ltr'>ὥδευον</span> 
     </span>
    </p>
   </div>
   <div class='ocr_carea' id='block_1_111' title="bbox 2163 4846 3724 4924">
    <p class='ocr_par' dir='ltr' id='par_1_111' title="bbox 2163 4846 3724 4924">
     <span class='ocr_line' id='line_1_111' title="bbox 2163 4846 3724 4924; baseline -0.008 -15"><span class='ocrx_word' id='word_1_861' title='bbox 2163 4857 2266 4910; x_wconf 83' lang='grc' dir='ltr'><strong><em>ὑπὸ</em></strong></span> <span class='ocrx_word' id='word_1_862' title='bbox 2293 4854 2386 4908; x_wconf 74' lang='grc' dir='ltr'><strong><em>σοὺ</em></strong></span> <span class='ocrx_word' id='word_1_863' title='bbox 2421 4852 2818 4924; x_wconf 79' lang='grc' dir='ltr'>ποδηγούμενος</span> <span class='ocrx_word' id='word_1_864' title='bbox 2873 4851 2966 4904; x_wconf 72' lang='grc' dir='ltr'><strong><em>καὶ</em></strong></span> <span class='ocrx_word' id='word_1_865' title='bbox 3029 4847 3412 4918; x_wconf 79' lang='grc' dir='ltr'>φωτιζόμενος,</span> <span class='ocrx_word' id='word_1_866' title='bbox 3441 4846 3616 4916; x_wconf 72' lang='grc' dir='ltr'>φωτός</span> <span class='ocrx_word' id='word_1_867' title='bbox 3665 4861 3724 4897; x_wconf 82' lang='grc' dir='ltr'><strong><em>τε</em></strong></span> 
     </span>
    </p>
   </div>
   <div class='ocr_carea' id='block_1_112' title="bbox 2166 4937 3722 5020">
    <p class='ocr_par' dir='ltr' id='par_1_112' title="bbox 2166 4937 3722 5020">
     <span class='ocr_line' id='line_1_112' title="bbox 2166 4937 3722 5020; baseline -0.009 -18"><span class='ocrx_word' id='word_1_868' title='bbox 2166 4947 2584 5020; x_wconf 81' lang='grc' dir='ltr'>μεταλαγχάνων</span> <span class='ocrx_word' id='word_1_869' title='bbox 2609 4947 2668 4999; x_wconf 80' lang='grc' dir='ltr'><strong><em>οὐ</em></strong></span> <span class='ocrx_word' id='word_1_870' title='bbox 2695 4943 2787 4998; x_wconf 81' lang='grc' dir='ltr'>τοῦ</span> <span class='ocrx_word' id='word_1_871' title='bbox 2833 4941 3009 4998; x_wconf 77' lang='grc' dir='ltr'>κοινοῦ</span> <span class='ocrx_word' id='word_1_872' title='bbox 3061 4941 3154 4994; x_wconf 72' lang='grc' dir='ltr'><strong><em>καὶ</em></strong></span> <span class='ocrx_word' id='word_1_873' title='bbox 3190 4941 3354 4994; x_wconf 74' lang='grc' dir='ltr'>πᾶσιν</span> <span class='ocrx_word' id='word_1_874' title='bbox 3384 4937 3722 5007; x_wconf 75' lang='grc' dir='ltr'>ἐγκειμένου,</span> 
     </span>
    </p>
   </div>
   <div class='ocr_carea' id='block_1_113' title="bbox 2159 5032 3727 5110">
    <p class='ocr_par' dir='ltr' id='par_1_113' title="bbox 2159 5032 3727 5110">
     <span class='ocr_line' id='line_1_113' title="bbox 2159 5032 3727 5110; baseline -0.01 -15"><span class='ocrx_word' id='word_1_875' title='bbox 2159 5041 2394 5110; x_wconf 82' lang='grc' dir='ltr'>λογικοῖς</span> <span class='ocrx_word' id='word_1_876' title='bbox 2417 5057 2476 5092; x_wconf 88' lang='grc' dir='ltr'><strong><em>τε</em></strong></span> <span class='ocrx_word' id='word_1_877' title='bbox 2503 5039 2596 5092; x_wconf 81' lang='grc' dir='ltr'><strong><em>καὶ</em></strong></span> <span class='ocrx_word' id='word_1_878' title='bbox 2628 5037 2857 5106; x_wconf 75' lang='grc' dir='ltr'>ἀλόγοις,</span> <span class='ocrx_word' id='word_1_879' title='bbox 2893 5035 3099 5106; x_wconf 78' lang='grc' dir='ltr'>θηρίοις</span> <span class='ocrx_word' id='word_1_880' title='bbox 3125 5051 3182 5086; x_wconf 79' lang='grc' dir='ltr'><strong><em>τε</em></strong></span> <span class='ocrx_word' id='word_1_881' title='bbox 3226 5032 3319 5085; x_wconf 68' lang='grc' dir='ltr'><strong><em>καὶ</em></strong></span> <span class='ocrx_word' id='word_1_882' title='bbox 3343 5033 3610 5102; x_wconf 75' lang='grc' dir='ltr'>ἑρπετοῖς,</span> <span class='ocrx_word' id='word_1_883' title='bbox 3641 5044 3727 5080; x_wconf 85' lang='grc' dir='ltr'>νε-</span> 
     </span>
    </p>
   </div>
   <div class='ocr_carea' id='block_1_114' title="bbox 2162 5117 3723 5203">
    <p class='ocr_par' dir='ltr' id='par_1_114' title="bbox 2162 5117 3723 5203">
     <span class='ocr_line' id='line_1_114' title="bbox 2162 5117 3723 5203; baseline -0.008 -19"><span class='ocrx_word' id='word_1_884' title='bbox 2162 5134 2312 5203; x_wconf 88' lang='grc' dir='ltr'>κροῖς</span> <span class='ocrx_word' id='word_1_885' title='bbox 2337 5147 2396 5184; x_wconf 84' lang='grc' dir='ltr'><strong><em>τε</em></strong></span> <span class='ocrx_word' id='word_1_886' title='bbox 2423 5131 2530 5184; x_wconf 80' lang='grc' dir='ltr'>καὶ’</span> <span class='ocrx_word' id='word_1_887' title='bbox 2553 5129 2795 5200; x_wconf 68' lang='grc' dir='ltr'>ἀψύχοις,</span> <span class='ocrx_word' id='word_1_888' title='bbox 2827 5125 2960 5179; x_wconf 81' lang='grc' dir='ltr'>ἀλλὰ</span> <span class='ocrx_word' id='word_1_889' title='bbox 2990 5125 3082 5178; x_wconf 78' lang='grc' dir='ltr'>τοῦ</span> <span class='ocrx_word' id='word_1_890' title='bbox 3117 5125 3294 5194; x_wconf 75' lang='grc' dir='ltr'>μόνοις</span> <span class='ocrx_word' id='word_1_891' title='bbox 3319 5125 3428 5186; x_wconf 87' lang='grc' dir='ltr'>τοῖς</span> <span class='ocrx_word' id='word_1_892' title='bbox 3459 5119 3606 5191; x_wconf 74' lang='grc' dir='ltr'>παρὰ</span> <span class='ocrx_word' id='word_1_893' title='bbox 3631 5117 3723 5173; x_wconf 78' lang='grc' dir='ltr'>σοῦ</span> 
     </span>
    </p>
   </div>
   <div class='ocr_carea' id='block_1_115' title="bbox 2163 5211 3722 5292">
    <p class='ocr_par' dir='ltr' id='par_1_115' title="bbox 2163 5211 3722 5292">
     <span class='ocr_line' id='line_1_115' title="bbox 2163 5211 3722 5292; baseline -0.009 -16"><span class='ocrx_word' id='word_1_894' title='bbox 2163 5224 2325 5288; x_wconf 82' lang='grc' dir='ltr'>ζῶσιν</span> <span class='ocrx_word' id='word_1_895' title='bbox 2353 5222 2754 5292; x_wconf 76' lang='grc' dir='ltr'>ἁφωρισμένου.</span> <span class='ocrx_word' id='word_1_896' title='bbox 2784 5221 3012 5290; x_wconf 76' lang='grc' dir='ltr'>Νοὴσεις</span> <span class='ocrx_word' id='word_1_897' title='bbox 3035 5217 3090 5271; x_wconf 77' lang='grc' dir='ltr'><strong><em>δὲ</em></strong></span> <span class='ocrx_word' id='word_1_898' title='bbox 3121 5218 3181 5269; x_wconf 80' lang='grc' dir='ltr'>τὸ</span> <span class='ocrx_word' id='word_1_899' title='bbox 3213 5216 3326 5286; x_wconf 64' lang='grc' dir='ltr'>φῶς</span> <span class='ocrx_word' id='word_1_900' title='bbox 3351 5215 3454 5268; x_wconf 82' lang='grc' dir='ltr'><strong><em>τῶν</em></strong></span> <span class='ocrx_word' id='word_1_901' title='bbox 3485 5211 3722 5278; x_wconf 82' lang='grc' dir='ltr'>ζώντων,</span> 
     </span>
    </p>
   </div>
   <div class='ocr_carea' id='block_1_116' title="bbox 2165 5306 3726 5387">
    <p class='ocr_par' dir='ltr' id='par_1_116' title="bbox 2165 5306 3726 5387">
     <span class='ocr_line' id='line_1_116' title="bbox 2165 5306 3726 5387; baseline -0.01 -14"><span class='ocrx_word' id='word_1_902' title='bbox 2165 5323 2220 5373; x_wconf 85' lang='grc' dir='ltr'>ὲν</span> <span class='ocrx_word' id='word_1_903' title='bbox 2306 5319 2397 5374; x_wconf 53' lang='grc' dir='ltr'><strong><em>καί⁵</em></strong></span> <span class='ocrx_word' id='word_1_904' title='bbox 2421 5317 2582 5373; x_wconf 83' lang='grc' dir='ltr'><strong><em>Δαυῖδ</em></strong></span> <span class='ocrx_word' id='word_1_905' title='bbox 2611 5317 2704 5370; x_wconf 77' lang='grc' dir='ltr'>καὶ</span> <span class='ocrx_word' id='word_1_906' title='bbox 2735 5314 2930 5377; x_wconf 85' lang='grc' dir='ltr'>πάντες</span> <span class='ocrx_word' id='word_1_907' title='bbox 2959 5313 3008 5366; x_wconf 81' lang='grc' dir='ltr'>οἱ</span> <span class='ocrx_word' id='word_1_908' title='bbox 3041 5311 3303 5380; x_wconf 66' lang='grc' dir='ltr'>θεοφιλεῖς</span> <span class='ocrx_word' id='word_1_909' title='bbox 3335 5309 3604 5381; x_wconf 67' lang='grc' dir='ltr'>προφῆται</span> <span class='ocrx_word' id='word_1_910' title='bbox 3631 5306 3726 5359; x_wconf 76' lang='grc' dir='ltr'>καὶ</span> 
     </span>
    </p>
   </div>
   <div class='ocr_carea' id='block_1_117' title="bbox 2165 5399 3728 5482">
    <p class='ocr_par' dir='ltr' id='par_1_117' title="bbox 2165 5399 3728 5482">
     <span class='ocr_line' id='line_1_117' title="bbox 2165 5399 3728 5482; baseline -0.008 -18"><span class='ocrx_word' id='word_1_911' title='bbox 2165 5411 2360 5466; x_wconf 83' lang='grc' dir='ltr'>δίκαιοι</span> <span class='ocrx_word' id='word_1_912' title='bbox 2393 5410 2792 5482; x_wconf 73' lang='grc' dir='ltr'>ἐφωτίσθησαν,</span> <span class='ocrx_word' id='word_1_913' title='bbox 2821 5411 3116 5480; x_wconf 77' lang='grc' dir='ltr'>ἐπιστήσας</span> <span class='ocrx_word' id='word_1_914' title='bbox 3151 5405 3227 5476; x_wconf 84' lang='grc' dir='ltr'>τῷ</span> <span class='ocrx_word' id='word_1_915' title='bbox 3253 5401 3604 5471; x_wconf 76' lang='grc' dir='ltr'>εύαγγελιστῇ</span> <span class='ocrx_word' id='word_1_916' title='bbox 3649 5399 3728 5453; x_wconf 81' lang='grc' dir='ltr'><strong><em>λέο</em></strong></span> 
     </span>
    </p>
   </div>
   <div class='ocr_carea' id='block_1_118' title="bbox 2167 5489 3724 5572">
    <p class='ocr_par' dir='ltr' id='par_1_118' title="bbox 2167 5489 3724 5572">
     <span class='ocr_line' id='line_1_118' title="bbox 2167 5489 3724 5572; baseline -0.009 -15"><span class='ocrx_word' id='word_1_917' title='bbox 2167 5521 2332 5572; x_wconf 66' lang='grc' dir='ltr'>γοντσ</span> <span class='ocrx_word' id='word_1_918' title='bbox 2381 5507 2440 5556; x_wconf 90' lang='grc' dir='ltr'><em>Ὃ</em></span> <span class='ocrx_word' id='word_1_919' title='bbox 2472 5502 2718 5572; x_wconf 75' lang='grc' dir='ltr'><strong><em>γέγονεν</em></strong></span> <span class='ocrx_word' id='word_1_920' title='bbox 2755 5503 2823 5556; x_wconf 77' lang='grc' dir='ltr'><strong><em>ἐν</em></strong></span> <span class='ocrx_word' id='word_1_921' title='bbox 2849 5499 3028 5566; x_wconf 78' lang='grc' dir='ltr'>αὐτῷ,</span> <span class='ocrx_word' id='word_1_922' title='bbox 3089 5499 3286 5569; x_wconf 71' lang='grc' dir='ltr'>δηλαδὴ</span> <span class='ocrx_word' id='word_1_923' title='bbox 3340 5494 3417 5565; x_wconf 82' lang='grc' dir='ltr'>τῷ</span> <span class='ocrx_word' id='word_1_924' title='bbox 3448 5493 3602 5563; x_wconf 75' lang='grc' dir='ltr'><strong><em>Λόγῳ</em></strong></span> <span class='ocrx_word' id='word_1_925' title='bbox 3627 5489 3724 5544; x_wconf 76' lang='grc' dir='ltr'>τοῦ</span> 
     </span>
    </p>
   </div>
   <div class='ocr_carea' id='block_1_119' title="bbox 2168 5581 3723 5668">
    <p class='ocr_par' dir='ltr' id='par_1_119' title="bbox 2168 5581 3723 5668">
     <span class='ocr_line' id='line_1_119' title="bbox 2168 5581 3723 5668; baseline -0.008 -19"><span class='ocrx_word' id='word_1_926' title='bbox 2168 5595 2300 5649; x_wconf 80' lang='grc' dir='ltr'>Θεοῦ</span> <span class='ocrx_word' id='word_1_927' title='bbox 2327 5596 2402 5667; x_wconf 80' lang='grc' dir='ltr'>τῷ</span> <span class='ocrx_word' id='word_1_928' title='bbox 2435 5599 2492 5650; x_wconf 83' lang='grc' dir='ltr'>ὲν</span> <span class='ocrx_word' id='word_1_929' title='bbox 2514 5597 2656 5668; x_wconf 77' lang='grc' dir='ltr'>ἀρχῇ</span> <span class='ocrx_word' id='word_1_930' title='bbox 2692 5593 2822 5665; x_wconf 80' lang='grc' dir='ltr'>πρὸς</span> <span class='ocrx_word' id='word_1_931' title='bbox 2850 5593 2940 5646; x_wconf 69' lang='grc' dir='ltr'><strong><em>τὸν</em></strong></span> <span class='ocrx_word' id='word_1_932' title='bbox 2971 5591 3098 5646; x_wconf 72' lang='grc' dir='ltr'>Θεὸν</span> <span class='ocrx_word' id='word_1_933' title='bbox 3123 5589 3254 5655; x_wconf 76' lang='grc' dir='ltr'>ὄντι,</span> <span class='ocrx_word' id='word_1_934' title='bbox 3284 5586 3394 5656; x_wconf 79' lang='grc' dir='ltr'><strong><em>ζωὴ</em></strong></span> <span class='ocrx_word' id='word_1_935' title='bbox 3421 5582 3518 5658; x_wconf 76' lang='grc' dir='ltr'><strong><em>ἦν,</em></strong></span> <span class='ocrx_word' id='word_1_936' title='bbox 3557 5581 3652 5638; x_wconf 75' lang='grc' dir='ltr'>καὶ</span> <span class='ocrx_word' id='word_1_937' title='bbox 3683 5583 3723 5650; x_wconf 76' lang='grc' dir='ltr'><em>ὴ</em></span> 
     </span>
    </p>
   </div>
   <div class='ocr_carea' id='block_1_120' title="bbox 2343 5753 2562 5810">
    <p class='ocr_par' dir='ltr' id='par_1_120' title="bbox 2343 5753 2562 5810">
     <span class='ocr_line' id='line_1_120' title="bbox 2343 5753 2562 5810; baseline 0.005 -1"><span class='ocrx_word' id='word_1_938' title='bbox 2343 5757 2382 5789; x_wconf 78' lang='grc' dir='ltr'><strong><em>²τ</em></strong></span> <span class='ocrx_word' id='word_1_939' title='bbox 2429 5753 2562 5810; x_wconf 82' lang='lat' dir='ltr'><strong><em>ibid.</em></strong></span> 
     </span>
    </p>
   </div>
  </div>
