4100 6514
333 285 430 341 501

1464 289 1969 353 COMMENTABIA
2010 303 2080 358 ΙΝ
2116 301 2456 359 PSALMOS.

3460 303 3569 363 ΕΗ

328 386 439 463 Qui)
460 392 538 467 ἧν
584 396 650 449 τὸ
681 395 805 463 φῶς
857 396 976 450 τῶν
1022 399 1364 466 ἀνθρώπων
1426 404 1520 455 καὶ
1575 405 1753 460 πάλινο
1789 402 1879 462 Ἦν

1999 432 2201 470 omnem
2257 416 2518 470 hominem
2576 413 2853 468 venientem
2904 414 2956 467 in
2997 413 3137 468 hunc
3187 415 3459 473 mundum.
3504 419 3571 474 In

324 485 392 540 τὸ
419 484 546 555 φῶς
572 484 637 538 τὸ
667 486 976 553 ἀληθινὸν,
1013 488 1077 543 τὸ
1104 489 1351 558 φωτίζον
1378 490 1572 546 πάντα
1586 495 1901 564 ἄνθρωπον

322 579 648 648 ἐρχόμενον
684 583 770 646 εὶς
795 582 901 635 τὸν
916 584 1164 652 κόσμον.
1202 585 1297 638 Ἐν
1324 586 1404 653 τῷ
1437 590 1642 658 κόσμῳ
1667 588 1761 662 ἦν,
1800 595 1900 649 καὶ

323 676 356 728 ό
388 674 617 739 κόσμος
643 672 717 725 δι’
736 673 924 728 αὐτοῦ
949 677 1202 747 ἐγένετο,
1235 680 1334 733 καὶ
1379 685 1413 735 ό
1465 684 1693 753 κόσμος
1713 687 1899 741 αὐτὸν

322 766 433 818 οὐκ
459 765 628 834 ἔγνω.
654 765 860 820 Οὐκοῦν
884 762 950 838 ἦν
974 770 1031 821 ἐν
1058 769 1134 840 τῷ
1160 772 1362 842 κόσμῳ·
1386 774 1621 847 κάκείνῳ
1651 776 1728 846 τῷ
1758 779 1897 846 φωτὶ

321 856 370 909 οἱ
398 855 496 924 τῆς
527 857 675 929 παρὰ
704 858 780 929 τῷ
805 859 921 931 Θεῷ
947 861 1089 932 ζωῆς
1117 863 1525 935 καταξιούμενοι
1549 869 1892 938 ἐφωτίζοντο.

324 946 590 1018 ’Ὕστερον
615 948 671 1001 δὲ
699 950 791 1001 καὶ
821 954 907 1017 εἰς
947 951 1017 1005 τὰ
1077 952 1196 1007 ἴδια
1245 951 1449 1025 ἦλθεν·
1493 956 1625 1012 ὅσοι
1672 978 1735 1014 τε
1772 961 1897 1016 ἐδέ-

322 1037 505 1102 ξαντο
541 1040 739 1093 αὐτὸν·
755 1041 979 1096 ἔδωκεν
998 1045 1200 1111 αὐτοῖς
1218 1046 1510 1111 ἐξουσίαν
1536 1051 1716 1107 τέκνα
1750 1055 1895 1110 Θεοῦ

323 1125 616 1196 γενέσθαι.
671 1130 914 1202 Τοσαύτη
968 1133 1195 1203 δύναμις
1249 1139 1429 1210 παρῆν
1468 1139 1546 1211 τῷ
1600 1144 1736 1210 φωτὶ
1786 1145 1895 1199 τῶν

319 1213 558 1279 ζώντων,
592 1218 667 1280 ὡς
690 1219 853 1273 τέκνα
884 1220 1016 1274 Θεοῦ
1077 1224 1485 1295 ἀπεργάζεσθαι
1510 1231 1635 1293 τοὺς
1673 1232 1897 1286 καταδε-

2002 510 2194 563 mundo
2242 516 2379 571 erat,
2421 516 2471 560 et
2522 507 2746 560 mundus
2806 522 2897 574 per
2949 508 3117 575 ipsum
3173 506 3343 577 factus
3387 517 3488 576 est,
3518 522 3569 569 ct

2000 599 2225 673 mundus
2256 616 2371 654 cum
2393 615 2495 652 non
2519 598 2757 668 cognovit
2778 599 2843 653 ’³.
2878 599 3008 653 Erat
3046 598 3212 669 igitur
3248 599 3303 653 in
3328 602 3530 656 mundo
3551 623 3585 658 ς’

1996 697 2051 746 et
2107 692 2207 746 hoc
2253 691 2475 753 lumine,
2520 692 2614 762 qui
2666 692 2776 744 vita
2826 691 2920 745 illa
2967 691 3108 762 apud
3163 690 3332 747 Deum
3379 694 3565 749 donati

1995 790 2170 846 erant,
2202 781 2663 837 illuminabantur.
2702 781 2901 837 Deinde
2946 782 2998 835 in
3041 782 3255 851 propria
3298 784 3467 847 venit;
3517 791 3567 850 et

1995 882 2257 943 quotquat'
2288 884 2586 942 receperunt
2636 890 2773 939 eum,
2794 872 2936 927 dedit
2967 874 3042 927 eis
3085 883 3393 942 potestatem
3427 873 3565 944 filivs

1994 963 2094 1019 Dei
2115 966 2251 1034 ﬁeri.
2280 963 2452 1020 Tanta
2482 966 2658 1021 virtus
2693 967 2885 1020 lumini
2930 966 3220 1021 viventium
3276 966 3474 1030 inerat,
3510 973 3571 1019 ut

1997 1069 2091 1111 eos
2121 1056 2213 1125 qui
2245 1072 2305 1111 se
2331 1057 2639 1127 reciperent
2672 1056 2811 1111 ﬁlios
2838 1055 2931 1110 Dei
2961 1055 3194 1111 elliceret
3231 1076 3243 1110 :
3271 1056 3416 1126 quod
3442 1070 3565 1109 cum

1992 1147 2159 1201 sciret
2192 1147 2381 1211 David,
2421 1148 2474 1202 in
2505 1157 2631 1204 voto
2661 1148 2872 1213 habuit,
2895 1157 2955 1203 ut
2987 1145 3228 1219 placeret
3259 1165 3436 1203 coram
3457 1145 3565 1203 Dea

1995 1238 2049 1289 in
2077 1238 2274 1294 lumine
2300 1241 2598 1297 viventium.

317 1311 582 1406 zophoro;
629 1314 778 1366 αὑτό·
831 1315 967 1388 ὅπερ
1029 1317 1182 1382 εἰδὼς
1225 1322 1253 1373 6
1300 1320 1462 1376 Δαυῖδ
1516 1323 1583 1377 δι’
1618 1326 1783 1396 εὐχῆς
1841 1323 1964 1399 εἶχε
1992 1331 2086 1386 τοῦ
2138 1333 2498 1405 εὐαρεστῆσαι
2572 1333 2826 1387 ἐνώπιον
2908 1334 3013 1388 τοῦ
3067 1335 3215 1390 Θεοῦ
3280 1334 3349 1388 ἐν
3412 1319 3561 1406 φωτὶ

317 1401 567 1463 ζώντων.

318 1542 807 1623 aggeratos.
837 1551 947 1623 tun
997 1553 1416 1623 sisset-ripas,
1443 1561 1527 1614 To
1559 1564 1756 1618 arma
1785 1568 1891 1620 Et:

389 1615 912 1689 ξ’[ιιᾼοΓΡΑψιΑΝ
954 1624 1045 1676 EN
1076 1626 1161 1678 το
1196 1615 1429 1684 arma“
1480 1615 1891 1689 suasuris:

386 1684 723 1760 scinsno
767 1691 1127 1748 neoxoror
1178 1698 1401 1753 ΣΑΟΥΛ
1462 1684 1889 1760 Emissis.

386 1755 785 1827 AAION.)NC,".

2000 1568 2050 1621 ‘l.
2094 1565 2163 1619 IN
2198 1565 2431 1628 FINEM,
2471 1565 2561 1620 NE
2599 1565 3018 1629 DlSPERDAS,
3070 1567 3278 1623 DAVID
3337 1569 3406 1624 IN
3463 1570 3560 1625 Tl-

2069 1636 2229 1691 TULI
2291 1636 2861 1699 INSCRIPTIONEM.
2919 1638 3066 1694 CUM
3138 1640 3460 1697 FUGERET
3516 1645 3562 1696 Α

2063 1708 2269 1763 FACIE
2308 1707 2485 1764 SAUL
2523 1708 2591 1761 ΙΝ
2636 1708 3069 1783 SPELUNCAM.
3112 1709 3245 1766 LVI.

397 1846 685 1916 Ἐλέησόν
711 1868 807 1920 με,
842 1856 876 1906 ό
899 1854 1064 1920 Θεὸς,
1107 1857 1367 1926 ἐλέησόν
1396 1879 1495 1930 με,
1528 1863 1613 1916 ὅτι
1660 1866 1757 1919 ἐπὶ
1793 1869 1879 1923 σο]

2064 1863 2233 1921 Vens.
2258 1865 2313 1921 2.
2345 1864 2598 1921 Miserere
2642 1868 2764 1931 mei,
2790 1871 2952 1934 Deus,
3001 1870 3244 1923 miserere
3275 1869 3397 1933 mei,
3431 1886 3561 1940 quo.

300 1935 598 2029 πέποιθεν
626 1942 665 2008 ἡ
713 1943 882 2012 ψυχή
932 1964 1073 2014 μου.
1119 1949 1327 2022 Ὠσπερ
1383 1953 1489 2005 ἀπὸ
1528 1955 1626 2025 τῆς
1654 1958 1891 2029 ἱστορίας

298 2027 584 2084 ἐδείκνυτο
612 2032 861 2105 δεύτερον
903 2038 1184 2109 γινόμενος
1229 2045 1257 2095 6
1300 2044 1461 2097 Δανῒδ
1500 2047 1650 2118 παρὰ
1677 2027 1788 2115 τοτε
1834 2054 1890 2105 ἐν

292 2119 341 2172 Γ
342 2121 414 2174 ὲθ
444 2122 778 2215 ἀλλοφύλοις,
811 2131 938 2200 παρ’
966 2125 1045 2194 οἷς
1070 2132 1357 2205 διατρίϐων
1383 2138 1471 2191 τὸν
1493 2146 1563 2193 νε’
1584 2142 1891 2215 ἀναγέγρα-

289 2226 440 2306 attat
487 2212 700 2306 ψαλμὸν
725 2218 980 2289 εἰρηκὼςο
1000 2222 1141 2276 οὕτω
1168 2224 1247 2289 δὶς
1274 2228 1521 2295 φαίνεται
1554 2232 1610 2284 ὲν
1642 2233 1719 2303 τῷ
1746 2212 1887 2306 σπη-

290 2300 443 2375 λαίῳ
466 2304 763 2375 ὲληλυθὼςο
788 2310 932 2377 ἅπαξ
959 2312 1077 2380 μὲν,
1096 2317 1205 2377 ὅτε,
1237 2318 1430 2386 μανίαν
1477 2300 1883 2393 προσποιηθεὶς,

291 2395 406 2458 τὰς
440 2399 629 2468 χεῖρας
683 2399 774 2451 τοῦ
837 2402 1063 2473 Ἀγχοῦς
1111 2405 1229 2475 (sic)
1272 2408 1366 2461 καὶ
1418 2409 1526 2463 τῶν
1571 2414 1627 2466 ἐν
1664 2413 1760 2467 rte
1792 2414 1886 2468 ἀλ-

290 2484 553 2555 λοφύλων
580 2489 880 2559 διαφεύγει·
917 2496 1170 2549 κάκεῖθεν
1193 2498 1513 2574 διασώζεται
1540 2504 1618 2567 είς
1641 2504 1700 2557 τὸ
1754 2508 1887 2577 σπή-

302 2577 468 2632 λαιον
498 2581 558 2633 τὺ
603 2582 881 2655 Ὀδολλὰμ,
904 2585 1031 2639 ἔνθα
1063 2587 1285 2657 πάντες
1310 2595 1364 2645 οἱ
1399 2593 1645 2664 ἀδελφοὶ
1674 2596 1879 2662 αὑτοῦ,

292 2668 406 2722 καὶ
433 2668 551 2735 πᾶς
581 2674 613 2725 ό
641 2671 804 2737 οἶκος
830 2673 936 2727 τοῦ
963 2677 1186 2743 πατρὸς
1235 2680 1422 2734 αὐτοῦ
1454 2683 1882 2735 καταϐαίνουσι

292 2760 457 2827 πρὸς
495 2764 697 2816 αὐτόν.
753 2765 1099 2835 Συνήγοντό
1145 2787 1210 2823 τε
1253 2773 1387 2839 παρ’
1442 2774 1600 2840 αὐτῷ
1663 2772 1781 2840 πᾶς
1812 2774 1884 2826 ἐν

291 2851 535 2922 ἀνάγκῃ
568 2853 672 2917 ῶν,
715 2856 813 2909 καὶ
851 2856 970 2924 πᾶς
1017 2862 1347 2929 ὑπόχρεως,
1394 2866 1491 2919 καὶ
1532 2865 1701 2921 πᾶσα
1744 2885 1882 2921 κατ-

288 2944 525 3008 ώδυνος
552 2947 743 3017 ψυχή’
762 2951 855 3003 καὶ
881 2948 960 3020 ἦν
977 2953 1070 3005 ἐπ’
1097 2955 1293 3008 αὐτῶν
1311 2959 1659 3028 ἡγούμενος.
1680 2955 1882 3013 Ἷισαν

289 3037 371 3091 δὲ
406 3039 486 3104 ὡς
509 3044 875 3108 τετρακόσιοι
904 3044 1118 3114 ἄνδρες
1140 3064 1154 3078 ’
1189 3048 1438 3121 δεύτερον
1470 3051 1549 3116 δὲ,
1622 3053 1722 3106 ὅτε
1769 3053 1876 3107 ἀν-

287 3129 596 3200 έστρεψεν
626 3137 659 3186 ό
687 3135 884 3188 Σαοὺλ
909 3136 1025 3189 ἀπὸ
1061 3139 1309 3195 ὄπισθεν
1335 3141 1453 3195 τῶν
1488 3145 1873 3213 ἀλλοφύλων,

287 3224 397 3277 καί
429 3226 736 3296 ἀπηγγέλη
766 3222 947 3294 αὐτῷ,
975 3229 1062 3283 ὅτι
1099 3232 1243 3286 Ἰδοὺ
1285 3235 1466 3289 Δαυῒδ
1484 3237 1553 3289 ἐν
1581 3211 1871 3306 τῇνέλρήμῳ
1900 3211 1943 3268 C

287 3316 377 3384 τῇ
404 3318 609 3372 1¹αδδίο
644 3321 741 3373 καὶ
794 3322 973 3375 ἔλαϐε
1008 3326 1135 3392 μεθ’
1160 3325 1379 3381 ἑαυτοῦ
1411 3330 1562 3398 τρεῖς
1599 3334 1875 3404 χιλιάδας

285 3408 533 3498 ᾀνδρῶν
561 3411 860 3466 ἐκλεκτῶν
902 3415 969 3468 ἐκ
1011 3416 1117 3470 τοῦ
1154 3419 1412 3487 Ἰσραὴλ,
1457 3424 1552 3476 καὶ
1580 3424 1873 3498 ἐπορεύθη

288 3496 486 3567 ζητῶν
538 3503 644 3556 τὸν
693 3506 876 3561 Δαυῒδ
947 3509 1043 3561 καὶ
1091 3510 1233 3577 τοὺς
1287 3512 1508 3581 ἄνδρας
1545 3518 1731 3573 αὐτοῦ

284 3595 621 3662 πρόσωπον
649 3600 872 3652 Αὶλείν.
910 3601 1017 3654 Kal
1053 3598 1239 3671 ἦλθεν
1266 3608 1351 3671 εις
1379 3606 1483 3672 τὰς
1508 3608 1728 3677 ἀγέλας
1754 3614 1875 3667 τῶν

283 3687 588 3754 ποιμνίων
612 3688 716 3754 τὰς
747 3689 848 3742 ἐπὶ
895 3689 1008 3760 γῆς
1040 3693 1206 3748 ὀδοῦ.
1270 3695 1377 3749 Καὶ
1415 3692 1494 3766 ἦν
1540 3700 1670 3753 ἐκεῖ
1708 3703 1870 3770 σπή-

282 3782 491 3844 λαιον,
528 3781 620 3833 καί
653 3781 902 3849 εισῆλθε
924 3786 1122 3839 Σαοὺλ
1152 3790 1749 3855 παρασκευάσασθαιο
1774 3797 1869 3849 καὶ

284 3870 476 3924 Δαυῒδ
515 3872 610 3927 καί
642 3877 696 3927 οἱ
727 3874 931 3943 ἄνδρε(
1004 3879 1185 3932 αὐτοῦ
1240 3878 1515 3949 ἐσώτεροι
1574 3885 1678 3938 τοῦ
1716 3903 1872 3954 σπηο

284 3963 471 4015 λαιόυ
494 3963 808 4033 ἐκάθηντο.
859 3968 969 4022 Καὶ
994 3967 1171 4023 εἶπαν
1194 3974 1249 4024 οί
1280 3971 1495 4040 ἄνδρες
1517 3975 1697 4028 Δαυῒδ
1721 3978 1871 4044 πριλς

285 4057 497 4110 αὐτόν’
549 4058 703 4112 Ἰδοὺ
728 4062 765 4128 ἡ
793 4062 979 4130 ἡμέρα
1005 4064 1175 4131 αὕτη,
1204 4062 1285 4131 ἣν
1319 4062 1447 4120 εἷπε
1484 4070 1694 4136 Κύριος
1720 4070 1867 4137 πρὸς

285 4146 388 4213 σὲ,
424 4151 791 4218 παραδοῦναι
834 4154 940 4207 τὸν
989 4156 1207 4224 ἐχθρόν
1234 4173 1350 4211 σου
1408 4162 1493 4226 είς
1532 4161 1639 4227 τὰς
1665 4161 1870 4231 χεῖράς

285 4257 430 4303 σου,
465 4243 560 4296 καὶ
594 4244 867 4312 ποιήσεις
895 4243 1051 4316 αὐτῷ
1078 4250 1158 4315 ὼς
1197 4250 1421 4318 ἀγαθὸν
1446 4252 1516 4305 ἐν
1539 4254 1868 4322 ὀφθαλμοῖς

1991 1959 2134 2011 niam
2186 1958 2239 2011 in
2294 1968 2342 2012 te
2371 1960 2587 2029 conﬁdit
2623 1961 2805 2014 anima
2852 1978 2987 2014 mea.
3021 1959 3178 2015 Sicut
3220 1976 3287 2015 ex
3331 1961 3558 2016 historia

1988 2058 2455 2107 commonstratnr
2503 2051 2759 2108 Davidem
2803 2054 2887 2110 bis
2948 2053 3091 2123 apud
3145 2050 3445 2125 allophylus
3503 2054 3579 2108 in.

1988 2139 2125 2193 Geth
2166 2139 2358 2205 fuisse,
2391 2142 2575 2213 ibique
2603 2143 2886 2214 degentem
2930 2145 3203 2215 psalmum
3229 2160 3297 2199 ιν
3332 2145 3582 2198 recitas-~

1987 2248 2045 2288 se
2075 2234 2340 2303 scriptum
2378 2243 2499 2289 est:
2532 2236 2610 2291 sic
2657 2236 2742 2291 bis
2774 2236 2828 2290 in
2886 2238 3201 2306 speluncam
3235 2239 3447 2293 venisse
3478 2237 3561 2291 vi-

1986 2323 2174 2389 detur;
2211 2324 2388 2393 primo
2418 2340 2540 2377 cum
2563 2364 2577 2387 ,
2608 2325 2824 2379 insania
2880 2325 3157 2387 simulata,
3193 2340 3388 2379 manus
3445 2324 3560 2377 An-

1985 2412 2124 2466 chus
2166 2420 2220 2467 et
2276 2412 2621 2467 Gellia-orum
2680 2413 3078 2486 allopbylorum
3136 2414 3346 2484 eﬂugit,
3392 2421 3558 2484 atque

1983 2502 2109 2557 inde
2138 2504 2191 2557 in
2223 2506 2537 2573 speluncam
2573 2503 2818 2559 Odollam
2858 2522 2917 2561 se
2940 2506 3224 2569 subduxit,
3258 2506 3351 2559 ubi
3378 2520 3557 2560 omna

1982 2595 2177 2665 fratres
2216 2596 2329 2665 ejus
2372 2606 2421 2651 et
2472 2598 2715 2651 universa
2757 2597 2943 2651 domus
2972 2598 3141 2666 patris
3171 2596 3283 2666 ejus
3311 2612 3429 2648 eum
3458 2610 3558 2649 ..ξι

1980 2689 2172 2743 ierunt.
2207 2686 2275 2741 Et
2298 2698 2645 2743 convenerunt
2696 2689 2765 2743 ad
2815 2706 2932 2743 eum
2968 2706 3144 2742 omnes
3176 2688 3264 2759 qui
3307 2695 3460 2741 erant
3498 2685 3555 2742 ἔτι

1982 2782 2232 2851 angustia
2256 2781 2551 2843 constituti,
2581 2792 2629 2835 et
2654 2782 2887 2850 oppressi
2926 2798 3028 2835 tere
3063 2781 3256 2842 alieno,
3290 2788 3339 2832 et
3368 2795 3555 2831 amaro

1982 2869 2156 2920 animo
2188 2878 2278 2921 :et
2307 2878 2419 2922 erat
2444 2886 2623 2923 eorum
2650 2870 2781 2925 dum.
2809 2869 2977 2922 Erant
3007 2879 3183 2922 autem
3227 2869 3380 2938 quasi
3421 2884 3557 2938 qna-

1979 2961 2242 3031 dringenti
2294 2962 2395 3014 viri
2424 2961 2491 3016 ¹³.
2527 2960 2784 3016 Secundo
2809 2970 3012 3025 autem,
3063 2978 3181 3014 cum
3210 2977 3444 3014 reversus
3473 2969 3555 3014 est

1980 3049 2116 3105 Saul
2143 3052 2340 3121 fugatis
2383 3051 2687 3122 allopltylis,
2718 3061 2766 3105 et
2815 3052 3115 3105 nuntiatum
3161 3060 3238 3105 est
3290 3052 3380 3105 ei:
3418 3050 3554 3105 Ecce

1982 3143 2154 3196 David
2203 3145 2255 3197 in
2311 3143 2517 3199 deserto
2566 3142 2776 3208 Caddi;
2808 3153 2857 3197 et
2886 3144 3174 3213 assumpsit
3222 3159 3397 3197 secum
3448 3144 3554 3198 tria

1976 3237 2148 3290 millia
2180 3236 2466 3289 electorum
2499 3252 2564 3289 ea:
2598 3234 2794 3299 Israel,
2823 3236 3155 3305 perrexitque
3204 3233 3272 3287 ad
3314 3249 3555 3304 quaeren-

1977 3328 2102 3382 dum
2136 3327 2305 3381 David
2335 3337 2383 3382 et
2431 3329 2569 3382 viros
2600 3328 2735 3398 ejus,
2761 3327 2828 3381 ad
2858 3327 3047 3398 faciem
3090 3325 3264 3380 /Elin.
3299 3324 3367 3378 Et
3416 3328 3552 3380 venit

1975 3420 2045 3473 ad
2076 3438 2252 3491 greges
2278 3420 2513 3485 ovilium,
2558 3438 2675 3491 quae
2712 3430 2861 3473 erant
2910 3420 2963 3473 in
2998 3429 3139 3472 terra
3173 3419 3283 3472 vim.
3316 3417 3552 3488 Eratque

1974 3512 2046 3567 ibi
2082 3515 2351 3582 spelunca,
2382 3522 2430 3566 et
2486 3514 2754 3583 ingressus
2791 3520 2868 3565 est
2898 3510 3033 3565 Saul
3076 3510 3146 3563 ad
3190 3528 3242 3565 se
3282 3526 3550 3580 apparan-

1974 3604 2099 3658 dum
2124 3605 2197 3677 (l)
2228 3646 2244 3671 ,
2280 3614 2327 3659 et
2372 3604 2539 3657 David
2569 3615 2615 3658 et
2643 3605 2739 3658 viri
2768 3606 2881 3673 ejus
2913 3605 2965 3656 in
2997 3604 3242 3657 interiore
3262 3612 3412 3672 parte
3435 3618 3553 3671 spe-

1976 3697 2142 3750 lunca:
2160 3696 2427 3749 sedebant.
2447 3694 2513 3748 Et
2533 3694 2779 3748 dixerunt
2810 3695 2908 3747 viri
2924 3682 3096 3763 David
3130 3693 3196 3746 ad
3221 3709 3337 3745 eum
3365 3708 3382 3745 :
3416 3690 3549 3745 Ecce

1973 3787 2107 3850 dies,
2138 3790 2202 3841 de
2231 3804 2336 3853 qua
2361 3789 2568 3841 locutus
2604 3786 2863 3839 Dominus
2888 3784 2955 3838 ad
2982 3772 3049 3846 te,
3074 3785 3221 3853 quod
3243 3783 3422 3837 tradat
3446 3784 3545 3839 ini-

1971 3883 2163 3935 micum
2196 3891 2341 3935 tuum
2372 3883 2428 3936 in
2451 3897 2637 3934 manus
2661 3890 2801 3943 tuas,
2826 3890 2883 3933 ut
2910 3880 3083 3948 facias
3112 3881 3161 3933 ei
3181 3878 3548 3946 sicutplacue—

1974 3975 2043 4028 rit
2078 3975 2131 4028 in
2177 3976 2343 4028 oculis
2391 3975 2518 4027 tuis.
2555 3973 2802 4029 Surrexit
2832 3990 2954 4042 ergo
2988 3971 3161 4025 David
3208 3982 3255 4027 et
3303 3970 3545 4042 praecidit

1971 4083 2120 4120 oram
2150 4065 2402 4135 diploidis
2436 4065 2614 4121 Saulis
2652 4065 2811 4120 clam.
2859 4063 2923 4116 Et
2951 4054 3151 4133 factum
3184 4072 3259 4117 est
3288 4070 3468 4132 postea
3494 4065 3546 4111 et

1969 4162 2226 4229 percussit
2250 4159 2505 4214 Davidem
2536 4176 2627 4214 cor
2656 4158 2789 4227 ejus,
2811 4159 2936 4228 quia
2964 4157 3257 4210 abstulerat
3287 4171 3433 4209 oram
3462 4152 3547 4204 di-

1966 4252 2158 4320 ploidis
2204 4252 2393 4320 ipsius.
2445 4249 2697 4321 Dixitque
2720 4247 2892 4303 David
2925 4249 2992 4301 atl
3024 4250 3159 4301 viros
3194 4263 3361 4302 suos:
3396 4245 3546 4299 Absit

285 4347 428 4386 σου.
469 4335 578 4387 Καὶ
609 4336 832 4404 ἀνέστη
864 4338 1043 4392 Δαυῒδ
1071 4339 1169 4393 καὶ
1198 4342 1405 4410 ἀφεῖλε
1434 4344 1501 4397 τὸ
1555 4346 1871 4414 πτερύγιον

1979 4344 2098 4397 mihi
2131 4360 2162 4396 a
2212 4342 2463 4407 Domino,
2492 4343 2540 4395 si
2582 4341 2782 4410 faciam
2827 4339 2963 4393 hanc
3002 4355 3109 4392 rem
3165 4340 3376 4393 domino
3406 4352 3541 4400 mea,

283 4423 400 4491 τῆς
446 4425 754 4496 διπλοΐδος
815 4430 1010 4484 Σαοὺλ
1070 4434 1383 4502 λαθραίως.
1444 4437 1552 4489 Καὶ
1612 4435 1864 4506 ἐγενήθη

1979 4435 2169 4490 christo
2208 4434 2449 4499 Domini,
2484 4443 2542 4487 ut
2580 4434 2809 4503 inferam
2853 4448 3069 4485 manum
3107 4447 3276 4485 meam
3305 4432 3357 4483 in
3384 4444 3543 4491 eum;

281 4518 437 4588 μετὰ
466 4519 683 4585 ταῦτα,
732 4522 829 4575 καὶ
879 4522 1138 4589 ἐπάταξε
1166 4526 1381 4594 καρδία
1427 4527 1608 4581 Δαυΐδ
1657 4529 1864 4597 αὑτὸν,

1979 4527 2092 4597 yuia
2122 4526 2364 4579 Christus
2390 4523 2604 4579 Domini
2627 4530 2703 4576 est
2732 4522 2837 4577 hic.
2872 4519 2941 4573 Et
2964 4520 3241 4591 "persuasit
3266 4519 3439 4573 David
3465 4519 3544 4573 vi-

284 4610 375 4662 Crt
411 4610 618 4678 ἀφεῖλε
672 4611 738 4665 τὸ
795 4617 1112 4684 πτερύγιον
1165 4616 1273 4685 τῆς
1321 4618 1627 4685 διπλοΐδος
1655 4620 1861 4676 αὐτοῦ.

281 4703 396 4757 Kal
425 4699 555 4758 εἷπε
582 4705 763 4759 Δαυῒδ
782 4708 930 4775 πρὸς
958 4709 1097 4777 τοὺς
1139 4709 1364 4785 ᾅνδρας
1415 4713 1623 4767 αὑτοῦ·
1671 4714 1867 4781 Μηδαρ

275 4793 409 4865 μῶς
433 4815 533 4863 μοι
566 4799 724 4865 παρὰ
753 4802 996 4868 Κυρίου,
1012 4805 1077 4866 ,εί
1105 4805 1335 4871 ποιήσω
1368 4805 1434 4859 τὸ
1487 4805 1649 4876 ῥῆμα
1684 4807 1861 4861 τοῦτο

278 4886 363 4952 τῷ
395 4890 579 4957 κυρίῳ
627 4908 745 4959 μου
792 4885 872 4957 τῷ
930 4888 1152 4962 κριστῷ
1207 4898 1461 4965 Κυρίου,
1516 4898 1861 4969 ἐπενεγκεῖν

278 4979 453 5048 χεζηα
473 4998 591 5049 μου
621 4983 713 5036 ἐπ’
751 4987 955 5039 αὐτόν·
1009 4986 1098 5040 ὅτι
1130 4988 1383 5055 Χριστὸς
1418 4970 1639 5057 Κυρίου
1686 4990 1861 5044 ἐστίν

277 5068 484 5134 οὗτος.
522 5075 631 5128 Kal
680 5075 885 5131 ἔπεισε
923 5079 1104 5133 Δαυῒδ
1128 5080 1268 5145 τοὺς
1308 5080 1529 5148 ἄνδρας
1580 5081 1760 5136 αὐτοῦ
1789 5084 1861 5136 ἐν

279 5166 516 5235 λόγοις,
577 5172 672 5225 καὶ
726 5174 836 5225 οὐκ
898 5172 1121 5227 ἔδωκεν
1184 5174 1404 5240 αὐτοὺς
1476 5176 1858 5243 ἀναστάντας

279 5256 621 5311 θανατῶσαι
650 5260 755 5313 τὸν
780 5262 998 5315 Σαούλ.
1046 5263 1315 5334 Ζητητέον
1377 5258 1468 5316 οὖν
1505 5266 1644 5318 κατὰ
1670 5266 1858 5330 ποίους

278 5345 509 5415 χρόνους
535 5349 632 5420 τὴν
656 5351 1018 5424 προκειμένην
1044 5352 1444 5424 στηλογραφίαν
1472 5355 1499 5406 ὀ
1553 5354 1712 5409 Δαυῒδ
1760 5358 1855 5409 ἀν-

278 5438 511 5511 έγραψε,
535 5442 627 5495 καὶ
652 5444 711 5495 ὲν
741 5444 879 5515 ποίῳ
904 5444 1155 5515 σπηλαίῳ
1193 5444 1500 5514 διατρίϐωνι
1540 5446 1765 5516 πότερον
1797 5450 1855 5500 ἐν

1971 4618 2044 4671 ris
2068 4619 2177 4671 suis
2203 4617 2551 4681 sermonibus,
2576 4625 2623 4669 et
2650 4631 2752 4668 non
2780 4613 3017 4682 permisit
3047 4621 3103 4665 ut
3128 4614 3453 4682 insurgerent
3485 4610 3540 4662 in

1971 4710 2106 4765 Saul
2137 4711 2206 4763 ad
2232 4709 2575 4763 occidendum
2606 4725 2725 4762 eum
2752 4706 2820 4762 “.
2848 4704 3212 4772 Quaerendum
3246 4703 3412 4773 igitur
3433 4717 3541 4772 quo

1967 4811 2231 4872 tempore,
2264 4809 2317 4857 et
2348 4803 2403 4855 in
2435 4816 2541 4871 qua
2572 4801 2830 4869 spelunca
2855 4798 3077 4868 degens,
3114 4797 3253 4850 hanc
3290 4794 3432 4848 tituli
3465 4794 3542 4848 in-

1966 4895 2320 4964 scriptionem
2340 4894 2509 4947 David
2538 4891 2857 4958 scripserit;
2902 4906 2969 4943 an
3001 4891 3055 4944 in
3084 4889 3347 4961 spelunca
3376 4884 3542 4942 Odoi-

1964 4988 2094 5049 lam,
2127 5003 2195 5039 an
2221 4987 2275 5040 in
2307 4987 2570 5056 spelunca
2598 4984 2863 5054 Engaddi.
2885 4981 3086 5037 Verum
3114 4983 3240 5051 quia
3261 4979 3370 5033 duo
3395 4979 3541 5048 psal-

1963 5078 2037 5133 mi
2070 5079 2137 5133 ab
2165 5077 2304 5133 eoin
2330 5077 2590 5146 spelunca
2634 5075 2766 5130 dicti
2806 5074 3082 5155 sunt;bic
3114 5073 3323 5128 scilicet
3346 5071 3440 5141 qui
3466 5071 3539 5123 ti-

1963 5170 2062 5223 tuli
2093 5168 2381 5239 inscriptio
2413 5175 2518 5234 est,
2567 5176 2622 5223 et
2659 5183 2810 5229 CXLI,
2850 5167 3191 5236 inscriptus:
3229 5162 3538 5218 Intellectus

1963 5258 2159 5313 Davidi
2201 5260 2256 5313 in
2294 5260 2561 5327 spelunca,
2603 5260 2813 5323 oratio;
2862 5264 3289 5313 consentaneum
3308 5263 3391 5312 est
3420 5254 3537 5309 dis-

1960 5354 2188 5424 quirere
2211 5394 2226 5419 ,
2267 5368 2337 5408 an
2374 5353 2413 5407 ii
2445 5353 2636 5409 eodem
2677 5361 2922 5423 tempore
2950 5349 3287 5422 pronuntiati
3309 5348 3532 5411 fuerint,

1963 5458 2017 5503 et
2038 5464 2168 5502 num
2194 5448 2247 5504 in
2272 5450 2537 5520 spelunca
2566 5464 2791 5506 versans
2819 5455 3113 5521 utrumque
3142 5442 3547 5518 composuerita

354 5578 401 5608 υ
442 5577 574 5633 ibid.
609 5579 783 5663 9,l0.~
842 5582 887 5613 ’³
927 5585 947 5636 l
983 5582 1117 5654 Reg.
1149 5598 1297 5649 χχιι,
1333 5585 1455 5650 1,9..
1535 5588 1578 5618 ³³
1618 5584 1639 5640 ι
1672 5585 1805 5658 Reg.
1842 5603 1985 5655 xxxv,
2025 5587 2145 5643 2ο8.

352 5693 437 5763 (ί)
473 5693 528 5752 Μ
563 5705 667 5764 est,
699 5700 767 5755 ad
798 5700 972 5756 alvum
1001 5713 1419 5759 exonerandam-
