4100 6536
550 323 657 382 ὄθὸ

1255 337 1527 396 EUSEBII
1565 331 2036 392 CIESARIENSIS
2069 331 2217 388 OPP.
2252 331 2434 388 PARS
2469 331 2558 389 ili.
2591 363 2660 372 —-
2699 331 3106 388 EXEGETICA.

3691 329 3792 386 ιω

553 451 784 511 Videtur
812 469 942 525 ergo
982 454 1138 517 mihi,
1193 455 1540 511 moventibus
1583 455 1871 524 utriusque
1927 453 2100 523 psalm

2223 451 2306 522 τῷ
2337 453 2584 523 σπηλαίῳ
2645 451 2726 522 τῷ
2799 451 3080 522 Ὀδολλὰμ,
3125 451 3158 523 ἢ
3217 451 3273 505 ὲν
3315 449 3392 521 τῷ
3440 451 3688 523 σπηλαίῳ
3715 451 3792 523 τῷ

549 547 754 614 verbis,
785 549 924 602 hanc
955 547 1094 600 tituli
1131 546 1544 616 inscriptionem
1577 547 1633 601 in
1661 547 1922 616 spelunca
1961 543 2127 599 Odol-

545 641 655 693 lam
685 639 883 694 dictam
919 639 1127 702 fuisse;
1164 641 1468 694 orationem
1515 655 1642 694 vero
1665 640 1720 693 in
1759 653 1880 692 cxu
1911 639 2120 708 psalmo

545 731 801 800 positam,
827 727 885 784 in
915 729 1174 798 spelunca
1201 728 1466 800 lingaddi,
1491 745 1637 792 cum,
1673 729 1840 784 Saule
1865 743 1988 784 sese
2022 744 2119 797 ap-

533 829 794 892 parante,
829 822 882 876 in
925 821 1183 890 spelunca
1237 823 1412 878 latens
1447 823 1824 892 deprehensus
1855 833 1960 878 est.
2003 821 2120 876 Sic-

527 934 558 986 q
581 931 649 969 ue
679 915 807 968 mihi
843 929 1162 984 persuasum
1194 922 1278 969 est
1303 931 1366 970 ex
1392 916 1553 969 dictis
1581 917 1866 986 utriusque
1899 913 2113 986 psalmi.

532 1005 596 1060 lit
649 1006 870 1076 quidem
919 1021 1044 1060 cm
1081 1006 1295 1062 videtur
1339 1007 1472 1060 mihi
1523 1015 1656 1060 tunc
1694 1007 1960 1076 prolatus,
1991 1021 2114 1060 cum

531 1099 710 1154 David
737 1099 791 1154 in
826 1099 1080 1171 angustia
1116 1115 1309 1171 magna
1341 1107 1395 1154 et
1425 1100 1832 1154 concertatione
1863 1099 2114 1168 degeret;

531 1191 614 1246 sic
649 1189 796 1245 enim
823 1191 896 1245 ibi
929 1191 1173 1261 loquitur
1205 1211 1218 1244 :
1259 1189 1392 1244 Voce
1426 1207 1541 1244 mea
1581 1189 1651 1243 ad
1681 1190 1964 1244 Dominum
2005 1188 2118 1241 cla-

533 1283 699 1349 mavi,
730 1298 850 1336 voce
867 1299 982 1336 mea
1010 1283 1078 1335 ad
1111 1281 1396 1336 Dominum
1419 1280 1730 1352 deprecatus
1759 1297 1897 1334 sum.
1930 1279 2118 1348 Effun-

533 1373 600 1424 ιιο
650 1373 704 1424 in
755 1383 1031 1440 conspectu
1077 1371 1190 1440 ejus
1223 1371 1517 1424 orationem
1561 1387 1730 1424 meam
1763 1386 1780 1422 :
1811 1369 2113 1424 tribulatio-

535 1477 654 1515 nem
716 1479 887 1514 meam
933 1471 1054 1516 ante
1085 1463 1258 1530 ipsum
1289 1459 1667 1530 pronuntiabo.
1725 1459 1790 1514 In
1829 1459 2115 1528 deiicienda

535 1565 600 1604 er
631 1567 709 1604 me
731 1551 978 1619 spiritum
1009 1567 1198 1616 meum,
1219 1560 1269 1605 et
1293 1561 1346 1604 tu
1387 1551 1671 1622 cognovisti
1704 1551 1918 1604 semitas
1949 1567 2110 1604 meas.

541 1639 606 1696 In
637 1644 722 1695 via
768 1642 889 1705 hac,
915 1659 1020 1713 qua
1051 1642 1413 1709 ambulabant,
1445 1643 1834 1698 absconderant
1871 1643 2114 1713 laqueum

535 1733 666 1786 mihi
691 1733 757 1790 ”.
799 1732 897 1790 liis
934 1735 1136 1805 quippe
1165 1736 1478 1806 angustiam
1501 1751 1610 1805 qua
1641 1736 1992 1804 premebatur
2019 1733 2111 1788 dc-

535 1825 742 1890 clarat;
765 1825 996 1879 maxime
1019 1832 1200 1880 autem
1225 1826 1280 1879 in
1316 1827 1672 1896 sequentibus
1707 1825 1856 1880 hisce
1883 1825 2062 1880 verbis
2095 1843 2106 1877 :

537 1915 706 1969 Periit
734 1915 860 1986 fuga
886 1935 919 1970 a
943 1934 1041 1972 me.
1067 1916 1366 1974 Obsidente
1385 1931 1621 1988 namque
1647 1916 1810 1972 Saule
1837 1918 2112 1988 spelunca:

534 2009 760 2070 ostium,
796 2009 944 2064 intus
980 2011 1157 2066 latens
1195 2009 1330 2082 ipse,
1371 2009 1610 2081 effugere
1640 2025 1698 2064 se
1729 2025 1890 2079 posse
1921 2009 2114 2079 despe-

535 2098 712 2152 rabat.
743 2097 1012 2154 Caeterum
1037 2115 1159 2155 cum
1183 2101 1250 2154 de
1285 2102 1408 2171 fuga
1433 2101 1773 2170 desperaret,
1808 2101 1874 2154 ad
1906 2101 2110 2154 saluta-

533 2203 648 2242 rem
681 2197 902 2258 portum
952 2191 1232 2262 confugit;
1269 2208 1440 2262 quare
1483 2191 1775 2263 subjungit
1807 2211 1819 2245 ε
1871 2191 2114 2246 Clamari

533 2279 604 2332 ad
656 2289 724 2345 te,
771 2281 1016 2348 Domine,
1063 2283 1176 2336 dixi
1223 2300 1239 2337 :
1295 2284 1372 2337 Tu
1421 2301 1474 2338 es
1510 2300 1624 2354 spes
1681 2300 1831 2346 mea;
1889 2295 1942 2338 ct
1998 2283 2114 2338 haec

533 2369 724 2440 adjicit
759 2390 772 2426 :
807 2371 956 2426 Educ
987 2372 1049 2427 de
1092 2375 1338 2428 custodia
1395 2376 1630 2428 animam
1693 2391 1885 2432 meam.
1917 2373 2111 2428 V'idcn‘

533 2462 808 2532 quomodo
864 2479 1020 2519 suam
1075 2465 1128 2519 in
1193 2467 1454 2535 spelunca
1509 2467 1920 2522 conclusionem
1972 2466 2114 2521 indi-

532 2555 660 2608 cat?
692 2553 824 2610 .lure
876 2556 1062 2627 itaque
1115 2559 1229 2614 lucc
1275 2560 1421 2614 dicta
1476 2561 1782 2616 orationem
1837 2561 2109 2624 inscribit,

531 2654 748 2718 tempus
780 2648 1137 2720 inscriptione
1177 2649 1266 2705 illa
1297 2651 1600 2710 declarans.
1629 2653 1720 2708 Ait
1773 2653 1940 2725 igitur
1969 2673 1981 2708 :
2019 2653 2112 2708 In—

532 2737 768 2794 tellectus
799 2739 1014 2806 Davidi,
1064 2758 1182 2795 eum
1213 2755 1347 2796 esset
1399 2745 1452 2797 in
1501 2744 1772 2813 spelunca,
1820 2747 2012 2799 oratio.
2047 2745 2112 2798 Et

529 2830 648 2888 hate
682 2833 901 2902 quidem
937 2843 1126 2889 notato
1175 2844 1418 2906 tempore
1455 2847 1710 2907 precatus
1757 2846 1860 2902 est,
1915 2855 2112 2909 magno

529 2924 586 2978 in
624 2925 868 2994 periculo
916 2927 1274 2984 constitutus.
1317 2927 1444 2984 llaec
1478 2945 1609 2984 vero
1647 2931 1792 2984 tituli
1823 2932 2112 3003 inscriptio

529 3016 601 3070 ab
628 3032 693 3071 eo
721 3018 948 3072 recitata
973 3026 1077 3084 est,
1108 3029 1166 3073 ut
1193 3019 1425 3086 aestimo,
1450 3036 1572 3076 cum
1596 3029 1743 3078 esset
1771 3022 1826 3076 in
1849 3023 2110 3094 spelunca

529 3107 802 3174 Odollam,
837 3125 901 3164 ac
929 3112 1223 3182 recepisset
1255 3127 1446 3168 omnes
1473 3113 1671 3169 fratres
1714 3128 1866 3180 suos,
1901 3130 2106 3186 cogna—

2231 543 2491 612 Ἐνγαδδί.
2565 543 2726 597 Ἀλλὰ
2771 543 2865 597 καὶ
2915 544 3098 615 ἐπειδὴ
3151 543 3243 596 δύο
3293 543 3534 615 εἴρηνται
3589 544 3794 615 ψαλμοὶ

2221 635 2366 706 αὑτῷ
2389 638 2445 690 ὲν
2471 634 2549 705 τῷ
2575 635 2843 706 σπηλαίῳ,
2865 635 2892 688 ὁ
2919 634 3018 706 μὲν
3045 633 3403 704 προκείμενος
3421 635 3794 708 στηλογραφίσ.

2219 727 2520 796 τυγχάνων,
2571 728 2600 779 ὁ
2647 727 2701 778 δὲ
2739 733 2864 796 ρμα¹
2915 727 3422 799 ἐπιγεγραμμένος,
3479 729 3526 780 Σ
3533 727 3794 793 υνέσεως

2219 817 2298 888 τῷ
2335 821 2513 874 Δαιιῒδ
2554 823 2622 874 ἐν
2673 816 2750 888 τῷ
2796 822 3077 888 σπηλαίῳ
3108 819 3435 889 προσευχὴ·
3459 820 3692 891 ζητήσαι
3721 821 3792 875 ἄν

2217 930 2300 976 τις
2349 911 2582 980 εὐλόγως
2607 913 2654 964 εἰ
2688 911 2826 964 κατὰ
2861 911 2951 964 τὸν
2982 911 3141 964 αὑτὸν
3185 913 3426 982 εἴρηνται
3459 912 3668 984 χρόνον,
3695 910 3794 965 καὶ

2218 1007 2339 1058 εἰὲν
2365 1005 2444 1076 τῷ
2469 1004 2716 1076 σπηλαίῳ
2747 1004 3030 1074 τυγχάνων
3083 1006 3423 1076 ἀμφοτέρους
3479 1005 3787 1069 συνέταξεν.

2216 1095 2372 1146 Δοκεῖ
2395 1095 2572 1147 τοίνυν
2601 1095 2744 1166 ἐμοὶ,
2781 1094 3080 1164 κινουμένῳ
3109 1095 3172 1146 ἐκ
3195 1095 3301 1148 τῶν
3331 1097 3386 1148 ὲν
3415 1095 3660 1168 ἐκατέρῳ
3689 1113 3790 1165 φε-

2221 1189 2460 1260 ρομένων
2481 1189 2673 1258 λόγων,
2715 1189 2748 1258 ἡ
2783 1187 2880 1258 μὲν
2917 1187 3055 1257 μετὰ
3101 1189 3290 1258 χεῖρας
3329 1188 3702 1258 στηλογραφία
3731 1190 3792 1240 ἑν

2215 1279 2292 1350 τῷ
2323 1279 2571 1350 σπηλαίῳ
2593 1280 2670 1350 τῷ
2702 1278 2964 1350 Ὀδολλὰμ
2993 1278 3262 1348 εἰρῆσθαι,
3295 1281 3326 1347 ἡ
3354 1279 3410 1330 δὲ
3451 1279 3508 1332 ἐν
3535 1278 3612 1348 τῷ
3641 1287 3786 1348 ρμα’,

2217 1371 2511 1441 προσευχὴ,
2541 1373 2598 1424 ὲν
2625 1371 2701 1441 τῷ
2727 1372 2973 1443 σπηλαίῳ
2997 1371 3073 1442 τῷ
3087 1371 3474 1439 Ἐνγαδδὶ,δτε,
3504 1371 3596 1424 τοῦ
3619 1371 3790 1426 Σαοὺλ

2217 1463 2790 1534 παρασκευαζομένου,
2820 1467 2876 1516 ἐν
2901 1465 2978 1534 τῷ
3023 1463 3269 1534 σπηλαίῳ
3299 1463 3444 1516 ἔνδον
3475 1463 3790 1535 κρυπτόμε-

2215 1571 2302 1617 νος
2327 1555 2575 1626 εὗρηται.
2601 1555 2754 1610 Οὕτω
2781 1555 2836 1608 δέ
2868 1573 2956 1626 μοι
2985 1557 3229 1627 παρέστη
3279 1555 3549 1626 κινηθέντι
3581 1557 3645 1608 ὲκ
3681 1554 3792 1610 τῶν

2217 1647 2342 1717 παρ’
2377 1647 2622 1717 ἐκατέρῳ
2651 1645 2965 1718 φερομένων
2997 1646 3191 1715 λόγων.
3235 1647 3292 1700 ’0
3321 1647 3418 1716 μὲν
3449 1653 3572 1718 ρμα⁹
3605 1649 3790 1716 φαίνε-

2213 1751 2302 1788 ται
2325 1736 2610 1806 εἰρημένος
2641 1738 2697 1788 ὲν
2725 1734 2888 1806 πολλῇ
2913 1739 3108 1806 συνοχῇ
3135 1734 3227 1787 καὶ
3277 1737 3446 1803 ἁγῶνι
3473 1737 3790 1806 τυγχάνοντι

2214 1825 2290 1896 τῷ
2314 1827 2494 1880 Δαυῖδ·
2529 1827 2662 1899 φησὶ
2689 1826 2818 1896 γοῦν
2845 1829 2902 1880 ἐν
2930 1827 3093 1898 αὐτῷ·
3135 1827 3308 1896 Φωνῇ
3341 1845 3459 1896 μου
3497 1827 3646 1896 πρὸς
3673 1831 3786 1882 Κύ-

2203 1935 2341 1984 ριοι·
2384 1919 2695 1986 ἐκέκραξα-
2741 1917 2908 1988 φωνῇ
2957 1937 3076 1988 μου
3127 1919 3273 1988 πρὸς
3307 1921 3413 1973 τὸν
3453 1920 3790 1986 Θεὸν-ἐδεή-

2213 2015 2342 2079 θην.
2391 2010 2603 2080 Ἑλιχεῶ
2627 2010 2880 2065 ἐνώπιον
2923 2013 3106 2066 αὑτοῦ
3128 2013 3240 2080 τὴν
3265 2012 3480 2080 δέησίν
3511 2030 3648 2082 μουσ
3677 2012 3791 2080 τὴν

2211 2105 2422 2170 θλίψιν
2469 2123 2587 2172 μου
2637 2103 2892 2157 ἐνώπιον
2944 2105 3128 2159 αὑτοῦ
3192 2104 3524 2175 ἀπαγγελῶ.
3579 2107 3681 2160 Ἑν
3707 2105 3790 2171 τῷ

2210 2200 2512 2252 ἐκλείπειν
2552 2199 2620 2263 ἐξ
2644 2199 2792 2268 ἐμοῦ
2831 2199 2894 2252 τὸ
2931 2199 3166 2269 πνεῖν]ιά
3209 2217 3348 2269 μου,
3397 2199 3494 2253 καὶ
3545 2198 3624 2254 σὺ
3673 2200 3792 2266 ἐγί-

2210 2305 2443 2357 νωσκες
2493 2290 2600 2357 τὰς
2657 2293 2897 2360 τρίϐους
2944 2311 3081 2362 μου.
3152 2295 3253 2348 Ἐν
3319 2285 3439 2358 όδῷ
3491 2293 3694 2360 ταύτῃ,
3749 2285 3790 2362 ᾖ

2209 2387 2602 2456 ἐπορευόμην,
2629 2388 2908 2457 ἔκρυψαν·
2930 2385 3150 2456 παγίδα
3171 2403 3292 2455 μοι.
3327 2386 3426 2440 Διὰ
3449 2385 3654 2439 τούτων
3681 2386 3790 2456 γάρ

2211 2477 2307 2550 τὴν
2338 2479 2563 2550 συνοχὴν
2593 2481 2650 2532 ὲν
2770 2477 3060 2550 ἐξητάζετο
3089 2477 3400 2549 παρίστησι
3431 2477 3524 2532 καὶ
3547 2477 3625 2530 ἔτι
3653 2479 3790 2547 μᾶλ-

2210 2573 2298 2626 λον
2329 2573 2394 2626 δι’
2423 2567 2496 2626 ὧν
2524 2573 2718 2641 ἐπάγει
2743 2573 2915 2641 λέγων
2965 2571 3112 2640 ἐξῆςο
3153 2569 3436 2624 Ἀπώλετο
3497 2569 3656 2639 φυγὴ
3687 2569 3788 2623 ἀπ’

2208 2664 2373 2734 ἐμοῦθ
2392 2665 2495 2736 πρὸ
2518 2664 2626 2718 τῶν
2650 2665 2830 2736 θυρῶν
2859 2663 2968 2736 γὰρ
2991 2663 3084 2715 τοῦ
3119 2661 3384 2734 σπηλαίου
3418 2661 3788 2731 καθεζομένου

2209 2757 2302 2810 τοῦ
2328 2757 2518 2820 Σαοὺλ,
2544 2756 2688 2811 ἔνδον
2747 2755 3142 2828 κρυπτόμενος,
3179 2753 3488 2822 ἀπεγνώκει
3531 2753 3628 2822 τὴν
3659 2753 3788 2805 ἑαυ-

2209 2849 2302 2906 τοῦ
2333 2850 2528 2921 φυγήν.
2552 2849 2700 2918 Πλὴν
2721 2849 2819 2918 τὴν
2849 2847 3024 2917 φυγὴν
3045 2847 3338 2913 ἀπογνοὺς,
3371 2844 3462 2898 ἐπὶ
3491 2845 3582 2898 τὸν
3613 2846 3789 2912 σωτή-

2213 2960 2324 3016 ριον
2358 2942 2550 3014 λιμένα
2607 2941 2964 3010 καταφεύγει·
3012 2939 3092 2992 διὸ
3143 2938 3402 3006 ἐπιλέγει·
3466 2937 3790 3004 Ἐκέκραξα

2211 3033 2360 3102 πρὸς
2391 3033 2486 3098 σὲ,
2548 3035 2762 3101 Κύριε,
2820 3029 2986 3085 εἶπα·
3053 3031 3136 3084 Σὺ
3177 3030 3232 3084 εἷ
3285 3029 3462 3094 ἐλπίς
3510 3044 3662 3096 μου·
3693 3027 3788 3078 καὶ

2211 3125 2534 3197 προστίθησι
2608 3123 2804 3192 λέγων’
2889 3121 3167 3192 Ἑξάγαγε
3221 3121 3289 3173 ἐκ
3350 3117 3630 3188 φυλακῆς
3675 3117 3790 3184 τὴν

530 3207 618 3256 tos
665 3201 793 3256 item
850 3217 915 3258 ac
961 3205 1204 3274 reliquos
1259 3205 1554 3275 fugitivos;
1605 3207 1698 3278 qui
1752 3207 1986 3264 fortasse
2020 3210 2104 3266 sui

2211 3218 2419 3288 ψυχήν
2463 3235 2602 3287 μου.
2661 3217 2825 3288 Ὁρᾷς
2865 3215 3012 3279 ὅπως
3046 3214 3137 3269 τὸν
3194 3213 3322 3266 εἴσω
3375 3210 3468 3264 τοῦ
3523 3210 3788 3281 σπηλαίου

529 3309 700 3350 causa
729 3295 946 3351 insidiis
978 3297 1162 3353 Saulis
1189 3299 1583 3368 appetebantur
1609 3319 1622 3367 ;
1656 3301 1954 3371 quinetiam
1983 3304 2108 3373 qui-

529 3385 618 3440 vis
649 3385 884 3441 aﬂlictus
909 3387 1090 3442 animo
1115 3395 1170 3442 et
1197 3387 1452 3458 injuriam
1479 3405 1695 3460 passus,
1729 3391 1866 3464 fugae
1889 3392 2106 3448 Davidis

531 3493 761 3534 consors
794 3487 931 3533 erat.
973 3479 1106 3534 Nam
1139 3495 1262 3536 eum
1325 3483 1500 3538 virum
1529 3485 1760 3556 justum,
1807 3501 1838 3538 a
1869 3484 1979 3541 Deo
2009 3487 2108 3541 bo-

533 3577 808 3634 noratum,
865 3568 1067 3638 injuria
1118 3585 1149 3624 a
1200 3569 1362 3627 Saule
1396 3575 1610 3644 pulsum
1657 3575 1992 3641 videntibus,
2043 3593 2106 3632 ea

531 3659 670 3728 ipsis
694 3663 1002 3718 consolatio
1025 3663 1078 3717 in
1109 3665 1269 3721 malis
1293 3674 1432 3722 erat.
1466 3666 1603 3722 Tum
1633 3669 1734 3739 ipsi
1765 3685 1982 3740 quoque
2012 3671 2105 3741 qui

530 3771 562 3808 a
599 3753 925 3810 laedentibus
954 3771 1013 3811 se
1041 3755 1338 3827 fugiebant,
1381 3757 1570 3813 Davidi
1612 3761 1925 3825 studebant,
1957 3763 2107 3833 ejus-

529 3861 636 3916 que
663 3855 846 3918 partes
879 3847 1386 3918 amplectebantur;
1416 3851 1796 3924 malebantque
1821 3854 1947 3924 pelli
1979 3871 2104 3908 cum

527 3937 672 4006 ipso,
719 3953 884 4008 quam
929 3939 1242 4009 insequenti
1303 3941 1526 3996 lnmrere.
1579 3941 1716 3998 Cum
1755 3959 1886 4015 ergo
1931 3945 2106 4000 otium

529 4037 714 4098 ageret
751 4029 804 4084 in
847 4031 1106 4100 spelunca
1153 4031 1420 4100 Odollam,
1471 4045 1794 4103 praesentem
1846 4037 1992 4091 tituli
2023 4038 2107 4091 in-

528 4122 885 4192 scriptionem
916 4127 1177 4181 exaravit.
1203 4127 1360 4192 Quod
1385 4143 1516 4185 sane
1545 4129 1828 4185 declarant
1855 4139 1968 4185 tum
2001 4133 2106 4185 alia

527 4229 652 4285 qua:
685 4215 894 4286 adjicit.
927 4224 1042 4272 tun)
1074 4219 1262 4274 istluec
1293 4239 1304 4273 :
1335 4219 1486 4276 Misit
1516 4220 1580 4274 de
1609 4222 1759 4280 ccelo.
1786 4232 1836 4276 et
1865 4221 2106 4277 liberavit

527 4321 650 4362 me:
677 4323 742 4363 ac
767 4325 986 4366 rursum
1020 4331 1032 4366 :
1065 4311 1216 4366 Misit
1243 4312 1383 4368 Deus
1413 4315 1832 4369 misericordiam
1877 4333 2028 4370 suam
2057 4327 2107 4370 et

530 4399 800 4454 veritatem
831 4416 1006 4467 suam,
1053 4412 1102 4456 et
1129 4405 1322 4472 eripuit
1357 4405 1592 4459 animam
1629 4423 1799 4460 meam
1843 4407 1907 4461 de
1939 4407 2105 4461 medio

527 4491 828 4546 catulorum
859 4492 1089 4549 leonum.
1133 4493 1296 4552 Vides
1323 4511 1472 4561 eum,
1520 4513 1646 4552 cum
1678 4497 1931 4556 Gethzeos
1971 4501 2107 4554 allo-

2208 3311 2574 3381 ἀποκλεισμὸν
2603 3309 2890 3380 σημαίνεις
2943 3307 3180 3370 Εἰκότως
3202 3299 3294 3358 οὖν
3325 3303 3419 3357 καὶ
3483 3303 3788 3376 προσευχὴν

2207 3403 2500 3472 ἐπιγράφει
2548 3403 2676 3464 τοὺς
2718 3401 2930 3469 λόγους,
2957 3398 3132 3469 δηλῶν
3183 3397 3272 3450 διὰ
3329 3395 3428 3466 τῆς
3465 3395 3790 3466 προγραφῆς

2207 3495 2298 3550 τὸν
2340 3493 2549 3564 καιρόν.
2611 3493 2773 3560 Λέγει
2807 3491 2956 3560 γοῦψ
2993 3487 3302 3553 Συνέοέως
3357 3481 3436 3554 τῷ
3475 3484 3674 3545 Δαυῒδ.
3717 3486 3789 3536 ἐν

2207 3581 2285 3652 τῷ
2311 3581 2462 3638 εἶναι
2490 3584 2676 3638 αὐτὸν
2711 3583 2780 3636 ἐν
2808 3574 2888 3648 τῷ
2917 3579 3198 3650 σπηλαίῳ
3215 3619 3229 3642 ,
3259 3577 3589 3646 προσευχὴ.
3627 3576 3788 3628 Ἀλλὰ

2205 3677 2377 3731 ταῦτα
2405 3677 2502 3748 μὲν
2561 3675 2904 3748 προσηύξατο
2965 3675 3024 3727 ὲν
3081 3671 3298 3744 μεγάλῳ
3320 3669 3582 3742 περιστὰς
3615 3667 3786 3736 ἀγῶνι

2209 3771 2350 3825 κατὰ
2381 3770 2470 3824 τὸν
2493 3769 2800 3840 δηλωθέντα
2848 3766 3057 3839 χρόνον·
3103 3767 3137 3834 ἡ
3193 3764 3248 3816 δὲ
3281 3763 3417 3834 μετὰ
3445 3764 3632 3834 χεῖρας
3661 3779 3788 3832 στη-

2208 3861 2478 3933 λογραφία
2505 3860 2724 3913 λέλεκτο
2771 3855 2940 3926 αὐτῷ,
2984 3855 3059 3918 ὡς
3101 3850 3274 3924 οἶμαι,
3303 3853 3417 3906 δντι
3445 3855 3500 3905 ὲν
3535 3851 3609 3922 τῷ
3647 3867 3788 3918 σπη-

2209 3955 2344 4024 λαίῳ
2389 3953 2468 4024 τῷ
2511 3951 2792 4022 Ὀδολλὰμ,
2822 3951 3029 4012 πάντας
3070 3965 3127 4002 τε
3155 3945 3531 4016 ὑποδεχομένῳ
3569 3941 3692 4006 τούς
3725 3958 3786 3994 τε

2209 4044 2470 4114 ἀδελφοὺς
2499 4043 2663 4098 αὐτοῦ
2711 4045 2805 4096 καὶ
2847 4043 2973 4104 τοὺς
3003 4041 3278 4108 συγγενεῖς
3306 4037 3398 4090 καὶ
3423 4037 3546 4098 τοὺς
3567 4035 3786 4096 λοιποὺς

2211 4135 2473 4204 φυγάδας,
2505 4135 2646 4206 τάχα
2675 4151 2776 4187 που
2826 4133 2893 4186 δι’
2925 4131 3084 4186 αὐτὸν
3131 4126 3645 4196 ἐπιϐουλευομένους
3681 4123 3788 4176 ὑπὸ

2209 4227 2302 4281 τοῦ
2329 4227 2521 4282 Σαούλ·
2568 4225 2704 4280 ἀλλὰ
2739 4225 2832 4278 καὶ
2879 4224 2986 4286 πᾶς
3027 4220 3330 4281 κατώδυνος
3361 4216 3507 4288 ψυχὴ
3535 4217 3630 4269 καὶ
3679 4216 3788 4278 πᾶς

2211 4318 2559 4390 ἀδικούμενος
2583 4317 2834 4380 κοινωνὸς
2857 4315 3100 4382 ἐγίγνετο
3139 4312 3235 4382 τῆς
3266 4310 3358 4363 τοῦ
3396 4307 3556 4362 Δαυῖδ
3587 4307 3785 4377 φυγῆς.

2211 4408 2426 4462 Δίκαιον
2453 4407 2562 4479 γὰρ
2585 4408 2752 4479 ἄνδρα
2804 4407 2896 4462 καὶ
2951 4404 3102 4476 παρὰ
3127 4404 3204 4472 τῷ
3235 4402 3354 4473 Θεῷ
3401 4401 3786 4472 τετιμημένον,

2211 4499 2564 4572 ἐλαυνόμενον
2597 4500 2700 4554 ὑπὸ
2727 4500 2820 4552 τοῦ
2853 4497 3025 4552 Σαοὺλ
3055 4497 3252 4559 ἀδίκως
3289 4493 3542 4566 ὁρῶντες,
3573 4493 3640 4546 τὰ
3659 4495 3786 4546 tau-

529 4583 724 4655 pbylos
752 4583 1059 4655 effugisset,
1093 4593 1278 4656 utpote
1303 4587 1356 4641 in
1393 4596 1511 4642 tuto
1543 4589 1804 4660 positum,
1838 4606 1902 4646 ac
1931 4592 2102 4646 otium

2211 4594 2318 4646 τῶν
2353 4593 2764 4665 παρεμυθοῦντο
2807 4589 2972 4645 κακά.
3017 4585 3148 4644 Εἶτα
3177 4589 3272 4641 καὶ
3324 4587 3476 4640 αὐτοὶ
3513 4587 3638 4650 τοὺς
3667 4585 3785 4636 d6:-

529 4685 798 4746 agentem,
851 4675 1168 4748 hujusmodi
1221 4693 1386 4734 voces
1426 4681 1699 4747 ClitiSiSSC,
1752 4697 1815 4737 ac
1863 4683 2100 4740 maxime

527 4769 770 4824 onmium
798 4784 893 4824 eas
925 4783 1046 4840 qua:
1081 4779 1406 4840 sequuntur,
1443 4779 1495 4826 et
1537 4773 1616 4828 sic
1645 4773 1886 4830 habent:
1925 4775 2100 4829 Para-

527 4871 636 4914 tum
673 4876 763 4915 cor
793 4878 986 4926 meum,
1029 4861 1192 4928 Deus,
1227 4865 1449 4918 cantabo
1497 4873 1547 4920 et
1591 4865 1854 4935 psalmum
1900 4867 2096 4923 dicam.

529 4949 788 5022 Exsurge,
821 4953 994 5022 gloria
1021 4969 1155 5018 mea,
1181 4943 1421 5026 exs'urge,
1451 4957 1766 5026 psalterium
1793 4969 1842 5013 et
1867 4959 2094 5024 cithara,

526 5056 810 5113 exsurgant
839 5043 1098 5100 dituculo.
1130 5045 1430 5116 Can/itebor
1461 5049 1514 5104 in
1563 5051 1802 5120 populis,
1851 5051 2094 5116 Domine,

525 5135 788 5194 psalmum
815 5136 992 5195 dicam
1029 5141 1124 5194 tibi
1157 5141 1214 5195 in
1238 5141 1496 5212 gentibus.
1532 5143 1658 5199 llaec
1685 5145 1831 5200 enim
1867 5145 2094 5200 multum

527 5226 720 5290 otium,
771 5229 882 5284 imo
927 5232 1092 5286 etiam
1141 5233 1312 5288 animi
1363 5235 1715 5306 voluptatem,
1767 5237 2094 5308 signiﬁcant.

527 5319 614 5372 Ait
641 5319 808 5392 igitur
841 5337 996 5379 sacer
1025 5326 1305 5395 apostolus
1333 5345 1344 5379 :
1378 5325 1743 5383 Contristatur
1770 5329 1888 5398 quis
1921 5331 1974 5382 in
2005 5346 2097 5382 vo-

527 5410 654 5470 bis?
699 5423 828 5470 oret.
863 5413 1040 5486 ﬁquo
1084 5418 1260 5471 animo
1303 5421 1427 5474 est?
1455 5420 1654 5474 osatla:
1677 5420 1722 5450 “
1782 5418 1886 5474 Sed
1924 5435 2100 5490 neque

527 5513 736 5574 poterat
769 5507 885 5578 haec
911 5509 1112 5576 dicere,
1143 5527 1266 5565 cum
1297 5511 1350 5564 in
1387 5513 1644 5580 spelunca
1675 5511 1920 5582 Engaddi
1959 5513 2100 5567 deti-

527 5609 748 5654 neretur
781 5615 812 5654 a
866 5599 1028 5659 Saule
1078 5611 1202 5658 ante
1251 5605 1450 5658 ostium
1501 5601 1742 5658 sedente.
1775 5602 1904 5670 Qua:
1954 5603 2097 5660 enim

599 5781 642 5814 "
683 5779 826 5840 Psal.
864 5802 1021 5852 CXLI,
1055 5787 1168 5841 2-4.
1285 5787 1328 5818 ²⁶
1369 5783 1480 5841 Jac.
1513 5797 1571 5850 π’,
1611 5787 1694 5842 13.

2208 4685 2436 4748 κοῦντας
2499 4684 2694 4746 αὐτοὺς
2745 4681 3038 4751 φεύγοντές
3071 4697 3151 4744 τε,
3209 4679 3300 4732 τὸν
3345 4677 3505 4730 Δαυῖδ
3537 4676 3784 4746 ἐζήλουν,

2204 4775 2506 4848 ἠσπάζοντό
2533 4792 2592 4828 τε
2619 4774 2716 4844 τὴν
2743 4775 2836 4829 σὺν
2871 4771 3018 4842 αὐτῷ
3054 4790 3120 4842 με
3131 4771 3266 4842 ρίδα,
3313 4769 3506 4841 μᾶλλον
3529 4768 3786 4836 ἀγαπῶν-

2204 4884 2295 4929 τες
2323 4864 2640 4920 ἐλαύνεσθαι
2671 4865 2766 4918 σὺν
2789 4861 2960 4932 αὐτῷ,
3005 4863 3038 4932 ἢ
3085 4860 3161 4930 τῷ
3213 4859 3488 4912 ἐλαύνοντι
3519 4861 3782 4911 συνεῖναι.

2219 4955 2340 5008 Ἐπὶ
2380 4953 2572 5026 σχολῆς
2598 4955 2775 5008 τοίνυν
2805 4953 3005 5021 διάγων
3039 4953 3096 5003 ἐν
3117 4949 3192 5020 τῷ
3215 4949 3461 5020 σπηλαίῳ
3483 4949 3562 5019 τῷ
3606 4948 3784 5002 Ὀδολ-

2203 5051 2315 5120 λὰμ
2339 5051 2435 5122 τὴν
2460 5048 2738 5122 παροῦσαν
2773 5047 2980 5118 ἔγραφε
3017 5043 3440 5116 στηλογραφίαν.
3483 5041 3787 5112 Παρίστησι

2203 5143 2260 5196 δὲ
2285 5141 2445 5196 τοῦτο
2476 5143 2544 5196 τὰ
2576 5139 2959 5209 ἐπιλεγόμενα,
2997 5138 3066 5192 τά
3091 5155 3151 5190 τε
3195 5137 3328 5192 ἄλλα
3363 5136 3460 5190 καὶ
3483 5135 3550 5188 δι’
3575 5129 3648 5188 ὧν
3677 5150 3782 5204 φη-

2207 5251 2308 5288 σιν·
2351 5233 2804 5300 Ἑξιιπέστειλεν
2847 5231 2916 5294 ἐξ
2961 5231 3243 5298 οὐρανοῦ,
3293 5229 3390 5283 καὶ
3441 5225 3638 5300 ξσωσέ
3683 5239 3786 5295 με’

2207 5329 2299 5380 καὶ
2329 5327 2508 5380 πάλινο
2559 5323 3020 5390 Ἔξίιπὲστειλεν
3061 5327 3093 5378 ό
3135 5323 3276 5388 Θεὸς
3303 5321 3368 5375 τὸ
3393 5320 3566 5384 ἕλεος
3591 5314 3784 5372 αὑτοῦ

2209 5419 2304 5472 καὶ
2335 5417 2448 5486 τὴν
2488 5416 2776 5484 ἀλήθειαν
2809 5415 3017 5480 αὑτοῦ,
3045 5415 3146 5468 καὶ
3181 5415 3472 5482 ἑρᾳῦὐσατο
3509 5409 3624 5476 τὴν
3667 5411 3784 5476 ψυη

2207 5511 2327 5582 χήν
2377 5527 2494 5581 μου
2520 5511 2588 5564 ἐκ
2621 5509 2810 5576 μέσου
2856 5510 3161 5578 σκύμνων.
3199 5509 3380 5578 Ὁρᾷς,
3431 5503 3500 5568 ὼς
3550 5503 3676 5566 τοὺς
3721 5501 3784 5554 ἑν

2206 5603 2312 5660 Γὲθ
2363 5603 2690 5674 ἀλλοφύλους
2746 5601 3050 5672 διαφυγὼν,
3123 5599 3216 5655 ἅτε
3277 5597 3341 5668 δὴ
3405 5601 3460 5651 ἐν
3513 5591 3783 5665 άσεξαλείᾳ
