4100 6544
335 355 442 415 505

1459 342 1956 400 COMMENTARIA
1995 341 2062 397 ΙΝ
2103 339 2442 398 PSALMOS.

3470 342 3575 396 506

327 466 637 538 τυγχάνων,
684 466 777 520 καὶ⁸
801 467 857 519 ὲν
900 464 1082 518 ἀνέσει
1115 460 1211 525 ὢν,
1239 460 1490 523 τοιαύτας
1521 460 1667 528 ήφίει
1698 457 1896 527 φωνὰς,

2006 465 2137 513 tunc
2187 455 2570 527 opportunitas
2615 453 2682 510 ad
2731 453 3050 525 psalterium
3111 454 3484 525 accipiendum
3526 468 3582 512 et

328 563 428 617 καί
453 562 532 614 ἔτι
566 560 764 633 μᾶλλον
787 559 882 622 τὰς
912 558 1036 629 ἑξῆς
1066 555 1463 627 ἐπιφερομένας
1491 554 1556 606 δι’
1577 547 1650 606 ὧν
1670 554 1900 624 εἴρηται·

342 651 578 720 Ἑτοίμη
601 651 638 719 ἠ
662 648 872 717 καρδία
892 665 1030 717 μου,
1054 650 1086 700 o'
1111 646 1275 711 Θεὸς,
1319 644 1538 712 ᾄσομαι
1575 643 1671 696 καὶ
1708 640 1903 710 ψαλῶ.

344 740 716 811 Ἑξεπήρηητι
753 741 791 807 ’ἡ
829 739 977 803 δόξα
1013 756 1152 808 μου,
1192 734 1530 805 ἐξεγέρθητι
1574 731 1908 802 ⁸ψαλτήριον

331 835 430 887 καὶ
459 823 692 900 κιθάρα,
736 830 1196 901 ἐξεγερθήσομιιι
1238 831 1472 897 ὄρθρου.
1515 825 1906 897 Ἐξομολογή-

331 943 513 996 σομαι
555 927 624 980 ἐν
675 925 864 990 λαοῖς,
923 925 1119 991 Κύριε,
1169 920 1342 991 ψαλῶ
1400 936 1498 974 σοι
1554 920 1623 971 ἐν
1684 920 1905 972 ἔθνεσι.

2005 549 2268 602 citharam
2296 548 2366 606 ei.
2405 547 2496 615 qui
2551 547 2605 600 in
2655 546 2930 616 speluncae
2963 548 3155 601 intimo
3192 547 3436 600 latebat?
3461 557 3519 600 ut
3547 563 3579 602 e

2006 641 2285 694 contrario
2316 640 2464 692 nulla
2496 638 2638 692 ratio
2691 638 2900 700 fuisset,
2951 639 3003 692 in
3045 639 3155 692 otio
3183 646 3236 692 et
3265 639 3579 708 tranquilli-

2009 739 2117 785 tate
2146 730 2428 800 degentem
2463 731 2515 783 in
2560 730 2816 800 spelunca
2853 727 3121 796 Odollam,
3151 745 3273 784 cum
3321 731 3582 799 quadrin-

2009 823 2186 893 gentis
2215 823 2370 884 viris,
2403 823 2586 876 dicere
2621 841 2632 875 :
2666 821 2832 874 Periit
2857 825 2983 892 fuga
3023 839 3054 875 a
3083 840 3162 876 me
3190 823 3232 853 ’⁷
3260 841 3274 890 ;
3307 832 3398 878 et:
3432 822 3581 878 Educ

2008 913 2070 968 de
2101 913 2344 967 custodia
2377 914 2606 966 animam
2635 929 2801 965 meam
2826 913 2890 966 ’⁸.

330 1017 518 1073 Ταῦτα
554 1018 662 1090 γὰρ
721 1016 918 1087 πολλῆς
968 1015 1162 1085 σχολῆς
1215 1012 1493 1083 ὲμφατικά
1525 1009 1799 1080 τυγχάνει,
1832 1006 1966 1060 ἀλλὰ
2004 1007 2096 1058 καὶ
2120 1004 2402 1076 Θυμηδίας.
2433 1004 2595 1072 Λέγει
2624 1003 2752 1071 γοῦν
2786 1006 2813 1056 6
2846 1004 2986 1074 ἱερὸς
3049 1003 3363 1068 ἀπόστολος·
3396 1007 3582 1057 Κακο-

328 1113 512 1167 παθεῖ
536 1130 624 1179 τις
668 1113 737 1164 ἐν
786 1111 964 1180 ὑμῖν;
1017 1108 1460 1177 προσευχέσθω·
1516 1103 1760 1173 εὐθυμεῖ
1783 1118 1906 1168 τις;
1943 1098 2212 1168 ψαλὰτω.
2260 1096 2398 1150 Ἀλλ’
2429 1096 2547 1148 οὐδὲ
2577 1090 2687 1157 οἷός
2726 1112 2784 1147 τε
2826 1091 2892 1165 ἦν
2915 1094 3084 1147 ταῦτα
3116 1094 3291 1163 λέγειν
3381 1097 3437 1147 ἐν
3508 1093 3582 1165 τῷ

330 1203 582 1276 σπηλαίῳ
637 1202 712 1273 τῷ
758 1201 994 1270 Ἐνγαδδὶ
1054 1201 1404 1270 συνεχόμενος
1439 1198 1544 1250 ὑπὸ
1603 1195 1695 1248 τοῦ
1728 1193 1896 1246 Σαοὺλ
1939 1191 2040 1262 πρὸ
2071 1191 2170 1260 τῆς
2203 1188 2407 1241 εἰσόδου
2467 1187 2851 1256 καθεζομένου.
2897 1186 3030 1238 Ποία
3061 1185 3167 1257 γὰρ
3199 1183 3265 1257 ἦν
3329 1186 3582 1257 εὐκαιρία

325 1301 472 1365 τότε,
507 1299 582 1362 ὡς
606 1298 896 1370 ψαλτήριον
922 1296 1319 1366 ἀναλαμϐάνειν
1377 1295 1471 1347 καὶ
1528 1292 1777 1362 κιθάραν,
1847 1286 2289 1360 κρυπαζὸμενον
2336 1282 2602 1335 ἐνδοτάτω
2647 1281 2741 1333 τοῦ
2798 1280 3099 1352 σπηλαίους
3155 1282 3230 1344 ώς
3286 1278 3349 1334 αὖ
3421 1281 3582 1336 πάλιν

325 1394 428 1448 οὐκ
458 1390 566 1463 εἶχε
593 1393 768 1460 λόγον,
804 1392 860 1443 ὲν
912 1390 1070 1461 σχολῇ
1121 1388 1212 1441 καὶ
1248 1387 1426 1441 ἀνέσει
1460 1385 1708 1452 διάγοντα
1778 1381 1933 1435 αὑτὸν
1971 1381 2028 1432 ὲν
2060 1377 2137 1448 τῷ
2171 1374 2414 1445 σπηλαίῳ
2445 1372 2520 1443 τῷ
2571 1373 2828 1443 Ὀδολλὰμ
2879 1373 3014 1443 μετὰ
3072 1373 3430 1444 τετρακοσίων
3491 1375 3582 1426 ἀν’

326 1488 466 1560 δρῶν
533 1488 639 1541 τῶν
705 1485 970 1539 συνόντων
1024 1483 1192 1556 αὐτῷ,
1237 1484 1434 1551 λέγειν·
1483 1481 1766 1535 Ἀπώλετο
1804 1475 1964 1547 φυγὴ
2003 1476 2102 1530 ἀπ’
2148 1473 2316 1543 ἐμοῦ,
2367 1472 2480 1536 καὶ,
2527 1470 2812 1540 Ἑξάγαγε
2857 1471 2925 1523 ἐκ
2968 1470 3245 1540 φυλακῆς
3303 1471 3417 1539 τὴν
3465 1472 3584 1539 ψυ-

328 1579 453 1647 χήν
475 1597 610 1646 μου.

401 1693 584 1747 Ταῦτα
637 1695 732 1765 μὲν
779 1689 870 1748 οὖν
899 1693 1134 1765 εἰρήσθω
1185 1694 1264 1756 εἰς
1310 1693 1408 1762 τὴν
1467 1689 1729 1762 διαφορὰν
1796 1688 1901 1741 τῶν

2077 1681 2204 1736 Ilaec
2223 1695 2386 1751 porro
2407 1679 2550 1734 dicta
2576 1678 2687 1733 sint
2715 1675 2780 1731 de
2805 1676 3123 1732 discrimine
3148 1685 3578 1746 pr0posrtorum.

322 1787 718 1858 προκειμένων.
769 1789 965 1857 Ἴωμεν
1015 1786 1072 1839 δὲ
1135 1786 1226 1838 ἐπὶ
1277 1785 1372 1855 τὴν
1406 1783 1498 1837 τοῦ
1533 1783 1667 1854 μετὰ
1719 1785 1896 1854 χεῖρας

2007 1773 2124 1828 Jam
2150 1773 2495 1842 priesentium
2521 1786 2715 1824 vocum
2739 1771 3153 1838 explicationem
3177 1772 3578 1840 aggrediamur.

319 1877 601 1949 ἐξήγησιν.
639 1880 742 1943 Εἰς
775 1877 840 1931 τὸ
877 1877 1070 1942 τέλος,
1093 1876 1177 1946 μὴ
1211 1874 1578 1942 διαφθείρῃς,
1610 1868 1688 1941 τῷ
1718 1871 1896 1926 Δαυῒδ

317 1973 411 2035 εις
466 1973 935 2040 στηλογραςοιάν,
991 1970 1084 2022 καὶ
1136 1969 1201 2024 τά
1269 1968 1411 2038 ἑξῆς.
1470 1967 1704 2020 Ἤλαυνε
1753 1965 1902 2036 μὲνὸ

318 2061 499 2116 Σαοὺλ
531 2063 621 2116 τὸν
656 2063 834 2115 Δαυῖδ·
858 2064 886 2114 6
907 2062 951 2115 δ’
988 2061 1167 2132 ἔργοις
1194 2059 1455 2113 ἐπιτελῶν
1488 2059 1568 2122 τὸ,
1604 2060 1744 2112 Ἐὰν
1771 2057 1904 2110 διώ-

312 2168 515 2207 κωσιν
540 2151 695 2222 ὑμᾶς
721 2154 791 2206 ἐκ
843 2153 954 2220 τῆς
985 2155 1215 2217 πόλεως
1262 2153 1500 2218 ταύτης,
1528 2151 1776 2219 φεύγετε
1817 2153 1905 2216 εἰς

313 2243 439 2313 τὴν
463 2245 692 2312 ἑτέραν,
718 2245 1132 2315 ἀπεδίδρασκεν,
1168 2244 1242 2306 ώς
1284 2243 1348 2296 ἂν
1391 2243 1464 2314 μὴ
1508 2241 1696 2314 παρὼν
1723 2240 1904 2310 ἐρεθί-

314 2336 403 2400 ζοι
428 2337 520 2389 τὸν
554 2337 764 2408 ἐχθρὸν,
801 2337 971 2398 αἴτιός
1001 2352 1060 2387 τε
1106 2333 1252 2404 αύτῷ
1284 2334 1523 2403 γίγνοιτο
1573 2332 1900 2402 μιαιφονίας.

315 2429 396 2482 Τὸ
425 2428 555 2499 γὰρ,
584 2428 680 2496 Μὴ
707 2429 911 2482 ἓκκαιε
939 2427 1240 2493 ἄνθρακας
1290 2425 1662 2494 ἁμαρτωλοῦ,
1688 2423 1903 2477 πάντων

318 2520 524 2592 μᾶλλον
554 2519 713 2573 Δαυῒδ
737 2518 1023 2589 ἠπίστατο·
1049 2517 1139 2571 διὸ-
1157 2515 1428 2589 ὑπεχώρει
1455 2517 1547 2569 καὶ
1569 2515 1899 2588 παρεχώρει,

316 2613 527 2684 καίπερ
551 2611 914 2684 ἀγαπώμενος
933 2611 1037 2664 ὑπὸ
1052 2611 1250 2674 παντὸς
1271 2608 1365 2663 τοῦ
1391 2610 1597 2674 ἔθνους,
1618 2611 1901 2674 πλείστους

312 2721 379 2759 τε
413 2703 550 2776 ἔχων
574 2706 699 2768 τοὺς
735 2705 1154 2774 συμπάσχοντας
1181 2703 1272 2755 καὶ
1301 2702 1717 2771 συναλγοῦντας,
1745 2702 1902 2755 δυναο

318 2798 518 2868 μένους
545 2815 604 2850 τε
637 2797 798 2850 αὐτὸν
824 2797 961 2849 οἴκοι
996 2797 1126 2867 παρ’
1161 2796 1372 2858 ἑαυτοῖς
1395 2795 1747 2864 ὑποδέχεσθαι
1809 2796 1900 2847 καὶ

313 2892 601 2965 κρύπτειν.
650 2891 807 2946 Ἀλλά
837 2891 922 2944 ἵνα
971 2890 1044 2961 μὴ
1089 2891 1182 2942 καὶ
1212 2889 1418 2960 ἑτέροις
1441 2889 1612 2953 αἴτιος
1663 2890 1900 2957 γίγνοιτο

315 2985 598 3049 κινδύνων,
636 2984 832 3054 ἔφυγεν
855 2984 948 3036 ἐπὶ
990 2981 1088 3046 τὰς
1130 2982 1372 3053 ἐρήμους
1429 2981 1632 3052 χώρας,
1670 2982 1761 3035 καὶ
1801 2982 1898 3044 τὰς

314 3081 378 3130 ὲν
404 3080 516 3140 τοῖς
541 3076 823 3148 σπηλαίοις
847 3073 1122 3145 ἠσπάζετο
1147 3073 1441 3144 διατριϐάς.
1476 3073 1583 3125 Καί
1620 3090 1708 3143 μοι
1751 3075 1897 3127 δοκεῖ

312 3170 414 3223 καὶ
444 3167 605 3221 αὐτοῦ
656 3167 754 3237 τὴν
808 3168 1026 3238 μνήμην
1082 3163 1411 3218 αἰνίττεσθαι
1465 3163 1637 3231 λέγων
1691 3166 1718 3216 6
1754 3164 1894 3235 ἱερὸς

328 3259 674 3323 ’Δπόστολος·
715 3261 817 3312 Ἐν
860 3257 1127 3327 ἐρημίαις
1158 3253 1537 3324 πλανώμενοι
1587 3255 1684 3308 καὶ
1733 3254 1896 3323 ὄρεσι

313 3354 417 3408 καὶ
442 3353 766 3420 σπηλαίοις
803 3350 901 3404 καὶ
943 3349 1071 3414 ταῖς
1094 3348 1268 3413 ὀπαῖς
1294 3345 1400 3414 τῆς
1431 3346 1564 3416 γῆς.
1609 3345 1815 3418 Ὥσπερ
1840 3346 1895 3399 δὲ

311 3447 343 3501 δ
369 3443 808 3515 προτεταγμένος
832 3441 926 3494 τοῦ
955 3439 1242 3511 παρόντος,
1266 3437 1478 3509 ψαλμὸς
1494 3439 1594 3490 ούκ
1634 3433 1723 3508 ἦν,
1762 3437 1898 3492 ἀλλά

310 3536 749 3606 στηλογραφιά,
767 3535 902 3606 ὅπερ
924 3534 1262 3605 ήρμήνευσεν
1281 3533 1309 3583 6
1344 3531 1594 3594 Ἀκύλας,
1616 3531 1895 3584 ταπεινοῦ

311 3627 576 3682 τελείου·
617 3630 645 3680 6
669 3628 726 3680 δὲ
763 3627 1078 3697 Σύμμαχος,
1124 3621 1229 3677 τοῦ
1287 3623 1756 3690 ταπεινόφρονος
1797 3622 1894 3674 καὶ

309 3717 583 3788 ἀμώμου·
637 3717 809 3779 οὕτως
842 3719 936 3770 καὶ
967 3719 995 3769 6
1030 3714 1218 3788 παρὼν
1281 3714 1458 3782 λόγος,
1488 3715 1587 3784 τὴν
1623 3716 1701 3778 εἰς
1730 3715 1896 3784 ἄκρον

311 3811 626 3883 πραότητος
657 3811 750 3864 καὶ
780 3807 1124 3875 ἀνεξικακίας
1153 3805 1246 3860 τοῦ
1268 3805 1428 3859 Δαυῖδ
1460 3805 1678 3876 ἀρετὴν,
1706 3821 1896 3858 ταπει-

309 3902 410 3961 νοῦ
449 3903 672 3967 τελείου,
708 3901 1124 3971 ταπεινόφρονος
1161 3900 1255 3952 καὶ
1287 3897 1540 3968 ἀμώμου·
1564 3893 1661 3948 εἷθ’
1708 3896 1895 3968 ὥσπερ

311 3996 538 4052 αἰωνίου
580 3999 798 4068 μνήμης
849 3995 948 4066 τὴν
979 3991 1478 4063 ταπεινοφροσύνην
1521 3989 1675 4056 ἀξίαν
1713 3988 1897 4042 ἀνατί-

311 4089 445 4161 Θησι
479 4084 868 4158 στηλογραφία.
903 4085 1023 4137 Ἐπὶ
1044 4083 1214 4154 ταύτῃ
1247 4083 1303 4135 δὲ
1332 4086 1398 4154 τῇ
1433 4083 1600 4153 ἀρετῇ
1625 4079 1720 4134 καὶ
1734 4081 1896 4133 Μωῡ-

315 4181 418 4250 σῆς
443 4181 822 4251 ἐμαρτυρεῖτο,
860 4177 952 4229 καὶ
982 4177 1010 4229 6
1037 4174 1227 4246 Σωτὴρ
1256 4173 1312 4226 δὲ
1347 4173 1442 4227 καὶ
1476 4172 1677 4244 Κύριος
1738 4171 1895 4242 ἡμῶν

309 4273 410 4329 ὲπὶ
437 4271 640 4342 ταύτην
666 4267 961 4340 παρεκάλει
999 4265 1191 4334 λέγων·
1227 4265 1455 4320 Μάθετε
1482 4264 1583 4318 ἀπ’
1616 4262 1782 4332 ἐμοῦ,
1807 4263 1896 4316 ὅτι

309 4362 506 4432 πρᾶός
568 4365 683 4432 εἰμι
739 4360 838 4414 καὶ
902 4357 1182 4424 ταπεινὸς
1232 4355 1309 4425 τῇ
1351 4355 1588 4424 καρδίᾳ.
1633 4354 1786 4406 Ἐπεὶ
1837 4354 1894 4406 δὲ

309 4457 487 4511 ἐδεῖτο
507 4453 830 4527 παραμονῆς
854 4453 947 4507 καὶ
1000 4451 1097 4522 τῆς
1123 4449 1214 4503 ἐπὶ
1266 4449 1527 4521 μήκιστον
1558 4448 1800 4517 φυλακῆς
1861 4446 1894 4517 ή

307 4547 542 4618 τοιαύτη
564 4525 731 4618 ἀρετὴ
765 4546 819 4612 (ό
863 4543 970 4616 γὰρ
994 4541 1321 4610 ὑπομείνας
1351 4541 1438 4605 εις
1464 4538 1672 4603 τέλος,
1717 4533 1892 4604 οὗτος
1924 4527 1968 4582 Ι)
1998 4525 2176 4592 ﬁnal",

307 4640 652 4705 σωθήσεται
743 4636 830 4690 διὰ
854 4635 1010 4689 τοῦτο
1033 4634 1456 4703 ἐπιγέγραπται,
1486 4632 1590 4695 Εἰς
1609 4628 1672 4682 τὸ
1696 4627 1888 4694 τέλος,

302 4730 396 4802 μὴ
443 4729 804 4799 διαφθείρῃς.
854 4727 1044 4781 Πολλοὶ
1099 4725 1228 4796 γὰρ,
1275 4722 1455 4785 καλῶς
1481 4721 1796 4792 ἀρξάμενοι,
1828 4720 1888 4773 ού

305 4820 605 4889 διήρκεσαν
631 4819 711 4881 εἰς
739 4817 910 4880 τέλος.
952 4815 1111 4868 Ἀλλά
1137 4815 1196 4868 τὸ
1250 4812 1473 4883 Πνεῦμα
1498 4810 1557 4865 τὸ
1596 4814 1768 4881 ἆγιον,
1795 4809 1888 4863 τοῦ

305 4909 475 4964 Δαυῖδ
506 4910 602 4979 τὴν
636 4909 812 4980 φυγὴν
845 4909 936 4962 καὶ
962 4907 1060 4978 τὴν
1086 4909 1142 4959 ἐν
1167 4904 1422 4977 ἐρημίαις
1454 4902 1754 4973 διατριϐὴν,
1788 4904 1888 4972 τήν

306 5011 370 5054 τε
396 5000 456 5052 ἐν
489 4999 774 5070 σπηλαίοις
825 4995 1302 5070 καρτερικωτάτην
1327 4994 1538 5062 οίκησιν
1561 4991 1894 5062 ἀποδεχόμε-

307 5107 425 5157 νον,
457 5089 621 5160 φησὶν
663 5089 830 5160 αὐτῷ,
888 5091 993 5154 Εἰς
1025 5086 1091 5140 τὸ
1158 5086 1352 5150 τέλος,
1396 5083 1482 5153 μὴ
1522 5081 1887 5151 διαφθείρῃς,

310 5181 446 5252 μένε
477 5180 535 5233 δὲ
562 5180 626 5233 δι’
644 5179 765 5233 ὅλου
796 5177 1053 5240 τοιοῦτος,
1083 5176 1158 5238 ώς
1181 5174 1246 5228 ἂν
1278 5172 1462 5243 τύχοις
1487 5171 1891 5242 στηλογραφίας

307 5273 408 5327 καὶ
441 5273 657 5343 μνήμης
683 5271 921 5324 αἰωνίου,
959 5269 1016 5321 Ὀ
1047 5268 1103 5320 δὲ
1134 5269 1227 5320 ἐπὶ
1265 5265 1498 5328 τούτοις,
1524 5265 1583 5317 ού
1611 5263 1752 5316 κατὰ
1775 5265 1889 5316 Κυ-

305 5366 498 5429 τικοὺς
529 5364 635 5416 τῶν
663 5364 760 5435 τὴν
797 5361 987 5431 σοφίαν
1025 5360 1119 5414 τοῦ
1177 5359 1369 5421 αἰῶνος
1399 5356 1589 5410 τούτου
1631 5373 1890 5426 μετερχο-

309 5457 496 5530 μένων
526 5454 859 5524 τυφούμενος
887 5451 1025 5522 (sic),
1052 5450 1172 5503 οὐδὲ
1207 5449 1350 5520 μέγα
1378 5445 1587 5519 φρονῶν
1617 5447 1710 5498 καὶ
1733 5446 1889 5515 βρεν-

306 5549 573 5619 θυόμενος
598 5548 690 5600 ἐπὶ
713 5550 778 5618 τῇ
810 5546 904 5598 τοῦ
937 5545 1051 5616 βίου
1081 5541 1367 5614 καρτερίᾳ,
1395 5540 1503 5594 οὐδ’
1535 5540 1615 5592 ὅτι
1671 5537 1889 5600 πλείους

2009 1867 2075 1920 In
2104 1868 2283 1935 ﬁnem,
2336 1881 2397 1917 ne
2430 1861 2724 1930 disperdas,
2758 1861 2947 1914 Davidi
2995 1863 3048 1914 in
3090 1863 3230 1915 tituli
3280 1864 3581 1930 inscriptio-

2007 1975 2143 2022 nem,
2179 1968 2232 2012 ct
2268 1965 2481 2010 ca-tera.
2537 1954 2778 2008 Pellebat
2809 1953 2938 2007 Saul
2984 1952 3240 2007 Davidem
3294 1955 3385 2023 qui
3445 1955 3578 2010 illud

2005 2068 2167 2122 opere
2194 2050 2492 2120 complens,
2521 2046 2579 2101 Si
2609 2065 2694 2101 vos
2720 2057 3099 2116 persequantur
3121 2062 3186 2100 ex
3217 2047 3314 2100 hac
3346 2048 3574 2112 civitate,

2005 2142 2168 2211 fugite
2203 2143 2257 2194 in
2299 2141 2461 2194 aliam
2507 2140 2574 2203 ’⁸,
2613 2139 2846 2208 aufugit,
2894 2154 2961 2192 ne
3009 2154 3249 2208 praesens
3294 2138 3577 2192 inimicum

2004 2235 2266 2297 irritaret,
2300 2232 2510 2301 ipsique
2537 2230 2704 2284 caedis
2737 2244 2901 2283 causa
2933 2237 3097 2283 esset.
3129 2227 3265 2282 Illud
3294 2229 3460 2291 enim,
3494 2227 3580 2282 Ne

2004 2321 2262 2375 accendat;
2310 2320 2560 2374 carbones
2609 2320 2901 2387 peccatoris
2948 2319 3014 2381 ³⁸,
3077 2319 3272 2371 melius
3322 2318 3576 2373 omnibus

2004 2413 2209 2467 sciebat
2236 2411 2405 2464 David
2435 2428 2446 2463 :
2473 2424 2644 2478 quare
2676 2408 2904 2462 cedebat
2934 2416 2986 2461 et
3023 2407 3327 2471 secedebat,
3357 2408 3576 2465 etiamsi

2002 2519 2032 2558 a
2065 2511 2177 2557 tota
2217 2510 2374 2571 gente
2443 2500 2782 2570 diligeretur,
2836 2505 2889 2552 et
2936 2499 3134 2552 multos
3206 2497 3430 2551 haberet
3480 2497 3574 2568 qui

2003 2598 2056 2652 in
2092 2605 2299 2668 partem
2335 2596 2539 2650 doloris
2579 2595 2994 2664 amictionisque
3043 2595 3162 2664 ejus
3196 2596 3464 2655 venirent,
3517 2601 3574 2649 et

2001 2697 2224 2758 possent
2265 2703 2386 2742 eum
2423 2685 2569 2740 domi
2605 2684 2746 2754 apud
2803 2701 2860 2738 se
2890 2685 3157 2752 excipere,
3192 2693 3245 2736 et
3275 2685 3574 2738 occultare.

2002 2776 2107 2831 Sed
2136 2778 2181 2831 is
2208 2792 2275 2831 ne.
2302 2788 2354 2830 et
2386 2777 2508 2830 aliis
2539 2775 2838 2844 periculum
2873 2781 3102 2837 crearet,
3133 2775 3185 2826 in
3217 2775 3432 2842 deserta
3455 2774 3576 2827 loca

2003 2867 2265 2938 fugiebat,
2293 2877 2346 2922 et
2374 2867 2430 2921 in
2465 2868 2739 2936 specubus
2786 2867 3034 2919 habitare
3063 2867 3377 2934 cooptabat.
3410 2863 3576 2918 Vide-

2001 2970 2201 3030 turque
2257 2961 2391 3014 mihi
2450 2960 2766 3012 memoriam
2839 2958 2959 3026 ejus
3021 2957 3280 3010 refricare
3349 2963 3574 3011 sanctus

2006 3052 2300 3122 Apostolus
2347 3050 2434 3106 his
2464 3049 2681 3104 verbis:
2722 3046 2787 3101 In
2822 3046 3192 3101 solitudinibus
3223 3057 3478 3106 errantes,
3523 3054 3574 3098 et

1922 3176 1964 3234 Ο
2001 3141 2302 3204 montibus,
2361 3150 2411 3194 et
2466 3139 2748 3206 speluncis,
2776 3146 2824 3191 et
2891 3135 3242 3221 foraminibus
3314 3147 3467 3190 terra:
3502 3136 3572 3192 ³¹.

2001 3232 2468 3302 Quemadmodum
2501 3246 2628 3285 vero
2655 3230 2748 3300 qui
2777 3229 2922 3282 hunc
2953 3229 3228 3298 praecedit,
3273 3245 3381 3283 non
3428 3233 3574 3301 psal-

2000 3342 2123 3381 mus
2162 3331 2299 3390 erat,
2334 3323 2426 3378 sed
2458 3321 2602 3374 tituli
2648 3322 2943 3390 inscriptio,
2981 3321 3124 3390 quod
3177 3321 3372 3391 Aquila
3403 3324 3574 3379 inter—
3671 3389 3674 3392 _

1997 3426 2262 3489 pretatur,
2295 3416 2507 3468 humilis
2535 3414 2792 3482 perfecti;
2825 3413 3185 3484 Symmachus
3212 3430 3359 3476 vero,
3393 3415 3573 3470 Immi-

1997 3510 2063 3563 lis
2095 3519 2142 3562 et
2190 3508 2489 3576 inculpati;
2545 3507 2617 3559 ita
2653 3505 2742 3558 hic
2777 3521 2977 3567 sermo,
3028 3521 3294 3558 summam
3350 3505 3570 3563 Davidis

1996 3600 2437 3656 mansuetudinis
2459 3605 2511 3652 et
2539 3597 2840 3651 tolerantia:
2875 3596 3130 3650 virtutem
3166 3597 3435 3660 indicans,
3469 3597 3571 3651 hu-

1999 3694 2141 3748 milis
2181 3691 2409 3762 perfecti
2461 3697 2564 3752 est,
2620 3699 2674 3742 et
2709 3689 2929 3743 hundlis
2961 3694 3016 3742 et
3063 3687 3399 3740 immaculati
3435 3704 3449 3751 ;
3505 3703 3570 3742 ac

1997 3784 2242 3852 insuper,
2271 3780 2428 3852 quasi
2452 3791 2654 3834 mterna
2682 3779 2939 3833 memoria
2967 3777 3183 3846 dignam
3211 3777 3569 3830 humilitatem

1996 3876 2217 3931 exhibet
2247 3874 2391 3927 tituli
2421 3872 2729 3941 inscriptio.
2758 3868 2870 3924 l-lac
2897 3870 3020 3924 item
3051 3874 3248 3921 virtute
3280 3869 3567 3936 prieditunt

1998 3968 2222 4040 Moysen
2261 3966 2432 4021 fuisse
2473 3963 2791 4019 testimonio
2832 3961 3028 4025 fertur,
3063 3960 3129 4014 ad
3164 3975 3388 4029 eamque
3440 3959 3569 4013 hor-

1997 4062 2214 4116 tabatur
2265 4059 2514 4114 Salvator
2563 4065 2616 4112 et
2667 4054 2928 4109 Dominus
2974 4061 3162 4107 noster
3203 4053 3288 4106 his
3340 4051 3560 4106 verbis:

1997 4154 2199 4208 Discite
2247 4170 2278 4205 a
2329 4168 2410 4205 me
2458 4150 2584 4220 quia
2623 4149 2765 4201 mitis
2821 4162 2936 4200 sum
2983 4154 3031 4199 et
3067 4143 3281 4198 humilis
3318 4143 3473 4197 corde
3496 4143 3563 4197 δ’.

1998 4247 2134 4315 Quia
2165 4260 2296 4300 vero
2345 4242 2748 4314 perseverantia
2779 4247 2833 4294 et
2877 4237 3132 4290 diuturna
3166 4237 3414 4290 custodia
3450 4235 3565 4291 haec

1996 4340 2173 4394 virtus
2190 4351 2327 4407 opus
2359 4335 2593 4389 habebat
2613 4333 2759 4402 (nam
2785 4329 2873 4402 qui
2899 4327 3300 4399 perseveraverit
3328 4341 3488 4396 usque
3510 4326 3566 4379 in

1997 4431 2175 4500 ﬁnem,
2210 4429 2292 4482 hic
2321 4428 2498 4482 salvus
2547 4425 2644 4479 erit
2664 4423 2762 4494 ³³),
2800 4421 2921 4475 ideo
2964 4419 3287 4489 inscriptum
3317 4427 3442 4472 est:
3497 4415 3564 4470 In

2207 4538 2268 4574 ne
2307 4517 2606 4588 disperdas.
2639 4513 2792 4568 Multi
2845 4526 3078 4581 namque
3107 4526 3166 4565 re
3200 4511 3336 4563 bene
3384 4517 3564 4574 empta

1997 4632 2104 4671 non
2152 4617 2574 4686 perseveranter
2626 4620 2800 4675 usque
2853 4603 2908 4656 in
2945 4603 3148 4665 linem;
3198 4599 3294 4654 sed
3329 4597 3565 4672 Spiritus

1997 4718 2218 4763 sanctus
2246 4703 2466 4757 Davidis
2494 4702 2696 4770 fugam,
2721 4709 2901 4748 moras
2930 4693 2984 4746 in
3014 4691 3264 4753 desertis,
3297 4688 3564 4743 diutinam

1996 4799 2141 4853 illam
2175 4806 2228 4850 et
2263 4801 2605 4850 constantem
2637 4791 3024 4844 habitationem
3061 4783 3113 4836 in
3149 4780 3429 4851 Speluncis
3467 4793 3564 4849 ap-

1994 4889 2255 4959 probans,
2310 4886 2385 4938 ait
2431 4882 2536 4936 illi:
2573 4879 2640 4934 In
2686 4881 2863 4950 ﬁnem,
2914 4892 2975 4930 ne
3017 4872 3312 4936 disperdas,
3351 4885 3563 4939 semper

1996 4984 2122 5037 talis
2153 4995 2395 5043 maneas,
2430 4985 2488 5030 ut
2529 4975 2670 5029 tituli
2714 4971 3124 5040 inscriptionem
3157 4973 3209 5020 et
3243 4963 3563 5018 memoriam

1993 5080 2248 5128 aeternam
2277 5069 2546 5123 obtineas.
2580 5066 2682 5132 Qui
2714 5071 2893 5117 autem
2941 5061 2995 5114 in
3029 5061 3113 5113 his
3151 5062 3400 5110 versatur
3453 5069 3562 5108 non
3653 5089 3656 5092 «

1995 5165 2322 5236 Cynicorum
2359 5175 2528 5222 more,
2564 5159 2654 5229 qui
2685 5153 3006 5224 sapientiam
3034 5149 3199 5218 hujus
3231 5145 3412 5202 saeculi
3444 5161 3565 5214 pro-

1996 5257 2241 5316 fitentur,
2305 5259 2518 5305 tumore
2572 5250 2789 5313 elatus;
2845 5260 3024 5313 neque
3073 5242 3240 5295 altum
3299 5236 3559 5306 sapiens,

1992 5345 2428 5417 superbiensque
2453 5342 2518 5396 de
2537 5339 2825 5395 tolerantia
2855 5337 3013 5402 vitae;
3039 5347 3214 5402 neque
3240 5330 3311 5383 ob
3370 5336 3559 5382 astan-

1991 5448 2099 5494 tem
2132 5445 2460 5492 sectatorum
2492 5443 2545 5490 et
2573 5432 2966 5501 discipulorum
2996 5424 3228 5480 instituti
3265 5419 3351 5474 sui
3379 5418 3562 5471 multi-

1995 5534 2238 5590 tudinem
2273 5529 2511 5597 inllatus,
2549 5541 2720 5598 neque
2754 5525 2820 5578 iis
2845 5537 2943 5577 ceu
2976 5515 3300 5574 satellitibus
3328 5517 3383 5566 et
3406 5523 3558 5563 com-

388 5706 433 5738 "
474 5702 622 5758 Psal.
653 5701 872 5760 cxu.5.
949 5699 994 5732 "
1034 5697 1168 5754 ibid.
1206 5696 1259 5752 8.
1337 5696 1380 5728 ²⁹
1427 5692 1614 5750 Matth.
1650 5692 1810 5748 xﬂi’v.
1893 5693 1936 5724 ³⁸
1979 5690 2145 5746 Eccli.
2184 5703 2310 5753 vttt,
2352 5687 2435 5742 i5.
2515 5685 2554 5716 ³¹
2600 5681 2762 5737 llcbr.
2806 5676 2989 5748 35:38.
3066 5674 3110 5706 "
3148 5667 3437 5731 Μαῑιῒι-Χιο
3463 5661 3556 5719 29-

311 5778 360 5810 ³³
396 5774 587 5829 Matth.
625 5790 692 5838 ι,
726 5773 815 5827 29..
