4100 6520
538 285 638 341 507

1203 286 1470 342 EUSEBll
1494 283 1967 342 CESARIENSlS
2002 282 2154 338 OPP.
2195 282 2373 339 PARS
2406 283 2494 340 Ill.
2531 314 2604 326 —
2634 282 3043 338 EXEGETICA.

3678 287 3785 342 508

537 406 881 462 militonilzus
912 404 1190 461 conlidens
1224 424 1239 472 ;
1291 407 1386 462 sed
1416 414 1759 462 mansuetum
1805 421 1885 472 se,
1929 405 2105 461 humi-

2207 406 2331 467 τοὺς
2359 401 2667 475 παράὒτῷ
2719 400 3089 473 συνηγμένους
3125 411 3368 471 μιμητας
3395 417 3491 455 και
3537 404 3785 473 μαθητὰς

540 499 644 554 lem
677 500 979 568 perfecmm
1011 514 1073 551 ac
1101 514 1227 553 vere
1274 499 1360 554 sui
1386 497 1776 568 despicientem
1825 510 1880 556 et
1911 502 2104 555 imma-

537 591 779 645 culatum
810 606 973 660 opere
994 590 1351 652 exhibens,ad
1376 591 1540 646 Deum
1566 594 1856 659 clamabat,
1880 594 2103 649 dicens:

540 679 793 736 Μίλητε
841 682 962 741 mei,
998 681 1161 743 Deus,
1207 683 1458 752 quoniam
1490 684 1544 736 in
1581 692 1629 737 te
1674 685 1889 754 conﬁdit
1928 687 2108 739 anima

539 790 675 837 mea,
717 785 767 827 et
815 776 867 828 in
916 775 1104 829 umbra
1153 775 1366 829 alarum
1419 786 1631 829 tuarum
1680 776 1918 845 sperabo.
1973 776 2107 832 Novi

537 867 682 920 enim
709 867 824 921 alas
852 874 973 920 tuas
1003 874 1056 920 et
1101 875 1470 937 tegumentum
1510 876 1664 921 tuum
1699 868 1956 937 perfectis
1988 868 2105 922 ani-

538 959 733 1011 mabus
763 957 1033 1012 destinata
1060 972 1183 1012 esse
1209 977 1222 1011 :
1255 973 1355 1023 ego
1385 972 1514 1011 vero
1551 972 1748 1027 parvus
1779 966 1832 1011 et
1861 957 2103 1021 humilis,

536 1065 645 1105 non
679 1050 731 1104 in
762 1050 864 1105 alis
906 1050 1036 1112 tuis,
1060 1050 1156 1105 sed
1200 1051 1253 1104 in
1286 1050 1473 1103 umbra
1506 1053 1711 1103 alarum
1739 1058 1949 1103 tuarum
1991 1066 2109 1117 spe-

536 1141 702 1205 rabo,
760 1142 921 1196 donec
992 1152 1227 1197 transeat
1287 1143 1579 1211 iniquitas;
1638 1142 1771 1204 sive,
1806 1141 2104 1195 secundum

535 1234 812 1303 Aquilam.
845 1235 1007 1289 donec
1036 1244 1312 1289 transeant
1364 1233 1611 1295 insidiw,’
1660 1233 1765 1294 vel,
1804 1232 2104 1286 secundum

539 1324 922 1396 Symmachum
953 1365 968 1385 ,
1027 1325 1191 1379 donec
1244 1335 1480 1379 transeat
1544 1326 1916 1379 calumniator.
1968 1322 2104 1377 Cum

534 1426 717 1472 autem
763 1417 1041 1472 transierit
1083 1418 1367 1487 iniquitas,
1412 1426 1575 1487 atque
1607 1419 1818 1474 insidia:
1851 1419 1981 1472 mihi
2012 1433 2108 1487 pa-

534 1517 709 1572 ratae,
770 1508 967 1577 illeque
1015 1509 1379 1563 calumniator
1428 1508 1651 1573 dictus;
1703 1516 1834 1563 tunc
1883 1524 1989 1562 non
2051 1507 2103 1561 in

534 1599 763 1665 umbra,
816 1600 909 1655 sed
964 1600 1018 1654 in
1069 1600 1204 1670 ipsis
1260 1601 1361 1654 alis
1414 1600 1563 1660 tuis.
1623 1607 1808 1669 utpote
1858 1599 2105 1669 profectu

534 1698 731 1745 auctus
769 1690 1140 1760 liberatusque
1171 1690 1239 1745 ab
1282 1690 1430 1745 omni
1467 1693 1682 1747 actione
1732 1691 1917 1761 iniqua
1969 1700 2024 1747 et
2074 1707 2105 1745 a

532 1789 779 1851 peccato,
812 1783 1063 1851 sperabo.

2206 495 2298 548 τοῦ
2323 494 2522 548 οίκείου
2571 493 2770 565 τρόπου
2802 492 3062 562 ἐκέκτητο
3125 490 3506 561 χαυνούμενος
3537 492 3658 545 οὐδὲ
3709 495 3784 557 ὡς

2206 587 2298 639 ἐπὶ
2321 585 2636 656 δορυφόροις
2669 585 2763 638 καὶ
2792 584 3100 655 συμμάχοις
3134 582 3368 654 Θαρσῶν·
3400 583 3491 637 τὸν
3520 583 3575 637 δέ
3610 587 3785 655 πρᾶον

2206 679 2300 730 καὶ
2328 676 2601 739 ταπεινὸν,
2620 674 2799 729 τέλεόν
2820 692 2880 727 τε
2914 676 3007 727 καὶ
3038 674 3113 739 ὼς
3148 674 3359 746 ἀληθῶς
3385 676 3788 746 ταπεινόφρονα

2206 768 2300 821 καὶ
2329 767 2556 838 ἄμωμον
2590 767 2734 839 ἔργῳ
2765 766 3055 837 παριστὰς,
3095 766 3226 820 ἐϐόα
3263 767 3397 838 πρὸς
3424 769 3515 820 τὸν
3538 768 3670 822 Θεὸν
3698 770 3787 823 λέ-

2206 878 2335 930 γων·
2381 859 2673 927 Ἐλέησόν
2703 876 2799 929 με,
2831 862 2863 912 ό
2893 858 3055 923 Θεὸς,
3098 858 3185 911 ὅτι
3236 858 3332 912 ἐπὶ
3368 860 3465 913 σοι
3499 861 3787 915 πέποιθεν

2206 954 2244 1019 ἡ
2270 951 2439 1021 ψυχή
2478 970 2617 1020 μου,
2654 951 2751 1003 καὶ
2786 950 2856 1004 ἐν
2902 948 2976 1017 τῇ
3009 948 3152 1017 σκιᾷ
3189 947 3307 1002 τῶν
3334 953 3641 1021 πτερύγων
3666 969 3786 1006 σου

2204 1045 2408 1098 ἐλπιώ.
2436 1040 2566 1097 Οἶδα
2598 1044 2695 1112 μὲν
2730 1041 2838 1113 γὰρ
2868 1042 2967 1104 τὰς
2988 1041 3085 1104 σὰς
3119 1040 3391 1111 πτέρυγας
3419 1042 3512 1094 καὶ
3545 1043 3644 1113 τὴν
3685 1044 3786 1113 σὴν

2208 1136 2415 1206 σκέπην
2447 1133 2677 1197 τελείαις
2704 1134 2901 1204 ψυχαῖς
2932 1132 3335 1203 ἀφωρισμένας·
3357 1133 3466 1201 ἐγὼ
3489 1133 3564 1191 δὲ.
3588 1135 3786 1204 μικρός

2206 1227 2280 1280 ὢν
2312 1229 2405 1281 καὶ
2426 1226 2695 1289 ταπεινὸς,
2733 1226 2832 1278 οὐκ
2891 1226 2983 1277 ἐπὶ
3020 1227 3138 1286 ταῖς
3174 1227 3292 1287 σαῖς
3339 1224 3616 1296 πτέρυξιν,
3668 1225 3785 1278 ἀλλ’

2205 1319 2303 1372 ἐπὶ
2344 1318 2417 1387 τῇ
2460 1316 2604 1384 σκιᾷ
2655 1318 2770 1373 τῶν
2803 1319 3107 1387 πτερύγων
3160 1334 3274 1371 σου
3309 1316 3514 1382 ἐλπιῶ,
3553 1317 3664 1383 ἕως
3707 1318 3787 1371 ἂν

2208 1412 2475 1480 παρέλθῃ
2505 1413 2541 1478 ἡ
2573 1412 2807 1480 ἀνομίαο
2837 1410 2892 1482 ἦ,
2936 1410 3076 1463 κατὰ
3128 1410 3219 1463 τὸν
3260 1409 3508 1474 Ἀκύλαν,
3560 1411 3668 1475 ἓως
3702 1410 3785 1464 ἂν

2207 1502 2470 1571 παρέλθῃ
2508 1504 2544 1568 ἡ
2567 1503 2876 1568 ἐπιϐουλήν
2910 1501 3047 1555 κατά
3080 1501 3136 1554 δὲ
3184 1502 3274 1554 τὸν
3299 1502 3613 1572 Σύμμαχον,
3670 1502 3783 1568 ἓως

2207 1596 2283 1650 ἂν
2306 1594 2572 1663 παρέλθῃ
2600 1592 3001 1662 ἐπηρεαστής.
3055 1592 3304 1646 Ἐπειδὰν
3349 1594 3405 1646 δὲ
3441 1592 3689 1665 παρέλθῃ
3748 1596 3783 1664 ἡ

2206 1688 2425 1759 ἀνομία,
2452 1687 2597 1757 καὶὴ
2626 1687 2743 1740 κατ’
2775 1685 2907 1756 ἐμοῦ
2941 1685 3218 1756 ἐπιϐουλὴ,
3270 1685 3363 1738 καὶ
3398 1688 3428 1738 ὁ
3453 1685 3785 1755 ὠνομασμέ-

2136 1761 2179 1815 B
2208 1798 2296 1844 νος
2336 1779 2698 1851 ἐπηρεαστὴς,
2754 1778 2935 1831 οὐκέτι
2969 1780 3025 1830 ἐν
3051 1779 3118 1847 τῇ
3149 1779 3295 1848 σκιᾷ,
3340 1777 3453 1830 ἀλλ’
3485 1779 3544 1830 ἐν
3591 1778 3786 1839 αὐταῖς

531 1877 651 1939 ταῖς
686 1877 805 1938 σαῖς
860 1873 1136 1946 πτέρυξιν,
1177 1877 1253 1940 ὡς
1315 1875 1382 1929 ἂν
1412 1866 1415 1871 ’
1448 1874 1727 1947 προκόψας
1778 1874 1873 1929 καὶ
1923 1872 2367 1945 ἡλευθερωμένος
2419 1872 2601 1944 πάσης
2663 1871 2865 1943 ἀνόμου
2911 1870 3160 1942 πράξεώς
3207 1888 3266 1924 τε
3318 1870 3412 1923 καὶ
3484 1871 3783 1942 ἁμαρτίαςο

532 1963 725 2018 ἐλπιῶ.

608 2061 773 2119 Vens.
816 2061 872 2125 5,
896 2062 950 2116 4.
979 2060 1234 2116 Clamabo
1267 2060 1336 2114 ad
1366 2060 1531 2116 Deum
1560 2062 1902 2125 altissimum,
1935 2062 2102 2117 Deum

533 2158 624 2228 qui
656 2156 902 2225 benefecit
938 2156 1083 2209 mihi.
1122 2154 1272 2209 Misit
1320 2154 1384 2209 de
1444 2156 1569 2210 caelo
1621 2165 1671 2210 et
1722 2156 1943 2210 salvavit
1999 2174 2102 2221 me,

535 2248 679 2302 dedit
710 2250 761 2302 in
815 2248 1151 2317 opprobrium
1195 2247 1559 2301 conculcantes
1609 2264 1707 2303 me.
1767 2246 2101 2317 Diapsalma.

537 2339 821 2395 Clamores
849 2347 902 2393 et
929 2339 1350 2393 vociferationes
1379 2340 1627 2393 emittere
1657 2337 1765 2394 Deo
1798 2340 1975 2394 solent
2004 2340 2105 2393 viri

531 2432 690 2501 justi,
729 2446 836 2485 non
884 2432 991 2483 alta
1031 2446 1183 2492 voce,
1220 2429 1314 2485 sed
1355 2430 1615 2485 eminenti
1644 2432 1837 2485 anima:
1884 2431 2104 2486 virtute.

536 2523 717 2591 Quare
747 2524 909 2578 etiam
942 2523 1165 2578 silentes
1187 2523 1528 2592 plerumque,
1559 2523 1752 2592 spiritu
1778 2523 2106 2579 clamabant.

536 2614 657 2687 lpse
719 2630 952 2684 namque
1024 2613 1258 2684 Spiritus
1320 2613 1597 2682 gemitibus
1662 2613 2109 2668 inenarrabilibus

533 2705 766 2776 postulat
797 2705 904 2759 Deo
920 2705 983 2768 ³⁵,
1005 2703 1303 2759 secundum
1320 2702 1761 2772 Apostolum.Sic
1792 2703 1972 2773 itaque
2008 2702 2109 2756 Da-

536 2798 625 2853 vid
682 2798 748 2852 ad
805 2797 970 2852 Deum
1006 2796 1293 2850 clamabat.
1349 2794 1570 2861 Deinde,
1609 2802 1669 2848 ut
1713 2796 1805 2866 qui
1854 2797 2108 2865 pleraque

534 2892 906 2962 experimenta
962 2888 1267 2944 Servatoris
1314 2888 1398 2943 sui
1438 2888 1665 2958 ceperit,
1715 2897 1870 2959 grato
1921 2890 2104 2944 animo

535 2983 731 3053 pergit,
767 2980 929 3035 Deum
959 2982 1048 3050 qui
1078 2980 1325 3049 benefecit
1360 2980 1507 3033 mihi.
1540 2980 1674 3033 Cum
1720 2979 1852 3033 dicit
1902 2990 2103 3048 autem,

536 3073 685 3128 Misit
717 3072 780 3128 de
800 3073 946 3137 caelo,
976 3082 1023 3126 et
1055 3073 1276 3126 salvavit
1305 3088 1413 3136 me;
1448 3073 1674 3126 missum
1708 3088 1738 3125 a
1776 3071 1884 3126 Deo
1920 3072 2108 3127 Salva-

536 3178 708 3221 torem
738 3164 1029 3235 quemdam
1068 3165 1293 3219 indicat.
1326 3163 1460 3229 Quis
1486 3181 1612 3220 vero
1640 3165 1711 3219 sit
1742 3165 1830 3219 ille
1856 3165 1966 3233 jam
1997 3182 2107 3219 non

536 3258 800 3318 declarat,
830 3272 1017 3311 verum
1041 3257 1095 3310 in
1126 3257 1234 3311 alio
1262 3256 1442 3319 docet,
1467 3257 1555 3310 ubi
1587 3256 1690 3309 ait:
1716 3254 1864 3309 Misit
1898 3256 2107 3310 verbum

536 3366 713 3415 suum,
742 3359 789 3403 et
823 3350 1031 3403 sanavit
1062 3365 1171 3410 eos,
1207 3358 1255 3401 et
1286 3349 1475 3417 eripuit
1505 3366 1591 3402 eos
1627 3348 1690 3401 de
1720 3348 2107 3403 interitionibus

536 3459 717 3499 eorum
736 3443 801 3495 ³⁸.
840 3441 1076 3496 Verbum
1113 3440 1294 3511 itaque
1324 3438 1417 3493 Dei
1452 3447 1591 3503 erat,
1634 3439 1781 3509 quod
1812 3442 1940 3494 olim
1975 3441 2104 3493 mit-

536 3534 796 3597 tebatur,
846 3542 900 3588 et
956 3547 1144 3587 eorum
1200 3532 1293 3602 qui
1342 3538 1498 3586 erant
1558 3532 1732 3586 salute
1759 3531 1878 3600 ejus
1928 3532 2101 3600 «ligni,

537 3627 789 3682 Salvator
815 3625 1064 3682 cﬂectum
1094 3632 1197 3680 est.
1228 3624 1382 3691 Quod
1412 3639 1535 3678 cum
1564 3625 1730 3694 probe
1772 3634 1959 3680 nosset
2003 3625 2105 3679 Da-

534 3719 646 3783 vid,
693 3721 903 3775 aiebat:
942 3716 1180 3772 Misit'de
1225 3718 1372 3781 ccclo,
1404 3728 1453 3771 et
1504 3716 1725 3772 salvavit
1776 3733 1875 3772 nte.
1921 3716 2104 3786 Itaque

533 3811 711 3868 salute
763 3811 986 3880 dignum
1042 3826 1137 3879 per
1192 3807 1532 3863 Salvatorem
1600 3808 1809 3862 salvum
1866 3806 2103 3861 faciebat

530 3900 888 3958 Altissimus:
925 3901 1317 3972 ipsequejnste
1356 3901 1631 3971 judicans,
1667 3900 2011 3967 insurgentes
2047 3906 2101 3953 et

533 3993 920 4047 conculcantes
945 3992 1153 4060 justum
1183 3990 1347 4044 dabat
1376 3990 1430 4042 in
1467 3988 1816 4058 opprobrium
1847 4007 1859 4041 :
1892 3990 2099 4041 utinam

532 4090 587 4139 et
624 4084 876 4137 meliores
908 4082 1252 4144 reddidisset,
1286 4080 1707 4149 Oppi-obviisque
1736 4077 1881 4148 ipsos
1909 4078 2102 4148 resipi-

534 4188 689 4229 scere
724 4174 945 4228 fecisset
973 4175 985 4225 l
1020 4182 1025 4183 ’
1076 4230 1081 4241 ‘

2277 2062 2649 2131 Κεκράξομαι
2700 2060 2848 2130 πρὸς
2873 2061 2982 2114 τὸν
3011 2058 3158 2113 Θεὸν
3213 2058 3320 2113 τὸν
3357 2060 3641 2128 ὕψιστον,
3679 2060 3787 2114 τὸν

2211 2153 2360 2208 Θεὸν
2374 2153 2478 2206 τὸν
2492 2150 2966 2221 εὐεργετήσαντα
2978 2168 3073 2220 με.
3111 2150 3573 2215 Ἔξαπὲστειλεν
3602 2150 3672 2215 ἐξ
3685 2153 3786 2205 01'1-

2202 2244 2392 2315 ραν-οῦ
2448 2244 2545 2298 καὶ
2592 2243 2787 2298 ἐσωσέ
2822 2261 2918 2313 με,
2949 2243 3173 2296 ἔδωκεν
3236 2246 3323 2308 εις
3369 2242 3601 2309 ὄνειδος
3644 2243 3787 2309 τοὺς

2211 2334 2701 2399 καταπατοῦντάς
2725 2353 2820 2404 με.
2858 2335 3192 2403 Atrida/114a.
3237 2335 3495 2405 Κραυγὰς
3528 2336 3622 2388 καὶ
3654 2334 3784 2405 βοὰς

2211 2427 2462 2481 εἰώθασιν
2505 2429 2551 2480 οἱ
2582 2426 2777 2479 δίκαιοι
2807 2425 2883 2496 τῷ
2934 2426 3051 2493 Θεῷ
3083 2424 3340 2494 πέμπειν,
3387 2424 3448 2476 οὺ
3476 2424 3782 2495 γεγωειῷτῇ

2214 2524 2362 2592 φωνῇ
2382 2522 2483 2590 (l),
2499 2520 2720 2589 δυνάμει
2737 2519 2793 2572 δὲ
2808 2520 2983 2591 ψυχῆς
3006 2518 3340 2590 ὑπερϐαλλού
3350 2519 3530 2592 anniti)
3550 2520 3642 2571 καὶ
3660 2536 3789 2571 etw-

2213 2614 2421 2675 πῶντες
2455 2611 2711 2675 πολλάκις
2733 2611 2811 2681 τῷ
2845 2611 3113 2681 πνεύματι
3167 2610 3350 2663 ἐϐόωψ
3413 2609 3544 2663 αὐτὸ
3580 2609 3691 2681 γὰρ
3722 2609 3787 2661 τὸ

2212 2706 2451 2773 Πνεῦμα
2494 2704 2848 2774 στεναγμοῖς
2912 2702 3239 2769 ἀλαλήτοις
3279 2701 3784 2772 ὑπερεντυγχάνει

2209 2790 2291 2863 τῷ
2324 2793 2462 2863 Θεῷ,
2521 2797 2663 2850 κατὰ
2712 2798 2802 2850 τὸν
2844 2796 3179 2849 Ἀπόστολον.
3233 2796 3419 2859 Οὕτως
3473 2791 3566 2848 οὗν
3617 2797 3712 2847 καὶ
3755 2798 3784 2848 ό

2211 2889 2372 2942 Δαυῖδ
2399 2890 2686 2960 ἐκεκράγει
2715 2888 2847 2959 πρὸς
2873 2889 2962 2940 τόν
2984 2888 3132 2941 Θεόν.
3154 2884 3263 2940 Εἶθ’
3305 2887 3503 2939 ὡσανεὶ
3528 2886 3784 2949 πολλάκις

2214 2984 2408 3053 πεῖραν
2451 2980 2683 3050 εἰληφὼς
2729 2980 2821 3032 τοῦ
2874 2980 3065 3032 ἐαυτοῦ
3114 2980 3379 3049 Σωτῆρος,
3427 2979 3786 3047 εὐγνωμόνως

2216 3074 2411 3142 ἐπάγει
2467 3074 2661 3141 λέγων,
2716 3073 2823 3126 τὸν
2863 3072 3011 3126 Θεὸν
3047 3071 3154 3125 τὸν
3173 3069 3653 3141 εὐεργετήσαντά
3686 3087 3780 3138 με.

2216 3165 2398 3218 Εἰπὼν
2427 3166 2503 3227 δὲ,
2562 3165 3019 3230 Ἐξαπέστειλεν
3067 3165 3136 3228 ἐξ
3157 3164 3409 3231 οὐρανοῦ
3467 3162 3785 3216 καλέσωσέ

2210 3275 2305 3325 με,
2340 3258 2592 3327 ἐμφαίνει
2622 3256 2953 3311 ἀπεστάλθαι
2985 3256 3105 3309 τινὰ
3160 3256 3385 3327 Σωτῆρα
3414 3257 3475 3307 ἐκ
3500 3255 3594 3307 τοῦ
3626 3252 3779 3307 Θειιῦ.

2215 3349 2347 3402 Τίνα
2380 3350 2436 3403 δὲ
2466 3350 2651 3402 τοῦτον
2681 3349 2773 3403 νῦν
2800 3350 2896 3421 μὲν
2918 3350 2977 3402 οὐ
3014 3348 3372 3418 παρέστησεν,
3420 3348 3478 3398 ὲν
3533 3346 3702 3417 ἑτέρῳ
3726 3346 3784 3399 δὲ

2211 3444 2475 3506 διδάσκει,
2493 3445 2619 3497 ἔνθα
2648 3444 2829 3513 φησίν·
2872 3443 3205 3498 Ἀπέστειλε
3230 3442 3335 3495 τὸν
3363 3442 3548 3510 λόγον
3574 3441 3779 3503 αὑτοῦ,

2212 3537 2308 3589 καὶ
2344 3536 2551 3591 ἰάσατο
2579 3536 2817 3601 αὐτοὺς,
2859 3536 2957 3588 καὶ
2993 3535 3282 3603 ἐρῤὐσατο
3312 3533 3534 3599 αὐτοὺς
3570 3533 3637 3585 ἐκ
3665 3530 3783 3583 τῶν

2204 3626 2776 3696 διαφθερῶ-αὑτῶν.
2816 3625 3023 3679 Οὐκοῦν
3074 3624 3234 3693 λόγος
3283 3621 3349 3695 ἦν
3382 3625 3540 3687 Θεοῦ,
3592 3626 3621 3677 ὁ
3686 3625 3781 3678 καὶ

2207 3717 2373 3771 πάλαι
2407 3715 2991 3787 ἁποστελλόμενος,καὶ
3011 3715 3121 3768 τῶν
3151 3714 3313 3779 ἀξίων
3347 3716 3445 3784 τῆς
3474 3715 3640 3768 αὑτοῦ
3675 3732 3777 3767 σω·

2203 3809 2396 3878 τηρίας
2429 3809 2616 3878 Σωτὴρ
2669 3808 3005 3876 γιγνόμενος,
3056 3807 3115 3859 ὃν
3160 3808 3253 3861 καὶ
3280 3809 3308 3860 ό
3353 3807 3517 3859 Δαυῖδ
3542 3806 3778 3871 ἀκριϐῶς

2204 3899 2357 3963 εἰδὼς
2386 3899 2587 3967 ἔλεγεν·
2622 3899 3073 3963 Ἐξαπέστειλεν
3090 3898 3159 3963 ἐξ
3180 3898 3436 3966 οὐρανοῦ
3465 3900 3559 3952 καί
3584 3898 3778 3953 ἔσωσέ

2201 4007 2294 4059 με.
2329 3989 2432 4043 Τὸν
2462 3990 2559 4060 μὲν
2588 3986 2679 4043 οὖν
2721 3990 2995 4060 σωτηρίας
3024 3990 3171 4054 ἄξιον
3199 3989 3365 4053 ἔσωζε
3396 3990 3482 4043 διὰ
3517 3989 3610 4043 τοῦ
3662 3991 3775 4042 Σω-

2205 4083 2366 4154 τῆρος
2390 4085 2418 4135 ὁ
2451 4083 2729 4151 ’Ύψιστος
2762 4085 2789 4135 ὀ
2833 4082 2888 4135 δὲ
2918 4083 3099 4146 αὐτὸς,
3149 4083 3331 4136 δίκαια
3378 4083 3597 4154 κρίνων,
3656 4082 3776 4143 τοὺς

2207 4173 2666 4244 ἐπανισταμένους
2695 4174 2787 4227 καὶ
2834 4174 3281 4238 καταπατοῦντας
3309 4175 3398 4228 τὸν
3439 4175 3646 4227 δίκαιον
3676 4172 3777 4226 ἐδί-

532 4269 624 4325 δου
675 4270 753 4332 εἰς
798 4267 1029 4331 ὄνειδος,
1070 4266 1277 4336 ὤφελον
1319 4266 1414 4319 καὶ
1454 4264 1691 4336 βελτίους
1724 4263 2187 4339 ἀπεργαζόμενος,
2220 4267 2307 4320 διὰ
2362 4267 2455 4321 τοῦ
2517 4268 2795 4333 ὀνειδίζειν
2820 4272 2912 4323 καὶ
2957 4270 3306 4341 ἐπιστρέφειν
3340 4272 3419 4334 είς
3451 4270 3667 4323 ἑαυτόν.

603 4362 771 4420 Ὑειιε.
802 4364 855 4420 5.
891 4363 1038 4418 Misit
1070 4362 1209 4417 Deus
1240 4362 1657 4416 misericordiam
1688 4379 1840 4415 suam
1887 4372 1934 4415 et
1972 4363 2103 4417 veri-
2134 4365 2179 4419 D

535 4467 695 4515 tatem
725 4474 900 4520 suam,
943 4466 991 4509 et
1023 4456 1213 4523 eripuit
1243 4456 1480 4507 animam
1515 4470 1683 4508 meam
1713 4453 1775 4507 de
1806 4454 1975 4508 medio
2013 4472 2103 4507 ca-

535 4551 766 4607 tulorum
796 4550 1023 4613 leonum,
1056 4556 1110 4603 et
1150 4554 1365 4601 Ca-tera.
1413 4545 1748 4601 Sententiam
1784 4563 1904 4615 qua:
1942 4563 2107 4616 supe-

535 4644 653 4700 rius
680 4642 965 4698 deiiciebat
1014 4640 1099 4695 his
1130 4639 1399 4710 esposuit.
1434 4637 1567 4691 Cum
1597 4647 1930 4708 quaereretur
1956 4638 2102 4693 enim

535 4750 826 4805 quemnam
859 4733 1098 4788 misisset
1123 4730 1190 4786 de
1223 4731 1365 4784 r0310
1387 4729 1452 4783 ad
1476 4729 1813 4799 eripiendum
1847 4728 2103 4784 Davidem

534 4824 625 4882 hic
675 4823 954 4877 declarat:
1013 4820 1163 4874 Misit
1215 4819 1354 4873 Deus
1403 4818 1821 4872 misericordiam
1871 4836 2025 4873 suam
2056 4827 2105 4873 et

534 4914 807 4971 ueritatem
828 4927 998 4967 suam.
1025 4910 1397 4965 Misericordia
1419 4917 1596 4965 autem
1627 4919 1681 4965 et
1709 4910 1911 4965 veritas
1937 4912 2102 4964 missa

536 5016 785 5074 quamam
814 5000 1017 5054 fuerint
1043 5000 1149 5055 nisi
1179 4999 1271 5053 Dei
1304 5000 1634 5064 verbum,de
1662 5015 1771 5070 quo
1795 5001 2098 5065 dicebatur,

535 5093 688 5148 Misit
734 5093 944 5147 verbum
982 5108 1157 5153 suum,
1177 5102 1226 5147 et
1259 5093 1464 5147 sanavit
1496 5103 1672 5154 eos,et
1700 5094 1890 5163 eripuit
1924 5110 2009 5147 eos
2039 5093 2103 5148 de

535 5186 925 5242 interitionibus
955 5202 1136 5241 eorum
1161 5187 1186 5239 ἔ)
1209 5183 1497 5255 Ipsumque
1532 5186 1782 5241 similiter
1810 5187 1900 5241 lux
1936 5186 2103 5240 missa

534 5276 735 5332 dicitur
777 5276 832 5330 in
884 5276 1094 5346 psalmo
1123 5275 1215 5345 qui
1269 5275 1386 5329 ait:
1436 5274 1627 5329 Emitte
1660 5277 1826 5330 lucem
1861 5287 2008 5330 tuam
2052 5286 2102 5330 et

533 5370 801 5425 veritatem
852 5376 1019 5431 tuam,
1071 5368 1187 5436 ipsa
1241 5384 1321 5421 me
1347 5367 1598 5421 deducent
1625 5368 1687 5421 ³⁸.
1745 5369 1862 5423 Lux
1918 5378 2098 5424 autem

478 5500 489 5504 -
531 5460 737 5517 \eritas
778 5466 833 5514 et
884 5458 1130 5523 verbum,
1169 5460 1335 5514 missa
1370 5460 1439 5514 ab
1493 5460 1760 5514 altissimo
1806 5459 1934 5528 Deo,
1988 5477 2100 5515 non

602 5614 647 5648 ³⁸
683 5613 843 5671 Rom.
877 5630 1007 5683 vm,
1037 5615 1128 5671 26.
1201 5615 1248 5649 ⁸³
1284 5614 1431 5672 Psal.
1464 5630 1577 5679 (vr,
1610 5615 1699 5669 20.

2290 4363 2746 4428 Ἐξαπέστειλεν
2778 4369 2811 4419 ὀ
2840 4365 2984 4432 Θεὸς
3014 4365 3079 4418 τὸ
3114 4366 3285 4430 ἕλεος
3312 4364 3497 4419 αὐτοῦ
3539 4365 3637 4418 καὶ
3666 4363 3778 4431 τὴν

2204 4457 2494 4523 ἀλήθειαν
2525 4458 2730 4521 αὐτοῦ,
2762 4459 2857 4511 καὶ
2904 4459 3195 4526 ἐῤῥύσατο
3243 4457 3357 4524 τὴν
3405 4458 3616 4527 ψυχήν
3659 4475 3776 4526 μου

2203 4550 2271 4602 ἐκ
2294 4549 2489 4618 μέσου
2515 4550 2825 4617 σκύμνων,
2857 4550 2949 4602 καὶ⁵
2979 4550 3047 4602 τὰ
3075 4550 3221 4619 ἑξῆς.
3254 4551 3364 4620 Τὴν
3394 4550 3650 4620 ἀνωτέρω
3672 4549 3777 4601 λεί-

2206 4656 2411 4694 πουσαν
2449 4640 2683 4694 διάνοιαν
2716 4639 2805 4694 διὰ
2862 4641 2969 4694 τῶν
3024 4640 3397 4712 προκειμένων
3451 4640 3773 4693 ἀποδέδωκε.

2206 4730 2547 4803 Ζητουμένου
2579 4730 2687 4802 γὰρ
2728 4732 2847 4785 τίνα
2902 4731 3277 4795 ἐξαπέστειλεν
3307 4732 3371 4784 ἐκ
3403 4731 3496 4783 τοῦ
3525 4730 3774 4802 οὐρανοῦ.

2208 4821 2302 4875 καὶ
2332 4820 2499 4873 ἔσωσε
2530 4821 2620 4873 τὸν
2661 4820 2841 4885 Δαυῒδ,
2898 4822 3237 4892 παρέστησεν
3292 4820 3525 4874 ἐνταῦθα
3587 4819 3771 4873 εἰπών’

2222 4912 2683 4985 Ἐξαπέστεζλεν
2720 4917 2752 4968 ό
2782 4912 2923 4980 Θεὸς
2965 4914 3029 4967 τὸ
3058 4914 3231 4980 ἕλεος
3276 4913 3461 4967 αὑτοῦ
3518 4912 3616 4968 καὶ
3667 4911 3777 4977 τὴν

2206 5003 2495 5070 ἀλήθειαν
2524 5004 2729 5058 αὐτοῦ.
2780 5005 2966 5069 Ἔλεος
2994 5005 3048 5058 δὲ
3074 5005 3167 5058 καὶ
3197 5003 3419 5075 ἀλήθεια
3459 5003 3776 5069 ἐξαποστελ-

2207 5094 2406 5166 λομένη
2424 5095 2507 5159 τίς
2532 5095 2597 5149 ἂν
2628 5096 2710 5167 εἴη
2737 5096 2768 5167 ἢ
2804 5098 2832 5149 ὁ
2857 5097 2950 5150 τοῦ
2981 5096 3117 5150 Θεοῦ
3160 5097 3334 5166 λόγος,
3394 5097 3521 5167 περὶ
3577 5090 3638 5149 οὗ
3671 5094 3775 5147 ἑλέ-

2208 5204 2354 5256 γετο,
2404 5189 2825 5254 Ἐξαπέστειλε
2845 5189 2950 5242 τὸν
2991 5192 3179 5258 λόγον
3195 5188 3401 5251 αὐτοῦ,
3437 5188 3531 5242 καὶ
3567 5188 3773 5241 ἰάσατο

2207 5279 2449 5346 αὐτοὺς,
2485 5280 2581 5333 καὶ
2609 5280 2899 5348 ἐγὲῥύσατο
2924 5281 3144 5346 αὐτοὺς
3192 5281 3260 5333 ἐκ
3298 5278 3415 5332 τῶν
3444 5276 3775 5346 διαμθομῦν

2206 5370 2437 5435 αὐτῶν;
2478 5371 2533 5425 '0
2566 5371 2610 5423 δ’
2641 5371 2801 5435 αὐτὸς
2827 5372 3027 5442 ὁμοίως
3053 5372 3144 5425 καὶ
3174 5369 3288 5440 φῶς
3315 5368 3773 5438 ἀποστελλόμενον

2206 5464 2420 5533 εἴρηται
2449 5465 2506 5516 ἐν
2530 5462 2607 5532 τῷ
2645 5464 2903 5533 φάσκοντι
2952 5462 3168 5535 ψαλμῷ·
3207 5463 3671 5529 Ἐξαπίστειλον
3711 5456 3772 5514 τὸ

1811 5616 1856 5647 ³⁸
1894 5614 2037 5671 Psal.
2078 5633 2219 5683 sui,
2252 5616 2308 5674 '5.

606 5708 681 5779 (ι)
724 5707 968 5780 Γεγωνῷ
988 5705 1063 5777 τῇ
1083 5706 1270 5778 φωνῇ.
1304 5706 1378 5762 Ita
1406 5706 1743 5763 correximus
1773 5707 1916 5777 quod
1952 5708 2083 5763 editi

2206 5709 2367 5765 libent
2400 5710 2655 5780 γεγόνοτῇ
2690 5712 2862 5780 φωνῇ.
2896 5708 3053 5764 Eon.
