4100 6532
279 327 392 391 509

1408 321 1907 383 COMMENTARlA
1945 320 2014 375 ΙΝ
2052 320 2389 376 PSALMOS.

3415 322 3519 378 510

274 446 408 519 φῶς
429 460 547 501 σου
572 461 670 499 και
700 443 810 512 τὴν
839 441 1126 508 ἀλήθειάν
1161 455 1299 504 σου,
1352 440 1504 495 αὑτά
1533 457 1612 511 με
1633 435 1840 508 damul-

1952 434 2071 490 sine
2123 435 2384 501 essentia,
2438 450 2541 490 nec
2600 434 2720 491 sine
2772 436 3077 493 substantia
3114 444 3285 494 sunt:
3342 453 3519 507 neque

272 555 395 594 σει.
423 537 542 600 Φῶς
573 537 629 590 δὲ
674 538 765 590 καὶ
815 535 1041 607 ἀλήθεια
1082 534 1177 589 καὶ
1228 533 1383 601 λόγος
1415 533 1847 604 ἀποστελλόμενα

274 630 430 703 παρά
457 632 550 683 τοῦ
611 628 831 697 ὑψίστου
889 626 1045 690 Θεοῦ,
1079 616 1178 679 οὑκ
1211 626 1459 691 ἀνούσια,
1498 624 1617 678 οὐδὲ
1647 623 1845 678 ἀνυπό-

276 737 472 775 στατα·
502 720 562 772 οὑ
596 719 704 790 γὰρ
727 716 835 772 οἷόν
858 736 915 772 τε
939 714 1006 789 ἦν
1056 719 1284 790 πρᾶγμα
1328 717 1693 770 ἀνυπόστατον
1718 717 1848 769 ἀπο.

276 808 614 865 στέλλεσθαι.
645 809 850 881 Ὥσπερ
870 809 926 862 δὲ
955 810 1124 877 Λόγος
1160 811 1355 862 νοεῖται
1401 805 1592 868 ἰάσεως
1626 806 1717 858 καὶ
1739 823 1845 858 σω-

274 902 473 971 τηρίας
501 902 799 971 ποιητικὸς,
855 899 1026 965 οὕτως
1060 901 1151 953 ἐπὶ
1194 898 1287 952 τοῦ
1330 898 1595 969 παρόντος
1623 900 1651 951 ὀ
1684 898 1845 960 αὑτός

272 989 426 1055 ἔλεος
456 992 787 1062 ὠνόμασται,
810 992 885 1055 ὡς
914 992 978 1046 ἂν
1017 991 1341 1063 ὑπηρετικὸς
1368 989 1441 1043 ῶν
1485 991 1582 1060 τῆς
1613 989 1707 1042 τοῦ
1735 991 1845 1043 Πα-

273 1080 404 1151 τρὸς
429 1080 853 1153 φιλανθρωπίας·
900 1082 1098 1153 ὁμοίως
1144 1082 1201 1135 δὲ
1247 1083 1339 1134 καὶ
1372 1079 1617 1153 ἀλήθεια,
1670 1081 1747 1144 ὡς
1779 1080 1844 1134 ἂν

274 1172 493 1247 ἀληθῶς
525 1173 768 1243 ὑφεστὼς
795 1176 887 1228 καὶ
919 1177 1039 1228 κατ’
1070 1175 1346 1246 ἐνέργειαν
1391 1175 1741 1245 οὑσιωμένος.
1787 1175 1843 1226 Ὀ

271 1263 405 1333 γοῦν
431 1264 696 1335 ἡμέτερος
721 1265 875 1334 λόγος
911 1266 1006 1324 ὢν.
1036 1266 1321 1329 συλλαϐαῖς
1369 1266 1460 1320 καὶ
1487 1269 1692 1338 ῥήμασι
1749 1266 1842 1319 καὶ

270 1355 499 1425 ὀνόμασι
530 1357 628 1427 τὴν
655 1358 949 1412 ὑπόστασιν
1000 1358 1158 1429 ἔχων,
1192 1360 1284 1412 καὶ
1333 1359 1420 1413 διὰ
1480 1357 1720 1428 γλώττης
1749 1358 1843 1410 καὶ

269 1448 459 1519 φωνῆς
488 1447 861 1520 ἐξηχούμενος,
894 1450 992 1504 οὑκ
1024 1451 1089 1504 ἂν
1123 1451 1336 1521 λεχθείη
1362 1450 1564 1522 κυρίως
1590 1450 1682 1503 καὶ
1705 1450 1839 1519 ἁληα

270 1535 386 1601 θῶς
424 1536 591 1606 λόγος.
630 1539 780 1609 Ἔχει
829 1537 956 1608 γοῦν
1018 1538 1201 1611 ἕτερον
1232 1539 1322 1592 τὸν
1359 1536 1629 1607 γεννῶντα
1658 1538 1838 1599 αὑτὸν,

264 1627 329 1682 ὃν
360 1630 454 1683 καὶ
488 1629 688 1703 κυρίως
747 1633 811 1687 ἄν
845 1650 928 1696 τις
959 1633 1098 1687 εἴποι
1143 1631 1318 1704 ἀληθῆ
1363 1631 1535 1699 λόγον·
1585 1629 1771 1685 τοῦτον
1796 1631 1839 1684 δ’

262 1715 411 1773 εἷναί
435 1739 563 1792 φασι
619 1723 708 1777 τὸν
737 1723 1058 1778 ἐνδιάθετον.
1087 1725 1298 1795 Ὥσπερ
1325 1719 1416 1777 οὖν
1452 1726 1481 1776 ό
1512 1725 1569 1777 ἐν
1600 1725 1729 1793 ἡμῖν
1764 1724 1843 1774 ὲν-

1951 528 2097 582 enim
2132 535 2345 598 poterat
2374 543 2463 582 res
2496 529 2616 583 sine
2650 529 2953 583 substantia
2978 529 3138 585 mitti.
3163 528 3523 595 Quemadmo-

1951 616 2082 670 dum
2137 626 2316 670 autem
2360 616 2599 671 Verbum
2635 618 2958 689 intelligitur
2991 619 3292 672 curationis
3325 626 3378 673 et
3433 635 3521 673 sa-

1951 706 2082 760 lutis
2114 706 2377 775 etlector;
2429 709 2509 762 sic
2538 717 2592 762 et
2629 708 2683 761 in
2729 709 2978 778 praesenti
3023 709 3161 763 idem
3206 708 3513 763 misericor-

1950 799 2038 853 dia
2061 808 2305 863 vocatur,
2325 809 2511 870 utpote
2534 808 2770 869 paternae
2799 816 2925 870 erga
2954 801 3202 855 homines
3226 800 3521 855 clcntentiw

1950 892 2240 948 minister:
2273 894 2523 948 similiter
2549 901 2602 947 et
2637 895 2836 947 veritas
2864 894 3084 954 dicitur,
3120 902 3175 947 ut
3226 909 3350 947 vere
3390 893 3513 948 sub-

1951 988 2174 1050 sistens,
2221 995 2274 1041 et
2306 977 2603 1043 secundum
2645 987 2836 1056 agendi
2875 987 2982 1040 vim
3035 988 3335 1041 substantia
3385 1001 3520 1054 pne-

1950 1080 2145 1133 ditum.
2175 1077 2432 1133 Nostrum
2472 1079 2655 1146 itaque
2686 1079 2933 1142 vet-bum,
2971 1077 3215 1147 syllabis,
3256 1077 3435 1131 verbis
3468 1085 3521 1129 et

1949 1173 2265 1228 nominibus
2326 1172 2685 1228 substantiam
2742 1171 2967 1236 habens,
3030 1172 3210 1240 lingua
3269 1178 3322 1225 et
3385 1185 3519 1224 voce

1948 1266 2231 1327 emissum,
2284 1280 2393 1320 non
2454 1265 2671 1333 proprie
2720 1278 2784 1317 ac
2834 1278 2960 1317 vere
3013 1263 3237 1316 verbum
3281 1262 3514 1319 dicatur.

1952 1354 2121 1411 [labet
2173 1356 2317 1411 enim
2353 1356 2498 1411 aliud
2540 1372 2598 1412 se
2632 1356 2879 1425 gignens,
2938 1355 3083 1424 quod
3133 1356 3257 1424 quis
3304 1356 3520 1424 proprie

1947 1461 2011 1501 ac
2063 1463 2190 1502 vere
2238 1449 2463 1503 verbum
2516 1448 2885 1518 appellaverit,
2920 1448 3063 1515 quod
3101 1448 3255 1500 aiunt
3292 1447 3515 1500 insitum

1946 1555 2089 1595 esse.
2126 1539 2281 1595 Sicut
2311 1541 2535 1595 insitum
2568 1541 2621 1593 in
2654 1540 2812 1594 nobis
2847 1534 3093 1605 verbum,
3127 1538 3271 1609 quod
3298 1538 3515 1607 proprie

1945 1634 2170 1688 verbum
2204 1634 2421 1697 dicitur,
2453 1633 2814 1688 substantiam
2847 1632 3026 1697 habet,
3057 1647 3180 1685 cum
3218 1630 3518 1685 secundum

1946 1726 2238 1779 essentiam
2274 1724 2567 1787 subsistat,
2610 1723 2866 1792 aliudque
2914 1724 2986 1776 sit
3037 1723 3104 1776 ab
3139 1737 3204 1776 eo
3245 1722 3339 1791 qui
3371 1723 3518 1775 misit

262 1809 510 1876 διάθετος
531 1811 685 1880 λόγος
702 1811 799 1883 (1),
816 1816 843 1867 ό
863 1814 957 1867 καὶ
990 1813 1195 1886 κυρίως
1222 1813 1286 1867 ἂν
1305 1812 1488 1884 ῥηθεὶς
1510 1811 1723 1882 ἀληθῶς
1754 1811 1840 1864 λό-

1945 1818 2119 1886 ipsum
2149 1858 2163 1872 .
2200 1832 2371 1887 quare
2402 1816 2656 1886 superius
2681 1816 2986 1879 dicebatur,
3025 1815 3175 1868 Misit
3199 1813 3262 1867 de
3290 1815 3437 1875 cwlo,
3468 1824 3519 1868 et

262 1916 385 1969 γος,
412 1902 710 1966 ὑπόστατος
743 1903 1020 1973 τυγχάνει,
1064 1906 1182 1957 κατ’
1214 1904 1400 1958 οὐσίαν
1435 1902 1704 1970 ὑφεστὼς,
1726 1902 1844 1955 ἓτε-

263 1991 363 2062 ρός
393 2009 452 2045 τε
494 1992 571 2045 ὢν
608 1992 757 2064 παρὰ
785 1994 876 2046 τὸν
928 1994 1322 2048 ἀποστέλλοντα
1355 1994 1537 2048 αὑτόν·
1578 1994 1657 2047 διὸ
1707 1995 1844 2047 ἀνω-

257 2083 408 2155 τέρω
436 2085 535 2154 μὲν
585 2086 816 2153 ἐλέγετο,
864 2085 1315 2150 Ἐξίιπέστειλεν
1351 2086 1419 2151 ἐξ
1448 2086 1705 2155 οὐρανοῦ
1746 2086 1844 2139 καί

257 2173 464 2229 ἔσωσέ
516 2193 613 2245 με.
651 2177 785 2230 Τίνα
811 2176 868 2230 δὲ
921 2177 1285 2243 ἐξαπέστειλε,
1327 2180 1420 2233 ἐπὶ
1450 2179 1543 2232 τοῦ
1580 2178 1842 2250 παρόντος

259 2266 502 2321 διδάσκει
566 2269 807 2338 φάσκων·
856 2270 1273 2335 Ἐξαπέστειλε
1330 2271 1395 2324 τὸ
1449 2271 1621 2336 ἕλεος
1655 2271 1840 2325 αὑτοῦ

259 2359 363 2415 καὶ
401 2359 516 2429 τὴν
540 2360 826 2427 ἀλήθειαν
855 2362 1061 2427 αὐτοῦ,
1109 2362 1206 2417 καί
1252 2362 1541 2431 ἑρῤύσατο
1581 2360 1695 2428 τὴν
1726 2364 1841 2430 ψυ-

258 2451 385 2520 χήν
413 2468 527 2520 μου
574 2452 643 2505 ἐκ
686 2452 874 2521 μέσου
902 2454 1202 2522 σκύμνων·
1234 2446 1308 2505 ὧν
1366 2451 1527 2522 μέσος
1553 2452 1841 2522 γενόμενος

257 2544 602 2614 ἐκοιμήθην,
633 2546 787 2615 φησὶ,
845 2545 1292 2614 τεταραγμένος.
1325 2544 1503 2608 Μέσος
1561 2542 1665 2614 γάρ
1706 2544 1840 2598 ἀπο-

258 2636 487 2707 ληφθεὶς
522 2636 775 2706 σκύμνων
800 2636 909 2691 τῶν
939 2637 996 2690 ὲν
1049 2638 1087 2688 Γ
1093 2636 1149 2689 ἐθ
1187 2634 1515 2705 ἀλλοφύλων,
1544 2634 1575 2706 ἢ
1607 2635 1712 2688 τῶν
1742 2634 1837 2689 ἀλ·-

258 2730 370 2792 λως
392 2729 772 2800 πολεμούντων
818 2747 880 2800 με
927 2728 1158 2800 ἐχθρῶν,
1211 2730 1271 2781 τὸ
1321 2729 1442 2782 ὅσον
1479 2727 1562 2779 ἐπ’
1590 2727 1712 2797 ἐμοὶ
1746 2729 1838 2781 καὶ

258 2825 326 2894 τῇ
359 2821 670 2896 ἀνθρωπίνῃ
722 2821 991 2893 ἀσθενείᾳ,
1026 2820 1348 2891 ἐκοιμήθηι·
1386 2817 1835 2887 τεταραγμένος.

270 2913 332 2968 Ὅ
361 2914 418 2968 δὲ
451 2913 673 2984 ὕψιστος
718 2914 868 2976 Θεὸς.
929 2914 1019 2968 τὸν
1085 2905 1449 2986 προλεχθέντα
1494 2912 1649 2979 λόγον
1673 2911 1837 2964 αὑτοῦ

258 3002 356 3057 καὶ
387 3003 487 3073 τὴν
520 3003 779 3074 ἀλήθειαν
811 3016 901 3058 και
925 3006 1017 3058 τὸν
1036 3005 1186 3057 έλεον
1237 3002 1642 3069 ἐξαποστείλας,
1679 3000 1840 3074 ἐρρύ-

258 3110 396 3149 σατο
425 3094 523 3167 τὴν
544 3096 720 3167 ψυχήν
752 3114 872 3167 μου,
906 3096 980 3160 ὡς
1009 3096 1170 3168 μηδὲν
1189 3093 1358 3166 αὐτὴν
1384 3093 1575 3147 παθεῖν
1620 3095 1684 3146 ὲκ
1742 3094 1839 3164 τῆς
1865 3133 1908 3192 C

255 3189 503 3259 ταραχῆς
546 3188 653 3243 τῶν
685 3190 957 3259 σκύμνων.
1001 3188 1158 3242 Κατά
1185 3189 1240 3242 δὲ
1266 3191 1390 3252 τοὺς
1422 3188 1637 3250 λοιποὺς
1660 3188 1834 3258 ἑρμη-

256 3280 471 3344 νευτάς·
513 3281 585 3334 Ού
639 3280 1060 3363 τεταραγμένος,
1104 3279 1288 3351 φησιν,
1342 3278 1625 3333 ἐκάθευδον
1674 3279 1838 3347 μέσος

256 3372 595 3443 ἀποληφθεὶς
654 3373 901 3436 λεόντων,
956 3372 1069 3426 ἀλλ’
1105 3372 1371 3441 ἀπτόητος
1410 3372 1558 3443 ἥμην
1627 3371 1718 3423 καὶ
1748 3370 1836 3422 εὐ-

257 3463 486 3536 θαρσὴς.
522 3465 683 3533 Λέγει
714 3464 845 3534 γοῦν
871 3466 899 3517 ό
937 3462 1184 3526 Ἀκύλας·
1232 3463 1328 3515 Ἐν
1374 3462 1542 3533 μέσῳ
1581 3460 1836 3517 λεαινῶν

256 3557 693 3626 κοιμ-ηθήσομαι
732 3556 982 3625 λιίϐρων’
1012 3558 1040 3609 ό
1067 3555 1123 3609 δὲ
1174 3555 1489 3627 Σύμμαχος·
1532 3557 1634 3610 Ἐν
1665 3557 1834 3625 μέσῳ

252 3651 523 3705 λεόντων
542 3648 851 3718 εὐθαρσῶν
881 3646 1226 3717 ἐκοιμήθην,
1275 3649 1431 3712 Τίνες
1484 3648 1541 3701 δὲ
1599 3644 1738 3720 ἦσαν
1779 3652 1830 3703 οἱ

252 3737 492 3802 λέοντες,
524 3738 555 3808 ἢ
584 3741 631 3792 οἱ
678 3738 908 3810 σκύμνοι
966 3741 1060 3792 καὶ
1091 3741 1147 3792 αἱ
1172 3738 1400 3803 λέαιναι,
1428 3739 1680 3810 διασαφεῖ
1708 3739 1835 3810 egi;

253 3832 450 3901 λέγων·
482 3833 597 3886 Υἱοὶ
630 3832 956 3901 ἀνθρώπων
1001 3835 1056 3886 οἱ
1108 3832 1349 3900 ὀδόντες
1401 3833 1599 3887 αὐτῶν
1643 3832 1837 3886 ὅπλον

253 3922 356 3977 καί
383 3922 565 3989 βέλη,
594 3923 692 3977 καὶ
719 3925 756 3992 ἢ
815 3921 1065 3994 γλῶσσα
1107 3922 1303 3978 αὐτῶν
1324 3923 1591 3994 μάχαιρα
1649 3923 1831 3987 ὀξεῖα.

255 4016 463 4079 Παντὸς
484 4016 591 4086 γὰρ
626 4015 789 4087 θηρὸς
816 4015 1004 4087 ἀγρίου
1044 4014 1245 4068 ἰοϐόλου
1276 4033 1335 4068 τε
1360 4015 1608 4088 ἑρπετοῦ,
1640 4016 1835 4087 χείρων

254 4106 324 4161 ἂν
360 4106 570 4174 γένοιτο
598 4107 799 4177 φαῦλος
826 4108 917 4161 καὶ
946 4106 1179 4178 πονηρὸς
1212 4106 1519 4178 ἄνθρωπος,
1550 4107 1782 4179 μάλιστα
1807 4110 1836 4161 ὀ

254 4198 529 4264 διαϐολαῖς
585 4201 679 4254 καὶ
734 4201 1082 4266 καταλαλιαῖς
1116 4201 1408 4272 σχολάζων,
1448 4203 1540 4255 καὶ
1582 4204 1701 4265 ταῖς
1728 4202 1835 4256 τῶν

255 4287 520 4359 θεοφιλῶν
544 4289 739 4361 ψυχαῖς
764 4291 1145 4356 ἐπιϐουλεύων,
1196 4292 1293 4362 οὐχ
1322 4292 1505 4354 ὅπλοις
1536 4291 1591 4344 δέ
1622 4292 1714 4344 καὶ
1743 4291 1834 4345 δό-

256 4399 409 4455 ρασι,
441 4384 837 4455 κεκρυμμένοις
859 4385 914 4437 δὲ
938 4385 1030 4439 καὶ
1061 4384 1379 4438 λανθάνουσι
1412 4388 1522 4448 τοῖς
1548 4385 1634 4439 διὰ
1662 4384 1831 4454 λόγων

1943 1909 2167 1963 saltavit
2194 1926 2293 1964 me.
2339 1907 2510 1975 Quem
2541 1924 2670 1962 vero
2697 1908 2931 1975 miserzt,
2982 1907 3036 1960 in
3067 1908 3319 1977 praiscnti
3359 1906 3549 1966 docet.

1942 2000 2172 2055 dicens:
2232 2001 2384 2056 Misit
2439 2001 2859 2055 misericordiam
2911 2016 3096 2062 suam,
3145 2009 3194 2052 et
3249 1999 3518 2052 veritatem

1941 2108 2116 2157 suam,
2147 2094 2379 2147 animum
2404 2110 2570 2147 meam
2592 2094 2782 2161 eripuit
2801 2091 2864 2146 de
2896 2091 3063 2146 medio
3086 2090 3384 2144 catulorum
3411 2090 3519 2142 leo-

1941 2201 2065 2239 num
2089 2199 2108 2237 :
2156 2185 2209 2238 in
2245 2200 2479 2255 quorum
2535 2184 2716 2239 medio
2751 2185 3083 2244 consistens,
3129 2183 3243 2235 ait:
3279 2181 3518 2234 Dormiri

1940 2276 2304 2331 conturbatus.
2367 2275 2501 2329 Nam
2556 2277 2610 2330 in
2679 2276 2858 2329 medio
2913 2274 3219 2329 catulorum
3293 2274 3516 2326 leonum

1940 2363 2280 2418 Gethaeorum
2314 2366 2523 2421 scilicet
2565 2366 2960 2435 allophylorum
2991 2362 3385 2430 deprehensus,
3419 2375 3517 2415 seu

1941 2456 2289 2509 inimicorum
2323 2471 2405 2510 ine
2436 2457 2540 2509 alia
2588 2457 2800 2509 ratione
2832 2454 3290 2523 impugnantium,
3342 2467 3519 2522 quan-
3608 2440 3614 2452 ’

1942 2554 2055 2599 tum
2089 2546 2219 2599 mihi
2257 2561 2349 2614 per
2376 2546 2666 2600 humanam
2697 2545 3063 2598 inlirtnitateui
3094 2541 3268 2603 licuit,
3294 2540 3518 2595 dormivi

1938 2637 2306 2691 conturbatus.
2349 2637 2666 2691 Altissimus
2705 2652 2835 2690 vero
2867 2634 3009 2690 Deus
3043 2635 3359 2704 praedictum
3395 2650 3518 2688 Ver-

1940 2726 2097 2791 bum,
2144 2727 2574 2781 misericordiam
2632 2734 2685 2780 et
2736 2726 3017 2778 veritatem
3070 2740 3223 2779 suam
3270 2724 3514 2787 mittens,

1940 2817 2142 2887 eripuit
2174 2816 2409 2868 animam
2447 2830 2645 2880 meam,
2679 2824 2736 2868 ut
2767 2830 2830 2868 ex
2863 2813 3271 2884 perturbatione
3299 2812 3517 2865 catulo-

1939 2923 2058 2962 rit-.n
2112 2907 2326 2961 leonum
2383 2906 2517 2959 nihil
2571 2915 2867 2975 pateretur.
2922 2904 3231 2959 Secundum
3275 2904 3516 2972 reliquos

1940 3006 2121 3052 autem
2159 2997 2486 3066 interpretes
2516 3015 2527 3049 :
2569 2996 2685 3049 Non
2719 2995 3110 3057 conturbatus,
3145 2994 3340 3063 inquit,
3388 2993 3517 3046 dor-

1940 3085 2180 3143 miebam~
2210 3089 2264 3142 in
2295 3088 2469 3142 medio
2492 3088 2710 3142 leonum
2743 3086 3116 3157 deprehensus
3142 3104 3156 3153 ;
3190 3084 3283 3139 sed
3314 3085 3518 3155 imper-

1942 3182 2165 3235 territus
2209 3188 2263 3234 et
2294 3178 2572 3234 conlidens
2623 3193 2792 3233 eram.
2830 3178 2920 3231 Ait
2968 3178 3135 3248 igitur
3179 3176 3374 3248 Aquila
3404 3194 3420 3232 :
3448 3175 3515 3230 In

1940 3270 2107 3324 medio
2154 3270 2441 3324 lea’narum
2488 3268 2756 3324 dormiam
2790 3270 3098 3332 voracium;
3151 3266 3513 3339 Symmachus

1936 3379 2065 3420 vero
2097 3382 2110 3417 :
2147 3361 2213 3416 In
2255 3361 2425 3416 medio
2458 3365 2666 3415 leonum
2695 3360 2960 3429 conﬁdens
3004 3359 3245 3413 dormivi.
3279 3358 3513 3425 Quinam

1935 3465 2122 3514 essent
2154 3458 2361 3521 leones,
2412 3454 2496 3510 vel
2526 3454 2693 3507 catuli
2741 3454 2961 3507 leonum
3007 3460 3061 3506 et
3094 3452 3292 3513 Ieanne,
3327 3460 3516 3520 postea

1936 3550 2201 3609 declarat,
2223 3549 2447 3603 dicens:
2481 3545 2610 3599 Filii
2640 3544 2909 3597 hominum
2938 3543 3114 3597 dentes
3141 3559 3321 3596 eorum
3356 3544 3512 3595 telum

1936 3652 1985 3695 et
2020 3642 2251 3713 segittw,
2284 3649 2333 3693 et
2380 3640 2559 3706 lingua
2602 3653 2780 3692 eorum
2812 3636 3020 3706 gladius
3061 3644 3267 3687 acutus.
3327 3632 3514 3701 Siqui-

1936 3734 2057 3789 dem
2089 3733 2237 3787 omni
2276 3731 2388 3785 fera
2416 3728 2640 3800 agicsti,
2674 3734 2947 3781 venenosa
2976 3733 3030 3779 et
3070 3723 3247 3792 reptili
3281 3721 3518 3775 deterior

1939 3828 2104 3882 luerit
2133 3824 2415 3894 improbus
2444 3830 2497 3876 ct
2529 3836 2761 3891 nequam
2788 3820 2971 3880 homo,
3028 3816 3371 3883 maximeque
3420 3813 3515 3882 qui

1936 3917 2230 3972 calumniis
2258 3923 2307 3970 et
2340 3912 2643 3967 maledictis
2679 3918 2857 3974 vacat,
2886 3916 2939 3962 et
2969 3907 3061 3977 qui
3098 3904 3368 3971 religiosis
3397 3903 3515 3959 ani-

1936 4009 2132 4063 mabus
2166 4004 2478 4066 insidiatur,
2516 4018 2625 4056 non
2663 4001 2782 4056 telis
2821 4008 2875 4054 et
2910 3998 3104 4057 hastis,
3155 3994 3250 4049 sed
3284 3993 3515 4049 occultis

1935 4108 1989 4157 et
2041 4100 2339 4154 latentibus
2391 4097 2682 4152 verborum
2734 4090 3062 4162 perniciosis
3107 4087 3512 4142 instrumentis.

1937 4193 2001 4246 lli
2031 4193 2213 4262 itaque
2248 4191 2492 4245 dentium
2522 4188 2726 4242 ambitu
2759 4185 2916 4254 quasi
2952 4183 3121 4235 armis
3157 4188 3385 4233 utuntur
3413 4178 3515 4230 cir-

1937 4281 2478 4343 cumimunientihus,
2530 4285 2583 4332 et
2635 4273 3093 4330 concludentibus
3144 4270 3306 4324 verba
3372 4269 3513 4322 intra

1937 4372 2178 4428 dentium
2212 4382 2424 4442 septum
2455 4369 2709 4434 latentia;
2745 4368 2924 4436 lingua
2956 4378 3085 4418 vero
3113 4359 3515 4428 calumniisque

256 4475 622 4546 ἀναιρετικοῖς
644 4476 913 4546 ὀργάνοις.
950 4476 1257 4549 Κέχρηνται
1287 4476 1415 4547 γοῦν
1442 4479 1490 4530 σί
1522 4476 1748 4529 τοιοῦτοι
1768 4479 1831 4548 τῇ

1942 4481 2005 4520 ex
2032 4481 2094 4519 ea
2124 4464 2362 4528 emissis,
2394 4478 2491 4518 ceu
2536 4458 2862 4531 quibusdam
2914 4456 3037 4511 telis
3069 4452 3382 4521 jaculantur
3438 4448 3515 4501 Ea

260 4568 362 4640 μὲν
390 4568 499 4620 τῶν
525 4568 748 4622 ὀδόντων
798 4568 1052 4641 περιϐολῇ
1101 4567 1288 4641 ὥσπερ
1333 4571 1442 4623 τινὶ
1491 4568 1640 4640 ὅπλῳ
1684 4586 1840 4640 περι-

257 4657 573 4729 φράττοντι,
603 4660 697 4711 καὶ
730 4657 1087 4729 περικλείοντι
1116 4658 1240 4723 τοὺς
1294 4661 1424 4713 εἵσω
1469 4658 1579 4712 τῶν
1613 4660 1840 4714 ὀδόντων

256 4748 672 4819 κρυπτομένους
707 4748 914 4819 λόγους·
943 4752 1008 4821 τῇ
1033 4748 1090 4801 δὲ
1114 4748 1327 4822 γλώττῃ
1363 4750 1458 4803 καὶ⁵
1482 4755 1600 4814 ταῖς
1622 4752 1687 4804 ἐκ
1709 4750 1839 4804 ταύ-

255 4853 358 4907 της
388 4836 856 4909 διαπεμπομέναις
886 4838 1188 4904 διαϐολαῖς,
1234 4838 1422 4912 ὥσπερ
1457 4842 1566 4893 τισὶ
1631 4839 1841 4910 βέλεσιν

258 4927 715 4998 ἀκοντιζομένοις.
765 4931 830 4982 Ἦ
891 4930 938 4983 δ’
964 4931 1103 5001 αὑτὴ
1162 4930 1271 4984 τῶν
1318 4930 1574 4983 τοιούτων
1628 4930 1841 5001 γλῶττα

258 5020 541 5091 μαχαίρας
572 5019 833 5090 ὀξυτάτης
854 5023 1004 5076 οἰδὲν
1030 5022 1094 5076 ἂν
1125 5022 1373 5094 διαφέροι
1402 5022 1710 5095 κεντούσης,
1747 5026 1841 5078 καὶ

255 5111 326 5163 τὰ
354 5112 495 5182 πρὸς
522 5111 746 5166 θάνατον
779 5114 1123 5187 ἐνεργούσης.
1166 5114 1304 5167 Ἀλλ’
1339 5116 1386 5167 οἰ
1424 5113 1522 5185 μὲν
1568 5114 1841 5187 ἀνθρώπι-

256 5221 340 5259 νοι
371 5204 587 5268 λέοντες
610 5207 702 5259 καὶ
723 5207 1096 5280 ὠνομασμένοι
1126 5207 1352 5278 σκύμνοι
1395 5206 1645 5262 τοιοῦτοι.
1697 5208 1837 5278 Ἐγὼ

255 5295 315 5348 δὲ
340 5296 522 5352 αὐτῶν
567 5296 812 5371 διέφερον
865 5299 961 5371 τὴν
1010 5300 1320 5373 ἐπιϐουλὴν,
1370 5300 1456 5354 διὰ
1506 5302 1596 5354 τὸν
1650 5302 1715 5354 ἐκ
1742 5299 1838 5355 τοῦ

1940 4579 2071 4617 vero
2099 4562 2214 4632 ipsa
2239 4575 2426 4615 eorum
2460 4558 2665 4627 lingua,
2693 4570 2723 4607 a
2757 4552 2937 4623 gladio
2967 4556 3127 4602 acuto
3157 4554 3211 4600 et
3244 4549 3514 4614 pungente

1942 4654 2250 4724 easdemque
2279 4656 2649 4723 perpetrante,
2680 4647 2813 4701 nihil
2850 4643 3079 4698 dillerat.
3120 4638 3262 4693 Sane
3293 4634 3528 4703 quidem

1942 4744 2080 4798 tales
2109 4723 2238 4798 sunt
2269 4739 2494 4795 humani
2530 4739 2735 4795 leones,
2780 4743 2833 4788 et
2870 4731 3157 4786 memorati
3198 4726 3361 4779 catuli
3397 4723 3510 4777 leo-

1943 4851 2094 4890 num.
2131 4833 2242 4903 Ego
2271 4847 2402 4887 vero
2426 4845 2615 4885 eorum
2652 4824 2878 4881 insidias
2908 4819 3174 4877 declinavi
3211 4814 3513 4871 Salvatoris

1945 4943 1975 4982 a
2001 4925 2112 4981 Deo
2144 4925 2299 4979 missi
2338 4938 2524 4993 opera,
2576 4921 2668 4991 qui
2720 4918 2921 4987 eripuit
2955 4916 3189 4969 animam
3238 4927 3411 4965 meam
3445 4909 3515 4965 de

1944 5019 2123 5075 medio
2151 5017 2456 5072 catulorum
2495 5015 2732 5068 leonum.
2768 5012 2848 5064 An
2878 5010 2993 5063 haec
3027 5006 3096 5061 de
3127 5004 3290 5059 Saule
3316 5004 3521 5058 dicam

1943 5122 2051 5176 tur,
2103 5110 2218 5166 sive
2248 5109 2315 5163 de
2340 5107 2406 5162 iis
2447 5106 2541 5176 qui
2590 5103 2845 5158 Davidem
2877 5100 3016 5171 apud
3058 5099 3272 5153 Sauletn
3305 5096 3511 5149 calums

1938 5202 2071 5259 niati
2123 5207 2289 5264 sunt,
2350 5201 2465 5254 sive
2514 5197 2582 5252 de
2640 5194 2929 5265 allophylis
2998 5188 3255 5250 Gethaeis,
3304 5202 3399 5242 seu
3447 5184 3517 5239 de

1941 5292 2311 5350 invisibilibus
2348 5289 2584 5344 inimicis
2610 5306 2624 5355 ;
2650 5298 2704 5341 tu
2741 5287 2856 5355 ipse
2888 5281 3190 5355 perpendes
3222 5279 3404 5332 velim.

254 5391 399 5445 Θεοῦ
422 5393 824 5466 ἀπεσταλμένον
852 5412 942 5466 μοι
996 5395 1246 5467 Σωτῆρα,
1278 5396 1368 5448 τὸν
1398 5396 1697 5467 ῥυσάμενον
1729 5395 1826 5468 τὴν
1861 5394 2039 5465 ψυχήν
2068 5405 2168 5460 μου
2192 5387 2255 5440 ἐκ
2285 5387 2448 5458 μέσου
2477 5384 2747 5455 σκύμνων·
2778 5380 2902 5434 Εἴτε
2924 5379 2980 5432 δὲ
3030 5377 3202 5431 ταῦτα
3232 5374 3357 5446 περὶ
3421 5370 3513 5468 τ’Ῠῦ

255 5480 437 5536 Σαοὺλ
465 5459 702 5553 ἐλέγετο,
734 5459 1569 5558 attempt15'2"6ta6a).kiiv1wv
1622 5484 1711 5539 τὸν
1726 5459 1889 5539 Δαυῒδ
2115 5480 2208 5533 τὸν
2259 5477 2449 5543 Σαοὺλ,
2513 5478 2623 5531 εἴτε
2677 5475 2806 5547 περὶ
2860 5472 2970 5526 τῶν
3018 5472 3075 5524 ἐν
3122 5467 3220 5521 Γὲθ
3274 5459 3511 5531 ἀλλοφύ-

253 5579 391 5644 λων,
419 5580 530 5634 εἴτε
578 5580 707 5651 περὶ
762 5578 1010 5649 ἀοράτων
1060 5577 1287 5652 ἐχθρῶν,
1351 5578 1445 5631 καὶ
1502 5577 1664 5642 αὐτὸς
1724 5578 2059 5648 ἐπιστήσεις.

332 5726 413 5797 (l)
439 5722 1044 5797 3E>r6td03tocgdroc,
1078 5721 1291 5775 insitum
1312 5717 1758 5786 rerbum,dicitur
1787 5719 1840 5777 ad

1949 5717 2247 5776 ﬂ‘erentiam
2277 5716 2367 5771 τοῦ
2397 5712 2749 5787 προφορικοῦ,
2778 5710 2993 5784 prolati.
3018 5707 3219 5763 Horum
3253 5700 3519 5772 frequens

260 5793 409 5869 apud
438 5794 627 5860 Patres
654 5811 806 5852 usus.
841 5793 1001 5850 Enn.
