4100 6528
586 326 688 382 511

587 551 792 590 omnem
821 545 1034 596 terram,
1067 533 1241 602 gloria
1286 543 1398 596 tua,
1429 539 1484 586 et
1523 539 1737 585 caetera.
1791 529 2015 584 Missum
2049 531 2154 585 sibi

588 627 658 682 ab
691 625 972 680 Altissimo
1010 625 1313 694 adjutorem
1343 630 1398 677 et
1429 622 1796 688 Servatorem,
1835 629 2022 690 utpote
2062 623 2154 691 qui

589 735 649 776 se
687 719 1054 772 humiliaverit
1085 733 1178 786 per
1211 731 1371 772 suum
1403 717 1466 770 ad
1511 715 1761 770 homines
1805 713 2154 778 descensum,

585 819 642 866 et
695 809 930 864 animam
985 823 1140 864 suam
1189 808 1451 877 eripuerit
1499 807 1566 861 de
1621 804 1800 860 medio
1851 806 2155 860 catulorum

585 904 831 964 leonum,
867 903 953 958 his
993 903 1173 957 verbis
1206 900 1476 971 Propheta
1526 901 1814 970 compellat
1845 919 1858 954 :
1890 900 2158 966 Quoniam

585 1011 652 1050 ex
685 998 902 1065 propria
945 995 1320 1064 magnitudine
1368 993 1725 1056 descendens,
1765 999 1924 1062 teque
1979 993 2156 1064 ipsum

587 1103 812 1158 parvum
863 1087 1122 1150 etliciens,
1175 1086 1496 1140 humilitatis
1553 1101 1685 1140 mea:
1725 1099 1912 1138 curam
1973 1101 2162 1140 susce-

585 1179 740 1246 pisti,
769 1187 822 1234 et
856 1179 1106 1248 eripuisti
1141 1178 1378 1231 animam
1427 1193 1600 1231 meam
1655 1178 1720 1234 de
1753 1179 1930 1232 medio
1961 1178 2158 1247 praedi-

587 1280 824 1334 ctorum,
882 1273 1122 1324 exaltare
1171 1269 1412 1334 demum,
1471 1271 1748 1339 proprium
1787 1271 2040 1324 thronum
2095 1286 2158 1325 ac

587 1363 684 1415 tibi
731 1373 1048 1432 competens
1107 1377 1332 1430 regnum
1393 1365 1656 1416 ccelorum
1719 1375 1919 1434 repete.
1975 1365 2158 1435 Neque

587 1457 731 1509 enim
781 1463 922 1508 terra
961 1455 1133 1524 gloria
1191 1463 1279 1508 tua
1315 1455 1640 1523 privabitur,
1671 1457 1884 1512 etiamsi
1937 1459 1990 1512 in
2021 1461 2157 1514 caelo

588 1544 774 1614 (legas.
809 1543 1274 1610 Quemadmodum
1305 1547 1449 1599 enim
1507 1547 1588 1600 sol
1623 1549 1900 1617 proprium
1934 1564 2156 1604 cursum

587 1639 908 1701 conﬁciens,
943 1653 1038 1692 eos
1067 1639 1158 1707 qui
1197 1639 1250 1691 in
1298 1645 1444 1692 terra
1473 1649 1764 1694 versantur
1799 1642 2010 1712 fulgore
2058 1657 2159 1698 suo

589 1751 698 1788 non
729 1734 963 1796 fraudat,
999 1735 1186 1788 eodem
1234 1733 1396 1786 modo
1440 1741 1494 1786 et
1532 1743 1609 1796 tu,
1653 1733 1898 1800 Domine,
1945 1737 2158 1791 etiamst

587 1827 660 1882 ob
689 1841 938 1896 magnam
973 1825 1242 1878 mittentis
1274 1831 1328 1878 te
1373 1822 1553 1878 Patris
1607 1839 1734 1894 erga
1767 1825 2016 1880 homines
2047 1827 2160 1880 cle-

587 1917 868 1980 mentiam,
891 1931 1065 1985 usque
1089 1917 1158 1970 ad
1181 1917 1504 1984 parvitatem
1531 1931 1704 1970 meam
1731 1925 1784 1971 te
1811 1917 2157 1984 extenderis;

589 2019 643 2064 at
672 2011 912 2064 exaltare
936 2008 1152 2062 demuu
1181 2023 1346 2076 super
1377 2009 1568 2070 caelos,
1602 2015 1656 2062 et
1685 2007 1738 2060 in
1769 2009 1892 2061 sinu
1917 2010 2164 2064 Paterna:

591 2101 813 2157 deitatis
851 2100 1118 2160 residens,
1154 2115 1372 2153 onmem
1409 2107 1606 2152 terram
1657 2098 1830 2168 gloria
1865 2107 1956 2152 tua
1991 2101 2158 2169 reple.

591 2193 714 2248 llaec
759 2207 922 2263 porro
967 2193 1092 2260 jure
1135 2189 1374 2260 profero,
1435 2189 1488 2242 in
1542 2197 1660 2242 tuto
1711 2199 1906 2243 contra
1961 2190 2161 2243 malum

589 2287 872 2356 quodlibet
897 2286 1129 2355 positus,
1159 2293 1213 2338 et
1243 2298 1272 2334 a
1304 2281 1578 2352 przedictis
1600 2282 1795 2337 catulis
1829 2289 1884 2337 et
1914 2282 2162 2338 leonibus

589 2385 686 2432 tua
723 2377 1042 2432 visitatione
1071 2381 1313 2443 ereptus,
1348 2373 1440 2442 qui
1477 2373 1688 2442 laqueos
1726 2382 2044 2441 paraverunt
2073 2389 2163 2442 pe-

589 2468 743 2521 dibus
777 2467 926 2529 meis,
959 2474 1033 2530 et,
1063 2473 1330 2534 quantum
1365 2463 1416 2516 iu
1445 2463 1578 2532 ipsis
1600 2471 1737 2526 erat,
1763 2465 2161 2517 incurvaveruut

591 2563 823 2615 animam
879 2553 1094 2618 meam;
1151 2557 1244 2611 sed
1293 2556 1457 2610 etiam
1508 2555 1752 2624 {oderunt
1805 2565 1926 2610 ante
1973 2555 2162 2624 faciem

589 2667 762 2706 meam
800 2651 1024 2721 foveam.
1061 2647 1168 2702 Sed
1199 2647 1310 2701 lucc
1337 2648 1390 2701 in
1417 2662 1569 2700 suam
1603 2647 1923 2716 perniciem,
1957 2663 2064 2700 non
2107 2647 2161 2699 in

589 2761 790 2806 meam,
821 2753 914 2798 tua
945 2741 1306 2814 protectione,
1362 2739 1738 2808 desiguaruut.
1789 2737 1896 2808 Ipsi
1927 2753 2162 2807 namque

589 2839 646 2894 in
679 2839 822 2892 hanc
845 2837 1056 2890 foveam
1087 2849 1242 2888 suam
1271 2832 1430 2902 primi
1457 2831 1792 2886 ceciderunt.
1819 2831 2163 2901 Quapropter

589 2932 716 3004 quia
752 2938 808 2984 tu
839 2945 868 2982 a
897 2927 1056 2984 Patre
1091 2927 1292 2981 missus
1343 2926 1472 2978 talia
1502 2923 1742 2991 edidisti,
1791 2925 2030 2978 exaltare
2063 2921 2160 2974 de-

589 3039 762 3086 mum,
799 3037 862 3076 ac
887 3021 1138 3075 ccelestes
1164 3019 1286 3072 illas
1319 3019 1652 3084 mansiones,
1689 3023 1748 3072 ut
1777 3015 1876 3072 tibi
1912 3013 2160 3086 proprias

589 3123 644 3174 et
671 3115 860 3172 deitati
889 3123 994 3168 tua;
1018 3120 1310 3168 consuetas
1341 3109 1541 3180 recipe.

665 3427 828 3484 Vens.
845 3425 1000 3483 8-12.
1029 3425 1284 3480 Paratum
1306 3442 1398 3481 cor
1413 3439 1605 3486 meum,
1627 3419 1788 3486 Deus,
1807 3431 2052 3490 paratum
2069 3438 2160 3476 cor

589 3537 785 3586 meum,
810 3522 1031 3574 cantabo
1069 3528 1120 3573 et
1147 3519 1412 3589 psalmum
1443 3515 1640 3580 dicam,
1675 3521 1780 3570 etc.
1817 3512 2064 3568 Salvator
2103 3515 2158 3568 in

590 3625 692 3668 sua
726 3609 792 3665 ad
827 3611 1126 3680 discipulos
1152 3609 1400 3664 doctrina
1447 3609 1564 3662 haec
1611 3607 1678 3660 de
1720 3604 1926 3676 Spiritu
1967 3613 2158 3660 sancto

588 3703 762 3758 dixit:
791 3701 850 3756 Si
881 3701 1104 3770 diligitis
1143 3717 1256 3762 me,
1285 3699 1540 3752 mandata
1579 3714 1694 3750 mea
1729 3707 1950 3763 servate,
1981 3707 2030 3751 et
2066 3715 2158 3768 ego

588 3794 784 3866 rogabo
823 3793 1061 3856 Patrem,
1109 3801 1158 3846 et
1201 3791 1366 3845 alium
1403 3789 1742 3844 Paracletum
1784 3788 1934 3842 dabit
1993 3789 2156 3854 vobis,

589 3897 648 3944 ut
687 3891 755 3942 sit
795 3887 1064 3942 vobiscum
1091 3887 1146 3939 in
1177 3895 1464 3942 internum.
1507 3881 1766 3952 Spiritum
1809 3883 2108 3936 veritatis"
2142 3903 2156 3937 :

589 3989 646 4037 et
675 3996 932 4036 rursum:
975 3979 1102 4034 llaec
1149 3979 1354 4032 locutus
1395 3993 1510 4030 sum
1546 3975 1688 4030 vobis
1737 3975 1875 4042 apud
1920 3991 2007 4032 vos
2051 3991 2162 4028 ma-

591 4089 762 4136 nens,
806 4071 1116 4124 Paracletus
1157 4079 1369 4134 autem,
1427 4067 1660 4136 Spiritus
1735 4075 1950 4120 sanctus
2010 4084 2161 4138 quem

590 4163 759 4216 mittet
803 4161 966 4215 Pater
993 4163 1048 4216 iu
1079 4163 1286 4216 nomine
1315 4177 1447 4220 meo,
1479 4159 1572 4212 ille
1601 4177 1689 4214 vos
1729 4157 1932 4212 docebit
1958 4160 2156 4222 omnia,

589 4265 640 4310 et
663 4263 900 4326 suggeret
919 4255 1001 4320 ³⁸;
1037 4269 1100 4308 ac
1125 4253 1354 4308 iterum:
1398 4251 1582 4305 Adhuc
1609 4250 1779 4304 multa
1812 4250 1973 4304 habeo
2015 4251 2156 4306 vobis

589 4347 782 4406 dicere.
813 4345 902 4400 sed
943 4363 1045 4399 non
1085 4346 1300 4415 potestis
1331 4353 1544 4412 portare
1578 4341 1753 4398 modo.
1809 4341 1942 4398 Cum
1981 4353 2158 4398 autem

589 4439 785 4494 uenerit
815 4437 904 4492 ille
939 4437 1170 4506 Spiritus
1193 4437 1432 4490 veritatis
1454 4474 1469 4498 ,
1511 4433 1754 4487 narrabit
1787 4433 1929 4487 vobis
1961 4436 2156 4489 verita-

1275 321 1542 378 EL'SEBII
1579 319 2054 378 CAESARIENSIS
2091 321 2240 376 OPP.
2279 320 2458 377 PARS
2487 319 2576 377 Ill.
2613 353 2680 362 —
2719 320 3124 378 EXEGETICA.

659 441 828 498 Vens.
863 441 918 508 6,
946 442 996 496 7.
1037 439 1294 494 Exaltare
1333 455 1490 508 super
1517 439 1693 502 cazlos,
1729 437 1890 502 Deus,
1921 447 1970 492 et
2001 454 2156 508 super
2185 450 2230 502 Α

3721 323 3828 378 5ίὲ

2341 438 2622 508 Ἰᾘ-ιὸθητι
2649 438 2744 492 ἐπὶ
2803 439 2944 505 τοὺς
3000 437 3314 507 οιὶιρανοὺς,
3347 443 3380 493 ό
3407 441 3569 507 Θεὲς,
3601 443 3698 496 καὶ
3729 444 3826 498 ἐπὶ

2257 531 2462 586 πᾶσαν
2487 531 2598 599 τὴν
2633 531 2751 601 τῆν
2797 534 2834 600 ἠ
2891 531 3040 594 δόξα
3095 547 3232 594 σου,
3267 533 3360 585 καὶ
3419 533 3486 585 τὰ
3546 535 3693 604 ἑξῆς.
3737 537 3828 606 Τῷ

2257 625 2800 690 ἐξαποπαλέντιὺπὸ
2849 626 2942 677 τοῦ
2979 624 3230 694 Ὑψίστου
3277 624 3455 695 βοηθῷ
3509 627 3704 680 ἑαυτοῦ
3735 629 3830 681 καὶ

2257 719 2486 788 Σωτῆρι,
2513 718 2588 780 ὡς
2614 717 2680 770 ἂν
2725 717 2911 770 ἑαυτὸν
2941 715 3352 770 ταπεινώσαντα
3394 719 3482 772 διὰ
3507 719 3608 789 τῆς
3639 721 3830 792 μέχρις

2257 805 2554 876 ἀνθρώπων
2587 806 2834 872 καθόδου,
2861 807 3148 878 ῥυσαμένῳ
3203 825 3262 861 τε
3303 809 3403 879 τὴν
3447 809 3624 880 ψυχὴν
3661 810 3828 866 αὑτοῦ

2258 901 2320 951 ὲκ
2351 899 2512 968 μέσου
2561 898 2832 968 σκύμνων,
2863 899 3149 967 [ὲπιφωνεῖ
3203 899 3376 968 λέγων
3430 903 3460 954 ό
3513 902 3828 974 Προφήτης·

2271 991 2506 1061 Ἐπειδὴ,
2537 990 2628 1044 τοῦ
2653 992 2850 1045 οἰκείου
2881 992 3140 1062 μεγέθους
3153 992 3520 1057 ὑποκαταϐὰς,
3549 995 3644 1046 καὶ
3673 1013 3832 1049 σεαυ-

2257 1081 2347 1135 τὸν
2379 1083 2696 1154 σμικρύνας,
2747 1083 2844 1152 τῆς
2897 1083 3038 1153 ἐμῆς
3069 1084 3448 1156 ταπεινότητος
3487 1085 3830 1156 ἐφρόντισας,

2261 1173 2474 1243 ἐῤῥύσω
2499 1191 2557 1225 τε
2583 1173 2680 1244 τὴν
2699 1173 2878 1244 ψυχήν
2915 1191 3014 1243 μου
3044 1175 3106 1226 ὲκ
3143 1175 3306 1244 μέσου
3343 1175 3451 1228 τῶν
3505 1176 3832 1246 προλεχθένι-

2259 1282 2382 1328 των,
2417 1263 2658 1335 ὑψώθητι
2700 1265 2900 1330 λοιπὸν,
2963 1265 3054 1318 καὶ
3105 1267 3452 1338 ἀπολάμϐανε
3501 1269 3594 1322 τὸν
3629 1270 3832 1322 σαυτοῦ

2259 1355 2443 1426 θρόνον
2474 1357 2565 1409 καί
2597 1357 2690 1428 τὴν
2719 1357 3030 1428 πρέπουσάν
3057 1375 3139 1410 σοι
3173 1360 3230 1410 ὲν
3283 1359 3494 1430 ούρανῷ
3527 1361 3830 1430 βασιλείαν.

2259 1449 2392 1502 Οὐδὲ
2431 1449 2602 1512 οὕτως
2625 1450 2732 1520 γὰρ
2786 1451 3282 1521 ἀποστερηθήσεται
3309 1454 3340 1522 ἡ
3369 1453 3438 1522 γῆ
3465 1452 3564 1522 τῆς
3595 1453 3696 1522 σῆς
3743 1453 3830 1507 δ⁶’

2262 1538 2376 1610 ξης,
2405 1541 2506 1594 κᾶν
2532 1544 2588 1594 ὲν
2622 1543 2830 1613 οὐρανῷ
2851 1543 3146 1614 διατρίϐῃς.
3179 1541 3382 1614 Ὥσπερ
3413 1545 3518 1614 γὰρ
3545 1545 3717 1612 ἥλιος,
3743 1545 3830 1598 τὸν

2260 1638 2456 1688 οἰκεῖον
2489 1634 2763 1688 ἀποτελῶν
2816 1634 3032 1703 δρόμον,
3088 1635 3188 1686 οὐκ
3223 1636 3516 1706 ἀποστερεῖ
3551 1638 3679 1700 τοὺς
3739 1637 3830 1689 ἐπὶ

2261 1729 2364 1798 γῆς
2383 1728 2480 1798 τῆς
2541 1727 2732 1781 ἑαυτοῦ
2767 1727 3124 1797 λαμπηδόνος·
3189 1727 3280 1780 τόν
3310 1729 3470 1782 αὑτὸν
3501 1730 3703 1800 τρόπον
3741 1731 3830 1783 καὶ

2264 1813 2410 1880 σὺ,ῶ
2445 1819 2638 1890 Κύριε,
2673 1821 2718 1872 εἰ
2745 1821 2838 1872 καὶ
2861 1819 2928 1872 τὰ
2959 1819 3190 1889 μάλιστα
3217 1821 3282 1872 δι’
3317 1821 3620 1892 ὑπερϐολὴν
3653 1823 3828 1890 φιλαν

2263 1911 2508 1982 θρωπίας
2537 1911 2632 1964 τοῦ
2661 1913 3116 1983 καταπέμψαντός
3145 1930 3200 1966 σε
3265 1915 3476 1985 Πατρὶς
3525 1916 3686 1986 μέχρι
3733 1916 3828 1985 τῆς

2263 2003 2401 2073 ἐμῆς
2425 2003 2782 2074 σμικρότητος
2835 2004 3156 2075 ἐξητάσθης,
3211 2004 3324 2056 ἀλλ’
3371 2005 3614 2075 eseam
3645 2007 3830 2062 λοιπον

2261 2095 2353 2146 ἐπὶ
2397 2095 2520 2158 τοὺς
2540 2095 2817 2167 οὐρανοὺς,
2861 2097 2956 2148 καὶ
2993 2098 3104 2158 τοῖς
3151 2093 3370 2158 κόλποις
3393 2097 3490 2166 τῆς
3551 2098 3828 2168 Πατρικῆς

2263 2185 2511 2256 θεότητος
2533 2186 2774 2248 ἐνοικῶν,
2813 2187 3017 2258 πλήρου
3073 2187 3172 2257 τῆς
3199 2186 3394 2240 σαυτοῦ
3445 2187 3600 2258 δόξης
3657 2191 3830 2243 πᾶσαν

2261 2277 2358 2350 τὴν
2383 2279 2505 2348 γῆν.
2531 2279 2686 2347 Λέγω
2716 2279 2771 2331 δὲ
2798 2279 2968 2332 ταῦτα
3003 2279 3242 2342 εἰκότως,
3273 2281 3329 2331 ὲν
3363 2281 3662 2351 ἀμεριμνία
3693 2299 3828 2335 παν-

2261 2371 2350 2434 τὸς
2374 2370 2541 2424 κακοῦ
2585 2369 2842 2439 γεγονὼς,
2865 2371 2958 2423 καὶ
2993 2370 3101 2423 τῶν
3143 2370 3541 2442 προλεχθέντων
3575 2371 3830 2442 σκύμνων

2265 2463 2358 2516 καὶ
2376 2461 2603 2516 λεόντων
2629 2463 2714 2515 διὰ
2745 2462 2845 2532 τῆς
2871 2463 2966 2533 σῆς
3021 2463 3321 2534 ἐπισκοπῆς
3367 2463 3600 2535 ῥυσθείς·
3639 2465 3830 2528 οἵτινες

2263 2551 2514 2622 παγίδας
2554 2553 2888 2622 ἡτοίμασαν
2917 2553 3038 2619 τοῖς
3089 2556 3236 2608 ποσί
3260 2573 3398 2624 μου,
3458 2558 3569 2620 καὶ,
3617 2556 3680 2610 τὸ
3711 2557 3830 2611 ὅσον

2263 2647 2348 2699 ἐπ’
2373 2647 2572 2710 αὐτοῖς,
2598 2647 2984 2715 κατέκαμψαν
3015 2647 3128 2715 τὴν
3163 2647 3373 2716 ψυχήν
3396 2665 3534 2716 μου·
3575 2647 3714 2701 ἀλλὰ
3739 2649 3832 2703 καὶ

2261 2738 2499 2807 ὤρυξαν
2527 2740 2639 2808 πρὸ
2673 2740 2994 2809 προσώπου
3020 2759 3136 2810 μου
3153 2741 3400 2808 βόθρον.
3419 2741 3602 2794 Ταῦτα
3629 2742 3686 2795 δὲ
3711 2741 3831 2795 καθ’

2262 2831 2490 2896 ἑαυτῶν,
2517 2833 2630 2886 ἀλλ’
2649 2833 2722 2912 οὐ.
2741 2833 2862 2886 κατ’
2879 2833 3012 2903 ἐμοῦ
3042 2827 3128 2884 διὰ
3163 2834 3263 2904 τὴν
3285 2835 3382 2902 σὴν
3413 2833 3622 2904 σκέπην
3647 2834 3830 2908 εἰργά-

2263 2939 2442 2976 σαντο.
2483 2924 2764 2992 Ἐερθασαν
2787 2923 2896 2996 γὰρ
2941 2926 3092 2978 αὐτοὶ
3119 2925 3315 2996 μᾶλλον
3349 2928 3428 2988 εἰς
3481 2925 3572 2977 τὸν
3623 2926 3832 2979 ἑαυτῶν

2261 3019 2658 3081 καταπεσόντες
2690 3019 2898 3090 βόθρον.
2947 3019 3144 3089 Διόπερ
3169 3019 3354 3088 ἐπειδὴ
3389 3019 3559 3074 ταῦτα
3592 3020 3832 3090 εἰργάσω

2186 3131 2231 3188 c
2265 3111 2328 3164 σὺ
2361 3113 2390 3164 ό
2419 3111 2822 3182 ἀπεσταλμένος
2844 3111 2948 3164 ὑπὸ
2974 3111 3066 3164 τοῦ
3091 3112 3320 3181 Πατρὸς,
3352 3110 3594 3181 ὑψώθητι
3625 3111 3830 3176 λοιπὴν,

2259 3203 2354 3258 καὶ
2387 3203 2736 3274 ἀπολάμϐανε
2761 3204 2861 3266 τὰς
2881 3203 3182 3274 οὐρανίους,
3209 3203 3284 3264 ὼς
3314 3203 3516 3267 οἰκείας
3561 3203 3659 3258 καὶ
3709 3220 3828 3256 συν-

2259 3295 2409 3368 ήθεις
2435 3299 2498 3368 τῇ
2531 3299 2596 3368 σῇ
2633 3296 2844 3366 θεότητι
2872 3295 3166 3367 διατριϐάς.

2343 3407 2570 3476 Ἑτοίμη
2609 3409 2646 3476 ἠ
2687 3409 2896 3476 καρδία
2923 3426 3062 3478 μου,
3109 3409 3140 3460 ὀ
3171 3407 3348 3472 Θεὸς,
3395 3407 3596 3476 ἑτοίμη
3629 3409 3666 3474 ἠ
3699 3424 3830 3474 reap-

2259 3501 2356 3556 δία
2373 3518 2513 3569 μου,
2541 3498 2760 3569 ᾄσομαι
2785 3499 2882 3553 καί
2921 3498 3118 3568 ψαλῶ,
3149 3499 3242 3552 καὶ
3281 3497 3345 3551 τὰ
3371 3498 3514 3568 ἑξῆς.
3560 3497 3617 3550 Ὀ
3647 3498 3832 3570 Σωτὴρ

2261 3596 2318 3648 ὲν
2337 3595 2454 3656 ταῖς
2477 3591 2611 3664 πρὸς
2639 3593 2763 3656 τοὺς
2806 3591 3052 3663 μαθητὰς
3106 3591 3472 3655 διδασκαλίαις
3505 3589 3655 3643 ταῦτ’
3689 3595 3830 3662 εἰρη-

2260 3681 2370 3746 κὼς
2405 3685 2530 3753 περὶ
2551 3683 2645 3736 τοῦ
2677 3681 2830 3750 ἁγίου
2857 3683 3192 3753 Πνεύματος·
3243 3681 3376 3736 Ἐὰν
3412 3681 3680 3750 ἀγαπᾶτε
3707 3681 3830 3750 ἐμὲ,

2259 3773 2366 3840 τὰς
2395 3773 2645 3840 ἐντολὰς
2675 3773 2778 3840 τὰς
2806 3773 2951 3841 ἐμὰς
2971 3771 3286 3840 τηρήσατε·
3307 3772 3402 3824 καὶ
3421 3770 3534 3841 ἐγὼ
3559 3771 3830 3838 ἐρωτήσω

2259 3867 2366 3920 τὸν
2389 3867 2636 3934 Πατέρα,
2683 3865 2780 3920 καί
2825 3865 3018 3920 ἄλλον
3043 3863 3434 3933 Παρακλητον
3474 3863 3650 3918 δώσει
3671 3863 3828 3932 ὑμῖν,

2259 3959 2359 4012 ἵνα
2385 3955 2424 4030 ᾖ
2453 3959 2580 4028 μεθ’
2619 3956 2784 4028 ὑμῶν
2805 3960 2892 4023 εἰς
2945 3956 3052 4009 τὸν
3084 3955 3288 4019 αἰῶνα,
3323 3955 3386 4009 τὸ
3436 3955 3680 4024 Πνεῦμα
3725 3953 3830 4022 τῆς

2259 4051 2562 4118 ἀληθείας
2609 4051 2702 4102 καὶ
2735 4047 2914 4103 πάλιν·
2977 4048 3163 4101 Ταῦτα
3187 4045 3498 4114 λελάληκα
3531 4045 3672 4114 ὑμῖν
3693 4044 3828 4111 παρ’

2259 4142 2400 4212 ὑμῖν
2445 4141 2660 4212 μένων·
2717 4144 2750 4194 ό
2799 4139 2866 4193 δὲ
2911 4140 3323 4208 Παράκλητος,
3373 4138 3439 4191 τὸ
3470 4135 3716 4204 Πνεῦμα
3763 4133 3830 4187 τὸ

2259 4241 2428 4311 ἅγιον
2465 4241 2495 4294 ὃ
2517 4240 2736 4310 πέμψει
2766 4243 2798 4293 o'
2827 4236 3025 4306 Πατήρ
3053 4255 3171 4306 μου
3201 4235 3269 4288 ἐν
3301 4234 3380 4300 τῷ
3416 4233 3663 4303 ὀνόματί
3685 4249 3828 4302 μου,

2258 4333 2486 4400 ἐκεῖνος
2515 4331 2671 4402 ὑμᾶς
2695 4331 2920 4395 διδάξει
2951 4327 3146 4382 πάντα
3173 4325 3270 4380 καί
3327 4325 3681 4394 ὑπομνήσει·
3739 4325 3832 4377 καὶ

2259 4421 2432 4488 αὖθις⁸
2469 4425 2590 4477 Ἔτι
2625 4423 2824 4476 πολλὰ
2852 4421 2969 4492 ἔχω
3021 4419 3221 4488 λέγειν
3251 4417 3412 4488 ὑμῖν,
3457 4415 3592 4470 ἀλλ’
3621 4417 3694 4469 σὺ
3731 4413 3830 4468 δύο

590 4541 716 4598 tem,
745 4531 868 4602 quia
899 4529 963 4584 de
1001 4546 1114 4584 meo
1163 4529 1404 4596 accipiet,
1449 4533 1499 4580 et
1557 4524 1892 4578 annuntiabit
1927 4527 2066 4581 vobis
2085 4528 2152 4581 ".

2259 4523 2445 4573 νασθε
2469 4515 2796 4584 βαστάζειν
2834 4515 2984 4584 ἄρτι.
3023 4515 3199 4565 Ὅταν
3225 4509 3293 4562 δὲ
3329 4510 3475 4576 ἕλοῃ
3506 4507 3736 4572 ἐκεῖνος
3763 4506 3826 4558 τὸ

591 4625 803 4692 Quibus
833 4622 1075 4678 declarat
1107 4621 1315 4688 majora
1351 4619 1440 4672 illa
1475 4633 1574 4674 sua
1607 4633 1750 4683 esse,
1787 4632 1948 4688 quam
1985 4625 2045 4672 ut
2087 4617 2154 4672 ab

591 4713 854 4785 apostolis
898 4718 1258 4782 caperentur:
1297 4705 1415 4761 Non
1449 4707 1594 4762 enim
1636 4708 1899 4778 potestis,
1939 4707 2150 4777 inquit,

589 4815 807 4878 portare
841 4826 854 4861 :
888 4806 982 4860 sed
1035 4805 1300 4876 Spiritum
1357 4803 1604 4859 veritatis
1653 4819 1720 4858 ex
1775 4819 1834 4860 se
1867 4803 2052 4858 datum
2101 4809 2154 4856 et

591 4896 854 4966 apostolis
901 4895 970 4949 ab
1007 4911 1066 4950 se
1107 4894 1357 4956 missum,
1405 4893 1858 4948 annuntiaturum
1901 4893 1978 4946 ait
2019 4890 2154 4961 ipsis

588 5003 806 5044 omnem
833 4987 1136 5042 veritatem.
1177 4984 1334 5052 Quod
1371 4985 1418 5041 si
1467 4985 1582 5040 haec
1623 4986 1706 5042 sic
1743 4985 2149 5056 intelligantur,

587 5078 710 5151 jure
745 5077 934 5140 David,
975 5085 1264 5148 postquam
1289 5076 1398 5132 Deo
1443 5077 1497 5132 in
1548 5077 1633 5134 sui
1678 5077 1939 5132 auxilium
1983 5075 2154 5128 misso

589 5169 826 5232 dixerat,
861 5167 1117 5222 Exaltare
1154 5183 1308 5236 super
1334 5169 1518 5233 caelos,
1555 5169 1716 5232 Deus,
1748 5176 1798 5222 et
1837 5181 1991 5234 super
2041 5182 2154 5219 om-

587 5279 706 5318 nem
758 5273 952 5317 terram
983 5263 1152 5333 gloria
1198 5273 1324 5326 tua;
1355 5269 1510 5332 rogat
1559 5261 1756 5316 exinde
1795 5259 2044 5314 eumdem
2093 5265 2152 5312 ut

586 5356 694 5413 sibi
727 5357 908 5410 mittat
926 5355 1186 5425 Spiritum
1215 5355 1580 5416 Paracletum,
1617 5352 2029 5422 propheticum;
2055 5364 2152 5419 pa-

587 5457 768 5507 ratum
801 5465 923 5504 sese
947 5448 1134 5504 dicens
1164 5447 1230 5502 ad
1252 5445 1630 5516 excipiendum
1656 5457 1778 5498 eum
1811 5460 1826 5496 :
1861 5447 2148 5511 purgatum

587 5545 797 5606 scilicet
815 5557 940 5598 esse
973 5541 1232 5611 templum
1257 5539 1312 5594 in
1341 5555 1400 5594 se
1433 5536 1696 5608 positum,
1725 5540 1778 5588 et
1815 5533 2012 5587 animm
2037 5548 2150 5588 sua:

585 5633 1025 5702 receptaculum;
1057 5629 1316 5684 nimirum
1351 5628 1526 5698 ipsam
1559 5629 1814 5686 mentem,
1853 5637 2014 5693 quam
2042 5627 2150 5674 tro—

687 5785 905 5842 "doan.
942 5802 1052 5850 xlv,
1093 5785 1276 5839 15-17.
1355 5783 1396 5814 ³⁸
1437 5781 1569 5836 ibid.
1601 5779 1798 5846 25,26.

2261 4613 2503 4682 Πνεῦμα
2527 4609 2636 4680 τῆς
2667 4609 2971 4677 ἀληθείας,
3001 4604 3346 4676 διηγήσεται
3373 4601 3514 4671 ὑμῖν
3537 4600 3652 4668 τὴν
3681 4599 3828 4668 ἀλή-

2262 4709 2446 4768 θειαν,
2483 4703 2570 4756 ὅτι
2617 4703 2684 4756 ἐκ
2730 4702 2836 4756 τοῦ
2887 4699 3032 4769 ἐμοῦ
3096 4696 3302 4765 λήψει,
3360 4694 3456 4747 καί
3515 4691 3832 4760 ἀναγγελεῖ

2260 4796 2420 4866 ὑμῖν.
2454 4798 2531 4848 Δι’
2567 4789 2642 4848 ῶν
2675 4794 2969 4866 παρίστησι
3023 4789 3239 4862 μείζονα
3285 4786 3381 4856 μὲν
3405 4781 3542 4836 εἶναι
3599 4783 3666 4835 τὰ
3703 4783 3826 4852 παρ’

2259 4889 2421 4944 αὑτοῦ
2469 4888 2564 4940 καὶ
2600 4889 2673 4959 μὴ
2737 4885 3057 4957 χωρούμενα
3084 4881 3188 4935 ὑπὸ
3229 4877 3336 4932 τῶν
3391 4874 3719 4930 ἀποστόλων·
3755 4873 3826 4926 Ού

2260 4981 2367 5054 γὰρ
2417 4981 2662 5044 δύνασθε,
2717 4981 2869 5051 φησι,
2934 4975 3240 5047 βαστάζεινο
3289 4971 3349 5024 τὸ
3377 4969 3432 5020 δὲ
3464 4967 3692 5038 Πνεῦμα
3729 4965 3828 5034 τῆς

2259 5073 2514 5144 ἀληθείας
2537 5073 2597 5126 τὸ
2619 5071 2678 5136 ἐξ
2705 5071 2865 5125 αὑτοῦ
2910 5067 3308 5141 χορηγούμενον
3347 5063 3570 5124 καὶτοῖς
3605 5059 3828 5114 ἀποστό-

2257 5163 2368 5227 λοις
2392 5165 2480 5217 ὑπ’
2497 5163 2658 5216 αὐτοῦ
2685 5162 3032 5234 πεμπόμενον
3065 5155 3416 5225 ἀναγγέλλειν
3445 5153 3628 5214 αὐτοῖς
3651 5153 3826 5204 πᾶσαν

2258 5249 2353 5320 τὴν
2383 5249 2652 5320 ἀλήθειαν.
2689 5252 2750 5303 Εἰ
2775 5250 2838 5321 δὴ
2867 5245 2957 5302 οὖν
2986 5247 3156 5301 ταῦτα
3188 5243 3448 5312 νενόηται,
3491 5240 3716 5302 εἰκότως
3737 5241 3828 5291 καὶ

2257 5342 2286 5393 ὁ
2311 5341 2470 5394 Δαυῖδ
2493 5341 2570 5412 τῷ
2602 5341 2990 5410 ἀπεσταλμένῳ
3023 5336 3140 5407 Θεῷ
3163 5339 3238 5398 εἰς
3259 5333 3356 5402 τὴν
3381 5329 3543 5384 αὑτοῦ
3581 5328 3828 5400 βοήθειαν

2257 5438 2562 5509 προφήσας,
2602 5434 2894 5504 ’Υειεσώθητι
2933 5431 3031 5484 ἐπὶ
3085 5429 3226 5493 τοὺς
3255 5421 3574 5492 ci'parcirc;
3597 5425 3630 5474 ό
3663 5421 3824 5484 Θεὸς,

2257 5527 2354 5580 καί
2414 5527 2512 5580 ἐπὶ
2565 5523 2770 5581 πᾶσαν
2825 5524 2938 5592 τὴν
2969 5521 3085 5591 γῆν
3121 5521 3158 5588 ἡ
3219 5515 3367 5578 δόξα
3423 5527 3559 5574 σου,
3599 5509 3828 5563 ἱκετεύει

2257 5619 2383 5688 ἑξῆς
2413 5619 2504 5672 τὸν
2561 5619 2722 5672 αὐτὸν
2772 5616 3123 5688 καταπέμψαι
3175 5607 3322 5680 αὑτῴ
3373 5607 3436 5662 τὸ
3481 5601 3706 5676 Πνεῦμα
3741 5601 3828 5655 τὸν

1877 5779 1918 5811 ³⁸
1942 5775 2098 5832 Juan.
2139 5773 2472 5840 “512,15.
