4100 6540
264 367 371 423 513

1396 366 1898 424 COMMENTARIA
1936 368 2004 424 1N
2044 369 2383 428 PSALMOS.

3368 438 3379 439 ,
3419 383 3522 438 5H

267 481 645 556 Παράκλητον,
692 481 754 535 τὸ
787 483 1158 554 ⁸προφητικὸν,
1205 483 1419 556 ἕτοιμον
1471 482 1606 540 εἶναι
1657 486 1834 541 ὲαυτδι

1952 488 2074 557 pice
2111 464 2207 543 cor
2235 488 2519 561 Scriptura
2552 492 2690 548 solet
2712 494 2986 564 appellare
3013 512 3027 550 :
3058 495 3201 567 quod
3232 496 3318 553 his
3350 500 3524 571 signi-

263 573 491 644 φάσκων
524 575 603 636 εἰς
629 572 891 646 ὑποδοχὴν
913 572 1096 627 αὑτοῦ·
1134 574 1471 647 κεκαθάρθαι
1500 576 1607 649 γὰρ
1632 576 1724 630 τὸν
1783 578 1841 631 ὲν

257 665 412 737 αὐτῷ
436 665 562 720 ναὸν
590 667 685 720 καὶ
734 666 794 720 τὸ
825 666 1029 739 δοχεῖον
1076 666 1174 738 τῆς
1216 667 1380 721 αὑτοῦ
1411 668 1607 740 ψυχῆς·
1639 669 1839 741 δηλαδὴ

255 760 359 831 τὴν
386 757 554 831 αὐτὴν
578 758 836 824 διάνοιαν,
865 761 931 831 ἢν
952 760 1223 831 τροπικῶς
1248 761 1474 833 καρδίαν
1516 760 1702 814 εἴωθεν
1727 762 1842 815 ὀνο-

255 848 456 923 μάζειν
510 853 539 905 ὁ
601 850 774 920 λόγος·
818 851 847 904 δ
892 852 956 923 δὴ
1009 853 1302 925 παρίστησι
1352 852 1545 922 λέγων·
1603 854 1839 922 Ἐτοίμη

256 947 295 1015 ἡ
326 944 545 1015 καρδία
588 962 728 1013 μου,
765 948 798 999 ό
836 944 1001 1011 Θεὸς,
1036 946 1240 1016 ἑτοίμη
1268 948 1305 1014 ἠ
1334 945 1547 1015 καρδία
1585 965 1724 1017 μου.
1774 947 1840 1001 Ἡ

255 1039 359 1109 μὲν
418 1032 511 1092 οὖν
558 1037 666 1109 ἐμὴ
724 1038 921 1109 καρδία
976 1038 1071 1092 καὶ
1127 1039 1188 1091 τὸ
1236 1038 1572 1111 διανοητικὸν
1623 1041 1839 1111 ἕτοιμον

253 1129 536 1200 τυγχάνει,
586 1129 739 1200 φησί.
805 1130 876 1183 Σὺ
927 1129 982 1184 δὲ
1027 1129 1210 1184 λοιπὸν
1255 1132 1583 1203 κατάπεμπέ
1633 1150 1727 1186 σου
1780 1132 1841 1187 τὸ

252 1221 503 1293 Πνεῦμα.
568 1221 917 1286 Ἐπιστάντος
960 1223 1068 1294 γᾴρ
1100 1224 1264 1278 αὑτοῦ
1319 1225 1410 1278 καὶ
1475 1224 1838 1296 ὲποχουμένου

250 1317 323 1387 τῇ
359 1317 467 1387 ἐμῇ
488 1314 656 1387 ψυχῇ,
691 1314 937 1387 συνήθως
956 1315 1176 1386 ᾄσομαι
1199 1317 1297 1371 καὶ
1321 1316 1518 1386 ψαλῶ,
1550 1318 1646 1389 τὴν
1668 1319 1840 1389 ἐμαυ-

248 1384 353 1460 τόδ
665 1407 760 1460 καὶ
800 1384 1099 1480 υπηρεσίαν
1127 1384 1375 1480 παρέχεον
1401 1411 1468 1480 τῇ
1489 1384 1714 1478 δυνάμει
1742 1384 1837 1462 τοῦ

247 1494 596 1568 προφητικοῦ
622 1495 957 1569 Πνεύματος.
973 1498 1083 1552 Καὶ
1112 1500 1265 1554 ταῦτ’
1283 1498 1471 1564 εἰπὼν,
1495 1500 1839 1573 παραχρῆμά

247 1601 319 1640 τε
384 1587 751 1653 εἰσακουσθεὶς
804 1590 945 1643 κατὰ
993 1591 1087 1657 τὸ,
1143 1593 1272 1646 Ἔτι
1317 1592 1658 1660 λαλοῦντός
1720 1611 1837 1649 σου

232 1676 387 1748 ἐρῶ·
437 1679 577 1735 Ἰδοὺ
606 1681 862 1752 πάρειμι,
888 1684 1182 1755 συνήσθετο
1226 1684 1326 1756 τῆς
1364 1682 1458 1738 τοῦ
1483 1686 1637 1754 ἁγίου
1669 1685 1839 1739 Πνεύ-

249 1785 430 1840 ματος
458 1770 777 1842 παρουσίας.
814 1768 926 1825 Εἶθ’
978 1771 1165 1844 ὥσπερ
1206 1774 1298 1825 ἐπὶ
1350 1772 1542 1845 θύραις
1581 1772 1835 1836 ἑστῶτος,

1950 581 2094 648 licat,
2128 581 2387 638 Paratum
2415 602 2507 639 cor
2530 602 2725 650 meum,
2747 586 2908 652 Deus,
2939 600 3189 659 paratum
3213 608 3305 646 cor
3329 610 3522 652 meum.

1946 673 2056 730 Cor
2121 676 2284 746 igitur
2328 694 2530 743 meum,
2565 694 2630 733 ac
2677 679 2764 734 vis
2814 681 3152 753 intelligendi
3190 695 3376 754 parata
3416 697 3522 745 est.

1947 766 2029 821 Tu
2069 785 2201 824 vero
2253 770 2471 826 tandem
2520 773 2710 827 emitte
2747 770 3013 843 Spiritum
3069 781 3247 831 tuum.
3293 775 3522 836 Astante

1946 861 2149 932 quippe
2182 862 2294 929 illo,
2315 872 2369 917 et
2400 847 2595 920 animae
2624 881 2759 922 mea:
2789 867 3084 931 insidente,
3122 884 3223 938 pro
3256 880 3524 925 consueto

1946 971 2098 1011 more
2120 958 2343 1011 cantabo
2375 969 2423 1013 et
2464 959 2728 1029 psalmum
2758 961 2958 1027 dicam,
2982 978 3251 1033 opemque
3273 971 3527 1019 meamet

1945 1048 2313 1104 ministerium
2368 1051 2559 1106 virtuti
2610 1054 2917 1124 prophetici
2956 1055 3185 1125 spiritus
3233 1055 3522 1124 przestabo.

1946 1140 2153 1212 Hisque
2186 1143 2370 1204 dictis.
2415 1150 2598 1200 statim
2650 1147 2964 1213 exauditus,
3016 1148 3317 1203 secundum
3366 1147 3522 1215 illud,

1944 1222 2130 1289 Adhuc
2166 1244 2215 1290 te
2254 1236 2515 1307 loquente,
2541 1237 2717 1291 dicam
2744 1252 2763 1290 .'
2795 1238 2930 1293 Ecce
2970 1237 3242 1302 adsum“,
3283 1236 3525 1309 Spiritus

1946 1326 2122 1381 sancti
2151 1330 2499 1396 praesentiam
2534 1329 2941 1385 animadvertit.
2973 1328 3181 1385 Deinde
3211 1331 3367 1399 quasi
3404 1331 3525 1400 ipso

1945 1418 1999 1473 in
2025 1419 2213 1486 januis
2244 1429 2449 1486 stante,
2482 1423 2824 1476 convertitur
2855 1421 3154 1491 Propheta.
3184 1437 3417 1491 seseque
3451 1421 3522 1478 ad

1945 1511 2313 1567 ministerium
2348 1513 2647 1583 praphetia:
2675 1514 2878 1569 excitat
2911 1532 2923 1568 :
2961 1529 3135 1584 quare
3182 1513 3467 1585 subjungit
3502 1531 3518 1570 :

1945 1598 2208 1673 Exsurge,
2254 1603 2425 1674 gloria
2470 1622 2607 1660 mea.
2644 1602 2829 1659 Gloria
2879 1620 2996 1659 mea
3045 1614 3129 1660 est
3170 1605 3520 1675 pmphetare.

1943 1693 2107 1750 Addit
2140 1705 2350 1766 postea,
2387 1695 2648 1767 Exsurge,
2679 1698 2989 1768 psalterium
3021 1709 3069 1752 et
3095 1699 3303 1753 cithara
3325 1717 3343 1753 :
3370 1700 3523 1769 psal-

1943 1787 2086 1840 terio
2150 1789 2413 1851 animam,
2458 1789 2669 1842 cithara
2725 1803 2926 1859 corpus
2982 1790 3523 1856 subindicans;sive

244 1862 643 1936 ἐπιστρέφεται
674 1867 703 1919 ὁ
734 1865 1048 1938 Προφήτης,
1065 1866 1158 1918 καὶ
1177 1864 1428 1937 διεγείρει
1456 1866 1620 1929 αὐτὸς
1647 1865 1834 1919 ἑαυτὸν

1946 1877 2062 1931 haec
2096 1878 2209 1947 ipsa
2234 1880 2395 1933 solita
2422 1876 2787 1934 instrumenta
2824 1881 3080 1936 manibus
3125 1884 3417 1953 arrip-ens.
3450 1880 3520 1940 ad

243 1954 348 2007 ἐπὶ
398 1954 496 2027 τὴν
551 1956 826 2010 διακονίαν
869 1958 968 2027 τῆς
1024 1955 1380 2029 προφητείας·
1429 1956 1508 2011 διὸ
1565 1958 1837 2030 ἐπιφέρει·

256 2046 659 2116 Ἔξεγέρθητι,
694 2049 732 2116 ἠ
759 2047 907 2112 δόξα
921 2065 1060 2117 μου.
1094 2048 1229 2113 Δόξα
1262 2065 1360 2120 μου
1391 2048 1505 2102 ἐστὶ
1538 2048 1599 2102 τὸ
1628 2066 1842 2122 προφη-

239 2138 456 2193 τεύειν.
489 2136 602 2193 Εἶτ’
628 2140 887 2208 ἐπιλέγει·
930 2141 1317 2211 Ἐξεγέρθητι,
1363 2141 1702 2210 ψαλτήριον
1740 2141 1839 2195 καὶ

242 2231 485 2299 κιθάρα·
526 2234 625 2306 τὴν
658 2233 756 2304 μὲν
784 2233 961 2305 ψυχὴν
994 2233 1082 2287 διὰ
1133 2234 1227 2287 τοῦ
1280 2234 1601 2306 ψαλτηρίου,
1632 2234 1731 2306 τὴν
1782 2235 1840 2288 δὲ

240 2326 486 2397 κιθάραν
513 2325 601 2380 διὰ
655 2325 749 2379 τοῦ
781 2326 1031 2397 σώματος
1082 2327 1468 2397 αἰνιττόμενος·
1506 2327 1541 2398 ἢ
1568 2327 1662 2380 καὶ
1701 2324 1841 2379 αὐτὰ

242 2417 316 2471 τὰ
353 2417 559 2488 συνήθη
586 2417 789 2489 ὄργανα
820 2421 940 2482 ταῖς
967 2418 1157 2490 χερσὶν
1187 2418 1607 2490 ἀναλαμϐάνων,
1636 2419 1730 2472 ἐπὶ
1760 2416 1838 2490 τῷ

236 2500 691 2580 ἀνακροῦσασθαι
710 2508 779 2562 τὰ
804 2510 907 2563 ὑπὸ
935 2508 1028 2562 τοῦ
1058 2508 1371 2581 Πνεύματος
1403 2510 1834 2581 ὑποϐαλλόμενα.

242 2602 362 2655 Καὶ
386 2600 595 2665 τούτοις
628 2601 950 2674 προστίθησι
972 2601 1167 2671 λέγων·
1212 2602 1702 2674 Ἐξετερθήσομαι
1742 2603 1838 2673 ὄρ-
1874 2598 1883 2608 ’

243 2698 415 2763 θρου.
448 2696 607 2767 Ἀρτι
638 2695 748 2768 γὰρ
799 2696 1088 2763 φωτισθεὶς
1116 2695 1204 2750 διὰ
1246 2696 1345 2768 τῆς
1371 2696 1468 2750 τοῦ
1518 2696 1835 2767 Πνεῦματος

242 2788 576 2856 παρουσίας.
632 2791 689 2841 ἐν
735 2788 916 2860 ἡμέρᾳ
970 2806 1030 2842 τε
1084 2788 1229 2843 θείου
1284 2789 1460 2859 φωτὸς
1522 2790 1832 2859 γενόμενος,

240 2878 466 2950 ἕτοιμός
493 2882 609 2951 εἰμι
635 2881 1017 2952 προφητεύειν.
1051 2882 1162 2935 Καὶ
1185 2881 1336 2935 ταῦτ’
1362 2880 1555 2949 εἰπὼν,
1581 2880 1836 2952 ἀνατίθη-

245 2989 336 3025 σιν
362 2972 480 3025 ὃλον
510 2973 702 3026 ἑαυτὸν
733 2973 811 3045 τῷ
856 2974 1152 3045 Πνεύματι·
1198 2974 1261 3028 τὸ
1290 2973 1346 3027 δὲ
1384 2975 1459 3040 ὡς
1514 2974 1579 3027 δι’
1602 2976 1833 3047 ὀργάνου

238 3065 337 3118 διὰ
369 3064 464 3120 τοῦ
494 3067 773 3138 προφήτου
824 3066 1045 3135 ἀγαθῶν
1096 3066 1449 3135 ἀπαγγέλλει,
1505 3065 1611 3121 ἀνὰ
1669 3068 1835 3120 πᾶσιν

240 3156 659 3226 εὐαγγελίζεται
702 3161 813 3222 τοῖς
868 3158 1046 3213 ἔθνεσι
1083 3158 1313 3227 φάσκον·
1358 3155 1834 3227 Ἐξομολογήσο-

230 3251 353 3321 μαι
378 3266 477 3305 σοι
514 3252 585 3305 ἐν
625 3251 817 3318 λαοῖς,
871 3254 1068 3320 Κύριε,
1113 3252 1289 3321 ψαλῶ
1344 3269 1442 3306 σοι
1469 3251 1538 3304 ἐν
1567 3250 1829 3305 ἔθνεσιν.

258 3342 482 3414 Ἐπειδὴ
509 3341 617 3414 γὰρ
655 3342 749 3395 ἐπὶ
808 3341 900 3395 τοῦ
960 3342 1227 3416 παρόντος
1268 3342 1329 3395 τὸ
1388 3341 1653 3395 Ἰουδαίων
1682 3341 1832 3405 ἔθνος

240 3436 342 3490 καὶ
378 3436 407 3488 ὀ
438 3435 641 3488 τούτων
695 3434 822 3498 λαὸς
841 3435 967 3499 τοὺς
992 3436 1118 3499 σοὺς
1143 3434 1356 3487 ἐλαύνει
1391 3436 1696 3507 προφήτας,
1758 3434 1833 3499 ὡς

244 3527 481 3597 μηδενὸς
505 3527 672 3580 τόπου
724 3530 1070 3599 παραχωρεῖν
1117 3528 1316 3591 αὐτοῖς·
1350 3527 1499 3580 ἔσται
1545 3527 1601 3579 δὲ
1642 3526 1833 3599 καιρὸς

240 3618 371 3674 καθ’
400 3620 460 3672 δν
494 3621 670 3674 πάντα
699 3619 765 3672 τὰ
792 3621 884 3672 ἐπὶ
918 3622 1022 3690 γῆς
1053 3619 1178 3691 ἔθνη
1207 3620 1299 3672 καὶ
1334 3620 1534 3682 πάντες
1559 3622 1607 3673 οἱ
1650 3621 1708 3675 ὲν
1739 3620 1834 3672 ἀν-

240 3710 493 3785 θρώποις
521 3710 638 3764 λαοὶ
669 3711 763 3765 τοῦ
801 3710 893 3764 σοῦ
942 3711 1089 3764 ἐλέου
1149 3711 1485 3782 μεθέξουσιν,
1521 3711 1597 3774 ὡς
1624 3712 1722 3782 ἐμὲ
1772 3710 1833 3764 τὸ

240 3804 588 3877 προφητικὸν
614 3803 838 3874 Πνεῦμα
864 3803 1074 3866 πάντας
1093 3803 1303 3875 ἀθρόως
1338 3802 1504 3866 λαοὺς
1547 3802 1832 3875 πληρῶσαι

238 3897 426 3969 καιρῷ
456 3896 535 3969 τῷ
587 3897 982 3969 θεσπιζομένῳ,
1044 3898 1333 3968 γενόμενον
1384 3900 1442 3951 ὲν
1498 3899 1701 3961 αὐτοῖς,
1738 3898 1832 3950 καὶ

240 3989 749 4061 ἐξομολογήσασθαι
782 4006 863 4043 σοι
885 3991 977 4043 καὶ
993 3989 1405 4061 εὐχαριατῆσαι,
1448 3991 1537 4044 ὅτε
1562 3990 1657 4044 καὶ
1676 3989 1832 4060 ψαλῶ

240 4097 352 4143 σοι,
385 4081 486 4135 οὐκ
515 4082 574 4135 ὲν
605 4081 684 4152 τῷ
723 4081 992 4135 Ἰουδαίων
1019 4080 1154 4152 λαῷ,
1178 4080 1293 4134 ἀλλ’
1319 4082 1376 4134 ὲν
1405 4082 1539 4134 πᾶσι
1569 4081 1829 4144 τοίςδκαθ’

237 4174 373 4246 ὅλης
428 4176 525 4245 τῆς
573 4174 897 4246 οἰκουμένης
962 4174 1173 4228 ἔθνεσι·
1232 4173 1423 4227 τούτου
1479 4174 1639 4245 χάριν
1665 4172 1828 4245 φημί·

252 4265 801 4337 Ἐξομολογήσομαί
844 4283 942 4321 σοι
982 4267 1051 4320 ἐν
1080 4266 1268 4334 λαοῖς,
1304 4268 1499 4335 Κύριε,
1534 4265 1710 4335 ψαλῶ
1733 4282 1832 4321 σοι

236 4360 312 4414 ἐν
342 4359 570 4416 ἔθνεσι.
606 4361 679 4414 Τὸ
705 4361 761 4415 δὲ
789 4360 982 4413 τούτου
1007 4363 1200 4423 αἴτιον,
1232 4361 1377 4431 λέγω
1435 4360 1492 4413 δὲ
1517 4361 1577 4414 τὸ
1613 4362 1669 4412 ὲν
1694 4360 1828 4413 πᾶσι

236 4453 357 4514 τοῖς
391 4450 514 4503 καθ’
544 4450 672 4522 ὅλης
696 4451 795 4521 τῆς
819 4450 1142 4521 οἰκουμένης
1190 4450 1337 4514 λαοῖς
1383 4450 1478 4504 καὶ
1514 4450 1666 4522 παρὰ
1695 4450 1830 4503 πᾶσι

1944 1982 2006 2022 ea
2030 1968 2295 2037 pulsanda
2331 1987 2451 2041 quae
2486 1969 2721 2041 Spiritus
2770 1974 3122 2042 suggesserit.
3167 1973 3265 2029 His
3309 1974 3517 2045 adjicit,

1945 2058 2528 2132 Exsurgamdituculo.
2569 2063 2726 2117 Modo
2750 2065 2895 2118 enim
2948 2064 3185 2135 Spiritus
3229 2069 3521 2138 praesentia

1942 2150 2305 2211 illuminat‘us.
2333 2161 2388 2207 et
2417 2154 2470 2207 in
2496 2152 2585 2207 die
2627 2152 2827 2208 divinae
2851 2154 2992 2208 lucis
3022 2156 3258 2223 positus,
3293 2161 3518 2224 paratus

1940 2257 2059 2297 sum
2093 2245 2159 2299 ad
2217 2245 2677 2316 prophetandum.
2715 2244 2921 2315 Hisque
2948 2245 3133 2313 dictis,
3191 2261 3313 2301 Sese
3340 2253 3518 2300 totum

1942 2329 2167 2401 Spiritui
2196 2334 2398 2389 addicit
2438 2353 2452 2390 :
2491 2335 2581 2390 ille
2613 2351 2741 2391 vero
2769 2350 2864 2405 per
2907 2334 3235 2405 Prophetam
3281 2350 3383 2389 ceu
3422 2349 3520 2406 per

1936 2424 2391 2489 instrumentum,
2430 2426 2572 2480 bona
2600 2427 2910 2487 annuntiat,
2941 2426 3310 2496 omnibusque
3347 2426 3521 2496 genti-

1937 2517 2041 2571 bus
2073 2519 2413 2589 evangelizat
2446 2517 2638 2573 dicens
2672 2538 2685 2573 :
2718 2504 3021 2587 Conﬁtebor
3058 2518 3156 2571 tibi
3196 2519 3251 2573 in
3283 2519 3516 2588 populis,

1935 2606 2180 2671 Domine,
2211 2608 2440 2677 psallam
2467 2608 2562 2662 tibi
2591 2609 2643 2662 in
2669 2608 2932 2679 gentibus.
2964 2608 3103 2673 Quia
3134 2608 3278 2662 enim
3306 2610 3359 2663 in
3380 2624 3520 2680 pra:-

1936 2700 2077 2755 scnti
2110 2698 2337 2754 Iudaica
2369 2716 2503 2772 gens
2533 2710 2587 2755 et
2609 2701 2844 2771 populus
2872 2700 3169 2770 prophetas
3197 2701 3343 2770 pellit
3367 2708 3515 2765 tuos.

1934 2800 1996 2845 ut
2060 2792 2246 2847 nullus
2298 2792 2367 2846 iis
2414 2794 2568 2847 locus
2615 2792 2846 2864 perfugii
2900 2793 3519 2862 relinquatur;eritque

1937 2892 2149 2953 tempus
2179 2899 2289 2956 quo
2321 2901 2512 2941 omnes
2544 2886 2815 2940 universae
2832 2894 2992 2941 terra:
3020 2894 3211 2957 gentes
3237 2894 3292 2940 et
3323 2901 3518 2943 omnes

1936 2977 1993 3031 in
2040 2978 2355 3034 hominibus
2385 2978 2593 3048 populi,
2626 2978 3017 3032 misericordia:
3065 2986 3170 3033 tua:
3220 2979 3519 3048 participes

1934 3077 2118 3132 erunt,
2155 3071 2228 3124 ita
2262 3078 2321 3124 ut
2349 3086 2449 3141 ego
2478 3070 2832 3141 propheticus
2881 3070 3110 3141 spiritus
3155 3079 3518 3140 praenuntiam

1937 3167 2182 3234 tempore
2206 3178 2398 3219 omnes
2433 3178 2539 3216 una
2564 3165 2796 3234 populos
2828 3164 3020 3219 adiens
3053 3164 3314 3233 repleam,
3343 3163 3519 3218 conli-

1937 3261 2164 3325 tearque
2194 3270 2257 3311 ac
2293 3256 2498 3326 gratias
2529 3270 2684 3325 agam
2720 3257 2840 3318 tibi,
2874 3256 3096 3326 quando
3130 3257 3357 3325 psallam
3394 3254 3516 3322 tibi,

1935 3346 2123 3400 nonin
2151 3348 2350 3417 populo
2372 3346 2627 3412 Judaico,
2667 3348 2760 3402 sed
2792 3349 2845 3402 in
2876 3348 3134 3403 omnibus
3166 3363 3261 3419 per
3292 3347 3516 3403 univer-

1935 3455 2056 3495 sum
2095 3441 2285 3494 orbem
2330 3440 2621 3511 gentibus;
2650 3440 2771 3496 ideo
2795 3442 2943 3505 dico,
2993 3440 3297 3512 Con/itebor
3322 3441 3418 3497 tibi
3457 3442 3517 3497 in

1934 3533 2164 3603 populis,
2198 3531 2440 3597 Domine,
2471 3533 2701 3601 psallam
2729 3532 2824 3586 tibi
2858 3535 2910 3587 in
2945 3534 3207 3606 gentibus.
3232 3533 3516 3605 Hujusque

1935 3626 2014 3681 rei
2049 3642 2275 3680 causam
2310 3641 2432 3680 esse
2464 3626 2609 3689 dico,
2645 3625 2789 3695 quod
2846 3626 2901 3681 in
2936 3627 3190 3682 omnibus
3214 3642 3310 3697 per
3327 3628 3515 3681 orbem

1932 3716 2152 3786 populis
2184 3724 2239 3770 et
2274 3715 2415 3785 apud
2453 3731 2646 3771 omnes
2676 3725 2870 3785 gentes
2906 3718 3262 3787 propheticus
3285 3718 3514 3788 spiritus

1933 3816 2203 3863 versetur.
2239 3807 2599 3878 Propheticos
2645 3816 2827 3863 autem
2862 3810 2993 3863 olim
3026 3811 3270 3879 prolatos
3300 3825 3513 3865 sermo-

1933 3919 2033 3958 nes
2079 3916 2245 3972 Opere
2296 3901 2651 3971 complendos
2681 3916 2802 3956 esse
2844 3910 2966 3972 post
2999 3903 3242 3957 declarat
3272 3903 3461 3959 dicens
3493 3922 3508 3959 :

1934 3995 2199 4063 Quoniam
2238 3995 2581 4064 magniﬁcam
2613 4004 2878 4064 estusque
2902 3994 2971 4048 ad
3012 3997 3166 4050 artos
3208 3998 3512 4054 misericor-

1931 4088 2025 4141 dia
2054 4098 2167 4150 tua,
2192 4096 2240 4141 et
2258 4104 2418 4158 usque
2441 4086 2510 4141 ad
2539 4087 2699 4142 nubes
2726 4091 2918 4143 veritas
2944 4098 3055 4142 tua.
3088 4087 3220 4143 Nam
3251 4091 3396 4161 quod
3426 4091 3513 4146 in-

1932 4179 2198 4235 credibile
2243 4179 2527 4246 videntur,
2573 4181 2815 4237 caelestia
2866 4181 3245 4237 misericordia
3288 4182 3512 4253 dignata

1935 4270 2105 4326 fuisse
2128 4269 2277 4336 divi;
2305 4277 2546 4333 terrena,
2575 4272 2822 4326 veritate.
2857 4271 2971 4328 Etsi
3003 4274 3147 4328 enim
3186 4289 3250 4328 ea
3281 4291 3512 4346 praeser-

1933 4364 2053 4428 tim,
2092 4380 2213 4435 quze
2249 4364 2305 4418 in
2337 4365 2477 4418 caalo
2500 4372 2651 4429 sunt,
2688 4374 2919 4437 purgata
2947 4365 3259 4432 videantur,
3297 4369 3510 4437 omnia-

1932 4474 2039 4528 que
2066 4458 2326 4527 perfecta,
2354 4465 2407 4515 et
2433 4456 2501 4511 ad
2539 4458 2762 4512 virtutis
2780 4474 3054 4513 summum
3076 4474 3402 4531 progressa;
3434 4470 3512 4514 at-

237 4547 357 4608 τοῖς
378 4543 586 4597 ἔθνεσιν
620 4542 1069 4609 ἐμπολιτεύεσθαι
1098 4543 1160 4596 τὸ
1196 4543 1532 4616 προφητικὸν
1590 4540 1821 4613 πνεῦμα.

1937 4556 2115 4603 tamen
2146 4549 2265 4618 ipsa
2300 4564 2395 4619 per
2429 4548 2863 4604 misericordiam
2894 4557 3043 4602 tuam
3078 4550 3174 4602 tali
3219 4553 3275 4612 in
3315 4548 3510 4603 condi-

236 4636 355 4689 Καὶ
380 4636 510 4699 τοὺς
552 4635 719 4690 πάλαι
762 4635 1212 4707 ἀναφωνηθέντας
1240 4636 1612 4707 προφητικοὺς
1636 4634 1828 4702 λόγους

237 4728 323 4791 εἰς
345 4726 482 4798 ἔργα
512 4728 781 4798 χωρήσειν
810 4726 936 4792 ea;
975 4726 1230 4796 διασαφεῖ
1274 4726 1503 4795 φάσκον·
1539 4726 1667 4778 Ὅτι
1696 4724 1829 4793 ἐμε-

234 4821 514 4891 ταλύίνθη
566 4820 676 4885 ἕως
724 4818 842 4873 τῶν
878 4820 1150 4888 οιῖερανῶν
1202 4817 1268 4872 τὸ
1326 4818 1500 4885 ἔλεός
1547 4834 1683 4879 σου,
1728 4817 1825 4871 καὶ

233 4912 353 4979 ἕως
390 4910 511 4966 τῶν
535 4911 810 4982 νεφελῶν
841 4914 880 4983 ἡ
925 4910 1175 4978 ἁλήθειὰ
1213 4927 1352 4968 σου.
1404 4911 1477 4964 Τὸ
1514 4909 1621 4984 γὰρ
1647 4908 1828 4983 παρά-

231 5004 392 5071 δοξον
460 5003 604 5058 τοῦτ’
649 5001 737 5077 ἦν,
781 5006 864 5059 ὅτι
920 5005 988 5060 τὰ
1042 5004 1140 5075 μὲν
1168 5004 1395 5075 οὐράνια
1448 5003 1632 5066 ἐλέους
1683 5004 1827 5075 φημὶ

234 5099 546 5168 ἀξιοῦσθαι,
572 5099 640 5153 τὰ
670 5100 725 5153 δὲ
748 5100 962 5169 ἐπίγεια
1011 5099 1110 5170 τῆς
1144 5097 1420 5170 ἀληθείας.
1459 5098 1521 5149 Εἰ
1563 5097 1671 5169 γὰρ
1729 5097 1826 5150 καὶ

232 5194 306 5247 τὰ
350 5193 587 5264 μάλιστα
653 5194 798 5247 δοκεί
872 5193 939 5247 τὰ
1007 5194 1064 5247 έν
1123 5194 1371 5264 οὐρανοῖς
1437 5190 1825 5262 κεκαθαρμένα

232 5285 550 5355 τυγχάνειν,
604 5286 699 5339 καὶ
737 5285 912 5339 πάντα
952 5285 1134 5339 τέλεια
1169 5286 1263 5343 καὶ
1306 5286 1384 5349 είς
1426 5285 1593 5355 ἄκρον
1621 5281 1825 5354 ἀρετῆς

233 5379 563 5448 ὲληλακότα·
600 5380 751 5450 ὅμως
774 5380 817 5433 δ’
849 5375 940 5433 οὖν
981 5380 1077 5434 καὶ
1103 5378 1245 5433 αὐτὰ
1278 5378 1367 5433 διὰ
1426 5378 1517 5431 τὸν
1560 5376 1651 5429 σὺν
1676 5370 1824 5428 ἔλεον

232 5469 465 5525 τοιαῦτα
500 5471 628 5525 ὄντα
684 5471 1039 5543 καθέστηκεν.
1071 5472 1143 5524 Οὐ
1194 5470 1304 5542 γὰρ
1354 5469 1415 5535 ἐξ
1463 5470 1664 5533 αὐτῶν,
1699 5466 1822 5521 οὐδὲ

230 5566 370 5637 παρ’
407 5562 617 5617 ἑαυτῶν
657 5566 757 5635 τῆς
807 5563 1065 5635 τοιαύτης
1124 5563 1340 5636 μετέχει
1394 5564 1819 5636 μακαριότητος,

238 5655 376 5711 ἄλλα
405 5655 560 5728 παρὰ
609 5654 704 5710 σοῦ
733 5655 828 5711 τοῦ
881 5656 1099 5710 πάντων
1163 5654 1383 5725 ἀγαθῶν
1442 5654 1698 5729 χορηγοῦ.
1750 5656 1822 5711 Ἦ

309 5839 356 5871 ⁸⁸
394 5837 480 5895 lsa
541 5846 705 5908 unt,
742 5840 794 5895 9.

1934 4641 2080 4696 tione
2113 4642 2289 4711 posita
2330 4651 2480 4697 sunt.
2505 4640 2692 4711 Neque
2715 4642 2860 4695 enim
2893 4657 2959 4695 ex
2992 4656 3049 4695 se
3087 4648 3141 4696 et
3177 4656 3277 4695 sua
3314 4642 3364 4694 vi
3411 4642 3509 4697 tali

1933 4730 2170 4800 gaudent
2199 4730 2479 4798 felicitate,
2508 4733 2601 4787 sed
2621 4731 2719 4787 abs
2741 4739 2793 4786 te
2823 4733 3066 4784 omnium
3091 4731 3355 4785 bonorum
3377 4734 3509 4787 sub.

1933 4823 2324 4879 ministratore.
2361 4821 2488 4879 Sive
2518 4824 2624 4877 alio
2660 4824 2841 4887 modo,
2867 4822 3131 4889 Quoniam
3161 4826 3506 4895 magni/irata

1929 4927 2007 4970 est
2033 4932 2194 4985 usque
2225 4915 2294 4969 ad
2324 4916 2478 4970 caelos
2516 4914 2878 4970 misericordia
2908 4924 3020 4976 tua,
3047 4915 3216 4971 ell‘usa
3246 4918 3299 4971 in
3333 4918 3508 4972 homi-

1931 5024 2028 5063 nes
2066 5023 2277 5063 omnes.
2316 5006 2488 5073 Quam
2514 5007 2642 5060 item
2675 5006 2928 5077 superius
2964 5007 3186 5062 missam
3213 5024 3336 5065 esse
3361 5010 3509 5066 dice-

1931 5099 2091 5153 batur
2126 5099 2211 5155 his
2239 5099 2441 5162 verbis,
2472 5097 2622 5152 Misit
2652 5098 2791 5153 Deus
2826 5101 3248 5155 misericordiam
3280 5119 3430 5156 suam
3455 5114 3507 5159 et

1930 5192 2200 5245 ceritatem
2235 5207 2408 5244 suam.
2441 5189 2617 5245 Tanta
2645 5191 2789 5245 enim
2846 5190 2903 5245 in
2939 5192 3254 5247 hominibus
3291 5193 3508 5247 miseri-

1929 5284 2116 5340 cordia
2150 5284 2239 5337 illa
2271 5285 2439 5339 missa
2477 5283 2670 5346 edidit,
2707 5290 2764 5337 ut
2796 5285 2851 5338 in
2884 5285 3141 5340 omnibus
3165 5285 3380 5355 p0pulis
3405 5301 3507 5356 ego

1930 5374 2171 5446 Spiritus
2195 5382 2424 5430 sanctus
2453 5375 2718 5429 conﬁtear
2751 5375 2874 5434 tibi,
2904 5383 2958 5429 et
3000 5375 3051 5429 in
3084 5375 3340 5430 omnibus
3368 5392 3504 5445 gen-

1927 5472 2074 5526 tibus
2105 5471 2333 5542 psallam
2363 5470 2460 5525 tibi
2491 5486 2509 5524 :
2535 5469 2680 5524 unde
2707 5468 2907 5524 factum
2945 5477 3003 5522 ut
3028 5469 3375 5539 magniticata
3415 5468 3505 5521 illa

1927 5563 1999 5618 sit
2035 5577 2207 5634 usque
2243 5561 2313 5617 ad
2353 5562 2558 5628 ccelos;
2584 5560 2711 5631 quia
2745 5574 2918 5630 usque
2943 5559 3010 5613 ad
3038 5559 3207 5612 coelos
3236 5556 3505 5627 pertraxit

1928 5655 2178 5714 homines
2206 5660 2297 5728 qui
2324 5653 2703 5728 proﬁciebant;
2728 5653 2802 5708 ita
2821 5659 2880 5707 ut
2906 5650 3038 5725 ipsis
3064 5649 3214 5722 regni
3237 5648 3503 5704 calorum
