4100 6546
345 420 454 477 ευ

1467 419 1965 477 COMMENTARIA
2004 421 2068 477 IN
2090 420 2436 481 PSALMOS.

3473 429 3579 483 5l8

344 530 443 599 Οἷς
515 524 823 606 συμφώνωξ
854 534 946 590 καὶ
1012 538 1069 590 ὲν
1130 537 1209 590 οα’
1237 536 1434 610 ψαλμῷ
1475 539 1544 594 τὰ
1582 541 1710 611 περὶ
1737 539 1830 593 τοῦ
1872 543 2106 613 Χριστοῦ
2144 542 2327 612 σαφῶς
2388 542 3053 614 διαγορεύοντιρλέλεκταιι
3083 544 3423 613 Εὐλογητὸς
3457 547 3571 599 Κύ-

334 649 469 697 ριος
490 633 525 686 ὀ
551 631 696 698 Θεὸς
725 631 990 700 Ἰσραὴλ,
1008 631 1106 687 καὶ
1130 633 1459 703 εὐλογητὸν
1490 635 1555 689 τὸ
1582 635 1766 705 ὄνομα
1791 635 1896 704 τῆς
1929 637 2111 705 δόξης
2137 637 2342 702 αὐτοῦ,
2401 638 2499 691 καὶ
2557 638 3010 706 πληρωθήσεται
3040 639 3150 708 τῆς
3172 641 3357 708 δόξης
3389 641 3572 695 αὑτοῦ

339 723 513 777 πᾶσα
546 724 587 793 ἠ
632 724 728 794 γῆ.
766 725 927 778 Ταῦτ’
972 721 1063 779 οὖν
1116 728 1208 781 καὶ
1252 730 1283 798 ἡ
1330 729 1579 800 παροῦσα
1614 732 1913 803 προφητεία
1949 733 2400 805 ἐπισφραγίζεται
2431 734 2693 802 λέγουσα⁸
2738 734 3030 804 Ὑψὼθητι
3066 735 3163 789 ἐπὶ
3216 736 3355 802 τοὺς
3402 739 3569 805 obpa-

386 817 445 871 )ὺ
459 839 512 886 ς,
534 822 568 874 ό
596 819 758 885 Θεὸς,
777 821 871 873 καὶ
892 820 992 873 ἐπι*
1019 821 1222 876 πᾶσαί)⁸
1250 823 1364 890 τὴν
1390 823 1506 893 γῆν
1535 827 1571 893 τι,
1595 825 1741 890 δόξα
1770 843 1906 880 σου.

354 934 440 987 LIX
490 936 576 989 ΤΟ
614 936 856 1008 ΤΕΛΟΣ,
879 939 981 990 ΜΗ
1006 939 1401 993 ΔΙΑΦΘΕΙΡΗΣ
1441 942 1525 994 ΤΩ
1554 942 1768 1008 ΔΑΥΙΔ,
1803 944 1880 995 ΕΙ]

2010 924 2061 995 ι.
2104 939 2168 994 IN
2209 939 2438 1001 FINEM,
2481 938 2570 992 NE
2612 938 3021 999 msemms.
3077 938 3140 992 tv
3181 939 3414 997 “mum
3469 943 3568 998 IN-

778 1007 860 1059 ΣΤ
865 1009 1293 1062 ΗΛυΓΡΑΦῘΑΝ
1300 1050 1315 1064 .
1355 1012 1398 1062 Ν
1406 1012 1479 1065 Z'.

409 1116 481 1168 El
508 1116 745 1184 άληθῶς
774 1118 886 1186 ἄρα
901 1119 1292 1189 δικαιοσύνην
1308 1124 1565 1189 λαλεῖτε,
1594 1129 1768 1182 εὐθέα
1787 1129 1911 1197 κρί-

335 1223 489 1272 νετε,
508 1209 625 1261 υἱοὶ
654 1208 770 1262 τῶν
796 1211 1136 1280 ἀνθρώπων.
1164 1216 1256 1278 Εἰς
1280 1215 1339 1267 τὸ
1378 1217 1528 1278 τέλος
1564 1218 1638 1289 μὴ
1666 1220 1907 1289 διαφθεί-

336 1314 475 1367 ρειν,
531 1300 816 1368 φυλάττειν
860 1302 915 1355 δὲ
960 1303 1186 1358 ἕκαστον
1217 1307 1283 1360 τὰ
1333 1307 1524 1360 ἑαυτοῦ
1569 1309 1717 1381 τέλη,
1750 1312 1840 1363 καὶ
1880 1312 1908 1364 ὸ

336 1390 528 1461 παρὼν
556 1398 811 1464 παραινεῖ
839 1394 1013 1463 λόγος.
1052 1398 1249 1468 ’Ἄμφω
1281 1399 1356 1461 δὲ,
1391 1401 1418 1453 ὅ
1450 1418 1508 1453 τε
1550 1402 1686 1472 μετὰ
1722 1407 1907 1474 χεῖρας

335 1483 435 1536 καὶ
463 1486 490 1535 ὁ
516 1486 620 1557 πρὸ
651 1488 813 1541 αὐτοῦ
848 1491 944 1561 τὴν
976 1492 1095 1562 ἴσην
1128 1493 1306 1563 ἔχουσι
1338 1500 1678 1570 προγραφὴν,
1707 1501 1906 1571 ὁμοίως

329 1572 415 1643 τὸ,
439 1577 543 1640 Εἰς
573 1575 639 1629 τὸ
666 1578 856 1644 τέλος,
870 1580 955 1649 μὴ
985 1580 1328 1653 διαφθείρῃς
1357 1585 1434 1651 τῷ
1462 1588 1662 1653 Δαυῒδ,
1696 1591 1788 1642 καὶ
1818 1589 1900 1652 τὸ,

324 1665 416 1729 εις
450 1669 918 1736 στηλογιοαεοίαν,
966 1673 1325 1742 περιέχοντες.
1356 1675 1423 1727 ’⁸0
1452 1693 1513 1744 γε
1548 1677 1649 1748 μὴν
1690 1679 1897 1747 χρόνος,

324 1755 376 1804 εἰ
406 1755 498 1807 καὶ
530 1755 603 1826 μὴ
630 1758 686 1809 ὲν
711 1759 786 1829 τῷ
810 1761 1053 1831 παρόντι,
1074 1762 1183 1815 ἀλλ’
1210 1766 1267 1815 ἐν
1296 1765 1371 1835 τῷ
1401 1767 1503 1836 πρὸ
1532 1768 1718 1822 τούτου
1748 1770 1901 1841 δεδή-

321 1842 492 1897 λωται
530 1848 670 1901 κατὰ
696 1850 793 1920 τὴν
823 1851 1137 1924 προσθήκην
1238 1872 1420 1926 φησιν,
1472 1858 1571 1911 Ἐν
1603 1858 1679 1923 τῷ
1716 1860 1901 1913 αὑτὸν

318 1936 790 2006 ἀποδιδράσκειν
820 1943 935 1996 ἀπὸ
967 1944 1289 2011 προσώπου
1325 1948 1521 2002 Σαοὺλ
1550 1952 1635 2016 εἰς
1660 1951 1722 2004 τὸ
1744 1952 1900 2021 σπή-

313 2029 516 2081 λαιον.
553 2029 709 2084 Κατὰ
762 2031 851 2086 τὸν
897 2034 1055 2087 αὐτὸν
1102 2031 1194 2089 οὖν
1238 2038 1485 2108 εἰρῆσθαι
1522 2041 1709 2112 χρόνον
1742 2044 1834 2096 καὶ
1864 2044 1893 2096 ὁ

313 2120 703 2190 προκείμενος,
739 2123 800 2176 οὑ
826 2124 1008 2194 μόνον
1039 2128 1102 2179 ὲκ
1127 2127 1232 2181 τῶν
1266 2131 1565 2202 εἰρημένων
1597 2133 1745 2186 δοκεῖ
1784 2152 1894 2205 μοι,

309 2209 456 2263 ἀλλὰ
488 2213 580 2266 καὶ
610 2215 671 2267 ἐκ
693 2214 799 2268 τῶν
828 2215 953 2287 ἑξῆς
985 2218 1411 2290 ἐπιφερομένων.
1462 2224 1673 2294 Ἐπειδὴ
1703 2227 1811 2296 γὰρ

2453 1009 2935 1064 ΞΕΙΗΡΤΙΟΝΕΜ.
2981 1010 3132 1066 LVII.

2081 1122 2244 1178 Vens.
2290 1123 2345 1185 2,
2394 1124 2445 1178 3.
2497 1122 2559 1177 Si
2590 1140 2702 1177 rere
2753 1126 2929 1194 utique
2963 1123 3231 1192 justitiam
3264 1126 3563 1196 loquimini.

2010 1224 2151 1268 recta
2189 1215 2449 1283 judicale,
2507 1215 2607 1283 ﬁlii
2675 1214 2961 1269 hominum.
3021 1215 3276 1269 Hortatur
3329 1235 3568 1287 prascns

2008 1320 2188 1359 sermo
2214 1306 2477 1373 singulos,
2511 1313 2568 1358 ut
2604 1321 2671 1357 ne
2703 1306 2754 1357 in
2784 1308 2938 1358 linem
2972 1306 3310 1375 dispertiunt,
3341 1310 3432 1362 sed
3476 1315 3545 1363 ob

2007 1404 2182 1451 serv’et
2205 1400 2436 1467 quistlue
2456 1398 2587 1452 ﬁnes
2602 1412 2749 1452 suos.
2771 1397 3172 1468 Amboquippe,
3189 1408 3301 1452 tum
3323 1402 3429 1463 hic,
3453 1414 3561 1455 tum

2005 1486 2337 1554 prtecedens,
2376 1487 2605 1541 similent
2648 1490 2937 1556 prtel'ernnt
2972 1490 3401 1558 inseriplionem,
3455 1491 3565 1544 sci-

2006 1576 2151 1637 licet,
2187 1576 2253 1630 In
2285 1579 2462 1646 liuent,
2490 1595 2552 1632 ne
2575 1578 2849 1647 disperdas
2883 1579 3070 1646 David,
3112 1590 3296 1650 atque,
3334 1582 3386 1635 in
3417 1582 3561 1635 tituli

2002 1670 2417 1737 inscriptionem.
2473 1670 2709 1741 Tempus
2750 1682 2952 1734 autem,
3009 1674 3109 1727 etsi
3156 1690 3263 1726 non
3315 1674 3369 1727 in
3424 1690 3562 1744 pra:-

2004 1764 2165 1825 senti,
2196 1772 2249 1815 at
2279 1764 2332 1817 in
2364 1764 2687 1833 praecedenti
2714 1764 3042 1828 declaratur,
3077 1756 3204 1818 tl'um
3242 1766 3354 1820 hare
3385 1767 3557 1831 addit,

2001 1855 2133 1910 Cum
2164 1857 2364 1926 fugeret
2422 1875 2453 1910 a
2510 1859 2645 1927 facie
2682 1858 2861 1913 Saulis
2888 1861 2941 1912 in
2981 1859 3302 1928 speluncam.
3355 1860 3556 1916 Eodem

2000 1946 2183 2015 itaque
2248 1955 2490 2017 tempore
2552 1948 2962 2017 pronuntiatum
3021 1950 3184 2001 etiam
3236 1959 3557 2017 praesentem

1997 2036 2188 2104 fuisse,
2224 2054 2331 2093 non
2402 2039 2576 2093 solum
2636 2056 2701 2094 ex
2751 2040 2863 2107 jam
2920 2040 3102 2104 dictis,
3161 2057 3344 2094 verum
3390 2041 3555 2095 etiam

1995 2144 2061 2183 ex
2093 2145 2215 2182 mox
2242 2128 2529 2185 alierendis
2559 2132 2775 2199 planum
2806 2132 2934 2185 mild
2962 2133 3198 2186 videtur.
3240 2133 3379 2198 Quia
3407 2133 3553 2187 enim

1994 2219 2047 2271 in
2079 2219 2404 2288 przecedcnti
2438 2222 2576 2273 tituli
2630 2222 2913 2290 inscriptio
2961 2222 3027 2275 de
3088 2223 3212 2276 liliis
3266 2223 3553 2275 hominum

310 2302 423 2373 πρὸ
480 2304 665 2357 τούτου
716 2308 1082 2377 στηλογραφία
1112 2312 1236 2380 περὶ
1263 2312 1369 2365 τῶν
1395 2312 1523 2365 υἱῶν
1547 2314 1651 2366 τῶν
1680 2314 1880 2387 ἀνθρὼἔ

1993 2310 2224 2371 dicebat,
2272 2310 2402 2364 Filii
2439 2310 2727 2377 hominum,
2777 2312 2955 2366 dentes
2991 2329 3171 2366 eorum
3200 2328 3351 2365 arma
3385 2323 3433 2365 et
3466 2328 3554 2365 sa-

311 2410 430 2445 πων
446 2392 647 2463 ἔλεγεν,
664 2397 777 2449 Υἱοὶ
797 2397 1137 2466 ἀνθρώπων,
1159 2406 1210 2455 οἱ
1229 2402 1470 2469 ὀδόντες
1488 2405 1683 2458 αὐτῶν
1700 2406 1890 2461 ὅπλον

309 2484 413 2537 καὶ
432 2483 589 2553 ,ϐέλη
609 2503 621 2515 ·
648 2487 869 2551 εἰκότως
893 2492 984 2544 καὶ
1006 2492 1038 2561 ἡ
1070 2492 1206 2560 μετὰ
1226 2497 1411 2565 χεῖρας
1428 2499 1538 2560 τοῖς
1561 2498 1739 2563 αὐτοῖς
1755 2503 1888 2564 υἱοῖς

308 2575 422 2626 τῶν
450 2576 747 2647 ἀνθρώπων
770 2580 929 2645 εὐθὺς
964 2584 1020 2636 ἐν
1043 2585 1179 2656 ἀρχῆ
1201 2589 1753 2658 προσφωνεῖλέγουσα
1773 2611 1784 2622 ·
1818 2596 1887 2647 El

308 2664 550 2734 ἀληθῶς
573 2668 685 2735 ἄρα
713 2668 1104 2739 δικαιοσύνην
1124 2676 1382 2739 λαλεῖτε,
1416 2679 1592 2732 εὐθέα
1635 2682 1882 2748 κρίνετε,

307 2759 364 2806 οἱ
394 2757 507 2809 υἱοὶ
538 2758 654 2812 τῶν
684 2762 1022 2829 ἀνθρώπων.
1050 2765 1156 2816 Καὶ
1204 2767 1496 2840 ἐπειδήπερ
1542 2773 1599 2823 ὲν
1654 2773 1732 2843 τῷ
1779 2774 1885 2845 πρὸ

307 2845 499 2899 τούτου
522 2848 753 2918 ἐλέγετο·
774 2854 1089 2921 Ἐρῤὐσατο
1118 2855 1231 2923 τὴν
1248 2859 1456 2928 ψυχήν
1465 2879 1583 2930 μου
1602 2863 1670 2916 ἐκ
1690 2862 1884 2932 μέσου

306 2940 613 3007 σκύμνων,
643 2943 697 3013 ἢ,
718 2945 785 2996 ἐκ
806 2946 999 3014 μέσου
1027 2950 1305 3014 λεόντων,
1338 2956 1478 3007 κατα
1496 2957 1620 3019 τοὶς
1644 2956 1882 3025 λοιποὺς,

304 3034 535 3097 εἰκότως
568 3036 624 3087 ὲν
654 3035 729 3106 τῷ
762 3039 895 3105 μετὰ
926 3043 1115 3111 χεῖρας
1160 3044 1493 3116 ἐπιφέρεται,
1545 3051 1653 3114 Τάς
1682 3049 1883 3118 μύλας

304 3123 431 3177 τῶν
462 3126 725 3180 λεόντων
756 3130 1107 3187 συνέθλασε
1138 3136 1369 3202 Κύριος.
1406 3139 1552 3191 Ἔδει
1592 3140 1699 3212 γὰρ
1735 3143 1880 3212 ἡμᾶς

307 3216 505 3287 μαθεῖν
531 3219 677 3282 ὅπως
707 3221 974 3292 ἐρρύσατο
999 3224 1095 3296 τὴν
1121 3226 1295 3299 ψυχὴν
1326 3228 1417 3281 τοῦ
1445 3228 1606 3283 Δαυῖδ
1630 3233 1693 3283 ἐκ
1714 3232 1876 3302 μέσου

306 3309 585 3380 σκύμνων.
613 3311 721 3363 Καὶ
747 3313 904 3367 πάλιν
927 3316 1052 3386 περὶ
1076 3317 1183 3371 τῶν
1212 3319 1437 3374 ὀδόντων
1467 3321 1572 3374 τῶν
1603 3323 1877 3379 ἐνδιαϐαλ-

302 3398 504 3453 λόντων
538 3402 695 3457 αὑτὸν
721 3406 778 3457 ὲν
804 3405 899 3476 μὲν
930 3407 1003 3477 τῷ
1030 3408 1133 3479 πρὸ
1163 3410 1371 3475 τούτου,
1397 3414 1512 3466 Υἱοὶ
1532 3415 1873 3483 ἀνθρώπων,

302 3492 359 3543 οἱ
390 3489 632 3559 ὀδόντες
679 3493 875 3548 αὐτῶν
902 3495 1095 3551 ὅπλον
1140 3500 1232 3553 καὶ
1258 3501 1438 3571 βέλη,
1470 3505 1716 3574 ἐλέγετο,
1736 3510 1791 3561 ἐν
1818 3508 1875 3561 δὲ

300 3583 384 3655 τῷ
416 3586 555 3656 μετὰ
584 3590 771 3660 χεῖρας
795 3606 807 3619 ·
851 3589 904 3640 Ὀ
939 3589 1081 3657 Θεὸς
1100 3594 1417 3662 συντρίψει
1453 3596 1593 3663 τοὺς
1626 3598 1874 3665 ὀδόντας

297 3674 504 3729 αὐτῶν
539 3677 608 3729 ἐν
636 3677 715 3743 τῷ
745 3679 993 3748 στόματι
1023 3680 1238 3736 αὐτῶν.
1274 3684 1388 3754 Ἀφ’
1428 3680 1502 3739 ὧν
1538 3686 1807 3742 δείκνυται
1842 3692 1875 3761 ἡ

296 3768 362 3823 ὲν
406 3768 741 3841 ἀμφοτέραις
798 3774 917 3836 ταῖς
957 3773 1380 3847 στηλογραφίαις
1430 3780 1734 3849 συμφωνία.
1767 3782 1875 3835 Καὶ

296 3862 478 3927 ἄλλως
507 3862 553 3916 δ’
582 3860 673 3918 οὖν
706 3883 789 3930 τις
834 3866 996 3935 εἴποι,
1048 3872 1232 3942 ἐπειδὴ
1276 3875 1310 3944 ὴ
1354 3874 1456 3945 πρὸ
1486 3873 1673 3927 τούτου
1728 3893 1877 3948 περι-

299 3954 421 4025 έχει
448 3956 547 4029 τὴν
570 3957 758 4028 κλῆσιν
778 3960 883 4013 τῶν
916 3961 1104 4027 ἐθνῶν,
1131 3964 1352 4027 εἰκότως
1378 3968 1444 4036 τῇ
1472 3964 1694 4040 τοιαύτῃ
1745 3985 1878 4039 προ-

297 4047 502 4119 φητείᾳ
551 4052 583 4120 ἡ
626 4051 875 4122 παροῦσα
923 4052 1298 4126 στηλογραφία
1356 4056 1644 4125 συνῆπται,
1689 4059 1873 4128 διαγο-

299 4138 537 4208 ρεύουσα
562 4146 675 4207 τοῖς
709 4145 844 4207 υἱοῖς
872 4144 979 4197 τῶν
1021 4146 1321 4218 ἀνθρώπων
1353 4148 1444 4201 τὸν
1475 4149 1601 4221 περὶ
1648 4150 1747 4221 τῆς
1793 4151 1873 4203 δι-

297 4232 646 4301 καιοκρισίας
678 4233 771 4286 τοῦ
800 4233 933 4287 Θεοῦ
967 4234 1141 4303 λόγον,
1179 4237 1591 4312 διαστελλομένη
1641 4258 1699 4293 τε
1742 4242 1874 4298 πᾶσι

293 4325 414 4386 τοῖς
438 4322 583 4387 λαοῖς
606 4326 702 4379 σὺν
726 4325 949 4397 ἀληθινῇ
987 4330 1300 4401 προαιρέσει
1322 4332 1415 4384 καὶ
1442 4331 1742 4403 συνειδήσει
1776 4349 1874 4386 κα-

297 4414 443 4485 θαρᾷ
486 4418 553 4487 τῇ
592 4416 683 4469 τοῦ
736 4416 892 4485 λόγου
944 4420 1223 4490 προσιέναι
1266 4420 1602 4495 διδασκαλίᾳ,
1645 4424 1739 4476 καὶ
1796 4424 1869 4493 μὴ

295 4508 795 4580 καθυποκρίνεσθαι
832 4510 929 4581 τὴν
979 4510 1308 4568 θεοσέϐειαν.
1352 4514 1442 4567 Διὸ
1482 4514 1615 4587 πρὸς
1666 4514 1873 4578 πάντας

291 4603 423 4665 τοὺς
453 4602 711 4676 ἀνωτέρω
739 4604 897 4668 λαοὺς
930 4605 1347 4677 ὠνομασμένους
1383 4608 1477 4660 καὶ
1507 4607 1643 4678 πρὸς
1696 4608 1872 4661 πάντα

290 4693 361 4747 τὰ
402 4694 551 4765 ἔθνη,
609 4695 738 4768 περὶ
786 4690 859 4750 ὧν
909 4698 1143 4767 ἐλέγετο,
1193 4700 1741 4770 Ἐξομολογήσομαί
1773 4716 1872 4753 σοι

287 4786 363 4842 ἐν
407 4788 599 4853 λαοῖς,
634 4790 831 4856 Κύριε,
863 4789 1038 4857 ψαλῶ
1081 4805 1180 4843 σοι
1207 4792 1277 4844 ἐν
1306 4791 1526 4855 ἔθνεσι,
1566 4791 1664 4862 τὴν
1706 4808 1872 4863 προσ-

292 4880 538 4951 φώνησιν
578 4881 898 4952 ποιούμενος
922 4883 951 4934 ό
980 4869 1168 4951 παρὼν
1218 4881 1375 4950 λόγος
1438 4882 1867 4954 διαμαρτύρεται

1986 2402 2133 2470 gittaz
2153 2402 2229 2466 ";
2268 2404 2380 2456 lucc
2423 2403 2547 2457 item
2582 2405 2721 2456 tituli
2761 2405 3046 2473 inscriptio
3078 2408 3259 2457 statim
3294 2405 3361 2457 ab
3389 2419 3554 2458 exor-

1986 2492 2075 2546 dio
2123 2493 2342 2547 eosdem
2387 2493 2523 2548 ﬁlios
2566 2494 2846 2548 hominum
2888 2497 3175 2565 compellat
3228 2496 3454 2550 dicens:
3487 2494 3549 2550 Si

1985 2601 2012 2639 υ
2043 2602 2097 2639 re
2125 2588 2299 2656 utique
2337 2587 2596 2651 iustitiam
2631 2589 2923 2657 loquimini,
2979 2600 3118 2642 recta
3145 2589 3408 2657 judicale.
3448 2588 3550 2657 ﬁlii

1983 2678 2272 2732 hominum.
2318 2678 2381 2731 Et
2431 2681 2686 2749 quoniam
2746 2681 2799 2734 in
2850 2682 3170 2750 przrcedeuti
3226 2682 3543 2744 dicebatur,

1985 2770 2193 2839 Eripuit
2250 2774 2480 2825 animum
2542 2790 2710 2827 meam
2760 2774 2822 2826 de
2870 2775 3038 2826 medio
3097 2775 3392 2827 catulorum
3438 2775 3546 2828 leo-

1984 2876 2104 2913 num
2144 2860 2210 2922 “,
2274 2863 2420 2930 sive”
2474 2862 2536 2914 de
2583 2861 2752 2915 medio
2790 2861 3027 2924 leonum,
3092 2865 3389 2916 secundum
3454 2880 3540 2918 re-

1984 2950 2180 3021 liquos,
2223 2964 2617 3020 consequenter
2660 2953 2713 3004 in
2772 2952 3020 3020 praesenti
3070 2952 3322 3014 infertur,
3368 2952 3546 3008 Malas

1984 3042 2188 3097 leonum
2217 3044 2470 3114 confregit
2498 3043 2747 3097 Dominus
2826 3041 3076 3112 Oportuit
3105 3045 3247 3097 enim
3296 3050 3541 3100 ediscere

1981 3151 2102 3199 nos,
2135 3153 2245 3206 quo
2295 3148 2451 3206 pacto
2484 3136 2743 3206 eripuerit
2773 3137 3003 3189 animam
3032 3135 3247 3191 Davidis
3274 3136 3339 3191 de
3367 3137 3544 3193 medio

1985 3229 2294 3280 catulorum
2330 3229 2563 3280 leonum.
2617 3226 2690 3279 Ac
2735 3241 2949 3278 tunsum
2987 3226 3052 3279 de
3090 3228 3542 3281 calumniatm'um

2002 3333 2225 3373 suorum
2260 3318 2513 3371 dentibus
2548 3317 2599 3370 in
2624 3317 2946 3386 prauedeuli
2987 3318 3182 3379 aiebat,
3221 3316 3348 3370 Filii
3373 3318 3543 3371 homi-

1979 3424 2124 3471 num,
2173 3406 2348 3461 dentes
2383 3423 2559 3460 eorum
2597 3407 2756 3460 telum
2807 3416 2857 3460 et
2898 3408 3139 3476 sagittte;
3186 3408 3239 3461 in
3283 3410 3541 3478 praesenti

1978 3514 2129 3562 vero,
2169 3498 2307 3552 Deus
2343 3510 2568 3552 conteret
2598 3498 2774 3551 dentes
2815 3514 2994 3552 eorum
3048 3500 3101 3553 in
3148 3516 3236 3553 ore
3280 3502 3534 3568 ipsorum.

1980 3588 2188 3655 Quibus
2242 3591 2522 3643 ambarum
2576 3590 2712 3644 tituli
2770 3589 3187 3659 inscriptionum
3234 3607 3540 3647 consensus

1980 3685 2139 3753 plane
2187 3682 2592 3752 comprobatur.
2659 3681 2724 3736 Et
2772 3682 2874 3735 alia
2922 3699 3137 3752 quoque
3194 3686 3402 3739 ratione
3457 3686 3543 3739 di-

1978 3773 2118 3827 xerit
2171 3773 2462 3841 quispiam.
2500 3772 2623 3840 quia
2669 3771 2979 3840 praecedens
3011 3774 3251 3841 gentium
3307 3776 3542 3829 vocatio-

1976 3879 2100 3919 nem
2147 3864 2547 3933 complectitur,
2570 3864 2693 3931 jure
2722 3862 3034 3930 hujusmodi
3076 3865 3367 3933 prophetia:
3398 3880 3536 3934 prae-

1977 3961 2184 4009 sentem
2210 3953 2350 4005 tituli
2394 3952 2807 4021 inscriptionem
2844 3951 3155 4019 adjunctam
3188 3950 3380 4013 fuisse,
3416 3966 3538 4021 qua:

1977 4044 2100 4099 ﬁliis
2132 4043 2409 4096 hominum
2434 4041 2567 4110 justi
2607 4041 2796 4111 judicii
2840 4040 2933 4093 Dei
2977 4041 3242 4094 rationem
3291 4049 3536 4104 enarret,

1976 4137 2338 4205 omnibusque
2384 4134 2601 4205 populis
2633 4134 2933 4204 praecipiat,
2981 4140 3041 4187 ut
3087 4134 3296 4187 sincera
3339 4134 3539 4187 volun--

1976 4238 2086 4285 tate
2111 4237 2162 4284 et
2200 4243 2335 4298 pura
2382 4226 2721 4281 conscientia
2752 4226 2818 4279 ad
2859 4226 3011 4279 verbi
3041 4224 3347 4279 doctrinam
3376 4239 3541 4279 acce-

1973 4323 2124 4386 dant,
2148 4337 2325 4390 neque
2356 4321 2610 4390 pietatem
2655 4333 2783 4388 erga
2811 4315 2979 4372 Deum
3032 4317 3305 4372 simulent.
3357 4315 3539 4381 Quare

1974 4430 2163 4469 omnes
2216 4428 2381 4482 supra
2430 4419 2760 4465 memoratos
2818 4409 3069 4478 populos,
3135 4409 3536 4475 universasque

1972 4514 2160 4577 gentes
2185 4504 2251 4558 de
2282 4503 2482 4573 quibus
2511 4502 2814 4565 dicebatur,
2845 4498 3145 4569 Conﬁtebor
3173 4499 3266 4551 tibi
3295 4499 3347 4550 in
3380 4511 3537 4565 popu-

1974 4601 2060 4663 lis,
2094 4598 2337 4660 Domine,
2372 4595 2598 4664 psallam
2626 4594 2719 4645 tibi
2750 4593 2803 4646 in
2829 4592 3064 4661 gentibus
3082 4591 3150 4653 ‘7,
3202 4588 3535 4657 compellans

1973 4706 2152 4746 sermo
2181 4704 2441 4759 pricscns,
2474 4687 2781 4739 obtestatur
2832 4683 3058 4736 dicens:
3114 4679 3174 4734 Si
3212 4694 3323 4731 vere
3355 4677 3536 4746 utique

1965 4782 2234 4853 justitiam
2283 4779 2574 4850 loquimini,
2611 4786 2751 4830 recta
2788 4774 3052 4843 judicate,
3105 4771 3206 4840 lilii
3239 4769 3528 4822 hominum.

1970 4876 2103 4931 Nam
2142 4876 2183 4929 si
2224 4889 2347 4928 vere
2372 4872 2639 4941 justitiam
2668 4870 2790 4939 quis
2813 4867 3149 4937 proﬁteatur,
3178 4879 3283 4916 non
3314 4860 3535 4916 aliunde

288 4974 469 5041 λέγων
488 4990 501 5002 ·
527 4974 594 5025 Εἰ
616 4971 854 5040 ἀληθῶς
873 4972 987 5040 ἄρα
1007 4973 1399 5040 δικαιοσύνην
1418 4974 1676 5033 λαλεῖτε.
1695 4973 1871 5028 εὐθέα

1983 4966 2436 5038 comprobabitur.
2491 4977 2650 5033 quam
2704 4976 2769 5015 ex
2809 4975 2873 5013 eo
2905 4957 3048 5028 quod
3101 4965 3246 5010 recta
3303 4954 3531 5025 judiect.

288 5066 545 5133 κρίνετε,
587 5064 704 5118 υἱοὶ
744 5064 860 5117 τῶν
897 5064 1340 5135 ἀνθρώπωνηΕξ
1387 5067 1495 5136 γὰρ
1538 5065 1753 5136 ἀληθῶς
1782 5083 1866 5131 τις

286 5158 636 5229 δικαάοσύνην
670 5157 1074 5225 ἐπαγγέλλοιτο,
1121 5159 1228 5211 οὐδ’
1256 5159 1474 5212 ἄλλοθεν
1506 5157 1864 5230 δειχθήσεται,

287 5252 322 5321 ἢ
362 5251 473 5304 ἀπὸ
529 5251 621 5304 τοῦ
666 5250 872 5320 κρίνειν
908 5249 1087 5304 εὐθέα.
1125 5250 1312 5321 Κρίνει
1344 5250 1400 5303 δὲ
1424 5249 1583 5302 εὐθέα
1612 5252 1640 5302 ό
1675 5251 1864 5321 κρίνας

287 5345 423 5413 παρ’
460 5341 635 5412 ἑαυτῷ
660 5343 756 5412 τὴν
786 5342 927 5395 κατὰ
954 5342 1043 5395 τὸν
1077 5342 1232 5413 ὀρθὴν
1264 5341 1439 5409 λόγον,
1475 5342 1567 5394 καὶ
1589 5341 1722 5412 μηδὲ
1749 5358 1866 5394 σκο-

284 5434 403 5489 λιὸν
461 5432 597 5505 μηδὲ
648 5433 967 5503 διάστροφον
1010 5433 1286 5504 πράττειν.
1322 5428 1434 5485 Εἴθ’
1487 5433 1561 5495 ὡς
1593 5430 1700 5484 τῶν
1732 5430 1862 5485 υἱῶν

283 5526 397 5581 τῶν
441 5523 744 5598 ἀνθρώπων
772 5524 907 5596 ὀρθὰ
933 5525 1030 5595 μὲν
1050 5524 1350 5577 λαλούντων
1379 5527 1489 5588 τοῖς
1522 5523 1744 5595 χείλεσι,
1774 5524 1865 5577 καλ⁵

282 5620 366 5691 τῷ
401 5619 628 5690 στόματι
655 5617 998 5691 δικαιοσύνην
1030 5618 1531 5690 ἐπαγγελλομένων,
1567 5618 1861 5689 ἐλεγχομέ-

281 5736 395 5778 νων
447 5716 504 5770 δὲ
556 5716 665 5771 ὰπὸ
695 5716 801 5769 τῶν
823 5715 1021 5787 ἔργων,
1052 5715 1135 5767 ὅτι
1167 5711 1427 5766 τάναντία
1453 5708 1594 5764 κατὰ
1624 5710 1863 5764 διάνοιαν

346 5875 396 5905 ⁸⁸
436 5873 580 5928 Psal.
615 5889 733 5941 Lvt,
765 5871 818 5929 5.
896 5872 941 5905 “
980 5870 1111 5926 ibid.
1188 5867 1231 5900 ⁸⁷
1271 5866 1404 5925 ibid.
1445 5866 1511 5921 in

1974 5061 2139 5116 Recta
2169 5075 2296 5113 vero
2319 5058 2550 5128 judical,
2578 5055 2670 5125 qui
2704 5052 2843 5122 apud
2874 5068 2932 5107 se
2954 5050 3220 5121 judicavit
3247 5063 3311 5101 ac
3344 5048 3535 5101 decre-

1971 5155 2067 5217 vit,
2097 5153 2366 5221 justitiam
2415 5166 2479 5204 ex
2512 5156 2659 5202 recta
2694 5148 2926 5207 ratione,
2971 5159 3070 5197 nec
3102 5141 3379 5211 quidpiam
3411 5148 3522 5192 tor-

1972 5255 2191 5301 tuosum
2227 5253 2320 5298 aut
2367 5257 2683 5313 perversum
2738 5239 2921 5294 edere.
2981 5234 3185 5290 Deinde
3214 5248 3364 5291 vero.
3405 5246 3530 5284 cum

1971 5339 2065 5393 ﬁlii
2097 5338 2378 5391 hominum
2414 5334 2574 5388 labiis
2615 5331 2834 5402 quidem
2875 5336 3022 5384 recta
3062 5328 3440 5396 loquerentur,
3477 5328 3533 5373 et

1967 5447 2062 5486 ore
2089 5430 2354 5500 justitiam
2390 5426 2793 5497 proliterentur,
2829 5422 2923 5478 sed
2958 5421 3092 5491 ipsis
3134 5418 3395 5488 operibus
3436 5414 3532 5467 de-

1971 5522 2438 5594 prehenderentur
2478 5520 2706 5574 adversa
2744 5517 3004 5587 cogitare,
3052 5511 3333 5578 subiungit
3375 5525 3390 5560 :
3427 5503 3527 5604 lit-

1969 5616 2105 5670 euim
2133 5616 2187 5666 in
2226 5611 2382 5665 corde
2421 5610 2723 5680 iniquitates
2750 5603 3040 5675 operamini
3069 5604 3123 5654 in
3155 5610 3292 5653 terra
3311 5610 3330 5649 :
3373 5603 3532 5658 cujus

1968 5706 2079 5771 rei,
2108 5704 2319 5775 inquit,
2349 5706 2729 5774 argumentum
2759 5705 2885 5753 sunt
2916 5708 3081 5764 opera
3132 5696 3335 5752 vestra,
3377 5683 3532 5755 Inju-

3476 5863 3498 5911 1
