4100 6538
519 437 624 495 519

1177 411 1446 472 EUSEBXI
1483 399 1966 468 CESARIENSIS
2002 397 2152 456 OPP.
2187 393 2371 452 PARS
2408 389 2498 446 Ill.
2541 417 2609 432 —-
2645 383 3057 442 EXEGETICA.

3661 375 3770 434 520

522 555 730 611 stitiam
765 561 952 602 manus
986 547 1168 596 vestra:
1214 531 1548 602 complicant.
1599 525 1768 580 Recta
1821 536 1954 592 ergo
1993 519 2121 588 ju-,

2220 513 2506 582 ογίζονται,
2537 506 2804 576 ἐπιλέγει·
2837 503 2946 558 Καὶ
2991 500 3102 572 τὰρ
3143 497 3212 553 ἐν
3252 492 3466 565 καρδίᾳ
3517 491 3774 562 ἀνομίας

522 584 730 611 “suum
768 584 952 602 "Iun-an-
989 584 1162 596 υνν--ν-
1215 584 1340 602 ---ηι
1887 584 1914 592 ν
1993 584 2002 588 ἰ
2115 584 2121 587 ἤ

521 646 736 706 dicate,
773 637 868 692 lilii
897 631 1208 688 hominum,
1253 632 1307 680 et
1350 619 1632 675 vobiscum
1664 620 1933 684 reputate,
1960 623 2092 664 num

2220 603 2497 676 ργάζεσθε
2535 601 2604 655 ἐν
2639 598 2716 669 τῇ
2765 595 2873 669 τῇ·
2901 595 3092 649 τούτου
3121 591 3198 657 δὲ,
3230 591 3417 660 φησὶν,
3459 585 3679 654 ἐλεγχος
3713 584 3773 637 αἱ

522 747 807 794 sermones
855 727 1023 784 vestri
1065 739 1188 777 cum
1235 716 1494 788 operibus
1542 713 1868 764 consonent.
1945 701 2084 756 Nam

523 834 570 888 si
603 825 871 899 justitiam
909 815 1215 888 loquimini,
1252 826 1352 866 cur
1392 822 1586 863 manus
1627 809 1826 858 vestrae
1870 793 2092 865 iniusti-

522 885 654 977 tiain
686 910 1052 984 complicant?
1105 906 1180 960 Ex
1225 918 1334 974 quo
1363 915 1492 954 sane
1515 897 1694 968 palam
1741 900 1824 946 cst
1855 903 1954 943 vos
1988 885 2095 940 itii-

522 1013 760 1086 quitates
805 1008 859 1060 in
910 1000 1076 1058 corde
1127 997 1387 1066 cogitare,
1419 997 1468 1044 et
1511 988 1613 1041 alia
1645 981 1864 1056 quidem
1911 984 2092 1031 mente

523 1071 731 1170 tenere,
776 1103 882 1156 alia
921 1113 1016 1153 ore
1046 1090 1316 1165 proloqui.
1377 1085 1438 1140 Si
1488 1095 1618 1150 ergo
1668 1092 1782 1130 vere
1816 1071 2092 1142 justitiam

526 1198 820 1272 loquimini.
854 1195 988 1248 heus
1015 1189 1142 1244 vos!
1190 1159 1330 1238 recta
1354 1177 1614 1250 iudicate,
1668 1178 1721 1224 et
1765 1181 1886 1236 quae
1919 1159 2095 1230 loqui-

526 1295 658 1351 mini
689 1291 952 1364 peragite,
997 1296 1170 1352 neque
1219 1279 1274 1332 in
1330 1274 1494 1330 corde
1539 1267 1854 1337 iniquitates
1909 1268 2099 1325 opere-

526 1388 684 1450 mini,
753 1397 854 1438 nec
916 1389 1111 1432 manus
1143 1376 1335 1426 vestrae
1392 1349 1713 1432 iniustitiam
1747 1346 2093 1418 complicent.

527 1482 599 1536 τὰ
650 1477 847 1536 εὐθέα,
910 1466 952 1525 ὦ
1006 1461 1172 1528 οὗτοι,
1208 1461 1304 1514 καὶ
1341 1457 1484 1526 άπερ
1527 1452 1758 1509 λαλεῖτε,
1793 1440 1966 1495 ταῦτα
2009 1433 2102 1488 καὶ
2141 1433 2431 1502 πράττετε,

526 1577 585 1630 αἱ
623 1577 804 1645 χεῖρες
835 1565 991 1638 ὑμῶν
1024 1559 1250 1628 ἀνομίαν
1290 1547 1772 1623 συμπλεκέτωσαν.

597 1669 764 1722 Visus.
789 1664 822 1718 4
854 1661 906 1715 6.
942 1655 1174 1713 Alienati
1207 1659 1326 1705 sunt
1358 1653 1652 1716 peccatores
1688 1655 1720 1691 a
1755 1633 1928 1692 vulva,
1955 1642 2104 1683 erra-

527 1770 711 1820 verunt
744 1761 807 1812 ab
831 1767 1003 1816 utero,
1028 1747 1191 1804 locuti
1227 1751 1350 1800 sunt
1381 1741 1546 1810 falsa.
1592 1733 1718 1788 Haec
1739 1739 1955 1800 quoque
1979 1721 2104 1774 liliis

525 1855 812 1912 hominum
837 1847 1094 1918 applicat,
1124 1839 1218 1910 qui
1261 1851 1319 1892 se
1372 1834 1538 1887 Deum
1564 1826 1763 1888 colere,
1799 1827 1852 1876 ct
1877 1813 2104 1887 iustitiae

837 1893 864 1901 ..
911 1893 1094 1916 ,----,-,
1134 1893 1156 1910 ἶ

529 1949 678 2018 leges
699 1943 850 1998 adire
874 1893 1223 2010 lproﬁtentur,
1255 1941 1434 1998 neque
1453 1933 1634 1978 tamen
1657 1923 1806 1972 recte
1829 1911 2098 1982 indicant.
2137 1893 2176 1951 Β

527 2041 638 2096 Eos
669 2039 833 2110 igitur
891 2033 971 2088 sic
1013 2025 1302 2098 compellat
1336 2041 1348 2076 :
1383 2019 1530 2073 lleus
1577 2012 1707 2068 vos!
1770 2005 1974 2064 audite,
2009 1999 2102 2068 qui

531 2090 634 2096 ῤ’*
671 2090 717 2110 ⁷υ
1139 2090 1156 2098 -

527 2135 798 2204 iustitiam
821 2144 916 2184 ore
947 2135 1108 2180 tenus
1159 2113 1466 2189 loquimini,
1496 2107 1750 2163 manibus
1782 2111 1913 2154 vero
1963 2090 2106 2160 inju-

531 2229 738 2284 stitiam
761 2217 1088 2294 operamini,
1153 2213 1432 2278 multaque
1483 2200 1648 2258 simul
1697 2201 1918 2267 peccata
1955 2203 2106 2242 com-

531 2323 750 2396 plicatis
771 2338 786 2387 ;
809 2331 1004 2388 magno
1025 2310 1194 2384 iudici
1219 2310 1349 2361 latet
1379 2299 1513 2356 nihil
1539 2308 1728 2352 eorum
1763 2301 1883 2359 qua:
1905 2278 2108 2351 singuli

1444 2390 1454 2396 .
1641 2385 1652 2396 .
1939 2369 2084 2396 LM“,

533 2369 749 2396 ι’·’ν---υ
771 2369 786 2387 1
1025 2369 1042 2384 .

531 2414 589 2468 in
608 2419 788 2467 mente
816 2411 1058 2462 versant.
1094 2397 1318 2454 Etiamsi
1371 2390 1516 2446 enim
1565 2385 1687 2456 quis
1732 2377 1906 2434 oculis
1939 2369 2110 2426 homi-

533 2517 666 2558 num
723 2501 890 2554 latere
943 2494 1232 2556 videatur;
1283 2493 1336 2541 at
1391 2483 1531 2538 sciat
1587 2471 1812 2531 immani
1839 2484 1898 2524 se
1924 2476 2110 2520 errore

537 2594 662 2650 duci
683 2604 908 2660 seseque
961 2586 1231 2653 decipere.
1262 2577 1450 2648 Neque
1471 2572 1616 2628 enim
1648 2578 1844 2635 magno
1897 2557 2112 2614 univer-

534 2700 722 2742 sorum
745 2655 919 2754 indici
956 2681 1206 2734 occultus
1229 2674 1354 2734 erit,
1387 2667 1454 2724 ad
1473 2666 1632 2736 cuius
1655 2655 1892 2714 tribunal
1921 2665 2111 2707 omnes

536 2779 818 2834 sistemur.
845 2770 1131 2840 Quomodo
1159 2774 1340 2820 autem
1369 2761 1479 2816 Deo
1509 2759 1679 2812 latere
1717 2749 1952 2823 possint,
1984 2756 2111 2798 cum

537 2873 857 2944 priusquam
884 2868 936 2919 in
985 2865 1161 2918 lucem
1193 2857 1492 2929 prodirent,
1521 2850 1592 2911 ei.
1629 2845 1721 2918 qui
1751 2841 1936 2900 omnia
1961 2836 2115 2894 novit

539 2976 830 3034 antequam
876 2963 1033 3021 liant,
1095 2955 1296 3027 cogniti
1341 2944 1567 3006 essent?
1621 2943 1802 3008 Quare
1823 2943 2114 3002 antequam

539 3061 751 3119 tierent,
779 3069 895 3117 eos,
929 3051 1084 3122 quasi
1105 3049 1217 3118 iam
1249 3043 1594 3100 exsisterent,
1619 3035 1752 3089 tales
1779 3029 1894 3084 fore
1926 3024 2116 3096 quales

535 3155 792 3223 jamsunt
821 3120 1218 3216 prospiciebat:
1249 3135 1446 3190 exinde
1483 3127 1738 3196 verojatn
1769 3120 1914 3194 apud
1937 3120 2116 3190 ipsum

541 3219 814 3313 reprobati
865 3243 1043 3292 erant.
1089 3229 1320 3285 Alienati
1375 3231 1497 3278 sunt
1544 3221 1709 3290 igitur
1751 3219 2046 3283 peccatores
2085 3223 2118 3259 a

543 3301 712 3387 enim.
747 3329 823 3380 Ac
839 3323 1054 3380 etiamsi
1089 3320 1248 3373 hodie
1277 3313 1544 3386 justitiam
1599 3305 1854 3362 simulate
1887 3301 2120 3369 loquan~

545 3435 654 3486 tur,
689 3419 944 3490 operibus
987 3411 1264 3469 contraria
1311 3404 1722 3478 aggredientes;
1758 3405 1812 3449 at
1861 3408 1968 3448 non
2007 3389 2117 3460 iam

544 3518 629 3590 pri
655 3531 790 3569 num
818 3511 956 3581 apud
985 3509 1150 3563 Deum
1181 3505 1320 3558 tales
1355 3516 1476 3555 esse
1501 3496 1754 3550 videntur
1777 3511 1790 3545 :
1817 3489 1908 3544 sed
1939 3487 2120 3556 prius-

545 3625 708 3678 quam
769 3621 836 3661 ει
885 3613 1041 3658 utero
1101 3601 1416 3671 prodirent;
1451 3594 1586 3664 quin
1619 3597 1674 3644 et
1717 3593 2009 3653 antequam
2065 3578 2122 3632 in

544 3703 718 3758 vulva
749 3715 920 3769 recep‘
936 3697 1092 3752 aculo
1114 3694 1538 3762 conciperenttlr
1555 3729 1568 3748 .
1595 3700 1659 3739 ex
1685 3694 1912 3736 numero
1933 3690 2124 3732 erran-

547 3798 681 3851 tium
709 3796 861 3849 abeo
912 3791 1326 3860 reputabantur,
1361 3779 1588 3852 etquod
1631 3778 1766 3833 tales
1819 3773 1988 3827 futuri
2038 3785 2124 3825 es-

547 3895 670 3942 sent
723 3901 831 3940 non
874 3883 1156 3954 ignorabat
1211 3879 1345 3948 ipse.
1391 3871 1496 3927 Sed
1533 3871 1602 3924 ab
1643 3885 1709 3922 eo
1739 3867 1852 3936 iam
1884 3873 2126 3931 tempore

547 3987 775 4035 noverat
795 3993 890 4032 eos
915 3976 1050 4029 falsa
1071 3975 1374 4030 locuturos,
1415 3974 1468 4020 et
1509 3963 1747 4017 furorem
1783 3961 1914 4028 ipsis
1943 3971 2128 4010 secun-

547 4074 674 4126 dum
697 4068 1094 4125 similitudinem
1112 4062 1362 4130 serpsntis
1389 4059 1522 4112 fore.
1553 4053 1735 4123 Θυμὺν
1750 4060 1927 4105 autem
1955 4045 2128 4102 Grteci

551 4166 731 4220 solent
758 4163 919 4217 etiam
947 4160 1186 4213 animam
1219 4151 1513 4223 appellare.
1545 4146 1812 4213 Quoniam
1839 4142 2006 4212 igitur
2029 4155 2128 4192 an-

551 4259 739 4328 tiqttus
755 4267 981 4322 serpens
1031 4251 1125 4320 qui
1157 4248 1325 4302 Evam
1357 4243 1604 4313 decepit,
1629 4238 1786 4296 suavi
1819 4235 2038 4306 quidem
2074 4241 2128 4288 et

553 4350 730 4404 amica
761 4349 1010 4402 oratione
1061 4343 1315 4398 simulate
1342 4339 1617 4398 utebatur,
1653 4333 1746 4388 Dei
1798 4331 2128 4384 mentionem

553 4440 810 4504 faciebat,
876 4445 1098 4493 etcum
1165 4432 1402 4504 quadam
1463 4425 1680 4497 pietatis
1714 4421 1893 4492 specie
1917 4419 2132 4472 mulieri

555 4535 808 4590 dicebat:
843 4531 1020 4597 Quare
1045 4529 1181 4581 dixit
1220 4525 1358 4578 Deus
1387 4538 1400 4572 :
1438 4520 1518 4574 Ne
1547 4515 1836 4572 comedetis
1878 4527 1942 4566 ea:
1990 4511 2133 4564 omni

556 4629 718 4698 ligno,
739 4625 874 4697 quod
909 4625 1064 4679 estin
1098 4619 1351 4690 paradiso
1382 4615 1461 4668 “"‘i
1498 4629 1562 4668 ac
1622 4623 1840 4664 rursum
1871 4625 1884 4660 :
1921 4603 2128 4660 Sciebat
2161 4597 2208 4655 ἰ)

553 4723 692 4778 enim
711 4721 872 4782 Deus,
894 4717 1030 4788 quod
1047 4727 1350 4785 quacunque
1371 4710 1454 4763 die
1471 4703 1800 4760 comederitis
1827 4717 1889 4755 ex
1912 4716 1992 4764 eo,
2013 4713 2134 4765 ape-

559 4820 761 4872 rientur
779 4813 916 4868 oculi
946 4811 1121 4874 vestri,
1150 4819 1196 4862 et
1218 4807 1363 4861 eritis
1382 4804 1518 4857 sicut
1555 4800 1654 4864 dii,
1682 4798 1898 4853 scientes
1943 4795 2136 4846 bonum

560 4919 610 4964 et
643 4907 918 4962 malum".
963 4909 1025 4958 Et
1079 4905 1276 4958 talibus
1309 4901 1528 4972 quidem
1562 4896 1723 4950 dictis
1752 4893 2038 4953 simulans,
2083 4898 2136 4945 et

561 5001 729 5057 Deum
754 5017 810 5054 se
828 5014 990 5053 nosse
1042 4995 1356 5067 praeferens,
1399 4993 1681 5047 mulierem
1719 4989 2136 5058 alloquebatur;

560 5096 618 5148 in
637 5092 804 5148 corde
825 5100 1002 5145 autem
1035 5089 1352 5158 iniquitates
1394 5087 1748 5157 operabatur,
1793 5098 1854 5136 ac
1878 5082 2136 5150 Operihus

563 5185 886 5254 iniustitiam
920 5184 1298 5253 complicabat.
1336 5180 1526 5235 Merito
1549 5181 1600 5233 hi
1636 5193 1853 5247 quoque
1883 5176 2141 5229 dicuntur

564 5279 806 5332 furorem
829 5285 882 5330 et.
914 5277 1150 5331 animam
1183 5276 1382 5330 habere
1440 5281 1744 5328 memorato
1792 5269 2032 5340 serpenti
2067 5270 2142 5323 si-

563 5371 767 5425 milem.
792 5367 942 5436 Quod
977 5369 1151 5438 ipsum
1185 5367 1326 5424 Deus
1355 5367 1696 5437 praescientia
1729 5381 1824 5420 sua
1863 5377 2139 5435 praeoccu-

565 5464 732 5531 pavit.
753 5461 884 5516 Nam
910 5462 987 5527 lii,
1012 5461 1213 5516 auditis
1240 5461 1438 5514 divinis
1470 5459 1837 5518 sermonibus,
1861 5457 2142 5525 sacrisque

565 5556 748 5610 verbis
803 5555 1026 5620 eruditi,
1069 5553 1204 5608 nihil
1265 5551 1332 5606 ad
1391 5552 1678 5604 utilitatem
1737 5553 1970 5620 parient,
2014 5549 2143 5618 quia

569 5664 730 5705 aures
777 5649 1110 5712 occludunt,
1137 5661 1313 5717 neque
1356 5643 1667 5700 divinarum
1709 5645 2141 5700 incantationum

568 5741 801 5796 virtutes
836 5741 1133 5812 recipiunt,
1165 5738 1260 5796 sed
1281 5739 1489 5798 similes
1520 5745 1648 5795 sunt
1681 5737 1856 5810 aspidi
1883 5735 2062 5794 surdae
2093 5749 2145 5794 et

645 5899 688 5932 υ
728 5899 862 5954 Gen.
901 5915 998 5966 Ill,
1034 5899 1084 5955 ί.
1159 5901 1203 5932 ⁸⁹
1244 5899 1376 5956 ibid.
1415 5900 1467 5956 5.

2189 675 2452 770 ὑμέτεραι
2505 691 2758 766 πράξεις·
2809 687 3075 742 Ἀδικίαν
3107 685 3163 738 al
3196 681 3389 751 χεῖρες
3415 675 3581 746 ὑμῶν
3619 689 3779 742 συμ-

2195 789 2509 841 πλέκουσι.
2556 781 2792 852 Κρίνατε
2836 773 3131 838 οὖνεύθέα,
3163 770 3269 824 υἱοὶ
3298 769 3406 821 τῶν
3449 763 3782 836 ἀνθρώπιον,

2203 881 2298 934 καὶ
2340 875 2626 946 λογίσασθε
2663 873 2788 942 παρ’
2813 871 3044 932 ἑαυτοῖς,
3085 867 3132 919 εί
3156 866 3267 927 τοῖς
3293 859 3580 930 ὑμετέροις
3598 853 3804 924 λόγοιςι

2203 943 2486 1043 συμφωνεῖ
2529 965 2596 1018 τὰ
2640 965 2794 1036 ἔργα.
2825 962 2886 1014 Εἰ
2917 959 3025 1030 γὰρ
3051 951 3391 1018 δικαιοσύνην
3413 947 3638 1008 λαλεῖτε,
3657 943 3784 1008 πῶς

2200 1032 2463 1133 αι’χεῖρες
2513 1032 2912 1127 ὑμῶν-ἀδικίαν
2956 1046 3388 1120 συμπλέκουσινς
3419 1041 3534 1110 Ἀφ’
3565 1032 3625 1092 οὗ
3663 1034 3784 1090 δεί-

2203 1127 2402 1208 κνυσθε
2426 1148 2654 1219 ἀνομίας
2687 1148 2743 1198 ἐν
2773 1146 2837 1214 τῇ
2871 1139 3069 1214 καρδίᾳ
3096 1135 3448 1206 λογιζόμενοι,
3486 1129 3580 1183 καὶ
3609 1127 3787 1196 ἕτερα.

2216 1245 2314 1305 μὲν
2345 1239 2732 1310 διανοούμενοι,
2762 1237 2926 1306 ἕτερα
2970 1231 3027 1283 δὲ
3072 1227 3148 1298 τῷ
3201 1225 3426 1295 στόματι
3471 1216 3786 1277 λαλοῦντες.

2205 1339 2274 1390 El
2308 1333 2384 1404 δὴ
2417 1327 2509 1387 οὗν
2535 1328 2772 1398 ἀληθῶς
2800 1322 3192 1388 δικαιοσύνην
3232 1315 3502 1377 λαλεῖτε,
3539 1311 3792 1379 κρίνατε

2479 1423 2612 1497 μηδὲ
2645 1397 2708 1474 γὲν
2759 1417 2954 1490 καρδίᾳ.
2985 1412 3212 1484 ἀνομίας
3265 1403 3582 1480 ἐργάζεσθε,
3645 1397 3791 1472 μηδὲ

2291 1605 2890 1676 Ἀπηλλοτριώθησαν
2925 1602 2978 1654 ol
3011 1591 3341 1667 ἁμαρτωλοί
3370 1589 3488 1645 ἀπὸ
3511 1587 3788 1658 μήτρας,

2201 1697 2639 1766 ἐπλανήθησαν
2689 1693 2807 1749 ἀπὸ
2853 1689 3110 1761 γαστρὸς
3133 1727 3147 1752 ,
3199 1683 3512 1748 ἐλάλησαν
3557 1677 3788 1749 ψευδῆ.

2203 1797 2312 1850 Καὶ
2351 1794 2524 1847 ταῦτα
2571 1789 2707 1862 πρὸς
2743 1788 2868 1848 τοὺς
2897 1785 3047 1845 υἱοὺς
3092 1778 3202 1832 τῶν
3233 1773 3532 1847 ἀνθρώπων
3565 1768 3794 1824 ἀποτεί-

2209 1903 2359 1943 νεται
2386 1887 2512 1948 τοὺς
2545 1875 3043 1949 ἐπαγγελλομένους
3071 1867 3344 1924 θεοσεϐεῖν
3361 1907 3374 1930 ,
3417 1865 3511 1919 καὶ
3536 1863 3658 1925 τοὺς
3687 1861 3794 1932 τῆς

2203 1977 2550 2048 δικαιοσύνης
2599 1968 2958 2044 μετέρχεσθαι
3001 1963 3198 2035 νόμους
3224 2000 3239 2024 ,
3276 1958 3350 2030 μὴ
3399 1956 3683 2028 κρίνοντας
3731 1950 3794 2004 δὲ

2204 2071 2396 2144 ὀρθῶς.
2428 2067 2596 2140 Φησῖν
2622 2059 2714 2118 οὖν
2745 2061 2880 2133 πρὸς
2909 2054 3139 2119 αὐτούς’
3179 2050 3473 2106 Ἀκούσατε
3493 2090 3507 2112 ,
3531 2041 3575 2100 ὧ
3605 2039 3792 2109 οὗτοι,

2205 2135 2254 2218 oi
2295 2135 2584 2221 λαλοῦντες
2625 2155 2722 2228 μὲν
2753 2147 3096 2218 δικαιοσύνην
3125 2143 3202 2215 τῷ
3247 2142 3512 2211 στόματι,
3559 2135 3796 2210 ἐργαζό-

2213 2271 2364 2328 μενοι
2405 2253 2460 2306 δὲ
2485 2253 2604 2314 ταῖς
2631 2227 2831 2319 ίχερσὶν
2875 2240 3118 2304 ἀδικίαν,
3174 2235 3268 2290 καὶ
3311 2232 3508 2296 πολλὰς
3547 2229 3690 2283 κατά
3729 2227 3795 2282 τὺ

2208 2320 2338 2402 αὐτὸ
2373 2343 2775 2416 συμπλέκοντες
2805 2333 3079 2406 ἁμαρτίας
3101 2347 3114 2360 °
3141 2329 3231 2384 τὸν
3267 2327 3440 2398 μέγαν
3471 2323 3659 2394 κριτὴν
3695 2320 3796 2373 οὐ·

2208 2441 2294 2494 δὲν
2323 2437 2573 2491 λανθάνει
2595 2433 2700 2487 τῶν
2721 2429 2864 2482 κατὰ
2895 2427 3130 2481 διάνοιαν
3156 2420 3370 2489 ἑκάστῳ
3397 2413 3794 2485 λογιζομένων.

2211 2531 2328 2586 Κάν
2357 2530 2465 2602 γὰρ
2493 2528 2624 2598 δοκῇ
2665 2541 2748 2588 τις
2794 2519 3098 2592 ἀνθρώπων
3139 2513 3450 2585 ὀφθαλμοὺς
3490 2507 3798 2581 κρύπτειν,

2212 2625 2325 2680 ἀλλ’
2380 2623 2512 2676 ἴστω
2533 2661 2546 2686 ,
2603 2622 2683 2673 ὅτι
2728 2617 2906 2686 δεινὴν
2953 2613 3163 2682 πλάνην
3210 2606 3545 2675 πεπλάνηται
3598 2598 3801 2654 ἑαυτὸν

2213 2715 2456 2772 ἀπατῶν.
2498 2713 2572 2766 Οὐ
2604 2711 2711 2782 γὰρ
2757 2707 2847 2761 τὸν
2883 2706 3054 2777 μέγαν
3092 2701 3200 2755 τῶν
3233 2699 3367 2754 ὅλων
3400 2693 3588 2770 κριτὴν
3626 2691 3802 2763 λήσε-

2213 2828 2336 2873 ται,
2385 2802 2445 2862 οὗ
2488 2806 2686 2866 πάντες
2734 2799 2840 2872 πρὸ
2876 2798 2969 2850 τοῦ
3016 2796 3256 2866 βήματος
3303 2782 3799 2860 παραστησόμεθα.

2215 2901 2340 2965 Πῶς
2361 2901 2404 2954 δ’
2429 2899 2494 2954 ἂν
2523 2897 2616 2951 καὶ
2653 2894 2864 2949 λάθοιεν
2886 2890 2976 2943 τὸν
3007 2889 3138 2941 Θεὸν
3165 2881 3328 2946 οὗτοι,
3362 2883 3520 2936 ὁπότε
3545 2880 3635 2933 καὶ
3661 2878 3804 2948 πρὶν

2217 2997 2294 3058 είς
2321 2993 2435 3064 φῶς
2459 2988 2738 3063 προελθεῖν
2760 2985 2976 3044 αὐτοὺς,
3004 2979 3184 3033 πάντα
3211 2977 3374 3030 εἰδότι
3405 2973 3507 3045 πρὸ
3528 2969 3804 3041 γενέσεως

2218 3085 2397 3142 αὐτῶν
2439 3080 2833 3154 ἐγνωρίζοντο;
2873 3073 2964 3126 Διὸ
3013 3071 3142 3144 πρὶν
3187 3066 3514 3138 γεννηθῆναι
3561 3061 3804 3123 αὐτοὺς,

2219 3180 2292 3242 ὡς
2321 3177 2422 3249 ἤδη
2449 3172 2763 3244 ὑφεστῶτας
2784 3210 2798 3234 ,
2829 3167 2924 3222 καὶ
2949 3163 3220 3224 τοιούτους
3257 3160 3414 3222 ὄντας
3445 3151 3546 3210 οἷοι
3570 3153 3662 3206 νῦν
3695 3153 3806 3204 είσι

2145 3243 2188 3302 C‘
2221 3267 2509 3342 προεώρα·
2549 3265 2648 3336 ήδη
2691 3279 2750 3315 τε
2798 3258 2857 3324 ἐξ
2899 3259 3110 3312 ἐκείνου
3153 3253 3446 3322 ἀπόϐλητοι
3489 3242 3623 3317 ἦσαν
3663 3244 3804 3314 παρ’

2220 3331 2388 3431 αότῴ.
2409 3331 3018 3424 ’Ἀπηλλοτριώθησαν
3044 3345 3174 3417 γοῦν
3207 3347 3259 3398 oi
3299 3335 3628 3410 ἁμαρτωλοὶ
3675 3331 3804 3388 ἀπὸ

2215 3427 2468 3526 μήτρας.
2492 3451 2604 3504 Καὶ
2631 3451 2677 3502 εἰ
2699 3447 2794 3500 καὶ
2823 3444 2892 3497 τὰ
2925 3441 3160 3513 μάλιστα
3191 3439 3427 3508 σήμερον
3454 3427 3806 3496 δικαιοσύνην

2222 3546 2402 3600 λαλεῖν
2429 3539 2872 3616 προσποιοῦνται,
2901 3539 3010 3598 τοῖς
3038 3533 3220 3605 ἕργοις
3249 3529 3318 3581 τὰ
3357 3523 3574 3578 ἐναντία
3607 3535 3810 3591 μετερ-

2223 3641 2466 3712 χόμενοι,
2501 3635 2614 3689 dii-1'
2643 3635 2703 3688 οὐ
2741 3632 2835 3686 καὶ
2870 3629 3019 3700 παρὰ
3047 3623 3164 3695 Θεῷ
3197 3621 3290 3674 νῦν
3323 3619 3599 3689 ἐφάνησαν
3623 3613 3810 3667 τοιοῦ-

2224 3705 2305 3788 irai
2331 3749 2342 3764 '
2373 3732 2501 3803 πρὶν
2528 3729 2585 3782 δὲ
2625 3727 2732 3780 ἀπὸ
2765 3722 3003 3793 γαστρὸς
3033 3715 3312 3789 προελθεῖν
3349 3711 3562 3773 αὐτοὺς,
3603 3705 3809 3778 μᾶλλον

2225 3826 2282 3879 δὲ
2312 3826 2407 3878 καὶ
2435 3823 2542 3895 πρὸ
2581 3819 2674 3872 τοῦ
2716 3814 3084 3886 συλληφθῆναι
3120 3814 3176 3864 ἐν
3221 3807 3300 3878 τῷ
3338 3805 3436 3876 τῆς
3473 3803 3686 3873 μήτρας
3719 3797 3798 3850 δο-

2227 3917 2359 3989 χείῳ
2377 3956 2390 3980 ,
2421 3887 2494 3968 ἐν.
2510 3907 2944 3980 πεπλανημένοις
2976 3900 3330 3972 ἐλογίσθησαν
3363 3896 3488 3965 παρ’
3513 3889 3683 3960 αὐτῷ,
3711 3887 3810 3941 καὶ

2231 3979 2514 4080 μέλλοντες
2546 3979 2764 4057 ἔσεσθαι
2797 3997 3024 4052 τοιοῦτοι
3052 3996 3152 4048 οὐκ
3185 3983 3637 4062 ὴγνοοῦντοῖίὶδη
3659 3981 3724 4034 δὲ
3751 3979 3810 4045 ἐξ

2229 4101 2436 4154 ἐκείνου
2487 4097 2561 4161 ὡς
2605 4095 2670 4148 ἂν
2719 4091 3004 4164 μέλλοντες
3051 4087 3118 4140 τὰ.
3173 4083 3342 4155 ψευδῆ
3394 4079 3572 4133 λαλεῖν
3615 4069 3813 4140 ἐγινώο

2233 4209 2454 4252 σκοντο,
2491 4189 2585 4242 καὶ
2609 4187 2684 4249 ὡς
2715 4184 2886 4255 θυμὸς
2919 4181 3102 4242 αὐτοῖς
3135 4179 3252 4230 ἐστι
3285 4171 3436 4228 κατὰ
3459 4168 3572 4237 τὴν
3599 4163 3814 4234 ὁμοίω-

2230 4300 2334 4338 σιν
2359 4283 2465 4337 τοῦ
2505 4281 2713 4350 ὄφεως.
2743 4276 2925 4346 Θυμὸν
2955 4273 3010 4326 δὲ
3037 4272 3131 4325 καὶ
3161 4268 3259 4338 τὴν
3295 4263 3468 4336 ψυχὴν
3501 4259 3591 4314 καὶ
3619 4257 3814 4318 παῖδες

2243 4375 2506 4444 Ἑλλήνων
2544 4371 2727 4425 καλεῖν
2772 4367 3049 4421 εἰώθασιν.
3101 4361 3254 4414 Ἐπεὶ
3291 4357 3472 4410 τοίνυν
3503 4353 3594 4406 καὶ
3636 4350 3666 4400 ὁ
3707 4366 3814 4400 πα-

2231 4468 2380 4530 λαιὸς
2417 4465 2570 4535 δςρις,
2616 4461 2715 4534 τὴν
2749 4460 2893 4514 Εὕαν
2925 4458 3244 4526 ἀπατήσας,
3295 4445 3666 4519 προσεποιεῖτο
3711 4439 3814 4510 μὲν

2235 4557 2460 4628 γλυκείᾳ.
2511 4557 2604 4609 καὶ
2657 4553 2845 4624 φιλικῇ
2896 4545 3194 4620 κεχρῆσθαι
3241 4540 3456 4612 ὁμιλίᾳ,
3493 4535 3714 4609 μνήμην
3753 4549 3813 4586 τι

2238 4647 2373 4702 Θεοῦ
2423 4645 2723 4704 ποιεῖσθαι,
2757 4643 2850 4696 καί
2895 4657 3014 4693 τινα
3039 4631 3442 4690 ἐπιδείκνυσθαι
3485 4625 3810 4690 εὐλάϐειαν,

2237 4741 2408 4808 λέγων
2458 4742 2523 4810 τῇ
2570 4737 2821 4806 γυναικί’
2875 4734 2933 4787 Τί
2967 4731 3056 4786 ὅτι
3093 4725 3261 4784 εἶπεν
3297 4729 3328 4780 ὁ
3375 4724 3547 4789 Θεός’
3593 4722 3674 4773 Οὐ
3723 4719 3814 4789 μὴ

2239 4830 2464 4900 φάγητε
2489 4809 2605 4882 ἀπὸ
2633 4825 2860 4891 παντὸς
2886 4824 3075 4888 ξύλου
3111 4819 3217 4874 τοῦ
3233 4819 3303 4872 ἐν
3323 4814 3402 4881 τῷ
3438 4809 3820 4880 παραδείσοις

2239 4923 2333 4976 καὶ
2366 4921 2555 4974 πάλιν·
2595 4919 2760 4991 ’ᾙδει
2805 4917 2915 4986 τὰρ
2952 4919 2984 4969 o'
3012 4913 3155 4978 Θεὸς
3176 4951 3190 4975 ,
3223 4911 3310 4964 ὅτι
3343 4902 3382 4980 ᾗ
3420 4907 3470 4960 δ’
3505 4905 3580 4959 ἂν
3619 4903 3822 4972 ἡμέρᾳ

2240 5011 2464 5082 φάγητε
2513 5010 2613 5063 ἀπ’
2678 5005 2897 5073 αὑτοῦ,
2960 4999 3480 5069 διανοιχθήσονται
3537 4989 3706 5062 ὑμῶν
3769 4993 3822 5044 οι

2241 5103 2532 5172 ὀφθαλμοὶ
2554 5139 2569 5164 ,
2614 5101 2710 5154 καὶ
2737 5101 2956 5154 ἔσεσθε
2991 5095 3070 5161 ὡς
3092 5093 3244 5156 θεοί,
3276 5088 3666 5162 γινώσκοντες
3717 5099 3824 5138 κα-

2240 5195 2356 5250 λὸν
2380 5193 2478 5247 καὶ
2506 5193 2798 5259 πονηρόν
2830 5190 2923 5244 καὶ
2961 5186 3185 5240 τοιαῦτα
3221 5184 3317 5254 μὲν
3357 5176 3820 5251 ὑποκρινόμενος,

2243 5287 2336 5338 καὶ
2366 5285 2456 5338 τὸν
2485 5283 2618 5336 Θεὸν
2651 5281 2847 5334 εἰδέναι
2877 5275 3344 5350 προσποιούμενος
3363 5313 3377 5336 ,
3409 5269 3596 5340 ὡμίλει
3626 5269 3696 5335 τῇ
3725 5283 3826 5333 γυο

2243 5379 2422 5440 ναικὶ,
2471 5379 2528 5430 ἐν
2573 5373 2771 5445 καρδίᾳ
2815 5373 2874 5426 δὲ
2927 5370 3157 5442 ἀνομίας
3202 5363 3514 5438 εἰργάζετο,
3563 5359 3652 5414 καὶ
3707 5361 3826 5420 τοῖς

2244 5473 2423 5542 ἔργοις
2446 5468 2656 5523 ἀδικίαν
2684 5467 3014 5520 συνέπλεκεν
3035 5481 3046 5493 ·
3063 5461 3288 5522 εἰκότως
3315 5459 3406 5511 καὶ
3435 5455 3542 5508 οἵδε
3569 5451 3826 5519 λέγονται

2246 5563 2417 5634 θυμὸν
2443 5562 2587 5633 ἔχειν
2619 5565 2711 5615 καὶ
2739 5559 2916 5630 ψυχὴν
2947 5556 3139 5627 ὁμοίαν
3169 5552 3245 5626 τῷ
3275 5547 3624 5624 προλεχθέντι
3657 5545 3784 5614 δ’ρει
3803 5559 3820 5573 ·

2245 5655 2273 5708 ὃ
2305 5655 2366 5726 δὴ
2395 5655 2488 5707 καὶ
2519 5651 2652 5706 αὐτὸ
2677 5651 3004 5723 προείληφεν
3025 5649 3054 5701 ό
3085 5645 3217 5710 Θεὸς
3249 5647 3314 5716 τῇ
3352 5639 3672 5714 προγνώσει.
3701 5636 3825 5688 Τῶν

2247 5749 2355 5821 γὰρ
2380 5746 2538 5802 θείων
2573 5744 2950 5807 εἰσακούοντες
2989 5740 3162 5810 λόγων
3191 5738 3284 5795 καὶ
3314 5739 3422 5802 τοῖς
3455 5735 3620 5816 ἱεροῖς
3648 5729 3828 5816 μαθη-
