4100 6532
346 314 419 374 52
430 315 453 371 ι

1488 319 1994 379 COMMENTARIA
2030 320 2097 375 IN
2140 316 2487 378 PSALMOS.

3517 309 3625 368 52‘!

336 432 626 504 τευὸμενοι
653 434 884 506 ῥήμασι,
907 437 1060 492 οὐδὲν
1091 436 1435 509 τικτήσονται
1470 439 1607 510 πρὸς
1641 438 1905 508 ὠφελείας

2007 490 2010 497 .
2040 435 2320 492 obturanti
2344 448 2506 490 aures
2534 446 2687 499 suas,
2722 436 2780 487 ut
2809 445 2920 487 non
2953 428 3207 486 exaudiat
3235 440 3400 482 voces
3430 426 3619 480 inean-

337 526 430 580 διά
458 527 520 579 τὸ
550 525 701 597 βύειν
722 528 790 581 τὰ
811 522 947 595 ὦτα,
971 530 1065 585 καὶ
1098 531 1173 602 μὴ
1206 530 1606 602 καταδέχεσθαι
1632 530 1742 584 τῶν
1769 530 1931 584 θείων

336 616 564 688 ἐπῳδῶν
600 617 700 683 τὰς
731 620 991 691 δυνάμεις
1010 662 1025 686 ,
1060 621 1452 693 ἀφομοιοῦσθαι
1489 622 1547 675 δὲ
1568 622 1754 676 ἀσπίδι
1771 625 1927 694 κωφῇ

336 707 434 759 καὶ
470 706 675 780 βυούσῃ
706 709 775 762 τά
806 704 921 765 ὦτα
956 710 1150 782 αὐτῆς,
1181 713 1318 785 πρὸς
1344 714 1408 768 τὸ
1439 714 1514 784 μὴ
1548 713 1778 768 ἀκοῦσαι
1813 730 1927 783 φω-

335 796 440 867 νῆς
468 798 800 870 ἐπᾳδόντων,
846 805 1260 873 φαρμακοῦται
1289 805 1362 875 (l)
1394 807 1927 876 φαρμακευομένου

332 890 498 957 παρὰ
536 891 756 959 σοφοῦ.
796 891 887 963 Τῷ
918 894 1017 964 μὲν
1049 891 1142 950 οὖν
1168 896 1290 967 ὄφει
1321 896 1683 968 ὡμοιώοησαν
1708 898 1799 953 διὰ
1829 898 1949 970 τὴν

332 977 627 1050 ὑπόκρισιν
657 981 753 1034 καὶ
774 982 876 1052 τὴν
902 982 1238 1037 ἐπίπλαστον
1271 985 1400 1055 περὶ
1426 984 1561 1038 Θεοῦ
1593 985 1832 1056 ὁμιλίαν,
1855 989 1922 1057 τῇ

327 1068 390 1121 δὲ
418 1069 605 1123 ἀσπίδι
637 1071 726 1125 διά
751 1074 811 1126 τὸ
846 1074 1112 1146 κρύπτειν
1138 1078 1196 1129 ἐν
1220 1077 1406 1140 αὐτοῖς
1429 1078 1521 1131 τὸν
1550 1077 1925 1151 θανατηᾳςρον

333 1162 434 1215 ἱόν.
476 1164 616 1216 Ἀλλ’
653 1166 701 1217 εί
735 1167 833 1237 μὲν
867 1168 1266 1232 ἀπλῶςάσπίδι.
1298 1169 1743 1242 παρεϐλήθησαν,
1767 1169 1925 1235 ὲλπὶς

326 1251 400 1305 ἃν
422 1249 493 1324 ἦν
522 1272 652 1308 ποτε
683 1256 1162 1329 ὠφεληθήσεσθαι·
1195 1260 1317 1314 ἐπεὶ
1350 1261 1444 1314 καὶ
1473 1261 1533 1313 τὸ
1565 1242 1735 1314 δεινὸν
1761 1242 1926 1333 ἑρπε-

324 1342 422 1395 τδν
458 1344 635 1397 ἐκεῖνό
662 1347 810 1399 ἐστιν
848 1348 936 1400 ὅτε
971 1346 1033 1412 ὲξ
1057 1349 1269 1420 ἐπῳδῆς
1303 1350 1399 1403 καὶ
1428 1350 1775 1420 κατασκευῆς
1806 1338 1924 1404 ἑτέ.-

328 1451 444 1503 ρων
473 1436 635 1489 τινῶν
664 1438 997 1510 ἀπορρίπτει
1047 1440 1136 1495 τὸν
1166 1442 1261 1506 ίὺν,
1294 1444 1387 1497 καὶ
1419 1444 1510 1497 τὸν
1536 1444 1706 1515 θυμὸν
1735 1443 1923 1497 ἀποτί-

322 1523 502 1590 θεται,
537 1529 631 1582 καὶ
658 1529 850 1602 ὥσπερ
883 1533 1284 1604 ἀπονεκροῦται
1315 1536 1413 1605 τὴν
1445 1534 1640 1589 κακίαν
1661 1554 1675 1567 ο
1710 1538 1759 1589 εί
1800 1536 1857 1589 δὲ
1887 1534 1920 1606 ή

320 1617 553 1688 τοιαύτη
588 1618 708 1691 τῆς
752 1622 981 1688 ἀσπίδος
1028 1626 1222 1698 πικρία
1264 1627 1489 1700 δυνάμει
1543 1628 1718 1698 λόγων
1760 1626 1921 1683 τινῶν

323 1711 612 1776 ἐξασθενεῖ
645 1717 735 1769 καὶ
764 1717 1225 1791 ἀπομαραίνεται,
1250 1722 1342 1774 τὸν
1372 1723 1447 1775 ἱόν
1466 1740 1526 1775 τε
1558 1721 1917 1793 ἀπορρίπτει,

2033 528 2291 591 tantium,
2319 538 2498 596 neque
2543 526 2771 596 recipiat
2800 523 3086 579 remedium
3134 539 3165 574 a
3204 521 3436 589 sapiente
3460 533 3623 586 para-

2033 628 2167 674 tum.
2198 610 2448 690 Serpenti
2475 620 2640 690 igitur
2662 617 2873 673 similes
2909 624 3060 680 sunt,
3107 614 3179 669 ob
3205 612 3544 686 hypocrisin,
3567 622 3622 665 et

2032 712 2350 768 'simulatum
2392 711 2525 765 illud
2560 709 2630 766 de
2668 709 2780 765 Deo
2820 708 3189 779 colloquium;
3241 705 3417 776 aspidi
3463 718 3615 764 vero,

2030 807 2157 876 quia
2216 806 2377 861 letale
2434 819 2704 859 venenum
2744 805 2799 857 in
2848 819 2908 857 sc
2967 801 3267 857 occultant.
3324 798 3524 853 Verum
3570 798 3616 851 si

2030 896 2208 974 aspidi
2239 896 2508 950 duntaxat
2555 892 2911 965 comparandi
2938 899 3146 956 essent,
3181 906 3307 961 spes
3338 889 3480 945 foret
3521 903 3617 943 eos

2029 989 2322 1059 aliquando
2363 988 2650 1041 utilitatem
2685 992 3041 1055 percepturos
3078 1000 3091 1035 :
3135 982 3407 1053 siquidem
3438 979 3612 1034 ferum

2027 1082 2163 1137 illud
2202 1081 2414 1150 reptile,
2476 1096 2544 1134 ex
2601 1076 2974 1132 incantatione
2996 1083 3049 1131 et
3084 1073 3316 1131 artiﬁcio
3349 1086 3614 1143 quorum-

2028 1170 2177 1238 d’am,
2228 1175 2381 1228 virus
2420 1170 2819 1242 nonnunquam
2855 1170 3068 1240 abjicit,
3124 1167 3475 1235 furoremque
3515 1164 3612 1218 de-

2025 1266 2203 1336 ponit,
2235 1275 2288 1320 et
2323 1264 2481 1335 quasi
2515 1263 2888 1334 exstinguitur
2921 1260 3101 1333 quoad
3136 1259 3420 1315 malitiam.
3454 1256 3608 1322 Quod

2031 1356 2080 1411 si
2107 1355 2234 1411 talis
2271 1356 2544 1411 acerbitas
2590 1354 2798 1426 aspidis
2837 1354 2888 1408 vi
2914 1351 3286 1424 quorumdam
3316 1350 3607 1405 verborum

2025 1448 2342 1504 debilitatur
2364 1458 2418 1504 et
2472 1447 2786 1509 marcescit,
2828 1456 3207 1515 venenumque
3238 1443 3448 1511 abjicit,
3478 1438 3611 1510 quid

2029 1541 2319 1597 dicendum
2350 1541 2418 1595 de
2446 1541 2629 1595 anima
2655 1538 2917 1601 hominis,
2950 1552 3073 1607 qua:
3096 1533 3161 1588 ad
3196 1534 3484 1604 imaginem
3514 1529 3610 1585 Dei

2026 1629 2169 1686 facta
2195 1641 2303 1693 est,
2334 1631 2442 1686 nisi
2470 1645 2591 1685 eam
2616 1629 2789 1684 multo
2820 1628 3004 1699 potius
3027 1642 3192 1697 quam
3226 1624 3421 1694 reptile
3474 1620 3610 1675 illud

2024 1736 2217 1791 genus,
2246 1720 2495 1790 deposito
2519 1720 2741 1775 malitia:
2770 1734 3000 1782 veneno,
3058 1719 3114 1771 in
3164 1715 3358 1770 melius
3388 1722 3611 1768 mutan‘

317 1804 378 1896 τί
406 1806 510 1896 χρὴ
542 1805 722 1875 λέγειν
754 1783 891 1881 περὶ·
910 1783 1201 1882 ἀνθρώπου
1239 1812 1436 1883 ψυχῆς,
1459 1814 1559 1882 τῆς
1584 1783 1905 1869 κατ-’.είκόνα

2022 1811 2148 1868 dam
2181 1828 2337 1877 esse;
2366 1814 2412 1868 si
2444 1821 2626 1867 tamen
2681 1826 2825 1896 sese‘
2851 1811 3161 1865 divinarum
3189 1805 3606 1875 disciplinarum

316 1892 459 1946 Θεοῦ
491 1897 868 1968 γεγενημένης
892 1940 908 1962 ,
934 1899 1048 1951 ἀλλ’
1080 1901 1161 1952 ὄτι
1189 1899 1285 1952 καὶ
1315 1899 1452 1969 αὑτὴ
1483 1900 1620 1953 πολὺ
1657 1900 1857 1970 μᾶλλον
1879 1901 1913 1971 ἢ

313 1982 384 2035 τὸ
432 1985 763 2056 ἑρπυστικδν
805 1991 985 2043 ἐκεῖνο
1028 1988 1186 2059 γένος
1245 1990 1538 2060 μετῶαλεν
1593 1990 1660 2044 ἂν
1702 1992 1797 2045 ἐπὶ
1855 1991 1916 2043 τὸ

313 2077 607 2146 κρεῖττον,
653 2078 756 2148 τῆς
790 2080 989 2143 κακίας
1044 2081 1122 2133 ίδν
1167 2080 1513 2153 ἀποθεμένη,
1555 2083 1605 2135 εί
1654 2080 1913 2155 παρεῖχεν

308 2165 526 2238 ιαυτὴν
555 2170 621 2238 τῇ
667 2170 733 2223 ἐκ
778 2168 887 2223 τῶν
921 2170 1079 2224 θείων
1121 2171 1461 2242 μαθημάτων
1495 2172 1763 2244 ὠφελείᾳ,
1817 2175 1913 2227 καὶ

308 2260 438 2322 ταῖς
468 2258 689 2331 ἀληθῶς
720 2260 1101 2326 θεοπνεύστοις
1134 2264 1407 2333 timidule;
1439 2265 1531 2317 Διὸ
1558 2265 1623 2336 δὴ
1663 2265 1910 2337 ἀκριϐῶς

308 2351 341 2402 ὁ
367 2348 526 2418 λόγος
567 2353 667 2421 οὐχ
697 2352 886 2416 ἀπλῶς
914 2354 1101 2408 ἀσπίδι
1146 2356 1246 2426 τὴν
1288 2355 1545 2425 τοιαύτην
1579 2355 1905 2426 παρέϐαλεν,

311 2439 433 2492 ἀλλ’
482 2440 669 2495 ἀσπίδι
715 2447 872 2516 κωφῇ
900 2484 914 2506 ,
945 2446 1044 2498 οὐκ
1090 2446 1156 2497 ἐκ
1198 2445 1413 2513 φύσεως
1464 2445 1599 2519 οΰσῃ
1646 2446 1903 2519 τοιαύτῃ,

308 2528 429 2582 ἀλλ’
468 2531 532 2582 ὲκ
566 2535 945 2604 προαιρέσεως
976 2534 1177 2607 ἑαυτὴν
1205 2535 1593 2610 ἀποκωφούσῃ.
1631 2536 1724 2589 Διὸ
1748 2536 1903 2608 sip-qi-

305 2632 436 2681 ται,
494 2619 591 2685 Ὠς
626 2620 888 2688 ἀσπίδος
933 2622 1140 2691 κωφῆς
1189 2623 1290 2677 καὶ
1340 2626 1623 2692 ,θυούσης
1670 2625 1743 2679 τὰ
1785 2621 1905 2679 ὦτα

306 2706 524 2777 αὐτῆς.
575 2708 731 2763 Οὕτω
770 2712 881 2783 γάρ
933 2729 1066 2767 ποτε
1115 2714 1212 2767 καὶ
1256 2714 1543 2785 ἄνθρωπος
1583 2715 1692 2769 τῶν
1743 2716 1903 2770 θείων

303 2800 543 2870 ἀνήκοος
571 2800 765 2870 λόγων,
792 2804 855 2857 οὐ
896 2804 1049 2876 παρά
1082 2805 1144 2858 τὸ
1172 2805 1536 2876 κεκωφῶσθαι
1564 2806 1664 2878 τὴν
1696 2806 1899 2879 ψυχὴν,

303 2890 601 2963 ἐστέρηται
631 2894 730 2964 τῆς
754 2895 946 2965 ἀκοῆς,
977 2896 1129 2967 παρᾶ
1157 2896 1215 2949 δὲ
1249 2898 1348 2968 τὴν
1369 2898 1577 2952 οἰκείαν
1609 2898 1863 2970 βούλησιν
1882 2917 1896 2930 ’

303 2979 455 3035 ἑκὼν
487 2982 599 3055 γάρ
640 2984 830 3039 ἑαυτὸν
867 2988 1155 3057 ἀποκωφοῖ
1203 2988 1522 3059 βιαζόμενος
1565 2988 1663 3061 τὴν
1702 2991 1899 3045 ἑαυτοῦ

303 3072 491 3171 φυσιν.
859 3078 1062 3171 κωφὴν
1091 3077 1270 3150 ψυχὴν
1310 3080 1411 3135 οὐκ
1450 3081 1774 3153 εἰργάσατο,
1818 3083 1898 3148 ὡς
1925 3114 1967 3171 C

296 3164 427 3216 οὐδὲ
457 3166 822 3239 τυφλὴν,οὺδὲ
845 3170 1125 3242 ἀνάπηρον
1140 3211 1154 3235 ,
1184 3171 1304 3224 οὐδὲ
1326 3172 1463 3235 ὅλως
1485 3171 1694 3245 λελωϐη
1702 3174 1892 3246 μένην·

300 3258 629 3330 ἐρρωμένην
651 3259 709 3313 δὲ
736 3260 879 3315 κατά
904 3261 1085 3327 πάσας
1119 3263 1291 3333 αὐτῆς
1321 3264 1422 3328 τὰς
1445 3264 1709 3335 δυνάμεις
1730 3283 1742 3295 ·
1773 3267 1896 3321 ἐπεὶ

297 3351 424 3403 κατ’
458 3351 643 3405 εἰκόνα
669 3354 764 3406 καὶ
795 3353 918 3407 καθ’
950 3354 1210 3425 ὁμοίωσιν
1236 3355 1335 3427 τὴν
1365 3355 1530 3409 αὑτοῦ
1571 3357 1663 3411 τὸν
1686 3358 1896 3431 ἄνθρω-

297 3454 404 3494 των
442 3442 808 3514 ὑπεστήσατο.
859 3446 1132 3508 Ἕκαστος
1157 3445 1214 3499 δὲ
1258 3446 1451 3499 ἑαυτὸν
1484 3448 1771 3518 ἀποκωφοί
1801 3451 1893 3502 καὶ

293 3534 531 3603 τυφλοῖ,
579 3537 674 3590 καὶ
716 3536 816 3610 τὴν
865 3540 1052 3592 οὐσίαν
1080 3541 1178 3612 τῆς
1204 3541 1398 3595 ἑαυτοῦ
1424 3543 1602 3614 ψυχῆς
1630 3545 1888 3601 λωϐᾶται.

296 3622 470 3680 Τοῦτο
497 3626 554 3680 δὲ
598 3629 686 3683 διά
724 3630 944 3684 Ἡσαΐου
979 3632 1074 3685 τοῦ
1106 3636 1384 3705 προφήτου
1417 3638 1447 3689 ὁ
1486 3638 1551 3689 ὲκ
1588 3639 1892 3709 περιτομῆς

293 3714 663 3787 ἀπελίγχεται
707 3723 966 3793 πράττων
1004 3724 1152 3787 λαός.
1204 3725 1295 3777 Διὸ
1336 3725 1588 3780 λέλεκται
1621 3729 1758 3799 πρὸς
1796 3731 1893 3785 αὐ-

291 3806 456 3871 τούς·
503 3809 846 3882 Ἐπαχύνθη
883 3817 923 3883 ἡ
956 3816 1172 3883 καρδία
1201 3817 1307 3871 τοῦ
1336 3818 1492 3872 λαοῦ
1526 3822 1764 3885 τούτου,
1790 3822 1891 3878 καὶ

291 3899 421 3966 τοῖς
452 3900 567 3954 ὠσὶ
605 3903 843 3972 ,ϐαρέως
886 3906 1200 3975 ἤκουσαν,
1238 3911 1333 3963 καί
1364 3912 1507 3978 τοὺς
1544 3915 1892 3985 ὀφθαλμοὺς

288 3989 684 4060 ἐκάμμυσαν,
716 3996 814 4049 καί
843 3997 916 4051 τὰ
938 3994 1059 4052 ὦτα
1084 4000 1386 4069 ἐϐάρυναν
1410 4020 1423 4033 ·
1451 4004 1686 4073 μήποτε
1718 4007 1891 4062 ἴδωσι

288 4082 419 4150 τοῖς
447 4085 779 4157 ὀφθαλμοῖς
799 4128 813 4152 ,
846 4090 944 4144 καὶ
975 4092 1102 4159 τοῖς
1123 4093 1277 4148 ὠσίν
1300 4096 1611 4153 ἀκούσωσι
1632 4138 1646 4162 ,
1674 4099 1774 4154 καί
1812 4099 1888 4169 τῇ

286 4175 509 4244 καρδίᾳ
556 4179 790 4234 συνῶσι
807 4222 822 4247 ,
872 4184 971 4237 καὶ
1006 4184 1443 4255 ἐπιστρέψωσι,
1493 4190 1591 4243 καὶ
1633 4188 1887 4261 ίάσωμαι

283 4269 533 4335 αὐτούς.
559 4270 747 4339 υῦτως
769 4270 863 4329 οὖν
885 4272 1071 4357 ἀσπίδι
1095 4280 1253 4350 κωφῇ
1289 4281 1488 4353 ἑαυτὴν
1512 4282 1885 4358 ἀποκωφούσῃ

281 4361 313 4413 ὁ
358 4358 472 4413 τῶν
517 4360 679 4415 θείων
720 4364 953 4441 ἀνήκοος
991 4366 1167 4436 λόγων
1200 4371 1613 4441 παρωμοίωται.
1660 4373 1751 4426 Διὺ
1795 4374 1883 4427 λέ-

2020 1905 2266 1971 utilitati,
2302 1912 2356 1959 et
2386 1903 2652 1959 divinitus
2665 1900 2791 1959 vere
2821 1901 3104 1973 ins‘piratis
3136 1897 3607 1954 incantationibus

2018 1995 2292 2066 applicet?
2353 1993 2720 2060 Quamobrem
2754 2000 3012 2048 accurate
3046 2005 3229 2047 sermo
3280 2005 3388 2043 non
3424 1985 3602 2057 aspidi

2018 2086 2341 2157 simpliciter
2370 2087 2579 2151 talem.
2599 2086 2838 2140 animam
2884 2084 3256 2154 comparavit,
3284 2082 3378 2136 sed
3425 2079 3602 2150 aspidi

2015 2175 2220 2239 surdae,
2251 2170 2375 2246 quae
2419 2192 2528 2230 non
2583 2190 2647 2229 ex
2709 2182 2905 2228 natura
2953 2188 3052 2229 sua
3088 2170 3254 2225 surda
3286 2170 3377 2236 sit,
3415 2169 3510 2226 sed
3535 2178 3603 2223 ex

2012 2264 2234 2333 propria
2283 2252 2567 2318 voluntate
2599 2264 2724 2318 Ialis
2756 2263 3012 2317 evaserit.
3052 2262 3233 2327 Quare
3258 2260 3463 2315 dictum
3495 2264 3599 2324 est,

2011 2350 2159 2407 Sicut
2215 2354 2416 2421 aspidis
2451 2356 2628 2407 surda:
2680 2362 2731 2407 et
2769 2352 3069 2406 obturantis
3117 2362 3271 2404 aures
3319 2365 3466 2403 suas.
3508 2344 3600 2399 Sic

2007 2444 2154 2499 enim
2190 2442 2484 2513 aliquando
2506 2444 2669 2498 homo
2691 2444 2854 2498 verba
2873 2442 3058 2496 divina
3089 2457 3195 2495 non
3221 2438 3471 2500 audiens,
3490 2452 3596 2490 non

2008 2533 2154 2604 quod
2182 2534 2365 2588 anima
2390 2532 2593 2589 surdus
2621 2534 2879 2597 evaserit,
2899 2533 3087 2587 auditu
3114 2530 3383 2601 privatur,
3424 2529 3518 2583 sed
3543 2529 3597 2583 id

2008 2626 2242 2696 propriae
2271 2626 2570 2681 voluntatis
2593 2633 2711 2690 est;
2743 2630 2939 2695 sponte
2967 2639 3205 2693 namque
3246 2629 3458 2676 naturze
3485 2620 3595 2675 vim

2006 2717 2248 2774 inferens
2265 2733 2379 2773 suae
2406 2716 2770 2773 obsurdescit.
2793 2715 3003 2771 Etenim
3036 2713 3179 2769 Deus
3208 2728 3316 2767 non
3347 2712 3593 2774 surdam,

2004 2825 2113 2865 non
2145 2825 2370 2871 caecam.
2402 2826 2512 2865 non
2545 2809 2789 2863 mutilam
2816 2809 2898 2863 vel
2920 2820 3167 2862 mancam
3192 2806 3466 2869 animam;
3498 2802 3593 2858 sed

2003 2900 2241 2956 validam
2279 2903 2599 2970 cunctisque
2653 2900 2769 2955 suis
2801 2896 3099 2951 virtutibus
3145 2894 3429 2965 praeditam
3461 2892 3591 2947 eﬂ'e-

2003 2992 2107 3060 cit;
2139 3008 2266 3048 nam
2291 2996 2360 3047 ad
2390 2993 2685 3062 imaginem
2725 2996 2780 3044 et
2830 2987 3245 3045 similitudinem
3292 3000 3448 3040 suam
3490 2984 3591 3038 bo-

2004 3087 2209 3143 minem
2239 3086 2506 3142 condidit.
2567 3082 2811 3153 Quisque
2841 3096 2971 3137 vero
3001 3079 3320 3137 surditatem
3347 3078 3451 3132 sibi
3484 3094 3591 3132 cm-

2003 3181 2338 3251 citatemque
2366 3183 2648 3247 procurat,
2699 3172 3005 3242 animatque
3059 3186 3174 3226 sua:
3217 3169 3585 3225 substantiam

2000 3273 2308 3329 labefactat.
2336 3269 2492 3337 Quod
2529 3270 2762 3340 populus
2809 3282 2873 3322 ex
2930 3262 3354 3320 circumcisione
3390 3261 3587 3316 fecisse

1996 3381 2093 3436 per
2115 3365 2311 3419 lsaiam
2340 3363 2591 3432 arguitur
2621 3361 2707 3414 his
2730 3359 2912 3415 verbis
2946 3377 2960 3413 :
2994 3357 3365 3411 lncrassatum
3388 3362 3466 3408 est
3496 3370 3587 3407 cor

1994 3453 2173 3522 populi
2198 3451 2378 3521 hujus,
2402 3459 2450 3503 et
2472 3449 2690 3504 auribus
2720 3449 2951 3520 graviter
2983 3447 3289 3510 audierunt,
3321 3454 3371 3499 et
3404 3445 3585 3498 oculos

1993 3545 2332 3608 clauserunt,
2373 3561 2437 3613 ne
2475 3544 2612 3612 forte
2652 3540 2859 3597 videant
2901 3539 3091 3605 oculis,
3148 3549 3196 3593 et
3241 3537 3462 3592 auribus
3487 3554 3587 3590 au-

1994 3633 2167 3697 diant,
2192 3644 2242 3689 et
2272 3632 2427 3688 corde
2451 3634 2771 3703 intelligant,
2805 3642 2854 3686 et
2883 3639 3286 3696 convertantur,
3320 3640 3370 3684 et
3400 3645 3586 3683 sanem

1992 3741 2081 3779 eos
2106 3726 2174 3779 ⁸ο.
2212 3723 2305 3779 Sic
2355 3740 2485 3795 ergo
2536 3724 2715 3794 aspidi
2750 3724 2931 3778 surda:
2975 3733 3031 3779 et
3087 3721 3367 3777 obturanli
3423 3736 3586 3775 aures

1990 3825 2368 3886 comparatur,
2428 3816 2519 3886 qui
2543 3815 2729 3869 divina
2750 3815 2919 3891 verba
2950 3830 3060 3870 non
3084 3812 3256 3867 audit.
3290 3812 3472 3878 Quare
3503 3826 3588 3866 se-

1992 3909 2235 3964 cundum
2275 3903 2666 3980 Symmachum
2710 3907 2955 3962 dicitur:
2992 3905 3140 3962 Sicut
3163 3904 3341 3975 aspidi
3377 3901 3579 3966 surdw,

1993 3999 2270 4056 abturanti
2296 3999 2599 4053 auriculam
2649 4015 2825 4063 suam,
2852 4009 2910 4052 ut
2945 4014 3008 4053 ne
3055 3997 3241 4051 audiat
3285 4012 3458 4050 vocem
3488 4010 3577 4049 su-

1990 4092 2345 4157 surrantium,
2376 4106 2686 4161 unoquoque
2720 4091 3110 4144 incantationes
3151 4089 3415 4158 sapienter
3449 4085 3577 4139 edo-

1989 4192 2095 4236 cto.
2129 4180 2329 4237 Verum
2364 4181 2529 4237 homo
2555 4195 2701 4235 nunc
2725 4180 3017 4243 exsistens,
3043 4179 3135 4249 qui
3165 4192 3286 4233 sese
3304 4175 3397 4229 tali
3418 4173 3580 4229 modo

1989 4273 2301 4337 constituit,
2335 4271 2465 4327 dum
2496 4272 2611 4328 haec
2644 4272 2755 4344 agit
2788 4286 2818 4325 a
2845 4271 3033 4327 multis
3062 4270 3344 4335 noscitur;
3384 4275 3440 4321 at
3466 4264 3579 4321 Deo

1987 4367 2149 4421 etiam
2184 4373 2312 4421 ante
2336 4372 2519 4421 ortum
2546 4375 2744 4432 notus;
2778 4366 2888 4419 imo
2916 4378 3046 4420 vero
3068 4363 3161 4417 diu
3197 4368 3489 4430 antequam
3519 4359 3577 4413 in

278 4449 472 4505 λεκται
529 4454 673 4507 κατά
723 4455 815 4510 τὸν
866 4440 1195 4529 Σθμμαχονο
1259 4440 1375 4526 Ὡςί
1402 4462 1615 4516 ἀσπίδι
1674 4464 1877 4534 κωφῇ,

2007 4465 2146 4512 itero
2177 4458 2583 4527 conciperetur,
2626 4457 2772 4527 quod
2796 4456 2921 4512 talis
2950 4455 3168 4511 futurus
3194 4460 3359 4514 esset.
3394 4453 3464 4507 ab
3507 4466 3573 4506 eo

274 4540 529 4609 βυούσῃ
555 4541 733 4595 ὠτίον
764 4544 976 4613 αὐτῆς,
1024 4546 1124 4599 ἵνα
1149 4546 1237 4616 μὴ
1280 4548 1519 4617 ἀκούσῃ
1547 4549 1759 4617 φωνὴν
1785 4553 1881 4619 ψι-

280 4630 658 4699 θυριζόντων,
692 4635 951 4690 ἑκάστου
984 4637 1221 4704 ἐπῳδὰς
1246 4639 1720 4709 σεσοφισμένου.
1738 4640 1877 4693 Ἀλλ’

277 4718 308 4768 ὁ
344 4717 445 4786 μὲν
474 4723 569 4777 νῦν
606 4725 856 4795 ὑφεστὼς
903 4728 1219 4799 ἄνθρωπος,
1270 4732 1365 4783 καὶ
1396 4732 1641 4785 τοιοῦτον
1685 4732 1877 4785 ἑαυτὸν

280 4809 702 4877 κατασκευάσας
724 4857 739 4879 ,
771 4818 871 4889 ὅτε,
892 4820 1062 4873 ταῦτα
1102 4821 1332 4892 πράττει
1352 4862 1366 4883 ,
1399 4825 1510 4886 τοῖς
1543 4820 1755 4886 πολλοῖς
1792 4839 1878 4890 γι-

1987 4550 2444 4620 cognoscebatur.
2478 4547 2764 4604 Incassum
2810 4563 2940 4619 ergo
2986 4547 3090 4602 sibi
3125 4545 3227 4614 ipsi
3273 4543 3452 4598 illudit
3478 4540 3573 4611 qui

1982 4642 2253 4712 justitiam
2285 4658 2381 4698 ore
2414 4640 2701 4712 profitetur
2726 4684 2741 4708 ,
2778 4639 2907 4695 dum
2966 4638 3221 4693 manibus
3244 4635 3570 4705 injustitiam

1985 4734 2299 4804 complicat,
2332 4734 2640 4802 deindeque
2672 4731 3019 4801 iniquitatem
3051 4730 3106 4783 in
3139 4727 3303 4783 corde
3331 4725 3573 4780 occultat

1985 4839 2107 4888 suo,
2137 4839 2202 4878 ac
2226 4825 2271 4879 si
2308 4825 2361 4879 in
2394 4824 2581 4879 divino
2613 4823 2873 4878 tribunali
2900 4821 3003 4892 ipsi
3033 4819 3147 4875 Deo
3171 4820 3342 4874 latere
3371 4816 3570 4887 possit.

275 4896 555 4989 VdmeTAa-t
578 4916 590 4931 °
633 4903 710 4972 τῷ
739 4905 794 4957 δὲ
828 4907 946 4979 Θεῷ
1014 4913 1108 4963 καὶ
1161 4912 1267 4983 πρὸ
1308 4912 1607 4979 γενέσεως,
1645 4915 1739 4967 καὶ
1774 4914 1907 4967 πολὺ
1948 4914 2213 4988 πρότερον
2258 4917 2363 4989 πρὸ
2394 4916 2496 4987 τῆς
2541 4916 2684 4969 κατά
2714 4914 2949 4986 γαστρὸς
2982 4910 3332 4983 συλλήψεως,
3395 4908 3570 4963 «nos-

271 5001 370 5048 τας
410 4987 667 5056 ἐσόμενος
703 4994 1046 5065 ὲγνωρίζετο.
1082 5002 1275 5073 Μάτην
1309 5004 1416 5073 ἄρα
1448 5003 1640 5056 ἑαυτὸν
1684 5006 1869 5076 ἀπατᾷ
1906 5009 1935 5059 ὁ
1978 4987 2158 5060 λαλεῖν
2196 4987 2312 5078 μὲν⁷
2342 5008 2693 5077 δικαιοσύνην
2745 5005 3253 5075 ἐπαγγελλόμενος,
3323 5005 3442 5064 ταῖς
3507 5000 3565 5053 δὲ

274 5080 469 5174 χερσὶν
511 5082 675 5135 αὐτου
743 5089 1071 5157 συμπλέκων
1114 5095 1360 5148 ἀδικίαν’
1396 5096 1585 5150 ἔπειτα
1630 5098 1889 5168 κρύπτων
1927 5102 1984 5154 ὲν
2009 5105 2073 5173 τῇ
2140 5102 2337 5174 καρδίᾳ
2368 5101 2561 5155 ἑαυτοῦ
2600 5100 2695 5171 τὴν
2731 5100 2992 5171 ἀνομίαν,
3031 5099 3107 5165 ὡς
3166 5098 3260 5153 καὶ
3301 5097 3392 5151 τὸν
3436 5096 3567 5149 Θεὸν

273 5172 579 5242 λησόμενος
604 5177 660 5228 ὲν
685 5178 762 5249 τῷ
792 5180 920 5254 θείῳ
947 5186 1206 5260 δικαιωτη
1218 5192 1333 5260 ρίῳ.

365 5284 421 5337 ’0
472 5289 617 5354 Θεὸς
666 5296 988 5363 συντρίψει
1016 5300 1159 5365 τοὺς
1185 5301 1437 5370 ὀδόντας
1473 5304 1673 5359 αὐτῶν
1693 5306 1764 5359 ἐν
1788 5307 1868 5373 τῷ

272 5378 532 5445 στόματι
566 5382 799 5449 αὐτῶν,
832 5388 925 5441 καὶ
955 5389 1023 5442 τὰ
1051 5389 1196 5461 ἑξῆς.
1238 5394 1318 5447 Td:
1358 5398 1727 5468 προλεχθέντα
1763 5418 1867 5470 μα-

348 5556 396 5585 ⁶⁰
439 5554 543 5613 lsa.
580 5574 664 5627 vi,
702 5563 787 5617 10,

345 5709 425 5777 (1)
460 5707 622 5779 Lege,
657 5720 947 5786 φαρμάκου
978 5736 1058 5773 τε.
1093 5716 1296 5791 Estque
1336 5725 1499 5781 lectio
1523 5726 1931 5785 Theodotionis.

602 5807 866 5869 PATRUL.
917 5814 1034 5873 (ἶιι.
1075 5813 1287 5874 XXIII.

2054 5308 2216 5365 Vens.
2258 5310 2309 5374 7,
2343 5308 2394 5363 8.
2458 5308 2599 5362 Deus
2646 5319 2877 5363 conteret
2911 5308 3089 5363 dentes
3149 5326 3329 5363 eorum
3377 5312 3429 5363 in
3475 5328 3563 5366 ore

1978 5403 2234 5470 ipsorum,
2277 5412 2328 5456 et
2367 5410 2583 5457 czetera.
2623 5399 2731 5456 Hac
2753 5401 2820 5457 de
2844 5402 3227 5471 peccatoribus
3259 5402 3451 5457 notitia
3478 5403 3562 5456 in-

3169 5840 3240 5897 17
