4100 6538
488 322 509 347 ⁷
531 330 641 390 523

1237 320 1507 380 euseeu
1543 304 2028 375 C/ESARIENSIS
2067 312 2219 369 ore.
2256 310 2437 367 rans
2474 298 2565 365 ut;
2610 337 2678 348 -
2725 299 3119 362 EXEGETICA’

3684 293 3791 352 εει

494 452 508 463 “
532 445 728 506 structi
771 444 863 499 lilii
895 444 1196 507 hominum,
1229 442 1372 513 quod
1398 440 1609 496 scilicet
1654 454 1683 492 a
1728 438 1837 493 Deo
1903 451 2111 506 prreno-

2236 434 2393 495 ιόντες
2428 448 2493 482 πε
2504 430 2556 500 pi.
2580 429 2688 482 τῶν
2730 424 3067 497 ἁμαρτωλῶν
3103 424 3153 476 οἱ
3184 423 3291 475 υἱοὶ
3316 419 3425 474 τῶν
3453 417 3789 491 ἀνθρώπων,

500 545 786 599 srantur,
809 544 863 591 et
890 534 1035 605 quod
1078 540 1366 603 antequam
1400 532 1466 585 ad
1500 530 1751 584 homines
1785 528 2104 588 transirent,

497 646 509 706 ς
534 637 724 685 notum
746 628 820 680 illi
852 635 997 681 esset
1055 625 1189 679 tales
1230 626 1379 693 ipsos
1408 622 1656 685 futuros,
1690 619 1874 673 audite
1920 618 2107 685 cujus-

534 719 681 773 modi
708 717 812 771 line
848 716 1007 770 iidem
1063 710 1818 784 exeipiendisinl.Quoniam
1869 708 2011 763 enim
2050 706 2111 760 li-

534 803 662 856 bera
684 808 738 855 et
767 801 852 856 sui
878 800 1091 854 arbitrii
1124 798 1586 868 natiira'pmditi,
1618 796 1671 849 vi
1700 792 2107 850 internoscendi

534 894 664 948 boni
690 900 743 948 et
780 892 1040 947 contrarii
1067 892 1343 957 instructi,
1368 900 1530 962 atque
1550 891 1773 945 liberam
1808 888 1873 942 ad
1902 890 2113 940 utrum-

533 988 666 1041 libet
699 985 1105 1041 inclinationem
1133 984 1301 1049 nacti,
1326 998 1433 1038 non
1452 990 1598 1038 recte
1619 982 1828 1051 judicio
1852 995 1952 1035 suo
1980 988 2111 1036 sunt

534 1080 645 1145 usi,
676 1093 852 1148 neque
868 1085 1075 1133 rectam
1102 1077 1267 1140 viam,
1299 1074 1403 1130 etsi
1425 1080 1607 1128 notam
1627 1072 1753 1138 sibi,
1780 1072 2108 1134 dilexerunt,

535 1188 714 1244 neque
764 1172 1024 1241 operibus
1070 1169 1342 1239 justitiam
1403 1167 1678 1229 adierunt,
1740 1180 1902 1236 quam
1930 1164 2112 1219 verbis

535 1266 803 1320 duntaxat
834 1272 889 1317 et
918 1263 1076 1317 lahiis
1109 1268 1237 1316 sunt
1274 1257 1530 1328 professi,
1563 1257 1847 1326 veterique
1874 1255 2111 1327 serpenti

536 1359 765 1421 similes,
802 1355 992 1426 aspide
1028 1353 1194 1411 surda
1230 1352 1530 1408 deteriores
1557 1365 1781 1406 evasere
1805 1368 1820 1415 ;
1843 1349 1965 1403 ideo
1993 1363 2115 1418 qua:

535 1451 672 1522 ipsis
724 1458 983 1505 eventura
1029 1448 1140 1503 sint
1169 1446 1375 1506 audite,
1422 1444 1750 1513 diseiteque,
1787 1442 1856 1497 ab
1894 1441 2115 1496 univer-

537 1555 723 1594 sorum
742 1539 929 1607 judice
952 1538 1060 1593 Deo
1089 1535 1453 1591 conterendos
1471 1550 1595 1589 esse
1624 1533 1868 1602 ipsorum
1900 1531 2112 1593 dentes,

536 1631 630 1700 qui
671 1630 805 1684 nihil
842 1645 1068 1699 prorsus
1105 1643 1135 1683 a
1182 1627 1432 1683 leonibus
1482 1626 1817 1694 discrepant,
1871 1634 1925 1679 et
1971 1624 2115 1694 quod

539 1714 797 1790 posthaec
836 1719 1018 1773 omnia
1053 1720 1229 1773 instar
1277 1733 1432 1787 aqua:
1477 1715 1747 1771 ellluentis
1777 1715 2115 1770 dissolvendi

2219 526 2312 578 καὶ
2339 525 2415 586 ὡς
2433 562 2448 586 ,
2483 520 2925 594 προγνωσθέντες
2951 517 3056 569 ὑπὸ
3086 514 3180 568 τοῦ
3212 513 3379 576 Θεοῦ,
3417 514 3512 567 καῖ
3552 512 3681 582 πρὶν
3708 513 3790 578 εις

2217 617 2537 689 ἀνθρώπους
2588 611 2878 684 παρελθεῖν
2902 648 2917 671 ,
2958 607 3312 678 ἐγνωρίζοπο
3355 604 3504 673 αὑτῷ
3542 604 3793 673 ἐσόμενοι

2216 710 2483 772 τοιοῦτοι,
2526 706 2753 761 ἀκούετε
2799 705 2979 757 ὁποῖον
3018 701 3171 763 τέλος
3215 700 3411 761 αὐτοὺς
3454 696 3788 765 διαλήψεται.

2231 799 2447 868 Ἐπειδὴ
2499 797 2641 866 γὰρ,
2694 793 2908 863 φύσεως
2953 790 3243 859 ἐλευθέρας
3300 789 3395 841 καὶ
3444 783 3794 848 αὐτεξουσίου

2218 894 2519 965 γενόμενοι,
2536 887 2857 960 διακριτικοί
2880 905 2939 940 τε
2962 886 3059 940 τοῦ
3088 882 3252 937 καλοῦ
3278 882 3372 934 καὶ
3401 878 3493 933 τοῦ
3526 877 3792 935 ἐναντίου,

2220 983 2318 1052 τήν
2344 997 2403 1032 τε
2435 981 2515 1041 εἰς
2541 976 2778 1047 ἑκάτερα
2808 974 2979 1046 ῥοπὴν
3004 972 3102 1044 τὴν
3121 974 3177 1024 ἐν
3197 971 3408 1031 ἑαυτοῖς
3438 965 3793 1035 κεκτημένοι,

2218 1075 2319 1128 οὐκ
2363 1072 2535 1143 ὀρθῶς
2564 1071 2864 1141 ἐχρήσαντο
2899 1066 2976 1137 τῷ
3004 1062 3275 1136 κριτηρίῳ
3298 1099 3313 1123 ,
3339 1059 3461 1113 οὐδὲ
3496 1058 3794 1127 ἠγάπησαν

2218 1166 2315 1236 τὴν
2342 1164 2583 1227 εὐθεῖαν,
2619 1161 2820 1228 καίπερ
2852 1156 3060 1225 εἰδότης
3092 1152 3279 1222 αὐτὴν,
3303 1150 3412 1204 οὐδ’
3445 1149 3629 1219 ἔργοις
3663 1162 3794 1217 μετα

2220 1256 2382 1327 ἦλθον
2431 1255 2530 1324 τὴν
2577 1249 2943 1318 δικαιοσύνην,
2978 1247 3044 1316 ἢν
3074 1244 3218 1313 λόγῳ
3254 1242 3400 1312 μόνῳ
3428 1239 3523 1294 καὶ
3560 1238 3795 1309 χείλεσιν

2221 1345 2634 1417 ἐπηγγέλλοντο,
2657 1340 2736 1411 τῷ
2761 1338 2975 1409 παλαιῴ
2998 1337 3055 1390 δὲ
3087 1335 3208 1403 ὄφει
3232 1330 3609 1404 ὁμοιωθέντες,
3626 1329 3794 1381 ἀσπί-

2221 1438 2310 1501 δος
2342 1436 2532 1503 κωφῆς
2551 1432 2762 1502 χείρους
2784 1428 3060 1497 ἐγένοντο*
3087 1424 3276 1479 τούτου
3302 1422 3457 1493 χάριν
3485 1418 3795 1474 ἐπακούσαι-

2222 1545 2281 1581 τε
2312 1526 2433 1579 τίνα
2470 1525 2563 1577 καὶ
2596 1523 2793 1584 αὐτοὺς
2831 1518 3146 1591 περιμένει,
3196 1515 3488 1587 μαθόντες,
3514 1512 3590 1575 ὡς
3625 1512 3655 1563 ὁ
3683 1510 3793 1562 τῶν

2223 1622 2357 1674 ὅλων
2384 1615 2577 1689 κριτὴς
2610 1613 2743 1675 Θεὸς
2772 1610 3051 1681 συντρίψει
3077 1609 3203 1670 τοὺς
3228 1606 3447 1667 ὀδόντας
3473 1601 3654 1655 αὐτῶν
3675 1599 3796 1653 κατ’

2223 1713 2376 1767 οὐδὲν
2400 1707 2763 1778 διαφερόντων
2790 1704 3021 1757 λεόντων
3038 1743 3053 1765 ,
3084 1700 3178 1753 καὶ
3203 1699 3279 1761 ὡς
3310 1695 3451 1767 μετά
3477 1694 3654 1747 πάντα
3685 1692 3798 1745 δια-

541 1786 673 1865 sint.
702 1809 837 1863 Nam
866 1810 1011 1863 illius
1033 1810 1173 1873 loco,
1208 1808 1292 1861 Ad
1314 1786 1538 1862 nihilum
1571 1808 1839 1862 devenient
1870 1817 2121 1877 tanquam

2236 1808 2547 1878 λυθήσονται
2595 1803 2751 1871 δίκην
2795 1799 2982 1861 sea—.0;
3015 1795 3315 1867 ἐκρέοντος.
3355 1788 3501 1843 Ἀντὶ
3533 1788 3644 1859 γὰρ
3668 1786 3797 1849 τοῦ,

541 1919 681 1972 aqua
714 1902 1019 1963 decurrens.
1051 1900 1415 1972 Symmachus
1448 1900 1527 1954 sic
1558 1899 1968 1969 interpretatur,
1998 1899 2123 1953 Dis-

542 1994 815 2049 solvantur
861 1995 997 2059 sicut
1038 2010 1176 2062 aqua
1229 1994 1587 2062 pertransieus
1637 1992 1759 2046 sibi.
1795 1990 1930 2056 Quia
1974 1991 2122 2046 enim

539 2101 637 2141 ore
671 2094 830 2141 tenus
872 2085 1141 2155 justitiam
1167 2085 1450 2164 simulant,
1477 2084 1602 2154 juee
1633 2083 1777 2138 Deus
1804 2084 1999 2139 dentes
2025 2098 2121 2138 co-

540 2194 665 2234 rum
706 2179 761 2233 in
790 2193 886 2234 ore
907 2179 1151 2249 ipsormn
1179 2184 1445 2232 conteret.
1485 2176 1552 2230 Et
1575 2176 1703 2246 quia
1730 2191 1838 2230 non
1861 2182 1945 2231 sat
1989 2174 2124 2245 ipsis

544 2268 669 2334 fuit,
707 2269 854 2339 quod
874 2268 1114 2339 serpenti
1138 2275 1193 2323 et
1216 2275 1530 2322 memorata:
1551 2265 1725 2336 aspidi
1741 2266 1923 2322 surda:
1939 2265 2122 2321 collati

544 2368 767 2426 essent;
801 2375 925 2414 cum
954 2360 1065 2428 jam
1095 2359 1328 2413 aliorum
1357 2357 1653 2428 perniciem
1676 2357 1983 2421 molientes,
2020 2357 2125 2411 leo-

544 2451 710 2506 nibus
741 2458 793 2506 et
816 2450 1244 2527 eatulisleonnm
1272 2455 1685 2519 comparentur;
1717 2463 1748 2502 a
1776 2448 1977 2518 quibus
2006 2447 2116 2503 ani-

546 2558 692 2597 mam
723 2544 839 2598 erui
876 2557 1029 2597 suam
1097 2541 1263 2596 David
1292 2542 1365 2595 ita
1421 2548 1678 2611 precatur
1707 2541 1760 2595 in
1798 2538 2125 2610 praecedenti

548 2636 783 2706 psalmo,
807 2634 871 2687 Et
887 2636 1075 2704 eripuit
1093 2636 1325 2688 animam
1348 2650 1517 2686 meam
1544 2633 1607 2687 de
1632 2632 1800 2686 medio
1828 2632 2127 2686 catulorum

551 2727 759 2781 leonum
819 2727 897 2793 ⁸¹;
940 2733 1053 2789 aut,
1102 2725 1166 2780 de
1214 2726 1383 2779 medio
1444 2725 1685 2787 leonum;
1718 2724 1893 2778 molas
1935 2737 2126 2778 eorum

549 2819 962 2874 contracturum
988 2833 1110 2873 esse
1154 2817 1324 2872 Deum
1361 2817 1585 2881 dicitur,
1608 2816 1862 2871 videlicet
1884 2820 2128 2885 potesta-

551 2919 635 2965 tes
694 2909 913 2963 malitia:
944 2924 1159 2974 eorum,
1201 2910 1357 2979 queis
1396 2909 1452 2963 in
1507 2908 1802 2963 multorum
1829 2905 2129 2977 perniciem

551 3002 868 3056 utebantur.
905 3000 1043 3057 Cum
1069 3010 1251 3056 autem
1282 3000 1473 3056 dentes
1496 3007 1550 3055 et
1569 3001 1742 3055 molas
1778 3014 1966 3054 eorum
2000 3012 2132 3053 con-

552 3089 770 3145 triverit
801 3091 966 3154 Deus,
999 3097 1133 3144 tunc
1188 3088 1407 3143 demum
1440 3102 1541 3142 ceu
1572 3088 1771 3142 mortui
1805 3086 1871 3141 ad
1898 3085 2131 3139 nihilum

520 3184 863 3247 devenient,
906 3191 961 3238 et
1000 3182 1145 3237 sicut
1171 3196 1311 3251 aqua
1366 3180 1471 3235 sibi
1515 3179 1891 3249 pertransiens
1934 3177 2133 3234 dissol-

554 3283 774 3329 ventur.
800 3273 868 3326 Et
916 3274 963 3328 is
998 3272 1219 3343 quidem
1279 3271 1499 3326 futurus
1544 3270 1835 3340 impiorum
1888 3269 2133 3324 omnium

556 3366 703 3421 ﬁnis.
742 3363 898 3431 Quod
930 3378 1062 3419 sane
1084 3377 1181 3416 vos
1212 3360 1353 3415 seire
1375 3374 1600 3414 necesse
1638 3366 1744 3420 est,
1773 3372 1809 3412 ο
1840 3357 1934 3412 lilii
1957 3358 2130 3412 homi-

542 3472 724 3520 _num,
754 3463 836 3517 ut,
890 3454 937 3506 si
998 3469 1113 3507 vere
1166 3451 1624 3521 utiquejustitiam
1659 3449 1955 3520 loquimini,
1994 3456 2138 3502 recta

556 3549 838 3619 judieetis,
864 3562 1040 3618 neque
1063 3544 1449 3617 praedictorum
1498 3543 1779 3598 hominum
1806 3541 1950 3596 viam
1988 3541 2139 3595 inea-

559 3643 655 3707 tis,
698 3656 873 3711 neque
908 3640 963 3694 in
996 3638 1163 3695 corde
1212 3637 1533 3707 iniquitates
1595 3634 1919 3707 operemini,
1962 3647 2140 3703 neque

560 3731 885 3799 injustitiam
916 3735 1115 3786 manus
1170 3739 1368 3784 vestra:
1398 3727 1745 3798 complicent,
1793 3741 1895 3782 nec
1938 3740 2038 3780 vos
2059 3725 2139 3778 si-

560 3826 720 3880 miles
740 3824 977 3896 serpenti
1003 3824 1331 3887 exhiheatis,
1354 3837 1453 3877 nec
1477 3822 1599 3878 sitis
1619 3822 1760 3877 sicut
1783 3819 1931 3891 aspis
1949 3819 2137 3882 surda,

561 3914 829 3968 obturans
850 3928 1011 3968 aures
1056 3928 1206 3971 suas.
1242 3928 1344 3967 nec
1373 3928 1497 3968 eum
1547 3911 1862 3967 memoratis
1886 3910 2069 3979 impiis
2091 3920 2143 3965 et

567 4007 947 4077 peccatoribus
1002 4020 1108 4059 una
1164 4004 1553 4058 amlucamini:
1608 4019 1746 4073 quos
1801 4002 2143 4072 pmscientia

566 4114 666 4151 sua
693 4104 1022 4166 praevertens
1045 4095 1207 4158 Deus,
1228 4103 1519 4164 antequam
1543 4094 1596 4147 in
1628 4094 1804 4148 lucem
1840 4092 2143 4162 prodirent,

568 4191 706 4243 tales
737 4190 950 4242 futuros
976 4202 1099 4243 esse
1130 4194 1389 4253 noverat;
1421 4186 1517 4242 sed
1547 4195 1728 4243 tamen
1776 4186 2055 4253 concessit,
2087 4192 2146 4241 ut

568 4285 933 4333 noscerentur
961 4292 1026 4331 ac
1060 4276 1115 4331 in
1144 4277 1318 4331 lucem
1370 4276 1640 4339 venirent,
1689 4276 1863 4346 gratia
1887 4291 1985 4329 sua
2015 4275 2149 4344 ipsis

567 4382 786 4438 quoque
820 4381 1085 4422 concessa
1105 4405 1120 4431 ,
1149 4373 1208 4420 ut
1234 4365 1411 4434 palam
1463 4379 1653 4419 eorum
1691 4363 2030 4433 propositum
2055 4364 2151 4419 lie-

568 4466 672 4514 ret.
703 4456 983 4527 Siquidem
1006 4466 1060 4511 et
1096 4454 1343 4511 ordinem
1366 4454 1642 4525 justorum
1688 4460 1895 4508 rectam
1930 4467 1995 4506 ac
2045 4451 2150 4506 mi-

2237 1894 2847 1961 Ἐξουδενωθήσονται
2891 1890 2972 1954 ὡς
3017 1888 3172 1953 ὕδωρ
3216 1880 3799 1951 παραπορευόμενον,

2223 1991 2252 2042 ὁ
2299 1988 2592 2058 Σύμμαχος
2624 1983 2973 2055 ἡρμήνευσε,
3030 1973 3493 2049 Δίαςιυθήτωσαν
3521 1969 3603 2035 ὡς
3644 1967 3801 2035 ὕδωρ

2224 2081 2668 2150 παρερχόμενον
2693 2071 2905 2137 ἐαυτῷ.
2923 2068 3136 2139 Ἐπειδὴ
3166 2066 3277 2135 γὰρ
3307 2062 3386 2134 τῷ
3414 2062 3641 2132 στόματι
3672 2058 3803 2112 καθ·
3876 2136 3881 2139 ν

2225 2170 2605 2240 υποκρίνονται
2644 2165 2743 2233 τὴν
2784 2159 3152 2229 δικαιοσύνην,
3175 2154 3399 2217 εἰκότως
3428 2153 3555 2215 τοὺς
3584 2150 3802 2209 ὀδόντας

2225 2238 2404 2317 αὐτῶν
2442 2260 2470 2312 ὁ
2503 2258 2636 2321 Θεδς
2679 2257 2736 2308 ἐν
2776 2253 2855 2324 τῷ
2887 2251 3117 2321 στόματι
3150 2246 3329 2302 αὐτῶν
3363 2242 3663 2314 συντρίψει.
3694 2238 3805 2293 Καὶ

2228 2353 2351 2407 ἐπεὶ
2388 2350 2462 2421 μὴ
2498 2348 2815 2418 ἀπήρκεσεν
2852 2343 3035 2404 αὐτοῖς
3063 2336 3401 2408 ὁμοιωθῆναι
3428 2332 3506 2403 τῷ
3544 2332 3668 2399 ὕφει
3708 2329 3806 2421 καὶ

2227 2447 2294 2516 τῇ
2328 2420 2690 2513 προλεχθείσῃ
2714 2432 2901 2488 ἀσπίδι
2928 2433 3107 2501 κωφῇ,
3131 2427 3232 2499 ἤδη
3262 2426 3317 2478 δὲ
3344 2425 3437 2479 καὶ
3461 2422 3682 2492 ἐτέρους
3712 2420 3807 2516 19-

2233 2510 2567 2606 μαινόμενοι,
2604 2528 2786 2581 λέουσι
2819 2520 3240 2594 παρεϐλήθησαν
3270 2517 3365 2570 καὶ
3393 2516 3672 2585 σκύμνοις,
3713 2510 3806 2579 ἀφ’

2229 2602 2306 2681 ιῖιν
2334 2624 2431 2693 τὴν
2461 2618 2652 2675 ἐαυτοῦ
2672 2616 2850 2687 ψυχὴν
2873 2609 3135 2687 ὲρρῦσθαι
3159 2609 3374 2680 εὔχεται
3401 2607 3431 2658 ό
3451 2603 3613 2657 Δαυῖδ
3634 2602 3809 2669 λέγων

2230 2718 2287 2769 ἐν
2318 2712 2398 2784 τῷ
2427 2711 2533 2782 πρὸ
2560 2708 2751 2764 τούτου
2776 2724 2790 2737 ·
2824 2705 2933 2759 Kal
2966 2703 3261 2771 ἐρῤὐσατο
3298 2698 3413 2765 τὴν
3440 2694 3652 2766 ψυχήν·

2230 2807 2299 2861 ἐκ
2323 2781 2516 2876 μέσοι)
2541 2800 2851 2868 σκύμνων,
2884 2794 2940 2864 ἢ,
2961 2792 3029 2846 ἐκ
3057 2791 3252 2860 μέσου
3282 2789 3548 2876 λεόντων,
3584 2783 3681 2876 τας
3710 2781 3813 2876 μό-

2231 2870 2339 2962 λας⁷
2374 2894 2554 2950 αὐτῶν
2588 2890 2907 2946 συνθλάσειν
2948 2884 3163 2953 λέγεται
3206 2883 3235 2934 ό
3266 2877 3398 2942 Θεὸς
3420 2917 3436 2940 ,
3471 2872 3669 2947 δηλαδὴ
3707 2870 3812 2962 τὰς

2232 2991 2332 3062 τῆς
2367 2988 2566 3049 κακίας
2594 2982 2774 3038 αὐτῶν
2820 2977 3076 3047 δυνάμεις
3097 3013 3112 3038 ,
3140 2968 3229 3036 αῗος
3256 2971 3341 3024 ἐπ’
3368 2967 3571 3062 ὀλέθρῳ
3605 2961 3815 3062 nom-or

2235 3055 2559 3156 ἐχρήσαντο.
2593 3074 2845 3131 Ἐπειδὰν
2874 3072 2931 3126 δὲ
2965 3071 3091 3132 τοὺς
3123 3066 3337 3128 ὀδόντας
3368 3060 3545 3115 αὐτῶν
3584 3057 3677 3111 καί
3715 3055 3815 3117 τὰς

2159 3142 2204 3204 c‘
2240 3142 2412 3246 μῧόλας
2433 3168 2698 3241 συντρίψῃ
2718 3168 2747 3218 ό
2766 3163 2920 3227 Θεὸς,
2942 3162 3063 3215 τότε
3089 3158 3273 3212 λοιπὸν
3303 3150 3818 3220 ἐξουδενωθήσονται

2236 3243 2314 3331 ὧς
2342 3266 2407 3319 ἂν
2438 3259 2821 3332 νεκρωθέντες,
2849 3255 2940 3308 καὶ
2964 3250 3376 3321 διαλυθήσονται
3400 3245 3475 3307 ὡς
3497 3243 3646 3332 ὕδωρ
3675 3256 3817 3332 παρ-

2240 3330 2552 3427 ερχόμενον
2579 3346 2775 3418 ἐαυτῷ.
2828 3344 2941 3399 Καὶ
2971 3339 3210 3396 τοιοῦτον
3246 3338 3345 3408 μὲν
3367 3334 3517 3387 ἔσται
3549 3330 3659 3384 τῶν
3690 3331 3818 3382 ἀσε-

2375 3422 2599 3498 πάντων
2630 3441 2691 3494 τὸ
2710 3440 2883 3501 τέλος.
2918 3438 2985 3487 Ὅ
3016 3433 3079 3503 δὴ
3104 3431 3397 3498 ἀναγκαῖον
3422 3425 3565 3495 ὑμᾶς
3591 3422 3818 3491 γνῶναι,

2240 3534 2285 3592 ὧ
2313 3538 2421 3592 uici.
2458 3535 2566 3588 τῶν
2598 3529 2932 3605 ἀνθρώπων,
2971 3525 3037 3579 ἵν’
3058 3562 3073 3585 ,
3120 3524 3172 3576 εί
3198 3516 3434 3586 ἀληθῶς
3462 3516 3576 3583 ἄρα
3600 3512 3821 3605 ⁸δίκαιοι

2241 3629 2443 3695 σύνην
2474 3600 2736 3688 λαλεῖτε,
2762 3616 2940 3673 εὐθέα
2972 3614 3218 3685 κρίνητε,
3252 3608 3347 3663 καὶ
3379 3607 3452 3677 μὴ
3482 3600 3820 3695 μετέρχτγσθε

2243 3720 2340 3791 τὴν
2360 3688 2469 3773 τῖῦν
2496 3713 2799 3787 εἰρημένων
2824 3707 3031 3779 ἀνδρῶν
3057 3704 3194 3766 ὁδὸν,
3221 3700 3358 3773 μηδὲ
3389 3699 3447 3750 ἐν
3474 3693 3670 3791 καρδία
3703 3688 3824 3740 ἀνο-

2249 3782 2377 3886 μίας
2404 3782 2709 3882 ἐργὰξτγσθε
2730 3844 2745 3867 ,
2790 3800 2925 3873 μηδὲ
2969 3794 3181 3851 ἀδικίαν
3214 3794 3268 3844 αἱ
3293 3791 3468 3886 χεῖρες
3682 3796 3822 3883 cup:

2510 3942 2525 3967 ,
2556 3868 2704 3970 μηδὲ
2742 3868 2966 3955 ἑαυτοὺς
3014 3880 3460 3970 κατασκευάζητε
3492 3868 3821 3970 epoto-uitii)

2246 3956 2832 4067 lipsi,pqi$s|7'évqaﬁe
2861 3984 2935 4046 ὡς
2967 3979 3132 4040 ἀσπὶς
3158 3974 3319 4067 κωφὴ
3340 3969 3559 4067 Δβύουσα
3581 3965 3669 4067 ,τὰ
3711 3956 3824 4017 ὦτα

2250 4058 2456 4157 altrim,
2488 4058 2761 4155 μηὸἐτοῖς
2789 4072 3163 4157 προλεχθεῖσιν
3187 4064 3409 4120 ἀσεϐέσι
3452 4060 3546 4114 καὶ
3572 4058 3828 4157 ἀμαρτω-

2250 4183 2363 4244 λοῖς
2380 4143 2790 4242 ⁸σιινῖικιτάγοισθε
2805 4143 3260 4233 ὀνοῦςνπρολαόὼν
3282 4157 3309 4208 ὁ
3333 4152 3465 4215 Θεὸς
3487 4153 3561 4244 τῇ.
3583 4143 3828 4244 προγνώ-

2253 4291 2359 4337 σει,
2386 4270 2515 4340 πρὶν
2550 4267 2627 4328 εἰς
2658 4261 2775 4332 φῶς
2802 4254 3105 4330 προελθεῖν,
3128 4250 3269 4319 ἔγνω
3302 4245 3400 4317 μὲν
3422 4241 3693 4301 τοιούτους
3713 4238 3835 4289 ἐσο-

2256 4329 2491 4435 μένους,
2523 4329 2740 4427 ὅμως-«δ’
2768 4346 2861 4404 οὖν
2894 4342 3239 4415 συνεχώρησε
3269 4334 3591 4435 γεννηθῖψαι
3631 4331 3726 4435 καὶ
3744 4329 3834 4435 τίς

2256 4418 2374 4522 ipa»;
2407 4418 2715 4522 προελθεῖν,
2740 4440 2839 4511 τὴν
2868 4437 2997 4508 παρ’
3024 4430 3188 4486 αὺτοῦ
3215 4429 3376 4502 χάριν
3402 4425 3496 4479 καὶ
3534 4418 3838 4522 αὑτοῖς-δω-

567 4556 716 4609 nime
747 4551 1010 4608 deﬂexam
1040 4551 1183 4604 viam
1211 4558 1407 4620 suapte
1432 4548 1710 4605 voluntate
1731 4547 1992 4602 initurum
2008 4562 2131 4618 prae-

2258 4514 2587 4617 ρησάμενος,
2609 4537 2689 4600 εἰς
2720 4534 2780 4587 τὸ
2811 4527 3076 4601 φανεροὺς
3102 4518 3467 4620 γενέσθαι-τὴν
3494 4514 3832 4620 προαίρεσιν.

566 4654 789 4701 vertens
823 4644 969 4699 Deus
1022 4650 1270 4698 noverat.
1304 4640 1509 4696 Deinde
1558 4641 1776 4709 utrique
1807 4638 1987 4694 ordini
2015 4639 2149 4695 libe-

567 4755 691 4795 rum
719 4737 929 4793 arbitrii
954 4742 1163 4790 motum
1197 4734 1426 4797 dimisit,
1464 4730 1772 4787 concedens
1795 4737 1853 4784 ut
1880 4730 1937 4784 in
1970 4729 2151 4784 stadio

569 4850 796 4890 cursum
822 4829 1179 4887 conﬁcerent.
1234 4827 1313 4880 Ae
1356 4840 1482 4879 cum
1518 4825 1807 4879 universos
1845 4830 2042 4879 natura
2075 4822 2152 4877 si-

569 4926 730 4979 miles
795 4918 1171 4975 constituisset
1211 4956 1226 4979 ,
1275 4916 1554 4970 voluntate
1608 4912 1829 4983 propria
1880 4926 2152 4981 quemque

570 5016 799 5070 meliora
826 5011 1063 5081 deligere
1083 5011 1291 5079 pariter
1337 5005 1604 5077 permisit.
1640 5004 1723 5059 llli
1776 5018 1928 5068 vero,
1967 5009 2153 5072 utpote

573 5109 667 5178 qui
691 5106 774 5161 sui
800 5106 1043 5176 ipsorum
1097 5102 1327 5165 domini,
1366 5102 1451 5157 sui
1493 5099 1636 5171 juris
1667 5114 1729 5153 ac
1780 5097 1936 5152 liberi
1976 5093 2155 5165 quoad

575 5206 1013 5259 motumessent,
1066 5195 1330 5249 arbitratu
1368 5211 1468 5248 suo
1520 5191 1783 5261 disjuneti
1831 5197 1985 5251 sunt,
2035 5187 2156 5241 aliis

576 5299 805 5356 rectam,
854 5288 1133 5357 obliquam
1194 5288 1318 5342 aliis
1376 5287 1518 5340 viam
1569 5280 1975 5352 cooptantibus.
2034 5278 2160 5332 ldeo

572 5383 759 5451 justus
792 5380 880 5434 ille
905 5380 1094 5449 judex,
1125 5377 1343 5445 ultique
1384 5374 1565 5430 ordini
1594 5388 1693 5427 ceu
1722 5369 2041 5432 certaminis
2072 5384 2161 5421 ar-

576 5472 740 5534 biter,
774 5468 1098 5539 congruenti
1128 5482 1190 5519 ac
1214 5465 1397 5519 debito
1434 5464 1539 5517 line
1571 5461 1765 5531 dignos
1810 5465 2119 5514 remunerat
2146 5475 2157 5508 :

578 5581 688 5619 non
719 5562 1001 5616 hominum
1039 5560 1144 5611 ritu
1170 5573 1235 5610 ex
1272 5565 1493 5609 actuum
1523 5561 1719 5608 eventu
1744 5551 2013 5621 cujusque
2042 5563 2160 5600 mo-

656 5720 695 5749 ³⁸
740 5718 882 5775 l‘sal.
923 5731 1031 5779 va,
1074 5714 1127 5767 ’5.

2265 4606 2419 4686 λέπει
2447 4628 2539 4682 καὶ
2568 4626 2629 4678 τὸ
2674 4622 2785 4676 τῶν
2811 4618 3034 4674 δικαίων
3061 4615 3248 4684 τάγμα
3268 4650 3283 4675 ,
3323 4608 3385 4673 ἐξ
3409 4606 3615 4667 οίκείας
3642 4618 3825 4673 προαιν

2256 4721 2460 4795 ρέσεως
2492 4715 2592 4788 τὴν
2620 4714 2787 4787 ὀρθὴν
2822 4710 2915 4765 καὶ¹
2962 4706 3319 4795 ἀδιάστροφον
3340 4790 3351 4795 Δ
3371 4697 3563 4791 μέλλον
3612 4694 3829 4792 ὁδιυειγ.

2255 4790 2544 4885 προλαϐὼν
2576 4809 2605 4860 ὁ
2629 4807 2761 4869 Θεὸς
2793 4803 2952 4872 ἔγνω.
2995 4794 3105 4851 Εἶτ’
3143 4790 3468 4885 ἀμφοτέρων
3492 4790 3604 4885 των
3626 4790 3836 4885 ταγμα-

2255 4870 2364 4959 των
2387 4903 2487 4974 τὴν
2519 4898 2864 4965 αὐτεξούσιον
2902 4890 3077 4964 ὁρμὴν
3107 4884 3398 4954 ἐλευθέραν
3423 4874 3646 4944 ἀνῆκεν,
3679 4870 3753 4931 ὡς
3781 4870 3835 4920 ἐν

2264 4959 2462 5068 σταδίιρ
2496 4959 2767 5048 ποιεῖσθαι
2798 4989 2890 5040 τὸν
2921 4959 3117 5054 δρόμον
3147 4971 3444 5044 ἐπιτρέψας
3479 4966 3682 5068 αὐτοῖς.
3730 4959 3837 5064 Καὶ

2262 5057 2444 5150 αὐτὸς.
2461 5085 2558 5157 μὲν
2584 5081 2803 5152 ὁμοίους
2830 5077 2928 5147 τὴν
2961 5072 3120 5142 φύσιν
3151 5070 3277 5129 τοὺς
3307 5064 3513 5121 πάντας
3539 5057 3838 5157 Onomas-

2266 5196 2465 5251 μενος,
2506 5171 2824 5246 προαιρέσει
2871 5164 3048 5233 οἰκεία
3110 5155 3346 5231 χρῆσθαι
3393 5150 3528 5221 πρὸς
3574 5145 3672 5215 τὴν
3736 5159 3838 5195 των

2265 5269 2587 5343 κρειττόνων
2619 5265 2829 5335 αἵρεσιν
2855 5261 2967 5320 τοῖς
2998 5256 3160 5309 πᾶσιν
3176 5250 3375 5321 ὁμοίως
3400 5237 3836 5309 συγκεχώρηκεν·

2473 5328 2482 5337 .
3268 5342 3273 5343 7
3462 5334 3482 5343 _
3631 5330 3642 5343 '
3796 5326 3831 5343 γ’

2265 5365 2314 5417 οἱ
2343 5363 2398 5415 δὲ
2422 5402 2435 5423 ,
2465 5361 2560 5413 ac;
2587 5357 2765 5428 κύριοι
2802 5349 3008 5406 ἑαυτῶν
3038 5342 3411 5401 καθεστῶτες,
3456 5330 3722 5428 ἄψετοίᾳτε
3753 5326 3842 5378 καὶ

2269 5448 2542 5518 ἐλεύθεροι
2572 5445 2669 5513 τὴν
2704 5441 2901 5512 ὁρμὴν,
2944 5430 3388 5504 αὑτοπροαιρέτῳ
3415 5421 3609 5493 γνώμῃ
3638 5416 3843 5483 διέστη-

2273 5560 2389 5608 σαν,
2423 5541 2471 5592 οἱ
2504 5538 2601 5607 μὲν
2634 5534 2731 5604 τὴν
2757 5530 2968 5584 εὐθεῖαν
2999 5525 3226 5587 ὁδεύειν,
3251 5523 3298 5574 οἱ
3327 5519 3384 5575 δὲ
3407 5516 3499 5587 τὴν
3528 5513 3845 5578 διαστροςον
