4100 6526
324 317 435 377 533

1478 327 1980 386 COMMENTARIA
2017 327 2086 382 Ην
2120 327 2460 386 PSALMOS.

3488 319 3594 378 526
3644 363 3651 380 .

318 439 588 509 ἑλόμενοι.
626 439 817 492 ιόυτου
851 439 1008 514 χάριν
1033 443 1062 496 6
1085 441 1292 510 δίκαιος
1315 448 1526 518 κριτὴς,
1559 448 1900 516 ἀγωνοθετῶν

2011 465 2100 504 res
2123 448 2378 504 ediscens
2397 483 2413 512 ,
2438 462 2625 502 verum
2659 455 2843 516 utpote
2865 444 3007 502 Deus
3028 443 3212 500 omnia
3249 457 3593 514 cognoscens

317 532 567 602 ἑκατέρῳ
600 533 863 603 τάγματι,
889 533 968 605 τῷ
992 537 1317 610 καταλλήλῳ
1348 539 1444 592 καὶ
1469 542 1798 611 προσήκοντι
1820 542 1908 594 τέ-

317 623 402 676 λει
437 624 566 687 τοὺς
602 625 791 690 ἀξίους
821 629 1220 699 παραδίδωσιν⁵
1253 631 1313 684 οὐ
1337 632 1587 704 καθάπερ
1631 633 1908 703 ἄνθρωποι

319 715 515 785 μαθὼν
549 717 612 768 ὲκ
641 717 740 786 τῆς
783 718 892 773 τῶν
933 722 1276 791 πραγμάτων
1306 722 1630 790 ἀποϐάσεως
1661 725 1752 778 τὸν
1780 725 1908 779 ἑκά·

319 819 449 856 στου
476 804 712 874 τρόπον,
755 803 845 860 οἷα
878 807 936 860 δὲ
977 809 1110 872 Θεὸς
1149 811 1242 862 καὶ
1285 812 1392 882 πρὸ
1431 813 1700 881 γενέσεως
1753 814 1908 877 εἰδὼς

317 893 559 946 ἅπαντα.
588 895 678 948 Διὸ
711 899 760 949 oi
787 897 886 968 μὲν
913 898 1433 972 ἀπηλλοτριώθησαν
1467 905 1597 976 παρ’
1635 905 1785 975 αὐτῷ
1815 907 1907 959 καὶ

316 985 453 1056 πρὶν
492 987 519 1057 ἢ
557 990 671 1051 τοῖς
705 987 916 1052 λοιποῖς
938 989 1283 1061 γνωσθῆναι·
1323 993 1374 1046 οἱ
1399 993 1456 1047 δὲ
1495 994 1643 1063 ἅγιοι
1674 996 1907 1067 ἐκλογῆς

314 1074 633 1149 ἠξιώθησαν
664 1080 866 1150 ὁμοίως
905 1081 1146 1153 Ἱερεμίᾳ
1185 1083 1263 1154 τῷ
1291 1087 1547 1158 προφήτῃ
1567 1126 1581 1150 ,
1611 1079 1656 1155 ᾧ
1684 1104 1849 1158 φησιν
1879 1090 1907 1140 ὀ

314 1168 452 1231 Θεός
470 1188 482 1197 ο
508 1170 630 1237 Πρὸ
663 1171 768 1225 τοῦ
789 1189 866 1242 με
893 1172 1124 1226 πλάσαι
1145 1188 1219 1228 σε
1243 1175 1314 1228 ἐν
1345 1164 1567 1246 κοιλίᾳ,
1581 1179 1907 1249 ἐπίσταμαί

313 1273 392 1311 σε
411 1298 427 1322 ,
459 1261 557 1314 καὶ
601 1261 716 1330 πρὸ
747 1263 854 1317 τοῦ
888 1279 963 1318 σε
991 1264 1262 1330 ἐξελθεῖν
1287 1267 1356 1321 ἐκ
1377 1269 1644 1339 μήτρας,
1687 1272 1907 1342 ἠγίακά

313 1365 413 1405 σε.
446 1352 556 1405 Καὶ
581 1355 610 1406 6
644 1355 965 1421 Ἀπόστολος
993 1357 1152 1412 τοῦτο
1196 1359 1384 1432 ἐδήλου
1413 1363 1669 1431 φάσκωνο
1700 1366 1906 1431 Καθὼς

312 1442 639 1510 ἐξελέξατο
663 1447 822 1516 ἡμᾶς
841 1448 913 1502 ἐν
945 1449 1107 1516 αὐτῷ
1129 1450 1245 1519 πρὸ
1277 1454 1618 1524 καταϐολῆς
1645 1459 1902 1527 κόσμου,

312 1531 474 1590 εἶναι
519 1537 680 1607 ἡμᾶς
714 1540 926 1610 ἁγίους
956 1542 1054 1596 καὶ
1089 1543 1370 1613 ἀμώμους
1403 1547 1772 1603 κατενώπιον
1799 1553 1906 1605 αὐ-

312 1629 426 1682 τοῦ
458 1630 529 1682 ἐν
558 1631 781 1702 ἀγάπῃ,
810 1635 1141 1704 προορίσας
1171 1638 1331 1708 ἡμᾶς
1349 1641 1438 1705 είς
1467 1640 1778 1694 υἱοθεσίαν
1807 1641 1906 1696 διὰ

328 1720 524 1788 Ἰησοῦ
560 1724 817 1791 Χριστοῦ
838 1741 852 1754 ⁶
882 1727 976 1780 καὶ
1003 1728 1196 1782 πάλιν·
1231 1731 1327 1784 Ἐν
1363 1723 1413 1796 ᾧ
1441 1732 1539 1786 καὶ
1567 1733 1904 1804 ἐκληρώθη-

2011 548 2138 595 ante
2154 541 2442 610 originem.
2475 539 2656 604 Quare
2677 539 2766 592 alii
2793 535 3012 608 quidem
3040 545 3332 606 antequam
3381 535 3596 588 caeteris

2011 631 2124 685 noti
2159 638 2366 695 essent,
2400 630 2468 684 ab
2497 645 2562 684 eo
2591 629 2817 683 alienati
2846 638 3006 694 sunt;
3066 629 3245 683 sancti
3278 641 3431 688 vero,
3491 625 3596 680 ele-

2009 722 2192 777 ctione
2226 721 2434 792 dignati
2462 762 2476 786 ,
2506 722 2670 777 sicuti
2700 720 2968 776 Jeremias
2999 720 3262 790 propheta
3287 759 3302 782 ,
3337 718 3425 772 cui
3453 715 3595 770 dixit

2011 813 2153 869 Deus
2190 829 2204 864 :
2238 813 2532 884 Antequam
2564 823 2610 866 te
2642 813 2931 882 formarem
2962 813 3018 865 in
3045 867 3047 869 ,
3083 819 3256 872 utero,
3292 809 3412 863 novi
3439 819 3509 872 te,
3542 818 3592 862 et

2009 914 2288 976 antequam
2317 907 2483 960 uires
2506 904 2569 959 de
2599 907 2772 970 vulva,
2805 904 3134 970 sancti/icavi
3159 912 3206 955 te
3228 903 3294 954 δ’.
3322 901 3377 956 ld
3410 902 3589 971 ipsum

2008 999 2307 1069 Apostolus
2348 1000 2591 1054 declarat
2641 999 2729 1054 bis
2782 998 2964 1052 verbis
3006 1016 3019 1051 :
3054 994 3376 1065 Sicutelegit
3417 1011 3511 1048 nos
3537 994 3592 1046 in

2007 1093 2121 1162 ipso
2152 1100 2273 1145 ante
2297 1090 2480 1144 mundi
2509 1091 2960 1150 constitutionem,
3002 1097 3057 1142 ut
3092 1105 3322 1142 essemus
3345 1089 3519 1140 sancti
3541 1095 3593 1140 et

2007 1183 2340 1237 inmmculati
2362 1182 2420 1236 in
2450 1190 2728 1250 conspectu
2773 1181 2886 1248 ejus
2921 1181 2975 1233 in
3006 1179 3267 1232 charitate
3297 1194 3315 1231 :
3339 1178 3428 1246 qui
3453 1193 3594 1244 prte-

2007 1271 2291 1326 destinavit
2345 1287 2439 1325 nos
2489 1271 2543 1324 in
2592 1263 2928 1338 adoptionem
2983 1268 3220 1338 ﬁliorum
3264 1281 3356 1335 per
3406 1264 3592 1319 Jesum

2010 1361 2274 1419 Christum
2295 1363 2340 1395 ⁸³
2361 1379 2375 1428 ;
2399 1377 2463 1416 ac
2496 1377 2715 1418 rursum
2743 1377 2756 1412 :
2798 1359 2864 1413 In
2897 1376 2998 1430 quo
3023 1368 3072 1413 et
3109 1375 3203 1413 nos
3237 1358 3375 1428 forte
3421 1356 3593 1410 uocati

2005 1469 2208 1515 sumus,
2263 1451 2628 1522 prtetlestinatt'
2685 1446 2969 1503 secundum
3035 1445 3420 1516 prwscientiam
3476 1442 3592 1511 ejus

2005 1543 2094 1613 qni
2131 1553 2383 1612 operatur
2429 1541 2610 1595 omnia
2631 1538 2919 1593 secundum
2978 1536 3256 1590 consilium
3304 1533 3592 1588 voluntatis

2006 1643 2212 1699 suae,ut
2242 1635 2409 1688 simus
2437 1634 2491 1686 in
2517 1631 2728 1687 laudem
2759 1630 2944 1701 gloriae
2981 1629 3095 1694 eius
3139 1626 3202 1684 ⁵⁸.
3233 1625 3424 1681 Viden’
3453 1640 3592 1695 quo-

2009 1725 2170 1781 modo
2212 1734 2338 1779 ante
2369 1725 2558 1779 mundi
2621 1721 3094 1784 constitutionem,
3131 1719 3336 1774 electos
3366 1725 3420 1771 et
3452 1733 3592 1786 pm-

305 1827 430 1879 μεν
447 1816 906 1884 προορισθέντες
930 1819 1082 1873 κατὰ
1111 1822 1457 1890 πρόγνωσιν
1475 1825 1584 1878 τοῦ
1601 1825 1675 1878 τὰ
1703 1799 1900 1879 πάντα

2005 1816 2313 1871 destinatos
2338 1815 2485 1870 dicat
2519 1814 2587 1868 ad
2617 1814 2968 1884 adoptionem
2995 1813 3255 1874 ﬁliorum,
3285 1809 3588 1864 Secundum

307 1897 708 1970 ἐνεργοῦντος
746 1905 845 1959 καὶ
894 1907 1047 1960 κατά
1106 1906 1222 1976 τὴν
1274 1899 1526 1980 βουλὴν
1565 1913 1672 1968 τοῦ
1723 1916 1902 1983 θελή-

300 2003 501 2073 ματος
522 1993 732 2057 αὐτοῦ,
755 1997 843 2061 εις
868 1997 935 2050 τὸ
959 1995 1116 2053 εἶναι
1150 1999 1311 2068 ἡμᾶς
1331 2004 1419 2066 εἰς
1447 2001 1700 2058 ἔπαινον
1717 2005 1904 2073 δόξης

303 2084 522 2138 αὑτοῦ.
587 2086 751 2159 Ὁρᾷς
802 2089 952 2154 ὅπως
1000 2092 1106 2164 πρὸ
1158 2093 1463 2166 καταϐολῆς
1506 2097 1716 2169 κόσμου
1766 2100 1904 2167 ἐξει-

304 2172 504 2246 λέχθαι
538 2179 633 2230 καὶ
668 2181 1006 2251 προωρίσθαι
1033 2185 1112 2248 εἰς
1145 2185 1440 2252 υἱοθεσίαν,
1474 2189 1616 2243 κοιτά
1649 2190 1902 2262 πρόθεσιν

303 2265 402 2356 τοῦ
441 2269 620 2322 πάντα
651 2271 1001 2356 ἐνεργούντός
1023 2293 1155 2346 φησι
1175 2293 1189 2340 ;
1209 2277 1308 2347 τὴν
1328 2279 1500 2350 αὐτὴν
1524 2279 1578 2332 δὲ
1602 2283 1900 2354 παρίστησι

303 2354 549 2411 διάνοιαν
577 2361 606 2412 6
639 2361 803 2425 αὐτὸς
827 2352 1000 2432 λέγων
1021 2381 1036 2396 ⁸
1075 2365 1332 2435 Οἴδαμεν
1368 2367 1438 2420 δὲ
1456 2408 1471 2430 ,
1497 2352 1586 2422 δτι
1614 2370 1737 2437 τοῖς
1757 2352 1900 2442 ἀγα-

304 2446 470 2502 πῶσι
519 2448 627 2503 τὸν
668 2451 820 2532 Θεὸν
850 2453 1048 2509 πάντα
1093 2457 1378 2526 συνεργεῖ
1399 2460 1489 2525 εις
1519 2459 1744 2529 ἀγαθὸν
1774 2462 1899 2529 τοῖς

307 2541 464 2594 κατὰ
497 2543 785 2609 πρόθεσιν
827 2545 1072 2613 κλητοῖς
1100 2542 1281 2602 οὖσιν
1298 2563 1316 2580 ⁸
1347 2549 1436 2602 ὅτι
1480 2549 1586 2616 οὓς
1631 2551 1899 2623 προέγνω

306 2633 413 2686 καὶ
449 2634 743 2704 ,τροὼιπισε
766 2639 1162 2708 συμμόρφους
1194 2640 1305 2710 τῆς
1346 2643 1580 2710 εἰκόνος
1613 2644 1721 2699 τοῦ
1759 2645 1898 2700 Υὶοῦ

304 2725 522 2790 αὑτοῦ,
541 2729 630 2793 εὶς
658 2727 723 2781 τὸ
750 2724 905 2783 εἶναι
927 2730 1114 2786 αὐτὸν
1147 2735 1529 2801 πρωτοτόκον
1552 2735 1624 2789 ἐν
1646 2735 1899 2805 πολλοῖς

303 2815 614 2884 ἀδελφοῖς.
648 2818 766 2886 Οὓς
783 2819 853 2874 δὲ
874 2821 1189 2892 προώρισε,
1215 2826 1470 2894 τούτους
1494 2827 1591 2881 καὶ
1618 2826 1896 2893 ἐκάλεσε,

303 2909 408 2962 καὶ
443 2910 552 2976 οὓς
579 2910 838 2967 ἐκάλεσε
862 2955 878 2980 ,
908 2916 1161 2982 τούτους
1194 2918 1291 2972 καὶ
1321 2919 1637 2974 ἐδικαίωσε
1655 2962 1670 2985 ,
1698 2920 1900 2987 οὓς,δὲ

301 2999 646 3068 ἐδικαίωσε,
676 3006 928 3073 τούτους
966 3007 1068 3064 καὶ
1105 3008 1383 3074 ἑδόξασε.
1419 3013 1500 3066 Τα
1530 3013 1694 3083 ὃμοια
1719 3011 1776 3066 δὲ
1805 3012 1900 3066 καὶ

304 3093 438 3164 πειοί
483 3093 676 3192 Emito-fi
717 3095 957 3192 διδάσκει
1003 3099 1062 3152 ἐν
1086 3093 1190 3192 *οἷς
1217 3102 1382 3172 φησίν
1407 3118 1421 3130 ·
1452 3103 1582 3156 Ὅτε
1619 3101 1689 3156 δὲ
1721 3102 1897 3172 ηὐδό-
1924 3134 1968 3192 c

304 3199 504 3250 κησεν
551 3187 588 3240 ὁ
636 3187 937 3256 ἀφορίσας
969 3206 1046 3258 με
1072 3189 1142 3242 ἐκ
1187 3193 1424 3258 κοιλίας
1461 3193 1692 3262 μητρός
1733 3210 1855 3262 μου
1879 3231 1896 3256 ,

297 3275 702 3348 ἀποκαλύψαι
738 3281 846 3335 τὸν
884 3281 1024 3335 Υἱὸν
1056 3283 1244 3338 αὐτοῦ
1283 3283 1355 3337 ἐν
1378 3284 1530 3354 ἐμοί.
1563 3286 1774 3358 ’Ὥσπερ
1802 3282 1898 3340 οὖν

303 3363 535 3429 τούτους
564 3370 834 3440 προγνοὺς
870 3369 1163 3442 μέλλοντας
1199 3373 1423 3446 ἀγαπᾷν
1459 3365 1624 3430 αὐτὸν
1651 3376 1896 3451 προώρι-

304 3472 422 3522 σεν,
455 3457 601 3513 οὕτω
634 3461 872 3526 καὶτοὺς
901 3463 1117 3527 ἀσεϐεῖς
1139 3506 1156 3528 ,
1191 3465 1380 3538 ἐπειδὴ
1409 3467 1659 3536 προέγνω
1686 3468 1900 3539 μέλλον-

300 3563 406 3610 τας
448 3548 633 3603 λαλεῖν
673 3551 1021 3627 δικαιοσύνην
1053 3555 1140 3610 διά
1169 3556 1231 3610 τὸ
1259 3557 1549 3626 γινώσκειν
1587 3559 1758 3632 αὐτὴν
1779 3599 1794 3625 ,
1832 3563 1895 3615 οὐ

305 3637 418 3709 μὴν
451 3641 546 3694 καὶ
578 3645 691 3707 τοῖς
719 3643 903 3716 ἔργοις
933 3647 1104 3718 αὐτὴν
1136 3648 1630 3722 μετελευσομένους
1649 3691 1664 3714 ,
1706 3650 1794 3705 διὰ
1835 3652 1898 3704 τὺ

301 3731 426 3792 ταῖς
458 3733 647 3803 χερσὶν
679 3735 896 3790 ἀδικίαν
919 3738 1276 3810 συμπλέκειν,
1308 3739 1498 3793 τούτου
1533 3740 1692 3812 χάριν
1717 3743 1896 3813 ἀπηλ-

301 3821 603 3896 λοτρίωςεν
636 3829 746 3884 ἀπὸ
777 3833 991 3904 μήτρας
1010 3873 1024 3897 ,
1051 3833 1147 3888 καὶ
1184 3834 1243 3886 ὲν
1268 3834 1645 3906 πλανωμένοις
1673 3835 1768 3888 καὶ
1801 3834 1897 3888 λα-

303 3913 461 3970 λοῦσι
490 3917 661 3991 ψευδῆ
686 3925 819 3995 παρ’
845 3923 1026 3995 ἑαυτῷ
1058 3925 1440 3997 κατηρίθμητε
1463 3927 1594 3998 πρὶν
1620 3926 1895 3995 γενέσθαι·

303 4005 662 4079 συνεχώρησε
689 4027 748 4064 τε
784 4012 941 4077 εἰδὼς
968 4014 1168 4078 αὐτοὺς
1195 4015 1469 4079 τοιούτους
1493 4015 1787 4086 ἐσομένους
1818 4018 1899 4081 εἰς

306 4099 547 4170 φανερὸν
581 4101 782 4167 ἐλθεῖν,
820 4102 896 4168 ὡς
934 4105 1000 4159 ἂν
1029 4107 1089 4159 τι
1127 4105 1384 4179 διάφορον
1407 4107 1517 4161 τῶν
1545 4107 1770 4162 δικαίων
1804 4108 1898 4162 καὶ

302 4188 580 4245 θεοσεϐῶν
609 4193 822 4263 ἀνδρῶν
855 4196 920 4248 ἐκ
959 4197 1059 4267 τῆς
1090 4197 1198 4252 τῶν
1240 4198 1495 4270 χειρόνων
1541 4198 1898 4270 παραθέσεως

297 4281 650 4353 διαλάμψειε.
677 4287 824 4350 Mai;
843 4286 954 4359 γὰρ
980 4288 1132 4351 ὄντες
1158 4289 1374 4358 φύσεως
1401 4292 1453 4342 οἱ
1481 4290 1704 4356 πάντες,
1722 4293 1771 4358 οξ
1793 4292 1896 4362 μὲν

299 4374 528 4439 ἑκόντες
559 4377 770 4432 εῦαντο
797 4380 864 4433 τὰ
897 4380 1151 4452 κρείττω,
1168 4383 1219 4434 oi
1252 4382 1426 4454 δὲτὴν
1457 4385 1703 4438 ἐναντίαν
1728 4383 1896 4437 ὥδευ-

2006 1912 2345 1982 propositum
2398 1910 2519 1979 ejus
2567 1908 2660 1978 qui
2704 1908 2834 1962 talia
2863 1905 3163 1977 operatur?
3217 1903 3589 1974 Eamdemque

2007 2005 2123 2075 ipse
2157 2005 2482 2060 sententiam
2509 2002 2719 2073 profert
2758 2002 2846 2057 his
2886 2002 3105 2057 verbis:
3135 1998 3348 2054 Scimus
3411 2008 3588 2053 autem

2002 2099 2252 2170 quoniam
2273 2096 2614 2168 diligentibus
2644 2095 2810 2150 Deum
2832 2095 3013 2151 omnia
3033 2101 3384 2162 cooperantur
3412 2091 3469 2144 in
3499 2090 3591 2142 bo-

2003 2207 2128 2244 num
2160 2190 2228 2244 iis
2249 2190 2338 2259 qui
2367 2187 2654 2243 secundum
2700 2187 3027 2256 propositum
3053 2185 3224 2238 vocati
3253 2192 3393 2237 sunt.
3442 2181 3586 2236 Nam

2001 2296 2131 2350 quos
2153 2279 2417 2348 prwscivit
2449 2287 2498 2332 et
2547 2275 2942 2346 pra'destinavit
2963 2274 3256 2343 conformes
3289 2275 3406 2340 ﬁeri
3449 2275 3588 2326 ima-

1999 2372 2111 2442 gini
2140 2370 2272 2424 Filii
2288 2371 2393 2434 sui,
2422 2379 2479 2423 ut
2505 2370 2577 2424 sit
2599 2371 2710 2439 ipse
2737 2369 3118 2439 primogenitus
3160 2369 3217 2422 in
3249 2367 3433 2421 multis
3464 2365 3585 2435 [ra--

2002 2461 2120 2516 bus.
2151 2459 2296 2527 Quos
2334 2469 2508 2513 autem
2529 2459 2950 2528 prtedestinavit,
2992 2458 3087 2512 hos
3140 2466 3190 2512 et
3236 2456 3482 2518 vocavit;
3537 2463 3587 2508 et

1999 2565 2131 2619 quos
2159 2548 2494 2616 vocavit,hos
2531 2557 2580 2602 et
2589 2547 2944 2618 justi/icavit;
2993 2563 3123 2618 quos
3163 2555 3340 2601 autem
3377 2545 3589 2616 justiﬁ-

1999 2638 2298 2703 cavit,iltos
2334 2648 2385 2693 et
2408 2637 2727 2708 gloriﬁcavit
2751 2635 2822 2692 ".
2853 2636 3066 2691 Similia
3091 2636 3160 2692 de
3174 2647 3236 2691 se
3264 2635 3385 2706 ipse
3399 2633 3585 2690 decla-

2000 2737 2087 2785 rat
2107 2728 2298 2785 dicens
2330 2746 2343 2782 :
2375 2726 2509 2783 Cum
2531 2739 2705 2782 autem
2731 2725 2933 2796 placuit
2956 2726 3024 2792 ei,
3056 2729 3146 2796 qui
3180 2741 3260 2779 me
3297 2725 3589 2796 segregavit

1999 2837 2065 2875 ea:
2094 2829 2242 2876 utero
2266 2821 2454 2875 matris
2490 2837 2638 2886 meaz,
2665 2822 2898 2876 revelare
2930 2819 3133 2874 Filium
3157 2834 3313 2873 suum
3335 2819 3390 2872 in
3418 2833 3502 2872 me
3515 2817 3582 2871 ⁸⁸.

2001 2913 2470 2980 Quemadmodum
2534 2912 2701 2984 igitur
2753 2927 2878 2968 cum
2925 2927 3020 2968 eos
3050 2910 3437 2981 prmscivisset,
3491 2910 3582 2978 qui

2003 3004 2238 3060 amaturi
2267 3004 2445 3075 ipsum
2466 3013 2648 3066 erant,
2704 3006 2870 3060 etiam
2933 3001 3486 3074 przedestinavit;sic
3531 3011 3588 3056 et

2002 3096 2208 3168 impios
2227 3111 2354 3152 cum
2391 3096 3027 3167 pmvidissetjustitiam
3063 3096 3368 3160 locuturos,
3398 3101 3587 3163 utpote

2002 3189 2096 3260 qui
2137 3197 2361 3245 nossent
2385 3189 2534 3243 illam
2562 3223 2577 3253 ,
2617 3191 2710 3246 sed
2756 3191 2933 3260 ipsam
2982 3196 3165 3243 tamen
3190 3203 3300 3243 non
3323 3168 3597 3258 operibus.

2001 3278 2250 3337 adituros
2283 3294 2429 3345 esse,
2457 3279 2936 3351 quiainjustitiam
2985 3279 3242 3334 manibus
3286 3278 3587 3349 complica-

2001 3372 2111 3426 turi
2145 3384 2321 3438 erant,
2348 3373 2472 3430 ideo
2500 3372 2763 3429 alienavit
2823 3387 2918 3428 eos
2969 3386 2997 3425 a
3027 3371 3208 3435 vulva,
3241 3377 3296 3426 et
3317 3370 3404 3426 vel
3430 3377 3587 3424 ante-

1999 3481 2164 3536 quam
2229 3465 2444 3529 ﬁerent,
2480 3467 2536 3520 in
2573 3465 2878 3522 errantium
2935 3474 2989 3520 et
3047 3464 3332 3521 mendacia
3355 3465 3586 3534 loquen-

2000 3557 2138 3612 tium
2188 3573 2420 3614 numero
2452 3559 2508 3612 in
2556 3574 2617 3614 se
2665 3557 3042 3629 computavit;
3108 3557 3469 3627 permisitque
3503 3562 3585 3608 ta-

2001 3665 2147 3713 men,
2169 3651 2275 3706 etsi
2307 3651 2448 3705 tales
2479 3649 2697 3706 l‘uturos
2729 3664 2854 3706 esse
2903 3657 3116 3710 nosset,
3152 3659 3208 3703 ut
3235 3648 3411 3717 palam
3454 3661 3586 3716 pro-

1999 3740 2206 3806 dirent,
2242 3755 2352 3812 quo
2411 3742 2732 3811 praestantia
2758 3741 3040 3810 justorum
3088 3740 3584 3809 religiosorunique

2000 3833 2283 3889 hominum
2309 3848 2377 3888 ex
2412 3833 2661 3903 pejorum
2705 3832 3120 3903 comparatione
3151 3831 3412 3887 eluceret.
3447 3828 3582 3883 Nam

1999 3940 2126 3981 cum
2155 3940 2221 3980 ex
2256 3940 2363 3980 una
2393 3939 2586 3980 omnes
2626 3932 2826 3980 natura
2869 3930 3228 3986 constarent,
3281 3921 3460 3977 libero
3495 3919 3582 3977 usi

2001 4011 2377 4078 arbitrio,’alii
2425 4014 2648 4085 quidem
2686 4023 2882 4086 sponte
2915 4013 3119 4071 bonum
3160 4013 3464 4085 elegerunt,
3489 4011 3594 4068 alii.

1999 4107 2335 4162 contrariam
2366 4107 2539 4163 iniere
2565 4107 2730 4162 viam.
2776 4106 2847 4161 At
2874 4107 3128 4163 excelsus
3162 4113 3468 4176 etmagnus
3493 4104 3584 4160 ille

2001 4198 2383 4254 universorum
2401 4198 2593 4269 judex,
2632 4201 2852 4271 utrique
2906 4198 3089 4254 ordini
3116 4197 3444 4269 praesidens,
3481 4211 3582 4268 pro

1997 4290 2196 4346 merito
2243 4290 2444 4361 cuique
2481 4291 2694 4346 tribuit.
2745 4290 2929 4358 Quare
2972 4291 3059 4346 sui
3105 4298 3381 4346 amatores
3410 4289 3585 4360 gloria

1998 4381 2202 4458 all'ecit,
2237 4380 2550 4438 conformes
2579 4381 2803 4454 imagini
2824 4381 3047 4437 Filiisui
3071 4381 3361 4446 exhibens,
3385 4381 3585 4450 quippe

301 4482 427 4530 σαν,
458 4468 793 4541 αὐτεξουσίῳ
821 4473 1141 4544 προαιρέσει
1169 4472 1528 4545 χρησάμενοι.
1567 4474 1804 4547 Ὑψηλδς
1833 4475 1890 4529 δὲ

2002 4476 2093 4548 qui
2119 4490 2362 4532 amorem
2385 4488 2513 4547 erga
2533 4491 2592 4532 se
2605 4475 2868 4546 operibus
2894 4473 3379 4544 comprobaverint
3406 4489 3421 4538 ;
3445 4471 3584 4525 alios

293 4557 326 4609 ὁ
354 4559 532 4629 μέγας
573 4560 683 4614 τῶν
709 4563 846 4636 δλων
876 4565 1070 4636 κριτὴς
1088 4604 1102 4629 ,
1137 4563 1609 4638 προκαθεζόμενος
1642 4568 1890 4640 ἑκατέρῳ

294 4649 566 4718 τάγματι,
599 4652 858 4722 βραϐεύει
902 4655 973 4708 τά
1013 4657 1310 4728 πρέποντα.
1345 4657 1437 4711 Διό
1469 4660 1597 4723 τοὺς
1624 4659 1726 4730 μὲν
1751 4660 1890 4729 ἀγα-

293 4743 587 4812 πήσαντας
615 4746 776 4798 αὑτὸν
805 4746 1044 4812 ἐδόξασε,
1081 4750 1439 4822 συμμόρφους
1468 4750 1758 4815 ἀποδείξας
1786 4752 1888 4822 τῆς

245 4906 256 4912 ﬁ
292 4833 508 4898 εἰκόνος
543 4836 639 4890 τοῦ
687 4837 815 4891 Υἱοῦ
860 4839 1026 4893 αὐτοῦ
1048 4881 1062 4904 ,
1098 4841 1175 4904 ὡς
1209 4841 1274 4895 ἂν
1308 4842 1456 4913 ἔργῳ
1480 4841 1578 4913 τὴν
1613 4843 1694 4905 είς
1725 4843 1888 4896 αὑτὸν

293 4924 712 4996 ἐνδειξαμένους
743 4930 967 5002 ἀγάπην
986 4949 1000 4962 ⁸
1026 4933 1154 4996 τοὺς
1183 4934 1240 4987 δὲ
1267 4933 1562 4996 ἐναντίους,
1581 4934 1657 4997 ὡς
1682 4934 1748 4986 ἂν
1771 4936 1891 4987 ἑαυ-

291 5015 427 5077 τοὺς
469 5016 1021 5090 ἀπαλλοτριώσαντας
1065 5023 1164 5093 τῆς
1202 5023 1366 5077 αὐτοῦ
1416 5025 1673 5095 χάριτος,
1721 5043 1890 5078 καταο

292 5105 486 5159 ϐάλλει
516 5111 816 5182 συντρίϐων
843 5113 1022 5167 αὐτῶν
1044 5115 1169 5176 τοὺς
1193 5115 1433 5180 ὀδόντας,
1465 5111 1546 5179 οἷς
1565 5117 1626 5169 οὐ
1659 5117 1886 5181 δεόντως

290 5198 638 5270 ἐχρήσαντο,
671 5203 766 5256 καὶ
806 5205 1044 5258 συνθλῶν
1075 5205 1174 5269 τάς
1227 5206 1398 5277 μύλας
1440 5208 1651 5272 αὐτῶν,
1697 5209 1764 5261 δι’
1811 5203 1887 5262 ὧν

1999 4584 2130 4623 vero
2159 4567 2296 4638 ipsis
2312 4569 2620 4637 oppositos,
2652 4574 2844 4636 utpote
2890 4566 2986 4635 qui
3011 4579 3133 4620 sese
3160 4565 3229 4618 ab
3258 4563 3380 4632 ejus
3405 4563 3582 4633 gratia

2000 4658 2458 4722 abalienaveriut,
2490 4657 2679 4727 dejicit
2713 4673 2728 4710 :
2761 4657 2954 4711 dentes
2975 4669 3191 4716 eorum,
3217 4653 3422 4723 quibus
3471 4668 3580 4706 non

2002 4760 2059 4804 ut
2099 4767 2199 4821 par
2222 4758 2340 4806 erat
2371 4751 2456 4806 usi
2510 4756 2663 4812 sunt,
2699 4747 2957 4808 conterit,
3019 4745 3306 4814 molasque
3363 4758 3581 4806 eorum,

1998 4842 2156 4909 queis
2191 4841 2380 4895 multis
2426 4840 2724 4910 perniciem
2777 4837 3102 4900 intulerunt.
3146 4835 3483 4905 confringit:
3519 4850 3583 4888 ac

1997 4934 2216 4988 demum
2240 4932 2294 4986 in
2309 4932 2563 4997 nihilum,
2597 4931 2651 4985 in
2678 4931 2848 4985 risum
2881 4940 2936 4985 et
2958 4928 3314 5000 opprobrium
3335 4927 3578 4986 deducit,

1995 5025 2215 5096 quando
2259 5023 2528 5079 lluxarum
2573 5031 2626 5076 et
2692 5039 2799 5077 non
2859 5021 3279 5077 consistentium
3311 5034 3576 5090 aquarum

1999 5118 2174 5172 instar
2224 5114 2470 5173 deﬂuunt
2509 5114 2658 5184 :ipsi
2707 5114 2870 5170 talem
2934 5113 3097 5169 linem
3120 5113 3440 5184 exitumque
3471 5110 3577 5165 sibi

1997 5217 2386 5279 procurarunt.

291 5291 512 5356 πολλοῖς
537 5291 875 5364 ἐλυμήναντο
893 5311 905 5324 ·
927 5296 1020 5348 καὶ
1050 5296 1200 5360 τέλος
1224 5299 1304 5360 εἰς
1319 5296 1666 5362 ὲξουδένωσιν
1687 5299 1882 5362 αὐτοὺς
1919 5299 2247 5370 παραδιδοὺς
2302 5298 2396 5353 καὶ
2450 5297 2646 5373 χλεύην
2684 5297 2778 5352 καὶ
2803 5298 3004 5362 ὄνειδος
3019 5314 3032 5327 ·
3052 5299 3142 5351 ὅτε
3169 5297 3264 5350 καὶ
3286 5295 3446 5366 δίκην
3467 5293 3578 5349 τῶν

291 5383 540 5456 ρευστῶν
563 5383 657 5435 καὶ
689 5384 786 5453 οὐχ
813 5384 1062 5439 ἑστώτων
1091 5386 1298 5440 ὑδάτων
1323 5388 1706 5465 ἀπορρέουσιν,
1726 5388 1882 5442 αὐτοὶ
1916 5390 2128 5451 ἑαυτοῖς
2190 5389 2251 5442 το
2275 5387 2514 5442 τοιοῦτον
2545 5385 2977 5459 προξενήσαντες
3004 5389 3175 5451 τέλος.

375 5471 651 5527 Ἐντενεῖ
664 5477 729 5528 τὸ
757 5477 938 5541 τόξον
954 5479 1143 5533 αὑτοῦ
1170 5480 1284 5545 ἕως
1311 5476 1383 5534 οὗ
1406 5471 1881 5546 ἀσθενήσουσιν.

300 5561 461 5617 Ὧσεὶ
512 5566 696 5633 κηρός
746 5569 946 5635 τακεὶς
1004 5572 1615 5640 ἀνταναιρεθήσονται
1636 5591 1648 5603 ·
1702 5573 1886 5626 ἔπεσε

365 5717 413 5750 ⁸⁸
439 5715 565 5777 Jer.
605 5738 658 5786 ι,
700 5723 753 5778 5.

2065 5481 2233 5535 Vens.
2263 5482 2318 5544 9,
2349 5481 2436 5534 10.
2486 5479 2728 5535 lntendet
2780 5497 2962 5534 arcum
3003 5497 3156 5534 suum
3213 5479 3379 5534 donec
3421 5479 3573 5546 inﬁr-

1993 5583 2220 5626 mentur.
2249 5571 2396 5625 Sicut
2425 5589 2544 5625 cera
2561 5588 2676 5642 qna'
2694 5572 2835 5640 ﬂuit,
2872 5572 3179 5639 anferentnr
3198 5588 3214 5624 :
3232 5569 3573 5639 supercecidit

833 5727 876 5757 ⁵³
918 5725 1114 5794 Ephes.
1156 5745 1202 5793 ι,
1240 5729 1288 5782 ιί.
1371 5730 1414 5761 ⁵⁸
1457 5729 1586 5785 ibid.
1631 5731 1684 5784 ll
1728 5729 1810 5784 12.
1893 5732 1900 5761 ε

2002 5731 2131 5785 tom.
2173 5746 2301 5795 vui,
2335 5729 2531 5786 ‘38-‘29.
2611 5731 2654 5761 ⁵ο
2694 5727 2810 5784 Gal.
2853 5742 2903 5794 ι,
2941 5727 3028 5783 lii.
