4100 6524
347 337 514 432 ω’

1485 362 1993 421 COMMENTARIA
2031 363 2099 418 lN
2138 361 2478 418 PSALMOS.

3518 357 3622 413 530

346 488 462 548 τοῖς
497 481 738 536 διάνοιαν
783 483 1037 537 συνιδεῖν.
1072 483 1241 554 Φησὶν
1275 478 1398 537 οὖν’
1451 484 1712 538 Ἐντενεῖ
1739 483 1816 551 fro
1849 486 1944 538 τό-

2052 483 2430 552 uleiscensque
2490 481 2644 545 illos,
2700 480 2876 542 donec
2937 477 3302 534 iulirmeutur.
3358 474 3438 529 llli
3494 490 3624 530 vero

348 575 461 641 ξον
491 571 679 628 αὑτοῦ
709 572 820 640 ἓως
848 573 1324 641 ἁσθενήσουσιν.
1363 575 1420 629 Ὀ
1449 575 1514 646 δὴ
1563 577 1771 647 μέλλων
1812 595 1938 631 συν-

344 663 554 736 τρίϐειν
580 663 707 727 τοὺς
735 663 950 729 ὀδόντας
975 665 1154 721 αὐτῶν
1184 667 1241 719 ὲν
1262 665 1340 736 τῷ
1368 660 1595 736 στόματι
1619 668 1819 733 αὐτῶν,
1844 668 1938 722 καὶ

344 754 446 817 τὰς
485 753 659 824 μύλας
700 753 809 806 τῶν
853 754 1084 809 λεόντων
1131 755 1360 826 συνθλᾷν
1401 752 1634 826 Κύριος,
1677 758 1838 821 αὐτὸς
1879 759 1939 811 τὸ

347 845 543 899 ἑαυτοῦ⁹
577 845 729 912 τόξον
756 847 849 900 ἐπὶ
891 847 1144 901 τοσοῦτον
1185 851 1306 903 κατ’
1342 850 1522 903 αὐτῶν
1555 853 1756 904 ὲντενεί
1809 850 1939 922 βάλ-

347 936 455 990 λων
489 939 688 1002 αὐτοὺς
721 938 814 992 καὶ
856 938 1284 1011 τιμωρούμενος,
1319 940 1424 1006 ἓως
1461 941 1853 1013 ἀσθενήσωσιν.
1879 944 1940 997 0i

347 1027 406 1081 δὲ
438 1027 758 1102 βαλλόμενοι
804 1028 883 1100 τῷ
927 1031 1308 1102 πεπυρωμένῳ
1357 1030 1518 1102 βέλει,
1571 1031 1742 1104 κηροῦ
1786 1031 1941 1102 δίκην

350 1119 456 1172 ὑπὸ
499 1123 670 1194 πυρὸς
712 1122 1016 1194 τηκομένω
1065 1121 1503 1194 διαλυθήσονται·
1536 1125 1627 1178 Διὸ
1654 1124 1937 1177 λέλεκται·

363 1212 522 1268 Ὠσεὶ
569 1211 754 1282 κηρός
810 1213 1011 1278 τακεὶς
1062 1213 1673 1283 ἀνταναιρεθήσονται
1693 1254 1708 1278 ,
1759 1215 1943 1269 ἔπεσε

349 1304 493 1374 πῦρ.
527 1305 738 1376 Ὥσπερ
783 1304 892 1376 γὰρ
939 1305 1196 1369 πεσόντος
1240 1305 1410 1380 πυρὸς
1454 1305 1723 1370 διαλυθεὶς
1773 1305 1943 1377 κηρὸς

2043 578 2215 648 ignito
2242 578 2352 632 telo
2375 575 2644 642 confossi,
2677 589 2816 630 certe
2847 574 3024 628 instar
3053 574 3121 626 ab
3165 573 3290 641 igne
3316 567 3631 640 liquefacta:

2046 671 2435 726 dissolventur.
2473 669 2659 735 Quare
2707 668 2910 724 dicitur
2946 685 2960 720 :
2994 665 3147 720 Sicut
3192 681 3314 718 cera
3336 678 3452 732 quae
3480 660 3626 730 ﬂuit;

2046 762 2374 830 auferantur,
2403 759 2750 829 supercecidit
2782 759 2938 828 ignis.
2977 756 3132 811 Sicut
3165 757 3310 810 enim
3339 753 3632 810 decidentc

2048 853 2192 923 igne,
2223 854 2400 908 soluta
2435 867 2559 907 cera
2583 850 2858 920 liquescit,
2893 848 3085 904 eodem
3129 847 3293 902 modo
3338 846 3416 899 illi
3443 845 3512 899 ab
3544 845 3628 898 in-

2047 952 2277 1014 gruente
2326 944 2405 997 ira
2463 942 2842 1007 destruentur,
2874 941 2950 994 ita
3007 947 3067 994 ut
3117 954 3187 995 ne
3226 938 3446 1010 quidem
3478 936 3627 1008 digni

2046 1033 2374 1098 habeantur,
2396 1034 2491 1104 qui
2525 1034 2696 1089 solem
2719 1032 2950 1103 justitim
2981 1031 3184 1087 mentis
3207 1031 3386 1086 oculis
3412 1030 3630 1101 perSpi-

2047 1127 2216 1181 ciant.
2273 1125 2380 1182 Sed
2430 1133 2726 1196 antequam
2779 1125 2950 1195 spinae
2993 1139 3183 1180 eorum
3227 1126 3634 1178 accreseantet

2047 1219 2315 1274 rhamnus
2346 1218 2602 1283 evadant,
2628 1234 2804 1290 nuper
2826 1217 2972 1273 edita
2999 1233 3190 1274 eorum
3225 1216 3418 1286 spinea
3465 1228 3632 1285 opera

2050 1309 2131 1364 ira
2163 1309 2588 1384 comprehendet
2604 1317 2660 1365 et
2685 1309 3020 1365 absorbebit.

350 1397 693 1469 ἀφανίζεται,
721 1397 811 1450 τὸν
839 1397 999 1450 αὑτὸν
1032 1396 1233 1469 τρόπον
1263 1400 1357 1452 καὶ
1394 1401 1443 1451 οἱ
1477 1398 1806 1470 δηλωθέντες
1832 1399 1937 1453 ὑπὸ
1971 1402 2072 1472 τῆς
2097 1403 2550 1477 καταληψομένης
2571 1405 2768 1468 αὐτοὺς
2823 1405 2994 1476 ὀργῆς
3060 1403 3631 1475 ἀνταναιρεθήσονται,

345 1488 430 1554 ὡς
452 1489 527 1561 μὴ
551 1488 952 1560 καταξιωθῆναι
976 1490 1170 1556 αὐτοὺς
1191 1492 1280 1545 τὸν
1303 1492 1400 1563 τῆς
1419 1493 1766 1564 δικαιοσύνης
1819 1493 1968 1565 ⁴ἥλιον
2005 1496 2305 1568 ὀφθαλμοῖς
2346 1498 2523 1570 ψυχῆς
2561 1499 2893 1553 θεάσασθαι·
2931 1498 3068 1551 ἀλλὰ
3133 1500 3228 1552 κα³ι
3263 1496 3371 1568 πρὸ
3403 1494 3495 1548 τοῦ
3540 1495 3636 1547 αὐ-

350 1583 514 1654 ξῆσαι
553 1583 652 1647 τὰς
687 1582 927 1648 ἀκάνθας
985 1584 1162 1639 αὐτῶν
1207 1587 1300 1640 καὶ
1340 1588 1418 1650 εἱς
1467 1588 1671 1659 ῥάμνον
1702 1589 1972 1659 χωρῆσαι,
2011 1588 2089 1643 ἔτι
2138 1592 2335 1661 νεαρὰς
2377 1591 2542 1656 οὔσας
2579 1592 2758 1647 αὐτῶν
2806 1593 2905 1656 τὰς
2938 1591 3269 1654 ἀκανθώδεις
3338 1587 3563 1659 πράξεις
3600 1586 3634 1658 ἡ

344 1677 491 1750 ὀργὴ
521 1677 895 1748 καταλήψεται
932 1680 1028 1733 καὶ
1059 1681 1403 1736 καταπίεται.

423 1790 922 1861 Εὐφρανθήσεται
980 1791 1230 1859 δίκαιος,
1281 1793 1430 1848 ὅταν
1471 1795 1569 1862 ιδῃ
1608 1795 1943 1863 ἐκδίκησιν,

2125 1792 2291 1848 Vens.
2331 1794 2418 1857 Η,
2454 1793 2538 1848 li.
2567 1793 2864 1847 La'tabitur
2883 1793 3065 1862 justus
3087 1809 3207 1846 cum
3244 1790 3429 1845 viderit
3467 1790 3637 1846 vindi-

351 1881 460 1948 τὰς
485 1882 689 1951 χεῖρας
729 1881 918 1936 αὐτοῦ
949 1883 1189 1951 νίφεται
1228 1883 1397 1949 ἐντῷ
1418 1885 1618 1953 αἵματι
1640 1886 1743 1939 τοῦ
1775 1887 1948 1956 ἁμαρ-

2052 1893 2190 1938 ctam
2215 1900 2233 1938 :
2264 1901 2454 1939 manus
2486 1902 2612 1939 suas
2639 1885 2836 1939 lavabit
2860 1885 2913 1938 in
2945 1886 3203 1954 sanguine
3224 1885 3540 1952 peccatoris.
3566 1881 3638 1937 Et

351 1972 568 2026 τωλοῦ.
615 1972 726 2026 Καὶ
753 1971 874 2040 ἐρεῖ
913 1971 1246 2040 ἄνθρωπος’
1284 1975 1354 2027 Et
1389 1974 1502 2042 ἄρα
1546 1976 1678 2028 ἐστὶ
1725 1977 1950 2045 καρπὸς

349 2063 435 2129 τῷ
471 2063 703 2130 δικαίῳ,
733 2062 845 2130 ἄρα
892 2063 1066 2116 ἐστίν
1092 2066 1126 2117 ό
1162 2063 1309 2130 Θεὸς
1359 2066 1580 2134 κρίνων
1621 2068 1842 2134 αὐτοὺς
1880 2069 1951 2122 ἐν

349 2153 428 2223 τῇ
454 2153 554 2225 τῇ.
587 2155 903 2225 Σύμμαχος
936 2156 1273 2224 Χαρήσεται
1294 2155 1525 2224 δίκαιος
1552 2158 1692 2210 ἰδὼν
1712 2160 1948 2227 ἐκδίκη-

348 2260 479 2308 σιν,
517 2244 658 2310 τοὺς
709 2246 899 2311 πόδας
932 2245 1122 2298 αὑτοῦ
1157 2245 1394 2312 νίψεται
1430 2247 1628 2315 αἵματι
1668 2247 1945 2313 ἀσεϐοῦς.

358 2335 571 2405 Ὠσπερ
601 2337 650 2390 oi
693 2337 902 2406 ψευδῶς
951 2336 1294 2406 δικαιοσύνην
1328 2335 1632 2401 λαλοῦντες,
1670 2339 1850 2410 ἔργοις
1893 2341 1948 2394 δὲ

353 2424 569 2479 ἀδικίαν
601 2427 1030 2497 συμπλέκοντες,
1085 2427 1513 2499 προεγράφησαν
1546 2433 1726 2484 ὁποῖον
1769 2431 1948 2498 ἕξουσι

354 2515 530 2580 τέλος
565 2515 738 2581 οὕτως
772 2519 938 2588 ὲχρῆν
971 2519 1036 2570 ἐκ
1070 2517 1416 2590 παραλλήλου
1459 2520 1552 2574 τοῦ
1583 2521 1835 2592 ἀληθινοῦ
1869 2522 1949 2581 δι-

357 2615 536 2682 καίου,
567 2616 661 2670 τοῦ
690 2617 755 2670 δι’
783 2617 960 2689 ἔργων
989 2618 1399 2690 ἐνδεικνυμένου
1440 2616 1536 2689 τὴν
1579 2614 1946 2687 δικαιοσύνην,

357 2708 419 2762 τὸ
442 2709 678 2780 χρηστὸν
701 2709 855 2772 τέλος
885 2709 1218 2780 διδαχθῆναι.
1245 2711 1310 2763 Τί
1346 2709 1601 2762 συνέσται
1639 2707 1844 2777 ἀγαθὸν
1871 2707 1950 2778 τῷ

355 2800 612 2873 τσιούτῳ;
655 2801 769 2855 Νῦν
813 2803 932 2873 μὲν,
968 2804 1122 2873 φησὶ,
1157 2801 1300 2856 κατά
1331 2804 1420 2856 τὸν
1452 2819 1693 2874 παροντα
1735 2801 1948 2872 καιρὸν,

356 2893 472 2963 οὐχ*
501 2892 643 2964 ὀρῶν
674 2892 772 2965 τὴν
796 2894 935 2946 κατὰ
964 2894 1072 2947 τῶν
1107 2893 1321 2948 ἀσεϐῶν
1351 2893 1650 2963 ἐκδίκησιν,
1689 2892 1950 2956 πολλάκις

359 2983 685 3054 σχετλιάζει,
721 2986 1149 3057 ἀποκλαιόμενος
1182 2985 1512 3052 καὶλέγωνο
1548 2985 1680 3038 Ἵνα
1708 2985 1764 3037 τί
1806 2984 1947 3036 ἀσε-

360 3077 485 3143 ϐεῖς
521 3077 867 3145 εὐθηνοῦσι,
890 3078 1336 3131 πεπαλαίωνται
1363 3075 1429 3128 δὲ
1463 3074 1558 3127 καὶ
1591 3075 1661 3127 ἐν
1687 3075 1946 3137 πλούτῳ·

359 3172 392 3223 ό
431 3171 660 3236 σπόρος
700 3168 896 3222 αὐτῶν
950 3168 1099 3222 κατὰ
1137 3169 1369 3237 ψυχὴν,
1410 3169 1478 3220 τὰ
1506 3165 1572 3219 δὲ
1607 3165 1811 3218 παιδία
1841 3166 1948 3217 αὐ-

2052 1976 2185 2030 dicet
2218 1977 2373 2030 homo
2410 1991 2428 2028 .'
2470 1974 2529 2030 Si
2560 1978 2739 2047 utique
2761 1985 2838 2030 est
2882 1975 3089 2045 fructus
3130 1977 3314 2045 justo,
3340 1976 3519 2046 utique
3555 1984 3634 2029 est

2054 2067 2193 2121 Deus
2216 2068 2471 2136 judicans
2504 2085 2593 2122 eos
2642 2069 2694 2121 in
2722 2077 2884 2122 terra.
2932 2065 3320 2138 Symmachus,
3375 2065 3635 2120 Gaudebit

2042 2159 2226 2226 justus
2248 2175 2368 2212 cum
2409 2158 2596 2213 viderit
2621 2159 2931 2221 vindictam,
2966 2158 3119 2227 pedes
3144 2175 3269 2213 suos
3290 2157 3486 2211 lavabit
3518 2174 3639 2211 san.

2047 2251 2206 2320 guine
2230 2252 2396 2318 impii.
2435 2249 2592 2304 Sicut
2629 2252 2663 2304 ii
2687 2252 2781 2320 qui
2809 2250 3060 2305 mendaci
3103 2265 3198 2305 ore
3248 2250 3526 2320 justitiam
3555 2249 3637 2303 lo...

2052 2351 2317 2408 quuntur,
2349 2339 2479 2394 dum
2516 2343 2778 2410 operibus
2809 2341 3138 2410 injustitiam
3171 2341 3637 2412 complicant,qui

2053 2432 2212 2486 tinem
2263 2432 2500 2486 habituri
2557 2435 2666 2488 sint
2691 2433 2803 2502 jam
2840 2433 3179 2501 descriptum
3214 2440 3332 2500 est;
3367 2433 3448 2488 sic
3473 2447 3638 2502 opor-

2049 2523 2152 2576 tuit
2187 2539 2216 2578 e
2250 2539 2520 2580 converso
2572 2527 2682 2580 veri
2716 2526 2873 2596 justi,
2907 2529 2999 2595 qui
3052 2526 3313 2595 operibus
3359 2525 3636 2595 justitiam

2051 2616 2292 2679 exhibet,
2326 2616 2531 2672 bonum
2571 2618 2731 2672 ﬁnem
2775 2617 3068 2672 declarari.
3121 2617 3263 2685 Quid
3297 2618 3392 2671 tali
3425 2617 3641 2679 homini

2051 2706 2182 2760 boni
2217 2708 2532 2776 continget?
2557 2706 2676 2761 Jam
2713 2706 2932 2778 quidem
2956 2709 3010 2762 in
3033 2707 3312 2777 praesenti,
3360 2708 3459 2771 ait,
3509 2721 3644 2762 cum-

2053 2812 2161 2851 non
2186 2797 2368 2851 videat
2401 2798 2663 2853 ultionem
2688 2799 2756 2853 de
2791 2799 2972 2868 impiis
3003 2798 3349 2862 sumendam,
3383 2812 3637 2866 saepenu-

2055 2904 2207 2944 mero
2241 2890 2408 2955 dolet,
2438 2891 2748 2962 ingemiscit
2778 2898 2833 2946 et
2869 2893 2944 2944 ait
2975 2910 2986 2944 :
3019 2891 3197 2957 Quare
3218 2892 3367 2960 impii
3391 2907 3646 2960 prospere.

2055 2990 2239 3050 agunt,
2291 2983 2344 3035 in
2396 2982 2597 3036 divitiis
2649 2995 3085 3037 consenuerunt:
3128 2999 3304 3038 semen
3353 2998 3536 3036 eorum
3572 2995 3645 3036 ex

2055 3081 2169 3126 voto
2191 3073 2447 3142 procedit,
2471 3075 2622 3142 pueri
2653 3091 2832 3127 eorum
2853 3074 3109 3130 laetantur
3137 3083 3402 3129 sumentes
3438 3072 3638 3143 psalte-

2055 3166 2193 3218 rium
2236 3174 2284 3219 et
2313 3165 2859 3221 citharam"?Nunc
2909 3175 3090 3222 autem
3149 3168 3264 3238 ipse
3315 3167 3642 3222 humiliatus

361 3258 480 3312 τῶν
507 3260 885 3329 εὐφραίνεται
927 3258 1427 3327 ἀναλαμϐάνοντα
1473 3255 1810 3324 ψαλτήριον
1849 3253 1946 3306 καὶ

2053 3257 2187 3312 dicit
2222 3278 2233 3313 :
2279 3257 2383 3313 Mei
2422 3270 2596 3313 autem
2629 3276 2756 3328 pene
2789 3261 2916 3314 moti
2936 3270 3059 3314 sunt
3102 3235 3280 3330 pedes,
3312 3275 3438 3328 pene
3480 3259 3645 3328 e/fust}

357 3349 642 3419 depar;
683 3351 793 3405 Καὶ
818 3350 912 3403 νῦν
958 3353 986 3404 ό
1055 3351 1216 3414 αὐτὸς
1265 3348 1687 3419 ταπεινούμενος
1749 3361 1944 3417 φησιν·

370 3438 545 3508 Ἐμοῦ
597 3440 665 3494 δὲ
709 3441 869 3509 παρὰ
909 3440 1127 3512 μικρὸν
1169 3441 1596 3507 ἐσαλεύθησαν
1643 3442 1695 3491 οὶ
1745 3437 1945 3503 πόδες,

356 3531 494 3598 παρ’
525 3532 734 3600 ὀλίγον
764 3531 1020 3599 ἐξεχύθη
1056 3531 1128 3585 τὰ
1162 3529 1493 3599 διαϐήματά
1523 3547 1664 3599 μου,
1705 3529 1792 3581 ὅτι
1823 3527 1952 3595 ἐζή-

355 3625 529 3678 λωσα
558 3622 657 3676 ἐπὶ
686 3623 809 3689 τοῖς
830 3625 1098 3692 ἀνόμοις,
1133 3623 1382 3694 εἰρήνην
1415 3621 1766 3692 ἁμαρτω..ῖοῦ
1809 3623 1950 3674 θεω-

345 3711 497 3780 ρῶν.
549 3713 796 3767 Ἐπειδὰν
832 3714 887 3766 δὲ
924 3715 1008 3787 ἴδῃ
1035 3716 1096 3767 τὸ
1122 3714 1275 3779 τέλος
1319 3713 1426 3767 τῶν
1469 3711 1682 3766 ἀσεϐῶν
1723 3712 1817 3764 καὶ
1852 3711 1950 3780 τὴν

357 3806 480 3859 κατ’
508 3806 689 3861 αὐτῶν
731 3806 1032 3879 ἐκδίκησιν,
1068 3803 1369 3878 τηνικαῦτα
1398 3807 1693 3877 χαρήσεται
1722 3803 1816 3858 καὶ
1860 3803 1952 3855 εὐ-

357 3897 749 3970 φρανθήσεται,
781 3900 842 3951 οὐ
877 3902 942 3970 τῇ
978 3898 1086 3952 τῶν
1108 3897 1320 3952 ἀσεϐῶν
1347 3898 1594 3969 ἀπωλείᾳ
1629 3895 1951 3967 ἐπιχαίρων,

354 3989 472 4042 ἀλλ’
520 3991 612 4043 ἐπὶ
659 3993 726 4061 τῇ
769 3989 863 4043 τοῦ
905 3990 1040 4044 Θεοῦ
1086 3990 1453 4061 δικαιοκρισίᾳ.
1505 3987 1948 4059 εὐφραινόμενος.

354 4083 468 4137 Καὶ
485 4081 628 4148 τοὺς
648 4082 836 4148 πόδας
856 4083 912 4135 δὲ
932 4083 1120 4137 αὐτοῦ
1143 4083 1383 4150 νίψεται
1419 4083 1489 4134 ἐν
1520 4080 1600 4146 τῷ
1622 4081 1824 4150 αἵματι
1847 4076 1954 4132 τοῦ

353 4174 650 4240 ἀσεϐοὗςο
696 4175 794 4244 οὐχ
843 4174 1145 4244 αἱμοπότης
1179 4190 1262 4236 τις
1298 4171 1374 4225 ὢν
1422 4173 1518 4225 καὶ
1569 4170 1950 4241 φιλοπόλεμος,

355 4264 496 4318 ἀλλά
532 4264 928 4335 καθαιρόμενος
974 4263 1063 4316 διὰ
1109 4263 1210 4334 τῆς
1254 4262 1476 4316 ἐκείνων
1510 4262 1811 4333 τιμωρίας,
1862 4262 1955 4314 καὶ

357 4353 738 4425 βελτιούμενος
762 4345 850 4408 διὰ
875 4354 976 4424 τῆς
1022 4355 1222 4426 ἐτέρων
1251 4355 1607 4426 ἐπιστροφῆς,
1644 4355 1715 4407 Ἣ
1747 4355 1950 4417 ἄλλως·

354 4447 607 4514 [VM-arat
630 4445 738 4513 τὰς
764 4445 966 4515 χεῖρας
995 4445 1093 4498 ἐπὶ
1114 4445 1193 4512 τῷ
1222 4448 1422 4516 αἵματι
1450 4447 1554 4500 τοῦ
1579 4446 1952 4514 άιιαρτωλοῦ,

355 4522 535 4590 ἀθῶον
573 4538 667 4591 καὶ
695 4539 955 4602 ἀναίτιον,
982 4538 1074 4591 καὶ
1112 4538 1348 4609 καθαρὸν
1384 4540 1573 4592 ἑαυτὸν
1615 4539 1829 4601 δεικνὺς
1859 4539 1955 4610 τῆς

355 4627 634 4692 ἀπωλείας
675 4628 863 4683 αὑτοῦ.
914 4628 1162 4682 Ἐπειδὰν
1195 4625 1287 4682 οὖν
1329 4633 1375 4684 οἱ
1413 4630 1510 4701 μὲν
1552 4629 1770 4692 ἀσεϐεῖς
1799 4631 1953 4694 δίκας

354 4715 490 4769 δῶσι
519 4717 616 4781 τὰς
668 4717 1052 4788 προσηκούσας
1074 4735 1087 4760 ε
1118 4721 1145 4771 ὀ
1167 4719 1224 4771 δὲ
1262 4719 1470 4781 δίκαιος
1496 4719 1822 4790 ὲκδικηθεὶς,
1866 4721 1955 4772 εὐ-

355 4809 633 4880 φροσύνης
658 4811 753 4863 καὶ
798 4813 974 4882 χαρᾶς
1009 4811 1318 4882 ἐμπλησθῇ,
1352 4813 1446 4877 καὶ
1491 4810 1589 4874 τὰς
1631 4813 1818 4882 χεῖρας
1863 4813 1955 4864 καὶ

353 4901 480 4962 τοὺς
520 4901 688 4964 πόδας
724 4900 911 4966 αὐτοῦ,
947 4901 1088 4954 κατὰ
1111 4903 1238 4964 τοὺς
1265 4902 1485 4965 λοιποὺς
1512 4888 1875 4972 ἑρμηνευτάς,
1898 4904 1956 4955 ὲν

351 4988 435 5060 τῷ
466 4990 660 5060 αἵματι
701 4988 795 5044 τοῦ
821 4991 1147 5062 ἀμαρτωλοῦ
1175 4992 1417 5064 νίψηται,
1462 4992 1603 5050 κατά
1627 4991 1723 5063 τὴν
1756 4991 1948 5045 ἀποδο-

354 5079 543 5134 θεῖσαν
585 5081 851 5137 διάνοιανο
885 5084 1124 5151 εὐλόγως
1165 5084 1284 5137 τότε
1334 5085 1442 5147 πᾶς
1494 5083 1812 5154 ἅνθρωπος,
1857 5083 1952 5136 καὶ

353 5175 508 5228 πᾶσα
543 5174 696 5245 φωνὴ
740 5177 833 5228 καί¹
867 5175 1085 5245 γλῶσσα
1116 5177 1506 5246 ἀποφανεῖται,
1553 5176 1670 5236 ὅτι,
1718 5178 1786 5228 Et
1837 5175 1951 5243 ἄρα

349 5264 488 5318 ἐστὶ
517 5265 748 5332 καρπὸς
779 5265 860 5331 τῷ
902 5266 1130 5334 δικαίῳ,
1165 5265 1282 5336 ἄρα
1315 5266 1488 5320 ἐστὶν
1531 5270 1564 5320 ό
1603 5266 1748 5332 Θεὸς
1771 5270 1803 5320 ὀ
1825 5268 1950 5334 κρί-

349 5372 478 5408 νων
504 5355 728 5422 αὐτοὺς
770 5359 841 5410 ἐν
871 5357 945 5426 τῇ
978 5357 1075 5426 τῇ.
1108 5359 1172 5411 Et.
1210 5358 1319 5430 γάρ
1365 5359 1482 5411 ἐστι
1528 5359 1740 5430 καρπὸς
1766 5359 1843 5430 τῷ
1872 5360 1952 5412 δι-

351 5445 516 5515 καίῳ,
562 5447 692 5517 περὶ
733 5443 794 5502 οὗ
843 5448 1058 5517 καρποῦ
1106 5449 1319 5520 εἴρηται
1362 5452 1421 5502 ὲν
1481 5449 1682 5521 πρώτῳ
1715 5451 1949 5522 ψαλμῷ·

348 5539 461 5588 Καὶ
508 5538 681 5592 ἔσται
707 5540 788 5605 ὡς
820 5540 886 5593 τὸ
935 5540 1128 5604 ξύλον
1177 5541 1243 5594 τὸ
1294 5542 1750 5616 πεφυτευμένον
1795 5546 1954 5614 παρά

349 5628 457 5694 τὰς
486 5629 798 5699 διεξόδους
844 5632 963 5687 τῶν
993 5633 1249 5698 ὑδάτων,
1282 5633 1312 5688 ὃ
1347 5635 1454 5687 τὸν
1489 5635 1725 5704 καρπὸν
1769 5637 1954 5693 αὑτοῦ

426 5803 470 5838 ³³
511 5802 614 5860 Job
644 5821 771 5873 ut,
809 5807 930 5874 7,8.

2055 3359 2177 3404 sunt
2216 3367 2427 3420 gressus
2466 3352 2584 3415 mei,
2622 3353 2746 3421 quia
2798 3352 2963 3406 zelavi
3002 3368 3158 3421 super
3200 3352 3408 3422 iniquos
3455 3365 3639 3421 pacem

2054 3442 2348 3511 peccatoris
2375 3440 2556 3495 videns
2575 3442 2642 3495 5°.
2675 3441 2812 3496 Cum
2851 3450 3034 3496 autem
3087 3440 3286 3497 viderit
3342 3439 3639 3510 impiorum

2055 3533 2216 3588 tinem
2243 3541 2298 3586 et
2316 3532 2577 3587 ultionem
2613 3534 2681 3588 de
2713 3534 2781 3590 iis
2811 3542 3108 3604 sumptam,
3136 3541 3267 3588 tunc
3289 3531 3564 3587 laetabitur
3584 3537 3640 3585 et

2054 3623 2388 3689 exsultabit;
2428 3641 2538 3678 non
2584 3624 2652 3678 de
2683 3625 2976 3693 impiorum
3021 3624 3190 3679 exitio
3239 3623 3504 3693 gaudens,
3541 3621 3650 3683 sed.

2055 3717 2295 3787 dejusto
2325 3717 2417 3772 Dei
2443 3717 2657 3787 judicio
2686 3719 2862 3772 laetus.
2895 3717 3062 3772 Pedes
3091 3727 3274 3772 autem
3319 3733 3444 3771 suos
3488 3716 3639 3770 lava-

2057 3809 2130 3866 bit
2182 3810 2237 3869 in
2296 3809 2556 3878 sanguine
2599 3809 2914 3876 impii:uon
2964 3808 3110 3878 quod
3149 3806 3540 3876 sanguinarius
3574 3818 3644 3865 ac

2057 3898 2182 3952 belli
2211 3898 2447 3967 cupidus
2483 3898 2574 3963 sit,
2606 3897 2700 3950 sed
2726 3897 2855 3966 quia
2879 3912 2946 3953 ex
2974 3910 3166 3952 eorum
3196 3893 3468 3965 supplicio
3507 3908 3639 3964 pur-

2057 3995 2236 4059 gatur,
2273 3996 2328 4043 et
2352 3988 2585 4042 aliorum
2622 3988 2987 4058 castigatione
3019 3988 3210 4042 melior
3237 3985 3491 4042 edicitur.
3513 3985 3655 4040 Sive.

2057 4081 2165 4134 alio
2203 4079 2366 4134 modo
2399 4099 2410 4133 :
2451 4078 2644 4132 Manus
2697 4077 2896 4132 lavabit
2942 4079 2995 4131 in
3027 4079 3282 4147 sanguine
3321 4075 3640 4145 peccatoris,

2057 4172 2110 4226 id
2136 4181 2240 4236 est,
2273 4171 2618 4226 innocentem
2644 4186 2722 4237 se,
2765 4169 3106 4240 inculpatum
3139 4176 3194 4223 et
3231 4181 3430 4237 purum
3455 4183 3486 4219 a
3519 4180 3656 4235 pera.

2057 4263 2200 4318 nicie
2247 4263 2369 4332 ejus
2428 4262 2703 4318 ostendet.
2739 4262 2878 4318 Cum
2928 4275 3061 4332 ergo
3115 4260 3269 4330 impii
3313 4257 3640 4330 promeritas

2057 4369 2249 4424 poenas
2283 4353 2567 4419 dederint,
2597 4355 2781 4425 justus
2824 4360 3006 4408 autem
3056 4351 3401 4415 vindicatus,
3440 4349 3642 4421 gaudio

2059 4463 2122 4502 ac
2153 4447 2340 4502 latitia
2375 4449 2616 4518 repletus
2679 4448 2866 4512 fuerit,
2903 4460 3099 4500 manus
3159 4459 3224 4498 ac
3267 4444 3433 4513 pedes
3487 4457 3638 4504 suos,

2060 4541 2357 4600 secundum
2390 4541 2633 4611 reliquos
2665 4541 3016 4611 interpretes,
3044 4537 3241 4592 laverit
3273 4537 3328 4590 in
3374 4532 3648 4602 sanguine

2059 4633 2388 4703 peccatoris,
2438 4631 2741 4687 secundum
2801 4629 3059 4684 traditam
3118 4623 3642 4691 sententiam;tunc

2059 4726 2256 4786 merito
2289 4725 2473 4780 omnis
2506 4725 2693 4787 homo,
2725 4722 2908 4776 omnis
2936 4737 3039 4775 vox
3083 4726 3138 4775 et
3181 4709 3367 4788 lingua
3397 4733 3645 4788 pronun-

2059 4815 2238 4881 tiabit,
2279 4815 2340 4870 Si
2375 4817 2557 4886 utique
2601 4824 2678 4870 est
2713 4816 2920 4884 fructus
2945 4813 3118 4882 justo,
3156 4814 3332 4881 utique
3379 4821 3457 4865 est
3501 4805 3641 4864 Deus

2048 4906 2304 4976 judicans
2326 4923 2415 4961 eos
2437 4907 2492 4961 in
2521 4916 2683 4960 terra.
2723 4904 2856 4958 Nam
2893 4906 2936 4960 si
2987 4911 3070 4958 est
3118 4901 3331 4957 fructus
3367 4901 3552 4979 justo,
3575 4902 3643 4956 de

2054 5013 2164 5070 quo
2195 4997 2374 5053 fructu
2428 4998 2482 5050 in
2513 4997 2689 5067 primo
2722 4997 2940 5066 psalmo.
2966 4994 3181 5059 dictum.
3207 5000 3292 5049 est.
3314 4991 3404 5046 61‘:
3435 4981 3502 5046 Et
3523 4989 3642 5045 erit

2054 5099 2308 5159 tanquam
2340 5088 2538 5159 lignum
2569 5086 2712 5158 quod
2747 5085 3053 5156 plantatum
3085 5083 3168 5141 est
3198 5099 3348 5140 secus
3389 5083 3640 5136 decursus

2055 5181 2337 5249 aquarum,
2369 5179 2509 5248 quod
2535 5180 2772 5249 fructum
2807 5193 2962 5234 suum
2991 5179 3139 5232 dabit
3178 5180 3230 5232 in
3270 5188 3499 5246 tempore
3520 5191 3636 5229 suo.

2060 5269 2123 5324 Et
2149 5270 2335 5339 folium
2364 5270 2478 5339 ejus
2500 5270 2832 5339 nonde/luet,
2857 5280 2906 5324 et
2931 5270 3108 5324 onmia
3122 5284 3443 5340 quaecunque
3459 5266 3637 5336 faciet,

2052 5364 2528 5432 prosperabuntur.
2565 5362 2622 5417 Si
2657 5364 2862 5433 itaque
2921 5377 3137 5418 merces
3172 5377 3237 5415 ae
3273 5361 3488 5414 fructus
3535 5358 3640 5411 erit

2055 5457 2232 5511 borius
2261 5456 2317 5512 ei
2344 5457 2437 5526 qui
2464 5455 2738 5526 justitiam
2774 5462 3034 5525 operatus
3065 5453 3158 5516 sit,
3195 5466 3358 5523 quem
3393 5458 3644 5517 tempore

2048 5548 2196 5615 justi
2227 5546 2424 5617 judieii
2463 5546 2557 5601 Dei
2594 5547 2854 5616 recipiet;
2881 5547 3009 5600 hinc
3064 5559 3196 5598 sane
3237 5546 3639 5610 consequenter

2055 5638 2400 5711 intelligitur,
2421 5638 2585 5692 etiam
2611 5645 2735 5691 ante
2763 5635 3031 5705 judicium
3068 5648 3190 5689 csso
3225 5636 3391 5690 Deum
3428 5630 3520 5709 qui
3553 5630 3640 5690 iur-

1013 5811 1054 5840 ⁶⁰
1095 5809 1240 5868 Psal.
1278 5828 1422 5868 txxu
1447 5857 1460 5880 ,
1493 5811 1546 5879 2,,
1585 5815 1636 5869 '5.
1717 5815 1756 5846 "
1799 5813 1943 5869 l’sal.
1981 5829 2018 5878 ι,
2052 5797 2122 5867 5.
