4100 6552
390 407 502 466 535

1518 371 2021 480 COMMENTARIA
2069 417 2133 475 IN
2177 413 2510 474 Itsatatos;

3530 412 3633 467 ὁδὶ

387 526 762 599 περιέχηται,
793 531 1076 606 δευτέρους
1091 520 1258 602 *ὄντας
1290 539 1365 609 τῷ
1390 541 1594 610 χρόνῳ·
1637 540 1761 602 τοὺς
1798 537 1854 590 δὲ
1886 540 1930 588 τε

2032 586 2035 595 ,
2065 533 2282 587 etiamsi
2337 529 2670 601 posteriores
2703 534 2946 596 tempore
2981 533 3193 593 essent;
3222 539 3318 580 eos
3367 539 3498 579 vero
3539 525 3634 594 qui

389 620 566 689 χρόνῳ
588 620 855 691 πρώτους,
880 625 1163 698 δευτέρους
1196 630 1420 700 συνῆψε,
1454 630 1530 694 ὼς
1555 630 1619 684 ἂν
1641 629 1930 683 καλύπτοιτ

2063 621 2225 690 primi
2279 630 2548 690 tempore,
2599 616 3166 686 sccundosadjectos
3226 632 3372 678 esse,
3405 625 3464 670 ut
3486 622 3634 669 recte

383 709 454 760 τὰ
486 710 587 780 τῆς
632 712 1068 786 έξομολογήσεως
1097 721 1185 774 διὰ
1228 723 1326 792 τῆς
1370 721 1478 774 τῶν
1523 718 1960 791 κατορθωμάτων

385 799 630 871 μνήμης.
662 805 832 859 Τοῦτο
871 809 1047 864 τοίνυν
1087 812 1182 866 καὶ
1210 813 1242 865 ὁ
1291 811 1476 884 παρὼν
1504 812 1782 882 συνίστησι
1821 811 1958 881 ψαλ-

383 893 486 960 μὸς
505 909 518 922 ·
551 895 795 966 συνήθως
823 898 880 951 δὲ
919 903 1175 972 εἰρήσθω,
1205 904 1435 976 ἐπείπερ
1463 905 1558 958 καὶ.
1589 903 1750 967 αὐτὸς
1771 904 1958 974 στηλο-

380 981 592 1054 fausta
629 988 906 1058 τυγχάνει,
959 995 1449 1066 sumptuum;
1498 995 1620 1049 καθ’
1657 994 1717 1047 δν
1763 994 1954 1065 ἐλέχθη

380 1077 596 1146 καιρόν·
628 1073 696 1149 ἦν
733 1079 790 1132 δὲ
809 1075 986 1147 οὗτος,
1022 1083 1232 1140 Ὁπότε
1270 1085 1592 1141 ἀπέστειλε
1630 1087 1828 1141 Σαοὺλ
1855 1087 1954 1140 καὶ

375 1165 646 1234 ἐφύλαξε
674 1169 780 1224 τὸν
808 1166 978 1226 οἷκον
1008 1175 1216 1243 αὐτοῦ,
1250 1177 1355 1230 τοῦ
1375 1175 1709 1231 θανατῶσαι
1747 1177 1952 1231 αὑτὸν.

379 1255 722 1328 Πλατῦτερον
740 1259 797 1312 δὲ
840 1261 938 1332 τὴν
971 1263 1216 1335 ἱστορίαν
1245 1267 1278 1336 ἡ
1306 1265 1496 1337 πρώτη
1523 1267 1632 1319 τῶν
1661 1267 1954 1332 Βασιλειῶν

380 1346 695 1417 παρίστησι,
721 1348 908 1403 τοῦτον
921 1350 1117 1422 ἔχουσα
1147 1355 1236 1406 τὸν
1249 1354 1470 1426 τρόπον·
1496 1357 1607 1410 Kal
1628 1357 1951 1425 προσέθετο

376 1435 640 1504 πόλεμος
665 1438 960 1506 γενέσθην
991 1443 1087 1496 καὶ
1115 1445 1450 1513 κατίσχυσε
1469 1444 1669 1512 Δαυῒδ,
1704 1447 1802 1500 καὶ
1821 1449 1952 1502 ἐπο-

373 1521 604 1590 λέμησε
647 1526 787 1594 τοὺς
831 1529 1240 1600 ἀλλοφύλους,
1270 1535 1366 1587 καὶ
1394 1534 1692 1601 ἐπάταξεν
1729 1538 1950 1606 αὐτοὺς

373 1615 622 1684 πληγὴν
641 1619 916 1688 μεγάλην
947 1623 1201 1692 σφόδρα,
1237 1625 1335 1678 καὶ
1370 1623 1600 1696 ἔφυγον
1648 1628 1718 1681 ἐκ
1762 1645 1950 1696 προσο

367 1703 537 1759 ὡ.·του
584 1709 789 1764 αὐτοῦ.
836 1712 945 1766 Kal
992 1714 1226 1785 ἐγένετο
1277 1717 1513 1786 πνεῦμα
1540 1719 1806 1786 πονηρὸν
1847 1721 1946 1774 ἐπὶ

370 1795 591 1849 Σαούλ’
619 1799 716 1853 και
737 1800 920 1867 αὐτὸς
943 1803 1013 1856 ἐν
1047 1805 1191 1871 οἴκῳ
1221 1806 1546 1868 καθεύδων,
1577 1809 1676 1861 καὶ
1711 1809 1857 1878 δόρυ
1878 1810 1948 1862 ἐν

2061 713 2330 767 factorum
2364 712 2626 767 memoria
2679 725 2745 766 ea
2793 723 2913 779 quae
2942 707 3346 764 confessionem
3380 705 3633 762 contine-

2061 812 2181 858 rent
2237 803 2642 872 obtegerentur.
2685 799 2799 856 Hoc
2869 800 3055 870 itaque
3100 798 3354 870 prtesenti
3420 797 3634 868 psalmo

2059 895 2470 964 comprobatur,
2526 893 2694 964 (quod
2739 900 3008 948 consueto
3067 906 3219 946 more
3270 890 3478 945 dictum
3539 889 3633 958 sit)

2057 989 2185 1054 quia
2213 984 2682 1056 tituliinscriptio
2727 994 2845 1050 cst;
2876 993 3171 1053 notamque
3209 983 3479 1052 temporis
3502 997 3637 1052 pra:-

2057 1073 2161 1129 l'erl.
2194 1075 2503 1144 quoeditus
2535 1074 2658 1137 fuit,
2695 1072 3191 1140 scilicet,Quando
3220 1073 3361 1126 misit
3395 1071 3550 1135 Saul,
3585 1083 3637 1126 et

2053 1166 2337 1220 custodiuit
2365 1166 2582 1222 domum
2612 1168 2751 1236 ejus,
2783 1175 2840 1219 ut
2871 1180 2992 1218 eum
3028 1166 3369 1234 interﬁceret.
3405 1163 3511 1217 Sed
3555 1162 3642 1217 fu.-

2053 1257 2170 1312 sius
2195 1257 2480 1313 historiam
2511 1265 2736 1312 enarrat
2774 1257 2985 1326 primus
3011 1256 3323 1326 Regnorum
3359 1255 3639 1325 liber,qui

2053 1347 2132 1401 sic
2165 1347 2330 1402 habet
2363 1366 2377 1402 :
2421 1346 2730 1416 Metumque
2769 1355 2850 1400 est
2885 1356 3060 1400 autem
3102 1345 3300 1399 iterum
3326 1345 3554 1406 bellum;
3585 1353 3636 1398 et

2049 1440 2311 1506 superavit
2341 1438 2537 1505 David,
2563 1438 2944 1508 debellavitque
2967 1437 3288 1506 allophylos,
3329 1446 3378 1490 et
3421 1451 3638 1504 percus-

2050 1531 2117 1584 sit
2147 1549 2234 1586 eos
2255 1533 2418 1601 plaga
2451 1547 2647 1600 magna
2665 1528 2902 1593 valde,et
2930 1528 3177 1598 fugerunt
3207 1528 3393 1597 afacie
3408 1527 3544 1596 ejus.
3567 1526 3635 1586 Et

2049 1621 2223 1689 factus
2257 1631 2337 1675 est
2365 1622 2591 1690 spiritus
2621 1619 2795 1674 malus
2820 1622 2876 1672 in
2894 1619 3028 1673 Saul
3047 1620 3252 1688 :etipse
3278 1620 3330 1672 in
3353 1618 3512 1672 domo
3534 1635 3635 1673 sua

2047 1711 2362 1777 dormiebat,
2380 1723 2431 1765 et
2444 1711 2630 1764 lancea
2648 1711 2701 1764 in
2721 1726 2878 1764 manu
2893 1709 3008 1778 ejus
3023 1724 3040 1762 :
3054 1725 3213 1777 porro
3238 1708 3405 1762 David
3439 1709 3634 1778 psalle-

2049 1801 2138 1854 bat
2158 1800 2398 1855 manibus
2423 1802 2555 1856 suis.
2579 1800 2645 1854 Et
2663 1801 2932 1871 quwrebat
2952 1800 3085 1854 Saul
3099 1811 3367 1870 percutere
3380 1799 3633 1855 Doridem

369 1881 444 1949 τῇ
477 1887 626 1953 χειρὶ
675 1890 861 1944 αὐτοῦ
881 1910 895 1922 ·
924 1893 1022 1946 καὶ
1058 1893 1188 1948 ίδοὺ
1214 1895 1396 1950 Δαυῒδ
1415 1899 1689 1965 ἔψαλλεν
1717 1873 1791 1954 ἐν
1820 1901 1930 1967 ταῖς

2050 1894 2232 1947 lancea
2249 1908 2268 1946 :
2289 1903 2337 1948 et
2352 1893 2632 1946 declinavit
2650 1891 2820 1945 David
2839 1910 2872 1944 a
2893 1892 3030 1960 [acie
3047 1891 3202 1956 Saul,
3232 1902 3280 1946 et
3303 1893 3484 1946 lancea
3511 1909 3632 1962 per-

367 1979 798 2045 χερσὶναύτοῦ.
821 1985 924 2038 Καὶ
938 1983 1122 2051 ἐζῆτει
1139 1985 1338 2040 Σαοὺλ
1350 1989 1606 2054 πατάξαι
1622 1989 1686 2043 τὸ
1704 1991 1850 2059 δόρυ
1860 1994 1948 2058 εἱς

363 2069 566 2122 Δαυῒδ’
589 2072 685 2126 καὶ
701 2073 932 2144 ἀπέστη
960 2076 1142 2131 Δαυΐδ
1163 2078 1232 2131 ἐκ
1257 2079 1581 2148 προσώπου
1607 2082 1826 2146 Σαοὺλ,
1845 2082 1942 2136 καὶ

357 2159 628 2225 ἐπάταξε
645 2163 712 2216 τὸ
727 2162 871 2232 δόρυ
895 2167 983 2232 εις
997 2165 1105 2221 τὸν
1117 2168 1340 2238 τοῖχον.
1372 2171 1482 2225 Kal
1507 2171 1688 2226 Δαυῒδ
1714 2173 1940 2242 ἀνεχώ-

350 2267 382 2316 ι
401 2265 516 2317 ησε
535 2251 635 2305 καὶ
653 2251 923 2323 διεσώθη.
937 2257 1049 2310 Kal
1065 2258 1318 2330 ἐγενήθη
1339 2261 1410 2314 ἐν
1429 2259 1504 2330 τῇ
1523 2263 1694 2316 νυκτὶ
1717 2263 1938 2331 ἐκείνῃ,

358 2340 463 2393 καί
487 2341 845 2398 ἀπέστειλεν
862 2346 1157 2415 ἀγγέλους
1179 2353 1266 2417 είς
1287 2352 1457 2406 οἷκον
1473 2353 1653 2407 Δαυτδ
1673 2353 1940 2422 φυλάξαι

351 2432 564 2498 αὐτὸν,
593 2434 699 2489 τοῦ
721 2437 1056 2492 θανατῶσαι
1087 2443 1274 2497 αὐτὸν
1297 2446 1464 2511 πρωΐ.
1476 2444 1587 2498 Kal
1617 2444 1938 2516 ἀνήγγειλε

355 2521 439 2586 τῷ
465 2523 644 2577 Δαυῖδ
678 2527 943 2596 Μελχὸλ,
978 2532 1016 2598 ἡ
1055 2533 1208 2601 γυνὴ
1233 2533 1441 2599 αὐτοῦ,
1471 2534 1756 2605 λέγουσαο
1805 2537 1938 2592 Ἐὰν

350 2611 441 2679 μὴ
486 2612 570 2667 σὺ
613 2615 819 2686 σωθῇς
855 2619 970 2687 τὴν
1015 2621 1230 2691 ψυχὴν
1272 2625 1536 2680 σεαυτοῦ
1585 2626 1698 2696 τὴν
1747 2629 1935 2681 νύκτα

353 2705 602 2771 ταύτην,
630 2707 841 2775 αὔριον
868 2711 1284 2783 θανατωθήσῃ.
1306 2716 1415 2769 Kal
1444 2716 1683 2787 κατάγει
1711 2719 1749 2786 ή
1773 2721 1931 2773 Μελ-

354 2795 472 2862 χὸλ
504 2796 610 2849 τὸν
644 2797 825 2852 Δαυῒό
847 2797 946 2852 διὰ
982 2799 1089 2868 τῆς
1115 2803 1374 2871 θυρίδος,
1420 2807 1517 2860 καὶ
1555 2807 1791 2876 ἀπῆλθε
1832 2811 1930 2863 καὶ

350 2887 542 2957 ἔφυγε
569 2928 584 2952 ,
632 2890 730 2944 καὶ
780 2889 1063 2951 σώζεται·
1125 2893 1214 2947 ὅτε
1277 2897 1370 2950 καὶ
1414 2897 1513 2969 τὴν
1561 2903 1932 2974 προκειμένην

357 2975 765 3048 στηλογραφίαν
795 2982 1105 3037 συντάττεν
1135 2984 1218 3038 διὸ
1247 2987 1665 3059 προγέγραπται
1691 3007 1704 3020 ·
1735 2994 1839 3058 Είς
1864 2991 1930 3046 τὸ

354 3063 549 3130 τέλος,
565 3065 652 3134 μὴ
667 3065 1032 3138 διαφθείρῃς,
1046 3071 1127 3137 τῷ
1149 3074 1333 3128 Δαυῖδ
1351 3078 1439 3142 είς
1453 3082 1927 3149 malm-paginae,

351 3155 536 3209 ὁπότε
559 3155 882 3214 ἀπέστειλε
908 3162 1107 3216 Σαοὺλ
1129 3204 1144 3229 ,
1173 3166 1270 3219 καὶ
1305 3167 1573 3236 ἐφύλαξε
1618 3171 1725 3224 τὸν
1761 3172 1930 3227 οἷκον

347 3243 538 3297 αὑτοῦ
577 3246 683 3300 τοῦ
729 3249 1068 3305 θανατῶσαι
1110 3255 1316 3308 αὐτόν.
1362 3257 1436 3310 Τὸ
1474 3257 1572 3326 μὲν
1601 3255 1722 3328 οὖν,
1750 3264 1837 3328 είς
1863 3264 1926 3316 τὸ

349 3334 526 3400 τέλος
572 3334 650 3400 τῷ
693 3339 894 3405 Δαυῖὃ,
941 3343 1151 3408 καὶτὸ,
1191 3345 1278 3414 μὴ
1327 3346 1702 3419 διαφθείρῃς,
1749 3354 1843 3407 καὶ
1889 3355 1928 3425 ἠ

347 3428 785 3496 στηλοπραφία,
835 3431 1014 3501 τρίτον
1040 3434 1138 3504 ἤδη
1174 3437 1386 3506 εἴρηται
1431 3439 1629 3510 ἐφεξῆς
1651 3459 1665 3475 '
1700 3442 1835 3500 ἀλλὰ
1866 3444 1928 3500 τὸ

351 3511 450 3580 μὲν
483 3515 728 3604 πρῶτον,
773 3518 958 3590 ἕτερον
1004 3522 1243 3593 ἐσήμανε
1279 3527 1506 3598 καιρὸν,
1551 3529 1610 3581 ὃν
1655 3531 1842 3601 ἐδήλου
1890 3535 1923 3604 ἡ

350 3603 644 3672 προγραφὴ
697 3604 960 3674 λέγουσα·
1029 3610 1230 3670 Ὁπότε
1275 3616 1620 3686 ἐκράτησαν
1655 3621 1842 3680 αὑτὸν
1873 3603 1925 3680 ol

345 3689 686 3760 ἀλλόφυλοι
714 3696 784 3749 ἐν
810 3698 928 3752 Γέο
948 3716 962 3729 ο
996 3701 1056 3753 τὸ
1087 3702 1144 3755 δὲ
1175 3703 1446 3776 δεύτερον,
1486 3709 1580 3762 Ἑν
1612 3709 1691 3776 τῷ
1721 3711 1926 3764 ἀποδι-

343 3779 638 3848 δράσκειν
692 3787 881 3842 αὐτὸν
943 3791 1061 3844 ἀπὸ
1109 3793 1432 3860 προσώπου
1480 3799 1678 3852 Σαοὺλ
1725 3804 1812 3866 είς
1857 3801 1924 3855 τὸ

343 3873 685 3938 σπήλαιον·
722 3879 955 3934 ἐνταῦθα
981 3881 1061 3946 δὲ,
1107 3879 1320 3938 Ὁπότε
1345 3887 1665 3944 ἀπέστειλε
1701 3893 1920 3956 Σαοὺλ,

342 3963 442 4016 καὶ
501 3964 767 4033 ἐφύλαξε
814 3969 921 4025 τὸν
967 3973 1136 4030 οἷκον
1179 3978 1366 4030 αὐτοῦ
1424 3979 1531 4032 τοῦ
1587 3981 1922 4038 θανατῶσαι

340 4056 548 4110 αὐτόν.
578 4058 650 4111 Τὸ
677 4059 733 4113 δὲ
758 4061 929 4119 αἴτιον
977 4064 1076 4135 τῆς
1109 4066 1204 4120 τοῦ
1240 4069 1411 4122 Σαοὺλ
1455 4072 1595 4124 κατὰ
1640 4073 1732 4126 τοῦ
1761 4075 1921 4128 Δαυῒδ

339 4145 634 4217 ἐπιϐουλῆς
675 4150 868 4218 φθόνος
910 4148 999 4225 ἦν.
1051 4157 1268 4230 Ἐπειδὴ
1317 4161 1426 4229 γὰρ
1477 4162 1576 4232 τὴν
1637 4165 1781 4218 κατὰ
1823 4166 1917 4220 τοῦ

337 4237 640 4308 ἀλλοφύλου
673 4241 864 4299 Γολιὰο
896 4245 1066 4316 ἦρατο
1094 4249 1270 4319 νίκην,
1309 4252 1529 4322 ὐμνείτό
1555 4271 1612 4306 τε
1645 4257 1736 4309 ἐπὶ
1764 4256 1920 4311 τοῦτο

338 4329 492 4400 παρὰ
538 4334 651 4409 τοῖς
705 4336 862 4400 πᾶσι,
897 4339 1088 4392 τούτου
1131 4341 1292 4412 χάριν
1341 4343 1566 4414 ὡρμᾶτο
1611 4345 1916 4403 Θανατῶσαι

335 4420 533 4476 αὐτόν·
584 4425 678 4477 καὶ
722 4427 957 4496 μάλιστα
992 4430 1079 4482 ὅτε
1127 4426 1286 4496 εἶδεν,
1315 4433 1390 4497 ὡς
1434 4435 1636 4508 Κύριος
1681 4433 1749 4509 ἦν
1781 4439 1917 4509 μετὰ

2048 1985 2210 2037 cussit
2231 1985 2505 2052 parietem.
2545 1982 2714 2038 David
2748 1992 2926 2037 autem
2964 1985 3174 2038 recessit
3200 1995 3247 2037 et
3271 1985 3508 2038 salvatus
3531 1993 3628 2037 est.

2047 2072 2115 2126 Et
2149 2074 2354 2143 factum
2385 2083 2466 2129 est
2495 2073 2552 2127 in
2578 2083 2729 2128 nocte
2759 2073 2878 2139 illa,
2917 2073 3059 2127 misit
3083 2074 3293 2127 nuntios
3330 2073 3379 2126 in
3415 2073 3630 2126 domum

2045 2163 2236 2228 David,
2268 2165 2361 2234 qui
2394 2163 2720 2218 custodirent
2749 2165 2922 2227 illum,
2955 2172 3012 2216 ut
3053 2165 3434 2233 interﬁceretur
3455 2180 3626 2220 mane.

2044 2252 2112 2307 Et
2141 2255 2456 2310 remuttiavit
2495 2253 2688 2307 Daeidi
2743 2252 2993 2317 Melcltol,
3034 2270 3170 2307 uxor
3215 2255 3352 2323 ejus,
3398 2255 3576 2308 dicens
3608 2271 3628 2308 :

2043 2349 2165 2404 Nisi
2196 2351 2485 2404 salraveris
2516 2351 2749 2403 animam
2785 2359 2929 2402 tuam
2959 2350 3059 2402 hac
3088 2359 3270 2414 nocte,
3305 2367 3424 2403 cras
3458 2351 3625 2403 inter-

2038 2443 2254 2512 ﬁcieris.
2297 2442 2367 2495 Et
2400 2441 2612 2496 demisit
2637 2441 2867 2497 Melclwl
2897 2441 3149 2496 Davidem
3187 2458 3279 2510 per
3316 2441 3623 2510 fenestram,

2035 2550 2194 2602 porro
2223 2535 2312 2590 ille
2340 2535 2474 2589 abiit
2503 2544 2552 2590 et
2579 2535 2810 2606 aufugit,
2845 2545 2999 2605 atque
3021 2535 3257 2589 salvatus
3285 2542 3362 2588 est
3389 2534 3455 2588 ".
3504 2533 3624 2598 Quo

2037 2634 2280 2695 tempore
2306 2625 2447 2681 hanc
2489 2627 2633 2680 tituli
2659 2627 3074 2697 inscriptionem
3105 2625 3273 2681 edidit
3301 2645 3313 2680 :
3346 2640 3514 2695 quare
3543 2623 3625 2680 sic

2037 2718 2228 2774 titulus
2255 2717 2418 2773 habet
2446 2737 2460 2773 :
2505 2717 2567 2772 In
2597 2719 2776 2787 ﬁnem,
2803 2735 2864 2773 ne
2880 2718 3179 2786 disperdas,
3201 2716 3372 2771 Darid
3399 2718 3453 2769 in
3479 2714 3621 2770 tituli

2033 2813 2448 2880 inscriptionem,
2475 2812 2686 2882 quando
2717 2812 2860 2865 misit
2893 2811 3055 2875 Saul,
3107 2820 3157 2864 et
3188 2809 3467 2865 custodiuit
3519 2807 3620 2863 do-

2035 2919 2176 2956 mum
2206 2903 2321 2972 ejus
2347 2943 2363 2969 ,
2401 2915 2459 2958 ut
2477 2920 2608 2958 eum
2643 2904 2980 2972 interﬁceret.
3019 2902 3152 2956 Illud
3187 2916 3337 2972 ergo,
3375 2901 3424 2954 in
3462 2901 3618 2968 ﬁnem

2034 2995 2261 3060 Davidi,
2295 3008 2350 3050 et
2384 2995 2540 3059 illud,
2585 3003 2648 3049 ne
2673 2995 2949 3065 disperdas
2971 3034 2987 3059 ,
3018 3002 3073 3048 et
3129 2993 3272 3046 tituli
3306 2993 3617 3058 inscriptio,

2028 3088 2140 3157 jam
2173 3089 2334 3144 tertio
2372 3095 2775 3158 consequenter
2798 3089 3000 3143 dictum
3039 3096 3142 3143 est.
3169 3087 3235 3140 At
3261 3087 3436 3157 primo
3471 3085 3620 3140 aliud

2034 3187 2258 3248 tempus
2289 3178 2575 3245 indicavit,
2599 3194 2695 3249 per
2724 3179 2942 3240 titulum
2973 3177 3183 3234 scilicet
3209 3177 3301 3248 qui
3326 3177 3406 3232 sic
3435 3177 3618 3243 habet,

2034 3270 2261 3337 Quando
2295 3280 2568 3325 tenuerunt
2595 3288 2712 3326 eum
2742 3270 2998 3340 allophyli
3055 3272 3107 3324 in
3141 3269 3269 3324 Gelli
3302 3271 3382 3336 6‘;
3424 3285 3617 3324 secun-

2029 3360 2098 3414 do
2120 3361 2273 3425 item,
2299 3360 2432 3416 Cum
2457 3361 2653 3431 fugeret
2693 3378 2724 3414 a
2750 3361 2886 3430 [acie
2907 3359 3087 3414 Saulis
3117 3361 3170 3413 in
3200 3360 3501 3427 speluncam
3532 3357 3611 3421 ‘7;

2030 3447 2118 3502 hic
2156 3465 2306 3513 vero,
2337 3449 2564 3515 Quando
2594 3448 2741 3502 misit
2795 3447 2957 3512 Saul,
3005 3456 3055 3503 et
3085 3448 3366 3502 custodiuit
3399 3447 3613 3499 domum

2027 3539 2140 3606 ejus
2165 3578 2180 3602 ,
2231 3548 2288 3591 ut
2323 3555 2440 3593 eum
2469 3541 2806 3609 interﬁceret.
2861 3542 3038 3593 Causa
3077 3555 3239 3608 porro
3285 3538 3609 3592 insidiarum

2030 3626 2212 3682 Saulis
2253 3628 2306 3682 in
2345 3629 2622 3693 Davidem,
2647 3630 2851 3684 invidia
2886 3637 3023 3684 erat.
3057 3630 3192 3683 Cum
3221 3631 3367 3684 enim
3399 3629 3466 3681 de
3496 3628 3603 3681 Go-

2027 3718 2160 3770 liath
2198 3719 2488 3789 Allophylo
2520 3719 2802 3774 victoriam
2842 3719 3137 3781 retulisset,
3174 3726 3228 3772 et
3263 3719 3331 3771 ab
3359 3718 3614 3773 omnibus

2025 3823 2088 3861 ca
2117 3807 2182 3860 de
2220 3822 2386 3862 causa
2417 3808 2821 3872 celebraretur,
2861 3807 2982 3861 ideo
3020 3807 3086 3860 ad
3120 3807 3240 3875 ejus
3263 3805 3461 3859 czedem
3493 3805 3611 3858 ani-

2025 3913 2173 3950 mum
2207 3897 2457 3966 appulit:
2497 3898 2733 3952 maxime
2766 3913 2895 3952 vero
2919 3913 3042 3952 cum
3088 3895 3296 3954 videret
3321 3894 3613 3953 Dominum

2022 4006 2145 4044 esse
2182 4005 2306 4044 cum
2340 3988 2543 4044 Davide
2568 4029 2584 4054 ,
2638 4005 2702 4044 ac
2743 4005 2855 4044 rem
2909 3989 3197 4064 perspicue
3251 3989 3640 4060 i_ntclligerct,,,

2024 4081 2425 4151 universusque
2471 4081 2639 4136 Israel
2693 4089 2746 4136 et
2797 4079 2934 4140 inda
2991 4079 3246 4138 Davidem
3307 4080 3612 4137 adamaret.

2022 4172 2177 4226 Tunc
2210 4187 2336 4226 vero
2365 4172 2638 4243 prtecipue
2668 4172 3002 4232 inﬂammata
3047 4171 3322 4226 :emulatio
3350 4179 3455 4234 est,
3481 4187 3619 4228 cum,

2021 4263 2328 4318 adverteret
2356 4278 2479 4318 eum
2505 4279 2608 4336 ope
2627 4271 2688 4318 et.
2710 4263 2919 4320 auxilio,
2940 4262 3032 4318 Dei
3065 4263 3118 4317 in
3160 4264 3331 4321 bellis,
3351 4265 3603 4332 superio-

2021 4368 2135 4408 rem
2175 4367 2315 4408 esse.
2354 4352 2608 4423 Altergo
2642 4351 2967 4422 Scriptura:
3013 4351 3080 4408 Et
3129 4352 3257 4412 cidit
3301 4351 3608 4423 θυμίημα(

2021 4441 2276 4502 Dominus
2321 4453 2454 4496 esset
2481 4460 2604 4510 cum
2642 4443 2813 4496 David
2839 4484 2854 4510 ,
2897 4454 2946 4500 et
2993 4445 3165 4502 omnis
3202 4441 3377 4502 Israel
3417 4443 3604 4512 dilige-

331 4511 428 4569 τοῦ
458 4512 639 4578 sane,
659 4517 752 4570 καὶ
773 4519 933 4582 αὐτὸς
962 4522 1161 4593 συνῆκε
1191 4524 1412 4596 σφόδρα,
1443 4526 1535 4580 καὶ
1557 4530 1664 4592 πᾶς
1705 4531 1920 4603 Ἰσραὴλ

2032 4543 2098 4593 ret
2147 4550 2285 4588 eunt.
2329 4532 2395 4586 Et
2445 4535 2595 4602 cwpit
2647 4536 2814 4604 magis
2851 4535 3030 4588 timere
3078 4533 3248 4588 David
3279 4573 3293 4596 ,
3335 4545 3383 4586 et
3429 4533 3601 4600 factu.-

332 4604 429 4700 καὶ
475 4606 642 4700 Ἰούᾷα
673 4610 861 4678 ἠγάπα
895 4613 986 4665 τὸν
1015 4615 1194 4668 Δαυῖδ.
1225 4617 1346 4670 Ἔτι
1377 4635 1435 4671 τε
1472 4619 1670 4689 μᾶλλον
1701 4623 1913 4700 ἐξήφθη

2032 4635 2085 4677 rst
2113 4623 2282 4681 David
2303 4626 2546 4683 inimicus
2561 4624 2692 4678 Saul
2710 4625 2950 4677 omnibus
2967 4623 3148 4676 diebus
3167 4626 3230 4676 ⁸⁸.
3258 4624 3392 4677 Cum
3417 4633 3598 4676 autem

327 4693 400 4749 τὰ
446 4697 543 4766 τῆς
583 4697 950 4769 ζηλοτυπίας,
994 4705 1070 4768 ὡς
1115 4706 1262 4778 ἐώρα
1307 4709 1468 4762 αὑτὸν
1516 4713 1819 4783 κρατοῦντα
1852 4693 1910 4768 ὲν

331 4783 591 4854 πολέμοις
625 4789 914 4861 συνεργείᾳ
958 4793 1051 4845 καὶ
1099 4794 1321 4866 βοηθείᾳ
1358 4797 1514 4853 θεοῦ.
1544 4801 1704 4868 Λέγει
1741 4801 1784 4853 δ’
1818 4799 1924 4863 οὖν,

328 4874 362 4943 ἡ
389 4875 578 4946 Γραφή
599 4894 612 4906 ο
645 4879 753 4931 Kal
778 4877 898 4934 εἶδε
927 4883 1145 4951 Σαοὺλ,
1173 4885 1262 4939 ὅτι
1297 4889 1514 4955 Κύριος
1533 4891 1685 4960 μετὰ
1705 4893 1916 4957 Διιυῒδ,

300 4962 425 5042 ¹καὶ
468 4963 587 5030 πᾶς
626 4967 862 5036 Ἰσραὴλ
917 4971 1121 5041 ἠγάπα
1171 4977 1377 5031 αὐτόν.
1431 4980 1539 5036 Kal
1579 4981 1908 5049 προσέθετο

322 5057 711 5112 εὐλαϐεῖσθαι
757 5061 873 5114 ἀπὸ
922 5066 1102 5119 Δαυῒδ
1137 5069 1245 5122 ἔτι.
1292 5071 1400 5130 Καὶ
1441 5069 1676 5140 ἐγένετο
1728 5074 1908 5128 Δαυΐό

322 5147 540 5230 ἐχθρὸς
580 5148 684 5202 τοῦ
738 5153 936 5206 Σαοὺλ
981 5155 1185 5224 πάσας
1224 5159 1331 5226 τὰς
1381 5160 1623 5230 ἡμέρας.
1664 5163 1817 5216 Ἐπεὶ
1848 5163 1905 5218 δὲ

322 5238 419 5290 καὶ
445 5227 619 5304 αὖθις
643 5245 968 5307 προσέθετο
994 5251 1259 5319 πόλεμος
1287 5227 1588 5321 γενέσθαι,
1627 5256 1724 5308 καὶ
1765 5274 1904 5309 xar-

319 5325 548 5392 ἴσχυσε
575 5331 774 5393 Δαυῒδ,
801 5335 899 5386 καὶ
941 5336 1284 5409 ἐπολέμησε
1321 5342 1461 5408 τοὺς
1487 5343 1900 5412 ἀλλοφύλους,

318 5415 417 5465 καὶ
460 5415 762 5483 ἐπάταξεν
805 5423 876 5474 ἐν
913 5426 1117 5494 αὐτοῖς
1156 5431 1400 5498 πληγὴν
1439 5433 1748 5501 μεγάλην,
1799 5435 1895 5488 καὶ

315 5501 548 5572 ἔφυγον
572 5509 639 5562 ἐκ
682 5515 1006 5580 προσώπου
1036 5520 1248 5574 αὐτοῦ’
1279 5522 1440 5575 πάλιν
1473 5525 1532 5577 τὸ
1557 5523 1772 5594 πνεῦμα
1803 5526 1896 5578 τοῦ

315 5592 516 5660 φθόνου
561 5598 652 5652 τὸν
687 5603 855 5658 Σαοὺλ
906 5606 1163 5678 ἔπνιγεν,
1213 5612 1288 5676 ὡς
1331 5613 1431 5683 ἤδη
1467 5615 1557 5666 καὶ
1604 5592 1896 5688 αὐτόχειρα

314 5704 434 5831 ’.εδ
477 5703 662 5828 ἓιὶοι.
700 5732 818 5784 ω,
879 5721 1035 5777 8-12.
1151 5726 1193 5757 οε
1233 5724 1374 5780 Psal.
1421 5744 1503 5795 LV,
1546 5730 1588 5782 ι.

380 5815 442 5842 ..,
477 5815 529 5832 ν,

1707 5732 1747 5762 ⁶⁷
1793 5730 1926 5785 I‘sal.
1995 5747 2115 5795 Lrt,
2155 5730 2199 5783 Ι.

2009 4711 2200 4766 iterum
2252 4720 2450 4768 motum
2505 4722 2583 4765 est
2632 4711 2858 4773 bellant,
2905 4721 2953 4763 et
2984 4712 3249 4777 superarit
3284 4710 3474 4776 David,
3507 4710 3598 4763 cle-

2013 4801 2324 4869 bellavitque
2367 4801 2689 4870 alloplrylos,
2731 4811 2779 4854 et
2823 4801 3081 4868 percussit
3138 4817 3223 4852 eos
3277 4801 3436 4869 plaga
3486 4818 3600 4854 ma.

2011 4907 2136 4959 gna,
2172 4900 2220 4944 et
2257 4891 2500 4959 [ttgertml
2549 4909 2581 4944 ιι
2638 4892 2776 4959 [acie
2828 4891 2942 4960 ejus
2975 4895 3061 4957 69;
3103 4893 3330 4962 spiritus
3381 4893 3606 4948 invidias

2013 4997 2204 5035 rursus
2236 4981 2453 5036 Saulem
2485 4982 2808 5046 sullocahat,
2847 4994 2904 5036 ut
2927 4984 3041 5052 jam
3073 5000 3236 5038 manu
3269 4985 3485 5054 pmpria
3517 4986 3593 5039 νί-

2009 5086 2126 5124 rum
2158 5071 2450 5126 confodere
2491 5073 2669 5127 vellet.
2717 5073 2968 5128 Tentavit
3011 5092 3142 5145 ergo
3183 5077 3368 5132 lancea
3403 5093 3596 5146 pereu—

2008 5169 2140 5225 tere,
2178 5170 2232 5217 e'.
2269 5180 2390 5217 cum
2418 5163 2730 5218 aberrasset
2765 5167 2834 5218 ab
2863 5167 2996 5238 ictu,
3029 5185 3135 5221 non
3166 5169 3305 5227 clam
3342 5169 3589 5231 ulterius,

2005 5251 2100 5307 sed
2131 5254 2329 5321 palam,
2363 5251 2546 5309 nimis
2580 5254 2632 5308 in
2669 5255 2890 5310 domum
2919 5255 3083 5312 David
3107 5259 3462 5317 satellitibus.
3493 5275 3588 5312 ne—

2005 5358 2120 5397 cem
2152 5343 2353 5398 inferrc
2387 5345 2612 5414 cupivit.
2650 5343 2742 5400 Ille
2774 5363 2902 5402 vero
2938 5348 2990 5401 in
3022 5348 3337 5417 hujusmodi
3367 5347 3589 5402 calami-

2004 5442 2113 5489 tate
2146 5444 2466 5503 pratscr'em
2512 5437 2651 5490 tituli
2688 5438 3102 5508 inscriptionem
3133 5440 3324 5501 edidit,
3353 5438 3588 5492 emisso-

2002 5541 2108 5595 quc
2137 5526 2375 5580 clamore
2402 5525 2570 5582 Deum
2618 5537 2872 5598 precatus
2907 5530 2994 5585 his
3040 5531 3220 5586 verbis
3251 5537 3336 5584 est
3366 5549 3377 5582 :
3430 5527 3586 5596 Eripe
3627 5515 3633 5518 ’

2004 5631 2082 5667 mc
2109 5613 2171 5668 de
2212 5615 2442 5668 inimicis
2496 5617 2644 5684 meis,
2683 5617 2820 5671 Deus
2850 5657 2864 5682 ,
2899 5630 2946 5671 et
3005 5619 3069 5670 ab
3103 5617 3485 5687 insurgentibus
3531 5619 3594 5678 in~

2283 5732 2325 5760 6³
2366 5727 2547 5804 lReg.
2620 5747 2784 5797 ,ιη-ι,
2831 5733 2920 5796 l-i,
2987 5732 3080 5797 16,
3150 5731 3231 5784 ‘28.
3316 5733 3359 5764 θ’
3398 5730 3414 5783 l
3449 5729 3577 5805 iis.
