4100 6524
494 371 600 426 553
1236 370 1504 426 EUSEBII
1547 369 2030 431 CESAI‘IENSIS
2069 375 2219 432 OPP.
2264 375 2445 430 PARS
2474 376 2566 430 l—ll.
2605 407 2669 414 —
2706 374 3115 430 EXEGETICA.
3183 365 3186 368 ’
3661 373 3782 430 55'}

497 502 576 541 me
605 488 770 542 libera
795 505 874 542 me
897 503 915 540 :
945 489 1086 558 eripe
1115 504 1195 542 me
1235 489 1300 542 de
1337 491 1674 564 operantibus
1702 494 2036 563 iniquitatem
2061 535 2074 559 ,

2183 495 2386 548 ἐθέλειν
2432 493 2685 562 γενέσθαι
2732 493 2826 547 τοῦ
2875 494 3089 565 ἀνδρός.
3155 494 3440 562 Ἐπειρᾶτο
3503 491 3636 560 γοῦν
3688 492 3770 563 τῷ

493 591 541 632 ct
569 581 633 634 de
667 581 791 634 viris
827 581 1142 649 sanguinum
1187 582 1337 635 salva
1385 601 1482 656 me.
1525 584 1692 648 Queis
1725 593 1879 657 rogat
1909 586 2074 642 Deum

2185 587 2369 657 δόρατι
2420 587 2540 639 κατ’
2571 583 2786 637 αὐτοῦ·
2841 585 2917 649 ὡς
2967 586 3014 638 δ’
3051 584 3324 654 ἠστόχησε
3368 585 3466 654 τῆς
3519 583 3734 656 πληγῆς
3750 625 3767 649 ν

493 671 594 725 sibi
619 671 926 734 custodem,
968 671 1273 741 adjutorem
1303 681 1358 743 et
1389 684 1723 744 servatorem
1751 693 1894 744 esse,
1919 687 1979 733 ut
2010 695 2074 750 ne

2184 678 2361 732 οὐκέτ’
2414 678 2946 749 ἐπικεκρυμμένοκ,
2989 678 3054 731 ὲκ
3085 676 3144 730 δὲ
3196 677 3292 729 τοῦ
3345 677 3584 748 φανεροῦ
3628 679 3770 731 ἀπο-

493 764 562 818 ab
592 763 829 818 inimicis
863 764 1136 833 capiatur,
1165 781 1301 824 neve
1327 767 1383 827 in
1417 785 1612 825 manus
1639 785 1830 826 eorum
1860 772 2074 839 veniat;

493 855 606 911 sive
627 857 812 920 etiam,
848 873 916 913 ne
946 859 1012 915 iis
1044 860 1243 915 similis
1274 877 1398 918 esse
1436 866 1846 933 pronuntietur,
1878 881 1986 920 neu
2018 867 2074 922 in

493 963 722 1003 numero
765 951 1112 1020 operantium
1171 951 1540 1024 iniquitatem,
1571 964 1664 1009 aut
1701 973 1765 1012 ex
1801 966 1956 1028 parte
1989 959 2074 1013 vi-

492 1053 678 1094 rorum
719 1044 1047 1114 sanguinum
1079 1057 1402 1110 censeatur,
1452 1048 1520 1103 de
1572 1049 1774 1119 quibus
1819 1054 2075 1122 superius

490 1131 811 1188 dicebatur:
858 1135 972 1188 Viri
1014 1137 1337 1207 sanguinum
1372 1148 1421 1192 et
1452 1137 1626 1192 dolosi
1671 1157 1774 1195 non
1822 1141 2075 1196 dimidia-

491 1222 616 1277 bunt
661 1224 772 1280 dies
806 1243 929 1281 suos
960 1243 979 1282 :
1025 1244 1118 1299 ego
1163 1238 1335 1284 autem
1386 1231 1607 1299 sperabo
1646 1234 1699 1287 in
1733 1243 1780 1288 te
1809 1235 1874 1290 ⁷⁸.
1917 1235 2072 1302 Quod

489 1321 670 1368 autem
718 1331 824 1370 non
854 1317 1098 1374 visibiles
1137 1322 1312 1374 solum
1349 1321 1620 1388 inimicos,
1660 1325 1762 1380 sed
1783 1326 1946 1382 etiam
1980 1343 2067 1388 oc~

489 1405 668 1462 cuitos
699 1417 753 1462 et
801 1409 1105 1468 invisibiles
1162 1424 1554 1484 cognosceret,
1605 1417 1699 1487 qui
1751 1426 1804 1472 et
1852 1419 2070 1476 Saulem

489 1499 874 1569 exagitabant,
926 1518 1052 1556 nam
1086 1504 1313 1574 spiritus
1341 1507 1517 1561 malus
1549 1507 1602 1562 in
1638 1507 1804 1563 Saule
1833 1519 1986 1574 erat,
2042 1528 2070 1564 a

488 1604 598 1658 quo
625 1599 906 1659 permotus
953 1593 1158 1652 invidia
1209 1594 1648 1651 inﬂammabatur
1683 1598 1736 1652 in
1779 1597 2070 1666 Davidem;

485 1677 596 1747 jam
637 1681 840 1750 saepius
869 1698 899 1734 a
924 1683 1084 1740 nobis
1113 1693 1600 1740 commonstratum
1627 1694 1728 1742 est.
1758 1687 1857 1742 Hic
1888 1689 2073 1758 itaque

488 1770 744 1827 inimicos
800 1789 1090 1843 superasse
1123 1776 1402 1843 scribitur,
1435 1793 1500 1832 ac
1530 1778 1850 1848 plerumque
1894 1780 2071 1838 victo-

487 1863 624 1917 riam
655 1864 724 1920 de
763 1866 1052 1938 allophylis
1098 1870 1372 1926 retulisse.
1426 1869 1632 1927 Truces
1662 1887 1827 1941 porro
1862 1889 1926 1928 ac
1957 1889 2078 1944 gra-

483 1971 581 2009 ves
611 1965 770 2014 erant
799 1959 1000 2013 occulti
1025 1959 1145 2028 ejus
1179 1960 1385 2016 inimici
1433 1971 1486 2016 et
1521 1964 1728 2030 hostes,
1753 1981 1894 2036 quos
1919 1965 2074 2022 hisce

485 2049 650 2105 dictis
683 2049 926 2106 declarat
955 2071 968 2105 :
1013 2052 1281 2120 Quoniam
1313 2071 1429 2109 ecce
1457 2057 1632 2110 venali
1677 2069 1800 2111 sunt
1837 2060 2072 2113 animant

487 2155 678 2205 meam,
713 2142 982 2211 irruerunt
1006 2145 1058 2198 in
1091 2162 1171 2198 me
1221 2145 1406 2214 fortes.
1441 2146 1754 2204 Secundum
1789 2151 2071 2205 historiam

487 2247 622 2288 sane
671 2250 780 2289 non
831 2235 968 2292 alios
1025 2237 1240 2294 videtur
1290 2238 1545 2304 inimicos
1599 2240 1860 2297 habuisse
1906 2259 2069 2312 quam

488 2323 730 2380 Satn-lem.
777 2325 830 2380 lal
857 2327 1000 2381 enim
1043 2326 1328 2399 Scriptura
1354 2329 1626 2400 signiﬁcat
1654 2331 1782 2385 dum
1810 2334 2070 2389 testiﬁca-

486 2427 596 2474 tur.
635 2419 812 2488 ipsum
859 2419 928 2474 ab
970 2420 1118 2474 omni
1168 2422 1366 2491 populo
1408 2423 1703 2490 dilectum;
1751 2440 1981 2496 eamque
2017 2427 2070 2480 in

487 2509 678 2580 primis
705 2527 928 2566 causam
961 2513 1179 2576 invidia:
1211 2514 1264 2588 in
1291 2515 1466 2584 ipsum
1497 2518 1684 2572 fuisse.
1711 2518 1767 2571 Si
1795 2534 1926 2590 ergo
1955 2535 2073 2572 om-

485 2618 584 2660 nes
609 2602 866 2659 Davidem
897 2606 1214 2677 diligebant,
1246 2609 1506 2679 solusque
1535 2608 1663 2670 Saul
1698 2627 1758 2664 ea
1790 2612 1856 2666 de
1907 2627 1965 2666 re
2008 2613 2073 2664 li-

485 2710 615 2750 vere
644 2695 905 2753 incensus
933 2697 1159 2752 insidias
1211 2699 1313 2769 ipsi
1356 2701 1596 2770 parabat,
1627 2717 1728 2755 cur
1759 2702 1847 2755 hic
1888 2703 2070 2772 plura-

484 2787 498 2840 1
527 2795 610 2840 ter
635 2787 750 2842 ait:
786 2788 945 2859 Eripe
972 2805 1052 2844 me
1090 2789 1153 2843 de
1184 2791 1408 2845 inimicis
1439 2793 1587 2853 meis.
1620 2803 1671 2847 et
1707 2794 1771 2846 ab
1797 2794 2069 2865 insurgen-

487 2878 623 2930 tibus
650 2879 703 2932 in
737 2897 851 2943 me;
902 2896 964 2934 ac
1002 2896 1242 2945 rursum,
1273 2880 1410 2946 Quia
1443 2900 1558 2938 ecce
1582 2885 1754 2938 cenati
1787 2895 1908 2938 sunt
1956 2885 2074 2938 aui-

485 2987 626 3024 mam
654 2988 846 3035 meam,
872 2973 1138 3027 irruerunt
1190 2974 1243 3026 in
1279 2990 1360 3026 me
1399 2973 1610 3042 fortes?
1644 2973 1751 3030 Sed
1803 2973 1893 3029 hic
1923 2975 2072 3028 clare

486 3063 802 3120 indicantur
829 3065 1028 3119 occulti
1059 3075 1112 3119 et
1146 3065 1448 3122 invisibiles
1481 3067 1686 3120 inimici
1713 3106 1729 3129 ,
1772 3064 1841 3120 de
1869 3066 2073 3135 quibus

483 3154 781 3222 Apostolus
811 3157 931 3209 ait:
972 3155 1096 3208 Non
1151 3166 1227 3210 est
1266 3157 1414 3225 nobis
1464 3158 1772 3212 colluctatio
1819 3159 2070 3212 adversus

485 3262 696 3298 carnem
744 3255 791 3299 et
825 3248 1170 3317 sanguinem,
1213 3247 1303 3301 sed
1365 3249 1614 3303 adversus
1662 3249 1992 3318 principatus
2021 3257 2068 3301 et
2098 3225 2139 3296 (ἶ

485 3345 789 3404 potestates,
815 3346 863 3390 et
890 3337 1072 3391 mundi
1103 3348 1325 3393 rectores
1358 3339 1690 3394 tenebrarum
1741 3340 1966 3404 harum,
2023 3350 2072 3395 et

485 3434 674 3477 contra
717 3425 933 3492 spiritus
965 3428 1212 3496 nequitia:
1241 3429 1306 3480 "'.
1337 3426 1399 3480 lli
1434 3429 1599 3498 igitur
1629 3429 1850 3484 Saulcm
1887 3433 2074 3486 incen-

484 3515 687 3571 debant
721 3528 914 3572 contra
947 3518 1205 3576 Davidem
1234 3539 1246 3575 :
1279 3521 1510 3592 ideoque
1545 3523 1770 3594 rogabat
1801 3522 1992 3587 Deum,
2013 3532 2074 3578 ut

486 3609 652 3664 abiis
693 3610 1018 3681 eriperetur.
1072 3611 1277 3668 Contra
1311 3613 1527 3668 Goliath
1575 3616 1722 3670 enim
1775 3625 1829 3670 et
1880 3623 2072 3670 contra

487 3700 727 3770 reliquos
766 3702 1070 3774 allophylos
1103 3703 1217 3773 ipse
1257 3704 1408 3759 solus
1451 3704 1772 3767 sufﬁciebat,
1801 3705 1916 3774 lege
1949 3703 2072 3758 belli

484 3804 716 3847 cunctos
757 3792 1015 3868 adortus;
1049 3804 1105 3850 at
1155 3802 1348 3850 contra
1393 3797 1639 3851 occultas
1673 3803 1973 3866 potestates
2021 3801 2075 3848 ct

489 3885 792 3942 invisibiles
838 3888 1093 3944 inimicos
1145 3897 1602 3960 propugnatorem
1637 3887 1740 3942 sibi
1775 3887 1942 3942 Deum
1972 3902 2073 3956 po-

487 3978 747 4033 stulabat.
783 3978 938 4044 Quod
959 3990 1140 4037 autem
1173 3996 1202 4036 a
1229 3981 1554 4044 Saule,cum
1587 3980 1722 4034 nihil
1753 3980 1854 4049 ipsi
1888 3979 2071 4034 damni

488 4069 784 4134 intulisset,
815 4071 1017 4127 frustra
1053 4073 1363 4141 pelleretur.
1397 4087 1520 4128 Cum
1548 4072 1776 4131 historia
1811 4076 2027 4124 enarrat
2057 4111 2070 4132 ,

489 4169 603 4213 tum
637 4161 692 4214 in
725 4163 1083 4231 sequentibus
1119 4163 1194 4216 ita
1251 4174 1499 4222 recenset
1538 4163 1693 4232 ipse:
1735 4161 1917 4232 Neque
1971 4163 2077 4219 ini—

485 4250 662 4320 quitas
705 4268 842 4317 mea,
882 4268 1042 4322 neque
1085 4261 1354 4320 peccatum
1395 4269 1563 4305 meum
1596 4267 1614 4304 :
1649 4252 1761 4304 sine
1800 4253 2077 4319 iniquitate

485 4344 702 4398 cucurri
753 4351 802 4397 et
845 4343 1036 4397 direxi.
1079 4343 1186 4398 Pro
1233 4344 1326 4396 illo
1357 4353 1571 4405 autem,
1632 4345 1745 4397 sine
1797 4343 2077 4410 iniquitate

484 4434 701 4486 cucurri
730 4443 780 4487 et
809 4433 1001 4497 direxi,
1038 4433 1402 4502 Symmachus
1443 4436 1542 4501 ait,
1567 4453 1685 4490 cum
1718 4453 1820 4490 non
1851 4437 1918 4489 sit
1952 4451 2073 4504 pec-

485 4532 661 4578 catum
690 4525 932 4591 irruunt,
969 4535 1024 4576 ut
1052 4525 1362 4592 pertrahant
1394 4542 1492 4580 me.
1535 4524 1669 4579 Nam
1705 4541 1829 4580 cum
1877 4542 1943 4580 ne
1973 4527 2074 4580 mi-

485 4615 632 4670 nima
676 4616 927 4671 subesset
982 4633 1178 4683 causa,
1227 4625 1379 4676 tanta
1434 4618 1700 4673 adversus
1730 4634 1854 4672 cum
1909 4632 2074 4690 supra

486 4709 778 4763 memorati-
809 4711 884 4763 illi
918 4711 1158 4781 aggressi
1210 4719 1359 4765 sunt.
1412 4710 1498 4772 Et,
1532 4726 1743 4781 quaeso,
1782 4712 2036 4770 advertas
2060 4750 2074 4772 ,

487 4799 745 4855 llavidem
782 4802 834 4855 iu
871 4803 1124 4871 praesenti
1169 4802 1397 4858 ﬁdenter
1427 4819 1589 4873 agere
1615 4842 1629 4867 ,
1662 4804 1755 4872 qui
1797 4803 1848 4855 in
1901 4802 2074 4872 prima

485 4888 827 4945 Psalmorum
856 4901 1006 4962 parte
1036 4893 1253 4965 dicebat
1279 4913 1291 4946 :
1326 4893 1590 4960 Quoniam
1619 4894 1918 4965 iniquitates
1951 4908 2078 4946 mea:

483 4997 832 5051 supergressa:
862 4994 983 5036 sunt
1022 4994 1179 5053 caput
1226 5001 1416 5049 meum,
1450 4985 1588 5038 sicut
1609 5001 1740 5038 onus
1763 5000 1918 5054 grave
1951 5000 2077 5053 gra-

484 5079 620 5122 vata:
655 5080 776 5123 sunt
828 5087 983 5139 super
1037 5090 1138 5128 me.
1192 5073 1521 5128 Putruerunt
1560 5087 1608 5130 et
1657 5084 1921 5142 corrupta:
1954 5083 2078 5128 sunt

485 5161 760 5216 cicatrices
794 5178 919 5215 mea:
967 5180 1000 5216 a
1040 5163 1177 5232 faa'e
1219 5166 1538 5235 insipientia:
1575 5184 1701 5220 mea:
1734 5167 1804 5219 ⁷³.
1851 5164 1994 5222 llaec"
2023 5173 2077 5218 et

489 5251 574 5306 bis
613 5253 814 5306 similia
847 5255 898 5308 in
930 5258 1368 5325 prtecedentibus
1399 5258 1802 5320 confitebatur;
1851 5257 1903 5309 in
1941 5271 2077 5325 prie-

487 5340 629 5394 seuti
685 5357 812 5396 vero
864 5345 939 5396 ait
969 5364 980 5399 :
1020 5344 1200 5416 Neque
1232 5349 1488 5418 iniquitas
1521 5365 1660 5410 mea,
1693 5363 1854 5416 neque
1895 5361 2077 5413 pecca-

483 5443 598 5485 tum
629 5451 822 5497 meum,
856 5435 1098 5502 Domine,
1127 5441 1238 5493 sine
1261 5441 1540 5510 iniquitate
1563 5441 1775 5493 cucurri
1797 5451 1846 5492 et
1877 5439 2069 5492 direxi.

486 5523 723 5580 Cursum
757 5542 955 5599 porro,
991 5547 1152 5600 quem
1189 5532 1358 5586 David
1412 5533 1604 5602 agebat
1627 5571 1640 5594 .
1682 5531 1989 5603 intelliges,
2027 5529 2075 5584 si

487 5619 841 5685 apostolicam
898 5621 1046 5677 illam
1104 5639 1292 5679 vocem
1338 5638 1622 5692 apponas:
1659 5621 1865 5675 Bonum
1905 5631 2078 5674 certa-

2186 771 2402 834 στείλας
2429 773 2510 834 είς
2554 771 2644 824 τὸν
2673 767 2820 824 οῐκον
2868 770 2962 824 τοῦ
3009 770 3206 834 Δαυΰ,
3239 770 3552 824 θανατῶσαι
3606 769 3772 826 αὐτὰν

2181 863 2433 935 ὡρμήθη.
2479 862 2536 916 '0
2565 861 2704 915 δ”ὲν
2741 861 2966 935 τοιαύτῃ
2997 860 3330 933 ἀποληφθεὶς
3363 863 3639 932 συμφορᾷ,
3670 862 3770 931 τὴν

2184 955 2551 1026 προκειμένην
2577 954 2981 1026 στηλογραφίαν
3014 954 3316 1017 συντάττει,
3346 955 3595 1009 ἀναὸοῶν
3631 955 3770 1025 πρδς

2181 1046 2272 1099 τὸν
2297 1046 2430 1099 Θεὸν
2475 1045 2571 1098 καὶ
2604 1044 2812 1118 λέγων’
2867 1044 3110 1108 Ἐξελού
3145 1062 3223 1114 με
3268 1045 3337 1098 ἐκ
3383 1043 3502 1097 τῶν
3537 1041 3773 1113 ἐχθρῶν

2175 1153 2317 1205 μου,
2343 1139 2375 1190 ό
2415 1136 2582 1202 Θεὸς,
2617 1134 2716 1188 καὶ
2751 1135 2821 1188 ἐκ
2862 1133 2980 1187 τῶν
3008 1134 3502 1204 ἐπανισταμένων
3542 1133 3638 1199 ea:
3661 1133 3770 1202 ἐμὲ

2180 1227 2488 1294 ,λύτρωσαι
2539 1243 2636 1294 με.
2700 1225 2916 1280 Ῥῦσαί
2958 1243 3036 1295 με
3094 1227 3164 1280 ἐκ
3206 1224 3324 1279 τῶν
3366 1222 3772 1294 ἐργαζομένων

2181 1318 2295 1385 τὴν
2319 1303 2722 1387 ἀνομίανξκαι
2761 1317 2830 1381 ἐξ
2869 1316 3107 1385 ἀνδρῶν
3129 1315 3392 1386 αιμάτων
3423 1315 3634 1370 σῶσόν
3665 1332 3764 1384 με.

2180 1409 2412 1482 Εὔχεται
2460 1410 2524 1485 δὲ,
2567 1409 2656 1464 διά
2697 1408 2904 1476 τούτων
2944 1407 3187 1477 φύλακος
3230 1409 3416 1478 τυχεῖν
3465 1406 3562 1461 τοῦ
3601 1405 3777 1480 Θεοῦ,

2183 1500 2380 1572 βοηθοῦ
2422 1518 2484 1554 τε
2517 1501 2612 1554 καὶ
2640 1501 2903 1572 σωτῆρος,
2933 1501 3014 1564 είς
3046 1499 3108 1552 τδ
3149 1497 3224 1570 μὴ
3270 1487 3475 1553 ἁλῶναι
3523 1498 3631 1552 ὑπὸ
3657 1496 3778 1560 τῶν,

2180 1592 2426 1664 ἐχθρῶν,
2475 1593 2598 1664 μηδ’
2657 1592 2969 1664 ὑποχείριον
3017 1593 3200 1662 αὐτοῖς
3253 1590 3538 1664 γενέσθαι·
3584 1589 3618 1659 ἢ
3673 1589 3769 1642 καὶ

2181 1683 2323 1754 ὑπὲρ
2345 1682 2440 1752 τοῦ
2475 1684 2548 1755 μὴ
2580 1684 2674 1739 καὶ
2721 1682 2884 1737 αὐτὸν
2916 1684 3100 1755 ὅμοιον
3147 1683 3329 1745 αὐτοῖς
3361 1681 3764 1751 ἀποφανθῆναι,

2184 1774 2317 1846 μηδὲ
2357 1773 2610 1843 γενέσθαι
2651 1775 2748 1828 ἕνα
2778 1775 2890 1829 τῶν
2935 1765 3320 1847 ἐργαζομένων
3367 1773 3465 1845 τὴν
3504 1773 3758 1844 ἀνομίαν,

2114 1865 2154 1918 Β
2185 1866 2321 1938 μηδὲ
2351 1865 2452 1936 τῆς
2481 1866 2698 1937 μερίδος
2729 1866 2839 1920 τῶν
2861 1865 3073 1940 ἀνδρῶν
3103 1865 3211 1920 τῶν
3242 1865 3508 1937 αἱμάτων,
3535 1865 3664 1936 περὶ
3687 1858 3767 1917 ὧν

2176 1956 2268 2012 καὶ
2304 1957 2363 2009 ἐν
2391 1958 2506 2018 τοῖς
2538 1956 2799 2027 ἀνωτέρω
2836 1955 3054 2025 ἐλέγετο
3073 1973 3086 1987 ·
3115 1956 3356 2024 Ἄνδρες
3382 1953 3644 2025 αἱμάτων
3663 1957 3763 2009 καὶ

2175 2048 2544 2117 δολιότητος,
2569 2051 2642 2102 οὐ
2660 2047 2748 2118 μὴ
2777 2050 3153 2118 ξψισεύσωσι
3176 2051 3281 2114 τὰς
3306 2047 3523 2119 ἡμέρας
3545 2047 3764 2104 αὐτῶν

2173 2140 2290 2210 ἐγὼ
2333 2140 2402 2194 δὲ
2449 2140 2638 2196 ἑαυτιῶ
2677 2141 2779 2195 ἐπὶ
2827 2141 2921 2196 σέ.
2973 2141 3230 2213 Ἐχθροὺς
3272 2142 3329 2214 δὲ
3380 2143 3464 2196 ὅτι
3516 2144 3591 2214 μὴ
3639 2144 3766 2204 τοὺς

2175 2237 2406 2306 ὁρατοὺς
2440 2237 2636 2307 μόνους
2669 2236 2970 2305 ἐγίνωσκεν
2993 2277 3008 2301 ,
3043 2236 3181 2290 ἀλλὰ
3219 2239 3348 2300 τοὺς
3393 2239 3625 2308 ἀφανεῖς
3669 2240 3772 2292 καὶ

2175 2327 2460 2399 ἀοράτους,
2495 2329 2544 2381 οἳ
2579 2330 2672 2381 καὶ
2703 2329 2860 2382 αὐτοὶ
2888 2331 3153 2399 ἐνήργουν
3181 2329 3274 2381 τὸν
3304 2329 3509 2382 Σαούλ’
3543 2327 3768 2400 πνεῦμα

2174 2417 2284 2490 γάρ
2328 2420 2563 2490 πονηρὸν
2592 2415 2660 2490 ἦν
2707 2420 2801 2474 ἐπὶ
2833 2419 3033 2484 Σαοὺλ,
3079 2420 3169 2488 ὑφ’
3200 2413 3261 2472 οὗ
3306 2421 3626 2492 κινούμενος
3672 2421 3762 2488 ἑξ-

2174 2509 2390 2562 εκαίετο
2437 2511 2531 2562 ἐπὶ
2559 2509 2652 2562 τὸν
2685 2511 2826 2564 κατά
2876 2510 2973 2564 τοῦ
3017 2510 3182 2565 Δαυῖδ
3225 2511 3447 2580 φθόνον·
3503 2511 3767 2576 πολλάκις

2175 2603 2306 2672 ἡμῖν
2338 2600 2737 2656 ἀποδέδεικται.
2764 2601 3058 2657 Κάνταῦθα
3092 2602 3272 2657 τοίνυν
3307 2602 3415 2655 τῶν
3461 2603 3560 2674 μὲν
3601 2602 3765 2664 πολε-

2177 2695 2316 2765 μίων
2340 2695 2762 2767 περιγενόμενος
2778 2695 3219 2768 ἀναγέγραπται,
3239 2695 3398 2767 νίκην
3420 2713 3478 2749 τε
3504 2695 3774 2770 πολλάκις.

2175 2786 2450 2857 ἀράμενος
2483 2784 2630 2856 κατά
2673 2786 2782 2840 τῶν
2815 2787 3154 2857 ἀλλοφύλων.
3191 2789 3366 2841 Δεινοὶ
3390 2787 3447 2841 δὲ
3480 2784 3622 2859 ἦσαν
3654 2788 3771 2860 ἄρα.

2174 2876 2362 2949 ἐχθροὶ
2401 2876 2495 2930 κα)⁸
2547 2877 2798 2948 πολέμιοι
2829 2878 2879 2940 ei
2931 2879 3158 2949 ἀφανεῖς
3189 2879 3353 2933 αὐτοῦ
3411 2879 3630 2950 ἐχθροὶ,
3667 2879 3764 2943 οὓς

2176 2967 2448 3037 παριστὰς
2484 2968 2590 3021 καὶ
2627 2968 2716 3022 διὰ
2766 2969 2874 3023 τῶν
2927 2970 3307 3041 προκειμένων
3362 2970 3578 3039 ελεγεν’
3636 2971 3770 3046 ὀτι-

2177 3056 2304 3110 ὶδοὺ
2332 3056 2674 3127 ἐθήρευσαν
2694 3058 2809 3126 τὴν
2829 3059 3041 3128 ψυχήν
3062 3077 3204 3128 μου,
3233 3059 3515 3114 ἐπέθεντο
3539 3060 3634 3114 ἐπ’
3657 3061 3775 3132 ἐμὲ

2176 3150 2460 3216 κραταιοί.
2501 3151 2597 3219 Ἐκ
2631 3150 2729 3222 μὲν
2763 3145 2858 3204 οὖν
2879 3151 2980 3220 τῆς
3015 3152 3257 3222 ἱστορίας
3286 3152 3602 3225 οὐδετέρους
3639 3153 3768 3222 φαίη.

2177 3259 2325 3294 νεται
2377 3241 2629 3312 ἐσχηκὼς
2672 3242 2902 3315 ἐχθροὺς
2937 3243 2970 3314 ἢ
3022 3243 3180 3314 μόνον
3224 3244 3316 3297 τὸν
3363 3244 3555 3298 Σαούλ.
3593 3243 3767 3299 Τοῦτο

2176 3333 2285 3404 γὰρ
2315 3333 2662 3403 παρέστησεν
2685 3337 2717 3404 ἡ
2745 3335 2936 3406 Γραφὴ
2967 3334 3382 3406 μαρτυραμένη,
3405 3336 3486 3388 ὃτι
3508 3337 3774 3409 ἠγαπᾶτο,

2175 3426 2278 3478 ὑπὸ
2305 3425 2506 3490 παντὸς
2532 3426 2626 3492 τοῦ
2661 3425 2792 3486 λαοῦ
2813 3444 2826 3457 ·
2857 3428 2951 3496 καὶ
2976 3423 3212 3498 τοῦτ’,ἦν
3239 3427 3472 3498 μάλιστα
3498 3429 3563 3481 τὸ
3589 3428 3775 3501 αἴτιον,

2175 3517 2275 3587 τῆς
2301 3518 2422 3572 κατ’
2457 3517 2621 3572 αὑτοῦ
2655 3518 2975 3588 βασκανίας.
3005 3520 3066 3572 Εἰ
3101 3519 3278 3572 τοίνυν
3305 3520 3504 3584 πάντες
3533 3520 3764 3590 ἠγάπων

2174 3609 2264 3662 τὸν
2311 3607 2507 3673 Δαυῖὀ,
2549 3609 2711 3681 μόνος
2749 3611 2807 3664 δὲ
2843 3610 3016 3664 Σαοὺλ
3054 3610 3149 3664 καὶ
3207 3611 3299 3665 én‘t
3357 3610 3533 3680 τούτῳ
3581 3609 3765 3681 φθόνῳ

2177 3703 2568 3775 πιμπράμενος
2595 3703 2985 3758 ἐπεϐούλευσεν
3017 3703 3188 3775 αὐτῷ,
3213 3705 3330 3768 πῶς
3357 3702 3589 3758 ἐνταῦθα
3621 3703 3763 3774 πλη-

2176 3794 2444 3860 θυντικῶς
2485 3813 2681 3867 φησιν,
2724 3796 2973 3860 Ἐξελού
3004 3813 3080 3866 με
3119 3796 3188 3849 ἐκ
3241 3795 3360 3848 τῶν
3391 3794 3622 3864 ἐχθρῶν
3639 3811 3763 3864 μου

2177 3887 2272 3938 καί
2297 3887 2365 3940 ἐκ
2384 3885 2506 3941 τῶν
2541 3886 3032 3959 ἐπανισταμένων
3045 3887 3138 3940 ἐπ’
3164 3886 3286 3956 ἐμέ·
3315 3889 3408 3940 καὶ
3438 3887 3620 3948 πάλιν.
3640 3888 3772 3946 Ὅτε

2176 3977 2307 4033 ἰδοὺ
2332 3977 2672 4046 ἐθήρευσαν
2693 3978 2808 4047 τὴν
2831 3978 3044 4048 ψυχήν
3064 3997 3205 4048 μου,
3231 3978 3510 4032 ἐπέθεντο
3542 3979 3634 4031 ἐπ’
3657 3979 3767 4048 ἐμὲ

2178 4070 2480 4137 κραταιοίς
2520 4070 2681 4123 Ἀλλά
2699 4070 2809 4141 γὰρ
2851 4070 3037 4138 σαφῶς
3063 4069 3150 4123 διὰ
3174 4069 3376 4122 τούτων
3402 4070 3772 4144 παρίστανται⁵

2177 4160 2396 4232 ἀόρατοι
2437 4160 2532 4213 καὶ
2569 4159 2796 4229 ἀφανεῖς
2831 4160 3018 4232 ἐχθροὶ
3039 4202 3053 4225 ,
3097 4161 3225 4233 περὶ
3268 4153 3344 4215 ὧν
3385 4162 3480 4216 καὶ
3523 4163 3552 4213 ό
3602 4163 3762 4215 ’Λπό-

2181 4253 2371 4317 στολος
2409 4252 2626 4322 ἐλεγενι
2668 4255 2789 4307 Οὐκ
2827 4255 3000 4328 ἐστιν
3049 4251 3192 4323 ἡμῖν
3239 4251 3402 4319 πάλη
3446 4251 3596 4322 πρὸς
3619 4249 3769 4322 αἷμα

2179 4346 2274 4399 καί
2305 4344 2523 4414 σαζρκα,
2552 4345 2714 4399 ἀλλὰ
2752 4345 2901 4413 πρὸς
2940 4345 3047 4410 τὰς
3072 4339 3261 4412 ἀρχὰς
3304 4343 3404 4396 καὶ
3443 4343 3551 4410 τὰς
3585 4344 3761 4409 ἐξου-

2176 4437 2339 4503 σίας,
2362 4437 2462 4490 καὶ
2500 4437 2643 4502 τοὺς
2681 4437 3166 4506 κοσμοκράτορας
3193 4435 3302 4489 τοῦ
3325 4437 3584 4502 σκότους
3629 4437 3764 4491 τού-

2182 4546 2307 4591 του,
2335 4527 2435 4581 καὶ
2461 4527 2611 4597 πρὸς
2648 4527 2722 4580 τὰ
2768 4528 3078 4596 πνεύματα
3122 4526 3231 4594 τῆς
3258 4528 3572 4596 πονηρίας.
3601 4520 3762 4581 οὗτοι

2179 4619 2310 4687 γοῦν
2365 4619 2585 4683 ὲξέκαον
2626 4619 2718 4672 τὸν
2767 4619 2942 4672 Σαοὺλ
2989 4618 3128 4672 κατά
3172 4617 3266 4670 τοῦ
3317 4619 3481 4673 Δαυῖδ
3503 4635 3517 4648 ·
3573 4619 3656 4672 διδ
3703 4618 3764 4682 ἐξ

2179 4707 2360 4761 αὐτῶν
2396 4705 2661 4782 asceam
2689 4707 2860 4760 ἐδεῖτο
2893 4705 2988 4760 τοῦ
3029 4703 3184 4759 Θεοῦ.
3227 4705 3370 4776 Πρὸς
3401 4705 3499 4776 μὲν
3532 4703 3643 4776 γάρ
3672 4705 3762 4758 τὸν

2181 4799 2395 4862 Γολιάθ,
2427 4799 2524 4852 καὶ
2563 4799 2700 4869 πρὸς
2733 4800 2859 4862 τοὺς
2913 4799 3132 4862 λοιποὺς
3157 4787 3486 4865 ἀλλοφύλους
3523 4797 3762 4867 ἀπήρκει

2180 4891 2343 4954 αὐτὸς
2375 4890 2694 4961 ἱστάμενος,
2722 4891 2818 4946 καὶ
2859 4890 3096 4960 πολέμου
3131 4889 3280 4960 νόμῳ
3321 4891 3436 4952 τοῖς
3464 4889 3630 4957 πᾶσιν
3667 4889 3762 4939 έπ-

2179 4981 2338 5057 εξιών
2361 4999 2374 5012 ·
2409 4983 2547 5055 πρὸς
2570 4982 2627 5036 δὲ
2652 4982 2752 5045 τάς
2787 4983 3015 5050 ἀφανεῖς
3043 4981 3296 5050 δυνάμεις
3333 4979 3426 5049 καὶ
3456 4979 3582 5043 τοὺς
3603 4979 3764 5049 ἀορά-

2176 5091 2301 5142 τους
2340 5073 2569 5146 ἐχθροὺς
2601 5073 2735 5127 Θεὸν
2767 5073 3088 5144 ὑπέρμαχον
3117 5071 3268 5142 ἠξίου
3302 5069 3454 5140 αὐτῷ
3489 5068 3761 5137 γενέσθαι.

2181 5169 2300 5222 Ὅτι
2329 5166 2400 5228 δὲ⁴
2438 5166 2606 5238 μηδὲν
2641 5166 2911 5236 ἀδικήσας
2937 5165 3029 5217 τὸν
3065 5165 3266 5227 Σαοὺλ,
3299 5164 3476 5235 μάτην
3505 5161 3763 5232 ἠλαύνετο

2178 5259 2270 5312 ὑπ’
2301 5257 2490 5322 αὐτοῦ,
2525 5257 2824 5329 παρίστησι
2859 5257 2958 5327 μὲν
2988 5257 3020 5326 ἡ
3055 5256 3283 5328 ἱστορία,
3314 5255 3566 5327 ἐμφαίνει
3593 5254 3648 5308 δὲ
3672 5254 3761 5307 καὶ

2177 5351 2337 5415 αυτὸς
2379 5349 2509 5419 ὲξῆς
2562 5349 2770 5418 λέγων’
2834 5349 2985 5402 Οὔτε
3020 5349 3052 5415 ἠ
3093 5349 3309 5416 ἀνομία
3347 5364 3466 5415 μου
3491 5386 3506 5409 ,
3545 5347 3680 5399 οὔτε
3730 5345 3760 5410 ἡ

2175 5442 2430 5509 ἁμαρτία
2470 5458 2588 5509 μου
2609 5457 2620 5469 ·
2665 5439 2810 5494 ἄνευ
2839 5439 3092 5508 ἀνομίας
3123 5437 3381 5507 ἔδραμον
3405 5437 3504 5490 καὶ
3549 5434 3759 5500 natm)-

2179 5536 2353 5587 θυνα.
2407 5532 2552 5585 ’.ἀντὶ
2590 5531 2647 5584 δὲ
2694 5530 2822 5594 τοῦ,
2876 5530 3024 5584 ἄνευ
3070 5529 3325 5598 ἀνομίας
3364 5527 3625 5599 ἔδραμον
3665 5524 3758 5576 καί

2183 5621 2548 5687 κατηύθυνα,
2575 5623 2603 5673 ὁ
2645 5621 2960 5692 Σύμμαχος,
2984 5619 3070 5688 μὴ
3119 5618 3328 5685 οὔσης,
3368 5616 3553 5687 φησὶν,
3581 5615 3756 5683 ἀμαρ-

561 5792 605 5826 τθ
645 5790 788 5851 l'sal.
827 5811 934 5861 Liv,
969 5798 1055 5850 ‘li.
1135 5799 1176 5829 τι
1221 5795 1415 5868 Εριιρι.
1454 5813 1534 5862 γι.
1579 5795 1658 5850 1:3-
1741 5798 1780 5826 ⁷³
1822 5793 1967 5850 Paul.
2007 5812 2072 5848 Χλ

2178 5796 2312 5860 1,5,
2358 5796 2408 5848 6.
