4100 6538
536 394 635 451 939

1211 388 1480 444 EUSEBII
1519 384 1999 443 CASSARIENSIS
2036 385 2195 440 OPP:
2221 384 2398 440 PARS
2435 384 2519 439 Ill.
2562 416 2630 425 —
2676 382 3078 441 EXEGETICA.

3680 389 3777 445 511)

534 519 762 559 numero
808 501 1245 573 comprehendit,
1295 516 1509 556 necnon
1559 515 1654 554 eos
1699 499 1792 570 qui
1824 500 1914 553 tali
1942 499 2101 553 modo

2209 498 2529 567 κτειρήσῃς
2579 506 2810 563 πάντας
2850 498 2989 565 τοὺς
3032 497 3450 568 ἐργαζομένους
3496 498 3611 567 τὴν
3645 502 3778 555 ἀνο-

533 596 662 649 olim
686 596 741 648 in
771 594 968 649 lsraele
1005 592 1181 647 aﬂ'eeti
1204 599 1381 646 erant.
1408 590 1551 657 Quid
1574 591 1719 645 enim
1743 590 1977 659 amplius
2028 590 2107 643 fa-

534 694 681 739 ctum
718 683 868 738 Sauli
892 682 1016 744 fuit,
1045 683 1138 752 qui
1168 697 1367 752 genere
1409 681 1631 750 quidem
1661 681 1729 734 ab
1757 680 1923 734 Israel
1948 689 2106 735 ortus

534 780 676 834 erat,
708 786 773 826 ex
805 770 952 825 tribu
982 769 1285 839 Beniamin,
1315 768 1407 839 qui
1448 769 1584 821 tanti
1616 767 1797 837 populi
1827 781 1921 819 rex
1953 766 2109 819 inau-

535 870 762 930 guratus
778 859 978 925 iuerat,
1000 862 1205 930 quique
1234 869 1383 914 tanta
1408 860 1463 913 in
1484 872 1703 912 cassum
1726 864 1780 911 ct
1806 856 1923 910 sine
1941 870 2107 911 causa

460 972 467 983 ·
536 952 801 1007 adversus
848 966 995 1013 eun),
1030 952 1125 1022 qui
1159 966 1219 1006 se
1263 949 1402 1005 nihil
1454 950 1708 1013 laesisset,
1759 948 2106 1002 machinatus

538 1043 751 1097 fuerat?
777 1042 931 1108 Quod
962 1044 1008 1098 si
1049 1043 1143 1101 alii
1198 1049 1389 1112 postea
1420 1040 1769 1110 reperiantur
1802 1039 1897 1109 qui
1956 1036 2105 1093 Sauli

534 1132 707 1202 gestis
733 1131 912 1186 aﬂinia
942 1134 1273 1188 meditentur
1296 1131 1382 1187 vel
1413 1139 1703 1201 peragant;
1748 1146 1856 1184 non
1882 1144 1947 1183 eo
1970 1129 2105 1183 tales

534 1224 766 1279 salutem
795 1225 1058 1294 consequi
1101 1238 1391 1280 necessum
1434 1230 1541 1287 est,
1570 1221 1712 1291 quod
1747 1236 1812 1275 ex
1840 1229 1932 1273 tua
1981 1235 2106 1289 por-

537 1315 687 1371 tione
717 1330 843 1371 esse
865 1322 1220 1385 reputentur;
1262 1323 1321 1368 ut
1355 1328 1386 1369 e
1414 1325 1683 1367 converso
1738 1310 1785 1364 si
1815 1310 1907 1380 qui
1964 1310 2107 1363 inter

534 1412 824 1467 extraneas
877 1414 1068 1476 gentes
1120 1404 1289 1460 saluti
1351 1401 1532 1458 idonei
1589 1408 1745 1463 sunt,
1776 1399 1914 1453 nihil
1958 1400 2105 1453 obsit

533 1499 852 1573 quominus,
888 1514 989 1569 pro
1021 1499 1233 1553 ratione
1267 1496 1515 1567 iustitiae,
1561 1492 1871 1550 visitatione
1900 1499 1991 1545 tua
2023 1492 2103 1545 di-

531 1598 788 1661 gnentur.
814 1588 1007 1659 .Quare
1034 1589 1183 1655 dico,
1216 1586 1427 1643 intende
1480 1586 1549 1642 ad
1588 1582 1877 1639 visitandas
1928 1599 2103 1637 omnes

532 1691 745 1749 gentes;
774 1682 843 1737 iis
875 1697 1006 1738 vero
1033 1682 1126 1752 qui
1155 1687 1456 1750 operantur
1488 1677 1851 1746 iniquitatem,
1876 1689 1943 1729 ex
1968 1688 2106 1743 quo-

534 1774 615 1828 vis
643 1788 843 1843 genere
873 1774 980 1828 orti
1003 1774 1140 1839 sint,
1167 1787 1238 1826 ne
1281 1769 1614 1825 miserearis.
1646 1766 1947 1836 Operantes
1975 1780 2105 1819 vero

533 1839 874 1930 iniquitatem
910 1877 1077 1931 supra
1116 1874 1336 1931 quoque
1368 1869 1635 1913 memorat
1671 1857 1862 1911 dicens
1898 1876 1911 1910 :
1946 1854 2103 1924 Eripe
2136 1839 2178 1893 Β

534 1967 613 2004 me
639 1950 702 2004 de
731 1952 1067 2019 operantibus
1100 1952 1453 2021 iniquitatem,
1484 1949 1613 2004 etde
1646 1948 1771 2003 viris
1787 1948 2102 2017 sanguinem

532 2041 682 2094 salva
712 2057 811 2094 me.
848 2042 940 2096 Sic
971 2041 1202 2096 vocabat
1228 2055 1325 2096 eos
1356 2040 1449 2110 qui
1485 2038 1754 2094 Salvatori
1782 2045 1973 2093 nostro
2002 2038 2106 2091 im-

534 2132 651 2209 pias
682 2133 913 2187 intulere
947 2147 1164 2186 manus.
1206 2130 1437 2187 Eosdem
1464 2146 1682 2200 quoque
1724 2128 2106 2185 subindicabat

535 2226 589 2276 in
614 2238 702 2277 Ltv
726 2223 935 2292 psalmo
986 2223 1195 2286 dicens,
1258 2222 1525 2288 Quoniam
1558 2221 1666 2275 vidi
1698 2221 2027 2290 iniquitatem
2054 2229 2104 2274 et

532 2312 1002 2371 contradictionem
1032 2314 1085 2366 in
1140 2313 1347 2366 civitate
1370 2329 1389 2365 :
1423 2314 1507 2366 die
1537 2328 1597 2364 ac
1628 2322 1776 2365 nocte
1802 2311 2102 2365 circumda-

532 2402 608 2462 bit
631 2418 747 2455 eam
768 2402 843 2467 “;
871 2417 934 2455 ac
952 2416 1174 2468 rursus;
1215 2404 1713 2458 Contaminaverunt
1735 2412 2101 2457 testamentum

529 2496 665 2562 ejus,
689 2495 844 2551 divisi
867 2506 988 2550 sunt
1024 2495 1089 2549 ab
1122 2498 1207 2549 ira
1259 2497 1433 2551 vultus
1466 2498 1581 2565 ejus
1612 2497 1697 2563 ";
1750 2497 2057 2566 iterumque
2084 2514 2098 2550 :

546 2588 656 2645 Viri
688 2589 1003 2659 sanguinum
1027 2598 1075 2643 et
1096 2587 1267 2644 dolosi
1299 2606 1403 2643 non
1429 2588 1785 2643 dimidiabunt
1807 2589 1919 2643 dies
1944 2606 2097 2644 suos:

530 2695 622 2749 ego
648 2689 823 2738 autem
853 2679 908 2733 in
938 2689 987 2733 te
1014 2680 1233 2749 sperabo
1264 2681 1331 2734 ⁷⁸.

2202 589 2366 665 μίαν.
2396 588 2580 656 Δέγων
2604 587 2659 640 δέ
2688 588 3024 661 ἀδιορίστως,
3051 589 3300 654 πάντας,
3328 589 3420 643 καὶ
3442 590 3534 641 τὸν
3568 591 3776 661 Ἰσραὴλ

2210 678 2757 754 συμπαραλαμϐάνει,
2798 681 2891 733 καὶ
2923 682 3050 743 τοὺς
3086 682 3142 733 ἐν
3176 681 3323 750 αὐτῷ
3351 680 3518 734 πάλαι
3550 682 3775 751 γενομὲ-

2206 787 2329 832 νους
2356 770 2645 833 τοιούτους.
2681 771 2747 822 Τί
2774 770 2882 843 γάρ
2915 774 3010 823 καὶ
3053 771 3212 824 πλέον
3257 770 3468 841 γέγονε,
3512 772 3668 841 φησὶ,
3701 773 3776 842 τῷ

2206 860 2399 928 Σαοὺλ,
2420 860 2482 914 τὸ
2512 861 2608 931 μὲν
2634 862 2788 929 γένος
2815 862 2921 914 ἀπὸ
2952 861 3047 914 τοῦ
3078 862 3299 933 ,Ἰσραὴλ
3327 864 3655 934 ὁρμωμένῳ,
3684 864 3775 916 καὶ

2206 950 2378 1023 φυλῆς
2406 952 2681 1023 Βενιαμὶν,
2714 952 2927 1022 βασιλεῖ,
2953 952 3007 1007 δὲ
3038 954 3131 1005 τοῦ
3163 953 3414 1006 τοσούτου
3441 954 3625 1019 ἔθνους
3647 955 3773 1008 καθ-

2210 1040 2497 1111 ισταμένῳ,
2531 1040 2768 1094 τοσαῦτα
2800 1042 2857 1095 δὲ
2890 1042 3011 1112 εἰκῆ
3040 1042 3132 1095 καὶ
3161 1043 3335 1113 μάτην
3365 1042 3504 1096 κατὰ
3544 1042 3637 1096 τοῦ
3676 1062 3774 1115 μη-

2204 1132 2294 1185 δὲν
2325 1132 2641 1203 ἠδικηκότος
2671 1134 3071 1207 ἐπιχειροῦντις
3115 1134 3177 1186 Εἰ
3221 1134 3276 1186 δὲ
3323 1131 3414 1188 οὖν
3455 1135 3525 1187 τὰ
3576 1136 3775 1205 ἀδελςά

2204 1224 2283 1293 τῷ
2308 1223 2479 1277 Σαοὺλ
2502 1224 2823 1295 φρονοῦντες
2846 1242 2903 1277 τε
2928 1225 3020 1278 καὶ
3039 1225 3367 1296 πράττοντες
3386 1225 3627 1297 γένοιντό
3648 1244 3771 1279 ποτε

2204 1316 2402 1387 ἕτεροι,
2434 1316 2495 1368 οὐ
2530 1316 2679 1385 παρά
2708 1315 2865 1369 τοῦτο
2907 1314 3172 1380 σώζεσθαι
3220 1318 3414 1381 αὐτοὺς
3447 1319 3662 1388 ἀνάγκη
3689 1316 3773 1369 διὰ

2204 1408 2265 1461 τὸ
2288 1407 2598 1478 νομίζεσθαι
2627 1408 2737 1479 ’τῆς¹
2762 1407 2860 1477 σῆς
2891 1409 3109 1480 μερίδος
3143 1404 3302 1461 εἶναι’
3341 1407 3417 1471 ὡς
3456 1408 3689 1478 ἔμπαλιν
3716 1410 3772 1461 ἐν

2204 1498 2316 1559 τοῖς
2342 1496 2659 1565 ἀλλοφύλοις
2709 1496 2937 1562 ἔθνεσιν,
2971 1498 3019 1549 εί
3052 1496 3384 1568 εὑρίσκοιντό
3410 1512 3555 1558 τινες
3587 1498 3772 1563 ἐπιτη-

2204 1585 2361 1649 δείως
2392 1586 2605 1655 ἔχοντες
2648 1585 2786 1657 πρὸς
2826 1586 3120 1657 σωτηρίαν,
3160 1584 3312 1638 οὐδὲν
3343 1584 3409 1638 ἂν
3444 1585 3643 1639 κωλύοι
3676 1585 3773 1654 τῆς

2207 1678 2303 1747 σῆς
2336 1678 2642 1747 ἐπισκοπῆς
2675 1677 2871 1741 αὐτοὺς
2906 1679 3088 1747 τυχεὶν
3132 1676 3275 1731 κατά
3317 1677 3407 1730 τὸν
3444 1676 3541 1729 τοῦ
3568 1676 3771 1730 δικαίου

2204 1770 2380 1839 λόγον.
2401 1770 2489 1823 Διό
2508 1786 2668 1841 φημι·
2691 1771 2960 1838 Πρόσχες
2987 1769 3094 1824 τοῦ
3115 1769 3561 1838 ἐπισκέψασθαι
3582 1768 3773 1823 πάντα

2205 1861 2278 1914 τὰ
2304 1861 2467 1928 ἔθνη·
2492 1862 2618 1924 τοὺς
2640 1861 2698 1914 δὲ
2721 1858 3114 1932 ἐργαζομένους
3138 1860 3237 1931 τὴν
3264 1860 3517 1931 ἀνομίαν,
3544 1859 3665 1912 ὅθεν
3681 1860 3773 1930 δήο

2207 1964 2337 2006 ποτε
2371 1950 2500 2017 εἷεν,
2538 1951 2612 2024 μὴ
2649 1954 3014 2026 οἰκτειρήσῃς.
3060 1952 3352 2023 Μέμνηται
3378 1952 3435 2004 δὲ
3464 1951 3574 2003 τῶν
3614 1952 3773 2022 ἐργα-

2208 2044 2449 2114 ζομένων
2469 2044 2567 2114 τὴν
2588 2044 2816 2115 ἀνομίαν
2845 2044 2939 2096 καὶ
2970 2043 3225 2114 ἀνωτέρω
3245 2043 3434 2111 λέγων·
3470 2042 3682 2098 Ῥῦσαί
3698 2060 3772 2111 με

2205 2137 2274 2190 ἐκ
2298 2135 2415 2189 τῶν
2448 2134 2855 2204 ἐργαζομένων
2878 2133 2992 2203 τὴν
3021 2135 3297 2203 ἀνομίαν,
3328 2133 3426 2187 καὶ
3447 2134 3519 2196 ἐξ
3541 2132 3774 2200 ἀνδρῶν

2206 2228 2465 2297 αἱμάτων
2497 2226 2705 2281 σῶσόν
2739 2244 2834 2296 με.
2866 2225 3021 2281 Οὕτω
3046 2226 3103 2279 δέ
3138 2226 3321 2280 ἐκάλει
3352 2227 3478 2288 τοὺς
3510 2225 3652 2279 κατά
3677 2225 3770 2283 τοῦ

2208 2317 2459 2387 Σωτῆρος
2504 2316 2662 2388 ήμῶν
2710 2316 2900 2379 ἀθέους
2942 2316 3342 2383 ἐπενέγκαντας
3382 2318 3587 2386 χεῖρας.
3635 2314 3768 2377 Τοὺς

2207 2405 2403 2468 αὐτοὺς
2433 2404 2490 2457 δὲ
2526 2404 2769 2475 ᾐνίττετο
2796 2404 2889 2457 καὶ
2919 2405 2977 2457 ἐν
3011 2402 3081 2456 νδ⁹
3111 2403 3307 2475 ψαλμῷ
3330 2402 3522 2472 λέγων·
3554 2404 3671 2455 Ὅτι
3692 2398 3770 2455 εἷο
3830 2442 3835 2447 .

2206 2496 2316 2551 δον
2340 2498 2594 2566 ἀνομίαν
2619 2495 2718 2550 καί
2744 2496 3092 2565 ἀντιλογίαν
3108 2496 3179 2548 ἐν
3202 2494 3277 2564 τῇ
3304 2497 3497 2550 πόλει.
3533 2495 3767 2564 Ἡμέρας

2206 2589 2306 2644 καί
2336 2589 2557 2655 νυκτὸς
2593 2590 2891 2644 κυκλώσει
2928 2586 3139 2653 αὑτήν·
3182 2588 3278 2641 καὶ
3309 2587 3491 2641 πάλινι
3550 2586 3776 2652 £68623-

2215 2684 2412 2734 λωσαν
2447 2680 2562 2749 τὴν
2601 2680 2892 2748 διαθήκην
2930 2678 3137 2747 αὐτοῦ,
3177 2678 3643 2749 διεμερίσθησαν
3674 2679 3774 2731 ἀπ’

533 2776 717 2847 ὀργῆς
762 2776 869 2831 τοῦ
906 2776 1230 2845 προσώπου
1274 2777 1482 2832 αὐτοῦ’
1528 2777 1619 2831 καὶ
1659 2772 1833 2841 αὖθις·
1904 2774 2141 2845 Ἄνδρες
2176 2776 2437 2847 αίμάτων
2468 2775 2566 2830 καί
2615 2775 2962 2845 ὄολιότητος
3000 2776 3072 2829 οὐ
3101 2772 3189 2845 μὴ
3232 2776 3605 2849 ἡμισεύσωσι
3673 2772 3775 2838 τὰς

533 2867 756 2939 ἡμέρας
781 2865 997 2931 αὐτῶν·
1031 2864 1147 2936 ἐγὼ
1169 2867 1237 2920 δὲ
1266 2868 1362 2921 ἐπὶ
1394 2867 1469 2921 σὲ
1490 2866 1697 2922 samo.

605 2978 769 3035 Vsus.
806 2979 858 3043 7,
894 2980 977 3034 12.
1015 2979 1393 3035 Convertentur
1420 2980 1489 3034 ad
1515 2998 1801 3051 vesperam,
1825 2994 1874 3037 et
1908 2983 2100 3052 famem

531 3071 800 3137 patientur
832 3081 887 3124 ut
921 3073 1089 3135 canis,
1119 3080 1169 3125 et
1192 3072 1483 3127 circuibunt
1503 3072 2099 3144 civitatem.Pustquam

2292 2977 2788 3047 Ἑπιστρέψουσιν
2824 2980 2911 3045 είς
2953 2978 3234 3048 ἑσπέραν,
3274 2978 3371 3033 καὶ
3410 2979 3780 3047 λιμώξουσιν

2205 3074 2286 3139 ὡς
2315 3073 2493 3138 κύων,
2533 3070 2629 3123 καί
2664 3069 3051 3124 κυκλώσουσι
3086 3073 3289 3124 πόλιν.
3319 3068 3530 3140 Σφόδρα
3559 3070 3780 3124 ἀκολού-

533 3162 901 3217 visitationem
942 3164 1182 3232 gentium
1211 3173 1267 3218 et
1324 3165 1586 3219 ultionem
1622 3166 1959 3236 operantium
1995 3164 2097 3218 iniv

2203 3162 2309 3227 θως
2346 3159 2649 3231 ἐπισκοπὴν
2692 3160 2801 3214 τῶν
2841 3160 3009 3213 ἐθνῶν
3052 3159 3331 3223 ἱκετεύσας
3364 3158 3638 3227 γενέσθαι,
3669 3161 3779 3213 τῶν

531 3250 796 3319 quitatem
831 3250 946 3305 ﬁeri
982 3252 1211 3321 rogavit,
1255 3253 1546 3309 admodum
1579 3264 1977 3324 consequenter
2030 3256 2101 3309 ita

535 3351 721 3410 postea
749 3342 1076 3396 vaticinatur
1107 3360 1122 3397 :
1156 3342 1534 3398 Convertentur
1559 3346 1628 3399 ad
1662 3362 1937 3415 vesperam.
1971 3346 2102 3412 Qui-

534 3445 660 3484 nam
708 3430 808 3494 illi,
862 3430 969 3484 nisi
1013 3431 1107 3500 qui
1158 3441 1456 3501 operantur
1508 3435 1877 3504 iniquitatem,
1911 3445 1963 3491 et
2002 3436 2100 3490 viri

531 3520 896 3590 sanguinum?
922 3521 1032 3575 Cur
1066 3529 1247 3575 autem
1279 3522 1348 3574 ad
1395 3539 1656 3592 vesperam
1676 3528 1701 3580 ?
1724 3527 1849 3595 quia
1880 3529 1935 3580 in
1966 3544 2100 3583 eon—

534 3608 897 3690 summatione
927 3610 1108 3663 saeculi
1131 3610 1242 3663 lucc
1263 3610 1440 3664 futura
1457 3624 1629 3667 erant.
1650 3613 1753 3667 Pro
1782 3616 1874 3669 illo
1895 3626 2099 3681 autem,

533 3701 600 3756 Et
624 3702 813 3770 famem
832 3704 1097 3771 patientur
1121 3712 1175 3755 ut
1202 3704 1370 3767 canis,
1399 3704 1612 3774 Aquila,
1632 3707 1699 3761 Et
1724 3710 2103 3764 tumultuentur

533 3802 589 3846 ut
643 3794 824 3856 canis;
879 3792 1260 3862 Symmachus,
1308 3794 1376 3847 Et
1428 3809 1754 3867 constrepent
1809 3810 1867 3853 ut
1912 3817 2099 3865 canes;

533 3879 858 3945 Theodotio,
929 3881 997 3934 Et
1054 3882 1479 3951 vociferabantur
1505 3896 1562 3938 ut
1623 3890 1789 3953 canis,
1825 3898 1879 3944 et
1911 3895 2099 3959 quinta

533 3972 700 4026 editio
733 3972 1001 4036 similiter,
1045 3972 1113 4024 Et
1142 3973 1561 4041 vociferabantur
1590 3987 1646 4030 ut
1692 3996 1868 4035 canes.
1899 3980 2101 4051 Propa-

534 4064 640 4116 lam
659 4064 810 4117 hisce
827 4063 1040 4126 verbis,
1073 4078 1168 4118 cos
1194 4065 1286 4133 qui
1315 4080 1438 4119 sero
1470 4068 1707 4131 tandem,
1732 4078 1975 4138 tempore
2003 4071 2099 4123 ad-

534 4160 729 4206 ventus
755 4150 1059 4206 Salvatoris
1087 4151 1285 4213 nostri,
1317 4152 1538 4220 perinde
1570 4161 1731 4223 atque
1764 4156 1892 4211 Saul
1942 4158 2099 4213 inno-

533 4249 749 4296 centem
797 4242 1213 4313 insequebatur,
1269 4242 1343 4295 ita
1371 4250 1427 4297 et
1475 4244 1575 4312 ipsi
1606 4246 1805 4300 bellum
1837 4249 2099 4305 adversus

530 4332 806 4385 Christum
832 4331 925 4388 Dei
961 4332 1268 4401 suscepturi
1310 4340 1489 4398 erant,
1541 4349 1707 4391 canes
1737 4342 2095 4407 nuncupavit.

531 4422 841 4487 Quinetiam
904 4439 1001 4492 per
1064 4424 1383 4493 prophetam
1442 4424 1636 4478 lsaiam
1690 4428 1805 4495 ipse
1860 4429 2097 4498 Spiritus

2202 3270 2260 3307 τε
2292 3250 2673 3322 ἐργαζομένων
2704 3249 2802 3321 τὴν
2838 3250 3063 3322 ἀνομίαν
3098 3249 3393 3319 ἐκδίκησιν,
3429 3248 3558 3317 ἐξῆς
3589 3248 3777 3301 θεσπί-

2203 3343 2285 3409 ζει
2329 3343 2572 3411 φάσκων·
2631 3341 3136 3409 Ἐπιστρέψουσιν
3170 3343 3257 3407 εἰς
3293 3338 3576 3408 ἑσπέραν.
3622 3339 3779 3403 Τίνες

2200 3435 2257 3488 δὲ
2297 3429 2441 3487 οὗτοι
2483 3432 2597 3485 ἀλλ’
2625 3434 2672 3484 ot
2702 3431 3058 3503 ἐργαζόμενοι
3086 3432 3184 3503 τὴν
3217 3432 3445 3501 ἀνομίαν
3481 3431 3578 3483 καὶ
3606 3432 3656 3483 oi
3681 3432 3776 3485 ἄν-

2200 3526 2324 3595 δρες
2364 3525 2471 3577 τῶν
2514 3522 2795 3594 αίμάτων;
2838 3522 2937 3576 Διά
2976 3522 3028 3575 τί
3063 3522 3119 3577 δὲ
3150 3525 3232 3586 είς
3256 3521 3555 3590 ἐσπέραν;
3588 3521 3776 3591 ἐπειδὴ

2202 3618 2294 3668 ἐπὶ
2332 3614 2605 3685 συντελείᾳ
2644 3612 2737 3667 τοῦ
2780 3613 2973 3678 αἰῶνος
3019 3613 3218 3685 ἧμελλε
3260 3613 3432 3667 ταῦτα
3472 3612 3772 3682 γίγνεσθαι.

2215 3708 2358 3759 ’Δντὶ
2378 3707 2434 3760 δὲ
2460 3706 2575 3771 τοῦ,
2605 3706 2714 3761 Kal
2742 3704 3108 3773 λιμώξουσιν
3124 3704 3204 3771 ὡς
3229 3706 3407 3767 κύων,
3434 3705 3463 3756 ὁ
3486 3704 3586 3773 μὲν
3619 3701 3778 3755 ’Δκύ-

2201 3799 2319 3862 λας,
2345 3798 2453 3852 Καί
2487 3796 2928 3865 ὀχλασάτωσαν
2953 3796 3033 3861 ὠς
3061 3796 3241 3858 κύων,
3272 3794 3637 3864 ἡρμήνευσεν·
3664 3794 3691 3844 ό
3714 3793 3775 3845 δὲ

2202 3890 2515 3961 Σύμμαχος,
2551 3890 2662 3943 Kal
2689 3889 3159 3957 συνηχήσουσιν
3179 3888 3260 3952 ὡς
3284 3887 3483 3950 κύνεςν
3513 3886 3543 3937 ὁ
3569 3885 3625 3938 δὲ
3649 3884 3777 3937 Θεο-

2198 3982 2408 4046 δοτίων,
2449 3980 2559 4035 Kal
2603 3980 2952 4049 ἠχήσουσιν
2990 3979 3069 4045 ὡς
3116 3979 3296 4031 κύων·
3343 3978 3437 4029 καὶ
3474 3978 3508 4046 ἡ
3550 3976 3773 4045 πέμπτη

2199 4072 2408 4137 ἔκδοσις
2446 4072 2668 4142 ὁμοίως,
2696 4071 2806 4126 Καὶ
2846 4070 3195 4140 ἠχήσουσιν
3226 4070 3306 4135 ώς
3348 4070 3545 4133 κύνες.
3595 4068 3776 4118 Ἀντι-

2199 4180 2335 4235 κρυς
2358 4164 2415 4215 δὲ
2442 4164 2533 4216 διὰ
2554 4162 2756 4215 τούτων
2780 4162 2907 4225 τοὺς
2937 4160 3035 4231 ὀψέ
3062 4178 3192 4214 ποτε
3227 4160 3367 4213 κατὰ
3400 4161 3527 4222 τοὺς
3553 4158 3774 4229 χρόνους

2198 4256 2297 4324 τῆς
2339 4252 2432 4306 τοῦ
2484 4254 2735 4323 Σωτῆρος
2786 4252 2945 4323 ἡμῶν
2992 4251 3229 4320 ἀφίξεως
3275 4250 3477 4320 ὁμοίως
3524 4248 3603 4319 τῷ
3650 4249 3773 4300 τότε

2199 4344 2390 4410 Σαοὺλ,
2432 4345 2521 4400 τὸν
2548 4344 2787 4397 ἀναίτιον
2814 4343 3086 4409 διώξαντι,
3121 4341 3413 4412 μέλλοντας
3447 4340 3542 4393 καὶ
3577 4340 3773 4401 αὐτοὺς

2199 4436 2288 4489 τὸν
2325 4436 2556 4506 Χριστὸν
2602 4435 2696 4489 τοῦ
2739 4434 2874 4487 Θεοῦ
2930 4434 3206 4503 πολεμεῖν,
3256 4432 3420 4495 κύνας
3468 4432 3766 4500 ὠνόμασεν.

534 4514 894 4569 sanctushaac
912 4514 1155 4569 declarat
1191 4531 1205 4568 :
1242 4516 1433 4570 Omnes
1463 4534 1618 4571 canes
1656 4521 1787 4572 muti
1816 4524 2097 4578 nescientes

2214 4525 2366 4576 Ἐπεὶ
2408 4526 2502 4577 καὶ
2542 4524 2630 4577 διὰ
2662 4524 2757 4578 τοῦ
2796 4524 3074 4594 προφήτου
3115 4522 3333 4573 Ἡσαΐου
3370 4521 3431 4573 τὸ
3463 4522 3592 4575 αὐτὸ
3619 4522 3772 4588 ἅγιον

538 4600 738 4653 latrare
769 4602 849 4665 7';
877 4611 929 4655 et
957 4602 1009 4654 in
1044 4618 1137 4654 ut
1180 4604 1408 4671 psalmo,
1445 4606 1536 4674 qui
1572 4604 1873 4663 Salvatoris
1923 4613 2095 4666 nostri

535 4690 817 4744 cruciatus
848 4690 1132 4755 describit,
1157 4708 1223 4746 ex
1268 4693 1389 4761 ejus
1424 4693 1722 4751 Salvatoris
1750 4713 1979 4766 persona
2014 4702 2098 4755 di-

534 4778 680 4831 citur
725 4794 738 4829 :
794 4778 1256 4834 Circnmdederunt
1306 4800 1386 4838 me
1418 4801 1568 4839 canes
1602 4788 1777 4852 multi,
1820 4789 2094 4849 concilium

532 4869 940 4939 malignantium
971 4869 1169 4924 obsedit
1206 4889 1284 4927 me
1327 4875 1394 4928 ⁷⁸.
1445 4875 1545 4942 Qui
1601 4878 1765 4948 igitur
1802 4889 2096 4949 operantur

530 4955 901 5023 iniquitatem,
925 4967 979 5011 et
1035 4961 1139 5013 viri
1192 4964 1543 5033 sanguinum,
1576 4969 1679 5023 etsi
1722 4969 1833 5038 jam
1866 4971 2092 5024 multum

527 5044 738 5131 viribus
781 5048 963 5101 valere
1035 5057 1090 5102 et
1136 5053 1201 5105 ad
1235 5052 1476 5120 praesens
1536 5069 1744 5129 tempus
1775 5076 1999 5131 regnum
2034 5069 2093 5113 ut

529 5128 658 5218 Saul
680 5132 925 5218 obtinere
958 5135 1271 5202 vidcantur;
1320 5152 1375 5193 at
1425 5128 1693 5214 quotquot
1718 5128 1894 5203 aﬂinia
1920 5150 2092 5218 ipsius

522 5216 690 5276 gestis
716 5215 1022 5311 ediderunt.
1043 5231 1436 5276 convertentur
1457 5235 1695 5297 tandem,
1728 5248 1782 5292 et
1811 5236 1887 5311 ἔπι
1902 5215 2093 5308 vespa.

520 5300 2091 5408 ῑῖῑξζξῐι.¹2ιξ.¹.ξ·ιῑιὲ’ίιξιξξξτίείόνοοιίεταυυηιυτεηειιειρῖκίαοιιι

516 5382 842 5486 articulatim
889 5382 1201 5478 loquentur,
1235 5407 1410 5461 neque
1458 5418 1521 5457 ex
1556 5382 2093 5486 rationabilisl-nxl'li;

510 5467 981 5582 fitﬁt-Tl‘ffl'ffiff
1028 5472 1547 5582 91%??P'0'mm:
1607 5508 1702 5561 sed
1756 5467 2014 5582 ροισίηιιλ
2035 5522 2092 5568 ιιι

1757 5844 1811 5851 υ..

1480 6508 1773 6517 γ-σ-ῌΑ-ᾉ-
1796 6508 1827 6509 κ

2203 4613 2425 4683 Πνεῦμα
2472 4615 2600 4684 περὶ
2646 4615 2753 4666 τῶν
2804 4614 2982 4667 αὐτῶν
3026 4612 3267 4665 διδάσκει
3317 4611 3492 4679 λέγον·
3546 4610 3772 4673 Πάντες

2202 4702 2382 4767 κύνες
2408 4702 2559 4777 ἐνεοί
2596 4705 2706 4755 οὐκ
2738 4702 2960 4767 ειδότες
2992 4700 3297 4754 ὑλακτεῖν*
3331 4700 3424 4752 καὶ
3446 4702 3503 4751 ἐν
3526 4706 3610 4752 κα⁹
3632 4698 3769 4766 ψαλ-

2203 4792 2309 4862 μῷ,
2340 4791 2409 4844 τὰ
2441 4792 2583 4862 πάθη
2616 4791 2708 4844 τοῦ
2738 4792 2987 4862 Σωτῆρος
3010 4790 3165 4861 ἡμῶν
3192 4791 3564 4861 διαγράφοντι,
3589 4790 3646 4855 ἐξ
3676 4791 3770 4841 αὺ-

2198 4883 2291 4935 τοῦ
2325 4883 2611 4953 προσώπου
2649 4883 2894 4935 λέλεκται
2932 4882 3026 4935 τοῦ
3061 4882 3331 4952 Σωτῆρος*
3369 4881 3769 4948 Περιεκύκλω-

2199 4972 2320 5026 σάν
2340 4990 2418 5041 με
2442 4973 2623 5039 κύνες
2653 4972 2891 5036 πολλοὶ,
2923 4974 3241 5041 συναγωγὴ
3277 4972 3770 5041 πονηρευομένων

2198 5064 2519 5132 περιέσχον
2539 5081 2632 5132 με.
2672 5066 2734 5116 υἱ
2768 5060 2861 5117 οὖν
2892 5062 3247 5133 ἐργαζόμενοι
3288 5068 3386 5134 τὴν
3421 5065 3646 5133 ἀνομίαν
3677 5063 3767 5115 καὶ

2198 5156 2247 5208 οί
2276 5154 2467 5224 ἄνδρες
2493 5155 2602 5206 τῶν
2626 5156 2891 5223 αἱμάτων,
2923 5155 2972 5205 εἰ
2994 5156 3086 5207 καὶ
3116 5153 3185 5205 τά
3220 5154 3452 5223 μάλιστα
3477 5152 3572 5207 νῦν
3602 5155 3763 5206 πολλά

2196 5248 2452 5300 δύνασθαι
2488 5247 2725 5309 δοκοῦσι,
2746 5247 2847 5298 καὶ
2875 5246 2972 5316 τῆς
3005 5245 3279 5315 βασιλείας
3316 5250 3536 5316 κρατεῖν
3580 5246 3765 5315 ὥσπερ

2199 5338 2371 5391 Σαοὺλ
2412 5338 2549 5400 τέως
2591 5338 2683 5389 ἐπὶ
2711 5337 2802 5390 τοῦ
2836 5338 3118 5407 παρόντος,
3146 5336 3281 5390 ἀλλὰ
3305 5338 3503 5400 πάντες
3534 5355 3597 5405 γε
3620 5339 3665 5388 οἱ
3698 5336 3765 5387 τὰ

2197 5428 2398 5496 ἀδελφά
2418 5428 2591 5498 τούτῳ
2618 5428 2920 5498 πράξαντες
2941 5429 3355 5497 ἐπιστρέφουσιν
3374 5430 3471 5497 ὀψέ
3497 5446 3647 5491 ποτε,
3673 5427 3763 5479 καὶ

2198 5516 2275 5577 εἰς
2316 5515 2554 5585 ἑσπέραν
2591 5515 2877 5585 όχλάσουσί
2919 5534 2979 5568 τε
3017 5518 3111 5568 καὶ
3159 5519 3570 5589 συνηχήσουσιν,
3613 5517 3762 5569 οὐδὲν

2200 5606 2295 5675 μὲν
2356 5606 2615 5676 ἔναρθρον
2668 5606 3047 5677 φθεγγόμενοι,
3105 5608 3225 5661 οὐδὲ
3274 5610 3341 5661 ἐκ.
3392 5608 3616 5677 λογικῆς
3651 5608 3759 5660 δια-

1582 5760 1703 5815 ν²²ο
1787 5765 1829 5795 ⁷⁸
1867 5766 2007 5853 Psal1
2090 5776 2101 5813 '

2226 5761 2315 5815 “lt.
2397 5764 2436 5792 ⁷⁷
2480 5760 2586 5815 lsa.
2620 5777 2735 5828 LVI,
2778 5762 2856 5816 l0.
2936 5765 2977 5793 7"
3018 5762 3158 5817 i‘sal.
3199 5779 3319 5830 xxi,
3362 5763 3442 5817 l7.
