4100 6552
307 401 395 461 ωι
669 396 680 403 ’
1413 400 1795 460 COMMENTA
1805 399 1873 455 Rl

1972 400 2036 455 IN
2068 399 2409 460 PSALMOS.

3449 413 3556 468 542

305 517 441 580 νοίας
485 515 676 586 λόγους
726 517 908 584 ἀξίους
950 521 1170 593 μνήμης
1200 523 1623 594 προσφέροντες,
1660 521 1785 573 κυσὶ
1819 520 1873 572 δὲ

1977 525 2031 570 et
2076 518 2440 588 impudentes.
2470 519 2651 586 Quare
2683 519 2884 576 famem
2925 523 3220 591 patientur,
3258 539 3399 598 pane
3421 503 3554 582 vitae

305 606 689 677 παραπλησίως
719 609 998 679 ὑλαγμοὺς
1029 613 1302 680 ἀφιέντες,
1331 613 1514 682 φωνάς
1538 629 1597 664 τε
1628 612 1873 682 ὑϐριστι-

304 699 400 762 xit;
429 699 518 752 καὶ
549 699 804 763 ἀναιδεῖς.
853 703 945 754 Διὸ
984 705 1078 757 καὶ
1113 703 1440 774 λιμὼξουσιν
1469 704 1564 758 τοῦ
1595 705 1694 773 τῆς
1727 703 1874 772 ζωῆς

303 789 458 859 ἄρτου
490 788 875 859 στερηθέντες·
912 793 1035 845 ἐπε)⁵
1069 793 1142 864 μὴ
1175 793 1538 864 παρεδέξαντο
1565 794 1664 866 τὴν
1693 796 1872 865 σωτή-

307 897 412 945 ριον
437 881 528 932 καὶ
550 880 799 951 οὐράνιον
823 884 1048 955 τροφὴν,
1084 885 1246 938 αὑτὸν
1277 885 1368 939 τὸν
1396 886 1656 957 εἰρηκότα
1673 902 1686 916 ·
1736 884 1876 954 Ἐγώ

302 973 411 1040 εἰμι
453 975 485 1025 ὀ
525 971 706 1040 ἄρτος
757 976 791 1028 ό
834 975 904 1029 ἐκ
956 974 1063 1030 τοῦ
1113 978 1376 1046 οιῗιρανοῦ
1428 977 1720 1043 καταϐὰς,
1773 977 1871 1030 καί

301 1061 498 1129 διδοὺς
542 1061 696 1132 ζωὴν
729 1065 859 1132 τοῖς
907 1067 1262 1136 ἀνθρώποις.
1327 1069 1488 1124 Ὅθεν
1539 1069 1634 1123 καὶ
1687 1069 1873 1138 ἕτερος

303 1161 580 1228 προφήτης
610 1157 702 1212 τὸν
729 1157 887 1230 λιμὸν
913 1158 1101 1214 τοῦτον
1126 1162 1498 1232 αἰνιττόμενος
1525 1161 1655 1214 ἐϐόα
1678 1160 1868 1229 λέγων·

313 1244 461 1298 Ἰδοὺ
502 1249 556 1300 cl
597 1246 996 1316 δουλεύοντές
1045 1268 1146 1320 μοι
1205 1249 1494 1320 φάγονται
1517 1291 1533 1316 ι
1583 1251 1754 1320 ὑμεῖς
1805 1249 1874 1303 δὲ

299 1331 609 1394 πεινάσετε
628 1352 642 1366 ·
706 1336 836 1391 ἰδοὺ
892 1341 947 1392 ol
999 1339 1400 1405 δουλεύοντές
1447 1357 1548 1408 μοι
1603 1339 1872 1404 ximat,

299 1424 463 1494 ὑμεῖς
514 1424 582 1478 δὲ
636 1427 950 1496 διψήσετε.
999 1430 1359 1501 Στερηθέντες
1402 1430 1459 1484 δὲ
1504 1431 1605 1501 τῆς
1653 1431 1872 1484 αἰωνίου

298 1517 498 1586 τροφῆς
544 1518 639 1572 καὶ
682 1519 773 1572 τὸν
813 1519 979 1591 ἄρτον
1023 1521 1122 1591 τῆς
1169 1520 1316 1592 ζωῆς
1369 1521 1871 1593 παραιτησάμενοι,

297 1605 471 1660 οὐκέθ’
502 1607 579 1671 ὡς
610 1609 859 1680 πρόϐατα
896 1612 1216 1681 γενήσονται
1248 1611 1342 1664 τοῦ
1373 1611 1540 1665 καλοῦ
1581 1612 1870 1682 ποιμένος·

296 1699 804 1770 παραϐληθήσονται
836 1700 893 1752 δὲ
921 1702 1100 1756 κυσίν.
1147 1696 1284 1754 Εἶτα
1310 1700 1367 1754 δὲ
1399 1702 1494 1755 καὶ
1537 1702 1636 1772 τῆς
1665 1702 1874 1758 ἑαυτῶν

295 1787 530 1852 πόλεως,
561 1791 626 1860 ἢν
659 1789 847 1854 κακῶς
889 1791 1137 1862 ᾤκησαν,
1184 1791 1652 1861 ἁπελασθήσονται
1677 1808 1690 1820 ·
1742 1792 1876 1844 ἁπο-

1976 609 2196 679 privati,
2226 610 2354 680 quia
2389 612 2681 667 salutarem
2703 621 2758 667 et
2790 615 3068 670 cmlcstem
3095 616 3277 669 cibum
3322 633 3552 674 non-ac-

1975 709 2260 770 ceperunt,
2315 702 2492 771 ipsum
2521 703 2734 759 scilicet
2773 705 2865 774 qui
2909 705 2985 758 ait
3021 724 3034 758 :
3075 705 3188 776 Ego
3219 724 3334 760 sum
3378 710 3568 778 panis,.

1974 792 2065 861 qui
2099 791 2163 846 de
2188 793 2316 846 caelo
2340 792 2631 858 descendit,
2663 804 2710 848 et
2732 795 2821 865 qui
2846 795 2938 848 dat
2978 797 3137 850 vitam
3165 797 3463 854 hominibus
3486 801 3556 860 "-.

1975 881 2158 947 Quare
2178 884 2319 938 alius
2340 885 2601 956 propheta
2642 885 2955 954 huiusmodi
2993 887 3188 941 famem
3221 889 3560 949 adumbratis

1975 975 2247 1030 clamabat
2279 976 2471 1032 dicens
2501 995 2514 1031 :
2554 975 2688 1030 Ecce
2712 977 2803 1047 qui
2841 979 3072 1032 serviunt
3101 980 3553 1046 milti'contedent,

1974 1083 2063 1121 vos
2094 1077 2269 1122 autem
2319 1068 2564 1122 esurietis
2589 1085 2608 1122 :
2655 1084 2769 1123 ecce
2806 1070 2897 1139 qui
2926 1072 3156 1124 serviunt
3194 1072 3325 1125 mihi
3357 1072 3554 1137 bibent,

1975 1173 2064 1211 cos
2100 1166 2275 1210 autem
2301 1158 2490 1213 sitietis
2516 1158 2584 1214 ⁸ο.
2617 1157 2844 1212 Αέιετηε
2873 1166 3055 1214 autem
3081 1175 3206 1215 esca
3238 1160 3458 1230 privati,
3491 1175 3557 1215 ac

1975 1261 2116 1316 pane
2145 1247 2271 1301 vita:
2296 1248 2526 1317 reiecto,
2560 1263 2669 1302 non
2712 1248 2855 1302 ultra
2890 1257 2948 1303 ut
2991 1263 3122 1305 oves
3155 1250 3285 1305 boni
3318 1251 3558 1320 pastcr-is

1972 1337 2392 1405 reputabuntur,
2436 1339 2529 1393 sed
2561 1339 2792 1395 canibus
2823 1340 3306 1410 comparabuntur.
3351 1339 3561 1397 Deinde

1974 1439 2107 1479 vero
2136 1441 2206 1480 ex
2239 1426 2463 1482 civitate
2495 1443 2615 1486 sua.
2650 1444 2813 1497 quam
2843 1429 3088 1498 improbe
3115 1431 3425 1494 coluerunt,
3457 1445 3553 1484 ex-

1973 1511 2347 1572 turbabuntur
2382 1537 2395 1572 :
2431 1528 2596 1589 atque
2642 1521 2716 1574 ita
2772 1521 3155 1584 excluduntur,
3191 1530 3254 1574 ιιι·
3291 1536 3360 1576 ne
3409 1521 3558 1577 ultra

1980 1608 2134 1664 adire
2165 1610 2312 1663 illam
2347 1611 2586 1665 audeant
2623 1629 2637 1664 :
2671 1611 2799 1681 quia
2857 1611 2960 1680 ipsi
2991 1612 3112 1681 ejus
3165 1612 3378 1675 incolae,
3433 1625 3561 1670 eam

1974 1701 2241 1772 sanguine
2281 1703 2650 1772 repleverunt.
2697 1701 2881 1768 Quare
2933 1702 2986 1756 in
3047 1717 3213 1772 supra
3249 1712 3562 1761 memorato.

1975 1793 2097 1845 loco
2123 1791 2408 1849 dicebatur
2433 1808 2445 1845 :
2475 1792 2742 1859 Quoniam
2775 1794 2880 1846 vidi
2903 1794 3233 1861 iniquitatem
3257 1804 3306 1848 et
3339 1806 3558 1848 contra-

294 1876 698 1949 κλεισθήσονταί
724 1897 785 1933 τε
817 1880 1010 1951 αὐτῆς,
1044 1881 1118 1944 ὡς
1151 1881 1347 1951 μηκέτ’
1374 1881 1544 1950 αὐτῆς
1575 1881 1873 1935 ἐπιϐαίνειν

1975 1883 2257 1937 dictionem
2289 1884 2346 1937 in
2371 1885 2584 1937 ciuitate
2604 1885 2670 1937 ⁸⁸.
2707 1885 2921 1940 Ateuim
2952 1885 3025 1939 ibi
3056 1885 3274 1941 lsraelis
3317 1887 3370 1940 in
3399 1885 3558 1942 lcru-

291 1968 519 2044 τολμᾷν·
588 1971 888 2043 ἐπειδήπερ
939 1975 988 2026 οἰ
1051 1971 1328 2036 οἰκοῦντες
1390 1974 1561 2042 αὐτὴν
1622 1973 1873 2045 αἱμάτων

291 2055 456 2128 αὐτὴν
505 2058 794 2131 ἐπλήρουν.
850 2060 940 2112 Διὸ
984 2061 1042 2114 ἐν
1084 2061 1163 2132 τῷ
1198 2061 1598 2135 προδηλωθέντι
1633 2062 1868 2131 ἐλέγετο·

292 2147 409 2210 ’Ὁτι
441 2146 608 2202 εἶδον
644 2151 900 2225 ἀνομίαν
945 2153 1042 2206 καὶ
1086 2153 1435 2224 ἀντιλογίαν
1470 2154 1540 2207 ἐν
1565 2152 1640 2221 τῇ
1673 2155 1868 2208 πόλει.

299 2237 437 2301 Ἀλλ·
472 2241 591 2293 ἐκεῖ
636 2242 734 2314 μὲν
782 2241 853 2295 τὰ
892 2242 1233 2318 τολμηθέντα
1269 2243 1347 2314 τῷ
1396 2244 1613 2316 Ἰσραὴλ
1645 2246 1703 2298 ἐν
1731 2245 1868 2315 αὐτῇ

286 2329 723 2407 τῇῚερουσαλὴμ
754 2332 895 2397 κατὰ
922 2333 1016 2397 τοῦ
1043 2335 1292 2410 Σωτῆρος
1322 2335 1603 2406 ἐδηλοῦτο·
1636 2337 1870 2390 ἐνταῦθα

286 2420 340 2472 δὲ
375 2420 436 2473 τὸ
471 2421 819 2492 συμϐεϐηκὸς
868 2423 1054 2489 αὐτοῖς
1100 2425 1240 2496 μετὰ
1278 2425 1453 2478 ταῦτα
1481 2429 1546 2497 τῇ
1581 2425 1676 2480 τοῦ
1710 2427 1868 2496 ἁγίου

288 2511 604 2581 Ιῐνεῦματος
642 2513 950 2585 προγνώσει
992 2518 1026 2586 ή
1062 2516 1251 2588 Γραφὴ
1296 2517 1630 2588 στηλιτεύει·
1665 2518 1746 2571 διὸ
1773 2521 1868 2572 καὶ

286 2605 700 2675 στηλογῃαφία
723 2606 1007 2678 κέκληται.
1037 2607 1143 2673 Τοῦ
1172 2608 1230 2662 δέ
1256 2608 1416 2683 λόγου
1441 2609 1502 2670 τὸ
1521 2609 1870 2682 ἀποτέλεσμα

287 2697 614 2770 παρίστησιν
661 2701 694 2771 ή
728 2700 837 2753 τῶν
887 2701 1228 2776 πραγμάτων
1262 2681 1506 2766 ἔκϐασις.
1554 2701 1714 2764 Μετὰ
1736 2681 1868 2772 γοῦν

288 2789 379 2858 τὴν
408 2790 552 2844 κατά
590 2791 685 2844 τοῦ
711 2793 960 2863 Σωτῆρος
989 2792 1145 2864 ἡμῶν
1180 2793 1474 2865 ἐπιϐουλὴν
1506 2794 1707 2859 αὐτῶν,
1741 2795 1867 2852 ἑπι-

290 2881 503 2945 στάντες
567 2883 825 2954 Ῥωμαῖοι
879 2883 1033 2944 τέλος
1094 2885 1298 2952 ἐπῆγον
1349 2888 1463 2949 τοῖς
1513 2887 1868 2955 προφητικοῖς

287 2963 474 3034 λόγοις.
508 2968 718 3038 Νόμοις
757 2970 888 3038 γοῦν
928 2969 1035 3023 τῶν
1076 2971 1424 3041 κρατούντων
1457 2972 1516 3040 ἐξ
1562 2973 1784 3026 ἑκείνου·
1807 2973 1869 3026 τὸ

285 3059 387 3111 πᾶν
421 3059 694 3114 Ἰουδαίων
735 3061 886 3126 ἔθνος
936 3064 1311 3134 ἀπηγόρευται
1354 3069 1468 3129 τοῖς
1509 3067 1697 3130 τόποις
1744 3069 1874 3120 ἐπι-.

285 3149 504 3216 ϐαίνειν,
546 3155 926 3226 ἀπαραιτήτου
969 3157 1243 3227 τιμωρίας
1274 3158 1727 3229 ἑπαιωρουμένης
1756 3161 1866 3222 τοῖς
1897 3191 1935 3246 C

283 3241 373 3304 τοῦ
404 3244 573 3320 νόμου
601 3245 967 3317 παραϐάταις.
1000 3247 1091 3299 Διὸ
1120 3247 1288 3302 εἰσέτι
1321 3248 1416 3301 καὶ
1449 3249 1688 3320 σήμερον
1719 3249 1865 3319 ἀμφὶ

292 3334 380 3400 at"
428 3338 560 3401 τοὺς
614 3338 774 3409 ὅρους
828 3339 922 3400 καὶ
985 3338 1169 3409 κύκλῳ
1227 3340 1519 3412 παριόντες
1581 3340 1868 3412 πόρρωθεν

285 3425 557 3480 ἵστανται·
613 3427 734 3497 μηδ’
777 3428 836 3492 ἐξ
869 3427 1115 3481 ἀπόπτου
1158 3427 1219 3491 τὺ
1262 3429 1432 3483 πάλαι
1477 3431 1868 3501 νενομισμένον

285 3515 460 3583 αὐτοῖς
495 3519 645 3588 ἱερὸν
678 3518 872 3589 ἔδαφος
906 3519 1202 3580 θεάσασθαι
1237 3519 1688 3593 καταξιούμενοι·
1726 3520 1863 3587 ἐξω-

286 3604 370 3658 θεν
398 3606 454 3659 δέ
479 3607 831 3673 κυκλοῦντες,
869 3610 1052 3663 πίστιν
1098 3611 1362 3678 ἐπάγουσι
1395 3613 1460 3682 τῇ
1497 3611 1635 3681 μετὰ
1675 3616 1867 3682 χεῖρας

284 3695 509 3773 λεγούσῃ
574 3701 796 3773 Γραφῇ·
868 3701 1374 3769 Ἐπιστρέψουσιν
1436 3703 1524 3766 εἰς
1577 3701 1862 3769 ἑσπέραν,

285 3792 378 3856 καί
444 3793 821 3864 λιμὼξουσιν
891 3794 973 3860 ὠς
1037 3793 1233 3856 κύων,
1305 3792 1404 3845 καὶ
1476 3791 1864 3848 κυκλὼσουσι

285 3894 479 3952 πόλιν.
525 3887 640 3942 Καὶ
682 3885 895 3948 τούτοις
943 3885 1070 3956 ἑξῆς
1113 3884 1427 3954 ἑπιλέγεται
1459 3887 1493 3956 ἡ
1519 3885 1666 3943 αἰτία
1704 3885 1770 3937 δι’
1802 3886 1870 3956 ἢν

283 3979 455 4043 ταῦτα
486 3978 794 4032 πείσονται·
839 3975 986 4030 Ἰδοὺ
1013 3975 1144 4046 γὰρ,
1176 3975 1361 4044 φησιν,
1389 3973 1887 4042 ἀπορθέγξοφται

284 4071 356 4121 ἐν
390 4064 469 4137 τῷ
507 4071 761 4138 στόματι
802 4066 1022 4132 αὐτῶν,
1060 4067 1157 4121 καὶ
1192 4067 1462 4136 ῥομφαία
1492 4067 1562 4118 ὲν
1585 4064 1711 4131 τοῖς
1743 4065 1866 4133 χείρ

283 4165 455 4228 Jecur
499 4162 723 4225 αὐτῶν,
755 4160 844 4215 ὅτι
891 4161 984 4226 τίς
1011 4159 1277 4228 ἤκουσε;
1312 4157 1484 4210 ταῦτα
1512 4157 1620 4228 γάρ
1653 4157 1869 4211 ἅπαντα

287 4255 586 4313 πεπόνθασι
637 4252 726 4315 διὰ
789 4251 888 4315 τὰς
937 4250 1132 4313 ἀθέους
1191 4250 1373 4302 αὐτῶν
1437 4249 1530 4301 καὶ
1585 4247 1868 4312 δυσσεϐεῖς

287 4346 484 4414 ςὶωνὰς,
519 4345 591 4408 ἃς
616 4345 758 4398 κατὰ
783 4343 875 4396 τοῦ
909 4344 1157 4412 Σωτῆρος
1176 4341 1334 4412 ἡμῶν
1364 4341 1613 4409 ἠφίεσαν,
1647 4340 1741 4392 ἐπὶ
1772 4338 1866 4393 τοῦ

289 4438 514 4502 Πιλάτου
551 4438 783 4510 βοῶντες
806 4453 820 4466 ·
858 4432 1014 4503 Αἶρε,
1063 4430 1211 4502 αἶρε,
1260 4433 1616 4500 σταίρωσον
1656 4434 1864 4486 αὐτόν.

1975 1975 2144 2030 salem
2191 1983 2383 2029 contra
2421 1974 2758 2032 Salvatorem
2806 1977 3050 2031 facinora
3085 1978 3551 2051 recensebantur;

1975 2065 2064 2120 hic
2097 2081 2226 2121 vero
2260 2082 2383 2136 quae
2429 2067 2563 2136 ipsis
2605 2076 2794 2138 postea
2836 2069 3169 2139 contigerint
3215 2086 3280 2125 ex
3313 2070 3558 2141 Spiritus

1974 2157 2152 2212 sancti
2188 2157 2520 2213 revelatione
2547 2157 2832 2228 Scriptura
2861 2175 2961 2214 ceu
2992 2161 3047 2214 in
3077 2161 3239 2231 cippo
3266 2161 3552 2228 inscribit;

1971 2265 2142 2320 quare
2164 2251 2308 2303 tituli
2331 2251 2608 2320 inscriptio
2630 2251 2850 2307 dicitur.
2881 2253 3220 2322 Completum
3252 2268 3414 2323 porro
3437 2269 3554 2308 ser-

1971 2355 2186 2395 monem
2226 2356 2349 2396 esse
2378 2357 2561 2406 rerum
2591 2350 2820 2398 eventus
2846 2344 3106 2398 declarat.
3143 2343 3276 2397 Nam
3302 2351 3425 2413 post
3461 2344 3548 2397 ia-

1971 2432 2144 2488 sidias
2181 2431 2254 2486 ab
2294 2431 2364 2487 iis
2393 2440 2583 2487 contra
2618 2433 2956 2488 Salvatorem
2997 2444 3242 2503 paratas,
3280 2434 3554 2488 irruentes

1970 2521 2224 2587 Romani,
2253 2521 2420 2579 dictis
2457 2523 2790 2594 propheticis
2817 2524 2976 2579 linem
3001 2525 3308 2579 intulerunt
3338 2542 3352 2578 :
3388 2524 3549 2593 siqui-

1968 2613 2090 2670 dem
2129 2613 2400 2668 victorum
2450 2615 2567 2686 lege
2614 2616 2883 2671 universa:
2937 2614 3182 2670 Judaicte
3226 2614 3370 2684 genti
3401 2615 3553 2668 aditu

1969 2705 2217 2760 locorum
2249 2705 2600 2761 interdictum
2633 2715 2750 2772 est;
2799 2707 3134 2762 inevitabilis
3164 2707 3368 2776 quippe
3417 2705 3560 2775 legis

1969 2799 2474 2866 transgressoribus
2530 2798 2807 2868 impendet
2853 2799 3009 2852 ultio.
3066 2797 3431 2863 Quamobrem
3483 2797 3557 2850 ad

1969 2889 2112 2943 hanc
2138 2905 2316 2959 usque
2361 2891 2523 2954 diem,
2563 2891 2631 2944 ad
2664 2898 2846 2945 certos
2897 2889 3165 2944 terminos
3200 2889 3257 2942 in
3314 2887 3551 2942 circuitu

1969 2980 2316 3047 accedentes,
2345 2982 2538 3051 procul
2576 2981 2886 3036 consistunt
2922 2996 2936 3032 :
2969 2995 3150 3049 neque
3187 2978 3364 3034 solum
3391 2978 3550 3041 illud,

1969 3072 2118 3143 quod
2153 3089 2372 3128 sacrum
2410 3073 2539 3126 olim
2575 3071 2954 3142 reputabatur,
2989 3072 3075 3127 vel
3105 3070 3294 3141 procul
3328 3070 3553 3138 conspi-

1969 3175 2093 3214 cere
2115 3159 2250 3229 ipsis
2272 3159 2592 3214 conceditur
2639 3159 2744 3214 Sed
2775 3159 2922 3216 foras
2945 3159 3372 3222 circumeuntes,
3402 3157 3554 3211 Scri-

1969 3256 2144 3318 ptura:
2189 3263 2312 3318 qua:
2350 3248 2460 3318 jam
2518 3248 2698 3318 agitur
2749 3249 2909 3303 tidem
2962 3247 3259 3302 conciliant
3291 3245 3503 3303 dicenti
3533 3264 3552 3302 :.

1968 3339 2346 3394 Couvertentur
2372 3338 2440 3392 ad
2469 3355 2755 3408 vesperam.
2780 3348 2830 3392 et
2857 3339 3050 3408 famem
3083 3337 3352 3406 patientur
3381 3345 3438 3389 ut
3461 3351 3550 3390 cas

1967 3431 2073 3495 nis,
2105 3439 2155 3485 et
2186 3429 2485 3483 circuibuut
2519 3429 2805 3482 civitatem.
2861 3427 3064 3484 Deinde
3089 3440 3218 3482 vero
3257 3425 3551 3496 subiungi-

1969 3531 2059 3575 tur
2085 3529 2250 3576 tanta:
2268 3520 2598 3575 calamitatis
2620 3535 2789 3576 causa
2821 3537 2836 3574 :
2867 3535 2991 3574 nam
3016 3519 3093 3572 ait
3122 3537 3135 3572 :
3164 3517 3296 3572 Ecce
3334 3518 3553 3586 loquen-

1969 3623 2056 3664 tur
2086 3613 2139 3664 in
2173 3628 2261 3665 ore
2292 3629 2408 3674 suo,
2437 3620 2488 3664 et
2532 3611 2742 3680 gladius
2784 3611 2840 3664 in
2881 3610 3036 3664 labiis
3062 3625 3266 3672 eorum,
3298 3611 3552 3675 quoniam

1966 3703 2083 3772 quis
2137 3703 2380 3757 audivit?
2431 3701 2720 3757 Enimvero
2765 3703 2881 3756 haec
2911 3702 3095 3755 omnia
3128 3698 3276 3768 passi
3321 3707 3454 3752 sunt
3482 3701 3553 3752 ob

1969 3787 2167 3862 impias
2195 3793 2318 3847 illas
2353 3799 2408 3847 et
2441 3792 2680 3848 nefarias
2715 3806 2900 3858 voces,
2936 3808 3078 3862 quas
3121 3804 3315 3850 contra
3359 3795 3553 3848 Salva—

1969 3893 2143 3939 torem
2168 3891 2420 3938 nostrum
2449 3884 2816 3954 protulerunt,
2850 3882 2916 3937 ad
2944 3882 3177 3938 Pilatum
3208 3885 3509 3940 clamantes
3536 3903 3548 3937 :

1974 3975 2144 4038 Tolle,
2187 3974 2334 4038 tolle,
2381 3975 2628 4043 cruciﬁge
2669 3982 2787 4027 eum
2833 3974 2900 4028 ⁸¹.
2947 3973 3178 4045 Sanguis
3220 3977 3336 4046 ejus
3395 3994 3557 4046 super

1971 4082 2064 4121 nos
2077 4075 2292 4134 etsuper
2307 4067 2447 4136 filios
2471 4075 2679 4119 nostros
2692 4066 2756 4117 ⁸³.
2783 4064 2940 4129 Quod
2965 4065 3050 4121 his
3077 4068 3258 4122 verbis
3280 4068 3556 4138 signiﬁca-

1973 4166 2064 4212 tur
2096 4176 2110 4211 :
2149 4156 2284 4211 Ecce
2313 4157 2590 4226 loquentur
2621 4157 2675 4209 in
2709 4172 2798 4209 ore
2831 4162 2948 4220 suo,
2983 4168 3032 4210 et
3066 4157 3278 4226 gladius
3311 4159 3366 4211 in
3398 4158 3554 4212 labiis

1968 4265 2173 4303 eorum.
2213 4247 2319 4302 Pro
2360 4249 2452 4302 illo
2495 4256 2696 4310 autem,
2732 4248 2995 4313 Quoniam
3019 4250 3134 4320 quis
3163 4250 3407 4305 audivit?
3441 4251 3555 4303 cla-

1973 4340 2091 4394 rius
2116 4338 2477 4410 Symmachus
2511 4342 2904 4411 interpretatus
2933 4340 3017 4395 his
3049 4341 3231 4396 verbis
3261 4352 3362 4406 est,
3388 4341 3564 4406 Quasi.

1974 4430 2122 4484 nullo
2153 4431 2399 4486 audiente
2427 4433 2756 4486 clamabant.
2790 4431 2943 4486 Talia
2979 4432 3180 4501 quippe
3209 4444 3400 4486 contra
3439 4433 3560 4484 Sal-

294 4528 359 4580 Τὸ
420 4525 567 4599 αἷμα
625 4526 812 4584 αὐτοῦ
872 4525 964 4594 ἐφ’
1015 4524 1172 4592 ἡμᾶς
1239 4522 1337 4575 καὶ
1401 4522 1498 4576 ἐπὶ
1562 4521 1633 4576 τά
1689 4521 1872 4576 τέκνα

1975 4530 2216 4575 vatoretn
2247 4523 2612 4584 ohlatrabant,
2650 4522 2808 4591 quasi
2856 4521 3072 4576 neruine
3117 4521 3465 4588 inspiciente.
3507 4526 3562 4572 et

291 4617 476 4688 ἡμῶν·
505 4618 533 4670 ό
563 4617 628 4688 δὴ
663 4615 917 4686 σημαίνει
957 4613 1179 4684 φάσκων
1224 4612 1254 4664 ό
1282 4612 1440 4679 λόγος
1460 4629 1472 4641 ·
1547 4611 1694 4665 Ἰδοὺ
1723 4612 1871 4666 ἀπο-

289 4709 641 4780 ρθέγξονται
662 4709 732 4762 ἐν
755 4709 1004 4777 στόματι
1029 4705 1227 4759 αὐτῶν
1253 4705 1351 4758 καί
1373 4703 1639 4772 ῥομφαία
1658 4703 1729 4756 ἐν
1746 4702 1868 4770 τοῖς

290 4801 556 4868 χείλεσιν
598 4798 816 4854 αὐτῶν.
880 4797 1024 4852 Ἀντὶ
1057 4797 1112 4850 δέ
1146 4796 1264 4860 τοῦ,
1302 4798 1423 4866 "()rt
1463 4795 1555 4862 τίς
1599 4794 1869 4862 ἤκουσες

292 4891 622 4964 σαφέστερον
679 4893 1020 4962 ἡρμήνευσεν
1082 4890 1111 4942 ό
1167 4887 1462 4958 Σύμμαχος
1524 4884 1724 4939 εἰπών·
1777 4885 1871 4952 Ὦς

289 4981 533 5049 οὐδενός
576 4983 906 5048 ἀκούοντος
950 4982 1152 5034 ἐϐόων.
1190 4979 1426 5032 Τοιαῦτα
1456 4977 1565 5046 γάρ
1606 4976 1747 5030 κατὰ
1777 4975 1871 5030 τοῦ

291 5071 540 5145 Σωτῆρος
590 5073 876 5136 ὑλάκτουν,
911 5073 985 5136 ὼς
1015 5070 1242 5142 μηδενὸς
1289 5069 1602 5139 ὑφορῶντος
1623 5106 1637 5131 ,
1673 5069 1768 5122 καὶ
1797 5067 1873 5131 ὡς

293 5163 363 5238 μὴ
390 5166 490 5236 τῆς
515 5167 701 5238 φωνῆς
730 5166 908 5220 αὐτῶν
938 5163 1360 5236 ἐπακροωμένου
1406 5161 1497 5214 τοῦ
1529 5160 1690 5215 Θεοῦ.
1734 5159 1871 5213 ’Λλλν

291 5257 485 5311 ἐκεῖνοι
541 5263 648 5331 μὲν.
688 5259 764 5323 ὡς
810 5257 1036 5329 μηδενὸς
1091 5255 1380 5318 ἀκούοντος
1433 5253 1637 5305 ἐϐόων·
1700 5252 1763 5304 σὺ
1815 5252 1872 5304 δὲ

1977 4614 2132 4683 quasi
2167 4629 2233 4668 ne
2265 4613 2347 4667 vel
2383 4615 2498 4682 ipse
2541 4612 2683 4666 Deus
2712 4627 2897 4666 vocem
2941 4627 3130 4664 corum
3178 4609 3411 4662 audiret.
3452 4607 3557 4660 V-e.

1979 4721 2100 4757 rum
2129 4705 2204 4759 illi
2238 4704 2458 4774 quidem
2505 4712 2562 4757 ut
2589 4703 2808 4758 nemine
2837 4701 3094 4755 audiente
3121 4699 3468 4761 clamabant;
3508 4706 3564 4748 at

1979 4805 2037 4852 tu
2069 4798 2314 4851 omnium
2354 4798 2631 4864 inspector
2659 4804 2710 4849 et
2737 4794 2924 4863 judex,
2951 4809 3059 4846 non
3093 4792 3270 4844 solum
3301 4790 3428 4842 talia
3465 4791 3562 4840 oh-

1980 4889 2245 4943 latrantcs
2291 4887 2577 4949 audiebas,
2615 4884 2708 4939 sed
2743 4883 3008 4938 ridiculos
3042 4882 3261 4952 agebas.
3320 4879 3384 4931 Et
3426 4893 3565 4946 (μιο-

1980 4979 2147 5034 modo
2199 4993 2307 5032 non
2356 4977 2598 5040 ridiculi,
2649 4976 2742 5046 qui
2799 4981 3056 5044 putarent
3107 4981 3187 5025 tot
3223 4971 3559 5025 mirabiliqu

1981 5073 2256 5144 opiﬁcem,
2307 5087 2366 5126 se
2398 5071 2602 5124 malitia
2646 5084 2744 5124 sua
2798 5066 3204 5137 superaturos?
3249 5063 3304 5117 In
3352 5065 3564 5133 psalmo

1981 5161 2226 5218 secundo
2259 5159 2512 5213 similiter
2541 5157 2744 5212 dicitur
2767 5173 2786 5210 :
2814 5156 2917 5220 Qui
2948 5155 3152 5207 Ita—bitat
3184 5155 3236 5207 in
3263 5154 3405 5207 malis
3441 5153 3565 5206 irri-

1980 5252 2122 5305 debit
2150 5269 2257 5316 eos,
2285 5262 2330 5304 et
2357 5250 2612 5304 Dominus
2641 5246 2987 5302 subsannabit
3012 5263 3101 5300 eos
3132 5247 3202 5301 ⁸⁸.

290 5355 448 5419 αὐτὸς
485 5359 514 5409 ὁ
547 5357 765 5421 πάντων
805 5355 997 5425 ἔφορος
1037 5353 1228 5426 κριτὴς
1271 5353 1332 5405 οὐ
1378 5352 1536 5422 μόνον
1575 5352 1768 5422 ἤκουες
1801 5350 1868 5403 τὰ
1905 5349 2130 5402 τοιαῦτα
2164 5348 2557 5410 ὑλακτούντων,
2588 5345 2723 5401 ἀλλὰ
2769 5344 2862 5397 καί
2909 5343 3349 5411 καταγελάστους
3414 5338 3565 5392 ἐποί·

293 5462 386 5510 εις.
433 5452 546 5504 Καὶ
588 5451 704 5513 πῶς
733 5451 842 5522 γὰρ
879 5452 980 5503 οὐκ
1016 5446 1156 5520 ἦσαν
1201 5446 1592 5515 καταγέλαστοι
1634 5445 1683 5497 οἱ
1751 5445 2063 5514 νομίζοντες
2125 5442 2382 5497 δύνασθαι
2416 5443 2506 5494 τὸν
2538 5441 2646 5493 τῶν
2678 5437 2945 5493 τοσούτων
3013 5433 3331 5506 παραδόξων
3390 5430 3566 5500 ἔργων

294 5543 518 5613 ποιητὴν
553 5546 619 5614 τῇ
661 5543 869 5596 ἑαυτῶν
903 5543 1146 5611 νικήσειν
1201 5540 1405 5611 κακίας
1439 5540 1548 5592 Καὶ¹
1581 5541 1639 5590 ἐν
1705 5539 1783 5590 τῶ
1817 5539 1862 5590 ϐ’
1889 5539 1946 5591 δὲ
1984 5539 2200 5610 εἴρηται
2248 5535 2448 5608 ψαλμῴ
2470 5553 2484 5568 ·
2547 5537 2598 5589 Ὁ
2633 5531 2925 5588 κατοικῶν
2967 5532 3039 5584 ἐν
3084 5525 3363 5596 σήρανοῖς
3405 5523 3561 5590 ἐκγε-

294 5633 540 5690 λάσεται
595 5637 852 5704 αὐτοὺς,
905 5638 1001 5690 καὶ
1045 5638 1260 5704 Κύριος
1312 5634 1698 5703 ἐκμυκτηριεῐ
1742 5635 1984 5701 αὐτούς.

363 5750 594 5822 παυθῇ.
629 5769 718 5820 v1,
755 5752 842 5806 41.
920 5752 964 5781 ³ο
1007 5748 1108 5805 lsa.
1149 5764 1272 5812 va,
1315 5748 1394 5801 13.
1473 5748 1510 5776 ⁸⁸
1559 5744 1702 5800 Psal.
1745 5760 1852 5809 ων,

1972 5787 1976 5799 .
2058 5745 2279 5800 ε’]οιιιι.
2316 5761 2440 5810 xxx,
2483 5742 2562 5797 l5.
2643 5741 2687 5772 ⁸³
2729 5737 2916 5793 Matth.
2960 5750 3136 5796 xxv”,
3169 5732 3257 5787 ‘25.
3337 5731 3382 5761 ’“
3421 5728 3566 5785 Psal.

300 5833 370 5887 ιι,
406 5820 457 5875 ri.
