4100 6520
519 375 631 434 543

1245 368 1515 427 EUSEBII
1546 367 2029 425 CESARIENSIS
2066 367 2110 423 Ο

2269 365 2451 421 PARS
2487 365 2573 421 111.
2605 398 2673 406 -
2696 357 3110 425 ἘΧΕΠΕΤΙΟΑ.

3690 373 3785 429 5H

588 489 673 545 Ad
712 488 936 544 nihilum
965 485 1187 541 deduces
1223 500 1399 541 omnes
1454 493 1648 557 gentes.
1705 483 1813 537 Pro
1862 483 1957 536 illo
2007 498 2105 535 au-

2288 477 2747 545 Ὲξουδενώσεις
2808 479 3004 533 πάντα
3050 479 3121 532 τὰ
3162 480 3327 547 ἔθνη.
3390 481 3534 535 ’Δντὶ
3578 484 3636 536 δὲ
3681 486 3796 550 τοῦ,‹

522 592 657 644 tem,
688 579 772 635 Ad
790 579 1012 634 nihilum
1035 576 1259 630 deduces
1283 592 1461 630 omnes
1495 584 1690 646 gentes,
1721 573 2105 645 Symmachus,

522 674 772 730 Obstruet
797 671 1037 725 omnibus
1077 668 1339 740 gentibus,
1370 668 1779 738 interpretatur,
1817 665 1913 721 His
1944 681 2109 736 porro

520 764 891 834 significatur,
923 759 1328 830 correptionem
1361 775 1391 812 a
1421 758 1533 814 Deo
1562 758 1821 813 omnibus
1856 758 2109 827 gentibus

520 854 860 909 inferendam
902 867 1045 906 esse.
1080 852 1219 917 Quia
1255 851 1402 905 enim
1443 866 1610 921 supra
1654 850 1964 911 dicebatur,
2011 847 2101 902 ln-

520 942 670 1007 tende
704 944 771 995 ad
800 942 1094 996 visitandas
1126 957 1304 995 omnes
1338 950 1549 1010 gentes;
1580 948 1983 1010 consequenter
2010 940 2109 994 do-

519 1042 628 1095 cet,
664 1033 833 1087 Deum
879 1034 1242 1103 inspectorem
1289 1034 1442 1102 prius
1487 1048 1680 1087 omnes
1726 1041 2107 1106 corrcpturum

523 1132 735 1195 gentes,
760 1123 958 1178 deinde
990 1140 1085 1179 eas
1122 1138 1152 1175 a
1185 1124 1481 1177 multorum
1525 1124 1812 1177 numinum
1843 1131 1897 1178 et
1932 1123 2109 1177 idolo-

522 1232 644 1271 rum
688 1232 875 1272 errore
924 1232 1319 1272 conversurum
1374 1231 1517 1271 esse.
1576 1214 1896 1270 Sermonem
1943 1230 2109 1285 porro

519 1308 854 1377 completum
887 1305 1279 1376 deprehendet,
1309 1306 1355 1361 si
1378 1307 1503 1376 quis
1534 1305 1956 1368 animadvertat,
1986 1312 2109 1376 post

521 1398 817 1465 adventum
855 1396 1159 1452 Salvatoris
1191 1397 1388 1460 nostri,
1436 1405 1625 1468 gentes
1670 1398 1968 1451 multorum
2014 1412 2111 1451 nu-

520 1488 733 1542 minum
759 1490 933 1543 errori
976 1489 1210 1544 maxime
1246 1489 1479 1551 deditas,
1527 1489 1629 1543 sub
1662 1489 1876 1541 initium
1908 1488 2109 1558 prmdi-

520 1579 757 1633 cationis
789 1579 1016 1633 verbum
1058 1580 1302 1648 recipere
1351 1580 1677 1641 abnuentes,
1728 1578 2109 1632 obsidionibus

519 1677 575 1723 et
603 1669 934 1738 quibusdam
988 1670 1113 1725 aliis
1161 1672 1423 1725 utrumuis
1467 1670 1733 1737 deductas
1783 1670 2105 1739 resipuisse,

521 1757 636 1814 Deo
669 1760 743 1813 ita
775 1760 924 1830 ipsas
958 1762 1269 1832 alloqueute
1303 1769 1468 1831 atque
1505 1762 1838 1831 castigante:
1872 1761 1951 1814 sic
1979 1775 2109 1830 ergo

2221 570 2676 636 Ἐξουδενώσεις
2701 572 2897 624 πάντα
2924 572 2996 624 τὰ
3019 571 3191 638 ἔθνη,
3224 571 3252 622 6
3285 572 3602 642 Σύμμαχος,
3643 575 3789 628 Ἑπι-

2206 662 2419 732 ςρράξει
2466 660 2615 718 πᾶσι
2667 662 2792 729 τοῖς
2846 664 3107 726 ἔθνεσιν,
3158 664 3494 735 ἡρμήνευσε.
3554 665 3715 733 Δηλοῖ
3741 666 3791 719 δὲ

2207 758 2235 809 6
2262 755 2419 824 λόγος
2469 755 2785 825 ἐπιτίμησιν
2830 772 2953 808 τινα
3010 753 3103 807 τοῦ
3145 756 3280 807 Θεοῦ
3326 757 3462 827 πρὸς
3504 758 3685 810 πάντα
3730 757 3793 810 τὰ

2208 848 2355 919 ἔθνη.
2407 846 2621 917 Ἐπειδὴ
2667 846 2775 918 γάρ
2802 846 3058 921 ἀνωτέρω
3093 848 3342 917 ἐλέγετο·
3379 850 3654 917 Πρόσχες
3693 849 3797 901 τοῦ

2207 936 2655 1005 ἐπισκέψασθαι
2686 936 2883 990 πάντα
2911 938 2981 990 τὰ
3008 938 3172 1005 ἔθνη*
3198 939 3507 1003 ἀκολούθως
3534 940 3797 1003 διδάσκει,

2206 1029 2281 1094 ὡς
2313 1029 2625 1084 ἐπισκοπῶν
2658 1032 2687 1083 6
2714 1029 2846 1094 Θεὸς
2880 1032 3195 1101 ἐπιτιμήσει
3231 1032 3497 1103 πρότερον
3525 1034 3659 1085 πᾶσι
3688 1035 3800 1095 τοῖς

2208 1122 2437 1186 ἔθνεσιν,
2470 1120 2567 1174 εἶτ’
2600 1122 2918 1195 ἐπιστρέψει
2951 1122 3089 1177 αὐτὰ
3115 1124 3212 1197 τῆς
3239 1124 3497 1177 πολυθὲου
3526 1124 3621 1187 καὶ
3647 1124 3799 1177 εἰδω-

2208 1214 2467 1288 λολάτρου
2506 1214 2732 1284 πλάνης.
2766 1214 2975 1268 Γνῶναι
3005 1216 3061 1268 δέ
3088 1217 3205 1267 ἐστι
3234 1215 3329 1268 τοῦ
3374 1216 3534 1285 λόγου
3574 1216 3637 1268 τὸ
3666 1218 3802 1268 ἀπο·

2208 1308 2447 1378 τέλεσμα
2487 1309 2896 1378 ἐπιστήσαντα,
2928 1308 3004 1369 ὼς
3036 1307 3173 1377 μετὰ
3220 1308 3319 1377 τὴν
3359 1307 3663 1378 παρουσίαν
3702 1306 3797 1359 τοῦ

2210 1398 2463 1467 Σωτῆρος
2526 1394 2718 1467 ἡμῶν,
2780 1396 2848 1448 τά
2912 1395 3148 1471 μάλιστα
3204 1394 3331 1465 περὶ
3384 1394 3481 1463 τὴν
3536 1392 3799 1446 πολύθεον

2211 1490 2417 1561 πλάνην
2444 1488 2759 1558 ὲπτοημένα
2785 1486 2932 1557 ἔθνη,
2966 1488 3087 1540 κατ’
3116 1485 3289 1557 ἀρχάς
3321 1486 3415 1539 τοῦ
3445 1486 3800 1557 κηρύγματος

2209 1580 2603 1635 ὲναντιωθέντα
2651 1584 2717 1652 τῇ
2767 1579 2862 1633 τοῦ
2901 1578 3062 1645 λόγου
3110 1577 3411 1648 παραδοχῇ,
3463 1574 3801 1646 πολιορκίαις

2211 1674 2304 1727 καί
2340 1691 2480 1728 τισιν
2514 1673 2701 1735 ἄλλαις
2738 1673 3190 1741 ἑπιστρεπτικαῖς
3228 1668 3615 1740 περιστάσεσιν
3659 1668 3795 1720 ἐσωο

2211 1766 2496 1839 φρονίσθη,
2523 1763 2615 1818 τοῦ
2643 1763 2778 1817 Θεοῦ
2813 1764 3000 1816 τοῦτον
3035 1762 3125 1815 τὸν
3152 1762 3354 1833 τρόπον
3396 1759 3797 1829 ἐπιφθεγγομέ-

522 1850 591 1904 ad
628 1852 907 1907 meliorem
945 1853 1152 1924 frugem
1186 1869 1244 1907 se
1277 1863 1465 1923 postea
1492 1854 1843 1922 recipientes,
1878 1851 2105 1906 salutari

2217 1878 2301 1914 νου
2334 1861 2430 1913 καὶ
2460 1857 2823 1929 ἐπιτιμῶντος
2857 1857 3038 1918 αὐτοῖς
3060 1872 3073 1885 ⁸
3107 1854 3249 1906 οὕτω
3276 1853 3427 1921 γοῦν,
3462 1852 3599 1923 μετὰ
3631 1851 3797 1904 ταῦτα

522 1942 689 2005 verbo
724 1943 956 1998 subditae
1002 1952 1150 1998 sunt.
1182 1944 1548 2009 Quamobrem
1577 1942 1773 1998 deinde
1818 1942 2107 2012 subjungi-

520 2041 614 2089 tur
641 2050 705 2089 ex
740 2050 974 2107 persona
1012 2034 1315 2092 Salvatoris
1346 2050 1361 2087 :
1403 2034 1797 2090 Fortitudinem
1829 2052 1996 2089 meam
2037 2034 2106 2087 ad

523 2134 574 2178 te
611 2126 934 2188 custodiam,
992 2127 1119 2194 quia
1162 2124 1303 2179 Deus
1342 2135 1613 2193 susceptor
1658 2141 1801 2179 meus
1842 2142 1918 2182 es.
1965 2124 2105 2179 Deus

524 2233 689 2281 meus,
728 2217 1093 2269 misericordia
1124 2216 1237 2284 ejus
1267 2218 1541 2283 praeveniet
1571 2233 1670 2270 me.
1698 2216 1837 2269 Deus
1873 2215 2103 2269 ostendet

524 2307 652 2369 mihi
689 2308 742 2359 in
770 2308 997 2360 inimicis
1030 2308 1191 2369 meis;
1221 2308 1669 2371 sive,secundum
1694 2305 2103 2377 Symmachum,

524 2397 803 2467 Despicere
837 2414 915 2451 me
939 2398 1096 2465 faciet
1125 2415 1211 2452 eos
1239 2406 1328 2468 qui
1355 2415 1533 2451 muros
1580 2398 1707 2451 milii
1755 2397 2104 2451 abstulerant.

522 2490 665 2544 Alibi
700 2505 919 2559 quoque
961 2490 1167 2543 dictum
1204 2499 1289 2544 est
1320 2508 1331 2543 :
1376 2490 1444 2545 Et
1484 2490 1716 2558 despexit
1754 2491 1935 2543 oculus
1965 2506 2108 2544 meus

526 2582 855 2651 insurgentes
896 2582 950 2635 in
980 2597 1060 2635 me
1091 2582 1465 2652 malignantes,
1502 2582 1676 2636 audiet
1718 2583 1863 2635 auris
1902 2598 2018 2635 mea
2040 2582 2108 2638 ⁸⁸.

536 2670 644 2727 Sed
682 2673 847 2727 etiam
880 2671 1047 2727 David
1077 2671 1258 2729 Saulis
1292 2674 1507 2737 ruinam
1530 2682 1584 2730 et
1616 2682 1845 2728 mortem
1877 2674 2109 2743 aspexit,

533 2770 590 2821 ct
617 2777 807 2818 casum
840 2765 1037 2818 mortis
1072 2764 1193 2833 ejus
1235 2764 1504 2836 despexit.
1543 2763 1625 2819 Ne
1658 2765 1867 2819 occidas
1900 2781 2009 2829 eos,
2051 2781 2113 2818 ne

526 2856 740 2927 quando
772 2857 1154 2911 obliviscantur
1183 2858 1366 2927 populi
1402 2860 1498 2912 tui.
1534 2856 1770 2913 Rursum
1804 2858 2109 2927 pluraliter,

527 2965 591 3009 ue
618 2948 828 3003 occidas
854 2966 967 3015 eos,
992 2950 1189 3019 inquit,
1208 2950 1444 3021 disperge
1479 2950 1623 3015 illos,
1655 2958 1704 3005 et
1732 2950 1929 3018 depone
1953 2951 2109 3014 illos;

527 3054 653 3092 cun
686 3050 866 3092 tamen
893 3055 1003 3108 quo
1027 3048 1273 3109 tempore
1306 3040 1417 3093 haec
1449 3041 1893 3110 proferebantur,
1926 3041 2110 3097 nullus

498 3126 671 3187 alius
720 3142 785 3181 ex
841 3127 1073 3182 historia
1110 3128 1295 3183 Davidi
1348 3130 1605 3185 inimicus
1650 3130 1880 3194 feratur,
1913 3142 2109 3201 praeter

2212 1949 2692 2021 σωφρονισθέντες,
2735 1946 3196 2016 καθυπετάγησαν
3230 1943 3306 2013 τῷ
3342 1943 3593 2014 σωτηρίῳ
3633 1942 3792 2014 λόγῳ.

2214 2039 2305 2091 Διὸ
2332 2038 2642 2107 ὲπιλέγεται
2683 2036 2809 2108 ἑξῆς
2840 2036 2906 2089 ἐκ
2945 2034 3236 2106 προσώπου
3280 2032 3372 2085 τοῦ
3404 2032 3683 2102 Σωτῆρος·
3729 2033 3798 2085 τὸ

2218 2127 2434 2194 κράτος
2476 2146 2596 2197 μου
2640 2127 2791 2195 πρὸς
2831 2126 2906 2180 σὲ
2946 2125 3220 2195 φυλάξω,
3264 2124 3354 2177 ἔτι
3394 2127 3425 2177 ὁ
3457 2124 3600 2189 Θεὸς
3638 2124 3797 2177 ἀντι-

2219 2219 2462 2287 λήπτωρ
2494 2235 2648 2288 μου,
2700 2222 2731 2271 ὀ
2769 2219 2913 2284 Θεός
2940 2235 3082 2287 μου,
3120 2216 3183 2271 τὸ
3215 2216 3390 2281 ἕλεος
3429 2214 3616 2268 αὑτοῦ
3657 2230 3797 2281 προ-

2218 2311 2434 2381 φθάσει
2463 2328 2539 2380 με
2559 2328 2572 2341 ·
2610 2313 2641 2363 ὀ
2670 2310 2813 2375 Θεὸς
2840 2308 3021 2373 δείξει
3042 2326 3140 2379 μοι
3165 2309 3234 2361 ἐν
3256 2307 3380 2373 τοῖς
3400 2306 3635 2374 ἐχθροῖς
3656 2320 3797 2375 μουο

2218 2401 2423 2472 ἢκατά
2469 2402 2560 2453 τὸν
2601 2400 2924 2472 Σύμμαχον,
2967 2398 3223 2453 Ἐπιδεῖν
3273 2397 3511 2463 ποιήσει
3560 2414 3636 2466 με
3676 2395 3799 2461 τοῖς

2217 2489 2662 2557 ἀποτειχίζουσι
2702 2506 2798 2559 με.
2846 2491 2957 2542 Καὶ
3000 2491 3058 2542 ὲν
3103 2488 3273 2559 ἑτέρῳ
3318 2488 3374 2540 δὲ
3406 2487 3649 2557 εἴρηται·
3690 2484 3799 2539 Kal

2214 2582 2454 2637 ἐπεῖδεν
2492 2586 2524 2636 ὀ
2554 2583 2863 2651 ὀφθαλμός
2885 2598 3005 2650 μου
3038 2582 3108 2634 ἐν
3136 2578 3259 2646 τοῖς
3304 2576 3799 2643 ἐπανισταιιένοις

2215 2678 2308 2731 ἐπ’
2340 2676 2445 2746 ἐμὲ
2491 2674 3032 2744 πονηρευομένοις,
3109 2673 3530 2726 εὶσακούσεται
3576 2668 3641 2722 τὸ
3690 2664 3799 2733 οὖς

2209 2786 2350 2838 μου.
2410 2767 2571 2820 Ἀλλά
2608 2767 2701 2819 καί
2741 2768 2769 2819 ὁ
2800 2765 2962 2819 Δαυῒδ
3010 2764 3101 2817 τοῦ
3128 2764 3299 2818 Σαοὺλ
3340 2763 3436 2832 τὴν
3472 2760 3678 2813 πτῶσιν
3708 2761 3801 2813 καὶ

2213 2860 2311 2932 τὴν
2349 2858 2602 2931 τελευτὴν
2644 2854 2803 2921 εῖδεν,
2855 2856 3034 2910 ὲπεῖδέ
3067 2870 3123 2910 τε
3154 2855 3319 2909 αὑτοῦ
3346 2858 3411 2927 τῇ
3448 2855 3796 2925 καταστροφῇ

2212 2952 2307 3007 τοῦ
2354 2952 2604 3008 θανάτου.
2666 2952 2763 3020 Μὴ
2821 2951 3184 3019 ἀποκτείνῃς
3244 2949 3508 3015 αὐτοὺς,
3568 2946 3801 3017 μήποτε

2212 3042 2609 3096 ἐπιλάθωνται
2655 3040 2761 3095 τοῦ
2800 3040 2955 3095 λαοῦ
3001 3056 3137 3094 σου.
3187 3040 3354 3095 Πάλιν
3400 3038 3799 3109 πληθυντικῶς,

2215 3136 2312 3203 Μὴ
2349 3136 2713 3201 ἀποκτείνῃς
2744 3131 2999 3197 αὐτοὺς,
3038 3131 3203 3202 φησι,
3236 3132 3331 3184 καὶ
3366 3129 3802 3195 διασκὸρπισον

528 3234 698 3272 unum
733 3218 975 3274 Saulem.
1006 3220 1206 3275 Verum
1252 3222 1366 3278 haec
1399 3222 1564 3278 etiam
1597 3238 1665 3281 ex
1715 3239 1950 3297 persona
1993 3223 2113 3277 Sal-

2217 3228 2456 3293 αῠτοὺς,
2492 3227 2590 3279 καὶ
2624 3222 2919 3292 κατάγαγε
2956 3225 3179 3289 αὐτούς
3200 3241 3212 3253 ·
3262 3222 3472 3284 οὐδενὸς
3500 3218 3695 3290 ἐχθροῦ
3727 3217 3802 3286 τῷ

528 3311 739 3365 vatoris
772 3310 1012 3381 Spiritus
1046 3313 1400 3382 propheticus
1433 3314 1788 3379 vociferatur,
1820 3315 1887 3369 de
1917 3316 1984 3371 iis
2009 3317 2117 3370 sci-

531 3402 679 3466 licet,
705 3403 799 3473 qui
833 3404 1097 3459 adversus
1135 3420 1194 3459 se
1237 3407 1675 3469 insurrexerunt,
1706 3408 1773 3461 de
1800 3409 2001 3477 quibus
2031 3407 2113 3461 di-

502 3500 688 3544 ctum
733 3510 746 3544 ε
794 3491 864 3544 Et
906 3494 1088 3561 populi
1131 3495 1371 3548 meditati
1412 3506 1534 3550 sunt
1582 3498 1785 3550 inania.
1822 3499 2115 3553 Astiterunt

528 3598 671 3651 reges
701 3591 857 3636 terra:
886 3596 936 3637 et
970 3586 1231 3654 principes
1276 3596 1624 3641 convenerunt
1658 3588 1711 3640 in
1740 3604 1901 3641 unum
1932 3590 2117 3643 adrer-

529 3690 620 3737 sus
649 3674 937 3730 Dominum
960 3687 1007 3731 et
1039 3678 1290 3732 adversus
1324 3678 1592 3733 Christum
1623 3679 1736 3747 ejus
1773 3681 1839 3733 ⁸⁸.
1872 3680 1984 3735 llos
2018 3682 2117 3751 igi-

530 3772 623 3819 tur
670 3766 765 3835 qui
806 3768 1086 3823 incassum
1119 3770 1436 3841 propbetias
1476 3771 1652 3841 ipsius
1685 3772 1925 3825 meditati
1964 3784 2114 3837 sunt,

531 3872 599 3924 ac
638 3858 919 3929 principes
948 3859 1227 3930 ducesque
1261 3877 1450 3916 eorum
1488 3878 1551 3916 ne
1598 3863 1832 3927 occidas,
1890 3867 1984 3918 sed
2036 3866 2119 3918 di-

531 3960 726 4017 sperge
760 3955 813 4001 et
850 3947 1083 4018 depone.
1119 3948 1383 4011 Precatur
1413 3958 1594 4004 autem
1641 3950 1789 4019 ipsos
1836 3966 1900 4005 ex
1946 3953 2115 4021 gradu

532 4037 701 4105 dejici
739 4056 752 4090 :
790 4037 936 4105 quod
973 4038 1139 4092 etiam
1195 4037 1400 4091 factum
1452 4048 1557 4093 est.
1618 4037 1737 4093 Non
1776 4041 1917 4094 ultra
1953 4041 2118 4109 igitur

534 4142 655 4189 rex,
688 4142 799 4180 non
825 4128 1104 4199 principes
1135 4128 1507 4191 sacerdotum,
1542 4145 1652 4183 non
1692 4132 1984 4200 prOpheta;
2021 4132 2116 4185 sed

534 4233 713 4289 neque
766 4217 997 4285 Scribte,
1050 4220 1311 4287 Pharisaei
1361 4229 1415 4275 et
1451 4222 1737 4277 Sadduczei
1775 4239 1943 4293 penes
1992 4224 2116 4280 illos

533 4316 685 4367 Sunt.
730 4308 846 4364 Nec
894 4319 1076 4367 tamen
1121 4313 1273 4382 ipsos
1307 4313 1485 4369 occidi
1524 4324 1699 4382 rogat.
1731 4313 1910 4379 Quare
1943 4330 2116 4384 genus

532 4416 726 4472 eorum
758 4402 1035 4468 subsistit,
1062 4412 1115 4467 et
1141 4404 1375 4458 tiliorum
1400 4405 1681 4459 successio
1704 4406 1985 4459 accrescit.
2010 4403 2117 4460 Ne-

533 4509 640 4563 que
665 4495 811 4548 enim
834 4494 1026 4556 occisi,
1054 4495 1135 4549 vel
1160 4494 1227 4549 de
1249 4494 1431 4551 medio
1456 4495 1736 4551 hominum
1760 4495 1988 4563 sublati;
2021 4496 2115 4551 sed

532 4585 802 4653 hactenus
843 4584 1169 4654 superstites
1208 4593 1365 4649 sunt;
1402 4586 1475 4638 ita
1511 4594 1693 4637 tamen
1723 4596 1780 4639 ut
1810 4587 1878 4639 ab
1913 4586 2119 4643 honore
2152 4570 2195 4624 θ

532 4692 643 4759 quo
684 4676 873 4732 donati
902 4676 1034 4742 olim
1074 4689 1104 4729 a
1148 4674 1256 4729 Deo
1300 4674 1536 4739 fuerant,
1565 4675 1764 4745 dejecti
1797 4692 1860 4731 ac
1902 4678 2115 4747 depulsi

537 4768 670 4837 sint.
703 4766 811 4828 Sed
842 4767 1008 4827 etiam
1042 4766 1296 4835 disperge
1330 4766 1473 4826 illos,
1513 4767 1610 4830 ait,
1654 4768 1709 4822 in
1752 4767 1955 4821 virtute
1987 4776 2111 4834 tua;

534 4856 672 4919 sive,
702 4855 1003 4910 secundum
1034 4853 1446 4925 Symmachum,
1481 4856 1734 4911 Extorres
1765 4858 1851 4922 [ac
1882 4874 1969 4911 eos
2012 4859 2116 4911 vir-

538 4954 648 5001 tute
669 4955 782 4999 tua.
812 4944 969 5010 Quod
1012 4960 1178 4999 veroo
1206 4947 1401 5014 quovis
1440 4948 1646 5002 clarius
1683 4963 1861 5001 rerum
1888 4957 2118 5004 eventus

537 5037 805 5103 declarat,
833 5035 1062 5091 Judaico
1095 5039 1298 5108 popqu
1333 5053 1430 5108 per
1457 5054 1651 5093 omnes
1688 5050 1877 5111 gentes
1903 5042 2119 5109 disper-

539 5143 625 5192 so,
662 5134 827 5198 atque
861 5136 1081 5184 extorre
1126 5128 1305 5195 facto;
1330 5129 1405 5183 ita
1458 5137 1540 5195 ut,
1589 5132 1637 5186 si
1669 5148 1733 5187 ea
1763 5135 1829 5187 de
1859 5149 1919 5188 re
1946 5132 2117 5190 Judaei

539 5220 712 5285 altum
744 5220 960 5289 sapiant
1025 5220 1168 5289 quod
1202 5236 1395 5276 omnes
1424 5231 1612 5291 gentes
1647 5226 1912 5293 repleant,
1946 5227 2120 5295 apud-

538 5326 651 5384 que
692 5311 960 5367 barbaros
1002 5320 1055 5365 et
1102 5310 1156 5364 in
1195 5313 1375 5367 medio
1410 5313 1727 5369 Gramorum
1762 5318 1963 5387 degant
1989 5361 2002 5380 ,
2068 5328 2123 5372 at

538 5404 722 5461 sciant
751 5403 1151 5461 maledictionis
1177 5408 1403 5462 vocibus
1445 5406 1498 5460 id
1521 5407 1589 5461 de
1618 5406 2121 5477 ipsis'prmnuntia-

540 5500 657 5549 tum
689 5495 882 5550 fuisse.
909 5494 1034 5550 llaec
1067 5498 1251 5567 itaque
1277 5498 1561 5568 prophetia
1600 5500 1679 5553 sic
1714 5499 1781 5554 de
1818 5500 2010 5555 iisdem
2037 5502 2117 5556 lo-

541 5584 729 5653 quitur
762 5602 776 5639 :
818 5584 1061 5656 Disperge
1090 5586 1211 5640 illos
1248 5588 1299 5640 in
1330 5587 1519 5641 virtute
1551 5596 1661 5653 tua,
1687 5598 1735 5642 et
1774 5587 1975 5657 depone
2004 5607 2116 5657 eos,

623 5759 667 5795 ⁸⁵
696 5760 841 5821 Psal.
880 5782 999 5835 xei,
1037 5766 1121 5821 12.
1200 5768 1242 5851 έ⁶
1284 5766 1427 5827 Psal.
1465 5785 1527 5837 tt,
1560 5770 1680 5837 με.

2218 3318 2380 3372 Δαυῒδ
2411 3317 2533 3371 καθ’
2560 3318 2619 3370 δν
2644 3316 2836 3388 καιρὸν
2880 3315 3054 3368 ταῦτα
3096 3314 3312 3381 ἐλέγετο
3362 3310 3711 3379 δεικνυμένου
3740 3310 3798 3360 ἐκ

2216 3412 2314 3481 τῆς
2378 3410 2621 3481 ἱστορίας
2668 3408 2701 3478 ἢ
2762 3407 2924 3476 μόνου
2978 3402 3074 3459 τοῦ
3122 3405 3311 3457 Σαούλ.
3359 3403 3520 3455 Ἀλλὰ
3566 3402 3674 3472 γὰρ
3710 3401 3801 3453 καὶ

2217 3503 2389 3555 ταῦτα
2425 3502 2485 3553 τὸ
2527 3499 2743 3571 πνεῦμα
2787 3500 2848 3553 τὸ
2896 3497 3233 3570 προφητικὸν
3276 3497 3338 3549 ἐκ
3374 3493 3669 3565 προσώπου
3708 3490 3798 3543 τοῦ

2219 3592 2470 3662 Σωτῆρος
2514 3592 2787 3657 ἀντιφωνεῖ
2834 3590 2962 3659 περὶ
3006 3588 3111 3640 τῶν
3160 3584 3579 3638 ἐπαναστάντων
3630 3581 3798 3650 αὐτῷ.

2219 3684 2348 3751 περὶ
2400 3677 2474 3734 ὧν
2521 3681 2776 3749 ἐλέγετο·
2841 3681 2951 3733 Kal
3001 3677 3138 3733 λαοὶ
3198 3674 3574 3744 ἐμελέτησαν
3635 3668 3797 3724 κενά.

2220 3770 2621 3837 Ιιαρέστησαν
2663 3773 2717 3822 οι
2748 3768 3033 3833 ,βασιλεῖς
3066 3766 3176 3834 τῆς
3202 3764 3332 3835 γῆς,
3368 3764 3462 3816 καὶ
3499 3764 3553 3815 cl
3585 3761 3800 3829 ἄρχον-

2218 3881 2316 3929 τες
2362 3862 2763 3927 συνέστησαν
2807 3861 2903 3913 ἐπὶ
2958 3859 3024 3912 τὸ
3071 3858 3215 3911 αὐτὸ
3256 3856 3404 3909 κατὰ
3449 3853 3554 3907 τοῦ
3582 3852 3801 3919 Kvplov

2218 3955 2319 4009 καὶ
2355 3954 2503 4007 κατὰ
2532 3951 2635 4005 τοῦ
2658 3951 2917 4019 Χριστοῦ
2951 3947 3408 4009 αὐτοῦ.Τούτους
3436 3941 3527 3998 οὖν
3565 3944 3692 4005 τοὺς
3724 3942 3801 4002 είς

2219 4045 2373 4097 κενὸν
2426 4044 2523 4105 τὰς
2577 4044 2705 4112 περὶ
2761 4040 2925 4093 αὑτοῦ
2987 4036 3326 4109 προφητείας
3380 4035 3797 4105 μελετήσαντας,

2219 4136 2343 4197 τούς
2396 4152 2455 4187 τε
2515 4136 2783 4204 ἄρχοντας
2838 4130 3019 4185 αὐτῶν
3076 4131 3171 4183 καὶ
3230 4124 3675 4197 καθηγουμένους
3716 4119 3797 4190 μὴ

2217 4226 2597 4293 ἀποκτείνῃς,
2654 4227 2839 4293 φησὶν,
2897 4224 3033 4277 ἀλλὰ
3085 4219 3472 4290 διασκόρπισον
3528 4215 3622 4268 καὶ
3670 4229 3797 4265 κατ-

2218 4319 2415 4387 άγαγε.
2468 4318 2700 4388 Εὖχεται
2741 4318 2797 4370 δὲ
2837 4317 3035 4377 αὐτοὺς
3083 4307 3599 4381 καθαιρεθῆναιτοῦ
3645 4301 3802 4369 ἀξιώσ-

2222 4428 2419 4479 ματος’
2455 4411 2483 4463 ὃ
2516 4411 2571 4463 δὲ
2603 4410 2697 4462 καὶ
2725 4409 2967 4477 γέγονεν.
3002 4405 3199 4459 Οὐκέτι
3228 4402 3356 4473 γοῦν
3387 4399 3659 4471 βασιλεὺς,
3686 4393 3800 4447 οὐδὲ

2221 4502 2531 4571 ἀρχιερεὺς,
2588 4501 2707 4552 οὐδὲ
2763 4501 3072 4570 προφήτης,
3132 4496 3245 4550 ἀλλ’
3294 4494 3415 4547 οὐδὲ
3457 4488 3799 4561 γραμματεῖς

2225 4592 2320 4643 καὶ
2363 4592 2661 4661 Φαρισαῖοι,
2697 4591 2791 4643 καὶ
2849 4590 3198 4642 Σαδδουκαῖοι
3241 4587 3371 4655 παρ’
3412 4584 3593 4644 αὐτοῖς
3644 4581 3797 4632 εἰσιν.

2225 4682 2297 4734 Ού
2344 4682 2449 4751 μὴν
2484 4681 2578 4734 καὶ
2632 4680 3037 4749 ἀποκτανθῆναι
3079 4676 3275 4739 αύτούς
3326 4691 3479 4746 φησι.
3543 4672 3633 4724 Διὸ
3682 4684 3800 4722 συν-

2224 4775 2452 4843 έστηκεν
2504 4770 2682 4825 αὐτῶν
2721 4772 2782 4824 τὸ
2844 4772 3022 4839 γένος,
3091 4766 3328 4822 καὶτῶν
3377 4764 3582 4817 παίδων
3628 4764 3661 4832 ἡ
3694 4761 3803 4813 δια-

2224 4866 2353 4935 δοχὴ
2425 4862 2701 4935 πληθύνει.
2764 4864 2839 4916 Ού
2891 4863 3000 4933 γάρ
3045 4858 3506 4928 ἀπεκτάνθησαν,
3572 4851 3691 4904 οὐδὲ
3744 4848 3799 4913 ἐξ

2226 4956 2526 5024 ἀνθρώπων
2577 4954 3020 5023 άπεσϐέσθησαν·
3078 4952 3189 5005 ἀλλ’
3233 4952 3340 5003 εἰσὶ
3399 4949 3495 5018 μὲν
3552 4946 3647 5000 καὶ
3700 4944 3798 5011 ὑφ’

2228 5050 2552 5117 εστὴκασιν·
2595 5044 2738 5097 οὕτω
2791 5044 2846 5097 δὲ
2888 5045 2963 5106 ὼς
3021 5039 3485 5109 καταϐεϐλημένα
3533 5037 3626 5089 καὶ
3678 5051 3800 5087 κατ-

2229 5136 2579 5207 ενηνεγμένοι
2641 5132 2709 5208 ἧς
2770 5135 2936 5190 πάλαι
2987 5135 3214 5204 ἡξίωντο
3267 5130 3416 5203 παρὰ
3462 5129 3580 5198 Θεῷ
3619 5127 3797 5196 τιμῆς.

2244 5228 2400 5280 Ἀλλὰ
2453 5228 2545 5279 καὶ
2606 5227 2990 5298 διασκόρπισον
3052 5225 3246 5287 αὐτοὺς
3276 5263 3290 5285 ,
3354 5223 3547 5293 φησιν,
3613 5220 3671 5270 έν
3740 5219 3801 5285 τῇ

2230 5318 2475 5387 δυνάμει
2543 5335 2689 5371 σου·
2749 5319 2781 5389 ἢ
2823 5319 2962 5372 κατά
3015 5318 3104 5371 τὸν
3135 5316 3457 5387 Σύμμαχον·
3528 5307 3800 5365 Ἀναστά-

2231 5428 2424 5464 τωσον
2469 5409 2689 5476 αὐτοὺς
2730 5409 2799 5477 τῇ
2844 5410 3089 5478 δυνάμει
3138 5424 3275 5462 σου.
3318 5407 3382 5459 Ὃ
3418 5404 3482 5473 δὴ
3536 5401 3630 5454 καὶ
3677 5398 3801 5453 αὐτὸ

2225 5502 2285 5554 τὸ
2315 5504 2547 5572 πρᾶγμα
2582 5503 2971 5573 ἐναργέστερον
3006 5500 3206 5562 παντὸς
3248 5498 3406 5565 λόγου
3455 5496 3801 5566 παρίστησιν.

2226 5595 2537 5667 ἁπανταχοῦ
2558 5596 2661 5665 γῆς
2684 5595 2778 5650 τοῦ
2808 5594 3070 5649 Ἰουδαίων
3095 5593 3277 5656 ἔθνους
3300 5585 3800 5658 διεσκορπισμένου,
