4100 6538
358 318 466 373 515

1499 309 2004 373 Conusmsnu
2046 314 2109 368 IN
2149 296 2485 368 essurus.

3524 313 3630 367 316

358 437 452 494 καὶ
491 438 798 493 ἀναστάτου
844 438 1203 508 τυγχάνοντος
1229 453 1241 467 ·
1285 433 1413 492 ὥστ’
1450 441 1497 491 εί
1532 438 1673 509 μέγα
1701 441 1948 512 φρονοῖεν

2056 442 2317 507 protector
2357 447 2502 486 meus
2535 429 2775 482 Domine.
2813 426 2918 482 Sed
2955 428 3120 484 etiam
3149 427 3301 499 quod
3338 443 3449 484 non
3480 444 3635 500 pent-

358 537 451 589 ὲπὶ
490 531 666 602 τούτῳ
707 532 990 595 Ἰουδαῖοι,
1016 532 1092 596 ὡς
1120 531 1293 585 πάντα
1351 531 1687 602 πληροῦντες
1717 532 1784 585 τά
1819 533 1946 602 ἔθνη

357 627 516 698 παρά
539 643 598 679 τε
625 624 922 696 βαρϐάροις
948 625 1042 678 καὶ
1067 625 1126 677 ὲν
1156 624 1342 695 μέσοις
1367 623 1623 694 Ἕλλησιν
1645 624 1943 688 οἰκοῦντεςο

359 719 472 771 ἀλλ’
530 718 788 779 ἴστωσαν,
837 719 919 770 ὅτι
992 717 1050 768 ὲν
1097 715 1342 786 κατάρας
1411 715 1556 786 λόγῳ
1597 715 1772 770 ταῦτα
1822 717 1951 787 περὶ

359 809 539 863 αὐτῶν
570 806 903 872 ἐθεσπίζετο.
923 808 986 859 Ἡ
1006 806 1136 875 γοῦν
1166 806 1417 878 παροῦσα
1446 807 1751 877 προφητεία
1786 807 1950 876 φησὶν

361 903 492 974 περὶ
518 900 728 955 αὐτῶν·
761 902 1206 967 Διασκόρπισον
1243 898 1466 964 αὐτοὺς
1493 898 1562 950 ἐν
1599 897 1673 966 τῇ
1701 896 1950 966 δυνάμει

358 1007 508 1057 σου,
567 992 668 1047 καὶ
722 990 1020 1062 κατάγατε
1080 990 1339 1055 αὐτοὺς,
1398 993 1430 1043 d
1491 987 1949 1058 ὑπερασπιστὴς

357 1107 476 1158 μου
518 1089 718 1156 Κύριε.
779 1085 938 1140 Ἀλλά
995 1085 1089 1138 καὶ¹
1133 1083 1195 1136 τὸ
1246 1083 1322 1154 μὴ
1367 1085 1596 1154 πάμπαν
1644 1083 1838 1144 αὐτοὺς
1893 1079 1952 1144 ἐξ

359 1178 666 1250 ἀνθρώπων
702 1175 996 1246 ἠφανίσθαι
1045 1176 1300 1248 σημαίνει
1347 1174 1608 1242 λέγουσαο
1664 1172 1760 1239 Μὴ
1806 1173 1954 1226 ἀπο-

363 1271 606 1337 κτείνῃς
627 1268 872 1332 αὺτοὺς,
912 1265 1144 1336 μήποτε
1189 1263 1586 1318 ἐπιλάθωνται
1647 1263 1751 1316 τοῦ
1796 1261 1952 1317 λαοῦ

359 1376 498 1414 σου.
549 1360 611 1418 El
658 1358 764 1430 γάρ
797 1352 936 1428 ἦσαν
976 1355 1036 1420 ἐξ
1063 1355 1366 1426 ἀνθρώπων
1409 1351 1818 1422 ἀφανισθέντες,
1858 1350 1952 1406 καὶ

365 1447 634 1520 μηδαμῶς
678 1449 736 1499 ὲν
784 1446 951 1509 ζῶσιν
999 1445 1186 1508 ὄντες,
1226 1445 1325 1496 οὐκ
1368 1442 1433 1495 ἂν
1461 1438 1621 1508 εἶδον,
1663 1443 1816 1512 φησι,
1862 1440 1953 1493 τὸν

360 1539 495 1610 ἐμὸν
544 1538 672 1590 λαὸν
699 1575 715 1600 ,
769 1537 877 1590 οὐδ’
927 1534 993 1589 ἂν
1045 1535 1290 1603 ἔγνωσαν
1338 1532 1608 1586 ἀνθοῦσαν
1664 1532 1760 1602 τὴν
1816 1532 1954 1603 ἐμὴν

373 1629 705 1700 Ἐκκλησίαν
733 1643 745 1655 ·
793 1627 906 1681 ἀλλ’
942 1627 1028 1679 ἵνα
1062 1625 1333 1696 βλέπωσιν
1361 1624 1532 1695 αὐτὴν
1562 1624 1656 1676 καὶ
1701 1620 1790 1676 τὸν
1824 1620 1953 1693 ἐμὸν

360 1719 609 1791 θεωρῶσι
653 1719 803 1783 λαὸν,
854 1718 928 1790 μὴ
962 1716 1291 1788 ἀποκτείνῃς
1323 1716 1420 1786 μὲν
1453 1715 1670 1778 αὐτοὺς,
1703 1715 1955 1784 διασκόρ-

2055 536 2146 582 tus
2169 542 2236 581 ex
2258 524 2573 579 hominibus
2595 521 2757 576 deleti
2790 521 2923 584 sint,
2947 520 3036 575 his
3060 521 3287 586 indicat,
3312 517 3396 574 Ne
3421 521 3636 576 occidas

2052 634 2164 682 eos,
2199 613 2474 686 nequando
2504 612 2885 668 obliviscantur
2933 611 3114 682 populi
3167 611 3262 664 tui.
3315 609 3452 665 Nam
3486 611 3533 666 si
3567 627 3637 666 ex

2054 708 2372 763 hominibus
2406 698 2606 762 sublati
2640 710 2849 767 essent,
2887 719 3065 773 neque
3095 703 3328 758 ulterius
3369 702 3512 757 inter
3561 701 3639 754 vi-

2053 815 2152 856 vos
2181 804 2628 863 ndmerarentur,
2664 817 3032 871 nequaquam,
3051 789 3153 865 ait,
3186 801 3434 856 viderent
3462 813 3638 869 popu-

2054 894 2164 948 lum
2193 909 2398 958 meum,
2433 910 2610 964 neque
2645 893 2928 950 florentem
2971 893 3273 950 Ecclesium
3307 909 3482 948 meam
3514 907 3638 963 pera

2052 998 2347 1040 noscerent
2383 1005 2394 1040 :
2429 987 2524 1042 sed
2565 995 2624 1041 ut
2659 1002 2778 1041 eam
2811 994 2865 1041 et
2908 988 3169 1057 populum
3200 1001 3380 1041 meum
3423 985 3638 1056 conspiﬁ

2054 1076 2226 1141 ciant,
2251 1092 2321 1132 ne
2355 1077 2602 1141 occidas,
2635 1077 2729 1132 sed
2775 1078 3063 1148 dispergas
3096 1094 3190 1134 cos
3221 1079 3422 1148 ubique
3455 1083 3633 1132 terra-

2054 1185 2200 1232 rum,
2233 1165 2327 1224 ubi
2355 1169 2602 1226 Ecclesia
2640 1185 2761 1225 mea
2791 1171 3182 1226 constituenda
3206 1177 3326 1236 est;
3357 1178 3418 1224 ut
3463 1181 3636 1240 popué

2054 1258 2166 1313 lum
2209 1275 2414 1323 meum,
2446 1260 2858 1330 Ecclesiamque
2913 1276 3011 1330 per
3061 1268 3237 1315 totum
3266 1261 3455 1316 Orbem
3487 1275 3518 1313 a
3547 1275 3636 1315 me

2055 1349 2338 1403 fundatam
2371 1351 2641 1415 videntes,
2675 1353 2742 1405 ad
2786 1353 3188 1410 aemulationem
3234 1352 3516 1422 religionis
3549 1365 3639 1406 ac-

2057 1438 2292 1505 cedant;
2324 1441 2688 1511 cxemploque
2731 1443 2918 1512 populi
2957 1459 3021 1496 ex
3054 1443 3310 1512 gentibus
3355 1443 3632 1507 conversi,

2055 1531 2392 1602 ipsiquoque
2415 1533 2710 1587 insanabili
2759 1534 3160 1604 incurabilique
3183 1551 3284 1590 suo
3313 1533 3638 1590 idololatriae

2056 1624 2202 1676 ma‘lo
2232 1624 2392 1678 ﬁnem
2427 1626 2728 1695 imponant.
2759 1625 2884 1680 Haec
2919 1627 3102 1696 itaque
3127 1642 3226 1696 pro
3251 1626 3360 1682 illis
3386 1626 3638 1681 Salvator

2057 1721 2313 1784 precatus
2353 1725 2456 1778 est,
2493 1717 2712 1772 Patrem
2746 1719 3069 1783 obsecrans,
3110 1735 3179 1774 ne
3230 1719 3635 1783 occiderentur;

359 1826 523 1864 πισον
567 1810 622 1863 δὲ
669 1810 866 1873 αὐτοὺς
916 1807 1230 1878 ἁπανταχοῦ
1281 1808 1414 1878 γῆς,
1465 1805 1592 1858 ἔνθα
1636 1804 1818 1875 μέλλει
1858 1805 1951 1857 καὶ

2056 1808 2149 1862 sed
2188 1807 2242 1861 in
2272 1808 2383 1861 vita
2415 1817 2702 1865 manerent
2755 1820 2807 1865 et
2854 1818 3230 1874 servarentur,
3287 1819 3345 1865 ut
3389 1803 3640 1865 viderent

362 1901 395 1971 ἠ
430 1901 538 1972 ἐμὴ
576 1900 873 1971 Ἐκκλησία
905 1899 1287 1952 συνίστασθαιο
1335 1899 1504 1961 ὅπως,
1539 1897 1828 1966 βλέποντες
1857 1897 1947 1950 τὸν

359 1989 494 2060 ἐμὸν
541 1988 669 2044 λαὸν
713 1992 806 2044 καὶ
848 1989 944 2061 τὴν
998 1988 1116 2041 καθ’
1171 1987 1299 2056 ὅλης
1351 1985 1450 2056 τῆς
1494 1985 1821 2056 οἰκουμένης
1856 1986 1946 2038 ὑπ’

2057 1898 2316 1966 pupulum
2343 1913 2527 1967 suum,
2559 1906 2613 1954 et
2645 1900 2879 1955 multum
2907 1902 2976 1955 ab
3008 1916 3074 1956 eo
3106 1902 3361 1956 utilitatis
3390 1901 3639 1971 percipe;

2055 1997 2196 2044 rent.

358 2080 495 2151 ἐμοῦ
536 2081 960 2154 θεμελιωθεῖσαν
1011 2081 1375 2152 Ἐκκλησίαν,
1414 2082 1495 2144 είς
1533 2080 1694 2152 ζῆλον
1759 2080 2005 2151 ἔρχοιντο
2044 2081 2388 2150 θεοσεϐείας,
2452 2088 2544 2141 καὶ
2600 2088 2679 2159 τῷ
2735 2089 3141 2160 παραδείγματι
3199 2087 3293 2143 τοῦ
3351 2088 3411 2155 ἐξ
3469 2086 3639 2142 ἐθνῶν

356 2174 776 2244 ἐπιστρέφοντος
835 2172 964 2226 λαοῦ
1010 2173 1103 2225 καὶ
1151 2172 1302 2224 αὐτοὶ
1347 2170 1640 2224 παύσοιντό
1688 2188 1817 2224 ποτε
1877 2172 1972 2225 τοῦ
2045 2174 2263 2228 ἀνιάτου
2324 2180 2453 2246 παρ’
2504 2180 2686 2242 αὐτοῖς
2739 2181 2836 2233 κα)⁸
2889 2180 3264 2252 ἀθεραπεύτου
3319 2178 3491 2235 κακοῦ
3537 2180 3638 2250 τῆς

357 2265 822 2336 είδωλολατρείας.
874 2263 1081 2317 Οὐκοῦν
1133 2265 1226 2317 καὶ
1272 2263 1442 2315 ταῦτα
1490 2261 1632 2332 ὑπὲρ
1689 2262 1868 2314 αὐτῶν
1920 2264 1949 2316 ό
1987 2265 2178 2336 Σωτὴρ
2218 2263 2439 2336 ηῦκται,
2478 2268 2692 2339 δεηθεὶς
2761 2268 2851 2322 τοῦ
2893 2271 3105 2341 Πατρὸς
3163 2271 3235 2340 μὴ
3283 2269 3638 2340 ἀναιρεθῆναι

357 2360 461 2430 μὲν
497 2358 726 2420 αὐτοὺς,
780 2354 960 2426 μένειν
992 2354 1047 2407 δὲ
1095 2356 1152 2406 ἐν
1191 2353 1270 2424 τῷ
1317 2352 1416 2424 βίῳ
1450 2353 1542 2406 καὶ
1586 2352 1945 2421 φυλάττεσθαι
1984 2356 2076 2408 ἐπὶ
2101 2359 2178 2427 τῷ
2211 2358 2434 2430 θεωρεῖν
2467 2361 2558 2413 τὸν
2592 2362 2756 2413 αὐτου
2791 2362 2917 2414 λαὸν
2953 2364 3044 2415 καὶ
3077 2363 3287 2433 μεγάλα
3351 2359 3410 2426 ἐξ
3471 2357 3638 2413 αὑτοῦ

355 2451 700 2521 ὡφελεῖσθαι.

440 2583 753 2664 Ἇμαρτίαν
771 2585 1070 2664 στόματος
1103 2593 1322 2659 αὐτῶν,
1358 2597 1545 2666 λόγον
1564 2595 1816 2666 χειλέων
1843 2597 1951 2652 αὐ-

355 2686 506 2740 Ϋῶνο
544 2688 640 2739 καὶ
668 2685 1203 2755 συλληφοήτωσαν
1230 2687 1300 2739 ἐν
1330 2686 1404 2755 τῇ
1435 2689 1812 2758 ὑπερηφανίᾳ
1839 2691 1950 2744 αὐ-

357 2777 496 2831 τῶν.
531 2779 700 2832 Πάλιν
733 2778 1011 2832 κάνταῦθα
1029 2779 1126 2851 τὴν
1149 2780 1328 2833 αἰτίαν
1357 2781 1656 2854 παρίστησι
1677 2782 1785 2834 τῶν
1819 2798 1952 2852 προ·

357 2870 672 2940 λεχθέντων.
717 2871 815 2924 Διά
838 2871 888 2924 τί
918 2870 1027 2939 γὰρ
1079 2871 1257 2924 ταῦτα
1299 2871 1486 2924 παθεῖν
1523 2873 1723 2936 αὐτοὺς
1771 2871 1945 2942 ἠξίου,

359 2962 676 3030 ἀναγκαίως
729 2953 967 3016 διδάσκει
1012 2954 1190 3032 λέγων
1212 2969 1226 2992 "
1259 2963 1336 3014 Δι’
1375 2962 1649 3033 ἁμαρτίαν
1682 2964 1949 3033 στόματος

2123 2594 2291 2651 Vens.
2321 2597 2408 2650 15.
2458 2595 2721 2650 Delictum
2765 2599 2874 2650 oris
2914 2614 3096 2651 eorum
3137 2615 3430 2653 sermonem
3466 2599 3639 2655 (ιιὸίοά

2053 2705 2169 2741 rum
2201 2691 2474 2756 ipsorum;
2514 2698 2564 2742 et
2596 2689 3108 2758 comprehendantur
3147 2692 3203 2743 in
3232 2690 3478 2760 superbia
3513 2703 3634 2746 sua.

2053 2779 2151 2832 llic
2182 2795 2403 2833 rursum
2431 2787 2860 2834 memorator-um
2880 2795 3107 2834 causam
3136 2783 3332 2850 aperit.
3353 2783 3466 2836 Cur
3487 2783 3633 2837 enim

2059 2871 2208 2941 ipsos
2239 2871 2353 2924 haec
2388 2872 2498 2940 pati
2533 2874 2826 2943 rogaverit,
2858 2873 3176 2928 necessario
3195 2874 3393 2929 edocet
3422 2875 3633 2938 dicens,

2059 2969 2284 3032 propter
2312 2963 2570 3018 delictum
2603 2965 2716 3019 oris
2745 2980 2959 3029 eorum,
3005 2974 3059 3018 et
3115 2981 3422 3020 sermonem
3469 2969 3638 3024 labio-

361 3051 562 3116 αὐτῶν,
599 3052 692 3104 καὶ
739 3050 828 3104 διά
871 3051 963 3105 τὸν
1014 3051 1172 3119 λόγον
1203 3051 1311 3104 τῶν
1338 3049 1566 3121 χειλέων
1605 3052 1806 3104 αὐτῶν.
1838 3053 1950 3106 Καὶ

2056 3069 2178 3106 rum
2212 3055 2478 3123 ipsorum.
2517 3053 2580 3106 Et
2619 3054 2809 3107 mirari
2863 3055 3011 3109 subit
3043 3055 3418 3124 praedictionis
3460 3060 3638 3112 sancti

362 3143 476 3196 ἔστι
501 3142 776 3213 θαυμάσαι
811 3143 872 3196 τὸ
913 3143 1140 3216 ἀκριϐὲς
1184 3143 1284 3214 τῆς
1313 3142 1408 3196 τοῦ
1445 3144 1602 3212 ἁγίου
1633 3141 1952 3214 Πνεύματος

362 3235 739 3306 προρρήσεως.
783 3234 1002 3306 Ἐπειδὴ
1042 3233 1152 3306 γάρ
1199 3235 1296 3288 ούκ
1333 3235 1488 3289 αὐτοὶ
1522 3235 1786 3298 Ἰουδαῖοι,
1811 3234 1953 3288 κατὰ

361 3322 455 3376 τδν
485 3321 580 3376 τοῦ
613 3322 862 3394 Σωτῆρος
886 3322 1043 3393 ἡμῶν
1069 3323 1258 3394 καιρὸν
1278 3323 1368 3376 τὸν
1389 3323 1618 3378 θάνατον
1655 3323 1804 3395 αὐτῷ
1841 3327 1954 3396 είρ-

362 3414 626 3483 γάσαντο,
669 3414 950 3485 Ῥωμαϊκῇ
982 3413 1036 3466 δὲ
1090 3415 1234 3485 χειρὶ
1271 3414 1413 3468 τοῦτ’
1449 3415 1768 3486 ἐπράττετο,
1803 3416 1954 3469 δικά-

364 3505 552 3569 ζοντος
583 3507 680 3576 μὲν
718 3505 974 3571 Πιλάτου,
1002 3505 1368 3558 διαλαθόντων
1391 3505 1448 3557 δὲ
1477 3506 1824 3576 στρατιωτῶν
1859 3507 1953 3559 καὶ

363 3595 764 3664 ἀπαγαγόντων
789 3595 974 3662 αὑτὸν,
1009 3595 1282 3650 Ἰουδαίων
1312 3596 1366 3648 δὲ
1397 3599 1599 3648 τούτων
1627 3597 1747 3667 μηδ’
1775 3595 1952 3649 ὁτιοῦν

363 3687 742 3758 πεποιηκότων
765 3704 778 3717 ·
811 3688 1036 3751 εἰκότως
1059 3687 1160 3740 οὐκ
1184 3687 1315 3740 αὐτὸ
1337 3687 1397 3738 τὸ
1418 3687 1577 3758 ἔργον
1603 3686 1696 3740 τοῦ
1720 3685 1952 3739 θανάτου

363 3780 572 3842 τούτοις
622 3778 934 3851 ἀνατίθησι,
977 3778 1112 3832 ἀλλά
1159 3778 1258 3850 τὴν
1302 3779 1502 3832 αἰτίαν.
1539 3779 1607 3831 Οἵ
1631 3793 1689 3830 τε
1716 3777 1824 3848 γὰρ
1857 3779 1953 3848 ἄρ-

363 3886 552 3942 χοντες
583 3870 692 3925 τῶν
733 3870 1030 3935 Ἰουδαίων,
1061 3870 1335 3941 συνέδριον
1370 3870 1748 3941 ποιησάμενοι,
1776 3871 1953 3923 πᾶσαν

363 3965 625 4038 ἐκίνησαν
690 3961 955 4036 μηχανὴν,
1003 3963 1149 4024 ὅπως
1181 3963 1345 4017 αὐτὸν
1393 3961 1763 4015 ἀπολέσωσιν·
1796 3961 1848 4012 οἵ
1893 3977 1953 4013 τε

363 4058 577 4122 τούτοις
607 4057 955 4130 χαριζόμενοι
1007 4054 1452 4128 ψευδομάρτυρες
1484 4054 1578 4107 καὶ
1621 4053 1953 4122 συκοφάνται

365 4152 446 4214 εις
480 4149 774 4220 πρόσωπον
812 4149 1046 4222 ἔστησαν
1089 4146 1183 4200 τοῦ
1217 4147 1498 4218 Σωτῆρος·
1533 4147 1561 4199 ὃ
1592 4163 1651 4198 τε
1692 4147 1799 4209 πᾶς
1829 4145 1954 4208 λαὸς

363 4245 572 4312 φωναῖς
596 4243 689 4295 καὶ
715 4241 946 4312 χείλεσιν
974 4239 1290 4303 οίκείοις“τὸ
1324 4232 1462 4309 αἷμα
1483 4237 1648 4291 αὑτοῦ
1675 4237 1794 4291 καθ’
1828 4240 1955 4291 ἐαυ-
1999 4239 2002 4246 ’

362 4335 472 4388 τῶν
501 4334 595 4387 καὶ
628 4333 766 4386 κατά
795 4332 903 4386 τῶν
930 4331 1072 4384 [δίων
1099 4329 1304 4383 παίδων
1332 4327 1682 4399 ὲζητήσαντο.
1715 4328 1953 4391 Εἰκότως

2058 3143 2302 3215 Spiritus
2336 3147 2768 3201 accurationem.
2804 3146 2942 3211 Quia
2977 3148 3123 3201 enim
3172 3155 3416 3218 tempore
3456 3149 3640 3203 Salva-

2054 3237 2194 3292 toris
2225 3238 2426 3303 nostri,
2450 3252 2559 3291 non
2579 3235 2754 3292 Judaei
2791 3237 2896 3307 ipsi
2931 3247 3161 3292 mortem
3184 3240 3512 3306 intulerunt,
3538 3241 3638 3296 sed

2053 3323 2428 3384 Romanorum
2447 3341 2612 3383 manu
2645 3327 2699 3382 id
2732 3337 3015 3398 peractum
3040 3339 3144 3394 est,
3167 3329 3438 3400 judicium
3461 3331 3642 3387 Pilato

2055 3419 2286 3483 ferente,
2316 3419 2588 3476 militibus
2618 3419 3218 3489 comprehendentibus
3255 3428 3309 3476 et
3358 3422 3643 3478 abducene

2055 3512 2203 3566 tibus
2249 3526 2398 3576 eum,
2452 3519 2506 3566 et
2558 3526 2590 3565 τι
2643 3509 2847 3566 ιιιάιιιίε
2883 3510 3019 3564 nihil
3051 3523 3243 3565 eorum
3295 3521 3476 3566 actum
3522 3519 3639 3579 est:

2050 3604 2176 3675 jure
2203 3604 2312 3659 illis
2352 3619 2461 3658 non
2493 3604 2673 3675 ipsum
2705 3605 2857 3660 necis
2886 3614 3068 3661 actum
3091 3606 3343 3670 ascribit,
3375 3605 3472 3660 sed
3503 3620 3640 3658 caua

2056 3709 2195 3748 sam.
2245 3692 2532 3763 Principes
2584 3709 2822 3763 namque
2868 3691 3184 3748 Judaaorum
3226 3693 3520 3748 concilium
3553 3693 3641 3747 ina

2055 3795 2274 3849 euntes,
2311 3786 2518 3840 nullam
2546 3799 2656 3838 non
2707 3785 3024 3838 machinam
3073 3793 3384 3847 moverunt,
3418 3791 3478 3837 ut
3513 3797 3640 3838 eum

2056 3877 2380 3948 perderent;
2411 3874 2535 3929 falsi
2569 3881 2738 3928 testes
2763 3881 2943 3928 autem
2973 3881 3026 3928 et
3049 3874 3422 3945 sycophantae,
3446 3888 3638 3928 eorum

2057 3968 2289 4037 gratiam
2317 3973 2680 4035 aucupantes,
2712 3965 2766 4018 in
2799 3975 3098 4034 conspectu
3133 3963 3440 4019 Salvatoris
3471 3970 3642 4019 stetee

2057 4065 2185 4112 runt
2211 4074 2227 4124 ;
2260 4063 2516 4124 totusque
2548 4055 2782 4126 populus
2818 4055 3050 4110 vocibus
3082 4053 3353 4123 labiisque
3377 4055 3495 4108 suis
3517 4067 3644 4108 sane

2056 4149 2274 4219 guinem
2299 4146 2421 4216 ejus
2449 4161 2616 4216 super
2659 4161 2718 4200 se
2755 4154 2810 4200 et
2839 4161 3006 4215 super
3041 4145 3182 4202 filios
3217 4159 3350 4200 suos
3400 4144 3643 4214 expetie-

2057 4250 2186 4295 runt
2219 4260 2232 4295 :
2265 4241 2389 4310 jure
2431 4254 2564 4309 ergo
2595 4253 2703 4292 non
2737 4239 2891 4293 necis
2921 4237 3158 4303 facinus,
3207 4251 3369 4306 quam
3397 4235 3639 4291 decrevit

2056 4334 2288 4397 Pilatus,
2319 4338 2706 4403 perpetrarunt
2752 4330 2953 4386 milites
2993 4330 3137 4400 ejus,
3183 4337 3486 4394 memorat;
3541 4326 3638 4382 sed

363 4423 457 4480 οῦν
506 4428 535 4480 ό
565 4423 756 4496 παρὼν
788 4424 944 4493 λόγος
998 4425 1059 4476 οὐ
1106 4422 1207 4492 τῆς
1253 4421 1347 4474 τοῦ
1400 4419 1631 4473 θανάτου
1675 4420 1947 4490 πράξεως,

2057 4427 2366 4498 principum
2411 4425 2761 4480 sacerdotum
2801 4423 3290 4493 conspirationem,
3337 4419 3642 4492 sycophan-

363 4522 433 4592 ῆν
465 4519 634 4590 ὥρισε
668 4518 766 4588 μὲν
811 4516 1061 4580 Πιλάτος,
1115 4513 1478 4586 διεπράξαντο
1505 4513 1562 4566 δὲ
1595 4514 1641 4565 οἱ
1674 4513 1764 4565 ὑπ’
1802 4511 1950 4582 αὑτῷ

367 4611 715 4682 στρατιῶται,
773 4607 1121 4679 μνημονεύει,
1169 4604 1307 4659 ἀλλά
1362 4606 1461 4676 τῆς
1509 4603 1618 4657 τῶν
1652 4605 1951 4676 ἀρχιερέων

366 4701 661 4770 συσκευῆς,
705 4701 798 4753 καὶ
840 4700 942 4770 τῆς
966 4698 1073 4752 τῶν
1118 4696 1469 4767 συκοφαντῶν
1501 4696 1824 4768 μαρτυρίας,
1854 4697 1954 4766 τῆς

362 4813 422 4848 τε
482 4794 670 4865 φωνῆς
726 4792 818 4846 τοῦ
861 4791 1099 4863 πλήθους
1149 4789 1540 4861 ἐπιϐοήσαντος
1597 4790 1717 4842 κατ’
1764 4788 1948 4842 αὐτοῦ.

363 4888 456 4941 Διό
484 4905 674 4959 φησιν·
723 4885 1032 4956 Ἀμηρτίαν
1051 4885 1350 4952 στόματος
1367 4880 1584 4942 αὐτῶν,
1623 4882 1810 4951 λόγον
1835 4897 1954 4948 χει-

361 4979 523 5034 λέων
551 4978 750 5033 αὐτῶν
771 4995 784 5007 ·
815 4978 948 5030 ὼσεὶ
975 4976 1126 5044 ἔλεγε
1163 4974 1495 5045 σαφέστερον
1516 4991 1528 5003 ·
1564 4975 1641 5025 Δι’
1677 4971 1952 5044 ἁμαρτίαν

365 5071 636 5143 στόματος
663 5069 862 5135 αὐτῶν,
903 5069 997 5122 καὶ
1038 5066 1127 5120 διὰ
1171 5065 1325 5135 λόγον
1355 5063 1576 5136 χειλέων
1605 5064 1804 5118 αὐτῶν.
1858 5064 1956 5116 Διά

363 5163 474 5236 γὰρ
506 5163 678 5217 ταῦτα
706 5163 1146 5231 διασκόρπισον
1171 5158 1396 5224 αὐτοὺς
1426 5155 1501 5224 τῇ
1529 5155 1778 5224 δυνάμει
1812 5171 1951 5216 σου,

364 5257 466 5310 καὶ
495 5253 790 5325 κατάγαγέ
819 5254 1062 5319 αὐτοὺς,
1082 5256 1114 5307 ό
1134 5249 1598 5319 ὑπερασπιστὴς
1609 5265 1728 5318 μου
1756 5248 1951 5315 Κύριε.

362 5348 522 5402 Κατὰ
555 5348 611 5401 δὲ
646 5348 738 5401 τὸν
784 5347 1104 5418 Σύμμαχον,
1151 5343 1442 5414 Ἀμαρτίᾳ,
1479 5341 1632 5412 φησι,
1667 5337 1774 5392 τοῦ
1818 5338 1956 5392 στό-

358 5457 551 5512 ματος
573 5439 792 5504 αὐτῶν,
820 5439 915 5492 καὶ
939 5438 1019 5504 τῷ
1047 5439 1206 5507 ,λόγῳ
1230 5436 1348 5489 τῶν
1380 5433 1629 5503 χειλέων
1665 5429 1864 5484 αὐτῶν
1889 5429 1957 5483 τά

364 5532 736 5605 προλεχθέντα
795 5531 979 5593 αὐτοῖς
1045 5527 1471 5600 ἐπαχθήσεσθαι.
1525 5524 1632 5577 Καὶ
1678 5521 1952 5591 ὲπιλέγευ

367 5625 478 5679 Kal
505 5622 1040 5692 συλληρθήτωσαν
1083 5623 1154 5674 ἐν·
1187 5620 1261 5688 τῇ
1306 5615 1687 5686 ὑπερηφανίᾳ
1719 5613 1920 5673 αὐτῶν
1940 5631 1952 5643 ο

363 5715 424 5788 ἢ,
459 5714 602 5769 κατὰ
632 5713 723 5767 τὸν
755 5713 1073 5785 Σύμμαχον,
1105 5710 1642 5780 Συλληρθήτωσαν
1667 5708 1817 5778 μετὰ
1849 5707 1957 5775 τῆς

2057 4526 2237 4572 tarum
2265 4518 2662 4582 testimonium,
2694 4523 2885 4578 contra
2910 4515 3090 4584 ipsum
3124 4511 3482 4567 acclamantis
3505 4511 3642 4564 mul-

2058 4611 2312 4664 titudinis
2353 4624 2562 4663 vocem.
2607 4606 2790 4674 Quare
2835 4606 2951 4659 ait:
2990 4603 3254 4657 Delictum
3288 4602 3396 4654 oris
3429 4617 3637 4665 eorum,

2057 4717 2350 4756 sermonem
2383 4699 2645 4754 labiorum
2676 4699 2946 4766 ipsorum;
2985 4710 3049 4749 ac
3078 4695 3126 4750 si
3170 4691 3432 4764 liquidius
3484 4692 3639 4748 dice-

2060 4800 2161 4848 ret.
2189 4799 2412 4862 propter
2446 4790 2705 4844 delictum
2740 4787 2854 4841 oris
2885 4800 3100 4849 eorum,
3144 4791 3198 4838 ct
3243 4791 3469 4852 propter
3519 4796 3637 4837 ser-

2059 4900 2274 4938 monem
2310 4882 2578 4937 labiorum
2611 4881 2879 4951 ipsorum.
2915 4879 2989 4932 Ea
3022 4877 3090 4932 de
3123 4890 3291 4940 causa
3315 4873 3643 4946 dispergeil-

2059 4975 2137 5028 los
2171 4975 2222 5026 in
2271 4974 2459 5027 virtute
2509 4982 2624 5035 tua,
2662 4980 2712 5025 et
2762 4971 2960 5039 depone
3014 4985 3123 5032 eos,
3177 4975 3442 5038 protector
3491 4984 3637 5022 meus

2053 5063 2302 5120 Domine.
2337 5063 2650 5120 Secundum
2683 5063 3074 5135 Symmachum
3105 5076 3258 5124 vero,
3286 5069 3521 5129 peccato,
3552 5059 3640 5114 in-

2057 5160 2198 5227 quit,
2232 5159 2340 5212 oris
2377 5173 2580 5219 eorum,
2606 5166 2655 5210 et
2695 5156 2846 5210 verba
2878 5152 3140 5207 labiorum
3175 5153 3412 5223 ipsorum
3447 5152 3644 5222 praedi—

2059 5261 2146 5305 cta
2173 5250 2310 5321 ipsis
2357 5249 2647 5322 inﬂigenda
2699 5260 2847 5304 sunt.
2888 5247 2967 5304 Ac
2992 5248 3296 5319 subjungit,
3332 5255 3381 5300 et
3409 5261 3646 5314 compre-

2059 5343 2362 5398 hendantur
2399 5343 2453 5396 in
2472 5342 2722 5413 superbia
2754 5357 2874 5406 sua,
2903 5342 3018 5396 sit'e
3052 5341 3356 5396 secundum
3391 5338 3645 5408 Symma-

2060 5435 2248 5499 chum,
2302 5433 2811 5504 comprehendantur
2857 5449 2977 5486 cum
3033 5431 3280 5499 superbia
3330 5445 3452 5482 sua.
3503 5425 3640 5479 Nam

2061 5542 2187 5581 cum
2221 5526 2445 5596 superbi
2478 5535 2913 5596 arrogantcsque
2943 5530 3154 5587 essent,
3200 5520 3510 5576 Servatoris
3545 5535 3645 5572 no-

2063 5617 2162 5671 stri
2189 5616 2445 5671 ﬁduciam
2470 5632 2580 5671 non
2607 5615 2872 5670 terebant.
2894 5613 3074 5680 Quare
3094 5612 3328 5681 superbe
3347 5608 3644 5676 admodum

2063 5707 2330 5763 adeuntes
2375 5707 2530 5762 illum
2579 5705 2658 5762 sic
2716 5703 3125 5772 compellabant
3159 5721 3171 5756 :
3207 5702 3338 5766 Quis
3377 5699 3520 5756 dedit
3551 5699 3654 5759 tibi
