4100 6560
507 345 612 401 547

1179 334 1448 392 EUSEBII
1486 335 1900 393 CESARIENS
1929 337 1968 392 S
2018 337 2186 395 OPP.-
2229 336 2410 393 PARS
2448 336 2535 393 Ill.
2578 367 2644 380 -—
2687 335 3093 393 EXEGETICA.

3674 332 3778 391 5J8

505 469 813 530 potestatem
856 460 1036 514 hanc?
1074 469 1122 512 ct
1155 459 1209 512 in
1240 475 1344 529 qua
1374 466 1632 527 potestate
1675 459 1784 514 lucc
1824 460 1963 530 facis
1990 462 2033 492 ⁸⁷
2059 464 2082 515 ?

2199 463 2596 530 ὓπερηφανιάς
2607 459 2823 514 αὐτῶν.
2840 461 2974 512 ’Υπε
2983 461 3208 530 ρήφανοι
3225 459 3333 528 γάρ
3346 473 3490 519 τινες
3511 455 3664 518 ὄντες
3684 457 3779 509 καὶ

512 555 724 609 Etenim
766 569 891 608 cum
930 569 1030 608 nos
1075 562 1130 608 et
1164 553 1430 622 templum
1470 563 1524 606 et
1578 554 1836 622 populum
1869 569 2084 609 omnem

510 647 614 700 sub
648 646 877 715 imperio
909 645 1234 709 habeamus,
1261 644 1385 714 quis
1411 650 1466 697 tu
1496 659 1577 707 es,
1613 653 1667 699 et
1696 660 1797 698 cur
1831 645 1956 698 talia
1989 661 2088 699 au-

510 739 648 792 des?
678 738 1009 808 llujusmodi
1043 753 1176 807 ergo
1205 736 1514 791 verborum
1533 751 1700 790 causa
1725 737 1814 792 hic
1841 736 2044 791 dicitur
2069 756 2083 791 :

515 828 581 882 Et
612 829 1122 900 comprehendantur
1152 830 1207 882 in
1244 829 1487 895 superbia
1513 845 1610 882 sua
1635 845 1652 882 :
1682 838 1730 882 et
1753 829 1817 883 de
1845 845 2090 884 exsecra-

514 920 651 974 tione
687 931 736 975 et
757 921 1028 975 mendacio
1051 921 1530 975 annuntiabuntur.
1567 920 1672 974 Pro
1699 937 1808 992 quo
1839 920 2091 992 Symma-

511 1011 654 1066 chus
685 1011 1078 1082 interpretatus
1107 1020 1192 1066 est
1231 1029 1243 1064 :
1279 1009 1806 1074 Cornpreicendantur
1841 1030 1957 1066 cum
1993 1030 2088 1067 su-

511 1101 693 1172 perbia
731 1121 851 1166 sua,
897 1105 1310 1158 exsecrationem
1339 1113 1389 1156 et
1425 1103 1753 1158 mendacium
1801 1107 2088 1174 loquentes.

514 1192 709 1250 Postea
737 1195 959 1263 subjicit
991 1213 1004 1249 :
1045 1193 1108 1246 In
1137 1195 1614 1258 consummatione,
1649 1195 1700 1246 in
1743 1195 1826 1246 ira
1848 1211 2091 1248 consum-

515 1285 786 1351 mationis,
818 1293 866 1338 et
901 1302 1003 1338 non
1039 1294 1188 1340 erunt
1213 1301 1231 1339 :
1257 1285 1418 1354 cujus
1459 1286 1580 1340 loco
1611 1283 1816 1340 iterum
1838 1286 2093 1356 Symma-

514 1375 654 1430 chus
685 1377 889 1436 clarius
935 1377 1019 1430 his
1065 1377 1247 1430 verbis
1281 1377 1674 1445 interpretatur
1713 1395 1725 1430 :
1765 1375 2091 1431 Consumma

515 1466 570 1519 in
603 1466 802 1534 furore,
830 1467 1046 1521 absume
1070 1476 1127 1520 ut
1158 1485 1260 1520 non
1284 1469 1412 1521 sint.
1442 1467 1566 1522 "me
1593 1466 1830 1538 Spiritus
1861 1468 2092 1537 prOphe-~

515 1553 658 1608 ticus
696 1571 803 1608 non
853 1555 1004 1609 diras
1061 1556 1378 1626 imprecaris
1432 1557 1501 1612 iis
1555 1558 1648 1626 qui
1699 1556 1814 1610 hzec
1873 1557 2091 1624 passuri

513 1653 694 1708 erant,
737 1644 830 1699 sed
888 1653 1098 1699 tantum
1151 1663 1272 1716 qua:
1323 1646 1507 1700 futura
1561 1653 1693 1702 sunt
1757 1647 2089 1710 vaticinans,

519 1736 884 1805 praenuntiat;
918 1752 1038 1789 eam
1069 1737 1220 1791 enim
1254 1745 1491 1791 mentem
1524 1738 1646 1807 ejus
1675 1752 1799 1793 esse
1820 1739 2090 1793 sententia

519 1826 758 1895 prchert.
799 1827 882 1879 0b
933 1826 1195 1880 delictum
1249 1829 1363 1881 oris
1417 1842 1632 1892 eorum,
1677 1838 1731 1883 et
1782 1844 2090 1884 sermonem

515 1919 788 1973 labiorum
844 1918 1090 1988 ipsorum
1141 1921 1681 1989 comprehemlentur
1728 1922 1782 1974 in
1835 1921 2094 1990 superbia

509 2025 638 2071 sua,
664 2017 718 2063 et
749 2010 1288 2079 eomprehcndentur
1319 2013 1754 2067 exsecrationem
1787 2022 1842 2066 et
1872 2012 2097 2065 menda-

514 2099 662 2154 cium
697 2099 1022 2169 loquentes;
1055 2110 1330 2172 eruutquc
1355 2103 1411 2157 in
1435 2106 1914 2159 consummatione
1959 2113 2010 2158 et
2041 2104 2096 2157 in

515 2193 620 2253 ira,
653 2207 775 2261 qua:
813 2192 1065 2247 absumet
1111 2209 1205 2248 eos
1252 2195 1324 2248 ita
1373 2204 1434 2249 ut
1483 2211 1593 2252 non
1630 2197 1772 2250 ultra
1799 2197 2093 2252 exsistant.

519 2281 833 2338 Secundum
867 2284 1123 2356 Aquilam
1168 2302 1301 2342 vero
1352 2285 1576 2350 dicitur,
1637 2286 1848 2356 Con/ire
1886 2289 1940 2341 in
1987 2288 2095 2350 ira,

517 2373 766 2438 absume,
820 2385 870 2429 et
923 2393 1028 2430 non
1079 2377 1372 2440 exsisteut;
1433 2379 1726 2438 similiter.
1789 2378 2094 2434 secundum

520 2466 936 2537 Symmachum,
967 2468 1288 2523 Consumma
1317 2470 1370 2522 in
1409 2469 1611 2538 furore,
1644 2469 1882 2533 absume,
1906 2479 1960 2522 ut
1994 2486 2098 2522 non

516 2561 645 2614 sint.
679 2560 776 2616 llis
818 2578 982 2631 porro
1013 2563 1366 2626 vaticinatur,
1394 2578 1490 2618 eos
1519 2565 1612 2634 qui
1643 2564 1769 2617 talia
1803 2571 1934 2617 sunt
1975 2561 2094 2616 ausi

519 2653 574 2705 in
605 2661 907 2707 memorata
943 2655 1167 2710 civitate
1214 2670 1325 2709 nou
1383 2656 1612 2712 ulterius
1660 2674 1976 2722 mansuros,
2032 2673 2096 2712 ac

517 2741 725 2794 cultqu
761 2742 912 2796 illum
943 2743 1211 2812 divinum,
1243 2746 1549 2817 antiquitus
1581 2748 1635 2802 in
1661 2749 1882 2804 civitate
1905 2764 2096 2804 serva-

517 2841 655 2897 tum,
707 2836 866 2889 linem
920 2835 1260 2902 habiturum,
1313 2856 1528 2894 necnon
1589 2845 1953 2896 constitutum
2022 2842 2096 2895 ihi

520 2937 774 2994 regnum,
799 2927 1098 2998 omniaque
1123 2930 1276 3000 prius
1315 2932 1449 3002 ipsis
1474 2948 1503 2985 a
1534 2932 1644 2988 Deo
1680 2935 1878 2988 collata
1917 2934 2096 3000 bona;

518 3015 771 3071 videlicet
798 3020 1188 3091 prophetarum
1216 3024 1588 3093 praesentiam,
1619 3026 1941 3097 otigelorm
1971 3038 2099 3082 con-

517 3115 765 3209 spectus,
901 3113 1192 3184 reliquam.
1225 3127 1334 3189 qua
1383 3118 1715 3190 dignabatur
1751 3136 1868 3182 eos,
1915 3121 2100 3190 iuspe-
2129 3153 2170 3209 ϐ

515 3201 777 3256 ctionem.
835 3200 968 3270 Qum
1015 3221 1148 3261 sane
1182 3205 1341 3264 ﬁnem
1375 3221 1472 3280 per
1504 3205 1712 3265 illatam
1765 3211 1901 3281 ipsis
1961 3212 2096 3266 iram

518 3291 712 3345 sortita
744 3303 892 3347 sunt.
931 3295 1086 3362 Quod
1129 3301 1312 3356 autem
1340 3297 1446 3356 hac
1477 3303 1546 3357 de
1592 3318 1652 3358 re
1687 3303 1906 3357 dicatur
1942 3303 2098 3363 illud.

517 3381 718 3449 conﬁce
765 3384 816 3436 in
860 3385 1061 3453 furore.
1111 3389 1330 3445 absume
1361 3401 1416 3444 ut
1448 3409 1552 3446 non
1589 3387 1718 3460 sint,
1750 3409 1815 3448 ex
1849 3393 2100 3464 sequenti

517 3470 667 3526 dicto
698 3475 896 3543 palam.
939 3475 1079 3543 Quid
1119 3481 1250 3535 illud
1285 3481 1408 3537 est?
1446 3487 1516 3536 Et
1557 3484 1722 3538 scient
1781 3478 1905 3555 quia
1960 3479 2100 3539 Deus

516 3559 688 3616 Iacob
734 3563 1100 3622 dominabitur
1136 3568 1324 3638 [inium
1375 3583 1550 3628 terrm.
1599 3572 1734 3628 Nam
1786 3576 1832 3630 si
1879 3575 1946 3632 de
1984 3576 2100 3645 ipsa

518 3659 679 3720 gente
713 3652 780 3707 de
809 3653 1056 3726 ipsisque
1086 3660 1221 3714 viris
1253 3653 1408 3722 illud,
1461 3663 1658 3732 con/ice
1684 3664 1736 3717 in
1766 3663 1967 3735 furore.
2008 3662 2101 3719 ab-

517 3755 666 3795 sume
695 3752 750 3796 ut
799 3761 903 3798 non
945 3747 1076 3809 sint,
1129 3748 1337 3804 dictum
1394 3751 1624 3820 fuisset;
1675 3757 1950 3826 quomodo
1983 3746 2098 3825 jam

517 3833 776 3898 confecti,
813 3852 911 3891 nec
941 3838 1095 3893 ultra”
1133 3843 1486 3908 exsistentes,
1537 3847 1678 3902 scire
1709 3851 1937 3918 possent
1971 3849 2100 3917 quia

519 3923 664 3980 Deus
701 3927 1076 3983 dominabitur
1116 3931 1303 3987 ﬁnium
1349 3936 1546 3990 terrae?
1593 3953 1691 3992 cur
1724 3938 1980 4009 superius
2016 3937 2102 3992 di-

515 4024 664 4071 ctum
695 4018 909 4085 fuisset,
939 4038 1001 4074 ne
1029 4023 1239 4078 occidas
1267 4025 1392 4082 eos?
1429 4025 1701 4098 siquidem
1741 4024 1895 4093 illud,
1923 4037 1984 4083 ne
2012 4046 2102 4083 oc-

520 4107 666 4161 cidas
706 4125 816 4173 eos,
848 4115 1188 4168 contrarium
1220 4117 1500 4173 videretur
1535 4119 1622 4174 his
1652 4120 1855 4183 verbis,
1906 4121 2103 4190 conﬁce

516 4197 571 4248 in
601 4196 800 4264 furore,
834 4200 1050 4258 absume
1080 4215 1137 4258 ut
1182 4224 1285 4261 non
1313 4209 1439 4262 sint.
1474 4200 1675 4264 Verum
1710 4228 1821 4272 non
1854 4212 1944 4266 hic
1972 4213 2102 4268 dici-

518 4296 628 4351 tur,
679 4293 874 4361 con/ice
913 4299 1037 4360 eos;
1081 4298 1177 4353 sed
1226 4299 1524 4362 indeﬁnite,
1559 4305 1757 4372 con/ice
1805 4307 1860 4358 in
1893 4305 2096 4376 furore,

516 4379 734 4436 sbsume
758 4394 813 4436 ut
837 4402 940 4438 non
968 4387 1095 4451 sint,
1135 4389 1600 4461 subintelligendo
1631 4394 1844 4448 scilicet
1869 4411 1934 4450 ac
1965 4413 2100 4466 sup-

2190 555 2465 618 ἁελαζόνες,
2499 555 2599 606 οὑκ
2639 552 2830 625 ἔφερον
2856 552 2951 605 τοῦ
2983 550 3233 621 Σωτῆρος
3258 548 3416 620 ἡμῶν
3433 547 3530 618 τὴν
3563 548 3778 618 παρῥη-

2192 647 2331 700 σίαν.
2380 630 2472 698 Διὸ
2521 645 2659 716 μετὰ
2706 645 2906 714 πολλῆς
2952 642 3333 714 ὑπερηφανίας
3389 639 3776 712 προσελθόντες

2189 738 2373 806 ἔλεγον
2405 737 2554 808 αὑτῷ
2573 754 2586 767 ·
2627 738 2721 802 Τίς
2744 751 2844 790 σοι
2876 736 3060 789 ἔδωκε
3074 734 3187 802 τὴν
3201 735 3493 798 ἐξουσίαν
3515 735 3773 800 fatim»;

2190 830 2292 884 καί
2319 831 2462 899 ποίᾳ
2491 830 2742 896 ἐξουσίᾳ
2775 828 2959 882 ταῦτα
2996 827 3225 894 ποιεῖς;
3280 826 3468 896 Ἦμῶν
3501 825 3610 896 γὰρ
3639 841 3776 896 κρα-

2190 923 2425 976 τούντων
2457 923 2552 976 τοῦ
2584 923 2730 992 ἱεροῦ
2761 922 2856 976 καὶ
2903 921 2998 974 τοῦ
3035 919 3233 984 παντὸς
3261 919 3448 982 ἔθνους
3477 919 3776 990 ἀρχόντων,

2193 1017 2257 1069 σὺ
2276 1015 2361 1079 τίς
2383 1014 2460 1068 ὣν
2492 1015 2585 1068 καὶ
2609 1015 2773 1068 πόθεν
2812 1013 2882 1066 τὰ
2908 1012 3132 1066 τοιαῦτα
3163 1011 3400 1083 τολμᾷς;
3434 1011 3654 1064 Τούτων
3683 1005 3780 1063 οὖν

2191 1107 2353 1160 ἕνεκα
2377 1106 2488 1160 τῶν
2514 1105 2686 1173 λόγων
2724 1103 2960 1158 ἐνταῦθα
2991 1104 3205 1174 εἴρηται
3231 1119 3244 1131 ·
3277 1104 3388 1158 Kal
3419 1103 3780 1173 συλληφθή-

2192 1214 2394 1252 τωσαν
2441 1198 2512 1250 ἐν
2554 1196 2629 1265 τιῙ
2670 1197 3050 1264 ὑπερηφανίᾳ
3103 1195 3336 1250 αὐτῶν·
3371 1196 3469 1249 καί
3515 1195 3586 1259 ἐξ
3629 1195 3780 1264 ἀρᾶς

2193 1287 2289 1341 καὶ
2323 1287 2590 1355 ψεύδους
2626 1285 3153 1355 διαγγελήσονται·
3205 1284 3323 1338 ἀνθ’
3356 1279 3416 1338 οῦ
3461 1286 3491 1337 ὁ
3554 1285 3780 1354 Σύμμα-

2193 1395 2287 1449 χος
2317 1379 2628 1449 ἡρμήνευσε
2651 1393 2664 1408 ·
2695 1376 3231 1445 Συλληφθιὶτωσαν
3252 1376 3403 1445 μετὰ
3447 1374 3558 1442 τῆς
3605 1379 3781 1442 ὑπερ-

2193 1469 2454 1537 ηφανίας
2482 1469 2700 1533 αὐτῶν,
2723 1468 2878 1537 ἀρὰν
2896 1468 2995 1521 καὶ
3028 1467 3255 1536 ψεῦδος
3284 1467 3640 1534 λαῖοῦντες.
3666 1465 3780 1521 Εἶθ’

2194 1560 2324 1632 ἑξῆς
2383 1561 2659 1630 ἐπιλέγει·
2715 1562 2811 1614 Ἐν
2868 1560 3211 1626 συντελείᾳ,
3260 1551 3331 1613 ἐν
3365 1558 3513 1629 ὀργῆ
3565 1575 3779 1613 συντε-

2193 1653 2384 1718 λείας,
2437 1651 2535 1706 καὶ
2571 1653 2646 1706 οὐ
2712 1651 2800 1720 μὴ
2845 1650 3222 1719 ὺπάρεωσιν.
3282 1651 3422 1704 Ἀνθ’
3451 1646 3512 1705 οῦ
3563 1651 3722 1704 πάλιν
3751 1651 3780 1702 ὁ

2199 1741 2495 1812 Σύμμαχος
2527 1740 2847 1812 λευκότερον
2872 1737 3120 1794 ἀπέδωκε
3162 1743 3365 1812 φήσας·
3404 1741 3779 1795 Συντέλεσον

2202 1833 2273 1885 ἐν
2339 1831 2522 1901 θυμῷ,
2584 1830 2908 1886 ἀνάλωοόν
2964 1833 3065 1884 ἵνα
3109 1831 3195 1902 μὴ
3237 1827 3368 1886 ὦσι.
3407 1831 3596 1886 Ταῦτα
3626 1833 3683 1885 δὲ
3721 1832 3779 1884 τδ

2204 1926 2429 1996 Πνεῦμα
2461 1926 2521 1978 τὸ
2555 1927 2891 1996 προφητικὸν
2923 1927 3024 1979 οὑκ
3069 1928 3425 1999 ἐπαρώμενον
3457 1932 3569 1992 τοῖς
3613 1928 3780 1983 ταῦτα

2208 2019 2458 2090 μέλλουσι
2479 2018 2763 2072 πείσεσθαι
2794 2023 3194 2090 προαναφωνεῖ,
3213 2020 3281 2073 τὰ
3309 2020 3366 2073 δὲ
3396 2020 3781 2091 συμϐησόμενα

2205 2107 2594 2180 προαγορεῦον,
2614 2109 2712 2178 τῆς
2729 2108 2966 2172 διανοίας
2999 2108 3239 2162 τοιοῦτον
3269 2108 3622 2180 παριστώσης
3638 2108 3778 2162 νοῦν.

2204 2199 2302 2252 Διὰ
2342 2198 2440 2270 τὴν
2464 2199 2736 2270 ἁμαρτίαν
2768 2198 2863 2252 τοῦ
2894 2200 3160 2270 στόματος
3205 2199 3405 2263 αὑτῶν,
3441 2200 3536 2252 καὶ
3567 2199 3655 2252 διὰ
3696 2199 3783 2252 τὸν

2203 2292 2362 2360 λόγον
2421 2291 2531 2344 τῶν
2589 2291 2810 2362 χειλέων
2868 2291 3046 2346 αὑτῶν
3099 2291 3568 2363 συλληφθήσονται
3621 2298 3680 2344 εν
3717 2293 3780 2361 τῇ

2205 2383 2551 2455 ὑπερηφανίᾳ
2612 2383 2810 2447 αὑτῶν,
2855 2383 2948 2437 καὶ
3005 2381 3469 2454 συλληφθήσονται
3522 2383 3663 2454 ἆρὲιν
3693 2381 3784 2436 καὶ

2203 2474 2399 2543 ψεῦδος
2449 2473 2738 2538 λαλοῦντες
2762 2491 2775 2503 ·
2833 2473 3150 2544 γενήσονταί
3177 2491 3241 2526 τε
3275 2476 3332 2526 ἐν
3383 2474 3662 2543 συντελείᾳ
3695 2476 3784 2527 καὶ

2205 2569 2262 2621 ἐν
2301 2569 2438 2639 ὀργῇ
2490 2566 2856 2640 ἀναλισκούσῃ
2895 2567 3092 2630 αὑτοὺς
3132 2567 3209 2630 ὡς
3271 2567 3464 2638 μηκέθ’
3501 2567 3783 2638 ὑπάρχειν.

2205 2659 2361 2712 Κατὰ
2392 2659 2449 2712 δὲ
2491 2659 2582 2712 τὸν
2631 2657 2863 2712 Ἀκύλαν
2901 2659 3154 2730 εἴρηται·
3205 2658 3462 2714 Τέλεσον
3507 2660 3578 2712 ἐι·
3607 2664 3784 2728 χόλῳ,

2204 2748 2478 2810 τέλεσον,
2539 2747 2634 2800 καί
2681 2749 2794 2817 οὐχ
2831 2746 3232 2816 ὑεηῷξουσηκ
3294 2749 3504 2820 Ὠσπερ
3548 2744 3642 2802 οὖν
3697 2749 3786 2801 καὶ

2205 2839 2344 2892 κατὰ
2392 2840 2484 2893 τὸν
2523 2839 2851 2910 Σύμμαχον·
2906 2840 3288 2894 Συντέλεσον
3338 2841 3410 2894 ἐν
3463 2840 3647 2909 θυμῷ,
3688 2841 3785 2892 ἀν-

2204 2929 2465 2993 ἀλωσον,
2497 2917 2690 3001 ἵναμὴ
2713 2927 2844 2986 ὦσι.
2879 2931 3133 2996 Θεσπίζει
3158 2931 3214 2984 δὲ
3243 2931 3330 2985 διὰ
3352 2930 3555 2984 τούτων
3579 2933 3608 2986 ὀ
3635 2922 3786 2999 λόγος

2208 3025 2403 3096 μηκέτι
2467 3025 2732 3095 ὑπάρχειν
2803 3025 2860 3078 ἐν
2909 3028 2976 3096 τῇ
3029 3024 3394 3096 προλεχθείσῃ
3450 3025 3603 3078 πόλει
3663 3027 3786 3088 τοὺς

2206 3114 2275 3167 τὰ
2326 3113 2553 3168 τοιαῦτα
2603 3113 3038 3186 τετολμηκότας·
3094 3115 3247 3177 τέλος
3291 3113 3347 3166 δὲ
3379 3113 3564 3166 λαϐεῖν
3605 3112 3786 3166 λοιπὸν

2201 3205 2300 3276 τὴν
2328 3203 2495 3258 πάλαι
2547 3202 2992 3275 σπουδαζομένην
3037 3206 3095 3257 ἐν
3126 3206 3192 3274 τῇ
3220 3203 3370 3257 πόλει
3414 3203 3670 3274 λατρείαν
3699 3204 3787 3256 καὶ

2201 3297 2299 3368 τὴν
2345 3299 2402 3351 ὲν
2455 3297 2592 3368 αὑτῇ
2648 3295 2988 3350 συνεστῶσαν
3034 3293 3334 3364 βασιλείαν,
3369 3295 3462 3348 καὶ
3495 3299 3674 3348 πάντα
3722 3293 3786 3347 τὰ

2203 3389 2469 3461 πρότερον
2519 3390 2704 3453 αὑτοῖς
2751 3389 3066 3460 ὑπάρχοντα
3118 3387 3183 3440 ὲκ
3239 3386 3374 3442 Θεοῦ
3419 3376 3619 3457 ἀγαθὰ.
3660 3403 3786 3456 προ-

2202 3481 2387 3554 φητῶν
2414 3479 2614 3553 δηλαδὴ
2634 3481 2955 3552 παρουσίας,
2974 3481 3068 3533 καὶ
3087 3479 3332 3548 ἀγγέλων
3357 3467 3679 3548 ἐπιφανείας
3694 3481 3786 3534 καὶ

2201 3573 2301 3643 τὴν
2339 3571 2538 3644 λοιπὴν
2575 3572 2916 3642 ἐπισκοπὴν·
2954 3570 2992 3624 ἃ
3033 3571 3098 3642 δὴ
3141 3570 3357 3643 ἀληθῶς
3404 3561 3591 3635 τέλους
3631 3561 3786 3642 ἔτυχε

2202 3665 2290 3718 διὰ
2330 3664 2432 3735 τῆς
2487 3664 2876 3735 ὲπενεχθείσης
2942 3664 3126 3727 αὑτοῖς
3175 3663 3364 3736 ὀργῆς.
3400 3664 3522 3716 Ὀτι
3565 3663 3620 3716 δὲ
3665 3665 3786 3734 περὶ

2201 3755 2406 3810 τούτων
2448 3755 2692 3810 λέλεκται
2717 3745 2796 3819 τὸ,
2821 3759 2866 3809 Σ
2871 3755 3202 3810 υντέλεσον
3230 3757 3300 3810 ἐν
3331 3754 3514 3825 θυμῷ,
3551 3755 3783 3810 ἀνάλω-

2202 3861 2340 3909 σον,
2380 3848 2482 3900 ἵνα
2518 3835 2605 3916 μὴ
2633 3841 2768 3908 ὦσι,
2799 3833 2954 3915 δῆλον
3005 3844 3115 3899 ἀπὸ
3161 3844 3255 3899 τοῦ
3298 3844 3592 3914 λεγομένου
3640 3835 3780 3912 ἑξῆς.

2202 3939 2268 3992 Τί
2293 3938 2350 3992 δὲ
2377 3933 2444 4008 ἦν
2463 3937 2655 3997 τοῦτος
2687 3935 2796 3995 Καὶ
2825 3934 3176 4006 γνώσονται,
3209 3935 3298 3989 ὅτι
3339 3937 3372 3989 ό
3399 3935 3544 4002 Θεὸς
3573 3933 3785 3989 δεσπό-

2203 4031 2281 4092 ζει
2321 4029 2428 4085 τοῦ
2486 4029 2687 4082 Ἰακὼϐ
2725 4026 2844 4080 τῶν
2899 4015 3168 4095 περάτων
3212 4025 3320 4094 τῆς
3362 4025 3496 4096 γῆς.
3560 4015 3623 4078 Εἰ
3681 4023 3783 4092 γὰρ

2203 4123 2332 4196 περὶ
2368 4120 2532 4176 αὑτοῦ
2564 4109 2782 4188 ἐλέγετο
2814 4118 2906 4172 τοῦ
2941 4118 3126 4182 ἔθνους
3157 4118 3253 4172 καὶ
3291 4118 3420 4190 περὶ
3467 4116 3648 4171 αὑτῶν
3679 4115 3782 4168 τῶν

2201 4214 2410 4286 ἀνδρῶν
2436 4213 2528 4266 τό·
2565 4209 2947 4266 Συντέλεσον
2967 4211 3037 4263 ἐν
3068 4209 3252 4281 θυμῷ,
3297 4209 3638 4270 ἀνάλωσον,
3689 4207 3782 4259 ira

2195 4297 2282 4376 μὴ
2338 4301 2470 4368 ὦσι,
2526 4301 2664 4366 πῶς,
2715 4302 3177 4365 συντελεσθέντες,
3222 4301 3317 4354 καὶ
3377 4297 3570 4370 μηκέθ’
3609 4296 3779 4368 ὑπάρ-

2202 4415 2426 4470 χοντες,
2485 4395 2742 4449 ἐδύναντο
2802 4394 3113 4463 γινώσκειν,
3189 4393 3273 4446 ὅτι
3323 4393 3352 4445 ο
3400 4391 3533 4454 Θεὸς
3592 4389 3778 4444 δεσπό-

518 4471 716 4540 ρέοηάο
747 4474 900 4537 illud,
930 4488 989 4530 ut
1028 4493 1137 4531 non
1179 4478 1291 4532 sint
1321 4482 1512 4550 quales
1558 4483 1711 4552 prius
1737 4492 1914 4551 erant,
1946 4493 2001 4540 et
2031 4494 2090 4540 ut

2199 4490 2278 4554 ζει
2302 4487 2407 4540 τῶν
2421 4485 2672 4556 περάτων
2692 4485 2790 4556 τῆς
2808 4485 2940 4555 γης;
2962 4485 3077 4548 πῶς
3092 4483 3149 4536 δὲ
3166 4483 3257 4536 καὶ
3277 4481 3534 4552 ἀνωτέρω
3552 4480 3776 4550 ὲλέγετου

517 4573 624 4612 non
660 4563 928 4617 exsistant
957 4565 1074 4634 pari
1111 4573 1275 4636 atque
1303 4569 1432 4622 olim
1467 4571 1610 4640 apud
1649 4572 1814 4628 Deum
1847 4574 2091 4630 honore:

513 4663 625 4717 quo
649 4653 884 4716 sublato,
935 4664 988 4708 et
1036 4657 1236 4711 amotis
1277 4657 1344 4712 iis
1376 4675 1496 4728 qua:
1536 4661 1665 4714 olim
1715 4663 2094 4733 possidebant,

516 4739 646 4790 nudi
679 4741 872 4822 relicti,
915 4758 943 4795 a
981 4745 1252 4813 superbiae
1282 4749 1614 4806 sublimitate
1645 4753 1868 4822 dejecti,
1899 4754 1952 4808 in
1976 4774 2097 4813 om-

516 4847 612 4884 nes
643 4840 831 4901 gentes
850 4820 1124 4906 .dispersi,
1165 4840 1297 4908 ipsis
1341 4845 1599 4914 operibus
1635 4863 1924 4918 agnovere,
1968 4867 2093 4905 eum

513 4925 693 4994 ipsum
729 4928 820 4997 qui
873 4930 1002 4984 olim
1050 4931 1193 4986 Deus
1226 4933 1395 4990 Jacob
1433 4940 1758 5004 vocabatur,
1795 4941 2091 5008 dominari,

513 5030 621 5068 non
669 5017 809 5070 ultra
840 5017 1045 5077 Jacobo
1076 5039 1176 5079 nec
1208 5024 1417 5097 lsraeli,
1465 5031 1559 5086 sed
1589 5033 1846 5088 onmibus
1892 5034 2092 5091 ﬁnibus

512 5113 692 5162 terrae.
728 5107 893 5164 Deum
924 5130 1052 5168 vero
1079 5114 1250 5171 Jacob
1290 5118 1376 5174 hic
1409 5133 1714 5192 opportune
1743 5128 2086 5191 memoravit,

511 5195 791 5288 Christum
825 5203 1165 5274 signiﬁcans.
1200 5209 1320 5281 Ipse
1353 5229 1589 5284 namque
1622 5224 1739 5269 erat
1763 5215 1858 5286 qui
1890 5217 1944 5270 in
1970 5233 2094 5288 spe-

511 5287 596 5343 eic
638 5305 702 5346 ac
736 5292 908 5350 forma
956 5298 1198 5356 hominis
1231 5305 1555 5373 patriarcha:
1581 5305 1751 5362 Jacob
1785 5310 1937 5366 visus
1985 5287 2089 5377 est,

511 5383 732 5450 quando
763 5388 985 5456 quidam
1029 5392 1190 5448 homo
1239 5397 1550 5452 luctabatur
1579 5415 1701 5454 eum
1735 5417 1821 5465 eo,
1871 5419 2094 5458 nomen-

507 5487 616 5540 que
650 5474 821 5544 ipsius
853 5482 1102 5544 mutavit,
1122 5485 1311 5539 dicens
1339 5505 1351 5539 :
1382 5486 1503 5540 Non
1535 5489 1677 5541 ultra
1705 5492 1976 5545 vocabitur
1998 5509 2092 5546 uo-

509 5576 626 5614 men
657 5572 803 5618 tuum
839 5566 1029 5634 Iacob,
1064 5571 1154 5624 sed
1187 5571 1358 5625 Israel
1383 5591 1567 5627 nomen
1602 5589 1748 5628 mum
1786 5579 1885 5630 erit
1912 5595 1929 5631 :
1958 5595 2080 5648 quo-

577 5746 621 5775 "
663 5746 768 5800 l.u-'
833 5769 920 5817 Π,
958 5753 1008 5805 ‘2.

2202 4577 2298 4646 Μὴ
2341 4577 2706 4643 ἀποκτείνῃς
2753 4576 3006 4641 αὐτούς,
3067 4574 3210 4638 ἔδοξε
3269 4571 3376 4646 γὰρ
3429 4571 3496 4627 ἂν
3553 4565 3777 4627 ἐναντίον

2203 4665 2339 4722 εἶναι
2366 4668 2458 4733 τὸ,
2488 4671 2545 4721 Μ
2552 4669 2584 4735 ἡ
2615 4658 2980 4733 ἀποκτείνῃς
3005 4657 3247 4730 αὐτοὺς,
3275 4665 3372 4734 τῷ,
3409 4656 3779 4732 Συντέλεσον

2202 4761 2272 4813 ἐν
2304 4757 2487 4827 θυμῷ,
2519 4756 2862 4822 ἀνάλωσον,
2893 4759 2993 4811 ἵνα
3015 4746 3102 4827 μὴ
3124 4752 3299 4812 ὦσιν.
3343 4755 3482 4808 Ἀλλ’
3511 4755 3610 4809 οὑκ
3636 4755 3779 4824 εἰρη-

2203 4865 2293 4900 ται
2326 4845 2590 4912 ἐνταῦθα,
2627 4847 3011 4901 Συντέλεο-ον
3041 4847 3294 4912 αὐτούς·
3337 4844 3452 4898 ἀλλ’
3486 4845 3773 4916 ἀορίστως,

2203 4938 2583 4992 Συντέλεσον
2601 4939 2671 4990 ἐν
2694 4937 2879 5008 θυμῷ,
2896 4937 3238 5000 (inuemar,
3259 4938 3358 4989 ἵνα
3375 4935 3461 5004 μὴ
3479 4931 3647 4997 ὦσιν,
3665 4937 3775 4987 ἐπι-

2201 5027 2464 5083 νοούντων
2485 5029 2641 5101 ἡμῶν
2668 5029 2764 5083 καὶ
2787 5030 3318 5102 προσυπακουόντιυν
3351 5028 3550 5093 ἔξωθεν
3582 5029 3662 5091 τὸ,
3693 5028 3774 5079 ἵνα

2204 5126 2278 5196 μὴ
2310 5119 2442 5178 ὦσιν
2465 5127 2639 5178 ὁποῖοι
2673 5125 2766 5178 καὶ
2802 5118 2943 5194 ἦσαν
2975 5122 3260 5194 πρότερον,
3282 5123 3374 5176 καὶ
3400 5122 3486 5175 ἵνα
3509 5121 3583 5192 μὴ
3605 5121 3774 5191 ὑπάρ-

2198 5231 2363 5285 χωσιν
2391 5217 2449 5268 ἐν
2552 5215 2848 5284 ἐτύγχανον
2882 5213 3047 5268 πάλαι
3075 5213 3225 5285 παρὰ
3249 5212 3324 5282 τῷ
3361 5211 3480 5282 Θεῷ
3515 5214 3645 5282 τιμῇ
3665 5228 3679 5242 ·
3712 5206 3774 5277 ἧς

2197 5307 2588 5380 ἀφαιρεθείσης
2648 5307 2861 5373 αὐτῶν,
2909 5307 3001 5360 καὶ
3049 5305 3158 5358 τῶν
3211 5305 3377 5358 πάλαι
3429 5303 3771 5376 ὑπαρχόντων

2196 5400 2380 5464 αὑτοῖς
2421 5397 2726 5473 ἀρθέντων,
2759 5399 2958 5470 γυμνοὶ
3019 5397 3471 5466 καταλειφθέντες
3517 5395 3611 5448 καὶ
3651 5411 3772 5446 7.1-:-

2194 5490 2505 5560 ενεχοέντες
2538 5491 2646 5544 ἀπὺ
2683 5490 2777 5544 τοῦ
2818 5490 2984 5559 ὕψους
3013 5489 3110 5559 τῆς
3144 5485 3522 5558 ὑπερηφανίας
3564 5481 3767 5546 αὐτῶν,

2193 5581 2704 5654 διασκορπισθέντες
2747 5600 2805 5635 τε
2861 5584 2942 5645 εἰς
2991 5581 3168 5634 πάντα
3217 5580 3282 5632 τὰ
3329 5578 3490 5646 ἔθνη,
3535 5578 3770 5646 ἔγνωσαν
