4100 6514
314 271 420 331 δω

1445 260 1946 329 COMMENTARIA
1988 272 2056 328 lN
2095 266 2434 330 PSALMOS.

3470 271 3576 328 550

313 390 500 454 αὐτοῖς
525 386 726 461 ἔργοις,
752 386 834 441 ὅτι
868 387 896 440 ὁ
924 385 1089 442 πάλαι
1121 387 1254 451 Θεὸς
1297 388 1492 441 Ἰακὼὸ
1517 390 1891 460 χρηματίζων,

2014 392 2142 443 tiam
2175 391 2502 458 prwvaluisti
2535 406 2651 444 cum
2685 387 2815 455 Deo,
2849 398 2898 444 et
2925 406 3042 445 cum
3065 389 3360 444 hominibus
3391 400 3576 458 potens

308 476 470 544 οὗτος
495 480 656 542 αὐτὸς
703 478 956 542 δεσπόζει
1005 477 1191 530 οὐκέτι
1229 476 1322 530 τοῦ
1374 475 1569 529 Ἰακὼὸ
1591 516 1606 541 ,
1649 476 1768 530 οὐδὲ
1803 476 1900 530 τοῦ

289 629 293 634 ,
326 572 566 643 Ἰσραὴλ,
601 570 739 624 ἀλλὰ
783 570 1002 623 πάντων
1051 568 1160 622 τῶν
1193 568 1446 640 περάτων
1473 569 1574 639 τῆς
1608 569 1734 639 γῆς.
1770 567 1902 622 Θεὸν

311 669 368 721 δὲ
403 665 601 719 Ἰακὼϐ
631 664 724 718 καὶ
755 663 851 717 νῦν
888 661 1162 734 εὐκαίρως
1213 661 1496 732 ὠνόμασε,
1538 660 1630 713 τὸν
1672 660 1904 731 Χριστὸν

311 758 593 829 δηλώσας·
626 754 787 817 αὐτὸς
814 754 923 825 γὰρ
963 747 1032 824 ἦν
1061 754 1090 806 ό
1123 753 1180 805 ἐν
1226 750 1514 823 ἀνθρώπου
1561 751 1800 820 σχήματί
1843 766 1903 802 τε

313 849 410 903 καὶ
441 850 622 920 μορφῇ
669 846 747 917 τῷ
790 843 1106 916 πατριάρχῃ
1143 841 1338 896 Ἰακὼῦ
1379 842 1600 912 ὀφθεὶς,
1637 842 1724 895 ὅτε
1765 841 1901 895 ἐπά-

313 942 466 995 λαιεν
496 939 784 1010 ἄνθρωπος
831 937 951 1008 μετ’
993 933 1182 989 αὑτοῦ.
1231 933 1607 1005 Μετονομάζει
1653 951 1712 986 τε
1743 933 1903 986 αὐτὸν

313 1033 493 1103 λέγων
513 1049 526 1062 ·
564 1029 779 1084 Οὐκέτι
813 1028 1181 1097 κληθήσεται
1213 1025 1281 1080 τὸ
1315 1024 1505 1096 ὄνομά
1534 1042 1652 1080 σου
1685 1023 1901 1088 Ἰακὼϐ,

312 1126 452 1180 ἀλλ’
487 1121 725 1190 Ἰσραὴλ
759 1121 928 1176 ἔσται
955 1119 1021 1173 τὸ
1047 1117 1235 1188 ὄνομά
1261 1133 1377 1172 σου
1399 1135 1413 1148 ·
1449 1117 1537 1171 ὅτι
1567 1117 1905 1186 ἐνίσχυσας

308 1214 462 1282 μετὰ
514 1213 622 1267 τοῦ
678 1211 862 1274 Θεοῦ,
903 1210 1003 1263 καὶ
1047 1207 1197 1279 μετὰ
1246 1207 1572 1276 ἀνθρώπων
1621 1206 1899 1272 δυνατός.

314 1303 486 1368 Αὐτὸς
513 1300 606 1358 οὖν
632 1303 840 1366 ἐκεῖνος
867 1304 894 1356 ό
923 1301 1000 1370 τῷ
1035 1299 1230 1354 Ἰακὼό
1254 1298 1602 1371 χρηματίσας
1631 1297 1764 1360 Θεὸς
1792 1296 1903 1350 τῶν

315 1397 570 1468 περάτων
601 1394 700 1466 τῆς
731 1395 834 1464 γῆς
867 1393 1020 1463 ἄρξει
1051 1388 1730 1462 κυριολογούμενοςπαρὰ
1770 1388 1904 1442 πᾶσι

316 1489 429 1552 τοῖς
474 1486 675 1548 ἔθνεσι,
719 1485 985 1554 δεσπότης
1011 1499 1072 1535 τε
1107 1481 1201 1535 καὶ
1236 1481 1438 1553 Κύριος
1480 1469 1918 1552 ὀνομαζόμενος.¹

320 1581 504 1650 Ἀπερ
531 1579 619 1632 ἵνα
660 1574 959 1648 ὀφθαλμοῖς
1009 1573 1399 1647 παραλάϐωσιν
1441 1573 1493 1626 oi
1533 1572 1902 1645 ἀρνησάμενοι

313 1671 503 1734 αὑτὸν,
537 1664 849 1739 ἀναγκαίως
871 1666 1192 1738 προείρηται
1209 1679 1248 1695 ’⁸
1270 1659 1369 1733 Μὴ
1409 1663 1769 1730 ἀποκτείνῃς
1793 1663 1900 1716 αὑ·-

2001 483 2104 536 eris
2125 483 2190 534 ⁸⁸.
2219 483 2270 537 Is
2300 483 2415 551 ipse
2446 482 2612 553 igitur
2641 482 2735 552 qui
2772 481 2915 540 Deus
2955 481 3124 537 Jacob
3156 483 3477 544 vocabatur,
3515 481 3578 536 li-

2001 573 2166 628 nibus
2204 582 2364 628 terra:
2407 573 2798 639 dominabitur,
2850 575 3103 645 apudque
3138 554 3340 628 omnes
3387 579 3577 644 gentes

2003 663 2270 721 Dominus
2315 666 2676 737 princepsque
2721 667 3027 722 vocabitur.
3071 663 3227 731 Quod
3281 674 3341 718 ut
3402 663 3578 718 oculis

2004 752 2309 824 percipiant
2363 754 2399 808 ii
2451 756 2546 825 qui
2580 755 2776 825 ipsum
2837 753 3202 826 abnegarunt,
3261 755 3579 810 necessario

2005 847 2350 915 praemissum
2401 846 2503 902 fuit
2551 848 2723 903 illud:
2755 846 2838 903 Ne
2883 847 3094 901 occidas
3143 864 3252 910 eos,
3305 843 3582 916 nequando

2005 937 2384 992 obliviscantur
2423 941 2602 1008 populi
2643 940 2784 1004 mei;
2817 939 2906 994 hic
2947 954 3097 1000 vero,
3150 937 3219 991 Et
3259 934 3424 992 scient
3457 938 3582 1004 quia

2006 1030 2146 1085 Deus
2173 1031 2341 1086 Iacob
2373 1031 2736 1086 dominabitur
2767 1032 2954 1100 ﬁnium
2997 1043 3169 1086 terra.
3204 1029 3586 1086 Converlentur

2005 1122 2074 1174 ad
2107 1139 2394 1192 vesperam,
2431 1133 2479 1177 et
2519 1124 2713 1192 famem
2745 1125 3024 1192 patientur,
3060 1132 3118 1176 ut
3171 1119 3342 1188 canis,
3391 1131 3440 1177 et
3477 1121 3578 1176 cir-

2004 1211 2220 1264 cuibunt
2253 1212 2538 1267 civitatem.
2573 1211 2841 1267 Nimirum
2878 1211 2945 1266 ad
2987 1211 3457 1266 conﬁrmationem
3490 1227 3585 1266 eo-

2006 1318 2149 1367 rum,
2191 1319 2311 1374 quae
2341 1320 2506 1375 supra
2550 1305 2783 1367 dixerat,
2832 1319 3139 1360 sermonem
3171 1305 3388 1375 repetit,
3433 1320 3584 1360 eam-

2005 1393 2238 1464 demque
2285 1395 2626 1465 pr0phetiam
2673 1397 2926 1459 resumit,
2975 1410 3040 1450 ac
3073 1396 3408 1450 vaticinatur
3461 1411 3580 1456 eos.

2005 1498 2114 1536 non
2143 1484 2212 1538 de
2250 1483 2431 1539 medio
2470 1484 2752 1538 hominum
2787 1485 3077 1547 tollendos,
3107 1485 3286 1554 neque
3331 1483 3586 1538 occiden-

2005 1571 2106 1627 dos
2129 1613 2142 1634 ,
2180 1573 2273 1628 sed
2309 1589 2651 1636 reversuros,
2685 1574 2736 1627 id
2771 1583 2855 1629 est
2906 1573 2974 1628 ad
3015 1589 3238 1630 sensum
3269 1574 3488 1629 tandem
3531 1582 3585 1629 et

2004 1679 2232 1734 vespere
2291 1663 2588 1720 redituros.
2637 1665 2707 1718 Et
2748 1666 2943 1735 famem
2994 1669 3265 1735 patientur
3305 1675 3365 1720 ut
3403 1660 3584 1730 canis;

311 1763 492 1826 τοὺς.
535 1761 772 1830 μήποτε
809 1747 1204 1813 ἐπιλάθωνται
1248 1753 1356 1809 τοῦ
1405 1753 1562 1808 λαοῦ
1608 1769 1764 1822 μου·
1810 1752 1905 1806 καὶ

2014 1755 2142 1822 sive,
2177 1757 2478 1811 secundum
2509 1757 2783 1828 Aquilam,
2815 1757 3281 1812 tumultuabuntur
3311 1763 3369 1812 ut
3403 1759 3584 1823 canis;

311 1853 545 1908 ἐνταῦθα
565 1872 578 1884 ·
611 1852 721 1906 Kal
754 1850 1106 1921 γνώσονται,
1144 1839 1233 1902 ὅτι
1271 1841 1542 1906 δεσπόζει
1571 1843 1690 1899 τῶν
1717 1843 1897 1912 περά-

2014 1854 2121 1909 aut,
2155 1848 2456 1902 secundum
2493 1847 2908 1920 Symmachum,
2935 1849 3290 1904 turbabuntur
3318 1860 3375 1904 ut
3406 1867 3584 1914 canes,

312 1964 433 2001 των
461 1945 570 2012 τῆς
599 1944 714 2014 τῆς
747 1947 780 1998 ό
812 1942 957 2009 Θεὸς
993 1939 1211 1995 Ἰακώϐ.
1269 1932 1774 2006 Ἐπιστρέψουσιν
1809 1937 1897 2001 εις

2014 1945 2049 1990 ει
2094 1937 2388 1991 circuibunt
2438 1939 2732 1995 civitatem.
2776 1939 2903 1996 Haec
2941 1956 3109 2012 porro
3160 1942 3416 2012 superius
3448 1957 3587 2012 quo-

311 2034 581 2105 ἑσπέραν
612 2035 707 2089 καὶ
763 2032 1135 2104 λιμώεουσιν
1175 2031 1256 2097 ὡς
1292 2023 1482 2092 κύων,
1533 2027 1632 2081 καὶ
1670 2023 1898 2082 κυκλώ-

2014 2043 2110 2098 que
2164 2029 2723 2098 praenuntiabautur:
2761 2032 2855 2087 se'd
2890 2033 2962 2086 ibi
3003 2037 3191 2102 postea
3247 2049 3413 2090 causa
3456 2029 3589 2090 sub-

311 2145 496 2183 σουσι
525 2127 726 2180 πόλιν.
760 2127 852 2189 Είς
886 2123 1176 2195 βεϐαίωσιν
1201 2121 1307 2176 τῶν
1336 2118 1736 2194 προλεχθέντων
1773 2120 1896 2174 δευ-

2023 2123 2247 2192 ungitur
2294 2122 2380 2177 his
2429 2123 2649 2178 verbis:
2691 2122 2824 2177 Ecce
2853 2124 3131 2194 loquentur
3173 2117 3227 2179 in
3260 2135 3349 2180 ore
3379 2143 3495 2189 suo,
3538 2132 3589 2181 et

311 2223 460 2292 τεροῖ
491 2218 583 2272 τὸν
615 2217 795 2286 λόγον,
831 2207 1187 2270 ἐπαναλαόὼν
1213 2215 1311 2286 τὴν
1339 2209 1510 2286 αὐτὴν
1537 2213 1896 2284 προφητείαν,

2014 2212 2208 2280 gladius
2241 2213 2295 2266 in
2321 2210 2476 2266 labiis
2499 2229 2700 2278 eorum,
2734 2225 2785 2267 et
2848 2221 3057 2284 propter
3077 2215 3324 2270 delictum
3357 2218 3465 2270 oris
3495 2235 3586 2271 eo--

311 2311 563 2375 θεσπίζει
607 2328 690 2373 τε,
726 2311 807 2363 ὅτι
856 2299 956 2362 οὐκ
997 2303 1459 2378 ἀφανισθήσὸνται
1508 2300 1565 2373 ἐξ
1596 2304 1900 2376 ἀνθρώπων

2014 2318 2140 2366 rum,
2176 2313 2226 2357 et
2254 2317 2543 2358 sermonem
2567 2305 2828 2359 labiorum
2865 2309 3141 2376 ipsorum;
3171 2309 3261 2362 hic
3300 2325 3432 2362 vero
3462 2316 3584 2378 post

311 2394 435 2456 esse
465 2399 1005 2472 ἀποκτανθήσονται,
1041 2389 1428 2469 ἐπιστρέφουσι
1479 2391 1534 2450 δὲ
1556 2437 1569 2460 ,
1599 2395 1898 2460 τουτέστιν,

2014 2396 2159 2459 illud,
2192 2406 2556 2451 convertentur
2587 2397 2656 2450 ad
2699 2415 2989 2467 vesperam,
3021 2405 3072 2453 et
3097 2399 3290 2466 famem
3318 2400 3590 2467 patientur

313 2495 395 2556 είς
437 2491 790 2561 συναίσθησιν
830 2489 1140 2541 ἐλεύσονται
1181 2485 1278 2556 ὀψέ
1314 2504 1444 2539 ποτε
1478 2486 1571 2540 καὶ⁸
1619 2485 1858 2556 ἑσπέραν
1883 2499 1898 2515 ·

2014 2497 2061 2540 ιιι
2092 2489 2260 2552 canis,
2293 2497 2340 2543 et
2379 2489 2674 2552 circuibunt
2705 2490 2992 2553 civitatem,
3027 2489 3306 2560 adjicitur,
3346 2491 3448 2559 ipsi
3475 2491 3590 2544 dis-

313 2580 658 2651 Λιμὼξουσι
707 2595 772 2633 τε
818 2579 900 2643 ὡς
949 2577 1141 2630 κύων·
1193 2575 1253 2646 ἢ,
1289 2573 1430 2628 κατὰ
1488 2573 1580 2627 τὸν
1636 2571 1900 2636 Ἀκύλαν,

2014 2589 2278 2648 urgentur
2326 2577 2396 2632 ad
2446 2578 2875 2632 manducandum
2927 2595 2946 2632 :
2985 2581 3033 2632 ai
3080 2595 3198 2633 vero
3245 2597 3350 2634 non
3392 2581 3592 2650 fuerint

327 2669 732 2740 ὀχλὰσουσιν
778 2668 859 2734 ὡς
904 2667 1092 2720 κύων·
1136 2665 1196 2736 ἢ,
1235 2663 1378 2717 κατὰ
1423 2663 1515 2715 τὸν
1569 2661 1899 2732 Σύμμαχον,

2014 2672 2260 2733 naturali,
2291 2681 2340 2725 et
2365 2669 2796 2724 murmurabunt.
2825 2669 2930 2724 Pro
2958 2687 3068 2740 quo
3098 2669 3460 2742 Symmachus
3483 2671 3589 2725 hac

316 2758 840 2829 Θορυϐηυὴσοντιιι
881 2759 963 2823 ὡς
1000 2750 1205 2823 κύνες,
1234 2755 1333 2808 καὶ
1380 2751 1904 2822 περικυκλώσουσι

2014 2763 2220 2817 ratione
2239 2763 2629 2831 interpretatus
2648 2772 2734 2817 est
2761 2783 2773 2817 :
2807 2761 3164 2832 Deflectantur
3183 2764 3236 2816 in
3258 2763 3362 2826 die,
3397 2763 3590 2816 tumul—

314 2849 517 2902 :sztr.
543 2846 731 2902 Ταῦτα
759 2846 816 2900 δέ
843 2846 936 2900 καὶ
967 2845 1056 2899 διὰ
1084 2847 1192 2898 τῶν
1216 2843 1526 2916 ἔμπροσθεν
1559 2839 1902 2905 ἐθεσπίζετο·

2014 2861 2224 2905 tuentur
2257 2861 2312 2903 ut
2345 2868 2501 2906 canes
2543 2853 2928 2907 circumeuntes
2977 2853 3241 2905 civitatem
3266 2851 3586 2922 vogabundi,

313 2937 429 2994 ἀλλ’
463 2941 581 2993 ἐκεῖ
620 2939 720 3008 μὲν
765 2937 1061 3009 ἀνεφέρετο
1089 2933 1216 3008 ἐξῆς
1247 2938 1281 3008 ἡ
1328 2935 1479 2988 αίτία
1521 2935 1580 2988 ἐν
1612 2933 1710 3005 τῷ,
1761 2927 1908 2989 Ἰδοὺ

2014 2958 2074 2995 ne
2119 2943 2364 2995 insatiati
2413 2951 2738 3010 pernocteut.
2776 2941 3020 3012 Dispersi
3069 2942 3255 3013 itaque
3301 2941 3358 2996 in
3399 2957 3593 2996 omnes

314 3029 795 3101 ἐποφθέγξονται
822 3027 903 3094 τῷ
939 3029 1190 3098 στόματι
1232 3025 1432 3081 αὐτῶν
1453 3064 1469 3089 ,
1507 3025 1603 3080 καὶ
1641 3025 1908 3094 ῥομφαία

2014 3040 2227 3103 gentes,
2275 3034 2451 3086 instar
2487 3048 2688 3088 canum
2745 3033 3123 3088 famelicorum
3175 3047 3357 3088 escam
3395 3034 3592 3103 quaeri-

313 3123 386 3176 ἐν
410 3121 532 3189 τοῖς
555 3122 826 3191 χείλεσιν
853 3118 1052 3175 αὐτῶν
1070 3160 1086 3185 ,
1117 3119 1215 3172 καὶ
1245 3118 1320 3172 δι’
1355 3115 1650 3188 ἁμαρτίαν
1684 3119 1906 3186 στόμα-

2014 3133 2126 3179 tant
2162 3143 2174 3180 :
2212 3140 2278 3180 ac
2326 3141 2438 3180 non
2480 3133 2698 3196 reperto
2745 3124 3058 3180 rationabili
3110 3124 3256 3185 cibo.
3304 3123 3586 3179 deﬁciunt.

315 3232 421 3280 τος
466 3212 686 3278 αὐτῶν,
735 3213 834 3267 καὶ
872 3213 1061 3282 λόγον
1103 3210 1356 3281 χειλέων
1399 3208 1631 3264 αὐτῶν·
1670 3207 1904 3263 ἐνταῦθα

315 3307 373 3360 δέ
428 3306 566 3377 μετὰ
607 3306 704 3370 τὸ,
765 3303 1279 3373 Ἐπιστρέψουσιν
1322 3304 1412 3370 εις
1458 3301 1757 3371 ἑσπέραν,
1803 3300 1902 3355 καὶ

315 3400 692 3470 ,ιιμὼξουσιν
735 3399 817 3464 ὡς
859 3398 1055 3461 κύων,
1093 3395 1192 3450 καὶ
1247 3395 1636 3451 κυκλώσουσι
1685 3396 1903 3457 πόλιν,

316 3493 679 3563 ἐπενήνεκται
700 3509 716 3524 ·
747 3490 928 3546 Αὐτοὶ
957 3487 1616 3557 διασκορπισθήσονται
1648 3485 1756 3540 τοῦ
1791 3503 1907 3555 φα-

315 3582 474 3652 γεῖν·
503 3583 613 3636 ἐὰν
655 3581 724 3636 δὲ
763 3581 851 3652 μὴ
900 3581 1282 3650 χορτασθῶσι
1337 3580 1435 3634 καὶ
1479 3579 1902 3651 γογγύσουσιν.

329 3674 472 3727 Ἀνθ’
500 3667 562 3727 οὗ
587 3676 616 3727 ό
653 3674 952 3746 Σύμμαχος
980 3673 1168 3727 τοῦτον
1194 3673 1509 3744 ἡρμήνευσε
1549 3671 1640 3725 τὸν
1667 3671 1868 3743 τρόπον
1887 3687 1902 3701 ·

2011 3214 2167 3280 Quod
2198 3215 2245 3268 si
2286 3213 2509 3284 quando
2548 3229 2614 3270 ex
2655 3214 2802 3269 nuda
2831 3213 3139 3268 divinarum
3182 3212 3592 3283 Scripturarum

2011 3307 2244 3361 lectione
2274 3306 2457 3361 cibum
2487 3305 2742 3376 capiant;
2770 3311 3008 3359 attamen
3040 3318 3220 3374 neque
3248 3302 3462 3356 ﬁrmum
3499 3317 3596 3355 nc-

2011 3413 2119 3469 que
2140 3397 2414 3452 viviﬁcum
2440 3412 2636 3468 panem
2661 3396 3039 3468 degustantes,
3071 3394 3312 3450 insatiati
3337 3401 3591 3447 manent:

2012 3505 2122 3544 non
2179 3490 2410 3545 saturati
2469 3504 2643 3554 vero,
2687 3494 3079 3554 murmurant,
3132 3471 3593 3558 quemadmodum

2011 3582 2140 3637 olim
2196 3583 2251 3636 in
2307 3581 2528 3636 deserto
2585 3585 3028 3635 murmurarunt.
3075 3577 3214 3632 Nam
3263 3577 3319 3632 id
3359 3576 3495 3647 ipsis
3538 3575 3594 3629 in

2007 3687 2161 3728 more
2193 3672 2311 3728 fuit.
2344 3671 2527 3739 Quare
2554 3671 2635 3728 sic
2658 3687 2760 3728 nos
2784 3670 3083 3741 Apostolus
3116 3669 3415 3740 alloquitur
3440 3687 3454 3724 τ
3483 3667 3598 3722 Ne-

329 3766 900 3836 Ἁνακαμπτέτωσαν
935 3767 1023 3832 είς
1069 3763 1319 3834 ἡμέραν,
1359 3764 1797 3832 θορυϐείτωσαν
1825 3762 1906 3828 ὡς

2014 3780 2104 3835 que
2136 3763 2614 3824 murmuraveritis,
2647 3763 2786 3816 sicut
2817 3760 3038 3832 quidam
3066 3775 3248 3815 eorum
3293 3775 3600 3813 murmura-

316 3859 503 3925 κύνες
523 3898 536 3921 ,
565 3862 1009 3928 περιερχόμενοι
1043 3859 1226 3913 πόλιν
1253 3857 1607 3926 ρεμόὀμενοι
1627 3895 1642 3920 ,
1684 3855 1785 3908 ἵνα
1811 3854 1899 3924 μὴ

2014 3863 2209 3917 verunt,
2241 3863 2290 3908 et
2320 3870 2353 3907 a
2388 3852 2710 3921 serpentibus
2742 3853 3008 3922 perierunt
3027 3851 3093 3907 ⁸⁹.

313 3953 678 4023 ἀχόρταστοι
741 3951 1102 4006 αὐλισθῶσι.
1171 3948 1699 4022 Διασκορπισθέντες
1734 3947 1867 4018 γοῦν
1894 3951 1974 4012 εἰς
2012 3948 2192 4002 πάντα
2227 3948 2294 4002 τά
2341 3947 2472 4018 ἔθνη
2514 3948 2673 4020 δίκην
2725 3947 2904 4002 κυνῶν
2952 3946 3330 4019 λιμωττόντων
3376 3945 3599 4017 ζητοῦσι

313 4043 412 4097 τοῦ
469 4045 703 4113 φαγεῖν·
766 4042 840 4114 μὴ
888 4043 1235 4116 εὑρίσκοντες
1287 4043 1344 4096 δὲ
1395 4042 1602 4114 τροφὴν
1643 4042 1905 4115 λογικὴν,
1964 4041 2330 4097 ἐκλείπουσιν.
2373 4042 2436 4096 El
2481 4042 2538 4096 δὲ
2585 4041 2678 4096 καί
2717 4057 2848 4094 ποτε
2905 4039 3216 4112 ἀπὸ-ψιλῆς
3258 4039 3368 4094 τῶν
3441 4038 3601 4092 θείων

316 4139 554 4211 Γραφῶν
606 4135 967 4208 ἀναγνώσεως
1018 4137 1379 4210 μεταλάϐοιεν
1460 4137 1703 4211 τροφῆς,
1772 4138 1923 4209 ὅμως
1947 4177 1962 4202 ,
2025 4137 2238 4202 οὐδενὸς
2293 4135 2522 4210 στερῤοὖ
2597 4135 3103 4207 μεταλαμϐάνοντες
3156 4132 3279 4187 οὔτε
3333 4132 3600 4199 ζωοποιοῦ

315 4227 485 4300 ἄρτου
535 4227 964 4300 ἀπογενόμενοι,
1019 4230 1347 4302 ἀχόρταστοι
1415 4229 1768 4300 διαμένουσι·
1835 4229 1912 4301 μὴ
1952 4228 2346 4301 χορταζόμενοι
2397 4229 2484 4294 δὲ,
2522 4227 3060 4298 καταγογγύζουσιν,
3107 4225 3296 4297 ὥσπερ
3334 4223 3428 4278 οὖν
3469 4242 3601 4278 κατ-

317 4323 630 4393 εγόγγυσάν
663 4342 795 4378 ποτε
864 4326 956 4379 ἐπὶ
990 4325 1092 4396 τῆς
1120 4326 1351 4396 ἐρήμου.
1381 4325 1551 4379 Τοῦτο
1589 4325 1698 4396 γὰρ
1730 4326 1913 4390 αὐτοῖς
1952 4327 2125 4378 ποιεῖν
2155 4323 2404 4396 σύνηθες.
2431 4323 2523 4377 Διὸ
2550 4322 2686 4395 πρὸς
2751 4324 2897 4394 ἡμᾶς
2929 4338 3092 4392 φησιν
3132 4321 3162 4374 ό
3239 4319 3558 4382 ’Λπόστολος
3583 4345 3597 4360 ο

316 4413 492 4482 Μηδὲ
523 4413 862 4486 γογγύζητε,
904 4416 1101 4482 καθὼς
1133 4415 1293 4482 τινὲς
1321 4414 1520 4469 αὐτῶν
1545 4415 1908 4486 ἐγόγγυσαν,
1950 4411 2048 4469 καὶ
2083 4414 2396 4469 ἀπώλοντο
2433 4411 2554 4468 ὑπὸ
2581 4411 2700 4466 τῶν
2728 4412 2945 4482 ὄφεων.

331 4577 343 4590 ι
403 4507 556 4578 Ἐγὼ
587 4508 656 4562 δὲ
692 4508 913 4579 ᾄσομαι
946 4509 1064 4578 τὴν
1103 4508 1361 4579 δύναμιν
1390 4525 1536 4572 σου,
1587 4507 1688 4562 καὶ
1731 4509 1908 4578 ἀγαλ-

2094 4506 2260 4562 νειιε.
2310 4507 2398 4570 1³7,
2451 4505 2538 4561 l8.
2577 4504 2694 4576 Ego
2746 4515 2923 4562 autem
2969 4502 3193 4558 cantabo
3235 4501 3602 4570 fortitudinem

317 4600 610 4669 λιάσομαι
655 4601 738 4666 τῷ
779 4601 926 4669 πρωὶ
964 4601 1029 4654 τὸ
1073 4601 1246 4666 ἔλεός
1292 4615 1442 4654 σου·
1491 4599 1582 4652 ὅτι
1625 4598 1916 4669 ἐγενήθης

318 4690 706 4760 ἁντιλήπτωρ
751 4708 873 4761 μου
915 4691 1014 4745 καὶ
1069 4690 1385 4761 καταφυγή
1429 4708 1550 4760 μου
1608 4691 1679 4744 ἐν
1724 4689 1916 4759 ἡμέρᾳ

319 4783 590 4852 (λλί-ψεώς
616 4802 748 4850 μου.
797 4784 1026 4851 Βοηθός
1071 4802 1211 4852 μου,
1243 4783 1340 4837 σοί
1390 4781 1568 4852 ψαλῶ
1593 4823 1608 4842 ,
1652 4783 1740 4836 ὅτι
1771 4781 1917 4848 Θεὸς

318 4875 707 4944 ἀντιλήπτωρ
755 4895 876 4945 μου
922 4872 995 4940 εἷ,
1031 4879 1064 4930 ό
1100 4877 1243 4942 Θεός
1278 4893 1397 4945 μου
1437 4875 1504 4929 τὸ
1551 4875 1718 4940 ἔλεός
1773 4891 1913 4944 μου.

321 4967 516 5023 Ταῦτα
547 4968 646 5038 μὲν
678 4964 770 5021 οὖν
799 4969 847 5021 οἱ
889 4969 1288 5031 ἐπαναστάντες
1327 4985 1417 5038 μοι
1453 4967 1766 5020 πείσονται·
1806 4964 1918 5034 ἐγὼ

321 5060 378 5112 ὁὶ
414 5059 514 5130 τὴν
541 5059 772 5132 δύναμίν
814 5077 908 5112 σου
938 5059 1030 5112 τοῦ
1070 5058 1205 5130 ἐμοῦ
1251 5058 1463 5130 Πατρὸς
1497 5058 1720 5130 ᾄσομαι.
1752 5056 1920 5124 Λέγε-

321 5169 416 5205 ται
450 5151 507 5204 δέ
540 5152 714 5206 ταῦτα
746 5153 810 5206 ἐκ
858 5151 1153 5224 προσώπου
1194 5151 1286 5205 τοῦ
1314 5152 1566 5223 Σωτῆρος
1600 5147 1921 5222 προφητικῷ

331 5243 642 5313 πνεύματι,
693 5243 769 5307 ὼς
828 5245 921 5298 καὶ
983 5246 1042 5297 ἐν
1087 5243 1294 5315 ἑτέροις
1343 5243 1562 5311 ἐλέγετο
1609 5241 1668 5308 ἐξ
1717 5239 1918 5296 αὑτοῦ·

338 5333 680 5402 Ἀπαγγελῶ
709 5333 776 5388 τὸ
815 5333 1008 5404 ὄνομὰ
1037 5351 1153 5388 σου
1192 5333 1317 5400 τοῖς
1359 5331 1642 5402 ἀδελφοῖς
1671 5350 1815 5402 μου,
1855 5334 1925 5387 ἐν

323 5423 497 5494 μέσῳ
530 5425 898 5493 Ἐκκλησίας
930 5425 1181 5493 ὑμνήσω
1213 5441 1306 5480 σε.
1347 5425 1453 5479 Καὶ
1481 5423 1922 5494 ἁγαλλιὰσομιιι

328 5518 421 5584 δὲ,
459 5518 615 5588 φησὶ,
652 5517 730 5584 τῷ
762 5518 906 5586 πρωί
940 5518 1004 5570 τὸ
1038 5519 1211 5584 ἔλεός
1230 5535 1346 5572 σου
1369 5535 1381 5548 ·
1415 5518 1552 5587 ὅπερ
1575 5516 1604 5568 ὁ
1627 5514 1923 5586 Σύμμαχος

2023 4609 2193 4662 tuam,
2223 4607 2271 4652 et
2309 4595 2586 4652 exsultabo
2629 4613 2784 4650 mane
2820 4593 3237 4648 misericordiam
3272 4601 3438 4656 tuam,
3476 4593 3602 4662 quia

2022 4689 2196 4758 factus
2239 4703 2294 4741 es
2331 4695 2605 4754 susceptor
2633 4701 2803 4748 meus,
2837 4693 2886 4738 et
2917 4684 3176 4752 refugium
3211 4697 3383 4735 meum
3431 4682 3488 4734 in
3518 4681 3604 4735 die

2023 4779 2384 4834 tribulationis
2420 4794 2566 4832 meae.
2599 4775 2831 4844 Adjutor
2873 4792 3020 4829 meus
3051 4774 3145 4827 tibi
3185 4771 3440 4851 psallam,
3479 4774 3604 4842 quia

2025 4871 2164 4926 Deus
2209 4878 2478 4940 susceptor
2529 4885 2674 4922 meus
2720 4885 2799 4934 es,
2856 4866 2999 4921 Deus
3042 4883 3185 4920 meus
3236 4865 3604 4920 misericordia

2023 4980 2158 5016 mea.
2182 4960 2308 5016 llaac
2331 4961 2514 5032 itaque
2535 4960 2813 5030 patientur
2837 4959 2930 5030 qui
2956 4958 3377 5013 insurrexerunt
3407 4958 3461 5012 iu
3497 4973 3603 5012 me.

2033 5053 2142 5124 ligo
2171 5067 2302 5108 vero
2331 5059 2478 5105 tuam
2510 5050 2692 5107 Patris
2725 5051 2831 5106 mei
2871 5049 3308 5106 misericordiam
3347 5049 3604 5105 cantabo.

2027 5144 2159 5211 Quae
2207 5143 2528 5215 prophetico
2562 5143 2760 5215 spiritu
2803 5158 2870 5200 ex
2905 5158 3138 5214 persona
3182 5141 3487 5197 Salvatoris
3526 5140 3610 5194 di-

2032 5243 2272 5301 cuntur;
2300 5243 2361 5290 ut
2400 5244 2454 5290 et
2481 5236 2608 5291 alibi
2634 5251 2699 5290 ex
2733 5234 2978 5305 ejusdem
3012 5250 3245 5306 persona
3279 5235 3602 5288 (liCt'ballll‘:

2044 5328 2284 5382 Var-rabo
2321 5345 2508 5382 nomen
2533 5338 2679 5382 tuum
2714 5327 2972 5394 fratribus
3019 5328 3170 5391 meis,
3216 5327 3270 5380 in
3304 5325 3470 5378 medio
3503 5319 3607 5373 Ec-

2029 5421 2202 5475 clesia:
2225 5418 2453 5473 laudabo
2496 5421 2625 5474 te”.
2669 5419 2733 5474 Et
2757 5418 3058 5482 exsultabo,
3095 5418 3294 5487 inquit,
3327 5429 3477 5468 mane
3507 5413 3605 5465 mi-

2031 5511 2375 5566 sericordiam
2412 5520 2602 5567 tuam:
2642 5511 2787 5584 quod
2818 5512 2894 5566 ita
2931 5509 3295 5581 Symmachus
3338 5506 3602 5573 interpre-

404 5701 449 5730 ⁸³
490 5698 619 5752 Gen.
662 5715 847 5764 X\'X‘I,
879 5699 967 5754 9.8.
1045 5700 1088 5729 “9
1131 5697 1308 5752 lC-Jt‘.
1350 5713 1402 5762 Χ,
1445 5696 1528 5752 10.
1605 5695 1651 5727 ⁹⁶
1691 5692 1835 5750 Psal.
1874 5706 2001 5759 nl,
2034 5688 2123 5745 ‘33.
