4100 6518
406 694 407 697 η
506 643 606 699 per
639 636 813 683 totum
863 628 1051 683 orbem
1084 628 1331 685 diluculo
1365 632 1635 686 celebrari
1675 633 1921 696 solitum,
1957 647 2082 701 pro-

501 324 603 383 55:
1216 312 1486 383 EUSEBII
1522 322 2001 381 ωεδΑῐιιεΝειδ
2034 324 2076 379 ο

2185 365 2187 373 ,
2229 319 2409 377 PARS
2445 319 2533 376 III.
2558 352 2627 362 —
2667 318 3080 377 EXEGETICA.
3672 320 3782 379 552

507 454 656 503 tatus
687 456 790 511 est,
820 459 871 501 et
898 446 1168 501 celebrabo
1197 446 1434 501 diluculo
1462 446 1879 501 misericordiam
1914 456 2081 500 tuam.

2189 446 2535 517 ἡρμήνευσε·
2595 446 2705 499 Καὶ
2750 444 3001 513 ὑμνήσω
3040 443 3165 498 κατ’
3216 442 3431 512 ὄρθρον
3484 441 3550 497 τὸ
3604 444 3782 511 ἔλεός

507 537 607 593 llis
636 552 802 607 porro
840 538 1048 592 cultum
1095 538 1151 592 in
1198 536 1443 594 Ecclesia
1487 540 1630 608 ejus,
1677 539 1959 595 Dominica
1992 540 2082 595 die

2188 551 2329 591 σου.
2362 536 2628 608 Σημαίνει
2657 536 2714 589 δὲ
2747 536 2836 589 διὰ
2882 535 3073 589 τούτου
3121 534 3477 606 προφητικῶς
3515 536 3617 607 τὴν
3655 538 3780 589 κατ’

2188 626 2381 699 ὄρθρον
2397 627 2491 680 καὶ
2511 626 2631 681 καθ’
2653 627 2888 696 ἑκάστην
2909 626 3122 696 πρωίαν
3132 625 3232 695 τῆς
3248 625 3619 695 ἀναστασίμου
3640 625 3782 695 ἡμέ-

507 718 722 788 pbetice
751 718 975 773 indicat.
1009 717 1143 772 Nam
1179 734 1304 774 cum
1339 721 1563 785 dicitur,
1594 723 1648 776 in
1691 722 1862 776 medio
1896 722 2080 775 Eccle-

2190 734 2291 791 ρας
2320 717 2443 771 καθ’
2474 718 2602 788 ὅλης
2616 718 2715 788 τῆς
2747 717 3069 787 οἰκουμένης
3100 718 3158 769 ὲν
3182 720 3248 788 τῇ
3281 715 3575 786 Ἐκκλησία
3616 714 3781 768 αὐτοῦ

508 808 605 861 δὶα»
622 807 858 861 ίαιιᾱαιγο
898 817 965 871 te,
995 808 1151 864 locus
1178 809 1521 880 signiﬁcatur
1555 813 1608 867 in
1639 827 1748 882 quo
1778 828 1837 867 se
1867 812 2080 867 Patrem

2191 794 2615 881 συντελουμένην
2639 809 2911 881 λατρείαν.
2928 809 3016 861 Ἐν
3041 808 3138 878 μὲν
3165 807 3275 879 γὰρ
3299 806 3376 877 τῷ
3396 806 3518 875 λέγε
3528 804 3669 869 σθαι,
3685 806 3784 859 ‘Er

511 896 918 950 celebraturum
942 897 1197 953 Christus
1226 901 1619 969 pollicebatur;
1645 903 1729 957 bis
1755 912 1937 957 autem
1965 919 2082 957 ver-

2186 901 2355 972 μέσῳ
2407 902 2766 969 Ἐκκλησίας
2811 898 3063 969 ὑμνήσω
3101 917 3208 963 σε,
3244 900 3273 951 ὁ
3317 899 3482 961 τόπος
3528 896 3785 967 ἐδηλοῦτο

509 980 617 1051 bis,
645 994 693 1042 et
732 990 1001 1043 celebrabo
1030 990 1267 1046 diluculo
1298 994 1717 1049 misericordiam
1749 1005 1917 1055 tuam,
1944 1003 2083 1049 tem-

508 1093 614 1148 pus
668 1079 979 1135 declaratur
1019 1100 1129 1152 quo
1176 1094 1460 1154 paternam
1510 1087 1942 1142 misericordiam
1990 1102 2085 1156 per

507 1183 699 1224 omnes
728 1181 917 1240 gentes
967 1174 1195 1232 eti‘usam
1243 1175 1566 1247 Unigenitus
1599 1178 1719 1246 ejus
1773 1194 1869 1248 per
1912 1194 2085 1249 popu-

507 1261 619 1315 lum
653 1278 834 1328 suum,
867 1265 935 1319 de
970 1266 1058 1320 illa
1094 1269 1339 1337 gaudens
1364 1270 1779 1340 exsultansque,
1816 1271 2079 1325 celebrat.

507 1352 574 1406 Et
609 1354 743 1421 haec,
778 1358 976 1426 inquit,
1008 1361 1190 1414 omnia
1227 1362 1451 1416 reddam
1489 1362 1589 1416 tibi
1618 1364 1780 1433 :quia
1819 1363 1992 1431 factus
2030 1379 2083 1415 es

505 1455 779 1513 susceptor
802 1463 945 1501 meus
976 1458 1023 1501 et
1056 1450 1317 1521 refugium
1356 1468 1530 1505 meum
1572 1454 1624 1505 in
1676 1452 1760 1506 die
1784 1452 2085 1506 tribulatio-

509 1536 591 1591 m's
626 1553 770 1590 mean
808 1536 905 1592 liis
933 1539 1133 1609 quippe
1154 1542 1413 1597 omnibus
1436 1558 1467 1595 a
1496 1541 1658 1599 Patre
1684 1542 1969 1598 beneﬁciis
1996 1558 2085 1596 or—

509 1636 690 1689 natus,
719 1626 841 1694 jure
871 1629 1159 1685 celebrabo
1199 1632 1636 1688 misericordiam
1670 1642 1839 1698 tuam,
1876 1648 2086 1704 egoque

508 1715 627 1785 ipse
675 1717 769 1771 tibi
824 1720 1078 1788 psallam,
1126 1724 1250 1791 quia
1284 1723 1458 1785 factus
1509 1741 1565 1777 es
1604 1724 1875 1793 susseptor
1916 1741 2083 1787 meus,

2192 993 2315 1046 καθ’
2344 993 2403 1046 δν
2424 993 2687 1063 ὑμνήσειν
2709 990 2801 1044 τὸν
2834 991 3051 1061 Πατέρα
3076 990 3104 1043 ό
3123 988 3359 1059 Χριστὸς
3379 988 3776 1058 ἐπηγγέλλετο·

2192 1085 2248 1136 ὲν
2274 1083 2330 1135 δὲ
2369 1081 2468 1152 τῷ,
2496 1082 2604 1135 Καὶ
2635 1078 2890 1150 ὑμνήσω
2931 1082 3058 1133 κατ’
3086 1080 3301 1148 ὄρθρον
3326 1079 3391 1133 τὸ
3431 1080 3607 1145 ἔλεός
3639 1096 3780 1143 σου,

2192 1176 2221 1228 ό
2244 1175 2433 1245 χρόνος
2460 1174 2810 1244 παρίσταται,
2832 1176 2889 1226 ὲν
2912 1166 2957 1241 ᾧ
2982 1173 3043 1225 τὸ
3068 1172 3214 1235 ἔλεος
3240 1173 3302 1225 τὸ
3327 1172 3592 1242 πατρικὸν
3617 1173 3677 1225 τὸ
3701 1176 3782 1237 είς

2194 1267 2369 1319 πάντα
2392 1264 2552 1335 χυθὲν
2578 1264 2647 1317 τὰ
2676 1264 2803 1335 ἔθνη
2825 1267 2852 1318 ό
2873 1264 3184 1335 Μονογενὴς
3216 1263 3381 1317 αὐτοῦ
3409 1263 3498 1317 διά
3525 1263 3615 1317 τοῦ
3647 1266 3781 1318 ίδίου

2192 1354 2321 1407 λαοῦ
2349 1356 2509 1426 ὑμνεῖ
2533 1353 2737 1425 χαίρων
2770 1356 2863 1407 καὶ
2895 1352 3299 1425 ἀγαλλιώμενος
3328 1354 3422 1407 ἐπὶ
3451 1354 3645 1425 τούτῳ.
3671 1353 3783 1408 Καὶ

2192 1446 2367 1500 ταῦτα
2404 1447 2461 1499 δὲ
2495 1446 2672 1501 πάντα
2705 1444 2969 1499 ἀποδώσω
2998 1463 3102 1509 σοι,
3139 1446 3333 1516 φησίνο
3365 1446 3456 1499 ὅτι
3489 1447 3783 1517 ἐγενήθης

2192 1535 2571 1605 ἀντιλήπτωρ
2590 1554 2709 1605 μου
2739 1536 2839 1589 καὶ
2870 1534 3181 1604 καταφυγή
3200 1553 3321 1604 μου
3343 1536 3415 1588 ἐν
3440 1535 3628 1605 ἡμέρᾳ
3655 1537 3785 1589 θλί-

2193 1628 2353 1698 ψεὼς
2373 1646 2514 1698 μου.
2552 1624 2769 1681 Τούτων
2797 1626 2906 1697 γὰρ
2944 1626 3198 1680 ἁπάντων
3232 1628 3384 1695 παρά
3424 1625 3520 1679 τοῦ
3568 1617 3784 1698 Πατρὸς

2193 1720 2392 1791 τυχὼν,
2428 1719 2653 1782 εἰκότως
2695 1718 2815 1771 κατ’
2850 1719 3045 1789 ὄρθρον
3087 1719 3315 1789 ὑμνήσω
3351 1718 3442 1770 τὸν
3476 1717 3627 1770 ἔλεόν
3662 1735 3781 1784 σου,

508 1805 649 1859 Deus
703 1824 846 1862 meus
900 1819 948 1862 et
1000 1810 1363 1864 misericordia
1420 1822 1555 1865 mea.
1607 1812 1686 1867 Ex
1730 1813 2082 1869 inferioribus

2188 1812 2279 1864 καί
2313 1829 2395 1864 σοι
2445 1810 2605 1880 ψαλῶ
2635 1807 2797 1873 αὐτὸς
2843 1807 2985 1877 ὲγώ’
3033 1809 3121 1862 ὅτι
3166 1807 3419 1878 γέγονάς
3459 1826 3579 1877 μου
3618 1810 3784 1863 ἀντι-

505 1898 705 1968 quippe
732 1915 892 1953 nemo
930 1903 1210 1972 porrigere
1250 1904 1380 1957 milii
1424 1920 1645 1959 manum
1688 1900 1901 1975 poterat
1936 1926 1949 1960 :
1989 1906 2083 1963 sed

514 1990 755 2054 tu_solus
791 1988 981 2054 Pater,
1009 1993 1102 2062 qui
1135 2009 1301 2063 supra
1344 2012 1430 2049 me
1473 2012 1553 2050 es.
1585 1997 1766 2062 Quare
1790 2014 1875 2053 me
1902 1999 2002 2054 abs
2035 2008 2086 2054 te

504 2079 740 2147 pendere
768 2079 958 2144 fateor,
986 2083 1241 2137 virtutem
1275 2086 1510 2140 cantabo
1536 2096 1706 2150 tuam,
1728 2098 1889 2157 teque
1916 2104 2083 2143 unum

505 2178 875 2237 susceptorem
909 2188 972 2225 ac
1005 2173 1279 2244 refugium
1311 2177 1442 2229 mihi
1470 2178 1764 2231 ascribam.
1798 2178 1891 2233 Ha:
1920 2195 2086 2249 porro

510 2253 811 2311 Salvatoris
845 2274 1007 2314 voces
1052 2261 1279 2327 fuerint,
1315 2267 1472 2334 queis
1516 2266 1774 2336 pietatem
1802 2284 1931 2340 erga
1980 2268 2085 2322 Pa-

504 2364 646 2413 trem
674 2373 833 2413 suum
863 2374 1054 2414 omnes
1083 2358 1331 2414 edoceat.

504 2605 554 2658 l.
589 2605 641 2658 ε.
675 2603 743 2657 IN
784 2602 1012 2667 nam,
1056 2601 1191 2655 PRO
1232 2601 1319 2654 ns
1354 2600 1474 2665 om
1504 2584 2082 2665 IMMUTABUNTUR,

574 2675 643 2728 IN
682 2672 921 2728 'I'ITULI
980 2670 1522 2725 IRSCIHPTIUNEM
1583 2672 1718 2724 lPSl
1759 2669 1973 2724 DAVID
2012 2671 2082 2724 IN

574 2743 1003 2803 DOCTRINAM,
1046 2739 1189 2795 (IUM
1239 2740 1635 2797 SUCCENDI'I‘
1676 2740 2084 2795 MBS‘H’OTA-

570 2813 740 2867 MIHI
786 2812 1013 2867 SYltlAS
1065 2812 1152 2864 ΕΤ
1198 2809 1457 2863 SYRIAM
1509 2810 1751 2874 SOBAI.,
1794 2809 1879 2863 ET
1917 2810 2085 2864 CON-

576 2883 849 2937 VERSUS
890 2881 1057 2935 JUAB
1118 2876 1504 2935 PERCUSSIT
1563 2879 1841 2933 VALLEM
1902 2879 2080 2934 SAL!-

570 2953 815 3007 ΝΑιιυΜ
859 2949 1215 3008 DUODECIM
1247 2951 1479 3004 MILLIA
1511 2949 1645 3003 LIX.

572 3085 744 3140 Vens.
775 3086 893 3141 5-6.
957 3104 973 3134 ι
1021 3084 1197 3149 Deus,
1243 3085 1492 3155 repulisti
1524 3100 1623 3139 nos
1655 3092 1709 3138 et
1758 3082 2079 3139 destruitisti

498 3196 620 3246 nos,
655 3180 826 3234 iratus
874 3193 954 3241 es,
1001 3186 1054 3233 et
1083 3179 1339 3233 misertus
1371 3193 1433 3233 es
1459 3177 1638 3230 nobis.
1673 3197 1691 3229 ι
1731 3174 1831 3230 llic
1865 3192 2082 3246 quoque
2110 3148 2153 3207 δ

496 3287 681 3331 sermo
733 3277 786 3328 in
820 3276 966 3329 tituli
998 3275 1410 3345 inscriptionem
1458 3284 1578 3341 est,
1606 3288 1729 3343 qua:
1763 3281 1942 3325 tamen
1976 3282 2083 3322 non

497 3367 691 3422 eodem
720 3383 831 3437 quo
859 3368 1071 3437 priores
1117 3378 1362 3437 tempore
1399 3366 1749 3437 pronuntiata
1800 3362 1921 3415 fuit.
1982 3359 2085 3413 Illa:

498 3461 701 3529 quippe
729 3460 1025 3530 superstite
1065 3459 1228 3513 Saulc
1248 3501 1264 3525 ,
1296 3458 1530 3514 necdum
1566 3464 1828 3527 regnante
1858 3451 2081 3515 Davidc,

499 3555 727 3623 prolata:
755 3561 903 3608 sunt.
942 3551 1122 3605 Prima
1153 3553 1387 3614 scilicet,
1428 3569 1446 3602 ι
1478 3566 1603 3605 cum
1632 3554 1929 3604 tenuerunt
1957 3561 2082 3600 eum

500 3644 771 3715 Allophyli
803 3646 857 3698 in
893 3643 1028 3698 Getb
1078 3646 1155 3710 9‘;
1192 3664 1209 3696 ι
1247 3644 1487 3698 secunda
1511 3682 1526 3706 ,
1581 3661 1600 3693 ι
1634 3656 1758 3698 cum
1811 3639 2024 3710 fugeret
2053 3652 2083 3689 a

499 3736 638 3791 facie
689 3735 869 3791 Saulis
919 3736 972 3790 iu
1018 3737 1336 3806 speluncam
1366 3728 1451 3800 ";
1490 3751 1508 3786 ι
1540 3742 1854 3804 postrema,
1909 3750 1927 3781 ι
1959 3746 2081 3783 cum

499 3819 647 3883 misit
675 3826 804 3881 Saul
843 3834 896 3881 et
922 3827 1219 3881 custodivit
1251 3826 1474 3881 domum
1522 3826 1643 3894 ejus
1666 3864 1681 3889 ,
1719 3831 1779 3877 ut
1811 3821 2084 3877 interfice-

496 3926 579 3971 ret
606 3934 731 3973 eum
763 3919 829 3973 ”.
869 3936 886 3968 ι
921 3916 1071 3971 llanc
1102 3925 1284 3972 autem
1317 3926 1441 3985 post
1468 3916 1647 3971 Saulis
1668 3916 1912 3978 obitum,
1956 3927 2079 3964 eum

492 4005 603 4074 jam
633 4021 861 4076 regnum
892 4014 1137 4069 teneret,
1180 4016 1484 4075 exactoquc
1508 4006 1621 4075 jam
1656 4005 1806 4074 regni
1839 4012 2082 4072 tempore

498 4099 634 4152 bene
664 4099 854 4159 multo,
873 4099 1098 4151 numine
1127 4098 1340 4153 amatus
1368 4098 1533 4151 David
1560 4097 1750 4152 edidit.
1779 4095 1934 4161 Quod
1966 4096 2081 4165 ipse

494 4190 689 4245 titulus
725 4190 929 4243 iudicat
951 4190 1035 4245 his
1060 4192 1277 4246 verbis:
1314 4212 1332 4242 ι
1367 4191 1500 4244 Cum
1520 4190 1803 4245 succendit
1834 4188 2071 4258 Mesopo-

493 4280 715 4332 tamiam
749 4278 949 4350 Syriae,
986 4290 1039 4335 et
1071 4280 1285 4352 Syriam
1321 4281 1506 4345 Sobal,
1530 4290 1583 4335 et
1611 4297 1911 4336 conversus
1944 4281 2080 4336 Joab

496 4369 768 4439 percussit
797 4371 992 4424 vallem
1022 4370 1332 4425 Salinarum
1375 4372 1662 4427 duodecim
1700 4373 1889 4425 millia.
1926 4394 1943 4425 ›
1986 4371 2074 4426 lli-

493 4462 720 4515 storiam
751 4470 931 4515 autem
957 4463 1203 4518 invenies
1230 4464 1281 4518 in
1316 4463 1562 4519 secundo
1598 4463 1738 4517 libro
1766 4461 2072 4533 Regnorum
2110 4488 2151 4541 ο

493 4551 575 4606 sic
620 4551 953 4623 descriptum
999 4573 1011 4608 :
1074 4572 1091 4603 ι
1134 4552 1195 4607 Et
1243 4555 1515 4625 percussit
1543 4552 1712 4607 David
1740 4553 1984 4607 Adrazar
2010 4554 2073 4607 ﬁ-

493 4641 623 4695 lium
667 4640 801 4697 Jaab
853 4659 1033 4714 regem
1084 4642 1263 4710 Soba,
1297 4660 1420 4698 cum
1454 4644 1733 4714 profectus
1762 4653 1847 4699 est
1877 4655 1935 4697 ut
1966 4660 2075 4697 ma-

492 4745 621 4785 num
655 4731 955 4805 imponeret
989 4734 1054 4787 ad
1081 4732 1303 4787 ﬂuvium
1326 4733 1677 4803 Euphratem.
1710 4742 1763 4789 et
1793 4735 2073 4805 prteripuit

493 4822 569 4876 illi
604 4802 769 4875 David
798 4824 942 4877 mille
969 4838 1189 4886 Currus,
1241 4834 1294 4879 et
1330 4834 1537 4895 septem
1574 4826 1741 4879 millia
1779 4840 2068 4894 equorum,

492 4916 546 4965 et
577 4912 767 4982 viginti
795 4913 961 4966 millia
987 4915 1247 4982 peditum.
1286 4914 1346 4969 Et
1372 4917 1651 4969 enervavit
1683 4914 1849 4971 David
1880 4932 2070 4969 omnes

493 5016 712 5064 currus,
767 5015 820 5057 ct
868 5005 1129 5059 reservati
1167 5014 1293 5060 sunt.
1322 5007 1369 5061 ei
1414 5024 1479 5061 ex
1517 5007 1650 5077 ipsis
1684 5019 1901 5061 centum
1952 5022 2072 5060 cur-

495 5107 611 5147 rus.
654 5092 810 5146 Venit
834 5110 1049 5165 quoque
1068 5095 1221 5167 Syria
1254 5097 1503 5152 Damasci
1538 5099 1591 5151 in
1623 5098 1885 5151 auxilium
1905 5097 2073 5151 Adra~

494 5197 589 5237 zar
624 5185 730 5253 regi
762 5182 925 5238 Soba.
966 5185 1027 5239 Et
1062 5190 1334 5256 percussit
1362 5188 1501 5259 Syro
1534 5190 1725 5260 viginti
1757 5188 1866 5242 duo
1901 5189 2067 5242 millia

494 5273 755 5327 virorum.
810 5275 873 5329 Et
917 5279 1097 5346 posuit
1129 5277 1294 5331 David
1348 5280 1660 5349 pr'arsidium
1691 5281 1743 5333 iu
1774 5278 1930 5350 Syria
1966 5279 2070 5333 Da-

495 5367 682 5419 masci.
720 5366 782 5420 Et
820 5368 993 5421 factus
1024 5380 1107 5423 est
1134 5370 1307 5440 Syrus
1336 5372 1388 5422 in
1419 5387 1636 5425 servum
1674 5370 1859 5424 Davidi
1892 5371 2071 5425 ferens

496 5456 709 5507 trilmta.
755 5457 1109 5528 Servavitque
1141 5460 1403 5513 lloniinus
1438 5460 1605 5513 David
1638 5462 1688 5513 in
1721 5463 1975 5515 omnibus
2005 5462 2068 5516 ail

494 5562 625 5612 qua“.
650 5566 825 5616 ιηιψευ
857 5551 1134 5618 profectus
1163 5560 1244 5605 est
1266 5552 1328 5601 ".
1375 5572 1392 5601 ι
1440 5550 1551 5604 Sub
1586 5554 1697 5605 haec
1726 5563 1905 5606 autem
1941 5570 2064 5623 pau-

2189 1900 2461 1968 λήπτωρ,
2492 1900 2591 1953 καὶ
2628 1901 2775 1965 Θεός
2795 1917 2914 1968 μου
2941 1897 3041 1951 καὶ
3066 1899 3237 1964 ἔλεός
3258 1914 3395 1966 μου.
3439 1898 3627 1960 Οὐδεὶς
3672 1897 3783 1971 γάρ

2189 1994 2296 2045 τῶν
2341 1992 2761 2067 ὑποϐεϐηκότων
2794 1987 2904 2053 οἷός
2949 2008 3008 2043 τε
3035 1986 3113 2067 ἦν
3139 1992 3266 2062 ἐμοὶ
3305 1991 3521 2062 ὀρέγειν
3550 1995 3708 2061 χεῖρα
3742 1991 3778 2061 ἢ

2190 2083 2253 2136 σὺ
2294 2082 2452 2153 μόνος
2480 2086 2507 2136 ό
2530 2064 2669 2153 ὑπὲρ
2706 2082 2773 2153 μὲ
2802 2082 3013 2153 Πατήρ.
3045 2064 3136 2133 At?)
3177 2081 3270 2134 καί
3303 2098 3396 2134 σου
3438 2082 3781 2153 ἀνηρτῆσθαι

2187 2174 2459 2243 ὁμολογῶ,
2494 2174 2588 2227 καὶ
2611 2173 2709 2245 τὴν
2738 2172 2968 2242 δύναμίν
3014 2188 3107 2224 σου
3149 2172 3375 2243 ᾄσομαι,
3406 2172 3780 2243 ἀντιλήπτορα

2188 2266 2281 2316 καὶ
2330 2265 2648 2333 καταίρυγὴν
2696 2262 2935 2335 ἐμαυτοῦ
2990 2263 3051 2316 σε
3108 2263 3267 2333 μόνον
3316 2263 3777 2334 ἐπιγραφόμενος.

2186 2351 2309 2409 Εἶεν
2332 2356 2376 2409 δ’
2414 2356 2481 2410 ἂν
2512 2350 2672 2410 αὗται
2702 2358 2757 2408 αί
2796 2357 2971 2426 φωναὶ
3002 2354 3097 2409 τοῦ
3124 2356 3395 2426 Σωτῆρος,
3435 2356 3781 2420 διδάσκοντος

2185 2444 2311 2509 τοὺς
2346 2446 2553 2510 πάντας
2577 2445 2821 2500 εὐσεϐεῖν
2848 2447 2929 2509 είς
2957 2448 3049 2499 τὸν
3084 2445 3252 2499 αὑτοῦ
3286 2446 3528 2518 Πατέρα.

2186 2590 2294 2658 tu:
2326 2606 2413 2657 το
2443 2592 2683 2666 τΈΑοΣ,
2728 2605 2884 2658 τοιε
2915 2603 3612 2658 ΑΛΛΟΙΩΘΗΣΟΜΕΝΟΙΣ
3669 2603 3780 2656 eu:

2258 2676 2804 2736 ΣΤΗΛΟΓΡΑΦΙΑΝ,
2871 2674 2966 2726 ΤΩ
3024 2673 3224 2726 ΔΑΥΙΔ
3279 2674 3389 2726 ΕΙΣ
3447 2672 3777 2735 ΔΙΔΑΧΗΝ,

2258 2746 2484 2798 ΟΠΟΤΕ
2541 2745 2934 2799 ΕΝΕΠΥΡΙΣΕ
3012 2744 3156 2797 ΤΗΝ
3227 2742 3782 2797 ΜΕΣΟΠΟΤΔΜΙΑΝ

2255 2816 2521 2875 ΣΥΡΙΑΣ,
2546 2817 2663 2867 ΚΑΙ
2700 2815 2841 2866 ΤΗΝ
2871 2814 3124 2867 ΣΥΡΙΔΝ
3151 2814 3388 2875 ΣΩΒΑΛ,
3415 2814 3533 2866 ΚΑΙ
3569 2812 3780 2864 A1182-

2257 2883 2487 2937 ΤΡΕΨΕ
2524 2884 2676 2936 ΙΩΛΒ
2728 2885 2846 2936 ΚΑΙ
2904 2883 3218 2935 ΕΠΛΤΔΞΕ
3273 2882 3419 2935 ΤΗΝ
3467 2881 3779 2933 ΦΛΡΑΓΓΑ

2254 2953 2389 3005 ΤΩΝ
2423 2955 2601 3006 ΛΛΩΝ
2634 2954 2895 3006 ΔΩΔΕΚΛ
2933 2953 3252 3005 ΧΙΛΙΑΔΑΣ
3286 2952 3411 3005 ΝΘἏ

2264 3104 2281 3139 ι
2302 3067 2360 3141 Ὅ
2377 3088 2529 3151 θεὸς,
2544 3088 2749 3142 ἀπώσω
2770 3089 2916 3159 ἡμᾶς
2934 3088 3027 3141 καὶ
3054 3086 3299 3150 καθεῖλες
3317 3088 3482 3159 ἡμᾶς,
3500 3084 3780 3158 ὠργίσθης

2186 3180 2277 3233 καὶ
2292 3180 2634 3252 ᾠκτείρησας
2650 3179 2817 3250 ἡμᾶς.
2832 3198 2849 3229 ι
2874 3180 2968 3243 Et;
2984 3179 3384 3251 στηλογραφίαν
3408 3178 3509 3248 μέν
3537 3178 3655 3230 ἐστι
3681 3175 3779 3228 καὶ

2184 3274 2213 3324 ὀ
2245 3272 2434 3342 παρὼν
2460 3270 2637 3338 λόγος,
2652 3270 2712 3322 οὐ
2749 3269 2856 3341 μὴν
2875 3268 3017 3324 κατά
3048 3271 3174 3333 τοὺς
3200 3269 3393 3332 αὐτοὺς
3408 3269 3622 3340 εἴρηται
3650 3268 3761 3338 χρό

2184 3378 2307 3427 νους
2340 3362 2460 3425 ταῖς
2492 3361 2598 3432 πρὸ
2647 3361 2837 3432 αὐτῆς.
2885 3362 3121 3414 Ἐκεϊναι
3166 3360 3263 3431 μὲν
3299 3361 3408 3431 γάρ
3458 3358 3536 3411 ἔτι
3574 3356 3779 3422 ζῶντος

2186 3451 2359 3505 Σαοὺλ
2389 3451 2482 3504 καὶ
2516 3449 2622 3527 πρὸ
2653 3448 2747 3503 τοῦ
2776 3448 3092 3519 βασιλεῦσαι
3124 3450 3216 3503 τὸν
3240 3449 3402 3502 Δαυῖδ
3433 3448 3731 3519 ἐλέχθησαν
3758 3464 3775 3478 ο

2184 3547 2217 3615 ἡ
2252 3544 2348 3615 μὲν
2376 3542 2590 3615 πρώτη,
2626 3563 2643 3593 ι
2677 3542 2839 3595 ὁπότε
2876 3544 3185 3614 ἐκράτησαν
3208 3542 3367 3595 αὑτὸν
3385 3544 3433 3595 οί
3461 3541 3777 3611 Ἀλλόφυλοι

2184 3638 2241 3689 ἐν
2267 3635 2367 3689 Γέο
2392 3652 2406 3665 ·
2448 3654 2467 3686 ι
2508 3634 2541 3705 ὴ
2574 3632 2631 3686 δὲ
2660 3631 2917 3705 δευτέρα,
2947 3652 2964 3682 ι
3006 3636 3061 3686 ὲν
3091 3633 3169 3703 τῷ
3200 3631 3617 3705 ἀποδιδράσκειν
3666 3631 3779 3685 ἀπὸ

2185 3727 2477 3799 προσώπου
2512 3727 2684 3781 Σαοὺλ
2709 3728 2789 3789 εἰς
2816 3726 2877 3779 τὸ
2902 3726 3166 3797 σπήλαιον
3198 3743 3212 3757 ·
3255 3746 3273 3776 ι
3316 3729 3347 3797 ή
3375 3727 3431 3779 δὲ
3465 3726 3773 3790 τελευταία,

2189 3836 2207 3868 ι
2240 3817 2328 3870 ὅτε
2356 3816 2643 3870 ἀπέστειλε
2679 3816 2850 3870 Σαοὺλ
2884 3818 2976 3871 καὶ
3005 3817 3233 3884 ἐφύλαξε
3268 3818 3361 3871 τὸν
3394 3814 3541 3871 οἶκον
3580 3817 3770 3879 αὐτοῦ,

2185 3909 2276 3962 τοῦ
2300 3908 2608 3963 θανατῶσαι
2639 3908 2818 3962 αὐτόν.
2857 3928 2875 3959 ι
2908 3908 3018 3979 Τὴν
3050 3908 3106 3962 δὲ
3136 3909 3275 3978 μετά
3304 3911 3493 3979 χεῖρας
3519 3907 3662 3979 μετά
3679 3908 3771 3961 τὸν

2186 4001 2412 4056 θάνατον
2441 4001 2634 4065 Σαοὺλ,
2663 4000 2761 4072 τὴν
2782 4000 2959 4071 ἀρχὴν
2987 4002 3088 4073 ἤδη
3113 4001 3211 4071 τῆς
3236 4000 3513 4070 βασιλείας
3542 4001 3769 4066 διέπων,

2186 4096 2350 4149 πολύν
2377 4113 2435 4148 τε
2457 4097 2515 4147 ὲν
2547 4096 2684 4165 αὐτῇ
2710 4094 2901 4165 χρόνον
2921 4094 3318 4165 διαγενόμενος,
3347 4096 3375 4147 ό
3404 4092 3568 4147 Δαυῒδ
3585 4093 3772 4147 θεσπί-

2184 4187 2285 4252 ζει.
2325 4187 2495 4240 Τοῦτο
2516 4187 2572 4240 δὲ
2608 4187 3031 4257 ἐπισημαίνεται
3057 4186 3090 4255 ἡ
3124 4185 3418 4257 προγραςρὴ
3446 4187 3726 4255 φάσκουσα
3751 4204 3764 4215 ·

2186 4298 2203 4329 ι
2252 4279 2441 4332 Ὁπότε
2479 4278 2765 4349 ἐνεπύρισε
2796 4280 2894 4349 τὴν
2920 4280 3349 4350 Μεσοποταμίαν
3392 4278 3628 4350 Συρίας,
3674 4280 3768 4331 καί⁵

2179 4371 2276 4442 τὴν
2329 4370 2525 4440 Συρίαν
2557 4370 2732 4434 Σωϐἄ,
2766 4373 2859 4424 καὶ
2890 4371 3225 4443 ἐπέστρεψεν
3276 4368 3469 4431 Ίωάδ,
3505 4371 3599 4423 καὶ
3630 4369 3769 4422 ὲπάι-

2180 4461 2304 4525 ταξε
2354 4463 2453 4533 τὴν
2499 4464 2757 4533 φάραγγα
2810 4464 2920 4515 τῶν
2966 4464 3134 4516 Ἀλῶν
3176 4460 3385 4516 δώδεκα
3434 4461 3693 4532 χιλιάδας.
3740 4478 3761 4512 ι

2181 4548 2377 4624 Εὖροις
2415 4552 2458 4605 δ’
2496 4552 2561 4606 ἂν
2606 4553 2702 4623 τὴν
2738 4555 2978 4625 ἱστορίαν
3009 4557 3066 4607 ὲν
3100 4557 3165 4624 τῇ
3199 4553 3427 4624 δευτέρᾳ
3458 4550 3565 4605 τῶν
3600 4552 3765 4605 Βασι-

2180 4642 2359 4705 λειῶν,
2414 4644 2472 4695 ὲν
2571 4644 2875 4716 γέγραπται
2900 4662 2911 4674 ο
2957 4664 2974 4693 ι
3026 4644 3135 4696 Καὶ
3177 4642 3414 4709 ἐπάταξε
3457 4641 3621 4695 Δαυῖδ
3675 4642 3765 4693 τὸν

2194 4734 2460 4805 Ἀδραζέιρ
2509 4736 2620 4789 υἱὸν
2680 4737 2827 4790 Ἰαὰϐ
2866 4737 3086 4807 βασιλέα
3140 4736 3339 4798 mea,
3399 4733 3763 4805 πορευομένου

2180 4824 2343 4877 αὐτοῦ
2388 4828 2678 4897 ἐπιστῆσαι
2714 4829 2811 4900 τὴν
2862 4833 3019 4901 χεῖρα
3052 4829 3218 4883 αὑτοῦ
3251 4830 3344 4882 ἐπὶ
3387 4828 3478 4881 τὸν
3521 4826 3763 4897 ποταμὸν

2181 4914 2493 4987 Εὐφράτην.
2526 4921 2635 4972 Καὶ
2653 4921 3087 4991 προκατελάϐετο
3111 4920 3273 4974 Δαυῒδ
3297 4920 3403 4973 τῶν
3430 4918 3595 4973 αὑτοῦ
3618 4918 3763 4989 χίλια

2178 5006 2421 5079 ἅρματα,
2452 5009 2546 5062 καλ⁵
2577 5011 2717 5063 ἐπτά
2744 5012 2985 5082 χιλιάδας
3018 5012 3248 5075 ἱππέων,
3276 5013 3369 5065 καὶ
3400 5013 3570 5065 εἴκοσι
3598 5010 3763 5080 χιλιά-

2176 5100 2272 5164 δας
2316 5101 2523 5173 ἀνδρῶν
2573 5103 2774 5167 πεζῶν.
2803 5104 2913 5157 Καὶ
2948 5105 3219 5175 παρέλυσε
3267 5103 3430 5157 Δαυῖδ
3486 5104 3662 5157 πάντα
3692 5100 3758 5152 τὰ

2178 5193 2420 5264 ἅρματα,
2448 5195 2541 5247 καὶ
2578 5196 2897 5248 ὑπελείπετο
2933 5194 3081 5266 αὐτῷ
3123 5196 3181 5263 ἐξ
3224 5195 3403 5251 αὐτῶν
3442 5194 3633 5247 ἑκατὸν
3663 5192 3760 5263 ἀρ-

2182 5302 2347 5355 ματα.
2394 5286 2501 5338 Καὶ
2551 5287 2909 5357 παραγίνεται
2954 5287 3123 5357 Συρία
3160 5285 3451 5357 Δαμασκοῦ
3496 5282 3757 5355 βοηθῆσαι

2178 5376 2255 5446 τῷ
2289 5377 2560 5449 Ἀδραζὰρ
2596 5378 2802 5447 βασιλεῖ
2834 5378 3010 5433 mea.
3062 5379 3171 5432 Καὶ
3199 5377 3434 5445 ἐπάταξε
3479 5376 3571 5446 τῷΔ
3601 5376 3756 5444 Συρῳ

2180 5466 2350 5519 εἴκοσι
2374 5467 2466 5519 δύο
2491 5468 2733 5537 χιλιάδας
2760 5469 2991 5540 ἀνδρῶν.
3030 5472 3137 5523 Καὶ
3184 5469 3336 5522 ἔθετο
3382 5467 3543 5520 Δαυῒδ
3587 5482 3755 5534 φρον-

2185 5558 2282 5629 ράν
2314 5561 2369 5614 ἐν
2405 5560 2571 5631 Συρίᾳ
2595 5564 2658 5631 τῇ
2691 5562 2829 5613 κατὰ
2866 5564 3172 5633 Δαμασκόν.
3213 5564 3321 5616 Καὶ
3356 5560 3570 5630 ἐγένετο
3609 5562 3638 5613 ό
3665 5558 3735 5611 Συ

563 5730 603 5762 ’³
648 5728 792 5787 l‘sal.
828 5748 914 5798 ιν,
958 5735 1004 5789 Ι.
1084 5741 1127 5772 θ’
1167 5737 1312 5792 Psal.
1348 5751 1430 5789 Lvi
1457 5776 1470 5801 ,
1512 5738 1560 5790 l.
1640 5740 1684 5772 ”
1728 5738 1871 5795 Psal.
1907 5756 2070 5804 LVIII,
2110 5746 2156 5799 l.
2236 5746 2281 5777 ”
2315 5744 2363 5800 ll
2399 5744 2530 5809 Reg.
2564 5761 2698 5806 \‘lll.
2735 5745 2849 5799 3-6.
