4100 6550
397 435 506 492 555

1520 444 2023 505 COMMENTARIA
2064 451 2129 507 IN
2167 450 2505 509 PSALMOS.

399 567 493 619 ρος
526 550 603 620 τῷ
633 548 795 603 Δαυτδ
820 553 899 615 είς
926 550 1142 616 δούλους
1168 555 1432 625 φέροντας
1463 555 1628 620 ξένια.
1665 559 1773 611 Kal
1796 558 1949 611 ἔσωσε

2070 560 2151 615 cis
2199 560 2499 632 interjectis
2536 563 2757 619 additur
2804 586 2815 620 :

3537 452 3649 518 55¢

2889 588 2906 619 ι
2945 568 3009 623 Ει
3067 572 3316 640 regnavit
3370 572 3539 628 David
3593 575 3649 629 in

396 642 603 714 Κύριος
644 643 736 696 τὸν
764 644 926 698 Δαυτδ
958 646 1015 699 ἐν
1043 650 1205 699 πᾶσιν
1229 643 1310 710 οἷς
1336 648 1645 721 ἐπορεύετο.
1696 669 1715 701 ι
1750 651 1949 704 Τσύτοιε

2072 647 2276 705 Israel:
2307 650 2539 707 faciebat
2566 668 2783 724 quoque
2808 654 2975 712 David
3002 658 3270 728 judicium
3298 669 3353 715 et
3377 662 3648 731 justitiam

394 734 523 805 ἑξῆς
581 736 721 807 μετά
778 737 984 808 βραχέα
1041 740 1385 809 ἐπιλέγει-ραι·
1434 760 1453 793 ι
1493 741 1601 794 Kal
1652 742 1967 798 ἐϐασίλευσε

391 827 555 880 Δαυῖδ
602 830 693 881 ἐπὶ
736 830 984 901 Ἰσραήλ·
1018 832 1112 884 καὶ
1138 827 1205 902 ἦν
1246 832 1409 886 Δαυῖδ
1450 834 1620 889 ποιῶν
1658 839 1831 908 κρῖμα
1875 840 1970 892 καὶ

390 918 738 992 δικαιοσύνην
789 923 880 976 ἐπὶ
919 923 1094 977 πάντα
1120 925 1211 978 τὸν
1251 925 1376 981 λαὸν
1426 927 1611 983 αὐτοῦ.
1661 931 1771 983 Kal
1809 931 1966 985 Ἰωὰδ

389 1013 504 1077 υίὸς
532 1014 799 1085 Σαρουΐας
820 1015 925 1069 ,ἐπὶ
970 1017 1070 1085 τῆς
1102 1019 1411 1089 στρατείας.
1453 1038 1471 1070 ι
1506 1021 1617 1074 Kal
1662 1017 1815 1085 αὖθις
1848 1022 1965 1093 μεθ’

388 1103 554 1178 ’ἕτερα
592 1106 839 1179 εἴρηται’
891 1127 909 1159 ε
952 1110 1061 1163 Kal
1095 1110 1418 1165 ἀπέστειλαν
1461 1115 1510 1166 οί
1553 1116 1657 1168 ulol
1718 1114 1963 1187 Ἀμμὼν,

389 1201 481 1253 καὶ
536 1200 906 1271 ἐμισθώσαντο
950 1202 1048 1272 τὴν
1074 1204 1271 1276 Συρίαν
1314 1204 1482 1259 Ῥοὼὸ
1511 1206 1604 1260 καὶ
1641 1207 1738 1279 τὴν
1768 1209 1967 1280 Συρίαν

387 1292 561 1346 Σοόἀλ
592 1293 764 1347 εἴκοσι
796 1293 1035 1364 χιλιάδας
1071 1296 1251 1360 πεζῶν
1272 1337 1286 1360 ,
1332 1298 1426 1350 καὶ
1455 1298 1546 1351 τὸν
1585 1298 1803 1369 βασιλέα
1849 1303 1967 1355 Μα-

386 1384 497 1454 χαά
525 1385 728 1456 χιλίους
757 1386 973 1458 ἄνδρας,
1007 1388 1101 1442 καὶ
1138 1389 1344 1442 Είστὼϐ
1380 1390 1446 1444 ιδ’
1467 1392 1707 1463 χιλιάδας
1733 1394 1961 1466 ἀνδρῶν.

389 1480 500 1534 Kal
525 1480 725 1550 ῆκουσε
762 1482 939 1545 Δαυῒδ,
982 1484 1075 1537 καὶ
1104 1484 1388 1537 ἀπέστειλε
1417 1484 1513 1556 τὴν
1560 1485 1805 1557 δύναμιν,
1839 1489 1965 1552 τοὺς

384 1572 661 1637 δυνατούς.
683 1575 793 1628 Kal
820 1574 1041 1645 ἐξῆλθον
1069 1576 1175 1629 υἱοὶ
1208 1575 1449 1647 Ἀμμὼν,
1474 1578 1568 1631 καὶ
1593 1578 1965 1650 παρετάξαντο

386 1665 623 1736 πόλεμον
658 1666 808 1738 παρά
840 1671 902 1738 τῇ
934 1666 1072 1740 θύρᾳ
1102 1669 1196 1739 τῆς
1230 1668 1404 1739 πύλης
1430 1669 1629 1740 Συρίας
1666 1671 1825 1724 Σωϐἄ
1868 1673 1963 1726 καὶ

397 1757 566 1810 Ῥοὼδ
583 1760 674 1811 καὶ
702 1758 930 1815 Είστώϐ.
964 1762 1069 1813 Kal
1089 1756 1227 1813 εἶδεν
1269 1760 1445 1825 Ἰωάὅ,
1473 1763 1557 1815 ὅτι
1580 1762 1809 1833 ἐγενήθη
1826 1764 1961 1834 πρὸς

381 1852 545 1905 αὐτὸν
571 1852 980 1923 ἀντιπρόσωπον
1006 1853 1099 1905 τοῦ
1127 1851 1365 1924 πολέμου
1395 1853 1459 1907 ἐκ
1490 1852 1585 1907 τοῦ
1616 1853 1758 1907 κατά
1793 1855 1961 1926 πρόσ-

2068 742 2218 797 omni
2242 744 2441 814 pepulo
2467 762 2588 801 suo.
2615 746 2753 803 Joab
2778 758 2959 805 autem
2998 751 3144 807 ﬁlius
3174 750 3382 808 Sarviae
3410 762 3530 810 erat
3558 773 3649 811 su-

2070 850 2167 904 per
2196 841 2521 893 exercitum.
2559 859 2578 893 ι
2620 840 2973 915 Rursumque
3017 854 3208 915 postea
3253 847 3497 903 dicitur:
3536 867 3555 900 ι
3586 848 3650 903 Et

2068 926 2339 982 miserunt
2367 930 2462 984 lilii
2487 930 2741 999 Ammon,
2766 941 2820 987 et
2851 936 3234 992 conduxerunt
3264 939 3517 995 mercede
3550 937 3649 1012 Sy-

2068 1015 2203 1069 riam
2238 1016 2395 1077 Roob
2423 1027 2478 1073 et
2511 1018 2725 1091 Syriam
2758 1020 2941 1088 Sobal,
2968 1024 3159 1096 viginti
3189 1025 3357 1079 millia
3381 1025 3650 1095 peditum.

2066 1113 2121 1160 et
2174 1122 2206 1161 a
2256 1123 2383 1179 rege
2424 1109 2651 1165 Machaa
2703 1112 2850 1168 mille
2878 1114 3049 1178 viros,
3100 1123 3155 1170 et
3186 1115 3334 1171 lstob
3360 1114 3646 1170 duodecim

2066 1197 2236 1252 millia
2291 1200 2554 1256 virorum.
2610 1203 2768 1268 Quod
2802 1219 2926 1259 cum
2978 1206 3220 1263 audisset
3264 1206 3456 1270 David,
3499 1208 3649 1263 misit

2067 1290 2368 1345 exercitum
2400 1302 2453 1347 et
2484 1292 2654 1348 fortes
2681 1294 2896 1369 [viros].
2930 1297 2995 1351 Et
3021 1298 3225 1369 egressi
3249 1309 3377 1355 sunt
3403 1300 3498 1353 lilii
3525 1300 3648 1353 Am-

2064 1395 2213 1447 mon,
2266 1389 2321 1437 et
2367 1382 2687 1439 direxerunt
2722 1386 2893 1442 aciem
2928 1390 2995 1445 ad
3019 1390 3243 1459 januam
3274 1400 3444 1463 portae
3476 1389 3647 1462 Syrize

2067 1470 2213 1527 Soba
2263 1481 2317 1528 et
2348 1473 2502 1532 Roob
2534 1486 2588 1533 et
2623 1479 2787 1537 lstob.
2859 1479 3065 1537 Videns
3104 1494 3284 1538 autem
3336 1482 3474 1540 Joab
3500 1482 3645 1554 quod

2063 1572 2209 1620 esset
2255 1566 2360 1622 sibi
2388 1569 2633 1637 praelium
2663 1586 2727 1625 ex
2761 1570 2989 1628 adverso
3019 1583 3071 1628 et
3102 1589 3132 1627 a
3158 1582 3334 1646 tergo,
3372 1575 3538 1646 elegit
3576 1590 3645 1630 ex

2064 1658 2321 1714 omnibus
2349 1660 2647 1729 juvenibus
2701 1664 2889 1728 Israel,
2924 1674 2978 1720 et
3004 1665 3265 1721 instruxit
3301 1667 3474 1723 aciem
3507 1683 3645 1723 con-

2062 1756 2147 1803 tra
2179 1751 2392 1822 Syriam
2426 1754 2601 1818 ⁹⁵ς⁹⁶,ι
2641 1763 2694 1810 et
2722 1765 2937 1813 caetera.
2959 1757 3171 1825 Quibus
3194 1758 3391 1816 deinde
3415 1760 3646 1830 subjun-

2063 1841 2249 1910 gitur:
2290 1862 2309 1895 ι
2341 1844 2407 1898 Ει
2431 1845 2686 1901 viderunt
2719 1850 2863 1904 servi
2905 1849 3150 1905 Adrazar
3180 1852 3324 1922 quod
3352 1850 3644 1908 cecidisset

381 1961 531 1996 ωπον
553 1960 568 1972 ’
599 1944 692 1997 καὶ
731 1943 980 2008 ἐπέλεξεν
1011 1946 1074 1997 ἐκ
1104 1945 1319 1998 πάντων
1363 1944 1472 2000 τῶν
1505 1946 1803 2000 νεανίσκων
1856 1948 1949 1999 Ἰσ-

2057 1947 2087 1984 a
2115 1932 2252 1987 facie
2291 1934 2457 1991 Israel
2486 1976 2501 2002 ,
2535 1944 2587 1991 et
2612 1938 3027 2010 transfugerunt
3049 1942 3114 1997 ad
3138 1943 3327 2009 Israel,
3358 1951 3412 1999 et
3442 1943 3644 1998 servie-

386 2036 541 2107 ραὴλ,
571 2035 664 2089 καὶ
692 2035 1065 2107 παρετάξαντο
1089 2036 1397 2101 ἐξεναντίας
1447 2038 1677 2109 Συρίας,
1719 2056 1736 2089 ι
1775 2037 1867 2091 καὶ
1890 2038 1959 2091 τὰ

378 2128 591 2192 -ὠύτοις
641 2126 784 2199 ἑξῆς.
827 2123 921 2192 Οἷς
966 2128 1094 2199 ἑξῆς
1136 2129 1492 2200 ἐπιφέρεται·
1542 2148 1561 2181 ι
1597 2130 1708 2183 Kal
1737 2124 1876 2182 εἶδον
1909 2131 1957 2183 οί

377 2219 554 2274 δοῦλοι
618 2219 918 2291 Ἀδραζάρ,
953 2221 1033 2273 ὅτι
1086 2219 1340 2275 ἔπταισεν
1373 2220 1680 2293 ἔμπροσθεν
1721 2221 1955 2294 Ἰσραὴλ,

378 2312 474 2365 καὶ
508 2311 881 2383 ηὐτομόλησαν
920 2311 1058 2382 μετά
1103 2312 1338 2385 Ἰσραὴλ,
1375 2313 1468 2366 καὶ
1499 2312 1817 2366 ἐδούλευσαν
1859 2315 1958 2367 αὐ-

375 2401 509 2468 τοῖς,
553 2424 571 2456 ι
604 2404 702 2457 Διά
724 2404 926 2458 τούτων
955 2406 987 2476 ἡ
1021 2404 1228 2475 ἱστορία
1272 2407 1364 2460 καὶ
1404 2405 1498 2459 τοῦ
1542 2406 1828 2478 Εὐφράτου
1865 2408 1958 2460 καὶ

375 2497 474 2565 τῆς
493 2495 683 2549 Σωὸἀλ
720 2497 814 2549 καὶ
847 2496 944 2567 τῆς
975 2496 1174 2568 Συρίας
1207 2497 1301 2551 καὶ
1337 2495 1431 2549 τοῦ
1478 2496 1634 2550 Ἰωάὄ
1655 2538 1669 2561 ,
1716 2499 1809 2550 καὶ
1848 2498 1957 2551 τῶν

380 2588 445 2641 ιϐ’
495 2588 748 2659 χιλιάδων
798 2590 1192 2661 ἐμνημόνευσε,
1254 2591 1347 2643 καὶ
1399 2589 1475 2652 ώς
1528 2590 1635 2645 τῶν
1682 2591 1956 2662 πολεμίων

374 2679 631 2733 ἀπάντων
683 2680 1023 2752 περικρατὴς
1077 2680 1297 2751 γέγονεν
1344 2682 1372 2733 ό
1405 2680 1598 2734 Δαυῖδ’
1643 2682 1793 2747 ὅπως
1836 2700 1894 2735 τε
1928 2683 1956 2736 ὁ

373 2771 814 2842 ἀρχιστράτηγος
872 2770 1035 2825 αὐτοῦ
1098 2772 1285 2836 Ἰωάϐ,
1340 2772 1791 2844 παραταξάμενος
1844 2777 1955 2839 τοῖς

371 2861 709 2931 ἀλλοφύλοις,
746 2863 1088 2935 ὑποχειρίους
1120 2864 1318 2928 αὐτοὺς
1363 2865 1591 2936 εἰλήφει.
1636 2866 1843 2927 Αὐτοὺς
1889 2866 1953 2938 δὴ

372 2949 466 3006 οὖν
500 2955 759 3018 ἐκείνους,
788 2953 909 3007 καθ’
931 2954 1024 3018 οὓς
1050 2954 1219 3009 ταῦτα
1251 2957 1582 3027 ἐπράττετο,
1629 2957 1886 3029 σημαίνει
1918 2961 1949 3030 ἡ

375 3046 513 3116 μετὰ
532 3050 717 3117 χεῖρας
744 3047 1135 3119 στηλογραφία.
1163 3050 1321 3103 Κατά
1349 3050 1403 3103 δὲ
1430 3049 1521 3103 τὸν
1564 3049 1856 3123 Σύμμαχον
1885 3052 1953 3107 τὰ

368 3140 471 3210 τῆς
506 3141 828 3212 προγραφῆς
869 3142 1040 3206 οὕτως
1069 3141 1214 3213 ἔχει·
1252 3162 1271 3194 ‹
1326 3143 1617 3198 Ἑπινίκιον
1666 3145 1807 3217 ὑπὲρ
1844 3145 1952 3199 τῶν

370 3229 551 3282 ἀνθῶν
576 3230 668 3283 τοῦ
692 3232 1111 3304 ταπεινόφρονος
1135 3234 1227 3286 καὶ
1276 3233 1509 3305 ἀμώμου
1541 3235 1635 3288 τοῦ
1659 3235 1842 3299 Δαυῒδ,
1871 3239 1951 3300 εἰς

367 3319 633 3393 διαδοχὴν,
663 3322 846 3379 ὁπότε.
876 3324 1167 3394 ἐμπρήσας
1201 3323 1300 3393 τὴν
1326 3324 1524 3395 Συρίαν
1553 3326 1652 3397 τῆς
1700 3327 1949 3380 Μεσοπο-

366 3416 588 3487 ταμίας,
618 3418 710 3469 xal
741 3415 837 3487 τὴν
867 3416 1063 3487 Συρίαν
1088 3415 1293 3478 meai,
1320 3417 1412 3471 καὶ
1439 3418 1737 3490 ἀνέστρεψε
1767 3418 1943 3482 mea,

367 3508 462 3560 καὶ
492 3506 728 3573 ἐπάταξε
784 3509 875 3561 τὸν
920 3507 1099 3569 Ἐδὼμ
1131 3510 1189 3562 ἐν
1234 3511 1300 3579 τῇ
1357 3510 1603 3581 φάραγγι
1646 3509 1740 3563 τοῦ
1793 3511 1945 3575 Ἀλὸς

369 3597 436 3651 ιϐ’
465 3599 725 3669 χιλιάδας.
765 3620 782 3651 ι
837 3599 997 3671 Δηλοῖ
1041 3600 1096 3653 δὲ
1130 3602 1157 3653 ὁ
1189 3600 1381 3671 χρόνος
1425 3600 1672 3673 εἰρῆσθαι
1708 3601 1774 3654 τά
1808 3620 1943 3673 προ-

364 3690 615 3760 κείμενα,
653 3694 708 3746 ὲν
736 3690 814 3762 τῷ
846 3692 1171 3763 διαπρέπειν
1197 3690 1373 3745 καὶτὰ
1405 3692 1615 3762 μεγάλα
1644 3693 1943 3765 κατορθοῦν

365 3782 717 3853 βασιλεύοντα
748 3784 840 3837 τὸν
871 3782 1051 3847 Δαυτδ,
1080 3783 1186 3854 πρὸ
1220 3782 1319 3853 τῆς
1360 3784 1501 3837 κατά
1528 3783 1626 3856 τὴν
1668 3784 1945 3856 Βηθσαδεέ

363 3876 625 3948 ἱστορίας,
655 3879 743 3930 ὅτε
772 3877 953 3941 καλῶς
982 3877 1130 3948 αὐτῷ
1173 3877 1239 3932 τὰ
1290 3877 1591 3949 πράγματα
1635 3879 1942 3951 προύχώρει

362 3969 736 4041 εὐδοκιμοῦντι
765 3970 916 4041 παρὰ
948 3970 1025 4042 τῷ
1044 3969 1162 4041 Θεῷ
1191 3971 1286 4024 καὶ
1311 3970 1459 4042 παρά
1488 3974 1603 4035 τοῖς
1637 3973 1802 4025 πᾶσιν
1820 3987 1833 4001 ’
1867 3972 1943 4037 ώς

364 4063 801 4134 μαρτυρεῖσθαι,
831 4064 913 4116 ὅτι
955 4059 1022 4135 ἦν
1060 4064 1225 4118 ποιῶν
1255 4067 1427 4137 κρῖμα
1475 4065 1569 4118 καὶ
1597 4064 1942 4135 δικαιοσύνην

359 4155 419 4207 ἐν
450 4154 527 4224 τῷ
567 4155 801 4227 Ἰσραήλ.
850 4156 1010 4210 Ἀλλά
1044 4156 1152 4228 γὰρ
1187 4156 1334 4222 ἀξιον
1376 4158 1435 4210 ἐν
1472 4157 1681 4221 τούτοις
1731 4158 1940 4229 ἀπορῆ-

359 4262 473 4308 σαι,
507 4246 653 4311 πῶς,
706 4250 763 4301 ἐν
797 4250 1020 4321 τοιαύτῃ
1064 4252 1347 4320 τυγχάνων
1377 4251 1740 4315 καταστάσει,
1777 4251 1941 4322 ἀρχό-

360 4353 521 4406 μενος
549 4340 647 4408 τῆς
695 4339 1097 4410 στηλογραφίας
1135 4340 1365 4409 φάσκειο
1405 4358 1425 4391 ι
1473 4340 1529 4393 '0
1555 4340 1704 4404 Θεὸς,
1733 4339 1939 4394 ἀπώσω

356 4429 506 4498 ἡμᾶς
540 4430 632 4483 καὶ
667 4430 915 4496 καθεῖλες
956 4434 1122 4503 ἡμᾶς.
1167 4452 1184 4483 ι
1230 4433 1339 4486 Kal
1386 4431 1490 4504 μὴν
1537 4431 1771 4505 τρόπαια
1816 4433 1936 4485 κατ’

354 4517 567 4589 ἐχθρῶν
619 4521 848 4592 ἀνίστη,
893 4522 985 4575 καὶ
1023 4522 1179 4585 νίκας
1229 4521 1370 4575 κατά
1426 4522 1697 4593 πολεμίων
1733 4522 1933 4595 ᾕρητοο

1977 3280 2017 3337 C

2062 2036 2191 2081 runt
2224 2026 2359 2097 ipsis
2384 2030 2451 2084 ’7.
2490 2049 2509 2082 ι
2544 2029 2639 2086 His
2662 2031 2916 2094 historia,
2950 2030 3133 2096 Sobal,
3164 2032 3400 2105 Syriam,
3432 2032 3570 2088 Joab
3590 2043 3644 2087 et

2059 2118 2346 2174 duodecim
2380 2122 2552 2177 millia
2595 2133 2895 2189 memorat,
2930 2132 3228 2195 narratque
3257 2125 3514 2181 Davidem
3546 2126 3643 2180 ini-

2058 2211 2232 2266 micos
2274 2228 2465 2270 omnes
2494 2215 2833 2283 debellasse,
2882 2233 2947 2273 ac
2996 2218 3190 2274 ducem
3220 2219 3494 2274 exercitus
3520 2218 3642 2287 ejus

2056 2298 2192 2357 Joab
2220 2304 2488 2360 instructa
2524 2315 2715 2361 contra
2759 2308 3062 2380 allophylos
3094 2311 3229 2374 acie,
3275 2310 3425 2380 ipsos
3476 2312 3642 2381 capti-

2057 2408 2156 2449 vos
2186 2396 2382 2467 egisse.
2434 2398 2669 2454 Eosdem
2701 2402 2883 2473 itaque
2914 2403 2999 2458 his
3029 2405 3249 2459 attritos
3273 2403 3521 2459 cladibus
3557 2405 3643 2458 in-

2056 2485 2204 2540 dicat
2233 2503 2475 2558 praasens
2509 2491 2648 2546 tituli
2682 2493 2988 2564 inscriptio.
3044 2494 3356 2551 Secundum
3389 2493 3640 2567 Symma-

2055 2579 2218 2634 chum
2270 2592 2451 2638 autem
2504 2586 2585 2640 sic
2628 2586 2820 2643 titulus
2855 2588 3015 2644 habet
3046 2608 3059 2645 :
3103 2607 3121 2640 ι
3154 2588 3507 2659 Triumphale
3542 2603 3641 2660 pro

2054 2668 2280 2727 ﬂoribus
2311 2673 2535 2730 humilis
2565 2685 2619 2730 et
2644 2676 2908 2748 inculpati
2944 2678 3181 2743 Davidis,
3211 2681 3279 2735 ad
3304 2680 3637 2743 doctrinam.

2055 2776 2179 2817 cum
2216 2764 2441 2820 incensa
2474 2765 2627 2839 Syria
2661 2768 3098 2840 Mesopotamize,
3145 2780 3199 2826 et
3249 2770 3404 2843 Syria
3449 2771 3635 2835 Sobal,

2054 2869 2309 2911 reversus
2352 2856 2491 2912 Joab
2539 2861 2815 2928 percussit
2842 2860 3010 2916 Edoni
3045 2864 3098 2915 in
3135 2863 3278 2917 valle
3310 2861 3454 2920 Salis
3500 2862 3639 2917 duo-

2054 2941 2230 2999 decim
2259 2932 2509 3000 millia.»
2581 2947 2656 3001 Ex
2689 2951 2950 3019 temporis
2981 2965 3143 3020 porro
3177 2960 3308 3005 nota
3339 2952 3639 3021 deprehen-

2053 3034 2204 3089 ditur
2230 3034 2345 3090 haec
2365 3036 2512 3090 dicta
2547 3036 2739 3104 fuisse,
2762 3054 2886 3093 cum
2918 3039 3084 3095 David
3115 3055 3351 3111 regnans
3378 3056 3639 3112 prospere

2054 3136 2263 3200 ageret,
2298 3145 2496 3201 resque
2535 3146 2762 3202 magnas
2796 3141 3154 3203 perpetraret,
3209 3142 3336 3189 ante
3371 3133 3639 3191 Bersabee

2056 3220 2374 3287 historiam;
2412 3237 2537 3276 cum
2573 3222 2743 3293 probe
2765 3232 2818 3279 et
2847 3241 2910 3279 ex
2949 3235 3075 3280 voto
3106 3240 3195 3280 res
3225 3226 3327 3295 ipsi
3360 3225 3638 3291 cederent,

2051 3312 2279 3383 ipseque
2326 3312 2435 3369 Deo
2462 3324 2517 3369 et
2556 3316 2817 3371 omnibus
2854 3318 3171 3386 spectabilis
3214 3326 3393 3384 esset;
3443 3319 3519 3373 ita
3554 3327 3635 3383 ut,

2050 3404 2335 3475 Scriptura
2388 3415 2548 3471 teste,
2596 3408 2798 3465 faceret
2842 3411 3109 3480 judicium
3159 3422 3214 3469 et
3253 3414 3527 3484 justitiam
3579 3414 3634 3468 in

2047 3497 2236 3554 Israel.
2298 3498 2496 3555 Verum
2544 3501 2634 3556 hic
2679 3504 3036 3572 quaestionem
3082 3521 3300 3561 movere
3346 3512 3638 3561 consentao

2046 3607 2207 3646 neum
2237 3601 2342 3657 est,
2373 3608 2474 3648 cur
2505 3595 2559 3649 in
2588 3597 2683 3649 tali
2717 3597 3033 3653 conditione
3053 3599 3356 3663 rerum,sic
3383 3600 3525 3655 tituli
3552 3600 3637 3654 in-

2045 3685 2401 3753 scriptionem
2428 3685 2675 3741 ordiatur
2719 3705 2735 3742 :
2783 3706 2803 3739 (
2837 3687 3000 3753 Deus,
3034 3689 3283 3759 repulisti
3326 3705 3429 3745 nos
3457 3694 3513 3745 “et
3538 3689 3636 3743 de-

2045 3777 2293 3833 struxisti
2323 3793 2445 3833 nos.
2481 3798 2500 3831 ι
2539 3780 2699 3852 Atqui
2740 3789 2863 3851 post
2896 3789 3103 3853 tropaea
3130 3785 3197 3837 de
3229 3784 3487 3839 hostibus
3513 3800 3635 3840 ere-

2014 3876 2153 3934 -cta,
2190 3876 2244 3924 et
2278 3870 2565 3926 victoriam
2597 3872 2664 3928 de
2694 3873 2934 3930 inimicis
2969 3884 3204 3945 partam,
3251 3877 3495 3946 Oportuit
3527 3877 3634 3931 hac

2042 3964 2111 4020 de
2140 3980 2202 4019 re
2231 3965 2585 4035 triumphalia
2620 3967 2835 4021 cantica
2866 3968 3135 4034 emittere,
3171 3967 3390 4041 Deoque
3420 3969 3476 4024 in
3508 3985 3626 4041 gra-

2044 4058 2244 4112 tiarum
2272 4058 2540 4115 actionem
2579 4060 2883 4116 immolare.
2915 4059 2985 4115 At
3015 4062 3104 4117 ille
3125 4062 3258 4117 nihil
3282 4068 3505 4132 praestat
3534 4062 3633 4117 hu-
3730 4090 3739 4099 -

2038 4151 2317 4221 jusmodi;
2357 4151 2466 4206 imo
2495 4167 2625 4208 vero
2671 4169 2760 4208 res
2795 4154 3054 4211 adversas
3101 4155 3351 4226 deplorat
3392 4156 3478 4212 his
3504 4173 3629 4212 ver-

2042 4244 2129 4299 bis
2156 4264 2169 4299 :
2214 4261 2233 4295 ι
2270 4242 2435 4310 Deus,
2456 4245 2704 4315 repulisti
2736 4262 2838 4302 nos
2867 4255 2921 4302 et
2951 4246 3271 4304 destruxisti
3304 4264 3427 4315 nos,
3456 4248 3630 4304 iratus

2040 4349 2127 4401 es,
2161 4343 2215 4390 et
2242 4336 2502 4391 misertus
2533 4352 2591 4393 es
2618 4338 2799 4394 nobis.
2840 4357 2860 4390 ι
2896 4338 3002 4395 Pro
3032 4340 3127 4395 illo
3152 4351 3357 4406 autem,
3394 4360 3414 4394 ι
3440 4351 3495 4398 et
3527 4343 3629 4397 mi-

2041 4437 2223 4485 sertus
2254 4444 2314 4486 es
2353 4430 2548 4493 nobis,
2585 4449 2603 4483 ι
2640 4429 3035 4502 Symmachus,
3070 4451 3089 4484 ι
3122 4441 3176 4487 et
3210 4433 3626 4488 circnmduxisti

2041 4538 2174 4585 nos,
2206 4542 2224 4576 ι
2262 4522 2657 4594 interpretatus
2701 4532 2819 4592 est,
2871 4525 3065 4594 quinta
3109 4540 3241 4580 vero
3279 4526 3480 4589 editio,
3516 4545 3535 4577 ι
3573 4535 3628 4580 et

351 4608 472 4662 δέον
494 4607 587 4662 οὖν
617 4612 711 4664 ἐπὶ
733 4613 942 4676 τούτοις
971 4612 1112 4684 ᾠδὰς
1150 4612 1446 4678 ἐπινικίους
1480 4612 1626 4685 ᾅδειν
1645 4653 1660 4677 ,
1703 4612 1851 4667 θύειν
1876 4630 1935 4666 τε

2051 4614 2519 4670 circumdederunt
2550 4630 2678 4682 nos;
2721 4635 2739 4667 ι
2772 4614 2967 4685 Aquila
2990 4655 3004 4678 ,
3043 4634 3062 4667 ι
3100 4615 3278 4672 iratus
3301 4620 3623 4673 convenisti

350 4702 852 4775 εὐχαριστήριατῷ
883 4705 1020 4776 Θεῷ.
1067 4706 1126 4760 '0
1152 4706 1208 4759 δὲ
1234 4706 1439 4760 τούτων
1472 4706 1569 4776 μὲν
1599 4705 1748 4759 οὐδὲν
1774 4704 1941 4776 πράτ-

349 4810 459 4861 τει,
502 4797 762 4852 τάναντία
810 4799 865 4851 δὲ
909 4798 1307 4871 ἀπολοφύρεται
1358 4798 1558 4866 λέγων·
1613 4816 1630 4849 ι
1683 4799 1740 4851 Ὀ
1769 4798 1935 4862 Θεὸς,

351 4884 563 4939 ἀπώσω
593 4890 739 4958 ἡμᾶς
772 4890 866 4941 καὶ
888 4882 1137 4953 καθεῖλες
1158 4890 1324 4960 ἡμᾶς,
1350 4886 1624 4958 ώργίσθης
1644 4927 1658 4951 ,
1700 4888 1793 4941 καὶ
1822 4886 1935 4957 ᾡκ-

351 4978 615 5050 τείρησας
648 4983 812 5052 ἡμᾶς.
876 5001 894 5031 ι
940 4982 1082 5036 Ἀντὶ
1114 4981 1169 5034 δὲ
1215 4981 1307 5034 τοῦ
1334 5021 1348 5045 ,
1408 4997 1427 5031 ι
1464 4981 1558 5032 καὶ
1594 4979 1935 5052 ᾡκτείρησας

348 5074 556 5144 ἡμᾶς,›
591 5094 608 5125 ι
636 5075 725 5128 καὶ
758 5076 1094 5147 περιήγαγες
1115 5076 1283 5145 ἡμᾶς,
1317 5094 1335 5127 ι
1368 5077 1397 5127 ό
1428 5073 1724 5146 Σύμμαχος
1750 5074 1933 5144 ἡρμή-

353 5182 545 5217 νευσεν
569 5183 580 5193 ·
616 5169 647 5237 ἡ
672 5166 728 5219 δέ
758 5167 980 5238 πέμπτη
1006 5166 1214 5231 ἕκδοσις
1239 5207 1252 5230 ,
1296 5185 1315 5217 ι
1367 5167 1461 5220 καὶ
1481 5163 1933 5236 περιεκύκλωσαν

353 5261 504 5331 ἡμᾶς
523 5277 535 5289 ο
565 5280 583 5312 ι
606 5262 636 5313 ὁ
656 5260 712 5313 δέ
736 5260 983 5327 ’Δκύλας,
1013 5280 1032 5312 ι
1061 5259 1331 5332 θυμωθεὶς
1354 5258 1724 5331 μετέστρεψας
1746 5260 1895 5330 ἡμῖν.
1913 5277 1930 5308 ι

351 5348 486 5408 Εἶτα
515 5351 756 5422 ἐπιλέγει
805 5353 957 5423 ἐξῆςο
992 5373 1011 5406 ι
1050 5353 1297 5420 Ἔδειξας
1322 5351 1399 5420 τῷ
1429 5351 1540 5423 λαῷ
1576 5350 1670 5405 σου
1702 5347 1931 5421 σκληράο

348 5444 608 5507 ἐπότισας
654 5447 799 5516 ἡμᾶς
836 5442 977 5499 οἶνον
1000 5444 1362 5516 κατανύξεως.
1396 5463 1415 5494 ι
1450 5441 1635 5497 Ταῦτα
1677 5442 1735 5496 δέ
1767 5444 1934 5497 ἀκατ-

350 5535 555 5605 άλληλα
582 5514 684 5589 καὶὴ
697 5514 1015 5609 ἀνάρμοστα
1036 5514 1185 5602 seth
1211 5536 1276 5590 ἂν
1308 5531 1448 5589 εἶναι
1487 5537 1599 5599 τοῖς
1625 5535 1682 5587 ἐν
1712 5537 1777 5605 τῇ
1803 5551 1933 5607 προ-

348 5633 539 5702 γραφῇ
564 5630 930 5702 δηλουμένοις.
979 5630 1137 5684 Ἀλλὰ
1158 5629 1267 5700 γάρ
1287 5628 1387 5682 οὐκ
1412 5628 1667 5690 ἀσκόπως
1692 5626 1931 5699 ἠγοῦμαι

348 5721 450 5793 τὴν
478 5724 805 5796 προγραφὴν
845 5726 925 5790 είς
958 5725 1017 5777 τὸ
1055 5724 1205 5787 τέλος
1248 5724 1395 5795 ἡμᾶς
1434 5720 1812 5792 ἀναπέμπειν,
1837 5723 1932 5775 καὶ

418 5929 541 5969 In-"
579 5928 623 5984 Il
655 5928 789 6001 Reg.
824 5946 887 5993 ι,
921 5928 1039 5985 6-9.
1117 5929 1161 5960 ⁸⁷
1202 5928 1336 5984 ibid.
1372 5930 1458 5986 19.

669 6024 938 6086 ΡΔτιιοι..
974 6026 1088 6085 GR.
1132 6025 1372 6087 XXIII.

2046 4706 2227 4761 nobis.
2260 4726 2278 4758 ι
2319 4705 2517 4760 Subdit
2547 4715 2670 4776 post
2697 4706 2813 4759 haec
2844 4724 2858 4760 :
2906 4725 2924 4757 ‹
2966 4706 3271 4763 Ostendisti
3305 4709 3507 4780 pepulo
3530 4720 3626 4764 tuo

2044 4796 2181 4851 dura
2222 4817 2235 4852 :
2272 4798 2475 4867 potasti
2506 4812 2606 4852 nos
2634 4797 2761 4851 vino
2785 4800 3280 4868 compunctionis.»
3315 4800 3439 4855 Haec
3461 4816 3626 4872 porro

2042 4890 2217 4946 videri
2253 4891 2468 4961 possint
2494 4891 2820 4948 inconcinne
2852 4893 3019 4957 dicta,
3040 4909 3139 4951 nec
3169 4909 3470 4967 congruere
3497 4911 3621 4951 cum

2044 4983 2114 5038 iis
2146 4996 2270 5053 qua:
2298 4982 2352 5037 in
2376 4983 2538 5037 titulo
2567 4991 2847 5039 notantur.
2886 4986 2989 5040 Sed
3020 4987 3233 5041 aestimo
3264 4988 3478 5043 titulum
3514 5004 3622 5043 non

2043 5076 2161 5131 sine
2191 5075 2394 5145 praevio
2423 5088 2591 5145 scopo
2624 5090 2727 5131 nos
2755 5076 2821 5130 ad
2859 5076 3020 5132 ﬁnem
3052 5078 3356 5143 remittere,
3376 5094 3475 5136 nec
3498 5081 3621 5137 sine

2041 5182 2246 5235 causa,
2292 5186 2311 5219 ι
2346 5181 2445 5238 pro
2477 5166 2546 5222 iis
2572 5168 2665 5237 qui
2712 5168 3145 5226 immutabuntur
3168 5212 3181 5239 ,
3218 5189 3239 5223 ι
3294 5171 3637 5244 ίιιεοιυίμῑιιιη

2042 5276 2185 5324 esse,
2239 5266 2402 5329 atque
2432 5275 2714 5316 sermones
2736 5262 2876 5317 istos
2908 5263 3051 5318 tituli
3082 5264 3493 5335 inscriptionem
3522 5280 3617 5317 vo-

2042 5360 2197 5406 catos
2228 5350 2417 5407 fuisse.
2445 5349 2580 5405 Nam
2616 5370 2635 5402 ι
2661 5352 2717 5407 in
2745 5352 2903 5409 linem
2924 5372 2945 5406 ι
2964 5354 3205 5429 ,ἀίοίιιιικ
3236 5357 3364 5426 quia
3387 5369 3472 5420 ea,
3498 5370 3617 5425 qua:

2041 5444 2095 5497 in
2123 5444 2382 5499 vaticinio
2407 5442 2682 5509 feruntur,
2721 5445 2776 5500 in
2803 5449 3270 5503 consummatione
3292 5447 3614 5503 saeculorum

2040 5536 2313 5607 implenda
2363 5544 2509 5593 sunt.
2580 5535 2905 5595 Necessario
2949 5538 3197 5605 additur,
3240 5558 3258 5593 ι
3297 5553 3396 5611 pro
3423 5539 3492 5594 iis
3520 5537 3612 5610 qui

2039 5630 2497 5697 immutabuntur,
2530 5653 2548 5685 ι
2586 5642 2808 5705 propter
2834 5635 3271 5690 immutationem
3303 5634 3451 5689 illius
3474 5641 3612 5689 tem-

2040 5722 2189 5793 poris
2234 5722 2397 5781 rebus
2439 5721 2799 5780 inferendam.
2850 5721 3131 5795 Siquidem
3168 5739 3293 5778 cum
3326 5724 3441 5780 hac
3464 5723 3611 5783 dice-

3224 6022 3297 6082 18
