4100 6528
538 415 643 473 555
1098 366 1105 377 .
1231 411 1496 472 EUSEBII
1535 408 2008 469 CESXRIENSIS
2045 409 2193 468 OPP.
2225 410 2422 470 PARS.
2469 409 3072 471 [IL—EXEGETICA.
3679 418 3787 484 556

534 540 740 595 nentur,
785 532 1086 604 allophylos
1112 535 1363 591 vincebat
1406 534 1593 594 Israel,
1629 530 1970 600 inimicisque
1995 544 2089 585 su-
2118 536 2153 592 Α

2198 549 2216 583 ι
2251 534 2362 596 τοῖς
2388 531 2906 604 ἁλλοιωθησομένοις
2935 553 2954 587 ι
2982 533 3333 606 ἐπιγράφειν,
3353 532 3449 588 καὶ
3478 535 3783 609 στηλογρα·

532 626 711 699 perior
732 633 879 681 erat.
929 624 1035 681 Sed
1076 627 1317 683 futurum
1361 637 1576 697 tempus
1608 632 1745 689 erat,
1776 639 1885 693 quo
1920 630 2099 676 muta-

2204 623 2332 693 φίαν
2347 624 2471 688 τοὺς
2490 624 2679 692 λόγους
2695 625 3035 679 ἀποκαλεῖν.‹
3060 626 3153 688 Εἰς
3177 646 3195 677 ι
3219 624 3318 695 μὲν
3337 627 3443 699 γὰρ
3466 645 3485 676 ι
3501 625 3562 679 τὸ
3573 627 3781 693 τέλος,›

532 718 732 772 tionem
757 734 938 774 rerum
973 720 1200 779 subiret.
1244 720 1587 788 inimicisque
1632 717 1885 772 subditus
1929 726 2095 772 esset.

2201 715 2288 789 διὰ
2308 715 2368 769 τὸ
2400 716 2493 769 ἐπὶ⁵
2522 716 2801 790 συντελείᾳ
2823 717 2930 770 τῶν
2963 715 3177 771 αἰώνων
3205 717 3421 787 μέλλειν
3444 717 3782 789 πληροῦσθαι

532 812 713 879 Quare
759 813 841 867 sic
892 813 1055 868 habet
1107 815 1299 869 titulus
1332 832 1345 869 :
1385 833 1405 866 ι
1439 814 1495 867 ln
1548 812 1729 875 tinem,
1763 827 1861 882 pro
1896 811 1963 865 iis
2002 812 2097 880 qui

2198 810 2265 861 τὰ
2311 810 2791 881 προφητευόμενα,
2844 810 3089 882 εἴρηται’
3133 809 3539 881 πρόσκειταιδέ
3564 852 3577 874 ,
3612 828 3629 861 ι
3666 812 3782 875 τοῖς

530 904 990 971 immutabuntur;
1024 925 1041 956 ι
1069 903 1424 975 Symmachus
1454 920 1604 970 vero,
1623 923 1644 956 ι
1664 920 1763 975 pro
1784 905 2039 968 ﬂoribus;
2071 924 2089 957 ι

2196 899 2745 973 ἀλλοιωθησομένοις,
2788 921 2807 953 ι
2846 903 3159 971 ἀναγκαίως
3202 901 3289 954 διὰ
3329 903 3427 973 τὴν
3479 902 3777 973 μέλλουσαν

527 994 739 1065 Aquila,
775 1013 793 1045 ι
833 1010 996 1064 super
1028 996 1159 1051 lilia.
1202 1014 1221 1047 ι
1257 993 1409 1048 Sicut
1439 995 1584 1049 enim
1630 996 1744 1048 lilia
1776 995 1909 1065 ,agri
1943 1004 1996 1049 et
2020 993 2098 1050 fe-

2194 992 2543 1063 διαλήψεσθαι
2595 994 2876 1049 ἀλλοίωσιν
2939 993 3036 1065 τὴν
3095 995 3427 1048 κατάστασιν
3487 995 3593 1047 τῶν
3650 994 3774 1047 τότε

526 1103 677 1148 num,
710 1086 775 1139 ad
804 1085 963 1141 breve
992 1087 1209 1158 quidem
1241 1094 1455 1156 tempus
1478 1087 1724 1157 speciosa
1753 1102 1877 1142 esse
1906 1086 2095 1141 viden-

2195 1086 2551 1156 πραγμάτων.
2601 1084 2728 1141 Ὅτε
2783 1088 2879 1157 μὲν
2922 1088 3031 1160 γάρ
3077 1088 3226 1142 ταῦτ’
3252 1088 3494 1157 ἐλέγετο,
3551 1087 3772 1159 ἐκράτει

524 1189 634 1244 tur,
661 1180 752 1235 sed
782 1188 1000 1251 repente
1050 1181 1410 1235 immutantur
1436 1188 1489 1236 et
1519 1190 1976 1252 corrumpuntur;
2010 1181 2091 1236 sic

2192 1179 2299 1232 τῶν
2328 1178 2637 1249 ἀλλοφύλων
2666 1181 2695 1233 6
2735 1179 2971 1251 Ἰσραὴλ,
3004 1182 3097 1233 καὶ
3134 1180 3242 1233 τῶν
3267 1180 3539 1251 πολεμίων
3581 1180 3771 1251 κρείτ-

522 1289 610 1329 res
644 1274 823 1344 populi
856 1281 984 1327 tunc
1015 1271 1295 1335 ﬂorentes,
1350 1272 1499 1327 brevi
1535 1273 1882 1328 immutandae
1909 1282 2087 1329 erant.

2189 1287 2298 1322 των
2326 1269 2635 1341 ἐτύγχανεν.
2674 1271 2903 1342 Ἔμελλε
2934 1272 2990 1325 δέ
3022 1273 3129 1344 ἄρα
3159 1272 3336 1345 καιρῷ
3356 1291 3459 1326 τινι
3484 1272 3771 1327 ἀλλοίωσιν

521 1364 701 1430 Quare
732 1366 785 1419 in
813 1364 1057 1419 doctrina
1108 1377 1203 1418 sua
1235 1362 1494 1417 Servator
1527 1364 1603 1417 ait
1630 1383 1642 1419 :
1680 1383 1698 1416 ι
1736 1364 2090 1420 Considerate

2191 1363 2499 1432 ὑπομένειν,
2529 1362 2623 1416 καὶ
2644 1362 2749 1416 ὑπὸ
2774 1352 2887 1427 τόίς
2913 1364 3127 1437 ἐχθροῖς
3159 1366 3422 1435 γίνεσθαι.
3463 1365 3555 1418 Διό
3600 1379 3768 1437 φησιν

519 1454 633 1509 lilia
686 1455 800 1526 agri
823 1456 902 1518 ἐς
938 1472 955 1505 ι
993 1468 1055 1508 ac
1087 1467 1309 1506 rursum
1344 1472 1355 1506 :
1392 1471 1411 1503 ι
1443 1452 1600 1519 Quod
1645 1455 1691 1509 si
1734 1454 1917 1510 fenum
1947 1455 2085 1526 agri,

2187 1454 2219 1524 ἡ
2254 1454 2543 1523 προγραφή
2564 1467 2576 1480 °
2613 1472 2631 1503 ι
2665 1453 2759 1517 El;
2782 1453 2840 1505 τὸ
2872 1454 3020 1519 τέλος
3050 1459 3161 1520 τοῖς
3182 1456 3761 1527 ἀλλοιωθησομένοις’›

517 1549 663 1620 quod
690 1549 849 1604 hodie
881 1555 981 1609 est,
1012 1555 1065 1602 et
1105 1560 1229 1599 cras
1270 1545 1323 1598 in
1351 1545 1628 1601 clibanum
1676 1547 1912 1602 mittitur
1942 1548 2021 1615 ”;
2061 1566 2080 1601 ›

2185 1548 2215 1599 ό
2241 1545 2297 1598 δὲ
2325 1545 2638 1616 Σύμμαχος,
2670 1564 2688 1598 ι
2733 1546 2901 1618 ’Υπέρ
2933 1549 3041 1600 τῶν
3068 1548 3244 1603 ἀνθῶν
3263 1566 3275 1578 ·
3316 1569 3334 1600 ι
3364 1552 3391 1603 6
3420 1549 3476 1601 δέ
3513 1548 3760 1611 Ἀκύλας,

518 1640 628 1696 imo
670 1642 871 1695 etiam:
910 1657 927 1688 ι
964 1635 1148 1691 Omnis
1192 1650 1322 1689 caro
1364 1634 1569 1700 fenum,
1604 1643 1658 1692 ct
1688 1636 1868 1691 omnis
1909 1637 2083 1707 gloria

2191 1654 2209 1687 ι
2251 1638 2373 1691 Ἐπὶ
2407 1638 2624 1709 κρίνων.
2662 1657 2680 1689 ι
2727 1638 2813 1702 Ὦς
2832 1638 2940 1710 γὰρ
2969 1638 3035 1691 τά
3070 1639 3229 1710 κρίνα
3269 1638 3362 1691 τοῦ
3407 1640 3577 1709 ἀγροῦ
3605 1641 3698 1694 καὶ
3730 1640 3764 1692 6

514 1734 634 1801 ejus
672 1732 825 1804 quasi
856 1730 951 1785 llos
983 1727 1109 1783 feni.
1158 1726 1507 1783 Exsiccatum
1554 1737 1637 1783 est
1660 1727 1867 1792 fenum,
1904 1736 1958 1784 et
1982 1728 2082 1785 llos

2184 1728 2373 1797 χόρτος
2400 1728 2547 1782 δοκεῖ
2580 1728 2678 1800 μέν
2701 1747 2820 1783 τινα
2846 1730 2980 1802 πρὸς
3010 1730 3181 1801 βραχὺ
3231 1731 3515 1800 φαίνεσθαι
3558 1732 3754 1804 ὡραῖα.

512 1829 761 1893 decidit;
824 1823 1056 1879 Verbum
1103 1829 1285 1876 autem
1320 1821 1533 1877 Domini
1587 1830 1770 1877 manet
1817 1821 1871 1876 in
1921 1831 2079 1879 aater-
2111 1892 2131 1895 _

2182 1820 2303 1873 ὅσον
2331 1820 2388 1873 δέ
2412 1819 2563 1875 οὔπω
2594 1822 2917 1892 μεταϐάλλει
2960 1824 3054 1876 καὶ
3104 1823 3414 1895 φθείρεται·
3461 1822 3633 1885 οὕτως
3665 1821 3759 1875 καὶ

511 1937 641 1976 num
677 1892 784 1983 ‘;i
819 1915 1015 1986 quibus
1070 1914 1333 1984 propheta
1379 1914 1678 1971 secundum
1722 1915 1961 1985 reliquos
2003 1892 2130 1972 in-l

2139 1894 2152 1945 ἶ
2179 1910 2248 1965 τὰ
2271 1913 2570 1984 πράγματα
2595 1913 2689 1967 τοῦ
2710 1913 2861 1973 λαοῦ,
2891 1914 3152 1967 ἀνθοῦντα
3190 1892 3329 1979 τότε,
3371 1913 3591 1986 ἔμελλεν
3633 1915 3758 1967 ὅσον

508 2019 771 2082 terpretes
803 2009 916 2062 hzec
944 2006 1095 2060 addit
1128 2026 1140 2060 :
1181 2026 1197 2058 ι
1236 2005 1371 2061 Vere
1402 2005 1582 2061 fenum
1615 2007 1871 2077 populus,
1901 2010 2078 2064 emic-

2177 2000 2328 2054 οὔπω
2380 2002 2752 2073 μεταόάλλειν.
2811 2004 2901 2057 Διὸ
2946 2006 3090 2058 καὶὸ
3121 2006 3311 2078 Σωτὴρ
3338 2009 3395 2061 ἐν
3445 2011 3567 2072 ταῖς
3606 2009 3754 2064 διδα-

506 2114 685 2159 catum
713 2108 795 2157 est
829 2099 1032 2163 fenum,
1068 2098 1272 2153 decidit
1301 2098 1400 2154 [los
1430 2100 1471 2162 ',
1496 2120 1513 2151 ι
1542 2096 1825 2153 Iudaicam
1860 2108 2075 2171 gentem

2179 2091 2423 2156 σκαλίαις
2442 2092 2593 2162 ἔλεγε
2611 2110 2625 2125 ·
2667 2111 2687 2144 ι
2720 2094 3079 2165 Καταμάθετε
3106 2094 3172 2148 τὰ
3199 2096 3357 2167 κρίνα
3376 2096 3469 2149 τοῦ
3492 2096 3683 2169 ἀγροῦ·
3726 2115 3749 2153 ο

504 2212 604 2251 nec
643 2195 871 2249 obscure
924 2190 1264 2262 signiﬁcans.
1319 2189 1517 2245 Eadem
1551 2192 1667 2261 ipsa
1690 2191 1802 2260 jam
1836 2190 2076 2262 Spiritus

2175 2185 2269 2237 καὶ
2292 2183 2490 2237 πάλινο
2533 2203 2552 2237 ι
2606 2185 2750 2239 Εἰδέ
2791 2186 2881 2239 τὸν
2908 2186 3098 2259 χόρτον
3148 2186 3242 2240 τοῦ
3292 2187 3462 2259 ἀγροῦ
3513 2190 3755 2261 σήμερον

502 2294 723 2343 sanctus
744 2301 841 2356 per
879 2284 1135 2339 Davidem
1169 2283 1512 2345 testiﬁcatur,
1545 2284 1826 2353 praemissa
1856 2284 1945 2337 illa
1977 2299 2076 2354 po-

2172 2276 2318 2339 6v:a,
2346 2278 2439 2331 καὶ
2458 2278 2645 2350 αὔριον
2675 2280 2755 2342 εἰς
2775 2279 3019 2333 κλίϐανον
3043 2278 3368 2350 βαλλόμενον
3388 2299 3402 2311 υ
3435 2301 3453 2332 ι
3477 2281 3612 2336 ἀλλά
3633 2282 3749 2345 καὶ,

498 2378 608 2448 puli
651 2375 830 2429 futura
868 2375 1176 2429 inversione
1202 2381 1257 2427 et
1293 2372 1616 2426 mutatione.
1672 2370 1851 2436 Quare
1884 2387 2074 2426 secun-

2178 2384 2195 2416 ι
2228 2368 2383 2420 Πᾶσα
2418 2367 2555 2438 σὰρξ
2587 2368 2795 2440 χόρτος,
2830 2368 2925 2422 καὶ
2952 2371 3102 2423 πᾶσα
3125 2370 3248 2436 δόξα
3281 2371 3449 2442 αὐτῆς
3476 2372 3551 2435 ὡς
3588 2373 3751 2437 ἄνθος

496 2471 623 2524 dum
656 2468 907 2539 Aquilam
940 2468 1145 2523 dictum
1179 2472 1287 2531 est,
1314 2484 1331 2516 ι
1356 2462 1532 2534 Super
1564 2464 1675 2518 lilia
1703 2464 1997 2519 testimonii
2018 2482 2065 2530 ;›

2170 2461 2383 2532 χόρτου.
2433 2461 2735 2533 Ἐξηράνθη
2783 2465 2812 2516 6
2842 2462 3053 2535 χόρτος,
3080 2465 3175 2518 καὶ
3205 2464 3265 2518 τὸ
3293 2464 3452 2528 ἄνθος
3481 2465 3704 2531 ἐξέπεσε
3729 2482 3742 2495 ·

496 2563 794 2618 secundum
844 2558 1230 2631 Symmachum
1279 2566 1483 2622 autem,
1544 2574 1562 2605 ι
1596 2554 1701 2609 Pro
1733 2555 1959 2610 ﬂoribus
1990 2563 2071 2610 te-

2167 2551 2229 2604 τὸ
2259 2551 2314 2604 δὲ
2345 2552 2495 2623 ῥῆμα
2520 2555 2725 2625 Κυρίου
2754 2554 2902 2625 μένει
2935 2557 3013 2620 είς
3036 2556 3127 2609 τὸν
3152 2555 3324 2610 αἰῶνα
3343 2573 3358 2588 ο
3390 2576 3408 2608 ι
3430 2550 3511 2621 οἷς
3548 2558 3576 2610 6
3600 2558 3746 2628 Προ-

494 2654 807 2713 stimonium
831 2672 844 2719 ;
871 2672 889 2704 ι
923 2652 1222 2709 secundum
1240 2648 1379 2705 LXX
1393 2664 1522 2703 vero
1546 2646 1894 2718 lnterpretes,
1919 2668 1937 2701 ι
1962 2648 2069 2703 Pro

2169 2644 2345 2714 φήτης
2368 2644 2510 2699 κατὰ
2531 2646 2661 2709 τοὺς
2691 2646 2910 2711 λοιποὺς
2937 2646 3277 2719 ἐρμηνευτάς
3310 2648 3633 2719 προστίθησι
3657 2647 3744 2701 λέ-

492 2750 559 2804 iis
603 2746 695 2817 qui
732 2745 1203 2809 immutabuntnr,
1252 2744 1307 2799 in
1358 2742 1498 2798 tituli
1550 2742 2006 2813 inscriptionem:
2041 2758 2060 2792 ι

2166 2750 2278 2803 γων
2297 2752 2309 2766 ·
2357 2755 2375 2789 ι
2428 2736 2667 2808 Ἀληθῶς
2691 2738 2882 2809 χόρτος
2917 2740 2945 2791 6
2973 2738 3099 2802 λαός
3118 2756 3133 2770 θ
3166 2738 3437 2811 ἐξηράνθη
3474 2741 3503 2792 6
3530 2740 3742 2809 χόρτος,

489 2853 609 2909 qua:
666 2851 915 2906 magnam
967 2836 1205 2890 habeant
1244 2849 1370 2890 cum
1424 2833 1585 2888 dictis
1637 2833 1692 2887 in
1738 2832 2065 2903 praecedenti

2165 2829 2390 2896 ἐξέπεσε
2413 2829 2474 2883 τὸ
2509 2830 2687 2895 ἀνθος,
2703 2848 2720 2881 ι
2753 2828 3077 2894 ἀκαλύπτως
3098 2830 3157 2883 τὸ
3195 2830 3462 2884 Ἰουδαίων
3486 2831 3633 2895 ἔθνος
3650 2832 3745 2902 δη-

487 2929 699 3001 psalmo
730 2927 1063 2983 afﬁnitatem.
1093 2926 1227 2981 Nam
1267 2927 1358 2981 ille
1383 2925 1565 2995 populi
1588 2924 1953 2994 abjectionem
1982 2924 2067 2977 in-

2164 2918 2360 2983 λώσας.
2399 2920 2549 2973 Αύτά
2592 2922 2654 2993 δὴ
2704 2915 2796 2974 οὖν
2840 2919 3013 2975 ταῦτα
3055 2921 3149 2974 καὶ
3192 2920 3287 2974 νῦν
3334 2921 3393 2975 τὸ
3425 2922 3647 2993 Πνεῦμα
3678 2923 3741 2976 τὺ

486 3019 688 3073 dicavit
723 3018 808 3073 his
854 3018 1034 3074 verbis
1061 3036 1076 3073 :
1116 3035 1135 3068 ι
1167 3017 1571 3073 Convertentur
1596 3014 1665 3069 ad
1698 3028 1979 3085 vesperam
2008 3020 2063 3069 et

2163 3009 2316 3080 ἅγιον
2355 3012 2441 3065 διά
2478 3012 2571 3066 τοῦ
2603 3011 2763 3067 Δαυῖδ
2792 3011 3148 3083 μαρτύρεται,
3189 3014 3606 3084 προαναφωνοῦν
3638 3015 3738 3085 τὴν

484 3109 681 3162 famem
711 3108 986 3175 patientur
1010 3115 1069 3161 ut
1093 3114 1339 3171 canes,et
1361 3106 1671 3161 circuibunt
1698 3105 2055 3169 civitatem',»

2164 3111 2462 3182 μέλλουσαν
2484 3110 2700 3165 ἔσεσθαι
2742 3111 2836 3165 τοῦ
2868 3109 2999 3165 λαοῦ
3041 3110 3326 3163 ἀλλοίωσιν
3362 3110 3455 3164 καὶ
3505 3109 3734 3182 μεταϐο-

482 3207 537 3256 et
564 3208 779 3253 caetera.
805 3198 1015 3265 Quibus
1038 3198 1151 3252 haec
1177 3199 1244 3253 de
1265 3198 1552 3253 vocatione
1570 3197 1811 3269 gentium
1831 3194 2061 3265 subjun-
2087 3240 2101 3295 γ

2116 3199 2285 3297 ⁵λήν.
2320 3200 2412 3253 Διὸ
2454 3199 2595 3253 κατά
2622 3200 2715 3252 τὸν
2756 3198 2985 3252 Ἀκύλαν
3026 3196 3261 3269 εἴρηται,
3302 3217 3321 3250 ι
3368 3199 3489 3252 Ἐπὶ
3534 3200 3735 3271 κρίνων

480 3291 559 3361 gi:
607 3309 620 3343 :
669 3308 688 3340 ι
722 3289 786 3343 Ει
816 3298 899 3353 tu,
932 3289 1158 3345 Domine
1186 3288 1329 3345 Deus
1370 3290 1662 3354 virtutum,
1690 3286 1832 3344 Deus
1868 3287 2059 3351 Israel,
2093 3286 2099 3294 ’

2119 3286 2131 3297 ’
2167 3292 2487 3363 μαρτυρίας·
2517 3311 2534 3343 ι
2562 3293 2702 3346 κατά
2722 3291 2780 3343 δὲ
2806 3292 2896 3344 τὸν
2930 3291 3242 3361 Σύμμαχον,
3279 3310 3296 3341 ι
3330 3291 3497 3361 ’Υπὲρ
3522 3292 3629 3345 τῶν
3649 3293 3738 3345 ἀν-

478 3382 700 3437 intende
730 3382 797 3436 ad
832 3382 1136 3437 visitandas
1169 3398 1361 3439 omnes
1410 3390 1623 3457 gentes.
1666 3399 1685 3432 ι
1740 3377 1908 3433 Tituli
1930 3392 2062 3433 vero

2164 3383 2271 3437 θῶν
2300 3385 2574 3455 μαρτυρία
2595 3399 2609 3413 ·
2646 3402 2664 3434 ι
2688 3382 2829 3436 κατά
2855 3382 2911 3435 δέ
2940 3384 3065 3447 τοὺς
3102 3383 3521 3453 Ἐὁδομήκοντα,
3567 3403 3584 3434 ι
3609 3384 3733 3448 Τοῖς

473 3474 890 3544 inscriptionem
928 3475 982 3528 in
1013 3474 1265 3544 praesenti
1300 3481 1356 3528 ut
1386 3480 1441 3528 et
1469 3471 1604 3526 alias
1634 3462 1850 3541 Aquila,
1901 3486 1920 3519 ι
1953 3468 2059 3521 hu-

2160 3474 2671 3545 ἀλλοιωθησομένοις
2692 3474 2770 3537 είς
2792 3472 3210 3544 στηλογρα.ιρίαν⁸
3248 3491 3267 3526 ι
3300 3472 3505 3543 Πολλὴν
3526 3472 3582 3526 δὲ
3601 3475 3731 3527 ἀκο-

476 3566 646 3628 milis,
697 3566 925 3636 perfecti
956 3565 1207 3627 Davidis;
1244 3584 1263 3618 ι
1316 3565 1679 3637 Symmachus
1726 3578 1878 3626 vero,
1908 3580 1927 3613 ι
1959 3562 2057 3617 bu-

2157 3566 2369 3621 λουθίαν
2390 3565 2499 3635 ἔχοι
2542 3564 2608 3618 ἂν
2639 3567 2773 3635 πρὸς
2794 3563 2863 3617 τά
2882 3567 2940 3617 ἐν
2964 3563 3041 3635 τῷ
3066 3564 3169 3636 πρὸ
3194 3563 3379 3617 τούτου
3410 3562 3723 3635 λελεγμένα.

474 3655 624 3709 milis
651 3654 873 3712 Davidis
903 3666 956 3711 et
994 3657 1276 3727 inculpati,
1317 3676 1336 3707 ι
1370 3654 1710 3726 interpretati
1742 3659 1891 3710 sunt.
1912 3649 2051 3705 Nam

2170 3659 2320 3713 Ἐπεὶ
2341 3660 2589 3721 κάκεῖνος
2608 3658 2707 3730 τὴν
2736 3658 2826 3712 τοῦ
2868 3658 3055 3722 ἔθνους
3098 3656 3368 3728 ἀποϐολὴν
3412 3656 3599 3728 ἐδήλου
3639 3655 3728 3709 λέ-

472 3744 636 3814 cippo
677 3746 841 3816 digna
879 3755 997 3800 erat
1046 3749 1180 3800 tanti
1211 3747 1356 3817 regis
1390 3746 1676 3803 modestia.
1728 3744 1865 3800 Cum
1901 3742 2047 3798 enim

2153 3766 2293 3818 γων·
2337 3769 2354 3800 ι
2401 3750 2849 3822 Ἐπιστρέψουσιν
2892 3750 2971 3815 είς
3005 3750 3260 3822 ἑσπέραν,
3283 3749 3376 3802 καὶ
3402 3747 3725 3819 λιμώξουσιν

472 3847 553 3893 tot
596 3840 733 3895 bella
770 3840 999 3897 feliciter
1031 3845 1326 3912 gessisset,
1378 3849 1432 3898 et
1481 3841 1712 3913 populos
1755 3855 1929 3913 usque
1979 3837 2049 3892 ad

2102 3884 2103 3889 η
2150 3844 2225 3906 ὼς
2250 3842 2415 3905 κύων,
2448 3843 2542 3895 καὶ
2588 3841 2924 3895 κυκλώσουσι
2957 3842 3106 3895 πόλιν
3130 3881 3144 3906 ,
3188 3861 3206 3893 ι
3241 3842 3331 3895 καί
3358 3841 3427 3894 τὰ
3463 3840 3721 3911 ἐπιφερό-

472 3931 918 4004 Mesopotamiam
974 3935 1277 4005 subegisset
1340 3935 1742 4004 vectigalesque
1802 3934 2043 4001 fecisset,

2152 3952 2307 4006 μενα.
2341 3930 2435 3999 Οἷς
2460 3936 2586 4004 ἑξῆς
2611 3936 2738 4006 περὶ
2771 3936 2865 4007 τῆς
2898 3935 3141 4007 κλήσεως
3164 3935 3269 3990 τῶν
3294 3934 3464 3988 ἐθνῶν
3493 3933 3718 4003 ἔφασκε-

470 4036 794 4079 consuetum
838 4026 1089 4080 servabat
1146 4040 1376 4091 morem,
1427 4040 1538 4097 quo
1587 4033 1885 4081 exornatus
1928 4038 2045 4083 erat

2153 4046 2173 4079 ι
2208 4028 2316 4082 Καὶ
2340 4028 2424 4091 σὺ,
2462 4026 2630 4098 Κύριε
2664 4028 2692 4079 6
2730 4027 2859 4091 Θεὸς
2889 4028 2995 4080 τῶν
3037 4026 3349 4097 δυνάμεων,
3379 4027 3406 4079 6
3434 4025 3566 4087 Θεὸς
3619 4025 3718 4077 ἰσ-

470 4130 593 4168 cum
623 4130 651 4167 a
676 4112 839 4168 Saule
871 4116 1179 4184 pelleretur,
1214 4130 1278 4169 ac
1308 4114 1568 4185 perfugus
1591 4114 1644 4168 in
1668 4114 1900 4170 desertis
1922 4130 2045 4186 age-

2147 4118 2305 4190 ραὴλ,
2357 4118 2590 4189 πρόσχες
2614 4116 2707 4171 τοῦ
2741 4118 3139 4189 ἐπισκέψασθαι
3182 4120 3359 4173 πάντα
3400 4119 3469 4173 τὰ
3509 4119 3653 4190 ἔθνη.
3688 4138 3708 4172 ι

468 4216 570 4260 ret.
623 4203 755 4259 Nam
788 4214 918 4260 tunc
947 4221 1184 4276 quoque,
1236 4213 1296 4260 ut
1326 4205 1571 4269 humilis,
1607 4205 1901 4275 perfectus,
1937 4207 2037 4261 hu-

2144 4211 2255 4282 Τὴν
2283 4210 2340 4263 δέ
2368 4209 2767 4281 στηλογραφίαν
2792 4210 2887 4263 καὶ
2913 4212 3008 4265 νῦν
3040 4212 3116 4275 ὼς
3145 4211 3239 4265 καὶ
3274 4212 3332 4264 ἐν
3366 4213 3478 4274 τοῖς
3509 4211 3714 4283 ἔμπρο-

468 4297 668 4352 militer
703 4299 944 4353 sentiens
973 4305 1026 4353 et
1056 4298 1388 4368 inculpatus,
1421 4298 1640 4352 :eternis
1682 4298 1856 4367 cippis
1887 4314 1917 4353 a
1954 4299 2039 4354 di-

2143 4300 2268 4354 σθεν
2297 4303 2325 4355 6
2366 4301 2464 4371 μέν
2510 4299 2760 4366 Ἀκύλας,
2797 4321 2815 4353 ι
2843 4302 3098 4357 ταπεινοῦ
3130 4302 3335 4356 τελείου
3363 4301 3451 4355 τοῦ
3477 4302 3637 4356 Δαυῖδ
3657 4319 3704 4353 ’1

463 4390 591 4444 vina
632 4388 913 4461 Scriptura
944 4392 1199 4463 dignatus
1228 4402 1333 4448 est.
1385 4390 1541 4447 Nunc
1575 4402 1755 4448 autem
1791 4408 1913 4447 cum
1946 4410 2035 4450 re-

2137 4394 2165 4445 6
2197 4392 2252 4445 δὲ
2281 4391 2593 4465 Σύμμαχος,
2634 4412 2653 4444 ι
2688 4394 3108 4465 ταπεινόφρονος
3138 4396 3233 4450 τοῦ
3251 4395 3411 4450 Δαυῖδ
3439 4395 3533 4449 καὶ
3557 4391 3708 4464 ἀμώ·

465 4498 640 4552 gnans
683 4491 763 4538 tot
796 4484 1046 4540 inimicos
1090 4483 1396 4550 invaderet,
1431 4484 1785 4555 omniumque
1814 4484 2034 4539 divitias

2140 4500 2263 4554 μουν
2293 4502 2311 4536 ³
2346 4486 2719 4557 ἡρμήνευσαν·
2745 4486 2953 4558 Μήλης
2977 4486 3085 4559 γὰρ
3112 4482 3179 4559 ἦν
3204 4488 3331 4554 ἀξία
3350 4490 3384 4559 ἡ
3411 4486 3506 4540 τοῦ
3528 4485 3707 4538 τοσού-

465 4573 777 4644 colligeret,
824 4575 879 4629 in
917 4572 1107 4630 eodem
1151 4574 1344 4631 aﬂectu
1395 4576 1810 4648 perseverabat;
1864 4573 2084 4645 quare]

2086 4574 2107 4626 )
2134 4591 2227 4628 του
2254 4574 2515 4646 βασιλέως
2545 4579 2993 4650 μετριοφροσύνη,
3025 4578 3303 4633 Τοσούτων
3318 4579 3424 4651 γὰρ
3456 4577 3705 4647 πολέμων

462 4671 519 4717 et
546 4664 682 4719 .ituli
712 4665 1069 4736 inscriptione
1097 4674 1151 4722 et
1178 4666 1373 4738 spiritu
1415 4666 1735 4738 prophetico
1776 4666 2030 4736 dignatus

2137 4669 2571 4739 περιγενόμενος,
2603 4671 2697 4722 καὶ
2722 4671 2845 4734 τοὺς
2882 4670 3041 4742 μέχρι
3064 4670 3164 4741 τῆς
3184 4671 3373 4742 Μέσης
3394 4670 3501 4723 τῶν
3535 4684 3701 4722 ποτα-

459 4762 563 4812 est.
2142 4758 2257 4829 μῶν
2277 4758 2567 4825 ὑποτάξας,
2592 4760 2895 4832 ὑποφόρους
2917 4778 2975 4814 τε
2992 4762 3189 4825 αὐτοὺς
3204 4762 3699 4832 καταστησάμενος,

459 4848 519 4901 ἐν
546 4849 623 4919 τῷ
649 4851 832 4921 οἰκείῳ
854 4852 1092 4922 διέμενεν
1119 4854 1256 4925 neu,
1288 4848 1402 4922 ἱενῷ
1431 4856 1525 4908 καὶ
1551 4855 1639 4907 ὅτε
1671 4852 1932 4923 ἠλαύνετο
1967 4851 2071 4905 ὑπὸ
2094 4849 2189 4905 τοῦ
2212 4851 2404 4916 Σαοὺλ,
2424 4853 2629 4916 καὶτὰς
2652 4855 2890 4925 ἐρήμους
2907 4854 3125 4922 φεύγων
3142 4852 3399 4923 κατῴκει,
3420 4850 3695 4922 διέπρεπε.

460 4946 569 4998 Καὶ
588 4946 707 4999 τότε
733 4946 840 5018 γὰρ
862 4948 966 5003 ὑπὸ
1014 4949 1112 5019 τῆς
1167 4951 1317 5014 θείας
1350 4951 1593 5021 Γραφῆς,
1619 4951 1695 5013 ὡς
1756 4949 2006 5011 ταπεινὸς
2028 4948 2261 5013 τέλειος,
2298 4948 2332 5021 ἢ
2376 4950 2754 5021 ταπεινόφρων
2817 4950 2911 5003 καὶ
2957 4951 3184 5021 ἄμωμος
3226 4949 3435 5018 στηλῶν
3470 4947 3698 5001 αἰωνίων

458 5034 701 5104 “mito:
736 5038 826 5091 καὶ
856 5038 950 5093 νῦν
973 5042 1017 5094 6'
1041 5043 1128 5095 ἅτε
1168 5042 1465 5112 βασιλεύων
1498 5042 1769 5104 τοσούτοις
1804 5040 2020 5113 ἐπεξῄει
2058 5041 2354 5112 τωλεμίοις,
2404 5044 2499 5097 καὶ
2526 5043 2615 5096 τὸν
2647 5043 2898 5097 ἁπάντων
2933 5044 3130 5114 συνῆγε
3177 5041 3400 5095 πλοῦτον
3420 5083 3434 5107 ,
3477 5042 3567 5093 ἐπὶ
3600 5039 3697 5109 τῆς

456 5130 624 5201 αὐτῆς
662 5130 870 5203 διέμενε
917 5134 1310 5207 προαιρέσεως
1360 5135 1443 5188 διὸ
1466 5130 1867 5204 στηλογραφίας
1900 5131 2131 5200 ἠξιοῦτο,
2172 5134 2264 5187 καὶ
2289 5133 2595 5205 πνεύματος
2625 5133 2840 5202 ἠξιοῦτο
2859 5130 3214 5206 προφητικοῦ.

486 5249 793 5306 'Observes
842 5267 1007 5322 porro
1035 5253 1194 5307 velim
1243 5253 1344 5306 hoc
1386 5258 1650 5320 tempore,
1704 5263 1827 5302 cum
1862 5246 2030 5302 Israel

2209 5252 2489 5323 Ἐπιτήρει
2513 5252 2569 5305 δὲ
2601 5253 2747 5316 ὅπως
2778 5251 2920 5305 κατά
2955 5254 3146 5305 τούτου
3178 5250 3271 5304 τοῦ
3309 5250 3496 5321 χρόνου
3528 5252 3557 5304 6
3596 5250 3691 5305 ἰσ-

451 5347 713 5407 regnante
735 5339 958 5402 Davide.
991 5357 1163 5411 usque
1190 5340 1257 5395 ad
1289 5338 2027 5409 Mesopotamiamimperium

2129 5346 2283 5419 ραὴλ,
2313 5345 2685 5417 βασιλεύοντος
2712 5345 2897 5410 Δαυῒδ,
2934 5346 3096 5416 μέχρι
3128 5345 3226 5416 τῆς
3260 5344 3445 5413 Μέσης
3464 5343 3572 5396 τῶν
3598 5359 3687 5395 πο-

453 5430 745 5497 obtineret,
786 5448 849 5487 ac
878 5434 1161 5501 vectigalia
1192 5448 1222 5485 a
1252 5431 1497 5486 ﬁnitimis
1527 5430 1782 5501 gentibus
1814 5430 2029 5500 accipe-

2122 5436 2311 5507 ταμῶν
2350 5436 2588 5507 ἐκράτει,
2618 5435 2711 5488 καὶ
2750 5434 2949 5507 φόρους
2978 5435 3126 5508 παρὰ
3160 5433 3267 5487 τῶν
3320 5431 3478 5504 πέριξ
3522 5431 3688 5484 ἐθνῶν

453 5533 559 5587 ret,
605 5527 1023 5595 promissionem
1059 5525 1149 5579 Dei
1197 5525 1261 5578 ad
1293 5524 1566 5578 Abraham
1617 5524 1814 5578 factam
1862 5537 2026 5593 Opere

2120 5529 2411 5599 ἐλάμόανε,
2460 5530 2558 5599 τῆς
2598 5528 2689 5582 τοῦ
2724 5527 2858 5582 Θεοῦ
2906 5528 3239 5597 ἐπαγγελίας
3276 5526 3374 5596 τῆς
3422 5524 3557 5595 πρὸς
3598 5522 3686 5576 τὸν

452 5618 775 5687 completam
800 5633 945 5679 esse,
976 5632 1082 5685 qna
1106 5616 1383 5687 pollicitus
1411 5625 1530 5670 erat
1570 5632 1629 5671 se
1658 5620 1911 5670 daturum
1937 5632 2024 5671 se-

2131 5620 2379 5691 Ἀϐραὰμ
2401 5622 2481 5684 είς
2509 5620 2646 5691 ἔργα
2667 5620 2948 5692 χωρούσης
2968 5638 2981 5651 ο
3007 5621 3076 5674 δι’
3101 5617 3167 5692 ἧς
3201 5617 3563 5688 ἐπηγγέλλετο
3584 5612 3685 5667 δὼ-

453 5707 584 5762 mini
613 5708 735 5777 ejus
764 5716 934 5763 totam
965 5717 1165 5764 terram
1200 5722 1227 5761 a
1252 5708 1469 5765 numine
1497 5708 1715 5781 Egypti
1753 5725 1923 5780 usque
1949 5712 2019 5767 ad

2119 5728 2228 5764 σειν
2251 5709 2329 5781 τῷ
2366 5709 2642 5781 σπέρματι
2669 5709 2832 5763 αὑτοῦ
2869 5710 3048 5763 πᾶσαν
3078 5710 3175 5780 τὴν
3207 5708 3308 5778 γῆν
3331 5707 3437 5760 ἀπὸ
3465 5702 3559 5759 τοῦ
3589 5718 3684 5755 πο-

508 5888 565 5963 ξ⁸
604 5888 791 5944 Matth.
830 5903 917 5953 vr,
953 5886 1043 5941 28.
1119 5889 1164 5920 ”
1204 5888 1333 5944 ibid.
1370 5888 1458 5944 50.
1540 5891 1555 5921 ⁸
1596 5888 1698 5945 lsa.
1735 5907 1833 5959 ιι,
1870 5892 1986 5947 6-8.
2065 5893 2084 5922 '
2124 5892 2253 5949 ibid.
2296 5894 2344 5947 7.
2422 5892 2443 5925 ⁸
2481 5891 2623 5947 Psal.
2664 5909 2827 5956 Lvm,
2866 5892 2915 5947 7.
