4100 6542
419 435 524 492 δῦτ

1541 437 2042 493 COMMENTARIA
2090 440 2155 496 IN
2196 441 2532 500 PSALMOS.

3544 445 3645 499 558

416 555 592 627 ταμοῦ
627 556 919 625 Αἰγύπτου,
985 556 1144 629 μέχρι
1179 557 1272 610 τοῦ
1316 556 1558 626 ποταμοῦ
1594 559 1876 629 Εὐφράτου
1898 577 1912 590 ·
1947 560 1981 613 ἃ

2092 558 2446 629 Euphratem;
2489 561 2634 630 quod
2673 559 2872 614 Davide
2901 567 3159 629 regnante
3189 573 3373 613 revera
3399 558 3645 627 contigit,

417 647 480 718 δὴ
511 645 883 716 βασιλεύοντος
915 648 1006 702 τοῦ
1038 649 1197 702 Δαυῖδ
1219 649 1397 722 ἔργοις
1441 650 1739 720 ἐπληροῦτο
1765 669 1776 681 ·
1829 651 1986 704 τοῦτο

418 739 549 808 γοῦν
575 740 669 793 καὶ
697 741 728 809 ἡ
757 739 1117 810 παρατεθεῖσα
1146 739 1351 812 ἱστορία
1383 740 1482 810 τῆς
1520 742 1808 796 Βασιλειῶν
1853 756 1987 815 γρα-

421 833 529 903 φῆς
583 833 900 904 ἐμαρτύρει.
960 833 1115 897 Ἀλλά
1141 833 1249 904 γὰρ
1303 834 1588 902 φωτισθεὶς
1627 837 1656 888 6
1704 839 1987 909 προφήτης

421 925 527 982 ὑπὸ
555 925 646 978 τοῦ
677 927 830 995 ἁγίου
863 926 1195 996 Πνεύματος,
1226 927 1468 991 θεσπίζει
1503 927 1572 979 τὰ
1613 930 1669 980 ἐν
1702 932 1812 992 τοῖς
1863 930 1988 1000 μὲλ-

421 1017 571 1070 λουσι
605 1019 815 1089 χρόνοις
850 1018 1258 1088 συμϐησόμενα.
1294 1019 1426 1072 Τίνα
1451 1019 1506 1072 δέ
1532 1015 1599 1090 ἦν
1644 1020 1815 1074 ταῦτα
1845 1022 1988 1074 διδά-

424 1127 542 1162 σκει
584 1108 788 1178 λέγων·
826 1129 842 1160 ι
873 1110 964 1171 Είς
988 1109 1048 1161 τὸ
1071 1109 1222 1172 τέλος
1249 1113 1359 1171 τοῖς
1390 1109 1920 1182 ἀλλοιωθησομένοις.
1964 1133 1980 1164 ι

422 1198 536 1255 Εἶθ’
571 1202 697 1272 ἑξῆς
732 1201 932 1270 προῖὼν
971 1201 1196 1268 ἐπάγει·
1232 1219 1250 1250 ι
1303 1201 1359 1253 '0
1393 1200 1557 1264 Θεὸς,
1587 1201 1792 1257 ἀπώσω
1842 1207 1988 1275 ἡμᾶς

421 1295 515 1347 καὶ
541 1293 781 1356 καθεῖλες
809 1295 974 1363 ἡμᾶς,
1012 1311 1029 1344 ι
1053 1293 1143 1344 καλ⁸
1169 1290 1237 1344 τά
1259 1290 1410 1361 ἐξῆς·
1440 1287 1520 1355 οἷς
1545 1293 1659 1362 μεθ’
1689 1294 1850 1366 ’ἐτερα
1873 1298 1988 1348 ἐπι-

420 1384 599 1452 λέγει·
632 1403 652 1436 ‹
702 1385 757 1437 '0
781 1385 912 1447 Θεὸς
934 1384 1195 1454 ἐλάλησεν
1225 1384 1281 1436 ἐν
1315 1383 1393 1453 τῷ
1425 1385 1564 1455 ἀγίῳ
1589 1386 1752 1440 αὑτοῦ
1773 1405 1786 1419 ·
1823 1388 1989 1457 ἀγαλ-

420 1475 676 1546 λιάσομαι
720 1477 812 1529 καὶ
838 1475 1099 1548 διαμεριῶ
1119 1477 1337 1547 Σίκιμα,
1366 1478 1457 1529 καὶ
1487 1477 1584 1549 τὴν
1629 1478 1848 1532 κοιλάδα
1883 1479 1987 1532 τῶν

424 1567 635 1637 σκηνῶν
658 1567 1020 1638 διαμετρήσω,
1062 1587 1078 1618 ι
1111 1570 1204 1621 καὶ
1231 1568 1298 1621 τά
1334 1567 1480 1640 ἑξῆς.
1511 1571 1772 1641 Σημαίνει
1807 1572 1862 1624 δὲ
1900 1572 1988 1625 διὰ

421 1658 623 1711 τούτων
665 1658 756 1712 τοῦ
801 1658 931 1710 Θεοῦ
963 1659 1254 1728 διαλλαγὰς
1288 1660 1424 1734 πρὸς
1460 1662 1586 1726 τοὺς
1638 1661 1983 1732 ἀλλοφύλους.

433 1752 492 1803 ὐ
529 1750 658 1814 Θεὸς
702 1751 842 1823 γάρ,
870 1754 1031 1823 φησὶν
1059 1793 1073 1816 ,
1110 1753 1367 1823 ἐλάλησε,
1421 1754 1516 1806 καὶ
1558 1753 1795 1826 λαλήσας
1828 1755 1884 1807 ἐν
1910 1754 1988 1824 τῷ

2089 659 2146 706 ut
2173 653 2337 706 allata
2363 653 2670 724 Regnorum
2703 651 2928 707 historia
2951 650 3367 706 testificabatur.
3423 650 3504 704 Ad
3535 650 3649 705 haec

2088 743 2248 796 etiam
2282 740 2488 813 Spiritu
2519 750 2710 796 sancto
2735 741 3037 797 illustratus
3059 738 3349 812 Propheta,
3386 740 3649 796 vaticina-

2089 845 2178 887 tur
2229 850 2291 889 ea
2341 850 2459 904 quae
2507 834 2688 889 futuro
2736 841 2858 904 post
2910 842 3151 902 tempore
3199 840 3459 888 eventura
3502 841 3647 888 sunt.

2091 927 2350 991 Quaanam
2398 935 2576 981 autem
2606 927 2696 981 illa
2724 934 2941 991 essent,
2971 925 3056 981 his
3084 925 3263 980 verbis
3307 925 3496 990 docet,
3535 945 3552 978 ι
3593 924 3650 980 In

2089 1022 2248 1075 finem
2290 1036 2388 1090 pro
2417 1020 2482 1075 iis
2517 1021 2611 1092 qui
2641 1021 3091 1077 immutabuntur.
3128 1042 3147 1075 ι
3209 1022 3267 1076 In
3298 1020 3652 1091 sequentibus

2086 1125 2214 1164 vero
2242 1108 2427 1173 infert,
2451 1109 2644 1172 «Deus,
2672 1111 2917 1181 repulisti
2947 1127 3048 1167 nos
3068 1119 3123 1166 et
3151 1111 3468 1166 destruxisti
3493 1126 3646 1175 nos»

2087 1207 2140 1256 et
2171 1208 2382 1256 caetera.
2419 1199 2626 1266 Quibus
2657 1212 2840 1272 postea
2866 1202 3168 1274 subiungit,
3208 1222 3226 1253 ‹
3264 1202 3406 1258 Deus
3440 1203 3654 1259 locutus

2087 1298 2171 1346 est
2197 1290 2252 1344 in
2277 1298 2468 1345 sancto
2492 1305 2610 1355 suo,
2639 1292 2922 1346 exsultabo
2952 1300 3007 1346 et
3032 1290 3268 1344 dividam
3301 1290 3572 1355 Sichima,
3601 1297 3655 1344 et

2087 1382 2385 1437 convallem
2416 1382 2910 1437 Tabernaculorum
2961 1383 3244 1446 dimetiar,
3286 1401 3304 1434 ι
3341 1391 3394 1437 et
3422 1384 3650 1454 reliqua.

2087 1471 2184 1528 His
2214 1489 2376 1543 porro
2401 1474 2669 1545 significat
2697 1473 2791 1529 Dei
2819 1474 3314 1530 reconciliationem
3345 1490 3468 1528 cum
3520 1475 3654 1529 alie-

2088 1568 2320 1638 nigenis.
2362 1567 2505 1623 Deus
2534 1568 2697 1635 enim,
2733 1572 2827 1633 ait,
2858 1569 3074 1624 locutus
3103 1577 3221 1632 est,
3253 1584 3316 1623 ac
3359 1571 3414 1624 in
3461 1578 3654 1624 sancto

2089 1674 2189 1714 suo
2220 1659 2436 1714 locutus
2469 1659 2539 1713 ad
2568 1658 2790 1724 Galaad,
2827 1659 3112 1716 Manassen
3132 1701 3146 1725 ,
3184 1659 3438 1731 Ephraim
3470 1668 3523 1716 et
3553 1661 3652 1716 Ju-

2089 1750 2248 1816 dam;
2287 1749 2441 1805 Moab
2469 1760 2522 1806 et
2552 1750 2835 1806 ldumaaam
2867 1767 2930 1806 ac
2956 1753 3194 1823 reliquos
3242 1769 3428 1807 omnes
3461 1754 3653 1808 alieni-

421 1843 560 1914 ἁγίῳ
591 1843 754 1897 αὑτοῦ
804 1844 880 1914 τῷ
930 1845 1140 1898 Γαλαὰδ
1189 1846 1281 1897 καὶ¹
1336 1845 1412 1916 τῷ
1440 1847 1736 1917 Μανασσῇ,
1781 1847 1874 1900 καὶ
1912 1846 1989 1916 τῷ

2092 1857 2255 1912 genas
2295 1858 2402 1896 una
2447 1843 2842 1913 complectitur.
2877 1842 3009 1898 Nam
3046 1863 3064 1895 ι
3114 1843 3293 1913 Moab,
3345 1846 3540 1916 inquit,
3586 1846 3659 1901 le-

434 1935 692 2008 Ἐφραῒμ,
726 1937 820 1989 καὶ
847 1935 924 2006 τῷ
953 1936 1142 2007 Ἰούδα,
1169 1915 1791 2008 συμπεριλαμϐάνει-τὸν
1818 1915 1988 1992 Μωάϐ

2092 1932 2186 1986 bes
2219 1931 2334 2001 spei
2362 1949 2558 1999 meaep
2603 1948 2701 2003 pro
2729 1949 2836 2003 quo
2865 1933 3227 2005 Symmachus
3247 1915 3436 2000 edidit,
3466 1935 3656 1990 «Moab

419 2028 516 2079 καὶ
543 2028 642 2098 τὴν
676 2027 981 2097 Ἰδουμαίαν
1008 2028 1100 2080 καὶ
1133 2029 1340 2092 πάντας
1367 2030 1490 2092 τοὺς
1515 2029 1732 2094 λοιποὺς
1764 2029 1990 2099 ἀλλοφύ-

417 2118 564 2181 λους.
590 2139 606 2169 ι
630 2118 804 2172 Μωάϐ
834 2138 851 2170 ι
883 2119 1010 2190 γὰρ,
1049 2110 1201 2190 φησὶ,
1229 2139 1246 2171 ι
1275 2120 1436 2191 λέϐης
1461 2123 1560 2191 τῆς
1580 2122 1790 2186 ἐλπίδος
1818 2140 1937 2194 μου·
1965 2142 1984 2175 ι

420 2208 537 2263 ἀνθ’
565 2205 624 2264 οἷ)
653 2212 680 2262 ὁ
719 2210 1014 2280 Σύμμαχος
1036 2211 1286 2277 ἐξέδωκε,
1325 2232 1342 2263 ι
1377 2213 1548 2266 Μωάϐ
1591 2214 1755 2286 λέϐης
1796 2217 1990 2286 ἀμερι-

420 2298 584 2371 μνίας
626 2318 725 2370 μου
753 2317 765 2330 ·
799 2321 817 2353 ι
851 2303 877 2354 ὁ
902 2301 957 2353 δὲ
1001 2301 1259 2366 Ἀκύλας,
1303 2322 1321 2353 ι
1359 2304 1532 2357 Μωάϐ
1568 2305 1729 2375 λέϐης
1764 2305 1988 2378 λουτροῦ

420 2410 546 2465 μου.
592 2411 610 2444 ι
644 2386 777 2444 Εἶτα
803 2393 928 2463 περὶ
975 2392 1074 2462 τῆς
1120 2393 1421 2463 Ἰδουμαίας
1464 2396 1624 2459 αὐτὸς
1661 2397 1989 2465 ἐπαγγέλλε-

417 2502 507 2537 ται
560 2481 769 2550 λέγων·
811 2501 829 2532 ι
873 2482 994 2534 Ἐπὶ
1022 2481 1120 2553 τὴν
1171 2483 1473 2553 Ἰδουμαίαν
1514 2487 1714 2540 ἐκτενῶ
1754 2488 1814 2541 τὸ
1860 2489 1990 2540 ὑπό-

416 2570 567 2640 δημά
612 2589 744 2642 μου·
786 2591 804 2626 )
856 2573 888 2639 ἦ
939 2572 1079 2625 κατὰ
1122 2572 1212 2625 τὸν
1263 2574 1591 2646 Σύμμαχον,
1651 2596 1670 2629 ι
1719 2578 1841 2630 Ἑπὶ
1893 2580 1989 2648 τὴν

430 2656 729 2729 Ἰδουμαίαν
785 2660 1115 2731 ἐπιϐήσομαι
1173 2661 1251 2732 τῷ
1298 2663 1601 2735 ὑποδήματι
1648 2685 1766 2736 μου.
1812 2687 1829 2718 ι
1880 2669 1989 2721 Καὶ

416 2749 640 2802 τοιαῦτα
687 2751 783 2820 μὲν
832 2752 1219 2820 ἐπαγγέλλεται
1251 2755 1328 2825 τῷ
1362 2756 1533 2808 Μωάϐ
1571 2758 1662 2810 καὶ
1707 2761 1772 2828 τῇ
1831 2759 1989 2811 Ἰδου-

422 2840 578 2912 μαίᾳ.
622 2842 755 2910 Περὶ
800 2843 856 2896 δέ
886 2844 992 2898 τῶν
1018 2845 1329 2916 ἀλλοφύλων
1363 2847 1524 2900 πάλιν
1551 2850 1579 2901 6
1611 2849 1772 2913 αὐτὸς
1809 2851 1990 2904 ἐπιλέ-

416 2945 537 2998 γει·
575 2950 594 2982 ι
649 2933 801 3003 Ἐμοὶ
833 2933 1115 3004 ἀλλόφυλοι
1151 2937 1528 3008 ὑπετάγησαν·
1569 2958 1587 2990 ι
1621 2940 1677 3010 ἢ,
1714 2939 1855 2994 κατά
1900 2941 1991 2995 τὸν

432 3018 658 3074 Ἀκύλαν
683 3040 696 3053 ·
734 3043 751 3074 ι
796 3023 910 3076 Ἐπ’
935 3026 1033 3096 ἐμὲ
1065 3027 1379 3080 Φυλιστιαία
1415 3028 1536 3100 (sic)
1561 3022 1897 3104 ἡταιρήσατο
1919 3051 1930 3062 ·
1967 3053 1985 3084 ι

417 3115 560 3167 κατά
591 3115 646 3168 δὲ
675 3118 765 3169 τὸν
802 3117 1147 3183 Θεοδοτίωνα,
1189 3139 1206 3171 ι
1246 3121 1398 3190 Ἐμοὶ
1447 3121 1731 3191 ἀλλόφυλοι
1784 3124 1993 3191 ἐφιλία-

2090 2022 2238 2077 lebes
2271 2024 2581 2079 securitatis
2634 2040 2800 2091 meae;
2835 2045 2852 2077 ι
2891 2026 3085 2095 Aquila
3137 2041 3289 2090 vero,
3329 2045 3347 2077 ι
3383 2025 3542 2081 Moab
3575 2027 3653 2081 le-

2089 2114 2185 2170 bes
2221 2115 2421 2169 lavacri
2471 2116 2596 2170 mei.
2635 2135 2652 2167 ι
2702 2115 2967 2188 Deinceps
3000 2117 3067 2172 de
3114 2117 3342 2172 ldumaea
3377 2117 3491 2172 haec
3539 2118 3655 2186 ipso

2089 2206 2395 2276 pollicetur,
2433 2226 2452 2257 ι
2483 2205 2540 2260 1η
2585 2206 2873 2262 Idumaaam
2907 2207 3193 2262 extendam
3223 2209 3650 2263 calceamentum

2088 2315 2331 2366 meump
2357 2300 2472 2354 sive
2492 2299 2788 2354 secundum
2812 2299 3222 2371 Symmachum,
3247 2319 3266 2351 ‹
3289 2299 3348 2354 In
3363 2299 3651 2354 ldumaeam

2088 2391 2454 2446 conscendam
2505 2392 2875 2446 calceamento
2921 2406 3062 2447 meo.
3096 2411 3113 2443 ι
3167 2391 3233 2445 Et
3275 2391 3390 2446 haec
3435 2391 3651 2462 quidem

2087 2480 2245 2536 Moab
2270 2490 2324 2537 et
2359 2481 2604 2536 Idumaeas
2637 2480 2945 2551 pollicetur.
2980 2481 3054 2537 De
3082 2482 3400 2554 alienigenis
3433 2497 3651 2537 rursum

2089 2572 2297 2642 adjicit,
2338 2592 2356 2624 ι
2389 2572 2519 2627 Mihi
2549 2573 2862 2644 alienigena:
2902 2574 3104 2628 subditi
3150 2582 3310 2642 sunt;
3351 2593 3369 2627 ι
3405 2574 3518 2630 sive
3559 2589 3648 2627 se-

2089 2662 2326 2718 cundum
2368 2666 2620 2734 Aquilam
2641 2706 2656 2733 ,
2709 2683 2728 2716 ι
2765 2663 2895 2718 Mihi
2923 2663 3232 2720 Philisthaea
3260 2666 3432 2720 amica
3462 2664 3592 2730 fuit;
3629 2683 3649 2717 ι

2090 2754 2388 2808 secundum
2417 2754 2846 2811 Theodotionem
2879 2763 3081 2820 autem,
3119 2774 3137 2808 ι
3171 2755 3299 2809 Mihi
3340 2756 3655 2825 alienigena:

2091 2845 2251 2900 amici
2277 2844 2406 2899 facti
2437 2855 2584 2901 sunt.
2617 2865 2635 2897 ι
2674 2846 2801 2902 Hac
2849 2861 3013 2916 porro
3046 2847 3178 2916 ipsis
3206 2846 3386 2901 verbis
3415 2855 3468 2901 et
3508 2848 3656 2901 voci-

2091 2936 2194 2991 bus
2243 2935 2301 2990 in
2349 2950 2459 2990 cvn
2505 2937 2715 3006 psalmo
2762 2937 2907 2990 dicta
2940 2947 3088 3001 sunt,
3136 2936 3189 2989 in
3221 2952 3328 3006 quo
3357 2937 3654 2993 secundum

2091 3026 2597 3098 LXXlnterpretes,
2665 3029 2869 3084 amicos
2931 3029 3026 3084 Dei
3066 3028 3279 3084 futuros
3326 3029 3654 3101 alienigenas

2096 3121 2153 3174 in
2183 3119 2446 3175 vaticinio
2489 3119 2684 3177 fertur.
2741 3119 3014 3190 Scriptum
3063 3123 3245 3191 itaque
3287 3128 3372 3175 est
3413 3120 3467 3174 ir.
3520 3120 3654 3176 illo:

422 3223 541 3264 σαν.
573 3228 589 3259 ι
615 3209 761 3261 Αύτά
788 3210 843 3263 δὲ
876 3211 1045 3264 ταῦτα
1077 3215 1189 3275 τοῖς
1217 3213 1399 3275 αὐτοῖς
1430 3215 1658 3285 μασι,
1683 3216 1777 3268 καὶ
1805 3216 1989 3280 αὑταῖς

2097 3230 2118 3265 ι
2151 3213 2308 3268 Moab
2334 3213 2482 3268 lebes
2511 3213 2627 3283 spei
2655 3228 2806 3268 meae.
2845 3213 2901 3268 lu
2929 3212 3212 3269 Idumaeam
3238 3214 3523 3269 extendam
3544 3214 3659 3269 cal-

417 3299 594 3365 λέξεσι
621 3303 712 3354 καὶ
738 3303 794 3354 ἐν
825 3302 901 3374 τῷ
932 3304 1009 3374 ρξ’
1040 3304 1252 3375 εἴρηται
1278 3305 1495 3377 ψαλμῷ,
1531 3309 1587 3359 ἐν
1626 3302 1670 3375 ᾧ
1715 3310 1808 3362 καὶ
1850 3309 1990 3363 κατά

418 3392 546 3454 τοὺς
599 3390 997 3464 Ἐϐδομήκοντα
1035 3395 1301 3464 φιλιάσειν
1356 3396 1433 3467 τῷ
1464 3396 1581 3468 Θεῷ
1622 3399 1671 3450 οἱ
1705 3399 1988 3468 ἀλλόφυλοι

419 3482 784 3548 θεσπίζονται.
817 3487 1127 3559 Γέγραπται
1148 3489 1276 3556 γοῦν
1304 3491 1396 3542 καὶ
1426 3492 1482 3543 ἐν
1507 3491 1720 3562 ἐκείνῳ·
1764 3510 1781 3542 ι
1815 3491 1988 3545 Μωάϐ

419 3575 582 3646 λέϐης
608 3578 706 3647 τῆς
735 3578 947 3638 ἐλπίδος
975 3597 1095 3649 μου.
1138 3581 1260 3633 Ἐπὶ
1282 3581 1380 3652 τὴν
1419 3583 1720 3654 Ἰδουμαίαν
1749 3584 1990 3638 ἐπιϐαλῶ

420 3667 482 3720 τὸ
507 3668 761 3739 ὑπόδημα
807 3685 926 3739 μου,
959 3672 1082 3740 ἐμοὶ
1136 3672 1422 3741 ἀλλόφυλοι
1471 3674 1775 3743 ἐφιλίασαν.
1811 3695 1830 3727 ι
1880 3676 1990 3729 Καὶ

419 3759 591 3813 ταῦτα
616 3761 714 3832 μὲν
731 3762 857 3833 περὶ
886 3761 991 3814 τῶν
1013 3761 1323 3831 ἀλλοφύλων
1343 3764 1542 3834 διῆλθε.
1568 3765 1723 3818 Μετά
1741 3767 1796 3819 δὲ
1821 3767 1990 3820 ταῦτα

421 3853 486 3905 ἐκ
512 3852 800 3924 προσώπου
828 3853 920 3907 τοῦ
964 3855 1231 3908 Ἰουδαίων
1272 3855 1400 3909 λαοῦ
1431 3859 1464 3927 ἡ
1496 3859 1798 3928 προφητεία
1833 3860 1991 3912 πάλιν

420 3945 616 4013 ἐπάγει
667 3946 948 4015 φάσκουσα
971 3964 984 3978 ·
1037 3967 1055 3998 ι
1108 3947 1240 4017 Ούχὶ
1265 3948 1328 3999 σὺ
1355 3949 1382 4000 ὁ
1410 3949 1540 4011 Θεὸς
1579 3951 1607 4002 6
1635 3951 1991 4020 ἀπωσάμενος

421 4037 589 4105 ἡμᾶς,
621 4037 715 4089 καὶ
745 4037 843 4090 ούκ
867 4037 1122 4109 ἐξελεύσῃ
1156 4041 1213 4092 ἐν
1236 4042 1355 4102 ταῖς
1401 4039 1692 4110 δυνάμεσιν
1726 4041 1919 4111 ημῶν;
1967 4061 1984 4094 ι

425 4129 494 4180 ’Δ
528 4127 590 4198 δὴ
612 4128 772 4197 ὅμοια
797 4127 988 4196 γένοιτ’
1010 4127 1074 4182 ἂν
1095 4132 1206 4192 τοῖς
1238 4129 1378 4183 κατά
1408 4131 1505 4201 τὴν
1534 4132 1707 4204 ἀρχὴν
1738 4132 1991 4202 λελεγμέ-

419 4235 534 4281 νοις
579 4221 634 4271 ἐν
661 4219 738 4289 τῷ
765 4258 780 4281 ,
814 4238 832 4269 ι
879 4218 934 4273 '0
966 4219 1117 4282 Θεὸς,
1174 4221 1379 4274 ἀπώσω
1409 4223 1556 4292 ἡμᾶς
1601 4221 1694 4275 καὶ
1748 4221 1992 4283 καθεῖλες

419 4310 571 4379 ἡμᾶς
589 4327 603 4340 ·
641 4329 659 4360 ι
688 4309 751 4362 δι’
780 4304 854 4363 ὧν
873 4310 1060 4379 σαφῶς
1087 4312 1311 4374 ἑαυτοὺς
1347 4312 1443 4382 μὲν
1474 4313 1753 4366 ἀπεῶσθαι
1774 4312 1991 4381 λέγουσι

419 4402 517 4453 καὶ
554 4401 964 4474 καθαιρεῖσθαι,
1023 4403 1096 4474 μὴ
1144 4403 1286 4474 ἔχειν
1328 4421 1387 4457 τε
1419 4405 1508 4457 τὸν
1534 4404 1665 4458 Θεὸν
1715 4404 1906 4476 βοηθὸν
1937 4407 1992 4456 ἐν

418 4496 543 4556 ταῖς
576 4495 784 4548 ἑαυτῶν
825 4496 1116 4565 δυνάμεσι·
1147 4497 1272 4559 τοὺς
1313 4496 1368 4549 δὲ
1407 4494 1733 4564 ἀλλοφύλους
1766 4496 1991 4552 καθόλου

2092 3311 2433 3358 ceamentum
2485 3319 2702 3367 meum,
2757 3303 2892 3360 mihi
2946 3305 3259 3375 alienigenae
3315 3305 3474 3360 amici
3526 3303 3657 3364 facti

2092 3403 2221 3451 sunt
2250 3395 2290 3449 ’⁵.
2330 3415 2348 3447 ι
2383 3394 2450 3449 Et
2479 3396 2592 3451 haec
2618 3395 2833 3466 quidem
2881 3395 2948 3451 de
2996 3395 3312 3467 alienigenis
3361 3395 3654 3450 enarravit.

2095 3487 2210 3542 Sub
2241 3488 2354 3542 haec
2379 3497 2558 3542 autem
2602 3503 2668 3543 ex
2711 3503 2943 3558 persona
2971 3486 3182 3542 Judaici
3217 3488 3400 3558 populi
3429 3487 3660 3556 prophe-

2091 3579 2165 3633 tia
2198 3592 2417 3633 rursum
2449 3577 2639 3646 adjicit
2672 3595 2684 3631 :
2721 3597 2738 3629 ι
2771 3576 2960 3631 Nonne
2993 3587 3049 3630 tu
3070 3616 3085 3639 ,
3120 3575 3263 3631 Deus
3289 3619 3303 3644 ,
3340 3576 3432 3647 qui
3456 3577 3659 3645 repuli-

2093 3670 2162 3722 sti
2193 3681 2293 3721 nos
2314 3707 2328 3730 ,
2360 3673 2414 3722 et
2443 3682 2552 3721 non
2581 3667 2876 3736 egredieris
2904 3667 2960 3719 in
2989 3666 3280 3722 virtutibus
3310 3666 3514 3721 nostris
3543 3667 3603 3718 ’Ὺ
3636 3685 3654 3718 ι

2092 3757 2225 3824 Quae
2269 3757 2468 3812 similia
2518 3765 2644 3812 sunt
2696 3757 2764 3811 iis
2809 3771 2929 3825 quae
2975 3755 3044 3810 ab
3090 3755 3246 3810 initio
3297 3755 3442 3810 dicta
3487 3754 3659 3816 fuere.

2098 3863 2116 3899 ι
2142 3847 2310 3914 Deus,
2342 3847 2589 3917 repulisti
2611 3861 2710 3901 nos
2733 3855 2786 3901 et
2807 3846 3126 3901 destruxisti
3154 3860 3285 3900 nos:
3310 3865 3329 3897 ι
3353 3846 3510 3916 queis
3541 3862 3663 3917 per-

2093 3938 2281 4009 spicue
2311 3953 2369 3994 se
2401 3938 2646 4008 repulsos
2671 3945 2724 3992 et
2748 3937 3058 3993 destructos
3090 3935 3259 3993 fuisse
3287 3946 3532 4005 narrant,
3560 3953 3660 3992 ne-

2093 4045 2201 4100 que
2234 4028 2402 4084 Deum
2452 4028 2506 4083 in
2556 4026 2869 4092 virtutibus,
2919 4027 3034 4083 sive
3079 4028 3133 4082 in
3182 4027 3513 4084 exercitibus
3545 4029 3662 4084 suis
3751 4066 3754 4070 η

2094 4121 2444 4191 opitulantem
2501 4120 2701 4174 habere
2750 4137 2764 4174 :
2814 4117 3144 4189 alienigenas
3186 4133 3318 4174 vero
3362 4119 3661 4189 generatim

2094 4227 2283 4268 omnes
2312 4213 2519 4267 amicos
2545 4210 2640 4266 Dei
2665 4209 2887 4266 effectos
2917 4225 3074 4276 esse;
3109 4207 3265 4265 Moab
3293 4225 3422 4265 vero
3451 4211 3664 4281 specia-

2095 4305 2191 4359 tim
2215 4305 2444 4360 lebetem
2471 4304 2586 4375 spei
2609 4303 2750 4374 ejus,
2790 4318 2885 4359 seu
2915 4304 3143 4359 lebetem
3175 4301 3377 4357 lavacri
3405 4302 3546 4371 ejus,
3576 4302 3662 4356 vel

2094 4395 2404 4450 securitatis
2426 4395 2724 4464 ejus'essc;
2752 4393 3148 4463 ldumaeamque
3177 4391 3546 4447 calceamento
3567 4389 3661 4445 Dei

2094 4487 2368 4558 dignatam
2407 4487 2595 4544 fuisse.
2660 4485 2786 4542 Haec
2831 4485 3196 4541 illustratione
3227 4482 3463 4555 Spiritus
3495 4481 3662 4536 divini

423 4585 526 4655 μὲν
547 4586 753 4649 πάντας
777 4585 961 4656 φίλους
1011 4585 1287 4654 γεγονέναι
1313 4585 1389 4656 τῷ
1415 4585 1532 4656 Θεῷ
1558 4625 1573 4650 ,
1625 4585 1767 4650 ἰδίως
1814 4586 1869 4640 δὲ
1901 4586 1989 4640 τὸν

2095 4578 2320 4635 edoctus
2345 4579 2514 4634 David
2537 4619 2552 4644 ,
2587 4579 2742 4649 quasi
2772 4593 2840 4632 ex
2865 4591 3097 4647 persona
3134 4574 3304 4629 totius
3331 4573 3550 4644 populi,
3581 4571 3665 4626 di-

419 4678 596 4731 Μωὰϐ
625 4677 827 4748 λέϐητα
848 4676 1011 4730 αὐτοῦ
1039 4677 1140 4747 τῆς
1165 4677 1374 4742 ἐλπίδος
1396 4715 1411 4740 ,
1444 4678 1476 4750 ἢ
1506 4676 1707 4749 λέϐητα
1735 4675 1828 4730 τοῦ
1871 4678 1991 4730 λου-

419 4769 551 4839 τροῦ
586 4769 769 4833 αὑτοῦ,
797 4769 829 4840 ἢ
865 4769 961 4840 τῆς
991 4769 1320 4841 ἀμεριμνίας
1353 4767 1515 4822 αὐτοῦ
1550 4768 1856 4837 γεγονέναι·
1894 4768 1992 4839 τὴν

419 4861 477 4914 δὲ
518 4861 818 4931 Ἰδουμαίαν
846 4861 939 4915 τοῦ
963 4862 1302 4932 ὑποδήματος
1328 4861 1421 4914 τοῦ
1446 4861 1581 4914 Θεοῦ
1605 4860 1989 4932 κατηξιῶσθαι.

422 4950 586 5004 Ταῦτ’
612 4947 708 5005 οὖν
734 4950 813 5022 τῷ
849 4950 1124 5022 Πνεύματι
1153 4950 1230 5021 τῷ
1263 4951 1391 5021 Θείῳ
1424 4950 1710 5020 φωτισθεὶς
1739 4952 1767 5003 ὁ
1808 4950 1990 5014 Δαυῖδ,

421 5046 713 5098 κοινοποιεί
742 5044 828 5098 τὸν
851 5043 1007 5112 λόγον
1023 5043 1098 5108 ώς
1126 5045 1190 5096 ἐκ
1214 5043 1501 5115 προσώπου
1530 5041 1623 5096 τοῦ
1645 5042 1844 5106 παντὸς
1864 5041 1992 5096 λαοῦ

422 5138 518 5191 καί
570 5154 762 5208 φησιν·
809 5155 827 5188 ι
879 5137 936 5190 Ὀ
965 5136 1128 5200 Θεὸς,
1175 5134 1379 5190 ἀπώσω
1419 5137 1567 5208 ἡμᾶς
1620 5136 1712 5188 καὶ
1752 5133 1994 5198 καθεῖλες

424 5230 598 5301 ἡμᾶς·
630 5249 647 5281 ι
673 5230 726 5300 ἢ,
761 5228 901 5284 κατά
932 5227 1023 5282 τὸν
1055 5230 1344 5300 Σύμμαχον
1363 5244 1377 5257 ·
1411 5247 1430 5278 ‹
1481 5228 1539 5280 '0
1554 5226 1704 5290 Θεὸς,
1723 5225 1992 5280 ἀπεϐάλου

423 5324 595 5391 ἡμᾶς,
630 5322 724 5375 καὶ
772 5321 1025 5391 διέκοψας
1071 5321 1249 5392 ἡμᾶς·
1296 5340 1313 5371 ι
1359 5318 1544 5388 σαφῶς
1586 5317 1855 5388 ἀποϐολὴν
1901 5317 1993 5370 καὶ

425 5409 709 5481 ἀποκοπὴν
729 5409 908 5463 αὐτῶν
931 5408 1194 5479 δηλώσας.
1222 5405 1332 5464 Εἶτ’
1357 5408 1613 5476 ἐπιλέγει·
1644 5425 1662 5459 ι
1686 5407 1990 5478 Ὠργίσθης,

2094 4673 2190 4736 cit,
2231 4690 2250 4723 ι
2273 4671 2436 4730 Deus.
2462 4671 2705 4742 repulisti
2743 4683 2844 4724 nos
2876 4677 2930 4723 et
2951 4665 3274 4722 destruxisti
3303 4679 3438 4730 nos;
3472 4681 3492 4716 ι
3527 4663 3662 4726 sive,

2096 4763 2394 4817 secundum
2427 4761 2811 4834 Symmachum
2849 4779 2861 4812 :
2900 4777 2920 4811 ι
2952 4757 3117 4822 Deus,
3170 4755 3420 4826 abjecisti
3445 4769 3581 4818 nos,
3612 4763 3666 4808 et

2097 4853 2378 4909 abscidisti
2408 4869 2541 4916 nos,
2576 4873 2594 4904 ι
2629 4852 2988 4921 abjectionem
3031 4858 3087 4905 et
3119 4847 3510 4904 abscissionem
3544 4861 3674 4900 ma.~

2097 4945 2296 5002 nifeste
2343 4945 2677 5016 significans.
2747 4942 3041 5014 Subjungit
3061 4948 3281 5013 postea,
3318 4958 3336 4991 ι
3376 4938 3552 4995 Iratus
3581 4953 3662 5001 es.

2099 5045 2154 5093 et
2199 5036 2455 5092 misertus
2501 5052 2562 5091 es
2608 5034 2798 5103 nobis;
2838 5054 2857 5087 ι
2904 5033 3203 5090 secundum
3232 5032 3483 5103 Aquilam
3513 5046 3661 5093 vero,

2107 5153 2126 5187 ‹
2158 5132 2331 5190 Iratus
2369 5130 2608 5187 avertisti
2658 5146 2793 5198 nos;
2832 5149 2850 5183 ι
2903 5128 3204 5185 secundum
3255 5127 3662 5200 Symmachum.

2106 5244 2124 5276 ι
2158 5222 2334 5280 Iratus
2357 5238 2437 5290 es,
2461 5228 2513 5277 et
2534 5221 2946 5276 circumduxisti
2973 5234 3106 5287 nos;
3128 5237 3147 5270 ι
3183 5217 3481 5274 secundum
3505 5214 3667 5286 quin-

2101 5324 2212 5370 tam
2241 5316 2555 5380 editionem,
2585 5313 2690 5368 «Et
2720 5312 3133 5368 circumduxisti
3172 5326 3326 5366 nos.»
3363 5308 3488 5363 Hac
3504 5321 3666 5377 porro

2100 5415 2326 5463 eventus
2352 5423 2529 5462 rerum
2562 5407 2682 5477 plus
2714 5421 2874 5476 quam
2902 5406 3063 5460 verba
3096 5403 3359 5458 declarat.

427 5499 522 5554 καὶ
548 5497 885 5572 ᾠκτείρησας
910 5503 1084 5572 ἡμᾶς·
1101 5521 1130 5581 ι.
1158 5503 1297 5555 κατὰ
1329 5502 1383 5556 δέ
1411 5502 1502 5554 τὸν
1542 5501 1790 5566 ’Δκύλαν,
1816 5520 1835 5552 ι
1865 5500 2151 5572 Θυμωθεὶς
2177 5499 2542 5571 μετέστρεψας
2569 5500 2715 5570 ἡμᾶς
2733 5515 2780 5549 ·›
2805 5497 2942 5550 κατά
2968 5497 3022 5550 δὲ
3050 5496 3140 5549 τὸν
3165 5494 3477 5565 Σύμμαχον,
3508 5507 3523 5539 ι
3557 5489 3669 5558 Ὧρ-

427 5594 639 5664 γεσθης.
704 5596 796 5648 καὶ
863 5597 1193 5665 περιήγαγες
1258 5597 1432 5666 ἡμᾶς·
1474 5614 1490 5646 ι
1533 5595 1671 5648 κατὰ
1713 5595 1772 5648 δέ
1811 5595 1910 5667 τὴν
1954 5595 2209 5666 πέμπτην
2272 5595 2498 5659 ἔκδοσιν,
2537 5613 2554 5646 ι
2603 5594 2710 5647 Καὶ
2746 5593 3079 5662 περιήγαγες
3117 5591 3285 5660 ἡμᾶς.
3326 5606 3344 5638 ι
3388 5582 3572 5638 Ταῦτα
3611 5583 3667 5652 δξ

432 5688 628 5760 μᾶλλον
660 5689 766 5742 τῶν
789 5690 958 5756 λόγων
987 5692 1018 5760 ἡ
1050 5690 1155 5741 τῶν
1188 5688 1522 5760 πραγμάτων
1568 5689 1789 5753 ἔκϐασις
1828 5690 2141 5760 παρίστησι.

508 5871 532 5902 ⁸
561 5873 705 5931 Psal.
741 5888 878 5936 cvu,
920 5872 1002 5926 ιο.
1082 5874 1101 5902 ³
1143 5871 1273 5926 ibid.
1312 5871 1397 5927 l2.
