4100 6540
427 461 531 516 539

1090 448 1355 508 EUSEBII
1395 441 1868 503 CASSARIENSIS
1916 438 2012 495 ΟΡ]

2111 438 2289 497 PARS
2326 438 2412 495 111.
2459 470 2526 478 -
2565 434 2973 494 ΕΧΕΟΕΤΙΟΑ.

3543 427 3646 483 560

497 578 627 633 Post
639 574 931 631 Salvatoris
951 574 1127 642 itaque
1148 570 1320 625 nostri
1345 569 1653 628 adventum,
1670 565 1884 636 quando
1906 563 1981 615 iu-
2010 615 2012 620 ,

2153 562 2304 617 Μετὰ
2355 560 2484 630 γοῦν
2535 560 2632 628 τὴν
2689 558 2780 612 τοῦ
2841 555 3089 626 Σωτῆρος
3138 552 3296 624 ημῶν
3347 551 3647 622 παρουσίαν

426 670 567 725 vasit
594 683 689 722 eos
720 667 797 719 ira
826 666 881 719 in
910 663 1089 727 finem,
1119 663 1231 715 hac
1250 661 1432 713 omnia
1454 659 1621 727 passi,
1646 656 1867 726 repulsi,
1899 655 1987 707 de-

429 760 621 819 structi
639 756 903 827 etab’jecti
934 763 1090 819 sunt;
1118 751 1345 807 abscissi
1375 751 1501 804 item
1526 759 1577 805 et
1606 746 1982 809 circumducti,

430 855 485 908 in
513 861 807 917 omnesque
855 854 1039 914 gentes
1071 842 1324 912 dispersi.
1355 838 1462 893 Sed
1493 839 1677 903 etiam,
1702 855 1722 888 ‹
1744 850 1986 890 commo-

429 938 575 1001 visti,
615 934 807 1003 inquit,
833 938 1033 985 terram
1071 941 1119 983 et
1165 928 1498 983 conturbasti
1517 941 1657 989 eam,
1702 925 1829 995 quia
1861 938 1988 978 sex-

429 1036 585 1084 centa
610 1026 681 1080 ibi
709 1022 1105 1087 malainerant;
1131 1020 1184 1073 in
1219 1030 1361 1074 terra
1393 1020 1515 1073 dico
1539 1033 1749 1080 eorum,
1781 1016 1990 1070 scilicet

428 1120 748 1182 Jerusalem,
781 1116 872 1171 ubi
904 1115 1052 1185 regia
1085 1121 1137 1168 et
1167 1113 1564 1173 sanctuarium,
1599 1110 1687 1163 ubi
1722 1110 1903 1163 omnia
1933 1109 1988 1161 in

430 1215 546 1284 lege
569 1208 876 1267 veneranda
904 1205 1386 1277 persolvehautur:
1418 1202 1533 1257 sive
1576 1201 1740 1255 etiam
1792 1201 1846 1253 in
1878 1206 1989 1253 tota

430 1303 647 1355 illorum
690 1298 943 1368 regione;
986 1297 1100 1349 sive
1129 1296 1184 1348 in
1232 1292 1520 1346 animabus
1549 1306 1736 1345 eorum
1786 1288 1992 1358 tropice

434 1404 576 1448 terra
600 1391 947 1460 nuncupatis.
979 1388 1109 1454 Quae
1136 1384 1317 1441 omnia
1347 1382 1636 1438 confertim
1662 1382 1730 1437 ob
1750 1379 1992 1449 improba

432 1501 619 1540 eorum
652 1482 915 1546 facinora,
941 1487 1213 1534 commota
1238 1485 1291 1531 et
1314 1475 1635 1531 conturbata
1666 1481 1813 1529 sunt.
1841 1473 1995 1525 Atta-

435 1593 556 1631 men
584 1582 736 1645 rogat
766 1572 1036 1643 Pr0pbeta
1080 1570 1133 1624 iu
1172 1569 1527 1639 sequentibus
1558 1585 1570 1621 :
1610 1585 1628 1617 ι
1664 1566 1807 1619 Sana
1864 1578 1995 1616 con-

435 1666 683 1719 tritiones
705 1663 843 1732 ejus,
881 1662 1007 1731 quia
1035 1671 1307 1713 commota
1332 1664 1434 1712 est.
1471 1674 1491 1707 ι
1526 1655 1567 1708 Α
1593 1654 1812 1724 proprio
1841 1667 1996 1707 nam-

435 1774 540 1827 que
571 1757 689 1811 loco
717 1762 772 1810 et
818 1754 926 1809 situ
969 1760 1244 1807 commota
1306 1758 1361 1804 et
1414 1761 1682 1803 concussa
1741 1744 1994 1814 praedicta

437 1859 604 1909 terra,
628 1844 1047 1903 contritionibus
1100 1851 1153 1897 et
1187 1841 1361 1895 ruinae
1391 1839 1631 1893 suberat.
1680 1836 1859 1903 Quare
1893 1836 1995 1891 sub

441 1944 556 1996 haec
583 1938 844 1994 additur:
884 1954 904 1987 ι
953 1933 1252 1991 Ostendisti
1312 1931 1511 2003 papulo
1544 1938 1637 1983 tuo
1670 1930 1846 1982 dura:
1887 1947 1905 1980 ι
1944 1936 1997 1981 ct

437 2035 565 2087 vino
618 2023 1057 2099 compunctionis
1110 2032 1261 2096 potat
1318 2024 1475 2088 illos;
1524 2021 1639 2077 sive
1699 2018 1997 2075 secundum

436 2125 711 2195 Aquilam,
746 2141 764 2174 ι
802 2123 925 2176 vino
962 2119 1208 2189 soporis;
1245 2136 1265 2168 ›
1316 2116 1433 2171 sive
1489 2112 1789 2168 secundum
1843 2110 2002 2182 Sym-

439 2217 712 2279 machum,
767 2232 785 2265 ι
824 2214 952 2268 vino
1008 2208 1343 2281 jactatiouis.
1382 2226 1401 2259 ι
1458 2205 1536 2261 Ac
1595 2204 1777 2259 dicere
1834 2203 1999 2264 licet,

441 2307 745 2361 divinarum
808 2301 1213 2371 Scripturarum
1269 2295 1516 2361 verbum,
1569 2308 1679 2363 quo
1715 2306 1903 2347 eorum
1949 2290 2002 2343 in

442 2398 717 2453 Christum
774 2393 1128 2449 incredulitas
1186 2389 1453 2459 arguitur,
1487 2387 1673 2442 vinum
1700 2399 1823 2439 esse
1856 2397 2004 2437 com-

443 2488 772 2560 punctionis,
806 2500 994 2540 eorum
1039 2481 1372 2537 conscientia
1424 2494 1521 2548 per
1566 2476 1878 2548 prophetias
1940 2475 2008 2529 de

442 2580 682 2643 Christo,
728 2593 937 2632 necnon
990 2593 1085 2647 per
1122 2580 1442 2645 praesentem
1494 2585 1679 2625 rerum
1739 2568 2008 2623 conditio-

444 2689 568 2729 nem
600 2710 617 2737 ,
671 2686 734 2725 ac
780 2685 873 2741 per
923 2668 1332 2724 conversionem
1389 2662 1626 2733 gentium
1683 2670 2009 2728 compuncta

445 2778 498 2823 et
523 2766 827 2821 vulnerata.
862 2761 986 2816 Haec
1013 2762 1235 2831 quippe,
1298 2756 1511 2814 etiamsi
1556 2770 1665 2811 non
1726 2753 1893 2807 fucati
1926 2751 2009 2806 vi-

446 2859 673 2913 deantur
690 2869 832 2921 esse,
859 2868 1050 2909 eorum
1067 2851 1454 2906 conscientiam
1488 2853 1756 2919 pungunt,
1783 2843 2005 2908 feriunt,

446 2957 500 3005 et
533 2950 598 3003 ad
627 2962 848 3005 sensum
891 2961 1005 3000 suae
1055 2959 1183 3015 erga
1236 2943 1571 2996 Salvatorein
1601 2948 1656 2996 et
1713 2937 2006 2993 Dominum

449 3051 694 3097 nostrum
726 3037 1063 3094 infidelitatis
1119 3034 1415 3089 adducunt.
1471 3032 1577 3087 Sed
1627 3030 1737 3085 illis
1790 3029 2007 3099 quidem

451 3134 565 3188 haec
589 3138 847 3186 eventura
874 3142 999 3183 esse
1043 3126 1394 3181 vaticinatur.
1442 3124 1514 3179 Iis
1560 3130 1744 3177 autem
1794 3122 1889 3191 qui
1940 3120 2008 3173 ad

450 3224 726 3278 Christum
755 3220 849 3275 Dei
883 3219 1225 3280 conventuri,
1272 3217 1497 3286 ejusque
1533 3216 1762 3271 salutem
1820 3227 2011 3268 susce—
2036 3252 2084 3314 ε

453 3315 598 3387 pturi
622 3321 768 3377 sunt,
814 3313 930 3366 hate
980 3320 1169 3381 postea
1224 3309 1558 3363 annuntiat:
1591 3324 1610 3357 ι
1646 3304 1853 3359 Dedisti
1892 3319 2008 3358 me--

455 3405 733 3462 tuentibus
764 3413 816 3459 te
839 3402 1311 3474 significationem,
1367 3407 1426 3452 ut
1452 3398 1660 3468 fugiant
1693 3412 1723 3450 a
1752 3396 1889 3450 facie
1930 3410 2016 3450 ar-

455 3512 588 3565 cus;
623 3515 642 3548 ι
675 3494 973 3551 secundum
1004 3490 1251 3561 Aquilam
1285 3504 1432 3553 vero,
1484 3505 1503 3538 ι
1545 3485 1748 3541 Dedisti
1771 3495 2016 3540 metuen-

455 3590 603 3647 tibus
628 3597 681 3643 te
708 3590 945 3656 signum,
974 3590 1036 3637 ut
1056 3579 1479 3652 significentura
1501 3578 1636 3632 facie
1664 3576 1968 3642 firmitatis;
1991 3594 2009 3627 υ

457 3681 755 3737 secundum
784 3674 1170 3750 Symmachum
1198 3680 1402 3736 autem,
1442 3688 1462 3722 ι
1498 3669 1706 3725 Dedisti
1728 3668 2020 3725 metuenti-

456 3772 561 3827 bus
583 3780 636 3825 te
669 3771 907 3840 signum,
931 3776 991 3821 ut
1034 3765 1242 3836 fugiant
1277 3779 1306 3818 a
1336 3762 1473 3819 facie
1518 3761 1858 3834 sagittarum.
1903 3778 1922 3812 ›
1961 3758 2018 3814 Si

460 3865 559 3928 illi,
588 3862 654 3916 de
681 3862 878 3931 quibus
902 3858 1178 3930 superius,
1213 3859 1318 3914 hoc
1341 3859 1495 3929 signo
1530 3855 1701 3911 notati
1762 3854 2016 3916 fuissent,

462 3969 567 4007 non
598 3950 912 4020 repellendi,
950 3964 1050 4003 nec
1097 3949 1438 4010 destruendi,
1488 3963 1588 4002 nec
1641 3948 1733 4000 ira:
1768 3944 2017 4000 tradendi

460 4052 635 4098 erant.
673 4042 779 4095 Sed
805 4042 933 4111 quia
968 4041 1183 4110 signum
1221 4040 1353 4093 illud
1387 4040 1625 4094 salutare
1656 4041 1898 4107 recipere
1923 4052 2023 4090 no-

464 4134 700 4193 lnerunt,
728 4132 851 4197 jure
883 4129 939 4183 in
970 4130 1083 4184 haec
1108 4130 1434 4184 inciderunt.
1470 4129 1538 4183 At
1565 4129 1658 4199 qui
1691 4130 1884 4183 timent
1918 4127 2024 4182 Do-

464 4223 693 4286 minum,
726 4222 831 4291 (sic
852 4236 947 4275 eos
974 4221 1066 4290 qui
1100 4221 1329 4276 credunt
1378 4236 1446 4276 ex
1495 4221 1767 4292 gentibus,
1804 4229 1863 4276 ut
1911 4222 2025 4292 ple-

464 4326 695 4397 rumque
718 4311 1235 4379 demonstravimus,
1295 4311 1576 4384 Scriptura
1609 4314 1749 4370 solet
1779 4315 2022 4384 appella-

466 4407 569 4475 re.)
596 4411 816 4475 accepto
832 4403 1011 4475 signo,
1036 4403 1238 4473 illoque
1257 4405 1364 4467 usi,
1390 4419 1453 4459 ac
1469 4406 1525 4459 in
1548 4406 1700 4460 vultu
1726 4406 2022 4478 obsignati,

468 4498 645 4551 locum
674 4496 996 4552 invenerunt
1031 4495 1269 4566 fugiendi
1299 4512 1328 4549 a
1356 4494 1492 4551 facie
1520 4512 1702 4560 arcus,
1736 4499 1886 4553 nullo
1915 4502 2028 4570 spi-

2087 656 2263 709 πάντα
2313 652 2482 706 ταῦτα
2514 649 2871 711 πεπόνθασιν,
2926 648 3013 699 ὅτε
3068 645 3299 714 ἔφθασεν
3342 644 3427 696 ἐπ’
3456 644 3650 706 abrob;

2085 746 2220 817 όργὴ
2248 746 2326 806 είς
2355 742 2524 804 τέλος,
2555 737 2882 807 ἀπώσθησάν
2910 753 2968 789 τε
3014 735 3106 789 καὶ
3139 732 3516 804 καθῃρέθησαν
3556 733 3650 786 καὶ

2087 837 2500 907 ἀπεϐλήθησαν’
2539 830 2861 902 διεκόπησάν
2896 845 2955 880 τε
2996 828 3088 880 καὶ
3129 824 3501 896 περιήχθησαν
3533 824 3649 876 δια-

2090 926 2504 1001 σκορπισθέντες
2552 926 2631 987 εἰς
2664 923 2839 975 πάντα
2871 920 2937 973 τὰ
2969 919 3116 990 ἔθνη.
3155 917 3314 972 Ἀλλὰ
3347 917 3439 971 καὶ
3471 936 3489 968 ι
3530 932 3650 968 συν-

2091 1024 2324 1083 έσεισας,
2355 1018 2505 1088 φησὶ,
2535 1015 2634 1086 τὴν
2654 1015 2777 1085 γῆν,
2806 1014 2900 1067 καὶ
2921 1009 3288 1082 συνετάραξας
3311 1009 3499 1080 αὐτὴν,
3527 1028 3544 1059 ι
3566 1008 3651 1060 διὰ

2088 1115 2147 1166 τὸ
2181 1111 2350 1183 μυρία
2382 1108 2525 1163 κακά
2556 1110 2611 1161 ὲν
2634 1108 2770 1176 αύτῇ
2792 1103 3099 1174 γίγνεσθαιο
3129 1102 3271 1171 λέγω
3298 1102 3356 1155 δὲ
3378 1103 3444 1172 τῇ
3477 1099 3652 1153 αὐτῶν

2089 1212 2181 1279 γῇ,
2218 1210 2334 1279 ἦτοι
2366 1210 2430 1278 τῇ
2469 1202 2834 1276 Ἰερουσαλὴμ,
2869 1204 2926 1254 ὲν
3021 1200 3113 1253 καὶ
3145 1198 3203 1251 τὸ
3239 1198 3524 1269 βασίλειον,
3560 1194 3653 1247 καὶ

2089 1299 2150 1351 τὸ
2179 1298 2443 1367 άγίασμα,
2469 1295 2560 1349 καὶ
2594 1294 2768 1346 πάντα
2796 1292 2861 1345 τὰ
2890 1289 3062 1361 σεμνὰ
3094 1287 3187 1341 τοῦ
3231 1289 3393 1358 νόμου
3438 1303 3651 1339 συνετε-

2091 1391 2258 1443 λεῖτο·
2286 1389 2317 1460 ἢ
2351 1390 2443 1443 καὶ
2485 1388 2634 1460 πάσῃ
2664 1384 2843 1439 αὐτῶν
2874 1386 2940 1455 τῇ
2968 1382 3141 1453 χώρα,
3178 1383 3210 1451 ἢ
3251 1382 3343 1434 καὶ
3388 1382 3507 1442 ταῖς
3551 1379 3655 1448 ψυ-

2093 1487 2212 1556 χαῖς
2234 1484 2408 1536 αὐτῶν
2428 1481 2700 1554 τροπικῶς
2721 1479 2821 1549 γῆν
2837 1476 3264 1547 ὠνομασμέναις.
3301 1476 3365 1526 "A
3397 1473 3459 1543 δὴ
3483 1474 3655 1527 πάντα

2093 1577 2301 1649 ἀθρόως
2328 1576 2414 1630 διὰ
2439 1574 2536 1637 τὰς
2562 1573 2911 1644 παρανόμους
2938 1568 3116 1622 αὐτῶν
3161 1567 3388 1637 πράξεις
3422 1564 3659 1618 συνεσεί-

2097 1670 2197 1739 σθη
2230 1668 2321 1722 καὶ
2352 1663 2745 1737 συνεταράχθη.
2784 1664 2973 1732 Ὅμως
3004 1659 3049 1711 δ’
3088 1654 3179 1712 οῦν
3222 1655 3452 1711 ἱκετεύει
3475 1658 3502 1708 ό
3529 1665 3660 1727 προ-

2097 1761 2269 1829 φήτης
2299 1757 2471 1826 λέγων
2504 1756 2648 1825 ἑξῆς·
2686 1774 2703 1801 ι
2746 1754 2920 1805 ’Ίασαι
2952 1748 3018 1803 τὰ
3055 1746 3433 1818 συντρίμματα
3471 1745 3656 1813 αύτῆς,

2097 1854 2175 1904 ὅτι
2198 1848 2440 1920 ἐκινήθη.
2476 1866 2494 1897 ι
2528 1843 2819 1915 Κινηθεῖσα
2847 1842 2953 1912 γὰρ
2987 1840 3080 1893 καὶ
3117 1836 3434 1890 σαλευθεῖσα
3463 1839 3560 1906 τῆς
3586 1836 3662 1886 ol—

2100 1940 2249 2003 κείας
2283 1938 2444 2009 μονῆς
2468 1934 2559 1989 καὶ
2590 1932 2875 2001 στάσεωςὴ
2906 1928 3262 2001 προλεχθεῖσα
3290 1927 3380 1996 γῆ,
3404 1925 3661 1995 συντρίμ-

2102 2050 2245 2105 ματα
2277 2031 2369 2084 καὶ
2394 2029 2717 2099 κατάγματα
2745 2026 3030 2093 ἐκτήσατο.
3080 2020 3276 2091 Διόπερ
3319 2018 3444 2087 ἑξῆς
3482 2017 3662 2070 ἐπιλέ-

2100 2141 2252 2192 γεται
2273 2139 2284 2150 ·
2329 2141 2347 2173 ι
2376 2119 2622 2185 Ἐδειξας
2648 2117 2724 2187 τῷ
2751 2114 2865 2187 λαῷ
2887 2132 2978 2167 σου
3001 2111 3213 2184 σκληρά
3235 2129 3248 2142 '
3288 2130 3307 2163 ι
3339 2110 3435 2164 καὶ
3460 2108 3665 2173 ποτίζει

2101 2215 2154 2267 δὲ
2187 2214 2379 2276 αὐτοὺς
2410 2208 2548 2265 οἶνον
2594 2208 2930 2275 κατανύξεως
2949 2225 2964 2240 ο
3017 2207 3074 2278 ἢ,
3105 2204 3244 2259 κατά
3268 2204 3361 2258 τὸν
3402 2201 3664 2264 Ἀκύλαν,

2110 2329 2127 2359 ι
2162 2302 2300 2361 οἶνον
2319 2303 2641 2376 καρώσεως·
2684 2322 2702 2354 ι
2733 2301 2789 2372 ἦ,
2823 2298 2962 2353 κατὰ
2990 2298 3079 2353 τὸν
3106 2298 3426 2369 Σύμμαχον,
3468 2316 3488 2349 ι
3527 2292 3667 2349 οἶνον

2106 2399 2285 2453 σάλου.
2321 2417 2340 2449 ι
2372 2397 2482 2449 Καὶ
2507 2394 2620 2448 ἐστι
2648 2411 2710 2463 γε
2737 2395 2907 2446 εἰπεῖν
2940 2392 3028 2445 τὸν
3054 2391 3160 2446 ἀπὸ
3189 2391 3296 2444 τῶν
3339 2391 3497 2444 θείων
3530 2390 3569 2440 Γ
3574 2405 3668 2460 ρα-

2105 2491 2219 2562 φῶν
2245 2490 2402 2558 λόγον
2427 2530 2441 2551 ,
2468 2487 2775 2556 ἐλεγκτικὸν
2806 2487 2933 2541 ὄντα
2956 2484 3130 2538 αὐτῶν
3155 2485 3252 2554 τῆς
3298 2483 3379 2544 είς
3409 2482 3499 2534 τὸν
3531 2483 3666 2551 Χρι-

2108 2580 2228 2634 στὸν
2256 2579 2349 2633 τοῦ
2379 2577 2513 2632 Θεοῦ
2539 2578 2813 2640 ἀπιστίας,
2844 2573 2983 2630 οἶνον
3010 2575 3273 2647 ὑπάρχειν
3303 2572 3664 2638 κατανύξεως,

2106 2688 2262 2725 νυττο
2269 2670 2433 2741 μένης
2447 2668 2622 2723 αὐτῶν
2639 2667 2732 2721 καὶ
2748 2666 3184 2737 τιτρωσκομένης
3200 2665 3298 2735 τῆς
3316 2664 3671 2734 συνειδήσεως

2107 2763 2214 2816 ἀπὸ
2239 2762 2348 2815 τῶν
2396 2760 2645 2833 περὶτοῦ
2701 2759 2951 2829 Σωτῆρος
2988 2756 3361 2828 προφητειῶν·
3397 2755 3456 2820 ἐξ
3493 2754 3671 2808 αὐτῶν

2107 2870 2166 2907 τε
2194 2855 2301 2907 τῶν
2351 2853 2710 2931 περιεχόντων
2750 2850 2944 2913 αὐτοὺς
2986 2850 3321 2921 πραγμάτων
3353 2848 3445 2901 καὶ
3474 2849 3536 2899 ὲκ
3575 2846 3673 2916 τῆς

2108 2950 2213 3003 τῶν
2242 2948 2407 3001 ἐθνῶν
2423 2946 2777 3019 ἐπιστροφῆς.
2803 2944 2987 2998 Ταῦτα
3007 2944 3133 3014 γὰρ,
3162 2942 3261 2995 κᾶν
3284 2940 3671 3011 ἁπροσποίητο.

2111 3038 2248 3097 εἶναι
2270 3042 2518 3103 δοκῶσιν,
2549 3042 2696 3112 ὅμως
2710 3040 2809 3110 τὴν
2839 3037 3137 3106 συνείδησιν
3155 3033 3333 3087 αὐτῶν
3358 3031 3671 3105 τιτρώσκει,

2112 3136 2412 3208 πλήττοντα
2444 3135 2537 3188 καὶ
2572 3135 2649 3195 είς
2675 3130 3019 3201 συναίσθησιν
3040 3127 3234 3190 αὐτοὺς
3259 3126 3460 3194 ἄγοντα
3479 3125 3575 3195 τῆς
3597 3125 3677 3188 είς

2113 3229 2201 3283 τὸν
2229 3230 2457 3299 Σωτῆρα
2485 3225 2579 3279 καὶ
2610 3223 2812 3297 Κύριον
2842 3221 2995 3293 ἡμῶν
3022 3218 3295 3281 ἀπιστίας.
3354 3214 3493 3269 Ἀλλ’
3534 3216 3678 3268 ὲκεί-

2114 3337 2224 3383 νοις
2264 3319 2359 3389 μὲν
2408 3318 2631 3371 τοιαῦτα
2661 3315 2870 3386 μέλλειν
2900 3310 3113 3365 ἔσεσθαι
3141 3308 3404 3374 θεσπίζει.
3450 3306 3587 3370 Τοὺς
3621 3306 3678 3359 δὲ

2120 3408 2404 3480 μέλλοντας
2426 3406 2778 3479 προστρέχειν
2809 3403 2884 3474 τῷ
2912 3399 3130 3473 Χριστῷ
3153 3400 3246 3454 τοῦ
3276 3398 3431 3465 Θεοῦ,
3469 3399 3562 3452 καὶ
3586 3398 3681 3468 τὴν

2117 3502 2183 3554 δι’
2203 3499 2365 3554 αὑτοῦ
2389 3498 2656 3570 σωτηρίαν
2686 3493 3103 3568 παραδέχεσθαι,
3122 3492 3533 3562 εὐαγγελίζεται
3557 3490 3682 3561 ἑξῆς

2117 3593 2320 3662 λέγων·
2369 3610 2386 3643 ι
2426 3591 2669 3654 Ἕδωκας
2708 3591 2818 3652 τοῖς
2866 3585 3217 3657 φοϐουμένοις
3271 3602 3331 3637 σε
3383 3585 3682 3654 σημείωσιν

2118 3685 2211 3737 τοῦ
2237 3686 2425 3755 φυγεῖν
2450 3683 2556 3736 ἀπὸ
2584 3682 2870 3754 προσώπου
2891 3678 3064 3744 τόξου.
3088 3697 3106 3730 ι
3142 3677 3297 3731 Κατὰ
3324 3676 3380 3729 δὲ
3408 3676 3499 3729 τόν
3528 3676 3685 3729 Ἀκύ-

2119 3776 2243 3829 λανο
2282 3794 2300 3826 ι
2344 3773 2588 3836 Ἐδωκας
2615 3812 2628 3835 ,
2665 3770 2834 3840 φησὶ,
2879 3772 2991 3832 τοῖς
3019 3766 3369 3838 φοϐουμένοις
3398 3780 3457 3818 σε
3488 3763 3686 3830 σύσση-

2126 3882 2243 3937 μον,
2269 3864 2360 3919 τοῦ
2388 3861 2739 3935 σημειοῦσθαι
2771 3859 2877 3914 ἀπὸ
2910 3857 3200 3929 προσώπου
3229 3857 3575 3929 βεϐαιότητος
3596 3872 3610 3886 ο
3658 3870 3680 3907 t

2123 3958 2261 4012 κατὰ
2283 3957 2339 4010 δὲ
2366 3956 2456 4009 τὸν
2490 3954 2807 4025 Σύμμαχονο
2850 3970 2868 4003 ι
2907 3952 3153 4013 Ἔδωκας
3176 3952 3287 4013 τοῖς
3332 3949 3684 4019 φοϐουμένοις

2125 4067 2185 4104 σε
2210 4053 2450 4122 σημεῖον,
2483 4048 2561 4108 είς
2583 4046 2643 4099 τὸ
2668 4046 2923 4113 ἐκφυγεῖν
2950 4043 3056 4096 ἀπὸ
3095 4044 3386 4114 προσώπου
3417 4041 3684 4110 τοξεύμα-

2123 4160 2233 4206 τος.
2274 4161 2291 4193 ι
2326 4142 2387 4193 Ei
2415 4140 2512 4211 μὲν
2537 4134 2629 4191 οῦν
2652 4133 2791 4208 ἦσαν
2821 4136 2915 4189 καὶ
2931 4137 2980 4188 οἱ
3002 4134 3089 4188 διὰ
3116 4134 3225 4187 τῶν
3268 4132 3572 4207 ἔμπροσθεν
3598 4131 3686 4184 δε·-

2124 4231 2418 4303 δηλωμένοι
2442 4227 2517 4298 τῷ
2552 4226 2758 4298 σημείῳ
2780 4224 2972 4293 τούτῳ,
3000 4223 3098 4275 obx
3120 4221 3183 4275 ἂν
3200 4219 3551 4289 ἀπώσθησαν,
3578 4214 3685 4270 οὐδ’

2128 4328 2194 4383 ἂν
2222 4323 2623 4396 καθῃρέθησαν,
2652 4319 2761 4373 οὐδ’
2783 4318 2847 4372 ἂν
2875 4319 2940 4387 τῇ
2968 4316 3103 4387 ὀργῇ
3135 4315 3506 4386 παρεδόθησαν
3526 4329 3540 4344 ·
3571 4308 3687 4366 ἀλλ’

2128 4420 2247 4472 ἐπεὶ
2277 4417 2349 4489 μὴ
2375 4410 2748 4485 ἠϐουλήθησαν
2777 4406 3169 4474 καταδέξασθαι
3204 4406 3263 4459 τὸ
3294 4407 3555 4476 σωτήριον
3591 4419 3687 4473 ση-

2134 4513 2302 4582 μεῖον,
2349 4505 2568 4568 εἰκότως
2591 4502 2799 4565 τούτοις
2849 4497 3348 4572 περιπεπτώκασιν.
3401 4500 3464 4550 Oi
3523 4498 3579 4550 δέ
3626 4512 3688 4565 γε

468 4587 747 4644 ritualium
775 4596 829 4643 et
852 4587 1206 4643 invisibilium
1240 4588 1598 4665 inimicorum
1644 4590 1815 4659 ipsos,
1852 4590 1921 4645 ob
1952 4592 2012 4645 si-

2132 4598 2447 4672 φοϐούμενοι
2469 4596 2562 4649 τὸν
2585 4594 2784 4665 Κύριον
2813 4591 2974 4663 (οὕτω
3000 4590 3055 4643 δὲ
3085 4589 3240 4643 εἴωθε
3270 4589 3453 4643 καλεῖν
3482 4592 3509 4643 ό
3536 4588 3690 4656 λόγος

472 4693 782 4749 εηιιιηειιω
802 4678 911 4734 illis
930 4689 1042 4733 tum
1065 4679 1304 4747 antiquis
1322 4679 1574 4744 inditum,
1591 4679 1755 4736 ferire
1770 4682 2024 4739 audente.

473 4771 685 4842 Moyses
740 4771 1007 4840 siquidem
1053 4770 1339 4824 domorum
1373 4769 1557 4824 limina
1612 4773 1876 4841 sanguine
1907 4773 2031 4844 agni

476 4862 748 4930 paschalis
775 4862 1049 4931 obsignari
1078 4860 1336 4917 lsraelitis
1362 4864 1632 4931 praecepit,
1682 4873 1741 4919 ut
1770 4867 2030 4920 extermi-

476 4960 634 5006 nator
663 4959 996 5005 averteretur
1024 4952 1065 5004 ‘.
1102 4949 1157 5005 In
1184 4951 1468 5007 Ezechiele
1508 4952 1713 5019 itidem,
1737 4971 1860 5009 cum
1881 4971 2032 5010 ever-

478 5042 639 5096 tenda
664 5043 794 5096 urbs
817 5050 981 5104 esset,
1004 5042 1206 5096 dixisse
1227 5043 1486 5097 scribitur
1518 5043 1657 5099 Deus
1684 5045 1756 5109 ei,
1787 5048 1879 5115 qui
1906 5056 2035 5101 tunc

479 5135 740 5205 temporis
770 5134 967 5204 podere
995 5136 1321 5191 induebatur
1350 5155 1362 5191 :
1405 5154 1422 5186 ι
1453 5134 1647 5190 Transi
1683 5152 1778 5206 per
1801 5137 2033 5193 mediam

478 5225 751 5281 civitatem
779 5224 1099 5292 Jerusalem,
1140 5236 1195 5281 et
1222 5226 1291 5282 da
1324 5228 1479 5298 signa
1503 5242 1668 5297 super
1702 5228 1909 5285 frontes
1957 5231 2035 5283 vi-

481 5333 664 5371 rorqu
701 5319 1028 5387 gementium
1053 5327 1107 5373 et
1132 5319 1428 5374 dolentium
1473 5334 1639 5388 super
1687 5321 1900 5376 cunctis
1933 5322 2038 5375 ini-

483 5411 780 5481 quitatibus
809 5428 928 5481 qua:
980 5411 1113 5467 ﬁunt
1144 5412 1197 5465 in
1229 5410 1408 5465 medio
1439 5410 1679 5479 ipsorum
1706 5411 1747 5463 ".
1791 5430 1809 5462 ι
1842 5409 2040 5466 Deinde

485 5504 606 5555 aliis
639 5504 875 5558 dicitur:
902 5524 918 5554 ι
946 5502 1023 5558 Ite
1056 5504 1109 5557 in
1138 5502 1411 5557 civitatem
1435 5510 1556 5571 post
1578 5517 1725 5567 eum,
1757 5513 1809 5556 et
1844 5516 2039 5571 percu-

472 5598 579 5647 titc
606 5615 618 5649 :
656 5612 718 5648 ne
750 5596 984 5663 parcatis
1012 5596 1187 5649 oculis
1210 5593 1427 5657 vestris,
1453 5609 1629 5663 neque
1678 5594 2042 5650 misereamini

486 5704 669 5741 senem
699 5700 749 5743 et
786 5691 1205 5751 adolescentem,
1252 5687 1528 5756 parvulos,
1581 5694 1631 5743 ct
1670 5689 1955 5758 virginem,
1988 5703 2040 5745 et

561 5863 583 5893 ⁸
611 5864 776 5919 Exod.
818 5883 911 5932 χιι,
962 5869 1013 5926 7.
1088 5868 1321 5924 'Ezech.
1366 5884 1440 5937 Ix,
1478 5870 1529 5925 4.

2130 4696 2254 4756 τοὺς
2273 4692 2330 4759 ἐξ
2361 4688 2527 4743 ἐθνῶν
2554 4686 2920 4749 πιστεύοντας,
2945 4684 3019 4748 ὡς
3044 4684 3300 4747 πολλάκις
3323 4682 3411 4737 διὰ
3434 4682 3689 4735 πλειόνων

2134 4784 2454 4855 ἐδείξαμεν),
2477 4780 2729 4842 λαϐόντες
2756 4779 2816 4830 τὸ
2843 4780 3061 4848 σημεῖον
3082 4774 3416 4847 χρησάμενοί
3442 4791 3500 4826 τε
3525 4772 3692 4841 αύτῷ,

2134 4880 2226 4932 καὶ
2253 4874 2393 4930 κατὰ
2418 4873 2509 4928 τοῦ
2546 4871 2833 4944 προσώπου
2867 4868 3307 4941 σφραγιζόμενοι,
3338 4865 3563 4937 εὕραντο
3594 4882 3693 4933 φυ-

2134 4970 2233 5040 γὴν
2258 4968 2363 5022 ἀπὸ
2382 4964 2669 5037 προσώπου
2694 4961 2869 5028 τόξου,
2894 4960 3118 5032 μηδενὸς
3132 4958 3323 5030 νοητοῦ
3344 4959 3439 5010 καὶ
3465 4956 3695 5028 ἀοράτου

2136 5058 2393 5129 πολεμίου
2425 5054 2637 5126 βάλλειν
2665 5054 2859 5115 αὐτοὺς
2885 5051 3187 5122 τολμῶντος
3211 5049 3299 5103 διὰ
3328 5049 3388 5102 τὸ
3417 5048 3697 5117 ἐπικείμε-

2136 5170 2225 5206 νον
2249 5152 2429 5212 αύτοῖς
2454 5149 2672 5218 σημεῖον
2699 5146 2916 5207 καὶτοῖς
2939 5142 3184 5208 παλαιοῖς
3202 5140 3502 5212 δεδομένον.
3535 5141 3697 5193 Mnib-

2141 5244 2238 5314 σῆς
2294 5242 2390 5313 μὲν
2431 5241 2537 5311 γάρ
2562 5239 2659 5301 τὰς
2690 5234 2848 5306 φλιὰς
2876 5235 2982 5289 τῶν
3001 5235 3164 5289 οἴκων
3191 5233 3303 5289 τῶν
3346 5231 3698 5304 Ἰσραηλιτῶν

2138 5335 2330 5405 αἵματι
2370 5330 2463 5385 τοῦ
2493 5329 2763 5402 προϐάτου
2815 5326 2905 5380 τοῦ
2957 5327 3147 5397 Πάσχα
3195 5322 3697 5395 κατασημαίνεσθαι

2139 5425 2415 5489 διετάξατο
2436 5424 2517 5485 εἰς
2548 5419 2860 5491 ἀποτροπὴν
2881 5418 2973 5473 τοῦ
3010 5416 3339 5488 »ὀλοθρευτοῦ
3363 5433 3376 5446 °
3416 5417 3509 5469 καὶ
3542 5416 3598 5467 ὲν
3624 5412 3701 5485 τῷ

2154 5516 2397 5587 Ἐζεκιὴλ
2444 5516 2548 5579 δὲ,
2609 5512 2903 5585 μελλούσης
2938 5510 3292 5580 ἀφανίζεσθαι
3330 5510 3428 5581 τῆς
3475 5507 3705 5571 πόλεως,

2142 5586 2594 5680 ἀναγέγραπταιὸ
2620 5607 2751 5669 Θεὸς
2792 5603 3028 5676 εἰρηκὼς
3060 5604 3193 5675 πρὸς
3232 5604 3324 5658 τὸν
3358 5586 3702 5672 ἐνδεδυμένον

2052 5786 2057 5793 ,
2144 5706 2233 5755 τὸν
2266 5702 2491 5773 ποδήρη,
2520 5700 2671 5760 ὅστις
2698 5697 2811 5750 ποτ’
2837 5691 2932 5767 ἦν’
2971 5714 2990 5747 ι
3012 5694 3191 5749 Δίελθε
3229 5693 3399 5767 μέσην
3421 5693 3520 5766 την
3554 5691 3708 5745 πόλιν
