4100 6556
462 353 563 413 θοι

1587 350 2090 410 COMMENTARIA
2123 351 2189 405 IN
2226 349 2563 407 PSALMOS.

3596 345 3702 402 562

459 468 558 540 τὴν
602 465 975 539 Ἰερουσαλὴμ,
1006 467 1100 520 καὶ
1125 465 1214 531 δὸς
1245 465 1315 520 τὰ
1349 468 1547 538 σημεῖα
1576 467 1668 519 ἐπὶ
1700 466 1765 520 τὰ
1793 465 2015 537 μέτωπα

2130 466 2382 521 mulieres
2416 465 2651 521 occidite
2672 463 2740 520 ad
2774 464 3197 521 internecionem
3235 483 3250 520 :
3290 462 3357 520 ad
3388 479 3486 521 eos
3519 469 3697 514 autem

459 562 567 615 τῶν
588 559 797 630 ἀνδρῶν
840 557 948 613 τῶν
980 558 1482 622 καταστεναζόντων
1522 557 1614 611 καὶ
1659 558 1765 611 τῶν
1804 557 2025 609 κατοδυο

460 651 716 724 νωμένων
763 651 856 705 ἐπὶ
894 651 1097 714 πάσαις
1136 653 1256 713 ταῖς
1288 649 1535 719 ἀνομίαις
1570 651 1689 712 ταῖς
1715 647 2024 717 γινομέναις

459 748 516 800 ἐν
552 745 703 817 μέσῳ
734 743 934 798 αὐτῶν.
962 762 981 795 ι
1015 738 1127 799 Εἶθ’
1156 743 1361 815 ἐτέροις
1399 740 1590 811 ἐλέχθη
1611 755 1624 769 ‘
1663 759 1681 791 ι
1721 737 2023 810 Πορεύεσθε

457 839 538 901 είς
570 836 670 908 τὴν
703 835 853 890 πόλιν
887 835 1059 887 ὀπίσω
1087 833 1252 887 αὑτοῦ
1274 876 1287 898 ,
1330 834 1422 886 καὶ
1452 833 1677 886 κόπτετε
1698 847 1710 861 ⁸
1750 830 1823 901 μὴ
1851 830 2026 899 φείδε-

460 926 553 980 σθε
577 928 689 991 τοῖς
716 925 1012 996 ὀφθαλμοῖς
1045 924 1220 997 ὑμῶν,
1246 925 1340 979 καὶ
1376 923 1449 994 μὴ
1494 923 1747 994 ἐλεήσητε
1785 920 2022 992 πρεσϐύ-

454 1033 614 1088 τερον
646 1017 742 1069 καὶ
780 1016 1083 1080 νεανίσκον,
1118 1016 1213 1070 καὶ
1239 1016 1407 1085 νήπια
1450 1016 1543 1068 καὶ
1584 1014 1886 1085 παρθένον,
1932 1015 2025 1067 καὶ

455 1111 717 1178 γυναῖκας
745 1108 1098 1162 ἀποκτείνατε
1128 1096 1225 1173 εἰς’
1244 1106 1513 1177 ἐξάλειψιν
1538 1124 1552 1139 ·
1581 1109 1673 1162 ἐπὶ
1725 1107 1784 1160 δὲ
1820 1108 2025 1171 πάντας

455 1199 539 1267 ἐφ’
570 1198 665 1263 οὓς
707 1200 822 1252 ἐστι
870 1198 930 1252 τὸ
959 1200 1182 1269 σημεῖον
1214 1198 1288 1269 μὴ
1317 1198 1593 1268 ἐγγίσητε,
1642 1197 1735 1251 καὶ
1778 1197 1886 1251 ἀπὸ
1917 1196 2024 1251 τῶν

456 1289 623 1357 ἁγίων
666 1307 765 1361 μου
798 1286 1052 1360 ἀρξασθε.
1093 1307 1111 1339 ι
1157 1288 1321 1359 Ὁρᾷς
1343 1288 1489 1351 ὅπως
1518 1289 1564 1340 οί
1602 1288 1699 1358 μὲν
1727 1286 2021 1340 ἀπώλοντο·

451 1382 504 1434 σί
535 1380 593 1434 δὲ
626 1380 687 1435 τὸ
720 1383 943 1451 σημεῖον
988 1381 1081 1433 ἐπ)⁸
1106 1378 1199 1432 τοῦ
1236 1379 1486 1450 μετώπου
1535 1379 1789 1452 φέροντες
1839 1376 2025 1432 διεσώ-

455 1473 642 1538 (aveo;
674 1471 901 1526 τοιοῦτοί
933 1488 1078 1534 τινες
1096 1467 1234 1543 ἦσαν
1266 1471 1361 1524 καὶ
1382 1470 1474 1534 οὒς
1502 1474 1534 1543 η
1565 1472 1814 1543 παροῦσα
1838 1469 2025 1541 στηλο-

454 1567 662 1637 γραφία
688 1564 982 1637 παρίστησι
1023 1565 1288 1633 λέγουσα·
1323 1584 1341 1615 ε
1379 1564 1626 1627 Ἔδωκας
1674 1566 1788 1627 τοῖς
1836 1564 2025 1633 φοϐου-

455 1658 637 1728 μένοις
659 1674 716 1710 σε
741 1657 1036 1728 σημείωσιν
1055 1656 1150 1710 τοῦ
1168 1659 1356 1726 φυγεῖν
1378 1657 1486 1710 ἀπὸ
1502 1654 1796 1726 προσώπου
1812 1654 1985 1719 τόξου·
1999 1673 2016 1707 ι

451 1748 512 1801 ού
541 1748 650 1822 γάρ
670 1749 745 1820 τῷ
784 1749 996 1820 Ἰσραὴλ
1016 1791 1032 1814 ,
1056 1750 1240 1819 φησὶν,
1272 1748 1497 1810 ἔδωκας,
1525 1747 1663 1800 ἀλλά
1697 1748 1808 1810 τοῖς
1838 1746 2024 1814 φοϐου-

454 1838 635 1909 μένοις
676 1856 755 1893 σε.
788 1840 908 1893 Ὀτι
937 1838 993 1892 δὲ
1025 1839 1144 1904 ἔθος
1171 1838 1287 1892 ἐστὶ
1310 1840 1377 1908 τῇ
1416 1836 1720 1907 προφητείᾳ
1763 1834 2030 1905 φοϐουμέ-

449 1949 572 1995 νους
595 1933 687 1986 τὸν
725 1932 928 2003 Κύριον
951 1931 1135 1985 καλεῖν
1162 1933 1289 1994 τοὺς
1321 1929 1380 1995 ἐξ
1419 1928 1585 1983 ἐθνῶν
1616 1928 1707 1980 ἐτιῦ⁸
1755 1927 1845 1979 τὸν
1888 1926 2017 1978 Θεὸν

2125 574 2292 627 super
2318 574 2456 629 quos
2478 566 2563 614 est
2614 559 2828 629 signum
2864 575 2931 613 ne
2964 558 3258 622 accedatis,
3310 568 3363 613 et
3407 572 3437 611 a
3486 553 3697 612 sanctis

2124 651 2260 705 meis
2291 651 2509 721 incipite
2538 652 2577 703 ⁸.
2622 671 2639 702 ι
2677 649 2868 705 Viden’
2900 667 3007 721 quo
3036 658 3197 721 pacto
3228 650 3317 704 alii
3345 649 3566 719 quidem
3605 660 3702 700 oc-

2123 742 2262 807 cisi;
2295 744 2332 797 ii
2380 760 2510 800 vero
2539 745 2630 815 qui
2665 744 2880 815 signum
2927 746 2982 801 in
3028 744 3205 799 fronte
3252 744 3455 798 ferrent
3491 741 3693 799 servati

2125 829 2366 885 fuerint?
2394 830 2554 887 Tales
2612 832 2649 885 ii
2696 842 2874 896 erant,
2916 848 3055 903 quos
3085 833 3199 888 haec
3228 833 3371 886 tituli
3407 833 3690 902 inscriptio

2126 923 2328 979 indicat
2349 924 2437 979 his
2465 925 2647 980 verbis
2684 944 2698 981 :
2734 943 2752 976 σ
2786 926 2986 980 Dedisti
3020 926 3389 980 metuentibus
3410 932 3460 978 te
3486 926 3691 994 signiﬁ-

2123 1015 2416 1078 cationem,
2444 1026 2502 1072 ut
2535 1016 2744 1088 fugiant
2772 1033 2800 1071 a
2827 1017 2965 1073 facie
2994 1034 3176 1074 arcus.
3220 1038 3237 1069 ι
3271 1017 3385 1071 Non
3416 1018 3560 1072 enim
3592 1018 3687 1078 ait,

2125 1108 2315 1162 israeli
2347 1108 2566 1175 dedisti,
2605 1110 2697 1165 sed
2731 1110 3046 1165 timentibus
3079 1118 3150 1165 te.
3180 1110 3334 1175 Quod
3359 1119 3537 1163 autem
3568 1122 3692 1178 pro-

2124 1197 2317 1268 phetiae
2337 1209 2659 1255 consuetum
2695 1201 2764 1256 sit
2786 1202 3038 1256 timentes
3062 1199 3351 1254 Dominum
3376 1214 3573 1253 vocare
3594 1214 3692 1255 eos

2123 1306 2189 1344 ex
2214 1291 2486 1362 gentibus,
2517 1293 2609 1363 qui
2639 1292 2705 1347 ad
2756 1291 2921 1347 Deum
2958 1292 3338 1362 confugerunt,
3371 1292 3700 1361 plerumque

2123 1383 2637 1449 demonstravimus,
2671 1385 2749 1439 uti
2776 1400 2942 1454 supra
2966 1383 3167 1438 dictum
3187 1391 3290 1439 est.
3324 1384 3690 1450 Quemadmo-

2122 1472 2250 1528 dum
2286 1475 2452 1545 igitur
2483 1476 2931 1533 exterminatoris
2984 1477 3191 1547 plagas,
3230 1478 3385 1548 signo
3405 1478 3689 1547 sanguinis

2122 1566 2228 1630 usi,
2265 1564 2542 1637 fugiebant
2571 1568 2663 1638 qui
2702 1568 2755 1621 in
2789 1566 3023 1638 Egypto
3071 1577 3227 1622 erant
3272 1570 3314 1633 ³,
3364 1570 3552 1623 eadem
3602 1585 3689 1623 ra-

2122 1658 2271 1711 tione
2294 1660 2357 1713 ad
2387 1660 2739 1714 avertendum
2761 1660 3118 1713 humanarum
3150 1660 3451 1714 animarum
3478 1661 3685 1715 hostem

2120 1759 2174 1801 et
2206 1748 2507 1816 inimicum,
2538 1752 2630 1822 qui
2666 1752 2804 1806 solet
2822 1766 2916 1806 eas
2945 1752 3063 1806 telis
3094 1752 3371 1822 impetere,
3407 1761 3461 1807 et
3490 1754 3541 1805 in
3578 1751 3687 1805 ido-

2124 1837 2353 1895 lolatria:
2385 1857 2626 1896 errorem
2650 1841 2940 1904 deducere,
2966 1842 3181 1910 signum
3216 1842 3302 1896 hic
3327 1851 3684 1897 memoratum

2125 1933 2491 1987 metuentibus
2517 1933 2801 1988 Dominum
2836 1933 3091 1986 collatum
3113 1942 3217 1988 est.

450 2022 914 2093 καταφεύγοντας,
945 2022 1203 2083 πολλάκις
1244 2019 1624 2089 ἀπεδείξαμεν,
1651 2016 1831 2081 καθὼς
1868 2017 2204 2089 προείρηται.
2234 2022 2439 2095 ’Ὠσπερ
2477 2021 2569 2078 οὖν
2607 2024 2713 2077 ἀπὸ
2758 2022 3048 2093 προσώπου
3094 2024 3188 2078 τοῦ
3226 2025 3544 2097 ὀλοθρευτοῦ
3606 2024 3685 2078 δι-

447 2116 649 2185 έφυγόν
687 2132 818 2170 ποτε
853 2117 901 2168 οἱ
928 2115 984 2167 ἐν
1014 2113 1271 2184 Αἰγύπτῳ
1300 2112 1397 2174 τὰς
1428 2110 1638 2179 πληγὰς
1665 2148 1678 2171 ,
1723 2108 2022 2179 χρήσαντες
2058 2109 2135 2180 τῷ
2161 2114 2370 2183 σημείῳ
2435 2114 2527 2167 τοῦ
2564 2115 2810 2186 αἵματος,
2844 2119 2933 2172 τὸν
2971 2117 3131 2171 αὐτὸν
3169 2118 3366 2188 τρόπον
3411 2119 3489 2180 είς
3553 2117 3687 2171 ἀπο-

446 2205 784 2278 τροπιασμὸν
805 2206 898 2259 τοῦ
922 2205 1180 2275 πολεμίου
1208 2204 1299 2256 καὶ¹
1318 2200 1512 2272 ἐχθροῦ
1537 2201 1647 2253 τῶν
1699 2198 2052 2269 ἀνθρωπίνων
2087 2199 2293 2269 ψυχῶν,
2324 2203 2416 2256 τοῦ
2448 2204 2685 2269 τοξεύειν
2714 2208 2807 2261 καὶ
2836 2208 3193 2262 καταϐάλλειν
3235 2196 3403 2270 αὐτὰς
3438 2207 3531 2258 ἐπὶ
3584 2206 3686 2278 τὴν

446 2302 548 2372 τῆς
573 2301 1011 2373 είδωλολατρείας
1035 2300 1242 2371 πλάνην
1283 2297 1549 2361 εἰωθότος,
1612 2295 1816 2349 δέδοται
1845 2295 1904 2348 τὸ
1942 2294 2229 2365 λεγόμενον
2255 2300 2484 2354 ἐνταῦθα
2531 2307 2752 2375 σημεῖον
2792 2308 2903 2369 τοῖς
2948 2305 3303 2375 φοϐουμένοις
3329 2305 3421 2358 τὸν
3454 2304 3679 2377 Κύριον.

525 2416 543 2449 ι
586 2398 775 2461 Ὅπως
811 2399 876 2451 ἂν
914 2396 1182 2469 ῥυσθῶσιν
1208 2395 1256 2448 οἱ
1286 2392 1557 2463 ἀγαπητοί
1592 2408 1705 2455 σου,
1752 2390 1923 2443 σῶσον
1952 2392 2016 2461 τῇ

2189 2393 2354 2451 Vens.
2383 2398 2437 2453 7.
2469 2416 2487 2449 ι
2515 2396 2584 2452 Ut
2627 2399 2925 2455 liberentur
2952 2400 3145 2454 dilecti
3190 2400 3291 2463 tui,
3350 2401 3557 2455 salvum
3595 2401 3680 2454 fac

445 2488 594 2561 δεξιᾷ
615 2506 732 2548 σου.
757 2489 852 2543 καὶ
877 2486 1178 2541 ἐπάκουσόν
1203 2504 1324 2557 μου.
1358 2504 1376 2537 ι
1403 2484 1587 2538 Ταῦτα
1610 2483 1703 2537 καὶ
1724 2482 1790 2535 τὰ
1812 2481 2015 2545 τούτοις

2118 2486 2337 2542 dextera
2360 2495 2475 2553 tua,
2512 2499 2564 2543 et
2614 2490 2807 2545 exaudi
2840 2506 2947 2547 me.
2993 2510 3012 2544 ι
3047 2490 3170 2546 Haec
3208 2498 3262 2545 et
3292 2493 3576 2559 sequentia
3613 2493 3678 2546 ad

445 2582 711 2637 ἀκόλουθα
745 2582 905 2654 μέχρι
932 2580 1023 2634 τοῦ
1064 2579 1249 2642 τέλους
1288 2578 1381 2631 καὶ
1417 2579 1445 2630 ό
1492 2575 1566 2648 ρξ’
1605 2576 1847 2646 περιέχει
1878 2574 2016 2644 ψαλ-

2118 2576 2275 2632 finem
2312 2593 2484 2649 usque
2504 2594 2611 2634 cvn
2639 2580 2761 2635 item
2794 2583 3037 2653 psalmus
3065 2584 3461 2652 complectitur.
3500 2581 3604 2637 Sed
3629 2584 3681 2636 in

447 2674 563 2744 μός.
604 2672 743 2725 Ἀλλ’
780 2675 835 2725 ἐν
866 2671 963 2742 μὲν
989 2673 1104 2734 τοῖς
1130 2668 1511 2741 προκειμένοις
1549 2667 1617 2720 τὰ
1657 2665 2015 2739 προλεχθέντα

2118 2673 2368 2739 praesenti
2390 2689 2509 2743 qua:
2538 2677 2817 2744 praemissa
2841 2683 2988 2740 sunt,
3024 2676 3381 2745 abjectionem
3429 2675 3679 2741 lsraelis;

445 2763 714 2834 ἀποϐολὴν
736 2764 923 2834 ἐδήλου
960 2762 1055 2816 τοῦ
1099 2762 1352 2833 Ἰσραήλ·
1400 2759 1494 2814 τοῦ
1526 2759 1603 2831 ρξ’
1632 2759 1701 2813 τά
1744 2758 1851 2830 πρὸ
1894 2759 2018 2813 τού-

444 2873 561 2919 του,
592 2874 611 2907 (
629 2856 776 2917 ὅπως
792 2853 855 2908 ἂν
875 2856 937 2925 ῥυ
946 2852 1140 2906 σθῶσιν
1153 2856 1199 2906 οἱ
1223 2852 1493 2925 ἀγαπητοί
1511 2870 1604 2905 σου
1630 2871 1648 2904 ι
1665 2852 1759 2905 καὶ
1772 2850 1881 2904 τῶν
1903 2852 2021 2903 ἐπι-

2116 2777 2235 2832 quae
2256 2762 2445 2818 isthaec
2474 2749 2638 2818 verba
2668 2765 2863 2834 psalmi
2893 2781 3025 2830 cvn,
3064 2785 3082 2818 ‹
3120 2776 3176 2820 ut
3224 2766 3526 2820 liberentur
3551 2767 3683 2819 dile-

2113 2854 2184 2908 cti
2222 2856 2321 2919 tui,
2361 2874 2379 2906 ι
2415 2862 2467 2910 et
2500 2857 2781 2926 sequentia
2822 2857 3152 2927 praacedunt,
3179 2857 3516 2910 vocationem
3557 2873 3680 2927 gen-

444 2950 789 3022 φερομένων,
828 2953 970 3021 σαφῆ
1004 2950 1193 3022 κλῆσιν
1226 2949 1395 3004 ἐθνῶν
1439 2949 1703 3015 θεσπίζει.
1735 2948 2015 3022 Προειπὼν

2118 2945 2248 2999 tium
2304 2947 2591 3003 manifeste
2622 2947 3012 3003 vaticinantur.
3068 2948 3204 3002 Nam
3236 2949 3443 3003 cum‘in
3472 2950 3685 3020 psalmo

442 3044 606 3115 γάρὸ
642 3043 796 3112 λόγος
817 3045 875 3097 ἐν
908 3041 986 3113 τῷ
1027 3041 1124 3114 ρξ’,
1162 3062 1181 3094 ‹
1242 3041 1462 3114 Ἐτοίμη
1508 3044 1540 3113 ἡ
1579 3041 1773 3112 καρδία
1826 3058 1959 3112 μου,
1989 3043 2015 3094 ὁ

2118 3050 2225 3090 cm
2253 3035 2503 3101 dixisset,
2539 3055 2557 3086 ι
2601 3036 2854 3091 Paratum
2878 3052 2973 3091 cor
3007 3054 3207 3101 meum,
3233 3037 3395 3106 Deus,
3426 3047 3680 3109 paratum

441 3136 598 3199 Θεὸς,
636 3134 826 3206 ἑτοίμη
856 3137 889 3207 ὴ
929 3134 1125 3207 καρδία
1160 3153 1259 3205 μου
1285 3153 1299 3166 ·
1334 3135 1534 3206 ᾄσομαι
1568 3135 1663 3187 καὶ
1697 3132 1869 3203 ψαλῶ.
1909 3133 2020 3199 Ἐξ-

442 3225 716 3298 εγέρθητι,
752 3228 783 3297 ἡ
814 3227 940 3293 δόξα
971 3244 1092 3298 μου,
1124 3226 1456 3297 ἐξεγέρθητι,
1485 3225 1777 3296 ψαλτήριον
1803 3226 1895 3279 καὶ
1936 3242 2018 3278 κι-

443 3318 607 3391 θάρα,
641 3317 1068 3391 ἐξεγερθήσομαι
1100 3319 1318 3391 ὄρθρου,
1355 3339 1373 3371 ι
1406 3318 1655 3391 ἐπιφέρει
1677 3334 1690 3349 ⁸
1734 3336 1753 3370 t
1801 3316 2016 3388 Ἐξομο-

442 3410 744 3483 λογήσομαί
769 3428 850 3464 σοι
883 3413 939 3464 ἐν
971 3411 1138 3476 λαοῖς,
1175 3410 1367 3483 Κύριε,
1397 3410 1552 3481 ψαλῶ
1574 3427 1652 3463 σοι
1682 3412 1739 3463 ἐν
1768 3409 1972 3465 ἔθνεσιν
1997 3426 2013 3441 ’

442 3506 525 3557 ὅτι
577 3503 720 3574 μέγα
777 3504 962 3556 ἐπάνω
1000 3503 1107 3556 τῶν
1136 3503 1380 3573 οὐρανῶν
1423 3502 1484 3556 τὸ
1531 3502 1678 3566 ἔλεός
1705 3519 1819 3568 σου,
1854 3504 1946 3556 καὶ
1977 3504 2010 3574 ἡ

439 3595 668 3667 ἀλήθειά
719 3612 811 3648 σου
843 3595 948 3659 ’έως
985 3594 1094 3647 τῶν
1120 3594 1374 3664 νεφελῶν.
1436 3593 1710 3664 ’Υψώθητι
1764 3594 1857 3647 ἐπὶ⁸
1891 3595 2016 3658 τοὺς

438 3690 723 3761 οὐρανοὺς,
773 3690 800 3742 ό
839 3688 1001 3751 Θεὸς,
1038 3688 1132 3741 καὶ
1161 3688 1252 3741 ἐπὶ
1281 3689 1462 3741 πᾶσαν
1505 3688 1601 3759 τὴν
1645 3690 1748 3759 γῆν
1799 3691 1832 3759 ἡ
1891 3688 2015 3754 δόξα

441 3798 557 3834 σου.
595 3800 615 3833 ι
647 3776 760 3833 Εἶτ’
800 3780 1039 3848 ἐπιλέγει
1082 3778 1151 3832 τὰ
1184 3782 1241 3833 ἐν
1270 3779 1348 3850 τῷ
1394 3780 1531 3851 μετά
1564 3782 1751 3851 χεῖρας
1797 3780 2016 3850 προκεί-

442 3890 579 3944 μενα
612 3871 784 3943 λόγῳ·
826 3891 845 3923 ‹
884 3873 1072 3935 Ὅπως
1098 3871 1164 3925 ἂν
1189 3871 1457 3942 ρυσθῶσιν
1494 3872 1542 3924 oi
1585 3871 1856 3941 ἀγαπητοί
1897 3889 2011 3935 σου,

438 3964 615 4018 σῶσον
650 3967 717 4036 τῇ
749 3963 901 4035 δεξιᾷ
925 3980 1042 4026 σου,
1072 3964 1168 4017 καὶ
1214 3963 1518 4017 ἐπάκουσόν
1562 3981 1663 4035 μου
1689 4004 1705 4028 ,
1748 3982 1766 4014 ι
1805 3963 1898 4017 καὶ
1947 3963 2016 4017 τὰ

436 4056 599 4112 λοιπά
633 4056 940 4127 συμφώνως
967 4058 1077 4120 τοῖς
1098 4055 1495 4129 προκειμένοις.
1539 4056 1751 4127 Σφόδρα
1771 4056 1827 4108 δὲ
1856 4054 2015 4108 ἐθαύ-

440 4165 589 4219 μασα
609 4148 702 4202 τοῦ
734 4147 890 4217 ἁγίου
925 4147 1242 4218 Πνεύματος
1268 4147 1367 4219 τὴν
1397 4147 1708 4217 οἰκονομίαν
1728 4166 1741 4177 ·
1772 4148 1877 4200 ἀπὸ
1905 4147 2013 4219 γὰρ

434 4241 528 4295 δύο
561 4238 971 4311 στηλογραφιῶν
1002 4239 1095 4293 ἕνα
1119 4238 1331 4309 ψαλμὸν
1362 4239 1649 4308 πεποίηκε,
1682 4238 1771 4291 τὸν
1802 4238 1896 4310 ρξ’.
1934 4240 2013 4292 Td:

437 4335 536 4404 μὲν
564 4332 674 4404 γὰρ
702 4332 916 4405 πρῶτα,
950 4332 1008 4385 ἐν
1040 4327 1121 4395 οἷς
1155 4331 1369 4398 ἐλέγετο
1390 4348 1402 4361 ο
1442 4350 1460 4381 ι
1512 4330 1788 4401 Ἑτοίμηὴ
1815 4332 2011 4403 καρδία

436 4443 561 4496 μου,
574 4427 603 4478 ό
618 4423 772 4490 Θεὸς,
794 4424 889 4478 καὶ
903 4424 970 4477 τά
988 4423 1135 4493 ἐξῆς,
1155 4422 1260 4476 ἀπὸ
1275 4422 1374 4492 τῆς
1392 4422 1487 4475 τοῦ
1506 4428 1591 4487 νς¹
1609 4423 2009 4493 στηλογραφίας

429 4516 526 4570 τοῦ
543 4516 704 4570 Δαυῒδ
729 4515 942 4581 ἐξελὼν,
960 4511 1066 4589 ἐνῇ
1089 4516 1183 4568 καὶ
1212 4515 1345 4586 αὐτῇ
1370 4514 1607 4568 λέλεκτο’
1628 4516 1861 4587 ἐτοίμηή
1882 4534 2011 4586 καρ-

428 4607 514 4660 δία
538 4624 657 4677 μου,
674 4608 703 4659 ό
717 4606 869 4669 Θεὸς.
889 4604 997 4658 ἐτοί
1004 4623 1076 4676 μη
1091 4607 1122 4677 ἡ
1140 4604 1331 4676 καρδία
1349 4617 1467 4675 μου⁹
1486 4604 1684 4676 ᾄσομαι
1696 4605 1789 4657 καὶ
1802 4604 1974 4674 ψαλῶ,
1990 4626 2008 4656 ι

432 4698 528 4749 καί
557 4695 626 4749 τὰ
653 4694 1018 4765 ἐπιλεγόμενα
1047 4695 1090 4747 δ’
1113 4695 1241 4764 ἐξῆς
1273 4693 1577 4765 συμφώνως
1606 4697 1718 4757 τοῖς
1745 4697 1802 4748 ἐν
1826 4695 1904 4765 τῷ
1932 4695 2010 4766 ρξ’

435 4782 597 4852 μέχρι
620 4781 746 4835 τοῦ·
779 4801 798 4832 ι
843 4780 1114 4853 ’Υψώθητι
1154 4782 1247 4835 ἐπὶ
1295 4784 1419 4847 τοὺς
1446 4784 1708 4854 οὐρανοὺς
1732 4824 1746 4847 ,
1791 4785 1819 4836 ὁ
1852 4784 2004 4850 Θεὸς,

430 4873 523 4925 καὶ
557 4872 650 4925 ἐπὶ
684 4874 866 4926 πᾶσαν
886 4873 985 4943 τὴν
1007 4872 1112 4943 γῆν
1136 4875 1168 4944 ἡ
1195 4873 1319 4938 δόξα
1355 4890 1480 4927 σουο
1520 4894 1539 4926 ι
1584 4873 1651 4927 τὰ
1689 4874 1745 4927 δέ
1784 4874 2008 4947 δεύτερα

425 4962 499 5014 τὰ
532 4964 641 5016 ἀπὸ
668 4963 784 5027 τοῦ,
822 4982 841 5015 t
885 4965 1074 5027 ὐπως
1103 4964 1169 5017 ἂν
1206 4965 1473 5036 ῥυσθῶσιν
1502 4967 1548 5018 οί
1580 4967 1852 5036 ἀγαπητοί
1890 4984 2003 5033 σου,

429 5052 606 5107 σῶσον
634 5056 700 5125 τῇ
718 5054 868 5125 δεξιᾷ
903 5071 994 5108 σου
1014 5056 1108 5108 καὶ
1134 5055 1438 5109 ἐπάκουσόν
1472 5074 1628 5127 μου,›
1662 5058 1759 5110 σὺν
1785 5060 1898 5123 τοῖς
1923 5059 2011 5130 μέ-

426 5165 520 5219 χρι
553 5148 741 5212 τέλους
766 5150 1221 5219 ἐπενηνεγμένοις
1265 5148 1373 5202 ἀπὸ
1387 5150 1485 5219 τῆς
1511 5148 1647 5219 μετά
1667 5152 1854 5220 χεῖρας
1883 5169 2009 5222 στη-

427 5236 752 5309 λογραφίας,
792 5238 1133 5302 διδάσκοντος
1165 5240 1313 5309 ἡμᾶς
1344 5238 1487 5291 θείου
1522 5238 1835 5309 Πνεύματος
1882 5242 2009 5311 μίαν

429 5329 524 5380 καὶ
572 5328 672 5400 τὴν
703 5330 871 5403 αὐτὴν
899 5331 1135 5386 διάνοιαν
1178 5330 1511 5404 ἐμφέρεσθαι
1556 5334 1615 5386 ἐν
1656 5333 2003 5404 ἀμφοτέροις.

442 5419 531 5473 Ἐν
561 5420 659 5490 μὲν
697 5420 802 5492 γὰρ
829 5421 906 5492 τῷ
934 5429 1021 5488 νς·’
1065 5422 1557 5494 ἐξομολογήσασθαι
1595 5421 1673 5493 τῷ
1714 5422 1903 5494 Κυρίῳ
1949 5425 2007 5477 ἐν

429 5509 582 5573 λαοῖς
608 5510 703 5564 καὶ
727 5511 947 5581 ψάλλειν
977 5514 1125 5584 αὐτῷ
1154 5515 1212 5567 ἐν
1248 5513 1459 5567 ἔθνεσιν
1497 5513 1875 5585 εὐηγγελίζετο
1895 5532 1907 5543 ·
1949 5517 2006 5567 ἐν

428 5596 486 5649 δὲ
520 5597 600 5668 τῷ
639 5600 775 5669 μετὰ
808 5602 997 5673 χεῖρας
1026 5601 1297 5673 ἀποϐολὴν
1332 5602 1586 5675 σημαίνει
1625 5603 1719 5656 τοῦ
1770 5604 2005 5676 Ἰσραὴλ,

2118 3143 2213 3183 cor
2239 3143 2441 3193 meum,
2460 3129 2693 3184 cantabo
2719 3136 2771 3184 et
2794 3129 3043 3201 psallam.
3068 3129 3331 3200 Exsurge,
3351 3131 3518 3201 gloria
3537 3146 3683 3195 mea,

2116 3236 2369 3293 exsurge,
2431 3222 2745 3293 psalterium
2780 3232 2831 3277 et
2882 3223 3114 3286 cithara,
3149 3238 3437 3294 exsurgam
3476 3224 3683 3279 dilucu-

2117 3313 2169 3368 lo
2199 3314 2261 3378 '°,
2293 3334 2313 3365 ι
2341 3314 2529 3384 adjicit
2564 3331 2577 3366 :
2619 3333 2636 3367 ι
2673 3313 2987 3370 Conﬁtebor
3008 3315 3105 3369 tibi
3128 3316 3182 3369 in
3235 3316 3472 3387 populis,
3499 3314 3684 3372 Domi-

2116 3421 2201 3468 ne,
2229 3406 2456 3475 psallam
2485 3407 2581 3461 tibi
2633 3408 2689 3461 in
2719 3407 2969 3477 gentibus
2999 3423 3011 3459 :
3044 3408 3301 3477 quoniam
3360 3423 3554 3479 magna
3597 3418 3681 3463 est

2116 3514 2278 3568 super
2306 3499 2477 3553 cmlos
2510 3498 2881 3553 misericordia
2912 3510 3025 3565 tua,
3057 3508 3111 3555 et
3158 3500 3362 3556 veritas
3394 3512 3483 3555 tua
3508 3516 3681 3571 usque

2115 3588 2182 3641 ad
2218 3588 2408 3644 nubes.
2441 3587 2692 3642 Exaltare
2726 3604 2891 3658 super
2937 3590 3127 3654 ccelos,
3193 3589 3359 3657 Deus,
3409 3601 3463 3646 et
3517 3608 3681 3662 super

2115 3692 2330 3733 omnem
2354 3690 2552 3733 terram
2606 3678 2777 3749 gloria
2812 3685 2904 3731 tua
2934 3678 2998 3731 ".
3048 3698 3073 3730 r
3120 3678 3324 3736 Deinde
3387 3681 3574 3749 adjicit
3614 3666 3699 3735 ea‘

2117 3786 2235 3840 qua:
2258 3771 2313 3824 in
2344 3771 2595 3840 praesenti
2636 3770 2928 3824 feruntur:
2967 3786 2987 3819 σ
3038 3768 3108 3824 Ut
3159 3771 3460 3825 liberentur
3501 3772 3681 3826 dilecti

2115 3864 2214 3925 tui.
2246 3865 2454 3920 salvum
2488 3863 2574 3918 fac
2605 3864 2825 3921 dextera
2849 3873 2963 3930 tua,
2993 3871 3046 3917 et
3097 3848 3292 3918 exaudi
3342 3881 3427 3919 me
3455 3865 3520 3927 ¹¹,
3555 3883 3573 3915 ι
3627 3872 3682 3919 et

2114 3964 2309 4011 caetera
2342 3955 2702 4024 praesentibus
2733 3955 2951 4010 similia.
2997 3954 3309 4010 Admodum
3346 3970 3471 4009 vero
3497 3954 3682 4009 mirari

2115 4046 2261 4103 subit
2305 4044 2541 4115 Spiritus
2596 4046 2774 4101 sancti
2818 4045 3280 4116 dispensationem
3324 4063 3431 4101 :ex
3467 4046 3683 4102 duabus

2117 4153 2349 4207 namque
2390 4138 2530 4192 tituli
2557 4138 3007 4207 inscriptionibus
3041 4155 3209 4193 unum
3256 4140 3525 4210 psalmum
3557 4156 3685 4196 con-

2113 4230 2373 4296 cinaavit,
2410 4230 2620 4286 scilicet
2648 4246 2774 4286 cvn.
2801 4231 2989 4287 Priora
3007 4234 3173 4295 enim,
3194 4248 3315 4303 quae
3335 4234 3415 4287 sic
3448 4233 3678 4288 habent:

2121 4341 2139 4375 ι
2174 4323 2428 4378 Paratum
2458 4340 2556 4380 cor
2584 4341 2786 4389 meum,
2817 4325 2981 4391 Deus,
3015 4345 3033 4379 ι
3069 4335 3123 4381 et
3169 4335 3385 4392 caetera,
3437 4342 3502 4383 ex
3536 4327 3681 4381 tituli

2118 4414 2471 4485 inscriptione
2500 4415 2716 4472 Davidis
2743 4433 2831 4471 va
2878 4419 3202 4489 exsumpsit,
3230 4418 3284 4471 in
3313 4433 3420 4489 qua
3443 4419 3569 4473 item
3599 4419 3682 4473 di-

2118 4512 2263 4560 ctum
2298 4506 2474 4561 fuerat
2502 4526 2516 4559 :
2553 4526 2571 4558 ι
2609 4506 2860 4563 Paratum
2894 4526 2988 4565 cor
3010 4526 3210 4573 meum,
3240 4509 3400 4576 Deus,
3432 4520 3681 4579 paratum

2118 4610 2215 4649 cor
2238 4610 2440 4661 meum,
2465 4596 2698 4650 cantabo
2726 4604 2780 4651 et
2812 4598 3079 4667 psalmum
3114 4597 3288 4650 dicam
3327 4597 3390 4662 ",
3433 4615 3451 4648 ›
3486 4604 3538 4650 et
3563 4612 3684 4663 qum

2116 4694 2439 4757 sequuntur,
2471 4688 2539 4742 iis
2569 4703 2688 4757 quae
2726 4687 2782 4741 in
2813 4702 2921 4742 cvn
2975 4688 3226 4742 feruntur
3252 4687 3474 4750 similia,
3510 4702 3685 4757 usque

2117 4779 2184 4833 ad
2217 4780 2370 4841 illud,
2396 4797 2414 4830 ι
2441 4778 2691 4833 Exaltare
2720 4795 2883 4848 super
2905 4782 3096 4843 ccelos,
3120 4779 3285 4844 Deus,
3304 4789 3357 4835 et
3387 4796 3552 4850 super
3572 4796 3685 4833 om-

2116 4885 2243 4925 nem
2280 4878 2479 4924 terrain
2516 4869 2684 4939 gloria
2707 4876 2799 4922 tua
2831 4869 2876 4902 “
2907 4887 2923 4925 :
2964 4890 2982 4922 ι
3042 4871 3346 4940 posteriora
3401 4879 3581 4924 autem
3616 4869 3684 4923 ab

2115 4962 2230 5027 illo,
2266 4978 2287 5011 ‹
2328 4958 2398 5015 Ut
2428 4960 2729 5014 liberentur
2755 4959 2939 5015 dilecti
2963 4960 3062 5024 tui,
3097 4962 3306 5016 salvum
3340 4961 3424 5015 fac
3459 4962 3682 5016 dextera

2113 5060 2227 5118 tua,
2260 5059 2313 5107 et
2341 5051 2535 5106 exaudi
2559 5066 2664 5115 me,
2717 5069 2735 5103 ι
2764 5066 2889 5105 cum
2920 5051 2988 5106 iis
3044 5067 3165 5122 qua:
3218 5051 3283 5105 ad
3312 5052 3471 5105 finem
3512 5068 3683 5120 uSquc

2111 5147 2400 5210 habentur,
2431 5162 2494 5201 ex
2526 5147 2777 5215 praesenti
2818 5146 2961 5199 tituli
3012 5145 3371 5216 inscriptione
3402 5154 3683 5200 mutuatus

2110 5238 2478 5302 est;docente
2502 5253 2601 5293 nos
2642 5237 2849 5308 Spiritu
2878 5238 3065 5292 divino
3116 5254 3279 5292 unam
3329 5238 3684 5307 eamdemque

2115 5330 2167 5384 in
2194 5338 2425 5399 utroque
2451 5329 2775 5383 sententiam
2801 5328 2958 5395 ferri;
2987 5346 3111 5383 nam
3135 5330 3190 5383 in
3226 5345 3311 5384 Lvt
3344 5344 3401 5383 se
3434 5329 3682 5383 confiteri

2113 5420 2343 5475 Domino
2373 5421 2426 5473 in
2458 5421 2674 5490 populis
2698 5428 2752 5475 et
2798 5422 3029 5491 psallere
3060 5422 3160 5491 ipsi
3212 5421 3265 5474 in
3301 5421 3554 5490 gentibus
3589 5433 3686 5470 axi--

2116 5511 2401 5566 nuntiabat
2424 5530 2439 5578 ;
2462 5513 2516 5565 in
2548 5514 2801 5582 przesenti
2830 5521 3013 5567 autem
3057 5512 3366 5567 Judzeorum
3421 5510 3685 5580 abjeclio—

2114 5622 2237 5661 nem
2272 5605 2561 5677 signiﬁcat,
2596 5614 2653 5659 ut
2690 5606 2743 5659 in
2779 5606 3077 5674 praemissis
3120 5606 3367 5659 docetur.
3428 5606 3505 5658 Ac
3561 5608 3684 5672 post

503 5803 525 5833 ⁸
563 5802 758 5859 Ειρρίι.
787 5820 859 5868 Ix,
888 5805 938 5867 5,
972 5805 1024 5861 6.
1076 5807 1278 5863 “Exod.
1302 5806 1469 5873 xu,7.
1513 5808 1553 5840 ¹⁰
1571 5806 1715 5866 Psal.
1740 5824 1873 5875 cvn,
1905 5809 2015 5877 2,3.

2128 5810 2255 5865 una.
2293 5810 2409 5865 4-6.
2444 5812 2485 5844 η
2522 5811 2655 5866 ibid.
2695 5810 2746 5866 7.
2787 5811 2829 5843 ιι
2867 5794 3011 5867 Psal.
3049 5763 3173 5875 in,
3209 5811 3262 5865 8.
3344 5809 3387 5839 ιι
3419 5808 3552 5864 ibid.
3589 5806 3677 5863 to.
