4100 6534
455 291 561 348 865

1156 295 1427 351 EL'SEBII
1464 297 1938 354 CESARIENSIS
1975 298 2123 355 OPP.
2168 300 2342 355 PARS
2381 299 2465 356 Ill.
2505 330 2574 343 —
2605 299 3005 356 EXEGETICA.

3563 301 3665 356 564

444 407 620 478 prima
651 409 764 473 illa,
794 411 950 482 queis
983 412 1324 468 indicabatur
1345 414 1577 484 abjectio
1611 417 1806 486 prioris
1839 433 1986 486 popu-

2111 418 2297 489 ῶσπερ
2321 414 2413 472 οῦν
2443 417 2682 471 ἐδίδασκε
2711 419 2776 472 τὰ
2807 417 3186 490 προλεχθέντα.
3213 413 3321 469 Καὶ
3346 415 3410 486 δὴ
3439 415 3574 485 μετά
3597 417 3664 469 τά

448 500 507 562 li,
532 502 855 573 signumque
885 506 1250 561 metuentibus
1286 508 1462 578 ipsum
1497 509 1886 563 conferendum
1915 527 2006 566 es-

445 608 536 657 se;
564 593 888 650 intermedio
910 595 1286 666 diapsalmate.
1339 599 1640 655 orationem
1682 601 1792 656 Deo
1837 601 2007 671 Spiri-

443 693 534 738 tus
557 695 780 742 sanctus
803 687 1001 741 emittit
1031 687 1220 744 dicens
1255 709 1268 744 :
1318 709 1335 740 ι
1371 689 1438 746 Ut
1467 692 1769 747 liberentur
1822 693 2006 748 dilecti

443 773 546 836 tui,
571 775 777 828 salvum
812 775 895 828 fac
948 777 1170 831 dextera
1200 786 1315 843 tua,
1372 788 1426 835 et
1478 783 1672 836 exaudi
1709 798 1813 837 me.
1852 801 1870 833 ι
1927 781 2005 835 lta

441 876 570 917 vero
593 866 859 934 supplicat
889 883 1112 939 rogans,
1145 879 1222 935 ut,
1258 886 1355 926 sua
1397 888 1529 927 usus
1583 873 1825 937 dextera,
1861 873 2000 928 Deus

439 953 633 1022 eripiat
650 955 939 1027 salvosque
994 958 1160 1013 faciat
1194 959 1421 1017 dilectos
1452 977 1611 1028 suos;
1647 978 1821 1032 neque
1870 963 2002 1017 sim-

435 1044 649 1113 pliciter
672 1045 745 1099 ita
775 1049 1066 1118 supplicat,
1108 1069 1125 1100 ι
1163 1050 1380 1105 Salvum
1411 1051 1515 1114 fac,
1560 1071 1577 1104 ι
1630 1053 1724 1107 sed
1779 1053 1995 1122 adjicit,

443 1152 462 1186 ι
500 1134 720 1191 dextera
745 1145 858 1205 tua,
904 1159 922 1192 ι
965 1141 1140 1210 primo
1175 1152 1232 1196 ut
1288 1143 1503 1214 eripiat,
1543 1146 1783 1199 secundo
1812 1153 1870 1198 ut
1891 1146 1993 1200 sal-

434 1242 562 1281 vum
593 1229 774 1284 faciat.
801 1230 1036 1288 Dilectos
1061 1245 1239 1289 autem
1271 1234 1364 1289 Dei
1394 1236 1573 1290 nullos
1622 1245 1866 1298 noverat,
1895 1237 1999 1292 nisi

436 1320 686 1377 nomines
713 1321 804 1393 qui
834 1322 900 1377 ad
921 1324 1209 1394 imaginem
1235 1327 1353 1395 ejus
1389 1326 1516 1381 facti
1572 1337 1718 1381 sunt.
1745 1327 2001 1393 Quamvis

431 1414 578 1466 enim
611 1414 666 1468 in
695 1424 916 1485 peccata
937 1416 1097 1486 lapsi,
1128 1427 1366 1474 attamen
1402 1419 1473 1474 ob
1503 1420 1862 1474 substantiam
1885 1412 2001 1474 ani-

433 1520 535 1558 ma:
563 1505 904 1574 spiritualem
938 1517 992 1562 et
1017 1509 1416 1574 rationabilem,
1457 1509 1641 1565 dilecti
1674 1509 1767 1564 Dei
1798 1525 2001 1565 vocan-

430 1604 540 1651 tur.
577 1595 745 1651 Deum
771 1599 972 1669 itaque,
1005 1600 1281 1654 mentione
1319 1599 1639 1654 dilectarum
1662 1615 1884 1655 suorum
1917 1600 1995 1654 fa-

2111 510 2317 580 πρῶτα,
2338 510 2403 562 δι’
2427 528 2501 562 ων
2525 508 2772 578 ἐδηλοῦτο
2794 512 2826 580 ἡ
2849 507 3084 578 ἀποϐολὴ
3110 506 3201 559 τοῦ
3226 507 3490 577 προτέρου
3512 506 3660 570 λαοῦ,

2106 599 2166 651 τό
2191 616 2251 650 τε
2296 601 2518 670 σημεῖον
2548 599 2608 652 τὸ
2633 602 2744 662 τοῖς
2787 597 3134 669 φοϐουμένοις
3166 597 3325 650 αὐτὸν
3369 596 3664 666 δοθησόμε-

2105 705 2193 739 νον
2220 729 2234 751 ,
2296 688 2420 756 ἑξῆς
2467 689 2629 758 μέσου
2673 688 3036 759 διαψάλματος
3091 685 3550 758 παρεντεθέντος,
3603 685 3665 738 τὸ

2108 779 2329 848 Πνεῦμα
2350 781 2408 830 τὸ
2441 779 2592 846 ἅγιον
2622 779 2783 850 εὐχὴν
2807 779 3113 849 ἀναπέμπει
3151 777 3227 848 τῷ
3271 777 3388 847 Θεῷ
3421 778 3625 846 φάσκον
3646 801 3659 808 ο

2110 888 2128 918 ι
2161 871 2346 932 Ὅπως
2371 870 2436 924 ἂν
2459 870 2729 940 augeam
2761 873 2809 923 oi
2835 869 3103 941 ἀγαπητοί
3132 886 3246 933 σου,
3284 870 3454 922 σῶσον
3491 872 3556 938 τῇ
3583 869 3662 921 δε-

2107 959 2193 1031 ξιᾷ
2227 977 2348 1024 σου,
2395 963 2486 1013 καὶ
2538 963 2838 1015 ὲπάκουσόν
2876 980 2996 1032 μου.
3043 981 3061 1014 ο
3131 961 3380 1014 ἰκετεύει
3409 959 3465 1012 δὲ
3492 958 3660 1012 ταῦτα

2102 1052 2368 1120 δεόμενον,
2405 1053 2570 1115 ὅπως,
2603 1055 2668 1123 τῇ
2695 1052 2857 1106 αὑτοῦ
2890 1053 3230 1124 χρησάμενος
3274 1051 3420 1123 δεξιᾷ
3451 1052 3479 1104 δ
3505 1050 3658 1115 Θεδςο

2106 1140 2332 1210 ρύσηται
2375 1140 2469 1194 καὶ
2507 1140 2655 1214 σώσῃ
2682 1142 2806 1204 τοὺς
2836 1142 3148 1210 ἀγαπητοὺς
3194 1141 3359 1194 αὐτοῦ
3381 1159 3394 1171 ·
3435 1143 3527 1194 καὶ
3563 1144 3660 1211 οὐχ

2104 1229 2287 1292 ἁπλῶς
2323 1229 2550 1282 ἱκετεύει
2569 1269 2583 1294 ,
2626 1249 2644 1280 ι
2669 1229 2866 1295 Σῶσον,
2896 1250 2913 1281 ι
2947 1230 3081 1284 ἀλλὰ
3103 1251 3120 1283 ι
3145 1234 3209 1302 τῇ
3247 1231 3396 1303 δεξιᾷ
3420 1233 3608 1285 ἑαυτοῦ
3635 1251 3652 1282 ι

2103 1320 2317 1392 πρῶτον
2347 1321 2443 1391 μὲν
2477 1319 2760 1392 ῥύσασθαι,
2795 1319 2983 1372 ἔπειτα
3009 1320 3196 1375 σῶσαι.
3241 1321 3579 1390 ’Δγαπητοὺς
3603 1321 3660 1374 δὲ

2100 1414 2194 1467 τοῦ
2220 1413 2354 1467 Θεοῦ
2395 1415 2503 1467 οὐδ’
2539 1415 2727 1477 ἄλλους
2768 1415 3029 1484 ἠπίστατο
3064 1415 3096 1484 ἢ
3137 1415 3261 1477 τοὺς
3312 1417 3432 1468 κατ’
3478 1415 3658 1468 εἰκόνα

2099 1505 2198 1576 τὴν
2223 1504 2386 1558 αὑτοῦ
2413 1506 2806 1576 πεποιημένους
2842 1504 3178 1576 ἀνθρώπους.
3215 1506 3277 1558 Ei
3322 1507 3428 1576 γὰρ
3468 1505 3560 1558 καὶ
3590 1505 3659 1559 τὰ

2103 1593 2334 1664 μάλιστα
2355 1594 2779 1648 ὑποπεπτώκασι
2807 1598 2872 1666 τῇ
2907 1595 3180 1667 ἀμαρτίᾳ,
3215 1595 3327 1648 ἀλλ’
3377 1595 3524 1665 ὅμως
3572 1595 3660 1648 διά

429 1694 539 1749 cla,
565 1688 780 1756 placare
817 1697 1069 1754 conatur,
1119 1699 1383 1761 rogatque
1433 1699 1494 1745 ut
1549 1708 1578 1745 a
1621 1691 1986 1762 spiritualibus

2099 1686 2194 1755 τὴν
2211 1685 2284 1756 (1)
2302 1686 2478 1757 ψυχῆς
2490 1686 2674 1738 οὐσίαν
2698 1688 2886 1759 νοεράν
2901 1683 3063 1740 οὖσαν
3079 1688 3172 1741 καὶ
3192 1686 3431 1757 λογικὴν,
3446 1686 3660 1755 ἀγαπη-

429 1777 668 1834 inimicis
696 1789 750 1835 et
777 1780 1028 1835 hostibus
1054 1783 1376 1851 eripiantur,
1413 1791 1573 1852 atque
1597 1791 1832 1853 ereptos,
1856 1782 1986 1837 dex-

2094 1777 2176 1829 τοὶ
2201 1777 2442 1847 εἴρηνται
2481 1776 2573 1828 τοῦ
2608 1777 2762 1830 Θεοῦ.
2807 1779 3054 1830 Δυσωπεί
3097 1776 3272 1828 τοίνυν
3307 1778 3334 1828 ὁ
3363 1775 3517 1843 λόγος
3567 1775 3658 1827 τὸν

427 1879 544 1925 tera
572 1887 667 1927 sua
694 1873 869 1928 salute
891 1874 1072 1929 donet.
1117 1874 1402 1931 Dexteram
1465 1885 1643 1930 autem
1674 1876 1767 1931 Dei
1823 1890 1986 1945 quam

2094 1867 2224 1920 Θεὸν
2252 1867 2338 1920 διὰ
2371 1869 2467 1936 τῆς
2500 1869 2714 1939 μνήμης
2733 1868 2837 1921 τῶν
2861 1868 3159 1939 ἀγαπητῶν
3190 1867 3371 1931 αὑτοῦ,
3404 1884 3658 1939 -ιταρςικει⁴

429 1961 637 2017 dixeris
658 1978 802 2027 esse,
834 1963 940 2018 nisi
966 1962 1240 2018 Christum
1269 1965 1476 2035 tropice
1509 1966 1586 2020 sic
1611 1966 1897 2020 vocatum?
1921 1964 1986 2019 Ut

2094 1961 2176 2012 λεῖ
2206 1977 2263 2011 τε
2291 1959 2552 2030 ῥύσασθαι
2599 1961 2791 2023 αὐτοὺς
2839 1960 2944 2013 ἀπὸ
2971 1960 3174 2030 νοητῶν
3207 1976 3263 2011 τε
3314 1957 3523 2029 ἐχθρῶν
3567 1959 3659 2010 mi.

424 2051 571 2105 enim
603 2051 738 2106 alias
758 2053 932 2106 virtus
950 2060 1003 2106 et
1047 2053 1337 2122 sapientia,
1365 2053 1580 2123 justitia
1606 2061 1660 2108 et
1686 2052 1986 2108 sanctiﬁca-

2098 2051 2368 2121 πολεμίων
2392 2068 2406 2081 ·
2445 2051 2746 2121 ρυσάμενόν
2778 2068 2837 2103 τε
2868 2050 3034 2104 σῶσαι
3065 2052 3259 2114 αὐτοὺς
3285 2049 3372 2103 διὰ
3401 2050 3498 2120 τῆς
3532 2051 3658 2101 ἐαυ-

427 2142 504 2194 ιίο
526 2151 580 2197 et
608 2142 908 2213 redemptio
933 2143 1114 2198 dictus
1141 2155 1253 2210 est;
1280 2146 1358 2201 sic
1377 2145 1490 2214 jam
1520 2146 1739 2200 dextera
1763 2153 1986 2201 vocatus

2094 2145 2187 2198 τοῦ
2230 2144 2427 2211 δεξιᾶς.
2463 2143 2653 2208 Δεξιάν
2698 2144 2752 2196 δὲ
2783 2143 2874 2196 τοῦ
2908 2143 3041 2196 Θεοῦ
3069 2143 3189 2197 τίνα
3219 2143 3282 2195 ἄν
3315 2159 3397 2204 τις
3443 2144 3583 2194 εἴποι
3620 2142 3656 2213 ἢ

429 2235 611 2295 fuerit,
644 2235 770 2303 quia
793 2235 1018 2291 dextera
1044 2246 1097 2292 et
1116 2238 1378 2293 salutaria
1400 2237 1652 2292 omnibus
1679 2237 1986 2293 hominibus

2093 2237 2181 2291 τὸν
2232 2236 2464 2308 Χριστὸν
2505 2236 2668 2290 αὑτοῦ
2707 2237 2982 2308 τροπικῶς
3024 2236 3194 2298 οὕτως
3235 2234 3655 2305 ὠνομασμένον,

427 2333 818 2391 procuraturus
839 2332 976 2380 erat.

2100 2328 2188 2392 Ὦς
2217 2330 2323 2399 γάρ
2355 2327 2589 2399 ἀλλαχοῦ
2622 2327 2846 2398 δύναμις
2866 2329 2958 2380 καὶ
2987 2327 3145 2395 σοφία
3166 2326 3431 2391 λέλεκται,
3454 2326 3656 2379 δικαιο-

426 2419 558 2491 σύνη
590 2437 648 2472 τε
704 2421 796 2473 καὶ
829 2420 1120 2491 ἁγιασμὸς,
1174 2421 1268 2473 καὶ
1314 2419 1719 2491 ἀπολύτρωσις,
1766 2421 1906 2476 οὕτω
1945 2425 2037 2477 καὶ
2072 2423 2166 2477 νῦν
2220 2422 2369 2491 δεξιά
2393 2423 2780 2496 χρηματίσειεν
2817 2424 2881 2476 ἀν
2903 2439 2916 2452 ·
2944 2423 3130 2494 ἐπειδὴ
3158 2422 3223 2475 τὰ
3251 2422 3399 2488 δεξιά
3430 2423 3519 2475 καὶ
3548 2439 3655 2475 σω·-

423 2513 582 2582 τήρια
606 2512 771 2565 πᾶσιν
796 2511 1102 2583 ἀνθρώποις
1131 2512 1476 2585 προξενήσειν
1509 2515 1749 2586 ἔμελλεν.

498 2602 656 2658 Vens.
690 2603 742 2668 8,
771 2602 824 2656 9.
871 2623 889 2656 ι
936 2602 1078 2659 Deus
1109 2604 1322 2658 locutus
1351 2612 1435 2658 est
1477 2603 1530 2657 in
1576 2611 1764 2658 sancto
1796 2618 1918 2666 suo,
1960 2622 1976 2654 ι

421 2704 477 2746 et
511 2702 724 2750 caetera.
754 2693 888 2748 Cum
930 2703 1184 2765 precatus
1214 2693 1450 2765 Spiritus
1498 2696 1717 2750 sanctus
1755 2702 1898 2750 esset
1927 2703 1988 2748 ut

423 2783 783 2838 liberarentur
814 2783 997 2839 dilecti
1045 2783 1170 2849 Dei,
1217 2785 1354 2839 nihil
1403 2794 1691 2841 cunctatus
1731 2784 1872 2840 Deus
1902 2801 1987 2841 re—

421 2872 650 2942 spondet
683 2873 767 2928 his
797 2875 1009 2928 verbis:
1035 2892 1053 2926 ι
1094 2873 1386 2930 Exaltabor
1433 2883 1486 2930 et
1538 2874 1774 2929 dividam
1811 2874 1988 2928 Sichi-

420 2979 529 3017 ma.
553 2983 570 3015 ι
605 2962 728 3019 Haec
745 2979 838 3034 per
870 2962 1104 3019 Verbum
1127 2981 1308 3032 suum,
1343 2965 1495 3044 quasi
1520 2981 1614 3036 per
1637 2965 1985 3034 interpretem

422 3057 666 3110 locutum
696 3055 863 3112 Deum
907 3057 1134 3112 audiens
1166 3056 1403 3128 Spiritus
1451 3065 1695 3122 sanctus,
1725 3057 1840 3111 bmc
1869 3055 1984 3126 ipsa
2013 3089 2053 3146 ϐ

421 3163 523 3202 nos
543 3148 733 3202 edocet
760 3167 773 3202 :
807 3164 974 3218 quare
996 3150 1090 3211 ait,
1124 3168 1142 3201 ι
1183 3149 1323 3204 Deus
1354 3149 1568 3204 locutus
1592 3157 1676 3204 est
1700 3149 1756 3204 in
1794 3155 1984 3204 sancto

419 3253 539 3292 suo.
584 3255 603 3289 ι
645 3236 905 3293 Sanctum
934 3255 1093 3308 porro
1119 3239 1234 3306 Dei,
1257 3241 1351 3310 qui
1378 3240 1609 3295 formam
1636 3239 1779 3297 servi
1828 3254 1984 3294 acce-

418 3329 518 3398 pit,
566 3343 676 3382 non
716 3329 1039 3399 ignorabant
1076 3331 1201 3384 olim
1265 3331 1576 3387 daemones:
1631 3331 1983 3402 quamobrem

419 3420 746 3485 clamabant,
777 3438 797 3471 ο
841 3419 1055 3482 Scimus
1081 3429 1134 3485 te
1169 3423 1291 3492 quis
1318 3424 1415 3487 sis,
1450 3422 1684 3478 Sanctus
1717 3422 1812 3478 Dei
1852 3422 1916 3476 ".
1959 3440 1977 3474 ι

418 3507 533 3564 Ιιιιυ
569 3525 697 3565 vero
725 3512 778 3565 in
809 3527 1053 3567 Lxxxvm
1082 3513 1290 3584 psalmo
1337 3513 1541 3568 dictum
1571 3522 1655 3570 est
1682 3534 1694 3569 :
1734 3531 1753 3565 ι
1802 3512 1980 3568 Semel

415 3599 595 3670 juravi
620 3601 676 3656 in
699 3611 890 3659 sancto
918 3619 1060 3667 meo,
1092 3603 1139 3659 si
1171 3601 1340 3658 David
1368 3605 1600 3659 mentiar
1633 3607 1698 3661 ¹⁶.
1738 3625 1755 3658 ι
1783 3604 1982 3671 Quem-

421 3692 711 3750 admodum
740 3696 884 3749 enim
921 3704 1072 3765 pater
1103 3696 1157 3751 in
1189 3696 1299 3750 tilio
1328 3696 1549 3762 dilecto,
1583 3698 1664 3753 sic
1695 3699 1978 3754 universo-

415 3798 537 3840 rum
575 3785 714 3842 Deus
764 3787 816 3840 in
864 3786 1002 3842 Filio
1034 3789 1205 3858 iurat.
1245 3788 1342 3843 Hic
1378 3790 1542 3861 igitur
1567 3792 1725 3847 etiam
1770 3810 1789 3843 ι
1839 3791 1981 3848 Deus

417 3873 632 3931 locutus
663 3883 748 3932 est
786 3877 838 3931 in
858 3886 1046 3933 sancto
1077 3895 1216 3946 suo;
1256 3899 1275 3932 ›
1311 3880 1446 3946 sive,
1478 3882 1776 3937 secundum
1808 3884 1980 3953 Aqui-

418 3966 555 4028 lam,
618 3985 636 4019 ι
694 3967 837 4024 Deus
895 3970 1108 4026 locutus
1152 3981 1238 4028 est
1290 3973 1345 4026 in
1399 3975 1737 4029 sanctiﬁcata
1783 3991 1900 4030 suo.
1958 3993 1975 4028 ι

415 4059 774 4128 Quandonam
800 4062 853 4116 id
884 4063 1160 4132 impletum
1173 4072 1284 4132 est,
1312 4066 1417 4120 nisi
1447 4082 1568 4120 cum
1602 4067 1657 4120 in
1682 4067 1982 4122 novissimo

413 4150 626 4204 dierum
674 4151 887 4206 locutus
917 4160 1001 4207 est
1039 4153 1197 4210 nobis
1243 4155 1296 4208 in
1328 4154 1494 4210 Filio?
1525 4155 1665 4221 Quid
1691 4165 1872 4211 autem
1902 4157 1982 4210 lo-

413 4249 577 4296 cutus
606 4252 688 4297 est
718 4242 820 4298 nisi
855 4242 966 4297 haac
1011 4259 1132 4313 quae
1183 4255 1505 4316 sequuntur,
1542 4265 1559 4296 ι
1605 4245 1900 4300 Exsultabo
1927 4256 1981 4303 et

414 4331 649 4388 dividam
706 4332 1021 4389 Sichima‘h
1102 4335 1162 4391 In
1218 4351 1322 4390 cvu
1385 4337 1564 4405 itaque
1599 4337 1801 4391 dictum
1859 4347 1978 4402 est,

2166 2622 2186 2655 ι
2235 2603 2291 2657 ’0
2327 2603 2458 2665 Θεὸς
2495 2601 2752 2673 ἐλάλησεν
2789 2603 2845 2654 ὲν
2874 2600 2949 2671 τῷ
2990 2602 3129 2671 ἁγίῳ
3159 2599 3342 2663 αὑτοῦ,
3388 2618 3406 2650 ι
3444 2600 3536 2653 καὶ
3587 2599 3655 2655 τὰ

2087 2695 2232 2765 ἑξῆς.
2275 2694 2585 2764 Εὑξαμένου
2619 2693 2712 2746 τοῦ
2744 2693 2897 2762 ἀγίου
2933 2691 3244 2762 Πνεῦματος
3275 2693 3420 2754 ὅπως
3452 2690 3655 2762 ῥυσθῶ-

2089 2804 2171 2838 σιν
2227 2787 2277 2839 οἱ
2315 2786 2587 2856 ἀγαπητοὶ
2637 2784 2731 2838 τοῦ
2790 2785 2944 2849 Θεοῦ,
2995 2785 3158 2856 μηδὲν
3216 2785 3583 2856 ὑπερθέμενος
3625 2785 3654 2836 ὁ

2088 2878 2216 2943 Θεὸς
2243 2878 2597 2948 ἀποκρίνεται
2621 2877 2793 2946 λέγων
2813 2893 2827 2908 ο
2867 2895 2885 2926 ι
2932 2877 3318 2948 ’Υψωθήσομαι
3347 2877 3439 2929 καὶ
3460 2876 3652 2946 διαμε-

2091 2969 2190 3042 ριῶ
2243 2970 2460 3040 Σίκιμα.
2501 2988 2519 3021 ι
2569 2969 2752 3022 Ταῦτα
2798 2969 2855 3022 δὲ
2900 2968 2992 3022 τοῦ
3038 2968 3173 3022 Θεοῦ
3217 2968 3305 3020 διά
3353 2967 3443 3020 τοῦ
3479 2968 3651 3035 Λόγου

2090 3053 2251 3107 αὑτοῦ
2297 3055 2373 3119 ὡς
2416 3056 2482 3108 δι’
2524 3057 2804 3128 ἑρμηνέως
2851 3055 3199 3126 λαλήσαντος,
3246 3056 3307 3108 τὸ
3346 3055 3567 3126 Πνεῦμα
3591 3055 3652 3108 τὸ

2085 3145 2238 3214 ἀγιον
2283 3148 2613 3212 ἐπακοῦσαν,
2652 3149 2888 3202 διδάσκει
2935 3148 3029 3201 καὶ
3064 3149 3208 3218 ἡμᾶς
3253 3147 3446 3200 εἰδέναι
3491 3147 3649 3200 αὑτά·

2084 3237 2165 3290 διό
2205 3255 2366 3309 φησιν
2407 3256 2420 3269 ·
2463 3257 2481 3290 ι
2521 3241 2579 3293 'O
2605 3240 2736 3303 Θεὸς
2763 3240 3020 3310 ἐλάλησεν
3049 3241 3104 3292 ὲν
3132 3238 3209 3309 τῷ
3235 3239 3374 3310 ἀγίῳ
3405 3237 3587 3297 αὐτοῦ.
3626 3256 3646 3290 ι

2085 3328 2187 3381 Τὸν
2226 3329 2282 3381 δὲ
2324 3329 2476 3397 ἆγιον
2509 3330 2601 3384 τοῦ
2643 3331 2778 3384 Θεοῦ
2818 3330 3029 3402 μορφὴν
3062 3330 3246 3384 δούλου
3285 3331 3514 3383 λαϐόντα
3551 3328 3654 3382 οὐκ

2083 3417 2355 3488 ὴγνόησάν
2405 3436 2533 3472 ποτε
2591 3422 2638 3473 οἱ
2697 3420 2974 3491 δαίμονεςο
3020 3419 3099 3473 διὸ
3150 3420 3316 3474 ἐϐόων
3373 3419 3650 3486 λέγοντες·

2090 3529 2107 3560 ι
2151 3509 2383 3579 Οἴδαμέν
2419 3527 2478 3562 σε
2512 3511 2597 3575 τίς
2641 3507 2710 3574 εἶ,
2745 3514 2772 3565 ὁ
2796 3513 2947 3580 ἅγιος
2980 3512 3073 3566 τοῦ
3103 3513 3256 3564 Θεοῦ.
3297 3530 3314 3563 ι
3358 3510 3514 3564 Ἀλλά
3559 3510 3653 3564 καὶ

2085 3601 2148 3654 ὲν
2180 3601 2486 3672 πη⁹ψαλμῷ
2520 3601 2798 3655 λέλεκται·
2830 3623 2847 3654 ‹
2884 3602 3062 3669 ’Λπαξ
3101 3602 3287 3672 ὤμοσα
3316 3603 3371 3654 ἐν
3401 3600 3477 3670 τῷ
3509 3602 3649 3670 ἁγίῳ

2087 3708 2210 3761 μου,
2251 3694 2298 3745 εἰ
2336 3693 2412 3764 τῷ
2454 3693 2615 3747 Δαυῒδ
2653 3694 2942 3766 ψεύσομαι.
3005 3714 3023 3746 ι
3073 3695 3160 3758 Ὠς
3187 3695 3291 3767 γάρ
3337 3695 3517 3765 πατὴρ
3563 3695 3650 3762 ἐφ’

2084 3783 2183 3854 υίῷ
2215 3785 2502 3857 ἀγαπητῷ,
2545 3785 2716 3849 οὕτως
2746 3788 2774 3839 ὁ
2815 3786 2922 3838 τῶν
2969 3787 3104 3839 ὅλων
3133 3786 3262 3849 Θεὸς
3291 3786 3382 3838 ἐπὶ
3408 3785 3501 3855 εζτῷ
3537 3785 3652 3855 Υἱῷ

2083 3874 2311 3945 ῶμνυσι.
2342 3878 2450 3930 Καὶ
2475 3877 2707 3930 ἐνταῦθα
2733 3878 2909 3931 τοίνυν
2937 3896 2955 3928 ι
2987 3878 3015 3928 ὁ
3046 3877 3176 3941 Θεὸς
3209 3878 3466 3949 ἐλάλησεν
3492 3878 3548 3930 ὲν
3576 3875 3651 3947 τῷ

2083 3965 2220 4034 ἁγίῳ
2250 3965 2413 4018 αὑτοῦ
2436 3983 2450 3996 ·
2487 3985 2505 4017 ι
2541 3967 2595 4037 ἢ,
2633 3966 2773 4019 κατά
2803 3968 2894 4021 τὸν
2938 3968 3184 4030 Ἀκύλαν.
3219 3987 3235 4019 ι
3279 3970 3333 4021 '0
3361 3967 3491 4030 Θεὸς
3530 3967 3651 4021 ἐλά-

2082 4055 2242 4127 λησεν
2268 4059 2324 4109 ὲν
2356 4057 2672 4128 ήγιασμένῳ
2698 4059 2879 4110 αὐτοῦ.
2903 4078 2922 4110 ›
2951 4059 3082 4112 Πότε
3104 4059 3159 4112 δὲ
3193 4058 3286 4111 καὶ
3317 4057 3460 4110 τοῦτ’
3482 4056 3649 4128 ἐπλη-

2088 4149 2262 4219 ροῦτο,
2297 4150 2328 4220 ἢ
2359 4149 2445 4202 ὅτε
2479 4150 2563 4202 ἐπ’
2596 4151 2820 4221 ἐσχάτου
2853 4151 2958 4203 τῶν
2989 4151 3208 4221 ἡμερῶν
3239 4149 3495 4220 ἐλάλησεν
3519 4151 3648 4220 ἡμῖν

2083 4245 2139 4294 ὲν
2181 4241 2324 4312 Υἱῷ;
2363 4242 2426 4293 Τί
2461 4241 2516 4293 δὲ
2553 4240 2810 4313 ἐλάλησεν
2855 4242 2886 4312 ἢ
2926 4243 2992 4296 τὰ
3034 4243 3399 4314 ἐπιφερόμενα
3441 4241 3644 4308 λέγων·

2087 4355 2105 4385 ι
2159 4335 2575 4407 Ἀγαλλιάσομαι
2616 4338 2707 4390 καὶ
2754 4338 3014 4410 διαμεριῶ
3065 4339 3294 4409 Σίκιμα;
3333 4358 3352 4388 ι
3405 4338 3490 4390 Ἐν
3551 4338 3646 4407 μὲν

417 4442 437 4475 ε
479 4425 789 4491 Exaltabor,
820 4435 874 4482 et
914 4427 1151 4483 dividam
1185 4426 1425 4482 Sichima
1462 4430 1538 4494 ";
1582 4447 1600 4478 ι
1636 4428 1795 4499 idque
1827 4446 1893 4485 ex
1929 4447 1986 4487 re

2090 4423 2179 4480 οῦν
2223 4428 2301 4498 τῷ
2348 4429 2426 4501 ρξ’
2455 4429 2700 4500 εἴρηται·
2747 4448 2763 4478 ι
2818 4431 3221 4501 ’Υψωϐήσομαι,
3259 4429 3352 4482 καὶ
3387 4427 3649 4500 διαμεριῶ

412 4517 725 4583 admodum,
752 4519 878 4588 quia
903 4519 955 4573 in
983 4520 1172 4575 eodem
1197 4519 1402 4573 dictum
1436 4527 1593 4574 antea
1617 4519 1738 4584 fuit,
1774 4539 1791 4573 ι
1821 4520 1980 4576 Exal-

413 4617 529 4664 tare
585 4625 749 4681 super
780 4612 972 4676 caelos,
1010 4610 1152 4667 Deus
1176 4651 1191 4674 ,
1215 4618 1269 4665 et
1302 4627 1467 4680 super
1514 4626 1728 4667 omnem
1780 4621 1977 4668 terram

410 4701 580 4768 gloria
609 4710 698 4757 tua
729 4704 790 4756 ⁸⁸.
822 4722 841 4754 ›
881 4704 962 4757 Ad
994 4703 1125 4758 illud
1158 4703 1374 4781 enim“
1415 4705 1674 4767 exaltare,
1709 4723 1725 4753 ι
1757 4705 1859 4759 hoc
1893 4721 1976 4760 re-

410 4790 651 4858 ponitur,
688 4809 707 4842 ι
741 4793 1054 4858 exaltabor;
1099 4811 1116 4843 ι
1145 4792 1234 4847 hic
1261 4807 1390 4847 vero
1419 4793 1484 4848 ad
1509 4793 1662 4856 illud,
1697 4813 1716 4845 ι
1754 4793 1970 4849 Salvum

411 4876 499 4931 {ac
523 4877 743 4934 dextera
770 4891 897 4945 tua,
940 4900 959 4933 ι
995 4890 1047 4936 et
1073 4882 1138 4936 ad
1172 4881 1326 4948 illud,
1361 4901 1378 4933 ι
1410 4882 1479 4938 Ut
1509 4885 1808 4939 liberentur
1838 4885 1972 4940 dile-

407 4971 482 5026 cti
515 4972 616 5036 tui,
656 4993 673 5024 ι
705 4974 772 5030 de
800 4975 1125 5030 dilectorum
1153 4991 1376 5032 suorum
1413 4980 1588 5034 salute
1624 4979 1868 5049 gaudens
1895 4979 1974 5032 sic

409 5065 718 5134 respondet,
751 5084 770 5117 ι
807 5066 1130 5134 Exsultabo;
1168 5089 1186 5121 ι
1224 5071 1356 5134 sive,
1387 5071 1682 5126 secundum
1702 5070 1972 5140 Aquilam,

414 5174 432 5206 ι
469 5153 789 5223 Gloriabor;
830 5177 849 5210 ›
880 5159 1014 5225 sive,
1046 5162 1342 5216 secundum
1374 5161 1777 5233 Symmachum,
1801 5180 1820 5214 ι
1854 5159 1975 5216 Glo»

406 5249 588 5302 riabor
618 5256 672 5304 et
705 5249 1026 5306 distribuam
1070 5251 1330 5307 Sichima.
1367 5272 1386 5304 ›
1423 5252 1546 5308 llaec
1578 5262 1758 5307 autem
1790 5252 1968 5322 portio

404 5340 534 5393 olim
554 5339 791 5413 Josepho
812 5358 878 5397 ex
907 5346 1260 5416 prerogativa
1285 5345 1518 5416 quadam
1541 5344 1798 5415 deputata
1826 5343 1924 5397 fuit
1951 5362 1964 5396 :

404 5429 478 5487 0b
502 5447 664 5501 quam
696 5435 822 5490 olim
857 5436 1024 5492 altum
1080 5437 1363 5508 sapiebant
1414 5435 1587 5493 Judei
1609 5473 1625 5499 ,
1656 5451 1799 5490 nunc
1844 5449 1971 5490 vero

403 5535 538 5594 gens
574 5522 1062 5582 Samaritanorum.
1115 5527 1191 5582 Ea
1237 5536 1415 5582 autem
1451 5528 1567 5598 ipsa
1611 5533 1696 5580 est
1736 5523 1972 5578 Sichima

2088 4521 2306 4590 Σίκιμα,
2340 4539 2358 4570 ι
2382 4522 2584 4592 σφόδρα
2629 4522 3004 4593 καταλλήλως·
3053 4521 3237 4591 ἐπειδὴ
3268 4522 3326 4574 ἐν
3359 4521 3549 4588 ἐκείνῳ
3588 4519 3645 4570 ὲν

2082 4613 2192 4674 τοῖς
2227 4611 2530 4682 ἔμπροσθεν
2573 4612 2801 4680 ἐλέγετο·
2841 4631 2858 4663 ι
2909 4612 3179 4682 ’Υψώθητι
3208 4613 3300 4663 ἐπὶ
3329 4611 3452 4674 τοὺς
3481 4613 3646 4681 obpa-

2082 4703 2226 4766 νοῦς,
2256 4705 2284 4755 ὁ
2325 4704 2483 4768 Θεὸς,
2521 4706 2612 4758 καὶ
2655 4706 2746 4757 ἐπὶ
2775 4707 2952 4758 πᾶσαν
2984 4704 3079 4775 τὴν
3109 4705 3212 4774 γῆν
3247 4708 3278 4774 ἡ
3314 4703 3440 4768 δόξα
3469 4721 3584 4758 σου.
3621 4721 3643 4756 ι

2083 4792 2226 4864 Πρὸς
2255 4794 2360 4865 γὰρ
2386 4794 2464 4856 τὸ,
2499 4812 2519 4844 ι
2562 4794 2824 4864 ὑψώθητι,
2857 4813 2875 4845 ι
2906 4796 3256 4865 ὲπενήνεκται
3277 4794 3358 4856 τὸ,
3390 4812 3408 4844 ι
3441 4791 3649 4864 ὑψωθή-

2078 4900 2240 4954 σομαι
2258 4902 2270 4912 ·
2309 4902 2326 4935 ι
2367 4884 2596 4937 ἐνταῦθα
2617 4884 2673 4937 δὲ
2697 4885 2830 4955 πρὸς
2852 4885 2931 4947 τὸ,
2971 4904 2988 4935 ι
3021 4885 3190 4937 σῶσον
3217 4888 3283 4956 τῇ
3309 4885 3459 4955 δεξιᾷ
3484 4901 3596 4950 σου,
3621 4901 3640 4935 ι

2080 4979 2174 5034 xui.
2209 4976 2342 5048 πρὸς
2363 4977 2444 5040 τὸ,
2470 4995 2487 5026 ι
2509 4977 2658 5040 ὅπως
2693 4976 2759 5030 ἂν
2783 4976 3051 5047 ρυσθῶσιν
3101 4979 3149 5030 oi
3177 4978 3448 5048 ἀγαπητοί
3480 4994 3594 5042 σου,
3619 4994 3638 5028 ι

2078 5066 2281 5138 χαίρων
2317 5067 2407 5119 ἐπὶ
2450 5070 2515 5138 τῇ
2566 5067 2677 5120 τῶν
2723 5067 3015 5138 ἀγαπητῶν
3054 5066 3217 5120 αὑτοῦ
3253 5067 3513 5138 σωτηρίᾳ,
3549 5065 3646 5135 τὴν

2081 5158 2366 5228 ἀπόκρισιν
2400 5161 2630 5211 ποιεῖται
2653 5157 2846 5226 λέγων,
2874 5175 2894 5210 ι
2930 5157 3369 5228 Ἀγαλλιάσομαι·
3393 5178 3410 5207 ι
3429 5157 3482 5227 ἢ,
3506 5155 3642 5210 κατά

2077 5249 2166 5302 τὸν
2181 5248 2426 5312 Ἀκύλαν,
2458 5267 2476 5299 ι
2509 5249 2876 5320 Γαυριάσομαι
2895 5266 2908 5278 ·
2940 5269 2956 5300 ι
2981 5249 3035 5321 ἦ,
3059 5249 3198 5303 κατά
3226 5250 3314 5302 τὸν
3332 5249 3641 5318 Σύμμαχον,

2084 5357 2103 5391 ι
2143 5340 2428 5412 Γαυριάσω
2472 5341 2566 5394 καὶ
2591 5341 2901 5412 διανεμήσω
2931 5341 3146 5411 Σίκιμα·
3186 5360 3204 5393 ι
3246 5340 3393 5412 Αῦτη
3424 5339 3481 5392 δὲ
3517 5335 3643 5409 ἧνὴ

2082 5435 2247 5490 πάλαι
2272 5431 2625 5505 ἀφωρισμένη
2656 5432 2733 5503 τῷ
2778 5433 2971 5503 Ἰωσὴφ
3007 5433 3161 5504 μερὶς
3196 5435 3315 5486 κατ’
3347 5431 3640 5503 ἐξαίρετον,

2081 5526 2165 5594 ἐφ’
2290 5526 2383 5577 καὶ
2421 5525 2561 5596 μέγα
2609 5525 2865 5596 ἐφρόνουν
2923 5525 3184 5597 πρότερον
3228 5525 3325 5595 μὲν
3375 5522 3641 5578 Ἰουδαίων

481 5614 523 5644 υ
563 5613 691 5669 Luc.
733 5633 806 5680 Iv,
841 5617 929 5673 34.
1009 5620 1052 5651 ⁸³
1089 5617 1236 5672 Psal.
1273 5633 1543 5680 ηιμ-ιιι,
1578 5616 1665 5670 36.
1749 5617 1788 5647 ¹τ
1829 5613 1970 5670 Psal.

2090 5633 2151 5683 ιι,
2189 5618 2242 5674 8.
2322 5617 2362 5650 ⁸⁸
2403 5617 2760 5681 Psal.cvu,6.

481 5703 556 5776 (l)
598 5704 754 5761 Forte
785 5708 936 5764 deest
969 5708 1084 5779 τῆς.
1122 5707 1278 5763 Enn.
