4100 6528
468 280 576 341 565

1594 290 2099 351 COMMENTARIA
2137 296 2209 353 ΙΝ
2248 297 2586 355 PSALMOS.

3605 300 3710 357 566

467 399 674 465 παῖδες,
728 400 824 457 νῦν
876 403 932 457 δὲ
981 404 1041 458 τὸ
1076 406 1429 479 Σαμαρειτῶν
1477 407 1657 477 φῦλον.
1700 412 1763 465 Ἡ
1815 415 1953 486 αὐτὴ
1989 416 2010 469 ε

2111 445 2120 478 ι
2149 434 2269 487 qua:
2298 419 2537 483 Sichem,
2568 435 2730 490 quam
2751 417 2988 492 Josepho
3018 422 3164 478 dedit
3188 420 3376 485 Iacob,
3397 421 3486 476 ubi
3517 434 3713 493 puteus

466 492 581 545 ἐστι
608 493 808 566 Σίκιμα
830 500 895 568 τῇ
918 498 1118 569 Συχὲμ,
1145 500 1210 569 ἢν
1242 499 1436 557 ἔδωκεν
1467 503 1660 557 Ἰακὼὸ
1686 505 1763 577 τῷ
1803 507 1999 578 Ἰωσήφ
2021 524 2034 537 ·

464 582 592 637 ἔνθα
620 584 716 637 καὶ
739 585 799 638 τὸ
825 587 1000 659 φρέαρ
1027 592 1120 643 καὶ
1150 591 1182 661 ή
1214 592 1363 664 πηγὴ
1395 593 1487 647 τοῦ
1531 596 1723 649 Ἰακὼό
1757 598 2035 667 τυγχάνει,

463 667 540 727 ὧν
572 674 841 746 μέμνηται
872 678 929 731 τὸ
955 679 1302 749 Εὐαγγέλιον,
1329 684 1420 737 τὸν
1449 685 1678 757 Σωτῆρα
1699 688 1902 756 φάσκον
1923 690 2040 741 ἑπι-

460 764 842 837 δεδημηκέναι,
890 771 1114 836 πολλούς
1141 790 1200 826 τε
1232 774 1410 829 αὐτῶν
1448 777 1525 840 είς
1554 778 1716 830 αὐτὸν
1748 796 2039 834 πεπιστευ-

460 856 637 912 κέναι.
672 860 830 913 Ἀλλά
858 863 951 916 καὶ
981 864 1119 935 μετὰ
1144 865 1241 938 τὴν
1260 867 1524 939 ἀνάληψιν
1543 869 1706 924 αὐτοῦ
1734 871 1784 923 οἱ
1808 873 2037 926 ἀπόστο-

459 945 563 1011 λοι,
597 948 654 1000 ὲν
695 952 761 1020 τῇ
808 951 1091 1025 Σαμαρείᾳ
1121 956 1420 1028 γενόμενοι,
1460 963 1659 1029 σημεῖα
1703 961 1796 1015 καὶ
1835 962 2036 1034 τέρατα

458 1037 676 1091 ἑποίουν
722 1041 779 1093 ὲν
828 1042 1007 1113 αύτῇ,“
1038 1044 1113 1108 ὼς
1154 1047 1478 1120 ἱστορεῖσθαι
1529 1052 1586 1103 ἐν
1636 1056 1757 1117 ταῖς
1798 1053 2035 1124 Πράξεσι

456 1127 564 1181 τῶν
596 1128 905 1186 ἀποστόλων
932 1133 994 1186 τὸ
1026 1135 1249 1207 Πνεῦμα
1280 1138 1341 1191 τὸ
1364 1140 1517 1209 ἅγιον
1549 1143 1789 1197 δεδόσθαι
1812 1148 1923 1209 τοῖς
1946 1146 2036 1199 τὸν

455 1218 619 1274 τόπον
667 1221 896 1287 οίκοῦσι,
947 1226 1120 1297 χαράν
1147 1245 1205 1281 τε
1250 1231 1492 1303 μεγάλην
1524 1235 1801 1303 γεγονέναι
1827 1236 2033 1292 αὐτόθι.

455 1309 768 1381 Γέγραπται
826 1317 977 1384 γοῦν,
1025 1320 1105 1372 ὄτι
1162 1320 1443 1387 Φίλιππος,
1502 1325 1777 1379 κατελθὼν
1822 1330 1901 1391 είς
1938 1327 2035 1398 τὴν

454 1400 606 1454 πόλιν
634 1402 733 1473 τῆς
760 1403 1090 1478 Σαμαρείας,
1116 1409 1418 1481 ἐκήρυσσεν
1445 1414 1627 1478 αὐτοῖς
1660 1415 1751 1469 τὸν
1780 1418 2031 1488 Χριστόν.

453 1491 749 1564 Προσεῖχον
773 1495 831 1547 δὲ
876 1498 927 1550 οί
977 1498 1121 1570 ὄχλοι
1165 1504 1280 1564 τοῖς
1327 1503 1635 1576 λεγομένοις
1672 1507 1777 1560 ὑπὸ
1808 1508 1902 1562 τοῦ
1940 1511 2033 1563 Φι-

450 1581 649 1636 λίππου
698 1586 1061 1659 ὁμοθυμαδὸν,
1095 1592 1154 1644 ὲν
1206 1593 1283 1665 τῷ
1315 1596 1533 1651 ἀκούειν
1576 1599 1773 1664 αὐτοὺς
1799 1602 1891 1655 καὶ
1912 1602 2031 1673 βλέ-

2140 518 2192 562 et
2228 508 2347 563 fons
2376 506 2546 563 Jacob
2578 516 2683 563 est.
2748 507 2991 575 Quorum
3025 512 3271 567 meminit
3324 509 3710 582 Evangelium,

2138 597 2328 653 dicens
2364 599 2700 653 Salvatorem
2729 616 2795 653 co
2828 599 3112 657 advenisse
3133 644 3147 669 ,
3189 618 3489 674 eorumque
3512 604 3713 659 multos

2139 687 2194 741 in
2229 688 2405 757 ipsum
2437 689 2753 745 credidisse.
2792 689 2934 756 Quin
2965 693 3127 746 etiam
3182 702 3304 763 post
3349 695 3469 765 ejus
3497 709 3714 749 assum-

2141 776 2410 846 ptionem,
2478 781 2709 850 apostoli
2764 781 3063 836 Samariam
3125 793 3408 854 petentes,
3465 786 3619 855 signa
3658 793 3717 840 et

2138 870 2382 941 prodigia
2414 873 2779 941 operahantur
2825 875 2880 929 in
2933 875 3074 945 ipsa,
3131 876 3205 930 ita
3263 884 3329 931 ut
3373 877 3429 930 in
3483 877 3722 932 Actibus.

2138 964 2509 1031 apostolorum
2538 976 2786 1020 narretur
2823 964 3083 1035 Spiritum
3128 978 3377 1022 sanctum
3409 967 3529 1037 ejus
3559 968 3712 1022 inco-

2138 1051 2205 1107 lis
2242 1053 2431 1107 datum
2485 1054 2693 1121 fuisse,
2739 1057 2923 1127 ibique
2968 1073 3221 1129 magnum
3275 1059 3550 1115 exstitisse
3578 1074 3712 1129 gau-

2136 1141 2305 1197 dium.
2346 1143 2618 1199 Scribitur
2644 1161 2866 1216 quoque
2895 1145 3205 1217 Philippum
3261 1147 3611 1203 descendisse
3653 1149 3710 1203 in

2136 1234 2324 1289 urbem
2354 1233 2655 1290 Samariam
2683 1277 2698 1303 ,
2758 1238 3002 1309 ipsisque
3048 1238 3375 1310 praedicasse
3406 1239 3706 1295 Christum.

2136 1323 2332 1381 Turbae
2357 1342 2518 1397 porro
2561 1327 2725 1383 dictis
2754 1329 2987 1402 Philippi
3017 1332 3350 1386 unanimiter
3403 1332 3705 1397 hauebant,

2134 1433 2257 1472 cum
2286 1420 2536 1475 audirent
2568 1436 2633 1477 ac
2652 1421 2898 1478 viderent
2918 1424 3081 1493 signa
3100 1438 3220 1494 qua
3247 1424 3476 1479 faciebat
3508 1440 3709 1479 resor-

2134 1516 2297 1579 taque
2331 1525 2526 1581 magna
2556 1526 2658 1566 vox
2693 1513 2889 1567 laetitiae
2915 1520 2999 1568 est
3042 1514 3096 1567 in
3146 1515 3510 1570 civitate‘illat
3553 1514 3708 1569 Dein-

2134 1602 2308 1672 deque
2339 1602 2585 1659 dicitur:
2624 1622 2644 1657 ι
2699 1603 2833 1660 Cum
2893 1613 3072 1660 autem
3126 1606 3416 1661 audissent-
3451 1609 3703 1676 apostoli,

452 1677 695 1768 natura
740 1684 940 1752 σημεῖα
988 1682 1025 1738 ἃ
1069 1686 1273 1739 ὲποίει·
1306 1689 1522 1758 ἐγένετο
1559 1691 1616 1745 δὲ
1661 1694 1813 1766 φωνὴ
1858 1698 2010 1766 χαρᾶς

2135 1694 2227 1763 qui
2268 1703 2423 1749 erant
2455 1694 2844 1768 Hierosolymis
2874 1736 2889 1761 ,
2922 1696 3081 1766 quod
3111 1697 3409 1766 recepisset
3457 1697 3705 1752 Samaria

451 1767 661 1839 μεγάλη
712 1771 771 1826 ὲν
834 1775 899 1844 τῇ
951 1776 1100 1830 πόλει
1162 1780 1366 1854 ἐκείνῃ.
1434 1782 1545 1837 Καὶ
1603 1783 1728 1856 ἑξῆς
1780 1762 1995 1857 εἴρηται

2138 1762 2360 1839 verbum
2392 1786 2509 1847 Dei.
2538 1762 2813 1842 miserunt
2846 1787 2913 1842 ad
2940 1762 3047 1843 veos
3089 1787 3307 1844 Petrum
3336 1796 3390 1844 et
3418 1787 3704 1844 Joannem.

453 1875 472 1907 α
496 1857 853 1926 Ἀκούσαντες
880 1864 936 1918 δὲ
989 1869 1038 1919 οί
1075 1870 1133 1922 ὲν
1205 1870 1592 1944 Ἱεροσολύμοις
1628 1877 2032 1940 άπόστολοι,ὃτι

2133 1875 2234 1941 Qui
2256 1891 2379 1930 cum
2413 1877 2713 1943 venissent,
2744 1886 3040 1932 oraverunt
3082 1894 3181 1948 pro
3214 1879 3346 1949 ipsis
3386 1887 3444 1932 ut
3497 1880 3706 1948 accipe-

444 1946 686 2040 δέδεκται
708 1954 742 2023 ἡ
772 1954 1052 2028 Σαμάρεια
1080 1960 1174 2014 τὸν
1204 1962 1362 2030 λόγον
1398 1964 1491 2018 τοῦ
1516 1965 1672 2030 Θεοῦ,
1711 1969 2010 2026 ἀπέστειλα·

2132 1974 2252 2020 rent
2280 1963 2545 2035 Spiritum
2567 1978 2902 2033 sanctum,»
2941 1982 3005 2021 ac
3049 1946 3398 2040 subjungitur
3441 1986 3503 2022 ει
3547 1946 3702 2022 Tunc

445 2037 585 2107 πρὸς
641 2042 838 2105 αὐτοὺς
893 2045 1098 2114 Πέτρον
1159 2053 1254 2105 καὶ
1293 2052 1572 2125 Ἰωάννην·
1620 2057 1814 2122 οἵτινες
1860 2078 2030 2115 κατα-

443 2127 640 2195 ϐάντες
669 2134 1043 2206 προσηύξαντο
1077 2142 1204 2212 περὶ
1229 2143 1409 2199 αὐτῶν
1448 2147 1594 2211 ὅπως
1625 2147 1828 2203 λάϐωσι
1861 2152 2032 2206 Πνεῦ-

2131 2061 2483 2130 imponebant
2512 2077 2708 2118 manus
2748 2078 2913 2132 super
2941 2062 3083 2127 illos,
3119 2072 3173 2118 et
3204 2064 3541 2133 accipiebant
3579 2062 3703 2132 Spi-

2128 2152 2293 2206 ritum
2322 2160 2572 2207 sanctum
2608 2154 2671 2207 ¹⁹;
2711 2173 2737 2206 ι
2756 2152 2879 2209 Παιο
2907 2156 3072 2225 igitur
3095 2153 3354 2208 Samaria;
3373 2152 3514 2206 facta
3548 2162 3698 2217 sunt,

443 2236 537 2315 ita"
566 2222 753 2290 ἅγιον·
797 2244 817 2277 ι
871 2229 966 2282 καὶ
1010 2232 1281 2301 ἐπιλέγει·
1310 2250 1347 2287 ἰ
1381 2238 1512 2291 Τότε
1564 2241 1881 2296 ἐπετίθεσαν
1931 2245 2010 2308 τὰς

2126 2242 2202 2296 ita
2235 2250 2292 2296 ut
2324 2243 2438 2297 haec
2466 2245 2759 2313 promissio
2783 2222 3127 2315 impleretur:
3152 2264 3173 2297 ‹
3214 2245 3506 2299 Exaltahor
3537 2252 3591 2298 et
3615 2245 3698 2299 di-

449 2314 643 2402 χεῖρας
674 2315 761 2402 έῌπ⁹
790 2318 1006 2384 αὐτοὺς,
1052 2323 1144 2375 καὶ
1189 2323 1492 2396 ὲλάμσανον
1540 2330 1762 2401 Πνεῦμα
1796 2334 1966 2402 ἅγιον.
2002 2356 2022 2389 ι

454 2399 621 2454 Ταῦτ’
654 2398 748 2456 οῦν
778 2406 990 2474 ἐγένετο
1018 2412 1076 2463 ὲν
1110 2414 1174 2483 τῇ
1199 2415 1499 2487 Σαμαρείᾳ,
1524 2398 1903 2493 πληρουμένης
1926 2425 2026 2495 ¹ιζῆς

440 2494 579 2564 μετὰ
615 2500 801 2569 χεῖρας
833 2500 1182 2571 ἐπαγγελίας,
1207 2486 1552 2579 φασκούσης·
1584 2486 2023 2586 ι’ίγψὶυθήὲοιέάὶ

434 2586 531 2639 καὶ
555 2586 821 2661 διαμεριῶ
870 2592 1091 2664 Σίκιμα.
1141 2596 1266 2661 Τοῖς
1301 2598 1409 2671 γὰρ
1455 2601 1548 2654 ἐπὶ
1583 2602 1681 2673 τῆς
1713 2604 2023 2678 Σαμαρείας

432 2678 708 2753 διεμέρισε
748 2684 809 2736 τὸ
849 2684 1072 2757 Πνεῦμα
1113 2686 1174 2740 τὸ
1213 2689 1366 2758 ἆγιον
1415 2691 1551 2761 μετὰ
1597 2693 1694 2765 τὴν
1755 2696 2021 2769 ἀνάληψιν

433 2771 620 2839 αὐτοῦ,
646 2775 739 2827 καὶ
778 2775 1004 2845 μετά.τδ
1032 2777 1309 2851 ὑψωθῆναι
1352 2782 1533 2848 αὐτὸν,
1547 2784 1634 2837 ὅτε
1659 2804 1682 2836 ι
1708 2786 1914 2852 ἀναϐὰς
1940 2790 2021 2854 είς

434 2860 565 2930 ὕψος
605 2864 1023 2933 ᾐχμαλώτευσεν
1052 2869 1451 2938 αἰχμαλωσίαν,
1487 2874 1580 2928 καὶ
1611 2874 1779 2930 ἔδωκε
1810 2878 2017 2950 δόματα

431 2954 490 3008 ὲν
516 2954 841 3025 ἀνθρώποις.
883 2976 901 3008 ι
942 2959 1052 3012 Καὶ
1092 2959 1267 3015 ταῦτα
1298 2963 1507 3032 ἐγίνετο
1530 2966 1671 3037 μετὰ
1692 2968 1753 3021 τὸ
1781 2970 2016 3043 διωχθῆ-

430 3061 518 3097 ναι
583 3048 709 3112 τοὺς
754 3049 1002 3120 μαθητάς
1036 3052 1129 3106 τοῦ
1171 3055 1424 3128 Σωτῆρος
1459 3059 1567 3112 ἀπὸ
1607 3060 2010 3134 Ἰεροσολύμων.

430 3134 595 3204 Λέγει
631 3138 761 3205 γοῦν
802 3141 835 3211 ἠ
878 3140 1066 3213 Γραφή
1088 3160 1102 3173 ·
1140 3163 1159 3195 ι
1213 3146 1457 3214 Ἐγένετο
1483 3149 1539 3205 δὲ
1566 3149 1801 3222 διωγμὸς
1833 3155 2006 3224 μέγας

427 3228 522 3281 ἐπὶ
566 3228 664 3299 τὴν
714 3231 1036 3303 Ἐκκλησίαν
1074 3236 1172 3307 τὴν
1218 3239 1277 3290 ὲν
1337 3240 1754 3313 Ἰεροσολύμοις·
1807 3246 2005 3311 πάντες

425 3317 485 3372 δὲ
514 3318 883 3394 διεσπάρησαν
904 3343 917 3355 ·
960 3345 977 3378 ι
1011 3328 1102 3380 καὶ
1132 3329 1292 3383 πάλιν
1316 3348 1329 3361 ·
1374 3349 1397 3382 ι
1432 3333 1495 3385 0i
1524 3335 1621 3405 μὲν
1647 3332 1741 3390 οῦν
1773 3338 2007 3393 διασπα-

430 3408 616 3480 ρέντες
654 3412 869 3482 διῆλθον
908 3417 1381 3491 εὐαγγελιζόμενοι
1440 3425 1532 3477 τὸν
1568 3424 1745 3494 λόγον.
1798 3447 1817 3480 ι
1885 3427 2001 3484 Εἶθ’

427 3501 555 3573 ἑξῆς
612 3502 828 3575 εἴρηται
870 3506 1016 3571 ὅπως
1055 3511 1165 3573 τοῖς
1199 3512 1264 3565 ἐν
1288 3515 1354 3584 τῇ
1405 3514 1689 3588 Σαμαρείᾳ
1715 3519 2001 3591 εὐηγγελί-

425 3591 600 3661 ζοντο,
636 3596 730 3649 καὶ
759 3597 834 3661 ὡς
858 3599 953 3652 τοῦ
986 3601 1301 3673 Πνεύματος
1333 3605 1427 3658 τοῦ
1470 3607 1620 3675 άγίου
1659 3612 2001 3680 μετεδίδοσαν

425 3686 609 3749 αὐτοῖς
640 3689 688 3740 οί
721 3689 1027 3747 ἀπόστολοι.
1083 3693 1359 3749 Δέδεικται
1404 3699 1583 3752 τοίνυν
1610 3700 1759 3766 ὅπως
1786 3705 1998 3781 εἴρηται

423 3775 503 3841 τὸ,
538 3797 557 3828 σ
581 3779 966 3853 ’Υψωθήσομαι
996 3784 1089 3837 καὶ
1110 3785 1372 3859 διαμεριῶ
1393 3789 1619 3861 Σίκιμα·
1654 3813 1673 3846 ι
1719 3775 1857 3866 μετά
1890 3775 1999 3871 γὰρ

530 3869 810 3961 ύψωθῆναι
850 3874 945 3928 τὸν
978 3877 1205 3948 Σωτῆρα
1254 3879 1429 3933 πάντα
1461 3882 1633 3937 ταῦτα
1672 3868 1993 3961 ἐπληροῦτο.

426 3959 616 4026 Ἀλλος
661 3962 707 4017 δ’
739 3963 806 4019 ἂν
834 3966 998 4032 εἴποι,
1040 3967 1128 4021 διὰ
1156 3968 1216 4022 τὸ
1250 3971 1415 4025 πάλαι
1446 3974 1543 4043 μὲν
1574 3976 1683 4029 τῶν
1730 3959 1998 4037 Ἰουδαίων

420 4046 556 4105 εἶναι
580 4053 883 4135 τὸνΙτόπον,
911 4059 1029 4111 νυνὶ
1058 4059 1115 4112 δὲ
1145 4061 1281 4131 μετὰ
1319 4061 1415 4133 τὴν
1439 4064 1533 4117 τοῦ
1562 4067 1812 4139 Σωτῆρος
1841 4073 1872 4142 ὴ
1881 4073 1997 4143 μῶν

417 4145 685 4216 ἀνάληψιν
704 4147 927 4220 Ἕλλησι
960 4151 1054 4204 καὶ
1071 4152 1437 4226 Σαμαρείταις
1454 4156 1778 4224 ἐκδεδόσθαι,
1805 4163 1995 4219 τούτου

420 4234 583 4305 χάριν
615 4235 868 4307 εἰρῆσθαι
895 4236 976 4301 τὸ,
1026 4256 1044 4289 ι
1088 4239 1472 4314 ’Υψωθήσομαι
1503 4245 1595 4298 καὶ
1622 4245 1886 4321 διαμεριῶ
1910 4251 1997 4303 Σί-

415 4340 584 4392 κιμα·
616 4343 635 4376 ι
663 4324 798 4378 ἀλλὰ
836 4327 929 4381 καὶ
960 4345 978 4378 ι
1025 4327 1123 4398 τὴν
1162 4331 1384 4387 κοιλάδα
1415 4334 1522 4389 τῶν
1563 4338 1779 4408 σκηνῶν
1805 4339 1994 4411 διαμε-

2128 2335 2305 2388 vidam
2348 2334 2610 2392 Sichima.
2649 2357 2670 2389 ι
2718 2335 2850 2391 Nam
2879 2337 3238 2393 Satnaritanis
3273 2336 3537 2407 Spiritum
3577 2353 3699 2391 san-

2123 2433 2271 2479 ctum
2307 2427 2587 2483 distribuit
2625 2436 2747 2497 post
2793 2431 3217 2499 assumptionem
3273 2444 3427 2484 suam
3463 2437 3517 2484 et
3553 2438 3696 2499 post-

2123 2532 2293 2587 quam
2312 2519 2585 2574 exaltatus
2616 2528 2700 2575 est
2724 2560 2738 2585 ,
2794 2520 3011 2591 quando
3050 2539 3069 2573 ι
3109 2521 3410 2576 ascendens
3441 2522 3493 2575 in
3526 2521 3692 2574 altum

2120 2608 2388 2679 captivam
2432 2608 2591 2663 duxit
2616 2611 3012 2679 captivitatem,
3034 2619 3089 2667 et
3114 2611 3261 2667 dedit
3288 2611 3429 2666 dona
3459 2612 3694 2667 homini-

2118 2699 2222 2755 bus
2244 2701 2312 2756 ‘°.
2350 2719 2369 2753 ›
2405 2699 2531 2755 Haec
2563 2716 2728 2771 porro
2770 2702 2908 2757 facta
2950 2710 3077 2758 sunt
3105 2711 3390 2774 postquam
3434 2703 3691 2785 discipuli

2121 2790 2422 2847 Salvatoris
2456 2791 2844 2864 Hierosolyma:
2867 2795 3302 2864 persecutionem
3350 2795 3497 2865 passi
3540 2802 3688 2850 sunt.

2116 2882 2206 2936 Ait
2235 2884 2418 2953 itaque
2444 2881 2727 2954 Scriptura
2755 2902 2770 2939 :
2805 2903 2823 2937 ι
2863 2884 3028 2940 Facta
3051 2893 3135 2941 est
3165 2886 3471 2957 persecutio
3496 2900 3690 2956 magna

2117 2974 2172 3028 in
2192 2973 2432 3029 Ecclesia
2445 2991 2565 3045 quae
2586 2986 2703 3031 erat
2729 2975 3140 3049 Hierosolymis,
3164 2986 3218 3033 et
3242 2993 3433 3034 omnes
3454 2978 3687 3048 dispersi

2040 3107 2086 3169 ϐ
2117 3074 2245 3122 sunt
2267 3067 2351 3133 “;
2386 3086 2404 3118 ι
2433 3080 2495 3120 ac
2525 3083 2742 3123 rursum
2775 3086 2788 3122 :
2823 3087 2841 3119 ι
2878 3067 3047 3140 Igitur
3098 3070 3193 3139 qui
3242 3069 3476 3139 dispersi
3530 3077 3688 3124 erant

2116 3158 2548 3228 pertransibant,
2576 3161 3014 3231 evangelizantes
3045 3162 3270 3216 verbum
3307 3164 3374 3219 ¹¹¹.
3415 3181 3434 3214 ι
3484 3160 3686 3217 Deinde

2108 3249 2313 3304 dictum
2348 3258 2453 3314 est,
2475 3267 2582 3321 qua
2608 3252 2820 3307 ratione
2847 3251 3203 3309 Samaritanis
3227 3254 3681 3324 evangelizarent,

2105 3347 2158 3394 et
2191 3340 2468 3411 quomodo
2501 3343 2734 3413 apostoli
2771 3341 3037 3414 Spiritum
3086 3352 3335 3399 sanctum
3392 3345 3527 3414 ipsis
3581 3345 3684 3399 im-

2106 3432 2391 3502 pertirent.
2427 3430 2873 3489 Demonstratum
2909 3449 3040 3505 ergo
3068 3444 3152 3490 est
3177 3451 3347 3506 quare
3376 3435 3581 3491 dictum
3607 3437 3683 3493 si:

2104 3523 2259 3587 illud,
2294 3542 2313 3575 ι
2351 3522 2671 3590 Exaltabor,
2697 3533 2751 3581 et
2789 3525 3027 3582 dividam
3052 3527 3315 3582 Sichima.
3350 3548 3369 3580 ι
3402 3527 3538 3582 Nam
3566 3528 3682 3584 haec

2101 3614 2285 3669 omnia
2339 3614 2700 3685 implebantur
2741 3625 3031 3688 postquam
3091 3618 3339 3674 Salvator
3403 3620 3678 3674 exaltatus

2100 3712 2203 3761 est.
2230 3704 2439 3760 Dixerit
2468 3706 2655 3762 forsan
2682 3709 2845 3773 alius,
2870 3710 2998 3779 quia
3028 3710 3156 3764 olim
3188 3709 3499 3765 Iudaeorum
3522 3712 3699 3771 locus,

2098 3808 2238 3862 erat,
2278 3814 2427 3854 nunc
2482 3808 2663 3855 autem
2716 3808 2838 3871 post
2883 3800 3184 3858 Salvatoris
3235 3804 3406 3858 nostri
3459 3817 3677 3858 assum-

2099 3889 2363 3959 ptionem,
2423 3890 2627 3947 Graecis
2676 3902 2730 3948 et
2786 3892 3147 3950 Samaritanis
3207 3909 3501 3951 concessus
3554 3893 3676 3950 fuco

2098 3990 2205 4047 rat,
2239 3983 2362 4038 ideo
2382 3983 2609 4050 dictum,
2640 4003 2659 4035 ι
2688 3985 2998 4052 Exaltabor,
3017 3986 3319 4042 etdividam
3346 3985 3585 4042 Sichima
3611 4006 3625 4055 ;
3649 4008 3685 4044 ι.

2099 4075 2194 4130 sed
2223 4076 2409 4143 etiam,
2442 4094 2461 4128 ι
2508 4078 2809 4133 convallem
2845 4078 3317 4135 tabernaculorum
3345 4080 3611 4134 dimetiar.
3631 4079 3683 4140 ,ιζ

2095 4168 2406 4224 Convallem
2456 4170 2837 4226 universorum
2875 4172 3157 4228 hominum
3200 4171 3536 4228 domicilium
3575 4187 3672 4226 vo-

2096 4275 2224 4315 care
2261 4262 2546 4316 consuevit
2586 4262 2935 4333 propheticus
2960 4278 3173 4319 sermo:
3209 4278 3379 4334 quare
3408 4263 3536 4317 alibi
3585 4262 3672 4317 di-

2096 4360 2246 4406 ctum
2286 4361 2409 4407 est:
2449 4371 2467 4405 c
2524 4352 2803 4425 Disposuit
2853 4356 2909 4410 in
2956 4356 3095 4411 valle
3138 4354 3593 4427 lacrymarum“.
3642 4372 3662 4406 ι

412 4415 627 4516 τρήσω.
661 4436 679 4469 ι
716 4417 952 4472 Κοιλάδα
982 4420 1039 4473 δὲ
1080 4421 1270 4477 εἴωθεν
1298 4424 1584 4497 ὀνομάζειν
1609 4431 1637 4482 6
1658 4434 1991 4503 προφητικὸς

2111 4442 2212 4498 lioc
2240 4444 2422 4515 itaque
2450 4445 2729 4508 hominum
2769 4449 3014 4502 omnium
3054 4447 3414 4510 domicilium.
3448 4456 3501 4501 et
3528 4461 3666 4500 con-

410 4501 569 4572 λόγος
601 4506 660 4559 τὸ
688 4507 904 4561 πάντων
932 4509 1235 4581 ἀνθρώπων
1273 4516 1616 4588 οἰκητήριον·
1645 4501 1725 4573 διδ
1747 4501 1990 4578 λέλεκται

2111 4534 2288 4589 vallem
2319 4535 2501 4599 istam,
2533 4536 2802 4601 ecclesiis,
2834 4537 3043 4607 inquit,
3074 4537 3213 4591 meis
3242 4535 3479 4605 replebo.
3510 4533 3668 4600 Quod

407 4596 677 4670 ἀλλαχοῦ·
724 4616 743 4650 ι
791 4598 1004 4652 Διέθετο
1050 4605 1130 4666 είς
1171 4605 1269 4674 τὴν
1311 4608 1533 4663 κοιλάδα
1572 4611 1666 4665 τοῦ
1698 4614 1990 4686 κλαυθμῶ-

407 4706 518 4753 νος.
550 4711 570 4743 ι
602 4692 773 4746 Τοῦτο
817 4692 881 4764 δὴ
927 4689 1020 4748 οὖν
1050 4695 1112 4748 τὸ
1156 4699 1372 4775 πάντων
1419 4703 1721 4774 ἀνθρώπων
1762 4710 1988 4781 οἰκητή-

408 4799 544 4854 ριον,
594 4786 689 4839 καὶ
745 4786 844 4858 τὴν
899 4790 1119 4845 κοιλάδα
1170 4793 1375 4863 ταύτην
1430 4796 1753 4869 ἐκκλησιῶν,
1800 4802 1987 4873 φησὶν,

403 4878 645 4968 ἐμαυτοῦ
699 4881 1004 4955 πληρώσω·
1053 4885 1082 4939 ὃ
1125 4885 1191 4957 δὴ
1223 4888 1526 4943 αἰνίττεται
1545 4890 1738 4960 λέγων,
1772 4913 1791 4946 ί
1842 4896 1986 4968 Σκη-

402 4967 512 5021 νῶν
541 4968 910 5046 διαμετρήσω.
952 4996 972 5029 ι
1024 4978 1136 5032 Καὶ
1157 4981 1186 5032 6
1224 4980 1458 5045 Ἀκύλας
1489 4982 1547 5036 δὲ
1595 4985 1782 5040 τοῦτον
1802 4967 1985 5061 ἡρμή-

403 5077 564 5115 νευσε
613 5064 705 5117 τὸν
754 5067 974 5137 τρόπον,
1009 5086 1028 5120 ι
1072 5072 1309 5126 Κοιλάδα
1357 5077 1708 5148 συσκιασμῶν
1746 5097 1987 5152 καταμε-

400 5154 611 5226 τρήσω.
643 5174 662 5208 ι
698 5154 813 5210 Εἶθ’
843 5158 1032 5232 ὥσπερ
1072 5164 1222 5233 ἐμὸς,
1256 5165 1408 5235 φησὶ.
1442 5166 1663 5235 γέγονεν
1694 5157 1722 5223 6
1751 5172 1982 5241 Γαλαὰδ,

400 5247 500 5299 καὶ
524 5246 656 5317 ἐμὸς
687 5248 878 5317 γέγονέ
910 5269 1040 5305 ποτε
1072 5256 1102 5307 6
1140 5255 1457 5328 Μανασσῆς,
1505 5260 1599 5312 καὶ⁵
1638 5262 1877 5335 Ἐφραίμ
1916 5262 1984 5337 ἦν

400 5354 555 5400 ποτε,
589 5340 677 5393 ὅτε
717 5341 954 5413 ὑπῆρχε,
992 5363 1010 5396 ι
1047 5349 1381 5417 κραταίωσις
1404 5352 1505 5421 τῆς
1524 5353 1769 5425 κεφαλῆς
1798 5373 1920 5427 μου,
1957 5378 1976 5412 ι

398 5430 456 5501 ἦ,
502 5431 645 5486 κατὰ
694 5433 787 5487 τὸν
835 5435 1149 5509 Σύμμαχον,
1180 5459 1199 5491 ι
1239 5443 1391 5513 ἰσχὺς
1434 5444 1534 5515 τῆς
1580 5446 1753 5517 ἀρχῆς
1784 5466 1923 5518 μου·
1956 5471 1975 5504 ι

398 5522 673 5593 ὁμοίωςτε
689 5524 897 5602 ὥσπερ,
926 5523 996 5601 ἦν
1011 5548 1143 5585 ποτε
1175 5550 1195 5584 ι
1228 5534 1260 5585 6
1289 5534 1485 5599 Ἰούδας
1519 5536 1770 5607 βασιλεύς
1815 5559 1973 5613 pou,»

2096 4625 2183 4680 his
2211 4626 2392 4681 verbis
2414 4627 2749 4692 subindicat,
2770 4646 2789 4680 ι
2821 4628 3317 4683 Tabernaculorum
3343 4628 3613 4683 dimetiar.
3639 4647 3663 4683 ι

2095 4716 2289 4784 Aquila
2314 4731 2442 4772 vero
2465 4717 2546 4772 sic
2580 4718 3105 4789 interpretatusest,
3152 4736 3172 4769 ι
3204 4707 3519 4773 Convallem
3545 4735 3666 4774 um.

2094 4805 2442 4860 hraculorum
2473 4808 2686 4862 metiar.
2723 4827 2752 4860 ι.
2778 4806 3076 4873 Deinde,ut
3103 4808 3253 4873 olim,
3280 4808 3475 4879 inquit,
3508 4822 3669 4864 meus

2091 4896 2196 4951 fuit
2244 4898 2445 4953 Galaad
2475 4938 2492 4964 ,
2547 4914 2700 4954 meus
2732 4900 2860 4954 item
2891 4898 3172 4955 Manasses
3196 4939 3212 4965 ,
3252 4908 3308 4955 et
3362 4899 3617 4971 Ephraim
3640 4940 3661 4965 ,

2096 5006 2116 5040 ι
2152 4989 2414 5045 fortitudo
2437 4990 2630 5059 capitis
2656 4991 2762 5046 mei
2795 4992 3117 5061 quondam
3136 4999 3286 5059 erat;
3319 4992 3452 5059 sive,
3470 5006 3665 5048 secuna

2089 5079 2216 5135 dum
2243 5079 2651 5152 Symmachum,
2678 5100 2697 5133 ι
2729 5081 2897 5137 robur
2928 5084 3263 5153 principatus
3293 5084 3419 5150 mei;
3452 5101 3470 5135 ο
3504 5084 3657 5148 item,

2090 5181 2149 5225 ut
2172 5172 2300 5227 olim
2330 5190 2349 5223 ι
2389 5171 2558 5228 Judas
2612 5189 2706 5229 rex
2754 5189 2970 5230 meus.»
3016 5174 3153 5237 fuit;
3206 5184 3300 5229 aut
3355 5173 3656 5230 secundum

2085 5262 2360 5331 Aquilam,
2398 5280 2418 5314 ι
2455 5260 2631 5318 ludas
2656 5262 2887 5334 diligens
2938 5263 3226 5335 inquisitor
3257 5280 3444 5330 meus;
3491 5281 3510 5316 ι
3556 5277 3654 5317 ea-

2087 5356 2208 5411 dem
2239 5370 2466 5426 prorsus
2495 5358 2809 5413 conditione
2836 5359 2940 5413 erit
2964 5359 3391 5430 alienigenarum
3424 5357 3573 5427 regio
3599 5366 3655 5409 et

2087 5449 2239 5516 urbs,
2271 5465 2392 5520 quae
2421 5450 2632 5506 dicitur
2670 5451 2867 5508 Moab:
2917 5451 3181 5507 eﬂicietur
3230 5454 3375 5507 enim
3435 5469 3454 5503 ι
3504 5450 3653 5506 lebes

2085 5543 2200 5613 spei
2230 5558 2415 5611 mea;
2438 5564 2457 5597 ι
2500 5545 2606 5612 vel,
2658 5547 2960 5602 secundum
2992 5546 3280 5616 Aquilam,
3326 5564 3348 5598 ι
3384 5545 3536 5600 lebes
3568 5546 3652 5600 ια.

477 5698 520 5732 ⁸³
553 5698 811 5770 Act.vur,
847 5704 1034 5764 M-l'l.
1108 5710 1153 5743 ²⁹
1172 5707 1316 5768 Psal.
1351 5725 1519 5782 uvu,
1559 5717 1643 5774 l9.
1721 5721 1762 5753 "
1786 5720 1904 5778 Aet.
1940 5738 2010 5782 vu

2114 5764 2130 5782 .
2205 5726 2250 5758 "
2324 5725 2457 5785 ibid.
2492 5727 2544 5785 4.
2621 5724 2831 5784 “Psal.
2868 5740 3067 5794 uxm,
3098 5725 3154 5784 6.
