4100 6528
446 268 554 327 567
1112 272 1386 330 EUSEBII
1423 270 1898 335 CESARIENSIS
1926 270 2077 325 OPP.
2112 268 2296 323 PARS
2328 267 2416 322 ιιι.
2436 300 2505 309 -
2541 265 2947 323 EXEGETICA.
3576 263 3680 320 508

447 384 595 441 vacri
625 384 770 454 mei;
808 405 826 438 ι
861 395 954 442 aut
982 404 1004 439 ι
1040 388 1188 445 lebes
1224 385 1533 444 securitatis
1564 404 1715 450 meae,
1754 407 1773 439 ι
1818 403 1996 442 secun-

2112 385 2169 456 ῆ,
2195 385 2337 439 κατὰ
2363 384 2453 438 τὸν
2478 384 2725 446 ’Ᾱκύλαν,
2759 403 2777 435 ι
2801 384 2997 446 Ἰούδας
3029 382 3361 454 ἀκριϐαστής
3386 400 3515 454 μουυ
3545 403 3565 435 ι
3588 383 3679 437 τὸν

444 478 576 532 dum
614 476 1019 548 Symmachum.
1056 481 1312 551 prraim
1353 495 1482 536 vero
1509 480 1880 535 fortitudinem
1912 496 1996 534 ca-

2113 477 2273 530 αύτὸν
2297 477 2495 549 τρόπον
2519 477 2669 529 ἐσται
2696 477 2788 528 καὶ
2815 477 2848 545 ἡ
2876 475 2983 528 τῶν
3005 474 3311 543 ἀλλοφύλων
3328 474 3476 546 χώρα
3502 492 3561 527 τε
3588 476 3679 527 καὶ

443 571 573 640 pitis
600 571 707 629 sui.
742 571 856 626 sive
886 572 1055 626 robur
1079 572 1415 641 principatus
1445 572 1553 633 sui,
1585 571 1794 626 vocavit
1822 589 1835 624 :
1868 585 1996 641 quo-

2113 567 2265 630 πόλις
2318 568 2352 636 ἡ
2398 567 2706 637 καλουμένη
2750 566 2954 621 Μωάϐ·
2990 567 3275 637 γενήσεται
3330 566 3437 637 γὰρ
3468 586 3485 616 ι
3519 564 3679 637 λέϐης

444 662 589 717 niam
612 663 705 732 qui
726 678 789 717 ex
818 663 961 717 tribu
991 662 1244 734 Ephraim
1271 665 1398 718 olim
1456 672 1769 734 regnarunt,
1809 663 1861 715 in
1910 677 1996 715 no-

2108 659 2204 727 τῆς
2261 658 2472 721 ἐλπίδος
2507 675 2629 729 μου,
2669 678 2686 709 ι
2718 659 2774 730 ἢ,
2809 657 2946 711 κατά
3000 657 3090 710 τὸν
3156 656 3415 710 Ἀκύλανσ
3463 677 3480 707 ι
3519 658 3679 729 λέϐης

442 768 561 809 rem
587 762 641 808 et
669 752 945 808 dimidiam
1002 770 1068 808 ex
1114 754 1364 810 tribubus
1417 754 1580 810 Israel
1618 755 1900 825 imperium
1949 754 1996 806 in

2109 748 2333 820 λουτροῦ
2378 767 2477 820 μου
2501 766 2513 778 ·
2556 769 2574 801 ι
2609 750 2662 820 ἢ,
2699 768 2717 800 ι
2752 748 2913 819 λέϐης
2958 750 3285 819 ἀμεριμνίας
3320 767 3442 820 μου,
3482 769 3499 800 ι
3540 753 3678 805 κατά

444 842 689 898 Samaria
721 843 1095 901 obtinuerunt.

2108 840 2196 893 τὸν
2246 839 2558 910 Σύμμαχον.
2593 841 2694 894 Τὸν
2722 841 2777 893 δέ
2823 839 3059 911 Ἑφραῒμ
3090 840 3422 910 κραταίωσιν
3458 841 3557 911 τῆς
3588 861 3677 894 κε-

441 940 614 1011 φαλῆς
649 938 839 998 ἐαυτοῦ
884 940 1183 1012 ὠνόμασεν,
1221 940 1255 1011 ἢ
1316 941 1467 1011 ἰσχὺν
1495 942 1595 1011 τῆς
1622 940 1794 1015 ἀρχῆς
1827 935 2041 993 ἐαυτοῦ’
2083 934 2376 1006 ἐπειδήπερ
2402 935 2450 987 οἱ
2474 936 2537 988 ἐκ
2563 935 2734 1005 φυλῆς
2774 934 3009 1006 Ἐφραῖμ
3034 934 3447 1005 βασιλεύσαντες
3506 932 3676 1007 ἦρξαν

440 1049 568 1088 ποτε
608 1036 665 1090 ἐν
696 1039 761 1107 τῇ
797 1035 1080 1108 Σαμαρείᾳ
1122 1034 1229 1089 τῶν
1268 1035 1423 1089 ἐννέα
1467 1036 1637 1106 ἥμισυ
1684 1034 1864 1104 φυλῶν
1890 1033 1982 1087 τοῦ
2020 1031 2251 1102 Ἰσραήλ.

510 1124 647 1180 Cum
676 1135 856 1181 autem
885 1124 995 1179 duo
1020 1123 1241 1195 Josepbi
1272 1124 1367 1179 ﬁlii
1398 1124 1620 1185 fuerint,
1658 1124 1913 1194 Ephraim
1957 1128 2011 1177 et

442 1213 719 1272 Manasses
752 1236 764 1271 :
807 1215 1156 1286 Ephraimita:
1185 1232 1308 1273 sese
1343 1218 1412 1271 ab
1467 1214 1769 1272 Jerusalem
1822 1231 2009 1285 segre-

2179 1120 2283 1173 Δύο
2308 1121 2365 1174 δὲ
2409 1121 2611 1174 παίδων
2638 1121 2940 1191 γενομένων
2958 1121 3035 1192 τῷ
3066 1122 3284 1194 Ἰωσὴφ,
3307 1121 3401 1175 τοῦ
3441 1123 3677 1195 Ἑφραῒμ

2110 1212 2202 1265 καὶ
2228 1210 2320 1265 τοῦ
2346 1212 2631 1282 Μανασσῆ,
2663 1215 2709 1265 οἱ
2744 1212 2839 1282 μὲν
2868 1212 2963 1264 τοῦ
3004 1213 3259 1282 Ἑφραῖμ,
3282 1214 3676 1282 ἀποσχίσαντες

439 1310 651 1370 gantes,
685 1304 739 1358 in
772 1301 1039 1366 Samaria,
1073 1304 1188 1360 sive
1236 1305 1289 1359 in
1332 1305 1582 1374 praedicta
1616 1303 1845 1376 Sycbem
1892 1318 1996 1373 qua

2110 1304 2207 1373 τῆς
2248 1302 2616 1373 Ἰερουσαλὴμ,
2643 1305 2698 1355 ἐν
2720 1306 2785 1374 τῇ
2811 1304 3091 1373 Σαμαρείᾳ
3111 1305 3204 1357 καὶ
3228 1307 3292 1375 τῇ
3319 1304 3677 1379 προλεχθείσῃ

436 1401 491 1447 et
557 1392 837 1459 Sichima,
906 1396 1110 1466 regiam
1164 1398 1587 1453 constituerunt.
1647 1398 1996 1463 Quamobrem

2109 1395 2294 1464 Συχὲμ
2325 1397 2392 1464 τῇ
2427 1396 2520 1447 καὶ
2548 1394 2744 1464 Σίκιμα
2793 1395 3125 1465 συνέστησαν
3164 1395 3224 1448 τὸ
3269 1395 3533 1465 βασίλειον
3553 1414 3567 1428 ο
3596 1397 3677 1449 διὸ

438 1486 643 1541 dictum
696 1496 819 1542 est:
861 1505 882 1538 ι
925 1486 1183 1557 Ephraim
1245 1488 1506 1545 fortitudo
1562 1491 1757 1559 capitis
1798 1488 1938 1551 mei,
1986 1509 1996 1544 ι

2108 1486 2382 1539 λέλεκται·
2408 1504 2425 1535 ι
2468 1484 2704 1556 Ἐφραῒμ
2733 1485 3061 1557 κραταίωσις
3090 1486 3190 1555 τῆς
3224 1486 3462 1555 κεφαλῆς
3494 1505 3616 1557 μου,
3649 1507 3668 1539 ι

438 1579 577 1643 sive,
616 1597 635 1630 ι
693 1579 861 1633 robur
919 1580 1257 1650 principatus
1312 1582 1439 1637 mei.
1494 1600 1512 1633 ι
1555 1582 1658 1649 Qui
1715 1590 1893 1637 autem
1944 1596 1996 1636 ei

2107 1576 2164 1647 ἢ,
2201 1594 2218 1625 ι
2264 1576 2414 1646 ἰσχὺς
2441 1574 2538 1645 τῆς
2571 1575 2743 1644 ἀρχῆς
2776 1590 2906 1644 μου·
2947 1593 2964 1624 ι
3003 1574 3048 1625 oi
3080 1572 3136 1625 δὲ
3167 1576 3230 1625 ἐκ
3269 1572 3361 1626 τοῦ
3406 1574 3671 1643 Μανασσῆ

438 1670 584 1725 tribu
611 1670 860 1727 Manasse
905 1671 1148 1736 fuerunt,
1191 1672 1392 1729 Galaad
1428 1674 1765 1730 obtinebant.
1831 1672 1996 1740 Quart

2108 1668 2388 1737 γενόμενοι
2444 1668 2598 1737 ἔσχον
2642 1669 2743 1737 τὴν
2782 1667 3019 1720 Γαλαὰδ·
3061 1667 3140 1719 διὸ
3191 1666 3429 1738 εἴρηται·
3456 1686 3474 1716 ι
3512 1666 3673 1735 Ἐμὸς

436 1761 644 1817 dictum
669 1771 754 1818 est
779 1782 791 1818 :
834 1782 853 1815 ι
892 1762 1038 1818 Meus
1068 1772 1151 1820 est
1173 1764 1397 1830 Galaad,
1420 1774 1475 1821 et
1505 1782 1658 1822 meus
1690 1774 1775 1822 est
1802 1765 1996 1820 Manasi

2110 1763 2224 1813 ἐστι
2249 1760 2477 1825 Γαλαὰδ,
2507 1761 2599 1814 καὶ
2633 1760 2763 1830 ἐμός
2792 1761 2906 1813 ἐστι
2935 1759 3246 1829 Μανασσῆς.
3283 1779 3301 1811 ι
3348 1759 3404 1812 Ὁ
3434 1758 3530 1828 μὲν
3564 1759 3672 1829 γὰρ

435 1869 545 1908 ses.
586 1873 605 1905 ι
642 1852 776 1907 Nam
810 1854 961 1911 locus
985 1854 1187 1910 Galaad
1211 1865 1435 1913 vocatus
1456 1867 1561 1922 est,
1595 1868 1648 1915 et
1675 1858 1996 1915 habitatores

2106 1853 2267 1917 τόπος
2297 1855 2362 1907 ἐκ
2394 1854 2487 1908 τοῦ
2526 1853 2735 1907 Γαλαὰδ
2768 1853 3110 1923 ἐσημαίνετο,
3135 1854 3184 1905 oi
3220 1852 3277 1905 δὲ
3302 1855 3579 1924 οἰκήτορες
3608 1854 3671 1906 ἐκ

433 1942 713 2001 Manasses
742 1947 996 2015 appellati
1051 1956 1203 2004 sunt.
1244 1948 1314 2003 Ut
1366 1951 1530 2020 igitur
1571 1951 1647 2005 illi
1674 1989 1690 2012 .
1732 1951 1841 2013 ait,
1902 1951 1996 2006 mei

2105 1944 2199 1995 τοῦ
2251 1943 2537 2014 Μανασσῆ.
2597 1944 2803 2015 Ὥσπερ
2846 1938 2937 1995 οὖν
2989 1937 3154 2005 οὗτοι,
3195 1942 3360 2010 φησὶ,
3388 1944 3692 2011 γεγόνασιν’

437 2035 607 2104 fuere,
641 2037 851 2093 scilicet
903 2039 997 2094 ﬁlii
1030 2039 1301 2105 Manasse,
1327 2042 1530 2097 Galaad
1580 2044 1882 2100 incolentes
1906 2083 1921 2107 ,
1954 2053 1996 2099 et

2106 2035 2250 2104 ἐμοὶ,
2278 2034 2331 2086 οἵ
2352 2051 2411 2086 τε
2445 2034 2541 2105 τὴν
2563 2034 2774 2089 Γαλαὰδ
2796 2035 3113 2103 οἰκήσαντες
3139 2034 3242 2086 υἱοὶ
3271 2034 3559 2103 Μανασσῆ,
3579 2035 3671 2087 καὶ

434 2128 528 2197 qui
568 2129 623 2184 in
659 2130 917 2186 Sichimis
958 2133 1143 2202 populi
1201 2131 1568 2201 principatum
1604 2143 1826 2190 tenuere
1851 2174 1867 2198 ,
1909 2135 2005 2190 ﬁlii

434 2217 722 2288 prraim;
752 2220 885 2291 quin
915 2221 1079 2275 etiam
1120 2229 1178 2275 ut
1235 2222 1272 2276 ii
1332 2223 1423 2292 qui
1474 2222 1529 2277 in
1560 2223 1674 2292 ipsa
1703 2222 2005 2279 Jerusalem

434 2310 736 2379 regnabant
786 2326 852 2365 ex
912 2311 1056 2366 tribu
1106 2309 1266 2377 Juda,
1303 2314 1407 2367 mei
1444 2321 1498 2370 et
1556 2330 1689 2369 meae
1739 2315 2004 2385 portionis

434 2403 592 2450 erant
637 2413 820 2468 reges;
860 2400 940 2454 sic
987 2400 1282 2470 aliquando
1329 2418 1460 2459 mea:
1485 2413 1647 2459 erunt
1689 2406 2005 2476 alienigenae

433 2494 645 2555 gentes.
691 2488 891 2546 Omnes
918 2506 1081 2561 porro
1126 2492 1458 2564 alienigenas
1484 2511 1581 2565 per
1604 2497 1763 2551 Moab
1788 2509 1837 2553 et
1881 2496 2005 2552 ldu-

2104 2124 2153 2175 οἱ
2201 2127 2256 2175 ἐν
2302 2125 2546 2194 Σικίμοις
2594 2124 2855 2195 ἄρξαντες
2905 2123 2998 2177 τοῦ
3036 2123 3165 2176 λαοῦ
3223 2124 3329 2175 υἱοὶ
3398 2124 3667 2195 Ἐφραῖμ·

2104 2214 2240 2267 ἀλλὰ
2291 2218 2384 2268 καὶ
2433 2215 2507 2279 ὡς
2557 2216 2614 2268 ἐν
2661 2216 2795 2286 αὐτῇ
2842 2219 2908 2286 τῇ
2946 2214 3299 2286 Ἰερουσαλὴμ
3335 2215 3383 2265 oi
3407 2216 3472 2266 ἐκ
3500 2214 3671 2283 φυλῆς

2118 2308 2285 2361 Ἰούδα
2308 2307 2722 2378 βασιλεύσαντες
2742 2304 2879 2379 ἦσαν
2904 2310 3046 2379 ἐμοὶ,
3062 2307 3153 2360 καὶ
3171 2307 3267 2377 τῆς
3290 2307 3429 2377 ἐμῆς
3458 2307 3670 2377 μερίδος

2105 2399 2341 2469 βασιλεῖς
2363 2416 2376 2429 ’
2405 2399 2576 2463 οὕτως
2614 2400 2764 2453 ἐσται
2804 2399 2932 2452 ποτέ
2992 2400 3099 2469 ἐμὰ
3145 2399 3238 2451 καὶ
3283 2400 3350 2451 τά
3381 2399 3487 2450 τῶν
3514 2396 3669 2451 ἀλλο-

2117 2476 2299 2560 φθλων
2345 2491 2492 2563 ἔθνη.
2546 2492 2709 2563 Δηλοί
2748 2493 2805 2545 δὲ
2851 2494 3057 2555 πάντας
3086 2491 3412 2559 ἀλλοφύλους
3451 2490 3535 2544 διά
3575 2489 3669 2544 τοῦ

434 2591 626 2632 ιηεεαω
656 2578 893 2645 indicat,
946 2581 1002 2636 in
1041 2582 1255 2640 duabus
1308 2585 1416 2640 illis
1453 2588 1705 2657 gentibus
1729 2627 1745 2651 ,
1803 2589 1996 2659 quibus

2109 2583 2287 2637 Μωὰϐ
2346 2584 2439 2637 καὶ
2511 2583 2602 2637 διὰ
2676 2584 2774 2654 τῆς
2841 2582 3159 2653 Ἰδουμαίας,
3206 2584 3269 2634 ἐκ
3324 2581 3416 2634 δύο
3467 2580 3670 2633 τούτων

436 2668 767 2738 prohibitum
798 2680 917 2727 erat
947 2673 1159 2744 ingredi
1197 2675 1254 2730 in
1276 2674 1571 2732 Ecclesiam
1607 2678 1719 2743 Dei,
1760 2682 1996 2751 reliquas

2106 2680 2280 2734 ἐθνῶν
2329 2680 2438 2734 τῶν
2474 2678 2933 2751 ἀπηγορευμένων
2982 2678 3202 2730 εἰσιέναι
3252 2678 3330 2739 εἰς
3386 2676 3482 2746 τὴν
3546 2676 3669 2727 Ἐκ-

434 2773 625 2815 omnes
674 2775 778 2815 una
836 2764 1174 2831 complexus.
1248 2763 1520 2834 Scriptum
1576 2783 1812 2838 namque
1871 2781 1995 2826 est:

2100 2770 2333 2843 κλησίαν
2385 2769 2477 2823 τοῦ
2538 2768 2673 2823 Θεοῦ
2725 2769 2819 2822 καὶ
2848 2768 2920 2821 τὰ
2941 2767 3100 2821 λοιπὰ
3139 2767 3313 2822 πάντα
3365 2764 3667 2836 παραδεξά-

440 2865 458 2898 ι
495 2848 817 2908 Ammonius
846 2860 899 2906 et
925 2851 1172 2907 Moabitae
1201 2868 1307 2907 non
1332 2853 1705 2923 ingrcdientur
1727 2856 1780 2911 in
1814 2858 1996 2912 Eccle-

2102 2881 2281 2937 μενος.
2312 2863 2622 2935 Γέγραπται
2651 2862 2811 2931 γοῦν
2846 2882 2865 2913 ι
2912 2862 3236 2931 Ἀμμανῖται
3268 2859 3358 2912 καὶ
3386 2858 3669 2912 Μωαϐῖται

435 2939 572 2993 siam
599 2934 831 3007 Domini,
871 2959 1042 3014 usque
1064 2944 1131 2999 ad
1163 2945 1374 3001 tertiam
1409 2953 1463 3001 et
1494 2955 1741 3017 quartam
1768 2964 1996 3019 genera-

2100 2934 2197 3013 οὐκ
2230 2934 2622 3011 εἰσελεύσονται
2660 2956 2740 3017 είς
2773 2952 3096 3025 Ἐκκλησίαν
3122 2953 3324 3024 Κυρίου
3354 2952 3457 3015 ἕως
3483 2951 3669 3021 τρίτης

434 3031 659 3102 tionem,
682 3043 736 3089 et
767 3052 939 3106 usque
980 3038 1034 3091 in
1081 3039 1339 3093 saeculum
1385 3040 1452 3094 “.
1483 3060 1503 3093 ›
1538 3040 1694 3096 Moab
1727 3056 1906 3098 autem
1946 3052 1996 3099 et

2101 3050 2196 3104 καὶ
2227 3048 2491 3118 τετάρτης
2530 3046 2742 3114 γενεᾶς,
2767 3044 2861 3098 καὶ
2884 3044 2987 3107 ’ἐως
3011 3044 3091 3107 είς
3115 3043 3203 3095 τὸν
3233 3042 3423 3095 αἰῶνα.
3454 3061 3471 3093 ι
3496 3041 3667 3095 Μωάϐ

432 3126 665 3182 Ammon
714 3126 807 3181 ﬁlii
851 3126 952 3182 Lot
989 3129 1170 3195 fuere,
1200 3146 1265 3185 ex
1301 3131 1569 3188 scelerata
1617 3133 1709 3187 illa
1766 3135 1998 3191 ﬁliarum

434 3228 658 3270 suarum
680 3215 1080 3281 commistione,
1111 3226 1273 3289 atque
1296 3238 1362 3278 ex
1389 3219 1725 3278 Sodomitico
1753 3228 1996 3284 semine:

433 3320 668 3376 quorum
704 3308 1133 3373 successionem,
1173 3309 1439 3369 Moabitas
1494 3315 1750 3370 nimirum
1784 3326 1837 3372 et
1866 3319 1998 3373 Am-

434 3396 690 3461 manitae,
725 3398 809 3453 lex
849 3398 1049 3471 Moysis
1080 3404 1350 3473 repudiat.
1382 3406 1451 3460 At
1497 3407 1580 3462 lex
1619 3423 1858 3478 praesens
1897 3411 1999 3481 ipsi

435 3489 593 3545 Moab
624 3490 990 3561 pulcherrima
1045 3498 1371 3563 annuntiat,
1402 3498 1632 3554 dicens:
1674 3519 1693 3553 ι
1734 3501 1890 3558 Moab
1918 3504 2000 3559 le-

436 3581 535 3637 bes
559 3583 673 3653 spei
707 3598 879 3652 mea};
926 3605 945 3637 ι
983 3588 1135 3643 alteri
1166 3605 1298 3645 vero
1324 3591 1470 3662 genti
1499 3591 1641 3648 Esau
1670 3602 1807 3649 ortae
1858 3595 2001 3650 bona

432 3674 741 3739 denuntiat,
765 3676 880 3731 haec
907 3677 1173 3747 adjiciens
1206 3699 1219 3735 :
1260 3699 1278 3733 ι
1309 3683 1369 3736 ιιι
1391 3681 1676 3739 Ιάυιηωοηι
1707 3686 1998 3742 extendam

434 3764 864 3822 caiceamentum
913 3787 1112 3827 meum.
1165 3792 1184 3825 ι
1232 3774 1465 3829 ldumaea
1514 3789 1679 3844 porro
1713 3777 1782 3831 ab
1829 3776 1999 3832 Edom

434 3871 632 3915 nomen
665 3862 877 3918 sortita.
908 3861 1008 3919 Hic
1038 3875 1156 3920 erat
1202 3866 1342 3922 Esau
1389 3867 1457 3922 de
1488 3884 1597 3938 quo
1634 3870 1839 3925 dictum
1870 3879 1955 3926 est
1983 3890 1995 3925 :

442 3969 460 4000 ι
496 3949 574 4007 Ne
622 3953 748 4023 quis
794 3956 1064 4021 mmcbus,
1102 3965 1195 4012 aut
1244 3959 1530 4028 profanus,
1567 3969 1625 4015 ut
1676 3961 1821 4017 Esau
1850 3963 1916 4018 ”.
1976 3962 1995 4013 ι

438 4041 718 4098 δεχεεηιαι
755 4060 972 4115 quoque
1009 4049 1127 4104 aliae
1179 4051 1477 4120 prophetiae
1508 4060 1699 4109 contra
1734 4054 2000 4112 Idumaeos

432 4142 487 4189 ct
534 4134 825 4193 ldumazam
885 4139 1151 4196 feruntur.
1206 4141 1313 4197 Sed
1367 4144 1435 4201 iis
1496 4160 1712 4216 quoque
1759 4162 1999 4217 praesens

431 4241 613 4282 sermo
656 4229 1021 4299 pulcherrima
1056 4234 1374 4300 annuntiat,
1414 4235 1629 4292 dicente
1680 4236 1824 4294 Deo:
1866 4259 1883 4291 ι
1938 4241 1998 4294 In

434 4322 717 4380 Idumaeam
746 4328 1029 4383 extendam
1053 4329 1474 4387 calceamentum
1514 4348 1713 4389 meum.
1748 4354 1766 4387 ι
1795 4334 1999 4392 Deinde

2099 3140 2155 3194 δὲ
2187 3140 2281 3192 καὶ⁵
2320 3138 2532 3209 Ἀμμάν
2592 3138 2877 3205 γεγόνασιν
2932 3136 3036 3188 υίοὶ
3090 3134 3212 3188 Λὼτ
3251 3136 3314 3186 ἐκ
3354 3136 3668 3205 παρανόμου

2103 3232 2301 3302 μίξεως
2331 3231 2440 3283 τῶν
2472 3229 2650 3284 αὐτοῦ·
2671 3227 3002 3299 θυγατέρων,
3036 3228 3099 3279 ἐκ
3117 3243 3175 3279 τε
3197 3226 3291 3278 τοῦ
3325 3222 3668 3295 Σοδομιτικοῦ

2102 3324 2412 3395 σπέρματος
2431 3341 2444 3354 ·
2478 3315 2553 3376 ῶν
2579 3322 2675 3393 τὴν
2705 3321 2974 3392 διαδοχὴν,
3002 3318 3295 3381 Μωαϐίτας
3324 3318 3417 3370 καὶ
3458 3320 3668 3386 Ἀμμα-

2098 3415 2269 3480 νίτας,
2302 3413 2639 3484 ἀποϐλήτους
2664 3416 2893 3465 ποιεῖται
2915 3414 2943 3465 ό
2967 3411 3239 3474 Μωῦσέως
3265 3411 3443 3480 νόμος.
3476 3410 3611 3461 Ἀλλ’
3639 3410 3669 3463 ό

2100 3505 2288 3577 παρὼν
2325 3506 2486 3576 νόμος
2516 3505 2593 3576 τῷ
2629 3507 2724 3576 μὲν
2744 3504 2917 3558 Μωάϐ
2951 3502 3359 3571 εὐαγγελίζεται
3409 3501 3667 3553 κάλλιστα

2097 3598 2295 3666 λέγων·
2330 3616 2347 3649 ι
2386 3596 2761 3665 Μωάϐ,λέϐης
2786 3595 2887 3665 τῆς
2916 3594 3127 3657 ἐλπίδος
3173 3610 3272 3663 μου
3294 3610 3310 3625 ο
3351 3613 3370 3645 ι
3409 3593 3577 3662 ἐτέρῳ
3606 3590 3666 3643 δέ

2098 3688 2239 3742 ἔθνει
2268 3687 2345 3759 τῷ
2372 3688 2478 3741 ἀπὸ
2502 3687 2595 3741 τοῦ
2634 3685 2802 3740 Ἡσαῦ
2832 3685 3101 3754 ύφεστῶτι
3132 3683 3199 3736 τά
3226 3682 3436 3755 χρηστά
3465 3680 3666 3753 σημαί-

2097 3798 2198 3846 νει,
2246 3780 2521 3852 ἐπιφέρων
2569 3779 2726 3850 ἐξῆςο
2766 3797 2784 3829 ι
2833 3778 2952 3831 Ἐπὶ
2992 3777 3091 3847 τήν
3134 3775 3436 3845 Ἰδουμαίαν
3465 3773 3667 3827 ἐκτενῶ

2096 3876 2156 3929 τὸ
2203 3873 2454 3945 ὑπόδημά
2489 3889 2609 3943 μου.
2642 3892 2661 3922 ι
2711 3870 2975 3941 Ἰδουμαία
3019 3868 3063 3923 δ’
3118 3867 3377 3937 ἐκέκλητο
3420 3866 3527 3919 ἀπὸ
3572 3864 3663 3918 τοῦ

2110 3964 2321 4035 Ἒδὼμ·
2357 3958 2509 4027 οὗτος
2537 3964 2594 4016 δέ
2621 3958 2690 4033 ἦν
2718 3965 2747 4015 ὁ
2780 3961 2946 4015 Ἠσαῦ
2976 3959 3103 4031 περὶ
3133 3952 3195 4011 οὗ
3215 3957 3459 4010 λέλεκται
3478 3972 3491 3984 ·
3521 3975 3539 4004 ι
3573 3957 3661 4023 Μή

2097 4072 2177 4118 τις
2204 4056 2422 4126 πόρνος,
2453 4053 2487 4121 ἢ
2533 4052 2777 4123 βέϐηλος,
2811 4052 2884 4115 ὡς
2920 4049 3111 4104 Ἡσαῦ.
3144 4069 3163 4101 ι
3196 4048 3399 4120 Μυρίαι
3426 4064 3485 4100 τε
3512 4045 3663 4099 ἄλλαι

2098 4148 2423 4218 προφητεῖαι
2457 4145 2598 4198 κατὰ
2617 4144 2725 4198 τῶν
2766 4145 3075 4215 Ἰδουμαίων
3104 4145 3196 4197 καὶ
3219 4142 3358 4197 κατὰ
3382 4142 3481 4212 τῆς
3518 4141 3664 4193 Ἰδουο

2100 4238 2264 4307 μαίας
2301 4237 2563 4308 εἴρηνται.
2612 4235 2745 4288 Ἀλλ’
2785 4237 2813 4288 ὁ
2846 4235 3034 4307 παρὼν
3079 4235 3236 4303 λόγος
3279 4232 3349 4287 τὰ
3404 4232 3664 4286 κάλλιστα

2098 4327 2192 4381 καὶ
2218 4326 2425 4391 τούτοις
2452 4326 2879 4396 εὐαγγελίζεται,
2904 4327 3149 4395 λέγοντος
3176 4326 3267 4379 τοῦ
3298 4324 3455 4379 Θεοῦο
3488 4343 3506 4374 ι
3543 4325 3663 4377 Ἐπὶ

431 4432 559 4471 vero
589 4417 655 4472 de
688 4419 914 4489 reliquis
952 4420 1202 4491 gentibus
1244 4422 1721 4480 indiscriminatim
1766 4428 1995 4497 subjun-

2100 4420 2194 4489 τὴν
2241 4419 2540 4491 Ἰδουμαίαν
2566 4420 2768 4474 ἐκτενῶ
2801 4420 2861 4474 τὸ
2896 4420 3145 4491 ὑπόδημα
3180 4438 3300 4491 μου.
3339 4439 3358 4470 ι
3390 4415 3501 4471 Εἴθ’
3538 4417 3661 4487 ἐξῆς

431 4511 544 4577 git:
584 4529 603 4560 ι
636 4510 766 4567 Mihi
790 4513 1107 4585 alienigenae
1132 4516 1332 4572 subditi
1361 4528 1509 4581 sunt,
1545 4536 1566 4571 ι
1600 4519 1735 4582 sive,
1776 4538 1795 4572 ι
1834 4521 1996 4576 amici

432 4603 558 4656 tacti
590 4612 737 4660 sunt.
772 4624 792 4657 ι
828 4605 986 4662 Moab
1004 4624 1134 4664 vero
1167 4609 1395 4666 lebetem
1424 4611 1539 4681 spei
1560 4627 1673 4666 sua:
1702 4620 1880 4678 vocat,
1900 4628 1995 4669 seu

431 4696 655 4753 lebetem
681 4696 883 4752 lavacri
922 4701 1027 4763 sui,
1062 4707 1157 4755 aut
1196 4702 1508 4759 securitatis
1558 4719 1691 4767 suae,
1722 4704 1849 4774 quia
1888 4706 1996 4761 alio

429 4785 593 4841 modo
624 4802 734 4842 non
765 4788 973 4845 licitum
1001 4793 1103 4862 ipsi
1151 4793 1363 4860 fuisset,
1402 4805 1586 4868 utpote
1625 4798 1795 4854 semel
1827 4814 1993 4869 repu-

427 4875 598 4942 diato,
640 4877 696 4931 in
746 4877 1045 4937 Ecclesiam
1073 4882 1165 4939 Dei
1195 4886 1514 4951 concedere,
1547 4888 1652 4944 nisi
1696 4903 1792 4958 per
1838 4889 1991 4943 lava-

426 4982 581 5021 crum
614 4970 1067 5037 regenerationis.
1108 4974 1296 5046 ltaque
1328 4993 1428 5033 ceu
1468 4977 1524 5032 in
1557 4978 1736 5035 lebete
1772 4979 1995 5037 ablutus

427 5066 481 5112 et
515 5066 776 5129 purgatus
805 5074 835 5113 a
870 5062 1105 5131 pristina
1162 5066 1460 5137 impietate,
1505 5071 1679 5140 gratia
1717 5071 1955 5127 donatur
1977 5114 1993 5138 ,

426 5159 589 5220 atque
621 5152 694 5205 ita
745 5154 1097 5211 securitatem
1136 5156 1366 5213 obtinet.
1399 5160 1462 5215 Et
1496 5162 1610 5217 haec
1637 5178 1803 5234 opere
1845 5178 1994 5219 com-

422 5238 569 5310 pleta
599 5241 725 5299 licet
758 5243 892 5314 ipsis
920 5247 1095 5303 oculis
1126 5249 1405 5320 percipere
1448 5253 1516 5307 iis
1541 5253 1634 5322 qui
1669 5253 1722 5309 in
1750 5253 1989 5309 Arabum

422 5334 645 5403 regione
700 5339 1145 5409 peregrinantur,
1205 5357 1353 5397 cum-
1379 5344 1601 5399 videant
1646 5346 1912 5403 Moabitas
1940 5356 1993 5403 et

422 5424 762 5488 Ammonitas
788 5470 803 5491 .
855 5432 947 5500 qui
982 5447 1149 5501 penes
1182 5434 1303 5489 illos
1336 5449 1531 5500 magno
1559 5452 1792 5492 numero
1823 5446 1989 5502 sunt,

423 5512 699 5577 Ecclesiae
744 5522 839 5578 Dei
895 5524 1143 5593 implere.
1213 5524 1621 5597 Similiterque,
1678 5548 1697 5580 ι
1760 5530 1819 5586 In
1866 5531 1991 5586 ldu-

424 5622 476 5662 m
528 5625 651 5678 am,
687 5614 897 5687 inquit,
945 5618 1311 5674 conscendam
1363 5622 1731 5678 calceamento
1768 5640 1918 5689 meo,
1959 5644 1977 5677 ι

513 5721 556 5752 ³⁵
600 5724 756 5779 Dent.
796 5740 965 5789 mn,
1004 5726 1057 5779 3.
1137 5729 1181 5759 ’³
1228 5726 1387 5781 Hebr.
1429 5746 1533 5794 λιι,
1577 5731 1657 5784 l6.

2098 4515 2192 4567 καὶ
2257 4515 2383 4585 περὶ
2434 4512 2542 4566 τῶν
2588 4513 2787 4567 λοιπῶν
2835 4513 3002 4566 ἐθνῶν
3030 4514 3343 4584 ἀδιορίστως
3389 4510 3659 4578 ἐπιλέγειο

2105 4625 2123 4657 ι
2173 4606 2325 4676 Ἐμοὶ
2381 4606 2667 4675 ἀλλόφυλοι
2719 4605 3089 4674 ὑπετάγησαν,
3116 4624 3134 4655 ι
3172 4604 3206 4674 ἢ
3237 4626 3255 4652 ι
3294 4602 3592 4671 ὲφιλίασαν.
3636 4618 3656 4652 ι

2097 4696 2314 4767 Λέϐητα
2358 4695 2416 4749 δέ
2453 4697 2545 4751 τὸν
2588 4696 2762 4751 Μωὰϐ
2789 4696 2888 4766 τῆς
2926 4694 3118 4749 ἐαυτοῦ
3161 4693 3373 4756 ἐλπίδος
3428 4691 3657 4761 καλεῖ,ῆ

2096 4788 2295 4862 λέϐητα
2325 4788 2420 4842 τοῦ
2452 4789 2676 4862 λουτροῦ
2726 4786 2940 4851 ἐαυτοῦ,
2969 4787 3002 4857 ἢ
3034 4787 3133 4855 τῆς
3165 4784 3495 4857 ἀμεριμνίας
3533 4784 3659 4835 ἐαυ-

2096 4882 2223 4938 τοῦο
2258 4882 2444 4953 ἐπειδὴ
2469 4881 2775 4944 οὐκάλλως
2825 4879 2951 4951 ἐξῆν
2988 4877 3153 4948 αύτῷ,
3188 4876 3335 4942 ἅπαξ
3377 4874 3662 4943 ἀποϐλήτῳ

2098 4974 2394 5046 γενομένῳ,
2438 4978 2517 5039 είς
2559 4975 2657 5046 τὴν
2718 4972 3040 5043 Ἐκκλησίαν
3070 4970 3166 5024 τοῦ
3198 4968 3332 5023 Θεοῦ
3386 4966 3662 5039 παραϐάλ-

2096 5066 2229 5131 λειν,
2261 5067 2334 5138 μὴ
2362 5066 2483 5138 οὐχὶ
2507 5066 2594 5120 διὰ
2619 5065 2841 5137 λουτροῦ
2872 5061 3307 5131 παλιγγενεσίας.
3337 5062 3545 5131 Ὥσπερ
3570 5054 3659 5112 οῦν

2095 5160 2281 5231 λέϐητι
2316 5148 2753 5231 ἀπολουσάμενος
2789 5160 2882 5213 καὶ
2920 5155 3324 5227 ἀποκαθαρθεὶς
3350 5154 3452 5223 τῆς
3470 5152 3659 5223 προτέ-

2099 5270 2200 5324 ρας
2227 5252 2561 5315 δυσσεϐείας,
2595 5248 2939 5315 καταξιοῦται
2967 5251 3066 5319 τῆς
3102 5249 3341 5319 χάριτος,
3372 5245 3466 5299 καὶ
3490 5242 3660 5305 οὕτως

2095 5345 2422 5416 ἀμεριμνίας
2444 5344 2719 5414 τυγχάνει.
2756 5344 2864 5395 Καὶ
2894 5341 3068 5395 ταῦτα
3105 5340 3169 5393 δι’
3196 5340 3369 5410 ἔργων
3412 5351 3655 5405 κεχωρη-

2094 5440 2228 5490 κότα
2248 5436 2508 5507 πάρεστιν
2526 5435 2818 5504 ὀφθαλμοῖς
2834 5433 3188 5504 παραλαϐεῖν,
3208 5434 3274 5502 τῇ
3294 5430 3401 5482 τῶν
3419 5425 3658 5497 Ἀράϐων

2094 5531 2535 5601 ἐπιδημήσαντας
2574 5529 2746 5600 χώρᾳ,
2789 5526 3092 5596 θεωμένους
3133 5542 3193 5576 τε
3225 5524 3349 5583 τοὺς
3386 5519 3513 5590 παρ’
3556 5517 3656 5569 αὑ-

2093 5630 2206 5689 τοῖς
2238 5625 2605 5697 πληθύνοντας
2646 5622 2827 5684 λαοὺς,
2867 5620 3158 5683 Μωαϐίτας
3188 5621 3279 5672 καὶ
3321 5612 3657 5688 ’Λμμανίτας
