4100 6524
409 249 518 312 509

1541 255 2051 316 COMMENTARIA
2084 260 2150 316 IN
2181 261 2520 322 PSALMOS.

3539 273 3645 329 570

408 373 746 445 πληροῦντας
767 372 865 437 τάς
914 372 1236 444 Ἐκκλησίας
1255 374 1352 428 τοῦ
1401 375 1557 429 Θεοῦ.
1602 377 1873 441 Ὡσαύτως
1924 378 1967 432 δὲ

2083 382 2384 438 secundum
2418 382 2827 454 Symmacnum.
2877 381 3048 452 Quam
3079 389 3205 442 item
3238 389 3643 457 praadictiouem

410 465 524 529 καὶ,
562 486 580 513 ‹
638 465 760 518 Ἐπὶ
788 465 1092 537 Ἰδουμαίαν
1125 468 1478 538 ἐπιῆήσομαι,
1523 472 1691 539 φησι,
1738 470 1816 540 τῷ
1850 471 1981 523 ὑπο-

407 555 608 628 δήματί
653 574 775 627 μου,
817 576 835 607 ι
867 557 1009 611 κατά
1053 558 1144 611 τὸν
1197 558 1510 630 Σύμμαχον.
1566 561 1676 613 Καὶ
1703 561 1979 632 ταύτηνδέ

406 648 504 719 την
552 648 854 720 πρόρρησιν
893 649 1045 703 οὐδὲν
1088 650 1153 704 ἂν
1189 651 1274 723 εἴη
1308 651 1567 722 δυσχερὲς
1606 652 1752 717 ίδεῖν,
1783 656 1849 723 τῇ
1872 654 1980 706 τῶν

419 740 730 813 Ἰδουμαίων
758 744 1086 805 ἐπιστάντας
1108 742 1261 813 χώρᾳ
1302 744 1397 796 καὶ⁵
1427 743 1495 796 τὰ
1533 743 1707 816 πλήθη
1737 745 1843 797 τῶν
1880 745 1976 798 αὐ-

402 833 519 886 τόθι
548 833 883 903 Ἐκκλησιῶν
910 833 1003 887 τοῦ
1030 833 1166 886 Θεοῦ
1192 834 1313 903 ὄψει
1330 835 1741 906 παραλαῦόντας
1760 853 1775 867 ·
1792 836 1867 900 ὡς
1905 837 1979 907 μὴ

401 925 628 996 ὀκνῆσαί
651 942 771 979 τινα
802 925 1017 997 ἀληθῶς
1051 925 1304 979 ἐπίὸασιν
1335 928 1617 995 γεγονέναι
1650 929 1763 989 τοῖς
1794 927 1979 990 τόποις

400 1016 628 1080 ἐκείνοις
653 1017 1006 1087 ὁμολογῆσαι.
1029 1018 1127 1070 Διά
1151 1017 1214 1089 δὴ
1242 1018 1413 1071 ταῦτα
1448 1019 1704 1090 ἀνωτέρω
1731 1018 1975 1087 ἐλέγετοο

405 1130 425 1159 ι
487 1110 545 1163 Ὀ
583 1108 716 1173 Θεὸς
755 1109 1016 1180 ἐλάλησεν
1048 1112 1106 1163 ἐν
1132 1110 1211 1181 τῷ
1244 1111 1382 1181 ἁγίῳ
1407 1110 1593 1164 αὐτοῦ’
1632 1110 1979 1179 ’Δγαλλιάσο-

401 1218 518 1271 μαι.
568 1220 588 1255 ι
615 1201 823 1255 Μέλλον
861 1201 970 1273 γὰρ
1004 1204 1114 1255 πᾶν
1144 1203 1206 1255 τὸ
1238 1202 1344 1255 τῶν
1377 1202 1679 1275 ἀνθρώπων
1706 1202 1863 1271 γένος
1887 1202 1979 1255 ἐπὶ

399 1292 644 1363 σωτηρίᾳ
690 1292 1096 1359 ἀνακαλεῖσθαι,
1130 1294 1444 1365 πρεπόντως
1486 1294 1649 1348 αὑτοῦ
1678 1298 1744 1365 τῇ
1788 1294 1977 1364 φιλαν-

397 1384 636 1455 θρωπία,
665 1386 946 1456 συνέχαιρε
977 1389 1045 1457 τῇ
1074 1386 1181 1439 τῶν
1218 1385 1538 1456 σωζομένων
1570 1387 1832 1458 σωτηρίᾳ.
1868 1387 1977 1440 Καὶ

396 1477 571 1541 ἄλλως
596 1478 651 1531 δὲ
678 1480 927 1550 ὑπόδημα
953 1480 1118 1533 αὐτοῦ
1145 1481 1243 1534 οὐκ
1273 1480 1338 1534 ἂν
1372 1481 1635 1551 ἁμάρτοις
1658 1480 1830 1549 λέγων
1850 1484 1977 1545 τοὺς

394 1570 745 1633 ἀποστόλους,
780 1571 812 1641 ἢ
846 1573 971 1635 τοὺς
1002 1573 1079 1635 εἰς
1120 1571 1198 1624 ἐτι
1226 1571 1386 1640 δεῦρο
1413 1570 1491 1641 τῷ
1521 1573 1648 1641 περὶ
1682 1571 1847 1625 αὐτοῦ
1876 1590 1975 1643 κη-

398 1659 632 1730 ρύγματι
663 1660 1127 1731 διακονουμένους.
1161 1660 1345 1714 Ταῦτα
1377 1661 1440 1731 δὴ
1457 1657 1549 1714 οῦν
1579 1661 1757 1715 πάντα
1787 1663 1973 1733 είργά-

2083 475 2137 528 in
2158 482 2413 546 promptu
2439 483 2523 531 est
2539 477 2861 547 completam
2887 477 3069 532 videre
3095 477 3161 531 iis
3177 478 3268 547 qui
3289 478 3340 531 in
3360 475 3645 532 Idumaeam

2080 566 2408 631 concedunt,
2445 578 2500 623 et
2554 568 2954 623 multitudinem
3008 568 3373 623 Ecclesiarum
3432 568 3527 623 Dei
3571 570 3645 622 ibi

2080 658 2459 728 conspiciunt;
2493 668 2551 714 ut
2576 669 2864 717 cunctetur
2902 675 3061 715 nemo
3098 660 3344 715 conﬁteri
3370 701 3385 726 ,
3417 677 3542 716 vere
3590 662 3645 715 in

2079 748 2197 803 loca
2222 749 2312 803 illa
2338 765 2699 806 conscensum
2731 750 2935 807 factum
2962 766 3104 806 esse.
3160 749 3453 820 Propterea
3484 766 3648 819 supe-

2079 840 2197 893 rius
2230 838 2438 894 dictum
2466 850 2549 896 est
2576 860 2587 895 :
2614 860 2632 893 ι
2672 840 2812 897 Deus
2844 842 3057 897 locutus
3084 849 3168 897 est
3202 844 3256 895 in
3288 850 3479 897 sancto
3509 859 3640 897 suo:

2078 929 2397 988 Exsultabo.
2431 953 2451 984 ι
2476 932 2611 988 Nam
2632 950 2754 989 cum
2795 935 3091 989 humanum
3120 949 3292 1005 genus
3333 934 3644 989 universum
3740 1004 3743 1005 ν

2078 1022 2144 1075 ad
2175 1023 2406 1079 salutem
2441 1024 2802 1078 revocandum
2821 1033 2988 1089 esset,
3020 1032 3079 1078 ut
3099 1025 3219 1092 ejus
3244 1038 3370 1094 erga
3396 1024 3648 1076 homines

2077 1124 2320 1167 amorem
2348 1113 2613 1177 decebat,
2666 1114 2897 1168 salutem
2934 1114 3112 1168 nactis
3146 1114 3470 1184 gratulatur.
3525 1112 3644 1165 Alia

2076 1215 2256 1260 autem
2284 1204 2497 1259 ratione
2522 1204 2655 1259 nihil
2683 1205 2907 1260 aberres
2936 1206 2980 1259 si
3019 1203 3191 1267 dicas,
3217 1206 3642 1257 calceamentmn

2074 1295 2195 1364 ejus
2227 1294 2397 1349 fuisse
2421 1294 2720 1364 apostolos,
2745 1295 2858 1349 sive
2887 1295 3047 1348 etiam
3080 1296 3199 1363 ejus
3221 1296 3287 1348 ad
3312 1294 3449 1347 hanc
3473 1309 3645 1362 usque

2074 1386 2217 1441 diem
2253 1386 2661 1455 pradicationis
2722 1386 3028 1442 ministros.
3067 1385 3192 1440 Haec
3234 1386 3415 1455 itaque
3462 1386 3644 1441 omnia

2073 1491 2327 1549 operatus
2358 1489 2442 1536 est
2475 1479 2615 1535 Deus
2641 1519 2657 1544 ,
2718 1480 2936 1549 quando
2991 1480 3045 1533 in
3102 1480 3399 1534 novissimo
3433 1478 3642 1533 dierum

2075 1572 2290 1627 locutus
2332 1581 2418 1627 est
2451 1573 2607 1627 nobis
2645 1572 2696 1625 in
2730 1570 2931 1625 Sancto
2966 1586 3086 1626 suo.
3126 1570 3437 1625 Secundum
3481 1571 3643 1623 aliam

2075 1680 2203 1719 vero
2235 1665 2672 1734 explicationem,
2718 1665 2934 1718 loeutus
2972 1664 3111 1719 Deus
3160 1665 3212 1716 in
3270 1663 3473 1717 Sancto
3511 1677 3639 1724 suo,

393 1766 527 1803 σατο
573 1753 602 1804 6
633 1751 785 1815 Θεὸς,
827 1753 915 1806 ὅτε
960 1754 1046 1806 ἐπ’
1087 1752 1300 1823 ἐσχάτῳ
1328 1753 1436 1805 τῶν
1464 1754 1687 1824 ἡμερῶν
1712 1753 1967 1825 ἐλάλησεν

2074 1771 2266 1811 omnes
2313 1758 2536 1811 omnino
2585 1754 2803 1810 Judaaos
2852 1766 2903 1810 et
2937 1754 3156 1810 Graecos
3188 1794 3203 1818 ,
3261 1755 3502 1823 aliasque
3550 1770 3644 1823 per

391 1840 523 1911 ἡμῖν
555 1844 613 1895 ἐν
639 1842 717 1913 τῷ
754 1843 892 1914 ἀγίῳ
920 1842 1106 1897 αὐτοῦ.
1146 1842 1283 1896 Καθ’
1315 1842 1505 1913 ἑτέραν
1526 1843 1581 1895 δὲ
1616 1843 1841 1915 ἐκδοχὴν
1876 1845 1973 1897 λα-

387 1930 562 2001 λήσας
590 1936 620 1987 6
660 1934 791 1997 Θεὸς
817 1936 875 1987 ἐν
904 1935 982 2004 τῷ
1008 1935 1147 2004 ἀγίῳ
1174 1934 1363 1997 αὐτοῦ,
1396 1935 1604 1998 πάντας
1638 1935 1973 2000 ἁπαξαπλῶς

400 2022 690 2089 Ἰουδαίους
711 2043 771 2079 τε
796 2027 892 2080 καὶ
907 2026 1196 2097 Ἕλληνας,
1220 2026 1290 2079 τά
1303 2043 1361 2079 τε
1383 2026 1505 2079 καθ’
1526 2026 1653 2097 ὅλης
1673 2027 1773 2097 τῆς
1797 2029 1973 2081 οίκουο

387 2112 563 2186 μένης
608 2115 733 2186 ἔθνη
767 2120 848 2181 είς
889 2117 988 2188 τὴν
1022 2118 1218 2171 ἐαυτοῦ
1268 2121 1425 2189 χάριν
1463 2120 1849 2174 ἀνεκαλέσατο·
1891 2122 1971 2175 διὸ

382 2206 484 2257 καὶ
504 2206 602 2277 τὴν
633 2209 833 2280 Σίκιμα
851 2211 943 2263 καὶ
976 2211 1067 2263 τὸν
1092 2210 1305 2263 Γαλαὰδ
1327 2210 1425 2282 (1),
1444 2212 1536 2263 καὶ
1560 2212 1651 2264 τὸν
1673 2213 1971 2282 Μανασσῆν

384 2297 601 2351 καὶτὸν
638 2297 875 2371 Ἐφραῖμ
903 2302 997 2355 καὶ
1029 2302 1119 2355 τὸν
1165 2301 1366 2354 Ἰούδαν
1408 2304 1501 2355 καὶ
1543 2304 1635 2357 τὸν
1666 2304 1842 2356 Μωάϐ
1876 2306 1969 2358 καὶ

384 2390 487 2459 τὴν
533 2390 833 2460 Ἰδουμαίαν
887 2393 981 2446 καὶ
1016 2396 1143 2457 τοὺς
1190 2394 1520 2463 ἀλλοφύλους
1561 2396 1809 2461 ἅπαντας
1842 2415 1971 2452 κατ-

385 2476 750 2550 ηριθμήσατο,
783 2478 843 2544 ἐξ
873 2480 986 2534 ίσου
1020 2481 1117 2552 τῆς
1147 2482 1338 2553 ὁμοίας
1362 2482 1605 2554 κλήσεως
1627 2485 1967 2553 καταξιώσας

383 2570 533 2625 ἅπαν
563 2571 625 2624 τὸ
656 2572 763 2624 τῶν
792 2571 1092 2645 ἀνθρώπων
1123 2572 1279 2640 γένος
1301 2589 1314 2602 '
1348 2573 1485 2646 πλὴν
1533 2575 1668 2628 ἀλλά
1719 2577 1967 2648 πρώτους

381 2664 511 2726 τοὺς
530 2662 637 2715 ἀπὸ
666 2662 761 2716 τοῦ
802 2663 1015 2734 Ἰσραὴλ
1054 2664 1228 2718 καλεῖ.
1273 2663 1467 2735 Ἐχρῆν
1496 2664 1605 2737 γὰρ
1630 2665 1697 2719 τά
1720 2670 1965 2738 πρωτεῖα

383 2755 480 2808 καὶ
509 2754 607 2817 τάς
632 2756 886 2826 ἀπαρχὰς
914 2753 1008 2807 τοῦ
1042 2755 1396 2825 εύαγγελικοῦ
1424 2758 1778 2828 κηρύγματος
1812 2759 1964 2831 πρώ-

382 2861 496 2909 τοις
526 2846 705 2910 αύτοίς
731 2847 1023 2916 ἀπονεῖμαι
1047 2845 1134 2899 διά
1162 2845 1257 2911 τὰς
1282 2848 1416 2918 πρὸς
1441 2850 1566 2913 τοὺς
1592 2848 1770 2902 αὐτῶν
1797 2852 1966 2905 πατέ-

384 2953 488 3007 ρας
540 2938 895 3007 ἐπαγγελίας,
932 2938 998 2991 δι’
1048 2938 1115 3002 ἀς
1148 2942 1244 2994 καὶ
1268 2941 1427 3004 αὐτὸς
1455 2942 1484 2993 6
1514 2939 1703 3012 Σωτὴρ
1728 2942 1965 3012 πρώτοις

379 3031 564 3128 αὐτοῖς
590 3120 614 3128 -
641 3031 1025 3103 εὐηγγελίζετο
1095 3034 1503 3105 μαρτυρόμενος
1584 3036 1680 3087 καὶ
1751 3034 1925 3103 λέγων
1947 3053 1958 3065 ·
1990 3067 2035 3128 C

385 3141 405 3172 ι
445 3121 561 3177 Ούκ
587 3120 750 3194 ἦλθον
785 3126 834 3177 εί
871 3123 946 3195 μὴ
994 3125 1074 3188 είς
1122 3125 1190 3179 τά
1235 3126 1483 3197 πρόϐατα
1530 3125 1597 3179 τὰ
1647 3125 1963 3180 ἀπολωλότα

377 3212 530 3267 οἴκου
560 3215 795 3287 Ἰσραήλ.
813 3235 831 3266 i
865 3216 975 3270 Kal.
997 3219 1110 3279 τοῖς
1131 3217 1451 3284 ἀποστόλοις
1465 3217 1522 3271 δὲ
1545 3218 1707 3272 αὑτοῦ
1726 3216 1961 3289 πρώτοις

378 3306 563 3369 αὐτοῖς
608 3306 903 3377 κηρύσσειν
949 3306 1009 3359 τὸ
1067 3308 1396 3377 Εὑαγγέλιον
1438 3311 1668 3383 παρῄνει
1706 3313 1956 3381 φάσκων·

382 3416 402 3447 ι
438 3398 531 3460 Et;
555 3397 673 3451 όδὸν
698 3397 868 3453 ἐθνῶν
893 3399 967 3470 μὴ
995 3398 1284 3471 ἀπέλθητε,
1320 3401 1415 3455 καὶ
1444 3403 1523 3466 εἱς
1569 3403 1720 3456 πόλιν
1776 3406 1961 3475 Σαμα-

380 3488 578 3559 ρειτῶν
612 3490 689 3560 μὴ
742 3490 1019 3562 εἰσέλθητε
1042 3509 1055 3522 ο
1087 3493 1382 3565 πορεύεσθε
1416 3493 1472 3547 δὲ
1500 3494 1698 3564 μᾶλλον
1729 3496 1864 3568 πρὸς
1890 3496 1959 3551 τά

377 3580 625 3651 πρόϐατα
652 3582 720 3635 τά
753 3581 1069 3636 ἀπολωλότα
1094 3583 1242 3637 οἴκου
1306 3583 1540 3657 Ἰσραήλ.
1586 3607 1604 3638 ι
1650 3583 1781 3640 Εἶτα
1841 3589 1957 3659 μετ’

373 3673 617 3736 ἐκείνους
659 3673 987 3744 προσέταττε
1033 3678 1143 3739 τοῖς
1187 3675 1380 3730 ἐαυτοῦ
1427 3677 1697 3749 μαθηταῖς
1729 3680 1961 3749 εὐαγγε-

373 3764 619 3829 λίζεσθαι
652 3766 832 3819 πάντα
858 3764 927 3819 τὰ
952 3765 1079 3839 ἔθνη
1107 3770 1165 3820 ὲν
1201 3767 1281 3838 τῷ
1310 3768 1533 3839 ὀνόματι
1556 3769 1740 3823 αύτοῦ;
1773 3770 1959 3837 Οὕτως

373 3853 474 3911 οῦν
494 3858 587 3911 καὶ
617 3858 710 3911 ἐπὶ
734 3858 828 3911 τοῦ
859 3859 1125 3930 παρόντος
1153 3860 1181 3912 6
1212 3859 1319 3913 τῶν
1348 3860 1482 3914 ὅλων
1507 3861 1638 3926 Θεὸς
1658 3863 1960 3934 ἐνοικήσειν

375 3952 436 4003 ἐν
465 3948 543 4021 τῷ
578 3950 718 4021 ἁγίῳ
746 3950 936 4015 αὐτοῦ,
969 3953 1026 4004 ἐν
1045 3951 1194 4022 αὐτῷ
1226 3970 1285 4006 τε
1312 3952 1407 4006 καὶ
1434 3953 1499 4006 δι’
1522 3954 1685 4008 αὑτοῦ
1708 3953 1959 4026 λαλήσειν

376 4041 692 4113 ἀνθρώποις
752 4042 1098 4107 θεσπίζεται’
1156 4047 1250 4098 καὶ
1294 4045 1370 4109 ώς
1416 4046 1549 4116 ὁμοῦ
1586 4048 1680 4100 καὶ
1725 4030 1865 4101 κατά
1898 4048 1959 4101 τὸ

372 4133 509 4185 αύτὸ
536 4133 626 4187 τὸν
670 4133 910 4207 Ἐφραίμ
935 4135 1030 4188 καὶ
1059 4135 1149 4189 τὸν
1186 4136 1485 4207 Μανασσῆν
1512 4138 1605 4191 καὶ
1633 4138 1723 4191 τὸν
1762 4138 1958 4192 Ἰούδαν

372 4225 702 4292 εἰσδέξεται·
765 4227 815 4279 οἳ
874 4227 1040 4279 παλαι
1096 4227 1193 4297 μὲν
1239 4223 1379 4299 ἦσαν
1437 4228 1741 4293 διεστῶτες,
1790 4230 1879 4282 ὅτε
1928 4232 1956 4283 ό

374 4318 480 4389 μὲν
514 4317 714 4382 Ἰούδας
743 4318 1055 4372 ἐϐασίλευεν
1079 4320 1136 4372 ἐν
1170 4319 1541 4391 Ἰερουσαλὴμ,
1560 4322 1587 4373 6
1610 4320 1665 4372 δὲ
1697 4320 1952 4393 Ἐφραίμ,

2077 1842 2388 1897 universum
2412 1843 2601 1896 orbem
2633 1852 2821 1914 gentes
2861 1843 2927 1896 ad
2964 1844 3192 1913 gratiam
3227 1858 3380 1897 suam
3419 1859 3642 1896 revoca-

2074 1934 2170 1985 vit.
2211 1918 2394 1999 Quare
2425 1931 2689 1995 Sichima,
2720 1932 2943 2000 Galaad,
2976 1933 3261 1988 Manassen
3287 1974 3301 1998 ,
3349 1931 3603 2002 Ephraim
3624 1971 3639 1995 ,

2070 2027 2303 2093 Judam,
2343 2028 2536 2091 Moab,
2590 2028 2879 2083 ldumaaam
2907 2068 2923 2094 ,
2974 2036 3027 2083 et
3081 2028 3411 2097 alienigenas
3454 2042 3642 2080 omnes

2071 2120 2428 2183 enumeravit,
2446 2120 2612 2174 simili
2646 2119 2928 2174 vocatione
2957 2126 3127 2173 totum
3152 2134 3321 2189 genus
3345 2119 3639 2171 humanum

2070 2227 2221 2280 atque
2244 2211 2498 2281 dignatus
2523 2230 2537 2278 ;
2575 2211 2670 2267 sed
2702 2213 2912 2281 priores
2939 2214 3028 2282 qui
3056 2227 3119 2266 ex
3145 2211 3310 2266 lsrael
3344 2218 3499 2263 erant
3530 2224 3643 2268 me-

2070 2303 2321 2357 moravit.
2362 2301 2615 2372 Oportuit
2654 2304 2801 2357 enim
2839 2302 3108 2373 primitias
3133 2300 3455 2370 evangelica:
3505 2314 3642 2369 pta:-

2068 2394 2360 2449 dicationis
2390 2394 2524 2464 ipsis
2553 2394 2831 2463 impertire
2854 2432 2870 2457 ,
2922 2393 2993 2449 ob
3050 2392 3442 2463 promissiones
3473 2390 3643 2460 patri-

2067 2484 2169 2540 hus
2200 2499 2388 2539 eorum
2427 2483 2633 2547 factas,
2698 2500 2930 2554 quarum
2989 2498 3154 2538 causa
3205 2482 3452 2537 Salvator
3508 2480 3643 2550 ipsis

2066 2576 2345 2647 prioribus
2387 2575 2737 2647 Evangelium
2770 2574 3116 2644 praedicabat,
3146 2575 3259 2628 haec
3286 2572 3639 2628 testiﬁcatus:

2071 2684 2089 2717 ι
2101 2665 2220 2720 Non
2236 2666 2357 2721 veni
2374 2665 2477 2720 nisi
2496 2667 2561 2720 ad
2576 2681 2704 2719 oves
2721 2680 2839 2735 quae
2857 2664 3132 2735 perierunt
3149 2665 3344 2718 domus
3359 2663 3520 2716 Israel
3537 2662 3603 2714 ".
3617 2681 3637 2715 ι

2064 2756 2346 2827 Apostolis
2378 2772 2596 2827 quoque
2624 2758 2741 2812 suis
2764 2757 3131 2826 praecipiebat,
3150 2764 3207 2808 ut
3245 2754 3379 2823 ipsis
3406 2755 3641 2825 primum

2067 2847 2418 2918 Evangelium
2442 2846 2800 2916 prazdicarent
2832 2847 3021 2900 dicens
3048 2864 3059 2899 :
3098 2864 3117 2898 ι
3149 2843 3206 2898 ln
3229 2846 3372 2899 viam
3400 2845 3640 2915 gentium

2066 2954 2136 2992 ne
2167 2937 2436 3002 ahieritis,
2473 2946 2526 2992 et
2565 2937 2621 2991 in
2652 2938 2925 2991 civitatem
2955 2935 3425 2994 Samaritanorum
3460 2952 3526 2989 nc
3560 2936 3643 2988 in-

2066 3030 2381 3097 traveritis;
2413 3030 2599 3086 sedile
2627 3029 2810 3099 potius
2826 3030 2893 3083 ad
2914 3044 3064 3091 oves,
3082 3044 3203 3097 qua:
3226 3028 3525 3097 perierunt,
3545 3025 3644 3081 do-

2068 3139 2191 3179 mus
2208 3122 2451 3179 Israel".
2480 3141 2497 3173 ι
2518 3120 2828 3177 Secundum
2851 3121 2972 3174 illos
2984 3128 3162 3174 autem
3177 3118 3641 3189 jubetdiscipulos

2066 3230 2197 3272 suos
2229 3213 2581 3284 Evangelium
2627 3212 2924 3285 praedicare
2976 3212 3230 3267 omnibus
3290 3212 3543 3282 gentibus
3587 3210 3641 3264 in

2063 3305 2284 3360 nomine
2311 3320 2432 3359 suo.
2462 3303 2553 3359 Sic
2578 3320 2707 3374 ergo
2725 3304 2778 3357 in
2814 3303 3067 3374 praasenti
3091 3303 3472 3358 universorum
3499 3300 3643 3357 Deus

2064 3396 2119 3449 in
2154 3394 2356 3450 Sancto
2376 3411 2476 3451 suo
2510 3395 2879 3450 habitaturum
2912 3410 2992 3462 se,
3025 3403 3187 3464 atque
3216 3394 3270 3447 in
3306 3393 3424 3464 ipso
3464 3404 3516 3448 et
3546 3408 3593 3462 ρ(
3616 3408 3643 3446 r

2064 3487 2243 3558 ipsum
2275 3488 2586 3543 locuturum
2615 3503 2736 3542 esse
2758 3486 3072 3541 hominibus
3091 3488 3416 3539 vaticinatur
3440 3504 3452 3539 :
3483 3493 3536 3539 et
3567 3486 3643 3538 ait

2065 3592 2124 3632 se
2168 3575 2333 3631 simul
2365 3576 2676 3646 pariterque
2705 3574 2985 3644 Ephraim,
3016 3574 3303 3641 Manassen
3350 3582 3403 3629 et
3443 3573 3640 3628 ludant

2066 3675 2424 3737 excepturum
2463 3682 2623 3733 esse;
2660 3667 2751 3737 qui
2797 3667 2926 3721 olim
2958 3667 3174 3736 quidem
3227 3666 3408 3722 dissiti
3441 3676 3594 3722 erant
3622 3705 3639 3726 ,

2062 3760 2285 3831 quando
2311 3757 2450 3813 Juda
2472 3758 2732 3829 regnabat
2754 3759 2809 3812 in
2837 3757 3163 3823 Jerusalem,
3187 3757 3442 3827 Ephraim
3468 3758 3521 3811 in
3556 3755 3642 3811 Si-

2063 3851 2261 3906 chimis
2292 3859 2347 3905 et
2370 3850 2640 3915 Samaria,
2664 3849 2944 3904 Manasses
2974 3866 3100 3904 vero
3129 3849 3409 3905 habitabat
3448 3850 3503 3903 in
3531 3846 3639 3902 Ca»-

2064 3944 2205 4001 laad.
2244 3942 2316 3999 Ut
2346 3944 2498 3998 nullo
2542 3944 2708 4015 igitur
2740 3944 2967 3999 ulterius
3002 3941 3318 3997 discrimine
3376 3941 3640 3997 interces-

2063 4053 2214 4103 suro,
2246 4037 2505 4107 nullaque
2536 4038 2675 4092 inter
2704 4051 2800 4091 eos
2830 4035 3196 4106 discrepantia
3236 4034 3453 4099 futura,
3490 4035 3639 4104 ipsos

2062 4130 2275 4199 priores
2339 4130 2607 4196 advocat;
2666 4128 2862 4183 deinde
2916 4126 3222 4192 Moabitas,
3274 4127 3637 4189 Ammonitas,

2063 4224 2352 4289 ldumatos,
2385 4235 2725 4293 caaterosque
2759 4223 3008 4277 homines
3042 4236 3232 4275 omnes
3253 4260 3267 4283 ,
3323 4221 3637 4275 universum

2060 4317 2246 4371 orbem
2278 4316 2602 4371 incolentes.
2636 4313 2711 4368 Ex
2754 4313 2979 4369 historia
3019 4328 3182 4382 porro
3224 4311 3639 4382 Evangeliorunt

371 4412 431 4462 ἐν
464 4410 711 4481 Σικίμοις
746 4412 837 4464 καὶ
866 4410 1171 4481 Σαμαρείᾳ,
1208 4412 1236 4464 ό
1279 4412 1336 4464 δὲ
1362 4412 1656 4481 Μανασσῆς
1687 4410 1820 4481 ᾤκει
1853 4414 1952 4484 τὴν

2068 4407 2291 4471 ediscas,
2331 4422 2439 4477 quo
2466 4409 2726 4477 tempore]
2750 4403 2984 4459 Sanctus
3016 4403 3106 4459 Dei
3156 4406 3210 4458 in
3257 4402 3511 4457 Sichimis
3544 4417 3638 4472 pe-

371 4502 603 4555 Γαλαάδ.
655 4504 741 4565 Ὡς
772 4503 968 4572 μηκέτι
996 4502 1176 4554 τοίνυν
1200 4500 1527 4573 ἀφορισμοῦ,
1567 4504 1702 4573 μήτε
1730 4501 1950 4556 διαστά-

371 4608 513 4656 σεως
544 4591 712 4662 οῦσης
754 4593 811 4643 ἐν
842 4591 1043 4655 αὐτοῖς,
1073 4590 1320 4663 πρώτους
1356 4592 1553 4653 αὐτοὺς
1586 4591 1915 4645 είσκαλεῖται
1937 4610 1951 4623 ·

369 4680 492 4737 εἶτα
523 4683 821 4746 Μωαϐίτας
856 4682 949 4736 καὶ
991 4682 1348 4754 Ἀμμανίτας,
1393 4681 1721 4752 Ἰδουμαίους
1755 4700 1813 4736 τε
1861 4684 1956 4738 καὶ

368 4777 501 4838 τοὺς
528 4775 749 4839 λοιποὺς
781 4776 1028 4839 ἅπαντας
1061 4775 1379 4846 ἀνθρώπους
1409 4776 1533 4839 τοὺς
1560 4775 1678 4828 καθ’
1703 4776 1830 4845 ὅλης
1857 4778 1955 4848 τῆς

370 4865 696 4937 οἰκουμένης
722 4864 1022 4929 οἰκοῦντας.
1058 4864 1292 4928 Γνώσεις
1320 4865 1363 4918 δ’
1395 4864 1459 4917 ἂν
1491 4867 1553 4919 ἐκ
1580 4866 1678 4936 τῆς
1716 4868 1956 4938 ἱστορίας

369 4956 481 5009 τῶν
512 4957 879 5027 Εὐαγγελίων,
913 4959 1060 5021 ὅπως
1102 4956 1225 5009 καθ’
1250 4955 1341 5017 οὓς
1373 4957 1594 5026 χρόνους
1624 4960 1652 5011 ό
1685 4958 1836 5026 ἅγιος
1858 4957 1952 5011 τοῦ

367 5047 507 5101 Θεοῦ
540 5050 635 5103 καὶ
670 5054 782 5115 τοῖς
816 5050 1062 5121 Σικίμοις
1116 5049 1397 5121 ἐπεδήμει,
1430 5051 1524 5103 καὶ
1582 5051 1720 5122 αὐτῇ
1770 5053 1953 5122 Σαμα-

2060 4499 2466 4569 regrinabatur,
2501 4499 2631 4552 etin
2654 4500 2769 4567 ipsa
2800 4498 3065 4558 Samaria,
3090 4504 3301 4550 noenon
3326 4495 3378 4548 in
3415 4492 3639 4549 Jerusa-

2061 4591 2187 4658 lem,
2218 4592 2471 4646 lsraelcm
2522 4600 2635 4644 tum
2689 4591 3039 4660 conjunctum
3072 4588 3276 4651 fuisse,
3325 4588 3638 4654 nullamque

2059 4683 2441 4739 intercessisse
2470 4682 2825 4747 divisionem;
2863 4683 2943 4737 sic
2965 4690 3018 4736 et
3051 4680 3327 4749 apostolos
3363 4694 3491 4734 suos
3526 4678 3637 4747 pri-

2062 4792 2150 4829 nio
2211 4776 2275 4830 ad
2327 4790 2457 4831 oves
2490 4790 2611 4844 qua:
2664 4775 2937 4845 perierant
2989 4772 3185 4827 donius
3234 4771 3399 4826 Israel
3448 4770 3632 4832 misit;

2064 4876 2253 4939 postea
2281 4876 2481 4932 autem,
2521 4866 2714 4920 iisdem
2751 4881 2884 4920 usus
2909 4880 3010 4919 ceu
3040 4864 3458 4927 calceamentis,
3510 4864 3633 4917 titti-

2061 4974 2282 5013 versum
2313 4956 2596 5011 hominum
2640 4972 2811 5029 genus
2865 4956 3089 5012 salutari
3147 4954 3321 5028 gratia
3383 4954 3636 5027 dignatus

2059 5056 2164 5103 cst.

372 5144 521 5214 ρεία,
550 5146 615 5215 τῇ
645 5160 703 5195 τε
742 5143 1115 5216 Ἰερουσαλὴμ,
1142 5143 1421 5214 ἡνωμένου
1476 5142 1596 5197 τότε
1630 5144 1723 5195 τοῦ
1760 5144 1995 5215 Ἰσραὴλ,
2056 5142 2150 5194 καὶ
2202 5140 2470 5211 μηδεμιᾶς
2501 5138 2669 5211 οὔσης
2703 5140 2760 5193 ἐν
2794 5138 2940 5211 αύτῷ
2973 5139 3339 5204 διαστάσεωςο
3389 5138 3529 5191 οὕτω
3576 5138 3631 5191 δὲ

369 5236 628 5300 καὶτοὺς
681 5236 876 5289 ἑαυτοῦ
903 5235 1231 5298 ἀποστόλους
1258 5237 1393 5307 πρὸς
1426 5238 1493 5290 τά
1535 5235 1781 5309 πρόϐατα
1813 5235 2127 5289 ἀπολωλότα
2175 5234 2323 5287 οἴκου
2377 5232 2590 5305 Ἰσραὴλ
2644 5234 2702 5287 ἐν
2772 5232 3005 5303 πρώτοις
3070 5233 3431 5304 διεπέμπετο⁶
3498 5231 3635 5303 μετά

368 5326 427 5379 δὲ
449 5326 641 5391 ταῦτα,
658 5330 769 5391 τοῖς
786 5330 967 5391 αὐτοῖς
1001 5327 1190 5399 ὥσπερ
1219 5329 1525 5400 ὑποδήμασι
1558 5328 1859 5403 χρώμενος,
1878 5329 1939 5382 τὸ
1955 5330 2169 5384 πάντων
2186 5326 2489 5401 ἀνθρώπων
2517 5328 2671 5398 γένος
2700 5328 2797 5398 τῆς
2828 5327 3094 5399 σωτηρίου
3113 5327 3369 5399 κατηξίου
3392 5325 3631 5397 χάριτος.

452 5441 471 5471 ι
509 5423 606 5486 Τίς
639 5422 836 5487 ἀπάξει
872 5441 938 5488 με
961 5426 1040 5488 είς
1068 5425 1220 5478 πόλιν
1248 5426 1541 5497 περιοχῆς;
1577 5426 1608 5497 ἢ
1646 5426 1730 5489 τίς
1761 5426 1957 5497 ὁδηγή-

2139 5422 2308 5481 Vens.
2346 5426 2434 5481 ll.
2494 5444 2512 5477 ι
2545 5424 2678 5492 Quis
2705 5426 2936 5483 abducet
2966 5442 3051 5480 me
3077 5426 3130 5478 in
3154 5424 3426 5478 civitatem
3455 5419 3632 5473 muni-

372 5530 457 5568 σει
495 5531 562 5585 με
595 5514 698 5578 ἕως
731 5516 828 5585 τῆς
888 5515 1220 5586 Ἰδουμαίαςς
1256 5517 1391 5588 Οὐχὶ
1436 5518 1500 5571 σὺ
1554 5518 1582 5569 6
1626 5517 1757 5580 Θεὸς
1788 5519 1815 5570 6
1849 5519 1955 5571 ἀπ-

2068 5518 2217 5572 tam?
2249 5526 2344 5573 aut
2390 5519 2515 5591 quis
2556 5519 2786 5576 deducet
2847 5535 2932 5574 me
2980 5533 3154 5588 usque
3194 5518 3245 5569 in
3304 5507 3632 5569 Idumaaainl

449 5626 495 5657 ”
533 5625 728 5681 Matth.
767 5643 859 5692 xv,
893 5627 986 5682 24.
1062 5629 1104 5661 ³⁷
1142 5626 1332 5681 Matth.
1369 5645 1425 5694 ι,
1463 5629 1587 5695 5,6.

448 5739 525 5810 (ι,
561 5739 678 5809 Τὴν
710 5741 929 5813 Σίκυμα
951 5740 1048 5796 καὶ
1079 5742 1181 5797 τὸν
1208 5742 1472 5798 Γαλαὰδ.
1511 5744 1672 5803 Forte
1705 5745 1769 5801 τά
1796 5747 1854 5801 Σ.
1886 5763 1938 5801 κ.
1978 5746 2073 5819 τὴν
2097 5745 2156 5800 Γ.
2179 5744 2337 5802 Enn.
