4100 6516
524 253 621 311 5ἳί

1226 248 1493 308 EUSEBII
1529 244 2010 304 CJESARIENSIS
2041 245 2192 303 OPP.
2235 244 2416 301 PARS
2448 243 2542 299 Ill.
2581 270 2659 289 —.
2692 237 3104 296 EXEGETICA.

3670 235 3779 291 572

525 372 716 427 Nonne
744 378 823 435 tu,
854 368 1015 432 Deus,
1047 368 1138 438 qui
1173 366 1420 437 repulisti
1457 366 1594 420 nos?
1619 372 1675 420 et
1696 378 1805 419 non
1833 362 2010 419 exibis
2040 362 2078 416 il

2201 361 2472 431 ασάμενος
2496 358 2677 429 ἡμᾶς
2710 355 2804 408 καὶ
2836 350 3230 435 091653131361]
3251 352 3309 405 ἐν
3341 354 3461 415 ταῖς
3487 350 3780 423 δυνάμεσιν

522 462 822 519 virtutibus
889 460 1177 515 nostris?»
1242 460 1418 528 Supra
1469 458 1742 512 dictorum
1814 457 2097 511 sententia:

520 558 786 611 insistens
846 553 1143 623 Propheta,
1180 566 1346 620 supra
1403 551 1623 605 modum
1679 550 1911 603 miratur
1962 548 2093 602 illud

521 645 908 714 inexspectata:
969 641 1400 712 alienigenarum
1457 640 1703 711 gentium
1779 638 2096 694 mutationis

522 735 848 805 prodigium.
906 731 1113 789 Deinde
1166 748 1291 787 cum
1337 732 1566 788 dixisset
1607 730 1774 794 Deus,
1828 729 1929 784 «in
1978 729 2098 785 ldu-

520 842 708 881 maaam
762 826 1051 881 extendam
1092 824 1521 880 calceamentum
1564 839 1769 889 meum,
1801 843 1820 877 ›
1881 823 2092 878 dictum

519 916 833 986 hujusmodi
861 917 1187 977 admiratur.
1219 932 1404 973 secum
1436 926 1698 988 reputans
1734 932 1803 970 an
1852 930 2093 986 unquam

519 1010 639 1079 ipse
691 1007 836 1064 Deus
883 1011 1255 1067 calceamento
1316 1026 1474 1074 usus,
1531 1024 1939 1065 conscensurus
1997 1008 2091 1073 sit,

514 1116 629 1158 non
657 1102 711 1157 in
739 1100 1061 1169 Jerusalem,
1095 1117 1273 1173 neque
1321 1103 1377 1157 in
1410 1099 1739 1164 Samariam,
1800 1115 1981 1172 neque
2036 1100 2090 1154 in

514 1194 680 1249 aliam
730 1193 949 1250 lsraelis
993 1195 1296 1258 civitatem,
1349 1193 1445 1250 sed
1495 1195 1550 1248 in
1590 1194 1930 1265 alienigenas
1968 1190 2092 1247 ldu-

512 1299 705 1341 maos.
736 1285 918 1353 Quare
948 1287 1136 1341 beatos
1167 1285 1291 1339 illos
1316 1284 1600 1356 praedicat,
1636 1287 1701 1339 ad
1734 1301 1876 1355 quos
1911 1298 2096 1339 acces-

514 1393 680 1433 surus
736 1376 882 1435 Deus
928 1386 1067 1442 erat,
1123 1377 1538 1448 orationemque
1588 1378 1811 1443 emittit,
1868 1385 1933 1432 ut
1974 1377 2092 1448 ipse

511 1483 729 1538 quoque
772 1468 885 1523 haec
930 1468 1116 1525 videre
1164 1469 1367 1540 dignus
1412 1469 1710 1523 habeatur:
1756 1475 2091 1539 quapropter

510 1559 681 1614 dicit:
735 1578 754 1611 ι
781 1558 916 1625 Quis
950 1548 1185 1615 abducet
1217 1575 1305 1614 me
1353 1561 1408 1614 in
1454 1560 1730 1614 civitatem
1776 1557 2089 1613 munitam?

509 1658 603 1706 aut
627 1650 753 1721 quis
796 1651 1026 1706 deducet
1056 1666 1144 1707 me
1178 1666 1354 1721 usque
1389 1651 1446 1704 in
1475 1648 1810 1703 ldummam?
1837 1668 1855 1701 ι
1890 1648 2089 1703 Preca-

2198 451 2392 523 ήμῶνς
2437 468 2455 502 ι
2503 448 2833 518 Ἐπιστήσας
2880 432 2953 517 τῇ
2989 444 3097 498 τῶν
3132 442 3535 515 προλεχθέντων
3575 443 3778 518 διανοίᾳ⁵

2195 545 2224 596 6
2254 543 2567 613 Προφήτης,
2616 537 3117 609 ύπερεκπλήττεται
3148 536 3209 589 τὸ
3237 534 3420 606 θαῦμα
3454 535 3553 606 τῆς
3602 554 3777 609 παρα.

2195 634 2347 700 δόξου
2393 632 2501 685 τῶν
2554 628 2866 699 ἀλλοφύλων
2917 626 3086 681 ἐθνῶν
3135 626 3454 698 μεταϐολῆς.
3502 623 3634 681 Εἶτα
3680 628 3777 682 τοῦ

2196 725 2330 779 Θεοῦ
2380 722 2682 796 εἰρηκότος,
2736 739 2756 774 ι
2825 721 2948 774 Ἐπὶ
2990 720 3089 792 τὴν
3124 718 3429 791 Ἰδουμαίαν
3472 720 3675 773 ἐκτενῶ
3714 720 3780 776 τὸ

2197 817 2451 889 ύπὸδημά
2485 834 2609 889 μου,
2643 835 2662 870 ι
2716 815 2810 871 τὸν
2855 815 3011 884 λόγον
3055 812 3454 883 ἀποθαυμάζει,
3498 815 3546 867 εἰ
3594 814 3778 884 μέλλοι

2197 911 2327 965 ποτέ
2356 909 2488 973 Θεὸς
2516 908 2703 973 αὐτὸς,
2732 907 3041 977 ὑποδήματι
3084 904 3447 977 χρησάμενος,
3476 904 3777 959 ἐπιϐαίνειν

2193 1005 2255 1057 ού
2283 1006 2349 1073 τῇ
2388 1001 2764 1074 Ἰερουσαλήμ,
2799 998 2920 1052 ούδέ
2947 1000 3014 1069 τῇ
3041 997 3341 1069 Σαμαρείᾳ,
3368 996 3487 1049 ούδέ
3517 996 3649 1067 άλλη
3668 999 3779 1049 τινὶ

2193 1092 2259 1161 τῇ
2315 1088 2407 1141 τοῦ
2463 1087 2701 1161 Ἰσραὴλ,
2755 1085 2891 1141 ἀλλὰ
2935 1086 3045 1139 τῶν
3090 1084 3404 1154 ἀλλοφύλων
3439 1086 3775 1156 Ἰδουμαίων.

2194 1182 2285 1235 Διὸ
2319 1182 2610 1254 μακαρίζει
2646 1181 2743 1252 μὲν
2775 1179 3014 1243 τούτους,
3047 1175 3128 1243 οἷς
3155 1180 3513 1251 ἐπιδημήσειν
3542 1179 3777 1250 ήμελλεν

2194 1276 2223 1326 6
2252 1273 2383 1337 Θεός
2401 1289 2415 1303 ·
2452 1272 2618 1343 εὐχὴν
2640 1272 2697 1325 δὲ
2729 1271 2937 1324 τίθεται
2970 1270 3373 1340 καταξιωθῆναι
3399 1287 3528 1324 ποτε
3552 1272 3645 1326 καὶ
3663 1273 3776 1324 αύ-

2193 1366 2282 1419 τὸν
2311 1366 2410 1437 τῆς
2436 1364 2641 1419 τούτων
2682 1362 2810 1427 θέας
2833 1382 2846 1394 ·
2877 1363 2957 1417 διό
2991 1380 3154 1434 φησι·
3189 1382 3207 1416 ι
3244 1360 3342 1427 Τίς
3364 1363 3563 1431 ἀπάξει
3599 1381 3666 1435 με
3694 1365 3776 1428 εἰς

2192 1456 2350 1511 πόλιν
2394 1457 2653 1528 περιοχῆς
2678 1457 2754 1527 Hi
2803 1456 2887 1520 τίς
2919 1455 3172 1527 ὁδηγήσει
3207 1472 3274 1526 με
3318 1454 3424 1518 ἕως
3466 1455 3568 1525 τῆς
3606 1455 3772 1508 Ἰδου-

2196 1548 2399 1620 μαίας;
2436 1570 2454 1600 ι
2503 1547 2715 1619 Πῦχετο
2766 1547 2875 1619 γάρ
2920 1548 3251 1620 ὣηγηθῆναι
3306 1549 3400 1601 καὶ
3450 1550 3773 1619 παρατεῖναι

2192 1640 2317 1702 τοὺς
2346 1639 2446 1710 τῆς
2475 1637 2617 1710 ζωῆς
2642 1637 2805 1691 αὑτοῦ
2837 1638 3062 1709 χρόνους
3087 1638 3181 1691 ἐπὶ
3208 1639 3297 1692 τὸν
3327 1638 3515 1709 καιρὸν
3542 1640 3771 1703 ἐκεῖνον,

508 1744 674 1799 batur
714 1744 861 1799 enim
920 1742 1141 1808 deduci,
1194 1758 1480 1814 annosque
1543 1743 1665 1797 vita:
1705 1757 1818 1798 sua:
1858 1743 2078 1813 produci

2190 1730 2312 1784 καθ’
2356 1731 2414 1785 ὂν
2440 1730 2671 1801 ἤμελλεν
2710 1735 2738 1785 6
2766 1730 2898 1794 Θεὸς
2926 1731 3018 1785 ἐπὶ
3049 1731 3148 1803 τὴν
3182 1728 3484 1801 Ἰδουμαίαν
3510 1732 3772 1785 ἐκτείνειν

510 1852 683 1906 usque
729 1835 797 1890 ad
841 1835 896 1890 id
945 1837 1230 1906 temporis,
1282 1850 1392 1907 quo
1456 1835 1601 1891 Deus
1656 1836 2084 1891 calceamentum

507 1943 669 1985 suum
698 1944 872 1998 usque
900 1929 956 1983 in
1001 1929 1293 1983 ldumaaam
1323 1938 1655 1983 extensurus
1686 1936 1823 1991 erat,
1868 1934 1927 1981 ut
1956 1940 2077 1980 ma-

504 2033 674 2089 gnum
712 2018 846 2073 illud
892 2019 1224 2073 miraculum
1269 2023 1540 2082 cerneret,
1592 2016 1766 2071 Deum
1825 2015 2083 2071 videlicet

504 2112 652 2181 apud
682 2111 931 2171 homines
962 2110 1423 2184 peregrinantem,
1463 2118 1518 2164 et
1545 2110 1601 2164 in
1631 2107 1866 2165 ldumaaa
1894 2107 2088 2163 ambu-

505 2206 734 2269 lantem,
789 2206 1235 2275 alienigenasque
1275 2203 1377 2275 ipsi
1426 2202 1678 2259 subditos
1727 2212 1783 2257 et
1834 2202 2079 2257 amicos:

500 2311 674 2365 quare
697 2295 774 2350 ait
800 2315 813 2351 :
861 2314 881 2349 ι
904 2296 1037 2363 Quis
1059 2296 1295 2351 deducet
1325 2310 1411 2350 me
1433 2310 1608 2366 usque
1630 2295 1686 2349 in
1705 2293 2033 2349 ldumaeam?
2058 2312 2077 2345 ›

501 2387 795 2440 Civitatem
851 2402 1014 2456 porro
1068 2388 1335 2443 munitam
1387 2394 1548 2441 vocat
1604 2383 1909 2440 Ecclesiam
1962 2382 2080 2449 Dei,

501 2478 757 2533 vallatam
802 2479 960 2534 ﬁrmo
986 2487 1041 2535 et
1076 2479 1374 2534 fortissimo
1404 2494 1588 2543 muro,
1617 2478 1851 2535 salutari
1887 2492 2086 2549 nempe

502 2569 726 2635 virtute,
768 2586 933 2640 quam
963 2571 1129 2626 etiam
1173 2570 1359 2627 videre
1402 2570 1777 2641 clﬂagitabat;
1819 2571 2083 2641 quocirca

500 2661 669 2717 dixit:
722 2680 741 2715 ι
765 2662 901 2729 Quis
932 2663 1167 2719 abducet
1194 2679 1281 2720 me
1325 2664 1381 2719 in
1409 2664 1687 2719 civitatem
1722 2664 2031 2719 munitam?
2057 2683 2076 2716 ι

500 2753 815 2826 Perpendas
868 2756 1055 2823 velim,
1101 2755 1282 2826 ipsum
1313 2757 1538 2812 minime
1566 2771 1762 2828 rogare
1792 2764 1850 2811 ut
1905 2755 2081 2811 dedu-

498 2855 657 2902 catur
684 2863 860 2919 usque
894 2849 951 2902 in
984 2848 1315 2914 Jerusalem,
1365 2851 1482 2905 sive
1520 2864 1698 2920 usque
1724 2850 1793 2905 ad
1840 2847 2068 2916 Galaad,

498 2948 593 2993 aut
635 2956 810 3012 usque
865 2940 930 2996 ad
990 2941 1248 3014 Sychem,
1293 2942 1409 2998 sive
1448 2958 1625 3014 usque
1665 2942 1734 2997 ad
1791 2941 2074 3012 prraim,

496 3030 612 3085 sive
668 3047 842 3101 usque
908 3031 973 3086 ad
1025 3031 1257 3099 Judam;
1315 3033 1411 3089 sed
1478 3035 1640 3105 quasi
1695 3034 2074 3104 inexspectata

496 3124 858 3193 promissione
893 3126 1199 3193 perculsus,
1233 3126 1377 3196 quod
1405 3126 1614 3181 scilicet
1643 3127 1823 3196 perosi
1846 3141 1910 3179 ac
1940 3139 2079 3180 mm-

495 3213 585 3267 chi
636 3212 779 3269 Esau
830 3215 1031 3284 posteri
1092 3222 1242 3270 tanta
1292 3216 1467 3286 gratia
1531 3216 1770 3270 donandi
1826 3215 1958 3282 sint,
2019 3222 2080 3269 ut

495 3299 639 3358 Deus
672 3304 741 3359 ad
799 3320 894 3360 eos
940 3307 1294 3373 conscendat,
1340 3315 1596 3377 precatur
1635 3306 1857 3363 dicens:
1887 3325 1905 3358 ι
1934 3305 2070 3373 Quis

494 3402 726 3457 deducet
769 3418 856 3458 me
892 3418 1065 3472 usque
1108 3404 1162 3457 in
1213 3400 1545 3456 ldumaeam?
1583 3421 1602 3453 ι
1659 3400 1738 3455 Ac
1778 3400 1923 3471 quod
1977 3400 2080 3454 mi-

495 3509 616 3547 rum
659 3510 887 3564 prorsus
929 3504 1034 3559 est,
1089 3494 1232 3550 Deus
1288 3509 1396 3548 non
1454 3492 1617 3550 nudis
1679 3492 1908 3564 pedibus
1954 3508 2075 3547 am-

494 3584 783 3641 hulaturus
830 3586 1052 3651 dicitur,
1120 3587 1216 3642 sed
1274 3601 1401 3641 cum
1458 3586 1882 3654 calceamentis;
1941 3586 2075 3642 sub—

492 3674 751 3732 indicatis
808 3677 1096 3732 animabus
1161 3676 1459 3733 voluntatis
1522 3676 1644 3745 ejus
1704 3675 2074 3745 administris,

492 3781 726 3837 quarum
794 3783 983 3840 opera,
1044 3769 1330 3823 vocatione
1387 3768 1629 3840 gentium
1683 3776 1927 3838 peracta,
1980 3783 2077 3839 per

493 3858 807 3913 universam
857 3866 1084 3925 terram,
1135 3875 1290 3915 suam
1325 3859 1612 3915 constituit
1654 3859 1952 3925 civitatem,
1986 3859 2076 3914 ni-

493 3950 693 4005 mirum
729 3951 1054 4007 catholicam
1096 3951 1398 4007 Ecclesiam
1435 3968 1614 4018 suam,
1645 3966 1711 4007 ac
1755 3963 1957 4009 cretum
1988 3967 2077 4008 re-

491 4042 811 4114 ligiosorum
877 4045 1213 4100 hominum:
1268 4043 1338 4100 de
1413 4060 1521 4116 qua
1581 4046 1801 4101 civitate
1860 4045 2071 4101 dictum

493 4136 631 4190 alias
679 4144 813 4190 est:
854 4153 874 4187 ι
913 4134 1166 4191 Gloriosa
1214 4136 1362 4191 dicta
1417 4147 1546 4194 sunt
1609 4137 1676 4193 de
1742 4146 1816 4205 te,
1874 4138 2069 4193 civitas

492 4226 587 4284 Dei
613 4228 692 4296 ¹⁸;
722 4248 740 4280 ι
793 4237 878 4285 et:
915 4249 934 4281 ι
965 4227 1234 4285 Fluminis
1283 4229 1523 4301 impetus
1563 4229 1843 4285 lzetiiieant
1880 4230 2075 4285 civita-

491 4326 598 4374 tem
634 4317 730 4373 Dei
752 4320 855 4375 ³⁸.»
923 4318 1077 4375 Hanc
1106 4320 1389 4376 civitatem
1427 4322 1695 4375 munitam
1726 4335 1853 4375 cum
1883 4321 2068 4377 videre

2188 1825 2249 1877 τὸ
2280 1824 2536 1896 ὑπόδημα
2562 1823 2749 1889 αὑτοῦ,
2785 1824 2861 1888 ὡς
2900 1824 2965 1879 ἂν
2996 1823 3091 1877 ἴδοι
3134 1823 3197 1877 τὸ
3230 1829 3372 1895 μέγα
3401 1823 3598 1896 θέαμα,
3636 1824 3769 1878 Θεέν

2189 1914 2557 1986 ἐπιδημοῦντα
2606 1915 2915 1988 ἀνθρώποις
2988 1916 3084 1969 καὶ
3143 1915 3622 1989 ἐμπεριπατοῦντα
3694 1920 3766 1988 τῇ

2201 2008 2488 2081 Ἰδουμαίᾳ,
2523 2008 2853 2079 ἀλλοφύλους
2884 2026 2944 2062 τε
2976 2009 3125 2081 αύτῷ
3166 2009 3635 2081 ὑποτεταγμένους
3674 2010 3771 2063 καὶ

2188 2100 2565 2170 φιλιάςοντας·
2599 2101 2679 2155 διό
2720 2118 2884 2173 φησι·
2922 2119 2941 2153 ι
2990 2102 3091 2166 Τίς
3134 2100 3386 2173 ὁδηγήσει
3429 2118 3496 2173 με
3540 2103 3643 2164 ἕως
3668 2105 3771 2173 τῆς

2200 2193 2541 2265 Ἰδουμαίας;
2583 2214 2601 2245 ι
2632 2194 2793 2248 Πόλιν
2822 2194 2879 2250 δὲ
2923 2194 3185 2265 περιοχῆς
3211 2194 3368 2247 καλεῖ
3397 2195 3495 2267 τὴν
3542 2194 3770 2265 Ἐκκλη-

2186 2284 2306 2339 σίαν
2328 2283 2423 2338 τοῦ
2451 2284 2608 2351 Θεοῦ,
2646 2285 3168 2358 περιπεφραγμένην
3200 2286 3414 2359 στερρῷ
3439 2289 3532 2340 καὶ
3558 2287 3771 2359 ὀχυρω-

2184 2378 2331 2448 τάτῳ
2372 2378 2565 2449 τείχει,
2611 2381 2679 2450 τῇ
2733 2380 2989 2451 σωτηρίῳ
3035 2379 3280 2451 δυνάμει,
3332 2380 3399 2450 ἢν
3452 2380 3546 2437 καὶ
3593 2381 3768 2453 αὐτὴν

2187 2474 2314 2528 ἰδεῖν
2345 2474 2574 2547 ηῦχετο·
2611 2475 2693 2529 διὸ
2735 2474 2890 2545 ἔλεγε
2918 2493 2931 2506 °
2968 2495 2986 2528 ι
3033 2477 3129 2541 Τίς
3160 2476 3360 2543 ἀπάξει
3396 2495 3463 2549 με
3490 2480 3569 2543 είς
3614 2479 3771 2533 πόλιν

2184 2568 2485 2640 περιοχῆς;
2516 2587 2537 2622 ι
2594 2568 2702 2622 Θὲα
2747 2570 2805 2624 δὲ
2855 2572 3005 2635 ὅπως
3047 2570 3146 2624 ούκ
3187 2570 3392 2641 ηὔξατο
3437 2571 3766 2643 όδηγηθῆναι

2182 2662 2287 2725 ἓως
2318 2661 2417 2733 τῆς
2455 2662 2828 2735 Ἰερουσαλὴμ,
2859 2664 2892 2735 ἢ
2939 2662 3044 2727 ἓως
3073 2663 3170 2734 τῆς
3200 2663 3433 2729 Γαλαὰδ,
3466 2664 3499 2735 ἢ
3534 2664 3637 2727 ἐως
3668 2665 3768 2734 τῆς

2181 2754 2385 2825 Συχὲμ,
2418 2753 2450 2825 ἢ
2495 2755 2602 2819 ἕως
2644 2754 2739 2808 τοῦ
2784 2756 3101 2828 Ἐφραῒμ,ἢ
3137 2756 3243 2820 ἕως
3272 2756 3367 2809 τοῦ
3401 2756 3570 2811 Ἰούδα
3592 2773 3607 2787 ⁸
3647 2755 3765 2810 ἀλλ’

2180 2844 2371 2917 ὥσπερ
2417 2846 2713 2917 ἐκπλαγεὶς
2754 2849 2819 2901 τὺ
2861 2847 3162 2921 παράδοξον
3189 2848 3290 2918 τῆς
3323 2848 3670 2918 ἐπαγγελίας,
3709 2850 3760 2901 εἰ

2180 2936 2272 2989 τοῦ
2307 2936 2681 3009 μεμισημένου
2710 2938 2805 2994 καὶ
2840 2938 3040 3011 πόρνου
3079 2938 3247 2991 Ἠσαῦ
3283 2939 3621 3008 οἰ·άπόγονοι
3652 2955 3762 2992 τοι-

2182 3028 2354 3100 αύτης
2389 3030 2512 3084 τότε
2557 3030 2839 3095 τεύξονται
2890 3031 3134 3102 χάριτος,
3167 3029 3244 3094 ὡς
3286 3031 3539 3103 ἐπιϐῆναι
3580 3032 3765 3093 αὐτοῖς

2182 3120 2274 3175 τὸν
2300 3121 2453 3187 Θεὸν,
2483 3121 2700 3195 εῦχεται
2733 3123 2907 3193 λέγων
2930 3140 2943 3154 ’
2978 3142 2995 3175 ι
3031 3124 3125 3187 Τίς
3149 3123 3406 3195 ὁδηγήσει
3438 3141 3504 3195 με
3532 3124 3638 3187 ἕως
3661 3123 3765 3192 τῆς

2194 3212 2536 3283 Ἰδουμαίας;
2583 3233 2602 3266 ι
2635 3214 2848 3287 Σφόδρα
2878 3214 2935 3270 δὲ
2960 3215 3289 3285 θαυμαστῶς
3314 3218 3341 3269 6
3368 3217 3501 3279 Θεὸς
3535 3216 3768 3288 ἐμπερι-

2184 3307 2448 3378 πατήσειν
2479 3307 2541 3360 ού
2570 3312 2799 3379 γυμνοῖς
2839 3309 2965 3362 ποσὶ
2992 3309 3260 3374 λέλεκται,
3304 3309 3440 3363 ἀλλὰ
3472 3310 3537 3363 δι’
3564 3309 3765 3381 ὑποδη-

2185 3400 2370 3471 μάτων
2394 3416 2408 3429 ”
2435 3400 2807 3471 αἰνιττομένου
2845 3401 2940 3453 τοῦ
2975 3400 3135 3470 λόγου
3164 3400 3265 3466 τὰς
3295 3402 3632 3475 ὑπηρετικὰς
3668 3402 3765 3455 τοῦ

2183 3491 2521 3563 βουλήματος
2554 3492 2715 3545 αὐτοῦ
2746 3493 2943 3565 ψυχὰς,
2970 3493 3037 3547 δι’
3070 3487 3146 3549 ὧν
3176 3495 3276 3565 τὴν
3303 3495 3412 3547 τῶν
3435 3494 3602 3547 ἐθνῶν
3629 3493 3765 3564 κλῆ-

2183 3601 2269 3638 σιν
2295 3585 2684 3656 ποιησάμενος,
2717 3586 2989 3657 πανταχοῦ
3016 3586 3119 3657 γῆς
3151 3587 3250 3657 τὴν
3276 3586 3467 3642 ἑαυτοῦ
3504 3587 3765 3657 συνεστή-

2182 3693 2312 3730 σατο
2355 3677 2528 3742 πόλιν,
2562 3677 2707 3746 λέγω
2743 3678 2800 3731 δὲ
2843 3680 2942 3751 τὴν
2987 3680 3279 3751 καθολικὴν
3329 3679 3492 3733 αὐτοῦ
3536 3679 3765 3751 Ἐκκλη-

2180 3768 2320 3835 σίαν,
2354 3769 2449 3823 καί
2491 3770 2553 3822 τὸ
2584 3769 2836 3842 σύστημα
2867 3773 2965 3843 τῆς
3005 3771 3113 3825 τῶν
3147 3772 3414 3827 θεοσεόῶν
3446 3772 3722 3836 πολιτείας
3744 3789 3759 3802 ο

2180 3862 2310 3933 περὶ
2350 3857 2417 3933 ἧς
2466 3862 2679 3933 εἴρηται
2725 3861 2988 3934 ἀλλαχοῶ
3041 3882 3060 3915 ι
3104 3863 3475 3934 Δεδοξασμένα
3525 3863 3759 3935 ἐλαλήθη

2178 3955 2308 4025 περ)⁸
2354 3953 2470 4019 σοῦ,
2503 3956 2536 4026 ἡ
2577 3954 2731 4019 πόλις
2760 3955 2854 4009 τοῦ
2896 3955 3050 4009 Θεοῦ·
3088 3974 3107 4007 ι
3148 3956 3262 4021 καὶ,
3311 3973 3329 4006 ι
3364 3955 3469 4008 Τοῦ
3514 3954 3759 4024 ποταμοῦ

2176 4045 2248 4099 τά
2276 4047 2573 4117 ὁρμήματα
2602 4047 2949 4119 εὐφραίνουσι
2975 4049 3075 4120 τὴν
3105 4048 3259 4101 πόλιν
3283 4046 3376 4101 τοῦ
3403 4046 3560 4101 Θεοῦ.
3601 4066 3620 4099 ι
3648 4049 3759 4100 Καὶ

2175 4137 2380 4208 ταύτην
2416 4134 2509 4192 οὖν
2542 4139 2640 4210 τὴν
2668 4140 2820 4196 πόλιν
2848 4143 2947 4212 τῆς
2980 4142 3239 4214 περιοχῆς
3267 4140 3434 4211 διψῶν
3462 4138 3758 4195 θεάσασθαι

2176 4230 2205 4282 6
2242 4231 2535 4301 Προφήτης
2566 4230 2748 4299 ἔλεγε·
2789 4250 2807 4283 ι
2838 4233 2934 4296 Τίς
2966 4232 3163 4300 ἀπάξει
3197 4249 3263 4302 με
3304 4235 3384 4297 είς
3419 4232 3572 4286 πόλιν
3601 4248 3759 4303 περι-

2175 4320 2341 4392 οχῆς;
2366 4340 2385 4373 ι
2409 4321 2462 4391 ἢ,
2488 4341 2506 4373 ι
2539 4325 2619 4387 εἰς
2636 4324 2787 4376 πόλιν
2809 4324 3203 4396 πεφραγμένην
3225 4341 3239 4389 ;
3265 4344 3283 4376 ι
3312 4324 3484 4388 οὕτως
3525 4324 3633 4396 γάρ
3660 4328 3758 4395 ηρ-

490 4420 803 4484 peroptaret
848 4412 1120 4484 Propheta
1171 4414 1436 4469 dicebat:
1486 4431 1505 4464 ι
1554 4412 1690 4480 Quis
1721 4414 1955 4471 abducet
1985 4430 2072 4471 me

2184 4414 2450 4484 μήνευσεν
2489 4415 2517 4466 6
2565 4414 2880 4487 Σύμμαχος.
2910 4416 3081 4470 Πύλαι
3120 4416 3227 4489 γὰρ
3266 4417 3436 4489 αὐτὴν
3468 4418 3562 4469 καὶ
3597 4416 3756 4487 θύραι

490 4506 545 4560 in
577 4506 855 4560 civitatem
914 4506 1224 4560 munitam?
1261 4526 1281 4560 ι
1331 4514 1424 4560 aut
1485 4524 1503 4557 ι
1535 4506 1590 4561 in
1640 4506 1915 4562 civitatem
1963 4508 2075 4563 cir-

488 4596 869 4666 cumseptam?
906 4617 925 4650 ι
977 4598 1059 4651 sic
1101 4598 1248 4652 enim
1280 4597 1671 4666 interpretatus
1712 4596 2073 4669 Symmachus

487 4698 592 4743 est.
645 4688 773 4743 Eam
814 4690 1015 4760 quippe
1050 4698 1241 4762 portae,
1294 4688 1481 4757 janua:
1517 4697 1573 4744 et
1625 4700 1807 4744 vectes
1857 4688 2073 4744 divina-

2173 4504 2268 4557 καὶ
2297 4504 2485 4575 μοχλοὶ
2515 4506 2674 4559 θείων
2721 4507 3001 4579 δυνάμεων
3042 4509 3487 4581 περιφράττουσι,
3519 4508 3654 4580 πρὸς
3693 4508 3755 4560 τό

2173 4598 2247 4668 μή
2287 4614 2409 4650 τινα
2447 4598 2738 4669 ὑπομεῖναι
2771 4601 3107 4673 πολιορκίαν.
3137 4603 3228 4655 Διὸ
3265 4604 3391 4674 περὶ
3438 4602 3606 4673 αὐτῆς
3637 4601 3753 4655 ἔλε-

2169 4704 2265 4756 γεν
2292 4689 2319 4741 6
2366 4688 2592 4763 Σωτήρ·
2630 4709 2649 4743 ι
2702 4692 2825 4745 Ἐπὶ
2871 4695 2970 4765 τὴν
3016 4693 3222 4765 πέτραν
3270 4694 3608 4765 οἰκοδομήσω
3652 4711 3753 4765 μου

489 4794 611 4831 rum
666 4781 936 4835 virtutum
968 4782 1463 4845 circummuniunt,
1506 4797 1575 4836 ne
1626 4782 1861 4852 quadam
1915 4782 2073 4837 obsi-

2183 4781 2264 4853 τὴν
2321 4782 2668 4857 Ἐκκλησίαν,
2720 4788 2813 4840 καὶ
2856 4790 3020 4843 πύλαι
3062 4790 3188 4861 ᾅδου
3238 4790 3297 4841 ού
3342 4789 3755 4859 κατισχύσουσιν

485 4869 647 4926 dione
683 4881 983 4941 prematur.
1023 4874 1207 4940 Quare
1254 4874 1322 4930 de
1381 4874 1471 4933 illa
1520 4875 1733 4931 dicebat
1762 4874 2013 4930 Salvator
2048 4896 2062 4931 :

489 4988 511 5025 ι
538 4972 713 5043 Super
746 4973 888 5049 hanc
946 4982 1156 5045 petram
1205 4974 1488 5031 aediﬁcabo
1522 4974 1825 5033 Ecclesiam
1858 4992 2059 5043 meam,

484 5073 541 5120 et
582 5074 749 5137 porta:
783 5066 943 5121 inferi
975 5082 1083 5121 non
1107 5068 1477 5138 praevalebunt
1515 5070 1779 5125 adversus
1804 5084 1924 5123 eam
1942 5069 2012 5123 ³ο.
2039 5088 2056 5120 ι

486 5157 641 5214 Hanc
692 5160 858 5231 igitur
916 5162 1342 5232 circumseptam
1394 5162 1673 5217 civitatem
1714 5161 1902 5217 videre
1964 5176 2064 5232 ge-

485 5251 657 5307 stiens
688 5251 959 5323 Propheta
989 5254 1206 5310 diccbat
1236 5273 1300 5323 :1
1331 5253 1486 5326 Quis}
1501 5255 1735 5309 abducet
1762 5270 1848 5309 me
1883 5254 1939 5308 in
1983 5254 2062 5306 ci-

484 5344 706 5400 vitatem
768 5348 1126 5402 munitam?»
1199 5350 1379 5420 Atque
1428 5349 1859 5419 alienigenarum
1909 5347 2059 5402 salu-

482 5444 593 5493 tem
644 5441 820 5497 oculis
871 5442 1145 5514 inspicere
1193 5452 1514 5514 percptans,
1564 5442 1678 5495 haec
1731 5440 2057 5510 adjiciebat:

489 5543 514 5583 ι
542 5529 676 5596 Quis
711 5532 946 5589 deducet
991 5550 1077 5591 me
1102 5551 1278 5607 usque
1321 5536 1377 5589 in
1421 5532 1749 5589 ldumaam?
1778 5551 1796 5585 ι
1855 5531 2060 5587 Deinde

558 5713 603 5745 "
640 5711 783 5771 Psal.
819 5732 1050 5782 tum,
1088 5718 1123 5774 '5

2166 4875 2357 4946 αὐτῆς.
2412 4896 2430 4928 ι
2477 4878 2695 4951 Ταύτην
2740 4877 2834 4934 οῦν
2884 4883 2982 4954 τὴν
3031 4881 3552 4954 περιπεφραγμένην
3600 4880 3756 4934 πάλιν

2171 4970 2453 5042 ἐπιθυμῶν
2484 4973 2613 5026 ἰδεῖν
2652 4977 2681 5028 6
2714 4976 3006 5048 Προφήτης
3034 4976 3217 5045 ἐλεγε-
3255 4996 3273 5027 ι
3318 4976 3412 5039 Τίς
3453 4974 3649 5039 ἀπάξει
3686 4992 3753 5046 με

2171 5065 2251 5126 εἰς
2283 5063 2439 5118 πόλιν
2470 5067 2767 5137 περιοχῆς;
2802 5088 2821 5118 ι
2848 5069 2958 5121 Καὶ
2980 5070 3080 5139 τὴν
3106 5068 3213 5121 τῶν
3241 5068 3550 5137 ἀλλοφύλων
3580 5085 3755 5138 σωτη-

2176 5156 2296 5228 ρίαν
2349 5159 2642 5231 εύχόμενος
2685 5160 2984 5231 ὀφθαλμοῖς
3030 5160 3386 5232 παραλαϐεῖν,
3445 5160 3753 5231 προσετίθει

2171 5247 2378 5318 λέγων·
2432 5271 2451 5303 ι
2502 5251 2597 5316 Τίς
2641 5252 2894 5324 ὁδηγήσει
2945 5270 3011 5325 με
3058 5254 3162 5317 ἕως
3210 5254 3310 5326 τῆς
3356 5253 3692 5324 Ἰδουμαίαςέ
3728 5273 3747 5304 ³

2172 5340 2304 5397 Εἶτα
2340 5346 2554 5419 πρῶτον
2581 5349 2675 5401 καὶ
2710 5349 2962 5420 δεύτερον
3006 5348 3197 5417 εἰπὼν,
3234 5369 3253 5402 ι
3296 5351 3427 5415 Τίς;
3468 5368 3486 5401 ι
3518 5350 3609 5402 τὸν
3652 5349 3752 5418 μό-

2169 5454 2259 5489 νον
2297 5438 2518 5493 δυνατὸν
2545 5440 2717 5495 ταῦτα
2742 5441 3013 5495 δεικνύναι
3044 5442 3329 5514 γνωρίζειν
3372 5442 3649 5513 ὁμολογεῖ·
3680 5435 3751 5509 ἦν

2168 5530 2226 5583 δὲ
2259 5524 2415 5598 οὗτος
2441 5536 2469 5588 6
2498 5534 2660 5599 Θεός⁶
2691 5534 2719 5588 ὃ
2745 5535 2863 5589 κατ’
2894 5533 3069 5607 ἀρχὰς
3103 5534 3201 5607 τῆς
3228 5535 3591 5608 προκειμένης
3619 5548 3750 5606 πηο

1088 5718 1142 5774 '5.
1219 5719 1263 5752 "
1303 5715 1449 5774 Psal.
1495 5733 1618 5784 xcv,
1660 5720 1710 5776 5.
1791 5719 1835 5751 ³⁰
1877 5719 2069 5778 Matth.
2116 5736 2235 5786 xvr,
2273 5721 2361 5781 i8.

1712 6501 2545 6509 “‘—
