  <div class='ocr_page' id='page_1' title='image "/cluster/home/n/w/nwhite01/storage/ocr_20150623/23/hvd.32044019207711/316.png"; bbox 0 0 4100 6528; ppageno 0'>
   <div class='ocr_carea' id='block_1_1' title="bbox 409 281 2481 343">
    <p class='ocr_par' dir='ltr' id='par_1_1' title="bbox 409 281 2481 343">
     <span class='ocr_line' id='line_1_1' title="bbox 409 281 2481 343; baseline 0 -5"><span class='ocrx_word' id='word_1_1' title='bbox 409 287 480 343; x_wconf 83' lang='lat'><strong>73</strong></span> <span class='ocrx_word' id='word_1_2' title='bbox 1503 282 2002 341; x_wconf 77' lang='lat' dir='ltr'><strong>COMMENTARIA</strong></span> <span class='ocrx_word' id='word_1_3' title='bbox 2039 281 2105 339; x_wconf 79' lang='grc' dir='ltr'><strong>ΙΝ</strong></span> <span class='ocrx_word' id='word_1_4' title='bbox 2142 282 2481 340; x_wconf 81' lang='lat' dir='ltr'><strong>PSALMOS.</strong></span> 
     </span>
    </p>
   </div>
   <div class='ocr_carea' id='block_1_2' title="bbox 3501 288 3606 343">
    <p class='ocr_par' dir='ltr' id='par_1_2' title="bbox 3501 288 3606 343">
     <span class='ocr_line' id='line_1_2' title="bbox 3501 288 3606 343; baseline 0.01 -1"><span class='ocrx_word' id='word_1_5' title='bbox 3501 288 3606 343; x_wconf 71' lang='grc'><strong>574</strong></span> 
     </span>
    </p>
   </div>
   <div class='ocr_carea' id='block_1_3' title="bbox 368 398 1940 478">
    <p class='ocr_par' dir='ltr' id='par_1_3' title="bbox 368 399 1940 478">
     <span class='ocr_line' id='line_1_3' title="bbox 368 399 1940 478; baseline -0.005 -17"><span class='ocrx_word' id='word_1_6' title='bbox 368 406 673 478; x_wconf 86' lang='grc' dir='ltr'>λογραφίας</span> <span class='ocrx_word' id='word_1_7' title='bbox 704 402 905 472; x_wconf 72' lang='grc' dir='ltr'><strong>ιξλεγεν⁹</strong></span> <span class='ocrx_word' id='word_1_8' title='bbox 936 421 954 454; x_wconf 80' lang='grc' dir='ltr'><strong>ι</strong></span> <span class='ocrx_word' id='word_1_9' title='bbox 1001 401 1058 456; x_wconf 88' lang='lat'><strong>&#39;0</strong></span> <span class='ocrx_word' id='word_1_10' title='bbox 1087 401 1238 467; x_wconf 71' lang='grc' dir='ltr'>Θεδς,</span> <span class='ocrx_word' id='word_1_11' title='bbox 1264 400 1471 455; x_wconf 83' lang='grc' dir='ltr'>ἀπώσω</span> <span class='ocrx_word' id='word_1_12' title='bbox 1503 402 1649 472; x_wconf 78' lang='grc' dir='ltr'>ἡμᾶς</span> <span class='ocrx_word' id='word_1_13' title='bbox 1680 401 1775 455; x_wconf 78' lang='grc' dir='ltr'>καὶ</span> <span class='ocrx_word' id='word_1_14' title='bbox 1808 399 1940 454; x_wconf 86' lang='grc' dir='ltr'>καθ-</span> 
     </span>
    </p>
   </div>
   <div class='ocr_carea' id='block_1_4' title="bbox 2043 398 3606 478">
    <p class='ocr_par' dir='ltr' id='par_1_4' title="bbox 2049 398 3606 471">
     <span class='ocr_line' id='line_1_4' title="bbox 2049 398 3606 471; baseline 0.001 -16"><span class='ocrx_word' id='word_1_15' title='bbox 2049 415 2173 456; x_wconf 90' lang='lat' dir='ltr'><strong>cum</strong></span> <span class='ocrx_word' id='word_1_16' title='bbox 2231 401 2399 457; x_wconf 84' lang='lat' dir='ltr'><strong>semel</strong></span> <span class='ocrx_word' id='word_1_17' title='bbox 2436 407 2490 455; x_wconf 90' lang='lat' dir='ltr'><strong>et</strong></span> <span class='ocrx_word' id='word_1_18' title='bbox 2522 399 2765 454; x_wconf 86' lang='lat' dir='ltr'><strong>secundo</strong></span> <span class='ocrx_word' id='word_1_19' title='bbox 2794 398 3080 467; x_wconf 58' lang='lat' dir='ltr'><strong>dixissem</strong></span> <span class='ocrx_word' id='word_1_20' title='bbox 3101 398 3275 467; x_wconf 79' lang='lat' dir='ltr'><strong>Quis?</strong></span> <span class='ocrx_word' id='word_1_21' title='bbox 3306 419 3324 453; x_wconf 74' lang='grc' dir='ltr'><strong>ι</strong></span> <span class='ocrx_word' id='word_1_22' title='bbox 3359 415 3483 455; x_wconf 87' lang='lat' dir='ltr'><strong>eum</strong></span> <span class='ocrx_word' id='word_1_23' title='bbox 3511 404 3606 471; x_wconf 86' lang='lat' dir='ltr'><strong>qui</strong></span> 
     </span>
    </p>
   </div>
   <div class='ocr_carea' id='block_1_5' title="bbox 368 491 1945 570">
    <p class='ocr_par' dir='ltr' id='par_1_5' title="bbox 368 491 1945 570">
     <span class='ocr_line' id='line_1_5' title="bbox 368 491 1945 570; baseline -0.005 -17"><span class='ocrx_word' id='word_1_24' title='bbox 368 501 511 562; x_wconf 85' lang='grc' dir='ltr'>εἷλες</span> <span class='ocrx_word' id='word_1_25' title='bbox 552 498 719 570; x_wconf 73' lang='grc' dir='ltr'>ἡμᾶς.</span> <span class='ocrx_word' id='word_1_26' title='bbox 768 517 785 549; x_wconf 79' lang='grc' dir='ltr'><strong>ι</strong></span> <span class='ocrx_word' id='word_1_27' title='bbox 829 496 918 550; x_wconf 78' lang='grc' dir='ltr'>Διὸ</span> <span class='ocrx_word' id='word_1_28' title='bbox 973 495 1107 568; x_wconf 86' lang='grc' dir='ltr'>πρὸς</span> <span class='ocrx_word' id='word_1_29' title='bbox 1150 496 1363 566; x_wconf 81' lang='grc' dir='ltr'>ἐκείνην</span> <span class='ocrx_word' id='word_1_30' title='bbox 1401 492 1498 564; x_wconf 79' lang='grc' dir='ltr'><strong>τὴν</strong></span> <span class='ocrx_word' id='word_1_31' title='bbox 1540 491 1719 564; x_wconf 83' lang='grc' dir='ltr'>φωνὴν</span> <span class='ocrx_word' id='word_1_32' title='bbox 1760 491 1945 546; x_wconf 83' lang='grc' dir='ltr'>ἀποδί-</span> 
     </span>
    </p>
   </div>
   <div class='ocr_carea' id='block_1_6' title="bbox 366 584 1942 660">
    <p class='ocr_par' dir='ltr' id='par_1_6' title="bbox 366 584 1942 660">
     <span class='ocr_line' id='line_1_6' title="bbox 366 584 1942 660; baseline -0.004 -16"><span class='ocrx_word' id='word_1_33' title='bbox 366 591 534 645; x_wconf 87' lang='grc' dir='ltr'>δωσιν</span> <span class='ocrx_word' id='word_1_34' title='bbox 572 589 809 644; x_wconf 76' lang='grc' dir='ltr'>ἐνταῦθα</span> <span class='ocrx_word' id='word_1_35' title='bbox 835 588 931 660; x_wconf 83' lang='grc' dir='ltr'>τὴν</span> <span class='ocrx_word' id='word_1_36' title='bbox 958 588 1124 659; x_wconf 79' lang='grc' dir='ltr'>αὐτὴν</span> <span class='ocrx_word' id='word_1_37' title='bbox 1146 587 1381 641; x_wconf 87' lang='grc' dir='ltr'>διάνοιαν</span> <span class='ocrx_word' id='word_1_38' title='bbox 1416 585 1617 653; x_wconf 86' lang='grc' dir='ltr'>λέγων·</span> <span class='ocrx_word' id='word_1_39' title='bbox 1658 602 1678 635; x_wconf 85' lang='grc'><em>‹</em></span> <span class='ocrx_word' id='word_1_40' title='bbox 1706 584 1839 654; x_wconf 75' lang='grc' dir='ltr'><strong>Οὐχὶ</strong></span> <span class='ocrx_word' id='word_1_41' title='bbox 1879 585 1942 637; x_wconf 82' lang='grc' dir='ltr'><strong>σὺ</strong></span> 
     </span>
    </p>
   </div>
   <div class='ocr_carea' id='block_1_7' title="bbox 366 675 1941 752">
    <p class='ocr_par' dir='ltr' id='par_1_7' title="bbox 366 675 1941 752">
     <span class='ocr_line' id='line_1_7' title="bbox 366 675 1941 752; baseline -0.006 -17"><span class='ocrx_word' id='word_1_42' title='bbox 366 684 397 735; x_wconf 92' lang='lat'><strong>6</strong></span> <span class='ocrx_word' id='word_1_43' title='bbox 422 682 557 745; x_wconf 79' lang='grc' dir='ltr'>Θεὸς</span> <span class='ocrx_word' id='word_1_44' title='bbox 604 682 633 734; x_wconf 91' lang='lat'><strong>6</strong></span> <span class='ocrx_word' id='word_1_45' title='bbox 659 681 1016 752; x_wconf 87' lang='grc' dir='ltr'>ἀπωσάμενος</span> <span class='ocrx_word' id='word_1_46' title='bbox 1056 680 1233 751; x_wconf 55' lang='lat' dir='ltr'><strong>huic;</strong></span> <span class='ocrx_word' id='word_1_47' title='bbox 1266 697 1286 730; x_wconf 70' lang='grc' dir='ltr'><strong>ι</strong></span> <span class='ocrx_word' id='word_1_48' title='bbox 1326 677 1422 741; x_wconf 86' lang='grc' dir='ltr'>Τίς</span> <span class='ocrx_word' id='word_1_49' title='bbox 1446 675 1553 747; x_wconf 80' lang='grc' dir='ltr'><strong>γὰρ</strong></span> <span class='ocrx_word' id='word_1_50' title='bbox 1582 675 1757 741; x_wconf 78' lang='grc' dir='ltr'>ἄλλος,</span> <span class='ocrx_word' id='word_1_51' title='bbox 1788 676 1941 746; x_wconf 73' lang='grc' dir='ltr'>φησὶ,</span> 
     </span>
    </p>
   </div>
   <div class='ocr_carea' id='block_1_8' title="bbox 368 767 1943 843">
    <p class='ocr_par' dir='ltr' id='par_1_8' title="bbox 368 767 1943 843">
     <span class='ocr_line' id='line_1_8' title="bbox 368 767 1943 843; baseline -0.003 -17"><span class='ocrx_word' id='word_1_52' title='bbox 368 772 592 827; x_wconf 74' lang='grc' dir='ltr'>δύναται</span> <span class='ocrx_word' id='word_1_53' title='bbox 618 772 787 839; x_wconf 80' lang='grc' dir='ltr'>δεῖξαι</span> <span class='ocrx_word' id='word_1_54' title='bbox 814 774 944 843; x_wconf 78' lang='grc' dir='ltr'>ἡμῖν</span> <span class='ocrx_word' id='word_1_55' title='bbox 975 770 1072 835; x_wconf 79' lang='grc' dir='ltr'>τὰς</span> <span class='ocrx_word' id='word_1_56' title='bbox 1099 768 1429 839; x_wconf 87' lang='grc' dir='ltr'>ἐπαγγελίας</span> <span class='ocrx_word' id='word_1_57' title='bbox 1461 767 1560 832; x_wconf 83' lang='grc' dir='ltr'><strong>τὰς</strong></span> <span class='ocrx_word' id='word_1_58' title='bbox 1590 768 1689 831; x_wconf 86' lang='grc' dir='ltr'>σὰς</span> <span class='ocrx_word' id='word_1_59' title='bbox 1721 767 1943 821; x_wconf 73' lang='grc' dir='ltr'>καὶτῶν</span> 
     </span>
    </p>
   </div>
   <div class='ocr_carea' id='block_1_9' title="bbox 374 858 1943 933">
    <p class='ocr_par' dir='ltr' id='par_1_9' title="bbox 374 858 1943 933">
     <span class='ocr_line' id='line_1_9' title="bbox 374 858 1943 933; baseline -0.003 -17"><span class='ocrx_word' id='word_1_60' title='bbox 374 862 482 916; x_wconf 91' lang='grc' dir='ltr'><strong>σῶν</strong></span> <span class='ocrx_word' id='word_1_61' title='bbox 505 864 681 933; x_wconf 86' lang='grc' dir='ltr'>λόγων</span> <span class='ocrx_word' id='word_1_62' title='bbox 713 863 780 917; x_wconf 83' lang='grc' dir='ltr'><strong>τὰ</strong></span> <span class='ocrx_word' id='word_1_63' title='bbox 811 861 1245 932; x_wconf 81' lang='grc' dir='ltr'><strong>ἀποτελέσματα,</strong></span> <span class='ocrx_word' id='word_1_64' title='bbox 1278 861 1327 913; x_wconf 83' lang='grc' dir='ltr'><strong>εί</strong></span> <span class='ocrx_word' id='word_1_65' title='bbox 1362 860 1437 931; x_wconf 79' lang='grc' dir='ltr'>μὴ</span> <span class='ocrx_word' id='word_1_66' title='bbox 1466 860 1529 913; x_wconf 83' lang='grc' dir='ltr'><strong>σὺ</strong></span> <span class='ocrx_word' id='word_1_67' title='bbox 1560 858 1721 922; x_wconf 78' lang='grc' dir='ltr'>αὐτὸς</span> <span class='ocrx_word' id='word_1_68' title='bbox 1766 861 1795 912; x_wconf 97' lang='lat'><strong>6</strong></span> <span class='ocrx_word' id='word_1_69' title='bbox 1838 860 1943 912; x_wconf 83' lang='grc' dir='ltr'>ἀπ-</span> 
     </span>
    </p>
   </div>
   <div class='ocr_carea' id='block_1_10' title="bbox 371 948 1942 1023">
    <p class='ocr_par' dir='ltr' id='par_1_10' title="bbox 371 948 1942 1023">
     <span class='ocr_line' id='line_1_10' title="bbox 371 948 1942 1023; baseline -0.003 -18"><span class='ocrx_word' id='word_1_70' title='bbox 371 953 655 1022; x_wconf 82' lang='grc' dir='ltr'>ωσάμενος</span> <span class='ocrx_word' id='word_1_71' title='bbox 688 953 871 1023; x_wconf 77' lang='grc' dir='ltr'>ήμᾶςς</span> <span class='ocrx_word' id='word_1_72' title='bbox 899 952 953 1023; x_wconf 78' lang='grc' dir='ltr'>ἢ,</span> <span class='ocrx_word' id='word_1_73' title='bbox 985 949 1126 1004; x_wconf 87' lang='grc' dir='ltr'><strong>κατά</strong></span> <span class='ocrx_word' id='word_1_74' title='bbox 1160 948 1252 1003; x_wconf 87' lang='grc' dir='ltr'><strong>τὸν</strong></span> <span class='ocrx_word' id='word_1_75' title='bbox 1280 948 1593 1020; x_wconf 82' lang='grc' dir='ltr'><strong>Σύμμαχον,</strong></span> <span class='ocrx_word' id='word_1_76' title='bbox 1623 966 1641 999; x_wconf 79' lang='grc' dir='ltr'><strong>ι</strong></span> <span class='ocrx_word' id='word_1_77' title='bbox 1676 949 1740 1001; x_wconf 85' lang='lat' dir='ltr'><strong>El</strong></span> <span class='ocrx_word' id='word_1_78' title='bbox 1772 948 1846 1020; x_wconf 78' lang='grc' dir='ltr'>μὴ</span> <span class='ocrx_word' id='word_1_79' title='bbox 1878 948 1942 1000; x_wconf 77' lang='grc' dir='ltr'><strong>σὺ</strong></span> 
     </span>
    </p>
   </div>
   <div class='ocr_carea' id='block_1_11' title="bbox 370 1037 1943 1113">
    <p class='ocr_par' dir='ltr' id='par_1_11' title="bbox 370 1037 1943 1113">
     <span class='ocr_line' id='line_1_11' title="bbox 370 1037 1943 1113; baseline 0.001 -21"><span class='ocrx_word' id='word_1_80' title='bbox 370 1040 400 1092; x_wconf 89' lang='lat'><strong>6</strong></span> <span class='ocrx_word' id='word_1_81' title='bbox 433 1039 565 1104; x_wconf 84' lang='grc' dir='ltr'>Θεὸς</span> <span class='ocrx_word' id='word_1_82' title='bbox 595 1042 623 1093; x_wconf 90' lang='lat'><strong>6</strong></span> <span class='ocrx_word' id='word_1_83' title='bbox 654 1040 1088 1112; x_wconf 80' lang='grc' dir='ltr'>ἀποσαλλόμενος</span> <span class='ocrx_word' id='word_1_84' title='bbox 1112 1043 1281 1113; x_wconf 79' lang='grc' dir='ltr'>ἡμᾶς,</span> <span class='ocrx_word' id='word_1_85' title='bbox 1308 1040 1402 1093; x_wconf 79' lang='grc' dir='ltr'>καὶ</span> <span class='ocrx_word' id='word_1_86' title='bbox 1435 1039 1510 1111; x_wconf 83' lang='grc' dir='ltr'><strong>μὴ</strong></span> <span class='ocrx_word' id='word_1_87' title='bbox 1545 1037 1855 1109; x_wconf 85' lang='grc' dir='ltr'>προσελθὼν</span> <span class='ocrx_word' id='word_1_88' title='bbox 1886 1040 1943 1093; x_wconf 86' lang='grc' dir='ltr'><strong>ἐν</strong></span> 
     </span>
    </p>
   </div>
   <div class='ocr_carea' id='block_1_12' title="bbox 369 1129 1940 1203">
    <p class='ocr_par' dir='ltr' id='par_1_12' title="bbox 369 1129 1940 1203">
     <span class='ocr_line' id='line_1_12' title="bbox 369 1129 1940 1203; baseline 0 -20"><span class='ocrx_word' id='word_1_89' title='bbox 369 1133 490 1195; x_wconf 85' lang='grc' dir='ltr'>ταῖς</span> <span class='ocrx_word' id='word_1_90' title='bbox 539 1132 920 1203; x_wconf 83' lang='grc' dir='ltr'>στρατεύσεσιν</span> <span class='ocrx_word' id='word_1_91' title='bbox 958 1132 1148 1203; x_wconf 84' lang='grc' dir='ltr'>ἡμῶν;</span> <span class='ocrx_word' id='word_1_92' title='bbox 1192 1151 1211 1185; x_wconf 80' lang='grc' dir='ltr'><strong>ι</strong></span> <span class='ocrx_word' id='word_1_93' title='bbox 1258 1129 1487 1187; x_wconf 80' lang='grc' dir='ltr'>Ἀπώσω</span> <span class='ocrx_word' id='word_1_94' title='bbox 1517 1131 1624 1203; x_wconf 80' lang='grc' dir='ltr'>γὰρ</span> <span class='ocrx_word' id='word_1_95' title='bbox 1665 1132 1813 1202; x_wconf 78' lang='grc' dir='ltr'>ἡμᾶς</span> <span class='ocrx_word' id='word_1_96' title='bbox 1854 1130 1940 1194; x_wconf 76' lang='grc' dir='ltr'><strong>σὺ,</strong></span> 
     </span>
    </p>
   </div>
   <div class='ocr_carea' id='block_1_13' title="bbox 370 1219 1941 1297">
    <p class='ocr_par' dir='ltr' id='par_1_13' title="bbox 370 1219 1941 1297">
     <span class='ocr_line' id='line_1_13' title="bbox 370 1219 1941 1297; baseline -0.003 -19"><span class='ocrx_word' id='word_1_97' title='bbox 370 1224 565 1297; x_wconf 82' lang='grc' dir='ltr'>Κύριε,</span> <span class='ocrx_word' id='word_1_98' title='bbox 600 1225 692 1279; x_wconf 76' lang='grc' dir='ltr'><strong>καὶ</strong></span> <span class='ocrx_word' id='word_1_99' title='bbox 729 1224 977 1289; x_wconf 80' lang='grc' dir='ltr'><strong>καθεῖλες</strong></span> <span class='ocrx_word' id='word_1_100' title='bbox 1011 1227 1188 1297; x_wconf 77' lang='grc' dir='ltr'>ἡμᾶς·</span> <span class='ocrx_word' id='word_1_101' title='bbox 1223 1222 1359 1278; x_wconf 84' lang='grc' dir='ltr'><strong>ἀλλά</strong></span> <span class='ocrx_word' id='word_1_102' title='bbox 1391 1222 1485 1275; x_wconf 75' lang='grc' dir='ltr'>καὶ</span> <span class='ocrx_word' id='word_1_103' title='bbox 1526 1221 1693 1276; x_wconf 87' lang='grc' dir='ltr'>πάλαι</span> <span class='ocrx_word' id='word_1_104' title='bbox 1738 1219 1941 1285; x_wconf 74' lang='grc' dir='ltr'>εἰωθὼς</span> 
     </span>
    </p>
   </div>
   <div class='ocr_carea' id='block_1_14' title="bbox 372 1311 1943 1386">
    <p class='ocr_par' dir='ltr' id='par_1_14' title="bbox 372 1311 1943 1386">
     <span class='ocr_line' id='line_1_14' title="bbox 372 1311 1943 1386; baseline -0.003 -17"><span class='ocrx_word' id='word_1_105' title='bbox 372 1314 675 1380; x_wconf 81' lang='grc' dir='ltr'><strong>συνεξιέναι</strong></span> <span class='ocrx_word' id='word_1_106' title='bbox 718 1315 812 1368; x_wconf 75' lang='grc' dir='ltr'><strong>καὶ</strong></span> <span class='ocrx_word' id='word_1_107' title='bbox 862 1315 1229 1386; x_wconf 75' lang='grc' dir='ltr'>συμπολεμεῖν</span> <span class='ocrx_word' id='word_1_108' title='bbox 1273 1316 1395 1378; x_wconf 84' lang='grc' dir='ltr'>ταῖς</span> <span class='ocrx_word' id='word_1_109' title='bbox 1446 1314 1741 1385; x_wconf 79' lang='grc' dir='ltr'><strong>ἡμετέραις</strong></span> <span class='ocrx_word' id='word_1_110' title='bbox 1786 1311 1943 1365; x_wconf 84' lang='grc' dir='ltr'>δυνά-</span> 
     </span>
    </p>
   </div>
   <div class='ocr_carea' id='block_1_15' title="bbox 371 1402 1942 1478">
    <p class='ocr_par' dir='ltr' id='par_1_15' title="bbox 371 1402 1942 1478">
     <span class='ocr_line' id='line_1_15' title="bbox 371 1402 1942 1478; baseline -0.003 -18"><span class='ocrx_word' id='word_1_111' title='bbox 371 1423 521 1478; x_wconf 84' lang='grc' dir='ltr'>μεσι,</span> <span class='ocrx_word' id='word_1_112' title='bbox 542 1406 635 1460; x_wconf 81' lang='grc' dir='ltr'>νῦν</span> <span class='ocrx_word' id='word_1_113' title='bbox 656 1408 742 1460; x_wconf 84' lang='grc' dir='ltr'><strong>ὅτε</strong></span> <span class='ocrx_word' id='word_1_114' title='bbox 771 1408 869 1478; x_wconf 83' lang='grc' dir='ltr'>τὴν</span> <span class='ocrx_word' id='word_1_115' title='bbox 896 1406 1088 1477; x_wconf 81' lang='grc' dir='ltr'>κλῆσιν</span> <span class='ocrx_word' id='word_1_116' title='bbox 1110 1408 1348 1477; x_wconf 76' lang='grc' dir='ltr'><strong>ἐποιήσω</strong></span> <span class='ocrx_word' id='word_1_117' title='bbox 1381 1406 1489 1459; x_wconf 88' lang='grc' dir='ltr'><strong>τῶν</strong></span> <span class='ocrx_word' id='word_1_118' title='bbox 1517 1404 1705 1471; x_wconf 80' lang='grc' dir='ltr'>ἐθνῶν,</span> <span class='ocrx_word' id='word_1_119' title='bbox 1737 1402 1942 1457; x_wconf 84' lang='grc' dir='ltr'>ἀπώσω</span> 
     </span>
    </p>
   </div>
   <div class='ocr_carea' id='block_1_16' title="bbox 370 1496 1936 1571">
    <p class='ocr_par' dir='ltr' id='par_1_16' title="bbox 370 1496 1936 1571">
     <span class='ocr_line' id='line_1_16' title="bbox 370 1496 1936 1571; baseline -0.001 -20"><span class='ocrx_word' id='word_1_120' title='bbox 370 1501 522 1570; x_wconf 77' lang='grc' dir='ltr'>ἡμᾶς</span> <span class='ocrx_word' id='word_1_121' title='bbox 547 1498 639 1552; x_wconf 74' lang='grc' dir='ltr'>καὶ</span> <span class='ocrx_word' id='word_1_122' title='bbox 665 1498 847 1553; x_wconf 84' lang='grc' dir='ltr'>οὐκέτι</span> <span class='ocrx_word' id='word_1_123' title='bbox 876 1498 1166 1571; x_wconf 81' lang='grc' dir='ltr'>συνεξέρχῃ</span> <span class='ocrx_word' id='word_1_124' title='bbox 1191 1503 1310 1563; x_wconf 83' lang='grc' dir='ltr'>ταῖς</span> <span class='ocrx_word' id='word_1_125' title='bbox 1335 1499 1633 1570; x_wconf 81' lang='grc' dir='ltr'>ἡμετέραις</span> <span class='ocrx_word' id='word_1_126' title='bbox 1658 1496 1936 1569; x_wconf 83' lang='grc' dir='ltr'>δυνάμεσι.</span> 
     </span>
    </p>
   </div>
   <div class='ocr_carea' id='block_1_17' title="bbox 371 1587 1940 1663">
    <p class='ocr_par' dir='ltr' id='par_1_17' title="bbox 371 1587 1940 1663">
     <span class='ocr_line' id='line_1_17' title="bbox 371 1587 1940 1663; baseline -0.001 -19"><span class='ocrx_word' id='word_1_127' title='bbox 371 1590 541 1661; x_wconf 79' lang='grc' dir='ltr'>Ἀλλη</span> <span class='ocrx_word' id='word_1_128' title='bbox 589 1587 682 1646; x_wconf 77' lang='grc' dir='ltr'><strong>οὖν</strong></span> <span class='ocrx_word' id='word_1_129' title='bbox 714 1593 814 1646; x_wconf 77' lang='grc' dir='ltr'><strong>οὐκ</strong></span> <span class='ocrx_word' id='word_1_130' title='bbox 845 1591 990 1647; x_wconf 76' lang='grc' dir='ltr'>ἔστιν</span> <span class='ocrx_word' id='word_1_131' title='bbox 1038 1593 1169 1663; x_wconf 76' lang='grc' dir='ltr'>ἡμῖν</span> <span class='ocrx_word' id='word_1_132' title='bbox 1195 1592 1347 1656; x_wconf 74' lang='grc' dir='ltr'>ἐλπὶς</span> <span class='ocrx_word' id='word_1_133' title='bbox 1380 1592 1514 1663; x_wconf 81' lang='grc' dir='ltr'>πρὸς</span> <span class='ocrx_word' id='word_1_134' title='bbox 1547 1590 1606 1644; x_wconf 83' lang='grc' dir='ltr'>τὸ</span> <span class='ocrx_word' id='word_1_135' title='bbox 1647 1588 1940 1645; x_wconf 85' lang='grc' dir='ltr'>θεάσασθαί</span> 
     </span>
    </p>
   </div>
   <div class='ocr_carea' id='block_1_18' title="bbox 366 1682 1935 1760">
    <p class='ocr_par' dir='ltr' id='par_1_18' title="bbox 366 1682 1935 1760">
     <span class='ocr_line' id='line_1_18' title="bbox 366 1682 1935 1760; baseline -0.001 -24"><span class='ocrx_word' id='word_1_136' title='bbox 366 1701 462 1739; x_wconf 85' lang='grc' dir='ltr'><strong>σου</strong></span> <span class='ocrx_word' id='word_1_137' title='bbox 507 1684 605 1749; x_wconf 82' lang='grc' dir='ltr'>τὰς</span> <span class='ocrx_word' id='word_1_138' title='bbox 647 1686 998 1755; x_wconf 89' lang='grc' dir='ltr'>ἐπαγγελίας,</span> <span class='ocrx_word' id='word_1_139' title='bbox 1044 1687 1093 1739; x_wconf 80' lang='grc' dir='ltr'><strong>εί</strong></span> <span class='ocrx_word' id='word_1_140' title='bbox 1117 1752 1125 1760; x_wconf 41' lang='grc'><em>,</em></span> <span class='ocrx_word' id='word_1_141' title='bbox 1152 1686 1226 1757; x_wconf 83' lang='grc' dir='ltr'>μὴ</span> <span class='ocrx_word' id='word_1_142' title='bbox 1276 1686 1341 1739; x_wconf 81' lang='grc' dir='ltr'><strong>σὺ</strong></span> <span class='ocrx_word' id='word_1_143' title='bbox 1394 1684 1553 1748; x_wconf 83' lang='grc' dir='ltr'>αὐτὸς</span> <span class='ocrx_word' id='word_1_144' title='bbox 1599 1682 1935 1755; x_wconf 85' lang='grc' dir='ltr'>βουληθείης.</span> 
     </span>
    </p>
   </div>
   <div class='ocr_carea' id='block_1_19' title="bbox 2045 490 3608 562">
    <p class='ocr_par' dir='ltr' id='par_1_19' title="bbox 2045 490 3608 562">
     <span class='ocr_line' id='line_1_19' title="bbox 2045 490 3608 562; baseline -0.002 -14"><span class='ocrx_word' id='word_1_145' title='bbox 2045 493 2196 548; x_wconf 88' lang='lat' dir='ltr'><strong>solus</strong></span> <span class='ocrx_word' id='word_1_146' title='bbox 2236 492 2367 546; x_wconf 89' lang='lat' dir='ltr'><strong>talia</strong></span> <span class='ocrx_word' id='word_1_147' title='bbox 2409 490 2697 548; x_wconf 74' lang='lat' dir='ltr'><strong>ostendere</strong></span> <span class='ocrx_word' id='word_1_148' title='bbox 2744 491 2920 561; x_wconf 90' lang='lat' dir='ltr'><strong>possit</strong></span> <span class='ocrx_word' id='word_1_149' title='bbox 2968 506 3298 562; x_wconf 74' lang='lat' dir='ltr'><strong>cognoscere</strong></span> <span class='ocrx_word' id='word_1_150' title='bbox 3333 507 3392 547; x_wconf 87' lang='lat' dir='ltr'><strong>se</strong></span> <span class='ocrx_word' id='word_1_151' title='bbox 3434 492 3608 546; x_wconf 82' lang='lat' dir='ltr'><strong>conli-</strong></span> 
     </span>
    </p>
   </div>
   <div class='ocr_carea' id='block_1_20' title="bbox 2044 582 3609 654">
    <p class='ocr_par' dir='ltr' id='par_1_20' title="bbox 2044 582 3609 654">
     <span class='ocr_line' id='line_1_20' title="bbox 2044 582 3609 654; baseline -0.003 -15"><span class='ocrx_word' id='word_1_152' title='bbox 2044 594 2223 653; x_wconf 88' lang='lat' dir='ltr'><strong>tetur;</strong></span> <span class='ocrx_word' id='word_1_153' title='bbox 2260 585 2348 639; x_wconf 89' lang='lat' dir='ltr'><strong>hic</strong></span> <span class='ocrx_word' id='word_1_154' title='bbox 2369 599 2533 654; x_wconf 90' lang='lat' dir='ltr'><strong>porro</strong></span> <span class='ocrx_word' id='word_1_155' title='bbox 2567 582 2711 639; x_wconf 88' lang='lat' dir='ltr'><strong>Deus</strong></span> <span class='ocrx_word' id='word_1_156' title='bbox 2740 593 2890 649; x_wconf 88' lang='lat' dir='ltr'><strong>erat;</strong></span> <span class='ocrx_word' id='word_1_157' title='bbox 2923 582 3067 653; x_wconf 89' lang='lat' dir='ltr'><strong>quod</strong></span> <span class='ocrx_word' id='word_1_158' title='bbox 3103 583 3265 637; x_wconf 88' lang='lat' dir='ltr'><strong>etiam</strong></span> <span class='ocrx_word' id='word_1_159' title='bbox 3320 583 3475 637; x_wconf 89' lang='lat' dir='ltr'><strong>initio</strong></span> <span class='ocrx_word' id='word_1_160' title='bbox 3504 582 3609 636; x_wconf 83' lang='lat' dir='ltr'><strong>hu-</strong></span> 
     </span>
    </p>
   </div>
   <div class='ocr_carea' id='block_1_21' title="bbox 2038 674 3607 747">
    <p class='ocr_par' dir='ltr' id='par_1_21' title="bbox 2038 674 3607 747">
     <span class='ocr_line' id='line_1_21' title="bbox 2038 674 3607 747; baseline -0.002 -15"><span class='ocrx_word' id='word_1_161' title='bbox 2038 677 2130 747; x_wconf 88' lang='lat' dir='ltr'><strong>jus</strong></span> <span class='ocrx_word' id='word_1_162' title='bbox 2162 676 2311 731; x_wconf 89' lang='lat' dir='ltr'><strong>tituli</strong></span> <span class='ocrx_word' id='word_1_163' title='bbox 2363 675 2740 746; x_wconf 85' lang='lat' dir='ltr'><strong>inscriptionis</strong></span> <span class='ocrx_word' id='word_1_164' title='bbox 2789 674 3053 731; x_wconf 87' lang='lat' dir='ltr'><strong>dicebat:</strong></span> <span class='ocrx_word' id='word_1_165' title='bbox 3089 694 3107 726; x_wconf 80' lang='grc' dir='ltr'><strong>ι</strong></span> <span class='ocrx_word' id='word_1_166' title='bbox 3148 674 3310 737; x_wconf 88' lang='lat' dir='ltr'><strong>Deus,</strong></span> <span class='ocrx_word' id='word_1_167' title='bbox 3355 676 3607 746; x_wconf 86' lang='lat' dir='ltr'><strong>repulisti</strong></span> 
     </span>
    </p>
   </div>
   <div class='ocr_carea' id='block_1_22' title="bbox 2041 768 3601 838">
    <p class='ocr_par' dir='ltr' id='par_1_22' title="bbox 2041 768 3601 838">
     <span class='ocr_line' id='line_1_22' title="bbox 2041 768 3601 838; baseline -0.001 -13"><span class='ocrx_word' id='word_1_168' title='bbox 2041 786 2144 826; x_wconf 88' lang='lat' dir='ltr'><strong>nos</strong></span> <span class='ocrx_word' id='word_1_169' title='bbox 2170 780 2223 825; x_wconf 87' lang='lat' dir='ltr'><strong>et</strong></span> <span class='ocrx_word' id='word_1_170' title='bbox 2249 769 2571 825; x_wconf 78' lang='lat' dir='ltr'><strong>destruxisti</strong></span> <span class='ocrx_word' id='word_1_171' title='bbox 2601 782 2757 824; x_wconf 67' lang='lat' dir='ltr'><strong>nos.»</strong></span> <span class='ocrx_word' id='word_1_172' title='bbox 2790 768 2970 836; x_wconf 81' lang='lat' dir='ltr'><strong>Quare</strong></span> <span class='ocrx_word' id='word_1_173' title='bbox 3002 768 3068 822; x_wconf 89' lang='lat' dir='ltr'><strong>ad</strong></span> <span class='ocrx_word' id='word_1_174' title='bbox 3099 768 3242 822; x_wconf 83' lang='lat' dir='ltr'><strong>illam</strong></span> <span class='ocrx_word' id='word_1_175' title='bbox 3262 783 3446 823; x_wconf 84' lang='lat' dir='ltr'><strong>vocem</strong></span> <span class='ocrx_word' id='word_1_176' title='bbox 3478 784 3601 838; x_wconf 88' lang='lat' dir='ltr'><strong>spe-</strong></span> 
     </span>
    </p>
   </div>
   <div class='ocr_carea' id='block_1_23' title="bbox 2041 858 3601 932">
    <p class='ocr_par' dir='ltr' id='par_1_23' title="bbox 2041 858 3601 932">
     <span class='ocr_line' id='line_1_23' title="bbox 2041 858 3601 932; baseline -0.001 -15"><span class='ocrx_word' id='word_1_177' title='bbox 2041 870 2220 928; x_wconf 90' lang='lat' dir='ltr'><strong>ctans,</strong></span> <span class='ocrx_word' id='word_1_178' title='bbox 2261 861 2511 917; x_wconf 87' lang='lat' dir='ltr'><strong>eamdem</strong></span> <span class='ocrx_word' id='word_1_179' title='bbox 2563 862 2655 918; x_wconf 86' lang='lat' dir='ltr'><strong>hic</strong></span> <span class='ocrx_word' id='word_1_180' title='bbox 2717 860 2921 932; x_wconf 77' lang='lat' dir='ltr'><strong>profert</strong></span> <span class='ocrx_word' id='word_1_181' title='bbox 2981 862 3303 916; x_wconf 87' lang='lat' dir='ltr'><strong>sententiam</strong></span> <span class='ocrx_word' id='word_1_182' title='bbox 3375 858 3601 916; x_wconf 89' lang='lat' dir='ltr'><strong>dicens:</strong></span> 
     </span>
    </p>
   </div>
   <div class='ocr_carea' id='block_1_24' title="bbox 2047 953 3604 1026">
    <p class='ocr_par' dir='ltr' id='par_1_24' title="bbox 2047 953 3604 1026">
     <span class='ocr_line' id='line_1_24' title="bbox 2047 953 3604 1026; baseline -0.003 -18"><span class='ocrx_word' id='word_1_183' title='bbox 2047 975 2067 1008; x_wconf 77' lang='grc' dir='ltr'><strong>ι</strong></span> <span class='ocrx_word' id='word_1_184' title='bbox 2093 955 2285 1011; x_wconf 85' lang='lat' dir='ltr'><strong>Nonne</strong></span> <span class='ocrx_word' id='word_1_185' title='bbox 2307 963 2392 1019; x_wconf 91' lang='lat' dir='ltr'><strong>tu,</strong></span> <span class='ocrx_word' id='word_1_186' title='bbox 2424 953 2593 1019; x_wconf 87' lang='lat' dir='ltr'><strong>Deus,</strong></span> <span class='ocrx_word' id='word_1_187' title='bbox 2631 956 2724 1024; x_wconf 87' lang='lat' dir='ltr'><strong>qui</strong></span> <span class='ocrx_word' id='word_1_188' title='bbox 2772 955 3021 1026; x_wconf 88' lang='lat' dir='ltr'><strong>repulisti</strong></span> <span class='ocrx_word' id='word_1_189' title='bbox 3048 955 3186 1009; x_wconf 87' lang='lat' dir='ltr'><strong>nos?</strong></span> <span class='ocrx_word' id='word_1_190' title='bbox 3211 974 3230 1006; x_wconf 76' lang='grc' dir='ltr'><strong>ι</strong></span> <span class='ocrx_word' id='word_1_191' title='bbox 3285 953 3419 1019; x_wconf 87' lang='lat' dir='ltr'><strong>Quis</strong></span> <span class='ocrx_word' id='word_1_192' title='bbox 3458 953 3604 1007; x_wconf 84' lang='lat' dir='ltr'><strong>enim</strong></span> 
     </span>
    </p>
   </div>
   <div class='ocr_carea' id='block_1_25' title="bbox 2044 1046 3603 1118">
    <p class='ocr_par' dir='ltr' id='par_1_25' title="bbox 2044 1046 3603 1118">
     <span class='ocr_line' id='line_1_25' title="bbox 2044 1046 3603 1118; baseline -0.003 -17"><span class='ocrx_word' id='word_1_193' title='bbox 2044 1047 2209 1108; x_wconf 90' lang='lat' dir='ltr'><strong>alius,</strong></span> <span class='ocrx_word' id='word_1_194' title='bbox 2259 1048 2459 1118; x_wconf 86' lang='lat' dir='ltr'><strong>inquit,</strong></span> <span class='ocrx_word' id='word_1_195' title='bbox 2510 1048 2776 1118; x_wconf 87' lang='lat' dir='ltr'><strong>promissa</strong></span> <span class='ocrx_word' id='word_1_196' title='bbox 2806 1056 2920 1112; x_wconf 88' lang='lat' dir='ltr'><strong>tua,</strong></span> <span class='ocrx_word' id='word_1_197' title='bbox 2971 1054 3027 1100; x_wconf 91' lang='lat' dir='ltr'><strong>et</strong></span> <span class='ocrx_word' id='word_1_198' title='bbox 3068 1046 3359 1101; x_wconf 79' lang='lat' dir='ltr'><strong>verborum</strong></span> <span class='ocrx_word' id='word_1_199' title='bbox 3388 1055 3603 1098; x_wconf 89' lang='lat' dir='ltr'><strong>tuorum</strong></span> 
     </span>
    </p>
   </div>
   <div class='ocr_carea' id='block_1_26' title="bbox 2042 1135 3604 1206">
    <p class='ocr_par' dir='ltr' id='par_1_26' title="bbox 2042 1135 3604 1206">
     <span class='ocr_line' id='line_1_26' title="bbox 2042 1135 3604 1206; baseline -0.003 -14"><span class='ocrx_word' id='word_1_200' title='bbox 2042 1138 2248 1193; x_wconf 74' lang='lat' dir='ltr'><strong>exitum</strong></span> <span class='ocrx_word' id='word_1_201' title='bbox 2313 1139 2569 1193; x_wconf 80' lang='lat' dir='ltr'><strong>exhibere</strong></span> <span class='ocrx_word' id='word_1_202' title='bbox 2622 1138 2780 1193; x_wconf 89' lang='lat' dir='ltr'><strong>nobis</strong></span> <span class='ocrx_word' id='word_1_203' title='bbox 2840 1137 3035 1197; x_wconf 88' lang='lat' dir='ltr'><strong>valeat,</strong></span> <span class='ocrx_word' id='word_1_204' title='bbox 3102 1137 3206 1190; x_wconf 90' lang='lat' dir='ltr'><strong>nisi</strong></span> <span class='ocrx_word' id='word_1_205' title='bbox 3260 1145 3318 1190; x_wconf 92' lang='lat' dir='ltr'><strong>tu</strong></span> <span class='ocrx_word' id='word_1_206' title='bbox 3360 1135 3476 1206; x_wconf 90' lang='lat' dir='ltr'><strong>ipse</strong></span> <span class='ocrx_word' id='word_1_207' title='bbox 3511 1135 3604 1205; x_wconf 91' lang='lat' dir='ltr'><strong>qui</strong></span> 
     </span>
    </p>
   </div>
   <div class='ocr_carea' id='block_1_27' title="bbox 2042 1224 3605 1299">
    <p class='ocr_par' dir='ltr' id='par_1_27' title="bbox 2042 1224 3605 1299">
     <span class='ocr_line' id='line_1_27' title="bbox 2042 1224 3605 1299; baseline -0.003 -18"><span class='ocrx_word' id='word_1_208' title='bbox 2042 1228 2290 1298; x_wconf 87' lang='lat' dir='ltr'><strong>repulisti</strong></span> <span class='ocrx_word' id='word_1_209' title='bbox 2327 1228 2472 1283; x_wconf 86' lang='lat' dir='ltr'><strong>nos?</strong></span> <span class='ocrx_word' id='word_1_210' title='bbox 2503 1228 2638 1293; x_wconf 85' lang='lat' dir='ltr'><strong>sive,</strong></span> <span class='ocrx_word' id='word_1_211' title='bbox 2674 1227 2975 1283; x_wconf 89' lang='lat' dir='ltr'><strong>secundum</strong></span> <span class='ocrx_word' id='word_1_212' title='bbox 3009 1225 3414 1299; x_wconf 85' lang='lat' dir='ltr'><strong>Symmachum,</strong></span> <span class='ocrx_word' id='word_1_213' title='bbox 3445 1243 3463 1276; x_wconf 82' lang='grc' dir='ltr'><strong>ι</strong></span> <span class='ocrx_word' id='word_1_214' title='bbox 3487 1224 3605 1279; x_wconf 83' lang='lat' dir='ltr'><strong>Nisi</strong></span> 
     </span>
    </p>
   </div>
   <div class='ocr_carea' id='block_1_28' title="bbox 2046 1317 3607 1391">
    <p class='ocr_par' dir='ltr' id='par_1_28' title="bbox 2046 1317 3607 1391">
     <span class='ocr_line' id='line_1_28' title="bbox 2046 1317 3607 1391; baseline -0.003 -16"><span class='ocrx_word' id='word_1_215' title='bbox 2046 1330 2128 1385; x_wconf 89' lang='lat' dir='ltr'><strong>tu,</strong></span> <span class='ocrx_word' id='word_1_216' title='bbox 2160 1320 2325 1384; x_wconf 87' lang='lat' dir='ltr'><strong>Deus,</strong></span> <span class='ocrx_word' id='word_1_217' title='bbox 2348 1321 2441 1391; x_wconf 92' lang='lat' dir='ltr'><strong>qui</strong></span> <span class='ocrx_word' id='word_1_218' title='bbox 2474 1320 2671 1390; x_wconf 87' lang='lat' dir='ltr'><strong>abjicis</strong></span> <span class='ocrx_word' id='word_1_219' title='bbox 2706 1336 2829 1384; x_wconf 92' lang='lat' dir='ltr'><strong>nos,</strong></span> <span class='ocrx_word' id='word_1_220' title='bbox 2876 1327 2930 1374; x_wconf 91' lang='lat' dir='ltr'><strong>et</strong></span> <span class='ocrx_word' id='word_1_221' title='bbox 2960 1334 3069 1374; x_wconf 89' lang='lat' dir='ltr'><strong>non</strong></span> <span class='ocrx_word' id='word_1_222' title='bbox 3099 1318 3315 1373; x_wconf 86' lang='lat' dir='ltr'><strong>accedis</strong></span> <span class='ocrx_word' id='word_1_223' title='bbox 3352 1317 3421 1372; x_wconf 89' lang='lat' dir='ltr'><strong>ad</strong></span> <span class='ocrx_word' id='word_1_224' title='bbox 3450 1333 3607 1373; x_wconf 80' lang='lat' dir='ltr'><strong>exer-</strong></span> 
     </span>
    </p>
   </div>
   <div class='ocr_carea' id='block_1_29' title="bbox 2043 1407 3607 1482">
    <p class='ocr_par' dir='ltr' id='par_1_29' title="bbox 2043 1407 3607 1482">
     <span class='ocr_line' id='line_1_29' title="bbox 2043 1407 3607 1482; baseline -0.004 -13"><span class='ocrx_word' id='word_1_225' title='bbox 2043 1414 2186 1469; x_wconf 90' lang='lat' dir='ltr'><strong>citus</strong></span> <span class='ocrx_word' id='word_1_226' title='bbox 2221 1413 2479 1468; x_wconf 89' lang='lat' dir='ltr'><strong>nostros?</strong></span> <span class='ocrx_word' id='word_1_227' title='bbox 2510 1433 2528 1465; x_wconf 75' lang='grc' dir='ltr'><strong>ι</strong></span> <span class='ocrx_word' id='word_1_228' title='bbox 2605 1410 2881 1482; x_wconf 85' lang='lat' dir='ltr'><strong>Siquidem</strong></span> <span class='ocrx_word' id='word_1_229' title='bbox 2910 1410 3160 1481; x_wconf 86' lang='lat' dir='ltr'><strong>repulisti</strong></span> <span class='ocrx_word' id='word_1_230' title='bbox 3216 1424 3339 1476; x_wconf 90' lang='lat' dir='ltr'><strong>nos,</strong></span> <span class='ocrx_word' id='word_1_231' title='bbox 3390 1415 3449 1463; x_wconf 91' lang='lat' dir='ltr'><strong>tu</strong></span> <span class='ocrx_word' id='word_1_232' title='bbox 3499 1407 3607 1463; x_wconf 82' lang='lat' dir='ltr'><strong>Do-</strong></span> 
     </span>
    </p>
   </div>
   <div class='ocr_carea' id='block_1_30' title="bbox 2042 1500 3608 1573">
    <p class='ocr_par' dir='ltr' id='par_1_30' title="bbox 2042 1500 3608 1573">
     <span class='ocr_line' id='line_1_30' title="bbox 2042 1500 3608 1573; baseline -0.001 -15"><span class='ocrx_word' id='word_1_233' title='bbox 2042 1504 2213 1567; x_wconf 89' lang='lat' dir='ltr'><strong>mine,</strong></span> <span class='ocrx_word' id='word_1_234' title='bbox 2244 1512 2298 1558; x_wconf 90' lang='lat' dir='ltr'><strong>ct</strong></span> <span class='ocrx_word' id='word_1_235' title='bbox 2328 1504 2520 1558; x_wconf 88' lang='lat' dir='ltr'><strong>destru</strong></span> <span class='ocrx_word' id='word_1_236' title='bbox 2536 1504 2661 1559; x_wconf 78' lang='lat' dir='ltr'><strong>xisti</strong></span> <span class='ocrx_word' id='word_1_237' title='bbox 2694 1519 2833 1559; x_wconf 89' lang='lat' dir='ltr'><strong>nos:</strong></span> <span class='ocrx_word' id='word_1_238' title='bbox 2872 1502 2967 1558; x_wconf 91' lang='lat' dir='ltr'><strong>sed</strong></span> <span class='ocrx_word' id='word_1_239' title='bbox 3001 1502 3093 1573; x_wconf 91' lang='lat' dir='ltr'><strong>qui</strong></span> <span class='ocrx_word' id='word_1_240' title='bbox 3121 1502 3249 1556; x_wconf 89' lang='lat' dir='ltr'><strong>olim</strong></span> <span class='ocrx_word' id='word_1_241' title='bbox 3284 1517 3391 1555; x_wconf 89' lang='lat' dir='ltr'><strong>una</strong></span> <span class='ocrx_word' id='word_1_242' title='bbox 3421 1500 3608 1556; x_wconf 88' lang='lat' dir='ltr'><strong>nobis--</strong></span> 
     </span>
    </p>
   </div>
   <div class='ocr_carea' id='block_1_31' title="bbox 2042 1593 3607 1663">
    <p class='ocr_par' dir='ltr' id='par_1_31' title="bbox 2042 1593 3607 1663">
     <span class='ocr_line' id='line_1_31' title="bbox 2042 1593 3607 1663; baseline -0.001 -13"><span class='ocrx_word' id='word_1_243' title='bbox 2042 1611 2169 1650; x_wconf 92' lang='lat' dir='ltr'><strong>cum</strong></span> <span class='ocrx_word' id='word_1_244' title='bbox 2214 1597 2388 1659; x_wconf 82' lang='lat' dir='ltr'><strong>exire,</strong></span> <span class='ocrx_word' id='word_1_245' title='bbox 2459 1603 2512 1651; x_wconf 87' lang='lat' dir='ltr'><strong>et</strong></span> <span class='ocrx_word' id='word_1_246' title='bbox 2552 1611 2674 1650; x_wconf 83' lang='lat' dir='ltr'><strong>cum</strong></span> <span class='ocrx_word' id='word_1_247' title='bbox 2728 1596 3061 1651; x_wconf 68' lang='lat' dir='ltr'><strong>exercitibus</strong></span> <span class='ocrx_word' id='word_1_248' title='bbox 3115 1593 3319 1649; x_wconf 85' lang='lat' dir='ltr'><strong>nostris</strong></span> <span class='ocrx_word' id='word_1_249' title='bbox 3368 1607 3607 1663; x_wconf 77' lang='lat' dir='ltr'><strong>pugnare</strong></span> 
     </span>
    </p>
   </div>
   <div class='ocr_carea' id='block_1_32' title="bbox 2047 1685 3603 1758">
    <p class='ocr_par' dir='ltr' id='par_1_32' title="bbox 2047 1685 3603 1758">
     <span class='ocr_line' id='line_1_32' title="bbox 2047 1685 3603 1758; baseline -0.004 -16"><span class='ocrx_word' id='word_1_250' title='bbox 2047 1687 2283 1751; x_wconf 85' lang='lat' dir='ltr'><strong>solebas,</strong></span> <span class='ocrx_word' id='word_1_251' title='bbox 2316 1702 2465 1741; x_wconf 91' lang='lat' dir='ltr'><strong>nunc</strong></span> <span class='ocrx_word' id='word_1_252' title='bbox 2508 1697 2629 1758; x_wconf 88' lang='lat' dir='ltr'><strong>post</strong></span> <span class='ocrx_word' id='word_1_253' title='bbox 2658 1696 2935 1757; x_wconf 81' lang='lat' dir='ltr'><strong>peractam</strong></span> <span class='ocrx_word' id='word_1_254' title='bbox 2968 1687 3207 1757; x_wconf 76' lang='lat' dir='ltr'><strong>gentium</strong></span> <span class='ocrx_word' id='word_1_255' title='bbox 3242 1685 3603 1747; x_wconf 84' lang='lat' dir='ltr'><strong>vocationem,</strong></span> 
     </span>
    </p>
   </div>
   <div class='ocr_carea' id='block_1_33' title="bbox 364 1758 1940 1849">
    <p class='ocr_par' dir='ltr' id='par_1_33' title="bbox 364 1758 1940 1849">
     <span class='ocr_line' id='line_1_33' title="bbox 364 1758 1940 1849; baseline -0.002 -21"><span class='ocrx_word' id='word_1_256' title='bbox 364 1774 466 1828; x_wconf 77' lang='grc' dir='ltr'><strong>Σοῦ</strong></span> <span class='ocrx_word' id='word_1_257' title='bbox 493 1776 601 1848; x_wconf 87' lang='grc' dir='ltr'>γὰρ</span> <span class='ocrx_word' id='word_1_258' title='bbox 640 1775 982 1849; x_wconf 80' lang='grc' dir='ltr'>θελήσαντος,</span> <span class='ocrx_word' id='word_1_259' title='bbox 1010 1758 1235 1830; x_wconf 84' lang='grc' dir='ltr'>δυνατὸν</span> <span class='ocrx_word' id='word_1_260' title='bbox 1285 1777 1417 1847; x_wconf 79' lang='grc' dir='ltr'>ἡμῖν</span> <span class='ocrx_word' id='word_1_261' title='bbox 1475 1776 1601 1838; x_wconf 82' lang='grc' dir='ltr'>τοὺς</span> <span class='ocrx_word' id='word_1_262' title='bbox 1646 1775 1771 1837; x_wconf 81' lang='grc' dir='ltr'>σοὺς</span> <span class='ocrx_word' id='word_1_263' title='bbox 1809 1789 1940 1842; x_wconf 89' lang='grc' dir='ltr'>προ-</span> 
     </span>
    </p>
   </div>
   <div class='ocr_carea' id='block_1_34' title="bbox 2043 1758 3607 1849">
    <p class='ocr_par' dir='ltr' id='par_1_34' title="bbox 2043 1776 3607 1847">
     <span class='ocr_line' id='line_1_34' title="bbox 2043 1776 3607 1847; baseline -0.001 -18"><span class='ocrx_word' id='word_1_264' title='bbox 2043 1777 2297 1846; x_wconf 90' lang='lat' dir='ltr'><strong>repulisti</strong></span> <span class='ocrx_word' id='word_1_265' title='bbox 2331 1792 2453 1841; x_wconf 89' lang='lat' dir='ltr'><strong>nos,</strong></span> <span class='ocrx_word' id='word_1_266' title='bbox 2513 1793 2688 1847; x_wconf 89' lang='lat' dir='ltr'><strong>neque</strong></span> <span class='ocrx_word' id='word_1_267' title='bbox 2716 1777 2860 1831; x_wconf 90' lang='lat' dir='ltr'><strong>ultra</strong></span> <span class='ocrx_word' id='word_1_268' title='bbox 2912 1777 3189 1846; x_wconf 74' lang='lat' dir='ltr'><strong>egrederis</strong></span> <span class='ocrx_word' id='word_1_269' title='bbox 3236 1792 3359 1830; x_wconf 91' lang='lat' dir='ltr'><strong>cum</strong></span> <span class='ocrx_word' id='word_1_270' title='bbox 3389 1776 3607 1830; x_wconf 85' lang='lat' dir='ltr'><strong>virtuti-</strong></span> 
     </span>
    </p>
   </div>
   <div class='ocr_carea' id='block_1_35' title="bbox 364 1866 1937 1940">
    <p class='ocr_par' dir='ltr' id='par_1_35' title="bbox 364 1866 1937 1940">
     <span class='ocr_line' id='line_1_35' title="bbox 364 1866 1937 1940; baseline 0.017 -5"><span class='ocrx_word' id='word_1_271' title='bbox 364 1869 540 1939; x_wconf 61' lang='grc' dir='ltr'><strong>φήτας</strong></span> <span class='ocrx_word' id='word_1_272' title='bbox 580 1868 1051 1940; x_wconf 81' lang='grc' dir='ltr'>συγκαταλεγῆναι</span> <span class='ocrx_word' id='word_1_273' title='bbox 1081 1871 1147 1940; x_wconf 67' lang='grc' dir='ltr'>τῇ</span> <span class='ocrx_word' id='word_1_274' title='bbox 1184 1866 1335 1920; x_wconf 66' lang='grc' dir='ltr'>πόλει</span> <span class='ocrx_word' id='word_1_275' title='bbox 1500 1868 1566 1936; x_wconf 68' lang='grc' dir='ltr'><strong>τῆ</strong></span> <span class='ocrx_word' id='word_1_276' title='bbox 1596 1880 1937 1937; x_wconf 73' lang='grc' dir='ltr'>περιπεφρα-</span> 
     </span>
    </p>
   </div>
   <div class='ocr_carea' id='block_1_36' title="bbox 363 1955 1939 2033">
    <p class='ocr_par' dir='ltr' id='par_1_36' title="bbox 363 1955 1939 2033">
     <span class='ocr_line' id='line_1_36' title="bbox 363 1955 1939 2033; baseline -0.002 -22"><span class='ocrx_word' id='word_1_277' title='bbox 363 1958 563 2033; x_wconf 82' lang='grc' dir='ltr'>γμένῃ,</span> <span class='ocrx_word' id='word_1_278' title='bbox 600 1960 694 2014; x_wconf 75' lang='grc' dir='ltr'>καὶ</span> <span class='ocrx_word' id='word_1_279' title='bbox 723 1960 1073 2033; x_wconf 66' lang='grc' dir='ltr'>ρδηγηθῆναι</span> <span class='ocrx_word' id='word_1_280' title='bbox 1103 1960 1206 2023; x_wconf 73' lang='grc' dir='ltr'>ἕως</span> <span class='ocrx_word' id='word_1_281' title='bbox 1231 1958 1333 2029; x_wconf 73' lang='grc' dir='ltr'>τῆς</span> <span class='ocrx_word' id='word_1_282' title='bbox 1360 1956 1768 2028; x_wconf 79' lang='grc' dir='ltr'>ἀποδειχθείσης</span> <span class='ocrx_word' id='word_1_283' title='bbox 1791 1955 1939 2009; x_wconf 83' lang='grc' dir='ltr'>Ἰδου-</span> 
     </span>
    </p>
   </div>
   <div class='ocr_carea' id='block_1_37' title="bbox 362 2051 535 2124">
    <p class='ocr_par' dir='ltr' id='par_1_37' title="bbox 362 2051 535 2124">
     <span class='ocr_line' id='line_1_37' title="bbox 362 2051 535 2124; baseline 0 -18"><span class='ocrx_word' id='word_1_284' title='bbox 362 2051 535 2124; x_wconf 79' lang='grc' dir='ltr'>μαίας</span> 
     </span>
    </p>
   </div>
   <div class='ocr_carea' id='block_1_38' title="bbox 438 2316 1937 2389">
    <p class='ocr_par' dir='ltr' id='par_1_38' title="bbox 438 2316 1937 2389">
     <span class='ocr_line' id='line_1_38' title="bbox 438 2316 1937 2389; baseline 0 -18"><span class='ocrx_word' id='word_1_285' title='bbox 438 2338 460 2371; x_wconf 72' lang='grc' dir='ltr'>ι</span> <span class='ocrx_word' id='word_1_286' title='bbox 503 2318 605 2382; x_wconf 79' lang='grc' dir='ltr'>Δὸς</span> <span class='ocrx_word' id='word_1_287' title='bbox 642 2319 770 2389; x_wconf 83' lang='grc' dir='ltr'>ἡμῖν</span> <span class='ocrx_word' id='word_1_288' title='bbox 806 2317 1056 2389; x_wconf 85' lang='grc' dir='ltr'>βοήθειαν</span> <span class='ocrx_word' id='word_1_289' title='bbox 1096 2318 1161 2371; x_wconf 88' lang='grc' dir='ltr'><strong>ἐκ</strong></span> <span class='ocrx_word' id='word_1_290' title='bbox 1196 2316 1444 2387; x_wconf 78' lang='grc' dir='ltr'>θλίψεως,</span> <span class='ocrx_word' id='word_1_291' title='bbox 1476 2317 1569 2370; x_wconf 70' lang='grc' dir='ltr'>καὶ</span> <span class='ocrx_word' id='word_1_292' title='bbox 1598 2316 1799 2387; x_wconf 89' lang='grc' dir='ltr'>ματαία</span> <span class='ocrx_word' id='word_1_293' title='bbox 1832 2334 1937 2371; x_wconf 88' lang='grc' dir='ltr'>σω-</span> 
     </span>
    </p>
   </div>
   <div class='ocr_carea' id='block_1_39' title="bbox 355 2408 1936 2484">
    <p class='ocr_par' dir='ltr' id='par_1_39' title="bbox 355 2408 1936 2484">
     <span class='ocr_line' id='line_1_39' title="bbox 355 2408 1936 2484; baseline 0 -20"><span class='ocrx_word' id='word_1_294' title='bbox 355 2412 526 2484; x_wconf 81' lang='grc' dir='ltr'>τηρία</span> <span class='ocrx_word' id='word_1_295' title='bbox 571 2409 891 2481; x_wconf 84' lang='grc' dir='ltr'>ἀνθρώπων.</span> <span class='ocrx_word' id='word_1_296' title='bbox 934 2410 1022 2462; x_wconf 86' lang='grc' dir='ltr'>Ἐν</span> <span class='ocrx_word' id='word_1_297' title='bbox 1069 2408 1147 2480; x_wconf 85' lang='grc' dir='ltr'>τῷ</span> <span class='ocrx_word' id='word_1_298' title='bbox 1184 2408 1303 2479; x_wconf 85' lang='grc' dir='ltr'><strong>Θεῷ</strong></span> <span class='ocrx_word' id='word_1_299' title='bbox 1349 2409 1646 2480; x_wconf 87' lang='grc' dir='ltr'>ποιήσομεν</span> <span class='ocrx_word' id='word_1_300' title='bbox 1688 2408 1936 2481; x_wconf 83' lang='grc' dir='ltr'>δύναμιν,</span> 
     </span>
    </p>
   </div>
   <div class='ocr_carea' id='block_1_40' title="bbox 370 2499 1939 2571">
    <p class='ocr_par' dir='ltr' id='par_1_40' title="bbox 370 2499 1939 2571">
     <span class='ocr_line' id='line_1_40' title="bbox 370 2499 1939 2571; baseline -0.001 -15"><span class='ocrx_word' id='word_1_301' title='bbox 370 2503 467 2556; x_wconf 80' lang='grc' dir='ltr'>καὶ</span> <span class='ocrx_word' id='word_1_302' title='bbox 489 2501 649 2565; x_wconf 79' lang='grc' dir='ltr'>αὐτὸς</span> <span class='ocrx_word' id='word_1_303' title='bbox 670 2499 1014 2566; x_wconf 81' lang='grc' dir='ltr'>ἐξουδενώσει</span> <span class='ocrx_word' id='word_1_304' title='bbox 1038 2500 1164 2564; x_wconf 84' lang='grc' dir='ltr'>τοὺς</span> <span class='ocrx_word' id='word_1_305' title='bbox 1188 2499 1465 2564; x_wconf 76' lang='grc' dir='ltr'>θλίϐοντας</span> <span class='ocrx_word' id='word_1_306' title='bbox 1495 2500 1661 2571; x_wconf 80' lang='grc' dir='ltr'>ἡμᾶς.</span> <span class='ocrx_word' id='word_1_307' title='bbox 1696 2518 1716 2551; x_wconf 74' lang='grc' dir='ltr'><strong>ι</strong></span> <span class='ocrx_word' id='word_1_308' title='bbox 1744 2502 1807 2553; x_wconf 88' lang='grc' dir='ltr'>Οί</span> <span class='ocrx_word' id='word_1_309' title='bbox 1830 2500 1939 2554; x_wconf 89' lang='grc' dir='ltr'><strong>τῶν</strong></span> 
     </span>
    </p>
   </div>
   <div class='ocr_carea' id='block_1_41' title="bbox 370 2589 1940 2663">
    <p class='ocr_par' dir='ltr' id='par_1_41' title="bbox 370 2589 1940 2663">
     <span class='ocr_line' id='line_1_41' title="bbox 370 2589 1940 2663; baseline -0.003 -16"><span class='ocrx_word' id='word_1_310' title='bbox 370 2591 714 2663; x_wconf 79' lang='grc' dir='ltr'>ἐπαγγελιῶν</span> <span class='ocrx_word' id='word_1_311' title='bbox 740 2590 1166 2657; x_wconf 78' lang='grc' dir='ltr'>καταξιωθέντες</span> <span class='ocrx_word' id='word_1_312' title='bbox 1197 2590 1533 2644; x_wconf 80' lang='grc' dir='ltr'>διδάσκονται</span> <span class='ocrx_word' id='word_1_313' title='bbox 1564 2589 1651 2644; x_wconf 79' lang='grc' dir='ltr'>διὰ</span> <span class='ocrx_word' id='word_1_314' title='bbox 1673 2590 1781 2643; x_wconf 87' lang='grc' dir='ltr'><strong>τῶν</strong></span> <span class='ocrx_word' id='word_1_315' title='bbox 1809 2609 1940 2663; x_wconf 86' lang='grc' dir='ltr'>προ-</span> 
     </span>
    </p>
   </div>
   <div class='ocr_carea' id='block_1_42' title="bbox 360 2680 1939 2756">
    <p class='ocr_par' dir='ltr' id='par_1_42' title="bbox 360 2680 1939 2756">
     <span class='ocr_line' id='line_1_42' title="bbox 360 2680 1939 2756; baseline -0.004 -17"><span class='ocrx_word' id='word_1_316' title='bbox 360 2684 627 2756; x_wconf 82' lang='grc' dir='ltr'>κειμένων</span> <span class='ocrx_word' id='word_1_317' title='bbox 658 2686 844 2755; x_wconf 83' lang='grc' dir='ltr'>νήφειν</span> <span class='ocrx_word' id='word_1_318' title='bbox 879 2682 971 2736; x_wconf 75' lang='grc' dir='ltr'>καὶ</span> <span class='ocrx_word' id='word_1_319' title='bbox 1003 2682 1381 2753; x_wconf 86' lang='grc' dir='ltr'>ἐγρηγορέναι,</span> <span class='ocrx_word' id='word_1_320' title='bbox 1425 2680 1939 2752; x_wconf 80' lang='grc' dir='ltr'>παρασκευάζεσθαί</span> 
     </span>
    </p>
   </div>
   <div class='ocr_carea' id='block_1_43' title="bbox 356 2773 1940 2846">
    <p class='ocr_par' dir='ltr' id='par_1_43' title="bbox 356 2773 1940 2846">
     <span class='ocr_line' id='line_1_43' title="bbox 356 2773 1940 2846; baseline -0.003 -15"><span class='ocrx_word' id='word_1_321' title='bbox 356 2794 420 2831; x_wconf 85' lang='grc' dir='ltr'><strong>τε</strong></span> <span class='ocrx_word' id='word_1_322' title='bbox 452 2780 531 2841; x_wconf 88' lang='grc' dir='ltr'><strong>είς</strong></span> <span class='ocrx_word' id='word_1_323' title='bbox 577 2775 805 2846; x_wconf 76' lang='grc' dir='ltr'>θλίψεις,</span> <span class='ocrx_word' id='word_1_324' title='bbox 836 2774 930 2829; x_wconf 76' lang='grc' dir='ltr'><strong>καὶ</strong></span> <span class='ocrx_word' id='word_1_325' title='bbox 961 2774 1029 2827; x_wconf 89' lang='grc' dir='ltr'>δι’</span> <span class='ocrx_word' id='word_1_326' title='bbox 1058 2773 1232 2844; x_wconf 76' lang='grc' dir='ltr'>εὐχῶν</span> <span class='ocrx_word' id='word_1_327' title='bbox 1276 2774 1451 2842; x_wconf 90' lang='grc' dir='ltr'>λέγειν</span> <span class='ocrx_word' id='word_1_328' title='bbox 1477 2774 1556 2846; x_wconf 85' lang='grc' dir='ltr'><strong>τῷ</strong></span> <span class='ocrx_word' id='word_1_329' title='bbox 1590 2775 1798 2828; x_wconf 87' lang='grc' dir='ltr'>ἐαυτῶν</span> <span class='ocrx_word' id='word_1_330' title='bbox 1844 2773 1940 2844; x_wconf 83' lang='grc' dir='ltr'><strong>βα-</strong></span> 
     </span>
    </p>
   </div>
   <div class='ocr_carea' id='block_1_44' title="bbox 346 2864 1939 2939">
    <p class='ocr_par' dir='ltr' id='par_1_44' title="bbox 346 2864 1939 2939">
     <span class='ocr_line' id='line_1_44' title="bbox 346 2864 1939 2939; baseline -0.003 -15"><span class='ocrx_word' id='word_1_331' title='bbox 346 2871 531 2925; x_wconf 77' lang='grc' dir='ltr'>σιλεῖ·</span> <span class='ocrx_word' id='word_1_332' title='bbox 566 2888 584 2922; x_wconf 79' lang='grc' dir='ltr'><strong>ι</strong></span> <span class='ocrx_word' id='word_1_333' title='bbox 622 2869 719 2934; x_wconf 71' lang='grc' dir='ltr'><strong>Δὸς</strong></span> <span class='ocrx_word' id='word_1_334' title='bbox 757 2870 889 2939; x_wconf 78' lang='grc' dir='ltr'>ἡμῖν</span> <span class='ocrx_word' id='word_1_335' title='bbox 920 2864 1168 2938; x_wconf 79' lang='grc' dir='ltr'>βοήθειαν</span> <span class='ocrx_word' id='word_1_336' title='bbox 1205 2866 1272 2919; x_wconf 90' lang='grc' dir='ltr'><strong>ἐκ</strong></span> <span class='ocrx_word' id='word_1_337' title='bbox 1324 2864 1592 2935; x_wconf 78' lang='grc' dir='ltr'>θλίψεως·</span> <span class='ocrx_word' id='word_1_338' title='bbox 1631 2885 1650 2917; x_wconf 76' lang='grc' dir='ltr'><strong>ι</strong></span> <span class='ocrx_word' id='word_1_339' title='bbox 1705 2865 1939 2937; x_wconf 87' lang='grc' dir='ltr'>ματαίαν</span> 
     </span>
    </p>
   </div>
   <div class='ocr_carea' id='block_1_45' title="bbox 359 2953 1939 3035">
    <p class='ocr_par' dir='ltr' id='par_1_45' title="bbox 359 2953 1939 3035">
     <span class='ocr_line' id='line_1_45' title="bbox 359 2953 1939 3035; baseline -0.005 -18"><span class='ocrx_word' id='word_1_340' title='bbox 359 2964 472 3035; x_wconf 81' lang='grc' dir='ltr'><strong>γὰρ</strong></span> <span class='ocrx_word' id='word_1_341' title='bbox 514 2957 653 3015; x_wconf 76' lang='grc' dir='ltr'>εἶναι</span> <span class='ocrx_word' id='word_1_342' title='bbox 688 2965 868 3014; x_wconf 85' lang='grc' dir='ltr'>πᾶσαν</span> <span class='ocrx_word' id='word_1_343' title='bbox 897 2958 995 3030; x_wconf 82' lang='grc' dir='ltr'>τὴν</span> <span class='ocrx_word' id='word_1_344' title='bbox 1032 2958 1090 3025; x_wconf 81' lang='grc' dir='ltr'>ἐξ</span> <span class='ocrx_word' id='word_1_345' title='bbox 1123 2954 1421 3029; x_wconf 82' lang='grc' dir='ltr'>ἀνθρώπων</span> <span class='ocrx_word' id='word_1_346' title='bbox 1454 2956 1663 3011; x_wconf 86' lang='grc' dir='ltr'>ἐλπίδα.</span> <span class='ocrx_word' id='word_1_347' title='bbox 1702 2953 1818 3010; x_wconf 81' lang='grc' dir='ltr'><strong>Εῐτ⁹</strong></span> <span class='ocrx_word' id='word_1_348' title='bbox 1845 2955 1939 3010; x_wconf 82' lang='grc' dir='ltr'>εὐ-</span> 
     </span>
    </p>
   </div>
   <div class='ocr_carea' id='block_1_46' title="bbox 361 3046 1937 3126">
    <p class='ocr_par' dir='ltr' id='par_1_46' title="bbox 361 3046 1937 3126">
     <span class='ocr_line' id='line_1_46' title="bbox 361 3046 1937 3126; baseline -0.005 -17"><span class='ocrx_word' id='word_1_349' title='bbox 361 3056 584 3126; x_wconf 80' lang='grc' dir='ltr'>ξάμενοι</span> <span class='ocrx_word' id='word_1_350' title='bbox 611 3052 804 3114; x_wconf 77' lang='grc' dir='ltr'>ταῦτα,</span> <span class='ocrx_word' id='word_1_351' title='bbox 834 3052 934 3122; x_wconf 82' lang='grc' dir='ltr'><strong>τὴν</strong></span> <span class='ocrx_word' id='word_1_352' title='bbox 963 3047 1172 3119; x_wconf 82' lang='grc' dir='ltr'>ἀγαθὴν</span> <span class='ocrx_word' id='word_1_353' title='bbox 1200 3046 1594 3101; x_wconf 78' lang='grc' dir='ltr'>ἐπιδείκνυνται</span> <span class='ocrx_word' id='word_1_354' title='bbox 1628 3046 1937 3118; x_wconf 87' lang='grc' dir='ltr'>προθυμίαν</span> 
     </span>
    </p>
   </div>
   <div class='ocr_carea' id='block_1_47' title="bbox 360 3137 1938 3214">
    <p class='ocr_par' dir='ltr' id='par_1_47' title="bbox 360 3137 1938 3214">
     <span class='ocr_line' id='line_1_47' title="bbox 360 3137 1938 3214; baseline -0.007 -14"><span class='ocrx_word' id='word_1_355' title='bbox 360 3146 641 3214; x_wconf 85' lang='grc' dir='ltr'>λέγοντες·</span> <span class='ocrx_word' id='word_1_356' title='bbox 693 3160 711 3193; x_wconf 80' lang='grc' dir='ltr'><strong>ι</strong></span> <span class='ocrx_word' id='word_1_357' title='bbox 757 3142 845 3194; x_wconf 85' lang='grc' dir='ltr'>Ἐν</span> <span class='ocrx_word' id='word_1_358' title='bbox 883 3140 1000 3211; x_wconf 83' lang='grc' dir='ltr'><strong>Θεῷ</strong></span> <span class='ocrx_word' id='word_1_359' title='bbox 1040 3140 1339 3211; x_wconf 84' lang='grc' dir='ltr'>ποιήσομεν</span> <span class='ocrx_word' id='word_1_360' title='bbox 1374 3138 1621 3207; x_wconf 78' lang='grc' dir='ltr'>δύναμιν,</span> <span class='ocrx_word' id='word_1_361' title='bbox 1650 3138 1743 3191; x_wconf 77' lang='grc' dir='ltr'><strong>καὶ</strong></span> <span class='ocrx_word' id='word_1_362' title='bbox 1776 3137 1938 3201; x_wconf 82' lang='grc' dir='ltr'>αὐτὸς</span> 
     </span>
    </p>
   </div>
   <div class='ocr_carea' id='block_1_48' title="bbox 358 3225 1941 3302">
    <p class='ocr_par' dir='ltr' id='par_1_48' title="bbox 358 3225 1941 3302">
     <span class='ocr_line' id='line_1_48' title="bbox 358 3225 1941 3302; baseline -0.004 -12"><span class='ocrx_word' id='word_1_363' title='bbox 358 3232 705 3302; x_wconf 81' lang='grc' dir='ltr'>ἐξουδενὼσει</span> <span class='ocrx_word' id='word_1_364' title='bbox 752 3232 879 3294; x_wconf 81' lang='grc' dir='ltr'>τοὺς</span> <span class='ocrx_word' id='word_1_365' title='bbox 926 3229 1203 3293; x_wconf 83' lang='grc' dir='ltr'>θλίϐοντας</span> <span class='ocrx_word' id='word_1_366' title='bbox 1244 3231 1410 3301; x_wconf 75' lang='grc' dir='ltr'>ἡμᾶς.</span> <span class='ocrx_word' id='word_1_367' title='bbox 1454 3248 1473 3281; x_wconf 75' lang='grc' dir='ltr'><strong>ι</strong></span> <span class='ocrx_word' id='word_1_368' title='bbox 1520 3229 1770 3293; x_wconf 77' lang='grc' dir='ltr'>Τοιοῦτος</span> <span class='ocrx_word' id='word_1_369' title='bbox 1809 3225 1877 3301; x_wconf 79' lang='grc' dir='ltr'>ἦν</span> <span class='ocrx_word' id='word_1_370' title='bbox 1912 3231 1941 3283; x_wconf 91' lang='lat'><strong>6</strong></span> 
     </span>
    </p>
   </div>
   <div class='ocr_carea' id='block_1_49' title="bbox 361 3319 1939 3392">
    <p class='ocr_par' dir='ltr' id='par_1_49' title="bbox 361 3319 1939 3392">
     <span class='ocr_line' id='line_1_49' title="bbox 361 3319 1939 3392; baseline -0.006 -10"><span class='ocrx_word' id='word_1_371' title='bbox 361 3326 576 3389; x_wconf 83' lang='grc' dir='ltr'>Παῦλος</span> <span class='ocrx_word' id='word_1_372' title='bbox 608 3324 814 3392; x_wconf 79' lang='grc' dir='ltr'>λέγων’</span> <span class='ocrx_word' id='word_1_373' title='bbox 870 3341 887 3373; x_wconf 82' lang='grc' dir='ltr'><strong>ι</strong></span> <span class='ocrx_word' id='word_1_374' title='bbox 918 3321 1101 3375; x_wconf 85' lang='grc' dir='ltr'>Πάντα</span> <span class='ocrx_word' id='word_1_375' title='bbox 1139 3319 1306 3391; x_wconf 86' lang='grc' dir='ltr'>ίσχύω</span> <span class='ocrx_word' id='word_1_376' title='bbox 1337 3323 1394 3373; x_wconf 87' lang='grc' dir='ltr'><strong>ἐν</strong></span> <span class='ocrx_word' id='word_1_377' title='bbox 1433 3319 1512 3392; x_wconf 85' lang='grc' dir='ltr'>τῷ</span> <span class='ocrx_word' id='word_1_378' title='bbox 1551 3319 1939 3391; x_wconf 75' lang='grc' dir='ltr'>ἐνδυναμοῦντί</span> 
     </span>
    </p>
   </div>
   <div class='ocr_carea' id='block_1_50' title="bbox 364 3408 1939 3487">
    <p class='ocr_par' dir='ltr' id='par_1_50' title="bbox 364 3408 1939 3487">
     <span class='ocr_line' id='line_1_50' title="bbox 364 3408 1939 3487; baseline -0.003 -20"><span class='ocrx_word' id='word_1_379' title='bbox 364 3433 465 3487; x_wconf 81' lang='grc' dir='ltr'>με·</span> <span class='ocrx_word' id='word_1_380' title='bbox 512 3434 532 3466; x_wconf 73' lang='grc' dir='ltr'><strong>ι</strong></span> <span class='ocrx_word' id='word_1_381' title='bbox 599 3412 696 3468; x_wconf 59' lang='grc' dir='ltr'><strong>κα)⁵</strong></span> <span class='ocrx_word' id='word_1_382' title='bbox 752 3412 947 3465; x_wconf 79' lang='grc' dir='ltr'>πάλιν·</span> <span class='ocrx_word' id='word_1_383' title='bbox 1013 3428 1032 3461; x_wconf 79' lang='grc' dir='ltr'><strong>ι</strong></span> <span class='ocrx_word' id='word_1_384' title='bbox 1079 3411 1193 3464; x_wconf 85' lang='grc' dir='ltr'>Οὐκ</span> <span class='ocrx_word' id='word_1_385' title='bbox 1214 3408 1322 3478; x_wconf 86' lang='grc' dir='ltr'><strong>ἐγὼ</strong></span> <span class='ocrx_word' id='word_1_386' title='bbox 1344 3410 1422 3473; x_wconf 86' lang='grc' dir='ltr'><strong>δέ,</strong></span> <span class='ocrx_word' id='word_1_387' title='bbox 1496 3412 1681 3481; x_wconf 78' lang='grc' dir='ltr'>φησὶν,</span> <span class='ocrx_word' id='word_1_388' title='bbox 1748 3410 1863 3464; x_wconf 83' lang='grc' dir='ltr'>ἀλλ’</span> <span class='ocrx_word' id='word_1_389' title='bbox 1904 3411 1939 3480; x_wconf 83' lang='grc' dir='ltr'><strong>ἡ</strong></span> 
     </span>
    </p>
   </div>
   <div class='ocr_carea' id='block_1_51' title="bbox 358 3501 1938 3578">
    <p class='ocr_par' dir='ltr' id='par_1_51' title="bbox 358 3501 1938 3578">
     <span class='ocr_line' id='line_1_51' title="bbox 358 3501 1938 3578; baseline -0.001 -19"><span class='ocrx_word' id='word_1_390' title='bbox 358 3508 522 3578; x_wconf 82' lang='grc' dir='ltr'>χάρις</span> <span class='ocrx_word' id='word_1_391' title='bbox 565 3508 599 3577; x_wconf 80' lang='grc' dir='ltr'><strong>ἡ</strong></span> <span class='ocrx_word' id='word_1_392' title='bbox 632 3506 727 3558; x_wconf 81' lang='grc' dir='ltr'><strong>σὺν</strong></span> <span class='ocrx_word' id='word_1_393' title='bbox 754 3503 896 3574; x_wconf 89' lang='grc' dir='ltr'>ἐμοί.</span> <span class='ocrx_word' id='word_1_394' title='bbox 934 3521 952 3555; x_wconf 75' lang='grc' dir='ltr'><strong>ι</strong></span> <span class='ocrx_word' id='word_1_395' title='bbox 995 3501 1181 3556; x_wconf 81' lang='grc' dir='ltr'>Ταῦτα</span> <span class='ocrx_word' id='word_1_396' title='bbox 1218 3502 1274 3555; x_wconf 78' lang='grc' dir='ltr'><strong>δέ</strong></span> <span class='ocrx_word' id='word_1_397' title='bbox 1301 3502 1480 3571; x_wconf 85' lang='grc' dir='ltr'>λέγειν</span> <span class='ocrx_word' id='word_1_398' title='bbox 1514 3504 1853 3558; x_wconf 86' lang='grc' dir='ltr'>παιδεύονται</span> <span class='ocrx_word' id='word_1_399' title='bbox 1888 3505 1938 3557; x_wconf 81' lang='lat' dir='ltr'><strong>oi</strong></span> 
     </span>
    </p>
   </div>
   <div class='ocr_carea' id='block_1_52' title="bbox 359 3593 1938 3668">
    <p class='ocr_par' dir='ltr' id='par_1_52' title="bbox 359 3593 1938 3668">
     <span class='ocr_line' id='line_1_52' title="bbox 359 3593 1938 3668; baseline -0.003 -15"><span class='ocrx_word' id='word_1_400' title='bbox 359 3602 427 3653; x_wconf 84' lang='grc' dir='ltr'><strong>ἐκ</strong></span> <span class='ocrx_word' id='word_1_401' title='bbox 468 3598 567 3668; x_wconf 83' lang='grc' dir='ltr'>τῆς</span> <span class='ocrx_word' id='word_1_402' title='bbox 607 3594 909 3666; x_wconf 80' lang='grc' dir='ltr'>Ἰδουμαίας</span> <span class='ocrx_word' id='word_1_403' title='bbox 940 3594 1033 3647; x_wconf 77' lang='grc' dir='ltr'>καὶ</span> <span class='ocrx_word' id='word_1_404' title='bbox 1076 3595 1140 3645; x_wconf 88' lang='grc' dir='ltr'><strong>ἐκ</strong></span> <span class='ocrx_word' id='word_1_405' title='bbox 1180 3593 1289 3646; x_wconf 88' lang='grc' dir='ltr'><strong>τῶν</strong></span> <span class='ocrx_word' id='word_1_406' title='bbox 1320 3594 1631 3663; x_wconf 79' lang='grc' dir='ltr'>ἀλλοφύλων</span> <span class='ocrx_word' id='word_1_407' title='bbox 1676 3595 1844 3649; x_wconf 88' lang='grc' dir='ltr'>ἐθνῶν</span> <span class='ocrx_word' id='word_1_408' title='bbox 1871 3598 1938 3667; x_wconf 76' lang='grc' dir='ltr'>τῇ</span> 
     </span>
    </p>
   </div>
   <div class='ocr_carea' id='block_1_53' title="bbox 358 3682 1939 3759">
    <p class='ocr_par' dir='ltr' id='par_1_53' title="bbox 358 3682 1939 3759">
     <span class='ocr_line' id='line_1_53' title="bbox 358 3682 1939 3759; baseline -0.003 -15"><span class='ocrx_word' id='word_1_409' title='bbox 358 3688 457 3744; x_wconf 79' lang='grc' dir='ltr'>τοῦ</span> <span class='ocrx_word' id='word_1_410' title='bbox 486 3686 623 3742; x_wconf 87' lang='grc' dir='ltr'><strong>Θεοῦ</strong></span> <span class='ocrx_word' id='word_1_411' title='bbox 656 3686 836 3759; x_wconf 80' lang='grc' dir='ltr'>χάριτι</span> <span class='ocrx_word' id='word_1_412' title='bbox 865 3682 1344 3755; x_wconf 87' lang='grc' dir='ltr'>προσεληλυθότες.</span> <span class='ocrx_word' id='word_1_413' title='bbox 1380 3686 1443 3738; x_wconf 79' lang='lat' dir='ltr'><strong>El</strong></span> <span class='ocrx_word' id='word_1_414' title='bbox 1469 3686 1526 3738; x_wconf 86' lang='grc' dir='ltr'>δὲ</span> <span class='ocrx_word' id='word_1_415' title='bbox 1558 3688 1622 3739; x_wconf 88' lang='grc' dir='ltr'><strong>ἐκ</strong></span> <span class='ocrx_word' id='word_1_416' title='bbox 1648 3686 1939 3758; x_wconf 84' lang='grc' dir='ltr'>προσώπου</span> 
     </span>
    </p>
   </div>
   <div class='ocr_carea' id='block_1_54' title="bbox 355 3775 1941 3851">
    <p class='ocr_par' dir='ltr' id='par_1_54' title="bbox 355 3775 1941 3851">
     <span class='ocr_line' id='line_1_54' title="bbox 355 3775 1941 3851; baseline -0.004 -16"><span class='ocrx_word' id='word_1_417' title='bbox 355 3780 456 3835; x_wconf 79' lang='grc' dir='ltr'>τοῦ</span> <span class='ocrx_word' id='word_1_418' title='bbox 481 3776 819 3851; x_wconf 85' lang='grc' dir='ltr'>προφητικοῢ</span> <span class='ocrx_word' id='word_1_419' title='bbox 848 3775 1009 3848; x_wconf 84' lang='grc' dir='ltr'>χοροῦ</span> <span class='ocrx_word' id='word_1_420' title='bbox 1046 3775 1256 3843; x_wconf 85' lang='grc' dir='ltr'>λέγοιτο</span> <span class='ocrx_word' id='word_1_421' title='bbox 1297 3776 1607 3840; x_wconf 75' lang='grc' dir='ltr'>καὶταῦτα,</span> <span class='ocrx_word' id='word_1_422' title='bbox 1641 3777 1843 3847; x_wconf 85' lang='grc' dir='ltr'>πρέποι</span> <span class='ocrx_word' id='word_1_423' title='bbox 1876 3776 1941 3829; x_wconf 82' lang='grc' dir='ltr'>ἂν</span> 
     </span>
    </p>
   </div>
   <div class='ocr_carea' id='block_1_55' title="bbox 356 3867 1944 3941">
    <p class='ocr_par' dir='ltr' id='par_1_55' title="bbox 356 3867 1944 3941">
     <span class='ocr_line' id='line_1_55' title="bbox 356 3867 1944 3941; baseline -0.005 -12"><span class='ocrx_word' id='word_1_424' title='bbox 356 3874 578 3936; x_wconf 81' lang='grc' dir='ltr'>αὐτοὺς,</span> <span class='ocrx_word' id='word_1_425' title='bbox 613 3868 1128 3939; x_wconf 86' lang='grc' dir='ltr'>ἀποκλαυσαμένους</span> <span class='ocrx_word' id='word_1_426' title='bbox 1154 3867 1246 3921; x_wconf 79' lang='grc' dir='ltr'>τὸν</span> <span class='ocrx_word' id='word_1_427' title='bbox 1275 3868 1536 3938; x_wconf 83' lang='grc' dir='ltr'>ἀπωσμὸν</span> <span class='ocrx_word' id='word_1_428' title='bbox 1566 3868 1659 3921; x_wconf 77' lang='grc' dir='ltr'><strong>καὶ</strong></span> <span class='ocrx_word' id='word_1_429' title='bbox 1692 3868 1789 3941; x_wconf 80' lang='grc' dir='ltr'>τὴν</span> <span class='ocrx_word' id='word_1_430' title='bbox 1813 3867 1944 3922; x_wconf 89' lang='grc' dir='ltr'>καθ-</span> 
     </span>
    </p>
   </div>
   <div class='ocr_carea' id='block_1_56' title="bbox 358 3957 1942 4036">
    <p class='ocr_par' dir='ltr' id='par_1_56' title="bbox 358 3957 1942 4036">
     <span class='ocr_line' id='line_1_56' title="bbox 358 3957 1942 4036; baseline -0.003 -18"><span class='ocrx_word' id='word_1_431' title='bbox 358 3964 571 4036; x_wconf 77' lang='grc' dir='ltr'>αἰρεσιν</span> <span class='ocrx_word' id='word_1_432' title='bbox 611 3962 706 4015; x_wconf 80' lang='grc' dir='ltr'>τοῦ</span> <span class='ocrx_word' id='word_1_433' title='bbox 742 3960 1007 4031; x_wconf 82' lang='grc' dir='ltr'>προτέρου</span> <span class='ocrx_word' id='word_1_434' title='bbox 1054 3957 1207 4023; x_wconf 83' lang='grc' dir='ltr'>λαοῦ,</span> <span class='ocrx_word' id='word_1_435' title='bbox 1235 3958 1398 4029; x_wconf 84' lang='grc' dir='ltr'>εὐχὴν</span> <span class='ocrx_word' id='word_1_436' title='bbox 1436 3960 1777 4030; x_wconf 82' lang='grc' dir='ltr'>ἀναπέμπειν</span> <span class='ocrx_word' id='word_1_437' title='bbox 1804 3960 1942 4032; x_wconf 83' lang='grc' dir='ltr'>ὑπὲρ</span> 
     </span>
    </p>
   </div>
   <div class='ocr_carea' id='block_1_57' title="bbox 358 4051 1943 4124">
    <p class='ocr_par' dir='ltr' id='par_1_57' title="bbox 358 4051 1943 4124">
     <span class='ocr_line' id='line_1_57' title="bbox 358 4051 1943 4124; baseline -0.003 -13"><span class='ocrx_word' id='word_1_438' title='bbox 358 4056 456 4112; x_wconf 80' lang='grc' dir='ltr'>τοῦ</span> <span class='ocrx_word' id='word_1_439' title='bbox 504 4054 683 4110; x_wconf 82' lang='grc' dir='ltr'>κοινοῦ</span> <span class='ocrx_word' id='word_1_440' title='bbox 724 4054 941 4107; x_wconf 83' lang='grc' dir='ltr'>πάντων</span> <span class='ocrx_word' id='word_1_441' title='bbox 969 4052 1148 4107; x_wconf 85' lang='grc' dir='ltr'>αὐτῶν</span> <span class='ocrx_word' id='word_1_442' title='bbox 1191 4051 1462 4123; x_wconf 82' lang='grc' dir='ltr'>σώματος,</span> <span class='ocrx_word' id='word_1_443' title='bbox 1505 4052 1600 4106; x_wconf 78' lang='grc' dir='ltr'>καὶ</span> <span class='ocrx_word' id='word_1_444' title='bbox 1640 4052 1818 4121; x_wconf 90' lang='grc' dir='ltr'>λέγειν</span> <span class='ocrx_word' id='word_1_445' title='bbox 1864 4051 1943 4124; x_wconf 84' lang='grc' dir='ltr'>τῷ</span> 
     </span>
    </p>
   </div>
   <div class='ocr_carea' id='block_1_58' title="bbox 356 4146 965 4219">
    <p class='ocr_par' dir='ltr' id='par_1_58' title="bbox 356 4146 965 4219">
     <span class='ocr_line' id='line_1_58' title="bbox 356 4146 965 4219; baseline 0 -18"><span class='ocrx_word' id='word_1_446' title='bbox 356 4148 483 4219; x_wconf 85' lang='grc' dir='ltr'><strong>Θεῷ</strong></span> <span class='ocrx_word' id='word_1_447' title='bbox 513 4147 582 4201; x_wconf 88' lang='grc' dir='ltr'><strong>τά</strong></span> <span class='ocrx_word' id='word_1_448' title='bbox 607 4146 965 4218; x_wconf 87' lang='grc' dir='ltr'>προκείμενα.</span> 
     </span>
    </p>
   </div>
   <div class='ocr_carea' id='block_1_59' title="bbox 426 4254 1881 4321">
    <p class='ocr_par' dir='ltr' id='par_1_59' title="bbox 426 4254 1881 4321">
     <span class='ocr_line' id='line_1_59' title="bbox 426 4254 1881 4321; baseline -0.001 -7"><span class='ocrx_word' id='word_1_449' title='bbox 426 4261 478 4314; x_wconf 77' lang='grc'><strong>1.</strong></span> <span class='ocrx_word' id='word_1_450' title='bbox 519 4260 628 4313; x_wconf 85' lang='grc' dir='ltr'><strong>ΕΙΣ</strong></span> <span class='ocrx_word' id='word_1_451' title='bbox 657 4259 743 4311; x_wconf 93' lang='grc' dir='ltr'><strong>ΤΟ</strong></span> <span class='ocrx_word' id='word_1_452' title='bbox 776 4256 995 4310; x_wconf 87' lang='grc' dir='ltr'><strong>ΤΕΛΟΣ</strong></span> <span class='ocrx_word' id='word_1_453' title='bbox 1025 4255 1117 4309; x_wconf 86' lang='grc' dir='ltr'><strong>ΕΝ</strong></span> <span class='ocrx_word' id='word_1_454' title='bbox 1146 4254 1428 4321; x_wconf 86' lang='grc' dir='ltr'><strong>ΥΜΝΟΙΣ,</strong></span> <span class='ocrx_word' id='word_1_455' title='bbox 1462 4255 1549 4309; x_wconf 85' lang='grc' dir='ltr'><strong>ΤΩ</strong></span> <span class='ocrx_word' id='word_1_456' title='bbox 1579 4257 1775 4311; x_wconf 82' lang='grc' dir='ltr'><strong>ΔΑΥΙΔ</strong></span> <span class='ocrx_word' id='word_1_457' title='bbox 1805 4257 1881 4313; x_wconf 84' lang='grc' dir='ltr'><strong>Ξ’.</strong></span> 
     </span>
    </p>
   </div>
   <div class='ocr_carea' id='block_1_60' title="bbox 441 4368 1943 4442">
    <p class='ocr_par' dir='ltr' id='par_1_60' title="bbox 441 4368 1943 4442">
     <span class='ocr_line' id='line_1_60' title="bbox 441 4368 1943 4442; baseline -0.002 -16"><span class='ocrx_word' id='word_1_458' title='bbox 441 4392 461 4426; x_wconf 74' lang='grc' dir='ltr'><strong>ι</strong></span> <span class='ocrx_word' id='word_1_459' title='bbox 507 4372 859 4434; x_wconf 83' lang='grc' dir='ltr'>Είσάκουσον,</span> <span class='ocrx_word' id='word_1_460' title='bbox 890 4369 918 4421; x_wconf 91' lang='lat'><strong>6</strong></span> <span class='ocrx_word' id='word_1_461' title='bbox 944 4368 1093 4433; x_wconf 86' lang='grc' dir='ltr'>Θεὸς,</span> <span class='ocrx_word' id='word_1_462' title='bbox 1131 4372 1231 4441; x_wconf 82' lang='grc' dir='ltr'>τῆς</span> <span class='ocrx_word' id='word_1_463' title='bbox 1274 4368 1507 4441; x_wconf 86' lang='grc' dir='ltr'>δεήσεὼς</span> <span class='ocrx_word' id='word_1_464' title='bbox 1544 4388 1666 4442; x_wconf 88' lang='grc' dir='ltr'>μου,</span> <span class='ocrx_word' id='word_1_465' title='bbox 1710 4370 1943 4441; x_wconf 84' lang='grc' dir='ltr'>πρόσχες</span> 
     </span>
    </p>
   </div>
   <div class='ocr_carea' id='block_1_61' title="bbox 2047 1866 3606 1938">
    <p class='ocr_par' dir='ltr' id='par_1_61' title="bbox 2047 1866 3606 1938">
     <span class='ocr_line' id='line_1_61' title="bbox 2047 1866 3606 1938; baseline -0.002 -16"><span class='ocrx_word' id='word_1_466' title='bbox 2047 1868 2152 1923; x_wconf 90' lang='lat' dir='ltr'><strong>bus</strong></span> <span class='ocrx_word' id='word_1_467' title='bbox 2202 1870 2431 1925; x_wconf 84' lang='lat' dir='ltr'><strong>nostris.</strong></span> <span class='ocrx_word' id='word_1_468' title='bbox 2488 1866 2609 1922; x_wconf 83' lang='lat' dir='ltr'><strong>Non</strong></span> <span class='ocrx_word' id='word_1_469' title='bbox 2662 1870 2767 1923; x_wconf 89' lang='lat' dir='ltr'><strong>alia</strong></span> <span class='ocrx_word' id='word_1_470' title='bbox 2819 1868 3001 1938; x_wconf 83' lang='lat' dir='ltr'><strong>itaque</strong></span> <span class='ocrx_word' id='word_1_471' title='bbox 3030 1869 3219 1923; x_wconf 84' lang='lat' dir='ltr'><strong>subest</strong></span> <span class='ocrx_word' id='word_1_472' title='bbox 3266 1867 3425 1922; x_wconf 90' lang='lat' dir='ltr'><strong>nobis</strong></span> <span class='ocrx_word' id='word_1_473' title='bbox 3478 1880 3606 1936; x_wconf 86' lang='lat' dir='ltr'><strong>spes</strong></span> 
     </span>
    </p>
   </div>
   <div class='ocr_carea' id='block_1_62' title="bbox 2042 1958 3606 2031">
    <p class='ocr_par' dir='ltr' id='par_1_62' title="bbox 2042 1958 3606 2031">
     <span class='ocr_line' id='line_1_62' title="bbox 2042 1958 3606 2031; baseline 0.001 -19"><span class='ocrx_word' id='word_1_474' title='bbox 2042 1960 2266 2014; x_wconf 81' lang='lat' dir='ltr'><strong>videndi</strong></span> <span class='ocrx_word' id='word_1_475' title='bbox 2301 1962 2567 2031; x_wconf 89' lang='lat' dir='ltr'><strong>promissa</strong></span> <span class='ocrx_word' id='word_1_476' title='bbox 2608 1971 2721 2026; x_wconf 90' lang='lat' dir='ltr'><strong>tua,</strong></span> <span class='ocrx_word' id='word_1_477' title='bbox 2776 1961 2883 2016; x_wconf 91' lang='lat' dir='ltr'><strong>nisi</strong></span> <span class='ocrx_word' id='word_1_478' title='bbox 2942 1972 2997 2015; x_wconf 89' lang='lat' dir='ltr'><strong>tu</strong></span> <span class='ocrx_word' id='word_1_479' title='bbox 3039 1961 3155 2030; x_wconf 91' lang='lat' dir='ltr'><strong>ipse</strong></span> <span class='ocrx_word' id='word_1_480' title='bbox 3202 1961 3459 2016; x_wconf 87' lang='lat' dir='ltr'><strong>volueris.</strong></span> <span class='ocrx_word' id='word_1_481' title='bbox 3529 1958 3606 2014; x_wconf 86' lang='lat' dir='ltr'><strong>Te</strong></span> 
     </span>
    </p>
   </div>
   <div class='ocr_carea' id='block_1_63' title="bbox 2040 2051 3607 2123">
    <p class='ocr_par' dir='ltr' id='par_1_63' title="bbox 2040 2051 3607 2123">
     <span class='ocr_line' id='line_1_63' title="bbox 2040 2051 3607 2123; baseline 0.001 -20"><span class='ocrx_word' id='word_1_482' title='bbox 2040 2052 2245 2122; x_wconf 86' lang='lat' dir='ltr'><strong>quippe</strong></span> <span class='ocrx_word' id='word_1_483' title='bbox 2275 2054 2511 2117; x_wconf 91' lang='lat' dir='ltr'><strong>volente,</strong></span> <span class='ocrx_word' id='word_1_484' title='bbox 2544 2068 2841 2122; x_wconf 86' lang='lat' dir='ltr'><strong>possumus</strong></span> <span class='ocrx_word' id='word_1_485' title='bbox 2865 2068 2966 2107; x_wconf 89' lang='lat' dir='ltr'><strong>nos</strong></span> <span class='ocrx_word' id='word_1_486' title='bbox 2996 2053 3272 2123; x_wconf 70' lang='lat' dir='ltr'><strong>propheta:</strong></span> <span class='ocrx_word' id='word_1_487' title='bbox 3302 2051 3383 2106; x_wconf 89' lang='lat' dir='ltr'><strong>tui</strong></span> <span class='ocrx_word' id='word_1_488' title='bbox 3419 2051 3473 2106; x_wconf 85' lang='lat' dir='ltr'><strong>in</strong></span> <span class='ocrx_word' id='word_1_489' title='bbox 3498 2053 3607 2105; x_wconf 85' lang='lat' dir='ltr'><strong>cir—</strong></span> 
     </span>
    </p>
   </div>
   <div class='ocr_carea' id='block_1_64' title="bbox 2040 2142 3606 2213">
    <p class='ocr_par' dir='ltr' id='par_1_64' title="bbox 2040 2142 3606 2213">
     <span class='ocr_line' id='line_1_64' title="bbox 2040 2142 3606 2213; baseline -0.002 -15"><span class='ocrx_word' id='word_1_490' title='bbox 2040 2152 2325 2213; x_wconf 87' lang='lat' dir='ltr'><strong>cumsepta</strong></span> <span class='ocrx_word' id='word_1_491' title='bbox 2360 2144 2578 2198; x_wconf 90' lang='lat' dir='ltr'><strong>civitate</strong></span> <span class='ocrx_word' id='word_1_492' title='bbox 2612 2153 2703 2197; x_wconf 88' lang='lat' dir='ltr'><strong>tua</strong></span> <span class='ocrx_word' id='word_1_493' title='bbox 2755 2144 3126 2211; x_wconf 83' lang='lat' dir='ltr'><strong>annumerari,</strong></span> <span class='ocrx_word' id='word_1_494' title='bbox 3167 2158 3229 2198; x_wconf 89' lang='lat' dir='ltr'><strong>ac</strong></span> <span class='ocrx_word' id='word_1_495' title='bbox 3272 2142 3467 2198; x_wconf 88' lang='lat' dir='ltr'><strong>deduci</strong></span> <span class='ocrx_word' id='word_1_496' title='bbox 3510 2156 3606 2196; x_wconf 83' lang='lat' dir='ltr'><strong>us-</strong></span> 
     </span>
    </p>
   </div>
   <div class='ocr_carea' id='block_1_65' title="bbox 2042 2233 3045 2304">
    <p class='ocr_par' dir='ltr' id='par_1_65' title="bbox 2042 2233 3045 2304">
     <span class='ocr_line' id='line_1_65' title="bbox 2042 2233 3045 2304; baseline 0.002 -17"><span class='ocrx_word' id='word_1_497' title='bbox 2042 2250 2149 2304; x_wconf 92' lang='lat' dir='ltr'><strong>que</strong></span> <span class='ocrx_word' id='word_1_498' title='bbox 2176 2235 2511 2289; x_wconf 88' lang='lat' dir='ltr'><strong>declaratam</strong></span> <span class='ocrx_word' id='word_1_499' title='bbox 2542 2235 2688 2289; x_wconf 90' lang='lat' dir='ltr'><strong>illam</strong></span> <span class='ocrx_word' id='word_1_500' title='bbox 2737 2233 3045 2289; x_wconf 66' lang='lat' dir='ltr'><strong>ldummam.</strong></span> 
     </span>
    </p>
   </div>
   <div class='ocr_carea' id='block_1_66' title="bbox 2113 2323 3606 2388">
    <p class='ocr_par' dir='ltr' id='par_1_66' title="bbox 2113 2323 3606 2388">
     <span class='ocr_line' id='line_1_66' title="bbox 2113 2323 3606 2388; baseline -0.001 -9"><span class='ocrx_word' id='word_1_501' title='bbox 2113 2323 2521 2388; x_wconf 55' lang='lat'><strong>“35.13.14.</strong></span> <span class='ocrx_word' id='word_1_502' title='bbox 2570 2324 2691 2379; x_wconf 71' lang='lat' dir='ltr'><strong>«Da</strong></span> <span class='ocrx_word' id='word_1_503' title='bbox 2742 2327 2901 2380; x_wconf 90' lang='lat' dir='ltr'><strong>nobis</strong></span> <span class='ocrx_word' id='word_1_504' title='bbox 2944 2327 3207 2381; x_wconf 82' lang='lat' dir='ltr'><strong>auxilium</strong></span> <span class='ocrx_word' id='word_1_505' title='bbox 3256 2326 3324 2381; x_wconf 87' lang='lat' dir='ltr'><strong>de</strong></span> <span class='ocrx_word' id='word_1_506' title='bbox 3376 2325 3606 2380; x_wconf 82' lang='lat' dir='ltr'><strong>tribula-</strong></span> 
     </span>
    </p>
   </div>
   <div class='ocr_carea' id='block_1_67' title="bbox 2041 2412 3602 2478">
    <p class='ocr_par' dir='ltr' id='par_1_67' title="bbox 2041 2412 3602 2478">
     <span class='ocr_line' id='line_1_67' title="bbox 2041 2412 3602 2478; baseline 0.003 -11"><span class='ocrx_word' id='word_1_507' title='bbox 2041 2415 2210 2478; x_wconf 86' lang='lat' dir='ltr'><strong>tione,</strong></span> <span class='ocrx_word' id='word_1_508' title='bbox 2264 2426 2316 2471; x_wconf 90' lang='lat' dir='ltr'><strong>et</strong></span> <span class='ocrx_word' id='word_1_509' title='bbox 2360 2431 2499 2470; x_wconf 89' lang='lat' dir='ltr'><strong>vana</strong></span> <span class='ocrx_word' id='word_1_510' title='bbox 2548 2415 2699 2473; x_wconf 84' lang='lat' dir='ltr'><strong>salus</strong></span> <span class='ocrx_word' id='word_1_511' title='bbox 2734 2415 3039 2472; x_wconf 89' lang='lat' dir='ltr'><strong>hominum.</strong></span> <span class='ocrx_word' id='word_1_512' title='bbox 3094 2415 3153 2470; x_wconf 89' lang='lat' dir='ltr'><strong>In</strong></span> <span class='ocrx_word' id='word_1_513' title='bbox 3185 2413 3294 2470; x_wconf 90' lang='lat' dir='ltr'><strong>Deo</strong></span> <span class='ocrx_word' id='word_1_514' title='bbox 3337 2412 3602 2471; x_wconf 84' lang='lat' dir='ltr'><strong>faciemus</strong></span> 
     </span>
    </p>
   </div>
   <div class='ocr_carea' id='block_1_68' title="bbox 2041 2506 3605 2578">
    <p class='ocr_par' dir='ltr' id='par_1_68' title="bbox 2041 2506 3605 2578">
     <span class='ocr_line' id='line_1_68' title="bbox 2041 2506 3605 2578; baseline -0.001 -18"><span class='ocrx_word' id='word_1_515' title='bbox 2041 2507 2321 2571; x_wconf 81' lang='lat' dir='ltr'><strong>virtutem,</strong></span> <span class='ocrx_word' id='word_1_516' title='bbox 2349 2515 2403 2562; x_wconf 90' lang='lat' dir='ltr'><strong>et</strong></span> <span class='ocrx_word' id='word_1_517' title='bbox 2452 2508 2570 2578; x_wconf 89' lang='lat' dir='ltr'><strong>ipse</strong></span> <span class='ocrx_word' id='word_1_518' title='bbox 2619 2507 2687 2562; x_wconf 89' lang='lat' dir='ltr'><strong>ad</strong></span> <span class='ocrx_word' id='word_1_519' title='bbox 2736 2507 2966 2562; x_wconf 90' lang='lat' dir='ltr'><strong>nihilum</strong></span> <span class='ocrx_word' id='word_1_520' title='bbox 3012 2506 3242 2562; x_wconf 87' lang='lat' dir='ltr'><strong>deducet</strong></span> <span class='ocrx_word' id='word_1_521' title='bbox 3277 2508 3605 2561; x_wconf 85' lang='lat' dir='ltr'><strong>tribulantes</strong></span> 
     </span>
    </p>
   </div>
   <div class='ocr_carea' id='block_1_69' title="bbox 2040 2597 3605 2670">
    <p class='ocr_par' dir='ltr' id='par_1_69' title="bbox 2040 2597 3605 2670">
     <span class='ocr_line' id='line_1_69' title="bbox 2040 2597 3605 2670; baseline -0.003 -16"><span class='ocrx_word' id='word_1_522' title='bbox 2040 2615 2163 2654; x_wconf 91' lang='lat' dir='ltr'><strong>nos.</strong></span> <span class='ocrx_word' id='word_1_523' title='bbox 2189 2620 2207 2651; x_wconf 69' lang='grc' dir='ltr'><strong>ι</strong></span> <span class='ocrx_word' id='word_1_524' title='bbox 2267 2597 2373 2665; x_wconf 87' lang='lat' dir='ltr'><strong>Qui</strong></span> <span class='ocrx_word' id='word_1_525' title='bbox 2405 2601 2692 2670; x_wconf 88' lang='lat' dir='ltr'><strong>promissis</strong></span> <span class='ocrx_word' id='word_1_526' title='bbox 2723 2599 2927 2670; x_wconf 75' lang='lat' dir='ltr'><strong>dignati</strong></span> <span class='ocrx_word' id='word_1_527' title='bbox 2981 2608 3132 2667; x_wconf 92' lang='lat' dir='ltr'><strong>sunt,</strong></span> <span class='ocrx_word' id='word_1_528' title='bbox 3188 2600 3273 2654; x_wconf 87' lang='lat' dir='ltr'><strong>bis</strong></span> <span class='ocrx_word' id='word_1_529' title='bbox 3306 2598 3605 2654; x_wconf 87' lang='lat' dir='ltr'><strong>edocentur</strong></span> 
     </span>
    </p>
   </div>
   <div class='ocr_carea' id='block_1_70' title="bbox 2042 2690 3609 2762">
    <p class='ocr_par' dir='ltr' id='par_1_70' title="bbox 2042 2690 3609 2762">
     <span class='ocr_line' id='line_1_70' title="bbox 2042 2690 3609 2762; baseline -0.002 -15"><span class='ocrx_word' id='word_1_530' title='bbox 2042 2693 2223 2747; x_wconf 89' lang='lat' dir='ltr'><strong>sobrie</strong></span> <span class='ocrx_word' id='word_1_531' title='bbox 2250 2693 2519 2762; x_wconf 79' lang='lat' dir='ltr'><strong>agendum</strong></span> <span class='ocrx_word' id='word_1_532' title='bbox 2546 2700 2600 2747; x_wconf 86' lang='lat' dir='ltr'><strong>et</strong></span> <span class='ocrx_word' id='word_1_533' title='bbox 2628 2692 2961 2762; x_wconf 78' lang='lat' dir='ltr'><strong>vigilandum</strong></span> <span class='ocrx_word' id='word_1_534' title='bbox 2979 2707 3121 2758; x_wconf 90' lang='lat' dir='ltr'><strong>esse,</strong></span> <span class='ocrx_word' id='word_1_535' title='bbox 3142 2700 3305 2762; x_wconf 88' lang='lat' dir='ltr'><strong>atque</strong></span> <span class='ocrx_word' id='word_1_536' title='bbox 3322 2690 3388 2745; x_wconf 89' lang='lat' dir='ltr'><strong>ad</strong></span> <span class='ocrx_word' id='word_1_537' title='bbox 3408 2705 3609 2745; x_wconf 68' lang='lat' dir='ltr'><strong>azrum-</strong></span> 
     </span>
    </p>
   </div>
   <div class='ocr_carea' id='block_1_71' title="bbox 2043 2784 3607 2855">
    <p class='ocr_par' dir='ltr' id='par_1_71' title="bbox 2043 2784 3607 2855">
     <span class='ocr_line' id='line_1_71' title="bbox 2043 2784 3607 2855; baseline -0.002 -17"><span class='ocrx_word' id='word_1_538' title='bbox 2043 2798 2144 2838; x_wconf 89' lang='lat' dir='ltr'><strong>nas</strong></span> <span class='ocrx_word' id='word_1_539' title='bbox 2200 2793 2421 2854; x_wconf 87' lang='lat' dir='ltr'><strong>paratos</strong></span> <span class='ocrx_word' id='word_1_540' title='bbox 2460 2799 2583 2840; x_wconf 92' lang='lat' dir='ltr'><strong>esse</strong></span> <span class='ocrx_word' id='word_1_541' title='bbox 2636 2795 2907 2855; x_wconf 84' lang='lat' dir='ltr'><strong>oportere,</strong></span> <span class='ocrx_word' id='word_1_542' title='bbox 2943 2800 3008 2839; x_wconf 89' lang='lat' dir='ltr'><strong>ac</strong></span> <span class='ocrx_word' id='word_1_543' title='bbox 3040 2785 3223 2839; x_wconf 88' lang='lat' dir='ltr'><strong>dicere</strong></span> <span class='ocrx_word' id='word_1_544' title='bbox 3255 2784 3366 2853; x_wconf 80' lang='lat' dir='ltr'><strong>regi</strong></span> <span class='ocrx_word' id='word_1_545' title='bbox 3397 2797 3497 2838; x_wconf 93' lang='lat' dir='ltr'><strong>suo</strong></span> <span class='ocrx_word' id='word_1_546' title='bbox 3551 2784 3607 2836; x_wconf 88' lang='lat' dir='ltr'><strong>in</strong></span> 
     </span>
    </p>
   </div>
   <div class='ocr_carea' id='block_1_72' title="bbox 2042 2876 3600 2949">
    <p class='ocr_par' dir='ltr' id='par_1_72' title="bbox 2042 2876 3600 2949">
     <span class='ocr_line' id='line_1_72' title="bbox 2042 2876 3600 2949; baseline -0.001 -20"><span class='ocrx_word' id='word_1_547' title='bbox 2042 2876 2401 2942; x_wconf 85' lang='lat' dir='ltr'><strong>orationibus,</strong></span> <span class='ocrx_word' id='word_1_548' title='bbox 2451 2894 2470 2927; x_wconf 78' lang='grc' dir='ltr'><strong>ι</strong></span> <span class='ocrx_word' id='word_1_549' title='bbox 2491 2876 2566 2930; x_wconf 89' lang='lat' dir='ltr'><strong>Da</strong></span> <span class='ocrx_word' id='word_1_550' title='bbox 2592 2877 2759 2949; x_wconf 84' lang='lat' dir='ltr'><strong>nobis</strong></span> <span class='ocrx_word' id='word_1_551' title='bbox 2786 2878 3048 2931; x_wconf 82' lang='lat' dir='ltr'><strong>auxilium</strong></span> <span class='ocrx_word' id='word_1_552' title='bbox 3076 2876 3142 2932; x_wconf 89' lang='lat' dir='ltr'><strong>de</strong></span> <span class='ocrx_word' id='word_1_553' title='bbox 3164 2877 3517 2931; x_wconf 85' lang='lat' dir='ltr'><strong>tribulatione</strong></span> <span class='ocrx_word' id='word_1_554' title='bbox 3540 2893 3552 2928; x_wconf 91' lang='lat'>:</span> <span class='ocrx_word' id='word_1_555' title='bbox 3581 2894 3600 2927; x_wconf 73' lang='grc' dir='ltr'><strong>ι</strong></span> 
     </span>
    </p>
   </div>
   <div class='ocr_carea' id='block_1_73' title="bbox 2041 2966 3608 3039">
    <p class='ocr_par' dir='ltr' id='par_1_73' title="bbox 2041 2966 3608 3039">
     <span class='ocr_line' id='line_1_73' title="bbox 2041 2966 3608 3039; baseline -0.001 -18"><span class='ocrx_word' id='word_1_556' title='bbox 2041 2983 2184 3021; x_wconf 90' lang='lat' dir='ltr'><strong>vana</strong></span> <span class='ocrx_word' id='word_1_557' title='bbox 2232 2968 2432 3038; x_wconf 83' lang='lat' dir='ltr'><strong>quippe</strong></span> <span class='ocrx_word' id='word_1_558' title='bbox 2465 2976 2549 3022; x_wconf 90' lang='lat' dir='ltr'><strong>est</strong></span> <span class='ocrx_word' id='word_1_559' title='bbox 2609 2984 2735 3039; x_wconf 86' lang='lat' dir='ltr'><strong>spes</strong></span> <span class='ocrx_word' id='word_1_560' title='bbox 2776 2969 2831 3023; x_wconf 93' lang='lat' dir='ltr'><strong>in</strong></span> <span class='ocrx_word' id='word_1_561' title='bbox 2884 2969 3103 3024; x_wconf 90' lang='lat' dir='ltr'><strong>homine</strong></span> <span class='ocrx_word' id='word_1_562' title='bbox 3154 2968 3353 3039; x_wconf 91' lang='lat' dir='ltr'><strong>posita.</strong></span> <span class='ocrx_word' id='word_1_563' title='bbox 3403 2966 3608 3022; x_wconf 87' lang='lat' dir='ltr'><strong>Deinde</strong></span> 
     </span>
    </p>
   </div>
   <div class='ocr_carea' id='block_1_74' title="bbox 2043 3060 3603 3132">
    <p class='ocr_par' dir='ltr' id='par_1_74' title="bbox 2043 3060 3603 3132">
     <span class='ocr_line' id='line_1_74' title="bbox 2043 3060 3603 3132; baseline 0.003 -18"><span class='ocrx_word' id='word_1_564' title='bbox 2043 3060 2159 3116; x_wconf 65' lang='lat' dir='ltr'><strong>hate</strong></span> <span class='ocrx_word' id='word_1_565' title='bbox 2174 3062 2404 3131; x_wconf 90' lang='lat' dir='ltr'><strong>precati,</strong></span> <span class='ocrx_word' id='word_1_566' title='bbox 2426 3061 2727 3115; x_wconf 86' lang='lat' dir='ltr'><strong>alacritatis</strong></span> <span class='ocrx_word' id='word_1_567' title='bbox 2748 3076 2861 3115; x_wconf 65' lang='lat' dir='ltr'><strong>sua;</strong></span> <span class='ocrx_word' id='word_1_568' title='bbox 2884 3061 3039 3132; x_wconf 78' lang='lat' dir='ltr'><strong>signa</strong></span> <span class='ocrx_word' id='word_1_569' title='bbox 3063 3061 3305 3131; x_wconf 62' lang='lat' dir='ltr'><strong>praebent</strong></span> <span class='ocrx_word' id='word_1_570' title='bbox 3326 3060 3603 3118; x_wconf 78' lang='lat' dir='ltr'><strong>dicentes:</strong></span> 
     </span>
    </p>
   </div>
   <div class='ocr_carea' id='block_1_75' title="bbox 2049 3149 3606 3221">
    <p class='ocr_par' dir='ltr' id='par_1_75' title="bbox 2049 3149 3606 3221">
     <span class='ocr_line' id='line_1_75' title="bbox 2049 3149 3606 3221; baseline 0.001 -18"><span class='ocrx_word' id='word_1_571' title='bbox 2049 3171 2066 3203; x_wconf 80' lang='grc' dir='ltr'><strong>ι</strong></span> <span class='ocrx_word' id='word_1_572' title='bbox 2092 3153 2149 3207; x_wconf 85' lang='grc' dir='ltr'><strong>1η</strong></span> <span class='ocrx_word' id='word_1_573' title='bbox 2180 3153 2289 3207; x_wconf 87' lang='lat' dir='ltr'><strong>Deo</strong></span> <span class='ocrx_word' id='word_1_574' title='bbox 2324 3152 2586 3208; x_wconf 78' lang='lat' dir='ltr'><strong>iaciemus</strong></span> <span class='ocrx_word' id='word_1_575' title='bbox 2610 3154 2890 3216; x_wconf 85' lang='lat' dir='ltr'><strong>virtutem,</strong></span> <span class='ocrx_word' id='word_1_576' title='bbox 2923 3162 2976 3208; x_wconf 92' lang='lat' dir='ltr'><strong>et</strong></span> <span class='ocrx_word' id='word_1_577' title='bbox 3000 3152 3113 3221; x_wconf 92' lang='lat' dir='ltr'><strong>ipse</strong></span> <span class='ocrx_word' id='word_1_578' title='bbox 3147 3153 3215 3206; x_wconf 86' lang='lat' dir='ltr'><strong>ad</strong></span> <span class='ocrx_word' id='word_1_579' title='bbox 3253 3151 3485 3206; x_wconf 89' lang='lat' dir='ltr'><strong>nihilum</strong></span> <span class='ocrx_word' id='word_1_580' title='bbox 3510 3149 3606 3205; x_wconf 89' lang='lat' dir='ltr'><strong>de-</strong></span> 
     </span>
    </p>
   </div>
   <div class='ocr_carea' id='block_1_76' title="bbox 2037 3241 3607 3312">
    <p class='ocr_par' dir='ltr' id='par_1_76' title="bbox 2037 3241 3607 3312">
     <span class='ocr_line' id='line_1_76' title="bbox 2037 3241 3607 3312; baseline -0.003 -12"><span class='ocrx_word' id='word_1_581' title='bbox 2037 3246 2199 3301; x_wconf 89' lang='lat' dir='ltr'><strong>ducet</strong></span> <span class='ocrx_word' id='word_1_582' title='bbox 2253 3248 2579 3303; x_wconf 87' lang='lat' dir='ltr'><strong>tribulantes</strong></span> <span class='ocrx_word' id='word_1_583' title='bbox 2637 3262 2759 3302; x_wconf 82' lang='lat' dir='ltr'><strong>nos.</strong></span> <span class='ocrx_word' id='word_1_584' title='bbox 2790 3264 2809 3297; x_wconf 74' lang='grc' dir='ltr'><strong>ι</strong></span> <span class='ocrx_word' id='word_1_585' title='bbox 2888 3244 3037 3300; x_wconf 86' lang='lat' dir='ltr'><strong>Talis</strong></span> <span class='ocrx_word' id='word_1_586' title='bbox 3082 3251 3200 3300; x_wconf 88' lang='lat' dir='ltr'><strong>erat</strong></span> <span class='ocrx_word' id='word_1_587' title='bbox 3236 3242 3467 3306; x_wconf 84' lang='lat' dir='ltr'><strong>Paulus,</strong></span> <span class='ocrx_word' id='word_1_588' title='bbox 3512 3241 3607 3312; x_wconf 88' lang='lat' dir='ltr'><strong>qui</strong></span> 
     </span>
    </p>
   </div>
   <div class='ocr_carea' id='block_1_77' title="bbox 2038 3334 3606 3411">
    <p class='ocr_par' dir='ltr' id='par_1_77' title="bbox 2038 3334 3606 3411">
     <span class='ocr_line' id='line_1_77' title="bbox 2038 3334 3606 3411; baseline -0.004 -17"><span class='ocrx_word' id='word_1_589' title='bbox 2038 3339 2286 3395; x_wconf 90' lang='lat' dir='ltr'><strong>dicebat:</strong></span> <span class='ocrx_word' id='word_1_590' title='bbox 2323 3360 2341 3392; x_wconf 75' lang='grc' dir='ltr'><strong>ι</strong></span> <span class='ocrx_word' id='word_1_591' title='bbox 2383 3341 2575 3395; x_wconf 89' lang='lat' dir='ltr'><strong>Omnia</strong></span> <span class='ocrx_word' id='word_1_592' title='bbox 2605 3355 2828 3411; x_wconf 90' lang='lat' dir='ltr'><strong>possum</strong></span> <span class='ocrx_word' id='word_1_593' title='bbox 2887 3339 2943 3392; x_wconf 91' lang='lat' dir='ltr'><strong>in</strong></span> <span class='ocrx_word' id='word_1_594' title='bbox 2984 3353 3050 3394; x_wconf 93' lang='lat' dir='ltr'><strong>eo</strong></span> <span class='ocrx_word' id='word_1_595' title='bbox 3108 3339 3200 3409; x_wconf 92' lang='lat' dir='ltr'><strong>qui</strong></span> <span class='ocrx_word' id='word_1_596' title='bbox 3251 3352 3335 3392; x_wconf 90' lang='lat' dir='ltr'><strong>me</strong></span> <span class='ocrx_word' id='word_1_597' title='bbox 3385 3334 3606 3391; x_wconf 84' lang='lat' dir='ltr'><strong>confor-</strong></span> 
     </span>
    </p>
   </div>
   <div class='ocr_carea' id='block_1_78' title="bbox 2039 3427 3609 3502">
    <p class='ocr_par' dir='ltr' id='par_1_78' title="bbox 2039 3427 3609 3502">
     <span class='ocr_line' id='line_1_78' title="bbox 2039 3427 3609 3502; baseline -0.001 -18"><span class='ocrx_word' id='word_1_598' title='bbox 2039 3431 2173 3484; x_wconf 70' lang='lat' dir='ltr'><strong>tat“</strong></span> <span class='ocrx_word' id='word_1_599' title='bbox 2201 3448 2216 3499; x_wconf 89' lang='lat'><strong>;</strong></span> <span class='ocrx_word' id='word_1_600' title='bbox 2248 3451 2267 3483; x_wconf 73' lang='grc' dir='ltr'><strong>ι</strong></span> <span class='ocrx_word' id='word_1_601' title='bbox 2324 3447 2387 3487; x_wconf 91' lang='lat' dir='ltr'><strong>ac</strong></span> <span class='ocrx_word' id='word_1_602' title='bbox 2434 3447 2693 3497; x_wconf 88' lang='lat' dir='ltr'><strong>rursum;</strong></span> <span class='ocrx_word' id='word_1_603' title='bbox 2752 3430 2869 3485; x_wconf 87' lang='lat' dir='ltr'><strong>Non</strong></span> <span class='ocrx_word' id='word_1_604' title='bbox 2917 3445 3038 3502; x_wconf 80' lang='lat' dir='ltr'><strong>ego,</strong></span> <span class='ocrx_word' id='word_1_605' title='bbox 3086 3430 3284 3500; x_wconf 90' lang='lat' dir='ltr'><strong>inquit,</strong></span> <span class='ocrx_word' id='word_1_606' title='bbox 3344 3427 3440 3485; x_wconf 91' lang='lat' dir='ltr'><strong>sed</strong></span> <span class='ocrx_word' id='word_1_607' title='bbox 3482 3443 3609 3500; x_wconf 75' lang='lat' dir='ltr'><strong>gra-</strong></span> 
     </span>
    </p>
   </div>
   <div class='ocr_carea' id='block_1_79' title="bbox 2040 3519 3607 3594">
    <p class='ocr_par' dir='ltr' id='par_1_79' title="bbox 2040 3519 3607 3594">
     <span class='ocr_line' id='line_1_79' title="bbox 2040 3519 3607 3594; baseline -0.003 -17"><span class='ocrx_word' id='word_1_608' title='bbox 2040 3524 2114 3578; x_wconf 89' lang='lat' dir='ltr'><strong>tia</strong></span> <span class='ocrx_word' id='word_1_609' title='bbox 2158 3539 2279 3594; x_wconf 78' lang='lat' dir='ltr'><strong>quze</strong></span> <span class='ocrx_word' id='word_1_610' title='bbox 2324 3532 2406 3579; x_wconf 89' lang='lat' dir='ltr'><strong>est</strong></span> <span class='ocrx_word' id='word_1_611' title='bbox 2463 3524 2806 3579; x_wconf 73' lang='lat' dir='ltr'><strong>mecum&quot;.i</strong></span> <span class='ocrx_word' id='word_1_612' title='bbox 2875 3523 2959 3577; x_wconf 85' lang='lat' dir='ltr'><strong>Ad</strong></span> <span class='ocrx_word' id='word_1_613' title='bbox 3020 3522 3134 3577; x_wconf 62' lang='lat' dir='ltr'><strong>haec</strong></span> <span class='ocrx_word' id='word_1_614' title='bbox 3194 3519 3422 3576; x_wconf 90' lang='lat' dir='ltr'><strong>dicenda</strong></span> <span class='ocrx_word' id='word_1_615' title='bbox 3476 3534 3607 3573; x_wconf 90' lang='lat' dir='ltr'><strong>eru-</strong></span> 
     </span>
    </p>
   </div>
   <div class='ocr_carea' id='block_1_80' title="bbox 2039 3610 3606 3685">
    <p class='ocr_par' dir='ltr' id='par_1_80' title="bbox 2039 3610 3606 3685">
     <span class='ocr_line' id='line_1_80' title="bbox 2039 3610 3606 3685; baseline -0.003 -16"><span class='ocrx_word' id='word_1_616' title='bbox 2039 3616 2287 3681; x_wconf 89' lang='lat' dir='ltr'><strong>diuntur,</strong></span> <span class='ocrx_word' id='word_1_617' title='bbox 2324 3616 2416 3685; x_wconf 91' lang='lat' dir='ltr'><strong>qui</strong></span> <span class='ocrx_word' id='word_1_618' title='bbox 2444 3631 2510 3670; x_wconf 83' lang='lat' dir='ltr'><strong>ex</strong></span> <span class='ocrx_word' id='word_1_619' title='bbox 2548 3616 2787 3669; x_wconf 68' lang='lat' dir='ltr'><strong>ldumaaa</strong></span> <span class='ocrx_word' id='word_1_620' title='bbox 2816 3622 2869 3668; x_wconf 91' lang='lat' dir='ltr'><strong>et</strong></span> <span class='ocrx_word' id='word_1_621' title='bbox 2902 3630 2967 3669; x_wconf 88' lang='lat' dir='ltr'><strong>ex</strong></span> <span class='ocrx_word' id='word_1_622' title='bbox 2997 3612 3319 3682; x_wconf 80' lang='lat' dir='ltr'><strong>alienigenis</strong></span> <span class='ocrx_word' id='word_1_623' title='bbox 3348 3610 3606 3682; x_wconf 73' lang='lat' dir='ltr'><strong>gentibus</strong></span> 
     </span>
    </p>
   </div>
   <div class='ocr_carea' id='block_1_81' title="bbox 2042 3702 3606 3777">
    <p class='ocr_par' dir='ltr' id='par_1_81' title="bbox 2042 3702 3606 3777">
     <span class='ocr_line' id='line_1_81' title="bbox 2042 3702 3606 3777; baseline -0.005 -16"><span class='ocrx_word' id='word_1_624' title='bbox 2042 3708 2110 3761; x_wconf 90' lang='lat' dir='ltr'><strong>ad</strong></span> <span class='ocrx_word' id='word_1_625' title='bbox 2173 3707 2267 3762; x_wconf 93' lang='lat' dir='ltr'><strong>Dei</strong></span> <span class='ocrx_word' id='word_1_626' title='bbox 2332 3707 2565 3777; x_wconf 83' lang='lat' dir='ltr'><strong>gratiam</strong></span> <span class='ocrx_word' id='word_1_627' title='bbox 2619 3719 2923 3760; x_wconf 90' lang='lat' dir='ltr'><strong>accessere.</strong></span> <span class='ocrx_word' id='word_1_628' title='bbox 2982 3702 3137 3770; x_wconf 86' lang='lat' dir='ltr'><strong>Quod</strong></span> <span class='ocrx_word' id='word_1_629' title='bbox 3172 3703 3218 3757; x_wconf 92' lang='lat' dir='ltr'><strong>si</strong></span> <span class='ocrx_word' id='word_1_630' title='bbox 3245 3718 3331 3771; x_wconf 70' lang='grc' dir='ltr'>εει</span> <span class='ocrx_word' id='word_1_631' title='bbox 3376 3714 3606 3771; x_wconf 86' lang='lat' dir='ltr'><strong>persona</strong></span> 
     </span>
    </p>
   </div>
   <div class='ocr_carea' id='block_1_82' title="bbox 2043 3791 3607 3870">
    <p class='ocr_par' dir='ltr' id='par_1_82' title="bbox 2043 3791 3607 3870">
     <span class='ocr_line' id='line_1_82' title="bbox 2043 3791 3607 3870; baseline -0.004 -20"><span class='ocrx_word' id='word_1_632' title='bbox 2043 3798 2346 3870; x_wconf 86' lang='lat' dir='ltr'><strong>prophetici</strong></span> <span class='ocrx_word' id='word_1_633' title='bbox 2378 3797 2535 3850; x_wconf 90' lang='lat' dir='ltr'><strong>chori</strong></span> <span class='ocrx_word' id='word_1_634' title='bbox 2577 3796 2851 3857; x_wconf 89' lang='lat' dir='ltr'><strong>dicantur,</strong></span> <span class='ocrx_word' id='word_1_635' title='bbox 2885 3809 3017 3850; x_wconf 87' lang='lat' dir='ltr'><strong>sane</strong></span> <span class='ocrx_word' id='word_1_636' title='bbox 3042 3794 3216 3869; x_wconf 86' lang='lat' dir='ltr'><strong>decet</strong></span> <span class='ocrx_word' id='word_1_637' title='bbox 3244 3794 3391 3862; x_wconf 89' lang='lat' dir='ltr'><strong>ipsos</strong></span> <span class='ocrx_word' id='word_1_638' title='bbox 3422 3791 3607 3860; x_wconf 89' lang='lat' dir='ltr'><strong>repul-</strong></span> 
     </span>
    </p>
   </div>
   <div class='ocr_carea' id='block_1_83' title="bbox 2046 3882 3608 3957">
    <p class='ocr_par' dir='ltr' id='par_1_83' title="bbox 2046 3882 3608 3957">
     <span class='ocr_line' id='line_1_83' title="bbox 2046 3882 3608 3957; baseline -0.007 -12"><span class='ocrx_word' id='word_1_639' title='bbox 2046 3906 2160 3945; x_wconf 84' lang='lat' dir='ltr'><strong>sam</strong></span> <span class='ocrx_word' id='word_1_640' title='bbox 2204 3897 2259 3944; x_wconf 91' lang='lat' dir='ltr'><strong>et</strong></span> <span class='ocrx_word' id='word_1_641' title='bbox 2286 3890 2500 3943; x_wconf 88' lang='lat' dir='ltr'><strong>ruinam</strong></span> <span class='ocrx_word' id='word_1_642' title='bbox 2544 3887 2744 3957; x_wconf 90' lang='lat' dir='ltr'><strong>prioris</strong></span> <span class='ocrx_word' id='word_1_643' title='bbox 2777 3886 2962 3957; x_wconf 87' lang='lat' dir='ltr'><strong>populi</strong></span> <span class='ocrx_word' id='word_1_644' title='bbox 3002 3885 3373 3955; x_wconf 87' lang='lat' dir='ltr'><strong>deplorantes,</strong></span> <span class='ocrx_word' id='word_1_645' title='bbox 3403 3882 3608 3937; x_wconf 89' lang='lat' dir='ltr'><strong>oratio-</strong></span> 
     </span>
    </p>
   </div>
   <div class='ocr_carea' id='block_1_84' title="bbox 2042 3972 3607 4048">
    <p class='ocr_par' dir='ltr' id='par_1_84' title="bbox 2042 3972 3607 4048">
     <span class='ocr_line' id='line_1_84' title="bbox 2042 3972 3607 4048; baseline -0.005 -13"><span class='ocrx_word' id='word_1_646' title='bbox 2042 3996 2167 4036; x_wconf 87' lang='lat' dir='ltr'><strong>nem</strong></span> <span class='ocrx_word' id='word_1_647' title='bbox 2212 3979 2492 4035; x_wconf 83' lang='lat' dir='ltr'><strong>etl‘undere</strong></span> <span class='ocrx_word' id='word_1_648' title='bbox 2518 3993 2618 4048; x_wconf 91' lang='lat' dir='ltr'><strong>pro</strong></span> <span class='ocrx_word' id='word_1_649' title='bbox 2650 3977 2929 4033; x_wconf 88' lang='lat' dir='ltr'><strong>communi</strong></span> <span class='ocrx_word' id='word_1_650' title='bbox 2968 3992 3069 4033; x_wconf 90' lang='lat' dir='ltr'><strong>suo</strong></span> <span class='ocrx_word' id='word_1_651' title='bbox 3108 3990 3359 4046; x_wconf 89' lang='lat' dir='ltr'><strong>corpore,</strong></span> <span class='ocrx_word' id='word_1_652' title='bbox 3400 3984 3452 4029; x_wconf 90' lang='lat' dir='ltr'><strong>et</strong></span> <span class='ocrx_word' id='word_1_653' title='bbox 3491 3972 3607 4027; x_wconf 62' lang='lat' dir='ltr'><strong>haec</strong></span> 
     </span>
    </p>
   </div>
   <div class='ocr_carea' id='block_1_85' title="bbox 2044 4071 2638 4143">
    <p class='ocr_par' dir='ltr' id='par_1_85' title="bbox 2044 4071 2638 4143">
     <span class='ocr_line' id='line_1_85' title="bbox 2044 4071 2638 4143; baseline -0.003 -16"><span class='ocrx_word' id='word_1_654' title='bbox 2044 4073 2208 4128; x_wconf 90' lang='lat' dir='ltr'><strong>verba</strong></span> <span class='ocrx_word' id='word_1_655' title='bbox 2232 4071 2343 4127; x_wconf 89' lang='lat' dir='ltr'><strong>Deo</strong></span> <span class='ocrx_word' id='word_1_656' title='bbox 2371 4071 2638 4143; x_wconf 81' lang='lat' dir='ltr'><strong>proferre.</strong></span> 
     </span>
    </p>
   </div>
   <div class='ocr_carea' id='block_1_86' title="bbox 2185 4220 3472 4293">
    <p class='ocr_par' dir='ltr' id='par_1_86' title="bbox 2185 4220 3472 4293">
     <span class='ocr_line' id='line_1_86' title="bbox 2185 4220 3472 4293; baseline -0.004 -12"><span class='ocrx_word' id='word_1_657' title='bbox 2185 4227 2235 4281; x_wconf 73' lang='grc'><strong>1.</strong></span> <span class='ocrx_word' id='word_1_658' title='bbox 2270 4224 2338 4279; x_wconf 85' lang='lat' dir='ltr'><strong>IN</strong></span> <span class='ocrx_word' id='word_1_659' title='bbox 2369 4222 2600 4292; x_wconf 81' lang='lat' dir='ltr'><strong>FINEM,</strong></span> <span class='ocrx_word' id='word_1_660' title='bbox 2641 4222 2709 4277; x_wconf 83' lang='lat' dir='ltr'><strong>IN</strong></span> <span class='ocrx_word' id='word_1_661' title='bbox 2744 4221 3026 4293; x_wconf 83' lang='lat' dir='ltr'><strong>HYMNIS,</strong></span> <span class='ocrx_word' id='word_1_662' title='bbox 3067 4221 3316 4278; x_wconf 79' lang='lat' dir='ltr'><strong>DAVIDI.</strong></span> <span class='ocrx_word' id='word_1_663' title='bbox 3360 4220 3472 4276; x_wconf 79' lang='lat' dir='ltr'><strong>LX.</strong></span> 
     </span>
    </p>
   </div>
   <div class='ocr_carea' id='block_1_87' title="bbox 2118 4354 3612 4426">
    <p class='ocr_par' dir='ltr' id='par_1_87' title="bbox 2118 4354 3612 4426">
     <span class='ocr_line' id='line_1_87' title="bbox 2118 4354 3612 4426; baseline -0.005 -11"><span class='ocrx_word' id='word_1_664' title='bbox 2118 4360 2287 4418; x_wconf 72' lang='lat' dir='ltr'><strong>Vsus.</strong></span> <span class='ocrx_word' id='word_1_665' title='bbox 2339 4360 2408 4425; x_wconf 74' lang='lat'><strong>2,</strong></span> <span class='ocrx_word' id='word_1_666' title='bbox 2450 4359 2503 4414; x_wconf 79' lang='grc'><strong>5.</strong></span> <span class='ocrx_word' id='word_1_667' title='bbox 2555 4377 2573 4411; x_wconf 76' lang='grc' dir='ltr'><strong>ι</strong></span> <span class='ocrx_word' id='word_1_668' title='bbox 2627 4355 2878 4422; x_wconf 79' lang='lat' dir='ltr'><strong>Exaudi,</strong></span> <span class='ocrx_word' id='word_1_669' title='bbox 2939 4356 3119 4419; x_wconf 91' lang='lat' dir='ltr'><strong>Deus,</strong></span> <span class='ocrx_word' id='word_1_670' title='bbox 3178 4354 3612 4426; x_wconf 84' lang='lat' dir='ltr'><strong>deprecationem</strong></span> 
     </span>
    </p>
   </div>
   <div class='ocr_carea' id='block_1_88' title="bbox 357 4445 1940 4538">
    <p class='ocr_par' dir='ltr' id='par_1_88' title="bbox 357 4461 1940 4538">
     <span class='ocr_line' id='line_1_88' title="bbox 357 4461 1940 4538; baseline -0.003 -19"><span class='ocrx_word' id='word_1_671' title='bbox 357 4469 430 4538; x_wconf 82' lang='grc' dir='ltr'>τῇ</span> <span class='ocrx_word' id='word_1_672' title='bbox 462 4467 735 4537; x_wconf 83' lang='grc' dir='ltr'>προσευχῇ</span> <span class='ocrx_word' id='word_1_673' title='bbox 771 4481 893 4535; x_wconf 91' lang='grc' dir='ltr'>μου.</span> <span class='ocrx_word' id='word_1_674' title='bbox 942 4484 960 4515; x_wconf 75' lang='grc' dir='ltr'><strong>ι</strong></span> <span class='ocrx_word' id='word_1_675' title='bbox 1009 4464 1070 4517; x_wconf 91' lang='grc' dir='ltr'>Οί</span> <span class='ocrx_word' id='word_1_676' title='bbox 1114 4462 1210 4533; x_wconf 82' lang='grc' dir='ltr'>μὲν</span> <span class='ocrx_word' id='word_1_677' title='bbox 1244 4461 1715 4535; x_wconf 85' lang='grc' dir='ltr'>ἐπιγεγραμμένοι</span> <span class='ocrx_word' id='word_1_678' title='bbox 1751 4462 1940 4533; x_wconf 80' lang='grc' dir='ltr'>στηλο-</span> 
     </span>
    </p>
   </div>
   <div class='ocr_carea' id='block_1_89' title="bbox 2043 4445 3612 4538">
    <p class='ocr_par' dir='ltr' id='par_1_89' title="bbox 2052 4445 3612 4517">
     <span class='ocr_line' id='line_1_89' title="bbox 2052 4445 3612 4517; baseline -0.006 -9"><span class='ocrx_word' id='word_1_679' title='bbox 2052 4469 2269 4517; x_wconf 89' lang='lat' dir='ltr'><strong>meam,</strong></span> <span class='ocrx_word' id='word_1_680' title='bbox 2320 4451 2542 4506; x_wconf 90' lang='lat' dir='ltr'><strong>intende</strong></span> <span class='ocrx_word' id='word_1_681' title='bbox 2582 4450 2821 4505; x_wconf 89' lang='lat' dir='ltr'><strong>orationi</strong></span> <span class='ocrx_word' id='word_1_682' title='bbox 2865 4464 3018 4506; x_wconf 60' lang='lat' dir='ltr'><strong>meai.</strong></span> <span class='ocrx_word' id='word_1_683' title='bbox 3055 4468 3075 4501; x_wconf 74' lang='grc' dir='ltr'><strong>ι</strong></span> <span class='ocrx_word' id='word_1_684' title='bbox 3109 4447 3213 4515; x_wconf 87' lang='lat' dir='ltr'><strong>Qui</strong></span> <span class='ocrx_word' id='word_1_685' title='bbox 3244 4448 3385 4501; x_wconf 87' lang='lat' dir='ltr'><strong>tituli</strong></span> <span class='ocrx_word' id='word_1_686' title='bbox 3415 4445 3612 4500; x_wconf 85' lang='lat' dir='ltr'><strong>inscri-</strong></span> 
     </span>
    </p>
   </div>
   <div class='ocr_carea' id='block_1_90' title="bbox 358 4552 1934 4629">
    <p class='ocr_par' dir='ltr' id='par_1_90' title="bbox 358 4552 1934 4629">
     <span class='ocr_line' id='line_1_90' title="bbox 358 4552 1934 4629; baseline -0.003 -19"><span class='ocrx_word' id='word_1_687' title='bbox 358 4557 605 4629; x_wconf 82' lang='grc' dir='ltr'>γραφίας</span> <span class='ocrx_word' id='word_1_688' title='bbox 638 4555 834 4627; x_wconf 78' lang='grc' dir='ltr'>ἐφεξῆς</span> <span class='ocrx_word' id='word_1_689' title='bbox 871 4554 1031 4607; x_wconf 81' lang='grc' dir='ltr'>πέντε</span> <span class='ocrx_word' id='word_1_690' title='bbox 1064 4553 1224 4625; x_wconf 84' lang='grc' dir='ltr'>μέχρι</span> <span class='ocrx_word' id='word_1_691' title='bbox 1259 4552 1353 4607; x_wconf 85' lang='grc' dir='ltr'>τοῦ</span> <span class='ocrx_word' id='word_1_692' title='bbox 1382 4553 1457 4608; x_wconf 82' lang='grc' dir='ltr'>νθ¹</span> <span class='ocrx_word' id='word_1_693' title='bbox 1500 4553 1651 4617; x_wconf 89' lang='grc' dir='ltr'>τέλος</span> <span class='ocrx_word' id='word_1_694' title='bbox 1692 4553 1934 4624; x_wconf 77' lang='grc' dir='ltr'>ἔχουσιν·</span> 
     </span>
    </p>
   </div>
   <div class='ocr_carea' id='block_1_91' title="bbox 359 4644 1935 4716">
    <p class='ocr_par' dir='ltr' id='par_1_91' title="bbox 359 4644 1935 4716">
     <span class='ocr_line' id='line_1_91' title="bbox 359 4644 1935 4716; baseline -0.004 -13"><span class='ocrx_word' id='word_1_695' title='bbox 359 4650 471 4704; x_wconf 73' lang='grc' dir='ltr'>είσὶ</span> <span class='ocrx_word' id='word_1_696' title='bbox 497 4649 553 4701; x_wconf 79' lang='grc' dir='ltr'>δὲ</span> <span class='ocrx_word' id='word_1_697' title='bbox 586 4648 788 4710; x_wconf 83' lang='grc' dir='ltr'>πάντες</span> <span class='ocrx_word' id='word_1_698' title='bbox 811 4648 860 4699; x_wconf 80' lang='lat' dir='ltr'><strong>oi</strong></span> <span class='ocrx_word' id='word_1_699' title='bbox 881 4645 1083 4716; x_wconf 78' lang='grc' dir='ltr'>ταύτην</span> <span class='ocrx_word' id='word_1_700' title='bbox 1114 4644 1327 4715; x_wconf 74' lang='grc' dir='ltr'>ἔχοντες</span> <span class='ocrx_word' id='word_1_701' title='bbox 1350 4645 1449 4716; x_wconf 79' lang='grc' dir='ltr'><strong>τὴν</strong></span> <span class='ocrx_word' id='word_1_702' title='bbox 1494 4644 1819 4716; x_wconf 79' lang='grc' dir='ltr'>προγραφὴν</span> <span class='ocrx_word' id='word_1_703' title='bbox 1843 4644 1903 4712; x_wconf 79' lang='grc' dir='ltr'><strong>ἐξ</strong></span> <span class='ocrx_word' id='word_1_704' title='bbox 1921 4663 1935 4675; x_wconf 89' lang='grc'><strong>·</strong></span> 
     </span>
    </p>
   </div>
   <div class='ocr_carea' id='block_1_92' title="bbox 358 4733 1940 4809">
    <p class='ocr_par' dir='ltr' id='par_1_92' title="bbox 358 4733 1940 4809">
     <span class='ocr_line' id='line_1_92' title="bbox 358 4733 1940 4809; baseline -0.003 -17"><span class='ocrx_word' id='word_1_705' title='bbox 358 4740 418 4793; x_wconf 76' lang='grc' dir='ltr'><strong>οἵ</strong></span> <span class='ocrx_word' id='word_1_706' title='bbox 436 4757 493 4791; x_wconf 91' lang='grc' dir='ltr'><strong>τε</strong></span> <span class='ocrx_word' id='word_1_707' title='bbox 532 4736 918 4809; x_wconf 85' lang='grc' dir='ltr'>προλεχθέντες</span> <span class='ocrx_word' id='word_1_708' title='bbox 951 4735 1045 4788; x_wconf 69' lang='grc' dir='ltr'>καὶ</span> <span class='ocrx_word' id='word_1_709' title='bbox 1066 4737 1095 4788; x_wconf 84' lang='lat'><strong>6</strong></span> <span class='ocrx_word' id='word_1_710' title='bbox 1122 4741 1181 4787; x_wconf 87' lang='grc' dir='ltr'>ιε’</span> <span class='ocrx_word' id='word_1_711' title='bbox 1215 4736 1273 4787; x_wconf 90' lang='grc' dir='ltr'><strong>ἐν</strong></span> <span class='ocrx_word' id='word_1_712' title='bbox 1297 4733 1374 4806; x_wconf 83' lang='grc' dir='ltr'>τῷ</span> <span class='ocrx_word' id='word_1_713' title='bbox 1414 4734 1613 4807; x_wconf 84' lang='grc' dir='ltr'>πρώτῳ</span> <span class='ocrx_word' id='word_1_714' title='bbox 1654 4735 1811 4806; x_wconf 83' lang='grc' dir='ltr'>μέρει</span> <span class='ocrx_word' id='word_1_715' title='bbox 1841 4738 1940 4807; x_wconf 84' lang='grc' dir='ltr'>τῆς</span> 
     </span>
    </p>
   </div>
   <div class='ocr_carea' id='block_1_93' title="bbox 361 4826 1941 4905">
    <p class='ocr_par' dir='ltr' id='par_1_93' title="bbox 361 4826 1941 4905">
     <span class='ocr_line' id='line_1_93' title="bbox 361 4826 1941 4905; baseline -0.003 -20"><span class='ocrx_word' id='word_1_716' title='bbox 361 4832 553 4905; x_wconf 74' lang='grc' dir='ltr'>βίϐλου</span> <span class='ocrx_word' id='word_1_717' title='bbox 580 4830 688 4884; x_wconf 90' lang='grc' dir='ltr'><strong>τῶν</strong></span> <span class='ocrx_word' id='word_1_718' title='bbox 718 4828 966 4899; x_wconf 83' lang='grc' dir='ltr'>Ψαλμῶν</span> <span class='ocrx_word' id='word_1_719' title='bbox 988 4826 1258 4898; x_wconf 86' lang='grc' dir='ltr'>κείμενος.</span> <span class='ocrx_word' id='word_1_720' title='bbox 1288 4828 1354 4881; x_wconf 83' lang='grc' dir='ltr'><strong>’Ὀ</strong></span> <span class='ocrx_word' id='word_1_721' title='bbox 1381 4845 1443 4896; x_wconf 87' lang='grc' dir='ltr'><strong>γε</strong></span> <span class='ocrx_word' id='word_1_722' title='bbox 1478 4827 1581 4899; x_wconf 79' lang='grc' dir='ltr'><strong>μὴν</strong></span> <span class='ocrx_word' id='word_1_723' title='bbox 1608 4828 1743 4899; x_wconf 85' lang='grc' dir='ltr'>μετὰ</span> <span class='ocrx_word' id='word_1_724' title='bbox 1755 4831 1941 4901; x_wconf 86' lang='grc' dir='ltr'>χεῖρας</span> 
     </span>
    </p>
   </div>
   <div class='ocr_carea' id='block_1_94' title="bbox 360 4918 1943 4995">
    <p class='ocr_par' dir='ltr' id='par_1_94' title="bbox 360 4918 1943 4995">
     <span class='ocr_line' id='line_1_94' title="bbox 360 4918 1943 4995; baseline -0.003 -16"><span class='ocrx_word' id='word_1_725' title='bbox 360 4924 534 4995; x_wconf 77' lang='grc' dir='ltr'>ὕμνος</span> <span class='ocrx_word' id='word_1_726' title='bbox 560 4922 636 4976; x_wconf 83' lang='grc' dir='ltr'><strong>ὢν</strong></span> <span class='ocrx_word' id='word_1_727' title='bbox 684 4921 777 4975; x_wconf 75' lang='grc' dir='ltr'>καὶ</span> <span class='ocrx_word' id='word_1_728' title='bbox 810 4919 972 4981; x_wconf 81' lang='grc' dir='ltr'>αὐτὸς</span> <span class='ocrx_word' id='word_1_729' title='bbox 1001 4920 1081 4982; x_wconf 85' lang='grc' dir='ltr'><strong>είς</strong></span> <span class='ocrx_word' id='word_1_730' title='bbox 1123 4918 1183 4972; x_wconf 85' lang='grc' dir='ltr'>τὸ</span> <span class='ocrx_word' id='word_1_731' title='bbox 1211 4918 1363 4983; x_wconf 92' lang='grc' dir='ltr'>τέλος</span> <span class='ocrx_word' id='word_1_732' title='bbox 1394 4919 1483 4973; x_wconf 82' lang='grc' dir='ltr'><strong>διὰ</strong></span> <span class='ocrx_word' id='word_1_733' title='bbox 1526 4919 1625 4983; x_wconf 79' lang='grc' dir='ltr'>τὰς</span> <span class='ocrx_word' id='word_1_734' title='bbox 1668 4920 1760 4972; x_wconf 80' lang='grc' dir='ltr'><strong>ἐπὶ</strong></span> <span class='ocrx_word' id='word_1_735' title='bbox 1803 4920 1943 4974; x_wconf 83' lang='grc' dir='ltr'>τέλει</span> 
     </span>
    </p>
   </div>
   <div class='ocr_carea' id='block_1_95' title="bbox 358 5011 1943 5087">
    <p class='ocr_par' dir='ltr' id='par_1_95' title="bbox 358 5011 1943 5087">
     <span class='ocr_line' id='line_1_95' title="bbox 358 5011 1943 5087; baseline -0.004 -15"><span class='ocrx_word' id='word_1_736' title='bbox 358 5016 458 5073; x_wconf 79' lang='grc' dir='ltr'>τοῦ</span> <span class='ocrx_word' id='word_1_737' title='bbox 506 5016 675 5087; x_wconf 77' lang='grc' dir='ltr'>ὖμνου</span> <span class='ocrx_word' id='word_1_738' title='bbox 719 5011 1021 5086; x_wconf 85' lang='grc' dir='ltr'>φερομένας</span> <span class='ocrx_word' id='word_1_739' title='bbox 1061 5012 1397 5082; x_wconf 82' lang='grc' dir='ltr'>ἐπιχρήστας</span> <span class='ocrx_word' id='word_1_740' title='bbox 1446 5011 1776 5080; x_wconf 88' lang='grc' dir='ltr'>ἐπαγγελίας</span> <span class='ocrx_word' id='word_1_741' title='bbox 1814 5012 1943 5066; x_wconf 88' lang='grc' dir='ltr'>ἀνα-</span> 
     </span>
    </p>
   </div>
   <div class='ocr_carea' id='block_1_96' title="bbox 359 5103 1941 5180">
    <p class='ocr_par' dir='ltr' id='par_1_96' title="bbox 359 5103 1941 5180">
     <span class='ocr_line' id='line_1_96' title="bbox 359 5103 1941 5180; baseline -0.004 -16"><span class='ocrx_word' id='word_1_742' title='bbox 359 5112 595 5180; x_wconf 81' lang='grc' dir='ltr'>πέμπει.</span> <span class='ocrx_word' id='word_1_743' title='bbox 653 5107 776 5161; x_wconf 75' lang='grc' dir='ltr'><strong>Εἰσὶ</strong></span> <span class='ocrx_word' id='word_1_744' title='bbox 827 5106 885 5160; x_wconf 87' lang='grc' dir='ltr'><strong>δέ</strong></span> <span class='ocrx_word' id='word_1_745' title='bbox 943 5108 1141 5169; x_wconf 82' lang='grc' dir='ltr'>πάντες</span> <span class='ocrx_word' id='word_1_746' title='bbox 1190 5106 1240 5159; x_wconf 79' lang='grc' dir='ltr'>οἱ</span> <span class='ocrx_word' id='word_1_747' title='bbox 1297 5103 1765 5175; x_wconf 86' lang='grc' dir='ltr'>ἐπιγεγραμμένοι</span> <span class='ocrx_word' id='word_1_748' title='bbox 1801 5123 1819 5154; x_wconf 75' lang='grc' dir='ltr'><strong>ι</strong></span> <span class='ocrx_word' id='word_1_749' title='bbox 1853 5104 1941 5157; x_wconf 88' lang='grc' dir='ltr'>Ἐν</span> 
     </span>
    </p>
   </div>
   <div class='ocr_carea' id='block_1_97' title="bbox 360 5194 1943 5271">
    <p class='ocr_par' dir='ltr' id='par_1_97' title="bbox 360 5194 1943 5271">
     <span class='ocr_line' id='line_1_97' title="bbox 360 5194 1943 5271; baseline -0.006 -15"><span class='ocrx_word' id='word_1_750' title='bbox 360 5203 556 5271; x_wconf 73' lang='grc' dir='ltr'>ὕμνοις</span> <span class='ocrx_word' id='word_1_751' title='bbox 592 5220 611 5252; x_wconf 77' lang='grc' dir='ltr'><strong>ι</strong></span> <span class='ocrx_word' id='word_1_752' title='bbox 656 5200 849 5253; x_wconf 70' lang='grc' dir='ltr'>πέντε*</span> <span class='ocrx_word' id='word_1_753' title='bbox 899 5200 991 5253; x_wconf 75' lang='grc' dir='ltr'><strong>δύο</strong></span> <span class='ocrx_word' id='word_1_754' title='bbox 1041 5200 1138 5271; x_wconf 83' lang='grc' dir='ltr'>μὲν</span> <span class='ocrx_word' id='word_1_755' title='bbox 1182 5201 1240 5252; x_wconf 91' lang='grc' dir='ltr'><strong>ἐν</strong></span> <span class='ocrx_word' id='word_1_756' title='bbox 1284 5198 1362 5269; x_wconf 83' lang='grc' dir='ltr'>τῷ</span> <span class='ocrx_word' id='word_1_757' title='bbox 1414 5194 1616 5267; x_wconf 79' lang='grc' dir='ltr'>πρώτῳ</span> <span class='ocrx_word' id='word_1_758' title='bbox 1650 5195 1804 5266; x_wconf 85' lang='grc' dir='ltr'>μέρει</span> <span class='ocrx_word' id='word_1_759' title='bbox 1843 5199 1943 5267; x_wconf 75' lang='grc' dir='ltr'>τῆς</span> 
     </span>
    </p>
   </div>
   <div class='ocr_carea' id='block_1_98' title="bbox 367 5283 1944 5367">
    <p class='ocr_par' dir='ltr' id='par_1_98' title="bbox 367 5283 1944 5367">
     <span class='ocr_line' id='line_1_98' title="bbox 367 5283 1944 5367; baseline -0.005 -20"><span class='ocrx_word' id='word_1_760' title='bbox 367 5295 578 5367; x_wconf 72' lang='grc' dir='ltr'>βίϐλου,</span> <span class='ocrx_word' id='word_1_761' title='bbox 616 5295 645 5346; x_wconf 91' lang='lat'><strong>6</strong></span> <span class='ocrx_word' id='word_1_762' title='bbox 686 5293 939 5364; x_wconf 86' lang='grc' dir='ltr'>τέταρτος</span> <span class='ocrx_word' id='word_1_763' title='bbox 984 5292 1077 5347; x_wconf 75' lang='grc' dir='ltr'><strong>καὶ</strong></span> <span class='ocrx_word' id='word_1_764' title='bbox 1119 5294 1148 5345; x_wconf 91' lang='lat'><strong>6</strong></span> <span class='ocrx_word' id='word_1_765' title='bbox 1192 5296 1265 5356; x_wconf 80' lang='grc' dir='ltr'><strong>ς’.</strong></span> <span class='ocrx_word' id='word_1_766' title='bbox 1307 5288 1446 5342; x_wconf 83' lang='grc' dir='ltr'>Ἀλλ’</span> <span class='ocrx_word' id='word_1_767' title='bbox 1488 5283 1630 5342; x_wconf 73' lang='grc' dir='ltr'>οὗτοι</span> <span class='ocrx_word' id='word_1_768' title='bbox 1659 5288 1758 5358; x_wconf 85' lang='grc' dir='ltr'>μὲν</span> <span class='ocrx_word' id='word_1_769' title='bbox 1802 5308 1819 5340; x_wconf 76' lang='grc' dir='ltr'><strong>ι</strong></span> <span class='ocrx_word' id='word_1_770' title='bbox 1857 5289 1944 5341; x_wconf 84' lang='grc' dir='ltr'>Ἐν</span> 
     </span>
    </p>
   </div>
   <div class='ocr_carea' id='block_1_99' title="bbox 365 5380 1946 5457">
    <p class='ocr_par' dir='ltr' id='par_1_99' title="bbox 365 5380 1946 5457">
     <span class='ocr_line' id='line_1_99' title="bbox 365 5380 1946 5457; baseline -0.005 -16"><span class='ocrx_word' id='word_1_771' title='bbox 365 5389 560 5457; x_wconf 77' lang='grc' dir='ltr'>ὗμνοις</span> <span class='ocrx_word' id='word_1_772' title='bbox 589 5386 792 5457; x_wconf 80' lang='grc' dir='ltr'>ψαλμοὶ</span> <span class='ocrx_word' id='word_1_773' title='bbox 829 5406 846 5438; x_wconf 79' lang='grc' dir='ltr'><strong>ι</strong></span> <span class='ocrx_word' id='word_1_774' title='bbox 879 5387 1124 5455; x_wconf 88' lang='grc' dir='ltr'>λέγονται</span> <span class='ocrx_word' id='word_1_775' title='bbox 1148 5402 1162 5416; x_wconf 79' lang='grc'><em>’</em></span> <span class='ocrx_word' id='word_1_776' title='bbox 1187 5386 1236 5439; x_wconf 80' lang='grc' dir='ltr'><strong>οἱ</strong></span> <span class='ocrx_word' id='word_1_777' title='bbox 1257 5384 1314 5438; x_wconf 82' lang='grc' dir='ltr'><strong>δέ</strong></span> <span class='ocrx_word' id='word_1_778' title='bbox 1339 5386 1396 5437; x_wconf 93' lang='grc' dir='ltr'><strong>ἐν</strong></span> <span class='ocrx_word' id='word_1_779' title='bbox 1425 5382 1503 5453; x_wconf 80' lang='grc' dir='ltr'>τῷ</span> <span class='ocrx_word' id='word_1_780' title='bbox 1529 5382 1763 5454; x_wconf 83' lang='grc' dir='ltr'>δευτέρῳ</span> <span class='ocrx_word' id='word_1_781' title='bbox 1792 5380 1946 5452; x_wconf 83' lang='grc' dir='ltr'>μέρει</span> 
     </span>
    </p>
   </div>
   <div class='ocr_carea' id='block_1_100' title="bbox 360 5472 1941 5551">
    <p class='ocr_par' dir='ltr' id='par_1_100' title="bbox 360 5472 1941 5551">
     <span class='ocr_line' id='line_1_100' title="bbox 360 5472 1941 5551; baseline -0.005 -19"><span class='ocrx_word' id='word_1_782' title='bbox 360 5480 463 5550; x_wconf 80' lang='grc' dir='ltr'><strong>τῆς</strong></span> <span class='ocrx_word' id='word_1_783' title='bbox 494 5478 676 5549; x_wconf 74' lang='grc' dir='ltr'>βίϐλου</span> <span class='ocrx_word' id='word_1_784' title='bbox 703 5480 850 5551; x_wconf 81' lang='grc' dir='ltr'>τρεῖς</span> <span class='ocrx_word' id='word_1_785' title='bbox 882 5498 901 5529; x_wconf 76' lang='grc' dir='ltr'><strong>ι</strong></span> <span class='ocrx_word' id='word_1_786' title='bbox 925 5480 1014 5533; x_wconf 84' lang='grc' dir='ltr'>Ἐν</span> <span class='ocrx_word' id='word_1_787' title='bbox 1046 5478 1235 5549; x_wconf 74' lang='grc' dir='ltr'>ὕμνοις</span> <span class='ocrx_word' id='word_1_788' title='bbox 1270 5495 1287 5527; x_wconf 82' lang='grc' dir='ltr'><strong>ι</strong></span> <span class='ocrx_word' id='word_1_789' title='bbox 1336 5476 1727 5546; x_wconf 83' lang='grc' dir='ltr'>ἐπιγράφονται</span> <span class='ocrx_word' id='word_1_790' title='bbox 1762 5472 1941 5544; x_wconf 73' lang='grc' dir='ltr'>μόνον,</span> 
     </span>
    </p>
   </div>
   <div class='ocr_carea' id='block_1_101' title="bbox 360 5563 1943 5642">
    <p class='ocr_par' dir='ltr' id='par_1_101' title="bbox 360 5563 1943 5642">
     <span class='ocr_line' id='line_1_101' title="bbox 360 5563 1943 5642; baseline -0.002 -19"><span class='ocrx_word' id='word_1_791' title='bbox 360 5573 393 5623; x_wconf 92' lang='lat'><strong>6</strong></span> <span class='ocrx_word' id='word_1_792' title='bbox 422 5578 525 5639; x_wconf 87' lang='grc' dir='ltr'>νγ’,</span> <span class='ocrx_word' id='word_1_793' title='bbox 560 5570 656 5623; x_wconf 69' lang='grc' dir='ltr'><strong>καὶ</strong></span> <span class='ocrx_word' id='word_1_794' title='bbox 688 5573 716 5624; x_wconf 85' lang='grc' dir='ltr'>ὁ</span> <span class='ocrx_word' id='word_1_795' title='bbox 738 5567 829 5635; x_wconf 83' lang='grc' dir='ltr'>νδ’,</span> <span class='ocrx_word' id='word_1_796' title='bbox 859 5573 998 5626; x_wconf 82' lang='grc' dir='ltr'><strong>καὶὸ</strong></span> <span class='ocrx_word' id='word_1_797' title='bbox 1026 5570 1166 5642; x_wconf 85' lang='grc' dir='ltr'><strong>μετά</strong></span> <span class='ocrx_word' id='word_1_798' title='bbox 1189 5572 1393 5641; x_wconf 86' lang='grc' dir='ltr'>χεῖρας.</span> <span class='ocrx_word' id='word_1_799' title='bbox 1451 5568 1511 5621; x_wconf 89' lang='grc' dir='ltr'>Οί</span> <span class='ocrx_word' id='word_1_800' title='bbox 1541 5566 1638 5639; x_wconf 76' lang='grc' dir='ltr'>μὲν</span> <span class='ocrx_word' id='word_1_801' title='bbox 1663 5563 1755 5621; x_wconf 78' lang='grc' dir='ltr'><strong>οὖν</strong></span> <span class='ocrx_word' id='word_1_802' title='bbox 1788 5585 1807 5618; x_wconf 81' lang='grc' dir='ltr'><strong>ι</strong></span> <span class='ocrx_word' id='word_1_803' title='bbox 1853 5566 1943 5620; x_wconf 84' lang='grc' dir='ltr'>Ἐν</span> 
     </span>
    </p>
   </div>
   <div class='ocr_carea' id='block_1_102' title="bbox 448 5726 1563 5803">
    <p class='ocr_par' dir='ltr' id='par_1_102' title="bbox 448 5726 1563 5803">
     <span class='ocr_line' id='line_1_102' title="bbox 448 5726 1563 5803; baseline -0.003 -16"><span class='ocrx_word' id='word_1_804' title='bbox 448 5730 487 5763; x_wconf 76' lang='grc' dir='ltr'><strong>ἰ</strong></span> <span class='ocrx_word' id='word_1_805' title='bbox 527 5729 723 5803; x_wconf 82' lang='lat' dir='ltr'><strong>Philip.</strong></span> <span class='ocrx_word' id='word_1_806' title='bbox 761 5744 835 5797; x_wconf 83' lang='lat' dir='ltr'><strong>Iv,</strong></span> <span class='ocrx_word' id='word_1_807' title='bbox 876 5728 959 5787; x_wconf 79' lang='lat' dir='ltr'><strong>l5.</strong></span> <span class='ocrx_word' id='word_1_808' title='bbox 1039 5731 1082 5763; x_wconf 86' lang='grc'><strong>³’</strong></span> <span class='ocrx_word' id='word_1_809' title='bbox 1121 5729 1143 5785; x_wconf 87' lang='grc' dir='ltr'>Ι</span> <span class='ocrx_word' id='word_1_810' title='bbox 1180 5727 1307 5784; x_wconf 86' lang='lat' dir='ltr'><strong>Cor.</strong></span> <span class='ocrx_word' id='word_1_811' title='bbox 1346 5743 1437 5795; x_wconf 76' lang='lat' dir='ltr'><strong>xv,</strong></span> <span class='ocrx_word' id='word_1_812' title='bbox 1475 5726 1563 5784; x_wconf 81' lang='grc'><strong>10.</strong></span> 
     </span>
    </p>
   </div>
   <div class='ocr_carea' id='block_1_103' title="bbox 2045 4538 3613 4617">
    <p class='ocr_par' dir='ltr' id='par_1_103' title="bbox 2045 4538 3613 4617">
     <span class='ocr_line' id='line_1_103' title="bbox 2045 4538 3613 4617; baseline -0.007 -17"><span class='ocrx_word' id='word_1_813' title='bbox 2045 4548 2266 4617; x_wconf 87' lang='lat' dir='ltr'><strong>ptiones</strong></span> <span class='ocrx_word' id='word_1_814' title='bbox 2327 4545 2622 4609; x_wconf 90' lang='lat' dir='ltr'><strong>dicuntur,</strong></span> <span class='ocrx_word' id='word_1_815' title='bbox 2685 4549 3086 4613; x_wconf 86' lang='lat' dir='ltr'><strong>consequenter</strong></span> <span class='ocrx_word' id='word_1_816' title='bbox 3154 4538 3319 4609; x_wconf 89' lang='lat' dir='ltr'><strong>positi</strong></span> <span class='ocrx_word' id='word_1_817' title='bbox 3384 4550 3613 4591; x_wconf 87' lang='lat' dir='ltr'><strong>numero</strong></span> 
     </span>
    </p>
   </div>
   <div class='ocr_carea' id='block_1_104' title="bbox 2044 4630 3608 4709">
    <p class='ocr_par' dir='ltr' id='par_1_104' title="bbox 2044 4630 3608 4709">
     <span class='ocr_line' id='line_1_104' title="bbox 2044 4630 3608 4709; baseline -0.006 -18"><span class='ocrx_word' id='word_1_818' title='bbox 2044 4638 2321 4709; x_wconf 84' lang='lat' dir='ltr'><strong>quinque,</strong></span> <span class='ocrx_word' id='word_1_819' title='bbox 2362 4636 2418 4691; x_wconf 88' lang='lat' dir='ltr'><strong>in</strong></span> <span class='ocrx_word' id='word_1_820' title='bbox 2466 4651 2556 4691; x_wconf 70' lang='grc' dir='ltr'>ιιι</span> <span class='ocrx_word' id='word_1_821' title='bbox 2614 4634 2894 4691; x_wconf 89' lang='lat' dir='ltr'><strong>desinunt.</strong></span> <span class='ocrx_word' id='word_1_822' title='bbox 2942 4630 3082 4685; x_wconf 88' lang='lat' dir='ltr'><strong>Sunt</strong></span> <span class='ocrx_word' id='word_1_823' title='bbox 3156 4638 3339 4684; x_wconf 84' lang='lat' dir='ltr'><strong>autem</strong></span> <span class='ocrx_word' id='word_1_824' title='bbox 3381 4642 3608 4690; x_wconf 90' lang='lat' dir='ltr'><strong>omnes,</strong></span> 
     </span>
    </p>
   </div>
   <div class='ocr_carea' id='block_1_105' title="bbox 2047 4725 3609 4802">
    <p class='ocr_par' dir='ltr' id='par_1_105' title="bbox 2047 4725 3609 4802">
     <span class='ocr_line' id='line_1_105' title="bbox 2047 4725 3609 4802; baseline -0.01 -15"><span class='ocrx_word' id='word_1_825' title='bbox 2047 4733 2139 4802; x_wconf 88' lang='lat' dir='ltr'><strong>qui</strong></span> <span class='ocrx_word' id='word_1_826' title='bbox 2187 4731 2504 4800; x_wconf 85' lang='lat' dir='ltr'><strong>liujusmodi</strong></span> <span class='ocrx_word' id='word_1_827' title='bbox 2553 4728 2713 4783; x_wconf 89' lang='lat' dir='ltr'><strong>titulo</strong></span> <span class='ocrx_word' id='word_1_828' title='bbox 2762 4725 3162 4783; x_wconf 87' lang='lat' dir='ltr'><strong>inscribuntur,</strong></span> <span class='ocrx_word' id='word_1_829' title='bbox 3211 4734 3442 4775; x_wconf 87' lang='lat' dir='ltr'><strong>numero</strong></span> <span class='ocrx_word' id='word_1_830' title='bbox 3471 4733 3609 4785; x_wconf 81' lang='lat' dir='ltr'><strong>sex;</strong></span> 
     </span>
    </p>
   </div>
   <div class='ocr_carea' id='block_1_106' title="bbox 2047 4812 3614 4894">
    <p class='ocr_par' dir='ltr' id='par_1_106' title="bbox 2047 4812 3614 4894">
     <span class='ocr_line' id='line_1_106' title="bbox 2047 4812 3614 4894; baseline -0.011 -14"><span class='ocrx_word' id='word_1_831' title='bbox 2047 4839 2242 4894; x_wconf 89' lang='lat' dir='ltr'><strong>nempe</strong></span> <span class='ocrx_word' id='word_1_832' title='bbox 2285 4823 2379 4894; x_wconf 91' lang='lat' dir='ltr'><strong>qui</strong></span> <span class='ocrx_word' id='word_1_833' title='bbox 2406 4823 2519 4892; x_wconf 87' lang='lat' dir='ltr'><strong>jam</strong></span> <span class='ocrx_word' id='word_1_834' title='bbox 2551 4819 2838 4877; x_wconf 84' lang='lat' dir='ltr'><strong>memorati</strong></span> <span class='ocrx_word' id='word_1_835' title='bbox 2882 4823 3049 4879; x_wconf 87' lang='lat' dir='ltr'><strong>sunt,</strong></span> <span class='ocrx_word' id='word_1_836' title='bbox 3080 4822 3134 4869; x_wconf 94' lang='lat' dir='ltr'><strong>et</strong></span> <span class='ocrx_word' id='word_1_837' title='bbox 3178 4812 3424 4868; x_wconf 82' lang='lat' dir='ltr'><strong>decimus</strong></span> <span class='ocrx_word' id='word_1_838' title='bbox 3451 4812 3614 4882; x_wconf 91' lang='lat' dir='ltr'><strong>quin-</strong></span> 
     </span>
    </p>
   </div>
   <div class='ocr_carea' id='block_1_107' title="bbox 2048 4904 3614 4986">
    <p class='ocr_par' dir='ltr' id='par_1_107' title="bbox 2048 4904 3614 4986">
     <span class='ocr_line' id='line_1_107' title="bbox 2048 4904 3614 4986; baseline -0.011 -14"><span class='ocrx_word' id='word_1_839' title='bbox 2048 4928 2171 4980; x_wconf 87' lang='lat' dir='ltr'><strong>tus,</strong></span> <span class='ocrx_word' id='word_1_840' title='bbox 2226 4916 2282 4970; x_wconf 90' lang='lat' dir='ltr'><strong>in</strong></span> <span class='ocrx_word' id='word_1_841' title='bbox 2333 4917 2508 4986; x_wconf 89' lang='lat' dir='ltr'><strong>prima</strong></span> <span class='ocrx_word' id='word_1_842' title='bbox 2552 4923 2705 4984; x_wconf 89' lang='lat' dir='ltr'><strong>parte</strong></span> <span class='ocrx_word' id='word_1_843' title='bbox 2751 4910 2876 4965; x_wconf 88' lang='lat' dir='ltr'><strong>libri</strong></span> <span class='ocrx_word' id='word_1_844' title='bbox 2912 4908 3255 4964; x_wconf 88' lang='lat' dir='ltr'><strong>Psalmorum</strong></span> <span class='ocrx_word' id='word_1_845' title='bbox 3307 4908 3467 4962; x_wconf 86' lang='lat' dir='ltr'><strong>situs.</strong></span> <span class='ocrx_word' id='word_1_846' title='bbox 3514 4904 3614 4958; x_wconf 88' lang='lat' dir='ltr'><strong>Hic</strong></span> 
     </span>
    </p>
   </div>
   <div class='ocr_carea' id='block_1_108' title="bbox 2045 4995 3615 5079">
    <p class='ocr_par' dir='ltr' id='par_1_108' title="bbox 2045 4995 3615 5079">
     <span class='ocr_line' id='line_1_108' title="bbox 2045 4995 3615 5079; baseline -0.01 -13"><span class='ocrx_word' id='word_1_847' title='bbox 2045 5026 2177 5066; x_wconf 86' lang='lat' dir='ltr'><strong>vero</strong></span> <span class='ocrx_word' id='word_1_848' title='bbox 2205 5024 2366 5079; x_wconf 88' lang='lat' dir='ltr'><strong>quem</strong></span> <span class='ocrx_word' id='word_1_849' title='bbox 2412 5008 2529 5078; x_wconf 88' lang='lat' dir='ltr'><strong>jam</strong></span> <span class='ocrx_word' id='word_1_850' title='bbox 2577 5013 2877 5062; x_wconf 87' lang='lat' dir='ltr'><strong>tractamus</strong></span> <span class='ocrx_word' id='word_1_851' title='bbox 2916 5002 3184 5073; x_wconf 80' lang='lat' dir='ltr'><strong>hymnus,</strong></span> <span class='ocrx_word' id='word_1_852' title='bbox 3216 4998 3284 5052; x_wconf 89' lang='lat' dir='ltr'><strong>ad</strong></span> <span class='ocrx_word' id='word_1_853' title='bbox 3316 4997 3475 5053; x_wconf 82' lang='lat' dir='ltr'><strong>tinem</strong></span> <span class='ocrx_word' id='word_1_854' title='bbox 3497 5036 3512 5061; x_wconf 92' lang='lat'><strong>,</strong></span> <span class='ocrx_word' id='word_1_855' title='bbox 3544 4995 3615 5050; x_wconf 88' lang='lat' dir='ltr'><strong>ob</strong></span> 
     </span>
    </p>
   </div>
   <div class='ocr_carea' id='block_1_109' title="bbox 2047 5091 3616 5175">
    <p class='ocr_par' dir='ltr' id='par_1_109' title="bbox 2047 5091 3616 5175">
     <span class='ocr_line' id='line_1_109' title="bbox 2047 5091 3616 5175; baseline -0.011 -17"><span class='ocrx_word' id='word_1_856' title='bbox 2047 5101 2299 5175; x_wconf 88' lang='lat' dir='ltr'><strong>perutilia</strong></span> <span class='ocrx_word' id='word_1_857' title='bbox 2332 5101 2423 5155; x_wconf 90' lang='lat' dir='ltr'><strong>illa</strong></span> <span class='ocrx_word' id='word_1_858' title='bbox 2465 5099 2776 5170; x_wconf 85' lang='lat' dir='ltr'><strong>promissa,</strong></span> <span class='ocrx_word' id='word_1_859' title='bbox 2809 5111 2931 5167; x_wconf 68' lang='lat' dir='ltr'><strong>qua:</strong></span> <span class='ocrx_word' id='word_1_860' title='bbox 2958 5095 3013 5149; x_wconf 91' lang='lat' dir='ltr'><strong>in</strong></span> <span class='ocrx_word' id='word_1_861' title='bbox 3056 5092 3162 5148; x_wconf 84' lang='lat' dir='ltr'><strong>line</strong></span> <span class='ocrx_word' id='word_1_862' title='bbox 3208 5091 3479 5155; x_wconf 72' lang='lat' dir='ltr'><strong>feruntur,</strong></span> <span class='ocrx_word' id='word_1_863' title='bbox 3527 5102 3616 5141; x_wconf 68' lang='lat' dir='ltr'><strong>reo</strong></span> 
     </span>
    </p>
   </div>
   <div class='ocr_carea' id='block_1_110' title="bbox 2048 5181 3615 5261">
    <p class='ocr_par' dir='ltr' id='par_1_110' title="bbox 2048 5181 3615 5261">
     <span class='ocr_line' id='line_1_110' title="bbox 2048 5181 3615 5261; baseline -0.011 -11"><span class='ocrx_word' id='word_1_864' title='bbox 2048 5195 2234 5250; x_wconf 87' lang='lat' dir='ltr'><strong>mittit.</strong></span> <span class='ocrx_word' id='word_1_865' title='bbox 2275 5192 2415 5247; x_wconf 88' lang='lat' dir='ltr'><strong>Sunt</strong></span> <span class='ocrx_word' id='word_1_866' title='bbox 2445 5199 2625 5246; x_wconf 89' lang='lat' dir='ltr'><strong>autem</strong></span> <span class='ocrx_word' id='word_1_867' title='bbox 2658 5209 2677 5241; x_wconf 74' lang='grc' dir='ltr'><strong>ι</strong></span> <span class='ocrx_word' id='word_1_868' title='bbox 2706 5190 2766 5245; x_wconf 84' lang='grc' dir='ltr'><strong>1η</strong></span> <span class='ocrx_word' id='word_1_869' title='bbox 2797 5188 3014 5261; x_wconf 87' lang='lat' dir='ltr'><strong>hymnis</strong></span> <span class='ocrx_word' id='word_1_870' title='bbox 3046 5205 3066 5239; x_wconf 74' lang='grc' dir='ltr'><strong>ι</strong></span> <span class='ocrx_word' id='word_1_871' title='bbox 3097 5184 3345 5253; x_wconf 89' lang='lat' dir='ltr'><strong>inscripti</strong></span> <span class='ocrx_word' id='word_1_872' title='bbox 3374 5181 3615 5252; x_wconf 92' lang='lat' dir='ltr'><strong>quinque</strong></span> 
     </span>
    </p>
   </div>
   <div class='ocr_carea' id='block_1_111' title="bbox 2050 5271 3611 5352">
    <p class='ocr_par' dir='ltr' id='par_1_111' title="bbox 2050 5271 3611 5352">
     <span class='ocr_line' id='line_1_111' title="bbox 2050 5271 3611 5352; baseline -0.013 -12"><span class='ocrx_word' id='word_1_873' title='bbox 2050 5298 2318 5340; x_wconf 89' lang='lat' dir='ltr'><strong>numero:</strong></span> <span class='ocrx_word' id='word_1_874' title='bbox 2364 5297 2597 5352; x_wconf 91' lang='lat' dir='ltr'><strong>quorum</strong></span> <span class='ocrx_word' id='word_1_875' title='bbox 2642 5281 2752 5336; x_wconf 85' lang='lat' dir='ltr'><strong>duo</strong></span> <span class='ocrx_word' id='word_1_876' title='bbox 2793 5281 2847 5334; x_wconf 92' lang='lat' dir='ltr'><strong>in</strong></span> <span class='ocrx_word' id='word_1_877' title='bbox 2893 5280 3067 5349; x_wconf 82' lang='lat' dir='ltr'><strong>prima</strong></span> <span class='ocrx_word' id='word_1_878' title='bbox 3108 5283 3262 5346; x_wconf 90' lang='lat' dir='ltr'><strong>parte</strong></span> <span class='ocrx_word' id='word_1_879' title='bbox 3300 5271 3420 5326; x_wconf 87' lang='lat' dir='ltr'><strong>libri</strong></span> <span class='ocrx_word' id='word_1_880' title='bbox 3451 5276 3611 5333; x_wconf 89' lang='lat' dir='ltr'><strong>sunt,</strong></span> 
     </span>
    </p>
   </div>
   <div class='ocr_carea' id='block_1_112' title="bbox 2046 5364 3615 5448">
    <p class='ocr_par' dir='ltr' id='par_1_112' title="bbox 2046 5364 3615 5448">
     <span class='ocr_line' id='line_1_112' title="bbox 2046 5364 3615 5448; baseline -0.011 -16"><span class='ocrx_word' id='word_1_881' title='bbox 2046 5386 2276 5448; x_wconf 90' lang='lat' dir='ltr'><strong>quartus</strong></span> <span class='ocrx_word' id='word_1_882' title='bbox 2299 5392 2513 5447; x_wconf 88' lang='lat' dir='ltr'><strong>nempe,</strong></span> <span class='ocrx_word' id='word_1_883' title='bbox 2538 5384 2590 5430; x_wconf 91' lang='lat' dir='ltr'><strong>et</strong></span> <span class='ocrx_word' id='word_1_884' title='bbox 2620 5384 2825 5443; x_wconf 81' lang='lat' dir='ltr'><strong>sextus.</strong></span> <span class='ocrx_word' id='word_1_885' title='bbox 2858 5371 2964 5428; x_wconf 91' lang='lat' dir='ltr'><strong>Sed</strong></span> <span class='ocrx_word' id='word_1_886' title='bbox 2988 5372 3064 5426; x_wconf 90' lang='lat' dir='ltr'><strong>illi</strong></span> <span class='ocrx_word' id='word_1_887' title='bbox 3086 5370 3306 5441; x_wconf 88' lang='lat' dir='ltr'><strong>quidem</strong></span> <span class='ocrx_word' id='word_1_888' title='bbox 3335 5385 3353 5417; x_wconf 76' lang='grc' dir='ltr'><strong>ι</strong></span> <span class='ocrx_word' id='word_1_889' title='bbox 3380 5366 3438 5419; x_wconf 93' lang='lat' dir='ltr'><strong>ln</strong></span> <span class='ocrx_word' id='word_1_890' title='bbox 3461 5364 3615 5434; x_wconf 88' lang='lat' dir='ltr'><strong>hym-</strong></span> 
     </span>
    </p>
   </div>
   <div class='ocr_carea' id='block_1_113' title="bbox 2051 5456 3616 5540">
    <p class='ocr_par' dir='ltr' id='par_1_113' title="bbox 2051 5456 3616 5540">
     <span class='ocr_line' id='line_1_113' title="bbox 2051 5456 3616 5540; baseline -0.012 -15"><span class='ocrx_word' id='word_1_891' title='bbox 2051 5471 2140 5525; x_wconf 88' lang='lat' dir='ltr'><strong>nis</strong></span> <span class='ocrx_word' id='word_1_892' title='bbox 2171 5469 2366 5540; x_wconf 86' lang='lat' dir='ltr'><strong>psalmi</strong></span> <span class='ocrx_word' id='word_1_893' title='bbox 2396 5488 2413 5521; x_wconf 82' lang='grc' dir='ltr'><strong>ι</strong></span> <span class='ocrx_word' id='word_1_894' title='bbox 2444 5469 2747 5534; x_wconf 84' lang='lat' dir='ltr'><strong>dicuntur;</strong></span> <span class='ocrx_word' id='word_1_895' title='bbox 2795 5465 2889 5537; x_wconf 87' lang='lat' dir='ltr'><strong>qui</strong></span> <span class='ocrx_word' id='word_1_896' title='bbox 2931 5479 3059 5518; x_wconf 83' lang='lat' dir='ltr'><strong>vero</strong></span> <span class='ocrx_word' id='word_1_897' title='bbox 3089 5464 3143 5516; x_wconf 92' lang='lat' dir='ltr'><strong>in</strong></span> <span class='ocrx_word' id='word_1_898' title='bbox 3186 5456 3424 5516; x_wconf 88' lang='lat' dir='ltr'><strong>secunda</strong></span> <span class='ocrx_word' id='word_1_899' title='bbox 3464 5463 3616 5524; x_wconf 85' lang='lat' dir='ltr'><strong>parte</strong></span> 
     </span>
    </p>
   </div>
   <div class='ocr_carea' id='block_1_114' title="bbox 2053 5545 3617 5630">
    <p class='ocr_par' dir='ltr' id='par_1_114' title="bbox 2053 5545 3617 5630">
     <span class='ocr_line' id='line_1_114' title="bbox 2053 5545 3617 5630; baseline -0.012 -10"><span class='ocrx_word' id='word_1_900' title='bbox 2053 5562 2179 5620; x_wconf 87' lang='lat' dir='ltr'><strong>libri</strong></span> <span class='ocrx_word' id='word_1_901' title='bbox 2223 5571 2393 5630; x_wconf 88' lang='lat' dir='ltr'><strong>sunt,</strong></span> <span class='ocrx_word' id='word_1_902' title='bbox 2436 5569 2549 5619; x_wconf 86' lang='lat' dir='ltr'><strong>tres</strong></span> <span class='ocrx_word' id='word_1_903' title='bbox 2590 5574 2854 5627; x_wconf 84' lang='lat' dir='ltr'><strong>numero,</strong></span> <span class='ocrx_word' id='word_1_904' title='bbox 2886 5575 2904 5610; x_wconf 79' lang='grc' dir='ltr'><strong>ι</strong></span> <span class='ocrx_word' id='word_1_905' title='bbox 2938 5556 2995 5612; x_wconf 91' lang='lat' dir='ltr'><strong>In</strong></span> <span class='ocrx_word' id='word_1_906' title='bbox 3028 5553 3244 5628; x_wconf 82' lang='lat' dir='ltr'><strong>hymnis</strong></span> <span class='ocrx_word' id='word_1_907' title='bbox 3267 5570 3286 5604; x_wconf 77' lang='grc' dir='ltr'><strong>ι</strong></span> <span class='ocrx_word' id='word_1_908' title='bbox 3316 5549 3491 5606; x_wconf 88' lang='lat' dir='ltr'><strong>solum</strong></span> <span class='ocrx_word' id='word_1_909' title='bbox 3530 5545 3617 5602; x_wconf 79' lang='lat' dir='ltr'><strong>in-</strong></span> 
     </span>
    </p>
   </div>
  </div>
