4100 6576
602 269 709 327 ε75

1272 271 1541 329 EUSEBII
1575 273 2062 333 CESARIENSIS
2102 277 2116 330 t

2226 283 2254 330 ’.
2299 276 2476 333 PARS
2512 277 2601 334 lll.
2644 309 2714 321 -—
2741 278 3134 336 EXEGETICA

3746 286 3849 342 576

604 403 968 472 scribuntur;
1000 420 1193 475 nempe
1224 420 1318 459 un
1344 446 1359 467 ,
1392 423 1502 471 ων,
1534 417 1585 461 et
1627 409 1715 465 hic
1756 426 1918 480 quem
1968 422 2116 469 tract:

2226 400 2247 453 λ
2277 390 2465 464 ὕμνοις
2492 392 2696 465 ψαλμοὶ
2735 413 2754 446 ι
2788 394 2997 449 ἐοίκασι
3034 398 3131 451 σὺν
3153 397 3230 468 τῷ
3259 399 3503 472 μουσικῷ
3526 401 3742 475 ὀργάνῳ
3770 407 3847 478 τῷ

598 511 742 553 mus.
775 495 879 564 Qui
909 497 1077 569 igitur
1107 515 1125 548 ι
1155 496 1215 552 1η
1260 498 1477 569 hymnis
1500 502 1696 570 psalmi
1728 520 1748 555 ι
1773 504 2053 569 dicuntur,
2085 507 2167 561 vi-

596 585 795 641 dentur
824 602 949 642 cum
980 586 1193 643 musico
1235 587 1634 659 instrumento,
1663 592 1811 661 quod
1852 595 2167 663 psalterium

594 679 820 741 dicunt,
851 679 1192 749 pronuntiati
1239 679 1451 737 fuisse:
1494 686 1753 754 quoniam
1801 685 1895 755 qui
1946 687 2164 756 psallit,

592 771 840 839 corporis
864 807 878 833 ,
912 771 1056 841 quod
1092 772 1526 828 instrumentum
1569 777 1765 832 anima:
1799 783 1918 843 est,
1950 778 2165 836 actione

590 860 813 932 indiget.
862 859 967 928 Qui
1019 873 1202 918 autem
1254 864 1443 937 hymni
1491 867 1667 923 solum
1706 869 2000 935 dicuntur,
2046 873 2161 929 sola

588 964 720 1005 voce
766 950 1027 1023 hymnum
1070 954 1385 1023 offerentis,
1436 958 1588 1011 nulla
1630 958 1873 1016 adhibita
1914 964 2158 1033 psalterii

588 1042 898 1111 pulsatione
917 1085 932 1107 ,
963 1045 1095 1102 dicti
1126 1055 1255 1103 sunt
1285 1066 1298 1115 ;
1329 1049 1423 1120 qui
1453 1065 1735 1107 sermones
1765 1052 1964 1109 ibidem
1996 1056 2158 1125 positi

585 1134 703 1187 Sola
746 1137 943 1192 mentis
984 1140 1359 1209 speculatione
1402 1157 1543 1212 opus
1586 1143 1840 1200 habeant.
1871 1144 2037 1215 quue
2063 1147 2159 1202 de-

581 1223 755 1277 clarat
785 1242 1030 1296 prazsens
1061 1230 1298 1301 hymnus
1328 1232 1422 1302 qui
1468 1233 1549 1288 sic
1597 1233 1759 1289 habet
1787 1254 1800 1290 :
1830 1253 1849 1286 ‹
1878 1234 1925 1288 Α
1954 1236 2155 1291 ﬁnibus

581 1322 741 1370 terrae
781 1316 850 1371 ad
895 1326 949 1373 te
996 1320 1274 1389 clamavi;
1310 1342 1327 1372 ι
1355 1338 1467 1393 quo
1513 1324 1783 1396 significat
1825 1326 2150 1396 Prophetam

574 1408 733 1475 quasi
759 1417 917 1464 extra
965 1413 1213 1483 corporis
1261 1416 1525 1471 ambitum
1568 1433 1597 1471 a
1647 1417 1758 1473 Deo
1790 1433 2149 1492 assumptum

574 1497 763 1556 fuisse.
793 1499 903 1557 Nec
932 1503 1123 1575 ignoro
1151 1507 1393 1577 reliquos
1420 1510 1745 1580 interpretes
1775 1512 1882 1567 alia
1909 1513 2151 1571 edidisse

571 1591 803 1648 ratione.
862 1593 964 1649 Hic
1014 1605 1197 1652 autem
1251 1599 1506 1656 obsecrat
1562 1600 1731 1659 David
1781 1604 1868 1660 his
1918 1608 2143 1663 verbis:

573 1699 593 1731 ο
621 1681 865 1749 Exaudi,
895 1685 1038 1742 Deus
1057 1726 1072 1752 ,
1100 1688 1543 1760 deprecationem
1573 1708 1771 1749 meam.
1794 1711 1814 1747 ι
1841 1696 1975 1750 Cum
1996 1699 2143 1754 enim

2271 485 2589 556 καλουμένῳ
2615 485 2897 560 ψαλτηρίῳ
2928 487 3197 559 λελέχθαι,
3231 491 3305 555 ὼς
3329 492 3613 563 δεηθέντος
3639 500 3737 567 τῆς
3762 499 3847 553 διὰ

2267 577 2361 631 τοῦ
2392 576 2660 648 σώματος,
2703 578 2841 651 ὅπερ
2884 580 3031 634 ἐστὶν
3060 582 3290 655 ὄργανον
3333 585 3432 655 τῆς
3475 584 3672 658 ψυχῆς,
3706 606 3845 660 πρα-

2267 671 2461 743 κτικῆς
2492 672 2772 744 ἐνεργείας
2801 673 2894 728 τοῦ
2928 676 3239 747 ψάλλοντος.
3278 682 3341 733 Οἱ
3369 680 3427 733 δὲ
3469 682 3653 747 ἁπλῶς
3687 683 3845 755 ὕμνοι

2262 762 2349 817 διὰ
2374 764 2539 838 μόνης
2567 769 2749 837 φωνῆς
2775 766 2870 822 τοῦ
2900 768 2992 822 τὸν
3021 770 3187 843 ὕμνον
3212 773 3635 845 άναπέμψαντος
3662 776 3845 848 εἴρην-

2262 871 2371 921 ται,
2405 857 2465 908 οὐ
2517 859 3082 941 συμπαραληφθείσης
3129 863 3230 936 τῆς
3277 865 3365 919 διὰ
3395 865 3489 918 τοῦ
3539 867 3840 941 ψαλτηρίου

2262 944 2557 1016 κρούσεως,
2594 948 2672 1020 τῷ
2706 938 2874 1023 μόνης
2906 955 3003 1025 τῆς
3034 956 3175 1010 κατὰ
3211 957 3450 1012 διάνοιαν
3484 938 3841 1031 θεωρίας-δε-

2259 1034 2479 1106 δεῆσθαι
2510 1040 2635 1103 τοὺς
2658 1042 2716 1094 tv
2758 1044 2941 1108 αὐτοῖς
2980 1046 3192 1115 λόγους.
3222 1048 3391 1102 Τοῦτο
3416 1050 3546 1117 γοῦν
3573 1054 3841 1125 παρίστη-

2259 1141 2341 1177 σιν
2368 1128 2396 1180 ό
2427 1128 2564 1198 μετὰ
2589 1133 2773 1203 χεῖρας
2805 1133 2972 1204 ὕμνος
3003 1136 3176 1207 λέγων
3203 1156 3217 1169 ·
3256 1158 3274 1190 ι
3311 1140 3418 1194 ἀπὸ
3448 1142 3555 1195 τῶν
3586 1146 3841 1215 περάτων

2256 1217 2352 1285 τῆς
2380 1219 2482 1288 γῆς
2505 1218 2641 1291 πρὸς
2674 1221 2733 1274 σὲ
2766 1224 3039 1292 ἐκέκραξα
3065 1243 3078 1256 ο
3116 1245 3135 1278 ι
3171 1227 3240 1280 δι’
3267 1223 3328 1282 οὗ
3356 1232 3608 1301 σημαίνει
3646 1232 3839 1307 ὥσπερ

2254 1306 2356 1371 ἔξω
2392 1311 2717 1383 γεγενῆσθαι
2751 1315 2850 1386 τῆς
2884 1318 2980 1370 τοῦ
3013 1319 3262 1389 σώματος
3293 1324 3681 1391 καταστάσεως
3722 1306 3841 1383 θεο-

2251 1393 2621 1468 ληπτούμενον
2653 1402 2744 1455 τὸν
2777 1404 3090 1478 Προφήτην.
3122 1410 3236 1463 Ούκ
3267 1412 3444 1480 ἀγνοῶ
3476 1414 3530 1468 δὲ
3564 1419 3689 1481 τοὺς
3720 1420 3799 1476 λοι

2251 1490 2385 1552 ποὺς
2410 1491 2749 1563 ἐρμηνευτὰς
2781 1499 2877 1569 ούχ
2923 1499 3127 1572 ἑτέρως
3152 1503 3524 1561 ἐκδεδωκέναι.
3570 1511 3836 1583 Παρακα-

2248 1578 2329 1631 λεῖ
2364 1580 2420 1633 δὲ
2452 1582 2541 1636 διὰ
2564 1585 2672 1640 τῶν
2705 1591 2841 1658 μετὰ
2882 1595 3071 1664 χεῖρας
3111 1596 3139 1648 ό
3195 1597 3359 1650 Δαυῒδ
3404 1599 3608 1669 λέγων’
3704 1605 3833 1658 Eic-

2247 1670 2496 1739 άκουσον,
2522 1676 2550 1728 ὁ
2579 1676 2731 1745 Θεὸς,
2759 1682 2856 1753 τῆς
2884 1682 3120 1754 δεήσεὼς
3151 1704 3275 1757 μου.
3308 1711 3326 1741 ι
3374 1691 3587 1765 Ἐνδεὴς
3619 1696 3727 1767 γὰρ
3750 1696 3829 1750 ὣν

2177 1742 2217 1796 Β

565 1776 780 1845 magnis
821 1778 1132 1852 divinisque
1172 1782 1336 1840 rebus
1372 1792 1566 1856 egeat,
1608 1785 1724 1842 haec
1768 1792 2032 1862 consequi
2081 1809 2116 1847 ει

2247 1768 2497 1836 μεγάλων
2523 1770 2687 1824 τινῶν
2723 1773 2819 1826 καὶ
2865 1773 3048 1841 θείων,
3080 1778 3286 1833 τούτων
3329 1786 3615 1854 τυγχάνειν
3648 1806 3829 1860 παρα-

563 1867 827 1933 postulat.
872 1868 1079 1929 Deinde
1126 1880 1183 1928 ut
1225 1890 1284 1931 se
1325 1876 1550 1946 dignum
1578 1877 1816 1936 declaret
1844 1883 1937 1952 qui
1970 1900 2139 1939 exau-

561 1954 764 2023 diatur,
798 1960 1119 2034 subjungit:
1150 1983 1169 2017 ι
1200 1964 1425 2022 Intende
1449 1969 1687 2024 orationi
1732 1987 1884 2028 meai.
1918 1993 1936 2025 ι
1970 1972 2135 2029 Suam

559 2046 705 2101 enim
736 2052 1039 2108 orationem
1067 2070 1263 2125 magna
1292 2066 1346 2112 et
1372 2057 1641 2126 profunda
1669 2062 1904 2131 quadam
1934 2065 2134 2119 intelli-

558 2140 739 2206 gentia
784 2145 1049 2213 repletam
1085 2162 1208 2202 esse
1246 2150 1524 2218 conlisus,
1573 2155 1803 2226 rogabat
1851 2154 2023 2211 Deum
2072 2168 2133 2213 ut

557 2233 856 2300 respiceret
897 2243 953 2290 et
986 2238 1151 2292 verba
1184 2255 1282 2294 sua
1312 2244 1713 2311 specularetur,
1741 2245 1887 2301 dicta
1916 2250 2131 2303 exami-

554 2329 739 2386 naret,
768 2333 954 2395 utpote
981 2328 1098 2383 suis
1125 2331 1352 2387 auribus
1397 2333 1582 2405 digna.
1630 2334 1834 2394 Deinde
1879 2354 1991 2393 rem
2035 2342 2129 2396 de-

553 2412 725 2468 clarat
750 2416 910 2486 cujus
949 2434 1117 2477 causa
1146 2421 1316 2479 Deum
1360 2429 1627 2486 orationis
1664 2448 1779 2488 sua:
1821 2435 2129 2503 speculato-

551 2520 665 2560 rem
695 2508 1019 2577 advocaret,
1050 2529 1176 2569 cum
1206 2517 1432 2588 adjicit:
1468 2539 1487 2573 ‹
1519 2523 1563 2576 Α
1608 2523 1810 2582 ﬁnibus
1856 2536 2015 2584 terra:
2057 2532 2124 2585 ad

548 2602 603 2651 te
629 2598 879 2657 clamavi.
910 2602 1014 2658 »Ει
1039 2608 1167 2677 quia
1196 2611 1388 2681 reliqui
1416 2615 1743 2686 interpretes
1771 2620 1933 2675 simili
1963 2622 2124 2678 modo

547 2691 888 2762 interpretati
939 2705 1103 2766 sunt,
1155 2702 1350 2772 Aquila
1402 2707 1648 2775 scilicet,
1698 2730 1717 2762 ι
1747 2711 1832 2767 Ab
1876 2722 2122 2773 extremo

2246 1858 2417 1912 καλεῖ.
2467 1855 2582 1913 Εἶθ’
2630 1861 2820 1937 ὥσπερ
2860 1866 3010 1932 ἄξιον
3043 1870 3234 1925 ἑαυτὸν
3275 1874 3368 1927 τοῦ
3409 1878 3825 1951 είσακουσθῆναι

2243 1952 2618 2023 παραστήσας,
2642 1954 2907 2026 ἐπιλέγειο
2945 1977 2963 2009 ι
2993 1960 3235 2033 Πρόσχες
3263 1968 3327 2035 τῇ
3355 1972 3628 2039 προσευχῇ
3654 1988 3779 2039 μου.
3801 1992 3820 2024 ι

2241 2039 2448 2112 Πολλῆς
2474 2042 2583 2115 γάρ
2629 2047 2724 2099 καὶ
2759 2046 2981 2117 βαθείας
3026 2051 3264 2118 διανοίας
3303 2057 3695 2131 πεπληρῶσθαι
3722 2065 3825 2116 αύ-

2237 2129 2331 2182 τοῦ
2360 2132 2459 2202 τὴν
2498 2135 2806 2207 προσευχὴν
2850 2138 3085 2212 θαρσῶν,
3120 2144 3272 2213 ἠξίου
3313 2145 3404 2199 τὸν
3446 2129 3577 2202 Θεὸν
3603 2152 3826 2206 ἐπιϐλέ-

2235 2220 2355 2289 ψαι,
2382 2223 2475 2275 καὶ
2504 2226 2616 2289 τοῖς
2647 2229 2707 2281 tv
2737 2230 2872 2302 αὐτῇ
2908 2231 3085 2302 λόγοις
3122 2238 3449 2306 ὲνατενίσαι,
3480 2246 3573 2297 καὶ
3594 2246 3824 2318 δοκιμά-

2237 2327 2326 2365 σαι
2350 2314 2417 2368 τά
2445 2313 2733 2387 λεγόμενα,
2772 2321 2849 2386 ὡς
2884 2323 2950 2377 ἂν
2977 2326 3083 2380 τῶν
3112 2329 3275 2384 αὑτοῦ
3307 2334 3486 2389 ἀκοῶν
3510 2337 3654 2404 ἄξια.
3682 2313 3821 2395 έῖτα

2235 2406 2329 2457 καὶ
2371 2406 2430 2459 τὸ
2464 2407 2625 2479 ἔργον
2669 2410 2967 2482 δείκνυσιν,
3010 2413 3072 2474 οὗ
3120 2424 3280 2494 χάριν
3317 2426 3518 2500 θεωρὸν
3558 2432 3650 2486 τὸν
3678 2434 3819 2491 Θεὸν

2231 2496 2329 2567 τῆς
2380 2499 2573 2555 ἑαυτοῦ
2629 2509 2936 2579 προσευχῆς
2995 2512 3344 2571 ἀνεκαλεῖτο·
3400 2496 3481 2575 διὸ
3533 2526 3815 2596 ἐπιλέγει·

2238 2603 2256 2635 ι
2306 2587 2438 2641 Ἀπὸ
2463 2590 2572 2649 τῶν
2618 2596 2872 2666 περάτων
2902 2599 3003 2669 τῆς
3047 2603 3151 2671 γῆς
3182 2607 3317 2677 πρὸς
3350 2609 3411 2661 σὲ
3459 2587 3753 2687 ἐκέκραξα.
3792 2641 3812 2671 ι

2229 2673 2338 2727 Καὶ
2364 2679 2660 2753 ἐπειδήπερ
2693 2689 2998 2756 συμφώνως
3026 2694 3073 2743 οἱ
3100 2673 3275 2748 λοιποὶ
3304 2673 3632 2772 ὲρμηνευτάὶ
3659 2673 3819 2763 ἐκδε-

544 2789 705 2837 terra:
733 2785 801 2839 ad
832 2794 884 2841 te
909 2764 1158 2848 clamabo
1182 2812 1195 2824 ·
1279 2764 1647 2869 Symmachus
1672 2764 1842 2869 vero,
1873 2764 2122 2862 ξ
2226 2764 2479 2868 69mm“
2511 2772 2539 2824 ὁ
2567 2774 2666 2844 μὲν
2692 2776 2922 2844 Ἀκύλας
2954 2781 3144 2849 amem”
3174 2805 3193 2837 ⁸
3378 2794 3683 2853 τελευταίου
3712 2807 3816 2875 τῆς

544 2871 643 2927 bus
672 2882 833 2931 terra:
859 2886 911 2933 te
940 2837 1207 2933 invocabo
1233 2904 1247 2933 ξ
1283 2908 1302 2933 ι
1328 2890 1517 2933 nllinla
1560 2903 1738 2933 mitam
1782 2897 1952 2933 nam“
2025 2920 2043 2933 .
2080 2900 2107 2933 Δ
2225 2873 2328 2928 γης
2356 2860 2492 2932 πρὸς
2525 2865 2584 2917 σὲ
2617 2867 3030 2933 ἐπικαλέσομαι·
3068 2894 3087 2927 Ι
3124 2879 3152 2930 ὁ
3181 2878 3237 2931 δὲ
3268 2882 3579 2933 Συιιαανοε-
3622 2911 3641 2933 ι
3673 2894 3813 2933 ’Λευ-λ

540 2871 643 2927 bus
672 2882 833 2931 terra:
859 2886 911 2933 te
940 2860 1207 2941 invocabo
1233 2904 1248 2950 ;
1282 2860 1518 2960 aquinta
1558 2903 1738 2950 autem
1782 2897 1952 2954 editio
1975 2941 1990 2967 ,
2024 2920 2043 2952 ι
2072 2900 2116 2955 Α

540 2961 741 3020 ﬁnibus
783 2973 944 3020 terra!
984 2972 1050 3020 ad
1103 2982 1156 3020 te.
1184 2978 1462 3020 nlamahn-
1502 3003 1519 3020 ι
1546 2986 1670 3020 ,ιιιςα
1698 3002 1807 3020 mm
1838 2989 1966 3020 MM:
1999 3008 2092 3020 οη..

2226 2860 2328 2928 γῆς
2356 2860 2492 2932 πρὸς
2525 2865 2584 2917 σὲ
2617 2867 3030 2943 ἐπικαλέσομαι·
3068 2894 3087 2927 ι
3124 2879 3152 2930 ὁ
3181 2878 3237 2931 δὲ
3268 2882 3581 2957 Σύμμαχος,
3622 2911 3641 2943 ι
3673 2860 3813 2949 Ἀτξδ

2226 2951 2475 3020 περάτων
2516 2957 2615 3020 τῆς
2644 2960 2749 3020 γῆς
2795 2962 2853 3016 σὲ
2896 2965 3295 3020 ἐπικαλοῦμαι·
3345 2996 3361 3020 ι
3402 2981 3433 3020 ἦ
3473 2980 3529 3020 δὲ
3577 2985 3807 3020 ne"...

540 2961 741 3021 [latibus
783 2973 944 3024 terrae
984 2972 1051 3026 ad
1103 2982 1156 3030 te
1184 2978 1465 3049 clamabo;
1502 3003 1519 3034 ι
1546 2986 1672 3054 quis
1698 3002 1809 3042 non
1837 2989 1967 3045 dicti
1998 3008 2116 3047 seu.

540 3056 764 3109 tentiam
791 3062 990 3109 merito
1017 3068 1255 3109 renuit-at
1276 3070 1299 3109 9
1325 3070 1425 3109 Πιιί
1459 3076 1604 3109 anim
1635 3081 1807 3109 ἉΛοιιῖο
1838 3083 2106 3109 -..ιο-ΑΛ...

2226 2961 2475 3022 περάτων
2516 2961 2615 3029 τῆς
2644 2961 2749 3031 γῆς
2795 2962 2853 3016 σὲ
2896 2965 3295 3041 ἐπικαλοῦμαι·
3344 2996 3361 3027 ι
3402 2981 3433 3049 ὴ
3473 2980 3531 3034 δὲ
3577 2985 3811 3061 πέμπτη

2226 3040 2452 3109 ἔκδυσις,
2493 3066 2513 3100 1
2556 3050 2689 3105 Ἀπὸ
2727 3056 2983 3109 περάτων
3012 3061 3113 3109 τῆς
3141 3066 3244 3109 vi:
3287 3069 3424 3109 omne
3450 3075 3506 3109 »τι
3542 3080 3782 3109 “mnta.

539 3056 764 3111 tentiam
791 3062 990 3116 merito
1017 3068 1299 3135 requirat?
1325 3070 1429 3139 Qui
1459 3076 1605 3131 enim
1634 3081 1811 3149 possit
1835 3083 2109 3153 quispiam

539 3155 708 3174 Mm...
770 3152 950 3174 --ιω

2226 3056 2452 3111 εκοοσις,
2493 3066 2513 3100 ι
2556 3056 2689 3105 Ἀπὸ
2727 3056 2983 3127 περάτων
3012 3061 3113 3132 τῆς
3141 3066 3244 3135 γῆς
3287 3069 3424 3141 πρὸς
3450 3075 3508 3128 σὲ
3542 3056 3813 3149 κεκράξοξ

2226 3153 2312 3174 ηη.
2340 3154 2354 3169 .
2392 3158 2410 3174 .
2440 3140 2524 3174 ..ιη
2547 3143 2645 3174 ων...
2692 3144 2756 3174 ι..
2790 3148 3024 3174 mm“-.-
3049 3157 3095 3174 _.
3223 3158 3249 3169 ..
3351 3163 3375 3174 -
3443 3165 3456 3174 .
3485 3167 3529 3174 ._

536 3155 712 3202 totum
767 3152 956 3208 orbem
1013 3167 1465 3231 praetergressus,
1524 3183 1649 3223 cum
1714 3188 1880 3241 super
1932 3175 2110 3245 ipsum

537 3235 810 3266 nm.-.n....
865 3243 1133 3266 _x-__-___o-
1228 3253 1238 3266 .
1499 3257 1543 3266 .-
1670 3262 1680 3266 _
1841 3263 1849 3266 _
1930 3265 1934 3266 ,

2226 3153 2354 3205 μαι·
2390 3158 2410 3190 ι
2440 3140 2524 3205 τίς
2547 3143 2648 3197 ούκ
2689 3144 2756 3200 ἂν
2788 3148 3025 3220 εὐλόγως
3045 3157 3136 3209 τὸν
3160 3158 3284 3213 νοῦν
3316 3140 3416 3235 τῆς
3442 3140 3808 3235 λέξεως-ὲτὲι-

2226 3228 2473 3266 rane-«Anam
2495 3251 2508 3263 .
2556 3236 2676 3266 ηε.-
2716 3241 2821 3266 --ιη
2873 3245 2930 3266 ι,
2980 3264 3004 3266 _
3110 3251 3163 3266 ο..
3416 3260 3425 3266 .
3552 3260 3563 3266 -

537 3235 812 3295 Oceanum
860 3243 1172 3314 devenerit,
1218 3228 1340 3309 hac
1395 3228 1724 3315 vociferari:
1772 3282 1790 3314 ι
1824 3263 1870 3317 Α
1915 3228 2116 3325 finibus

2226 3228 2509 3303 ζητήσειε;
2552 3236 2676 3302 Πῶς
2716 3241 2825 3315 γὰρ
2867 3245 2932 3299 άν
2976 3264 3059 3312 τις
3105 3251 3347 3321 δύναται,
3372 3228 3475 3331 τὴν
3504 3228 3808 3333 σύμπασαν

534 3335 694 3386 terra:
718 3332 786 3386 ad
815 3342 866 3389 te
892 3337 1171 3395 clamavi?
1204 3364 1222 3396 ι
1256 3345 1325 3399 At
1352 3350 1667 3409 consideres
1699 3357 1860 3411 velim
1884 3398 1899 3423 ,
1932 3375 2113 3415 annon

534 3423 717 3479 omnis
747 3424 843 3480 Dei
873 3430 1087 3487 amicus
1117 3433 1251 3493 lines
1281 3444 1441 3497 terra:
1469 3455 1836 3513 congruenter
1862 3464 2107 3511 vocetur.

528 3509 664 3569 Nam
694 3516 975 3589 improbus
1017 3526 1179 3582 homo
1225 3532 1322 3603 qui
1374 3532 1551 3591 forum
1581 3549 1635 3594 et
1666 3544 1889 3609 turbas,
1923 3548 2108 3604 curias

527 3614 579 3659 et
626 3606 923 3669 tribunalia
972 3618 1409 3690 circumcursat,
1448 3635 1707 3703 totusque
1740 3635 1795 3690 in
1823 3640 2105 3708 corporeis

522 3698 897 3769 voluptatibus
927 3708 1298 3773 defossus'est
1319 3758 1334 3783 ,
1363 3719 1488 3789 jure
1528 3724 1582 3779 in
1616 3698 1898 3797 profundo
1922 3698 2106 3790 .terrae

523 3788 775 3850 habitare
806 3796 1022 3856 dicatur
1044 3822 1069 3870 ι
1091 3806 1186 3876 qui
1217 3824 1347 3864 vero
1373 3831 1392 3863 ι
1423 3813 1747 3874 circuierint
1779 3822 1836 3877 in
1882 3826 2099 3884 melotis

2220 3321 2464 3391 ὑπερϐὰς
2515 3327 2863 3403 οἰκουμένην,
2920 3338 3013 3391 καὶ
3070 3342 3210 3416 ὑπὲρ
3265 3321 3441 3404 αὐτὸν.
3484 3321 3657 3411 ὲλθιὶιν
3710 3362 3808 3415 nov

2229 3412 2499 3483 Ὠκεανὸν,
2535 3439 2553 3471 ι
2593 3422 2725 3477 Ἀπὸ
2746 3426 2854 3481 τῶν
2876 3434 3128 3503 περάτων
3154 3412 3255 3511 τῆς
3284 3444 3388 3515 γῆς
3416 3449 3550 3520 πρὸς
3581 3454 3639 3505 σὲ

2214 3504 2411 3573 κραξα,
2448 3528 2466 3560 ι
2504 3510 2668 3583 βοᾷν;
2712 3517 2849 3571 Ἀλλ’
2881 3522 2981 3593 ὅρα
3010 3529 3058 3579 εί
3103 3530 3177 3602 μὴ
3211 3504 3387 3599 ’πᾱίς
3416 3504 3493 3611 τῶ
3530 3504 3657 3615 eaq;
3680 3504 3803 3616 ei.

2210 3595 2299 3711 λος
2327 3600 2563 3673 εὐλόγως
2606 3607 2670 3663 ἂν
2710 3612 2779 3666 τά
2823 3615 3035 3687 πέρατα
3076 3595 3179 3694 τῆς
3216 3595 3322 3698 γῆς
3349 3595 3558 3706 ῥηθείη.
3692 3595 3801 3711 μῖεν

2206 3690 2313 3764 γὰρ
2344 3695 2547 3762 φαῦλος
2580 3701 2741 3775 ἀνὴρ,
2787 3706 2995 3779 ἀγορὰς
3028 3690 3416 3790 καὶ-δήμουςί
3432 3690 3798 3803 βουλευτήριά

2202 3799 2262 3835 τε
2291 3788 2383 3840 xal.
2411 3788 2735 3867 δικαστήρια
2768 3806 3124 3878 περιτρέχων,
3151 3788 3286 3879 ὅλως
3312 3834 3371 3870 τε
3400 3788 3521 3884 ταῖς
3554 3823 3650 3877 τοῦ

520 3890 574 3937 et
617 3885 673 3941 in
718 3891 955 3958 pellibus
992 3899 1236 3967 caprinis
1283 3912 1536 3975 egentes,
1583 3915 1918 3983 angustiati,
1960 3881 2099 3973 allii;
2412 3881 2768 4004 ήῗυπαθείῗις
2814 3905 3335 3974 κατορωρυγμένθς’
3384 3911 3441 3964 ἐν
3488 3912 3636 3987 βυθῷ
3681 3919 3792 3989 τῆς

520 3977 593 4031 cti
625 3980 690 4043 ³³,
717 4000 737 4034 ι
762 3990 816 4037 et
846 4001 875 4039 a
904 3989 1084 4044 medio
1116 3993 1331 4050 urbium
1368 3996 1657 4061 fugerunt.
1690 4020 1752 4061 ac
1783 4008 1835 4061 in
1864 4011 2096 4061 desertis
2198 3985 2303 4039 γης
2326 3988 2495 4029 mer
2515 3976 2696 4047 λέγοιτ
2735 3983 2801 4039 ἂν
2829 3990 3056 4058 εἰκότως
3076 4012 3089 4025 ’
3113 3998 3162 4049 οἱ
3188 3997 3244 4051 δὲ
3280 4018 3299 4052 ⁸
3320 4005 3698 4061 περιελθόντες
3726 4015 3791 4061 ἐν

518 3977 593 4031 cli
625 3980 690 4043 ³³,
717 4000 737 4034 ι
762 3990 816 4037 et
846 4001 875 4039 a
904 3989 1084 4044 medio
1116 3993 1331 4050 urbium
1368 3996 1657 4071 fugerunt,
1690 4020 1752 4062 ac
1783 4008 1835 4062 in
1864 4011 2096 4069 desertis

518 4078 841 4131 commorati
884 4091 1013 4132 sunt
1044 4122 1060 4132 .
1112 4086 1165 4132 in
1217 4093 1495 4132 mnnlihna
1566 4096 1620 4132 ς..
1655 4103 1905 4132 ηη.,η.,..;,
1954 4114 2000 4132 Α.
2039 4108 2089 4132 ε,

2226 3977 2303 4039 ’ῆς
2326 3977 2495 4029 οἰκεῖν
2515 3977 2712 4047 λέγοιτ’
2735 3983 2801 4039 ἂν
2829 3990 3056 4058 εἰκότως
3076 4012 3089 4025 ·
3113 3998 3162 4049 οί
3188 3997 3244 4051 δὲ
3280 4018 3299 4052 ι
3320 3977 3698 4075 περιελθόντες

2226 4061 2475 4132 ιηλωταῖς
2522 4072 2617 4125 καὶ
2662 4075 2720 4128 tv
2761 4080 2991 4132 αἰγίνοις
3034 4087 3297 4132 δέοιιησιυ
3370 4096 3756 4132 νθιηη-εμ.ι..ρ....

517 4078 841 4131 commorati
884 4091 1013 4136 sunt
1044 4122 1060 4147 ,
1111 4086 1168 4141 in
1217 4093 1531 4159 montibus,
1566 4096 1621 4150 in
1654 4103 1907 4159 cavernis
1952 4114 2005 4161 et
2039 4108 2093 4162 in

517 4163 879 4229 foraminibus
920 4181 1112 4243 terrae,
1158 4184 1354 4237 merito
1396 4184 1651 4245 dicantur
1691 4201 1847 4248 extra
1892 4206 2089 4248 terram

2226 4077 2475 4133 ιηλωταῐς
2522 4077 2617 4125 καὶ
2662 4077 2720 4128 tv
2761 4080 2991 4149 αἰγίνοις
3034 4087 3318 4161 δέρμασιν,
3370 4096 3784 4171 ὑστερούμενοι,

2228 4151 2517 4248 λισόμενοι,
2548 4169 2996 4243 κακουχούμενοι,
3033 4197 3051 4228 ι
3102 4181 3395 4248 φεύγοντές
3427 4205 3486 4241 τε
3530 4192 3599 4245 τὰ
3635 4196 3784 4248 μέσα

517 4163 879 4229 foraminibus
920 4181 1112 4243 terrae,
1158 4184 1354 4237 merito
1396 4184 1651 4245 dicantur
1691 4201 1847 4248 extra
1892 4206 2090 4255 terram

517 4272 680 4315 esse:
738 4276 806 4317 ac
853 4268 1072 4323 etiamsi
1122 4287 1232 4323 non
1290 4292 1517 4323 nrnrgng
1567 4292 1721 4323 ρνιιηι
1777 4301 1805 4323 ει
1856 4303 2087 4323 annm..-

2228 4163 2517 4226 λιῠόμενοι,
2548 4169 2996 4243 κακουχούμενοι,
3033 4197 3051 4228 ι
3102 4181 3395 4251 φεύγοντές
3427 4205 3486 4241 τε
3530 4192 3599 4245 τὰ
3634 4196 3787 4263 μέσα

2226 4241 2295 4297 ῶν
2318 4246 2543 4316 πόλεων,
2573 4257 2668 4309 καὶ
2701 4258 2800 4323 τὰς
2831 4262 3113 4323 διατριϐὰς
3141 4271 3199 4323 tv
3228 4276 3487 4323 tanaim:
3518 4286 3785 4323 mvnr'n-e—

514 4272 680 4315 esse:
738 4276 806 4317 ac
853 4268 1072 4323 etiamsi
1122 4287 1235 4328 non
1290 4292 1517 4346 prorsus
1567 4292 1725 4339 erant
1776 4301 1806 4341 a
1856 4303 2087 4361 corpore

2226 4268 2295 4297 ων
2318 4268 2543 4316 πολεων,
2573 4268 2668 4309 καὶ
2701 4268 2800 4325 τὰς
2831 4268 3113 4338 διατριϐὰς
3141 4271 3199 4325 tv
3228 4276 3487 4347 ἐρημίαις
3518 4286 3785 4355 ποιούμε-

2226 4351 2261 4361 να.
2301 4338 2390 4361 --.Α
2430 4339 2514 4361 ιΑ-
2536 4360 2553 4361 κ
2682 4348 2694 4361 “
2846 4353 2860 4361 “
2923 4357 2934 4361 ³

511 4349 787 4419 exempti,
820 4354 923 4408 etsi
970 4364 1127 4413 extra
1171 4361 1307 4417 illud
1352 4376 1755 4438 essent,'tunc
1797 4384 1982 4434 tamen
2028 4382 2085 4437 in

511 4434 632 4506 ipso
673 4440 948 4508 viventes,
980 4446 1183 4519 illoque
1212 4460 1270 4506 ut
1301 4454 1668 4515 instrumento
1703 4471 1952 4533 utentes,
1987 4486 2075 4526 ne-

506 4543 779 4600 quaquam
808 4534 862 4588 in
892 4536 1018 4593 vita:
1043 4542 1183 4597 mala
1210 4544 1701 4622 demergebantur;
1728 4559 1820 4612 sed
1850 4558 2079 4632 earptim

502 4624 847 4683 solummodo
869 4637 1240 4692 necessarium
1272 4642 1477 4711 cibum,
1514 4655 1567 4702 et
1593 4650 1799 4720 reliqua
1827 4655 1894 4709 ad
1921 4673 2077 4714 usum

502 4720 765 4787 requisita
808 4725 1185 4797 contingentes
1230 4733 1537 4805 degebant;
1566 4740 1692 4809 jure
1732 4744 1788 4799 in
1818 4752 2078 4807 extremis

500 4814 555 4860 et
582 4810 636 4863 in
667 4811 867 4871 tinibus
896 4823 1143 4889 corporis
1183 4824 1275 4880 siti
1318 4828 1679 4890 videbantur:
1727 4842 1909 4909 qualis
1954 4856 2078 4900 erat

501 4894 728 4966 Paulus,
760 4906 853 4975 qui
902 4908 1121 4966 dicebat
1171 4934 1185 4970 :
1232 4935 1252 4968 ι
1304 4920 1364 4975 ln
1394 4938 1561 4980 carne
1598 4928 1743 4984 enim
1789 4933 2073 5002 viventes,

498 5003 609 5044 non
652 4998 954 5055 secundum
997 5018 1217 5062 carnem
1261 5012 1563 5074 militamus
1603 5020 1685 5089 ³⁸;
1719 5042 1736 5072 ι
1761 5033 1847 5081 et:
1882 5045 1901 5077 ι
1936 5028 2072 5085 Cum

497 5081 722 5143 Christo
746 5094 1045 5154 cruciﬁxus
1071 5116 1192 5156 sum
1221 5121 1235 5171 ;
1268 5105 1393 5162 vivo
1421 5119 1605 5167 autem
1624 5156 1639 5179 ,
1666 5116 1779 5186 jam
1809 5136 1917 5176 non
1947 5132 2066 5195 ego,

1626 5174 1636 5179 -
1666 5174 1684 5186 ,
1812 5174 1821 5175 κ
1954 5174 2066 5195 τον.

494 5174 630 5231 vivit
658 5196 786 5236 vero
817 5183 873 5240 in
903 5202 990 5244 me
1015 5188 1271 5251 Christus
1302 5197 1366 5253 ⁸⁸.
1399 5218 1419 5252 ι
1448 5201 1553 5267 Qui
1583 5222 1713 5278 ergo
1738 5210 1820 5265 sic
1845 5214 2069 5273 atl‘ectus

494 5279 612 5329 est.
639 5271 764 5340 jure
792 5275 938 5333 dicat
964 5279 1105 5339 Deo:
1136 5303 1154 5337 ι
1182 5286 1409 5347 Intende
1437 5271 1673 5352 orationi
1705 5318 1856 5358 mete.
1890 5324 1908 5356 ›
1933 5306 2068 5362 Mul-

496 5370 715 5433 tamque
742 5367 794 5422 in
822 5369 1135 5441 hujusmodi
1161 5380 1273 5435 vita
1303 5382 1555 5441 ﬁduciam
1588 5391 1827 5459 habens,
1860 5416 2065 5471 nequa-

497 5465 659 5519 quam
707 5462 968 5517 mentitur
1011 5482 1135 5522 cum
1177 5471 1347 5528 dicit:
1378 5493 1397 5526 ι
1424 5476 1469 5530 Α
1501 5480 1699 5539 linibus
1729 5495 1887 5544 terra:
1914 5462 1980 5547 ad
2013 5504 2065 5552 te

495 5543 744 5603 clamavi.
774 5569 791 5602 ι
819 5552 1056 5613 Causam
1091 5576 1222 5617 vero
1252 5565 1439 5636 adjicit
1484 5570 1568 5627 his
1617 5579 1799 5634 verbis
1821 5622 1835 5643 ,
1870 5600 1887 5633 ι
1925 5584 2060 5643 Dum

567 5743 611 5777 ³³
650 5744 781 5809 licb.
824 5772 916 5825 xu,
949 5760 1034 5815 57.
1119 5765 1159 5797 ³⁵
1204 5766 1245 5820 ll
1278 5768 1401 5825 Cor.
1448 5790 1509 5839 κ,
1540 5777 1591 5832 5.
1674 5780 1717 5813 ³⁵
1761 5781 1876 5840 Gal.
1918 5742 2107 5855 u,\20.

2112 4502 2160 4562 Ι)
2189 4521 2287 4589 μὲν

2188 4349 2265 4387 νοι
2301 4338 2395 4391 καὶ
2427 4339 2577 4413 ὄρεσι
2608 4348 2702 4401 καὶ
2730 4353 3020 4424 σπηλαίοις
3055 4362 3147 4415 καὶ
3182 4338 3493 4434 ταὶίςπόπαίς
3520 4373 3616 4445 τῆς
3644 4338 3777 4447 γξις,

2185 4428 2421 4507 εὐλόγως
2450 4435 2516 4489 ἂν
2553 4437 2789 4511 λεχθεῖεν
2822 4445 2927 4512 ἔξω
2977 4455 3269 4526 τυγχάνειν
3285 4428 3397 4533 τῆς
3422 4428 3527 4535 vi};

2320 4524 2394 4596 μὴ
2429 4532 2708 4597 παντελῶς
2739 4532 2878 4607 ἦσαν
2922 4524 3333 4621 ἀπηλλαγμένοι
3353 4524 3460 4608 ¹τού
3484 4524 3776 4629 σώματος,

2187 4615 2290 4668 κᾶν
2318 4618 2471 4683 ἐκτὸς
2500 4618 2640 4694 ἦσαν
2673 4630 2835 4685 αὑτοῦ
2855 4650 2868 4664 ·
2906 4635 2999 4689 νῦν
3023 4639 3080 4692 δὲ
3112 4615 3297 4717 ἐπειδὴ
3332 4647 3387 4700 tv
3416 4649 3563 4720 αύτῷ
3579 4615 3779 4720 ’βιοῦν-

2184 4723 2293 4770 τες,
2322 4709 2535 4781 ὀργάνῳ
2573 4734 2631 4770 τε
2678 4722 2829 4793 αύτῷ
2874 4726 3167 4799 χρώμενοι,
3210 4735 3309 4788 οὐκ
3354 4738 3778 4806 ὲνεϐαπτίζοντο

2184 4798 2295 4859 τοῖς
2320 4798 2413 4852 τοῦ
2465 4801 2581 4871 βίου
2632 4815 2844 4877 κακοῖς,
2878 4798 3181 4889 ἀκροθίνως
3223 4825 3279 4879 δὲ
3311 4830 3442 4882 αὐτὸ
3473 4798 3637 4901 μόνον
3668 4838 3777 4907 τῆς

2183 4886 2482 4992 ἀναγκαίας
2521 4901 2747 4973 τροφῆς,
2779 4906 2870 4959 καὶ
2899 4886 3009 4963 τῶν
3048 4912 3248 4969 λοιπῶν
3294 4886 3490 4990 χρειῶν

2186 4994 2334 5077 μενοι
2361 4979 2628 5043 διετέλουν
2646 5007 2659 5020 ’
2691 4994 2919 5063 εἰκότως
2951 5003 3009 5055 ἐν
3037 5003 3227 5077 ἄκροις
3256 4979 3470 5065 ἐδόκουν
3499 4979 3639 5071 εἶναι
3661 4979 3775 5074 καὶ

2181 5067 2237 5121 ἐν
2281 5073 2391 5137 τοῖς
2420 5079 2618 5147 πέρασι
2662 5085 2754 5138 τοῦ
2796 5092 3046 5162 σώματος
3069 5113 3083 5127 ο
3116 5067 3235 5164 ὀἷος
3264 5096 3332 5173 ἦν
3365 5105 3394 5156 ό
3424 5106 3635 5173 Παῦλος
3671 5111 3771 5167 λέ-

2178 5176 2320 5270 γωνοο
2351 5166 2497 5276 «ΑἘν
2528 5176 2693 5245 σαρκὶ
2718 5178 2827 5252 γὰρ
2856 5183 3077 5255 ζῶντες,
3104 5192 3166 5245 ού
3201 5166 3345 5248 κατὰ
3379 5199 3556 5271 σάρκα
3587 5166 3771 5276 capa-

2172 5532 2236 5601 τῇ
2274 5544 2543 5643 προσευχῇ
2574 5562 2712 5652 μου,
2756 5570 2774 5602 ι
2814 5556 3012 5630 πολλὴν
3039 5526 3187 5631 ἄγων
3221 5526 3530 5641 παρρησίαν
3555 5526 3763 5652 inligari;

2171 5632 2390 5699 τοιαύτῃ
2434 5632 2528 5686 τοῦ
2571 5636 2687 5705 βίου
2730 5641 2866 5717 ςωῇ”
2911 5652 3017 5704 οὐδ’
3066 5655 3132 5709 ἂν
3177 5632 3436 5728 ψεύσαιτο
3479 5667 3711 5735 φάσκων
3730 5632 3761 5704 Ἰ
