4100 6582
350 461 458 516 577

1482 456 1982 515 COMMENTARIA
2010 456 2079 513 IN
2120 454 2462 515 PSALMOS.

3493 460 3598 516 578

354 600 372 631 ι
421 580 554 633 Ἀπὸ
596 578 703 631 τῶν
752 577 1001 650 περάτων
1030 578 1129 651 τῆς
1160 579 1261 650 γῆς
1301 579 1435 653 πρὸς
1464 582 1525 635 σὲ
1572 580 1865 653 ἐκέκραξα.

2028 580 2348 634 anxiaretur
2393 593 2489 635 cor
2538 594 2760 646 meum;
2792 596 2810 630 ›
2839 577 2955 634 sive
2999 578 3299 632 secundum
3352 575 3602 650 Symma-

347 671 680 742 Προστίθησι
730 672 785 725 δὲ
820 673 915 726 καὶ
966 673 1063 744 τὴν
1108 674 1285 727 αἰτίαν
1326 674 1612 743 ἐπιλέγων,
1651 693 1669 726 ι
1716 676 1802 727 Ἐν
1846 674 1924 745 τῷ

345 763 643 834 ἀκηδιάσαι
668 762 767 834 τὴν
803 764 1027 835 καρδίαν
1057 783 1155 836 μου
1177 782 1191 795 ’
1232 784 1251 817 ι
1289 766 1321 836 ἢ
1360 784 1378 817 ι
1421 768 1511 820 Ἐν
1537 767 1613 839 τῷ
1637 768 1925 841 ἀδημονεῖν

346 857 448 926 τὴν
470 857 695 927 καρδίαν
727 874 848 927 μου,
883 878 900 908 ι
934 858 1073 911 κατὰ
1102 858 1191 910 τὸν
1214 857 1524 930 Σύμμαχον.
1544 860 1765 931 Ἀκηδιᾷ
1789 860 1921 932 γὰρ,

346 946 444 996 καὶ
480 944 738 1015 ἀδημονεῖ
770 947 919 998 πᾶσα
953 943 1203 1015 θεοφιλὴς
1233 945 1379 1016 ψυχὴ
1413 945 1490 1016 τῷ
1527 944 1715 1017 θνητῷ
1751 945 1925 999 ἐνδια-

344 1038 605 1108 τρίϐουσα
639 1036 763 1108 βίῳ·
801 1038 882 1091 διὸ
917 1038 1007 1091 καὶ
1038 1038 1206 1108 φήσαι
1231 1037 1316 1101 ἂν,
1346 1032 1530 1107 οἶμαι’
1568 1056 1585 1089 ι
1620 1038 1739 1090 Ὀτι
1782 1040 1921 1108 ἐμα-

345 1128 553 1199 κρύνθη
584 1132 614 1199 ἡ
650 1130 912 1200 παροικία
947 1147 1070 1199 μου.
1099 1148 1121 1180 δ
1171 1130 1279 1183 Καὶ
1310 1131 1469 1200 ἡμεῖς
1501 1130 1549 1182 οί
1582 1129 1731 1193 ὄντες
1760 1131 1817 1182 ἐν
1843 1129 1920 1200 τῷ

347 1225 536 1294 σκήνει
573 1223 896 1295 στενάζομεν
949 1223 1291 1296 βαρούμενοι.
1325 1224 1578 1278 Ἔστενεν
1618 1220 1711 1277 οὖν
1755 1223 1850 1278 καὶ
1893 1229 1922 1281 6

345 1318 558 1381 Παῦλος
584 1318 815 1388 ἀκηδιῶν
846 1320 935 1372 ἐπὶ
960 1323 1025 1391 τῇ
1055 1321 1387 1391 παρεκτάσει
1418 1318 1511 1373 τοῦ
1545 1320 1916 1392 θνητοῦ-βίου·

338 1405 425 1458 διὸ
451 1408 545 1460 καὶ
568 1408 866 1480 ἀπεκλᾴετο
897 1410 1068 1479 λέγων
1093 1428 1105 1441 ·
1141 1431 1158 1462 ‹
1193 1412 1547 1483 Ταλαίπωρος
1577 1412 1686 1481 ἐγὼ
1713 1413 1919 1485 ἄνθρω-

339 1516 466 1561 πος,
501 1500 583 1562 τίς
625 1518 691 1571 με
738 1500 958 1572 ῥύσεται
1005 1504 1067 1555 ἐκ
1116 1504 1208 1556 τοῦ
1248 1504 1500 1576 σώματος
1547 1507 1641 1560 τοῦ
1688 1506 1916 1563 θανάτου

336 1587 568 1653 τούτου;
607 1608 628 1642 ι
669 1590 887 1662 Ἀκηδιᾷ
920 1592 975 1644 δέ
1028 1594 1123 1646 καὶ
1169 1595 1426 1666 ἀδημονεῖ
1463 1598 1556 1650 καὶ
1598 1597 1684 1652 διὰ
1729 1599 1917 1668 φιλαν-

336 1677 611 1749 θρωπίαν,
668 1679 727 1733 τὸ
792 1682 994 1752 πλῆθος
1046 1684 1151 1737 τῶν
1209 1686 1595 1757 ἀπολλυμένων
1654 1689 1870 1763 θεωρῶν
1898 1707 1912 1721 ·

2029 672 2229 740 chum,
2265 692 2282 722 ε
2312 670 2451 727 Dum
2508 670 2828 741 desperaret
2883 686 2979 727 cor
3037 686 3239 726 meum.
3275 688 3293 723 ι
3330 670 3603 725 Auxiatur

2027 764 2172 819 enim
2202 772 2256 819 et
2285 763 2442 834 quasi
2474 764 2731 835 desperat
2776 763 3032 833 religiosa
3077 762 3332 833 quaelibet
3382 763 3597 823 anima,

2024 856 2151 911 dum
2177 858 2232 911 in
2256 857 2472 911 mortali
2498 856 2607 911 vita
2637 867 2923 910 versatur:
2969 870 3075 926 qua
3114 855 3182 910 de
3223 868 3385 909 causa
3423 854 3597 925 ipsam

2023 947 2209 1003 dicere
2238 947 2495 1011 arbitror,
2530 965 2547 998 ι
2577 946 2718 1013 Quia
2748 947 3021 1000 incolatus
3055 960 3209 1000 meus
3241 944 3597 1015 prolongatus

2024 1043 2108 1092 est
2138 1037 2202 1092 “.
2235 1055 2253 1087 ι
2284 1037 2349 1091 Et
2376 1054 2477 1094 nos
2507 1053 2724 1109 quoque
2746 1036 2873 1090 dum
2902 1036 2956 1090 in
2987 1036 3091 1091 hoc
3118 1035 3475 1089 tabernaculo
3503 1041 3598 1088 Su-

2024 1143 2143 1184 mus
2177 1128 2381 1192 alllicti,
2403 1130 2832 1201 ingemiscimus.
2867 1127 3262 1198 lngemiscebat
3293 1129 3418 1181 item
3450 1123 3594 1178 Pau-

2024 1220 2109 1276 lus
2138 1222 2209 1277 ob
2237 1223 2485 1277 mortalis
2516 1223 2639 1276 vitae
2669 1221 3090 1275 diuturnitatem
3122 1218 3283 1274 taedio
3312 1217 3541 1272 allectus
3577 1235 3590 1270 :

2019 1328 2191 1384 quare
2237 1330 2362 1368 cum
2409 1314 2667 1385 lacrymis
2698 1313 2947 1376 dicebat,
2988 1331 3005 1363 ι
3039 1312 3232 1367 Infelix
3260 1326 3362 1381 ego
3390 1310 3590 1372 homo,

2021 1405 2145 1477 quis
2174 1421 2259 1461 me
2282 1405 2534 1462 liberabit
2558 1405 2627 1460 de
2648 1421 2882 1475 corpore
2914 1406 3105 1458 mortis
3132 1402 3297 1472 hujus
3329 1402 3410 1455 '7?
3431 1421 3449 1454 ι
3480 1400 3594 1455 An-

2019 1496 2292 1565 gustiatur
2340 1504 2521 1550 autem
2566 1504 2621 1551 et
2662 1494 2821 1565 quasi
2864 1493 3169 1564 despondet
3211 1492 3486 1557 animum,
3519 1491 3592 1545 ob

2019 1586 2378 1643 humanitatis
2420 1603 2674 1651 sensum,
2708 1595 2913 1641 tantam
2964 1601 3196 1641 cernens
3242 1585 3589 1655 pereuntium

2019 1677 2421 1733 multitudinem
2457 1698 2469 1733 :
2519 1679 2789 1749 siquidem
2826 1697 2843 1730 ‹
2876 1678 2985 1731 lata
3017 1684 3071 1732 et
3102 1676 3346 1747 spatiosa
3385 1674 3473 1728 via
3505 1680 3591 1729 est

333 1768 526 1840 ἐπειδὴ
562 1788 580 1820 ‹
619 1770 844 1825 πλατεῖα
875 1774 969 1826 καὶ
1002 1774 1310 1847 εὐρύχωρος
1340 1779 1373 1847 ἡ
1405 1777 1523 1841 ὁδὸς
1562 1780 1595 1849 ἡ
1626 1780 1896 1847 ἀπάγουσι

2016 1786 2138 1840 quae
2178 1771 2332 1825 ducit
2378 1771 2445 1825 ad
2491 1771 2854 1841 perditionem
2886 1770 2954 1827 ³⁸.
2988 1788 3007 1822 ›
3043 1769 3134 1823 Sic
3177 1770 3340 1823 etiam
3382 1768 3429 1822 is
3462 1765 3591 1836 ipse

332 1860 419 1923 είς
466 1861 563 1929 τὴν
610 1861 920 1916 ἀπώλειανο
962 1884 980 1916 ι
1020 1865 1192 1930 οὕτως
1241 1867 1400 1921 πάλιν
1446 1869 1475 1921 6
1519 1869 1680 1933 αὐτὸς
1730 1869 1896 1923 πενθε

2019 1863 2223 1916 multos
2256 1863 2400 1932 luget
2431 1861 2499 1916 de
2527 1862 2730 1932 quibus
2776 1862 2992 1916 dicebat
3021 1881 3034 1916 :
3071 1879 3089 1912 ι
3122 1860 3341 1932 Lugebo
3383 1859 3587 1914 multos

330 1950 584 2017 πολλοὺς,
618 1955 742 2025 περὶ
788 1948 863 2010 ὦν
907 1955 1058 2026 ἔλεγε
1082 1974 1094 1987 ⁸
1160 1976 1177 2009 t
1228 1959 1483 2031 Πενθήσω
1534 1960 1759 2025 πολλοὺς
1809 1961 1917 2017 τῶν
1950 1961 1990 2016 Β
2019 1969 2082 2008 εἰ
2131 1954 2196 2009 iis
2234 1956 2325 2025 qui
2359 1963 2485 2009 ante
2514 1962 2907 2025 Ρθθεδνθΐυηῑν
2939 1963 2991 2009 ει
3019 1969 3127 2008 non
3154 1958 3384 2024 θεθνυιιι
3413 1950 3588 2021 Ρωηί·

330 2048 863 2117 προημαρτηκότων,
914 2051 1006 2103 καὶ
1071 2052 1145 2123 μὴ
1205 2054 1647 2124 μετανοησάντων
1708 2055 1801 2108 ἐπὶ
1847 2060 1896 2128 τῇ

2017 2045 2241 2099 tentiam
2271 2047 2336 2100 de
2363 2053 2587 2115 peccato
2614 2055 2669 2100 et
2695 2046 2978 2116 iniquitate
3000 2052 3054 2100 et
3078 2044 3357 2113 impietate
3375 2082 3390 2108 ,
3419 2057 3585 2114 quam

329 2132 582 2206 ἁμαρτίᾳ
612 2138 708 2191 καὶ
743 2140 941 2211 ἀνομίᾳ
974 2143 1066 2193 καὶ
1100 2141 1320 2214 ἀσεϐείᾳ
1422 2144 1684 2216 ἔπραξαν.
1714 2164 1735 2197 ν
1778 2148 1835 2200 '0
1867 2148 1914 2201 6’

329 2224 499 2288 αὐτὸς
560 2227 880 2299 ὑπεραλγῶν
934 2233 1027 2285 καὶ
1089 2233 1454 2305 ὐπερπάσχων
1494 2238 1696 2309 ἐτέρων
1742 2238 1910 2292 ἐϐόα*

336 2335 360 2364 α
395 2317 491 2380 Τίς
536 2319 769 2384 ἀσθενεῖ,
817 2323 909 2374 καὶ
939 2324 1037 2376 ούκ
1076 2324 1321 2391 ἀσθενῶ;
1353 2327 1449 2390 Τίς
1478 2328 1910 2397 σκανδαλίζεται,

327 2409 427 2461 καὶ
454 2411 552 2462 ούκ
585 2411 696 2481 ἐγὼ
726 2413 1033 2485 πυροῦμαι;
1071 2434 1089 2465 ι
1129 2416 1361 2487 Ὁμοίως
1390 2418 1447 2471 δὲ
1481 2421 1574 2473 καὶ
1608 2422 1657 2474 οἶ
1694 2424 1909 2493 προφῆ’

325 2516 424 2552 ται
468 2500 558 2555 τὸν
604 2503 771 2557 πάλαι
816 2506 1152 2577 ἀπεκλᾴοντο
1186 2506 1339 2574 λαὸν,
1373 2508 1563 2582 ῶσπερ
1609 2508 1702 2566 οὖν
1745 2514 1838 2566 καὶ
1881 2515 1909 2566 6

326 2588 513 2641 Δαυῖδ.
554 2589 645 2642 Διὸ
677 2591 838 2656 αὐτὸς
882 2594 979 2664 μὲν
1024 2594 1217 2665 ἔφευγε
1242 2596 1311 2650 τὰ
1360 2599 1497 2669 μέσα
1525 2602 1624 2672 τῆς
1658 2603 1780 2674 γῆς,
1814 2604 1908 2657 καὶ

325 2679 390 2729 ἐν
423 2676 609 2749 ἄκροις
646 2680 822 2734 αὐτῶν
850 2690 1129 2755 γινόμενος
1162 2686 1290 2739 ἐϐόα
1323 2689 1459 2760 πρὸς
1487 2691 1577 2743 τὸν
1608 2692 1767 2746 Θεόν·
1814 2697 1907 2749 ἐπὶ

323 2767 387 2859 δὲ
418 2770 483 2837 τῇ
509 2768 619 2821 τῶν
651 2771 859 2824 πολλῶν
889 2774 980 2826 καὶ
1012 2776 1176 2829 αὑτοῦ
1217 2778 1312 2831 τοῦ
1343 2780 1515 2834 Σαοὺλ
1538 2781 1784 2855 ἀπωλείᾳ
1808 2787 1907 2859 τὴν

322 2857 503 2928 ψυχὴν
532 2858 710 2929 ἀλγῶν
744 2863 1067 2935 ἀπεκλᾲετο.

403 2990 424 3023 ι
455 2972 542 3025 Ἐν
580 2974 756 3047 πέτρᾳ
793 2975 1014 3046 ὕψωσάς
1048 2997 1113 3050 με
1135 3018 1148 3043 ,
1182 2980 1261 3034 ὅτι
1289 2982 1551 3056 ἐγενηθης
1583 2984 1734 3050 ἐλπίς
1770 3005 1902 3058 μου,

323 3062 536 3135 πύργος
569 3065 749 3135 ἰσχύος
777 3068 883 3120 ἀπὸ
908 3070 1197 3139 προσώπου
1223 3073 1417 3144 ἐχθροῦ
1438 3092 1452 3106 υ
1480 3094 1498 3128 ›
1534 3078 1626 3129 καὶ
1653 3076 1721 3130 τά
1751 3078 1900 3149 ἐξῆς.

324 3155 485 3208 Κατά
515 3157 613 3227 μὲν
646 3161 771 3223 τοὺς
813 3161 1231 3233 Ἐὅδομήκοντα,
1259 3166 1609 3238 εὐχαριστίαν
1661 3171 1902 3242 περιέχει

319 3246 351 3298 6
373 3244 546 3314 λόγος.
585 3248 770 3303 Ταῦτά
793 3268 912 3321 μοι,
943 3254 1106 3325 φησὶν
1125 3293 1139 3319 ,
1166 3256 1406 3327 ὑπῆρξεν
1431 3258 1529 3311 ὅσα
1560 3262 1865 3332 προείρηκα
1882 3280 1895 3292 ·

320 3338 508 3411 ἐπειδὴ
539 3342 602 3394 σὺ
623 3342 782 3406 αὐτὸς
806 3346 833 3397 6
856 3344 986 3409 Θεὸς
1011 3346 1220 3419 ἐπῆράς
1248 3366 1314 3419 με
1341 3355 1432 3404 καὶ
1456 3350 1675 3421 ὕψωσας
1697 3356 1899 3426 στήσας

318 3436 379 3487 ἐν
417 3437 482 3505 τῇ
517 3435 669 3507 παρά
692 3437 774 3489 σοὶ
803 3437 979 3510 πέτρᾳ
1002 3478 1016 3501 ,
1064 3441 1183 3510 ἥτις
1211 3441 1354 3494 ἐστὶν
1383 3444 1410 3494 6
1437 3441 1641 3514 προϊών
1678 3460 1769 3496 σου
1796 3446 1898 3500 Λό-

318 3544 446 3595 γος·
473 3530 507 3599 ὴ
537 3527 708 3599 πέτρα
742 3529 849 3601 γάρ
882 3525 948 3600 ἦν
980 3532 1007 3584 6
1038 3531 1289 3600 Χριστός.
1341 3534 1491 3587 Ἐπεὶ
1525 3535 1701 3588 τοίνυν
1733 3538 1791 3590 ἐν
1818 3537 1896 3610 τῷ

315 3617 475 3686 Λόγῳ
505 3635 596 3671 σου
623 3618 841 3687 ὖψωσάς
861 3636 927 3684 με
958 3620 1050 3675 καί
1070 3620 1338 3693 μετέωρον
1362 3624 1638 3695 ἐποίησας,
1660 3626 1734 3690 ὡς
1765 3645 1897 3697 μηκ-

317 3707 399 3761 έτι
448 3713 719 3762 κατοικεῖν
749 3711 815 3764 τὰ
841 3710 979 3781 μέσα
1009 3713 1106 3783 τῆς
1144 3712 1266 3783 γῆς,
1297 3713 1410 3766 ἀλλ’
1434 3717 1701 3788 ἐνάκροις
1725 3719 1893 3789 αὐτῆς

313 3798 590 3867 γενέσθαι,
620 3800 720 3870 ἤδη
750 3800 802 3853 δέ
832 3802 924 3855 καὶ
947 3802 1236 3874 ὼδὴγησάς
1261 3821 1348 3875 με,
1381 3805 1521 3859 ὥστε
1547 3808 1770 3879 πλησίον
1800 3827 1891 3862 σου

315 3890 552 3959 φθάσαι·
583 3892 809 3959 γέγονάς
840 3910 897 3945 τε
922 3892 1072 3957 ἐλπίς
1098 3911 1220 3965 μου,
1248 3896 1313 3948 δι’
1329 3896 1393 3968 ἣν
1413 3898 1602 3951 ἐλπίδα
1622 3899 1679 3951 ού
1700 3916 1893 3953 καται-

315 3980 713 4051 σχυνθήιιομαι⁸
771 3981 905 4034 ἀλλά
952 3982 1047 4034 καλ⁵
1120 3982 1329 4036 πολλῶν
1388 3985 1750 4055 ἐπικειμένων
1800 4004 1888 4058 μοι

309 4072 521 4143 νοητῶν
566 4072 775 4144 ἐχθρῶν
826 4074 919 4127 καὶ
967 4074 1237 4146 πολεμίων
1280 4075 1388 4129 τῶν
1430 4076 1732 4148 ζητούντων
1790 4080 1888 4151 τὴν

308 4165 488 4235 ψυχήν
521 4181 619 4235 μου
647 4205 663 4229 ,
699 4165 819 4218 ἀντὶ
847 4167 1062 4220 πάντων
1091 4167 1408 4239 ἀπήρκεσας
1439 4171 1502 4224 σὺ
1539 4171 1718 4241 μόνος,
1752 4171 1888 4243 πύρ-

310 4272 406 4323 γος
435 4256 629 4326 όχυρός
665 4274 753 4325 μοι
785 4256 1071 4327 γενόμενος
1093 4298 1108 4323 ,
1164 4260 1256 4313 καὶ
1305 4262 1687 4333 περιφράττων
1726 4280 1794 4334 με
1826 4266 1884 4317 ἐν

306 4347 544 4416 ἀσφαλεῖ
564 4349 661 4420 τῆς
689 4350 836 4421 παρὰ
860 4350 943 4403 σοὶ
969 4352 1257 4423 σωτηρίας,
1276 4353 1351 4414 ὡς
1372 4352 1572 4425 μηδένα
1599 4354 1707 4407 τῶν
1734 4356 1883 4427 ἐμῶν

305 4437 517 4508 ἐχθρῶν
546 4438 963 4509 ἐπιστρέφεσθαι
982 4457 996 4470 ·
1032 4442 1252 4506 εἰκότως
1277 4441 1480 4497 τούτων
1508 4443 1763 4498 ἁπάντων
1789 4463 1883 4498 τυ-

304 4527 450 4601 χὼν,
489 4530 572 4583 σοὶ
606 4533 731 4595 τοὺς
763 4529 965 4602 ὕμνους
996 4533 1334 4605 ἀναπέμπω.
1392 4535 1468 4599 ὡς
1499 4538 1752 4592 ἀπάντων
1790 4556 1879 4609 μοι

2013 2146 2299 2207 gesserunt
2324 2138 2387 2191 ³⁸.
2420 2157 2439 2190 ι
2462 2138 2606 2191 ldem
2636 2152 2856 2207 quoque
2883 2153 2980 2207 pro
3010 2138 3132 2193 aliis
3162 2152 3329 2207 supra
3362 2136 3586 2191 modum

2011 2228 2203 2298 lugens
2242 2236 2294 2283 et
2339 2228 2571 2283 amictus
2608 2229 2918 2283 clamabat:
2947 2248 2964 2278 ι
2992 2227 3129 2295 Quis
3164 2228 3497 2290 infirmatur,
3529 2236 3585 2282 et

2010 2334 2111 2390 ego
2151 2335 2257 2373 non
2302 2320 2547 2374 iuilrmor
2576 2320 2599 2373 ‘l
2627 2319 2762 2385 Quis
2791 2320 3228 2385 scandalizatur,
3258 2328 3313 2375 et
3341 2335 3442 2390 ego
3472 2335 3585 2374 nou

2009 2426 2142 2465 uror
2162 2411 2242 2465 δοῖ
2267 2431 2285 2462 ι
2310 2411 2572 2468 Similiter
2599 2412 2877 2482 prophetae
2903 2412 3195 2481 pristinum
3227 2413 3381 2467 illum
3415 2428 3586 2482 popu-

2008 2504 2119 2557 lum
2149 2504 2550 2574 deplorabant,
2579 2502 3045 2573 quemadmodum
3077 2512 3133 2559 et
3171 2503 3365 2558 David.
3400 2502 3583 2569 Quare

2011 2596 2126 2665 ipse
2154 2595 2374 2666 quidem
2406 2595 2474 2651 de
2501 2595 2684 2650 medio
2715 2602 2878 2649 terrae
2907 2594 3181 2666 fugiebat,
3214 2610 3278 2649 ac
3309 2596 3365 2650 in
3393 2604 3580 2652 extre-

2008 2687 2112 2741 mis
2154 2687 2275 2756 ejus
2316 2687 2567 2756 partibus
2597 2687 2933 2742 constitutus
2962 2688 3234 2741 clamabat
3270 2686 3337 2741 ad
3371 2686 3578 2750 Deum,

2006 2786 2060 2831 et
2095 2778 2162 2833 de
2198 2779 2494 2833 multorum
2537 2778 2715 2847 deque
2755 2776 2938 2833 Saulis
2980 2779 3223 2849 pernicie
3263 2779 3447 2833 animo
3495 2778 3579 2832 lu-

2004 2883 2136 2940 gens
2164 2870 2433 2941 lacrymas
2476 2869 2757 2925 fundebat.

2075 2980 2245 3036 Vens.
2278 2983 2335 3045 4,
2369 2982 2423 3036 5.
2465 3000 2483 3032 ι
2520 2982 2577 3035 In
2620 2991 2773 3052 petra
2814 2982 3066 3036 exaltasti
3097 2998 3203 3046 me,
3233 2981 3358 3052 quia
3393 2980 3573 3038 factus

2005 3086 2064 3127 es
2090 3087 2214 3142 spes
2252 3087 2392 3133 mea,
2426 3074 2595 3127 turris
2651 3072 2993 3126 fortitudinis
3037 3088 3067 3125 a
3111 3072 3250 3127 facie
3278 3072 3506 3134 inimici,
3546 3092 3566 3125 ι

2002 3170 2056 3219 et
2094 3176 2309 3218 caetera.
2363 3162 2672 3220 Secundum
2731 3163 2872 3218 LXX
2909 3164 3235 3235 lnlerpretes
3273 3165 3570 3236 gratiarum

2002 3257 2269 3310 actionem
2303 3271 2483 3311 sermo
2509 3256 2907 3325 complectitur.
2945 3255 3089 3320 Haac.
3123 3258 3317 3326 inquit,
3340 3271 3461 3327 qua!
3477 3270 3573 3311 su-

2002 3364 2097 3417 pra
2133 3349 2264 3411 dixi,
2293 3349 2425 3403 mihi
2479 3348 2740 3417 aderant;
2771 3351 2900 3420 quia
2942 3357 3000 3405 tu
3034 3352 3148 3419 ipse
3181 3348 3323 3404 Deus
3346 3346 3569 3403 elevasti

1998 3447 2052 3496 et
2086 3441 2364 3505 exaltasti,
2398 3455 2460 3495 ae
2484 3440 2539 3494 in
2577 3449 2728 3510 petra
2774 3442 2886 3504 illa.
2920 3457 3041 3512 quae
3073 3440 3212 3511 apud
3241 3447 3424 3503 teest,
3456 3446 3570 3492 sta-

1997 3533 2145 3587 tuisti
2179 3549 2285 3595 me,
2318 3547 2439 3604 qua:
2456 3544 2534 3588 esi
2568 3532 2800 3587 Verbum
2835 3534 2933 3589 abs
2963 3541 3015 3587 te
3048 3531 3384 3603 procedens:
3408 3547 3426 3580 ‹
3461 3527 3568 3584 Pe-

1995 3635 2078 3681 tra
2120 3644 2139 3677 ι
2176 3626 2319 3680 enim
2347 3644 2365 3677 ι
2404 3632 2520 3679 erat
2548 3624 2801 3680 Christus
2836 3625 2903 3677 “.
2935 3644 2953 3677 ι
2989 3624 3126 3690 Quia
3160 3625 3325 3693 igitur
3350 3623 3405 3676 in
3435 3621 3571 3677 Ver-

1996 3715 2065 3770 bo
2097 3724 2190 3770 tuo
2218 3714 2472 3770 exaltasti
2502 3720 2555 3768 et
2591 3713 2875 3769 sublimem
2911 3712 3088 3766 fecisti
3114 3727 3239 3777 me;
3270 3711 3343 3764 ita
3376 3716 3433 3762 ut
3454 3724 3565 3762 non

1995 3808 2135 3860 ultra
2172 3807 2226 3861 in
2264 3804 2442 3859 medio
2471 3811 2631 3858 terra:
2684 3804 2940 3866 habitem,
2975 3804 3066 3857 sed
3120 3802 3175 3855 in
3204 3800 3566 3857 extremilati-

1992 3899 2096 3954 bus
2123 3897 2243 3967 ejus
2280 3897 2616 3961 consistam;
2649 3895 2870 3964 jamque
2897 3894 3170 3949 deduxisti
3205 3909 3312 3957 me,
3347 3899 3407 3944 ut
3436 3907 3566 3961 pro-

1992 4000 2139 4062 pete
2190 3988 2531 4054 accederem,
2564 3987 2743 4043 factus
2794 4003 2855 4042 es
2884 4003 3008 4057 spes
3069 4000 3208 4048 mea,
3242 3987 3400 4055 cujus
3444 3986 3560 4055 spei
3606 4002 3619 4015 ι

1988 4097 2155 4140 causa
2180 4097 2289 4136 non
2321 4079 2628 4135 confundar
2658 4097 2671 4134 :
2706 4078 2799 4133 sed
2860 4078 3023 4133 etiam
3086 4077 3274 4132 multis
3304 4076 3561 4131 instanti—

1987 4176 2089 4230 bus
2122 4174 2254 4228 mihi
2306 4172 2684 4243 spiritualibus
2715 4171 2955 4225 inimicis
3003 4179 3056 4226 et
3105 4170 3377 4233 hostibus,
3409 4184 3559 4240 quae-

1987 4266 2232 4320 rentibus
2272 4264 2509 4319 animam
2555 4277 2768 4330 meam;
2800 4262 2974 4316 instar
3006 4261 3247 4315 omnium
3283 4262 3413 4315 mihi
3452 4261 3557 4315 fui-

1985 4362 2054 4415 sti
2085 4378 2097 4413 :
2127 4366 2295 4428 tuque
2323 4356 2474 4411 solus
2502 4354 2633 4409 mihi
2655 4354 2825 4409 turris
2855 4353 3158 4409 fortissima
3190 4352 3417 4409 cll'ectus
3444 4354 3556 4408 cir-

1982 4448 2335 4504 cummunisti
2372 4463 2479 4510 me,
2511 4455 2564 4502 et
2610 4447 2666 4499 in
2720 4445 2888 4499 tutela
2929 4445 3143 4500 salutis.
3167 4459 3287 4514 qua:
3333 4444 3474 4514 apud
3499 4451 3555 4499 te

1981 4550 2083 4602 est,
2120 4539 2392 4610 posuisti;
2424 4547 2483 4590 ut
2509 4536 2719 4589 nullum
2750 4535 2861 4605 jam
2908 4535 3257 4588 inimicorum
3303 4549 3551 4588 meorum

302 4623 413 4676 τῶν
437 4623 657 4693 ἀγαθῶν
687 4625 960 4696 γενομένῳ
981 4627 1156 4697 αἰτίῳ.
1204 4628 1346 4681 Ἀντί
1365 4627 1421 4682 δέ
1443 4628 1536 4681 τοῦ
1553 4669 1568 4695 ,
1596 4647 1622 4691 ,ι
1665 4632 1750 4683 Ἐν
1781 4631 1878 4683 πέ-

1999 4630 2326 4685 'eformidem
2365 4647 2378 4683 :
2412 4628 2525 4682 hinc
2559 4626 2744 4681 omnia
2792 4634 3008 4688 nactus,
3046 4625 3141 4679 tibi
3192 4633 3253 4678 ut
3305 4625 3549 4678 omnium

300 4733 410 4787 τρα
442 4716 663 4786 ῦψωσάς
696 4734 782 4787 με,
811 4736 828 4769 ι
868 4719 962 4771 καὶ
993 4718 1100 4772 τῶν
1132 4719 1278 4791 ἑξῆς,
1310 4721 1339 4772 6
1370 4721 1661 4793 Σύμμαχος
1693 4724 1875 4795 ἕτερον

298 4808 552 4861 ἀπέδωκε
583 4808 706 4862 νοῦν
738 4808 906 4862 είπών
928 4826 942 4841 ο
979 4830 997 4861 ι
1025 4812 1191 4864 Ὅταν
1242 4813 1458 4883 στερεὸς
1488 4814 1875 4885 κατεπαίρεταί

301 4913 429 4965 μου,
462 4896 746 4969 όδηγήσεις
777 4915 863 4967 με,
909 4898 1126 4967 Ἐγένου
1154 4901 1262 4971 γάρ
1282 4901 1479 4970 ἀφοὸία
1506 4920 1628 4973 μου,
1667 4904 1875 4976 πύργος

298 4987 503 5056 ὑψηλὸς
528 4988 636 5041 ἀπὸ
657 4990 941 5058 προσώπου
970 4990 1185 5061 ἐχθροῦ*
1212 5011 1231 5043 ι
1252 4993 1347 5045 καὶ
1370 4996 1399 5046 6
1428 4992 1655 5057 Ἀκύλας
1679 4996 1876 5065 ὁμοίως

295 5079 392 5131 τὸν
422 5079 584 5133 αὑτὸν
611 5081 858 5135 ἀπέδωκε
874 5083 997 5136 νοῦν
1023 5083 1193 5137 εἰπών
1212 5100 1225 5113 ·
1250 5085 1387 5139 (Ἑν
1415 5085 1617 5157 στερεῷ
1633 5086 1873 5157 ὑψώθητι

298 5172 431 5241 παρ’
459 5173 558 5243 ἐμὲ
577 5213 592 5237 ,
623 5173 1013 5247 καθοδηγήσεις
1045 5194 1134 5247 με,
1166 5196 1184 5229 ι
1218 5178 1313 5231 καὶ
1337 5178 1405 5231 τὰ
1433 5176 1578 5247 ἐξῆς.
1623 5179 1871 5233 Διδάσκει

292 5260 352 5314 δὲ
379 5263 525 5332 ἡμᾶς
551 5264 640 5318 διὰ
670 5264 871 5320 τούτων
916 5269 944 5321 6
988 5267 1145 5336 λόγος
1179 5269 1379 5340 μηδένα
1403 5267 1511 5324 τῶν
1541 5285 1868 5341 κατεπαιρο-

296 5355 477 5426 μένων
522 5359 679 5428 ἡμῶν
722 5361 1169 5431 ἐπιστρέφεσθαι,
1224 5362 1374 5426 ὅλους
1404 5362 1459 5416 δὲ
1492 5362 1742 5431 γενέσθαι
1773 5361 1864 5415 τοῦ

292 5437 453 5513 Θεοῦ,
488 5450 574 5502 ἐπ’
606 5450 753 5521 αὐτῷ
798 5452 940 5522 μόνῳ
972 5452 1325 5525 θαρσοῦντας.
1389 5454 1449 5505 ὐ
1478 5452 1605 5522 γοῦν
1636 5451 1865 5522 ἀγαθαῖς

293 5540 509 5593 ἐλπίσιν
524 5542 920 5613 ἐιρωδιασμένος
946 5584 960 5606 ,
986 5544 1187 5597 καὶτὸν
1207 5544 1337 5597 Θεὸν
1360 5544 1695 5616 κτησάμενος
1728 5545 1799 5596 πύ
1807 5562 1866 5616 ρ-

290 5645 392 5700 γον
422 5632 622 5702 ίσχύος,
646 5633 701 5703 ἢ,
720 5635 861 5688 κατὰ
882 5634 967 5688 τὸν
1002 5634 1248 5701 Ἀκύλαν,
1278 5654 1296 5687 ι
1326 5634 1531 5707 πύργον
1550 5634 1779 5707 κράτους
1799 5652 1812 5666 ο
1840 5653 1858 5686 ι

1982 4722 2113 4776 mihi
2175 4721 2444 4776 bonorqu
2492 4717 2741 4781 Auctori,
2794 4716 3025 4788 hymnos
3058 4715 3268 4769 emitto.
3319 4713 3426 4767 Pro
3456 4714 3550 4766 illo

1982 4823 2160 4866 autem
2196 4829 2209 4865 :
2246 4829 2263 4862 ι
2308 4811 2367 4863 In
2394 4817 2545 4881 petra
2577 4806 2829 4862 exaltasti
2858 4820 2965 4868 me,
3000 4823 3019 4855 ι
3047 4811 3178 4866 etc.,
3202 4803 3362 4857 aliam
3398 4800 3550 4872 Sym-

1981 4900 2207 4955 machus
2237 4900 2561 4955 sententiam
2598 4896 2791 4952 extulit
2829 4894 2915 4949 his
2949 4895 3128 4951 verbis
3156 4912 3169 4948 :
3200 4912 3219 4943 ι
3264 4892 3400 4948 Cum
3434 4892 3548 4945 for-

1978 4991 2051 5045 tis
2072 4992 2317 5061 insurget
2342 4989 2631 5044 adversum
2658 4999 2767 5050 me,
2801 4983 3038 5039 deduces
3062 4998 3166 5038 me.
3191 4980 3362 5037 Fuisti
3397 4982 3542 5037 enim

1980 5088 2247 5140 securitas
2302 5098 2443 5146 mea,
2478 5081 2650 5135 turris
2698 5080 2916 5135 excelsa
2961 5092 2990 5131 a
3048 5074 3437 5132 facie-inimici
3471 5092 3484 5127 :
3517 5094 3538 5126 ι

1976 5174 2170 5245 Aquila
2203 5176 2330 5229 item
2364 5172 2553 5228 eadem
2584 5179 2857 5228 sententia
2902 5169 3289 5237 interpretatus
3323 5175 3407 5222 est
3439 5166 3542 5221 hoc

1980 5268 2144 5323 modo
2179 5286 2192 5322 :
2224 5286 2242 5318 ι
2271 5265 2325 5320 1η
2359 5266 2515 5320 ﬁrmo
2540 5265 2779 5319 exaltare
2799 5263 2939 5333 apud
2968 5276 3072 5325 me,
3102 5260 3340 5315 deduces
3363 5273 3469 5321 me,
3512 5277 3536 5310 ι

1971 5368 2082 5416 etc.
2110 5358 2207 5415 His
2232 5374 2394 5429 porro
2414 5359 2676 5413 docemur
2709 5356 2979 5411 neminem
3002 5360 3063 5407 ut
3096 5352 3537 5407 adversariorum

1973 5450 2422 5513 reformidemus,
2459 5448 2553 5504 sed
2597 5463 2700 5502 nos
2739 5444 2849 5500 Deo
2896 5445 3117 5516 penitus
3146 5448 3449 5506 tradamus,
3478 5444 3535 5497 in

1968 5543 2088 5613 ipso
2144 5540 2262 5597 solo
2309 5538 2664 5595 confidentes.
2711 5536 2814 5604 Qui
2848 5550 2979 5605 ergo
3010 5535 3151 5588 bona
3187 5549 3285 5604 spe
3324 5534 3535 5587 instru-

1969 5643 2126 5700 ctus,
2169 5633 2335 5689 Deum
2402 5633 2458 5688 in
2517 5635 2709 5687 turrim
2750 5629 3087 5685 lortitudinis
3149 5629 3348 5695 habet;
3387 5626 3524 5691 sive,

368 5809 414 5879 ³Α⁸
451 5807 598 5864 Psal.
665 5827 822 5879 exui,
862 5812 914 5866 5.
992 5812 1034 5845 ³⁷
1076 5811 1233 5868 Rom.
1284 5828 1396 5878 vu,
1445 5813 1535 5870 24.
1615 5815 1658 5847 ³⁸
1698 5813 1889 5869 Matth.
1932 5831 2040 5879 vu,
2090 5815 2172 5870 15.
2249 5815 2294 5849 δ’
2334 5812 2375 5868 ll
2410 5812 2537 5869 Cor.
2602 5825 2715 5876 xu,
2775 5808 2868 5863 2i.
2944 5808 2989 5841 “
3029 5800 3232 5863 ll'Cor.
3288 5821 3397 5873 ιιι,
3429 5803 3521 5860 29.

292 5879 337 5912 ⁸⁸
381 5877 561 5936 lCor.
598 5898 661 5945 κ,
695 5878 798 5938 4.“
