4100 6538
588 402 694 458 579

1286 403 1555 461 EUSEBll
1595 401 2075 458 CESARlENSlS
2107 402 2254 459 OPP.
2297 401 2476 457 PARS
2534 400 2621 457 ΙΙΙ.
2651 432 2722 442 -
2762 397 3175 455 EXEGETICA.

3705 406 3812 462 550

578 517 879 575 secundum
908 517 1179 587 Aquilam,
1210 536 1229 570 ι
1267 518 1460 572 turrim
1493 517 1741 583 roboris;
1775 535 1793 569 ι
1819 526 1911 571 aut
1942 531 2122 572 secun-

2238 516 2307 587 ἢ,
2347 534 2365 569 ι
2392 516 2599 587 πύργον
2626 514 2819 586 ὀχυρὸν
2842 554 2857 577 ,
2885 535 2902 567 ι
2955 516 3093 570 κατὰ
3143 516 3235 569 τὸν
3266 516 3560 588 Σύμμαχον
3580 536 3593 548 ·
3661 520 3809 593 ἐρεῖ·

576 609 706 664 dum
764 608 1172 681 Symmachum,
1214 627 1232 660 ι
1280 610 1477 663 turrim
1534 610 1832 673 munitam;
1861 628 1879 660 ι
1926 609 1995 673 is,
2050 608 2137 662 in-

574 715 758 771 quam,
789 699 933 754 dicet
965 718 977 754 :
1010 716 1029 750 ι
1064 700 1386 755 Inhabitabo
1432 701 1487 755 in
1545 700 1898 755 tabernaculo
1947 708 2043 753 tuo
2086 701 2139 753 in

574 792 798 855 saecula,
830 798 1085 863 protegar
1125 793 1181 847 in
1232 793 1536 848 velamento
1594 794 1804 846 alarum
1845 801 2081 848 tuarum.
2116 812 2135 845 ι

580 880 766 951 Neque
828 885 996 949 enim,
1033 883 1128 949 ait,
1170 884 1227 938 in
1279 899 1367 939 me
1426 883 1716 945 conﬁdam,
1758 881 1853 937 sed
1888 882 1943 936 in
1995 884 2142 936 vela—

576 982 759 1028 mento
783 975 992 1028 alarum
1018 984 1258 1031 tuarum.
1305 973 1382 1029 Ita
1431 990 1596 1045 porro
1628 989 1826 1030 vocare
1857 974 2139 1046 Scriptum

572 1067 709 1121 solet
752 1068 984 1122 virtutes
1013 1067 1105 1122 Dei
1136 1067 1492 1136 providentia:
1530 1067 1907 1131 administras,
1940 1068 2139 1140 quibus

571 1156 842 1227 obtegitur
888 1158 1176 1228 religiosus
1229 1157 1414 1221 homo,
1451 1158 1545 1227 qui
1601 1173 1632 1211 a
1690 1163 1995 1212 velamento
2045 1156 2137 1211 Dei

568 1263 845 1318 nunquam
881 1250 1107 1312 recedit,
1137 1250 1231 1305 sed
1265 1249 1407 1303 intra
1439 1250 1616 1319 ipsum
1671 1249 1725 1303 in
1754 1250 2011 1304 saeculum
2039 1249 2138 1302 ha-

568 1336 705 1393 bitat
733 1358 746 1393 :
777 1338 1001 1410 jamque
1045 1340 1290 1396 Ecclesia
1320 1342 1441 1410 ejus
1473 1348 1527 1395 et
1578 1340 1777 1396 decore
1799 1341 1994 1395 domus
2019 1340 2138 1408 ejus

567 1429 789 1495 fruitur,
818 1439 876 1485 ut
904 1431 1051 1489 dicat
1075 1451 1090 1488 :
1128 1451 1146 1483 ι
1182 1432 1428 1496 Domine,
1454 1432 1617 1487 dilexi
1664 1432 1916 1487 decorem
1942 1431 2136 1487 domus

569 1531 692 1582 tuae,
744 1530 799 1577 et
858 1524 1037 1578 locum
1073 1524 1432 1579 habitationis
1464 1524 1647 1595 gloria:
1691 1531 1798 1578 tuae
1844 1524 1923 1589 ";
1958 1542 1977 1576 ι
2035 1532 2132 1577 et:

573 1630 592 1663 ι
637 1612 810 1668 Unam
839 1616 968 1685 petii
1001 1633 1032 1671 a
1067 1616 1317 1681 Domino,
1356 1618 1498 1671 hanc
1556 1616 1849 1687 requiram,
1884 1622 1945 1669 ut
1987 1615 2138 1669 inha-

564 1703 730 1760 bitem
762 1707 818 1761 in
850 1708 1011 1762 domo
1043 1707 1260 1763 Domini
1304 1708 1559 1764 omnibus
1590 1707 1784 1763 diebus
1812 1707 1935 1761 vita:
1958 1721 2091 1761 mea
2119 1729 2130 1763 :

566 1803 625 1848 ut
661 1796 871 1851 videam
894 1798 1231 1869 voluptatem
1264 1798 1477 1854 Domini
1503 1836 1519 1862 ,
1550 1805 1605 1852 et
1628 1797 1843 1852 visitem
1869 1796 2131 1865 templum

2247 626 2265 657 ι
2290 606 2616 679 Παροικίρω
2644 609 2701 660 ἐν
2723 606 2800 678 τῷ
2831 607 3145 679 σκηνώματί
3174 626 3267 662 σου
3298 612 3378 673 εἰς
3408 613 3535 676 τοὺς
3566 613 3769 679 αἰῶνας
3794 633 3809 648 ο

2242 697 2691 768 σκεπασθήσομαι
2723 700 2780 752 ὲν
2808 700 2871 768 τῇ
2903 698 3076 770 σκέπῃ
3103 697 3212 753 τῶν
3239 700 3527 771 πτερύγων
3557 720 3652 756 σου
3689 725 3707 756 ι
3732 708 3811 759 Οὐ

2238 789 2343 862 γὰρ
2378 791 2462 843 ἐπ’
2494 788 2712 859 ἐμαυτῷ
2736 830 2751 853 ,
2800 792 2962 861 φησὶν
2986 832 3001 855 ,
3038 792 3392 864 εὐθαρσήσω,
3444 795 3557 847 ἀλλ’
3607 799 3699 850 ἐπὶ
3740 804 3811 871 τῇ

2241 880 2417 952 σκέπῃ
2461 880 2566 933 τῶν
2619 880 2724 933 σῶν
2772 881 3075 953 πτερύγων.
3129 883 3283 938 Οὖτω
3314 886 3369 939 δὲ
3404 886 3585 940 καλεῖν
3618 890 3811 944 εἴωθεν

2238 972 2267 1022 6
2297 969 2467 1037 Λόγος
2493 969 2590 1033 τὰς
2623 971 2980 1043 προνοητικάς
3005 972 3099 1025 τοῦ
3132 973 3264 1028 Θεού
3294 976 3551 1047 δυνάμεις
3572 1019 3587 1043 ,
3624 980 3713 1046 ὐφ’
3741 981 3811 1044 ἀς

2239 1062 2563 1125 σκεπάζεται
2612 1064 2640 1115 ὁ
2671 1061 2954 1134 θεοφιλὴς,
3012 1066 3277 1135 μηδέποτε
3307 1068 3407 1137 τῆς
3439 1069 3645 1139 σκέπης
3676 1072 3812 1124 ἀνα-

2237 1151 2426 1220 χωρῶν
2458 1152 2551 1204 τοῦ
2583 1151 2738 1216 Θεοῦ,
2770 1152 2904 1206 ἀλλά
2934 1153 2999 1206 δι’
3029 1154 3222 1219 αἰῶνος
3260 1156 3405 1212 ἔνδον
3438 1162 3495 1215 ἐν
3514 1164 3648 1235 αὐτῇ
3677 1182 3811 1218 κατ-

2236 1241 2426 1296 οικῶν·
2455 1243 2548 1295 καὶ
2576 1243 2674 1314 ἤδη
2720 1244 2816 1314 μὲν
2842 1244 3125 1298 ἀπολαύων
3168 1246 3267 1317 τῆς
3295 1249 3614 1322 Ἐκκλησίας
3641 1257 3808 1311 αὐτοῦ

2236 1334 2330 1386 καὶ
2373 1332 2474 1403 τῆς
2505 1334 2833 1404 εὐπρεπείας
2866 1334 2954 1388 τοῦ
2985 1337 3131 1389 οίκου
3160 1338 3353 1405 αὐτοῦ,
3405 1342 3545 1397 ὥστε
3593 1347 3804 1415 λέγειν·

2241 1443 2259 1474 ι
2285 1424 2475 1496 Κύριε,
2493 1424 2750 1497 ἠγάπησα
2773 1426 3102 1498 εὐπρέπειαν
3122 1428 3269 1482 οἴκου
3301 1448 3394 1485 σου
3440 1453 3458 1485 ι
3491 1437 3583 1488 καὶ⁵
3613 1438 3809 1494 «τόπον

2236 1517 2587 1588 σκηνώματος
2618 1519 2716 1589 τῆς
2741 1516 2898 1590 δόξης
2929 1536 3049 1572 σου·
3075 1538 3094 1571 ι
3130 1522 3251 1586 καὶ,
3289 1543 3306 1575 ι
3335 1526 3482 1579 Μίαν
3515 1529 3807 1603 ᾐτησάμην

2234 1608 2385 1681 παρά
2412 1610 2614 1681 Κυρίου
2635 1649 2650 1675 ,
2699 1610 2901 1682 ταύτην
2931 1610 3181 1682 ζητήσω,
3219 1613 3298 1668 .τὸ
3348 1621 3619 1670 κατοικεῖν
3650 1638 3716 1689 με
3746 1624 3806 1673 ἐν

2233 1700 2364 1779 οίκῳ
2395 1701 2598 1774 Κυρίου
2632 1702 2811 1767 πάσας
2842 1703 2941 1766 τὰς
2970 1704 3182 1775 ἡμέρας
3212 1707 3308 1777 τῆς
3338 1706 3483 1778 ζωῆς
3520 1727 3619 1780 μου
3640 1728 3654 1741 ·
3705 1711 3808 1765 τοῦ

2239 1791 2461 1864 θεωρεῖν
2490 1810 2555 1863 με
2585 1794 2683 1861 τὴν
2702 1795 3038 1865 τερπνότητα
3057 1795 3150 1848 τοῦ
3171 1798 3410 1869 Κυρίου,
3452 1804 3544 1854 καὶ
3583 1804 3807 1858 ἐπισκέ-

562 1886 683 1954 ejus
711 1887 774 1943 “.
816 1908 834 1941 ι
862 1888 1017 1955 Quod
1058 1892 1102 1947 si
1136 1891 1544 1945 tabernaculum
1596 1897 1681 1945 est
1709 1890 1951 1952 caeleste,
1985 1888 2122 1958 quod

2232 1884 2458 1937 πτεσθαι
2486 1884 2576 1937 τὸν
2608 1884 2732 1937 ναὸν
2758 1884 2939 1942 αὐτοῦ.
2968 1906 2986 1937 ι
3019 1887 3082 1939 Εἰ
3113 1888 3170 1941 δέ
3197 1889 3312 1942 ἐστι
3356 1893 3448 1943 καὶ
3483 1893 3805 1965 ἐπουράνιος

564 1975 680 2029 ﬁxtt
740 1976 1021 2043 Dominus,
1071 1995 1180 2034 non
1244 1980 1427 2044 homo,
1461 1980 1528 2034 ad
1583 1971 1740 2049 cujus
1800 1979 2127 2049 exemplum,

557 2065 751 2135 jussus
780 2069 990 2141 Moyses
1025 2072 1172 2127 aliud
1204 2072 1502 2127 fabricatus
1556 2080 1664 2137 est,
1711 2071 1779 2126 ad
1812 2070 1946 2125 illud
2000 2084 2132 2126 sane

560 2160 978 2216 tabernaculum
1038 2164 1348 2227 remittens,
1382 2164 1582 2219 dixerit
1614 2183 1629 2218 :
1663 2182 1682 2215 ι
1720 2163 2041 2219 lnhahitabo
2073 2163 2132 2217 in

560 2251 921 2308 tabernaculo
961 2264 1053 2309 tuo
1084 2255 1139 2309 in
1170 2256 1388 2311 sarcula.
1426 2275 1445 2308 ι
1476 2254 1659 2310 Talem
1689 2256 1834 2311 enim
1857 2255 2130 2326 perfectus

562 2342 727 2397 homo
757 2346 1178 2415 promissionem
1230 2346 1459 2417 accepit,
1492 2347 1718 2402 minime
1760 2358 2012 2419 spectans
2066 2363 2131 2404 ea

565 2448 688 2503 qua:
716 2436 820 2489 sub
859 2444 1213 2506 conspectum
1245 2438 1468 2502 cadunt,
1499 2437 1595 2494 sed
1642 2453 1763 2509 quae
1808 2453 1920 2493 non
1943 2438 2131 2495 viden-

560 2531 671 2576 tur.
700 2521 837 2578 Nam
872 2540 991 2596 quae
1021 2524 1298 2589 videntur,
1332 2534 1682 2597 temporanea
1707 2544 1723 2595 ;
1758 2543 1880 2600 quae
1904 2544 2016 2583 non
2047 2529 2131 2583 vi-

559 2615 780 2679 dentur,
799 2624 999 2671 (eterna
1028 2626 1175 2673 sunt.

630 2704 798 2763 Vens.
831 2708 883 2762 6.
932 2726 951 2758 ι
990 2707 1260 2774 Quoniam
1297 2719 1375 2775 tu,
1412 2709 1576 2775 Deus,
1618 2710 1892 2767 exaudisti
1923 2712 2126 2767 oratio-

559 2811 658 2852 nes
687 2814 861 2863 meas,
894 2799 1093 2855 dedisti
1129 2800 1502 2855 haereditatem
1561 2801 1878 2856 timentibus
1928 2816 2127 2857 nomen

556 2896 766 2946 tuum.»
793 2890 848 2946 Si
880 2893 1116 2964 vulgaris
1141 2894 1387 2964 quaedam
1412 2895 1585 2950 oratio
1606 2901 1750 2949 esset
1778 2908 1861 2958 ea,
1881 2910 2001 2964 quae
2014 2894 2127 2965 jam

558 2996 591 3035 a
622 2981 822 3039 Davide
844 2985 1044 3042 emissa
1072 2993 1173 3050 est,
1207 3002 1315 3041 non
1350 3001 1574 3042 necesse
1600 3000 1732 3041 sane
1778 2985 1975 3042 fuisset
2007 3002 2126 3041 eam

558 3074 615 3128 in
649 3076 789 3130 libro
823 3076 1165 3133 Psalmorum
1214 3079 1403 3149 reponi
1431 3098 1446 3134 :
1471 3080 1767 3134 verisimile
1817 3080 2018 3150 quippe
2045 3088 2128 3133 est

555 3179 681 3218 eum
720 3177 1004 3221 sexcentas
1045 3167 1181 3223 alias
1219 3168 1494 3222 orationes
1534 3167 1600 3221 ad
1639 3168 1804 3223 Deum
1840 3168 2125 3235 ell‘udisse;

2234 1976 2433 2047 σκηνὴ,
2481 1978 2547 2047 ἢν
2590 1974 2786 2046 ἔπηξεν
2810 1978 2838 2029 ὁ
2864 1975 3099 2048 Κύριος,
3132 1982 3227 2034 καὶ
3259 1983 3359 2035 οὐκ
3383 1983 3668 2055 ἄνθρωπος
3689 2026 3702 2049 ,
3733 1983 3804 2058 ἧς

2231 2067 2329 2138 τὴν
2355 2066 2539 2120 εἰκόνα
2566 2066 2805 2136 Μωῦσῆς
2835 2069 3195 2139 προσταχθεὶς
3227 2074 3429 2137 ἐποίει,
3479 2077 3558 2139 εἰς
3588 2078 3804 2150 ἐκείνην

2228 2158 2567 2229 ἀναπέμπων
2598 2156 2695 2228 τὴν
2728 2158 2929 2229 σκηνὴν
2953 2197 2969 2222 ,
3012 2158 3155 2213 είποι
3188 2160 3253 2214 ἂν
3280 2163 3369 2216 τό·
3431 2183 3449 2215 ι
3474 2164 3807 2240 Παροικήσω

2228 2251 2286 2303 ὲν
2313 2251 2389 2322 τῷ
2412 2249 2727 2323 σκηνώματί
2757 2268 2849 2304 σου
2873 2253 2952 2315 εἰς
2976 2254 3100 2316 τοὺς
3127 2252 3346 2318 αἰῶνας.
3374 2274 3392 2307 ι
3452 2257 3668 2329 Ταύτην
3693 2261 3805 2332 γὰρ

2230 2345 2421 2417 είληφε
2453 2345 2549 2417 τὴν
2577 2346 2904 2415 ἐπαγγελίαν
2931 2348 2960 2400 6
2990 2347 3219 2413 τέλειος,
3251 2350 3311 2402 οὐ
3343 2351 3559 2404 σκοπῶν
3586 2351 3654 2405 τὰ
3683 2351 3804 2423 βλε-

2229 2439 2459 2508 πόμενα,
2487 2437 2621 2491 ἀλλὰ
2646 2438 2715 2492 τὰ
2743 2440 2816 2510 μὴ
2858 2439 3192 2512 βλεπόμενα·
3243 2441 3312 2495 τὰ
3342 2441 3450 2514 γὰρ
3492 2442 3802 2515 βλεπόμενα

2228 2528 2543 2602 πρόσκαιρα
2562 2569 2578 2595 ,
2607 2529 2675 2583 τὰ
2705 2530 2762 2583 δὲ
2795 2530 2870 2602 μὴ
2900 2531 3203 2604 βλεπόμενα
3233 2532 3442 2589 αἰώνια.

2299 2723 2317 2755 ι
2332 2704 2450 2758 ’Ὁτι
2473 2706 2559 2768 σύ,
2576 2707 2604 2757 6
2623 2704 2773 2770 Θεὸς,
2794 2708 3115 2779 εἰσήκουσας
3136 2708 3245 2761 τῶν
3260 2708 3431 2780 εὐχῶν
3454 2728 3575 2782 μου,
3593 2712 3799 2776 ἔδωκας

2225 2793 2582 2867 κληρονομίαν
2613 2800 2723 2862 τοῖς
2753 2797 3101 2869 φοϐουμένοις
3130 2799 3190 2852 τὸ
3220 2799 3389 2871 ὄνομά
3415 2818 3526 2854 σου.
3555 2822 3573 2854 ι
3612 2803 3673 2855 Εἰ
3696 2804 3795 2874 μὲν

2224 2886 2352 2959 ψιλή
2376 2906 2457 2952 τις
2485 2884 2552 2960 ἦν
2576 2890 2851 2961 προσευχὴ
2882 2890 2985 2943 ὐπὸ
3016 2890 3107 2944 τοῦ
3138 2892 3301 2945 Δαυῖδ
3324 2894 3734 2964 ἀναπεμφθεῖσα
3758 2895 3795 2967 ᾗ

2228 2976 2363 3048 μετὰ
2388 2980 2575 3050 χεῖρας
2595 3018 2609 3042 ,
2640 2978 2787 3032 οὐδὲν
2810 2975 2876 3051 ἧν
2901 2981 3195 3050 ἀναγκαῖον
3222 2983 3393 3055 αὐτὴν
3421 2984 3793 3054 ἀναληφθῆναι

2224 3071 2291 3141 τῇ
2328 3068 2491 3140 βίϐλῳ
2521 3068 2629 3123 τῶν
2661 3070 2923 3142 Ψαλμῶν·
2972 3072 3117 3137 εἰκὸς
3150 3073 3257 3145 γὰρ
3284 3075 3441 3128 αὐτὸν
3468 3076 3561 3129 καὶ
3595 3076 3795 3146 μυρίας

2229 3160 2392 3224 ἄλλας
2418 3160 2581 3232 εὐχὰς
2614 3162 2748 3233 πρὸς
2780 3162 2869 3215 τὸν
2901 3163 3031 3216 Θεὸν
3077 3165 3431 3236 πεποιῆσθαι·
3481 3166 3669 3238 ῶσπερ
3700 3164 3793 3221 οὖν

554 3257 1013 3327 quemadmodum
1042 3274 1144 3315 nos
1164 3275 1381 3329 quoque
1409 3259 1654 3329 quotidie
1675 3260 1952 3330 variisque
1984 3270 2120 3316 tem-

2223 3252 2315 3305 καὶ
2340 3254 2499 3323 ἡμεῖς
2547 3254 2630 3322 ἐφ’
2676 3254 2909 3325 ἑκάστης
2951 3256 3190 3327 ἡμέρας,
3241 3259 3332 3311 καὶ
3378 3259 3519 3313 κατὰ
3565 3262 3794 3331 καιροὺς

552 3348 781 3418 poribus
812 3363 1130 3417 precamur;
1162 3358 1218 3403 at
1259 3350 1387 3421 quia
1413 3351 1732 3420 plerumque
1763 3351 1893 3406 dum
1928 3366 2119 3421 preca-

552 3440 730 3503 r'etur,
774 3448 868 3493 aut
919 3441 1159 3510 psalmos
1187 3442 1775 3513 pulsaret,hymnosve
1827 3444 2117 3506 emitteret,

553 3530 874 3600 prophetica
917 3532 1118 3585 virtute
1171 3532 1515 3601 replebatur;
1546 3532 1740 3587 merito
1765 3532 1878 3602 jam
1912 3548 2021 3587 non
2062 3540 2121 3586 ut

551 3619 808 3689 vulgares
836 3622 1137 3685 orationes,
1171 3622 1265 3677 sed
1296 3632 1353 3677 ut
1385 3639 1668 3679 sermones
1702 3626 1792 3680 alii
1817 3626 2119 3696 prophetici

551 3710 669 3766 haec
698 3712 1164 3784 obsignabantur;
1196 3730 1367 3785 eaque
1398 3716 1453 3769 in
1476 3715 1675 3771 divinis
1708 3717 1863 3773 libris
1892 3733 2120 3788 repone-

549 3802 706 3867 bant,
741 3804 836 3872 qui
863 3805 1216 3860 discretionis
1264 3806 1554 3875 spirituum
1611 3808 1838 3878 gratiam
1895 3823 2119 3880 accepe-

549 3902 695 3949 rant.
758 3895 850 3950 Sic
907 3911 1037 3967 ergo
1089 3904 1211 3966 post
1244 3896 1503 3966 praedicta
1547 3898 1732 3962 verba,
1796 3897 2118 3953 intermedio

549 3984 952 4055 diapsalmate,
1012 3986 1283 4057 Propheta
1338 3989 1516 4043 sancti
1574 3988 1813 4058 Spiritus
1866 3990 2116 4061 illapsum

548 4077 1010 4142 animadvertens,
1072 4079 1317 4148 adeoque
1373 4079 1697 4146 illustratus,
1746 4095 1871 4135 cum
1930 4089 2117 4136 nosset

547 4168 885 4238 praemissam
908 4169 977 4222 ab
1009 4184 1068 4225 se
1087 4171 1390 4224 orationem
1425 4186 1455 4223 a
1494 4169 1603 4225 Deo
1628 4171 1939 4227 exauditam
1970 4187 2113 4239 esse,

542 4260 659 4331 jam
687 4261 1044 4316 mutationem
1079 4261 1349 4317 sermonis
1380 4261 1605 4317 inducit.
1630 4261 1990 4328 Quamobrem
2021 4279 2116 4319 su-

546 4352 734 4422 perius
759 4351 975 4422 quidem
1004 4353 1084 4407 sic
1104 4352 1437 4422 precabatur
1479 4372 1491 4408 :
1529 4371 1548 4406 ¢
1581 4354 1809 4417 Exaudi,
1843 4354 2004 4421 Deus,
2021 4355 2115 4410 de-

544 4446 912 4515 precationem
942 4461 1155 4515 meam;
1195 4468 1213 4499 ι
1252 4448 1342 4502 hic
1373 4462 1502 4503 vero
1531 4456 1654 4518 post
1696 4447 1995 4517 diapsalma
2028 4446 2113 4501 di-

2222 3341 2409 3395 ἄλλοτε
2441 3342 2628 3406 ἄλλους
2660 3343 2927 3415 εὐχόμεθα
2957 3345 3242 3418 διαφόρους
3262 3365 3274 3377 ·
3299 3350 3419 3401 ἐπεὶ
3447 3350 3502 3402 δὲ
3534 3350 3794 3413 πολλάκις

2221 3431 2279 3484 ἐν
2301 3431 2448 3502 αὐτῷ
2471 3432 2548 3503 τῷ
2564 3434 2986 3504 προσεύχεσθαι,
3037 3436 3070 3508 ἦ
3093 3439 3215 3501 τοὺς
3234 3438 3477 3509 ψαλμοὺς
3496 3441 3795 3513 ἀνακρούεο

2226 3523 2367 3587 σθαι,
2399 3524 2431 3595 ἢ
2460 3527 2584 3587 τοὺς
2614 3524 2813 3597 ὕμνους
2845 3528 3209 3599 ἀναπέμπειν,
3251 3532 3590 3603 προφητικῖκ
3623 3534 3793 3605 ἐπληο

2228 3616 2382 3688 ροῦτο
2404 3617 2679 3689 δυνάμεως
2700 3635 2713 3649 ο
2738 3619 2958 3684 εἰκότως
2978 3621 3155 3675 οὐκέθ’
3175 3622 3250 3686 ὡς
3273 3622 3432 3692 ψιλὰς
3457 3626 3786 3696 προσευχάς,

2220 3707 2408 3771 ἀλλ’ὡς
2436 3708 2624 3769 ἄλλους
2650 3709 2839 3777 λόγους
2867 3714 3231 3782 προφητικοὺς
3262 3715 3692 3785 ἐπεσημαίνοντο
3720 3717 3793 3771 τὰ

2218 3798 2483 3869 λεγόμενα
2500 3840 2513 3863 ,
2540 3801 2634 3854 καὶ
2661 3803 2781 3864 ταῖς
2807 3801 2974 3866 θείαις
3002 3802 3201 3872 βίϐλοις
3227 3804 3618 3873 ἐγκατέταττον
3648 3809 3695 3860 οἰ
3728 3806 3791 3861 τὸ

2220 3890 2462 3962 χάρισμα
2504 3891 2605 3960 τῆς
2632 3890 2950 3964 διακρίσεως
2986 3894 3093 3947 τῶν
3139 3897 3784 3969 πνευμάτωνείληφότες.

2219 3982 2403 4046 Οὕτως
2421 3978 2511 4036 οὖν
2534 3982 2628 4035 καὶ
2656 3983 2886 4037 ἐνταῦθα
2913 3985 3048 4056 μετά
3070 3986 3138 4040 τὰ
3159 3987 3542 4058 προλεχθὲντα,
3563 3988 3787 4060 διαψάλο

2222 4090 2391 4143 ματος
2433 4072 2635 4145 μεταξύ
2683 4076 3131 4147 παρεντεθέντος,
3202 4080 3498 4152 μεταϐολὴν
3549 4086 3786 4137 ποιεῖται

2217 4163 2312 4218 τοῦ
2333 4164 2487 4233 λόγου
2507 4167 2535 4218 6
2558 4167 2865 4239 Προφήτης,
2886 4168 3199 4241 αἰσθόμενος
3220 4171 3318 4241 τῆς
3338 4172 3430 4225 τοῦ
3450 4173 3606 4241 ἁγίου
3622 4172 3788 4228 Πνεύ-

2219 4275 2387 4329 ματος
2418 4258 2652 4327 ἀφίξεως
2675 4300 2690 4325 ,
2748 4261 3035 4329 φωτισθείς
3062 4280 3120 4315 τε
3150 4264 3240 4316 ὐπ’
3273 4262 3434 4317 αὐτοῦ
3464 4264 3556 4319 καὶ
3600 4268 3783 4335 γνοὺς,

2214 4349 2295 4401 ὄτι
2320 4348 2387 4401 τὰ
2409 4351 2505 4420 τῆς
2528 4350 2918 4423 προλεχθείσης
2944 4352 3090 4424 αὐτῷ
3115 4354 3346 4425 δεήσεως
3368 4357 3604 4426 ἐπηκόου
3628 4357 3783 4427 ἔτυχε
3896 4430 3903 4435 _

2213 4438 2307 4492 τοῦ
2336 4438 2490 4493 Θεοῦ.
2526 4439 2615 4494 Διὸ
2637 4441 2891 4511 ἀνωτέρω
2923 4440 3021 4512 μὲν
3053 4442 3341 4513 εὐχόμενος
3377 4443 3559 4513 ἔλεγε·
3601 4463 3622 4496 ε
3654 4445 3783 4498 Et:-

544 4536 620 4589 cit
683 4555 697 4591 :
757 4555 776 4589 ι
822 4534 1090 4603 Quoniam
1142 4548 1235 4604 tu,
1284 4539 1467 4605 Deus,
1512 4538 1782 4594 exaudisti
1836 4540 2111 4593 orationes

2223 4529 2462 4591 ἅκουσον,
2481 4531 2509 4582 6
2529 4528 2680 4594 Θεὸς,
2705 4528 2803 4599 τῆς
2831 4528 3066 4601 δεήσεώς
3101 4549 3219 4602 μου·
3249 4551 3266 4583 ι
3303 4532 3531 4586 ἐνταῦθα
3556 4533 3613 4587 δὲ
3646 4536 3785 4605 μετά

542 4643 694 4684 meas
712 4628 777 4683 “.
796 4647 814 4681 ι
835 4628 1024 4685 Viden’
1063 4646 1172 4701 quo
1200 4640 1358 4702 pacto
1389 4646 1451 4687 se
1490 4630 1805 4687 exauditum
1834 4645 1957 4686 esse
1985 4645 2112 4684 sen-

2223 4622 2272 4676 τὸ
2292 4621 2565 4702 διάψαλμα
2589 4622 2807 4692 φάσκει·
2831 4641 2849 4672 ι
2864 4624 2982 4677 ’Ότι
3011 4601 3147 4687 σὺ,ίό
3166 4624 3315 4689 Θεὸς,
3330 4601 3657 4695 εἰσήκουσας
3673 4627 3784 4679 τῶν

541 4722 746 4777 tiehat?
771 4721 836 4775 Et
868 4722 998 4777 illud
1027 4730 1145 4777 erat
1172 4739 1271 4794 per
1324 4722 1519 4778 Isaiam
1579 4722 1899 4793 prophetam
1929 4719 2110 4789 dignis

540 4811 856 4866 hominibus
888 4813 1216 4881 promissum
1241 4828 1271 4866 ο
1301 4811 1411 4867 Deo
1439 4831 1453 4866 :
1485 4830 1505 4864 ι
1533 4810 1727 4865 Adhuc
1758 4819 1810 4865 te
1851 4811 2108 4879 loquente

540 4899 717 4955 dicam
754 4920 767 4956 :
796 4900 935 4958 Ecce
956 4902 1147 4958 adsum
1180 4902 1246 4956 ".
1272 4922 1291 4955 ι
1326 4900 1462 4956 Nam
1492 4902 1670 4956 adhuc
1699 4900 1952 4971 loquente
1976 4897 2107 4953 Pro-

540 4992 723 5061 pheta,
759 5001 948 5049 astans
991 4993 1227 5064 Spiritus
1268 4994 1540 5049 indicebat
1568 4994 1673 5065 ipsi
1702 4992 2013 5048 exauditum
2045 5004 2105 5044 se

539 5095 685 5137 esse.
721 5084 900 5149 Quare
947 5083 1025 5139 ait
1055 5102 1068 5139 .-
1102 5104 1121 5136 ι
1169 5084 1436 5153 Quoniam
1492 5113 1572 5150 ιιι,
1622 5098 1787 5149 deus,
1835 5080 2103 5138 exaudisti

538 5178 815 5233 orationes
870 5192 1041 5233 meas.
1086 5197 1104 5230 ι
1161 5176 1475 5248 Eademque
1520 5176 1820 5233 secundum
1868 5174 2104 5243 reliquos

539 5267 869 5339 interpretes
911 5271 1181 5327 sententia
1234 5270 1547 5326 declaratur
1582 5286 1597 5322 :
1632 5282 1761 5321 nam
1806 5264 2103 5323 secundum

537 5356 790 5426 Aquilam
827 5357 1030 5414 dicitur
1094 5378 1109 5416 :
1169 5378 1188 5412 ι
1236 5357 1506 5425 Quoniam
1556 5362 1637 5419 tu,
1696 5353 1862 5417 Deus,
1904 5350 2103 5405 audisti

454 5432 455 5435 “
534 5449 814 5507 orationes
863 5466 1044 5518 meas;
1085 5471 1103 5502 ι
1138 5449 1443 5507 secundum
1480 5463 1611 5504 vero
1661 5445 2047 5519 Symmachum
2084 5463 2096 5498 :

537 5554 558 5587 σ
596 5535 678 5592 'l'u
706 5538 873 5601 enim,
905 5538 1069 5603 Deus,
1095 5537 1365 5594 exaudisti
1397 5552 1588 5607 preces
1610 5550 1781 5593 meas.
1822 5552 1843 5587 ι
1894 5533 2094 5601 Adjicit

532 5628 728 5685 deinde
760 5649 771 5683 :
811 5648 838 5689 ι
869 5628 1071 5685 Dedisti
1120 5629 1487 5685 hereditatem
1527 5626 1844 5683 timentibus
1892 5639 2089 5680 nomen

2214 4714 2389 4785 εὐχῶν
2426 4699 2544 4784 μου.
2573 4732 2592 4765 ι
2674 4715 2837 4786 Ὁρᾷς
2866 4714 3014 4777 ὅπως
3044 4713 3336 4787 συνῄσθετο
3370 4716 3782 4787 εἰσακουσθείςς

2213 4804 2307 4857 καὶ
2332 4802 2476 4857 τοῦτ’
2501 4800 2570 4876 ἦν
2596 4804 2657 4857 τὸ
2676 4803 2764 4857 διὰ
2793 4803 2886 4856 τοῦ
2915 4805 3193 4876 προφήτου
3231 4805 3450 4858 Ἡσαΐου
3476 4786 3587 4869 τοῖς
3611 4806 3785 4872 ἀξίοις

2211 4895 2618 4966 ἐπηγγελμένον
2647 4895 2753 4949 ὐπὸ
2775 4893 2867 4949 τοῦ
2896 4895 3142 4963 λέγοντος
3164 4895 3296 4950 Θεοῦ
3316 4913 3329 4927 ·
3372 4914 3390 4948 ι
3417 4897 3538 4949 Ἐτι
3561 4897 3784 4951 λαλοῦν-

2199 4985 2291 5049 τός
2323 5003 2416 5039 σου
2461 4987 2588 5059 ἐρῶ·
2633 4986 2763 5042 Ἰδοὺ
2790 4988 3039 5059 πάρειμι·
3072 5006 3091 5039 ι
3145 4986 3223 5040 ἔτι
3253 4988 3360 5061 γάρ
3408 4988 3779 5060 φθεγγομένου

2198 5077 2293 5131 τοῦ
2342 5077 2626 5150 Προφήτου
2647 5122 2663 5145 ,
2703 5080 2764 5133 τὸ
2793 5079 3017 5150 Πνεῦμα
3046 5080 3271 5133 ἐπιστὰν
3297 5079 3359 5133 τὸ
3398 5081 3551 5148 ἅγιον
3589 5081 3777 5151 ἐδήλου

2198 5170 2369 5242 αὐτῷ,
2397 5170 2473 5233 ὡς
2493 5170 2598 5243 ἄρα
2624 5168 2997 5234 εἰσακουσθεὶς
3024 5170 3127 5239 εῐη.
3154 5169 3244 5223 Διό
3275 5187 3440 5240 φησιν
3457 5187 3471 5201 ·
3503 5170 3655 5223 «Ὅτι
3685 5172 3773 5234 σὺ,

2198 5264 2229 5315 6
2252 5262 2405 5326 Θεὸς,
2432 5263 2760 5333 εἰσήκουσας
2786 5260 2893 5315 τῶν
2914 5260 3093 5332 εὐχῶν
3123 5278 3246 5333 μου.
3272 5279 3290 5313 ι
3341 5260 3451 5315 Καὶ
3481 5261 3625 5315 κατά
3650 5262 3776 5325 τούς

2206 5352 2424 5415 λοιποὺς
2450 5352 2507 5406 δὲ
2551 5350 2889 5423 ἑρμηνευτάς
2911 5353 2944 5421 ἡ
2981 5350 3121 5423 αὐτὴ
3174 5350 3501 5422 παρίσταται
3526 5350 3735 5403 διάνοια
3756 5366 3770 5378 ·

2206 5443 2327 5497 ἐπεὶ
2356 5444 2495 5497 κατὰ
2542 5444 2631 5497 τὸν
2690 5442 2917 5497 ’Δκύλαν
2948 5441 3193 5514 εἴρηται·
3232 5461 3251 5495 ι
3281 5443 3399 5497 Ὅτι
3434 5443 3499 5496 σύ
3520 5480 3535 5504 ,
3573 5434 3621 5495 ὦ
3649 5440 3769 5503 Od,

2202 5534 2436 5605 ἤκουσας
2460 5535 2566 5588 τῶν
2584 5533 2756 5605 εὐχῶν
2782 5552 2881 5606 μου
2897 5551 2911 5565 ο
2940 5554 2959 5586 ι
2983 5532 3194 5588 κατὰδδ
3209 5534 3300 5588 τὸν
3317 5533 3630 5605 Σύμμαχον·
3655 5549 3673 5582 ι
3698 5527 3769 5584 Σὺ

2199 5626 2327 5698 γάρ,
2354 5629 2383 5681 ό
2412 5627 2563 5691 Θεὸς,
2594 5628 2918 5698 εἰσήκουσας
2944 5625 3053 5681 τῶν
3082 5625 3396 5697 προσευχῶν
3444 5641 3565 5696 μου.
3595 5643 3616 5675 ι
3659 5617 3773 5676 Εἶτ’

606 5808 651 5841 δ’
690 5807 834 5865 Psal.
870 5822 996 5871 xxv,
1030 5808 1081 5864 8.
1158 5808 1205 5841 “
1242 5806 1387 5863 Psal.
1426 5824 1579 5873 xxw,
1615 5807 1668 5864 ι.
1748 5807 1792 5839 ⁸⁸
1830 5806 1977 5865 Psal.
2014 5825 2113 5873 ιχ,

2276 5806 2320 5839 ⁸³
2361 5804 2462 5862 lsa.
2502 5820 2658 5873 Lvm,
2693 5806 2747 5860 9.

3414 6520 3440 6526 —.
3514 6520 3566 6526 ἡ
3622 6520 3672 6528 θὴς
3720 6519 3766 6526 π-ιι
3810 6517 4090 6538 -Ἶᾚ
