  <div class='ocr_page' id='page_1' title='image "/cluster/home/n/w/nwhite01/storage/ocr_20150623/23/hvd.32044019207711/320.png"; bbox 0 0 4100 6518; ppageno 0'>
   <div class='ocr_carea' id='block_1_1' title="bbox 320 403 424 459">
    <p class='ocr_par' dir='ltr' id='par_1_1' title="bbox 320 403 424 459">
     <span class='ocr_line' id='line_1_1' title="bbox 320 403 424 459; baseline -0.019 0"><span class='ocrx_word' id='word_1_1' title='bbox 320 403 424 459; x_wconf 76' lang='lat'><strong>58!</strong></span> 
     </span>
    </p>
   </div>
   <div class='ocr_carea' id='block_1_2' title="bbox 1467 397 2457 458">
    <p class='ocr_par' dir='ltr' id='par_1_2' title="bbox 1467 397 2457 458">
     <span class='ocr_line' id='line_1_2' title="bbox 1467 397 2457 458; baseline -0.002 0"><span class='ocrx_word' id='word_1_2' title='bbox 1467 399 1975 458; x_wconf 65' lang='lat' dir='ltr'><strong>COMMENTARIA</strong></span> <span class='ocrx_word' id='word_1_3' title='bbox 2013 397 2081 456; x_wconf 84' lang='lat' dir='ltr'><strong>IN</strong></span> <span class='ocrx_word' id='word_1_4' title='bbox 2117 399 2457 457; x_wconf 78' lang='lat' dir='ltr'><strong>PSALMOS.</strong></span> 
     </span>
    </p>
   </div>
   <div class='ocr_carea' id='block_1_3' title="bbox 3469 404 3575 461">
    <p class='ocr_par' dir='ltr' id='par_1_3' title="bbox 3469 404 3575 461">
     <span class='ocr_line' id='line_1_3' title="bbox 3469 404 3575 461; baseline -0.038 0"><span class='ocrx_word' id='word_1_5' title='bbox 3469 404 3575 461; x_wconf 75' lang='lat'><strong>582</strong></span> 
     </span>
    </p>
   </div>
   <div class='ocr_carea' id='block_1_4' title="bbox 322 513 1898 589">
    <p class='ocr_par' dir='ltr' id='par_1_4' title="bbox 322 513 1898 589">
     <span class='ocr_line' id='line_1_4' title="bbox 322 513 1898 589; baseline -0.001 -22"><span class='ocrx_word' id='word_1_6' title='bbox 322 513 597 589; x_wconf 53' lang='grc' dir='ltr'>ὶπρλέγει·</span> <span class='ocrx_word' id='word_1_7' title='bbox 659 533 678 567; x_wconf 83' lang='grc' dir='ltr'><strong>ι</strong></span> <span class='ocrx_word' id='word_1_8' title='bbox 706 516 952 579; x_wconf 85' lang='grc' dir='ltr'>Ἔδωκας</span> <span class='ocrx_word' id='word_1_9' title='bbox 994 513 1356 587; x_wconf 79' lang='grc' dir='ltr'><strong>κληρονομίαν</strong></span> <span class='ocrx_word' id='word_1_10' title='bbox 1399 517 1513 580; x_wconf 76' lang='grc' dir='ltr'>τοῖς</span> <span class='ocrx_word' id='word_1_11' title='bbox 1553 514 1898 586; x_wconf 83' lang='grc' dir='ltr'>φοϐουμένοις</span> 
     </span>
    </p>
   </div>
   <div class='ocr_carea' id='block_1_5' title="bbox 1999 513 3576 589">
    <p class='ocr_par' dir='ltr' id='par_1_5' title="bbox 2006 513 3576 586">
     <span class='ocr_line' id='line_1_5' title="bbox 2006 513 3576 586; baseline 0.004 -19"><span class='ocrx_word' id='word_1_12' title='bbox 2006 520 2181 568; x_wconf 92' lang='lat' dir='ltr'><strong>tuum.</strong></span> <span class='ocrx_word' id='word_1_13' title='bbox 2219 532 2239 565; x_wconf 75' lang='grc' dir='ltr'><strong>ι</strong></span> <span class='ocrx_word' id='word_1_14' title='bbox 2282 513 2365 570; x_wconf 84' lang='lat' dir='ltr'><strong>Me</strong></span> <span class='ocrx_word' id='word_1_15' title='bbox 2394 514 2596 586; x_wconf 85' lang='lat' dir='ltr'><strong>quippe</strong></span> <span class='ocrx_word' id='word_1_16' title='bbox 2630 514 2746 585; x_wconf 86' lang='lat' dir='ltr'><strong>jam</strong></span> <span class='ocrx_word' id='word_1_17' title='bbox 2766 513 3036 573; x_wconf 85' lang='lat' dir='ltr'><strong>exaudisti</strong></span> <span class='ocrx_word' id='word_1_18' title='bbox 3074 532 3087 569; x_wconf 93' lang='lat'>:</span> <span class='ocrx_word' id='word_1_19' title='bbox 3120 528 3183 570; x_wconf 86' lang='lat' dir='ltr'><strong>ac</strong></span> <span class='ocrx_word' id='word_1_20' title='bbox 3215 513 3354 571; x_wconf 84' lang='lat' dir='ltr'><strong>bene</strong></span> <span class='ocrx_word' id='word_1_21' title='bbox 3384 518 3510 571; x_wconf 86' lang='lat' dir='ltr'><strong>novi</strong></span> <span class='ocrx_word' id='word_1_22' title='bbox 3543 535 3576 574; x_wconf 89' lang='lat' dir='ltr'><strong>a</strong></span> 
     </span>
    </p>
   </div>
   <div class='ocr_carea' id='block_1_6' title="bbox 327 606 1894 681">
    <p class='ocr_par' dir='ltr' id='par_1_6' title="bbox 327 606 1894 681">
     <span class='ocr_line' id='line_1_6' title="bbox 327 606 1894 681; baseline -0.002 -18"><span class='ocrx_word' id='word_1_23' title='bbox 327 610 380 663; x_wconf 77' lang='grc' dir='ltr'><strong>τὸ</strong></span> <span class='ocrx_word' id='word_1_24' title='bbox 436 608 609 679; x_wconf 74' lang='grc' dir='ltr'>ὄνομά</span> <span class='ocrx_word' id='word_1_25' title='bbox 632 625 744 662; x_wconf 91' lang='grc' dir='ltr'>σου.</span> <span class='ocrx_word' id='word_1_26' title='bbox 771 627 788 659; x_wconf 74' lang='grc' dir='ltr'><strong>ι</strong></span> <span class='ocrx_word' id='word_1_27' title='bbox 856 606 1019 679; x_wconf 83' lang='grc' dir='ltr'><strong>Ἐμοῦ</strong></span> <span class='ocrx_word' id='word_1_28' title='bbox 1057 610 1154 679; x_wconf 84' lang='grc' dir='ltr'>μὲν</span> <span class='ocrx_word' id='word_1_29' title='bbox 1188 607 1295 681; x_wconf 84' lang='grc' dir='ltr'><strong>γὰρ</strong></span> <span class='ocrx_word' id='word_1_30' title='bbox 1354 609 1489 671; x_wconf 85' lang='grc' dir='ltr'>τέως</span> <span class='ocrx_word' id='word_1_31' title='bbox 1537 609 1894 679; x_wconf 87' lang='grc' dir='ltr'>εἰσήκουσας·</span> 
     </span>
    </p>
   </div>
   <div class='ocr_carea' id='block_1_7' title="bbox 321 682 1899 770">
    <p class='ocr_par' dir='ltr' id='par_1_7' title="bbox 321 682 1899 770">
     <span class='ocr_line' id='line_1_7' title="bbox 321 682 1899 770; baseline 0 -19"><span class='ocrx_word' id='word_1_32' title='bbox 321 702 496 770; x_wconf 65' lang='grc' dir='ltr'>νγνων</span> <span class='ocrx_word' id='word_1_33' title='bbox 522 700 577 754; x_wconf 80' lang='grc' dir='ltr'>δὲ</span> <span class='ocrx_word' id='word_1_34' title='bbox 608 700 710 753; x_wconf 69' lang='grc' dir='ltr'>ὑπὸ</span> <span class='ocrx_word' id='word_1_35' title='bbox 741 700 833 753; x_wconf 84' lang='grc' dir='ltr'>τοῦ</span> <span class='ocrx_word' id='word_1_36' title='bbox 861 700 954 753; x_wconf 75' lang='grc' dir='ltr'><strong>σοῦ</strong></span> <span class='ocrx_word' id='word_1_37' title='bbox 980 700 1296 770; x_wconf 88' lang='grc' dir='ltr'>Πνεύματος</span> <span class='ocrx_word' id='word_1_38' title='bbox 1328 682 1615 769; x_wconf 76' lang='grc' dir='ltr'>φαηισθεὶς</span> <span class='ocrx_word' id='word_1_39' title='bbox 1638 740 1652 764; x_wconf 92' lang='grc'><strong>,</strong></span> <span class='ocrx_word' id='word_1_40' title='bbox 1686 700 1768 753; x_wconf 85' lang='grc' dir='ltr'>ὅτι</span> <span class='ocrx_word' id='word_1_41' title='bbox 1800 699 1899 752; x_wconf 85' lang='grc' dir='ltr'><strong>οὐκ</strong></span> 
     </span>
    </p>
   </div>
   <div class='ocr_carea' id='block_1_8' title="bbox 320 793 1897 866">
    <p class='ocr_par' dir='ltr' id='par_1_8' title="bbox 320 793 1897 866">
     <span class='ocr_line' id='line_1_8' title="bbox 320 793 1897 866; baseline -0.003 -17"><span class='ocrx_word' id='word_1_42' title='bbox 320 797 446 866; x_wconf 73' lang='grc' dir='ltr'>ἐμοὶ</span> <span class='ocrx_word' id='word_1_43' title='bbox 466 795 629 865; x_wconf 80' lang='grc' dir='ltr'>μόνῳ,</span> <span class='ocrx_word' id='word_1_44' title='bbox 649 793 782 848; x_wconf 76' lang='grc' dir='ltr'>ἀλλὰ</span> <span class='ocrx_word' id='word_1_45' title='bbox 803 795 894 847; x_wconf 69' lang='grc' dir='ltr'>καὶ</span> <span class='ocrx_word' id='word_1_46' title='bbox 910 795 1041 847; x_wconf 79' lang='grc' dir='ltr'>πᾶσι</span> <span class='ocrx_word' id='word_1_47' title='bbox 1056 796 1167 857; x_wconf 87' lang='grc' dir='ltr'>τοῖς</span> <span class='ocrx_word' id='word_1_48' title='bbox 1184 793 1533 864; x_wconf 83' lang='grc' dir='ltr'>φοϐουμένοις</span> <span class='ocrx_word' id='word_1_49' title='bbox 1548 793 1606 846; x_wconf 83' lang='grc' dir='ltr'>τὸ</span> <span class='ocrx_word' id='word_1_50' title='bbox 1621 793 1791 864; x_wconf 77' lang='grc' dir='ltr'>ὄνομά</span> <span class='ocrx_word' id='word_1_51' title='bbox 1807 811 1897 845; x_wconf 92' lang='grc' dir='ltr'><strong>σου</strong></span> 
     </span>
    </p>
   </div>
   <div class='ocr_carea' id='block_1_9' title="bbox 320 884 1900 959">
    <p class='ocr_par' dir='ltr' id='par_1_9' title="bbox 320 884 1900 959">
     <span class='ocr_line' id='line_1_9' title="bbox 320 884 1900 959; baseline -0.003 -17"><span class='ocrx_word' id='word_1_52' title='bbox 320 888 533 959; x_wconf 82' lang='grc' dir='ltr'>καρπὸν</span> <span class='ocrx_word' id='word_1_53' title='bbox 546 886 693 953; x_wconf 80' lang='grc' dir='ltr'>ἄξιον</span> <span class='ocrx_word' id='word_1_54' title='bbox 708 886 800 940; x_wconf 83' lang='grc' dir='ltr'>τοῦ</span> <span class='ocrx_word' id='word_1_55' title='bbox 824 886 915 939; x_wconf 84' lang='grc' dir='ltr'>σοῦ</span> <span class='ocrx_word' id='word_1_56' title='bbox 934 887 1096 955; x_wconf 79' lang='grc' dir='ltr'>φόϐου</span> <span class='ocrx_word' id='word_1_57' title='bbox 1113 885 1325 949; x_wconf 82' lang='grc' dir='ltr'><strong>δώσεις,</strong></span> <span class='ocrx_word' id='word_1_58' title='bbox 1343 884 1441 956; x_wconf 69' lang='grc' dir='ltr'>τὴν</span> <span class='ocrx_word' id='word_1_59' title='bbox 1457 884 1556 956; x_wconf 84' lang='grc' dir='ltr'><strong>κλη</strong></span> <span class='ocrx_word' id='word_1_60' title='bbox 1567 902 1683 956; x_wconf 91' lang='grc' dir='ltr'>ρονο</span> <span class='ocrx_word' id='word_1_61' title='bbox 1690 886 1817 955; x_wconf 87' lang='grc' dir='ltr'>μίαν</span> <span class='ocrx_word' id='word_1_62' title='bbox 1833 887 1900 954; x_wconf 83' lang='grc' dir='ltr'>ἦν</span> 
     </span>
    </p>
   </div>
   <div class='ocr_carea' id='block_1_10' title="bbox 319 975 1902 1051">
    <p class='ocr_par' dir='ltr' id='par_1_10' title="bbox 319 975 1902 1051">
     <span class='ocr_line' id='line_1_10' title="bbox 319 975 1902 1051; baseline -0.003 -18"><span class='ocrx_word' id='word_1_63' title='bbox 319 979 632 1051; x_wconf 78' lang='grc' dir='ltr'>ὲπηγγείλω</span> <span class='ocrx_word' id='word_1_64' title='bbox 652 979 851 1041; x_wconf 80' lang='grc' dir='ltr'>αὐτοῖς.</span> <span class='ocrx_word' id='word_1_65' title='bbox 887 978 1175 1049; x_wconf 79' lang='grc' dir='ltr'>Ἀορίστως</span> <span class='ocrx_word' id='word_1_66' title='bbox 1192 977 1247 1029; x_wconf 84' lang='grc' dir='ltr'>δὲ</span> <span class='ocrx_word' id='word_1_67' title='bbox 1264 975 1452 1041; x_wconf 84' lang='grc' dir='ltr'>εἰπὼν,</span> <span class='ocrx_word' id='word_1_68' title='bbox 1477 995 1496 1026; x_wconf 73' lang='grc' dir='ltr'><strong>ι</strong></span> <span class='ocrx_word' id='word_1_69' title='bbox 1516 979 1628 1039; x_wconf 86' lang='grc' dir='ltr'>τοῖς</span> <span class='ocrx_word' id='word_1_70' title='bbox 1643 975 1805 1045; x_wconf 86' lang='grc' dir='ltr'>φοϐου</span> <span class='ocrx_word' id='word_1_71' title='bbox 1814 976 1902 1046; x_wconf 83' lang='grc' dir='ltr'>μέ-</span> 
     </span>
    </p>
   </div>
   <div class='ocr_carea' id='block_1_11' title="bbox 318 1069 1901 1142">
    <p class='ocr_par' dir='ltr' id='par_1_11' title="bbox 318 1069 1901 1142">
     <span class='ocr_line' id='line_1_11' title="bbox 318 1069 1901 1142; baseline -0.002 -18"><span class='ocrx_word' id='word_1_72' title='bbox 318 1089 433 1135; x_wconf 88' lang='grc' dir='ltr'>νοις</span> <span class='ocrx_word' id='word_1_73' title='bbox 461 1070 522 1123; x_wconf 82' lang='grc' dir='ltr'>τὸ</span> <span class='ocrx_word' id='word_1_74' title='bbox 540 1070 709 1141; x_wconf 79' lang='grc' dir='ltr'>ὄνομά</span> <span class='ocrx_word' id='word_1_75' title='bbox 729 1088 820 1123; x_wconf 90' lang='grc' dir='ltr'><strong>σου</strong></span> <span class='ocrx_word' id='word_1_76' title='bbox 841 1110 855 1134; x_wconf 96' lang='grc'><strong>,</strong></span> <span class='ocrx_word' id='word_1_77' title='bbox 895 1091 913 1121; x_wconf 88' lang='grc'><strong>›</strong></span> <span class='ocrx_word' id='word_1_78' title='bbox 938 1070 1156 1139; x_wconf 79' lang='grc' dir='ltr'>ἦπλωσε</span> <span class='ocrx_word' id='word_1_79' title='bbox 1178 1071 1275 1142; x_wconf 82' lang='grc' dir='ltr'><strong>τὴν</strong></span> <span class='ocrx_word' id='word_1_80' title='bbox 1297 1070 1453 1140; x_wconf 86' lang='grc' dir='ltr'>χάριν</span> <span class='ocrx_word' id='word_1_81' title='bbox 1477 1070 1569 1123; x_wconf 69' lang='grc' dir='ltr'>ἐπὶ</span> <span class='ocrx_word' id='word_1_82' title='bbox 1593 1069 1802 1131; x_wconf 80' lang='grc' dir='ltr'><strong>πάντας</strong></span> <span class='ocrx_word' id='word_1_83' title='bbox 1815 1071 1901 1122; x_wconf 87' lang='grc' dir='ltr'><strong>ἁν-</strong></span> 
     </span>
    </p>
   </div>
   <div class='ocr_carea' id='block_1_12' title="bbox 321 1160 1900 1233">
    <p class='ocr_par' dir='ltr' id='par_1_12' title="bbox 321 1160 1900 1233">
     <span class='ocr_line' id='line_1_12' title="bbox 321 1160 1900 1233; baseline -0.001 -19"><span class='ocrx_word' id='word_1_84' title='bbox 321 1161 594 1232; x_wconf 85' lang='grc' dir='ltr'>θρὼπους.</span> <span class='ocrx_word' id='word_1_85' title='bbox 618 1162 693 1214; x_wconf 88' lang='grc' dir='ltr'><strong>Οὐ</strong></span> <span class='ocrx_word' id='word_1_86' title='bbox 716 1162 821 1232; x_wconf 80' lang='grc' dir='ltr'><strong>γὰρ</strong></span> <span class='ocrx_word' id='word_1_87' title='bbox 844 1160 920 1231; x_wconf 82' lang='grc' dir='ltr'>τῷ</span> <span class='ocrx_word' id='word_1_88' title='bbox 949 1161 1163 1233; x_wconf 80' lang='grc' dir='ltr'>Ἰσραὴλ</span> <span class='ocrx_word' id='word_1_89' title='bbox 1184 1161 1517 1231; x_wconf 86' lang='grc' dir='ltr'>ἐπήγγελται</span> <span class='ocrx_word' id='word_1_90' title='bbox 1533 1160 1630 1231; x_wconf 83' lang='grc' dir='ltr'>τὴν</span> <span class='ocrx_word' id='word_1_91' title='bbox 1652 1162 1753 1232; x_wconf 89' lang='grc' dir='ltr'><strong>κλη</strong></span> <span class='ocrx_word' id='word_1_92' title='bbox 1763 1178 1900 1232; x_wconf 91' lang='grc' dir='ltr'>ρονο-</span> 
     </span>
    </p>
   </div>
   <div class='ocr_carea' id='block_1_13' title="bbox 323 1250 1899 1323">
    <p class='ocr_par' dir='ltr' id='par_1_13' title="bbox 323 1250 1899 1323">
     <span class='ocr_line' id='line_1_13' title="bbox 323 1250 1899 1323; baseline 0.001 -20"><span class='ocrx_word' id='word_1_93' title='bbox 323 1251 456 1321; x_wconf 89' lang='grc' dir='ltr'>μίαν</span> <span class='ocrx_word' id='word_1_94' title='bbox 471 1291 486 1313; x_wconf 93' lang='grc'><strong>,</strong></span> <span class='ocrx_word' id='word_1_95' title='bbox 502 1251 618 1303; x_wconf 85' lang='grc' dir='ltr'>οὐδὲ</span> <span class='ocrx_word' id='word_1_96' title='bbox 636 1250 714 1321; x_wconf 85' lang='grc' dir='ltr'>τῷ</span> <span class='ocrx_word' id='word_1_97' title='bbox 741 1252 1005 1304; x_wconf 83' lang='grc' dir='ltr'>Ἰουδαίων</span> <span class='ocrx_word' id='word_1_98' title='bbox 1022 1251 1161 1304; x_wconf 72' lang='grc' dir='ltr'>ἔθνει</span> <span class='ocrx_word' id='word_1_99' title='bbox 1180 1252 1336 1323; x_wconf 88' lang='grc' dir='ltr'>μόνον</span> <span class='ocrx_word' id='word_1_100' title='bbox 1353 1291 1367 1314; x_wconf 92' lang='grc'><strong>,</strong></span> <span class='ocrx_word' id='word_1_101' title='bbox 1387 1251 1521 1305; x_wconf 82' lang='grc' dir='ltr'>ἀλλὰ</span> <span class='ocrx_word' id='word_1_102' title='bbox 1540 1252 1631 1305; x_wconf 80' lang='grc' dir='ltr'><strong>καὶ</strong></span> <span class='ocrx_word' id='word_1_103' title='bbox 1648 1254 1899 1315; x_wconf 84' lang='grc' dir='ltr'>πᾶσιτοῖς</span> 
     </span>
    </p>
   </div>
   <div class='ocr_carea' id='block_1_14' title="bbox 320 1342 1891 1414">
    <p class='ocr_par' dir='ltr' id='par_1_14' title="bbox 320 1342 1891 1414">
     <span class='ocr_line' id='line_1_14' title="bbox 320 1342 1891 1414; baseline -0.001 -18"><span class='ocrx_word' id='word_1_104' title='bbox 320 1343 675 1413; x_wconf 87' lang='grc' dir='ltr'>φοϐουμένοις</span> <span class='ocrx_word' id='word_1_105' title='bbox 704 1342 763 1396; x_wconf 77' lang='grc' dir='ltr'>τὸ</span> <span class='ocrx_word' id='word_1_106' title='bbox 794 1344 960 1414; x_wconf 76' lang='grc' dir='ltr'>ὄνομα</span> <span class='ocrx_word' id='word_1_107' title='bbox 991 1344 1174 1398; x_wconf 74' lang='grc' dir='ltr'>αὐτοῦ.</span> <span class='ocrx_word' id='word_1_108' title='bbox 1227 1363 1245 1395; x_wconf 78' lang='grc' dir='ltr'><strong>ι</strong></span> <span class='ocrx_word' id='word_1_109' title='bbox 1269 1344 1505 1414; x_wconf 84' lang='grc' dir='ltr'>Ἰουδαίῳ</span> <span class='ocrx_word' id='word_1_110' title='bbox 1533 1361 1593 1397; x_wconf 88' lang='grc' dir='ltr'><strong>τε</strong></span> <span class='ocrx_word' id='word_1_111' title='bbox 1617 1344 1848 1414; x_wconf 85' lang='grc' dir='ltr'>πρῶτον,</span> <span class='ocrx_word' id='word_1_112' title='bbox 1873 1362 1891 1393; x_wconf 76' lang='grc' dir='ltr'><strong>ι</strong></span> 
     </span>
    </p>
   </div>
   <div class='ocr_carea' id='block_1_15' title="bbox 318 1435 1897 1507">
    <p class='ocr_par' dir='ltr' id='par_1_15' title="bbox 318 1435 1897 1507">
     <span class='ocr_line' id='line_1_15' title="bbox 318 1435 1897 1507; baseline -0.001 -18"><span class='ocrx_word' id='word_1_113' title='bbox 318 1436 489 1507; x_wconf 72' lang='grc' dir='ltr'>φησὶν</span> <span class='ocrx_word' id='word_1_114' title='bbox 504 1438 532 1490; x_wconf 88' lang='lat'><strong>6</strong></span> <span class='ocrx_word' id='word_1_115' title='bbox 559 1435 876 1500; x_wconf 82' lang='grc' dir='ltr'>Ἀπόστολος</span> <span class='ocrx_word' id='word_1_116' title='bbox 896 1476 910 1501; x_wconf 97' lang='grc'><strong>,</strong></span> <span class='ocrx_word' id='word_1_117' title='bbox 939 1455 956 1486; x_wconf 78' lang='grc' dir='ltr'><strong>ι</strong></span> <span class='ocrx_word' id='word_1_118' title='bbox 982 1438 1075 1490; x_wconf 78' lang='grc' dir='ltr'>καὶ</span> <span class='ocrx_word' id='word_1_119' title='bbox 1105 1436 1342 1507; x_wconf 82' lang='grc' dir='ltr'><strong>Ἕλληνι.</strong></span> <span class='ocrx_word' id='word_1_120' title='bbox 1367 1456 1385 1489; x_wconf 72' lang='grc' dir='ltr'><strong>ι</strong></span> <span class='ocrx_word' id='word_1_121' title='bbox 1412 1436 1676 1500; x_wconf 84' lang='grc' dir='ltr'>Πολλάκις</span> <span class='ocrx_word' id='word_1_122' title='bbox 1697 1436 1751 1488; x_wconf 82' lang='grc' dir='ltr'>δὲ</span> <span class='ocrx_word' id='word_1_123' title='bbox 1768 1439 1897 1507; x_wconf 83' lang='grc' dir='ltr'>ἡμῖν</span> 
     </span>
    </p>
   </div>
   <div class='ocr_carea' id='block_1_16' title="bbox 316 1528 1896 1599">
    <p class='ocr_par' dir='ltr' id='par_1_16' title="bbox 316 1528 1896 1599">
     <span class='ocr_line' id='line_1_16' title="bbox 316 1528 1896 1599; baseline -0.003 -14"><span class='ocrx_word' id='word_1_124' title='bbox 316 1531 717 1593; x_wconf 80' lang='grc' dir='ltr'>ἀποδέδεικται,</span> <span class='ocrx_word' id='word_1_125' title='bbox 746 1530 821 1593; x_wconf 80' lang='grc' dir='ltr'>ὡς</span> <span class='ocrx_word' id='word_1_126' title='bbox 850 1529 1057 1593; x_wconf 81' lang='grc' dir='ltr'>πάντας</span> <span class='ocrx_word' id='word_1_127' title='bbox 1073 1531 1198 1593; x_wconf 74' lang='grc' dir='ltr'>τοὺς</span> <span class='ocrx_word' id='word_1_128' title='bbox 1218 1530 1275 1597; x_wconf 75' lang='grc' dir='ltr'>ἐξ</span> <span class='ocrx_word' id='word_1_129' title='bbox 1295 1528 1461 1583; x_wconf 79' lang='grc' dir='ltr'>ἐθνῶν</span> <span class='ocrx_word' id='word_1_130' title='bbox 1483 1528 1560 1599; x_wconf 81' lang='grc' dir='ltr'>τῷ</span> <span class='ocrx_word' id='word_1_131' title='bbox 1585 1528 1703 1599; x_wconf 81' lang='grc' dir='ltr'>Θεῷ</span> <span class='ocrx_word' id='word_1_132' title='bbox 1726 1546 1896 1599; x_wconf 87' lang='grc' dir='ltr'>προσ-</span> 
     </span>
    </p>
   </div>
   <div class='ocr_carea' id='block_1_17' title="bbox 322 1620 1896 1693">
    <p class='ocr_par' dir='ltr' id='par_1_17' title="bbox 322 1620 1896 1693">
     <span class='ocr_line' id='line_1_17' title="bbox 322 1620 1896 1693; baseline -0.003 -16"><span class='ocrx_word' id='word_1_133' title='bbox 322 1624 525 1686; x_wconf 82' lang='grc' dir='ltr'>ιόντας.</span> <span class='ocrx_word' id='word_1_134' title='bbox 546 1622 910 1691; x_wconf 84' lang='grc' dir='ltr'>φοϐουμένους</span> <span class='ocrx_word' id='word_1_135' title='bbox 946 1622 1037 1675; x_wconf 79' lang='grc' dir='ltr'>τὸν</span> <span class='ocrx_word' id='word_1_136' title='bbox 1065 1621 1267 1693; x_wconf 82' lang='grc' dir='ltr'>Κύριον</span> <span class='ocrx_word' id='word_1_137' title='bbox 1299 1621 1484 1675; x_wconf 85' lang='grc' dir='ltr'>καλεῖν</span> <span class='ocrx_word' id='word_1_138' title='bbox 1511 1620 1698 1674; x_wconf 84' lang='grc' dir='ltr'><strong>εἴωθεν</strong></span> <span class='ocrx_word' id='word_1_139' title='bbox 1732 1621 1761 1673; x_wconf 97' lang='lat'><strong>6</strong></span> <span class='ocrx_word' id='word_1_140' title='bbox 1793 1620 1896 1674; x_wconf 87' lang='grc' dir='ltr'><strong>Λό-</strong></span> 
     </span>
    </p>
   </div>
   <div class='ocr_carea' id='block_1_18' title="bbox 317 1713 1892 1788">
    <p class='ocr_par' dir='ltr' id='par_1_18' title="bbox 317 1713 1892 1788">
     <span class='ocr_line' id='line_1_18' title="bbox 317 1713 1892 1788; baseline -0.002 -17"><span class='ocrx_word' id='word_1_141' title='bbox 317 1734 441 1786; x_wconf 88' lang='grc' dir='ltr'>γος.</span> <span class='ocrx_word' id='word_1_142' title='bbox 469 1716 690 1781; x_wconf 82' lang='grc' dir='ltr'>Τούτοις</span> <span class='ocrx_word' id='word_1_143' title='bbox 711 1713 803 1771; x_wconf 78' lang='grc' dir='ltr'>οὖν</span> <span class='ocrx_word' id='word_1_144' title='bbox 833 1718 1034 1781; x_wconf 85' lang='grc' dir='ltr'>αὐτοῖς,</span> <span class='ocrx_word' id='word_1_145' title='bbox 1061 1718 1244 1788; x_wconf 77' lang='grc' dir='ltr'>φησὶν,</span> <span class='ocrx_word' id='word_1_146' title='bbox 1269 1717 1473 1780; x_wconf 79' lang='grc' dir='ltr'>ἔδωκας</span> <span class='ocrx_word' id='word_1_147' title='bbox 1499 1716 1859 1788; x_wconf 82' lang='grc' dir='ltr'>κληρονομίαν</span> <span class='ocrx_word' id='word_1_148' title='bbox 1879 1733 1892 1746; x_wconf 79' lang='grc'><em>’</em></span> 
     </span>
    </p>
   </div>
   <div class='ocr_carea' id='block_1_19' title="bbox 316 1806 1920 1881">
    <p class='ocr_par' dir='ltr' id='par_1_19' title="bbox 316 1806 1920 1881">
     <span class='ocr_line' id='line_1_19' title="bbox 316 1806 1920 1881; baseline -0.001 -20"><span class='ocrx_word' id='word_1_149' title='bbox 316 1808 419 1861; x_wconf 81' lang='grc' dir='ltr'>καὶ</span> <span class='ocrx_word' id='word_1_150' title='bbox 440 1808 596 1862; x_wconf 91' lang='grc' dir='ltr'>ποίαν</span> <span class='ocrx_word' id='word_1_151' title='bbox 617 1809 715 1862; x_wconf 87' lang='grc' dir='ltr'><strong>οὐκ</strong></span> <span class='ocrx_word' id='word_1_152' title='bbox 734 1806 903 1871; x_wconf 81' lang='grc' dir='ltr'>εἶπεν,</span> <span class='ocrx_word' id='word_1_153' title='bbox 928 1811 960 1880; x_wconf 83' lang='grc' dir='ltr'><strong>ή</strong></span> <span class='ocrx_word' id='word_1_154' title='bbox 969 1811 1059 1879; x_wconf 82' lang='grc' dir='ltr'><strong>μίν</strong></span> <span class='ocrx_word' id='word_1_155' title='bbox 1087 1810 1142 1862; x_wconf 81' lang='grc' dir='ltr'>δὲ</span> <span class='ocrx_word' id='word_1_156' title='bbox 1163 1808 1548 1862; x_wconf 81' lang='grc' dir='ltr'>καταλέλοιπεν</span> <span class='ocrx_word' id='word_1_157' title='bbox 1578 1809 1782 1878; x_wconf 81' lang='grc' dir='ltr'>ζητεῖν.</span> <span class='ocrx_word' id='word_1_158' title='bbox 1808 1806 1920 1881; x_wconf 43' lang='grc' dir='ltr'>Τῷ.</span> 
     </span>
    </p>
   </div>
   <div class='ocr_carea' id='block_1_20' title="bbox 322 1894 1899 1970">
    <p class='ocr_par' dir='ltr' id='par_1_20' title="bbox 322 1894 1899 1970">
     <span class='ocr_line' id='line_1_20' title="bbox 322 1894 1899 1970; baseline -0.003 -18"><span class='ocrx_word' id='word_1_159' title='bbox 322 1898 427 1969; x_wconf 81' lang='grc' dir='ltr'>μὲν</span> <span class='ocrx_word' id='word_1_160' title='bbox 459 1894 551 1951; x_wconf 82' lang='grc' dir='ltr'>οὖν</span> <span class='ocrx_word' id='word_1_161' title='bbox 603 1898 817 1970; x_wconf 78' lang='grc' dir='ltr'>Ἰσραὴλ</span> <span class='ocrx_word' id='word_1_162' title='bbox 861 1898 957 1970; x_wconf 77' lang='grc' dir='ltr'>τὴν</span> <span class='ocrx_word' id='word_1_163' title='bbox 990 1899 1218 1970; x_wconf 75' lang='grc' dir='ltr'>ῥέουσαν</span> <span class='ocrx_word' id='word_1_164' title='bbox 1256 1898 1379 1969; x_wconf 83' lang='grc' dir='ltr'>μέλι</span> <span class='ocrx_word' id='word_1_165' title='bbox 1421 1899 1516 1951; x_wconf 74' lang='grc' dir='ltr'>καὶ</span> <span class='ocrx_word' id='word_1_166' title='bbox 1547 1897 1685 1966; x_wconf 91' lang='grc' dir='ltr'>γάλα</span> <span class='ocrx_word' id='word_1_167' title='bbox 1727 1899 1899 1968; x_wconf 84' lang='grc' dir='ltr'>ἐπήγ-</span> 
     </span>
    </p>
   </div>
   <div class='ocr_carea' id='block_1_21' title="bbox 314 1988 1897 2060">
    <p class='ocr_par' dir='ltr' id='par_1_21' title="bbox 314 1988 1897 2060">
     <span class='ocr_line' id='line_1_21' title="bbox 314 1988 1897 2060; baseline 0 -17"><span class='ocrx_word' id='word_1_168' title='bbox 314 1991 509 2060; x_wconf 81' lang='grc' dir='ltr'>γελται</span> <span class='ocrx_word' id='word_1_169' title='bbox 548 1991 636 2045; x_wconf 74' lang='grc' dir='ltr'>διὰ</span> <span class='ocrx_word' id='word_1_170' title='bbox 696 1991 990 2053; x_wconf 75' lang='grc' dir='ltr'>Μωῡσέωςο</span> <span class='ocrx_word' id='word_1_171' title='bbox 1026 1993 1136 2053; x_wconf 85' lang='grc' dir='ltr'>τοῖς</span> <span class='ocrx_word' id='word_1_172' title='bbox 1185 1990 1241 2043; x_wconf 85' lang='grc' dir='ltr'>δὲ</span> <span class='ocrx_word' id='word_1_173' title='bbox 1299 1988 1652 2059; x_wconf 87' lang='grc' dir='ltr'>φοϐουμένοις</span> <span class='ocrx_word' id='word_1_174' title='bbox 1706 1989 1897 2043; x_wconf 78' lang='grc' dir='ltr'>ὁποίαν</span> 
     </span>
    </p>
   </div>
   <div class='ocr_carea' id='block_1_22' title="bbox 316 2062 1898 2153">
    <p class='ocr_par' dir='ltr' id='par_1_22' title="bbox 316 2062 1898 2153">
     <span class='ocr_line' id='line_1_22' title="bbox 316 2062 1898 2153; baseline 0 -19"><span class='ocrx_word' id='word_1_175' title='bbox 316 2062 492 2134; x_wconf 74' lang='grc' dir='ltr'>ἕδῶκε</span> <span class='ocrx_word' id='word_1_176' title='bbox 523 2081 906 2153; x_wconf 76' lang='grc' dir='ltr'>κληρονομίαν,</span> <span class='ocrx_word' id='word_1_177' title='bbox 932 2081 1081 2134; x_wconf 78' lang='grc' dir='ltr'>εἴασε</span> <span class='ocrx_word' id='word_1_178' title='bbox 1118 2080 1417 2152; x_wconf 72' lang='grc' dir='ltr'>ζητεῖσθαι.</span> <span class='ocrx_word' id='word_1_179' title='bbox 1451 2081 1718 2152; x_wconf 87' lang='grc' dir='ltr'>Εὐρήσεις</span> <span class='ocrx_word' id='word_1_180' title='bbox 1749 2080 1807 2133; x_wconf 82' lang='grc' dir='ltr'>δὲ</span> <span class='ocrx_word' id='word_1_181' title='bbox 1840 2083 1898 2134; x_wconf 84' lang='grc' dir='ltr'><strong>ἐν</strong></span> 
     </span>
    </p>
   </div>
   <div class='ocr_carea' id='block_1_23' title="bbox 313 2166 1898 2246">
    <p class='ocr_par' dir='ltr' id='par_1_23' title="bbox 313 2166 1898 2246">
     <span class='ocr_line' id='line_1_23' title="bbox 313 2166 1898 2246; baseline -0.001 -19"><span class='ocrx_word' id='word_1_182' title='bbox 313 2176 433 2237; x_wconf 76' lang='grc' dir='ltr'>τοῖς</span> <span class='ocrx_word' id='word_1_183' title='bbox 458 2173 555 2227; x_wconf 80' lang='grc' dir='ltr'>τοῦ</span> <span class='ocrx_word' id='word_1_184' title='bbox 585 2175 836 2245; x_wconf 83' lang='grc' dir='ltr'>Σωτῆρος</span> <span class='ocrx_word' id='word_1_185' title='bbox 862 2175 1019 2246; x_wconf 80' lang='grc' dir='ltr'>ἡμῶν</span> <span class='ocrx_word' id='word_1_186' title='bbox 1051 2176 1420 2245; x_wconf 88' lang='grc' dir='ltr'>μακαρισμοῖς</span> <span class='ocrx_word' id='word_1_187' title='bbox 1451 2172 1678 2244; x_wconf 84' lang='grc' dir='ltr'>ταύτην,</span> <span class='ocrx_word' id='word_1_188' title='bbox 1716 2174 1775 2226; x_wconf 83' lang='grc' dir='ltr'><strong>ἐν</strong></span> <span class='ocrx_word' id='word_1_189' title='bbox 1817 2166 1898 2238; x_wconf 76' lang='grc' dir='ltr'>οἷς</span> 
     </span>
    </p>
   </div>
   <div class='ocr_carea' id='block_1_24' title="bbox 314 2261 1896 2336">
    <p class='ocr_par' dir='ltr' id='par_1_24' title="bbox 314 2261 1896 2336">
     <span class='ocr_line' id='line_1_24' title="bbox 314 2261 1896 2336; baseline -0.001 -19"><span class='ocrx_word' id='word_1_190' title='bbox 314 2264 571 2336; x_wconf 76' lang='grc' dir='ltr'>εἴρηται⁶</span> <span class='ocrx_word' id='word_1_191' title='bbox 627 2283 645 2314; x_wconf 80' lang='grc' dir='ltr'><strong>ι</strong></span> <span class='ocrx_word' id='word_1_192' title='bbox 685 2264 958 2335; x_wconf 83' lang='grc' dir='ltr'>Μακάριοι</span> <span class='ocrx_word' id='word_1_193' title='bbox 992 2264 1042 2316; x_wconf 92' lang='grc' dir='ltr'><strong>οἰ</strong></span> <span class='ocrx_word' id='word_1_194' title='bbox 1097 2264 1301 2334; x_wconf 74' lang='grc' dir='ltr'>πτωχοὶ</span> <span class='ocrx_word' id='word_1_195' title='bbox 1340 2261 1417 2333; x_wconf 80' lang='grc' dir='ltr'><strong>τῷ</strong></span> <span class='ocrx_word' id='word_1_196' title='bbox 1468 2262 1896 2334; x_wconf 69' lang='grc' dir='ltr'>πνεύματι,,ὃτι</span> 
     </span>
    </p>
   </div>
   <div class='ocr_carea' id='block_1_25' title="bbox 311 2354 1897 2426">
    <p class='ocr_par' dir='ltr' id='par_1_25' title="bbox 311 2354 1897 2426">
     <span class='ocr_line' id='line_1_25' title="bbox 311 2354 1897 2426; baseline -0.001 -16"><span class='ocrx_word' id='word_1_197' title='bbox 311 2357 498 2410; x_wconf 82' lang='grc' dir='ltr'>αὐτῶν</span> <span class='ocrx_word' id='word_1_198' title='bbox 531 2357 739 2426; x_wconf 78' lang='grc' dir='ltr'>ἐστινὴ</span> <span class='ocrx_word' id='word_1_199' title='bbox 788 2356 1033 2425; x_wconf 89' lang='grc' dir='ltr'>βασιλεία</span> <span class='ocrx_word' id='word_1_200' title='bbox 1075 2355 1183 2408; x_wconf 89' lang='grc' dir='ltr'><strong>τῶν</strong></span> <span class='ocrx_word' id='word_1_201' title='bbox 1222 2355 1496 2426; x_wconf 77' lang='grc' dir='ltr'>οὐρανῶν·</span> <span class='ocrx_word' id='word_1_202' title='bbox 1537 2376 1554 2408; x_wconf 78' lang='grc' dir='ltr'><strong>ι</strong></span> <span class='ocrx_word' id='word_1_203' title='bbox 1599 2356 1692 2409; x_wconf 81' lang='grc' dir='ltr'><strong>καὶ</strong></span> <span class='ocrx_word' id='word_1_204' title='bbox 1734 2354 1897 2411; x_wconf 81' lang='grc' dir='ltr'>πάλιν</span> 
     </span>
    </p>
   </div>
   <div class='ocr_carea' id='block_1_26' title="bbox 311 2442 1891 2518">
    <p class='ocr_par' dir='ltr' id='par_1_26' title="bbox 311 2442 1891 2518">
     <span class='ocr_line' id='line_1_26' title="bbox 311 2442 1891 2518; baseline -0.001 -17"><span class='ocrx_word' id='word_1_205' title='bbox 311 2446 464 2517; x_wconf 69' lang='grc' dir='ltr'>ἔχεις</span> <span class='ocrx_word' id='word_1_206' title='bbox 510 2446 603 2500; x_wconf 78' lang='grc' dir='ltr'><strong>τοῦ</strong></span> <span class='ocrx_word' id='word_1_207' title='bbox 643 2447 895 2516; x_wconf 81' lang='grc' dir='ltr'>Σωτῆρος</span> <span class='ocrx_word' id='word_1_208' title='bbox 931 2446 1087 2517; x_wconf 85' lang='grc' dir='ltr'>ήμῶν</span> <span class='ocrx_word' id='word_1_209' title='bbox 1132 2447 1486 2515; x_wconf 77' lang='grc' dir='ltr'>ἐπαγγελίαν,</span> <span class='ocrx_word' id='word_1_210' title='bbox 1510 2447 1579 2500; x_wconf 74' lang='grc' dir='ltr'>δι’</span> <span class='ocrx_word' id='word_1_211' title='bbox 1608 2442 1676 2518; x_wconf 83' lang='grc' dir='ltr'>ἦς</span> <span class='ocrx_word' id='word_1_212' title='bbox 1719 2464 1854 2518; x_wconf 87' lang='grc' dir='ltr'>φησι</span> <span class='ocrx_word' id='word_1_213' title='bbox 1876 2462 1891 2476; x_wconf 87' lang='grc'>·</span> 
     </span>
    </p>
   </div>
   <div class='ocr_carea' id='block_1_27' title="bbox 319 2536 1894 2610">
    <p class='ocr_par' dir='ltr' id='par_1_27' title="bbox 319 2536 1894 2610">
     <span class='ocr_line' id='line_1_27' title="bbox 319 2536 1894 2610; baseline 0.001 -21"><span class='ocrx_word' id='word_1_214' title='bbox 319 2556 343 2589; x_wconf 72' lang='grc' dir='ltr'>ε</span> <span class='ocrx_word' id='word_1_215' title='bbox 382 2537 492 2592; x_wconf 73' lang='grc' dir='ltr'><strong>Καὶ</strong></span> <span class='ocrx_word' id='word_1_216' title='bbox 522 2540 579 2591; x_wconf 82' lang='grc' dir='ltr'><strong>ἐν</strong></span> <span class='ocrx_word' id='word_1_217' title='bbox 606 2536 684 2608; x_wconf 83' lang='grc' dir='ltr'>τῷ</span> <span class='ocrx_word' id='word_1_218' title='bbox 714 2536 867 2590; x_wconf 80' lang='grc' dir='ltr'>αἰῶνι</span> <span class='ocrx_word' id='word_1_219' title='bbox 892 2536 1066 2608; x_wconf 86' lang='grc' dir='ltr'>τούτῳ</span> <span class='ocrx_word' id='word_1_220' title='bbox 1091 2537 1492 2592; x_wconf 88' lang='grc' dir='ltr'>πολυπλασίονα</span> <span class='ocrx_word' id='word_1_221' title='bbox 1514 2538 1767 2610; x_wconf 81' lang='grc' dir='ltr'>λήψεται,</span> <span class='ocrx_word' id='word_1_222' title='bbox 1801 2537 1894 2591; x_wconf 72' lang='grc' dir='ltr'><strong>καί⁵</strong></span> 
     </span>
    </p>
   </div>
   <div class='ocr_carea' id='block_1_28' title="bbox 311 2629 1895 2703">
    <p class='ocr_par' dir='ltr' id='par_1_28' title="bbox 311 2629 1895 2703">
     <span class='ocr_line' id='line_1_28' title="bbox 311 2629 1895 2703; baseline -0.003 -17"><span class='ocrx_word' id='word_1_223' title='bbox 311 2633 376 2686; x_wconf 65' lang='grc' dir='ltr'>ἓν</span> <span class='ocrx_word' id='word_1_224' title='bbox 423 2631 499 2703; x_wconf 79' lang='grc' dir='ltr'>τῷ</span> <span class='ocrx_word' id='word_1_225' title='bbox 527 2630 768 2702; x_wconf 86' lang='grc' dir='ltr'>μέλλοντι</span> <span class='ocrx_word' id='word_1_226' title='bbox 810 2630 955 2702; x_wconf 76' lang='grc' dir='ltr'>ζωὴν</span> <span class='ocrx_word' id='word_1_227' title='bbox 1001 2630 1218 2685; x_wconf 83' lang='grc' dir='ltr'>αἰώνιον</span> <span class='ocrx_word' id='word_1_228' title='bbox 1250 2631 1668 2703; x_wconf 89' lang='grc' dir='ltr'>κληρονομήσει.</span> <span class='ocrx_word' id='word_1_229' title='bbox 1723 2650 1742 2682; x_wconf 75' lang='grc' dir='ltr'><strong>ι</strong></span> <span class='ocrx_word' id='word_1_230' title='bbox 1785 2629 1895 2683; x_wconf 81' lang='grc' dir='ltr'><strong>Καὶ</strong></span> 
     </span>
    </p>
   </div>
   <div class='ocr_carea' id='block_1_29' title="bbox 311 2722 1895 2796">
    <p class='ocr_par' dir='ltr' id='par_1_29' title="bbox 311 2722 1895 2796">
     <span class='ocr_line' id='line_1_29' title="bbox 311 2722 1895 2796; baseline -0.001 -19"><span class='ocrx_word' id='word_1_231' title='bbox 311 2723 521 2794; x_wconf 81' lang='grc' dir='ltr'>ταύτης</span> <span class='ocrx_word' id='word_1_232' title='bbox 570 2725 731 2777; x_wconf 75' lang='grc' dir='ltr'>ἕνεκα</span> <span class='ocrx_word' id='word_1_233' title='bbox 776 2723 877 2794; x_wconf 80' lang='grc' dir='ltr'>τῆς</span> <span class='ocrx_word' id='word_1_234' title='bbox 905 2723 1263 2796; x_wconf 86' lang='grc' dir='ltr'>κληρονομίας</span> <span class='ocrx_word' id='word_1_235' title='bbox 1308 2726 1337 2778; x_wconf 88' lang='lat'><strong>6</strong></span> <span class='ocrx_word' id='word_1_236' title='bbox 1380 2724 1628 2794; x_wconf 88' lang='grc' dir='ltr'>πέμπτος</span> <span class='ocrx_word' id='word_1_237' title='bbox 1682 2722 1895 2794; x_wconf 79' lang='grc' dir='ltr'>ψαλμὸς</span> 
     </span>
    </p>
   </div>
   <div class='ocr_carea' id='block_1_30' title="bbox 312 2814 1898 2888">
    <p class='ocr_par' dir='ltr' id='par_1_30' title="bbox 312 2814 1898 2888">
     <span class='ocr_line' id='line_1_30' title="bbox 312 2814 1898 2888; baseline -0.001 -19"><span class='ocrx_word' id='word_1_238' title='bbox 312 2816 720 2888; x_wconf 74' lang='grc' dir='ltr'>ἐπεγέγραπτο,</span> <span class='ocrx_word' id='word_1_239' title='bbox 756 2833 774 2866; x_wconf 75' lang='grc' dir='ltr'><strong>ι</strong></span> <span class='ocrx_word' id='word_1_240' title='bbox 814 2816 907 2877; x_wconf 77' lang='grc' dir='ltr'><strong>Εἰς</strong></span> <span class='ocrx_word' id='word_1_241' title='bbox 928 2814 991 2868; x_wconf 82' lang='grc' dir='ltr'>τὸ</span> <span class='ocrx_word' id='word_1_242' title='bbox 1012 2815 1182 2879; x_wconf 84' lang='grc' dir='ltr'>τέλος,</span> <span class='ocrx_word' id='word_1_243' title='bbox 1215 2816 1354 2888; x_wconf 79' lang='grc' dir='ltr'>ὑπὲρ</span> <span class='ocrx_word' id='word_1_244' title='bbox 1388 2816 1488 2886; x_wconf 81' lang='grc' dir='ltr'>τῆς</span> <span class='ocrx_word' id='word_1_245' title='bbox 1526 2816 1898 2887; x_wconf 82' lang='grc' dir='ltr'>κληρονομού-</span> 
     </span>
    </p>
   </div>
   <div class='ocr_carea' id='block_1_31' title="bbox 315 2907 1898 2979">
    <p class='ocr_par' dir='ltr' id='par_1_31' title="bbox 315 2907 1898 2979">
     <span class='ocr_line' id='line_1_31' title="bbox 315 2907 1898 2979; baseline 0.002 -20"><span class='ocrx_word' id='word_1_246' title='bbox 315 2925 421 2978; x_wconf 85' lang='grc' dir='ltr'><strong>σης</strong></span> <span class='ocrx_word' id='word_1_247' title='bbox 444 2925 458 2938; x_wconf 68' lang='grc'><strong>⁸</strong></span> <span class='ocrx_word' id='word_1_248' title='bbox 500 2928 517 2959; x_wconf 70' lang='grc' dir='ltr'><strong>ι</strong></span> <span class='ocrx_word' id='word_1_249' title='bbox 554 2908 646 2961; x_wconf 76' lang='grc' dir='ltr'>καὶ</span> <span class='ocrx_word' id='word_1_250' title='bbox 676 2908 734 2960; x_wconf 78' lang='grc' dir='ltr'>ὲν</span> <span class='ocrx_word' id='word_1_251' title='bbox 767 2907 843 2979; x_wconf 82' lang='grc' dir='ltr'>τῷ</span> <span class='ocrx_word' id='word_1_252' title='bbox 886 2915 946 2960; x_wconf 87' lang='grc' dir='ltr'>ιε’</span> <span class='ocrx_word' id='word_1_253' title='bbox 975 2907 1031 2960; x_wconf 80' lang='grc' dir='ltr'>δὲ</span> <span class='ocrx_word' id='word_1_254' title='bbox 1070 2907 1271 2979; x_wconf 74' lang='grc' dir='ltr'>ψαλμῷ</span> <span class='ocrx_word' id='word_1_255' title='bbox 1312 2908 1344 2979; x_wconf 85' lang='grc' dir='ltr'><strong>ἡ</strong></span> <span class='ocrx_word' id='word_1_256' title='bbox 1377 2909 1517 2979; x_wconf 82' lang='grc' dir='ltr'>αὐτὴ</span> <span class='ocrx_word' id='word_1_257' title='bbox 1560 2907 1898 2979; x_wconf 86' lang='grc' dir='ltr'>κληρονομία</span> 
     </span>
    </p>
   </div>
   <div class='ocr_carea' id='block_1_32' title="bbox 313 2998 1897 3072">
    <p class='ocr_par' dir='ltr' id='par_1_32' title="bbox 313 2998 1897 3072">
     <span class='ocr_line' id='line_1_32' title="bbox 313 2998 1897 3072; baseline 0 -20"><span class='ocrx_word' id='word_1_258' title='bbox 313 2998 571 3071; x_wconf 76' lang='grc' dir='ltr'>ἐδηλοῦτο</span> <span class='ocrx_word' id='word_1_259' title='bbox 599 3000 738 3054; x_wconf 80' lang='grc' dir='ltr'>κατὰ</span> <span class='ocrx_word' id='word_1_260' title='bbox 767 2999 828 3053; x_wconf 73' lang='grc' dir='ltr'>τὸ</span> <span class='ocrx_word' id='word_1_261' title='bbox 852 3040 866 3063; x_wconf 92' lang='grc'><strong>,</strong></span> <span class='ocrx_word' id='word_1_262' title='bbox 906 3020 925 3052; x_wconf 75' lang='grc' dir='ltr'><strong>ι</strong></span> <span class='ocrx_word' id='word_1_263' title='bbox 962 2998 1167 3070; x_wconf 82' lang='grc' dir='ltr'>Κύριος</span> <span class='ocrx_word' id='word_1_264' title='bbox 1199 3002 1232 3071; x_wconf 89' lang='grc' dir='ltr'><strong>ή</strong></span> <span class='ocrx_word' id='word_1_265' title='bbox 1290 3001 1447 3071; x_wconf 71' lang='grc' dir='ltr'>μερὶς</span> <span class='ocrx_word' id='word_1_266' title='bbox 1492 3000 1592 3070; x_wconf 80' lang='grc' dir='ltr'><strong>τῆς</strong></span> <span class='ocrx_word' id='word_1_267' title='bbox 1637 2999 1897 3072; x_wconf 73' lang='grc' dir='ltr'>κληρονοο-</span> 
     </span>
    </p>
   </div>
   <div class='ocr_carea' id='block_1_33' title="bbox 318 3088 1898 3165">
    <p class='ocr_par' dir='ltr' id='par_1_33' title="bbox 318 3088 1898 3165">
     <span class='ocr_line' id='line_1_33' title="bbox 318 3088 1898 3165; baseline 0 -20"><span class='ocrx_word' id='word_1_268' title='bbox 318 3093 449 3163; x_wconf 89' lang='grc' dir='ltr'>μίας</span> <span class='ocrx_word' id='word_1_269' title='bbox 481 3112 581 3164; x_wconf 90' lang='grc' dir='ltr'><strong>μου</strong></span> <span class='ocrx_word' id='word_1_270' title='bbox 615 3094 707 3148; x_wconf 78' lang='grc' dir='ltr'><strong>καί</strong></span> <span class='ocrx_word' id='word_1_271' title='bbox 735 3093 828 3146; x_wconf 79' lang='grc' dir='ltr'>τοῦ</span> <span class='ocrx_word' id='word_1_272' title='bbox 856 3093 1115 3165; x_wconf 88' lang='grc' dir='ltr'>ποτηρίου</span> <span class='ocrx_word' id='word_1_273' title='bbox 1144 3111 1264 3165; x_wconf 89' lang='grc' dir='ltr'>μου,</span> <span class='ocrx_word' id='word_1_274' title='bbox 1294 3093 1358 3146; x_wconf 82' lang='grc' dir='ltr'>σὺ</span> <span class='ocrx_word' id='word_1_275' title='bbox 1392 3088 1443 3146; x_wconf 84' lang='grc' dir='ltr'>εἷ</span> <span class='ocrx_word' id='word_1_276' title='bbox 1463 3094 1492 3145; x_wconf 87' lang='lat'><strong>6</strong></span> <span class='ocrx_word' id='word_1_277' title='bbox 1514 3092 1898 3147; x_wconf 85' lang='grc' dir='ltr'>ἀποκαθιστῶν</span> 
     </span>
    </p>
   </div>
   <div class='ocr_carea' id='block_1_34' title="bbox 311 3170 1967 3275">
    <p class='ocr_par' dir='ltr' id='par_1_34' title="bbox 311 3170 1967 3275">
     <span class='ocr_line' id='line_1_34' title="bbox 311 3170 1967 3275; baseline 0.001 -36"><span class='ocrx_word' id='word_1_278' title='bbox 311 3187 416 3259; x_wconf 79' lang='grc' dir='ltr'>τὴν</span> <span class='ocrx_word' id='word_1_279' title='bbox 458 3188 820 3259; x_wconf 84' lang='grc' dir='ltr'>κληρονομίαν</span> <span class='ocrx_word' id='word_1_280' title='bbox 856 3205 956 3259; x_wconf 87' lang='grc' dir='ltr'><strong>μου</strong></span> <span class='ocrx_word' id='word_1_281' title='bbox 1000 3189 1142 3259; x_wconf 82' lang='grc' dir='ltr'>ἐμοί.</span> <span class='ocrx_word' id='word_1_282' title='bbox 1184 3187 1293 3241; x_wconf 70' lang='grc' dir='ltr'><strong>Καὶ</strong></span> <span class='ocrx_word' id='word_1_283' title='bbox 1340 3187 1450 3260; x_wconf 80' lang='grc' dir='ltr'><strong>γὰρ</strong></span> <span class='ocrx_word' id='word_1_284' title='bbox 1482 3191 1515 3257; x_wconf 84' lang='grc' dir='ltr'><strong>ἡ</strong></span> <span class='ocrx_word' id='word_1_285' title='bbox 1546 3170 1897 3260; x_wconf 58' lang='grc' dir='ltr'>’κληρονομία</span> <span class='ocrx_word' id='word_1_286' title='bbox 1925 3217 1967 3275; x_wconf 76' lang='lat' dir='ltr'><strong><em>C</em></strong></span> 
     </span>
    </p>
   </div>
   <div class='ocr_carea' id='block_1_35' title="bbox 316 3280 1108 3351">
    <p class='ocr_par' dir='ltr' id='par_1_35' title="bbox 316 3280 1108 3351">
     <span class='ocr_line' id='line_1_35' title="bbox 316 3280 1108 3351; baseline 0 -19"><span class='ocrx_word' id='word_1_287' title='bbox 316 3297 423 3350; x_wconf 88' lang='grc' dir='ltr'><strong>μου</strong></span> <span class='ocrx_word' id='word_1_288' title='bbox 448 3281 716 3351; x_wconf 86' lang='grc' dir='ltr'>κρατίστη</span> <span class='ocrx_word' id='word_1_289' title='bbox 751 3280 840 3351; x_wconf 88' lang='grc' dir='ltr'><strong>μοί</strong></span> <span class='ocrx_word' id='word_1_290' title='bbox 870 3282 1038 3336; x_wconf 83' lang='grc' dir='ltr'>ἐστιν.</span> <span class='ocrx_word' id='word_1_291' title='bbox 1090 3300 1108 3332; x_wconf 78' lang='grc' dir='ltr'><strong>ι</strong></span> 
     </span>
    </p>
   </div>
   <div class='ocr_carea' id='block_1_36' title="bbox 392 3371 1894 3445">
    <p class='ocr_par' dir='ltr' id='par_1_36' title="bbox 392 3371 1894 3445">
     <span class='ocr_line' id='line_1_36' title="bbox 392 3371 1894 3445; baseline 0.001 -20"><span class='ocrx_word' id='word_1_292' title='bbox 392 3391 410 3424; x_wconf 78' lang='grc' dir='ltr'><strong>ι</strong></span> <span class='ocrx_word' id='word_1_293' title='bbox 463 3372 701 3444; x_wconf 83' lang='grc' dir='ltr'>Ἡμέρας</span> <span class='ocrx_word' id='word_1_294' title='bbox 731 3372 813 3442; x_wconf 83' lang='grc' dir='ltr'><strong>ἐφ’</strong></span> <span class='ocrx_word' id='word_1_295' title='bbox 845 3372 1055 3444; x_wconf 82' lang='grc' dir='ltr'>ἡμέρας</span> <span class='ocrx_word' id='word_1_296' title='bbox 1089 3371 1352 3443; x_wconf 86' lang='grc' dir='ltr'>βασιλέως</span> <span class='ocrx_word' id='word_1_297' title='bbox 1404 3372 1769 3445; x_wconf 82' lang='grc' dir='ltr'>προσθήσεις·</span> <span class='ocrx_word' id='word_1_298' title='bbox 1822 3372 1894 3426; x_wconf 84' lang='grc' dir='ltr'><strong>τὰ</strong></span> 
     </span>
    </p>
   </div>
   <div class='ocr_carea' id='block_1_37' title="bbox 314 3461 1894 3535">
    <p class='ocr_par' dir='ltr' id='par_1_37' title="bbox 314 3461 1894 3535">
     <span class='ocr_line' id='line_1_37' title="bbox 314 3461 1894 3535; baseline -0.001 -19"><span class='ocrx_word' id='word_1_299' title='bbox 314 3463 409 3534; x_wconf 77' lang='grc' dir='ltr'>ῑτη</span> <span class='ocrx_word' id='word_1_300' title='bbox 444 3462 611 3518; x_wconf 76' lang='grc' dir='ltr'>αὐτοῦ</span> <span class='ocrx_word' id='word_1_301' title='bbox 650 3462 754 3526; x_wconf 76' lang='grc' dir='ltr'>ἕως</span> <span class='ocrx_word' id='word_1_302' title='bbox 781 3461 992 3535; x_wconf 78' lang='grc' dir='ltr'>ἡμέρας</span> <span class='ocrx_word' id='word_1_303' title='bbox 1018 3463 1210 3529; x_wconf 78' lang='grc' dir='ltr'>γενεᾶς</span> <span class='ocrx_word' id='word_1_304' title='bbox 1238 3462 1331 3515; x_wconf 76' lang='grc' dir='ltr'>καὶ</span> <span class='ocrx_word' id='word_1_305' title='bbox 1360 3464 1554 3530; x_wconf 82' lang='grc' dir='ltr'>γενεᾶς</span> <span class='ocrx_word' id='word_1_306' title='bbox 1582 3461 1750 3515; x_wconf 82' lang='grc' dir='ltr'>αὐτοῦ</span> <span class='ocrx_word' id='word_1_307' title='bbox 1779 3461 1894 3515; x_wconf 87' lang='grc' dir='ltr'>δια-</span> 
     </span>
    </p>
   </div>
   <div class='ocr_carea' id='block_1_38' title="bbox 318 3552 1895 3626">
    <p class='ocr_par' dir='ltr' id='par_1_38' title="bbox 318 3552 1895 3626">
     <span class='ocr_line' id='line_1_38' title="bbox 318 3552 1895 3626; baseline 0 -19"><span class='ocrx_word' id='word_1_308' title='bbox 318 3558 472 3626; x_wconf 88' lang='grc' dir='ltr'><strong>μενεί</strong></span> <span class='ocrx_word' id='word_1_309' title='bbox 503 3557 583 3619; x_wconf 87' lang='grc' dir='ltr'><strong>εἰς</strong></span> <span class='ocrx_word' id='word_1_310' title='bbox 624 3554 715 3608; x_wconf 84' lang='grc' dir='ltr'><strong>τδν</strong></span> <span class='ocrx_word' id='word_1_311' title='bbox 744 3555 913 3608; x_wconf 89' lang='grc' dir='ltr'>αἰῶνα</span> <span class='ocrx_word' id='word_1_312' title='bbox 960 3552 1187 3609; x_wconf 82' lang='grc' dir='ltr'>ἐνώπιον</span> <span class='ocrx_word' id='word_1_313' title='bbox 1220 3554 1312 3607; x_wconf 78' lang='grc' dir='ltr'><strong>τοῦ</strong></span> <span class='ocrx_word' id='word_1_314' title='bbox 1356 3553 1513 3607; x_wconf 82' lang='grc' dir='ltr'>Θεοῦ.</span> <span class='ocrx_word' id='word_1_315' title='bbox 1565 3555 1751 3617; x_wconf 87' lang='grc' dir='ltr'>Ἔλεος</span> <span class='ocrx_word' id='word_1_316' title='bbox 1802 3555 1895 3607; x_wconf 78' lang='grc' dir='ltr'>καὶ</span> 
     </span>
    </p>
   </div>
   <div class='ocr_carea' id='block_1_39' title="bbox 312 3645 1893 3719">
    <p class='ocr_par' dir='ltr' id='par_1_39' title="bbox 312 3645 1893 3719">
     <span class='ocr_line' id='line_1_39' title="bbox 312 3645 1893 3719; baseline 0 -18"><span class='ocrx_word' id='word_1_317' title='bbox 312 3648 574 3718; x_wconf 80' lang='grc' dir='ltr'>ἀλήθειαν</span> <span class='ocrx_word' id='word_1_318' title='bbox 613 3648 697 3711; x_wconf 87' lang='grc' dir='ltr'><strong>τίς</strong></span> <span class='ocrx_word' id='word_1_319' title='bbox 745 3647 1038 3719; x_wconf 77' lang='grc' dir='ltr'>ὲκζητήσει</span> <span class='ocrx_word' id='word_1_320' title='bbox 1065 3646 1265 3712; x_wconf 54' lang='lat' dir='ltr'><strong>alitem};</strong></span> <span class='ocrx_word' id='word_1_321' title='bbox 1312 3666 1329 3697; x_wconf 76' lang='grc' dir='ltr'><strong>ι</strong></span> <span class='ocrx_word' id='word_1_322' title='bbox 1371 3645 1675 3718; x_wconf 86' lang='grc' dir='ltr'>Προειπὼν,</span> <span class='ocrx_word' id='word_1_323' title='bbox 1708 3665 1727 3697; x_wconf 78' lang='grc' dir='ltr'><strong>ι</strong></span> <span class='ocrx_word' id='word_1_324' title='bbox 1772 3648 1893 3701; x_wconf 85' lang='grc' dir='ltr'>Ὅτι</span> 
     </span>
    </p>
   </div>
   <div class='ocr_carea' id='block_1_40' title="bbox 316 3736 1898 3811">
    <p class='ocr_par' dir='ltr' id='par_1_40' title="bbox 316 3736 1898 3811">
     <span class='ocr_line' id='line_1_40' title="bbox 316 3736 1898 3811; baseline -0.003 -18"><span class='ocrx_word' id='word_1_325' title='bbox 316 3742 404 3805; x_wconf 72' lang='grc' dir='ltr'>σὺ,</span> <span class='ocrx_word' id='word_1_326' title='bbox 433 3742 461 3792; x_wconf 88' lang='lat'><strong>6</strong></span> <span class='ocrx_word' id='word_1_327' title='bbox 490 3739 641 3807; x_wconf 77' lang='grc' dir='ltr'>Θεὸς,</span> <span class='ocrx_word' id='word_1_328' title='bbox 667 3740 989 3811; x_wconf 90' lang='grc' dir='ltr'>εἰσήκουσας</span> <span class='ocrx_word' id='word_1_329' title='bbox 1021 3738 1128 3791; x_wconf 84' lang='grc' dir='ltr'><strong>τῶν</strong></span> <span class='ocrx_word' id='word_1_330' title='bbox 1154 3738 1325 3809; x_wconf 86' lang='grc' dir='ltr'>εὐχῶν</span> <span class='ocrx_word' id='word_1_331' title='bbox 1359 3756 1459 3809; x_wconf 87' lang='grc' dir='ltr'><strong>μου</strong></span> <span class='ocrx_word' id='word_1_332' title='bbox 1483 3779 1498 3802; x_wconf 95' lang='grc'><strong>,</strong></span> <span class='ocrx_word' id='word_1_333' title='bbox 1531 3758 1549 3789; x_wconf 76' lang='grc' dir='ltr'><strong>ι</strong></span> <span class='ocrx_word' id='word_1_334' title='bbox 1584 3736 1705 3791; x_wconf 78' lang='grc' dir='ltr'>καθ’</span> <span class='ocrx_word' id='word_1_335' title='bbox 1732 3738 1898 3809; x_wconf 79' lang='grc' dir='ltr'>ὑπερ-</span> 
     </span>
    </p>
   </div>
   <div class='ocr_carea' id='block_1_41' title="bbox 313 3828 1894 3903">
    <p class='ocr_par' dir='ltr' id='par_1_41' title="bbox 313 3828 1894 3903">
     <span class='ocr_line' id='line_1_41' title="bbox 313 3828 1894 3903; baseline -0.003 -17"><span class='ocrx_word' id='word_1_336' title='bbox 313 3832 477 3887; x_wconf 77' lang='grc' dir='ltr'>ϐατὸν</span> <span class='ocrx_word' id='word_1_337' title='bbox 532 3832 735 3903; x_wconf 77' lang='grc' dir='ltr'>συνῆψε</span> <span class='ocrx_word' id='word_1_338' title='bbox 767 3831 860 3895; x_wconf 82' lang='grc' dir='ltr'>τὸ,</span> <span class='ocrx_word' id='word_1_339' title='bbox 909 3851 926 3882; x_wconf 79' lang='grc' dir='ltr'><strong>ι</strong></span> <span class='ocrx_word' id='word_1_340' title='bbox 968 3830 1208 3903; x_wconf 83' lang='grc' dir='ltr'>Ἡμέρας</span> <span class='ocrx_word' id='word_1_341' title='bbox 1243 3833 1327 3899; x_wconf 77' lang='grc' dir='ltr'>ἐφ’</span> <span class='ocrx_word' id='word_1_342' title='bbox 1366 3830 1583 3901; x_wconf 79' lang='grc' dir='ltr'>ἡμέρας</span> <span class='ocrx_word' id='word_1_343' title='bbox 1629 3828 1894 3900; x_wconf 86' lang='grc' dir='ltr'>βασιλέως</span> 
     </span>
    </p>
   </div>
   <div class='ocr_carea' id='block_1_42' title="bbox 314 3922 1892 3996">
    <p class='ocr_par' dir='ltr' id='par_1_42' title="bbox 314 3922 1892 3996">
     <span class='ocr_line' id='line_1_42' title="bbox 314 3922 1892 3996; baseline -0.003 -19"><span class='ocrx_word' id='word_1_344' title='bbox 314 3925 665 3996; x_wconf 84' lang='grc' dir='ltr'>προσθήσεις.</span> <span class='ocrx_word' id='word_1_345' title='bbox 694 3944 712 3975; x_wconf 80' lang='grc' dir='ltr'><strong>ι</strong></span> <span class='ocrx_word' id='word_1_346' title='bbox 736 3925 1068 3978; x_wconf 87' lang='grc' dir='ltr'>Εἰσάκουσον</span> <span class='ocrx_word' id='word_1_347' title='bbox 1090 3924 1219 3995; x_wconf 81' lang='grc' dir='ltr'>γὰρ,</span> <span class='ocrx_word' id='word_1_348' title='bbox 1257 3925 1410 3994; x_wconf 69' lang='grc' dir='ltr'>φησι,</span> <span class='ocrx_word' id='word_1_349' title='bbox 1444 3922 1552 3974; x_wconf 87' lang='grc' dir='ltr'><strong>τῶν</strong></span> <span class='ocrx_word' id='word_1_350' title='bbox 1575 3922 1748 3992; x_wconf 80' lang='grc' dir='ltr'>εὐχῶν</span> <span class='ocrx_word' id='word_1_351' title='bbox 1772 3939 1892 3992; x_wconf 93' lang='grc' dir='ltr'>μου,</span> 
     </span>
    </p>
   </div>
   <div class='ocr_carea' id='block_1_43' title="bbox 313 4014 1897 4089">
    <p class='ocr_par' dir='ltr' id='par_1_43' title="bbox 313 4014 1897 4089">
     <span class='ocr_line' id='line_1_43' title="bbox 313 4014 1897 4089; baseline -0.003 -18"><span class='ocrx_word' id='word_1_352' title='bbox 313 4018 529 4089; x_wconf 78' lang='grc' dir='ltr'>ἡμέρας</span> <span class='ocrx_word' id='word_1_353' title='bbox 572 4018 658 4087; x_wconf 81' lang='grc' dir='ltr'><strong>ἐφ’</strong></span> <span class='ocrx_word' id='word_1_354' title='bbox 700 4017 914 4089; x_wconf 77' lang='grc' dir='ltr'>ἡμέρας</span> <span class='ocrx_word' id='word_1_355' title='bbox 959 4034 1047 4087; x_wconf 87' lang='grc' dir='ltr'><strong>μοι</strong></span> <span class='ocrx_word' id='word_1_356' title='bbox 1093 4014 1459 4086; x_wconf 84' lang='grc' dir='ltr'>προσέθηκας.</span> <span class='ocrx_word' id='word_1_357' title='bbox 1497 4014 1596 4067; x_wconf 86' lang='grc' dir='ltr'>Διὰ</span> <span class='ocrx_word' id='word_1_358' title='bbox 1639 4014 1804 4085; x_wconf 89' lang='grc' dir='ltr'>μέσου</span> <span class='ocrx_word' id='word_1_359' title='bbox 1838 4014 1897 4066; x_wconf 86' lang='grc' dir='ltr'>δὲ</span> 
     </span>
    </p>
   </div>
   <div class='ocr_carea' id='block_1_44' title="bbox 314 4107 1897 4183">
    <p class='ocr_par' dir='ltr' id='par_1_44' title="bbox 314 4107 1897 4183">
     <span class='ocr_line' id='line_1_44' title="bbox 314 4107 1897 4183; baseline -0.004 -17"><span class='ocrx_word' id='word_1_360' title='bbox 314 4111 580 4183; x_wconf 86' lang='grc' dir='ltr'>ἐνεϐλήθη</span> <span class='ocrx_word' id='word_1_361' title='bbox 610 4113 644 4183; x_wconf 82' lang='grc' dir='ltr'>ὴ</span> <span class='ocrx_word' id='word_1_362' title='bbox 668 4111 795 4183; x_wconf 77' lang='grc' dir='ltr'>περὶ</span> <span class='ocrx_word' id='word_1_363' title='bbox 818 4110 923 4164; x_wconf 88' lang='grc' dir='ltr'><strong>τῶν</strong></span> <span class='ocrx_word' id='word_1_364' title='bbox 965 4108 1314 4180; x_wconf 82' lang='grc' dir='ltr'>φοϐουμένων</span> <span class='ocrx_word' id='word_1_365' title='bbox 1347 4108 1409 4161; x_wconf 87' lang='grc' dir='ltr'>τὸ</span> <span class='ocrx_word' id='word_1_366' title='bbox 1448 4107 1618 4179; x_wconf 76' lang='grc' dir='ltr'>ὄνομα</span> <span class='ocrx_word' id='word_1_367' title='bbox 1650 4107 1743 4160; x_wconf 80' lang='grc' dir='ltr'>τοῦ</span> <span class='ocrx_word' id='word_1_368' title='bbox 1786 4109 1897 4160; x_wconf 88' lang='grc' dir='ltr'><strong>Κυ-</strong></span> 
     </span>
    </p>
   </div>
   <div class='ocr_carea' id='block_1_45' title="bbox 315 4198 1896 4275">
    <p class='ocr_par' dir='ltr' id='par_1_45' title="bbox 315 4198 1896 4275">
     <span class='ocr_line' id='line_1_45' title="bbox 315 4198 1896 4275; baseline -0.003 -19"><span class='ocrx_word' id='word_1_369' title='bbox 315 4204 434 4275; x_wconf 86' lang='grc' dir='ltr'>ρίου</span> <span class='ocrx_word' id='word_1_370' title='bbox 466 4204 656 4274; x_wconf 87' lang='grc' dir='ltr'>μνήμη</span> <span class='ocrx_word' id='word_1_371' title='bbox 678 4220 691 4232; x_wconf 72' lang='grc' dir='ltr'><strong>ο</strong></span> <span class='ocrx_word' id='word_1_372' title='bbox 729 4202 915 4273; x_wconf 82' lang='grc' dir='ltr'>ἐπειδὴ</span> <span class='ocrx_word' id='word_1_373' title='bbox 941 4202 1035 4255; x_wconf 73' lang='grc' dir='ltr'>καὶ</span> <span class='ocrx_word' id='word_1_374' title='bbox 1068 4202 1249 4263; x_wconf 83' lang='grc' dir='ltr'>αὐτοῖς</span> <span class='ocrx_word' id='word_1_375' title='bbox 1275 4200 1610 4271; x_wconf 81' lang='grc' dir='ltr'>ἐπήγγελται</span> <span class='ocrx_word' id='word_1_376' title='bbox 1638 4199 1737 4268; x_wconf 79' lang='grc' dir='ltr'>τὴν</span> <span class='ocrx_word' id='word_1_377' title='bbox 1764 4198 1896 4269; x_wconf 84' lang='grc' dir='ltr'>κλη-</span> 
     </span>
    </p>
   </div>
   <div class='ocr_carea' id='block_1_46' title="bbox 315 4288 1897 4367">
    <p class='ocr_par' dir='ltr' id='par_1_46' title="bbox 315 4288 1897 4367">
     <span class='ocr_line' id='line_1_46' title="bbox 315 4288 1897 4367; baseline -0.003 -19"><span class='ocrx_word' id='word_1_378' title='bbox 315 4294 576 4367; x_wconf 87' lang='grc' dir='ltr'>ρονομίαν</span> <span class='ocrx_word' id='word_1_379' title='bbox 597 4296 630 4365; x_wconf 87' lang='grc' dir='ltr'><strong>ή</strong></span> <span class='ocrx_word' id='word_1_380' title='bbox 655 4293 978 4367; x_wconf 81' lang='grc' dir='ltr'>προφητεία.</span> <span class='ocrx_word' id='word_1_381' title='bbox 1000 4288 1109 4346; x_wconf 85' lang='grc' dir='ltr'>Ἦν</span> <span class='ocrx_word' id='word_1_382' title='bbox 1131 4293 1235 4364; x_wconf 83' lang='grc' dir='ltr'><strong>δέή</strong></span> <span class='ocrx_word' id='word_1_383' title='bbox 1259 4292 1594 4365; x_wconf 87' lang='grc' dir='ltr'>κληρονομία</span> <span class='ocrx_word' id='word_1_384' title='bbox 1621 4293 1653 4362; x_wconf 87' lang='grc' dir='ltr'><strong>ή</strong></span> <span class='ocrx_word' id='word_1_385' title='bbox 1678 4290 1897 4353; x_wconf 80' lang='grc' dir='ltr'>αἰώνιος</span> 
     </span>
    </p>
   </div>
   <div class='ocr_carea' id='block_1_47' title="bbox 313 4382 1895 4459">
    <p class='ocr_par' dir='ltr' id='par_1_47' title="bbox 313 4382 1895 4459">
     <span class='ocr_line' id='line_1_47' title="bbox 313 4382 1895 4459; baseline -0.004 -17"><span class='ocrx_word' id='word_1_386' title='bbox 313 4389 461 4459; x_wconf 78' lang='grc' dir='ltr'>ζωὴ,</span> <span class='ocrx_word' id='word_1_387' title='bbox 498 4389 565 4459; x_wconf 79' lang='grc' dir='ltr'>ἣν</span> <span class='ocrx_word' id='word_1_388' title='bbox 604 4390 632 4441; x_wconf 84' lang='grc' dir='ltr'><em>ὁ</em></span> <span class='ocrx_word' id='word_1_389' title='bbox 663 4388 823 4457; x_wconf 88' lang='grc' dir='ltr'>λόγος</span> <span class='ocrx_word' id='word_1_390' title='bbox 856 4386 1109 4458; x_wconf 88' lang='grc' dir='ltr'>σημαίνει</span> <span class='ocrx_word' id='word_1_391' title='bbox 1156 4386 1378 4455; x_wconf 84' lang='grc' dir='ltr'>φάσκων</span> <span class='ocrx_word' id='word_1_392' title='bbox 1401 4402 1415 4416; x_wconf 73' lang='grc' dir='ltr'><strong><em>ο</em></strong></span> <span class='ocrx_word' id='word_1_393' title='bbox 1460 4403 1478 4436; x_wconf 78' lang='grc' dir='ltr'><strong>ι</strong></span> <span class='ocrx_word' id='word_1_394' title='bbox 1524 4384 1769 4455; x_wconf 85' lang='grc' dir='ltr'>Ἡμέρας</span> <span class='ocrx_word' id='word_1_395' title='bbox 1810 4382 1895 4452; x_wconf 80' lang='grc' dir='ltr'>ἐφ’</span> 
     </span>
    </p>
   </div>
   <div class='ocr_carea' id='block_1_48' title="bbox 313 4475 1891 4551">
    <p class='ocr_par' dir='ltr' id='par_1_48' title="bbox 313 4475 1891 4551">
     <span class='ocr_line' id='line_1_48' title="bbox 313 4475 1891 4551; baseline -0.003 -19"><span class='ocrx_word' id='word_1_396' title='bbox 313 4480 532 4551; x_wconf 73' lang='grc' dir='ltr'>ἡμέρας</span> <span class='ocrx_word' id='word_1_397' title='bbox 564 4478 824 4549; x_wconf 86' lang='grc' dir='ltr'>βασιλέως</span> <span class='ocrx_word' id='word_1_398' title='bbox 846 4477 1191 4549; x_wconf 89' lang='grc' dir='ltr'>προσθήσεις.</span> <span class='ocrx_word' id='word_1_399' title='bbox 1230 4497 1248 4528; x_wconf 74' lang='grc' dir='ltr'><strong>ι</strong></span> <span class='ocrx_word' id='word_1_400' title='bbox 1279 4477 1505 4545; x_wconf 83' lang='grc' dir='ltr'>Μεγάλα</span> <span class='ocrx_word' id='word_1_401' title='bbox 1532 4477 1709 4529; x_wconf 89' lang='grc' dir='ltr'>τοίνυν</span> <span class='ocrx_word' id='word_1_402' title='bbox 1736 4475 1891 4541; x_wconf 81' lang='grc' dir='ltr'>εὐξα-</span> 
     </span>
    </p>
   </div>
   <div class='ocr_carea' id='block_1_49' title="bbox 2004 603 3575 676">
    <p class='ocr_par' dir='ltr' id='par_1_49' title="bbox 2004 603 3575 676">
     <span class='ocr_line' id='line_1_49' title="bbox 2004 603 3575 676; baseline 0.003 -17"><span class='ocrx_word' id='word_1_403' title='bbox 2004 603 2209 676; x_wconf 89' lang='lat' dir='ltr'><strong>Spiritu</strong></span> <span class='ocrx_word' id='word_1_404' title='bbox 2243 615 2335 661; x_wconf 92' lang='lat' dir='ltr'><strong>tuo</strong></span> <span class='ocrx_word' id='word_1_405' title='bbox 2394 607 2724 671; x_wconf 88' lang='lat' dir='ltr'><strong>illustratus.</strong></span> <span class='ocrx_word' id='word_1_406' title='bbox 2760 625 2870 663; x_wconf 92' lang='lat' dir='ltr'><strong>non</strong></span> <span class='ocrx_word' id='word_1_407' title='bbox 2922 607 3051 662; x_wconf 91' lang='lat' dir='ltr'><strong>mihi</strong></span> <span class='ocrx_word' id='word_1_408' title='bbox 3103 608 3226 670; x_wconf 87' lang='lat' dir='ltr'><strong>soli,</strong></span> <span class='ocrx_word' id='word_1_409' title='bbox 3260 609 3354 664; x_wconf 90' lang='lat' dir='ltr'><strong>sed</strong></span> <span class='ocrx_word' id='word_1_410' title='bbox 3410 609 3575 664; x_wconf 89' lang='lat' dir='ltr'><strong>etiam</strong></span> 
     </span>
    </p>
   </div>
   <div class='ocr_carea' id='block_1_50' title="bbox 2001 697 3575 769">
    <p class='ocr_par' dir='ltr' id='par_1_50' title="bbox 2001 697 3575 769">
     <span class='ocr_line' id='line_1_50' title="bbox 2001 697 3575 769; baseline 0.002 -18"><span class='ocrx_word' id='word_1_411' title='bbox 2001 697 2257 752; x_wconf 90' lang='lat' dir='ltr'><strong>omnibus</strong></span> <span class='ocrx_word' id='word_1_412' title='bbox 2284 697 2604 755; x_wconf 75' lang='lat' dir='ltr'><strong>timentibus</strong></span> <span class='ocrx_word' id='word_1_413' title='bbox 2630 715 2831 756; x_wconf 88' lang='lat' dir='ltr'><strong>nomen</strong></span> <span class='ocrx_word' id='word_1_414' title='bbox 2864 708 3043 763; x_wconf 89' lang='lat' dir='ltr'><strong>tuum,</strong></span> <span class='ocrx_word' id='word_1_415' title='bbox 3073 706 3128 753; x_wconf 90' lang='lat' dir='ltr'><strong>te</strong></span> <span class='ocrx_word' id='word_1_416' title='bbox 3159 698 3380 769; x_wconf 89' lang='lat' dir='ltr'><strong>dignum</strong></span> <span class='ocrx_word' id='word_1_417' title='bbox 3412 700 3575 754; x_wconf 88' lang='lat' dir='ltr'><strong>timo—</strong></span> 
     </span>
    </p>
   </div>
   <div class='ocr_carea' id='block_1_51' title="bbox 2000 788 3574 862">
    <p class='ocr_par' dir='ltr' id='par_1_51' title="bbox 2000 788 3574 862">
     <span class='ocr_line' id='line_1_51' title="bbox 2000 788 3574 862; baseline 0.001 -19"><span class='ocrx_word' id='word_1_418' title='bbox 2000 804 2060 843; x_wconf 89' lang='lat' dir='ltr'><strong>re</strong></span> <span class='ocrx_word' id='word_1_419' title='bbox 2109 796 2202 843; x_wconf 92' lang='lat' dir='ltr'><strong>tuo</strong></span> <span class='ocrx_word' id='word_1_420' title='bbox 2254 788 2489 844; x_wconf 82' lang='lat' dir='ltr'><strong>fructum</strong></span> <span class='ocrx_word' id='word_1_421' title='bbox 2527 790 2781 845; x_wconf 88' lang='lat' dir='ltr'><strong>daturum</strong></span> <span class='ocrx_word' id='word_1_422' title='bbox 2814 808 2958 854; x_wconf 84' lang='lat' dir='ltr'><strong>esse,</strong></span> <span class='ocrx_word' id='word_1_423' title='bbox 2996 791 3210 847; x_wconf 72' lang='lat' dir='ltr'><strong>scilicet</strong></span> <span class='ocrx_word' id='word_1_424' title='bbox 3255 806 3374 846; x_wconf 87' lang='lat' dir='ltr'><strong>eam</strong></span> <span class='ocrx_word' id='word_1_425' title='bbox 3410 806 3574 862; x_wconf 88' lang='lat' dir='ltr'><strong>quam</strong></span> 
     </span>
    </p>
   </div>
   <div class='ocr_carea' id='block_1_52' title="bbox 2000 877 3576 949">
    <p class='ocr_par' dir='ltr' id='par_1_52' title="bbox 2000 877 3576 949">
     <span class='ocr_line' id='line_1_52' title="bbox 2000 877 3576 949; baseline 0.003 -19"><span class='ocrx_word' id='word_1_426' title='bbox 2000 877 2274 945; x_wconf 73' lang='lat' dir='ltr'><strong>pollicitus</strong></span> <span class='ocrx_word' id='word_1_427' title='bbox 2319 879 2453 949; x_wconf 85' lang='lat' dir='ltr'><strong>ipsis</strong></span> <span class='ocrx_word' id='word_1_428' title='bbox 2475 895 2556 943; x_wconf 89' lang='lat' dir='ltr'><strong>es,</strong></span> <span class='ocrx_word' id='word_1_429' title='bbox 2595 880 2985 935; x_wconf 68' lang='lat' dir='ltr'><strong>hmreditatem.</strong></span> <span class='ocrx_word' id='word_1_430' title='bbox 3019 880 3155 935; x_wconf 89' lang='lat' dir='ltr'><strong>Cum</strong></span> <span class='ocrx_word' id='word_1_431' title='bbox 3192 887 3371 935; x_wconf 88' lang='lat' dir='ltr'><strong>autem</strong></span> <span class='ocrx_word' id='word_1_432' title='bbox 3399 880 3576 934; x_wconf 88' lang='lat' dir='ltr'><strong>indis-</strong></span> 
     </span>
    </p>
   </div>
   <div class='ocr_carea' id='block_1_53' title="bbox 1998 969 3571 1037">
    <p class='ocr_par' dir='ltr' id='par_1_53' title="bbox 1998 969 3571 1037">
     <span class='ocr_line' id='line_1_53' title="bbox 1998 969 3571 1037; baseline 0.003 -16"><span class='ocrx_word' id='word_1_433' title='bbox 1998 969 2332 1024; x_wconf 89' lang='lat' dir='ltr'><strong>criminatim</strong></span> <span class='ocrx_word' id='word_1_434' title='bbox 2379 969 2618 1037; x_wconf 79' lang='lat' dir='ltr'><strong>dixerit,</strong></span> <span class='ocrx_word' id='word_1_435' title='bbox 2667 990 2685 1023; x_wconf 85' lang='grc'><strong><em>‹</em></strong></span> <span class='ocrx_word' id='word_1_436' title='bbox 2724 972 3045 1027; x_wconf 79' lang='lat' dir='ltr'><strong>timentibus</strong></span> <span class='ocrx_word' id='word_1_437' title='bbox 3082 987 3279 1026; x_wconf 86' lang='lat' dir='ltr'><strong>nomen</strong></span> <span class='ocrx_word' id='word_1_438' title='bbox 3333 981 3509 1034; x_wconf 90' lang='lat' dir='ltr'><strong>tuum,</strong></span> <span class='ocrx_word' id='word_1_439' title='bbox 3549 989 3571 1025; x_wconf 69' lang='grc' dir='ltr'><strong>ι</strong></span> 
     </span>
    </p>
   </div>
   <div class='ocr_carea' id='block_1_54' title="bbox 2000 1062 3574 1134">
    <p class='ocr_par' dir='ltr' id='par_1_54' title="bbox 2000 1062 3574 1134">
     <span class='ocr_line' id='line_1_54' title="bbox 2000 1062 3574 1134; baseline -0.002 -17"><span class='ocrx_word' id='word_1_440' title='bbox 2000 1064 2055 1117; x_wconf 92' lang='lat' dir='ltr'><strong>in</strong></span> <span class='ocrx_word' id='word_1_441' title='bbox 2082 1079 2271 1118; x_wconf 91' lang='lat' dir='ltr'><strong>omnes</strong></span> <span class='ocrx_word' id='word_1_442' title='bbox 2302 1063 2552 1119; x_wconf 84' lang='lat' dir='ltr'><strong>homines</strong></span> <span class='ocrx_word' id='word_1_443' title='bbox 2603 1064 2834 1134; x_wconf 80' lang='lat' dir='ltr'><strong>gratiam</strong></span> <span class='ocrx_word' id='word_1_444' title='bbox 2880 1063 3144 1119; x_wconf 80' lang='lat' dir='ltr'><strong>extendit.</strong></span> <span class='ocrx_word' id='word_1_445' title='bbox 3191 1062 3376 1133; x_wconf 88' lang='lat' dir='ltr'><strong>Neque</strong></span> <span class='ocrx_word' id='word_1_446' title='bbox 3428 1063 3574 1117; x_wconf 90' lang='lat' dir='ltr'><strong>enim</strong></span> 
     </span>
    </p>
   </div>
   <div class='ocr_carea' id='block_1_55' title="bbox 2000 1154 3578 1227">
    <p class='ocr_par' dir='ltr' id='par_1_55' title="bbox 2000 1154 3578 1227">
     <span class='ocr_line' id='line_1_55' title="bbox 2000 1154 3578 1227; baseline -0.002 -16"><span class='ocrx_word' id='word_1_447' title='bbox 2000 1156 2212 1223; x_wconf 84' lang='lat' dir='ltr'><strong>lsraeli,</strong></span> <span class='ocrx_word' id='word_1_448' title='bbox 2269 1173 2446 1226; x_wconf 76' lang='lat' dir='ltr'><strong>neque</strong></span> <span class='ocrx_word' id='word_1_449' title='bbox 2491 1155 2721 1212; x_wconf 84' lang='lat' dir='ltr'><strong>Judaico</strong></span> <span class='ocrx_word' id='word_1_450' title='bbox 2774 1157 2973 1227; x_wconf 88' lang='lat' dir='ltr'><strong>populo</strong></span> <span class='ocrx_word' id='word_1_451' title='bbox 3022 1163 3234 1210; x_wconf 90' lang='lat' dir='ltr'><strong>tantum</strong></span> <span class='ocrx_word' id='word_1_452' title='bbox 3289 1154 3578 1213; x_wconf 72' lang='lat' dir='ltr'><strong>haeredita-</strong></span> 
     </span>
    </p>
   </div>
   <div class='ocr_carea' id='block_1_56' title="bbox 1999 1245 3577 1317">
    <p class='ocr_par' dir='ltr' id='par_1_56' title="bbox 1999 1245 3577 1317">
     <span class='ocr_line' id='line_1_56' title="bbox 1999 1245 3577 1317; baseline 0 -16"><span class='ocrx_word' id='word_1_453' title='bbox 1999 1254 2107 1303; x_wconf 88' lang='lat' dir='ltr'><strong>tem</strong></span> <span class='ocrx_word' id='word_1_454' title='bbox 2159 1249 2436 1317; x_wconf 89' lang='lat' dir='ltr'><strong>pollicitus</strong></span> <span class='ocrx_word' id='word_1_455' title='bbox 2474 1257 2591 1314; x_wconf 90' lang='lat' dir='ltr'><strong>est,</strong></span> <span class='ocrx_word' id='word_1_456' title='bbox 2626 1249 2720 1304; x_wconf 81' lang='lat' dir='ltr'><strong>sed</strong></span> <span class='ocrx_word' id='word_1_457' title='bbox 2750 1249 2914 1303; x_wconf 88' lang='lat' dir='ltr'><strong>etiam</strong></span> <span class='ocrx_word' id='word_1_458' title='bbox 2966 1247 3223 1302; x_wconf 85' lang='lat' dir='ltr'><strong>omnibus</strong></span> <span class='ocrx_word' id='word_1_459' title='bbox 3252 1245 3577 1301; x_wconf 78' lang='lat' dir='ltr'><strong>timentibus</strong></span> 
     </span>
    </p>
   </div>
   <div class='ocr_carea' id='block_1_57' title="bbox 1999 1338 3573 1410">
    <p class='ocr_par' dir='ltr' id='par_1_57' title="bbox 1999 1338 3573 1410">
     <span class='ocr_line' id='line_1_57' title="bbox 1999 1338 3573 1410; baseline -0.001 -16"><span class='ocrx_word' id='word_1_460' title='bbox 1999 1355 2197 1394; x_wconf 85' lang='lat' dir='ltr'><strong>nomen</strong></span> <span class='ocrx_word' id='word_1_461' title='bbox 2229 1356 2411 1395; x_wconf 89' lang='lat' dir='ltr'><strong>suum.</strong></span> <span class='ocrx_word' id='word_1_462' title='bbox 2453 1360 2471 1393; x_wconf 82' lang='grc' dir='ltr'><strong>ι</strong></span> <span class='ocrx_word' id='word_1_463' title='bbox 2510 1340 2698 1395; x_wconf 71' lang='lat' dir='ltr'><strong>Judmo</strong></span> <span class='ocrx_word' id='word_1_464' title='bbox 2725 1340 2981 1410; x_wconf 89' lang='lat' dir='ltr'><strong>primum,</strong></span> <span class='ocrx_word' id='word_1_465' title='bbox 3015 1359 3033 1391; x_wconf 78' lang='grc' dir='ltr'><strong>ι</strong></span> <span class='ocrx_word' id='word_1_466' title='bbox 3058 1341 3235 1409; x_wconf 85' lang='lat' dir='ltr'><strong>inquit</strong></span> <span class='ocrx_word' id='word_1_467' title='bbox 3256 1338 3573 1409; x_wconf 85' lang='lat' dir='ltr'><strong>Apostolus,</strong></span> 
     </span>
    </p>
   </div>
   <div class='ocr_carea' id='block_1_58' title="bbox 2005 1430 3576 1501">
    <p class='ocr_par' dir='ltr' id='par_1_58' title="bbox 2005 1430 3576 1501">
     <span class='ocr_line' id='line_1_58' title="bbox 2005 1430 3576 1501; baseline -0.001 -18"><span class='ocrx_word' id='word_1_468' title='bbox 2005 1451 2023 1483; x_wconf 73' lang='grc' dir='ltr'><strong>ι</strong></span> <span class='ocrx_word' id='word_1_469' title='bbox 2062 1439 2111 1486; x_wconf 90' lang='lat' dir='ltr'><strong>et</strong></span> <span class='ocrx_word' id='word_1_470' title='bbox 2158 1430 2348 1487; x_wconf 75' lang='lat' dir='ltr'><strong>Graeco</strong></span> <span class='ocrx_word' id='word_1_471' title='bbox 2371 1431 2437 1485; x_wconf 74' lang='lat'><strong>“.</strong></span> <span class='ocrx_word' id='word_1_472' title='bbox 2476 1452 2494 1484; x_wconf 77' lang='grc' dir='ltr'><strong>ι</strong></span> <span class='ocrx_word' id='word_1_473' title='bbox 2528 1431 2645 1486; x_wconf 82' lang='lat' dir='ltr'><strong>Jam</strong></span> <span class='ocrx_word' id='word_1_474' title='bbox 2699 1432 3020 1501; x_wconf 86' lang='lat' dir='ltr'><strong>plerumque</strong></span> <span class='ocrx_word' id='word_1_475' title='bbox 3059 1432 3493 1486; x_wconf 87' lang='lat' dir='ltr'><strong>demonstratum</strong></span> <span class='ocrx_word' id='word_1_476' title='bbox 3540 1443 3576 1481; x_wconf 85' lang='lat' dir='ltr'><strong>a</strong></span> 
     </span>
    </p>
   </div>
   <div class='ocr_carea' id='block_1_59' title="bbox 1998 1520 3573 1595">
    <p class='ocr_par' dir='ltr' id='par_1_59' title="bbox 1998 1520 3573 1595">
     <span class='ocr_line' id='line_1_59' title="bbox 1998 1520 3573 1595; baseline -0.001 -18"><span class='ocrx_word' id='word_1_477' title='bbox 1998 1524 2159 1578; x_wconf 82' lang='lat' dir='ltr'><strong>nobis</strong></span> <span class='ocrx_word' id='word_1_478' title='bbox 2205 1534 2306 1589; x_wconf 89' lang='lat' dir='ltr'><strong>est,</strong></span> <span class='ocrx_word' id='word_1_479' title='bbox 2348 1522 2687 1595; x_wconf 90' lang='lat' dir='ltr'><strong>Scripturam</strong></span> <span class='ocrx_word' id='word_1_480' title='bbox 2724 1538 2931 1595; x_wconf 83' lang='lat' dir='ltr'><strong>_omnes</strong></span> <span class='ocrx_word' id='word_1_481' title='bbox 2964 1523 3058 1592; x_wconf 89' lang='lat' dir='ltr'><strong>qui</strong></span> <span class='ocrx_word' id='word_1_482' title='bbox 3116 1539 3183 1577; x_wconf 85' lang='lat' dir='ltr'><strong>ex</strong></span> <span class='ocrx_word' id='word_1_483' title='bbox 3212 1522 3465 1593; x_wconf 83' lang='lat' dir='ltr'><strong>gentibus</strong></span> <span class='ocrx_word' id='word_1_484' title='bbox 3504 1520 3573 1575; x_wconf 89' lang='lat' dir='ltr'><strong>ad</strong></span> 
     </span>
    </p>
   </div>
   <div class='ocr_carea' id='block_1_60' title="bbox 2001 1590 3573 1681">
    <p class='ocr_par' dir='ltr' id='par_1_60' title="bbox 2001 1590 3573 1681">
     <span class='ocr_line' id='line_1_60' title="bbox 2001 1590 3573 1681; baseline -0.001 -16"><span class='ocrx_word' id='word_1_485' title='bbox 2001 1613 2169 1669; x_wconf 90' lang='lat' dir='ltr'><strong>Deum</strong></span> <span class='ocrx_word' id='word_1_486' title='bbox 2205 1615 2495 1681; x_wconf 84' lang='lat' dir='ltr'><strong>accedunt,</strong></span> <span class='ocrx_word' id='word_1_487' title='bbox 2518 1590 2775 1669; x_wconf 70' lang='lat' dir='ltr'><strong>timentes</strong></span> <span class='ocrx_word' id='word_1_488' title='bbox 2808 1613 3101 1667; x_wconf 89' lang='lat' dir='ltr'><strong>Dominum</strong></span> <span class='ocrx_word' id='word_1_489' title='bbox 3131 1628 3327 1668; x_wconf 79' lang='lat' dir='ltr'><strong>vocare</strong></span> <span class='ocrx_word' id='word_1_490' title='bbox 3373 1612 3573 1666; x_wconf 89' lang='lat' dir='ltr'><strong>solere.</strong></span> 
     </span>
    </p>
   </div>
   <div class='ocr_carea' id='block_1_61' title="bbox 2000 1697 3571 1770">
    <p class='ocr_par' dir='ltr' id='par_1_61' title="bbox 2000 1697 3571 1770">
     <span class='ocr_line' id='line_1_61' title="bbox 2000 1697 3571 1770; baseline 0.001 -20"><span class='ocrx_word' id='word_1_491' title='bbox 2000 1697 2096 1753; x_wconf 85' lang='lat' dir='ltr'><strong>His</strong></span> <span class='ocrx_word' id='word_1_492' title='bbox 2125 1701 2309 1769; x_wconf 85' lang='lat' dir='ltr'><strong>itaque</strong></span> <span class='ocrx_word' id='word_1_493' title='bbox 2344 1700 2500 1770; x_wconf 90' lang='lat' dir='ltr'><strong>ipsis,</strong></span> <span class='ocrx_word' id='word_1_494' title='bbox 2534 1700 2630 1762; x_wconf 88' lang='lat' dir='ltr'><strong>ait,</strong></span> <span class='ocrx_word' id='word_1_495' title='bbox 2662 1698 2860 1754; x_wconf 87' lang='lat' dir='ltr'><strong>dedisti</strong></span> <span class='ocrx_word' id='word_1_496' title='bbox 2880 1697 3252 1753; x_wconf 63' lang='lat' dir='ltr'><strong>hwreditatem</strong></span> <span class='ocrx_word' id='word_1_497' title='bbox 3274 1717 3287 1752; x_wconf 91' lang='lat'>:</span> <span class='ocrx_word' id='word_1_498' title='bbox 3312 1698 3526 1768; x_wconf 89' lang='lat' dir='ltr'><strong>qualem</strong></span> <span class='ocrx_word' id='word_1_499' title='bbox 3554 1736 3571 1761; x_wconf 93' lang='lat'><strong>,</strong></span> 
     </span>
    </p>
   </div>
   <div class='ocr_carea' id='block_1_62' title="bbox 2000 1788 3573 1859">
    <p class='ocr_par' dir='ltr' id='par_1_62' title="bbox 2000 1788 3573 1859">
     <span class='ocr_line' id='line_1_62' title="bbox 2000 1788 3573 1859; baseline 0.001 -17"><span class='ocrx_word' id='word_1_500' title='bbox 2000 1803 2110 1842; x_wconf 90' lang='lat' dir='ltr'><strong>non</strong></span> <span class='ocrx_word' id='word_1_501' title='bbox 2170 1789 2448 1859; x_wconf 83' lang='lat' dir='ltr'><strong>explicat,</strong></span> <span class='ocrx_word' id='word_1_502' title='bbox 2509 1790 2604 1845; x_wconf 91' lang='lat' dir='ltr'><strong>sed</strong></span> <span class='ocrx_word' id='word_1_503' title='bbox 2670 1788 3055 1859; x_wconf 89' lang='lat' dir='ltr'><strong>inquirendum</strong></span> <span class='ocrx_word' id='word_1_504' title='bbox 3105 1789 3268 1845; x_wconf 89' lang='lat' dir='ltr'><strong>nobis</strong></span> <span class='ocrx_word' id='word_1_505' title='bbox 3330 1789 3573 1858; x_wconf 87' lang='lat' dir='ltr'><strong>reliquit.</strong></span> 
     </span>
    </p>
   </div>
   <div class='ocr_carea' id='block_1_63' title="bbox 2002 1879 3575 1954">
    <p class='ocr_par' dir='ltr' id='par_1_63' title="bbox 2002 1879 3575 1954">
     <span class='ocr_line' id='line_1_63' title="bbox 2002 1879 3575 1954; baseline 0.001 -22"><span class='ocrx_word' id='word_1_506' title='bbox 2002 1879 2188 1934; x_wconf 89' lang='lat' dir='ltr'><strong>lsraeli</strong></span> <span class='ocrx_word' id='word_1_507' title='bbox 2217 1880 2401 1949; x_wconf 83' lang='lat' dir='ltr'><strong>itaque</strong></span> <span class='ocrx_word' id='word_1_508' title='bbox 2435 1888 2640 1936; x_wconf 90' lang='lat' dir='ltr'><strong>terram</strong></span> <span class='ocrx_word' id='word_1_509' title='bbox 2668 1880 2937 1935; x_wconf 86' lang='lat' dir='ltr'><strong>&#39;lluentem</strong></span> <span class='ocrx_word' id='word_1_510' title='bbox 2974 1881 3081 1935; x_wconf 85' lang='lat' dir='ltr'><strong>mel</strong></span> <span class='ocrx_word' id='word_1_511' title='bbox 3115 1889 3169 1936; x_wconf 88' lang='lat' dir='ltr'><strong>et</strong></span> <span class='ocrx_word' id='word_1_512' title='bbox 3196 1882 3281 1935; x_wconf 87' lang='lat' dir='ltr'><strong>lac</strong></span> <span class='ocrx_word' id='word_1_513' title='bbox 3305 1896 3401 1953; x_wconf 88' lang='lat' dir='ltr'><strong>per</strong></span> <span class='ocrx_word' id='word_1_514' title='bbox 3426 1880 3575 1954; x_wconf 81' lang='lat' dir='ltr'><strong>Moy-</strong></span> 
     </span>
    </p>
   </div>
   <div class='ocr_carea' id='block_1_64' title="bbox 2002 1971 3577 2042">
    <p class='ocr_par' dir='ltr' id='par_1_64' title="bbox 2002 1971 3577 2042">
     <span class='ocr_line' id='line_1_64' title="bbox 2002 1971 3577 2042; baseline 0.001 -15"><span class='ocrx_word' id='word_1_515' title='bbox 2002 1987 2098 2027; x_wconf 90' lang='lat' dir='ltr'><strong>sen</strong></span> <span class='ocrx_word' id='word_1_516' title='bbox 2144 1971 2425 2041; x_wconf 88' lang='lat' dir='ltr'><strong>promisit;</strong></span> <span class='ocrx_word' id='word_1_517' title='bbox 2456 1971 2777 2028; x_wconf 88' lang='lat' dir='ltr'><strong>timentibus</strong></span> <span class='ocrx_word' id='word_1_518' title='bbox 2807 1981 2987 2027; x_wconf 89' lang='lat' dir='ltr'><strong>autem</strong></span> <span class='ocrx_word' id='word_1_519' title='bbox 3015 1989 3177 2042; x_wconf 89' lang='lat' dir='ltr'><strong>quam</strong></span> <span class='ocrx_word' id='word_1_520' title='bbox 3214 1972 3305 2028; x_wconf 89' lang='lat' dir='ltr'><strong>det</strong></span> <span class='ocrx_word' id='word_1_521' title='bbox 3340 1973 3577 2029; x_wconf 63' lang='lat' dir='ltr'><strong>haeredi-</strong></span> 
     </span>
    </p>
   </div>
   <div class='ocr_carea' id='block_1_65' title="bbox 2002 2063 3577 2137">
    <p class='ocr_par' dir='ltr' id='par_1_65' title="bbox 2002 2063 3577 2137">
     <span class='ocr_line' id='line_1_65' title="bbox 2002 2063 3577 2137; baseline 0.003 -20"><span class='ocrx_word' id='word_1_522' title='bbox 2002 2070 2187 2128; x_wconf 82' lang='lat' dir='ltr'><strong>tatem,</strong></span> <span class='ocrx_word' id='word_1_523' title='bbox 2222 2063 2575 2133; x_wconf 74' lang='lat' dir='ltr'><strong>quzerendum</strong></span> <span class='ocrx_word' id='word_1_524' title='bbox 2607 2065 2849 2137; x_wconf 87' lang='lat' dir='ltr'><strong>reliquit.</strong></span> <span class='ocrx_word' id='word_1_525' title='bbox 2874 2068 3005 2121; x_wconf 87' lang='lat' dir='ltr'><strong>Eam</strong></span> <span class='ocrx_word' id='word_1_526' title='bbox 3036 2082 3164 2121; x_wconf 86' lang='lat' dir='ltr'><strong>vero</strong></span> <span class='ocrx_word' id='word_1_527' title='bbox 3187 2067 3242 2121; x_wconf 91' lang='lat' dir='ltr'><strong>in</strong></span> <span class='ocrx_word' id='word_1_528' title='bbox 3273 2065 3577 2123; x_wconf 82' lang='lat' dir='ltr'><strong>Salvatoris</strong></span> 
     </span>
    </p>
   </div>
   <div class='ocr_carea' id='block_1_66' title="bbox 1999 2156 3582 2228">
    <p class='ocr_par' dir='ltr' id='par_1_66' title="bbox 1999 2156 3582 2228">
     <span class='ocr_line' id='line_1_66' title="bbox 1999 2156 3582 2228; baseline 0.002 -17"><span class='ocrx_word' id='word_1_529' title='bbox 1999 2157 2174 2211; x_wconf 90' lang='lat' dir='ltr'><strong>nostri</strong></span> <span class='ocrx_word' id='word_1_530' title='bbox 2192 2156 2624 2212; x_wconf 85' lang='lat' dir='ltr'><strong>beatitudinibus</strong></span> <span class='ocrx_word' id='word_1_531' title='bbox 2641 2157 3035 2228; x_wconf 86' lang='lat' dir='ltr'><strong>deprehendas,</strong></span> <span class='ocrx_word' id='word_1_532' title='bbox 3050 2160 3141 2214; x_wconf 92' lang='lat' dir='ltr'><strong>ubi</strong></span> <span class='ocrx_word' id='word_1_533' title='bbox 3157 2159 3358 2215; x_wconf 92' lang='lat' dir='ltr'><strong>dicitur</strong></span> <span class='ocrx_word' id='word_1_534' title='bbox 3376 2178 3389 2213; x_wconf 91' lang='lat'><strong>:</strong></span> <span class='ocrx_word' id='word_1_535' title='bbox 3409 2178 3427 2211; x_wconf 81' lang='grc' dir='ltr'><strong>ι</strong></span> <span class='ocrx_word' id='word_1_536' title='bbox 3446 2159 3582 2214; x_wconf 83' lang='lat' dir='ltr'><strong>Bea-</strong></span> 
     </span>
    </p>
   </div>
   <div class='ocr_carea' id='block_1_67' title="bbox 2000 2248 3573 2322">
    <p class='ocr_par' dir='ltr' id='par_1_67' title="bbox 2000 2248 3573 2322">
     <span class='ocr_line' id='line_1_67' title="bbox 2000 2248 3573 2322; baseline 0.001 -20"><span class='ocrx_word' id='word_1_537' title='bbox 2000 2249 2037 2302; x_wconf 92' lang='lat' dir='ltr'><strong>ti</strong></span> <span class='ocrx_word' id='word_1_538' title='bbox 2075 2264 2345 2319; x_wconf 84' lang='lat' dir='ltr'><strong>pauperes</strong></span> <span class='ocrx_word' id='word_1_539' title='bbox 2374 2248 2592 2319; x_wconf 88' lang='lat' dir='ltr'><strong>spiritu,</strong></span> <span class='ocrx_word' id='word_1_540' title='bbox 2617 2250 2878 2321; x_wconf 87' lang='lat' dir='ltr'><strong>quoniam</strong></span> <span class='ocrx_word' id='word_1_541' title='bbox 2907 2251 3152 2320; x_wconf 91' lang='lat' dir='ltr'><strong>ipsorum</strong></span> <span class='ocrx_word' id='word_1_542' title='bbox 3207 2259 3292 2307; x_wconf 89' lang='lat' dir='ltr'><strong>est</strong></span> <span class='ocrx_word' id='word_1_543' title='bbox 3345 2266 3573 2322; x_wconf 78' lang='lat' dir='ltr'><strong>regnum</strong></span> 
     </span>
    </p>
   </div>
   <div class='ocr_carea' id='block_1_68' title="bbox 1997 2339 3580 2412">
    <p class='ocr_par' dir='ltr' id='par_1_68' title="bbox 1997 2339 3580 2412">
     <span class='ocr_line' id='line_1_68' title="bbox 1997 2339 3580 2412; baseline 0 -16"><span class='ocrx_word' id='word_1_544' title='bbox 1997 2341 2264 2396; x_wconf 72' lang='lat' dir='ltr'><strong>malorum</strong></span> <span class='ocrx_word' id='word_1_545' title='bbox 2289 2341 2332 2372; x_wconf 70' lang='grc'><strong>⁸⁷</strong></span> <span class='ocrx_word' id='word_1_546' title='bbox 2358 2358 2373 2408; x_wconf 89' lang='grc'><strong>;</strong></span> <span class='ocrx_word' id='word_1_547' title='bbox 2400 2360 2419 2392; x_wconf 71' lang='grc' dir='ltr'><strong>ι</strong></span> <span class='ocrx_word' id='word_1_548' title='bbox 2455 2356 2519 2395; x_wconf 92' lang='lat' dir='ltr'><strong>ac</strong></span> <span class='ocrx_word' id='word_1_549' title='bbox 2553 2357 2773 2396; x_wconf 85' lang='lat' dir='ltr'><strong>rursum</strong></span> <span class='ocrx_word' id='word_1_550' title='bbox 2811 2339 3112 2397; x_wconf 86' lang='lat' dir='ltr'><strong>Salvatoris</strong></span> <span class='ocrx_word' id='word_1_551' title='bbox 3138 2342 3311 2397; x_wconf 90' lang='lat' dir='ltr'><strong>nostri</strong></span> <span class='ocrx_word' id='word_1_552' title='bbox 3337 2341 3580 2412; x_wconf 80' lang='lat' dir='ltr'><strong>promis-</strong></span> 
     </span>
    </p>
   </div>
   <div class='ocr_carea' id='block_1_69' title="bbox 1997 2430 3575 2503">
    <p class='ocr_par' dir='ltr' id='par_1_69' title="bbox 1997 2430 3575 2503">
     <span class='ocr_line' id='line_1_69' title="bbox 1997 2430 3575 2503; baseline 0 -15"><span class='ocrx_word' id='word_1_553' title='bbox 1997 2448 2118 2488; x_wconf 90' lang='lat' dir='ltr'><strong>sum</strong></span> <span class='ocrx_word' id='word_1_554' title='bbox 2141 2432 2331 2497; x_wconf 83' lang='lat' dir='ltr'><strong>habes,</strong></span> <span class='ocrx_word' id='word_1_555' title='bbox 2368 2448 2477 2502; x_wconf 91' lang='lat' dir='ltr'><strong>quo</strong></span> <span class='ocrx_word' id='word_1_556' title='bbox 2501 2433 2578 2486; x_wconf 89' lang='lat' dir='ltr'><strong>ait</strong></span> <span class='ocrx_word' id='word_1_557' title='bbox 2610 2451 2623 2487; x_wconf 87' lang='lat'>:</span> <span class='ocrx_word' id='word_1_558' title='bbox 2661 2452 2680 2483; x_wconf 85' lang='grc'><em>‹</em></span> <span class='ocrx_word' id='word_1_559' title='bbox 2719 2430 2787 2487; x_wconf 84' lang='lat' dir='ltr'><strong>Et</strong></span> <span class='ocrx_word' id='word_1_560' title='bbox 2810 2434 2863 2488; x_wconf 82' lang='lat' dir='ltr'><strong>in</strong></span> <span class='ocrx_word' id='word_1_561' title='bbox 2889 2434 2993 2489; x_wconf 92' lang='lat' dir='ltr'><strong>hoc</strong></span> <span class='ocrx_word' id='word_1_562' title='bbox 3021 2435 3220 2489; x_wconf 68' lang='lat' dir='ltr'><strong>saeculo</strong></span> <span class='ocrx_word' id='word_1_563' title='bbox 3251 2435 3422 2488; x_wconf 88' lang='lat' dir='ltr'><strong>multo</strong></span> <span class='ocrx_word' id='word_1_564' title='bbox 3453 2434 3575 2503; x_wconf 84' lang='lat' dir='ltr'><strong>plu-</strong></span> 
     </span>
    </p>
   </div>
   <div class='ocr_carea' id='block_1_70' title="bbox 1996 2523 3574 2594">
    <p class='ocr_par' dir='ltr' id='par_1_70' title="bbox 1996 2523 3574 2594">
     <span class='ocr_line' id='line_1_70' title="bbox 1996 2523 3574 2594; baseline -0.001 -16"><span class='ocrx_word' id='word_1_565' title='bbox 1996 2540 2056 2578; x_wconf 90' lang='lat' dir='ltr'><strong>ra</strong></span> <span class='ocrx_word' id='word_1_566' title='bbox 2080 2523 2327 2594; x_wconf 84' lang='lat' dir='ltr'><strong>recipiet,</strong></span> <span class='ocrx_word' id='word_1_567' title='bbox 2355 2530 2410 2577; x_wconf 91' lang='lat' dir='ltr'><strong>et</strong></span> <span class='ocrx_word' id='word_1_568' title='bbox 2462 2523 2517 2577; x_wconf 92' lang='lat' dir='ltr'><strong>in</strong></span> <span class='ocrx_word' id='word_1_569' title='bbox 2568 2523 2752 2577; x_wconf 83' lang='lat' dir='ltr'><strong>futuro</strong></span> <span class='ocrx_word' id='word_1_570' title='bbox 2801 2525 2968 2577; x_wconf 78' lang='lat' dir='ltr'><strong>vitam</strong></span> <span class='ocrx_word' id='word_1_571' title='bbox 3012 2532 3269 2578; x_wconf 63' lang='lat' dir='ltr'><strong>aeternam</strong></span> <span class='ocrx_word' id='word_1_572' title='bbox 3325 2523 3574 2593; x_wconf 90' lang='lat' dir='ltr'><strong>posside-</strong></span> 
     </span>
    </p>
   </div>
   <div class='ocr_carea' id='block_1_71' title="bbox 1995 2612 3576 2683">
    <p class='ocr_par' dir='ltr' id='par_1_71' title="bbox 1995 2612 3576 2683">
     <span class='ocr_line' id='line_1_71' title="bbox 1995 2612 3576 2683; baseline 0 -15"><span class='ocrx_word' id='word_1_573' title='bbox 1995 2613 2075 2668; x_wconf 89' lang='lat' dir='ltr'><strong>bit</strong></span> <span class='ocrx_word' id='word_1_574' title='bbox 2103 2613 2169 2666; x_wconf 69' lang='lat'><strong>&quot;.</strong></span> <span class='ocrx_word' id='word_1_575' title='bbox 2213 2630 2231 2664; x_wconf 78' lang='grc' dir='ltr'><strong>ι</strong></span> <span class='ocrx_word' id='word_1_576' title='bbox 2267 2612 2443 2682; x_wconf 86' lang='lat' dir='ltr'><strong>Hujus</strong></span> <span class='ocrx_word' id='word_1_577' title='bbox 2471 2613 2806 2668; x_wconf 65' lang='lat' dir='ltr'><strong>haereditatis</strong></span> <span class='ocrx_word' id='word_1_578' title='bbox 2880 2628 3047 2667; x_wconf 89' lang='lat' dir='ltr'><strong>causa</strong></span> <span class='ocrx_word' id='word_1_579' title='bbox 3081 2614 3307 2683; x_wconf 90' lang='lat' dir='ltr'><strong>quintus</strong></span> <span class='ocrx_word' id='word_1_580' title='bbox 3328 2613 3576 2683; x_wconf 82' lang='lat' dir='ltr'><strong>psalmus</strong></span> 
     </span>
    </p>
   </div>
   <div class='ocr_carea' id='block_1_72' title="bbox 1998 2703 3576 2774">
    <p class='ocr_par' dir='ltr' id='par_1_72' title="bbox 1998 2703 3576 2774">
     <span class='ocr_line' id='line_1_72' title="bbox 1998 2703 3576 2774; baseline 0.001 -16"><span class='ocrx_word' id='word_1_581' title='bbox 1998 2704 2298 2773; x_wconf 88' lang='lat' dir='ltr'><strong>inscriptus</strong></span> <span class='ocrx_word' id='word_1_582' title='bbox 2332 2711 2459 2759; x_wconf 89' lang='lat' dir='ltr'><strong>est:</strong></span> <span class='ocrx_word' id='word_1_583' title='bbox 2503 2723 2521 2755; x_wconf 79' lang='grc' dir='ltr'><strong>ι</strong></span> <span class='ocrx_word' id='word_1_584' title='bbox 2571 2704 2627 2757; x_wconf 90' lang='lat' dir='ltr'><strong>In</strong></span> <span class='ocrx_word' id='word_1_585' title='bbox 2665 2704 2847 2769; x_wconf 87' lang='lat' dir='ltr'><strong>linem,</strong></span> <span class='ocrx_word' id='word_1_586' title='bbox 2879 2720 2978 2774; x_wconf 88' lang='lat' dir='ltr'><strong>pro</strong></span> <span class='ocrx_word' id='word_1_587' title='bbox 3026 2720 3088 2758; x_wconf 90' lang='lat' dir='ltr'><strong>ea</strong></span> <span class='ocrx_word' id='word_1_588' title='bbox 3131 2719 3253 2774; x_wconf 72' lang='lat' dir='ltr'><strong>qua:</strong></span> <span class='ocrx_word' id='word_1_589' title='bbox 3286 2703 3576 2759; x_wconf 69' lang='lat' dir='ltr'><strong>haeredita-</strong></span> 
     </span>
    </p>
   </div>
   <div class='ocr_carea' id='block_1_73' title="bbox 1996 2792 3575 2864">
    <p class='ocr_par' dir='ltr' id='par_1_73' title="bbox 1996 2792 3575 2864">
     <span class='ocr_line' id='line_1_73' title="bbox 1996 2792 3575 2864; baseline 0.001 -17"><span class='ocrx_word' id='word_1_590' title='bbox 1996 2801 2105 2850; x_wconf 90' lang='lat' dir='ltr'><strong>tem</strong></span> <span class='ocrx_word' id='word_1_591' title='bbox 2139 2795 2378 2864; x_wconf 85' lang='lat' dir='ltr'><strong>accipit;</strong></span> <span class='ocrx_word' id='word_1_592' title='bbox 2415 2813 2434 2845; x_wconf 74' lang='grc' dir='ltr'><strong>ι</strong></span> <span class='ocrx_word' id='word_1_593' title='bbox 2462 2801 2516 2848; x_wconf 90' lang='lat' dir='ltr'><strong>et</strong></span> <span class='ocrx_word' id='word_1_594' title='bbox 2548 2794 2604 2848; x_wconf 81' lang='lat' dir='ltr'><strong>in</strong></span> <span class='ocrx_word' id='word_1_595' title='bbox 2653 2792 2867 2848; x_wconf 91' lang='lat' dir='ltr'><strong>decimo</strong></span> <span class='ocrx_word' id='word_1_596' title='bbox 2910 2794 3104 2862; x_wconf 89' lang='lat' dir='ltr'><strong>quinto</strong></span> <span class='ocrx_word' id='word_1_597' title='bbox 3141 2794 3354 2862; x_wconf 88' lang='lat' dir='ltr'><strong>psalmo</strong></span> <span class='ocrx_word' id='word_1_598' title='bbox 3384 2793 3575 2848; x_wconf 83' lang='lat' dir='ltr'><strong>eadem</strong></span> 
     </span>
    </p>
   </div>
   <div class='ocr_carea' id='block_1_74' title="bbox 1998 2884 3580 2959">
    <p class='ocr_par' dir='ltr' id='par_1_74' title="bbox 1998 2884 3580 2959">
     <span class='ocr_line' id='line_1_74' title="bbox 1998 2884 3580 2959; baseline -0.003 -16"><span class='ocrx_word' id='word_1_599' title='bbox 1998 2888 2117 2959; x_wconf 90' lang='lat' dir='ltr'><strong>ipsa</strong></span> <span class='ocrx_word' id='word_1_600' title='bbox 2152 2887 2442 2942; x_wconf 68' lang='lat' dir='ltr'><strong>haereditas</strong></span> <span class='ocrx_word' id='word_1_601' title='bbox 2491 2885 2804 2941; x_wconf 88' lang='lat' dir='ltr'><strong>declaratur</strong></span> <span class='ocrx_word' id='word_1_602' title='bbox 2861 2885 2965 2939; x_wconf 89' lang='lat' dir='ltr'><strong>hoc</strong></span> <span class='ocrx_word' id='word_1_603' title='bbox 3017 2886 3207 2939; x_wconf 88' lang='lat' dir='ltr'><strong>dicto:</strong></span> <span class='ocrx_word' id='word_1_604' title='bbox 3254 2903 3274 2937; x_wconf 75' lang='grc' dir='ltr'><strong>ι</strong></span> <span class='ocrx_word' id='word_1_605' title='bbox 3314 2884 3580 2942; x_wconf 77' lang='lat' dir='ltr'><strong>Dominus</strong></span> 
     </span>
    </p>
   </div>
   <div class='ocr_carea' id='block_1_75' title="bbox 1998 2976 3577 3052">
    <p class='ocr_par' dir='ltr' id='par_1_75' title="bbox 1998 2976 3577 3052">
     <span class='ocr_line' id='line_1_75' title="bbox 1998 2976 3577 3052; baseline -0.003 -19"><span class='ocrx_word' id='word_1_606' title='bbox 1998 2995 2127 3052; x_wconf 88' lang='lat' dir='ltr'><strong>pars</strong></span> <span class='ocrx_word' id='word_1_607' title='bbox 2154 2979 2490 3034; x_wconf 69' lang='lat' dir='ltr'><strong>haereditatis</strong></span> <span class='ocrx_word' id='word_1_608' title='bbox 2531 2994 2664 3033; x_wconf 68' lang='lat' dir='ltr'><strong>mea:</strong></span> <span class='ocrx_word' id='word_1_609' title='bbox 2704 2986 2758 3032; x_wconf 92' lang='lat' dir='ltr'><strong>et</strong></span> <span class='ocrx_word' id='word_1_610' title='bbox 2790 2978 2978 3033; x_wconf 82' lang='lat' dir='ltr'><strong>calicis</strong></span> <span class='ocrx_word' id='word_1_611' title='bbox 3000 2979 3102 3033; x_wconf 88' lang='lat' dir='ltr'><strong>mei</strong></span> <span class='ocrx_word' id='word_1_612' title='bbox 3139 2997 3151 3033; x_wconf 88' lang='lat'><strong>:</strong></span> <span class='ocrx_word' id='word_1_613' title='bbox 3185 2988 3241 3031; x_wconf 90' lang='lat' dir='ltr'><strong>tu</strong></span> <span class='ocrx_word' id='word_1_614' title='bbox 3270 2992 3330 3032; x_wconf 88' lang='lat' dir='ltr'><strong>es</strong></span> <span class='ocrx_word' id='word_1_615' title='bbox 3357 2976 3451 3047; x_wconf 90' lang='lat' dir='ltr'><strong>qui</strong></span> <span class='ocrx_word' id='word_1_616' title='bbox 3483 2991 3577 3030; x_wconf 79' lang='lat' dir='ltr'><strong>re-</strong></span> 
     </span>
    </p>
   </div>
   <div class='ocr_carea' id='block_1_76' title="bbox 1999 3070 3573 3132">
    <p class='ocr_par' dir='ltr' id='par_1_76' title="bbox 1999 3070 3573 3132">
     <span class='ocr_line' id='line_1_76' title="bbox 1999 3070 3573 3132; baseline -0.004 0"><span class='ocrx_word' id='word_1_617' title='bbox 1999 3076 2196 3132; x_wconf 86' lang='lat' dir='ltr'><strong>stitues</strong></span> <span class='ocrx_word' id='word_1_618' title='bbox 2231 3073 2600 3129; x_wconf 63' lang='lat' dir='ltr'><strong>haereditatem</strong></span> <span class='ocrx_word' id='word_1_619' title='bbox 2640 3086 2818 3126; x_wconf 88' lang='lat' dir='ltr'><strong>meam</strong></span> <span class='ocrx_word' id='word_1_620' title='bbox 2852 3071 3007 3125; x_wconf 89' lang='lat' dir='ltr'><strong>mihi.</strong></span> <span class='ocrx_word' id='word_1_621' title='bbox 3034 3070 3250 3127; x_wconf 85' lang='lat' dir='ltr'><strong>Etenim</strong></span> <span class='ocrx_word' id='word_1_622' title='bbox 3280 3070 3573 3127; x_wconf 66' lang='lat' dir='ltr'><strong>haereditas</strong></span> 
     </span>
    </p>
   </div>
   <div class='ocr_carea' id='block_1_77' title="bbox 1998 3162 2853 3239">
    <p class='ocr_par' dir='ltr' id='par_1_77' title="bbox 1998 3162 2853 3239">
     <span class='ocr_line' id='line_1_77' title="bbox 1998 3162 2853 3239; baseline -0.011 -15"><span class='ocrx_word' id='word_1_623' title='bbox 1998 3184 2118 3224; x_wconf 89' lang='lat' dir='ltr'><strong>mea</strong></span> <span class='ocrx_word' id='word_1_624' title='bbox 2146 3167 2413 3239; x_wconf 61' lang='lat' dir='ltr'><strong>praelata</strong></span> <span class='ocrx_word' id='word_1_625' title='bbox 2437 3172 2523 3221; x_wconf 91' lang='lat' dir='ltr'><strong>est</strong></span> <span class='ocrx_word' id='word_1_626' title='bbox 2554 3164 2690 3218; x_wconf 88' lang='lat' dir='ltr'><strong>mihi</strong></span> <span class='ocrx_word' id='word_1_627' title='bbox 2720 3162 2786 3217; x_wconf 65' lang='grc' dir='ltr'><strong>δ’.</strong></span> <span class='ocrx_word' id='word_1_628' title='bbox 2834 3181 2853 3215; x_wconf 74' lang='grc' dir='ltr'><strong>ι</strong></span> 
     </span>
    </p>
   </div>
   <div class='ocr_carea' id='block_1_78' title="bbox 2065 3350 3577 3425">
    <p class='ocr_par' dir='ltr' id='par_1_78' title="bbox 2065 3350 3577 3425">
     <span class='ocr_line' id='line_1_78' title="bbox 2065 3350 3577 3425; baseline -0.007 -10"><span class='ocrx_word' id='word_1_629' title='bbox 2065 3361 2232 3417; x_wconf 66' lang='lat' dir='ltr'><strong>Vens.</strong></span> <span class='ocrx_word' id='word_1_630' title='bbox 2263 3359 2315 3424; x_wconf 87' lang='lat'><strong>7,</strong></span> <span class='ocrx_word' id='word_1_631' title='bbox 2340 3357 2395 3414; x_wconf 89' lang='lat'><strong>8.</strong></span> <span class='ocrx_word' id='word_1_632' title='bbox 2422 3375 2441 3409; x_wconf 81' lang='grc' dir='ltr'><strong>ι</strong></span> <span class='ocrx_word' id='word_1_633' title='bbox 2477 3354 2603 3412; x_wconf 87' lang='lat' dir='ltr'><strong>Dies</strong></span> <span class='ocrx_word' id='word_1_634' title='bbox 2643 3369 2808 3425; x_wconf 89' lang='lat' dir='ltr'><strong>super</strong></span> <span class='ocrx_word' id='word_1_635' title='bbox 2831 3353 2949 3409; x_wconf 90' lang='lat' dir='ltr'><strong>dies</strong></span> <span class='ocrx_word' id='word_1_636' title='bbox 2978 3352 3122 3422; x_wconf 88' lang='lat' dir='ltr'><strong>regis</strong></span> <span class='ocrx_word' id='word_1_637' title='bbox 3151 3350 3399 3422; x_wconf 89' lang='lat' dir='ltr'><strong>adjicies,</strong></span> <span class='ocrx_word' id='word_1_638' title='bbox 3444 3350 3577 3405; x_wconf 90' lang='lat' dir='ltr'><strong>anni</strong></span> 
     </span>
    </p>
   </div>
   <div class='ocr_carea' id='block_1_79' title="bbox 1996 3442 3579 3524">
    <p class='ocr_par' dir='ltr' id='par_1_79' title="bbox 1996 3442 3579 3524">
     <span class='ocr_line' id='line_1_79' title="bbox 1996 3442 3579 3524; baseline -0.008 -14"><span class='ocrx_word' id='word_1_639' title='bbox 1996 3454 2116 3524; x_wconf 90' lang='lat' dir='ltr'><strong>ejus</strong></span> <span class='ocrx_word' id='word_1_640' title='bbox 2150 3467 2324 3523; x_wconf 88' lang='lat' dir='ltr'><strong>usque</strong></span> <span class='ocrx_word' id='word_1_641' title='bbox 2378 3452 2435 3505; x_wconf 92' lang='lat' dir='ltr'><strong>in</strong></span> <span class='ocrx_word' id='word_1_642' title='bbox 2483 3449 2628 3504; x_wconf 86' lang='lat' dir='ltr'><strong>diem</strong></span> <span class='ocrx_word' id='word_1_643' title='bbox 2680 3445 3050 3518; x_wconf 73' lang='lat' dir='ltr'><strong>generationis</strong></span> <span class='ocrx_word' id='word_1_644' title='bbox 3087 3451 3141 3499; x_wconf 91' lang='lat' dir='ltr'><strong>et</strong></span> <span class='ocrx_word' id='word_1_645' title='bbox 3205 3442 3579 3515; x_wconf 77' lang='lat' dir='ltr'><strong>generationis</strong></span> 
     </span>
    </p>
   </div>
   <div class='ocr_carea' id='block_1_80' title="bbox 1996 3533 3571 3615">
    <p class='ocr_par' dir='ltr' id='par_1_80' title="bbox 1996 3533 3571 3615">
     <span class='ocr_line' id='line_1_80' title="bbox 1996 3533 3571 3615; baseline -0.01 -14"><span class='ocrx_word' id='word_1_646' title='bbox 1996 3547 2116 3615; x_wconf 87' lang='lat' dir='ltr'><strong>ejus</strong></span> <span class='ocrx_word' id='word_1_647' title='bbox 2156 3542 2555 3615; x_wconf 89' lang='lat' dir='ltr'><strong>permanebunt</strong></span> <span class='ocrx_word' id='word_1_648' title='bbox 2594 3539 2648 3594; x_wconf 90' lang='lat' dir='ltr'><strong>in</strong></span> <span class='ocrx_word' id='word_1_649' title='bbox 2705 3546 2969 3594; x_wconf 56' lang='lat' dir='ltr'><strong>aeternum</strong></span> <span class='ocrx_word' id='word_1_650' title='bbox 3004 3538 3061 3591; x_wconf 91' lang='lat' dir='ltr'><strong>in</strong></span> <span class='ocrx_word' id='word_1_651' title='bbox 3113 3543 3416 3606; x_wconf 89' lang='lat' dir='ltr'><strong>conspectu</strong></span> <span class='ocrx_word' id='word_1_652' title='bbox 3454 3533 3571 3587; x_wconf 83' lang='lat' dir='ltr'><strong>Dei.</strong></span> 
     </span>
    </p>
   </div>
   <div class='ocr_carea' id='block_1_81' title="bbox 1997 3626 3575 3699">
    <p class='ocr_par' dir='ltr' id='par_1_81' title="bbox 1997 3626 3575 3699">
     <span class='ocr_line' id='line_1_81' title="bbox 1997 3626 3575 3699; baseline -0.01 -7"><span class='ocrx_word' id='word_1_653' title='bbox 1997 3635 2430 3693; x_wconf 74' lang='lat' dir='ltr'><strong>Misericordiam</strong></span> <span class='ocrx_word' id='word_1_654' title='bbox 2465 3640 2520 3689; x_wconf 92' lang='lat' dir='ltr'><strong>et</strong></span> <span class='ocrx_word' id='word_1_655' title='bbox 2568 3631 2854 3686; x_wconf 84' lang='lat' dir='ltr'><strong>veritatem</strong></span> <span class='ocrx_word' id='word_1_656' title='bbox 2891 3630 3008 3699; x_wconf 88' lang='lat' dir='ltr'><strong>ejus</strong></span> <span class='ocrx_word' id='word_1_657' title='bbox 3056 3628 3181 3699; x_wconf 88' lang='lat' dir='ltr'><strong>quis</strong></span> <span class='ocrx_word' id='word_1_658' title='bbox 3229 3626 3517 3697; x_wconf 77' lang='lat' dir='ltr'><strong>requiret?</strong></span> <span class='ocrx_word' id='word_1_659' title='bbox 3552 3644 3575 3677; x_wconf 70' lang='grc' dir='ltr'><strong>ν</strong></span> 
     </span>
    </p>
   </div>
   <div class='ocr_carea' id='block_1_82' title="bbox 1996 3721 3579 3788">
    <p class='ocr_par' dir='ltr' id='par_1_82' title="bbox 1996 3721 3579 3788">
     <span class='ocr_line' id='line_1_82' title="bbox 1996 3721 3579 3788; baseline -0.009 -3"><span class='ocrx_word' id='word_1_660' title='bbox 1996 3730 2134 3785; x_wconf 89' lang='lat' dir='ltr'><strong>Cum</strong></span> <span class='ocrx_word' id='word_1_661' title='bbox 2169 3736 2327 3783; x_wconf 88' lang='lat' dir='ltr'><strong>antea</strong></span> <span class='ocrx_word' id='word_1_662' title='bbox 2366 3726 2618 3786; x_wconf 78' lang='lat' dir='ltr'><strong>dixisset,</strong></span> <span class='ocrx_word' id='word_1_663' title='bbox 2656 3741 2675 3774; x_wconf 79' lang='grc' dir='ltr'><strong>ι</strong></span> <span class='ocrx_word' id='word_1_664' title='bbox 2719 3722 2993 3788; x_wconf 86' lang='lat' dir='ltr'><strong>Quoniam</strong></span> <span class='ocrx_word' id='word_1_665' title='bbox 3046 3727 3137 3784; x_wconf 93' lang='lat' dir='ltr'><strong>tu,</strong></span> <span class='ocrx_word' id='word_1_666' title='bbox 3191 3721 3355 3784; x_wconf 88' lang='lat' dir='ltr'><strong>Deus,</strong></span> <span class='ocrx_word' id='word_1_667' title='bbox 3408 3732 3579 3773; x_wconf 84' lang='lat' dir='ltr'><strong>exau-</strong></span> 
     </span>
    </p>
   </div>
   <div class='ocr_carea' id='block_1_83' title="bbox 1997 3809 3580 3885">
    <p class='ocr_par' dir='ltr' id='par_1_83' title="bbox 1997 3809 3580 3885">
     <span class='ocr_line' id='line_1_83' title="bbox 1997 3809 3580 3885; baseline -0.009 -10"><span class='ocrx_word' id='word_1_668' title='bbox 1997 3820 2125 3875; x_wconf 89' lang='lat' dir='ltr'><strong>disti</strong></span> <span class='ocrx_word' id='word_1_669' title='bbox 2152 3820 2430 3874; x_wconf 86' lang='lat' dir='ltr'><strong>orationes</strong></span> <span class='ocrx_word' id='word_1_670' title='bbox 2461 3831 2635 3879; x_wconf 85' lang='lat' dir='ltr'><strong>meas,</strong></span> <span class='ocrx_word' id='word_1_671' title='bbox 2666 3833 2685 3866; x_wconf 74' lang='grc' dir='ltr'><strong>ι</strong></span> <span class='ocrx_word' id='word_1_672' title='bbox 2722 3829 2818 3885; x_wconf 90' lang='lat' dir='ltr'><strong>per</strong></span> <span class='ocrx_word' id='word_1_673' title='bbox 2845 3812 3343 3884; x_wconf 86' lang='lat' dir='ltr'><strong>transgressionem</strong></span> <span class='ocrx_word' id='word_1_674' title='bbox 3376 3809 3580 3879; x_wconf 83' lang='lat' dir='ltr'><strong>adjecit</strong></span> 
     </span>
    </p>
   </div>
   <div class='ocr_carea' id='block_1_84' title="bbox 1999 3897 3577 3975">
    <p class='ocr_par' dir='ltr' id='par_1_84' title="bbox 1999 3897 3577 3975">
     <span class='ocr_line' id='line_1_84' title="bbox 1999 3897 3577 3975; baseline -0.01 -9"><span class='ocrx_word' id='word_1_675' title='bbox 1999 3910 2157 3971; x_wconf 89' lang='lat' dir='ltr'><strong>illud,</strong></span> <span class='ocrx_word' id='word_1_676' title='bbox 2206 3927 2227 3962; x_wconf 73' lang='grc' dir='ltr'><strong>ι</strong></span> <span class='ocrx_word' id='word_1_677' title='bbox 2270 3907 2397 3963; x_wconf 87' lang='lat' dir='ltr'><strong>Dies</strong></span> <span class='ocrx_word' id='word_1_678' title='bbox 2441 3920 2608 3975; x_wconf 85' lang='lat' dir='ltr'><strong>super</strong></span> <span class='ocrx_word' id='word_1_679' title='bbox 2652 3902 2770 3958; x_wconf 91' lang='lat' dir='ltr'><strong>dies</strong></span> <span class='ocrx_word' id='word_1_680' title='bbox 2818 3903 2963 3973; x_wconf 86' lang='lat' dir='ltr'><strong>regis</strong></span> <span class='ocrx_word' id='word_1_681' title='bbox 3001 3900 3245 3970; x_wconf 91' lang='lat' dir='ltr'><strong>adjicies.</strong></span> <span class='ocrx_word' id='word_1_682' title='bbox 3289 3918 3307 3951; x_wconf 75' lang='grc' dir='ltr'><strong>ι</strong></span> <span class='ocrx_word' id='word_1_683' title='bbox 3340 3897 3577 3960; x_wconf 85' lang='lat' dir='ltr'><strong>Exaudi,</strong></span> 
     </span>
    </p>
   </div>
   <div class='ocr_carea' id='block_1_85' title="bbox 1998 3990 3580 4075">
    <p class='ocr_par' dir='ltr' id='par_1_85' title="bbox 1998 3990 3580 4075">
     <span class='ocr_line' id='line_1_85' title="bbox 1998 3990 3580 4075; baseline -0.009 -15"><span class='ocrx_word' id='word_1_684' title='bbox 1998 4006 2198 4075; x_wconf 90' lang='lat' dir='ltr'><strong>inquit,</strong></span> <span class='ocrx_word' id='word_1_685' title='bbox 2233 4002 2515 4058; x_wconf 90' lang='lat' dir='ltr'><strong>orationes</strong></span> <span class='ocrx_word' id='word_1_686' title='bbox 2565 4015 2740 4065; x_wconf 88' lang='lat' dir='ltr'><strong>meas,</strong></span> <span class='ocrx_word' id='word_1_687' title='bbox 2791 3998 2909 4053; x_wconf 89' lang='lat' dir='ltr'><strong>dies</strong></span> <span class='ocrx_word' id='word_1_688' title='bbox 2954 4010 3120 4066; x_wconf 85' lang='lat' dir='ltr'><strong>super</strong></span> <span class='ocrx_word' id='word_1_689' title='bbox 3166 3995 3280 4049; x_wconf 92' lang='lat' dir='ltr'><strong>dies</strong></span> <span class='ocrx_word' id='word_1_690' title='bbox 3308 3992 3439 4047; x_wconf 89' lang='lat' dir='ltr'><strong>mihi</strong></span> <span class='ocrx_word' id='word_1_691' title='bbox 3485 3990 3580 4048; x_wconf 83' lang='lat' dir='ltr'><strong>ad-</strong></span> 
     </span>
    </p>
   </div>
   <div class='ocr_carea' id='block_1_86' title="bbox 1993 4083 3575 4168">
    <p class='ocr_par' dir='ltr' id='par_1_86' title="bbox 1993 4083 3575 4168">
     <span class='ocr_line' id='line_1_86' title="bbox 1993 4083 3575 4168; baseline -0.009 -15"><span class='ocrx_word' id='word_1_692' title='bbox 1993 4097 2178 4168; x_wconf 88' lang='lat' dir='ltr'><strong>jecisti</strong></span> <span class='ocrx_word' id='word_1_693' title='bbox 2212 4114 2227 4163; x_wconf 88' lang='lat'><strong>;</strong></span> <span class='ocrx_word' id='word_1_694' title='bbox 2266 4096 2320 4149; x_wconf 92' lang='lat' dir='ltr'><strong>in</strong></span> <span class='ocrx_word' id='word_1_695' title='bbox 2357 4094 2538 4150; x_wconf 86' lang='lat' dir='ltr'><strong>medio</strong></span> <span class='ocrx_word' id='word_1_696' title='bbox 2583 4100 2764 4147; x_wconf 89' lang='lat' dir='ltr'><strong>autem</strong></span> <span class='ocrx_word' id='word_1_697' title='bbox 2798 4088 3122 4158; x_wconf 90' lang='lat' dir='ltr'><strong>interposita</strong></span> <span class='ocrx_word' id='word_1_698' title='bbox 3154 4094 3239 4142; x_wconf 88' lang='lat' dir='ltr'><strong>est</strong></span> <span class='ocrx_word' id='word_1_699' title='bbox 3263 4083 3575 4139; x_wconf 83' lang='lat' dir='ltr'><strong>timentium</strong></span> 
     </span>
    </p>
   </div>
   <div class='ocr_carea' id='block_1_87' title="bbox 1998 4179 3579 4256">
    <p class='ocr_par' dir='ltr' id='par_1_87' title="bbox 1998 4179 3579 4256">
     <span class='ocr_line' id='line_1_87' title="bbox 1998 4179 3579 4256; baseline -0.009 -9"><span class='ocrx_word' id='word_1_700' title='bbox 1998 4206 2197 4247; x_wconf 90' lang='lat' dir='ltr'><strong>nomen</strong></span> <span class='ocrx_word' id='word_1_701' title='bbox 2252 4188 2467 4244; x_wconf 90' lang='lat' dir='ltr'><strong>Domini</strong></span> <span class='ocrx_word' id='word_1_702' title='bbox 2518 4187 2745 4250; x_wconf 90' lang='lat' dir='ltr'><strong>mentio,</strong></span> <span class='ocrx_word' id='word_1_703' title='bbox 2779 4184 2909 4256; x_wconf 89' lang='lat' dir='ltr'><strong>quia</strong></span> <span class='ocrx_word' id='word_1_704' title='bbox 2944 4180 3229 4254; x_wconf 88' lang='lat' dir='ltr'><strong>prophetia</strong></span> <span class='ocrx_word' id='word_1_705' title='bbox 3273 4179 3411 4250; x_wconf 83' lang='lat' dir='ltr'><strong>ipsis</strong></span> <span class='ocrx_word' id='word_1_706' title='bbox 3440 4192 3579 4249; x_wconf 79' lang='lat' dir='ltr'><strong>quo-</strong></span> 
     </span>
    </p>
   </div>
   <div class='ocr_carea' id='block_1_88' title="bbox 1999 4271 3576 4356">
    <p class='ocr_par' dir='ltr' id='par_1_88' title="bbox 1999 4271 3576 4356">
     <span class='ocr_line' id='line_1_88' title="bbox 1999 4271 3576 4356; baseline -0.009 -18"><span class='ocrx_word' id='word_1_707' title='bbox 1999 4300 2106 4356; x_wconf 89' lang='lat' dir='ltr'><strong>que</strong></span> <span class='ocrx_word' id='word_1_708' title='bbox 2134 4282 2509 4338; x_wconf 61' lang='lat' dir='ltr'><strong>hereditatem</strong></span> <span class='ocrx_word' id='word_1_709' title='bbox 2559 4277 2834 4351; x_wconf 89' lang='lat' dir='ltr'><strong>promisit.</strong></span> <span class='ocrx_word' id='word_1_710' title='bbox 2890 4274 3194 4330; x_wconf 69' lang='lat' dir='ltr'><strong>llaereditas</strong></span> <span class='ocrx_word' id='word_1_711' title='bbox 3248 4281 3431 4328; x_wconf 90' lang='lat' dir='ltr'><strong>autem</strong></span> <span class='ocrx_word' id='word_1_712' title='bbox 3484 4271 3576 4325; x_wconf 90' lang='lat' dir='ltr'><strong>illa</strong></span> 
     </span>
    </p>
   </div>
   <div class='ocr_carea' id='block_1_89' title="bbox 1998 4358 3578 4438">
    <p class='ocr_par' dir='ltr' id='par_1_89' title="bbox 1998 4358 3578 4438">
     <span class='ocr_line' id='line_1_89' title="bbox 1998 4358 3578 4438; baseline -0.012 -9"><span class='ocrx_word' id='word_1_713' title='bbox 1998 4381 2201 4429; x_wconf 85' lang='lat' dir='ltr'><strong>aeterna</strong></span> <span class='ocrx_word' id='word_1_714' title='bbox 2237 4371 2346 4425; x_wconf 82' lang='lat' dir='ltr'><strong>vita</strong></span> <span class='ocrx_word' id='word_1_715' title='bbox 2380 4377 2517 4432; x_wconf 90' lang='lat' dir='ltr'><strong>erat,</strong></span> <span class='ocrx_word' id='word_1_716' title='bbox 2552 4383 2672 4438; x_wconf 84' lang='lat' dir='ltr'><strong>quae</strong></span> <span class='ocrx_word' id='word_1_717' title='bbox 2694 4366 2781 4421; x_wconf 90' lang='lat' dir='ltr'><strong>bis</strong></span> <span class='ocrx_word' id='word_1_718' title='bbox 2814 4363 3176 4435; x_wconf 82' lang='lat' dir='ltr'><strong>signiﬁcatur,</strong></span> <span class='ocrx_word' id='word_1_719' title='bbox 3208 4378 3227 4411; x_wconf 79' lang='grc' dir='ltr'><strong>ι</strong></span> <span class='ocrx_word' id='word_1_720' title='bbox 3251 4358 3383 4437; x_wconf 81' lang='lat' dir='ltr'><strong>Dies</strong></span> <span class='ocrx_word' id='word_1_721' title='bbox 3411 4371 3578 4428; x_wconf 89' lang='lat' dir='ltr'><strong>super</strong></span> 
     </span>
    </p>
   </div>
   <div class='ocr_carea' id='block_1_90' title="bbox 2000 4449 3576 4533">
    <p class='ocr_par' dir='ltr' id='par_1_90' title="bbox 2000 4449 3576 4533">
     <span class='ocr_line' id='line_1_90' title="bbox 2000 4449 3576 4533; baseline -0.01 -14"><span class='ocrx_word' id='word_1_722' title='bbox 2000 4466 2119 4520; x_wconf 89' lang='lat' dir='ltr'><strong>dies</strong></span> <span class='ocrx_word' id='word_1_723' title='bbox 2152 4464 2295 4533; x_wconf 86' lang='lat' dir='ltr'><strong>regis</strong></span> <span class='ocrx_word' id='word_1_724' title='bbox 2330 4461 2577 4531; x_wconf 88' lang='lat' dir='ltr'><strong>adjicies.</strong></span> <span class='ocrx_word' id='word_1_725' title='bbox 2613 4479 2631 4512; x_wconf 72' lang='grc' dir='ltr'><strong>ι</strong></span> <span class='ocrx_word' id='word_1_726' title='bbox 2671 4458 2864 4529; x_wconf 80' lang='lat' dir='ltr'><strong>Magna</strong></span> <span class='ocrx_word' id='word_1_727' title='bbox 2893 4458 3078 4527; x_wconf 89' lang='lat' dir='ltr'><strong>itaque</strong></span> <span class='ocrx_word' id='word_1_728' title='bbox 3127 4450 3426 4524; x_wconf 89' lang='lat' dir='ltr'><strong>postulanti</strong></span> <span class='ocrx_word' id='word_1_729' title='bbox 3462 4449 3576 4520; x_wconf 87' lang='lat' dir='ltr'><strong>regi</strong></span> 
     </span>
    </p>
   </div>
   <div class='ocr_carea' id='block_1_91' title="bbox 318 4548 1898 4641">
    <p class='ocr_par' dir='ltr' id='par_1_91' title="bbox 318 4548 1892 4641">
     <span class='ocr_line' id='line_1_91' title="bbox 318 4548 1892 4641; baseline -0.005 -18"><span class='ocrx_word' id='word_1_730' title='bbox 501 4548 578 4639; x_wconf 81' lang='grc' dir='ltr'><strong>τῷ</strong></span> <span class='ocrx_word' id='word_1_731' title='bbox 609 4567 815 4639; x_wconf 82' lang='grc' dir='ltr'>βασιλεῖ</span> <span class='ocrx_word' id='word_1_732' title='bbox 856 4548 1017 4619; x_wconf 77' lang='grc' dir='ltr'><strong>Δαυῖδ</strong></span> <span class='ocrx_word' id='word_1_733' title='bbox 1050 4565 1381 4638; x_wconf 71' lang='grc' dir='ltr'>ἐπήγγελται</span> <span class='ocrx_word' id='word_1_734' title='bbox 1430 4567 1458 4618; x_wconf 83' lang='lat'><strong>6</strong></span> <span class='ocrx_word' id='word_1_735' title='bbox 1493 4564 1625 4625; x_wconf 82' lang='grc' dir='ltr'>Θεὸς</span> <span class='ocrx_word' id='word_1_736' title='bbox 1669 4563 1757 4617; x_wconf 85' lang='grc' dir='ltr'>διὰ</span> <span class='ocrx_word' id='word_1_737' title='bbox 1798 4562 1892 4615; x_wconf 79' lang='grc' dir='ltr'>τοῦ</span> 
     </span>
    </p>
   </div>
   <div class='ocr_carea' id='block_1_92' title="bbox 1999 4548 3579 4641">
    <p class='ocr_par' dir='ltr' id='par_1_92' title="bbox 2004 4548 3579 4641">
     <span class='ocr_line' id='line_1_92' title="bbox 2004 4548 3579 4641; baseline -0.012 -29"><span class='ocrx_word' id='word_1_738' title='bbox 2004 4558 2219 4621; x_wconf 82' lang='lat' dir='ltr'><strong>Davidi,</strong></span> <span class='ocrx_word' id='word_1_739' title='bbox 2255 4557 2546 4627; x_wconf 84' lang='lat' dir='ltr'><strong>pollicetur</strong></span> <span class='ocrx_word' id='word_1_740' title='bbox 2577 4553 2722 4608; x_wconf 90' lang='lat' dir='ltr'><strong>Deus</strong></span> <span class='ocrx_word' id='word_1_741' title='bbox 2771 4566 2868 4621; x_wconf 88' lang='lat' dir='ltr'><strong>per</strong></span> <span class='ocrx_word' id='word_1_742' title='bbox 2908 4548 3169 4619; x_wconf 89' lang='lat' dir='ltr'><strong>Spiritum</strong></span> <span class='ocrx_word' id='word_1_743' title='bbox 3208 4552 3483 4641; x_wconf 75' lang='lat' dir='ltr'><strong>sanctum,</strong></span> 
     </span>
    </p>
   </div>
   <div class='ocr_carea' id='block_1_93' title="bbox 313 4653 1895 4730">
    <p class='ocr_par' dir='ltr' id='par_1_93' title="bbox 313 4653 1895 4730">
     <span class='ocr_line' id='line_1_93' title="bbox 313 4653 1895 4730; baseline -0.004 -17"><span class='ocrx_word' id='word_1_744' title='bbox 313 4659 635 4730; x_wconf 85' lang='grc' dir='ltr'>Πνεύματος</span> <span class='ocrx_word' id='word_1_745' title='bbox 662 4657 874 4730; x_wconf 80' lang='grc' dir='ltr'>ἡμέρας</span> <span class='ocrx_word' id='word_1_746' title='bbox 906 4656 991 4726; x_wconf 77' lang='grc' dir='ltr'>ἐφ’</span> <span class='ocrx_word' id='word_1_747' title='bbox 1020 4656 1237 4728; x_wconf 81' lang='grc' dir='ltr'>ἡμέρας</span> <span class='ocrx_word' id='word_1_748' title='bbox 1279 4654 1605 4727; x_wconf 89' lang='grc' dir='ltr'>προσθήσειν</span> <span class='ocrx_word' id='word_1_749' title='bbox 1625 4695 1639 4719; x_wconf 95' lang='grc'><strong>,</strong></span> <span class='ocrx_word' id='word_1_750' title='bbox 1681 4653 1775 4707; x_wconf 73' lang='grc' dir='ltr'>καὶ</span> <span class='ocrx_word' id='word_1_751' title='bbox 1827 4653 1895 4707; x_wconf 75' lang='grc' dir='ltr'><strong>τὰ</strong></span> 
     </span>
    </p>
   </div>
   <div class='ocr_carea' id='block_1_94' title="bbox 313 4746 1893 4824">
    <p class='ocr_par' dir='ltr' id='par_1_94' title="bbox 313 4746 1893 4824">
     <span class='ocr_line' id='line_1_94' title="bbox 313 4746 1893 4824; baseline -0.005 -18"><span class='ocrx_word' id='word_1_752' title='bbox 313 4754 414 4824; x_wconf 73' lang='grc' dir='ltr'>ἔτη</span> <span class='ocrx_word' id='word_1_753' title='bbox 441 4751 609 4807; x_wconf 82' lang='grc' dir='ltr'>αὐτοῦ</span> <span class='ocrx_word' id='word_1_754' title='bbox 651 4752 758 4815; x_wconf 74' lang='grc' dir='ltr'>ἕως</span> <span class='ocrx_word' id='word_1_755' title='bbox 799 4750 1014 4822; x_wconf 83' lang='grc' dir='ltr'>ἡμέρας</span> <span class='ocrx_word' id='word_1_756' title='bbox 1061 4750 1253 4818; x_wconf 78' lang='grc' dir='ltr'>γενεᾶς</span> <span class='ocrx_word' id='word_1_757' title='bbox 1290 4748 1385 4801; x_wconf 76' lang='grc' dir='ltr'>καὶ</span> <span class='ocrx_word' id='word_1_758' title='bbox 1410 4748 1620 4816; x_wconf 74' lang='grc' dir='ltr'>γενεᾶς.</span> <span class='ocrx_word' id='word_1_759' title='bbox 1676 4746 1893 4816; x_wconf 89' lang='grc' dir='ltr'>Ταύτην</span> 
     </span>
    </p>
   </div>
   <div class='ocr_carea' id='block_1_95' title="bbox 313 4838 1896 4915">
    <p class='ocr_par' dir='ltr' id='par_1_95' title="bbox 313 4838 1896 4915">
     <span class='ocr_line' id='line_1_95' title="bbox 313 4838 1896 4915; baseline -0.006 -16"><span class='ocrx_word' id='word_1_760' title='bbox 313 4848 429 4915; x_wconf 75' lang='grc' dir='ltr'><strong>γάρ</strong></span> <span class='ocrx_word' id='word_1_761' title='bbox 461 4844 610 4914; x_wconf 83' lang='grc' dir='ltr'>αὐτῷ</span> <span class='ocrx_word' id='word_1_762' title='bbox 628 4842 726 4914; x_wconf 81' lang='grc' dir='ltr'>τὴν</span> <span class='ocrx_word' id='word_1_763' title='bbox 760 4841 1125 4914; x_wconf 88' lang='grc' dir='ltr'>κληρονομίαν</span> <span class='ocrx_word' id='word_1_764' title='bbox 1151 4838 1510 4909; x_wconf 77' lang='grc' dir='ltr'>ἐπηγγείλατο</span> <span class='ocrx_word' id='word_1_765' title='bbox 1530 4856 1541 4866; x_wconf 93' lang='grc'><strong>·</strong></span> <span class='ocrx_word' id='word_1_766' title='bbox 1578 4840 1606 4892; x_wconf 88' lang='grc' dir='ltr'><strong>ὂ</strong></span> <span class='ocrx_word' id='word_1_767' title='bbox 1626 4838 1689 4910; x_wconf 79' lang='grc' dir='ltr'>δὴ</span> <span class='ocrx_word' id='word_1_768' title='bbox 1721 4840 1814 4892; x_wconf 78' lang='grc' dir='ltr'>καὶ</span> <span class='ocrx_word' id='word_1_769' title='bbox 1838 4842 1896 4893; x_wconf 85' lang='grc' dir='ltr'>ὲν</span> 
     </span>
    </p>
   </div>
   <div class='ocr_carea' id='block_1_96' title="bbox 312 4927 1893 5007">
    <p class='ocr_par' dir='ltr' id='par_1_96' title="bbox 312 4927 1893 5007">
     <span class='ocr_line' id='line_1_96' title="bbox 312 4927 1893 5007; baseline -0.004 -18"><span class='ocrx_word' id='word_1_770' title='bbox 312 4936 398 5006; x_wconf 82' lang='grc' dir='ltr'>τῷ</span> <span class='ocrx_word' id='word_1_771' title='bbox 428 4942 475 4987; x_wconf 86' lang='grc' dir='ltr'>κ’</span> <span class='ocrx_word' id='word_1_772' title='bbox 496 4933 748 5007; x_wconf 80' lang='grc' dir='ltr'>δηλοῦται</span> <span class='ocrx_word' id='word_1_773' title='bbox 769 4932 990 5004; x_wconf 80' lang='grc' dir='ltr'>ψαλμῷ,</span> <span class='ocrx_word' id='word_1_774' title='bbox 1018 4933 1076 4985; x_wconf 84' lang='grc' dir='ltr'><strong>ἐν</strong></span> <span class='ocrx_word' id='word_1_775' title='bbox 1097 4927 1142 5001; x_wconf 84' lang='grc' dir='ltr'>ᾧ</span> <span class='ocrx_word' id='word_1_776' title='bbox 1168 4931 1380 5003; x_wconf 74' lang='grc' dir='ltr'>εἴρηται</span> <span class='ocrx_word' id='word_1_777' title='bbox 1403 4947 1417 4960; x_wconf 92' lang='grc'><strong>·</strong></span> <span class='ocrx_word' id='word_1_778' title='bbox 1459 4949 1477 4981; x_wconf 79' lang='grc' dir='ltr'><strong>ι</strong></span> <span class='ocrx_word' id='word_1_779' title='bbox 1516 4929 1711 5001; x_wconf 81' lang='grc' dir='ltr'>Κύριε,</span> <span class='ocrx_word' id='word_1_780' title='bbox 1743 4933 1800 4984; x_wconf 84' lang='grc' dir='ltr'>ὲν</span> <span class='ocrx_word' id='word_1_781' title='bbox 1827 4932 1893 5001; x_wconf 80' lang='grc' dir='ltr'><strong>τῇ</strong></span> 
     </span>
    </p>
   </div>
   <div class='ocr_carea' id='block_1_97' title="bbox 313 5019 1898 5099">
    <p class='ocr_par' dir='ltr' id='par_1_97' title="bbox 313 5019 1898 5099">
     <span class='ocr_line' id='line_1_97' title="bbox 313 5019 1898 5099; baseline -0.006 -16"><span class='ocrx_word' id='word_1_782' title='bbox 313 5028 547 5099; x_wconf 81' lang='grc' dir='ltr'>δυνάμει</span> <span class='ocrx_word' id='word_1_783' title='bbox 579 5044 672 5080; x_wconf 89' lang='grc' dir='ltr'><strong>σου</strong></span> <span class='ocrx_word' id='word_1_784' title='bbox 701 5026 1133 5098; x_wconf 80' lang='grc' dir='ltr'>εὐφρανθήσεται</span> <span class='ocrx_word' id='word_1_785' title='bbox 1178 5026 1207 5077; x_wconf 90' lang='lat'><strong>6</strong></span> <span class='ocrx_word' id='word_1_786' title='bbox 1246 5020 1517 5094; x_wconf 82' lang='grc' dir='ltr'>βασιλεύς.</span> <span class='ocrx_word' id='word_1_787' title='bbox 1554 5021 1664 5092; x_wconf 81' lang='grc' dir='ltr'><strong>Τήν</strong></span> <span class='ocrx_word' id='word_1_788' title='bbox 1712 5019 1898 5074; x_wconf 83' lang='grc' dir='ltr'>ἐπιθυ-</span> 
     </span>
    </p>
   </div>
   <div class='ocr_carea' id='block_1_98' title="bbox 319 5109 1894 5191">
    <p class='ocr_par' dir='ltr' id='par_1_98' title="bbox 319 5109 1894 5191">
     <span class='ocr_line' id='line_1_98' title="bbox 319 5109 1894 5191; baseline -0.006 -19"><span class='ocrx_word' id='word_1_789' title='bbox 319 5119 454 5191; x_wconf 85' lang='grc' dir='ltr'>μίαν</span> <span class='ocrx_word' id='word_1_790' title='bbox 482 5118 578 5189; x_wconf 85' lang='grc' dir='ltr'>τῆς</span> <span class='ocrx_word' id='word_1_791' title='bbox 610 5116 838 5188; x_wconf 82' lang='grc' dir='ltr'>καρδίας</span> <span class='ocrx_word' id='word_1_792' title='bbox 870 5114 1032 5169; x_wconf 83' lang='grc' dir='ltr'>αὐτοῦ</span> <span class='ocrx_word' id='word_1_793' title='bbox 1075 5113 1280 5178; x_wconf 76' lang='grc' dir='ltr'>ἔδωκας</span> <span class='ocrx_word' id='word_1_794' title='bbox 1319 5111 1468 5182; x_wconf 83' lang='grc' dir='ltr'>αὐτῷ</span> <span class='ocrx_word' id='word_1_795' title='bbox 1490 5127 1504 5142; x_wconf 77' lang='grc'><strong>⁸</strong></span> <span class='ocrx_word' id='word_1_796' title='bbox 1540 5129 1558 5162; x_wconf 75' lang='grc' dir='ltr'><strong>ι</strong></span> <span class='ocrx_word' id='word_1_797' title='bbox 1608 5110 1700 5163; x_wconf 75' lang='grc' dir='ltr'>καὶ</span> <span class='ocrx_word' id='word_1_798' title='bbox 1730 5109 1856 5180; x_wconf 78' lang='grc' dir='ltr'><strong>ἑξῆς</strong></span> <span class='ocrx_word' id='word_1_799' title='bbox 1880 5127 1894 5141; x_wconf 86' lang='grc'><strong>·</strong></span> 
     </span>
    </p>
   </div>
   <div class='ocr_carea' id='block_1_99' title="bbox 321 5202 1897 5282">
    <p class='ocr_par' dir='ltr' id='par_1_99' title="bbox 321 5202 1897 5282">
     <span class='ocr_line' id='line_1_99' title="bbox 321 5202 1897 5282; baseline -0.006 -19"><span class='ocrx_word' id='word_1_800' title='bbox 321 5232 343 5263; x_wconf 74' lang='grc' dir='ltr'><strong>ι</strong></span> <span class='ocrx_word' id='word_1_801' title='bbox 386 5210 540 5282; x_wconf 80' lang='grc' dir='ltr'>Ζωὴν</span> <span class='ocrx_word' id='word_1_802' title='bbox 587 5209 827 5281; x_wconf 79' lang='grc' dir='ltr'>ῂτήσατό</span> <span class='ocrx_word' id='word_1_803' title='bbox 882 5225 961 5273; x_wconf 89' lang='grc' dir='ltr'><strong>σε,</strong></span> <span class='ocrx_word' id='word_1_804' title='bbox 999 5208 1091 5260; x_wconf 76' lang='grc' dir='ltr'>καὶ</span> <span class='ocrx_word' id='word_1_805' title='bbox 1143 5205 1349 5268; x_wconf 74' lang='grc' dir='ltr'>ἔδωκας</span> <span class='ocrx_word' id='word_1_806' title='bbox 1399 5202 1547 5273; x_wconf 85' lang='grc' dir='ltr'>αὐτῷ</span> <span class='ocrx_word' id='word_1_807' title='bbox 1583 5204 1897 5273; x_wconf 80' lang='grc' dir='ltr'>μακρότητα</span> 
     </span>
    </p>
   </div>
   <div class='ocr_carea' id='block_1_100' title="bbox 315 5293 1899 5377">
    <p class='ocr_par' dir='ltr' id='par_1_100' title="bbox 315 5293 1899 5377">
     <span class='ocr_line' id='line_1_100' title="bbox 315 5293 1899 5377; baseline -0.009 -18"><span class='ocrx_word' id='word_1_808' title='bbox 315 5302 546 5377; x_wconf 78' lang='grc' dir='ltr'>ἡμερῶν</span> <span class='ocrx_word' id='word_1_809' title='bbox 577 5303 653 5367; x_wconf 82' lang='grc' dir='ltr'><strong>εἰς</strong></span> <span class='ocrx_word' id='word_1_810' title='bbox 679 5301 853 5356; x_wconf 83' lang='grc' dir='ltr'>αἰῶνα</span> <span class='ocrx_word' id='word_1_811' title='bbox 867 5301 960 5354; x_wconf 77' lang='grc' dir='ltr'>καὶ</span> <span class='ocrx_word' id='word_1_812' title='bbox 982 5301 1061 5364; x_wconf 87' lang='grc' dir='ltr'><strong>εἰς</strong></span> <span class='ocrx_word' id='word_1_813' title='bbox 1078 5298 1248 5353; x_wconf 89' lang='grc' dir='ltr'>αἰῶνα</span> <span class='ocrx_word' id='word_1_814' title='bbox 1262 5296 1474 5360; x_wconf 83' lang='grc' dir='ltr'>αἰῶνος.</span> <span class='ocrx_word' id='word_1_815' title='bbox 1497 5314 1515 5346; x_wconf 78' lang='grc' dir='ltr'><strong>ι</strong></span> <span class='ocrx_word' id='word_1_816' title='bbox 1549 5293 1763 5364; x_wconf 82' lang='grc' dir='ltr'>Ἐπειδὴ</span> <span class='ocrx_word' id='word_1_817' title='bbox 1791 5293 1899 5364; x_wconf 82' lang='grc' dir='ltr'>γὰρ</span> 
     </span>
    </p>
   </div>
   <div class='ocr_carea' id='block_1_101' title="bbox 316 5387 1900 5468">
    <p class='ocr_par' dir='ltr' id='par_1_101' title="bbox 316 5387 1900 5468">
     <span class='ocr_line' id='line_1_101' title="bbox 316 5387 1900 5468; baseline -0.007 -18"><span class='ocrx_word' id='word_1_818' title='bbox 316 5396 430 5451; x_wconf 86' lang='grc' dir='ltr'><strong>τῶν</strong></span> <span class='ocrx_word' id='word_1_819' title='bbox 459 5396 725 5468; x_wconf 83' lang='grc' dir='ltr'>οὐρανίων</span> <span class='ocrx_word' id='word_1_820' title='bbox 753 5392 1116 5467; x_wconf 83' lang='grc' dir='ltr'>ὀριγνώμενος</span> <span class='ocrx_word' id='word_1_821' title='bbox 1136 5432 1150 5455; x_wconf 90' lang='grc'><strong>,</strong></span> <span class='ocrx_word' id='word_1_822' title='bbox 1185 5391 1279 5444; x_wconf 71' lang='grc' dir='ltr'>καὶ</span> <span class='ocrx_word' id='word_1_823' title='bbox 1313 5388 1423 5442; x_wconf 85' lang='grc' dir='ltr'><strong>τῶν</strong></span> <span class='ocrx_word' id='word_1_824' title='bbox 1456 5388 1603 5459; x_wconf 82' lang='grc' dir='ltr'>παρὰ</span> <span class='ocrx_word' id='word_1_825' title='bbox 1654 5387 1733 5440; x_wconf 67' lang='grc' dir='ltr'><strong>σοὶ⁵</strong></span> <span class='ocrx_word' id='word_1_826' title='bbox 1766 5387 1900 5455; x_wconf 82' lang='grc' dir='ltr'>ἀγα-</span> 
     </span>
    </p>
   </div>
   <div class='ocr_carea' id='block_1_102' title="bbox 320 5478 1898 5559">
    <p class='ocr_par' dir='ltr' id='par_1_102' title="bbox 320 5478 1898 5559">
     <span class='ocr_line' id='line_1_102' title="bbox 320 5478 1898 5559; baseline -0.008 -18"><span class='ocrx_word' id='word_1_827' title='bbox 320 5487 434 5541; x_wconf 88' lang='grc' dir='ltr'><strong>θῶν</strong></span> <span class='ocrx_word' id='word_1_828' title='bbox 473 5486 838 5559; x_wconf 81' lang='grc' dir='ltr'>ἐπιθυμήσας,</span> <span class='ocrx_word' id='word_1_829' title='bbox 871 5485 1092 5557; x_wconf 71' lang='grc' dir='ltr'>ηὔξατο·</span> <span class='ocrx_word' id='word_1_830' title='bbox 1127 5484 1452 5553; x_wconf 83' lang='grc' dir='ltr'>εἰσήκουσας</span> <span class='ocrx_word' id='word_1_831' title='bbox 1484 5478 1649 5533; x_wconf 79' lang='grc' dir='ltr'>αὐτοῦ</span> <span class='ocrx_word' id='word_1_832' title='bbox 1673 5519 1687 5540; x_wconf 96' lang='grc'><strong>,</strong></span> <span class='ocrx_word' id='word_1_833' title='bbox 1732 5479 1898 5549; x_wconf 69' lang='grc' dir='ltr'>φησί,</span> 
     </span>
    </p>
   </div>
   <div class='ocr_carea' id='block_1_103' title="bbox 2003 4631 3576 4716">
    <p class='ocr_par' dir='ltr' id='par_1_103' title="bbox 2003 4631 3576 4716">
     <span class='ocr_line' id='line_1_103' title="bbox 2003 4631 3576 4716; baseline -0.014 -12"><span class='ocrx_word' id='word_1_834' title='bbox 2003 4648 2122 4704; x_wconf 90' lang='lat' dir='ltr'><strong>dies</strong></span> <span class='ocrx_word' id='word_1_835' title='bbox 2153 4660 2319 4716; x_wconf 90' lang='lat' dir='ltr'><strong>super</strong></span> <span class='ocrx_word' id='word_1_836' title='bbox 2359 4644 2477 4699; x_wconf 90' lang='lat' dir='ltr'><strong>dies</strong></span> <span class='ocrx_word' id='word_1_837' title='bbox 2510 4641 2616 4712; x_wconf 92' lang='lat' dir='ltr'><strong>ipsi</strong></span> <span class='ocrx_word' id='word_1_838' title='bbox 2658 4641 3022 4711; x_wconf 85' lang='lat' dir='ltr'><strong>adjecturum,</strong></span> <span class='ocrx_word' id='word_1_839' title='bbox 3057 4645 3109 4690; x_wconf 90' lang='lat' dir='ltr'><strong>et</strong></span> <span class='ocrx_word' id='word_1_840' title='bbox 3144 4648 3319 4688; x_wconf 84' lang='lat' dir='ltr'><strong>annos</strong></span> <span class='ocrx_word' id='word_1_841' title='bbox 3368 4631 3489 4700; x_wconf 88' lang='lat' dir='ltr'><strong>ejus</strong></span> <span class='ocrx_word' id='word_1_842' title='bbox 3520 4631 3576 4683; x_wconf 90' lang='lat' dir='ltr'><strong>in</strong></span> 
     </span>
    </p>
   </div>
   <div class='ocr_carea' id='block_1_104' title="bbox 2001 4718 3576 4808">
    <p class='ocr_par' dir='ltr' id='par_1_104' title="bbox 2001 4718 3576 4808">
     <span class='ocr_line' id='line_1_104' title="bbox 2001 4718 3576 4808; baseline -0.015 -12"><span class='ocrx_word' id='word_1_843' title='bbox 2001 4741 2144 4796; x_wconf 91' lang='lat' dir='ltr'><strong>diem</strong></span> <span class='ocrx_word' id='word_1_844' title='bbox 2180 4732 2550 4808; x_wconf 84' lang='lat' dir='ltr'><strong>generationis</strong></span> <span class='ocrx_word' id='word_1_845' title='bbox 2578 4740 2633 4787; x_wconf 92' lang='lat' dir='ltr'><strong>et</strong></span> <span class='ocrx_word' id='word_1_846' title='bbox 2665 4727 3055 4802; x_wconf 84' lang='lat' dir='ltr'><strong>generationis.</strong></span> <span class='ocrx_word' id='word_1_847' title='bbox 3098 4724 3252 4778; x_wconf 82' lang='lat' dir='ltr'><strong>Hanc</strong></span> <span class='ocrx_word' id='word_1_848' title='bbox 3295 4721 3438 4776; x_wconf 88' lang='lat' dir='ltr'><strong>enim</strong></span> <span class='ocrx_word' id='word_1_849' title='bbox 3470 4718 3576 4789; x_wconf 92' lang='lat' dir='ltr'><strong>ipsi</strong></span> 
     </span>
    </p>
   </div>
   <div class='ocr_carea' id='block_1_105' title="bbox 2002 4810 3578 4901">
    <p class='ocr_par' dir='ltr' id='par_1_105' title="bbox 2002 4810 3578 4901">
     <span class='ocr_line' id='line_1_105' title="bbox 2002 4810 3578 4901; baseline -0.015 -16"><span class='ocrx_word' id='word_1_850' title='bbox 2002 4829 2257 4901; x_wconf 90' lang='lat' dir='ltr'><strong>promisit</strong></span> <span class='ocrx_word' id='word_1_851' title='bbox 2306 4826 2718 4882; x_wconf 58' lang='lat' dir='ltr'><strong>hereditatem:</strong></span> <span class='ocrx_word' id='word_1_852' title='bbox 2754 4818 2900 4891; x_wconf 91' lang='lat' dir='ltr'><strong>quod</strong></span> <span class='ocrx_word' id='word_1_853' title='bbox 2930 4825 2984 4874; x_wconf 89' lang='lat' dir='ltr'><strong>et</strong></span> <span class='ocrx_word' id='word_1_854' title='bbox 3017 4817 3073 4871; x_wconf 92' lang='lat' dir='ltr'><strong>in</strong></span> <span class='ocrx_word' id='word_1_855' title='bbox 3102 4831 3173 4869; x_wconf 76' lang='lat' dir='ltr'><strong>xx</strong></span> <span class='ocrx_word' id='word_1_856' title='bbox 3233 4813 3445 4884; x_wconf 90' lang='lat' dir='ltr'><strong>psalmo</strong></span> <span class='ocrx_word' id='word_1_857' title='bbox 3482 4810 3578 4863; x_wconf 82' lang='lat' dir='ltr'><strong>de-</strong></span> 
     </span>
    </p>
   </div>
   <div class='ocr_carea' id='block_1_106' title="bbox 2003 4901 3621 4983">
    <p class='ocr_par' dir='ltr' id='par_1_106' title="bbox 2003 4901 3621 4983">
     <span class='ocr_line' id='line_1_106' title="bbox 2003 4901 3621 4983; baseline -0.014 -6"><span class='ocrx_word' id='word_1_858' title='bbox 2003 4923 2248 4977; x_wconf 86' lang='lat' dir='ltr'><strong>claratur</strong></span> <span class='ocrx_word' id='word_1_859' title='bbox 2282 4919 2370 4973; x_wconf 90' lang='lat' dir='ltr'><strong>his</strong></span> <span class='ocrx_word' id='word_1_860' title='bbox 2401 4916 2623 4971; x_wconf 87' lang='lat' dir='ltr'><strong>verbis:</strong></span> <span class='ocrx_word' id='word_1_861' title='bbox 2662 4932 2681 4965; x_wconf 78' lang='grc' dir='ltr'><strong>ι</strong></span> <span class='ocrx_word' id='word_1_862' title='bbox 2728 4912 2975 4973; x_wconf 88' lang='lat' dir='ltr'><strong>Domine,</strong></span> <span class='ocrx_word' id='word_1_863' title='bbox 3017 4910 3073 4963; x_wconf 90' lang='lat' dir='ltr'><strong>in</strong></span> <span class='ocrx_word' id='word_1_864' title='bbox 3111 4908 3314 4960; x_wconf 79' lang='lat' dir='ltr'><strong>virtute</strong></span> <span class='ocrx_word' id='word_1_865' title='bbox 3362 4911 3455 4958; x_wconf 88' lang='lat' dir='ltr'><strong>tua</strong></span> <span class='ocrx_word' id='word_1_866' title='bbox 3484 4901 3577 4956; x_wconf 68' lang='grc' dir='ltr'><strong>ιω-</strong></span> <span class='ocrx_word' id='word_1_867' title='bbox 3616 4976 3621 4983; x_wconf 25' lang='grc'><em>.</em></span> 
     </span>
    </p>
   </div>
   <div class='ocr_carea' id='block_1_107' title="bbox 2002 4992 3639 5072">
    <p class='ocr_par' dir='ltr' id='par_1_107' title="bbox 2002 4992 3639 5072">
     <span class='ocr_line' id='line_1_107' title="bbox 2002 4992 3639 5072; baseline -0.015 -4"><span class='ocrx_word' id='word_1_868' title='bbox 2002 5014 2212 5068; x_wconf 81' lang='lat' dir='ltr'><strong>tabitur</strong></span> <span class='ocrx_word' id='word_1_869' title='bbox 2232 5026 2350 5066; x_wconf 86' lang='lat' dir='ltr'><strong>rex.</strong></span> <span class='ocrx_word' id='word_1_870' title='bbox 2385 5007 2724 5064; x_wconf 89' lang='lat' dir='ltr'><strong>Desiderium</strong></span> <span class='ocrx_word' id='word_1_871' title='bbox 2750 5002 2934 5060; x_wconf 89' lang='lat' dir='ltr'><strong>cordis</strong></span> <span class='ocrx_word' id='word_1_872' title='bbox 2956 5000 3076 5072; x_wconf 82' lang='lat' dir='ltr'><strong>ejus</strong></span> <span class='ocrx_word' id='word_1_873' title='bbox 3097 4996 3339 5053; x_wconf 83' lang='lat' dir='ltr'><strong>tribuisti</strong></span> <span class='ocrx_word' id='word_1_874' title='bbox 3367 4995 3416 5051; x_wconf 91' lang='lat' dir='ltr'><strong>ei</strong></span> <span class='ocrx_word' id='word_1_875' title='bbox 3439 4994 3519 5061; x_wconf 82' lang='lat'><strong>“;</strong></span> <span class='ocrx_word' id='word_1_876' title='bbox 3548 5012 3568 5045; x_wconf 74' lang='grc' dir='ltr'><strong>ι</strong></span> <span class='ocrx_word' id='word_1_877' title='bbox 3622 4992 3639 5043; x_wconf 62' lang='lat'><strong>‘1</strong></span> 
     </span>
    </p>
   </div>
   <div class='ocr_carea' id='block_1_108' title="bbox 2004 5086 3574 5178">
    <p class='ocr_par' dir='ltr' id='par_1_108' title="bbox 2004 5086 3574 5178">
     <span class='ocr_line' id='line_1_108' title="bbox 2004 5086 3574 5178; baseline -0.015 -15"><span class='ocrx_word' id='word_1_878' title='bbox 2004 5114 2058 5163; x_wconf 93' lang='lat' dir='ltr'><strong>et</strong></span> <span class='ocrx_word' id='word_1_879' title='bbox 2087 5112 2277 5178; x_wconf 88' lang='lat' dir='ltr'><strong>postea</strong></span> <span class='ocrx_word' id='word_1_880' title='bbox 2306 5122 2319 5158; x_wconf 90' lang='lat'>:</span> <span class='ocrx_word' id='word_1_881' title='bbox 2361 5120 2378 5153; x_wconf 77' lang='grc' dir='ltr'><strong>ι</strong></span> <span class='ocrx_word' id='word_1_882' title='bbox 2414 5099 2595 5154; x_wconf 87' lang='lat' dir='ltr'><strong>Vitam</strong></span> <span class='ocrx_word' id='word_1_883' title='bbox 2626 5098 2781 5168; x_wconf 89' lang='lat' dir='ltr'><strong>petiit</strong></span> <span class='ocrx_word' id='word_1_884' title='bbox 2812 5110 2839 5149; x_wconf 88' lang='lat' dir='ltr'><strong>a</strong></span> <span class='ocrx_word' id='word_1_885' title='bbox 2868 5102 2946 5160; x_wconf 91' lang='lat' dir='ltr'><strong>te,</strong></span> <span class='ocrx_word' id='word_1_886' title='bbox 2990 5101 3044 5149; x_wconf 90' lang='lat' dir='ltr'><strong>et</strong></span> <span class='ocrx_word' id='word_1_887' title='bbox 3078 5086 3317 5146; x_wconf 82' lang='lat' dir='ltr'><strong>tribuisti</strong></span> <span class='ocrx_word' id='word_1_888' title='bbox 3366 5087 3416 5143; x_wconf 88' lang='lat' dir='ltr'><strong>ei</strong></span> <span class='ocrx_word' id='word_1_889' title='bbox 3449 5086 3574 5141; x_wconf 82' lang='lat' dir='ltr'><strong>lon-</strong></span> 
     </span>
    </p>
   </div>
   <div class='ocr_carea' id='block_1_109' title="bbox 2002 5181 3576 5270">
    <p class='ocr_par' dir='ltr' id='par_1_109' title="bbox 2002 5181 3576 5270">
     <span class='ocr_line' id='line_1_109' title="bbox 2002 5181 3576 5270; baseline -0.013 -18"><span class='ocrx_word' id='word_1_890' title='bbox 2002 5196 2304 5270; x_wconf 86' lang='lat' dir='ltr'><strong>gitudinem</strong></span> <span class='ocrx_word' id='word_1_891' title='bbox 2337 5193 2546 5248; x_wconf 90' lang='lat' dir='ltr'><strong>dierum</strong></span> <span class='ocrx_word' id='word_1_892' title='bbox 2588 5191 2642 5244; x_wconf 94' lang='lat' dir='ltr'><strong>in</strong></span> <span class='ocrx_word' id='word_1_893' title='bbox 2691 5187 2950 5245; x_wconf 63' lang='lat' dir='ltr'><strong>saeculum</strong></span> <span class='ocrx_word' id='word_1_894' title='bbox 2985 5192 3039 5241; x_wconf 90' lang='lat' dir='ltr'><strong>et</strong></span> <span class='ocrx_word' id='word_1_895' title='bbox 3081 5183 3137 5237; x_wconf 92' lang='lat' dir='ltr'><strong>in</strong></span> <span class='ocrx_word' id='word_1_896' title='bbox 3169 5181 3429 5237; x_wconf 66' lang='lat' dir='ltr'><strong>saeculum</strong></span> <span class='ocrx_word' id='word_1_897' title='bbox 3474 5192 3576 5233; x_wconf 70' lang='lat' dir='ltr'><strong>sat-—</strong></span> 
     </span>
    </p>
   </div>
   <div class='ocr_carea' id='block_1_110' title="bbox 1999 5272 3578 5352">
    <p class='ocr_par' dir='ltr' id='par_1_110' title="bbox 1999 5272 3578 5352">
     <span class='ocr_line' id='line_1_110' title="bbox 1999 5272 3578 5352; baseline -0.014 -7"><span class='ocrx_word' id='word_1_898' title='bbox 1999 5289 2114 5346; x_wconf 89' lang='lat' dir='ltr'><strong>culi</strong></span> <span class='ocrx_word' id='word_1_899' title='bbox 2141 5289 2211 5342; x_wconf 80' lang='lat'><strong>&quot;.</strong></span> <span class='ocrx_word' id='word_1_900' title='bbox 2260 5305 2280 5339; x_wconf 77' lang='grc' dir='ltr'><strong>ι</strong></span> <span class='ocrx_word' id='word_1_901' title='bbox 2340 5284 2481 5352; x_wconf 87' lang='lat' dir='ltr'><strong>Quia</strong></span> <span class='ocrx_word' id='word_1_902' title='bbox 2541 5282 2685 5338; x_wconf 90' lang='lat' dir='ltr'><strong>enim</strong></span> <span class='ocrx_word' id='word_1_903' title='bbox 2742 5278 3049 5335; x_wconf 64' lang='lat' dir='ltr'><strong>caelestium</strong></span> <span class='ocrx_word' id='word_1_904' title='bbox 3097 5272 3463 5347; x_wconf 85' lang='lat' dir='ltr'><strong>pereupidus,</strong></span> <span class='ocrx_word' id='word_1_905' title='bbox 3522 5277 3578 5324; x_wconf 85' lang='lat' dir='ltr'><strong>et</strong></span> 
     </span>
    </p>
   </div>
   <div class='ocr_carea' id='block_1_111' title="bbox 2000 5370 3576 5449">
    <p class='ocr_par' dir='ltr' id='par_1_111' title="bbox 2000 5370 3576 5449">
     <span class='ocr_line' id='line_1_111' title="bbox 2000 5370 3576 5449; baseline -0.012 -13"><span class='ocrx_word' id='word_1_906' title='bbox 2000 5382 2145 5437; x_wconf 89' lang='lat' dir='ltr'><strong>bona</strong></span> <span class='ocrx_word' id='word_1_907' title='bbox 2177 5392 2299 5449; x_wconf 59' lang='lat' dir='ltr'><strong>quae</strong></span> <span class='ocrx_word' id='word_1_908' title='bbox 2346 5391 2517 5447; x_wconf 89' lang='lat' dir='ltr'><strong>penes</strong></span> <span class='ocrx_word' id='word_1_909' title='bbox 2568 5383 2621 5429; x_wconf 93' lang='lat' dir='ltr'><strong>te</strong></span> <span class='ocrx_word' id='word_1_910' title='bbox 2667 5380 2797 5429; x_wconf 89' lang='lat' dir='ltr'><strong>sunt</strong></span> <span class='ocrx_word' id='word_1_911' title='bbox 2850 5370 3282 5439; x_wconf 87' lang='lat' dir='ltr'><strong>concupiscens,</strong></span> <span class='ocrx_word' id='word_1_912' title='bbox 3321 5374 3576 5438; x_wconf 84' lang='lat' dir='ltr'><strong>precatus</strong></span> 
     </span>
    </p>
   </div>
   <div class='ocr_carea' id='block_1_112' title="bbox 2001 5458 3574 5539">
    <p class='ocr_par' dir='ltr' id='par_1_112' title="bbox 2001 5458 3574 5539">
     <span class='ocr_line' id='line_1_112' title="bbox 2001 5458 3574 5539; baseline -0.013 -8"><span class='ocrx_word' id='word_1_913' title='bbox 2001 5482 2128 5539; x_wconf 85' lang='lat' dir='ltr'><strong>est;</strong></span> <span class='ocrx_word' id='word_1_914' title='bbox 2177 5470 2448 5527; x_wconf 86' lang='lat' dir='ltr'><strong>exaudisti</strong></span> <span class='ocrx_word' id='word_1_915' title='bbox 2502 5482 2648 5534; x_wconf 89' lang='lat' dir='ltr'><strong>eum,</strong></span> <span class='ocrx_word' id='word_1_916' title='bbox 2701 5463 2899 5536; x_wconf 91' lang='lat' dir='ltr'><strong>inquit,</strong></span> <span class='ocrx_word' id='word_1_917' title='bbox 2948 5472 3004 5518; x_wconf 87' lang='lat' dir='ltr'><strong>et</strong></span> <span class='ocrx_word' id='word_1_918' title='bbox 3057 5477 3182 5516; x_wconf 87' lang='lat' dir='ltr'><strong>cum</strong></span> <span class='ocrx_word' id='word_1_919' title='bbox 3233 5458 3574 5522; x_wconf 85' lang='lat' dir='ltr'><strong>exaudisses,</strong></span> 
     </span>
    </p>
   </div>
   <div class='ocr_carea' id='block_1_113' title="bbox 318 5550 1898 5648">
    <p class='ocr_par' dir='ltr' id='par_1_113' title="bbox 318 5550 1898 5648">
     <span class='ocr_line' id='line_1_113' title="bbox 318 5550 1898 5648; baseline -0.009 -13"><span class='ocrx_word' id='word_1_920' title='bbox 318 5580 419 5636; x_wconf 75' lang='grc' dir='ltr'>καὶ</span> <span class='ocrx_word' id='word_1_921' title='bbox 449 5550 795 5643; x_wconf 73' lang='grc' dir='ltr'>εἰσακούσας,</span> <span class='ocrx_word' id='word_1_922' title='bbox 826 5550 853 5628; x_wconf 8' lang='grc' dir='ltr'>γι</span> <span class='ocrx_word' id='word_1_923' title='bbox 882 5550 982 5648; x_wconf 74' lang='grc' dir='ltr'>τὴν</span> <span class='ocrx_word' id='word_1_924' title='bbox 1018 5550 1310 5643; x_wconf 76' lang='grc' dir='ltr'>ἐπιθυμίαν</span> <span class='ocrx_word' id='word_1_925' title='bbox 1349 5572 1446 5643; x_wconf 81' lang='grc' dir='ltr'>τῆς</span> <span class='ocrx_word' id='word_1_926' title='bbox 1476 5568 1702 5641; x_wconf 88' lang='grc' dir='ltr'>καρδίας</span> <span class='ocrx_word' id='word_1_927' title='bbox 1737 5566 1898 5622; x_wconf 84' lang='grc' dir='ltr'>αὐτοῦ</span> 
     </span>
    </p>
   </div>
   <div class='ocr_carea' id='block_1_114' title="bbox 1999 5550 3577 5648">
    <p class='ocr_par' dir='ltr' id='par_1_114' title="bbox 2011 5550 3577 5629">
     <span class='ocr_line' id='line_1_114' title="bbox 2011 5550 3577 5629; baseline -0.008 -12"><span class='ocrx_word' id='word_1_928' title='bbox 2011 5586 2029 5617; x_wconf 76' lang='grc' dir='ltr'><strong>ι</strong></span> <span class='ocrx_word' id='word_1_929' title='bbox 2068 5563 2399 5621; x_wconf 88' lang='lat' dir='ltr'><strong>desiderium</strong></span> <span class='ocrx_word' id='word_1_930' title='bbox 2426 5560 2612 5616; x_wconf 76' lang='lat' dir='ltr'><strong>cordis</strong></span> <span class='ocrx_word' id='word_1_931' title='bbox 2642 5558 2765 5629; x_wconf 85' lang='lat' dir='ltr'><strong>ejus</strong></span> <span class='ocrx_word' id='word_1_932' title='bbox 2808 5557 3050 5613; x_wconf 85' lang='lat' dir='ltr'><strong>tribuisti</strong></span> <span class='ocrx_word' id='word_1_933' title='bbox 3097 5554 3170 5617; x_wconf 88' lang='lat' dir='ltr'><strong>ei,</strong></span> <span class='ocrx_word' id='word_1_934' title='bbox 3202 5561 3258 5609; x_wconf 89' lang='lat' dir='ltr'><strong>et</strong></span> <span class='ocrx_word' id='word_1_935' title='bbox 3297 5550 3577 5605; x_wconf 80' lang='lat' dir='ltr'><strong>voluntate</strong></span> 
     </span>
    </p>
   </div>
   <div class='ocr_carea' id='block_1_115' title="bbox 321 5642 1898 5742">
    <p class='ocr_par' dir='ltr' id='par_1_115' title="bbox 321 5642 1898 5742">
     <span class='ocr_line' id='line_1_115' title="bbox 321 5642 1898 5742; baseline -0.01 -15"><span class='ocrx_word' id='word_1_936' title='bbox 321 5673 529 5737; x_wconf 81' lang='grc' dir='ltr'>εδωκας</span> <span class='ocrx_word' id='word_1_937' title='bbox 555 5670 723 5742; x_wconf 82' lang='grc' dir='ltr'>αὐτῷ,</span> <span class='ocrx_word' id='word_1_938' title='bbox 755 5642 964 5740; x_wconf 70' lang='grc' dir='ltr'>καὶτήν</span> <span class='ocrx_word' id='word_1_939' title='bbox 996 5642 1210 5736; x_wconf 88' lang='grc' dir='ltr'>θέλησιν</span> <span class='ocrx_word' id='word_1_940' title='bbox 1231 5663 1339 5716; x_wconf 87' lang='grc' dir='ltr'><strong>τῶν</strong></span> <span class='ocrx_word' id='word_1_941' title='bbox 1358 5661 1579 5734; x_wconf 81' lang='grc' dir='ltr'>χειλέων</span> <span class='ocrx_word' id='word_1_942' title='bbox 1614 5659 1777 5716; x_wconf 80' lang='grc' dir='ltr'>αὐτοῦ</span> <span class='ocrx_word' id='word_1_943' title='bbox 1803 5660 1898 5713; x_wconf 86' lang='grc' dir='ltr'><strong>οὐκ</strong></span> 
     </span>
    </p>
   </div>
   <div class='ocr_carea' id='block_1_116' title="bbox 1999 5642 3578 5742">
    <p class='ocr_par' dir='ltr' id='par_1_116' title="bbox 2003 5642 3578 5726">
     <span class='ocr_line' id='line_1_116' title="bbox 2003 5642 3578 5726; baseline -0.012 -14"><span class='ocrx_word' id='word_1_944' title='bbox 2003 5657 2271 5713; x_wconf 90' lang='lat' dir='ltr'><strong>labiorum</strong></span> <span class='ocrx_word' id='word_1_945' title='bbox 2303 5655 2424 5726; x_wconf 85' lang='lat' dir='ltr'><strong>ejus</strong></span> <span class='ocrx_word' id='word_1_946' title='bbox 2457 5669 2569 5709; x_wconf 90' lang='lat' dir='ltr'><strong>non</strong></span> <span class='ocrx_word' id='word_1_947' title='bbox 2596 5648 2865 5706; x_wconf 81' lang='lat' dir='ltr'><strong>fraudain</strong></span> <span class='ocrx_word' id='word_1_948' title='bbox 2895 5663 3039 5704; x_wconf 89' lang='lat' dir='ltr'><strong>eum.</strong></span> <span class='ocrx_word' id='word_1_949' title='bbox 3085 5665 3121 5709; x_wconf 59' lang='lat'>1</span> <span class='ocrx_word' id='word_1_950' title='bbox 3148 5644 3279 5711; x_wconf 70' lang='lat' dir='ltr'><strong>Qua:</strong></span> <span class='ocrx_word' id='word_1_951' title='bbox 3310 5642 3401 5697; x_wconf 89' lang='lat' dir='ltr'><strong>illa</strong></span> <span class='ocrx_word' id='word_1_952' title='bbox 3443 5655 3578 5695; x_wconf 86' lang='lat' dir='ltr'><strong>con-</strong></span> 
     </span>
    </p>
   </div>
   <div class='ocr_carea' id='block_1_117' title="bbox 399 5817 1898 5918">
    <p class='ocr_par' dir='ltr' id='par_1_117' title="bbox 399 5841 1898 5918">
     <span class='ocr_line' id='line_1_117' title="bbox 399 5841 1898 5918; baseline -0.012 -8"><span class='ocrx_word' id='word_1_953' title='bbox 399 5855 447 5888; x_wconf 79' lang='lat'><strong>“</strong></span> <span class='ocrx_word' id='word_1_954' title='bbox 486 5853 647 5910; x_wconf 76' lang='lat' dir='ltr'><strong>Rom.</strong></span> <span class='ocrx_word' id='word_1_955' title='bbox 683 5870 741 5918; x_wconf 86' lang='grc' dir='ltr'><strong>ιι,</strong></span> <span class='ocrx_word' id='word_1_956' title='bbox 786 5853 869 5909; x_wconf 90' lang='lat' dir='ltr'><strong>l0.</strong></span> <span class='ocrx_word' id='word_1_957' title='bbox 949 5854 988 5883; x_wconf 64' lang='grc' dir='ltr'><strong>δ’</strong></span> <span class='ocrx_word' id='word_1_958' title='bbox 1034 5849 1219 5905; x_wconf 78' lang='lat' dir='ltr'><strong>Matth.</strong></span> <span class='ocrx_word' id='word_1_959' title='bbox 1260 5865 1309 5913; x_wconf 83' lang='lat'><strong>\‘,</strong></span> <span class='ocrx_word' id='word_1_960' title='bbox 1343 5847 1393 5901; x_wconf 76' lang='grc'>5.</span> <span class='ocrx_word' id='word_1_961' title='bbox 1472 5845 1516 5878; x_wconf 80' lang='grc'><strong>’⁸⁸</strong></span> <span class='ocrx_word' id='word_1_962' title='bbox 1556 5841 1745 5898; x_wconf 77' lang='lat' dir='ltr'><strong>Matth.</strong></span> <span class='ocrx_word' id='word_1_963' title='bbox 1784 5857 1898 5896; x_wconf 28' lang='lat' dir='ltr'><strong>nx.</strong></span> 
     </span>
    </p>
   </div>
   <div class='ocr_carea' id='block_1_118' title="bbox 1999 5817 3576 5918">
    <p class='ocr_par' dir='ltr' id='par_1_118' title="bbox 1999 5817 3576 5902">
     <span class='ocr_line' id='line_1_118' title="bbox 1999 5817 3576 5902; baseline -0.01 -11"><span class='ocrx_word' id='word_1_964' title='bbox 1999 5839 2029 5892; x_wconf 82' lang='lat' dir='ltr'><strong>l.</strong></span> <span class='ocrx_word' id='word_1_965' title='bbox 2106 5837 2152 5870; x_wconf 78' lang='lat'>“</span> <span class='ocrx_word' id='word_1_966' title='bbox 2191 5836 2335 5893; x_wconf 82' lang='lat' dir='ltr'><strong>Psal.</strong></span> <span class='ocrx_word' id='word_1_967' title='bbox 2372 5851 2462 5901; x_wconf 78' lang='lat' dir='ltr'><strong>xv,</strong></span> <span class='ocrx_word' id='word_1_968' title='bbox 2494 5834 2549 5902; x_wconf 81' lang='lat'><strong>5,</strong></span> <span class='ocrx_word' id='word_1_969' title='bbox 2589 5831 2645 5889; x_wconf 77' lang='grc'>6.</span> <span class='ocrx_word' id='word_1_970' title='bbox 2719 5830 2770 5867; x_wconf 81' lang='grc'><strong><em>⁸⁸</em></strong></span> <span class='ocrx_word' id='word_1_971' title='bbox 2803 5826 3091 5892; x_wconf 80' lang='lat' dir='ltr'><strong>Psal.&#39;xx,</strong></span> <span class='ocrx_word' id='word_1_972' title='bbox 3122 5825 3176 5881; x_wconf 76' lang='lat'><strong>2.</strong></span> <span class='ocrx_word' id='word_1_973' title='bbox 3255 5823 3298 5858; x_wconf 83' lang='grc'><strong>³⁸</strong></span> <span class='ocrx_word' id='word_1_974' title='bbox 3340 5821 3474 5880; x_wconf 76' lang='lat' dir='ltr'><strong>ibid.</strong></span> <span class='ocrx_word' id='word_1_975' title='bbox 3510 5817 3576 5884; x_wconf 68' lang='grc' dir='ltr'>Ε.</span> 
     </span>
    </p>
   </div>
  </div>
