4100 6532
538 424 647 480 585

1249 424 1515 481 EUSEDlI
1553 422 2040 481 CAESARIENSIS
2072 420 2222 477 OPP.
2256 424 2436 481 PARS
2465 427 2557 482 lll.
2580 424 3079 485 —EXEGETICA.

3696 436 3803 491 σει

538 545 875 617 cupiscentia
904 544 1043 616 ejus,
1073 559 1195 616 qua:
1224 546 1418 616 petitio
1447 546 1716 601 labiorum
1747 546 1866 617 ejus
1889 546 1980 609 sit,
2015 544 2117 601 sub

2221 546 2524 619 ἐστέρησας
2550 549 2729 602 αὐτόν.
2774 569 2792 602 ι
2832 551 2927 614 Τίς
2959 550 3014 603 δέ
3042 547 3109 621 ἦν
3137 554 3168 623 ἡ
3198 553 3464 625 ἐπιθυμία
3500 555 3686 619 αὐτοῦ,
3707 559 3801 611 καὶ⁸

540 638 654 694 haec
689 638 845 693 docet
872 637 957 693 his
996 638 1217 693 verbis:
1258 657 1275 689 ι
1329 637 1505 693 Vitam
1544 639 1701 709 petiit
1739 653 1769 692 a
1818 646 1895 703 te,
1927 646 1981 694 et
2010 638 2115 693 tri-

538 730 706 787 buisti
765 729 813 784 ei
863 728 1257 800 longitudinem
1305 729 1516 784 dierum
1570 732 1624 783 in
1662 731 1924 785 sarculum
1974 738 2027 785 et
2060 732 2115 784 in

538 822 801 878 saaculum
837 822 1045 878 saeculi.
1079 840 1097 874 ι
1137 818 1193 875 la
1222 823 1476 892 praesenti
1522 822 1691 893 igitur
1732 823 1922 902 eodem
1954 822 2117 877 modo

538 925 793 986 precatus
825 912 996 969 David
1025 922 1130 975 est.
1161 922 1215 969 et
1257 930 1448 985 preces
1476 914 1597 983 ejus
1635 915 1903 970 exauditae
1944 922 2069 983 sunt
2099 935 2111 970 :

536 1007 829 1062 exauditus
857 1007 998 1062 hanc
1028 1015 1361 1062 consecutus
1395 1014 1478 1063 est
1514 1007 1967 1078 promissionem,
2009 1022 2117 1077 qua

538 1102 779 1159 dicitur:
823 1122 841 1155 ι
897 1102 1023 1159 Dies
1072 1118 1237 1173 super
1290 1103 1407 1157 dies
1460 1103 1603 1173 regis
1650 1102 1901 1172 adjicies,
1943 1116 2117 1155 annos

541 1198 661 1269 ejus
695 1213 869 1268 usque
900 1197 957 1252 in
993 1196 1137 1251 diem
1166 1196 1534 1267 generationis
1558 1206 1606 1250 et
1630 1196 2002 1265 generationis
2030 1213 2044 1256 ;
2094 1215 2112 1247 ι

542 1292 680 1354 sive,
718 1290 1022 1347 secundum
1055 1290 1469 1363 Symmachum,
1508 1307 1527 1340 ι
1574 1288 1691 1344 dies
1739 1287 1934 1343 diebus
1973 1289 2117 1359 regis

538 1384 788 1454 adjicies,
822 1398 997 1439 annos
1046 1384 1166 1454 ejus
1208 1384 1261 1438 in
1314 1392 1577 1453 quantum
1610 1381 1890 1452 generatio
1934 1387 1989 1436 et
2026 1397 2119 1451 ge-

538 1475 794 1531 neratio:
844 1475 1117 1529 habitabit
1152 1475 1207 1529 in
1246 1484 1513 1529 aeternum
1548 1473 1601 1526 in
1636 1480 1937 1543 conspectu
1969 1470 2064 1527 Dei
2102 1491 2115 1526 :

538 1564 919 1620 misericordia
943 1576 996 1621 et
1022 1566 1223 1621 veritas
1257 1564 1684 1620 circummuniet
1716 1565 1953 1635 ipsum.»
1986 1561 2117 1617 Haec

542 1658 726 1709 omnia
778 1656 1117 1727 adipiscetur
1154 1658 1245 1727 qui
1281 1656 1465 1711 dicere
1512 1655 1735 1725 potuit:
1780 1673 1797 1705 ι
1844 1655 2119 1711 A'ﬁnibus

545 1756 704 1802 terra:
721 1748 788 1801 ad
818 1756 871 1803 te
904 1749 1158 1813 clamavi,
1201 1748 1331 1803 dum
1378 1748 1696 1802 ansiarctur
1734 1762 1832 1802 cor
1879 1762 2113 1801 meum.»

545 1838 681 1894 Nam
698 1840 1011 1908 liujnsmodi
1036 1839 1311 1911 prolectus
1339 1841 1672 1911 condignum
1702 1839 1937 1894 fructum
1975 1840 2121 1894 acci-

2220 638 2305 701 τίς
2327 639 2360 708 ὴ
2386 640 2599 709 αἴτησις
2624 640 2733 694 τῶν
2768 641 2990 711 χειλέων
3037 643 3201 697 αὑτοῦ
3224 685 3237 709 ,
3276 646 3515 699 διδάσκει
3544 648 3671 719 ἑξῆς
3711 649 3801 702 λέ-

2222 749 2364 800 γων·
2407 752 2423 783 ι
2462 733 2614 803 Ζωὴν
2644 735 2881 804 ᾐτήσατο
2918 751 2998 799 σε,
3034 736 3129 789 καὶ
3166 737 3374 801 ἔδωκας
3408 739 3559 809 αὖτῷ
3588 742 3801 812 μακρὸ-

2221 840 2360 895 τητα
2389 824 2609 895 ἡμερῶν
2643 826 2722 888 είς
2759 824 2929 879 αἰῶνα
2956 827 3050 881 καὶ
3077 828 3155 891 είς
3190 827 3363 881 αἰῶνα
3395 829 3488 883 τοῦ
3520 831 3737 895 αίῶνος.
3779 853 3797 883 ι

2222 917 2331 969 Καὶ
2350 917 2444 969 ἐπὶ
2471 915 2564 969 τοῦ
2598 917 2864 988 παρόντος
2908 917 3086 972 τοίνυν
3133 920 3532 992 παραπλησίως
3572 922 3806 987 ἐκείνοις

2220 1008 2421 1080 ηὔξατο
2445 1009 2629 1073 Δαυῒδ,
2673 1010 2767 1062 καὶ
2792 1010 3088 1081 εὐξάμενος
3136 1012 3462 1086 εἰσηκούσθη
3483 1029 3496 1042 ·
3546 1016 3803 1067 εἰσακου-

2224 1101 2371 1165 σθείς
2394 1120 2451 1154 τε
2476 1102 2682 1175 ταύτης
2706 1102 2860 1173 ἔτυχε
2887 1105 2985 1175 τῆς
3006 1105 3357 1174 ἐπαγγελίας,
3383 1106 3449 1159 δι’
3474 1100 3541 1178 ἦς
3561 1106 3799 1179 εἴρηται·

2230 1214 2247 1245 ι
2294 1194 2538 1266 Ἡμέρας
2562 1196 2646 1265 ἐφ’
2678 1196 2893 1267 ἡμέρας
2919 1196 3184 1266 βασιλέως
3218 1198 3573 1269 προσθήσειςο
3608 1197 3677 1252 τὰ
3704 1200 3801 1272 ἐτη

2224 1284 2387 1338 αὐτοῦ
2412 1285 2515 1349 ἕως
2540 1286 2751 1357 ἡμέρας
2775 1288 2967 1353 γενεᾶς
3001 1289 3095 1341 καὶ
3123 1291 3341 1356 γενεᾶς·
3379 1308 3397 1342 ι
3433 1290 3491 1359 ἢ,
3526 1291 3665 1344 κατὰ
3709 1293 3805 1345 τὸν

2224 1377 2552 1448 Σύμμαχον·
2608 1396 2624 1429 ι
2678 1378 2918 1449 Ἡμέρας
2966 1383 3085 1443 ταῖς
3120 1381 3351 1452 ἡμέραις
3392 1382 3486 1435 τοῦ
3536 1382 3806 1453 βασιλέως

2225 1469 2573 1540 προσθήσεις,
2608 1470 2703 1541 ἔτη
2736 1470 2921 1534 αὑτοῦ,
2971 1472 3056 1541 ἐφ’
3100 1473 3221 1527 ὅσον
3272 1474 3432 1542 γενεὰ
3461 1475 3554 1527 καὶ
3601 1477 3799 1544 γενεά’

2225 1560 2433 1631 οἰκήσει
2460 1560 2692 1622 αίωνίως
2715 1559 3022 1631 ἔμπροσθεν
3053 1560 3148 1614 τοῦ
3178 1562 3313 1616 Θεοῦ
3339 1580 3353 1592 ·
3384 1563 3531 1629 ἔλεος
3556 1567 3652 1620 καὶ
3670 1568 3805 1639 ἀλή-

2226 1650 2345 1703 θεια
2374 1650 2697 1720 περιφράξει
2722 1650 2903 1703 αὐτόν.
2950 1670 2969 1703 ι
3007 1650 3224 1706 Τούτων
3257 1652 3313 1705 δὲ
3360 1654 3578 1708 πάντων
3616 1656 3804 1721 τεύξε-

2224 1759 2313 1795 ται
2347 1744 2375 1795 6
2403 1741 2649 1812 δυνηθεὶς
2677 1743 2877 1794 εἰπεῖν·
2910 1761 2928 1794 ι
2971 1741 3103 1796 Ἀπὸ
3125 1743 3231 1798 τῶν
3264 1745 3552 1817 πτερύγων
3572 1748 3669 1819 τῆς
3700 1751 3804 1821 γῆς

2228 1833 2365 1903 πρὸς
2379 1833 2439 1886 σὲ
2460 1833 2737 1905 ἐκέκραξα
2763 1836 2819 1887 ἐν
2846 1833 2923 1904 τῷ
2937 1834 3229 1906 ἀκηδιᾶσαι
3249 1835 3345 1908 τὴν
3375 1838 3603 1908 καρδίαν
3638 1857 3795 1912 μου.»

548 1936 679 2006 pict,
700 1936 863 1989 vitam
877 1944 1156 1989 mternam.
1177 1934 1311 1988 Cum
1335 1934 1539 1988 dicitur
1554 1942 1756 1995 autem,
1783 1954 1801 1985 ‹
1826 1934 1969 1988 Αιιηὶ
1999 1933 2119 2003 ejus

2227 1928 2338 1999 Τῆς
2370 1926 2480 1998 γὰρ
2499 1924 2754 1996 τοιαύτης
2784 1928 3065 1999 προκοπῆς
3086 1930 3295 2001 καρπὸν
3333 1930 3553 1997 ἐπάξιον
3572 1934 3801 2006 λήψεται

546 2044 722 2101 usque
748 2028 802 2082 in
833 2027 977 2083 diem
1006 2027 1375 2099 generationis
1398 2036 1452 2082 et
1484 2027 1920 2098 generationis,»
1950 2025 2121 2098 signi-

544 2119 741 2175 ﬁcatur
789 2118 1047 2174 Davidem
1088 2136 1195 2174 non
1230 2119 1405 2173 solum
1435 2126 1683 2189 tempore
1708 2120 1831 2174 vita:
1860 2135 1972 2175 sua:
2004 2135 2118 2173 me-

543 2212 867 2267 morandum
899 2228 1042 2275 csse,
1072 2212 1165 2266 sed
1185 2226 1280 2281 per
1298 2211 1544 2283 singulas
1568 2211 1948 2282 generationes
1969 2228 1985 2278 ;
2005 2212 2121 2267 sive

544 2321 642 2375 per
658 2306 795 2361 duas
820 2305 1229 2375 generationes,
1271 2304 1429 2374 queis
1468 2303 1847 2358 subindicatur
1884 2304 2120 2374 populus

545 2411 614 2450 ex
644 2394 1089 2459 circumcisione,
1116 2403 1171 2450 et
1202 2394 1449 2449 Ecclesia
1478 2409 1545 2448 ex
1588 2394 1864 2463 gentibus.
1902 2392 2121 2459 Quanto

546 2484 717 2555 igitur
747 2492 994 2553 tempore
1027 2484 1203 2553 prima
1256 2484 1349 2538 illa
1402 2485 1680 2555 generatio
1727 2483 1945 2541 divinas
1992 2485 2122 2556 legit

548 2578 883 2651 Scripturas,
916 2576 1176 2633 Davidem
1209 2578 1266 2633 in
1300 2577 1562 2633 memoria
1601 2578 1840 2644 retinet;
1878 2578 2121 2633 secunda

544 2688 675 2728 vero
722 2672 1021 2744 generatio,
1066 2687 1187 2742 qua:
1233 2672 1409 2727 electa
1449 2686 1518 2727 ex
1562 2671 1821 2726 omnibus
1866 2671 2121 2742 gentibus

550 2772 657 2831 est,
690 2765 941 2821 similiter
968 2780 1244 2836 nunquam
1280 2763 1441 2820 linem
1472 2764 1603 2819 facit
1625 2763 1880 2819 Davidem
1914 2779 2122 2820 memo-

549 2859 727 2921 randi,
759 2860 887 2931 quia
923 2860 1043 2930 ejus
1086 2860 1139 2913 in
1176 2876 1273 2916 ore
1303 2869 1555 2917 versatur
1585 2864 1723 2920 liber
1751 2867 2120 2937 generationis

545 2951 676 3009 Jesu
706 2954 913 3009 Christi
954 2954 1046 3007 lilii
1080 2953 1267 3009 David.
1302 2954 1357 3009 ld
1396 2956 1582 3027 itaque
1625 2958 2005 3016 subindicatur
2034 2960 2121 3017 his

546 3046 753 3111 verbis,
792 3066 811 3099 ι
856 3045 999 3102 Anni
1030 3048 1150 3118 ejus
1182 3064 1355 3119 usque
1384 3049 1440 3104 in
1470 3050 1614 3106 diem
1660 3052 2031 3123 generationis
2066 3065 2122 3109 et

549 3138 942 3207 generationis.
996 3158 1015 3191 ι
1076 3137 1143 3192 Ει
1196 3138 1338 3194 hanc
1386 3141 1605 3210 quidem
1653 3157 1820 3212 penes
1872 3143 2121 3202 homines

546 3230 963 3285 diuturnitatem
990 3230 1276 3286 obtinebit.
1303 3231 1459 3301 Apud
1492 3232 1659 3288 Deum
1688 3242 1891 3300 autem,
1920 3235 2114 3306 inquit,
2148 3271 2191 3331 ο

550 3338 827 3392 numquam
867 3322 1107 3391 peribit;
1144 3322 1241 3378 sed
1286 3323 1657 3380 immortalem
1680 3371 1685 3379 .
1708 3333 1872 3398 atque
1903 3326 1958 3381 in
1999 3329 2123 3383 inli-

549 3411 725 3482 nitum
774 3410 1066 3466 durantem
1115 3422 1310 3468 nactus
1354 3414 1544 3478 vitam,
1603 3433 1622 3465 ι
1664 3417 2009 3485 permanebit
2065 3420 2121 3473 in

545 3512 810 3558 aeternum
851 3503 908 3557 in
939 3512 1241 3573 conspectu
1282 3502 1400 3559 Dei.
1440 3523 1458 3556 ι
1494 3503 1777 3571 Quomodo
1805 3516 1985 3562 autem
2017 3507 2121 3563 du-

549 3612 672 3652 rare
704 3596 880 3667 possit
908 3604 962 3652 et
1012 3595 1108 3652 Dei
1159 3595 1284 3651 vitae
1326 3596 1598 3666 coaequari
1651 3597 1936 3652 hominum
1990 3598 2121 3665 vita,

547 3686 653 3741 sub
685 3687 799 3743 hate
827 3686 986 3743 docet
1012 3687 1097 3744 his
1124 3688 1308 3744 verbis
1337 3706 1350 3744 :
1386 3706 1405 3739 ι
1439 3686 1868 3743 Misericordiam
1900 3698 1954 3745 et
1978 3690 2123 3744 veri-

547 3788 715 3834 tatem
745 3781 865 3849 ejus
882 3781 1008 3851 quis
1040 3780 1329 3852 requiret?
1354 3800 1372 3833 ι
1406 3778 1562 3847 Quod
1585 3782 1830 3852 apertius
1852 3781 2122 3852 interpre-

548 3878 698 3927 tatus
747 3871 1110 3943 Symmachus
1169 3878 1255 3927 est
1300 3871 1531 3927 dicens:
1579 3890 1599 3924 ι
1648 3872 2019 3929 Misericordia
2067 3883 2121 3930 et

548 3964 753 4019 veritas
805 3960 1232 4020 circummuniet
1268 3965 1488 4035 ipsum;
1529 3983 1547 4016 ι
1609 3966 1861 4023 similiter
1899 3968 2117 4039 Aquila,

554 4075 574 4107 ι
616 4054 987 4111 Misericordia
1034 4064 1089 4110 et
1140 4057 1342 4111 veritas
1392 4059 1688 4113 servabunt
1719 4074 1865 4115 eum.
1924 4079 1942 4112 ι
1994 4060 2121 4115 Ηαξο

548 4148 684 4217 ipsis
716 4146 1149 4202 immortalitatis
1176 4162 1365 4213 causa,
1393 4164 1588 4218 nempe
1618 4148 1711 4204 Dei
1747 4150 2117 4205 misericordia

550 4246 604 4293 ct
630 4238 832 4293 veritas
858 4257 872 4292 :
901 4253 1135 4309 quarum
1160 4253 1389 4295 consors
1418 4241 1707 4312 religiosus
1728 4242 1907 4313 quivis
1934 4242 2114 4305 homo,

548 4329 709 4399 quasi
760 4329 873 4383 sale
900 4327 1176 4394 conditus,
1211 4328 1267 4383 in
1298 4336 1559 4386 aeternam
1592 4332 1758 4385 vitam
1790 4333 2115 4388 servabitur.

547 4421 733 4493 Neque
765 4423 911 4479 enim
940 4421 1084 4493 quod
1128 4423 1323 4478 similis
1368 4422 1479 4481 Deo
1512 4426 1811 4481 secundum
1864 4426 2119 4482 substan-

549 4514 680 4568 tiam
705 4515 796 4581 sit,
830 4515 952 4570 ideo
982 4514 1235 4572 similiter
1267 4516 1414 4571 vivet
1444 4535 1460 4584 ;
1500 4518 1595 4573 sed
1645 4520 1772 4589 quia
1828 4534 1861 4574 a
1903 4520 2119 4578 miseri:

546 4605 733 4661 cordia
770 4605 860 4660 Dei
893 4614 946 4660 et
975 4621 1005 4659 a
1041 4607 1271 4663 veritate
1304 4607 1425 4678 ejus
1459 4622 1832 4665 conservatur.

620 4781 785 4837 Vens.
828 4783 881 4839 9.
917 4802 935 4834 ι
982 4782 1075 4839 Sic
1125 4785 1397 4856 psalmum
1456 4785 1633 4842 dicam
1663 4788 1870 4843 nomini
1921 4797 2014 4845 tuo
2061 4791 2116 4846 in

548 4876 808 4930 saeculum
859 4877 1064 4943 saeculi,
1104 4887 1160 4931 ut
1193 4878 1414 4932 reddam
1472 4888 1595 4932 vota
1642 4894 1760 4934 mea
1810 4880 1876 4934 de
1920 4881 2009 4935 die
2062 4883 2118 4936 in

543 4967 712 5022 diem.
754 4988 771 5019 ι
804 4967 927 5023 Haec
956 4985 1082 5023 cum
1117 4968 1353 5040 Spiritus
1397 4981 1621 5028 sanctus
1670 4972 1890 5029 Davidis
1927 4976 2118 5030 animm

548 5059 898 5130 inspirasset,
932 5062 1088 5131 quasi
1120 5077 1151 5116 a
1181 5064 1445 5132 magistro
1479 5065 1558 5119 sic
1588 5065 1838 5127 edoctus,
1866 5064 1972 5120 [ide
2000 5081 2117 5121 ser-

548 5166 767 5206 monem
817 5152 1068 5224 obsignat
1112 5153 1227 5209 haec
1262 5154 1603 5210 vociferans:
1647 5174 1665 5207 ι
1726 5155 1817 5212 Sic
1847 5157 2113 5227 psalmum

544 5242 725 5297 dicam
778 5245 984 5298 nomini
1016 5253 1110 5299 tuo
1148 5246 1202 5300 in
1236 5248 1493 5301 saeculum
1530 5250 1732 5306 saeculi.
1779 5270 1797 5303 ι
1828 5250 1938 5305 Nec
1985 5250 2117 5306 sim-

548 5336 763 5409 pliciter
790 5339 888 5402 ait,
922 5357 940 5389 ι
986 5338 1219 5396 Psallam
1249 5342 1455 5398 nomini
1502 5350 1595 5396 tuo
1627 5342 1682 5397 in
1734 5344 1990 5399 saeculum
2024 5359 2116 5398 sa:-

550 5424 681 5488 culi,
712 5442 729 5475 ι
766 5425 863 5480 sed
895 5426 1075 5481 addita
1109 5444 1262 5494 voce.
1298 5451 1315 5482 ε
1357 5428 1466 5487 Sic.
1504 5451 1522 5484 ι
1550 5429 1640 5486 Sic
1670 5434 1981 5501 quomodo?
2008 5433 2114 5488 nisi

552 5528 612 5571 ut
661 5517 900 5590 Spiritus
956 5535 1178 5581 sanctus
1237 5527 1424 5581 docuit
1474 5530 1725 5598 superius
1774 5529 1859 5583 his
1910 5529 2112 5594 verbis,

558 5630 579 5658 σ
619 5612 984 5670 Misericordia
1031 5625 1085 5671 et
1132 5619 1335 5673 veritas
1372 5620 1794 5676 circummuniet
1842 5623 2040 5691 ipsum.
2090 5643 2109 5675 ι

558 5702 653 5756 Sic
684 5706 828 5759 enim
860 5708 1231 5763 misericordia
1270 5715 1365 5762 tua
1396 5715 1450 5763 et
1480 5711 1705 5765 veritate
1751 5721 1844 5766 tua
1880 5714 2116 5768 circum.-

562 5797 804 5853 munitus
834 5807 888 5853 et
919 5810 1189 5864 servatus,
1236 5799 1465 5870 psallam
1500 5804 1705 5858 nomini
1734 5812 1832 5860 tuo
1859 5806 1914 5861 in
1943 5820 2117 5864 sacu-

567 5884 676 5937 luni
703 5885 907 5939 seculi.
938 5884 1164 5942 Conﬁdo
1197 5888 1344 5943 enim
1376 5888 1752 5947 misericordia
1780 5898 1836 5946 et
1888 5892 2115 5948 veritate

2224 2019 2323 2089 τὴν
2354 2017 2569 2071 αἰώνιον
2586 2018 2749 2089 ζωήν.
2781 2018 3009 2072 Φάσκων
3037 2020 3092 2074 δὲ
3114 2022 3142 2073 6
3165 2019 3339 2089 λόγος,
3362 2041 3381 2074 ι
3406 2021 3487 2075 Τὰ
3515 2024 3607 2095 ἐτη
3635 2025 3801 2077 αὑτοῦ

2225 2109 2327 2173 ἕως
2386 2108 2599 2180 ἡμέρας
2644 2111 2837 2177 γενεᾶς
2869 2110 2962 2163 καὶ
2984 2113 3197 2180 γενεᾶς,
3239 2130 3257 2164 ι
3292 2113 3565 2184 σημαίνει,
3590 2114 3664 2179 ὡς
3694 2116 3801 2188 ἄρα

2228 2200 2374 2254 ἔσται
2407 2202 2435 2254 6
2465 2200 2626 2255 Δαυῖδ
2643 2203 3113 2274 μνημονευόμενος
3133 2204 3193 2256 οὐ
3227 2203 3347 2257 καθ’
3380 2205 3440 2259 ὃν
3471 2207 3629 2278 μόνον
3655 2207 3802 2262 ἐϐίου

2228 2292 2438 2364 χρόνον,
2470 2291 2607 2346 ἀλλὰ
2648 2294 2742 2347 καὶ
2769 2294 2887 2347 καθ’
2915 2294 3153 2367 ἑκάστην
3181 2295 3375 2365 γενεὰν
3394 2338 3409 2361 ,
3439 2298 3470 2368 ἢ
3525 2298 3665 2352 κατὰ
3709 2300 3805 2353 δύο

2227 2384 2377 2448 τινὰς
2403 2385 2624 2453 γενεάς,
2660 2386 3028 2458 αἰνιττομένου
3061 2386 3155 2440 τοῦ
3196 2388 3353 2457 λόγου
3398 2390 3486 2443 τόν
3514 2407 3571 2442 τε
3605 2392 3669 2444 ἐκ
3704 2408 3803 2444 πε-

2231 2478 2461 2549 ριτομῆς
2509 2477 2637 2533 λαὸν
2670 2478 2763 2533 καὶ
2796 2478 2893 2551 τὴν
2936 2478 2994 2545 ἐξ
3052 2479 3219 2533 ἐθνῶν
3282 2482 3624 2553 Ἐκκλησίαν.
3684 2484 3802 2552 Ἐφ’

2228 2572 2351 2624 ὅσον
2381 2568 2512 2638 γοῦν
2540 2569 2728 2641 χρόνον
2756 2572 2788 2641 ἡ
2818 2570 3032 2641 γενεὰή
3060 2570 3249 2644 πρώτη
3278 2574 3391 2636 τοῖς
3425 2573 3586 2638 θείοις
3609 2575 3800 2643 ἐντυγ-

2229 2664 2379 2734 χάνει
2403 2661 2713 2734 γράμμασι,
2745 2664 2898 2735 φέρει
2930 2662 3018 2717 διὰ
3052 2666 3270 2735 μνήμης
3292 2666 3383 2719 τὸν
3408 2666 3568 2721 Δαυῖδ
3590 2684 3605 2697 ο
3634 2664 3728 2721 καὶ
3765 2672 3798 2741 ὴ

2227 2753 2452 2824 δευτέρα
2502 2752 2558 2806 δὲ
2590 2753 2752 2821 γενεὰ
2790 2755 2823 2825 ἡ
2863 2755 2961 2825 τῆς
3000 2753 3059 2820 ἐξ
3091 2755 3345 2811 ἁπάντων
3372 2756 3539 2811 ἐθνῶν
3571 2759 3801 2831 ἐκλογῆς

2228 2845 2488 2909 ὡσαύτως
2520 2844 2613 2898 τοῦ
2655 2845 2817 2900 Δαυῒδ
2848 2846 3040 2900 οῦποτε
3069 2846 3329 2901 διαλείπει
3365 2850 3798 2921 μνημονεύουσα,

2227 2935 2315 2989 διὰ
2360 2936 2421 2989 τὸ
2453 2936 2637 3008 φέρειν
2691 2937 2793 2990 ἀνὰ
2826 2936 3002 3007 στόμα
3040 2937 3135 3010 τὴν
3182 2937 3359 3008 βίϐλον
3389 2941 3487 3012 τῆς
3533 2943 3802 3011 γενέσεως

2241 3029 2414 3102 Ἰησοῦ
2453 3030 2687 3102 Χριστοῦ
2738 3029 2831 3083 τοῦ
2883 3029 2997 3084 υίοῦ
3031 3032 3209 3085 Δαυῖδ.
3246 3032 3414 3086 Τοῦτο
3444 3030 3536 3087 οῦν
3582 3035 3800 3106 ᾐνίξατο

2227 3129 2405 3197 φήσας
2428 3127 2457 3179 6
2486 3124 2641 3194 λόγος
2656 3141 2671 3156 ·
2696 3144 2714 3178 ι
2734 3125 2815 3178 Τά
2836 3124 2928 3196 ἐτη
2951 3126 3114 3179 αὑτοῦ
3137 3125 3241 3190 ἕως
3263 3128 3473 3200 ἡμέρας
3487 3132 3678 3197 γενεᾶς
3704 3135 3799 3186 καὶ

2226 3222 2438 3287 γενεᾶς.
2466 3238 2484 3271 ι
2521 3220 2627 3273 Καὶ
2655 3220 2711 3272 ἐν
2741 3219 2837 3290 μὲν
2877 3217 3181 3291 ἀνθρώποις
3198 3220 3399 3292 ταύτης
3424 3221 3671 3287 τεύξεται
3700 3227 3799 3296 τῆς

2229 3313 2567 3383 μακρότητος
2585 3327 2599 3343 ο
2631 3313 2780 3383 παρὰ
2806 3312 2863 3366 δὲ
2888 3311 3038 3383 αὐτῷ
3076 3311 3152 3383 τῷ
3181 3314 3299 3384 Θεῷ
3334 3314 3525 3368 οῦποτε
3547 3356 3561 3379 ,
3610 3318 3795 3386 φησὶν,

2225 3405 2501 3459 ἀπολεῖται
2521 3420 2534 3434 ·
2559 3405 2827 3459 ἀθανάτου
2855 3406 2912 3459 δέ
2949 3408 3042 3459 καὶ
3075 3408 3157 3469 είς
3190 3406 3416 3477 ἄπειρον
3467 3408 3799 3481 διαρκούσης

2225 3498 2371 3567 ζωῆς
2408 3497 2617 3568 τυχὼν,
2659 3518 2678 3550 ι
2717 3499 2964 3569 διαμενεῖ
3008 3501 3087 3563 εἰς
3119 3498 3209 3552 τὸν
3247 3499 3417 3553 αίῶνα
3446 3500 3674 3556 ἐνώπιον
3703 3504 3797 3557 τοῦ

2220 3589 2377 3643 Θεοῦ.
2422 3609 2440 3641 ι
2480 3590 2604 3654 Πῶς
2634 3590 2690 3642 δὲ
2710 3590 2953 3660 διαρκεῖν
2981 3593 3073 3645 καὶ
3112 3595 3176 3663 τῇ
3215 3593 3307 3646 τοῦ
3337 3592 3474 3646 Θεοῦ
3518 3592 3629 3665 ζωῇ
3662 3612 3801 3665 συμ-

2223 3682 2673 3753 παρεκτείνεσθαι
2706 3680 2991 3754 ανθρώπου
3017 3683 3178 3752 φύσις
3204 3685 3289 3737 οἵα
3315 3702 3373 3738 τε
3401 3685 3466 3738 ἂν
3499 3686 3583 3758 εἴη
3607 3727 3620 3749 ,
3655 3686 3798 3740 διδά-

2225 3790 2345 3826 σκει
2371 3773 2495 3845 ἑξῆς
2527 3772 2750 3842 φάσκων
2770 3791 2783 3804 ο
2822 3794 2838 3825 ι
2884 3774 3069 3838 Ἔλεος
3104 3776 3194 3829 καὶ
3226 3776 3481 3848 ἀλήθειαν
3506 3776 3588 3840 τίς
3628 3776 3797 3846 ἐκζη-

2220 3867 2374 3937 τήσει
2402 3864 2601 3928 αὐτοῦς
2629 3884 2647 3915 ι
2677 3866 2851 3937 Ὅπερ
2878 3866 3209 3938 σαφέστερον
3234 3870 3578 3939 ἠρμήνευσεν
3596 3871 3625 3922 6
3650 3868 3797 3941 Σύμ-

2225 3976 2395 4029 μαχος
2451 3960 2650 4012 εἰπών’
2718 3976 2737 4010 ι
2796 3959 2984 4023 ’Ἔλεος
3044 3962 3139 4013 καὶ
3190 3960 3413 4033 ἀλήθεια
3470 3961 3794 4035 περιφράξει

2222 4052 2381 4104 αὐτόν
2408 4066 2421 4079 ⁸
2464 4070 2482 4103 ι
2520 4050 2613 4104 καὶ
2643 4053 2672 4105 6
2706 4050 2936 4115 Ἀκύλας
2975 4053 3209 4123 ὁμοίως,
3246 4071 3263 4104 ι
3311 4053 3497 4117 Ἔλεος
3538 4056 3633 4108 καὶ
3659 4055 3793 4126 άλή-

2222 4141 2342 4195 θεια
2369 4142 2785 4213 διατηρήσουσιν
2808 4144 2991 4197 αὐτόν.
3042 4164 3059 4196 ι
3091 4145 3277 4198 Ταῦτα
3306 4146 3413 4217 γάρ
3458 4145 3557 4216 τῆς
3595 4146 3796 4200 ἀθανα-

2223 4236 2343 4299 σίας
2372 4235 2521 4306 αὑτῷ
2571 4235 2721 4288 ἔσται
2772 4235 2941 4297 αἴτια,
2974 4234 3034 4288 τὸ
3058 4235 3151 4288 τοῦ
3181 4234 3314 4289 Θεοῦ
3349 4236 3495 4300 ἔλεος
3525 4237 3619 4291 καὶ
3656 4237 3795 4306 άλὴο

2221 4324 2340 4380 θεια
2359 4343 2371 4356 ·
2397 4318 2470 4378 ὧν
2500 4325 2929 4397 μεταλαμϐάνων
2959 4328 3066 4390 πᾶς
3092 4327 3120 4378 6
3146 4326 3397 4397 θεοφιλὴς
3421 4368 3435 4390 ,
3472 4327 3659 4400 ῶσπερ
3686 4329 3796 4383 ἀπὸ

2221 4417 2363 4472 ἁλῶν
2397 4417 2707 4488 ἀλιζόμενος
2732 4457 2747 4482 ,
2783 4417 3184 4489 φυλαχθήσεται
3236 4421 3313 4482 είς
3364 4419 3579 4474 αἰώνιον
3622 4421 3788 4492 ζωήν.

2224 4510 2298 4563 Οὐ
2346 4510 2455 4581 γὰρ
2504 4510 2567 4579 δὴ
2618 4510 2821 4581 ὁμοίως
2877 4510 2954 4582 τῷ
2978 4511 3097 4583 Θεῷ
3131 4514 3389 4583 πεφυκὼς
3434 4514 3531 4585 τὴν
3580 4514 3788 4577 οὐσίαν,

2148 4614 2193 4669 ι)
2220 4603 2420 4673 ὁμοίως
2453 4602 2599 4672 αὐτῷ
2628 4601 2870 4673 ζήσεται,
2899 4604 3013 4656 ἀλλ’
3046 4604 3150 4658 ὑπὸ
3190 4604 3280 4658 τοῦ
3316 4604 3494 4669 ἐλέους
3522 4602 3614 4658 τοῦ
3655 4604 3791 4657 Θεοῦ

2220 4698 2312 4750 καὶ
2342 4696 2446 4749 ὑπὸ
2476 4696 2573 4766 τῆς
2604 4695 2858 4766 ἀληθείας
2887 4696 3052 4749 αὑτοῦ
3079 4697 3547 4767 διακρατούμενος.

2293 4806 2309 4836 ι
2345 4786 2531 4850 Οὕτως
2556 4787 2711 4855 ψαλῶ
2731 4786 2808 4857 τῷ
2832 4788 3057 4857 ὀνόματί
3094 4804 3188 4841 σου
3243 4790 3322 4853 είς
3360 4789 3451 4841 τὸν
3490 4788 3662 4842 αἰῶνα
3698 4788 3790 4842 τοῦ

2218 4880 2426 4943 αἰῶνος,
2454 4878 2548 4932 τοῦ
2579 4879 2867 4933 ἀποδοῦναί
2900 4896 2967 4950 με
3005 4880 3101 4943 τὰς
3136 4880 3301 4950 εὐχάς
3342 4898 3443 4951 μου
3486 4880 3700 4953 ἡμέραν
3732 4878 3790 4944 ἐξ

2218 4969 2445 5040 ἡμέρας.
2490 4990 2509 5022 ι
2538 4970 2723 5023 Ταῦτα
2757 4970 2850 5024 τοῦ
2882 4972 3035 5039 ἁγίου
3064 4972 3381 5043 Πνεύματος
3410 4975 3475 5043 τῇ
3506 4971 3601 5025 τοῦ
3627 4971 3791 5024 Δαυῒδ

2219 5064 2600 5135 ὑφηγήσαντος
2634 5064 2804 5135 ψυχῇ,
2837 5063 3022 5135 μαθὼν
3050 5065 3239 5137 ῶσπερ
3272 5065 3421 5137 παρὰ
3464 5064 3788 5119 διδασκάλου

2217 5156 2283 5208 τά
2308 5153 2582 5224 λεχθέντα,
2606 5153 3058 5225 ἐπισφραγίζεται
3082 5158 3147 5226 τῇ
3176 5155 3354 5208 πίστει
3376 5154 3464 5207 τὸν
3485 5154 3639 5221 λόγον
3662 5155 3791 5207 άνα-

2218 5244 2407 5313 φωνῶν
2442 5244 2535 5298 καὶ
2558 5245 2731 5314 λέγων
2750 5263 2762 5275 ο
2801 5265 2818 5297 ι
2863 5246 3016 5299 Οῦτω
3043 5246 3196 5316 ψαλῶ
3228 5247 3305 5317 τῷ
3326 5247 3546 5317 ὀνόματί
3585 5264 3678 5299 σου
3710 5250 3789 5310 εἰς

2216 5337 2307 5389 τδν
2336 5337 2507 5391 αίῶνα
2530 5336 2623 5391 τοῦ
2650 5337 2844 5401 αίῶνος
2863 5356 2877 5369 ο
2908 5360 2924 5389 ι
2945 5341 3041 5411 οὐχ
3061 5339 3247 5402 ἁπλῶς
3269 5341 3345 5405 δὲ,
3368 5359 3385 5390 ι
3412 5338 3603 5403 Ψαλῶ,
3627 5338 3782 5408 φησι,

2215 5430 2293 5501 τῷ
2319 5431 2542 5501 ὀνόματί
2592 5446 2684 5482 σου
2734 5433 2813 5494 είς
2866 5431 2958 5484 τὸν
2986 5430 3157 5485 αἰῶνα
3202 5430 3297 5484 τοῦ
3325 5428 3553 5495 αἰῶνος,
3591 5448 3611 5483 ι
3650 5429 3785 5483 ἀλλὰ

2220 5522 2355 5593 μετὰ
2388 5521 2704 5593 προσθήκης
2736 5520 2859 5589 τῆς,
2901 5540 2919 5571 ι
2957 5519 3129 5574 Οῦτω.
3176 5541 3193 5573 ι
3222 5521 3345 5583 Πῶς
3376 5520 3431 5572 δέ
3464 5518 3638 5584 οὕτως
3669 5517 3786 5572 ἀλλ’

2216 5617 2290 5680 ὼς
2317 5615 2627 5685 προεδίδαξε
2650 5616 2709 5668 τὸ
2736 5615 2959 5685 Πνεῦμα
2986 5617 3047 5669 τὸ
3090 5615 3242 5683 ἅγιον
3280 5616 3457 5685 φῆσαν
3482 5632 3495 5645 ·
3536 5633 3555 5665 ι
3594 5614 3779 5678 Ἔλεος

2216 5708 2311 5760 καὶ
2328 5706 2555 5777 ἀλήθεια
2588 5706 2911 5779 περιφράξει
2938 5707 3119 5760 αὐτόν.
3163 5726 3179 5757 ι
3208 5706 3364 5760 Οῦτω
3406 5706 3512 5776 γὰρ
3543 5706 3649 5758 ὑπὸ
3686 5705 3779 5759 τοῦ

2216 5798 2310 5851 σοῦ
2335 5798 2514 5863 ἐλέους
2542 5800 2636 5853 καὶ
2660 5798 2764 5852 ὑπὸ
2795 5798 2890 5869 τῆς
2919 5798 3018 5867 σῆς
3048 5798 3303 5870 ἀληθείας
3345 5798 3780 5869 περιφραττόμε-

2215 5908 2303 5956 νος
2337 5892 2429 5945 καί¹
2455 5890 2893 5962 διατηρούμενος,
2926 5890 3082 5961 ψαλῶ
3112 5889 3190 5962 τῷ
3217 5888 3439 5962 ὀνόματί
3468 5905 3561 5943 σου
3585 5890 3667 5953 εἷς
3690 5888 3780 5942 τὸν
