4100 6524
321 386 424 441 585

1434 385 1950 451 ῈΟΜΜΕΝΤᾹΒΙΛ
1991 393 2057 452 IN
2094 394 2434 454 PSALMOS.

3453 402 3559 458 586

319 505 489 560 αίῶνα
507 503 600 560 τοῦ
625 506 838 570 αἰῶνος.
869 505 1190 578 Τεθάρσηκα
1221 509 1326 582 γὰρ
1357 509 1502 582 ζωῆς
1533 514 1748 567 αἰωνίου
1770 514 1862 568 τεύ

1995 527 2104 581 tua,
2143 533 2249 572 non
2282 534 2400 572 mea
2433 517 2653 582 virtute,
2687 533 2774 572 me
2807 517 2970 572 vitam
3025 527 3302 582 aeternam,
3357 530 3411 575 et
3442 538 3572 585 eam
3612 553 3618 569 -.

319 599 501 664 ξεσθαι
526 599 620 652 καλ¹
643 599 940 665 ἀθανασίας
976 602 1074 671 τῆς
1095 603 1245 673 παρὰ
1272 604 1354 655 σοι
1385 603 1471 657 διὰ
1500 605 1592 658 τὸν
1629 606 1719 658 σὺν
1741 606 1887 660 ἔλεον

316 688 408 746 καὶ
434 691 522 746 διὰ
554 693 654 765 τὴν
683 693 782 764 σὴν
820 692 1098 764 ἀλήθειαν.
1124 693 1237 746 ἀλλ’
1259 695 1322 746 ού
1347 694 1436 747 διὰ
1459 695 1558 759 τὰς
1587 697 1726 767 ἐμὰς
1757 698 1885 768 ἄρε-

310 784 427 848 ,τ⁶άς,
473 803 491 835 ι
528 785 715 848 Οὖτως
769 780 862 839 οὖν
914 784 1071 855 ψαλῶ
1116 785 1195 857 τῷ
1242 786 1465 858 ὀνόματί
1527 806 1622 842 σου
1668 791 1750 854 εἰς
1795 791 1886 844 τὸν

310 875 481 928 αίῶνα
517 875 614 929 τοῦ
642 876 857 940 αἰῶνος,
885 876 978 930 τοῦ
1010 877 1301 932 ἀποδοῦναί
1336 896 1403 949 με
1431 879 1530 943 τὰς
1573 880 1736 951 εύχάς
1782 899 1884 951 μου

311 967 523 1040 ἡμέραν
552 969 611 1036 ἐξ
634 969 846 1040 ἡμέρας
866 986 879 1000 ·
914 989 932 1021 ι
967 970 1000 1040 ἢ
1031 970 1172 1024 κατὰ
1189 971 1279 1024 τὸν
1308 971 1622 1043 Σύμμαχον,
1665 991 1683 1024 ι
1718 972 1880 1025 Ἀπο-

308 1059 484 1122 διδοὺς
512 1059 612 1122 τὰς
640 1059 802 1130 εύχάς
837 1076 938 1129 μου
967 1060 1088 1114 καθ’
1109 1061 1346 1132 ἑκάστην
1385 1063 1618 1134 ἡμέραν.
1667 1081 1686 1115 ι
1721 1063 1886 1116 Οὐδε-

308 1149 528 1203 πὼποτε
583 1150 690 1223 γὰρ
731 1151 1094 1222 ἀπολείψομαι
1147 1152 1240 1205 τοῦ
1294 1152 1368 1224 μὴ
1422 1152 1732 1207 ἀποδιδόναι
1789 1153 1885 1218 τὰς

307 1243 448 1312 ὲμάς
481 1243 831 1311 ἐπαγγελίας,
865 1242 1053 1316 ῶσπερ
1073 1244 1301 1312 ὀφειλάς
1322 1244 1590 1316 διηνεκεῖς
1637 1245 1733 1299 καὶ
1760 1245 1884 1315 ἐμοὶ

305 1334 630 1404 σωτηρίους.
668 1334 880 1399 Ταύτας
908 1335 1016 1408 γὰρ
1042 1337 1332 1391 διατελέσω
1370 1338 1464 1391 καὶ
1488 1338 1570 1401 είς
1613 1336 1705 1391 τὸν
1726 1337 1882 1391 ἄπει-

303 1442 401 1496 ρον
425 1426 595 1480 αἰῶνα
626 1427 928 1492 ἀποδιδούς.
963 1429 1097 1484 Ούδὲ
1128 1430 1236 1502 γὰρ
1265 1429 1432 1501 ἀργὸς
1463 1430 1557 1484 καὶ
1600 1431 1881 1502 ἄπρακτος
1941 1502 1946 1507 _

297 1515 500 1587 ἔσομαι
523 1518 644 1572 κατ’
678 1520 892 1590 ἐκείνην
920 1520 1016 1592 τὴν
1047 1521 1264 1576 αἰώνιον
1297 1521 1443 1595 ζωὴν
1462 1563 1478 1585 ,
1508 1521 1608 1594 τὴν
1647 1522 1703 1574 δὲ
1744 1520 1879 1592 πρέ-

1995 624 2116 678 quae
2137 610 2278 679 apud
2311 618 2364 664 te
2384 617 2468 664 est
2491 609 2950 665 immortalitatem
2981 611 3322 682 adepturum.
3361 632 3378 663 ι
3419 611 3510 670 Sic
3538 635 3558 666 ι

1994 695 2178 765 itaque
2213 715 2233 748 ι
2273 697 2498 768 psallam
2531 698 2736 752 nomini
2767 710 2862 754 tuo
2892 700 2944 755 in
2974 702 3233 756 saeculum
3261 703 3465 764 saeculi,
3505 713 3562 759 ut

1994 787 2218 843 reddam
2251 797 2374 844 vota
2402 805 2520 845 mea
2543 789 2610 844 de
2638 789 2726 845 die
2755 791 2810 845 in
2840 793 2980 848 diem
3006 810 3020 858 ;
3061 815 3080 846 ι
3117 794 3232 849 sive
3261 796 3560 850 secundum

1997 877 2402 949 Symmachum,
2458 899 2477 933 ι
2537 878 2790 938 Reddens
2835 890 2958 937 vota
2997 899 3118 938 mea
3169 885 3399 955 singulis
3449 887 3564 940 die-

1993 971 2118 1027 bus.
2154 990 2172 1024 ι
2227 969 2514 1042 Nunquam
2567 987 2700 1028 sane
2756 973 3002 1029 desinam
3051 975 3341 1044 promissis
3391 983 3557 1037 stare,

1990 1063 2148 1135 quasi
2195 1063 2472 1134 perpetuis
2517 1064 2760 1134 mihique
2812 1066 3146 1122 salutaribus
3191 1066 3411 1122 debitis.
3464 1065 3561 1120 Illa

1989 1157 2135 1212 enim
2161 1157 2244 1211 vel
2273 1171 2369 1226 per
2394 1154 2608 1210 inﬁnita
2651 1156 2848 1211 saecula
2894 1154 3127 1214 reddere
3170 1158 3556 1230 perseverabo.

1991 1245 2270 1317 Siquidem
2303 1260 2412 1300 non
2456 1245 2688 1311 otiosus,
2729 1259 2837 1301 non
2885 1260 3051 1316 opere
3095 1260 3302 1302 vacuus
3353 1247 3409 1301 in
3465 1245 3557 1300 illa

1985 1351 2190 1394 azterna
2216 1337 2326 1390 vita
2357 1351 2496 1404 ero;
2527 1334 2623 1390 sed
2652 1342 3042 1406 congruentem
3071 1335 3420 1405 debitamque
3447 1333 3560 1388 Deo

1987 1428 2062 1482 ibi
2114 1441 2334 1500 operam
2383 1426 2674 1498 praestabo.
2732 1425 2859 1482 Haec
2906 1410 3106 1498 quippe
3143 1435 3229 1484 est
3279 1428 3461 1484 debita
3506 1435 3560 1481 et

1982 1517 2089 1589 ipsi
2117 1533 2428 1589 congruens
2454 1525 2717 1588 perpetua
2749 1517 3050 1590 gratiarum
3080 1520 3241 1575 actio.

297 1625 511 1662 πουσαν
556 1610 651 1662 καὶ
693 1611 1047 1686 ὀφειλομένην
1094 1614 1378 1678 ἀποδιδοὺς
1409 1613 1488 1685 τῷ
1543 1612 1662 1684 θεῷ
1707 1613 1870 1668 κάκεῖ
1904 1609 2102 1683 πρᾶξιν
2138 1609 2450 1664 διατελέσω.
2487 1608 2635 1682 Αὕτη
2677 1610 2734 1663 δέ
2805 1612 2952 1667 ἐστιν
3097 1610 3420 1683 ὀφειλομένη
3463 1611 3557 1665 καὶ

293 1698 452 1770 αὐτῷ
477 1700 757 1772 πρέπουσα
777 1703 1028 1776 διηνεκὴς
1060 1706 1380 1777 εὐχαριστία
1408 1707 1506 1777 (ι).

289 1815 412 1871 Eu:
461 1818 548 1871 T0
586 1820 837 1886 ΤΕΛΟΣ,
888 1821 1402 1902 Ὶῄιιιξειιειρογιιι
1452 1824 1744 1878 mmo}:
1797 1821 1864 1892 Τς

2054 1818 2133 1889 μ.
2191 1813 2258 1868 IN
2312 1812 3086 1902 ΡῙΝΕΜνῆηῖξρῇιρΙΞΙΗΠΜ
3139 1811 3467 1876 PSALMUS
3539 1899 3542 1902 ν

914 1892 1111 1972 ΔΑΥιΔ
1150 1894 1271 1948 ΞΑο.

371 2021 396 2053 ε
437 2003 573 2074 Οὐχὶ
600 2004 678 2076 τῷ
717 2005 836 2077 θεῷ
861 2006 1263 2077 ὑποταγήσεται
1296 2007 1330 2077 ἡ
1377 2006 1522 2078 ψυχή
1560 2023 1697 2078 μου;
1746 2009 1879 2079 παρ’

281 2088 444 2160 αὐτῷ
488 2091 596 2163 γὰρ
625 2092 686 2144 τὸ
720 2094 992 2165 Σωτήριόν
1034 2108 1155 2165 μου.
1197 2114 1217 2147 ι
1257 2096 1315 2148 ’0
1371 2095 1470 2166 μὲν
1517 2096 1878 2168 προκείμενος

279 2180 510 2252 ψαλμὺς
538 2182 754 2254 εἴρηται
789 2184 889 2255 μὲν
911 2183 989 2256 τῷ
1016 2184 1200 2250 Δαυῒδ,
1230 2186 1514 2258 πρόκειται
1537 2187 1597 2240 δὲ
1636 2189 1702 2258 τῇ
1749 2188 1874 2241 ἐπι-

279 2274 479 2344 γραφῇ
505 2314 520 2337 ,
554 2289 578 2327 ι
627 2275 767 2346 ὑπὲρ
833 2275 1101 2347 Ἰδιθούμ·
1141 2297 1161 2330 ο
1203 2277 1542 2340 διδάσκοντος
1573 2279 1723 2348 ἡμᾶς
1778 2277 1872 2330 τοῦ

280 2363 475 2432 λόγου,
498 2364 576 2428 ὡς
608 2366 716 2436 ἄρα
738 2369 768 2420 ὁ
796 2367 978 2430 Δαυῒδ,
1020 2368 1158 2441 ὑπὲρ
1185 2367 1281 2422 τοῦ
1338 2368 1574 2439 Ἰδιθοὺμ
1606 2368 1873 2436 συντάξας

277 2455 383 2508 τὸν
405 2455 638 2526 ψαλμὸν,
674 2458 990 2530 παρέδωκεν
1013 2460 1161 2532 αὐτῷ
1184 2461 1433 2532 μελετᾷν,
1464 2461 1559 2514 καὶ
1581 2461 1701 2514 ἀντὶ
1727 2462 1871 2532 ἐπῳ-

277 2545 386 2617 δῆς
425 2548 657 2619 χρῆσθαι
679 2550 758 2614 εἰς
781 2549 1098 2621 θεραπείαν,
1128 2554 1413 2623 συμφορᾶς
1447 2570 1592 2617 τινος
1640 2555 1870 2626 ἐπισυμ-

277 2638 468 2711 6άσης
494 2641 660 2712 αύτῷ.
705 2643 813 2696 Καὶ
844 2644 872 2695 ὀ
895 2644 937 2698 λ’
967 2645 1024 2698 δὲ
1055 2646 1147 2698 καὶ
1183 2651 1232 2716 η’
1256 2645 1636 2719 ἐπεγέγραπτο
1659 2687 1675 2712 ,
1721 2666 1740 2698 ι
1774 2648 1869 2712 Εἰς

275 2731 345 2782 τὸ
377 2731 549 2796 τέλος,
579 2733 657 2805 τῷ
703 2734 1089 2808 ’1διθοὺμ,ᾡδὴ
1140 2736 1236 2790 τοῦ
1270 2737 1462 2791 Δαυῖδ·
1510 2757 1528 2791 ι
1579 2739 1638 2792 ἐν
1679 2731 1724 2806 ᾧ
1771 2739 1867 2793 καὶ

276 2825 436 2896 αὐτῷ
459 2827 659 2896 ὁμοίως
682 2826 1031 2882 διδασκαλίαν
1062 2830 1348 2902 παρεδίδου
1378 2833 1407 2886 ὁ
1439 2831 1600 2885 Δαυῒδ
1623 2832 1700 2902 τῷ
1743 2833 1864 2886 ἰδι-

275 2915 432 2990 θοὺμ
458 2918 544 2972 διὰ
571 2919 670 2991 τὴν
695 2921 887 2992 αὐτὴν,
926 2916 1083 2992 οἶμαι
1110 2962 1124 2987 ,
1173 2923 1533 2979 κατάστασιν.
1600 2925 1866 2980 Ἐνταῦθα

279 3005 391 3079 μὲν
423 3007 533 3080 γὰρ
581 3009 827 3065 λέλεκται
849 3029 863 3043 ·
901 3030 922 3064 ι
953 3013 1027 3066 Ού
1085 3013 1160 3085 μὴ
1214 3013 1458 3068 σαλευθῶ
1509 3016 1601 3069 ἐπὶ
1656 3015 1860 3070 πλεῖον.

281 3099 437 3164 Ἕως
474 3101 602 3155 πότε
625 3103 931 3157 ἐπιτίθεσθε
959 3107 1045 3159 ἐπ’
1079 3105 1382 3178 ἄνθρωπον,
1413 3108 1700 3178 φονεύεσθε
1728 3110 1863 3164 πάν-

2571 1882 2780 1940 DAVID
2831 1885 2966 1966 th.

2049 2000 2216 2058 Vens.
2255 2002 2310 2065 2,
2342 2003 2394 2056 5.
2459 2021 2480 2054 ι
2518 1999 2710 2056 Nonne
2761 2001 2873 2057 Deo
2925 2002 3170 2073 subjecta
3217 2005 3322 2060 erit
3369 2005 3552 2060 anima

1979 2094 2142 2150 mea?
2164 2095 2234 2149 ab
2262 2096 2382 2164 ipso
2411 2094 2556 2149 enim
2591 2093 2849 2150 Salutare
2885 2109 3087 2150 meum.
3131 2114 3151 2148 ι
3182 2094 3282 2151 llic
3308 2097 3550 2167 psalmus

1978 2186 2168 2241 Davidi
2200 2186 2419 2257 quidem
2463 2187 2644 2243 dictus
2675 2197 2780 2251 est,
2813 2186 3162 2256 inscriptioni
3190 2203 3354 2257 porro
3394 2185 3551 2242 addi-

1974 2287 2086 2342 tur,
2126 2297 2146 2330 ι
2185 2294 2286 2349 pro
2319 2277 2575 2333 ldithum.
2615 2299 2633 2329 ι
2669 2277 2880 2346 Quibus
2929 2279 3245 2343 edocemur,
3288 2279 3561 2346 Davidem

1972 2385 2098 2424 cum
2132 2386 2232 2441 pro
2258 2369 2492 2426 ldithum
2524 2371 2794 2441 psalmum
2843 2371 3187 2435 adornasset,
3236 2373 3344 2443 ipsi
3376 2368 3546 2426 tradi--

1970 2462 2120 2518 disse
2149 2462 2216 2517 ad
2248 2456 2616 2518 meditandum
2647 2481 2662 2530 ;
2698 2470 2757 2517 ut
2787 2477 2874 2527 eo,
2903 2463 3184 2519 accidente
3214 2465 3545 2530 calamitate,

1969 2553 2130 2624 quasi
2182 2553 2592 2609 incantamento
2644 2563 2898 2610 uteretur
2944 2554 3012 2610 ad
3069 2555 3358 2611 medelam.
3414 2557 3544 2614 Item

1969 2661 2178 2702 xxxvm
2195 2646 2494 2718 inscriptus
2515 2653 2600 2701 est
2631 2665 2644 2701 :
2681 2664 2699 2698 ι
2725 2645 2784 2700 In
2809 2646 2993 2710 ﬁnem,
3017 2646 3123 2716 ipsi
3143 2646 3546 2714 ldithum,can-

1969 2738 2138 2791 ticum
2169 2737 2406 2793 Davidis.
2441 2757 2460 2790 ι
2494 2739 2553 2791 ln
2582 2752 2692 2807 quo
2719 2737 2972 2792 similiter
3015 2735 3184 2790 David
3235 2736 3541 2792 doctrinam

1968 2829 2071 2900 ipsi
2089 2827 2323 2884 ldithum
2353 2831 2408 2884 in
2436 2830 2553 2899 pari
2594 2844 2800 2892 rerum,
2829 2837 2890 2883 ut
2936 2828 3190 2894 arbitror,
3233 2828 3545 2884 conditione

1964 2922 2208 2978 tradidit.
2233 2922 2367 2978 Nam
2396 2922 2484 2977 hic
2513 2921 2718 2976 dicitur
2744 2940 2757 2976 :
2788 2940 2814 2974 ι
2849 2919 2968 2976 Νοη
3008 2922 3265 2978 movebor
3285 2923 3541 2992 amplius.

1965 3013 2264 3087 Quousque
2292 3015 2506 3070 irruitis
2533 3015 2588 3069 in
2619 3014 2893 3069 hominem
2921 3013 3272 3070 ?interﬁcitis
3301 3017 3539 3070 universi

1962 3119 2084 3160 vos.
2122 3123 2141 3157 ι
2176 3103 2233 3159 1η
2266 3119 2476 3159 xxxvnt
2527 3114 2706 3159 autem
2739 3122 2753 3158 :
2807 3121 2826 3154 ι
2882 3103 3016 3158 Cum
3049 3104 3374 3161 consisteret
3415 3122 3543 3177 pec-

273 3209 375 3256 τες
402 3193 598 3264 ύμείςς
649 3215 667 3247 ι
706 3196 762 3248 ἐν
807 3196 864 3249 δὲ
903 3197 981 3269 τῷ
1009 3199 1123 3269 λη’·
1164 3217 1182 3250 ι
1226 3200 1314 3253 Ἐν
1362 3199 1442 3272 τῷ
1479 3201 1738 3272 συστῆναι
1769 3203 1862 3256 τὸν

1966 3205 2118 3254 calor
2140 3198 2570 3267 adversumme,
2605 3197 2853 3253 obmutui
2883 3206 2937 3252 et
2967 3197 3287 3254 humiliatus
3322 3215 3466 3264 sum,
3488 3207 3542 3254 et

273 3284 604 3353 ἁμαρτωλὸν
628 3286 870 3341 ἐναντίον
893 3306 1014 3360 μου,
1032 3289 1330 3362 ὲκωφώθην
1349 3291 1444 3346 καὶ
1465 3293 1857 3367 ὲταπεινώθην,

273 3374 375 3426 καὶ
400 3374 632 3447 ἐσίγησα
667 3375 728 3443 ἐξ
759 3379 998 3448 ἀγαθῶν,
1035 3381 1131 3434 καὶ
1153 3382 1214 3435 τὸ
1245 3382 1384 3454 ἄλγη
1394 3383 1472 3454 μά
1509 3401 1610 3455 μου
1643 3387 1862 3441 ἁνεκαι-

272 3466 439 3539 νίσθη
466 3484 481 3496 ο
516 3488 534 3519 ι
567 3469 661 3523 καὶ
687 3471 846 3525 πάλιν
869 3489 884 3503 ο
915 3492 934 3524 ι
979 3474 1110 3528 Ἀπὸ
1139 3475 1328 3529 πασῶν
1351 3477 1461 3530 τῶν
1487 3479 1728 3549 ἀνομιῶν
1757 3497 1857 3551 μου

274 3560 443 3631 ῥῦσαί
472 3579 539 3632 με
559 3579 572 3592 ·
597 3562 798 3628 ὄνειδος
829 3565 1021 3637 ἄφρονι
1043 3567 1250 3632 ἔδωκάς
1277 3587 1367 3640 με.
1401 3589 1419 3622 ι
1451 3572 1563 3625 Kal.
1608 3573 1704 3627 θέα
1736 3576 1860 3628 τίνα

270 3653 480 3725 τρόπον
505 3655 759 3724 ἐμφαίνει
789 3656 856 3709 δι’
879 3657 1205 3730 ἀμφοτέρων
1227 3660 1284 3713 ὲν
1305 3662 1594 3734 πειρασμῷ
1615 3681 1720 3717 τινι
1778 3665 1860 3731 EE-

268 3745 512 3818 ητάσθαι
541 3748 634 3802 καὶ
661 3748 810 3802 δεινά
849 3749 1172 3804 πεπονθέναι
1195 3767 1210 3782 ο
1235 3751 1316 3805 διὸ
1359 3753 1564 3818 ταύτας
1606 3758 1859 3827 προσίετο

269 3837 376 3902 τὰς
398 3840 599 3909 φωνάς.
625 3842 733 3895 Καὶ
760 3843 817 3894 ὲν
842 3843 939 3912 μὲν
959 3842 1036 3913 τῷ
1055 3843 1194 3913 μετά
1221 3847 1409 3917 χεῖρας
1430 3845 1629 3918 ψαλμῷ
1652 3848 1857 3921 προϊών

271 3948 411 4002 φησι
435 3947 451 3962 ⁸
493 3951 511 3983 ι
549 3932 696 4004 Πλὴν
729 3935 946 4004 μάταιοι
978 3936 1029 3988 οἱ
1063 3937 1170 3990 υἱοὶ
1207 3938 1316 3992 τῶν
1353 3937 1689 4009 ἀνθρώπων,
1717 3939 1856 4009 ψευ-

269 4020 386 4084 δεῖς
414 4023 520 4075 υἱοὶ
547 4022 656 4077 τῶν
683 4023 984 4095 ἀνθρώπων
1012 4028 1069 4081 ὲν
1095 4025 1298 4096 ζυγοῖς,
1325 4027 1418 4082 τοῦ
1455 4028 1708 4101 ἀδικῆσαι
1753 4033 1854 4086 αύ-

268 4115 360 4168 τοὶ
391 4118 457 4170 ὲκ
489 4117 849 4188 ματαιότητος
874 4120 966 4172 ἐπὶ
997 4119 1058 4173 τὸ
1087 4117 1218 4175 αὐτό
1239 4139 1254 4154 ⁸
1296 4141 1315 4172 ι
1349 4123 1444 4175 καὶ
1469 4124 1530 4176 ὲν
1564 4123 1762 4194 ἐκείνῳ
1794 4124 1853 4177 δὲ

268 4207 478 4279 δμοίως
529 4209 747 4280 εἴρητοο
807 4229 825 4262 ι
863 4210 1011 4282 Πλὴν
1063 4211 1133 4264 τὰ
1192 4212 1484 4284 σύμπαντα
1533 4217 1850 4286 ματαιότης,

271 4301 386 4363 πᾶς
413 4300 698 4373 ἄνθρωπος
734 4301 842 4368 ζῶν
865 4322 882 4338 ο
914 4305 1006 4357 καὶ
1033 4304 1196 4359 πάλιν
1221 4321 1234 4334 ·
1278 4324 1296 4352 ο
1337 4306 1482 4378 Πλὴν
1521 4307 1696 4378 μάτην
1743 4311 1853 4373 πᾶς

269 4392 589 4463 ἄνθρωπος·
646 4413 664 4446 ι
731 4395 874 4468 ἄπερ
903 4397 1054 4450 οὐδὲν
1093 4397 1158 4451 ἂν
1187 4398 1435 4470 διαφέροι
1475 4399 1600 4452 τοῦ⁹
1632 4419 1650 4451 ι
1705 4401 1852 4470 Πλὴν

274 4487 496 4559 μάταιοι
525 4489 574 4542 οἱ
601 4490 706 4542 υἱοὶ
732 4491 841 4544 τῶν
869 4490 1190 4562 ἀνθρώπων,
1222 4492 1375 4546 αὐτοὶ
1400 4494 1465 4545 ὲκ
1493 4494 1850 4563 ματαιότητος

267 4580 363 4633 ἐπὶ
397 4579 459 4632 τὸ
488 4581 638 4634 αὑτό.
682 4600 702 4632 ι
736 4582 857 4635 Ἔτι
887 4582 1026 4652 πρὸς
1055 4582 1265 4648 τούτοις
1303 4585 1360 4637 ἐν
1401 4583 1478 4654 τῷ
1528 4583 1608 4656 λη’
1665 4583 1848 4655 εὕροις

266 4672 338 4727 ἄν
366 4673 658 4745 εἰρημένον
687 4672 750 4726 τό
770 4691 783 4703 ο
825 4691 844 4724 ι
875 4673 1140 4742 Μέντοιγε
1176 4675 1234 4729 ὲν
1267 4674 1435 4728 είκόνι
1465 4675 1845 4748 διαπορεύεται

263 4764 574 4838 ἄνθρωπος.
629 4765 776 4838 Πλὴν
825 4765 1002 4837 μάτην
1053 4767 1432 4839 ταράσσονται.
1490 4768 1841 4842 Θησαυρίζει,

263 4857 363 4911 καὶ
392 4857 454 4910 ού
511 4856 768 4926 γινώσκει
815 4856 920 4909 τίνι
947 4857 1163 4923 συνάξει
1205 4857 1365 4911 αὑτά.
1405 4877 1423 4908 ι
1465 4857 1739 4928 Σύμφωνα
1784 4858 1842 4912 δὲ

261 4947 476 5011 τούτοις
498 4946 585 5019 εἴη
610 4947 675 5001 ἂν
705 4947 799 5000 καὶ
833 4947 901 4999 τά
931 4947 1068 5018 μετά
1094 4949 1281 5018 χεῖρας
1317 4945 1587 5016 λεγόμενα
1631 4947 1688 5000 ἐν
1721 4947 1843 5000 τού-

259 5058 407 5104 τοιςο
441 5059 459 5090 ι
495 5039 586 5111 Μὴ
633 5039 879 5102 ἐλπίζετε
920 5039 1012 5092 ἐπὶ
1049 5039 1281 5100 ἀδικίαν,
1325 5040 1418 5092 καὶ
1443 5040 1535 5092 ἐπὶ
1571 5038 1842 5110 ἅρπαγμα

260 5131 341 5204 μὴ
362 5130 671 5185 ἐπιποθεῖτε
692 5148 706 5162 ’
740 5129 970 5193 πλοῦτος
999 5129 1093 5183 ἐὰν
1125 5131 1247 5204 ῥέῃ,
1285 5131 1361 5204 μὴ
1388 5128 1742 5202 προστίθεσθε
1771 5133 1837 5200 τῇ

255 5222 481 5293 καρδίᾳ.
518 5241 536 5272 ι
569 5221 680 5275 Kal.
713 5221 777 5275 σὺ
803 5219 848 5272 δ’
881 5219 970 5282 ἂν,
1013 5220 1105 5272 ἐπὶ
1152 5220 1345 5291 σχολῆς
1389 5220 1454 5271 ὲκ
1489 5217 1836 5290 παραλλήλου

253 5311 356 5374 τάς
388 5314 447 5365 ἐν
471 5311 801 5383 ἀμφοτέροις
831 5314 946 5374 τοῖς
982 5309 1270 5380 δηλωθείσι
1299 5310 1532 5381 ψαλμοῖς
1572 5309 1830 5381 ἐγκειμέ-

253 5421 355 5464 νας
380 5403 555 5469 λέξεις
581 5403 850 5474 παραθεὶς
865 5403 1143 5474 ἀλλήλαις,
1168 5402 1349 5475 εὕροις
1374 5401 1439 5457 ἂν
1463 5404 1592 5474 μιᾶς
1610 5401 1704 5455 καὶ
1733 5401 1831 5472 τῆς

1965 3287 2092 3343 silui
2126 3303 2158 3342 a
2187 3288 2368 3353 bonis,
2391 3296 2447 3345 et
2466 3287 2630 3344 dolor
2674 3304 2829 3345 meus
2867 3296 3165 3344 renovatus
3195 3297 3280 3345 est
3303 3289 3392 3357 l";
3433 3311 3452 3343 ι
3486 3300 3541 3346 et

1962 3395 2208 3444 rursum,
2247 3398 2267 3432 ι
2305 3380 2388 3436 Ab
2415 3380 2675 3436 omnibus
2706 3370 3089 3450 iniquitatibus
3113 3380 3252 3436 meis
3275 3396 3407 3436 erue
3431 3398 3536 3445 me,

1961 3474 2316 3544 approbrium
2340 3473 2624 3547 insipienti
2657 3471 2860 3529 dedisti
2893 3489 2980 3529 me
2998 3473 3067 3529 ⁵⁸.
3104 3493 3123 3525 ι
3151 3475 3537 3529 Animadverte

1963 3581 2149 3635 porro,
2187 3572 2300 3636 quo
2333 3575 2494 3636 pacto
2526 3566 2583 3620 in
2624 3572 2858 3634 utroque
2888 3579 2948 3619 se
2979 3565 3034 3618 in
3067 3566 3368 3622 tentatione
3398 3582 3536 3621 cou-

1963 3658 2213 3713 stitutum
2247 3667 2302 3715 et
2330 3659 2514 3730 gravia
2543 3673 2766 3728 passum
2800 3656 3071 3729 signiﬁcet
3098 3675 3114 3723 ;
3140 3673 3246 3728 qua
3272 3659 3340 3714 de
3368 3674 3536 3714 causa

1960 3750 2126 3807 hasce
2154 3751 2382 3820 protulit
2419 3764 2602 3805 voces.
2635 3749 2702 3802 Et
2748 3749 2803 3803 in
2847 3749 3102 3820 praesenti
3135 3749 3353 3821 quidem
3386 3751 3537 3819 psal-

1958 3859 2051 3898 mo
2103 3842 2363 3914 deinceps
2399 3844 2517 3898 ait:
2547 3861 2568 3894 ι
2625 3840 3016 3897 Verumtamen
3049 3843 3175 3896 vani
3215 3842 3309 3896 ﬁlii
3357 3843 3535 3898 homi-

1959 3948 2114 3997 num,
2147 3935 2439 3988 mendaces
2469 3931 2565 3987 ﬁlii
2600 3932 2880 3987 hominum
2920 3932 2976 3986 in
3003 3931 3245 3996 stateris,
3294 3941 3355 3987 ut
3392 3933 3534 4010 inju-

1957 4025 2096 4081 riam
2131 4023 2335 4080 faciant
2366 4026 2468 4095 ipsi
2499 4025 2567 4081 de
2604 4023 2846 4080 vanitate
2893 4023 2949 4076 in
2981 4023 3257 4093 idipsum:
3299 4044 3318 4077 υ
3356 4025 3409 4078 in
3437 4026 3532 4080 illo

1956 4124 2137 4173 autem
2161 4118 2414 4174 similiter
2440 4117 2762 4174 dicebatur:
2805 4135 2823 4168 ι
2860 4114 3244 4172 Verumtamen
3275 4118 3532 4173 universa

1956 4211 2192 4276 vanitas,
2222 4212 2404 4266 omnis
2437 4211 2600 4266 homo
2625 4211 2813 4268 vivens
2833 4211 2880 4243 “
2909 4230 2922 4267 :
2966 4232 2985 4264 ι
3023 4227 3087 4267 ac
3116 4212 3333 4276 iterum,
3368 4231 3388 4264 ι
3425 4211 3532 4267 Ve-

1955 4309 2266 4357 rumtamen
2305 4317 2442 4358 vane
2495 4303 2676 4358 omnis
2725 4303 2888 4358 homo
2911 4304 2994 4371 '5;
3037 4323 3055 4356 ι
3113 4319 3236 4374 qua:
3287 4304 3343 4358 in
3379 4305 3531 4358 nullo

1953 4395 2207 4451 diﬁ‘erant
2233 4395 2303 4450 ab
2334 4395 2524 4450 hisce:
2568 4415 2587 4447 ‹
2628 4394 3017 4452 Verumtamen
3046 4397 3171 4450 vani
3220 4395 3314 4449 ﬁlii
3353 4395 3530 4449 homi-

1953 4504 2107 4550 num,
2146 4486 2252 4557 ipsi
2301 4502 2366 4541 ex
2405 4487 2647 4541 vanitate
2697 4487 2753 4540 in
2803 4484 3063 4556 idipsum.
3099 4505 3118 4536 ι
3172 4486 3254 4539 Ad
3304 4485 3419 4538 haec
3471 4485 3527 4540 in

1952 4595 2161 4634 xxxvnt
2213 4579 2420 4635 dictum
2471 4579 2846 4650 deprehendas
2890 4598 2904 4633 :
2974 4597 2993 4629 ι
3032 4576 3418 4633 Verumtamen
3472 4579 3525 4632 in

1955 4673 2189 4743 imagine
2220 4674 2516 4745 pertransit
2553 4673 2735 4727 homo.
2767 4669 3156 4726 Verumtamen
3206 4685 3344 4724 vane
3393 4685 3526 4724 con-

1955 4766 2268 4820 turbantur.
2300 4764 2680 4828 Thesaurizat,
2712 4771 2765 4818 et
2799 4763 3012 4834 ignorat
3041 4761 3126 4813 cui
3171 4761 3526 4831 congregabit

1951 4870 2017 4909 ea
2035 4856 2123 4922 ¹⁵⁶;
2163 4875 2182 4908 ι
2217 4855 2417 4925 quibus
2446 4869 2690 4910 consona
2740 4853 2944 4910 fuerint
2995 4852 3111 4909 hare
3160 4852 3216 4906 in
3265 4852 3524 4921 prmsenti

1949 4946 2134 5002 dicta:
2174 4966 2193 4998 ι
2247 4945 2425 5001 Nolite
2479 4961 2700 5016 sperare
2754 4947 2806 4999 in
2837 4946 3143 5016 iniquitate,
3189 4951 3244 5000 et
3274 4946 3524 5014 rapinam

1950 5036 2125 5090 nolite
2167 5037 2561 5107 concupiscere
2589 5054 2602 5090 :
2635 5036 2840 5090 divitiae
2866 5037 2913 5090 si
2945 5035 3186 5098 aﬂluant,
3219 5035 3386 5090 nolite
3425 5050 3523 5089 cor

1949 5139 2243 5193 apponere.
2285 5145 2303 5178 ι
2333 5124 2489 5192 Quod
2524 5127 2569 5180 si
2602 5133 2660 5179 tu
2696 5140 2792 5196 per
2819 5124 2991 5178 otium
3017 5124 3165 5178 dicta
3197 5125 3250 5178 in
3282 5133 3519 5194 utroque

1948 5218 2160 5289 psalmo
2190 5219 2367 5289 posita
2405 5219 2693 5274 adversum
2727 5217 3049 5281 contuleris,
3097 5217 3345 5272 eamdem
3395 5232 3519 5283 spe—

1940 5317 2093 5365 ctare
2136 5311 2462 5365 sententiam
2511 5309 2909 5380 deprehendes.
2966 5306 3132 5361 David
3181 5307 3363 5376 itaque
3413 5308 3513 5375 ipsi

1938 5401 2172 5458 ldithum
2199 5401 2814 5460 accidentctentatione.
2836 5411 2888 5456 et
2905 5400 3137 5456 fortasse
3166 5399 3345 5469 lapsu,
3376 5401 3514 5452 hanc

325 5556 376 5590 ι·
413 5556 824 5627 Psal.xxxvm,
860 5557 1004 5624 2,5.
1081 5557 1127 5591 ’³
1163 5557 1292 5614 ibid.
1329 5558 1382 5612 9.
1457 5558 1504 5590 ει
1545 5557 1674 5612 ibid.
1705 5557 1759 5611 6.
1835 5557 1881 5589 ω
1921 5557 2055 5614 ibid.
2090 5556 2179 5615 te.
2243 5535 2308 5597 ἀι
2342 5557 2476 5614 ibid.
2513 5556 2626 5614 7-9.

340 5741 420 5812 (l)
456 5739 590 5795 Post
611 5740 726 5794 haec
759 5740 1008 5811 sequitur
1047 5740 1327 5811 catalogus
1355 5740 1638 5794 titulorum
1668 5738 1864 5812 Eusebi

1966 5756 1977 5793 ι
2014 5740 2266 5812 umle_cim
2309 5750 2602 5810 sequentes
2632 5743 2870 5810 psalmos
2919 5743 3021 5797 hoc
3055 5741 3190 5798 ritu.
3242 5736 3510 5812 Σχολικιῖν

266 5805 584 5882 ἐξηγήσεων
612 5815 689 5871 είς
712 5805 1340 5883 τοὺξὺποτεταγμένους
1367 5812 1632 5880 ψαλμοὺς,
1650 5813 1752 5883 μείς
1782 5811 1872 5862 τὸν
1905 5809 2004 5875 Ea',
2047 5813 2106 5863 ὲν
2143 5805 2187 5878 ᾧ
2219 5814 2334 5864 ἐστὶ
2369 5805 2688 5865 διδασκαλία
2713 5813 3104 5883 θεραπευτικὴ,
3147 5821 3200 5864 et
3255 5805 3335 5866 sic
3363 5816 3464 5864 titt.
3493 5811 3510 5864 i

262 5885 559 5953 cujusque,
585 5899 758 5951 uSque
791 5884 856 5935 ad
893 5889 989 5947 oa',
1008 5891 1066 5934 ut
1098 5885 1250 5934 initio
1279 5882 1408 5936 editi
1435 5891 1582 5945 sunt,
1605 5881 1919 5935 allen-untur.

557 5978 822 6034 Parrum.
863 5978 978 6036 Gn.
1026 5975 1260 6035 XXIII.

3152 5969 3225 6027 19
