4100 6552
544 421 646 475 587

1254 415 1521 471 EUSEBII
1559 416 2043 473 CASSAIHENSIS
2082 418 2100 471 (

2204 423 2230 472 ’.
2263 416 2442 471 PARS
2481 416 2567 470 Ill.
2609 440 2676 458 -ε-
2700 414 3113 473 ΕΧΕΟΕΤΙΕᾹ.

3692 424 3801 479 588

541 536 846 592 doctrinam
886 533 1109 590 medela:
1141 542 1505 604 opportunam
1539 536 1835 591 tradidisse
1865 536 2081 590 videtur

2219 535 2385 605 αὑτῆς
2430 533 2690 604 ἐχομένας
2737 533 2991 596 διανοίας.
3041 533 3097 585 'O
3128 534 3305 587 τοίνυν
3335 535 3497 588 Δαυῖδ
3524 534 3666 590 ἔοικε
3716 539 3801 609 τῷ

540 638 597 682 ut
625 641 747 683 sese
778 624 1068 695 reciperet,
1097 633 1150 680 et
1200 640 1229 679 a
1264 625 1421 695 lapsu
1460 634 1763 680 revocaret.
1815 625 1872 680 ln
1904 642 2109 680 xxxviii

534 719 755 791 quidem
792 717 971 788 ipsum
1005 717 1348 781 instituebat,
1383 727 1441 773 ut
1469 733 1591 775 sese
1619 719 2021 783 cohortaretur,
2049 736 2113 774 ac

534 828 722 868 secum
752 809 1027 885 colloquia
1067 810 1322 865 misceret
1356 809 1714 880 diceretque:
1758 828 1777 860 ι
1818 809 1934 863 Dixi
1966 810 2112 864 :Cu-

534 902 770 958 stodiam
824 903 943 957 vias
989 916 1160 963 meas,
1194 908 1253 955 ut
1303 916 1413 955 non
1463 900 1778 972 delinquam
1822 902 1877 954 in
1928 902 2110 971 lingua

534 1011 677 1051 mea.
727 994 893 1051 Posui
941 994 1023 1048 ori
1060 1009 1181 1049 meo
1233 992 1565 1056 custodiam,
1613 1008 1738 1047 cum
1788 993 2112 1048 consisteret

532 1094 789 1157 peccator
825 1085 1117 1140 adversum
1150 1100 1255 1147 me,
1285 1084 1533 1140 obmutui
1565 1093 1617 1139 et
1649 1084 1967 1139 humiliatus
1989 1100 2109 1139 sum

530 1185 585 1233 et
622 1177 748 1235 silui
776 1191 807 1230 a
840 1176 1023 1241 bonis,
1063 1184 1118 1231 et
1150 1160 1307 1230 dolor
1342 1191 1497 1230 meus
1542 1185 1839 1231 renovatus
1871 1185 1956 1232 est
1979 1176 2046 1240 ⁸⁷,
2085 1194 2103 1227 ι

530 1280 587 1323 et
626 1278 842 1326 cmtera.
878 1265 935 1321 In
968 1268 1168 1338 quibus
1197 1265 1351 1321 adest
1382 1274 1437 1320 et
1468 1266 1601 1320 illud
1632 1285 1643 1321 :
1688 1286 1706 1318 ι
1744 1269 1825 1321 Ab
1854 1267 2109 1322 omnibus

530 1362 915 1432 iniquitatibus
945 1362 1083 1417 meis
1117 1361 1267 1431 eripe
1298 1376 1403 1423 me,
1437 1360 1790 1430 opprobrium
1828 1359 2106 1429 insipienti

528 1454 727 1513 dedisti
759 1471 866 1511 me.
898 1453 1161 1511 Obmutui
1193 1462 1247 1508 ct
1281 1469 1392 1507 non
1422 1456 1612 1523 aperui
1647 1468 1709 1508 os
1737 1468 1939 1515 meum,
1971 1468 2109 1523 quo-

528 1550 676 1605 niam
708 1555 765 1603 tu
798 1547 979 1604 feciin
1002 1548 1085 1614 '3;
1124 1567 1143 1600 ι
1177 1563 1241 1602 ac
1271 1563 1467 1602 rursus
1494 1565 1506 1600 :
1542 1564 1561 1597 ι
1595 1547 1797 1600 Amovc
1822 1562 1851 1599 a
1884 1562 1969 1600 me
2000 1546 2109 1615 pla-

529 1656 628 1711 gas
661 1651 805 1698 tuas.
843 1641 888 1694 Α
926 1640 1247 1695 fortitudine
1277 1654 1473 1693 manus
1499 1646 1605 1692 tua:
1634 1652 1735 1707 ego
1770 1636 1943 1691 deieci
1965 1637 2032 1690 ".
2081 1656 2100 1688 ι

527 1734 655 1790 llaec
699 1744 755 1790 et
796 1734 999 1790 similia
1046 1742 1107 1787 ut
1143 1732 1351 1788 diceret
1398 1747 1461 1787 ac
1505 1731 1615 1787 Deo
1664 1731 1801 1786 tales
1829 1730 2105 1786 orationes

526 1828 818 1894 emitteret,
876 1830 929 1884 in
976 1829 1070 1883 illo
1123 1830 1335 1899 psalmo
1381 1825 1770 1882 instituebatur
1824 1823 2101 1890 lditlium;

2233 628 2466 698 Ἰδιθοὺμ
2514 625 2805 697 πειρασμῷ
2861 643 2967 680 τινι
3004 628 3332 690 πεπτωκότι,
3363 628 3505 699 τάχα
3559 648 3659 683 που
3706 635 3803 687 καλ⁵

2219 720 2561 792 ὀλισθήματι,
2588 720 2934 775 διδασκαλίαν
2984 719 3383 793 θεραπευτικὴν
3422 723 3805 793 παραδεδωκέ-

2218 829 2305 865 ναι
2328 829 2342 843 ο
2390 812 2537 875 ὅπως
2587 812 2653 864 ἂν
2686 810 2839 865 λάϐοι
2873 812 3058 864 ἑαυτὸν
3083 850 3098 876 ,
3151 813 3244 865 καὶ
3292 813 3649 884 ἀνακτήσοιτο
3703 814 3803 867 τοῦ

2219 903 2524 975 συμῦἀντος
2555 904 2701 974 αὑτῴ
2726 904 3084 975 πταίσματος.
3123 904 3399 958 Ἐδίδασκε
3449 905 3580 973 γοῦν
3630 906 3805 958 αὑτὸν

2217 997 2275 1048 ἐν
2306 998 2402 1067 μὲν
2429 994 2506 1067 τῷ
2534 996 2612 1065 λη’
2640 996 2818 1067 ἐαυτῷ
2845 1000 3147 1068 παραινεῖν,
3174 998 3267 1049 καὶ
3299 997 3431 1069 πρὸς
3464 999 3654 1051 ἑαυτὸν
3686 998 3809 1052 δια-

2216 1090 2466 1160 λέγεσθαι
2496 1090 2589 1143 καὶ
2619 1091 2799 1160 λέγειν
2820 1109 2834 1123 ο
2871 1111 2888 1143 ι
2916 1086 3057 1143 Εἷπα
3076 1107 3089 1119 ·
3113 1090 3337 1157 Φυλάξω
3365 1091 3464 1155 τὰς
3489 1092 3640 1157 ὁδούς
3672 1111 3805 1164 μου,

2216 1183 2309 1237 τοῦ
2348 1184 2422 1256 μὴ
2446 1184 2778 1256 ἁμαρτάνειν
2800 1185 2858 1238 ὲν
2893 1184 3113 1257 γλώσσῃ
3146 1201 3267 1254 μου.
3314 1182 3545 1255 Ἐθέμην
3572 1185 3651 1256 τῷ
3678 1187 3806 1240 στό-

2219 1279 2349 1349 ματί
2377 1295 2477 1349 μου
2523 1277 2766 1348 φυλακὴν
2789 1319 2803 1341 ,
2839 1278 2898 1330 ὲν
2920 1276 2997 1348 τῷ
3027 1276 3286 1347 συστῆναι
3338 1277 3427 1330 τὸν
3471 1279 3806 1349 ἁμαρτωλὸν

2215 1369 2443 1422 ἐνώπιόν
2487 1386 2609 1440 μου.
2630 1368 2976 1439 Ἐκωφῶθην,
3007 1368 3099 1421 καὶ
3135 1366 3524 1437 ὲταπεινὼθην,
3554 1370 3647 1421 καὶ
3682 1369 3805 1422 ἐσί-

2215 1478 2361 1534 γησα
2388 1461 2446 1529 ἐξ
2479 1460 2700 1530 ἀγαθῶν
2719 1502 2732 1524 ,
2767 1460 2863 1514 καὶ
2903 1459 2963 1513 τὸ
2985 1460 3207 1531 ἀλγημά
3241 1477 3341 1530 μου
3371 1460 3745 1531 ἀνεκαινίσθη,
3776 1481 3795 1507 ι

2214 1553 2309 1607 καὶ
2335 1553 2402 1606 τὰ
2432 1552 2639 1615 τούτοις
2656 1552 2804 1621 ἑξῆς.
2876 1551 2964 1605 Ἑν
2997 1546 3077 1615 οἷς
3110 1546 3178 1622 ἦν
3207 1551 3301 1604 καὶ
3339 1550 3428 1615 τὸ,
3463 1570 3481 1601 ι
3524 1552 3657 1605 Ἀπὸ
3684 1570 3801 1605 πα-

2214 1644 2324 1698 σῶν
2342 1645 2451 1699 τῶν
2482 1644 2722 1716 ἀνομιῶν
2748 1661 2849 1715 μου
2885 1642 3045 1716 ῥῦσαί
3085 1660 3151 1715 με
3175 1661 3188 1673 ’
3224 1644 3425 1707 δνειδος
3453 1644 3648 1716 ἄφρονι
3672 1645 3805 1699 ἔδω-

2212 1739 2314 1803 κάς
2355 1756 2444 1809 με.
2484 1736 2813 1810 Ἐκωφώθην
2850 1738 2946 1791 καὶ
2986 1738 3087 1790 οὑκ
3115 1736 3303 1808 ἧνοιξα
3342 1737 3403 1791 τὸ
3448 1738 3621 1808 στόμα
3666 1756 3801 1809 μου,

2210 1831 2293 1883 ὅτι
2328 1830 2391 1882 σὺ
2436 1828 2729 1900 ἐποίησας’
2770 1848 2788 1882 ι
2832 1828 2926 1882 καὶ
2978 1828 3175 1882 πάλιν·
3235 1847 3253 1879 ι
3327 1828 3654 1897 Ἀπόστητον
3696 1831 3801 1883 ἀπ’

525 1925 580 1980 in
612 1924 716 1981 hoc
751 1932 933 1980 autem
964 1923 1220 1979 similiter
1248 1921 1424 1977 cidem
1456 1921 1577 1976 viro
1605 1928 1796 1975 auctor
1827 1926 1911 1974 est
1937 1916 2100 1972 David

2210 1912 2345 1993 ὲμοὺ
2376 1919 2475 1983 τὰς
2506 1918 2775 1990 μάστιγάς
2809 1936 2921 1972 σου.
2964 1917 3097 1971 Ἀπὸ
3119 1918 3218 1989 τῆς
3251 1918 3433 1989 ἰσχύος
3466 1920 3565 1989 τῆς
3612 1919 3802 1989 χειρός

526 2026 585 2071 ιιι
621 2016 893 2089 colloquia
927 2030 1114 2072 secum
1149 2015 1381 2071 misceat
1407 2029 1472 2068 ac
1499 2013 1684 2068 dicat:
1722 2032 1740 2063 ι
1774 2010 1967 2066 Nonne
1994 2009 2105 2065 Deo

524 2108 777 2178 subjecta
804 2111 910 2164 erit
942 2110 1123 2163 anima
1154 2124 1275 2163 mea
1324 2126 1337 2162 :
1375 2105 1447 2161 ab
1501 2106 1620 2176 ipso
1671 2106 1815 2161 enim
1866 2105 2106 2159 salutare

523 2216 703 2255 meum
727 2201 751 2255 ?
786 2221 805 2252 ι
830 2201 996 2267 Queis
1025 2200 1299 2271 signiﬁcat
1324 2216 1383 2255 se
1403 2198 1708 2265 vaeillasse,
1732 2212 1795 2252 ac
1811 2197 2101 2267 quamdam

523 2291 992 2360 perturbationem
1050 2291 1247 2345 animae
1295 2305 1518 2361 passum
1566 2304 1706 2344 esse.
1749 2287 1887 2354 Quia
1938 2288 2105 2358 igitur

523 2384 908 2454 ingruentibus
944 2385 1311 2440 tentatoribus
1359 2383 1631 2438 tantillum
1678 2382 1859 2435 animo
1898 2380 2102 2435 fractus

522 2485 624 2537 est,
652 2474 704 2528 id
734 2474 1198 2538 animadvertens,
1232 2489 1340 2529 non
1367 2482 1424 2527 ut
1448 2472 1538 2528 ille
1565 2471 1655 2542 qui
1683 2470 1920 2535 dicebat,
1948 2489 1966 2520 ι
2000 2468 2101 2524 Mei

524 2579 705 2624 autem
739 2584 876 2639 pene
906 2569 1039 2623 moti
1068 2576 1196 2624 sunt
1228 2566 1393 2639 pedes
1416 2567 1461 2600 ⁵⁸
1489 2584 1504 2634 ;
1548 2584 1567 2618 ι
1607 2566 1702 2620 sed
1742 2573 1801 2619 ut
1830 2579 1957 2619 vere
1987 2579 2103 2618 mo-

523 2670 637 2725 tus,
676 2662 990 2717 necessario
1024 2662 1091 2716 ad
1120 2661 1235 2715 haec
1278 2658 1509 2715 dicenda
1539 2658 1881 2713 instituitur:
1920 2674 1940 2707 ι
1982 2654 2099 2711 Νοιι

522 2746 783 2801 movebor
810 2746 1044 2816 amplius
1070 2763 1086 2812 ;
1117 2764 1135 2798 ι
1161 2745 1277 2800 sive
1300 2743 1603 2800 secundum
1628 2740 1902 2811 Aquilam,
1930 2758 1947 2790 ι
1978 2738 2101 2793 Fal-

521 2838 604 2890 lar
635 2839 864 2892 multum
890 2854 904 2905 ;
967 2855 985 2889 ι
1028 2836 1329 2892 secundum
1362 2835 1607 2906 quintam
1638 2834 1932 2889 editionem
1961 2832 2099 2889 dici-

522 2936 609 2983 tur
640 2930 828 2990 etiam,
871 2940 902 2980 ἰ
961 2927 1081 2984 Νοιι
1132 2927 1397 2983 movebor
1428 2926 1683 2998 amplius.
1746 2945 1764 2977 ι
1821 2924 2101 2980 Consonat

520 3030 701 3076 autem
737 3022 999 3077 doctrinae
1050 3021 1338 3092 przesenlis
1373 3019 1642 3075 sententia
1674 3017 1972 3090 prophetia:
2015 3017 2098 3072 di-

519 3116 664 3170 centi
694 3135 706 3169 :
746 3134 765 3167 ι
802 3114 896 3170 Va:
920 3118 1012 3187 qui
1043 3115 1341 3171 detrahunt
1371 3122 1597 3185 peccata
1626 3120 1685 3166 ut
1716 3111 1959 3166 funiculo
1980 3110 2098 3166 lon-

518 3222 608 3277 go,
638 3218 691 3261 et
717 3208 874 3277 quasi
911 3207 1139 3277 plaustri
1180 3207 1300 3260 loro
1330 3205 1563 3272 buculze,
1602 3203 1919 3274 iniquitates
1945 3203 2023 3267 ⁶¹;
2073 3221 2091 3253 ι

2212 2032 2306 2067 σου
2324 2011 2433 2082 ἐγὼ
2448 2010 2715 2077 ἐξέλιπον.
2748 2030 2767 2063 ι
2796 2009 2981 2064 Ταῦτα
3014 2010 3108 2063 καὶ
3128 2010 3196 2064 τά
3224 2009 3450 2064 τοιαῦτα
3483 2010 3803 2064 ὲδιδάσκετο

2210 2106 2387 2172 λέγειν
2440 2105 2533 2159 καὶ
2580 2103 2659 2175 τῷ
2709 2103 2827 2175 Θεῷ
2864 2103 3118 2168 τοιαύτας
3161 2103 3327 2174 εὑχάς
3371 2104 3724 2175 ἀναπέμπειν
3769 2106 3803 2158 6

2222 2196 2452 2268 ἰδιθοὺμ
2480 2198 2535 2249 ὲν
2568 2197 2763 2267 ἐκείνῳ
2790 2213 2802 2225 ³
2840 2195 2934 2249 καὶ
2962 2197 3019 2248 ὲν
3042 2194 3121 2266 τῷ
3156 2195 3294 2266 μετά
3320 2198 3506 2268 χεῖρας
3529 2197 3584 2249 δὲ
3618 2196 3799 2250 ὠσαύο

2208 2309 2316 2356 τως
2341 2292 2430 2345 τὸν
2460 2292 2623 2344 αὑτὸν
2650 2290 2816 2361 ἄνδρα
2836 2292 2864 2343 6
2888 2287 3052 2343 Δαυῒδ
3070 2288 3308 2343 διδάσκει
3334 2289 3509 2360 ἑαυτῷ
3538 2290 3802 2362 προσδια-

2208 2384 2460 2454 λέγεσθαι
2497 2386 2589 2438 καὶ
2622 2382 2831 2451 λέγειν’
2866 2402 2885 2434 ι
2941 2382 3077 2453 υύχὶ
3114 2382 3193 2453 τῷ
3230 2382 3351 2453 Θεῷ
3384 2382 3800 2452 ὑποταγήσεται

2209 2481 2241 2551 ή
2288 2479 2432 2549 ψυχή
2487 2494 2627 2549 μου;
2668 2480 2799 2551 παρ’
2833 2474 2995 2530 αὑτοῦ
3050 2475 3157 2547 γὰρ
3204 2475 3265 2528 τὸ
3311 2475 3568 2547 σωτήριόν
3606 2492 3737 2544 μου.
3774 2494 3795 2525 ι

2208 2569 2467 2640 Σημαίνει
2518 2567 2873 2622 σεσαλεῦσθαι
2923 2566 3113 2631 αὑτὸν,
3155 2566 3251 2619 καί
3284 2584 3407 2621 τινα
3429 2566 3670 2638 ταραχὴν
3721 2569 3797 2637 τῇ

2206 2659 2349 2731 ψυχῇ
2387 2658 2733 2714 πεπονθέναι.
2799 2660 2950 2713 Ἐπεὶ
2996 2659 3213 2720 τοίνυν,
3260 2657 3366 2711 τῶν
3421 2658 3799 2730 πειραζόντων

2206 2750 2538 2821 ἐπιθεμένων
2582 2750 2731 2821 αὑτῷ
2754 2791 2768 2814 ,
2805 2750 2993 2821 γέγονέ
3027 2769 3110 2815 τις
3144 2750 3292 2821 αὑτῷ
3326 2750 3509 2804 ἀτονία
3530 2790 3544 2810 ,
3591 2748 3801 2821 ᾔσθετό

2206 2857 2263 2894 τε
2301 2840 2493 2895 ἑαυτοῦ
2538 2842 2600 2895 οὑ
2629 2843 2771 2897 κατά
2804 2841 2894 2896 τὸν
2923 2842 3212 2914 εἰρηκότα·
3257 2859 3275 2891 ι
3332 2840 3493 2911 Ἑμοὺ
3541 2840 3597 2893 δὲ
3634 2840 3797 2909 παρά

2208 2931 2402 3004 μικρὸν
2432 2931 2805 3005 ὲσαλεύθησαν
2838 2932 2887 2985 οἰ
2922 2931 3079 2994 πόδες
3102 2971 3117 2994 ,
3154 2950 3172 2983 ι
3233 2930 3367 2984 ἀλλὰ
3419 2931 3514 2983 καὶ
3568 2929 3797 2999 ἀληθῶς

2207 3023 2555 3088 σαλευθέντος
2575 3042 2588 3055 ο
2625 3025 2939 3094 ἀναγκαίως
2960 3022 3270 3077 διδάσκεται
3294 3023 3471 3092 λέγειν
3496 3040 3508 3051 ·
3553 3042 3571 3074 ι
3602 3024 3676 3075 υὺ
3712 3025 3797 3095 μὴ

2206 3110 2449 3165 σαλευθῶ
2474 3114 2567 3165 ἐπὶ
2598 3113 2778 3168 πλεῖον
2802 3128 2814 3140 ·
2853 3132 2871 3166 ι
2905 3112 2938 3184 ἢ
2974 3114 3117 3167 κατά
3149 3112 3236 3166 τὸν
3288 3114 3559 3167 Ἀκύλαν·⁴
3584 3132 3601 3163 ι
3641 3113 3799 3181 Σφε-

2203 3202 2434 3275 λήσομαι
2459 3203 2663 3276 πολλήν
2688 3224 2699 3235 ·
2734 3224 2751 3256 ι
2782 3206 2875 3259 καὶ
2899 3204 3041 3260 κατά
3072 3205 3168 3277 τὴν
3203 3207 3457 3277 πέμπτην
3482 3205 3538 3257 δὲ
3575 3205 3797 3259 ἔκδυσιν

520 3305 686 3367 atque
736 3298 811 3351 illi
840 3317 853 3352 :
894 3315 911 3347 ι
971 3295 1227 3367 Nunquid
1260 3295 1354 3366 qui
1385 3296 1551 3359 cadit,
1606 3308 1718 3349 non
1746 3300 2015 3365 resurget,
2044 3300 2099 3346 et

2204 3295 2445 3367 εἴρηταισ
2482 3316 2500 3348 ι
2541 3298 2615 3351 Οὑ
2653 3298 2728 3369 μὴ
2762 3296 3007 3351 σαλευθῶ
3040 3299 3134 3351 ἐπὶ
3185 3298 3387 3352 πλεῖον.
3434 3318 3452 3350 ι
3483 3296 3797 3368 Σύμφωνος

519 3388 614 3456 qui
643 3389 911 3444 avertitur
942 3404 1051 3443 non
1078 3386 1426 3443 revertetur?
1445 3384 1627 3453 Quare
1650 3385 1915 3441 avertitur
1942 3400 2095 3439 aver-

518 3477 673 3534 sione
722 3477 1217 3550 impudenti?dicit
1268 3476 1531 3532 Dominus
1555 3478 1623 3531 ⁸⁸.
1661 3494 1679 3527 ι
1726 3473 1852 3530 llaec
1895 3474 2096 3545 quippe

522 3571 708 3627 omnia
737 3570 939 3627 docent
969 3586 1098 3625 eum
1127 3570 1221 3641 qui
1260 3569 1430 3625 semel
1459 3569 1645 3641 lapsus
1672 3568 1763 3633 sit,
1796 3566 1935 3622 ut'in
1964 3581 2093 3638 pec—

516 3673 641 3722 cato
671 3681 781 3720 non
822 3672 1065 3732 maneat,
1110 3679 1287 3734 neque
1315 3661 1653 3734 despondeat
1695 3660 1962 3725 animum,
1999 3674 2095 3715 ue-

516 3773 623 3829 que
678 3757 998 3813 tentationis
1050 3754 1223 3811 ﬂuxui
1284 3770 1408 3812 sese
1461 3754 1771 3811 dedititium
1831 3753 2089 3825 praebeat.

515 3848 697 3917 Quare
720 3849 1037 3906 necessario
1067 3848 1330 3904 cdocetur
1352 3845 1586 3901 ldithum
1616 3845 1683 3901 ad
1715 3844 1799 3901 sui
1825 3843 2090 3900 medelam

513 3944 629 4000 lucc
661 3944 945 4015 proferre:
984 3950 1149 4013 atque
1194 3942 1374 4013 primo
1420 3940 1489 3995 ad
1530 3953 1788 4011 magnum
1836 3935 2092 3993 Servato-

513 4051 629 4092 rem
658 4044 712 4091 et
754 4036 1062 4090 animarum
1092 4033 1365 4089 medicum
1417 4030 1752 4103 confugere;
1786 4028 2091 4099 deindeque

514 4129 752 4183 animam
783 4142 939 4182 suam
974 4142 1083 4181 non
1114 4124 1451 4188 hominibus,
1487 4137 1663 4194 neque
1708 4129 1973 4177 terrorem
2006 4119 2092 4173 in~

511 4219 849 4275 eutieutibus
879 4218 1189 4288 subjicere;
1224 4217 1319 4273 sed
1353 4231 1523 4271 unum
1556 4227 1813 4287 magnum
1847 4210 2088 4282 judicem

509 4320 567 4369 ct
612 4310 781 4367 Deum
830 4312 899 4366 ob
944 4312 1135 4366 oculos
1175 4324 1396 4380 ponere,
1446 4308 1661 4379 ipsique
1708 4306 1809 4361 soli
1847 4304 2084 4359 animam

511 4404 784 4475 subjicere
813 4418 993 4467 suam,
1025 4403 1365 4472 liberamque
1396 4400 1569 4471 ipsam
1620 4398 1689 4454 ab
1717 4396 1866 4453 omni
1900 4404 2085 4452 extra,

508 4513 613 4555 neo
644 4507 792 4554 metu
827 4506 1089 4553 statuere.
1132 4495 1499 4564 Quamobrem
1531 4492 1645 4547 ait:
1694 4509 1714 4543 ι
1752 4490 1944 4545 Nonne
1978 4488 2085 4545 Deo

2196 3386 2240 3440 δ’
2274 3387 2341 3442 ἂν
2385 3387 2472 3459 εἴη
2504 3390 2534 3441 6
2579 3388 2705 3453 νοῦς
2745 3390 2846 3458 τῆς
2900 3390 3265 3462 προκειμένης
3313 3388 3655 3453 διδασκαλίας
3719 3394 3795 3462 τῇ

2197 3480 2479 3552 φασκούσῃ
2531 3483 2867 3556 προφητείᾳ·
2913 3501 2932 3535 ι
2975 3483 3112 3536 Οὑαὶ
3169 3484 3218 3537 oi
3260 3482 3624 3553 ἐπισπώμενοι
3684 3485 3799 3547 τὰς

2196 3570 2469 3642 ἁμαρτίας
2497 3571 2573 3637 ὡς
2606 3575 2827 3645 σχοινίῳ
2884 3574 3102 3648 μακρῷ,
3140 3575 3233 3627 καὶ
3270 3574 3344 3638 ὡς
3378 3572 3542 3642 ζυγοῦ
3596 3574 3794 3644 ἱμάντι

2192 3662 2476 3735 δαμάλεως
2531 3664 2631 3729 τὰς
2674 3666 2901 3737 ἀνομίας
2925 3685 2939 3700 ·
2982 3686 3001 3718 ι
3035 3667 3129 3721 καὶ
3162 3666 3240 3736 τῷ
3271 3706 3285 3731 ,
3330 3684 3347 3716 ι
3396 3666 3486 3737 Μὴ
3515 3666 3544 3717 6
3565 3665 3795 3719 πίπτων

2192 3754 2294 3809 οὑκ
2334 3755 2655 3819 ἀνίσταται,
2690 3756 2785 3810 καὶ
2820 3757 2848 3809 6
2879 3756 3241 3827 ἀποστρέφων
3288 3756 3388 3809 οὑκ
3415 3754 3791 3827 ἀναστρέφεις

2199 3846 2318 3900 ’Ὶνα
2343 3846 2397 3901 τί
2430 3846 2833 3920 ἀποστρέφεται
2866 3848 3218 3921 ἀποστροφὴν
3252 3848 3463 3918 ἀναιδῆ,
3498 3847 3641 3916 λέγει
3666 3848 3793 3902 Κύ-

2194 3956 2350 4011 ριος;
2390 3960 2408 3993 ι
2447 3941 2633 3997 Πάντα
2662 3940 2772 4013 γὰρ
2792 3941 2963 3996 ταῦτα
2990 3942 3229 3996 διδάσκει
3271 3942 3363 3996 τὸν
3403 3941 3545 4009 ἅπαξ
3590 3943 3790 4013 ἡμαρ-

2189 4034 2395 4106 τηκότα
2425 4034 2499 4105 μὴ
2533 4034 2870 4106 παραμένειν
2902 4035 2982 4107 τῷ
3016 4036 3377 4107 ἁμαρτήματι
3403 4075 3417 4099 ,
3472 4034 3605 4106 μηδὲ
3637 4036 3791 4088 ἀπο-

2190 4124 2481 4195 γινώσκειν
2502 4126 2715 4191 ὲαυτὸν,
2749 4126 2880 4199 μηδὲ
2913 4126 3125 4181 ἔκδοτον
3151 4128 3409 4200 παρέχειν
3432 4125 3509 4197 τῷ
3535 4125 3627 4179 τοῦ
3658 4143 3790 4179 πει-

2194 4214 2450 4287 ρατηρίου
2481 4214 2731 4285 ῥεύματι.
2769 4215 2861 4268 Διὸ
2886 4215 3200 4285 ἀναγκαίως
3244 4217 3553 4271 διδάσκεται
3584 4217 3611 4268 ὁ
3658 4216 3789 4270 Ἰδι-

2190 4308 2330 4379 θοὺμ
2360 4308 2583 4375 ἐπᾴδειν
2618 4307 2817 4379 ἐαυτῷ,
2856 4308 2954 4363 καὶ
2980 4308 3047 4362 τὰ
3075 4309 3413 4382 προκείμενα
3437 4308 3613 4378 λέγειν
3636 4325 3652 4337 ο
3686 4309 3789 4364 καὶ

2189 4399 2404 4472 πρῶτον
2442 4399 2539 4469 μὲν
2576 4400 2669 4453 ἐπὶ
2712 4400 3018 4472 τὸνημέγαν
3047 4402 3272 4472 Σωτῆρα
3308 4400 3400 4455 καί
3445 4401 3551 4454 τῶν
3587 4400 3785 4471 ψυχῶν

2192 4492 2372 4565 ἰατρὸν
2411 4491 2809 4562 καταφεύγειν’
2847 4494 3036 4547 ἔπειτα
3071 4495 3391 4549 ὑποτάττειν
3433 4494 3530 4565 τὴν
3575 4493 3779 4546 ἑαυτοῦ

507 4592 755 4661 subjecta
786 4590 892 4645 erit
948 4590 1131 4645 anima
1171 4587 1337 4644 mea?
1369 4607 1386 4640 ι
1425 4596 1479 4641 et
1503 4594 1717 4640 czelera.
1744 4583 1844 4637 Hic
1865 4596 2083 4637 rursum

2204 4580 2386 4652 μυχὴν,
2409 4581 2605 4652 μηκέτι
2636 4581 2963 4653 ἀνθρώποις,
2999 4584 3133 4655 μηδὲ
3158 4588 3267 4649 τοῖς
3300 4582 3615 4655 ὲκφοδοὺσιν
3635 4600 3651 4613 ο
3681 4585 3783 4638 ’ἐνα

506 4686 749 4742 salutare
798 4682 1063 4739 llebraica
1116 4698 1272 4744 voce,
1325 4688 1379 4736 et
1429 4678 1723 4750 ipsissimis
1772 4674 2080 4739 elementis,

2204 4648 2244 4726 is
2452 4648 2557 4745 πρὸ
2582 4648 2875 4746 ὀφθαλμῶν
2902 4648 3127 4747 θέμεν-ον
3156 4677 3245 4730 τὸν
3290 4648 3461 4748 μέγαν
3490 4676 3689 4747 κριτήν
3719 4694 3778 4731 τε

507 4779 663 4848 queis
694 4778 953 4832 salutaris
984 4775 1158 4830 nostri
1189 4772 1320 4829 Jesu
1351 4786 1547 4827 nomen
1579 4768 1859 4824 scribitur.

2204 4766 2284 4819 ιαὶ
2319 4764 2473 4829 Θεὸν,
2505 4765 2655 4837 αὑτῷ
2696 4768 2842 4839 μόνῳ
2881 4768 2977 4839 τὴν
3008 4768 3199 4822 ἑαυτοῦ
3224 4768 3399 4840 ψυχὴν
3428 4768 3777 4832 ὑποτάττειν,

506 4868 824 4939 ἰλευθεροῦν
868 4886 927 4922 τε
976 4867 1142 4938 αὑτὴν
1192 4865 1391 4928 παντὸς
1427 4862 1706 4933 ἀλλοτρίου
1766 4858 1949 4931 φόϐου.
1988 4858 2079 4909 Διό
2117 4873 2281 4927 φησιν
2306 4875 2318 4887 ·
2360 4876 2377 4908 ι
2416 4859 2547 4928 Οὑχὶ
2583 4858 2660 4930 τῷ
2686 4858 2803 4930 Θεῷ
2834 4860 3236 4932 ὑποταγήσεται
3271 4861 3476 4933 ἡψυχὴ
3544 4876 3685 4931 μου;
3754 4881 3772 4912 ι

505 4960 601 5014 καὶ
619 4960 689 5013 τὰ
717 4961 861 5031 ἑξῆς.
882 4960 1049 5018 Πάλιν
1070 4959 1123 5012 δὲ
1146 4958 1421 5012 κάνταῦθα
1437 4958 1498 5011 τὸ
1523 4956 1788 5026 σωτήριον
1816 4952 2079 5023 Ἐὁραῖκῇ
2119 4952 2269 5021 φωνῇ
2307 4948 2398 5003 διὰ
2428 4950 2537 5005 τῶν
2576 4953 2755 5005 αὑτῶν
2789 4954 3088 5024 στοιχείων,
3156 4954 3225 5007 δι’
3294 4947 3368 5009 ὧν
3406 4952 3683 5025 γράφεται
3718 4956 3781 5008 τὸ

502 5051 597 5106 τοὺ
632 5052 902 5126 σωτηρίου
930 5052 1087 5125 ἡμῶν
1132 5052 1306 5123 Ἰησοῦ
1333 5052 1522 5122 ὄνομα,
1553 5048 1798 5120 φέρεται.

2250 5154 2503 5225 Εὑλόγως
2541 5155 2597 5208 δέ
2624 5173 2708 5221 τις
2748 5157 3001 5230 ζητήσειε
3038 5158 3247 5224 τούτοις
3281 5158 3665 5230 ἐντυγχάνωνο
3712 5164 3778 5217 ΤΞ

2178 5244 2378 5317 δήποτε
2410 5246 2586 5316 μόνων
2619 5245 2713 5301 δύο
2739 5247 2906 5302 ὄντων
2938 5248 3046 5303 τῶν
3078 5269 3097 5301 ι
3122 5250 3266 5322 ὑπὲρ
3297 5250 3391 5304 τοὺ
3417 5250 3675 5322 ἰὁιθοὺμ,
3694 5278 3711 5303 ο
3742 5254 3777 5325 ἠ

2185 5359 2203 5392 ι
2229 5339 2357 5411 περί
2397 5339 2491 5393 τοὺ
2549 5340 2782 5413 Ἰδιθοὺμ
2811 5361 2831 5396 ι
2858 5342 3002 5396 κατά
3031 5343 3123 5397 τὸν
3162 5343 3391 5398 Ἀκύλαν
3424 5344 3738 5416 εἰρημένων
3756 5384 3775 5404 ,

2178 5432 2287 5486 οὔτ’
2320 5432 2517 5505 ἐφεξῆς
2550 5434 2799 5505 ἀλλήλοις
2833 5438 3042 5491 κεῖνται
3092 5437 3429 5509 ἀμφότεροι,
3468 5438 3689 5510 μακρὰν
3723 5439 3772 5493 δ’

2180 5526 2648 5597 ἀπεσχοινισμένοι
2671 5528 3021 5598 τυγχάνουσι.
3050 5529 3161 5599 Τὴν
3189 5529 3246 5583 δὲ
3270 5529 3475 5583 τούτων
3497 5530 3683 5586 αἰτίαν
3710 5532 3768 5585 ἐν

574 5166 702 5222 11ωο
743 5167 929 5238 legens
975 5167 1243 5238 quispiam
1286 5175 1590 5238 opportune
1637 5172 1887 5234 qumrat:
1930 5156 2073 5225 Quid

502 5276 683 5316 causa
710 5258 969 5329 estquod
1000 5275 1125 5322 eum
1167 5258 1276 5315 duo
1332 5266 1542 5313 tantum
1598 5256 1709 5312 sint
1745 5274 1762 5306 ι
1823 5268 1922 5324 pro
1970 5249 2076 5304 ldi-

501 5355 679 5417 thum,
719 5373 737 5406 ι
774 5354 860 5409 vel
891 5352 1195 5409 secundum
1230 5352 1503 5423 Aquilam,
1559 5369 1575 5402 ι
1639 5349 1706 5405 de
1751 5346 2008 5407 ldithum,
2051 5364 2069 5395 ι

504 5446 777 5515 inscripti,
809 5444 845 5498 ii
877 5456 1055 5498 tamen
1090 5460 1197 5498 non
1230 5450 1647 5511 consequenter,
1679 5437 1774 5494 sed
1808 5438 1967 5506 longo
1993 5436 2077 5489 in-

501 5540 731 5595 tervallo
764 5536 947 5594 dissiti
968 5536 1188 5607 jaceant
1222 5535 1319 5605 (ι).
1351 5532 1527 5603 Hujus
1563 5532 1640 5588 rei
1674 5543 1918 5594 causam,
1950 5542 2073 5581 cum

1292 5740 1559 5805 "ibid.9,
1586 5740 1668 5796 ιθ.
1744 5741 1788 5772 "
1809 5739 1937 5794 ibid.
1970 5740 2055 5796 ll.
2090 5742 2153 5795 l9.
2251 5740 2454 5799 “Psat.
2492 5758 2658 5810 Lxxu,
2694 5743 2747 5800 2.
2825 5744 2993 5801 “lsa.
3026 5762 3078 5813 v,
3119 5746 3202 5799 l8.
3279 5741 3449 5800 “.Ier.
3488 5744 3763 5810 vm,‘,5.

571 5742 613 5773 ⁸⁷
657 5740 800 5797 Psal.
836 5756 1065 5797 xxxvm.
1097 5741 1215 5795 2-5.
1292 5740 1559 5805 "ibid.9,
1586 5740 1668 5796 ιθ.
1744 5741 1788 5772 "
1809 5740 1937 5794 ibid.
1970 5740 2055 5796 ll.
2090 5742 2153 5795 l9.
2251 5740 2454 5799 “Psat.
2492 5758 2658 5810 Lxxn,
2694 5743 2747 5800 2.

572 5898 649 5962 (l)
686 5897 807 5954 llaec
833 5899 1111 5955 enarratio
1136 5914 1200 5953 ex
1234 5898 1513 5955 tricesimo
1543 5907 1738 5954 octavo
1767 5898 1976 5970 psalmo
2000 5898 2226 5955 excidit.
