4100 6518
368 405 473 460 589

1485 398 1980 454 ΕΟΜΜΙΞΝΤᾹΒΙᾹ
2012 399 2074 452 1Ν
2107 399 2444 456 PSALMOS.

3506 405 3609 459 590

271 581 278 588 ,
367 529 480 588 τοῖς
526 523 828 596 εἰρημένοις
855 524 982 594 ἡμῖν
1009 523 1087 586 είς
1124 521 1213 576 τὸν
1236 522 1338 594 λη’,
1369 526 1777 595 γραμματικαῖς
1811 523 1933 575 ἁπο-

2046 520 2111 573 de
2137 537 2344 574 xxxvui
2373 519 3034 591 ageretur,grammaticis
3053 518 3612 578 demonstrationibus

363 617 564 683 δείξεσι
598 617 1042 686 παρεστήσαμεν.
1083 615 1240 669 ’Δλλὰ
1275 616 1366 667 καὶ
1398 615 1481 677 τίς
1507 610 1573 685 ἦν
1617 618 1644 668 ὁ
1685 613 1939 684 Ἰδιθοὺμ,

365 708 466 778 ἤδη
495 707 756 778 πρότερον
788 707 844 758 ὲν
879 706 1026 777 αὐτῷ
1057 706 1247 777 ἐκείνῳ
1270 705 1670 777 δεδηλώκαμεν,
1711 708 1806 776 τὴν
1837 708 1943 760 ἀπὸ

364 797 474 851 τῶν
508 797 998 867 Παραλειπομένων
1035 798 1270 869 ἱστορίαν
1305 798 1702 870 παραθέμενοι·
1755 799 1818 851 δι’
1875 796 1942 870 ἧς

368 889 637 942 ἐδείκνυτο
667 884 746 952 εἷς
768 889 872 943 τῶν
901 889 1302 960 ὲκλελεγμένων
1325 891 1402 953 εἰς
1423 889 1484 942 τὸ
1512 892 1678 944 αἰνεῖν
1701 892 1788 944 τὸν
1811 891 1941 942 θεὸν

367 980 627 1050 γεγονώς.
676 981 985 1052 Γέγραπται
1031 981 1191 1049 γοῦν·
1236 1000 1254 1032 ί
1302 981 1411 1034 Καὶ
1463 983 1778 1036 κατέλειπον
1827 984 1942 1035 ἐκεῖ

365 1073 716 1143 ὲναντίοντῆς
735 1071 964 1126 κιὸωτοῦ
992 1073 1091 1142 τῆς
1112 1073 1386 1145 Διαθήκης
1413 1076 1619 1146 Κυρίου
1645 1076 1736 1128 τὸν
1768 1075 1938 1145 Ἀσὰφ

363 1167 456 1218 καὶ
485 1166 606 1228 τοὺς
629 1164 884 1234 ἀδελφοὺς
909 1164 1072 1220 αὐτοῦ
1093 1166 1438 1237 λειτουργοὺς
1467 1167 1703 1222 ἐναντίον
1725 1168 1822 1238 τῆς
1852 1185 1937 1220 κι-

363 1255 559 1308 δωτοῦ.
588 1274 604 1306 ι
627 1256 734 1309 Καὶ
763 1253 888 1324 ἑξῆς
920 1257 1154 1327 εἴρηται⁹
1186 1276 1203 1308 ι
1231 1257 1407 1327 Αίμὰν
1433 1258 1528 1310 καὶ
1570 1257 1822 1328 Ἶδιθοὺμ,
1847 1257 1939 1311 καὶ

361 1347 413 1399 οί
439 1346 614 1400 λοιποὶ
633 1346 943 1415 ὲκλεγέντες
969 1349 1054 1400 ἐπ’
1080 1348 1342 1418 ὀνόματος
1375 1349 1470 1404 τοῦ
1497 1352 1665 1404 αίνεῖν
1699 1351 1790 1402 τὸν
1821 1349 1935 1402 Κύ-

363 1457 480 1511 ριον
501 1479 517 1504 ,
567 1440 647 1493 ὅτι
696 1441 776 1502 είς
815 1439 988 1494 αἰῶνα
1020 1441 1083 1493 τὸ
1133 1441 1278 1505 ἕλεος
1307 1441 1470 1495 αὑτοῦ
1493 1459 1504 1471 °
1550 1462 1568 1494 ι
1614 1443 1708 1496 καὶ
1735 1443 1895 1496 πάλιν
1920 1461 1931 1472 ·

367 1551 386 1583 ι
429 1532 562 1586 Μετ’
585 1531 762 1584 αὐτῶν
790 1532 966 1603 Αίμὰν
1001 1533 1094 1586 καὶ
1132 1533 1385 1605 Ἰδιθοὺμ,
1416 1534 1715 1604 σάλπιγγές
1750 1552 1809 1588 τε
1841 1536 1935 1589 καὶ

359 1621 613 1692 κύμϐαλα
647 1621 738 1675 τοῦ
773 1623 1070 1691 ἀναφωνεῖν
1094 1662 1108 1686 ,
1134 1624 1228 1676 καὶ
1259 1623 1464 1694 ὄργανα
1504 1624 1613 1677 τῶν
1657 1624 1809 1696 ᾠδῶν
1842 1625 1934 1678 τοῦ

358 1716 518 1779 Θεοῦ,
553 1716 660 1768 υἱοὶ
693 1715 926 1786 Ἰδιθοὺμ
955 1718 1032 1780 εἰς
1050 1716 1148 1787 τὴν
1177 1715 1351 1786 πύλην
1371 1731 1382 1745 ·
1412 1735 1431 1768 ι
1463 1717 1556 1770 καὶ.
1573 1713 1726 1780 αὖθις
1747 1735 1760 1748 ο
1784 1737 1802 1767 ι
1827 1718 1936 1770 Καὶ

357 1805 586 1877 ἔστησεν
605 1806 632 1858 6
663 1804 913 1876 βασιλεὺς
942 1805 1103 1859 Δαυῒδ
1135 1805 1230 1860 καὶ
1269 1807 1318 1859 οἱ
1348 1805 1606 1878 ἄρχοντες
1643 1808 1741 1879 τῆς
1773 1808 1933 1861 δυνά-

2048 614 2226 668 allatis
2252 612 2664 682 descripsimus.
2700 608 2804 664 Sed
2831 612 2994 666 etiam
3022 615 3147 684 quis
3177 625 3322 670 esset
3351 615 3609 678 ldithum,

2041 705 2152 772 jam
2192 706 2380 759 codem
2415 706 2468 759 in
2500 707 2710 776 psalmo
2736 705 3158 773 declaravimus,
3182 707 3345 762 allata
3377 709 3444 762 ad
3473 710 3614 764 hanc

2045 812 2156 850 rem
2209 794 2662 866 Paralipomenon
2719 797 2991 863 historia;
3051 811 3157 866 qua
3209 797 3615 854 demonstratur

2043 901 2165 939 cum
2201 901 2231 941 e
2261 902 2490 940 numero
2519 886 2852 941 delectorum
2889 887 2954 940 ad
2985 885 3152 942 Deum
3185 888 3436 944 laudibus
3471 891 3606 945 cele-

2043 975 2314 1030 brandum
2353 976 2542 1032 fuisse.
2601 976 2876 1047 Scriptum
2919 977 3102 1046 itaque
3132 986 3260 1032 est:
3317 998 3334 1029 ι
3375 979 3440 1032 Ει
3487 980 3609 1034 reli-

2041 1075 2278 1136 querunt
2318 1067 2389 1122 ibi
2421 1083 2602 1122 coram
2636 1083 2761 1122 arca
2810 1066 3147 1123 Testamenti
3181 1069 3390 1139 Domini
3430 1070 3615 1141 Asaph

2040 1166 2094 1212 et
2114 1157 2308 1214 fratres
2327 1159 2466 1228 ejus,
2485 1169 2541 1213 ut
2560 1159 2936 1216 ministrarent
2956 1162 3010 1214 in
3029 1174 3324 1232 conspectu
3345 1179 3484 1232 arcae
3498 1164 3564 1231 ⁶³;
3588 1182 3608 1216 ι

2040 1266 2104 1304 ac
2136 1250 2393 1320 deinceps
2420 1251 2621 1306 dicitur
2651 1271 2662 1306 :
2693 1271 2711 1303 ι
2752 1251 2951 1307 ᾹΞηιιιη
2978 1261 3032 1308 e'.
3065 1252 3297 1308 ldithum
3325 1263 3380 1310 et
3417 1257 3612 1326 reliqui

2039 1357 2104 1396 ex
2149 1342 2367 1396 nomine
2395 1342 2551 1396 electi
2602 1341 2670 1396 ad
2702 1343 3032 1398 laudandum
3087 1342 3422 1399 Dominum:
3478 1362 3615 1416 quo-

2039 1434 2184 1487 niam
2217 1435 2270 1489 in
2299 1445 2562 1490 aeternum
2598 1435 2976 1492 misericordia
3009 1435 3128 1505 ejus
3148 1435 3258 1502 “;:
3283 1451 3344 1489 ac
3361 1453 3610 1492 rursum:

2044 1545 2061 1576 ι
2101 1527 2236 1580 Cum
2269 1527 2405 1598 ipsis
2431 1527 2629 1583 Eman
2653 1536 2705 1583 et
2730 1526 2980 1588 ldithum,
3020 1527 3162 1581 tubae
3187 1537 3238 1582 et
3268 1529 3514 1599 cymbala
3545 1530 3614 1584 ad

2039 1617 2388 1687 pulsandum,
2436 1627 2489 1673 et
2525 1619 2885 1673 instrumenta
2937 1618 3276 1672 canticorum
3335 1618 3469 1674 Dei:
3515 1621 3612 1675 lilii

2039 1707 2270 1762 ldithum
2315 1710 2369 1764 in
2413 1718 2567 1780 porta
2591 1711 2671 1775 ⁶⁵;
2706 1729 2723 1762 ι
2753 1724 2816 1763 ac
2853 1709 3090 1763 iterum:
3132 1728 3151 1760 ι
3191 1707 3255 1764 Ει
3279 1711 3467 1765 statuit
3517 1727 3613 1767 rex

2041 1799 2207 1854 David
2251 1809 2306 1857 et
2350 1801 2627 1872 principes
2677 1802 2951 1857 exercitus
2999 1804 3066 1856 ad
3121 1802 3428 1858 ministeria
3474 1802 3616 1860 ﬁlios

359 1915 508 1968 μεως
537 1900 616 1962 είς
649 1897 714 1950 τὰ
741 1897 878 1970 ἔργα
899 1898 1024 1961 τοὺς
1057 1899 1204 1960 υἱοὺς
1257 1898 1428 1967 ’Λσὰφ
1475 1900 1569 1951 καὶ
1601 1899 1800 1969 Αἰμὰν,
1845 1898 1933 1952 καὶ

2039 1893 2218 1961 ASaph
2251 1900 2304 1947 et
2348 1892 2547 1948 Eman
2585 1901 2639 1948 et
2673 1891 2933 1957 ldithum,
2986 1895 3350 1950 vociferantes
3401 1896 3611 1966 Cinyra,

370 1989 625 2060 Ἰδιθοὺμ,
654 1992 780 2052 τοὺς
813 1987 1326 2058 ἀποφθεγγομένους
1378 1989 1436 2040 ὲν
1475 1987 1672 2059 κινύρα
1737 1990 1829 2041 καὶ
1883 1989 1940 2040 ὲν

354 2081 584 2144 νάϐλαις
631 2081 726 2134 καὶ
773 2083 830 2135 ἐν
883 2081 1207 2150 τυμπάνοις.
1252 2098 1270 2131 ι
1331 2080 1477 2132 ’Δντὶ
1503 2079 1559 2132 δὲ
1585 2079 1713 2144 τοῦ,
1768 2099 1784 2130 ε
1815 2081 1941 2143 τοὺς

350 2173 893 2243 ἀποφθεγγομένους,
929 2191 946 2224 ι
989 2172 1016 2224 ὁ
1057 2173 1154 2242 μὲν
1200 2172 1467 2236 Ἀκύλας,
1510 2191 1528 2223 ι
1574 2172 1680 2224 τῶν
1726 2189 1932 2243 προφη-

350 2263 486 2326 τῶν,
532 2284 549 2314 ι
587 2266 614 2317 ὁ
659 2265 714 2317 δὲ
745 2263 1033 2335 Σύμμαχος
1063 2303 1076 2327 ,
1102 2283 1119 2313 ι
1162 2263 1269 2316 τῶν
1311 2263 1804 2334 προφητευσάντων
1843 2262 1932 2314 διὰ

351 2353 543 2425 λύρας,
568 2375 584 2404 ι
617 2354 893 2418 ἐξέδωκεν·
915 2353 1052 2406 ὥστε
1083 2355 1366 2424 προφήτας
1390 2353 1493 2425 χρὴ
1511 2352 1749 2424 νομίζειν
1774 2371 1933 2423 γεγο-

355 2447 500 2504 νέναι
526 2448 651 2510 τοὺς
663 2445 1038 2516 δηλουμένους.
1060 2446 1168 2498 Καὶ
1189 2442 1342 2510 αὖθις
1359 2446 1486 2514 ἑξῆς
1507 2445 1718 2517 εἴρηται
1734 2446 1811 2516 τῷ
1828 2447 1936 2499 ‘16:-

356 2537 518 2607 θούμ·
541 2553 561 2587 ι
585 2535 701 2588 Υἱοὶ
728 2534 978 2605 Ἰδιθοὺμ,
1008 2534 1284 2598 Γοδολείας
1309 2536 1402 2588 καὶ
1421 2535 1609 2607 Σουρεὶ
1627 2537 1934 2601 καὶΑίείας,

354 2628 451 2681 καὶ
472 2627 709 2690 Σεδείας,
729 2625 823 2680 καὶ
839 2625 1085 2689 Ματθίας
1107 2666 1122 2690 ,
1150 2625 1212 2691 ἓξ
1249 2625 1385 2696 μετὰ
1411 2630 1500 2680 τὸν
1524 2627 1736 2700 πατέρα
1760 2629 1936 2681 αὐτῶν

367 2718 605 2788 Ἰδιθοὺμ
634 2719 691 2771 ὲν
721 2717 966 2788 κινύραις
995 2717 1442 2788 ἀνακρουόμενοι;
1475 2737 1492 2769 ι
1545 2719 1688 2771 Ἀντί
1730 2718 1786 2772 δὲ
1818 2719 1934 2782 τοῦ,

362 2827 382 2859 ι
421 2812 478 2863 ἐν
517 2810 765 2882 κινύραις
799 2811 1258 2882 ἁνακρουόμενοι,
1299 2829 1317 2861 ι
1377 2809 1538 2864 πάλιν
1591 2813 1618 2864 6
1671 2811 1933 2875 Ἀκύλας,

361 2921 381 2952 ι
412 2901 612 2973 κιθάρᾳ
645 2901 1000 2974 προφητεύων
1025 2919 1037 2931 ·
1069 2919 1088 2954 ›
1129 2904 1156 2956 ὁ
1189 2901 1245 2954 δὲ
1279 2901 1591 2973 Σύμμαχος,
1623 2921 1640 2953 ι
1663 2901 1751 2955 διὰ
1769 2901 1935 2974 λύρας

353 2992 448 3045 τοῦ
473 2993 930 3064 προφητεύοντος,
977 3015 993 3046 ›
1026 2993 1306 3060 ἐξέδωκεν.
1359 2994 1566 3047 Οὐκοῦν
1613 2994 1706 3047 καὶ
1737 2996 1764 3048 ὁ
1816 2995 1935 3048 Ἰδι-

355 3083 499 3155 θοὺμ
526 3079 606 3147 εἷς
633 3080 700 3155 ἦν
722 3085 830 3139 τῶν
863 3085 1312 3157 προφητευόντων
1343 3085 1430 3138 διὰ
1461 3085 1630 3158 λύρας
1655 3103 1668 3115 ·
1721 3085 1799 3139 διὸ
1842 3087 1935 3141 καὶ

352 3175 580 3238 εἰκότως
626 3175 768 3229 εἴποι
797 3176 862 3230 ἄν
895 3193 996 3239 τις,
1044 3175 1292 3229 ἐντεῦθεν
1336 3177 1689 3248 ὁρμώμενος.
1730 3177 1802 3249 μὴ
1841 3178 1933 3232 τὸν

351 3267 518 3322 Δαυῒδ
549 3267 803 3332 συντάξαι
842 3268 932 3320 τὸν
956 3267 1188 3339 ψαλμὸν,
1227 3270 1319 3323 καὶ
1345 3268 1635 3323 δεδωκέναι
1685 3269 1763 3341 τῷ
1807 3271 1927 3324 ἰδι-

351 3357 516 3430 θοξιμ,
551 3359 686 3431 μηδὲ
711 3360 802 3414 τὸν
855 3359 1087 3431 Ἰδιθοὺμ
1114 3362 1569 3416 ύποπεπτωκέναι
1614 3361 1692 3433 τῷ
1736 3380 1927 3435 πειρα-

352 3452 498 3524 σμῷ,
533 3454 625 3506 καὶ
659 3451 950 3524 θεραπείας
982 3454 1259 3526 δεδεῆσθαι
1283 3455 1380 3524 τῆς
1418 3456 1569 3530 παρὰ
1604 3455 1696 3510 τοῦ
1744 3455 1925 3510 Δαυῖδ.

350 3542 503 3613 Μηδὲ
525 3542 632 3614 γὰρ
660 3542 754 3614 τὴν
783 3543 1002 3614 Γραφὴν
1030 3543 1274 3598 ὑπαίτιόν
1307 3561 1411 3598 που
1440 3544 1531 3598 τὸν
1558 3545 1791 3616 ’Ῑδιθοῦμ
1819 3546 1931 3599 elc-

350 3635 509 3702 ἁγειν
533 3651 546 3664 ·
599 3633 712 3685 ἀλλ’
760 3631 994 3702 ἔμπαλιν
1040 3633 1239 3703 μᾶλλον
1303 3633 1394 3687 τὸν
1445 3633 1608 3686 Δαυῖδ
1640 3633 1930 3706 πειρασμῷ

347 3724 832 3798 ⁶περιπεπτωκέναι
859 3725 1151 3780 διδάσκειν.
1195 3726 1284 3780 Διὸ
1332 3728 1427 3780 καὶ
1470 3727 1639 3798 φῆσαι
1676 3727 1742 3781 ἂν
1791 3729 1932 3781 είκό-

345 3832 478 3880 τως,
509 3817 792 3888 προφήτην
815 3815 941 3869 ὄντα
979 3817 1070 3869 τὸν
1112 3816 1367 3887 Ἰδιθοὺμ,
1415 3819 1540 3881 τοὺς
1579 3819 1638 3871 ἐν
1694 3818 1931 3888 ἀμφοτέ-

350 3925 468 3978 ροις
513 3910 623 3970 τοῖς
661 3908 1051 3979 προδηλωθεῖσι
1089 3909 1323 3980 ψαλμοῖς
1377 3909 1571 3979 λόγους
1626 3909 1926 3975 συντάξαι,

347 3998 444 4051 καὶ
489 3995 566 4066 τῷ
615 3995 775 4048 Δαυῖὸ
806 3998 1264 4068 παραδεδωκέναι,
1310 4000 1385 4064 ὡς
1419 3999 1486 4054 ἂν
1531 4000 1792 4069 ὠφελοῖτο
1837 4002 1932 4054 καὶ

347 4086 705 4158 θεραπεύοιτο
739 4086 798 4152 ἐξ
826 4088 1004 4141 αὐτῶν
1052 4091 1144 4143 ἐπὶ
1191 4093 1304 4155 τοῖς
1346 4091 1495 4162 αύτῷ
1535 4091 1927 4163 συμϐεϐηκόσι.

345 4181 509 4233 Δοκεῖ
539 4178 594 4231 δέ
628 4196 743 4243 πως
769 4180 940 4252 ταύτῃ
983 4185 1048 4254 τῇ
1076 4182 1284 4254 διανοίᾳ
1338 4183 1739 4255 συμϐάλλεσθαι
1780 4185 1872 4238 καὶ
1900 4185 1930 4236 ὁ

346 4271 662 4344 Σύμμαχος,
712 4277 810 4346 τὴν
853 4275 1174 4347 προγραφὴν
1215 4274 1400 4329 τοῦτον
1452 4276 1793 4349 ἑρμηνεύσας
1838 4277 1929 4331 τὸν

344 4361 582 4432 τρόπον’
622 4381 640 4414 ι
687 4363 979 4426 Ἐπινίκιος
1016 4363 1103 4417 διὰ
1151 4363 1383 4436 Ἰδιθοὺμ
1409 4365 1519 4436 ᾠδὴ
1549 4369 1628 4430 εἰς
1678 4367 1862 4420 Δαυῒδ.
1905 4385 1924 4419 ι

344 4453 462 4506 Καὶ
499 4455 708 4525 μήποτε
739 4455 875 4525 μετὰ
901 4456 961 4508 τὸ
986 4457 1210 4528 σφάλμα
1231 4460 1291 4511 τὸ
1331 4457 1640 4530 ἐπισυμδάν
1667 4458 1743 4530 τῷ
1769 4458 1931 4512 Δαυῒδ

2041 1986 2221 2040 nahlis
2249 1993 2302 2042 et
2344 1987 2611 2058 cymbalis
2634 1988 2700 2040 ⁸⁸.
2745 2008 2764 2039 ι
2801 1986 2908 2044 Pro
2957 1986 3051 2041 illo
3087 1996 3290 2050 autem,
3329 2007 3348 2040 ι
3404 1988 3612 2045 vocife-

2043 2087 2253 2143 rantes,
2293 2097 2310 2130 ι
2350 2078 2568 2149 Aquila,
2606 2097 2624 2130 ‹
2666 2081 2979 2150 prophetas.
3019 2099 3038 2132 ι
3074 2078 3432 2151 Symmachus
3461 2094 3611 2146 vero,

2046 2190 2063 2219 ι
2107 2169 2496 2239 prophetantes
2526 2171 2664 2241 lyra,
2703 2190 2722 2223 ι
2760 2172 3090 2238 ediderunt;
3129 2174 3199 2225 ita
3227 2180 3284 2226 ut
3327 2173 3612 2228 memorati

2039 2261 2142 2315 viri
2196 2265 2471 2332 prophetae
2509 2263 2800 2333 reputandi
2854 2265 2982 2318 sint.
3039 2261 3388 2334 Rursumque
3439 2264 3614 2319 fertur

2041 2351 2104 2405 dc
2142 2349 2376 2405 ldithum
2410 2371 2422 2405 :
2452 2372 2469 2404 ι
2499 2352 2620 2406 Filii
2654 2352 2910 2416 ldithum,
2943 2354 3221 2418 Godolias,
3267 2356 3414 2420 Suri,
3443 2353 3612 2413 JEeas

2041 2437 2244 2496 Sedeas
2275 2451 2330 2496 et
2352 2441 2625 2506 Matthias,
2663 2459 2755 2498 sex
2781 2450 2904 2512 post
2931 2452 3139 2513 patrem
3171 2463 3330 2500 suum
3356 2447 3609 2513 ldithum,

2037 2531 2242 2602 ciuyris
2271 2543 2690 2603 concrepantes.
2742 2553 2761 2586 ι
2796 2531 2900 2587 Pro
2952 2534 3046 2588 illo
3089 2545 3291 2603 autem,
3339 2555 3358 2588 ι
3409 2538 3612 2609 cinyris

2037 2633 2453 2696 concrepantes,
2495 2645 2513 2677 ι
2554 2626 2749 2696 Aquila
2781 2614 3022 2695 rursuin,
3056 2647 3075 2679 ι
3121 2629 3330 2683 cithara
3378 2633 3612 2700 prOphe-

2035 2723 2198 2780 taus;
2255 2736 2274 2768 ›
2330 2716 2690 2788 Symmachus
2741 2733 2890 2781 vero,
2933 2736 2950 2768 ‹
3004 2721 3118 2789 lyra
3152 2721 3547 2791 prophetantis,
3586 2741 3605 2773 ι

2035 2805 2228 2859 edidit.
2258 2805 2491 2860 ldithum
2538 2823 2670 2877 ergo
2700 2823 2729 2862 e
2759 2824 2988 2862 numero
3024 2811 3461 2878 prophetanlium
3495 2812 3609 2884 lyra

2037 2897 2178 2965 fuit;
2232 2899 2587 2969 quamobrem
2641 2901 2764 2970 jure
2814 2901 2976 2970 quis,
3037 2902 3164 2957 hinc
3228 2914 3609 2973 argumentum

2036 2999 2342 3054 mutuatus,
2378 2990 2600 3056 dixerit,
2630 2991 2886 3047 Davidem
2923 3009 3024 3048 nec
3057 2996 3432 3065 composuisse
3461 2997 3609 3067 psalo

2036 3098 2205 3144 mum,
2239 3099 2340 3138 nec
2370 3083 2473 3153 ipsi
2515 3083 2749 3138 ldithum
2784 3085 3117 3140 tradidisse:
3155 3102 3332 3158 neque
3375 3087 3609 3142 ldithum

2038 3175 2090 3229 in
2123 3175 2476 3230 tentationem
2511 3175 2817 3246 delapsum,
2849 3187 2908 3233 ut
2941 3181 3202 3235 medelam
3239 3195 3267 3234 a
3291 3179 3491 3234 Davidc
3520 3195 3610 3232 ac-

2036 3265 2240 3336 ciperet
2314 3282 2453 3337 opus
2519 3267 2801 3325 habuisse.
2858 3268 3044 3341 Neque
3105 3273 3251 3328 enim
3326 3271 3608 3342 Scriptura

2036 3357 2248 3427 uspiam
2291 3359 2467 3428 ipsum
2504 3358 2741 3414 ldithum
2778 3375 2931 3415 reum
2986 3361 3233 3431 inducit;
3285 3364 3395 3417 imo
3430 3365 3610 3433 potius

2037 3448 2294 3504 Davidem
2346 3451 2402 3505 in
2431 3453 2790 3508 tentationem
2829 3455 3037 3525 lapsum
3069 3471 3193 3511 esse
3221 3454 3398 3511 docet.
3431 3455 3610 3524 Quare

2037 3553 2403 3613 congruenter
2433 3545 2670 3608 dicatur.
2705 3547 2882 3617 ipsum
2935 3546 3196 3611 ldithum,
3245 3555 3433 3618 utpote
3480 3565 3609 3619 pro-

2035 3633 2274 3702 phetam,
2307 3647 2639 3693 memoratos
2678 3637 2817 3692 duos
2851 3639 3090 3708 psalmos
3123 3639 3520 3708 composuisse.
3555 3649 3610 3694 et

2037 3721 2225 3778 Davidi
2255 3725 2567 3790 tradidisse.
2601 3737 2659 3782 ut
2689 3745 2754 3782 ex
2784 3729 2854 3782 iis
2886 3731 3172 3784 utilitatem
3214 3745 3276 3784 ac
3307 3731 3606 3786 remedium

2038 3815 2092 3868 in
2129 3817 2507 3872 accidentibus
2540 3818 2697 3874 malis
2732 3821 3056 3889 perciperet.
3089 3819 3226 3873 Huic
3271 3836 3433 3890 porro
3487 3837 3610 3877 sen-

2037 3906 2221 3960 tentiae
2259 3907 2508 3962 conferre
2555 3908 2915 3980 Symmachus
2970 3910 3206 3975 videtur,
3259 3913 3352 3983 qui
3392 3914 3606 3967 titulum

2038 4000 2138 4053 hac
2167 4001 2377 4055 ratione
2421 4001 2809 4072 interpretatus
2857 4012 2980 4060 est:
3043 4023 3062 4054 ι
3125 4003 3478 4076 Triumphale
3514 4021 3610 4076 per

2036 4089 2296 4152 ldithum.
2342 4094 2616 4148 canticum
2671 4095 2725 4149 in
2764 4094 3042 4150 Davidem.
3086 4115 3104 4148 ›
3136 4096 3275 4151 Num
3321 4099 3458 4151 forte
3488 4103 3610 4167 post

2038 4183 2501 4254 lapsumIDavidis
2529 4203 2655 4258 erga
2705 4186 2848 4242 Urize
2894 4204 3142 4254 uxorem,
3191 4205 3314 4244 cum
3365 4189 3605 4244 nondum

2037 4285 2223 4344 posset
2254 4277 2492 4347 pristino
2524 4295 2674 4334 more
2725 4280 3072 4349 prophetare,
3111 4282 3400 4350 multaeque
3433 4288 3609 4334 tenta-

2037 4367 2238 4430 tiones,
2259 4369 2706 4438 calamitatesque
2723 4369 3036 4440 frequentes
3057 4372 3346 4434 instarent,
3374 4369 3608 4423 ldithum

2039 4458 2245 4529 Spiritu
2293 4469 2488 4514 sancto
2523 4461 2733 4516 amatus
2765 4461 2864 4516 hos
2904 4463 2972 4515 ab
3022 4476 3081 4515 se
3110 4462 3442 4530 compositos
3493 4476 3609 4515 ser-

347 4545 440 4596 ἐπὶ
462 4547 526 4615 τῇ
551 4545 645 4597 τοῦ
669 4547 865 4617 Οὐρίου
891 4549 1130 4616 γυναικὶ,
1161 4549 1356 4621 μηκέτι
1379 4552 1490 4604 οἴου
1514 4568 1572 4604 τε
1600 4550 1766 4604 αὑτοῦ
1791 4549 1933 4605 κατὰ

2039 4567 2250 4613 mones,
2280 4551 2436 4621 quasi
2475 4552 2718 4607 remedia
2761 4551 2828 4604 ad
2864 4551 3128 4606 medelam
3167 4552 3361 4604 animae
3395 4557 3604 4620 parata.

345 4635 410 4688 τὸ
435 4637 662 4690 παλαιὸν
695 4640 1073 4710 προφητεύειν,
1104 4641 1312 4695 πολλῶν
1350 4642 1405 4696 δὲ
1446 4643 1766 4715 πειρασμῶν
1797 4644 1935 4698 ἐπα-

346 4728 689 4797 νισταμένων
725 4729 872 4799 αύτῷ
899 4731 987 4783 καὶ
1017 4732 1310 4804 συμφορῶν
1347 4733 1662 4806 ἐπαλλήλων
1684 4775 1697 4798 ,
1745 4736 1774 4787 6
1821 4736 1936 4788 Ἰδι-

346 4815 511 4888 θοὺμ,
565 4819 843 4891 Πνεύματι
888 4821 1025 4892 ἁγίῳ
1059 4821 1321 4887 συντάξας
1362 4824 1490 4888 τοὺς
1533 4826 1928 4897 προκειμένους

347 4907 562 4976 λόγους,
606 4909 793 4983 ῶσπερ
845 4913 966 4966 τινὰ
1003 4913 1271 4984 φάρμακα
1329 4915 1509 4986 ψυχῆς
1559 4916 1931 4989 θεραπευτικὰ

2038 4644 2140 4713 ipsi
2165 4643 2412 4702 tradidit.
2444 4651 2502 4697 ut
2532 4660 2722 4697 eorum
2747 4643 2996 4696 doctrina
3028 4642 3282 4696 solatium
3308 4640 3610 4710 acciperet?

2038 4733 2182 4790 Sane
2209 4751 2330 4788 cum
2363 4733 2428 4788 ad
2461 4749 2702 4805 praesens
2729 4743 3106 4802 argumentum
3139 4731 3275 4785 duas
3307 4729 3608 4786 sententias

2032 4827 2337 4898 legentibus
2371 4826 2714 4881 attulerimus
2743 4864 2758 4890 ,
2799 4833 2976 4878 utram
3012 4825 3178 4878 velint
3209 4823 3482 4893 amplecti,
3514 4837 3610 4891 per

2033 4933 2134 4972 nos
2172 4917 2376 4971 licebit.

347 5001 657 5057 ἐπιδίδωσιν
705 5004 883 5075 αύτῷ,
912 5007 990 5069 είς
1021 5007 1080 5060 τὸ
1113 5008 1552 5078 παραμυθεῖσθαι
1607 5011 1672 5064 ὲκ
1715 5011 1815 5082 τῆς
1865 5013 1924 5064 ἐν
1961 5012 2143 5074 αὐτοῖς
2182 5010 2565 5076 διδασκαλία;;
2604 5011 2715 5062 Καὶ
2756 5008 2820 5081 δὴ
2861 5007 3010 5061 δυσὶν
3071 5007 3317 5077 ἑκδοχαῖς
3385 5002 3610 5057 ἐπιϐάλ-

347 5091 532 5158 λοντες
569 5099 648 5160 είς
677 5098 742 5151 τά
768 5101 1102 5172 προκείμενα
1149 5104 1261 5166 τοῖς
1310 5104 1691 5174 ἐντυγχάνουσι
1711 5146 1726 5169 ,
1772 5106 2003 5178 θατέρας
2025 5107 2203 5162 αὐτῶν
2228 5105 2326 5176 τὴν
2360 5107 2569 5177 αἵρεσιν
2597 5105 3015 5176 καταλείψομεν.

427 5231 446 5263 σ
463 5213 606 5274 Ἕως
631 5213 759 5266 πότε
777 5215 1080 5270 ἐπιτίθεσθε
1101 5220 1185 5271 ἐπ’
1205 5218 1511 5290 ἄνθρωπον,
1531 5220 1782 5288 φονεύετε
1800 5221 1934 5274 πάν-

344 5318 439 5363 τες
461 5302 620 5372 ὑμεῖς
644 5320 657 5367 ;
679 5303 754 5366 ῶς
769 5307 932 5376 τοίχῳ
952 5310 1253 5380 κεκλιμένῳ
1272 5310 1366 5363 καὶ
1387 5309 1627 5381 φραγμῷ
1646 5311 1893 5382 ῶσμένῳ.
1910 5332 1927 5362 ι

362 5393 647 5462 Ἐμφαίνει
669 5395 756 5448 διὰ
788 5398 989 5452 τούτων
1020 5399 1094 5471 μὴ
1123 5401 1221 5455 ἕνα
1259 5403 1418 5471 μόνον
1459 5404 1761 5473 πειρασμὸν
1803 5404 1934 5456 ὑπο-

351 5487 718 5556 μεμενηκέναι
747 5491 775 5541 ὁ
807 5489 988 5555 Δαυῒδ,
1019 5493 1140 5564 μηδ’
1173 5493 1364 5564 ῶσπερ
1391 5494 1516 5564 μίαν
1544 5493 1760 5565 πληγὴν
1794 5495 1934 5566 εἰλη-

349 5575 507 5644 φέναι
548 5579 654 5632 ὑπὸ
679 5579 785 5632 τῶν
813 5582 1148 5638 ἀντιπάλων*
1185 5586 1258 5649 ὡς
1280 5585 1335 5637 δὲ
1371 5585 1463 5638 ἐπὶ
1510 5585 1705 5655 μακρῷ
1756 5586 1932 5656 χρόνῳ

347 5671 706 5742 τυπτόμενος,
747 5673 841 5726 καὶ
868 5676 1149 5746 καρτερῶς
1189 5677 1474 5745 ὑπομένων
1521 5678 1618 5741 τὰς
1665 5679 1935 5748 ἐπαγομέ-

1111 5832 1152 5863 ⁶³
1194 5831 1322 5887 ibid.
1360 5833 1447 5886 41.

427 5827 472 5859 ⁸³
513 5827 528 5880 1
570 5826 747 5886 Paral.
786 5847 911 5896 xw,
945 5831 1034 5886 57,
1111 5832 1152 5863 "‘
1194 5831 1322 5887 ibid.
1360 5833 1447 5886 41.
1526 5835 1567 5864 εδ
1601 5834 1729 5888 ibid.
1763 5833 1849 5888 42.

2111 5220 2279 5277 Vens.
2316 5222 2369 5283 4,
2402 5223 2455 5277 5.
2497 5241 2514 5273 ‹
2554 5221 2852 5291 Quousque
2877 5221 3088 5275 irruitis
3117 5220 3170 5273 in
3203 5219 3499 5281 hominem,
3529 5219 3612 5271 in-

2041 5315 2294 5369 terficitis
2335 5315 2574 5368 universi
2619 5331 2716 5369 vos
2743 5353 2757 5379 ,
2795 5325 3052 5384 tanquam
3103 5313 3297 5382 parieti
3347 5312 3612 5366 inclinan

2038 5415 2091 5461 et
2130 5407 2382 5460 maceria:
2411 5405 2668 5476 depulsae.
2724 5425 2743 5458 ι
2777 5405 2871 5460 His
2918 5406 3159 5460 declarat
3202 5403 3368 5456 David
3403 5417 3462 5456 se
3501 5416 3608 5455 non

2039 5513 2203 5550 uuam
2235 5512 2554 5567 perpessum
2610 5498 2983 5556 tentationem.
3026 5511 3202 5566 neque
3255 5509 3363 5548 uno
3411 5493 3479 5546 ab
3507 5491 3606 5546 ad-

2039 5589 2297 5642 versariis
2347 5589 2495 5643 velut
2524 5594 2750 5643 vulnere
2799 5588 3158 5648 confossum,
3209 5586 3301 5640 sed
3352 5585 3609 5639 diuturno

2038 5687 2282 5748 tempore
2314 5695 2681 5750 percussum,
2723 5695 2785 5734 ac
2834 5679 3068 5734 inflictas
3119 5680 3304 5748 plagas
3343 5687 3613 5748 patzcutcr

1929 5835 1972 5864 (³⁸⁵
2007 5835 2020 5884 Ι
2060 5833 2235 5888 Parui.
2276 5851 2396 5896 xxv,
2436 5835 2483 5888 1.
