4100 6550
488 360 577 414 591

1182 360 1448 420 Ε-υεςειιιι
1488 360 1968 416 (ΖΛΞΞΛΠΙΕΝΞΙΒ
2006 362 2049 416 0

2204 363 2382 419 PARS
2416 362 2501 417 ΙΠ.
2545 396 2610 402 ——
2649 362 3056 421 EXEGETICA.

3620 368 3727 425 593

482 460 783 549 ferentem,
857 481 1127 535 medentes
1194 479 1394 532 talibus
1455 478 1614 532 dictis
1684 478 2045 547 compellare:

2156 496 2249 542 νας
2282 478 2430 549 αὐτῷ
2459 477 2691 548 πληγὰς.
2738 478 2964 546 φάσκειν
3003 480 3114 542 τοῖς
3164 478 3475 533 τύπτουσιν·
3512 498 3531 531 ι
3581 481 3727 545 Ἕως

485 587 502 620 ι
544 569 840 639 Quousque
868 570 1077 623 irruitis
1102 570 1155 624 in
1183 569 1457 622 hominem
1485 570 1508 621 ?
1541 588 1557 620 ι
1586 568 1719 631 sive,
1747 568 2045 623 secundum

479 661 752 731 Aquilam,
792 679 809 710 ι
847 661 1144 731 Quousque
1172 659 1545 715 insidiamini?
1566 679 1584 712 ι
1612 660 1715 722 vel,
1752 662 2046 715 secundum

479 754 888 825 Symmachum,
928 773 945 805 ι
989 753 1288 823 Quousque
1317 754 1370 807 in
1398 769 1596 807 vanum
1628 753 1988 808 laborabitis?
2024 774 2041 805 ι

477 843 683 898 Ιεζχίηόο
717 844 1099 899 insidiatorum
1147 858 1383 915 arguens
1433 845 1795 914 propositum,
1833 843 1996 898 infert
2030 862 2043 897 :

479 955 497 987 ι
556 936 872 991 lnterﬁcitis
913 938 1156 993 universi
1213 953 1332 995 vos.
1396 957 1415 990 ι
1470 937 1786 1003 Ιῐοηιὶοἰάεε,
1850 938 2045 1008 inquit,

474 1028 608 1082 estis
641 1049 653 1085 :
693 1045 870 1100 neque
905 1038 1097 1085 contra
1128 1031 1385 1085 athletam
1421 1032 1576 1103 quasi
1617 1030 1913 1087 adversarii
1938 1039 2046 1084 sta-

476 1122 670 1175 tariam
718 1137 956 1194 pugnam
1026 1122 1094 1176 ad
1154 1123 1597 1178 exercitationem
1669 1121 2042 1185 committitis;

475 1212 569 1267 sed
611 1216 897 1270 occidendi
930 1215 1113 1270 studio
1148 1215 1203 1269 in
1249 1232 1335 1269 me
1382 1215 1614 1278 irruitis,
1651 1223 1705 1270 ct
1734 1221 1793 1269 ut
1846 1214 2049 1269 auxilio

476 1322 730 1373 vacuum,
777 1315 836 1360 ut
871 1322 1086 1360 murum
1134 1306 1244 1376 jam
1294 1306 1610 1360 inclinatum
1656 1312 1712 1361 et
1760 1304 2048 1359 maceriem

474 1402 783 1471 depulsam,
813 1400 1192 1472 aggredimini.
1217 1400 1351 1453 Nam
1387 1400 1543 1470 quasi
1567 1399 1786 1455 nemine
1812 1399 2052 1453 circum-

473 1496 712 1548 vallante
739 1505 833 1547 aut
880 1494 1182 1559 muniente,
1234 1494 1579 1563 animamque
1608 1507 1782 1547 meam
1814 1496 2048 1557 tutante,

475 1588 549 1642 ita
586 1589 818 1653 irruitis.
854 1588 1154 1659 Quousque
1187 1587 1353 1658 igitur
1380 1587 1495 1642 haec
1516 1586 1718 1642 frustra
1747 1585 2049 1649 tentabitis,

476 1696 653 1750 neque
678 1681 991 1743 cessabitis,
1027 1682 1261 1736 scientes
1295 1679 1571 1734 invenisse
1604 1693 1691 1734 me
1715 1677 2049 1747 praesidium,

476 1772 762 1826 custodem
823 1788 886 1827 ac
948 1772 1329 1828 servatorem?
1381 1769 1559 1836 Quare
1617 1768 1843 1824 ﬁdenter
1890 1768 2048 1823 dixi:

2157 570 2287 623 πότε
2311 568 2615 623 ἐπιτίθεσθε
2644 569 2729 621 ἐπ’
2755 568 3071 640 άνθρωπον;
3119 590 3135 620 ι
3170 572 3201 639 ἦ
3237 572 3375 625 κατὰ
3414 572 3501 624 τὸν
3564 573 3725 626 Ἀκύ-

2154 662 2279 717 λαν’
2306 679 2323 712 ι
2357 662 2501 725 Ἕως
2538 660 2680 724 τίνος
2706 660 3119 727 ἐπιϐουλεύετε;
3153 682 3170 713 ι
3214 663 3412 732 ἢκατά
3454 664 3545 717 τὸν
3583 665 3727 735 Σύμ-

2158 771 2325 824 μαχον
2350 770 2363 783 ·
2389 771 2405 804 ι
2421 753 2564 814 Ἕως
2590 751 2732 813 τίνος
2764 753 3221 822 ματαιοπονήσετε
3245 770 3291 817 ;›
3321 748 3453 806 Εἶτα
3486 753 3582 825 τὴν
3604 771 3729 826 προ-

2155 846 2366 916 αίρεσιν
2402 844 2509 897 τῶν
2538 840 2991 896 ἐπιϐουλευόντων
3039 843 3187 914 αὑτῷ
3227 843 3514 914 διελέγχων
3552 846 3725 915 φησί’

2161 954 2179 986 ι
2211 935 2465 988 Φονεύετε
2500 933 2699 995 πάντες
2722 933 2899 1003 ὑμεῖς.
2936 953 2953 984 ι
2983 935 3241 988 Φονευταὶ
3261 934 3369 1006 γάρ
3389 938 3531 999 ἐστε,
3570 935 3724 1005 φησί·

2158 1028 2249 1081 καὶ
2280 1028 2378 1098 οὐχ
2411 1027 2599 1101 ῶσπερ
2621 1030 3015 1098 ἀνταγωνισταὶ
3044 1028 3176 1098 πρὸς
3201 1026 3433 1099 ἀθλητὴν
3452 1028 3727 1099 ἱστάμενοι

2160 1120 2318 1191 μέχρι
2350 1120 2650 1191 γυμνασίου
2682 1121 2948 1175 ποιεῖσθαι
2965 1122 3065 1194 τὴν
3090 1119 3320 1191 ἅμιλλαν
3338 1136 3353 1151 '
3376 1120 3510 1174 ἀλλὰ
3533 1122 3727 1193 φονικῇ

2156 1212 2476 1282 προαιρέσει
2507 1212 2809 1267 ἐπιτίθεσθέ
2838 1231 2947 1285 μοι,
2980 1213 3073 1266 καὶ
3107 1211 3413 1266 ἐπιτίθεσθε
3440 1212 3515 1275 ὡς
3559 1212 3727 1284 ἀϐοη-

2157 1302 2321 1374 θήτῳ,
2359 1304 2451 1356 καὶ
2475 1300 2551 1366 ῶς
2584 1303 2681 1375 ἤδη
2714 1305 3020 1376 κεκλιμένῳ
3048 1304 3210 1375 τοίχῳ
3238 1304 3330 1357 καὶ
3387 1302 3625 1376 φραγμῷ
3653 1303 3729 1355 ὼ-

2158 1394 2358 1465 σμένῳ.
2400 1394 2489 1459 Ὦς
2510 1395 2619 1465 γάρ
2647 1395 2869 1468 μηδενὸς
2892 1396 3351 1468 περιφράττοντος
3398 1396 3530 1466 μηδὲ
3567 1413 3726 1466 περι-

2157 1487 2480 1559 τειχίζοντος
2502 1489 2597 1541 καὶ
2628 1487 2725 1559 τὴν
2757 1486 2894 1559 ἐμὴν
2917 1485 3281 1560 φρουροῦντος
3314 1485 3523 1557 ψυχὴν,
3554 1484 3729 1549 οὕτως

2156 1579 2482 1635 ἐπιτίθεσθε.
2528 1581 2672 1645 Ἕως
2700 1575 2792 1634 οῦν
2848 1580 2978 1633 πότε
3019 1578 3191 1634 ταῦτα
3243 1578 3728 1650 ματαιοπονήσετε,

2158 1674 2251 1726 καὶ
2282 1674 2401 1743 οὐχὶ
2432 1673 2705 1727 παύσεσθε
2754 1672 2959 1737 λοιπὸν,
3021 1672 3261 1743 γνόντες,
3314 1672 3396 1725 ὅτι
3428 1662 3586 1742 εῦρον
3628 1670 3731 1741 τὴν

2158 1765 2393 1837 ἐμαυτοῦ
2429 1766 2693 1837 φυλακὴν,
2722 1766 2817 1819 καί⁵
2857 1764 2947 1819 τὸν
2970 1764 3207 1837 ἐμαυτοῦ
3242 1765 3477 1837 φρουρὸν
3508 1765 3603 1818 καὶ
3626 1764 3733 1817 Σω-

482 1882 499 1912 ‹
538 1863 730 1917 Nonne
778 1863 1169 1932 Deo'subjecta
1215 1863 1320 1917 erit
1369 1862 1551 1915 anima
1602 1860 1765 1915 mea?
1808 1860 1877 1914 ab
1934 1860 2053 1931 ipso

2156 1857 2331 1928 τῆρα;
2378 1858 2469 1910 Διὸ
2498 1857 2775 1929 ἐθάρσησα
2822 1858 2988 1927 φάναι
3013 1874 3027 1887 ο
3068 1876 3087 1909 ι
3121 1858 3254 1929 Οὐχὶ
3277 1856 3355 1928 τῷ
3382 1856 3502 1928 θεῷ
3533 1857 3732 1909 ὑποτα-

477 1956 621 2008 enim
654 1958 890 2010 salutare
921 1970 1125 2012 meum.
1156 1953 1291 2008 Nam
1328 1961 1383 2009 et
1443 1953 1561 2023 ipse
1614 1949 1759 2008 Deus
1808 1967 1962 2009 meus
2000 1960 2056 2007 et

478 2044 733 2099 Salvator
793 2061 990 2111 meus,
1048 2052 1336 2114 susceptor
1391 2059 1570 2108 meus,
1630 2058 1741 2099 non
1797 2043 2056 2098 movebor

480 2138 734 2207 amplius.
764 2135 1157 2192 Verumtamen
1201 2135 1438 2206 pretium
1469 2150 1647 2189 meum
1682 2134 2057 2206 cogitaverunt

477 2226 764 2294 repellere,
800 2235 1169 2281 cucurrerunt
1223 2226 1279 2280 in
1324 2225 1437 2287 siti,
1489 2240 1586 2280 ore
1634 2240 1736 2281 suo
1768 2225 2059 2281 benedice-

478 2316 643 2380 bant,
704 2324 758 2372 et
804 2317 971 2371 corde
1026 2332 1128 2371 suo
1183 2315 1601 2371 maledicebant.
1666 2314 1992 2387 Diapsalma.
2033 2337 2052 2369 ο

478 2407 667 2460 Priora
716 2407 936 2477 quidem
970 2406 1086 2461 sive
1120 2404 1289 2460 David
1322 2404 1439 2461 sive
1486 2405 1722 2461 ldithum
1774 2422 1895 2464 sese
1924 2408 2059 2463 allo-

478 2513 656 2567 quens
690 2497 860 2565 dixit;
889 2496 1129 2553 secunda
1158 2494 1413 2551 inimicos
1437 2497 1772 2567 compellans
1798 2500 2055 2569 protulit;

479 2591 644 2646 tertia
675 2606 741 2645 ex
772 2588 1067 2661 propositis
1110 2586 1289 2643 verbis
1338 2603 1440 2642 nos
1468 2588 1700 2644 edocent
1731 2604 1840 2659 quo
1870 2590 2059 2646 consi-

478 2683 552 2736 lio
601 2682 835 2737 insidias
885 2681 988 2753 ipsi
1042 2680 1289 2751 pararint
1339 2680 1739 2749 conjuratores.
1789 2680 2057 2749 Quocirca

476 2773 652 2828 dicit:
693 2792 713 2825 ι
750 2771 1145 2829 .Verumtamen
1181 2773 1418 2844 pretium
1465 2789 1647 2828 meum
1681 2774 2061 2845 cogitaverunt

479 2864 764 2939 repellere.
825 2882 845 2917 ›
885 2864 1079 2919 Omnia
1115 2866 1317 2936 quippe
1347 2880 1537 2921 eorum
1566 2865 1869 2930 molimina,
1900 2881 2060 2923 omne

481 2957 798 3021 consilium,
851 2972 961 3011 non
1010 2957 1118 3011 alio
1171 2960 1511 3028 spectabant,
1543 2974 1706 3029 quam
1753 2966 1813 3014 ut
1861 2974 1945 3014 me
1992 2958 2061 3014 ab

484 3049 690 3103 honore
731 3064 839 3119 quo
870 3048 1014 3120 apud
1046 3048 1216 3103 Deum
1250 3050 1550 3121 gaudebam
1600 3050 1976 3116 deturbarent,
2008 3060 2060 3106 et

478 3141 712 3210 pristina
752 3157 870 3196 mea
901 3142 1075 3212 gloria
1104 3143 1426 3214 spoliarent.
1461 3142 1602 3199 llinc
1643 3145 1876 3200 consilio
1923 3145 2058 3200 inito

478 3242 536 3287 ut
562 3232 822 3288 honorem
847 3248 910 3287 ac
936 3236 1171 3305 pretium
1199 3236 1332 3290 mihi
1361 3235 1663 3301 auferrent,
1692 3245 2058 3292 cucurrerunt

479 3325 533 3378 in
566 3325 679 3388 siti,
711 3340 886 3380 meam
918 3340 1146 3381 cernere
1178 3327 1476 3396 perniciem
1516 3329 1788 3385 sitientes.
1825 3328 1933 3385 Pro
1966 3330 2059 3384 illo

479 3423 684 3479 autem,
710 3434 729 3466 ι
755 3415 808 3469 in
831 3416 944 3481 siti,
972 3436 992 3468 ι
1020 3417 1271 3488 Aquila,¢
1291 3417 1351 3473 in
1373 3418 1624 3485 fallacia;
1653 3438 1671 3472 ι
1697 3419 2060 3492 Symmachus

472 3506 720 3571 vero,ain
739 3508 1056 3577 mendacio;
1082 3528 1100 3562 ι
1124 3511 1315 3582 quinta
1330 3511 1517 3577 editio,
1543 3512 1627 3567 «in
1648 3510 1818 3579 falso;
1844 3532 1860 3564 ι
1883 3513 2059 3569 etalia

477 3595 607 3650 item
637 3596 825 3662 editio,
849 3616 867 3645 ε
894 3598 947 3653 in
980 3600 1128 3667 dolo,
1160 3621 1177 3653 ι
1217 3603 1557 3673 interpretati
1582 3611 1732 3660 sunt.
1751 3601 2060 3659 Verisimile

475 3688 659 3759 itaque
690 3700 777 3745 est
804 3692 861 3746 in
886 3702 1079 3748 nostra
1100 3710 1321 3766 quoque
1362 3696 1595 3752 lectione
1618 3696 1855 3768 positum
1878 3696 2058 3769 primo

478 3779 670 3847 fuisse,
694 3802 711 3834 ι
736 3783 790 3837 in
808 3786 1113 3847 mendacio,
1129 3806 1147 3837 ι
1173 3788 1245 3840 ita
1266 3795 1323 3841 ut
1340 3786 1665 3853 diceretum
1691 3796 2059 3844 cucurrerunt

476 3876 535 3931 in
564 3876 850 3933 mendacio
879 3897 894 3946 ;
944 3898 962 3931 ι
1000 3879 1053 3934 id
1077 3887 1183 3946 est,
1207 3880 1417 3935 inimici
1451 3889 1504 3935 et
1540 3881 1891 3937 insidiatores
1926 3884 2055 3945 mei,

475 3983 587 4024 non
618 3969 758 4024 duce
800 3971 1051 4037 veritate,
1094 3970 1191 4027 sed
1232 3986 1357 4025 cum
1404 3987 1525 4026 sese
1583 3981 1726 4028 totos
1771 3973 2058 4029 mendacio

474 4058 855 4126 tradidissent,
889 4076 1116 4117 cursum
1152 4070 1206 4117 et
1264 4064 1504 4118 studium
1537 4080 1696 4119 suum
1729 4076 1918 4121 contra
1971 4081 2059 4122 me

474 4150 833 4206 direxerunt:
898 4153 995 4208 sed
1067 4154 1427 4224 sequentibus
1490 4157 1827 4225 temporibus
1900 4158 2055 4228 lapsu

473 4243 757 4313 graphico,
786 4259 883 4313 pro
916 4244 1093 4309 illo,év
1114 4244 1319 4313 ψεύδει,
1340 4246 1392 4300 id
1441 4255 1526 4302 est
1561 4265 1579 4298 (
1612 4248 1666 4302 in
1699 4250 2000 4318 mendacio,
2032 4270 2049 4302 ι

473 4334 532 4386 ἐν
559 4331 721 4402 δίψει,
754 4333 806 4387 id
837 4341 921 4388 est
957 4352 975 4384 ‹
1012 4335 1067 4388 in
1105 4335 1197 4389 siti
1235 4354 1253 4386 ι
1283 4336 1520 4405 positum
1550 4338 1738 4394 fuisse.
1772 4340 2055 4405 Quomodo

473 4431 655 4477 autem
719 4423 1063 4479 insidiatores
1133 4426 1209 4480 illi
1277 4438 1564 4482 currerent
1629 4429 1685 4483 in
1737 4431 2045 4497 mendacio,

2154 1948 2381 2019 γήσεται
2412 1950 2446 2019 ἠ
2481 1947 2625 2019 ψυχή
2663 1965 2803 2019 μου;
2856 1949 2987 2020 παρ’
3033 1946 3196 2001 αὐτοῦ
3229 1946 3337 2019 γὰρ
3366 1946 3427 2000 τὸ
3465 1946 3732 2017 σωτήριόν

2160 2057 2281 2109 μου.
2312 2041 2422 2095 Καί
2447 2040 2554 2114 γὰρ
2584 2041 2744 2105 αὐτὸς
2771 2040 2905 2104 Θεός
2932 2058 3035 2112 μου
3068 2041 3163 2094 καὶ
3189 2040 3381 2111 Σωτήρ
3412 2056 3536 2110 μου,
3585 2040 3732 2091 ἀντι-

2156 2132 2381 2206 λήπτωρ
2426 2151 2548 2204 μου,
2596 2135 2656 2189 ού
2690 2133 2765 2206 μὴ
2822 2133 3068 2188 σαλευθῶ
3100 2134 3193 2187 ἐπὶ
3218 2132 3421 2187 πλεῖον.
3460 2130 3607 2202 Πλὴν
3632 2131 3731 2202 τὴν

2155 2226 2322 2297 τιμήν
2358 2243 2458 2297 μου
2498 2225 2884 2281 ἐϐουλεύσαντο
2925 2225 3278 2290 ἀπώσασθαι,
3304 2224 3535 2297 ἔδραμον
3566 2225 3625 2277 ἐν
3656 2223 3733 2275 δί-

2155 2319 2274 2390 ψει⁹
2312 2319 2391 2391 τῷ
2420 2322 2644 2390 στόματι
2678 2319 2857 2373 αὐτῶν
2880 2317 3154 2388 εύλόγουν,
3193 2318 3286 2371 καὶ
3316 2319 3381 2388 τῇ
3412 2316 3605 2389 καρδίᾳ
3635 2316 3735 2368 αὑ-

2157 2410 2264 2465 τῶν
2290 2409 2628 2481 κατηρῶντο.
2669 2408 2979 2480 Διάψαλμα.
3023 2428 3041 2460 ι
3081 2408 3161 2462 Τὰ
3211 2409 3308 2479 μὲν
3340 2407 3529 2479 πρῶτα
3568 2406 3732 2471 αὐτὸς

2158 2501 2334 2573 ἐαυτῷ
2363 2503 2479 2573 ἤτοι
2506 2500 2743 2570 Δαυῒδ,ἣ
2786 2500 3020 2572 ἰδιθοὺμ
3050 2500 3374 2554 διείλεκται·
3422 2499 3491 2553 τά
3521 2500 3575 2554 δὲ
3605 2499 3732 2553 δεύ-

2157 2607 2291 2663 τερα
2323 2592 2458 2664 πρὸς
2484 2592 2611 2656 τοὺς
2630 2590 2856 2663 ἐχθροὺς
2885 2590 3232 2643 ἀπετείνατο-
3262 2591 3331 2645 τὰ
3363 2590 3421 2644 δέ
3460 2590 3617 2662 τρίτα
3646 2588 3733 2643 διὰ

2156 2684 2264 2737 τῶν
2293 2683 2671 2760 προκειμένων
2696 2684 2842 2754 ἡμᾶς
2870 2681 3129 2745 διδάσκει,
3150 2682 3334 2736 τίποτε
3362 2681 3733 2753 βουλευόμενοι

2156 2780 2204 2832 οἱ
2239 2777 2680 2841 ἐπιϐουλεύοντες
2706 2776 2856 2848 αὐτῷ
2880 2777 2978 2849 τὴν
3004 2776 3294 2848 ἐπιϐουλὴν
3309 2772 3730 2839 κατεσκεύαζον.

2158 2870 2248 2925 Διό
2278 2886 2440 2942 φησι’
2481 2888 2500 2922 ι
2535 2870 2681 2941 Πλὴν
2708 2869 2805 2941 τὴν
2836 2870 3000 2940 τιμήν
3032 2886 3134 2941 μου
3168 2868 3554 2922 ἐϐουλεύσαντο
3583 2867 3734 2921 ἀπώ-

2161 2961 2439 3017 σασθαι..ι
2486 2962 2552 3015 Ἥ
2584 2962 2692 3033 γὰρ
2719 2962 2870 3014 πᾶσα
2913 2960 3106 3031 σκέψις
3153 2960 3333 3013 αὐτῶν
3368 2961 3462 3013 καὶ
3502 2959 3535 3031 ἡ
3575 2958 3735 3030 βουλὴ

2158 3055 2308 3111 οὐδὲν
2331 3055 2538 3127 ἕτερον,
2574 3054 2758 3127 φησὶν,
2798 3054 2830 3124 ἤ
2869 3054 3195 3108 καταϐαλεῖν
3225 3071 3293 3124 με
3339 3052 3439 3123 τῆς
3482 3051 3629 3124 παρὰ
3657 3052 3735 3122 τῷ

2086 3194 2127 3251 C
2160 3146 2279 3218 Θεῷ
2302 3147 2489 3218 τιμῆς,
2516 3147 2611 3201 καὶ
2635 3146 2919 3217 γυμνῶσαι
2943 3146 3043 3218 τῆς
3068 3146 3225 3217 δόξης
3257 3141 3326 3219 ἧς
3360 3142 3503 3215 εἶχον
3538 3145 3737 3216 πρότε-

2164 3253 2254 3308 ρον
2279 3234 2625 3300 ἐσπούδαζον.
2656 3231 2787 3290 Εἶτα
2819 3235 3236 3307 βουλευσάμενοι
3276 3235 3479 3306 ταύτην
3515 3252 3615 3306 μου
3635 3234 3737 3307 τὴν

2157 3326 2323 3399 τιμὴν
2369 3326 2657 3399 περιελεῖν,
2712 3326 2946 3401 ἔδραμον
2985 3331 3043 3382 ἐν
3083 3327 3224 3399 δίψει
3270 3327 3367 3400 τὴν
3410 3328 3549 3398 ἐμὴν
3579 3326 3736 3381 ἀπώ-

2158 3417 2308 3471 λειαν
2347 3418 2644 3472 θεάσασθαι
2680 3418 2960 3488 διψῶντες.
3018 3418 3161 3471 Ἀντὶ
3186 3418 3243 3471 δέ
3273 3418 3389 3481 τοῦ,
3424 3437 3441 3470 ι
3469 3420 3526 3472 ἐν
3568 3418 3737 3487 δίψει,

2160 3515 2216 3567 ἐν
2247 3512 2632 3585 διαψεύσματι,
2671 3532 2688 3565 ι
2726 3515 2755 3567 ὁ
2800 3511 3057 3577 Ἀκύλας·
3092 3514 3120 3566 ό
3165 3512 3221 3565 δέ
3251 3508 3560 3583 Σύμμαχος,
3615 3529 3634 3562 ι
3676 3511 3737 3563 ἐν

2157 3605 2467 3677 ψεύσματι·
2513 3614 2544 3656 ι·
2567 3608 2599 3677 ἡ
2630 3606 2687 3660 δέ
2719 3605 2945 3677 πέμπτη
2976 3604 3208 3668 ἕκδοσις,
3236 3622 3255 3655 ι
3280 3605 3338 3656 ἐν
3360 3602 3575 3672 ψεύδει·
3603 3621 3621 3654 ›
3641 3601 3737 3655 καὶ

2160 3698 2323 3753 πάλιν
2355 3699 2519 3771 ἑτέρα
2554 3698 2765 3763 ἐκδοσις
2788 3738 2803 3763 ,
2836 3718 2855 3751 ι
2886 3700 2942 3752 ἐν
2972 3698 3127 3769 δόλῳ,
3169 3716 3187 3748 ι
3230 3697 3601 3769 ἡρμήνευσαν.
3640 3694 3735 3747 Εἰ-

2159 3790 2253 3855 κὸς
2283 3786 2375 3845 οῦν
2406 3790 2499 3845 καὶ
2530 3792 2587 3845 ἐν
2610 3794 2677 3863 τῇ
2701 3791 2824 3845 καθ’
2856 3792 3003 3862 ἡμᾶς
3026 3789 3330 3859 ἀναγνώσει
3369 3788 3579 3842 κεῖσθαι
3636 3786 3735 3858 μὲν

2158 3884 2423 3956 πρότερον
2473 3882 2534 3937 τὸ
2564 3926 2579 3950 ,
2618 3904 2636 3936 ι
2676 3886 2734 3937 ἐν
2762 3883 2989 3954 ψεύδει,
3036 3902 3053 3935 ι
3097 3883 3163 3936 ἵν’
3297 3880 3361 3934 τὸ
3406 3880 3732 3951 λεγόμενον

2163 3995 2183 4027 ι
2226 3976 2497 4049 Ἐδραμον
2522 3977 2581 4029 ἐν
2614 3975 2825 4046 ψεύδει·
2868 3996 2886 4028 ι
2925 3976 3202 4029 τουτέστιν
3222 3976 3270 4029 οἱ
3300 3974 3481 4047 ἐχθροί
3517 3990 3619 4044 μου
3642 3973 3736 4026 καὶ

2158 4068 2209 4121 ot
2236 4067 2698 4132 ἐπιϐουλεύοντες,
2736 4069 2797 4121 οὑ
2823 4068 2919 4121 σὺν
2941 4068 3167 4139 ἀληθείᾳ
3195 4065 3283 4120 τὸν
3310 4068 3429 4121 κατ’
3457 4064 3591 4137 ἐμοῦ
3611 4064 3733 4137 δρόο

2161 4176 2260 4232 μον
2289 4162 2381 4214 καὶ
2416 4161 2514 4232 τὴν
2549 4162 2671 4214 κατ’
2705 4160 2840 4231 ἐμοῦ
2881 4159 3113 4231 σπουδὴν
3150 4156 3460 4221 ἐποιοῦντο,
3495 4157 3646 4221 ὅλους
3676 4156 3735 4211 δε

2158 4249 2355 4315 αὐτοὺς
2383 4250 2460 4321 τῷ
2492 4248 2674 4320 ψεύδει
2720 4251 3050 4322 παραδόντες
3070 4268 3081 4280 ’
3122 4251 3345 4321 σφάλμα
3385 4251 3440 4303 δὲ
3464 4252 3735 4322 γραφικόν

2159 4341 2438 4410 γεγονέναι
2465 4345 2522 4395 ἐν
2552 4345 2662 4406 τοῖς
2696 4344 2833 4412 μετὰ
2870 4340 3039 4395 ταῦτα
3076 4341 3271 4413 συνέϐη
3309 4342 3520 4413 χρόνοις
3542 4382 3557 4405 ,
3594 4342 3732 4395 ὥστε

2160 4430 2279 4485 ἀντὶ
2308 4431 2423 4496 τοῦ,
2464 4450 2481 4482 ι
2510 4434 2568 4484 ἐν
2601 4431 2804 4502 ψεύδει,
2839 4434 2896 4486 ἐν
2947 4433 3089 4503 δίψει
3132 4455 3149 4485 ι
3201 4434 3496 4505 γραφῆναι.
3530 4433 3653 4496 Πῶς
3679 4434 3734 4486 δὲ

474 4515 579 4571 sub
614 4516 729 4572 lucc
761 4518 997 4587 explicat
1030 4518 1257 4575 dicens:
1310 4539 1329 4570 ι
1370 4521 1475 4575 Ore
1509 4536 1609 4575 suo
1659 4522 2053 4579 benedicebant

2156 4521 2474 4594 ψευδόμενοι
2510 4522 2559 4575 οἱ
2598 4522 3037 4588 ἐπιϐουλεύοντες
3073 4524 3305 4597 ἔδραμον
3332 4565 3345 4589 ,
3392 4524 3733 4598 διερμηνεύει

472 4615 530 4665 et
562 4609 728 4665 corde
773 4626 873 4665 suo
904 4611 1320 4668 maledicebant.
1369 4630 1387 4664 ι
1437 4611 1571 4667 Cum
1620 4613 1835 4669 fallacia
1870 4618 2052 4670 molli-

474 4699 579 4755 bus
624 4702 923 4756 utcbantur
963 4704 1147 4769 dictis,
1185 4712 1241 4757 ut
1295 4719 1380 4759 me
1434 4704 1742 4761 inescarent
1768 4715 1823 4761 et
1871 4710 1940 4762 ab
1963 4711 2054 4763 illa

474 4805 597 4843 cum
634 4790 739 4847 Deo
787 4794 1024 4851 statione
1072 4797 1467 4855 deturbarent:
1520 4814 1688 4868 quare
1732 4800 2055 4857 benedicere

476 4880 801 4937 videbantur
831 4885 884 4937 in
924 4885 1079 4949 facie,
1128 4905 1322 4959 ineque
1354 4890 1576 4945 laudare
1623 4900 1675 4945 et
1705 4892 2009 4961 approbare
2037 4912 2052 4959 ;

475 4973 571 5027 sed
603 4989 757 5029 mens
785 4992 974 5031 eorum
1017 4980 1164 5035 intus
1195 4982 1675 5038 maledictionibus
1723 4985 2051 5054 replebatur,

474 5064 633 5134 queis
662 5081 747 5120 tne
782 5066 990 5122 honore
1035 5070 1309 5140 depellere
1351 5081 1406 5128 et
1454 5074 1508 5127 in
1538 5074 1885 5129 maledictum
1918 5076 2055 5147 deji-

473 5172 599 5210 cere
627 5160 967 5229 satagebant.
1003 5160 1097 5217 llis
1131 5172 1311 5218 autem
1344 5164 1626 5230 docemur,
1656 5176 1925 5239 quotquot
1961 5170 2051 5223 Dei

477 5250 789 5307 hominibus
822 5253 1170 5318 insidiantur,
1208 5257 1341 5310 nihil
1375 5258 1521 5310 aliud
1554 5275 1770 5326 curare,
1800 5279 1965 5332 quam
1995 5272 2054 5318 ut

477 5342 625 5413 ipsus
658 5358 744 5408 eo,
777 5344 870 5416 qui
901 5346 1045 5416 apud
1082 5345 1249 5402 Deum
1277 5357 1382 5413 est,
1415 5349 1623 5407 honore
1651 5365 1874 5409 exuant.

546 5595 712 5652 Vsus.
747 5597 882 5652 6~9.
946 5618 965 5649 ι
998 5597 1387 5658 Verumtamen
1446 5602 1556 5659 Deo
1611 5607 1857 5677 subjecta
1907 5618 2047 5679 esto,

473 5690 654 5743 anima
691 5704 831 5752 mea,
868 5691 1127 5759 quoniam
1160 5692 1228 5747 ab
1265 5694 1384 5765 ipso
1428 5697 1689 5768 patientia
1725 5714 1864 5754 mea.
1915 5700 2047 5757 Nam

476 5780 591 5849 ipse
618 5779 757 5838 Deus
787 5799 937 5839 meus
970 5793 1021 5841 et
1056 5782 1307 5841 Salvator
1329 5806 1481 5847 meus
1508 5812 1521 5847 :
1548 5802 1834 5864 susceptor
1897 5814 2049 5855 meus

2158 4614 2329 4683 λέγων
2354 4615 2482 4685 ἐξῆς
2506 4632 2518 4644 ·
2563 4634 2581 4665 ι
2620 4614 2711 4687 Τῷ
2746 4615 2973 4686 στόματι
3005 4615 3182 4669 αὐτῶν
3212 4616 3467 4685 εὐλόγουν
3492 4657 3507 4682 ,
3540 4618 3630 4670 καὶ
3664 4619 3732 4687 τῇ

2158 4703 2355 4776 καρδίᾳ
2383 4703 2562 4758 αὐτῶν
2591 4704 2926 4775 κατηρῶντο.
2969 4724 2987 4755 ι
3034 4704 3374 4767 ’Λπατῶντες
3400 4703 3530 4775 γάρ,
3557 4702 3733 4770 λόγοις

2155 4796 2410 4864 γλυκέσιν
2441 4794 2679 4866 ἐχρῶντο
2708 4794 2845 4866 πρὸς
2874 4795 2933 4847 τὸ
2955 4793 3288 4848 καθελκῦσαί
3324 4812 3390 4865 με
3426 4795 3519 4848 καὶ
3562 4812 3731 4847 κατα-

2156 4888 2336 4942 ϐαλεῖν
2370 4887 2471 4957 τῆς
2505 4886 2656 4959 παρὰ
2676 4886 2755 4958 τῷ
2780 4886 2898 4958 Θεῷ
2931 4887 3171 4951 στάσεως
3191 4905 3203 4917 ·
3241 4888 3321 4942 διὸ
3354 4888 3594 4956 εὐλογεῖν
3615 4886 3731 4940 £66-

2156 4997 2283 5034 κουν
2325 4980 2417 5033 καὶ
2439 4981 2680 5033 ἐπαινεῖν
2705 4980 2905 5051 με,καὶ
2934 4979 3293 5051 ἀποδέχεσθαι
3319 4982 3399 5044 είς
3420 4980 3731 5051 πρόσωπον·

2153 5069 2221 5124 τὰ
2246 5069 2303 5124 δέ
2323 5071 2422 5142 τῆς
2454 5070 2693 5134 διανοίας
2714 5070 2895 5125 αὐτῶν
2919 5070 3247 5143 πεπλήρωτο
3275 5072 3552 5143 καταρῶν,
3569 5070 3636 5125 δι’
3660 5066 3738 5125 ὧν

2154 5160 2253 5232 τὴν
2277 5160 2443 5230 τιμήν
2474 5177 2574 5230 μου
2604 5159 2993 5215 ἐϐουλεύσαντο
3015 5160 3359 5225 ἀπώσασθαι,
3382 5162 3476 5214 καὶ
3518 5160 3733 5233 κατάρᾳ

2157 5268 2222 5321 με
2268 5251 2583 5308 ὑποϐαλεῖν.
2625 5252 2999 5323 Διδασκόμεθα
3045 5254 3100 5306 δὲ
3158 5254 3246 5307 διὰ
3276 5253 3481 5307 τούτων
3532 5255 3617 5307 ὅτι
3669 5253 3733 5326 δὴ

2153 5345 2351 5408 πάντες
2371 5344 2420 5397 οἱ
2460 5348 2573 5409 τοῖς
2611 5344 2704 5398 τοῦ
2753 5345 2888 5397 Θεοῦ
2928 5344 3238 5416 ἀνθρώποις
3294 5344 3731 5408 ἐπιϐουλεύοντες

2152 5434 2303 5487 οὐδὲν
2325 5434 2510 5505 ἓτερον
2543 5433 2937 5500 σπουδάζουσιν
2965 5436 2999 5505 ἢ
3023 5435 3121 5505 τῆς
3149 5435 3299 5507 παρὰ
3324 5434 3401 5505 τῷ
3422 5435 3541 5505 θεῷ
3564 5439 3731 5507 τιμὴς

2155 5524 2435 5593 γυμνῶσαι
2465 5527 2675 5588 αὐτούς.

2233 5635 2249 5667 ι
2292 5616 2437 5687 Πλὴν
2470 5616 2548 5687 τῷ
2582 5617 2698 5687 Θεῷ
2734 5618 3058 5692 ύποτάγηθι,
3086 5622 3119 5691 ἡ
3150 5620 3295 5692 ψυχή
3337 5638 3457 5691 μου,
3486 5622 3567 5674 ὅτι
3602 5621 3732 5690 παρ’

2155 5706 2314 5761 αὑτοῦ
2342 5710 2372 5779 ἡ
2404 5709 2645 5783 ὑπομονὴ
2683 5728 2807 5781 μου.
2857 5713 2967 5765 Καὶ
3006 5712 3114 5783 γὰρ
3156 5712 3317 5776 αὐτὸς
3352 5713 3483 5777 Θεός
3510 5728 3612 5784 μου
3638 5713 3731 5765 καὶ

2158 5802 2344 5872 Σωτήρ
2374 5818 2476 5873 μου
2495 5843 2509 5868 ,
2544 5803 2887 5875 ἀντιλήπτωρ
2904 5821 3029 5875 μου,
3052 5806 3113 5857 οὐ
3140 5804 3214 5877 μὴ
3243 5805 3677 5876 μεταναστεύσω.
3704 5823 3725 5857 ι
