4100 6534
347 4470 374 4554 .l

404 336 511 391 595

1541 345 2044 404 COMMENTARIA
2086 346 2152 403 ΙΝ
2187 348 2527 407 PSALMOS.

3563 351 3665 406 591

417 457 744 530 Ἀρχόμενος
768 462 866 532 μὲν
897 461 1099 532 ἔλεγεν·
1131 483 1147 516 ι
1177 465 1311 537 Οὐχὶ
1332 467 1408 538 τῷ
1437 467 1555 539 Θεῷ
1581 469 1976 544 ὑποταγήσεται

2089 487 2196 527 non
2227 472 2524 544 emigrabo.
2566 491 2584 524 ι
2618 470 2777 527 Initio
2819 470 3039 541 quidem
3079 485 3143 526 ae
3185 470 3230 527 si
3281 471 3461 526 adhuc
3491 471 3667 527 ambi-

399 552 435 619 ή
458 549 613 621 ψυχή
647 570 780 623 μους
817 575 834 606 ι
863 553 1050 630 ὥσπερ
1080 558 1352 624 ὲνδυάζων
1375 559 1474 614 ἔτι·
1500 561 1732 616 ἐνταῦθα
1764 564 1822 617 δὲ
1851 565 1976 644 ἀπο-

2087 571 2238 635 geret
2274 563 2490 618 dicebat
2525 582 2540 618 :
2579 581 2597 614 ‹
2640 561 2834 617 Nonne
2872 561 2982 618 Deo
3025 561 3268 630 subjecta
3321 561 3426 617 erit
3481 561 3664 615 anima

400 646 672 714 φατικῶς,
714 647 1033 718 βεδαιωθεὶς
1069 652 1134 704 ὲκ
1175 651 1283 706 τῶν
1326 653 1653 725 εἰρημένων,
1693 658 1759 727 τῇ
1792 655 1976 710 ἑαυτοῦ

2089 655 2252 710 mea?
2285 675 2303 708 ι
2348 654 2448 711 Hic
2475 669 2625 718 vero,
2655 670 2721 710 ex
2769 654 2839 710 iis
2883 669 3004 724 quae
3046 654 3241 708 anima:
3281 669 3393 710 suae
3426 653 3664 709 revelata

399 735 547 808 ψυχῇ
584 740 897 813 ὲπιθαρσῶν
934 743 1394 816 παρακελεύεται·
1438 746 1518 800 διό
1558 765 1689 820 φησι
1721 750 1855 821 πρὸς
1888 751 1986 805 αύ-

405 829 523 900 τήν·
565 850 584 884 ι
616 832 763 905 Πλὴν
799 834 879 906 τῷ
906 835 1025 907 Θεῷ
1062 837 1384 910 ὑποτάγηθι,
1418 841 1452 912 ὴ
1483 840 1627 914 ψυχή
1665 860 1786 913 μου.
1822 862 1840 895 ι
1875 845 1985 897 Καὶ

399 922 666 996 ἀνωτέρω
712 926 810 997 μὲν
843 926 1014 996 ἔλεγε·
1053 947 1071 978 ι
1109 929 1246 1001 Παρ“
1274 930 1438 984 αὐτοῦ
1480 931 1588 1004 γὰρ
1629 933 1691 988 τὸ
1721 934 1984 1006 σωτήριόν

408 1034 534 1084 μου’
565 1035 585 1069 ι
610 1018 840 1072 ἐνταῦθα
855 1019 932 1074 δέ’
961 1039 979 1071 ι
1007 1021 1128 1074 ’Ότι
1152 1023 1282 1095 παρ’
1301 1024 1463 1078 αὐτοῦ
1490 1026 1523 1095 ἡ
1548 1026 1790 1099 ύπομονή
1815 1045 1936 1098 μου.
1960 1048 1978 1079 ι

408 1108 634 1180 Ὅμοιον
661 1109 704 1164 δ’
739 1108 806 1164 ἂν
831 1110 915 1182 εἴη
954 1110 1112 1166 τοῦτο
1147 1111 1225 1184 τῷ
1260 1115 1512 1186 φήσαντιο
1555 1138 1572 1168 ι
1602 1118 1787 1172 Πάντα
1818 1120 1985 1191 ἰσχύω

404 1203 465 1256 ὲν
503 1200 582 1273 τῷ
619 1203 1003 1274 ἐνδυναμοῦντί
1043 1221 1132 1276 με.
1168 1225 1186 1258 ι
1231 1207 1306 1260 Ού
1334 1207 1443 1281 γὰρ
1471 1212 1602 1280 παρ’
1628 1211 1867 1282 ἐμαυτοῦ
1896 1213 1986 1265 κέ-

406 1309 509 1364 κτη
519 1309 615 1363 μαι
640 1292 739 1363 τὴν
768 1294 943 1364 ἰσχὺν,
969 1294 1109 1348 ἀλλὰ
1141 1295 1293 1369 παρὰ
1317 1297 1412 1351 τοῦ
1447 1299 1868 1371 ὲνδυναμοῦντός
1893 1319 1978 1371 με·

406 1385 500 1437 καὶ
521 1383 776 1451 ἐνταῦθα,
805 1403 824 1437 ι
867 1386 929 1439 Ἦ
953 1387 1198 1460 ὑπομονὴ
1226 1405 1332 1459 μου
1358 1410 1376 1440 ι
1402 1392 1501 1444 οὐκ
1527 1392 1584 1459 ἐξ
1609 1394 1767 1465 ἐμῆς,
1796 1394 1979 1464 φησὶν,

405 1479 607 1550 ἀρετῆς
656 1479 751 1532 καὶ
794 1480 1075 1552 δυνάμεως
1126 1483 1476 1556 συνέστηκεν,
1522 1487 1656 1542 ἀλλὰ
1691 1489 1842 1562 παρὰ
1882 1489 1984 1560 τῆς

311 1645 318 1650 ⁴
406 1571 569 1625 αὑτοῦ
602 1571 840 1646 χάριτος·
878 1593 896 1624 ι
933 1575 1042 1628 Καὶ
1068 1574 1178 1646 γὰρ
1195 1576 1359 1640 αὐτὸς
1381 1577 1514 1642 Θεός
1543 1597 1644 1650 μου
1669 1581 1764 1634 καὶ
1792 1581 1982 1653 Σωτήρ

408 1681 528 1734 μουο
570 1683 587 1715 ι
622 1664 811 1737 διόπερ
834 1666 915 1730 ὡς
947 1665 1080 1730 Θεός
1117 1685 1216 1738 μου
1250 1669 1344 1723 καὶ
1388 1671 1577 1744 Σωτήρ
1616 1689 1714 1743 μου
1755 1675 1982 1750 παρέχει

408 1773 498 1832 μοι
529 1758 628 1828 τὴν
656 1757 956 1831 ὑπομονήν.
984 1757 1097 1814 Εἶτ’
1126 1763 1383 1834 ἀνωτέρω
1416 1765 1514 1836 μὲν
1546 1765 1690 1836 ἔχεις
1711 1767 1793 1832 τὸ,
1826 1787 1844 1819 ι
1873 1771 1982 1826 Καὶ

2088 746 2305 801 fuerant
2345 747 2619 810 ﬁrmatus,
2672 747 2923 802 absolute
2967 761 3032 800 ac
3078 745 3306 800 ﬁdenter
3362 745 3659 816 praecipit:

2087 853 2259 908 quare
2283 839 2364 894 sic
2391 855 2510 895 eam
2543 839 2865 910 alloquitur,
2905 856 2923 888 ι
2967 837 3361 893 Verumtamen
3396 837 3508 893 Deo
3533 837 3665 893 sub-

2082 931 2227 1000 jecta
2251 938 2391 997 esto,
2411 931 2592 984 anima
2615 946 2758 986 mea.
2796 949 2818 982 ι
2854 928 2931 984 Ac
2971 928 3225 999 superius
3251 928 3462 982 dixerat
3490 947 3502 981 :
3532 947 3550 978 ι
3581 926 3665 982 Ab

2085 1021 2206 1091 ipso
2245 1022 2391 1091 enim
2421 1023 2659 1078 salutare
2689 1037 2904 1087 meum;
2947 1042 2966 1074 ι
3007 1021 3095 1076 hic
3145 1035 3294 1083 vero,
3331 1039 3350 1072 ι
3391 1019 3660 1086 Quoniam

2086 1113 2155 1168 ab
2188 1114 2307 1185 ipso
2337 1115 2603 1186 patientia
2631 1130 2772 1170 mea.
2807 1135 2826 1167 ι
2863 1113 3054 1170 Simile
3082 1122 3263 1170 autem
3309 1113 3362 1168 id
3394 1112 3558 1167 fuerit
3578 1111 3662 1166 di-

2085 1215 2175 1262 cto
2216 1208 2530 1279 huiusmodi
2571 1229 2584 1264 :
2623 1228 2642 1261 ι
2690 1207 2887 1264 Omnia
2943 1224 3164 1279 possum
3218 1209 3271 1262 in
3323 1223 3390 1263 eo
3432 1207 3524 1276 qui
3575 1222 3660 1262 me

2085 1299 2362 1356 confortat
2389 1301 2456 1355 ‘7.
2506 1320 2524 1353 ι
2579 1299 2698 1356 Non
2736 1303 2880 1358 enim
2931 1316 2962 1354 a
3016 1301 3224 1371 meipso
3289 1299 3659 1354 fortitudinem

2084 1394 2338 1461 obtineo,
2371 1395 2465 1451 sed
2516 1393 2586 1449 ab
2618 1409 2684 1450 eo
2722 1393 2814 1464 qui
2851 1410 2938 1449 me
2977 1393 3271 1456 confortat,
3307 1402 3361 1448 et
3410 1392 3498 1448 hic
3543 1391 3658 1446 ait:

2089 1505 2107 1537 ι
2145 1487 2404 1557 patientia
2446 1503 2565 1543 mea
2612 1507 2631 1541 ι
2667 1503 2774 1543 non
2799 1503 2866 1542 ex
2895 1488 3094 1543 virtute
3140 1495 3194 1542 et
3231 1494 3498 1556 potestate
3541 1499 3663 1539 mea

2082 1587 2329 1646 constat,
2361 1579 2455 1634 sed
2491 1579 2559 1634 ab
2591 1579 2712 1648 ejus
2753 1579 2929 1650 gratia
2964 1577 3143 1648 prodit
3173 1597 3184 1632 :
3219 1596 3236 1627 ι
3276 1575 3410 1631 Nam
3442 1584 3495 1630 et
3547 1575 3664 1644 ipse

2086 1668 2228 1727 Deus
2286 1686 2442 1726 meus
2501 1678 2556 1726 et
2615 1670 2868 1725 Salvator
2929 1685 3118 1736 meus;
3163 1689 3180 1722 ι
3236 1676 3570 1739 quapmpter
3605 1677 3664 1719 ut

2087 1758 2230 1816 Deus
2261 1776 2413 1816 meus
2443 1769 2500 1816 et
2529 1761 2782 1818 Salvator
2811 1777 2965 1817 meus
2998 1760 3313 1830 patientiam
3357 1759 3490 1813 mihi
3534 1775 3666 1828 sup-

403 1848 513 1921 γὰρ
534 1849 696 1914 αὐτὸς
714 1849 847 1916 Θεός
875 1869 977 1923 μου
1005 1854 1098 1906 καὶ
1125 1855 1315 1927 Σωτήρ
1337 1873 1460 1927 μου,
1487 1858 1834 1930 ἁντιλήπτωρ
1857 1878 1976 1932 μου,

2083 1850 2308 1922 peditat.
2345 1849 2694 1923 Rursumque
2739 1853 2992 1922 superius
3051 1853 3183 1908 illud
3219 1852 3388 1908 habes
3416 1891 3431 1915 ,
3473 1869 3490 1902 ι
3527 1849 3664 1904 Nam

400 1940 464 1993 ού
501 1939 575 2012 μὴ
611 1943 1050 2012 μεταναστεύσω·
1087 1965 1104 1997 ι
1139 1947 1174 2018 ἢ
1211 1948 1353 2001 κατὰ
1390 1947 1482 2003 τὸν
1523 1951 1754 2005 Ἀκύλαν
1777 1954 1984 2008 καὶτὸν

400 2031 715 2104 Σύμμαχον,
741 2054 758 2086 ι
794 2036 853 2088 ού
885 2036 1250 2109 σφαλήσομαι.
1278 2059 1296 2092 ι
1333 2040 1509 2113 Πολλὴ
1541 2042 1598 2095 δὲ
1631 2042 1860 2116 διαφορὰ
1891 2045 1982 2099 τοῦ

341 2138 356 2144 ·’
400 2126 725 2196 φάσκοντος,
756 2145 773 2178 ι
799 2129 861 2182 οὐ
891 2129 970 2204 μὴ
987 2130 1230 2185 σαλευθῶ
1255 2134 1346 2187 ἐπὶ
1370 2135 1570 2202 πλεῖον,
1603 2156 1621 2188 ι
1656 2137 1865 2191 καὶτοῦ
1894 2138 1982 2191 λέ·

399 2233 612 2285 γοντος,
647 2239 664 2271 ι
692 2220 753 2274 ού
783 2221 1151 2294 σφαλήσομαι,
1175 2245 1193 2277 ι
1219 2227 1331 2290 καὶ,
1357 2245 1375 2277 ι
1399 2227 1458 2280 ού
1490 2227 1925 2298 μεταναστεύσω.
1958 2249 1975 2282 ι

397 2308 474 2361 Τὸ
519 2310 618 2380 μὲν
662 2309 771 2382 γὰρ
813 2311 1003 2383 ἐδήλου
1051 2315 1374 2370 σαλεύεσθαι
1427 2319 1549 2390 μὲν,
1596 2319 1711 2373 ἀλλ’
1742 2321 1841 2374 ούκ
1890 2321 1977 2374 ἐπὶ

403 2400 603 2456 πλεῖον
628 2402 863 2458 ἐνταῦθα
891 2405 947 2457 δὲ
980 2405 1210 2478 ἄρνησίς
1243 2410 1358 2463 ἐστι
1395 2410 1663 2483 παντελὴς
1691 2411 1786 2465 τοῦ
1823 2413 1980 2467 πταί-

403 2509 628 2562 σματος.
664 2512 681 2545 ι
726 2494 848 2547 Ἐπὶ
875 2495 952 2566 τῷ
975 2496 1092 2568 Θεῷ
1127 2498 1189 2552 τὸ
1217 2501 1483 2572 σωτήριόν
1516 2520 1617 2573 μου
1657 2503 1751 2556 καὶ
1788 2503 1821 2574 ὴ
1853 2503 1978 2570 δόξα

403 2599 526 2652 μου,
563 2583 695 2648 Θεὸς
712 2585 810 2654 τῆς
841 2586 1091 2657 βοηθείας
1122 2607 1244 2660 μου,
1277 2592 1370 2646 καὶ
1405 2593 1436 2663 ἡ
1464 2591 1618 2660 ἐλπίς
1654 2612 1754 2666 μου
1789 2595 1880 2650 ἐπὶ
1900 2594 1979 2667 τῷ

399 2675 537 2746 Θεῷ.
572 2695 589 2729 ι
644 2677 752 2731 Καὶ
799 2680 1029 2734 ἐνταῦθα
1065 2683 1126 2736 τὸ
1164 2701 1183 2735 ι
1223 2686 1496 2758 Σωτήριον
1535 2706 1554 2738 ι
1592 2689 1621 2741 ό
1666 2689 1871 2760 Ἰησοῦς
1910 2693 1976 2763 τῇ

410 2768 668 2841 Ἐϐραῖκῇ
704 2774 852 2843 φωνῇ
877 2771 1211 2844 ὠνόμασται,
1242 2777 1335 2830 καὶ
1365 2781 1478 2843 τοῖς
1506 2782 1848 2854 χαρακτῆρσι
1865 2786 1979 2848 τοῖς

397 2861 582 2925 αὐτοῖς
625 2862 1017 2934 ἐγγέγραπται.
1069 2867 1280 2942 Ὠσπερ
1320 2869 1376 2924 δὲ
1421 2874 1450 2926 6
1479 2873 1620 2942 θεῖος
1658 2877 1978 2941 Ἀπόστολος

396 2951 526 3024 περὶ
561 2951 658 3005 τοῦ
692 2955 946 3028 Σωτῆρος
979 2958 1136 3028 ἡμῶν
1178 2959 1354 3030 λέγων
1401 2963 1630 3038 ἔγραφε·
1668 2986 1688 3019 ‹
1727 2968 1976 3022 Δικαιού-

400 3060 552 3112 μενοι
576 3045 786 3117 δωρεὰν
812 3050 879 3119 τῇ
904 3049 1069 3102 αὑτοῦ
1099 3051 1281 3124 χάριτι
1304 3053 1392 3108 διὰ
1422 3057 1522 3127 τῆς
1548 3058 1978 3134 ἀπολυτρώσεως

393 3135 494 3228 τῆς
523 3136 582 3228 ὲν
604 3137 823 3209 Χριστῷ
858 3139 1052 3211 Ἰησοῦ⁸
1079 3142 1140 3196 δν
1163 3145 1424 3216 προέθετο
1453 3150 1481 3202 6
1508 3148 1641 3215 Θεὸς
1669 3151 1978 3228 ἱλαστήριον

394 3225 482 3279 διὰ
509 3226 742 3294 πίστεως
775 3231 834 3285 ὲν
865 3231 942 3302 τῷ
974 3232 1140 3288 αύτοῦ
1167 3236 1378 3307 αἵματιο
1418 3257 1437 3291 ι
1465 3242 1561 3294 καὶ
1584 3241 1765 3298 πάλιν
1795 3264 1812 3296 ι
1845 3225 1978 3302 γἘάν

392 3333 479 3380 τις
512 3318 758 3394 ἁμάρτῃ,
793 3322 1140 3396 παράκλητον
1168 3325 1365 3399 ἔχομεν
1395 3330 1530 3403 πρὸς
1558 3331 1650 3385 τὸν
1682 3332 1833 3400 Θεὸν,
1873 3336 1977 3408 ’1η-

396 3408 523 3462 σοῦν
557 3411 792 3482 Χριστὸν
822 3414 1050 3470 δίκαιονο
1087 3417 1179 3470 καὶ
1210 3419 1370 3485 αύτός
1396 3421 1543 3475 ἐστιν
1582 3421 1806 3495 ἱλασμὸς
1838 3425 1978 3498 ὑπὲρ

392 3499 502 3556 τῶν
522 3503 805 3576 ἁμαρτιῶν
828 3507 1001 3578 ἡμῶν*
1037 3527 1056 3561 ι
1088 3509 1178 3564 τὸν
1209 3511 1371 3565 αὐτὸν
1396 3513 1598 3584 τρόπον
1630 3515 1724 3569 καὶ
1747 3516 1976 3570 ἐνταῦθα

391 3591 660 3648 λέλεκται·
712 3597 834 3650 Ἐπὶ
871 3598 949 3670 τῷ
996 3599 1116 3673 Θεῷ
1164 3601 1226 3655 τὸ
1255 3604 1522 3675 σωτήριόν
1555 3622 1657 3676 μου
1681 3608 1824 3679 καὶὴ
1851 3607 1976 3675 δόξα

396 3702 523 3755 μου,
556 3687 650 3740 καὶ
675 3689 708 3759 ἡ
745 3687 968 3760 βοήθειά
1001 3709 1103 3764 μου
1132 3693 1225 3747 καὶ
1255 3696 1288 3765 ή
1313 3694 1468 3759 ὲλπίς
1496 3714 1620 3767 μου.
1666 3698 1755 3763 Ὠς
1783 3700 1831 3752 εἰ
1859 3699 1978 3752 λευ-

393 3779 618 3852 κότερον
649 3781 711 3834 τὸ
750 3784 1149 3857 σημαινόμενον
1179 3787 1288 3842 ἀπὸ
1319 3789 1420 3859 τῆς
1460 3790 1756 3863 Ἐδραῖκῆς
1794 3793 1976 3863 φωνῆς

390 3873 598 3928 τέθειτο
630 3875 688 3927 ἐν
716 3878 781 3947 τῇ
817 3877 1102 3949 ἑρμηνεία,
1132 3877 1306 3945 οὕτως
1340 3880 1407 3935 ἂν
1437 3885 1731 3954 περιεῖχενο
1771 3883 1976 3955 Ἰησοῦς

389 3965 451 4017 τὸ
491 3966 756 4038 σωτήριόν
803 3985 902 4038 μου
939 3969 996 4022 ἐν
1026 3968 1104 4040 τῷ
1134 3969 1252 4043 Θεῷ
1288 3973 1593 4043 τυγχάνων,
1631 3974 1727 4028 καὶ
1770 3978 1827 4030 ὲν
1864 3978 1976 4040 τοῖς

388 4057 612 4122 κόλποις
643 4058 740 4111 τοῦ
770 4059 1003 4132 Πατρὸς,
1052 4061 1212 4127 αὐτός
1245 4064 1394 4118 ἐστιν
1440 4067 1473 4136 ἡ
1514 4065 1644 4132 δόξα
1683 4084 1791 4138 μου.
1824 4069 1918 4122 καὶ
1949 4069 1978 4122 6

389 4148 567 4219 φύλαξ
598 4168 722 4221 μου,
747 4152 842 4205 καὶ
866 4154 894 4206 6
919 4153 1049 4217 Θεὸς
1075 4154 1177 4224 τῆς
1209 4155 1458 4227 βοηθείας
1495 4170 1617 4228 μου,
1650 4160 1744 4212 καὶ
1765 4161 1797 4230 ή
1822 4159 1976 4225 ἐλπίς

392 4258 497 4312 μου
526 4243 559 4312 ή
595 4243 653 4296 ὲν
686 4243 764 4314 τῷ
799 4243 934 4316 Θεῷ.
967 4245 1155 4300 Ταῦτα
1187 4246 1296 4320 γὰρ
1322 4248 1500 4302 πάντα
1527 4251 1556 4303 6
1582 4249 1676 4303 τοῦ
1703 4249 1840 4305 Θεοῦ
1875 4251 1976 4304 Λό-

387 4349 486 4401 γος
511 4335 628 4387 ἐστὶ
667 4339 780 4400 τοῖς
817 4337 896 4400 εἰς
929 4338 1091 4392 αὐτὸν
1131 4338 1428 4404 ἐλπίζουσι.
1470 4341 1563 4395 Διὸ
1595 4345 1689 4397 καὶ
1721 4345 1862 4399 κατὰ
1885 4345 1975 4398 τὸν

401 4425 634 4481 Ἀκύλαν
666 4426 899 4499 εἴρηται·
932 4447 949 4480 ι
994 4431 1117 4484 Ἐπὶ
1141 4430 1261 4504 Θεῷ
1292 4435 1559 4506 σωτήριόν
1594 4453 1697 4506 μου
1731 4437 1825 4490 καὶ
1847 4435 1973 4504 δόξα

2004 3183 2046 3242 C

2084 1951 2139 1998 et
2184 1943 2302 2016 ipse
2331 1943 2476 2002 Deus
2521 1962 2676 2002 meus
2731 1955 2787 2002 et
2849 1945 3104 2002 Salvator
3153 1962 3330 2011 meus,
3377 1951 3666 2014 susceptor

2084 2051 2262 2104 meus,
2293 2051 2402 2092 non
2430 2038 2711 2110 emigrabo
2737 2057 2751 2105 ;
2781 2058 2799 2091 ι
2823 2040 2964 2102 sive,
2997 2038 3296 2094 secundum
3329 2037 3576 2108 Aquilam
3609 2043 3664 2090 et

2087 2128 2494 2202 Symmachum,
2548 2150 2566 2183 ι
2604 2148 2710 2187 non
2765 2131 2940 2186 fallar.
2975 2151 2993 2182 ι
3035 2131 3265 2185 Multum
3291 2131 3520 2185 interest
3547 2127 3662 2182 dis-

2082 2221 2332 2277 criminis
2382 2222 2523 2277 inter
2573 2221 2728 2288 illud,
2788 2243 2805 2274 ι
2845 2237 2953 2278 non
3004 2222 3265 2276 movebor
3329 2220 3590 2289 amplius,
3627 2236 3647 2269 ι

2081 2321 2136 2369 et
2177 2314 2333 2381 illud,
2388 2332 2406 2366 ι
2440 2330 2551 2370 non
2583 2313 2761 2380 fallar,
2794 2335 2812 2366 ι
2841 2323 2894 2368 et
2922 2333 2940 2364 ι
2982 2329 3092 2369 non
3127 2313 3429 2384 emigraho.
3468 2332 3486 2364 ι
3521 2309 3661 2365 Nam

2081 2401 2215 2456 illud
2256 2402 2475 2474 quidem
2513 2403 2794 2457 indicabat
2843 2404 3048 2458 moveri
3081 2403 3302 2474 quidem
3333 2401 3535 2472 ipsum,
3567 2402 3664 2458 sed

2081 2509 2190 2548 non
2231 2495 2492 2562 multum;
2547 2504 2604 2550 at
2643 2494 2736 2549 hic
2765 2494 3014 2564 cujusvis
3061 2494 3249 2564 lapsus
3298 2491 3519 2564 negat-io
3552 2496 3660 2546 est.

2086 2608 2104 2640 ι
2139 2587 2194 2642 In
2227 2587 2338 2644 Deo
2366 2588 2607 2645 salutare
2649 2602 2830 2643 meum
2865 2596 2920 2642 et
2951 2586 3123 2658 gloria
3150 2602 3291 2653 mea,
3325 2584 3468 2640 Deus
3507 2583 3664 2638 auxi-

2081 2680 2139 2734 lii
2167 2681 2296 2744 mei,
2326 2688 2381 2737 et
2415 2693 2544 2750 spes
2571 2693 2690 2734 mea
2722 2679 2776 2733 in
2805 2679 2914 2734 Deo
2936 2686 3040 2735 est.
3077 2698 3096 2730 ι
3133 2677 3233 2732 Hic
3269 2671 3487 2748 quoque
3523 2695 3541 2729 ι
3575 2692 3664 2732 sa-

2080 2772 2255 2828 lutare
2293 2789 2314 2822 ι
2353 2769 2621 2828 Hebraica
2649 2770 2834 2842 lingua
2871 2768 3033 2826 Jesus
3078 2770 3280 2832 dictus,
3326 2781 3490 2838 atque
3529 2769 3662 2838 ipsis

2080 2862 2490 2920 characteribus
2511 2863 2822 2933 descriptus
2845 2871 2951 2917 est.
2982 2860 3452 2928 Quemadmodum
3479 2867 3662 2915 autem

2079 2955 2298 3012 divinus
2341 2955 2643 3027 Apostolus
2675 2956 2745 3012 de
2791 2954 3077 3010 Salvatore
3108 2962 3306 3014 nostro
3359 2955 3475 3009 haec
3523 2953 3664 3008 scri-

2079 3046 2189 3118 psit
2227 3065 2241 3101 :
2280 3065 2299 3098 ι
2336 3044 2627 3103 Justitieati
2681 3047 2854 3118 gratis
2908 3061 3006 3117 per
3049 3047 3280 3118 gratiam
3329 3045 3524 3117 ipsius,
3569 3061 3655 3115 per

2081 3137 2506 3210 redemptionem
2540 3153 2662 3210 qua:
2686 3147 2772 3194 est
2807 3139 2860 3194 in
2888 3139 3110 3195 Christo
3131 3139 3263 3196 J‘esu
3293 3159 3315 3197 ι,
3341 3152 3503 3209 quem
3538 3152 3664 3208 pro-

2081 3230 2264 3300 posuit
2302 3228 2445 3285 Deus
2479 3230 2920 3301 pr0pitiationem
2955 3247 3049 3302 per
3096 3231 3256 3288 ﬁdem
3301 3231 3357 3286 in
3398 3230 3666 3301 sanguine

2081 3323 2254 3394 ipsius
2287 3322 2353 3390 “;
2393 3341 2411 3374 ι
2448 3336 2512 3379 ac
2557 3338 2776 3380 rursum
2811 3342 2823 3378 :
2863 3343 2881 3375 ι
2922 3323 2980 3378 Si
3013 3323 3140 3396 quis
3185 3322 3516 3396 peccaverit,
3567 3321 3664 3376 ad-

2079 3423 2332 3471 vocatum
2367 3415 2634 3473 habemus
2683 3417 2828 3488 apud
2879 3415 3070 3483 Deum,
3136 3415 3325 3473 Jesum
3381 3416 3662 3473 Christum

2073 3507 2308 3577 justum,
2363 3516 2415 3565 et
2464 3510 2582 3580 ipse
2630 3518 2715 3566 est
2761 3509 3079 3582 pr0pitiatio
3125 3525 3223 3582 pro
3265 3509 3510 3581 peccatis
3559 3523 3663 3563 no-

2078 3599 2206 3654 stris
2235 3598 2303 3665 ",
2347 3617 2365 3652 ι
2398 3599 2480 3654 sic
2509 3608 2564 3656 et
2595 3600 2702 3656 hoc
2747 3601 2868 3655 loco
2917 3601 3142 3668 dicitur,
3186 3599 3245 3654 ln
3287 3598 3398 3656 Deo
3423 3599 3665 3654 salutare

2077 3706 2259 3749 meum
2302 3701 2358 3748 et
2396 3691 2570 3764 gloria
2617 3707 2757 3757 mea,
2806 3699 2860 3748 et
2905 3692 3169 3746 auxilium
3225 3705 3405 3745 meum
3451 3700 3504 3746 et
3539 3705 3662 3759 spes

2077 3797 2218 3838 mea.
2278 3782 2358 3837 Ita
2401 3792 2459 3837 ut
2490 3782 2538 3838 si
2578 3781 2858 3838 Hebraica:
2875 3784 3024 3838 vocis
3057 3782 3427 3853 signiﬁcatum
3457 3782 3662 3837 clarius

2078 3875 2134 3930 in
2183 3875 2631 3945 interpretatione
2684 3875 2923 3946 positum
2977 3875 3192 3939 fuisset,
3251 3875 3332 3930 sic
3386 3873 3658 3929 haberet:

2075 3964 2235 4022 Jesus
2269 3966 2510 4023 salutare
2541 3981 2723 4022 meum
2748 3965 2804 4021 in
2850 3964 2962 4021 Deo
2997 3965 3290 4030 exsistens,
3333 3971 3387 4020 et
3431 3964 3484 4018 in
3535 3963 3659 4018 sinu

2077 4059 2278 4124 Patris.
2323 4061 2448 4132 ipse
2470 4070 2556 4117 est
2589 4061 2761 4132 gloria
2811 4075 2952 4124 mea,
2997 4070 3184 4116 custos
3227 4075 3402 4121 meus,
3433 4068 3486 4112 et
3520 4057 3660 4112 Deus

2077 4155 2264 4210 auxilii
2295 4155 2402 4211 mei
2437 4164 2493 4210 et
2523 4169 2655 4226 spes
2694 4167 2837 4218 mea,
2869 4167 2992 4223 quae
3021 4153 3075 4206 in
3120 4151 3232 4206 Deo
3264 4161 3365 4206 est.
3398 4148 3533 4204 Nam
3564 4147 3662 4205 Dei

2079 4244 2313 4300 Verbum
2343 4244 2540 4300 horum
2573 4244 2822 4300 omnium
2851 4245 2975 4300 loco
2996 4251 3078 4299 est
3108 4241 3460 4312 sperantibus
3493 4242 3546 4295 in
3577 4256 3658 4296 se.

2077 4336 2258 4404 Quare
2278 4345 2333 4393 et
2369 4337 2672 4394 secundum
2701 4335 2952 4408 Aquilam
2985 4337 3190 4392 dictum
3225 4342 3310 4391 est
3343 4355 3356 4391 :
3395 4355 3414 4387 ‹
3457 4333 3514 4389 ln
3549 4334 3662 4390 Deo

2078 4429 2318 4485 salutare
2359 4444 2563 4493 meum,
2597 4435 2652 4484 et
2691 4427 2866 4499 gloria
2908 4443 3049 4492 mea,
3096 4428 3286 4482 ﬁrmus
3323 4424 3665 4482 fortitudiniz

389 4534 516 4588 μου,
561 4520 780 4591 στερεὸς
818 4521 1051 4592 κράτους
1095 4540 1220 4592 μου,
1261 4523 1417 4588 ἐλπίς
1459 4543 1562 4596 μου
1589 4528 1648 4581 ὲν
1677 4526 1816 4599 Θεῷ.
1856 4527 1972 4581 Ἐλ-

2079 4537 2231 4587 meae,
2263 4538 2390 4594 spes
2418 4537 2538 4577 mea
2571 4521 2626 4576 in
2664 4519 2794 4576 Deo.
2832 4522 3059 4592 Sperate
3098 4521 3151 4573 in
3181 4535 3246 4574 eo
3275 4519 3454 4572 omnis
3496 4533 3661 4589 syna-

387 4605 585 4660 πίσατε
642 4611 728 4662 ἐπ’
768 4611 950 4677 αὐτὸν,
1015 4613 1163 4666 πᾶσα
1199 4615 1489 4688 συναγωγὴ
1537 4616 1707 4672 λαῶνι
1746 4619 1973 4689 ὲκχέατε

386 4699 620 4752 ἐνώπιον
665 4702 829 4756 αὐτοῦ
870 4703 968 4766 τὰς
1011 4705 1239 4775 καρδίας
1282 4708 1456 4778 ὑμῶν.
1514 4709 1573 4763 '0
1611 4709 1744 4774 Θεὸς
1779 4710 1973 4783 βοηθὸς

387 4792 567 4861 ἡμῶν.
625 4794 933 4865 Διάψαλμα.
987 4817 1006 4848 ι
1066 4801 1461 4872 Μνημονεύσας
1519 4803 1612 4858 τοῦ
1673 4805 1970 4877 Σωτηρίου,

386 4885 644 4950 συνεῖδεν,
697 4887 779 4940 ὅτι.
827 4889 887 4942 οὐ
939 4890 1098 4962 μόνον
1142 4893 1309 4946 αὐτοῦ
1354 4894 1750 4966 θεραπευτικὸν
1795 4898 1966 4963 ἔσται,

385 4977 565 5042 κοινὸν
599 4979 657 5032 δὲ
687 4981 978 5053 γενήσεται
1017 4985 1250 5054 ἀγαθόν’
1291 4989 1371 5042 διὸ
1414 4991 1503 5042 ἐπ’
1544 4991 1674 5044 αὐτὸ
1709 4990 1970 5060 συγκαλεί

380 5071 509 5134 τοὺς
537 5071 763 5136 πάντας,
789 5072 1073 5142 φιλαυτίαν
1099 5079 1195 5148 μὲν
1217 5079 1636 5150 ἐκτρεπόμενος,
1668 5081 1968 5154 φιλανθρω-

385 5159 515 5215 πίαν
550 5160 606 5214 δὲ
636 5162 729 5214 καὶ⁷
763 5163 861 5235 τὴν
895 5165 1032 5237 πρὸς
1064 5169 1192 5232 τοὺς
1230 5169 1403 5233 πέλας
1439 5170 1661 5242 ἀγάπην
1692 5170 1964 5225 ἐνδεικνύ-

384 5271 566 5325 μενος.
607 5255 1004 5326 Προσκαλεῖται
1033 5260 1212 5314 τοίνυν
1240 5261 1313 5326 ὼς
1341 5263 1434 5317 ἐπὶ
1467 5264 1733 5335 σωτήριον
1770 5264 1964 5336 λιμένα

378 5345 628 5414 φάσκων·
682 5366 700 5398 ι
751 5348 1034 5403 Ἐλπίσατε
1085 5352 1172 5404 ἐπ’
1233 5353 1417 5418 αὐτὸν,
1479 5355 1628 5409 πᾶσα
1674 5356 1964 5429 συναγωγὴ

377 5435 548 5489 λαῶν’
584 5455 603 5488 ι
641 5437 674 5508 ἢ
710 5439 848 5492 κατὰ
874 5440 966 5494 τὸν
1005 5442 1256 5510 Ἀκύλαν,
1285 5462 1304 5496 ‹
1347 5446 1710 5518 Ἀμεριμνᾶτε
1738 5447 1797 5500 ὲν
1817 5447 1965 5519 αύτῷ

376 5530 435 5580 ἐν
475 5529 639 5582 ’παντὶ¹
670 5531 866 5602 καιρῷ,
896 5532 1043 5597 λαός.
1080 5554 1098 5585 ι
1140 5536 1583 5608 ’Λμεριμνῷντας
1611 5539 1667 5592 δὲ
1715 5541 1773 5592 ὲν
1816 5540 1964 5612 αύτῷ

378 5621 472 5674 καὶ
520 5620 858 5689 ἐλπίζοντας,
910 5625 1172 5692 ὲξαπλοῦν
1209 5630 1474 5701 προσήκει
1508 5632 1634 5695 τοὺς
1671 5632 1964 5702 λογισμοὺς

2072 4628 2208 4686 goga
2256 4613 2580 4683 populorum
2630 4631 2642 4666 :
2687 4610 2948 4667 ell'undite
3002 4625 3189 4664 coram
3230 4609 3324 4662 illo
3357 4607 3524 4663 corda
3569 4623 3663 4664 vc-

2074 4713 2210 4761 stra.
2240 4702 2385 4759 Deus
2424 4702 2645 4772 adjutor
2677 4709 2886 4759 noster.
2915 4699 3249 4770 Diapsalma.
3301 4716 3320 4751 ι
3360 4698 3659 4770 Postquam

2075 4796 2318 4851 salutare
2350 4795 2694 4857 memoravit,
2736 4793 2958 4866 agnovit
2986 4807 3096 4847 non
3126 4792 3304 4848 solum
3339 4792 3442 4848 sibi
3475 4791 3662 4848 medeh

2077 4888 2182 4942 lam
2215 4887 2534 4950 allaturum,
2559 4887 2657 4942 sed
2682 4901 2975 4942 commune
2998 4885 3202 4941 bonum
3228 4882 3473 4938 futurum
3498 4899 3655 4940 esse:

2076 4995 2248 5051 quare
2287 4979 2354 5034 ad
2405 4979 2583 5049 ipsum
2623 4993 2816 5034 omnes
2853 4984 3081 5038 evocat,
3132 4991 3437 5046 eversaque
3474 4992 3660 5031 amore

2076 5072 2318 5143 proprio,
2353 5073 2748 5128 humanitatem
2783 5079 2837 5126 et
2885 5070 3259 5140 proximorum
3306 5069 3653 5124 dilectionem

2073 5165 2312 5219 exhibet.
2346 5162 2523 5230 Quasi
2564 5178 2697 5236 ergo
2725 5163 2794 5218 ad
2840 5163 3132 5218 salutarem
3194 5170 3412 5233 portum
3465 5161 3647 5216 invitat

2072 5256 2160 5312 his
2189 5257 2372 5312 verbis
2407 5276 2421 5312 :
2458 5276 2476 5309 ι
2500 5254 2728 5329 Sperate
2760 5255 2815 5310 in
2846 5271 2932 5314 eo.
2964 5255 3143 5310 omnis
3170 5256 3518 5326 congregatio
3553 5269 3639 5324 ρος

2074 5349 2348 5419 pulorum,
2385 5369 2405 5402 ι
2437 5350 2571 5416 sive,
2590 5349 2890 5405 secundum
2915 5347 3190 5418 Aquilam.
3225 5365 3244 5398 ‹
3276 5346 3480 5402 Securo
3513 5347 3649 5416 agite

2073 5444 2128 5498 in
2169 5445 2314 5515 ipso,
2346 5443 2494 5498 omni
2537 5452 2802 5513 tempore,
2862 5442 3117 5512 populus.
3161 5459 3180 5492 ι
3225 5438 3428 5494 Securc
3493 5452 3655 5508 porro

2070 5547 2295 5610 agentes
2334 5553 2398 5593 ac
2431 5550 2716 5609 sperantes
2748 5537 2802 5592 in
2846 5537 2965 5606 ipso
3016 5552 3112 5607 par
3150 5546 3234 5590 est
3291 5531 3654 5604 cogitationes

2073 5632 2177 5702 ipsi
2209 5633 2444 5705 aperire,
2483 5639 2534 5688 et
2567 5632 2760 5687 anima:
2785 5631 3006 5685 morbos
3040 5639 3296 5698 tanquam
3328 5623 3540 5681 medico
3565 5639 3652 5694 pa-

448 5799 491 5828 “
537 5796 769 5873 Philipp.
807 5817 878 5868 tv,
920 5803 1006 5861 15.
1083 5806 1123 5836 ⁸⁸
1165 5803 1320 5862 Rom.
1360 5823 1444 5875 ιιι,
1474 5808 1664 5865 2-123.
1743 5813 1783 5842 δί’
1817 5809 2009 5866 lloan.
2049 5827 2111 5880 ιι,
2152 5811 2239 5870 li.
