4100 6524
490 330 592 386 595

1170 322 1439 379 EUSEBII
1473 315 1955 375 CASSARIENSIS
1984 313 2135 369 OPP.
2179 313 2361 367 PARS
2399 314 2488 368 111.
2534 343 2600 351 -—
2639 292 3070 363 EXEGETICAX

3620 297 3721 355 596

486 442 743 496 tet‘aeere.
793 439 1158 506 Quamobrem
1196 437 1476 507 subiungit
1518 453 1531 488 :
1574 454 1590 485 ι
1649 431 1922 487 Είῐυιιιιίῑθ
1965 445 2046 484 co-

2157 429 2380 499 καὶτῆς
2416 427 2592 498 ψυχῆς
2625 420 2972 493 ἀπογυμνοῦν
3018 419 3167 489 αύτῷ
3210 419 3399 488 ὥσπερ
3445 414 3613 485 ἰατρῷ
3656 418 3723 468 τά

484 547 599 587 ram
636 533 729 587 illo
758 532 923 587 corda
950 540 1148 586 vestra.
1195 530 1337 585 Deus
1378 529 1593 597 adiutor
1639 535 1843 581 noster.
1886 542 1904 575 ι
1944 522 2053 575 Ad-

480 624 739 689 juturem,
778 622 985 691 inquit,
1039 621 1300 676 habentes
1357 619 1493 683 nihil
1561 616 1900 679 subducatis,
1952 629 2052 669 nec

481 712 761 782 quidpiam
802 713 855 765 in
891 720 1068 767 mente
1102 711 1415 776 occultetis,
1448 709 1541 764 sed
1565 708 1823 779 expansis
1861 707 2054 760 animae

484 803 862 872 receptaculis,
903 802 1254 857 absconditas
1283 801 1357 855 ibi
1387 800 1744 870 cogitationes
1776 799 2009 865 revelate
2034 816 2048 851 :

484 892 718 961 ipsique,
751 902 940 963 utpote
978 894 1071 963 qui
1111 892 1295 947 omnia
1335 908 1529 947 curare
1559 891 1751 962 possit,
1790 904 1885 945 vos
1921 903 2053 943 con-

484 983 711 1039 credite.

560 1180 723 1238 Vens.
774 1182 859 1236 l0.
919 1202 936 1233 ι
980 1181 1369 1237 Verumtamen
1422 1182 1545 1236 vani
1601 1182 1695 1236 ﬁlii
1745 1180 2050 1245 hominum,

483 1273 774 1329 mendaces
803 1273 896 1327 lilii
924 1274 1203 1329 hominum
1233 1273 1287 1327 in
1320 1274 1560 1337 stateris,
1593 1282 1653 1328 ut
1683 1273 1935 1343 iniuriam
1972 1271 2052 1325 l‘a—

483 1365 631 1419 ciant
692 1365 794 1435 ipsi
838 1381 902 1419 ex
944 1368 1185 1420 vanitate
1236 1366 1290 1419 in
1344 1366 1602 1434 idipsum.
1640 1384 1657 1416 ι
1712 1365 1769 1419 In
1843 1379 2049 1418 xxxvm

483 1467 700 1522 quoque
722 1451 1040 1507 dicebatur:
1074 1471 1091 1504 ι
1124 1452 1508 1508 Verumtamen
1539 1455 1791 1510 universa
1818 1455 2049 1518 vanitas,

483 1544 662 1600 omnis
689 1544 850 1599 homo
878 1544 1066 1600 vivens
1095 1546 1174 1610 7°;
1215 1564 1233 1597 ι
1287 1561 1351 1600 ac
1389 1561 1606 1602 rursum
1652 1563 1665 1601 :
1714 1565 1732 1596 ι
1764 1544 2050 1601 Verumta-

483 1650 608 1690 men
657 1649 796 1690 vane
848 1636 1246 1691 conturbantur
1275 1637 1356 1701 71;
1396 1656 1414 1688 ι
1447 1645 1500 1691 et
1532 1656 1545 1690 :
1606 1654 1625 1687 ι
1663 1635 2051 1691 Verumtamen

484 1724 539 1778 in
567 1725 800 1795 imagine
829 1726 1127 1796 pertransit
1167 1726 1328 1781 homo
1360 1727 1424 1779 ".
1469 1745 1486 1777 ι
1522 1724 1621 1781 llic
1651 1741 1867 1796 quoque
1900 1726 2051 1780 simi-

483 1818 555 1874 lia
597 1817 855 1872 dicuntur
906 1838 919 1872 :
964 1820 1120 1889 queis
1169 1819 1462 1874 edocemur
1508 1820 1561 1873 in
1607 1834 1717 1874 uno
1761 1817 2049 1874 Servatore

484 1925 633 1979 spem
665 1924 887 1980 ponere,
922 1911 1207 1980 ipsumque
1236 1910 1394 1966 nobis
1423 1909 1725 1980 adjutorem
1751 1910 2049 1974 ascribere,

483 2002 922 2073 quandoquidem
954 2019 1143 2059 omnes
1172 2002 1270 2058 lilii
1308 2002 1611 2066 hominum,
1653 2002 1868 2058 etiamsi
1902 2003 2053 2074 prin-

484 2095 634 2164 cipes
678 2095 968 2150 videantur
1018 2110 1161 2159 esse,
1194 2095 1445 2165 quamvis
1479 2095 1712 2149 multum
1765 2096 1822 2149 in
1851 2094 2052 2149 mundo

482 2185 717 2247 valeant,
752 2184 876 2240 vani
912 2192 1067 2251 sunt;
1114 2184 1248 2251 sive,
1294 2184 1596 2240 secundum
1644 2184 2050 2255 Symmachum,

490 2291 508 2324 ι
551 2290 743 2344 vapor,
783 2295 802 2328 ι
861 2275 1009 2330 brevi
1063 2275 1231 2329 futuri
1273 2293 1291 2325 ι
1329 2283 1585 2346 tanquam
1638 2277 1838 2345 pulvis,
1892 2290 2051 2346 quem

484 2364 701 2433 projicit
738 2374 933 2421 ventus
981 2382 1010 2419 a
1045 2365 1182 2420 facie
1233 2373 1393 2420 terrae
1423 2367 1487 2418 ⁷³.
1531 2385 1550 2418 ι
1603 2364 1741 2421 Hinc
1795 2365 2051 2420 Salomon

483 2455 656 2524 patris
688 2470 787 2509 usu
816 2464 869 2510 et
895 2457 1162 2525 exemplo,
1198 2476 1216 2507 ι
1258 2454 1485 2512 Vanitas
1511 2457 1835 2521 vanitatum,
1870 2458 2051 2512 omnia

481 2542 695 2597 vanitas
720 2542 784 2609 7‘,
817 2562 835 2594 ι
863 2551 915 2599 et
937 2545 1132 2599 similia
1154 2546 1390 2615 scripsit.
1418 2546 1705 2602 Mendaces
1732 2562 1894 2617 porro
1916 2548 2053 2602 duo-

481 2633 586 2689 bus
630 2635 810 2690 modis
860 2644 987 2690 sunt
1020 2635 1113 2690 lilii
1148 2636 1459 2705 hominum;
1499 2639 1675 2693 altero
1702 2639 1828 2709 quia
1862 2639 2050 2708 procul

483 2738 513 2777 a
544 2726 768 2779 veritate
800 2726 1116 2782 aberrantes
1169 2727 1303 2783 falsa
1339 2730 1673 2799 loquuntur;
1707 2730 1879 2785 altero
1925 2731 2051 2800 quia

482 2814 767 2870 fraudibus
822 2816 1230 2887 mendaciisque
1268 2819 1520 2874 credulos
1562 2819 1667 2874 sibi
1712 2818 1768 2874 in
1808 2834 2050 2874 errorem

479 2906 778 2961 deducunt.
806 2906 984 2973 Quare
1008 2908 1210 2962 talibus
1239 2924 1360 2965 sese
1386 2910 1610 2965 credere
1645 2925 1753 2965 non
1787 2910 2003 2981 expedit
2033 2930 2045 2965 :

479 2998 697 3051 mentiri
742 2999 942 3070 quippe
989 3000 1189 3063 solent,
1224 3017 1399 3071 neque
1430 3009 1513 3057 est
1546 3003 1601 3057 in
1637 3002 1772 3072 ipsis
1807 3003 2045 3068 veritas;

478 3085 574 3140 sed
607 3088 768 3142 etiam
802 3096 1015 3143 staterae
1038 3091 1231 3145 anima:
1260 3090 1501 3161 ipsorum
1543 3091 1679 3145 nihil
1713 3092 1944 3161 justum,
1970 3108 2047 3147 ae—

478 3177 696 3246 quabile
729 3178 863 3234 nihil
894 3179 1125 3243 habent;
1154 3181 1247 3235 sed
1272 3196 1395 3235 cum
1422 3182 1529 3236 alio
1554 3182 1906 3248 inclinentur,
1934 3183 2045 3253 juri

477 3266 751 3318 contraria
792 3275 1075 3336 peragunt.
1108 3267 1204 3321 His
1258 3284 1389 3341 ergo
1438 3270 1643 3341 iniquis
1681 3273 1901 3327 stateris
1932 3273 2047 3328 suis

477 3355 772 3410 vanitatem
806 3356 1231 3424 administrant,
1281 3362 1567 3417 veritatem
1609 3362 1837 3433 ejusque
1877 3362 2044 3419 Deum

478 3446 711 3501 aversati
757 3465 769 3501 :
814 3463 982 3518 quare
1012 3465 1120 3509 non
1152 3452 1405 3506 convenit
1434 3468 1492 3507 se
1518 3455 1652 3523 ipsis
1684 3454 2045 3524 concredere;

478 3536 575 3590 sed
625 3551 747 3591 cum
786 3539 985 3605 solum,
1046 3541 1140 3613 qui
1193 3539 1444 3601 Salvator
1473 3543 1697 3611 dicitur,
1745 3546 2046 3616 adjutorem

480 3629 778 3686 ascribere.

551 3736 716 3805 Vens.
753 3744 840 3798 ll.
878 3764 898 3798 ι
933 3744 1113 3803 Nolite
1135 3763 1359 3820 sperare
1390 3750 1447 3807 in
1481 3752 1789 3823 iniquitate,
1825 3763 1879 3811 et
1902 3756 2050 3825 rapi-

475 3847 602 3893 nam
634 3836 803 3893 nolite
834 3840 1225 3911 concupiscere
1251 3859 1267 3909 ;
1297 3841 1502 3899 divitiae
1532 3845 1578 3900 si
1606 3846 1848 3911 atlluant,
1877 3849 2048 3903 nolite

474 3940 572 3980 cor
612 3942 905 3998 apponere.
957 3952 974 3984 ι
1038 3931 1098 3989 In
1150 3951 1361 3991 xxxviii
1424 3952 1642 4007 quoque
1707 3939 1917 4009 psalmo
1967 3939 2051 3995 af-

476 4018 607 4074 linia
643 4020 799 4077 hisce
852 4022 1111 4078 dicuntur
1170 4044 1183 4079 ε
1245 4046 1264 4078 ι
1298 4023 1691 4084 Verumtamen
1731 4044 1867 4084 vane
1913 4045 2048 4085 con--

472 4111 788 4170 turbantur.
853 4115 1255 4183 Thesaurizat,
1300 4124 1355 4173 et
1412 4118 1627 4189 ignorat
1679 4121 1769 4175 cui
1817 4136 2050 4193 congre-

473 4204 621 4275 gabit
651 4207 798 4260 ea".
840 4226 859 4259 ι
894 4206 1031 4280 Quia
1074 4208 1240 4279 igitur
1266 4209 1360 4280 qui
1386 4210 1677 4268 thesauros
1710 4211 1762 4266 in
1782 4220 1929 4268 terra
1960 4228 2047 4268 re-

473 4292 684 4359 condit,
714 4300 769 4349 et
798 4298 1063 4367 pecunias
1096 4298 1296 4354 multas
1330 4300 1561 4371 colligit,
1593 4300 1647 4355 in
1680 4318 1881 4363 vanum
1912 4317 2047 4357 con-

472 4395 691 4455 gregat;
724 4402 900 4457 neque
943 4387 1088 4442 enim
1131 4388 1200 4444 iis
1248 4390 1363 4459 ipse
1394 4406 1621 4461 prorsus
1654 4392 1885 4458 fruetur,
1917 4408 2042 4448 cum

2156 523 2323 592 πάθη.
2356 522 2445 574 Διὸ
2478 520 2748 587 ἐπιλέγει·
2797 536 2814 567 ι
2863 513 3117 584 Ἐκχέατε
3168 509 3397 565 ἐνώπιον
3432 507 3595 561 αὐτοῦ
3628 510 3726 571 τάς

2154 614 2378 685 καρδίας
2424 611 2595 682 ὑμῶν.
2669 609 2725 661 '0
2770 607 2901 670 Θεὸς
2957 604 3147 676 βοηθὸς
3190 601 3370 674 ἡμῶν.
3403 618 3422 652 ›
3472 600 3724 668 Ἔχοντες

2152 700 2279 769 γὰρ,
2321 700 2473 770 φησι,
2504 698 2715 769 βοηθὸν,
2755 696 2916 767 μηδὲν
2960 692 3369 755 ὑποστέλλεσθε,
3408 690 3540 761 μηδέ
3581 707 3631 741 τι
3672 691 3726 741 ἐν

2151 794 2271 854 ταῖς
2300 792 2560 853 διανοίαις
2589 789 2740 859 ὑμῶν
2775 784 3173 857 ὑποκρύπτετε,
3201 781 3640 839 ἀναπετάσαντες
3669 777 3725 829 δὲ

2152 880 2219 933 τά
2243 882 2465 951 ταμιεῖα
2514 879 2612 948 τῆς
2653 877 2848 947 ψυχῆς,
2891 876 3015 939 τοὺς
3049 874 3106 925 ἐν
3138 874 3276 943 αὐτῇ
3317 868 3725 942 κρυπτομένους

2153 970 2441 1041 λογισμοὺς
2470 968 2898 1037 ἁνακαλύπτετε,
2929 967 3004 1030 ὼς
3032 963 3097 1019 ἂν
3131 964 3274 1036 μόνῳ
3299 959 3489 1030 ἀγαθῷ
3512 960 3605 1011 καὶ
3636 957 3724 1010 δυ-

2153 1066 2297 1136 νατῷ
2322 1064 2389 1118 τὰ
2410 1066 2586 1119 πάντα
2616 1062 2796 1117 ἰᾶσθαι
2826 1060 3049 1123 ἑαυτοὺς
3072 1055 3510 1129 ἐμπιστεύοντεςη

2227 1199 2244 1230 ι
2287 1179 2430 1250 Πλὴν
2470 1179 2688 1249 μάταιοι
2718 1176 2767 1229 οἱ
2801 1174 2906 1228 υἱοὶ
2938 1174 3046 1226 τῶν
3076 1168 3396 1241 ἀνθρώπων,
3429 1167 3640 1237 ψευδεῖς
3673 1164 3722 1218 οῖ

2153 1273 2258 1324 υἱοὶ
2296 1271 2403 1324 τῶν
2434 1268 2734 1341 ἀνθρώπων
2772 1270 2829 1320 ἐν
2864 1266 3033 1337 ζυγῷ,
3069 1263 3159 1317 τοῦ
3191 1263 3445 1328 ἀδικῆσαι
3475 1259 3627 1314 αὐτοὶ⁵
3659 1259 3723 1310 ἐκ

2156 1362 2510 1434 ματαιότητος
2543 1362 2633 1413 ἐπὶ
2677 1360 2738 1413 τὸ
2780 1359 2929 1412 αὑτό.
2965 1378 2983 1409 ι
3029 1358 3140 1410 Καὶ
3174 1357 3231 1409 ἐν
3260 1354 3337 1425 τῷ
3373 1354 3453 1424 λη’
3484 1352 3719 1420 ἐλέγετο·

2158 1472 2175 1503 ι
2209 1453 2352 1524 Πλὴν
2380 1453 2447 1505 τὰ
2475 1452 2762 1522 σύμπαντα
2787 1449 3101 1521 ματαιότης,
3121 1449 3227 1510 πᾶς
3246 1445 3527 1516 ἄνθρωπος
3549 1442 3677 1507 ζῶν.
3699 1461 3717 1493 ι

2152 1547 2259 1599 Καὶ
2292 1546 2471 1599 πάλιν·
2513 1564 2529 1595 ι
2556 1544 2700 1614 Πλὴν
2734 1543 2906 1613 μάτην
2930 1540 3308 1611 ταράσσονται·
3334 1557 3351 1589 ι
3386 1538 3498 1601 καὶ,
3531 1555 3548 1586 ι
3584 1534 3725 1589 Μέν-

2152 1655 2298 1706 τοιγε
2331 1639 2389 1689 ἐν
2422 1636 2589 1689 εἰκόνι
2616 1634 2993 1705 διαπορεύεται
3026 1630 3328 1703 ἄνθρωπος.
3373 1648 3392 1680 ι
3430 1625 3724 1681 Κάνταῦθα

2155 1726 2458 1798 συμφώνως
2504 1725 2731 1785 ἐκείνοις
2773 1722 3017 1775 λέλεκται
3062 1719 3129 1772 τά
3164 1718 3516 1790 προκείμενα·
3551 1716 3618 1769 δι’
3650 1708 3743 1769 ὧν

2152 1816 2516 1888 διδασκόμεθα
2548 1816 2639 1870 ἐπὶ
2671 1816 2828 1887 μόνον
2857 1814 2948 1867 τὸν
2979 1812 3207 1883 Σωτῆρα
3248 1808 3506 1873 ἐλπίζειν,
3534 1808 3724 1862 κάκεῖ-

2155 1929 2243 1964 νον
2278 1910 2469 1982 βοηθὸν
2503 1905 2917 1979 ἐπιγράφεσθαι·
2953 1902 3137 1974 ἐπειδὴ
3173 1902 3369 1963 πάντες
3398 1901 3445 1952 οἱ
3480 1899 3585 1950 υἱοὶ
3619 1896 3724 1949 τῶν

2154 2001 2476 2074 ἀνθρώπων,
2526 2000 2628 2054 κᾶν
2675 1999 2931 2070 ἄρχοντες
2978 1990 3115 2046 εἶναι
3158 1993 3381 2054 δοκοῖεν,
3420 1988 3521 2043 κᾶν
3556 1986 3724 2043 πολλά

2153 2096 2440 2166 δυνάμενοι
2473 2091 2613 2148 κατὰ
2638 2091 2728 2145 τὸν
2766 2090 2900 2160 βίον,
2944 2088 3179 2159 μάταιοι·
3213 2084 3245 2155 ἢ
3279 2083 3421 2136 κατά
3454 2082 3542 2135 τὸν
3577 2082 3723 2151 Σύμ-

2159 2203 2350 2257 μαχον,
2389 2205 2405 2236 ι
2436 2183 2627 2255 ἀτμὸς,
2662 2201 2680 2233 ι
2714 2181 2829 2251 μετ’
2853 2178 3030 2246 ὀλίγον
3062 2178 3306 2246 ἐσόμενοι
3340 2193 3356 2224 ι
3392 2174 3522 2226 ὡσεὶ
3544 2172 3721 2243 χνοῦς,

2153 2280 2211 2333 ὃν
2247 2278 2494 2350 ὲκρίπτει
2535 2275 2732 2344 ἄνεμος
2768 2270 2873 2324 ἀπὸ
2915 2268 3207 2340 προσώπου
3254 2267 3353 2336 τῆς
3385 2266 3505 2335 γῆς.
3540 2282 3559 2315 ι
3610 2265 3723 2317 Ἐνν-

2153 2368 2344 2422 τεῦθεν
2372 2368 2401 2421 ὁ
2435 2362 2683 2433 Σολομὼν
2714 2358 3015 2428 ὠφεληθεὶς
3039 2358 3130 2409 τὸν
3163 2356 3396 2427 πατέρα,
3434 2372 3450 2403 ι
3484 2353 3723 2407 Ματαιό-

2154 2478 2253 2530 της
2289 2457 2683 2533 ματαιοτήτων,
2733 2452 2801 2505 τά
2847 2451 3024 2503 πάντα
3073 2449 3390 2521 ματαιότης,
3430 2465 3447 2498 ι
3491 2448 3581 2499 καὶ
3623 2446 3722 2499 ὅσα

2151 2550 2373 2606 τοιαῦτα
2406 2548 2629 2621 ἔγραφε.
2663 2545 2893 2607 Ψευδεῖς
2918 2543 2974 2597 δέ
3011 2544 3116 2595 είσι
3149 2540 3289 2597 κατά
3311 2541 3402 2593 δύο
3424 2541 3651 2612 τρόπους
3675 2539 3724 2594 οἱ

2152 2643 2258 2694 υἱοὶ
2286 2642 2393 2694 τῶν
2424 2640 2519 2694 ἀνθ
2530 2640 2743 2711 ρώπων·
2767 2636 2889 2690 καθ’
2916 2636 3010 2689 ἕνα
3039 2636 3136 2705 μὲν
3158 2631 3605 2703 ψευδολογοῦντες
3631 2630 3724 2684 καὶ

2157 2734 2374 2807 μακρὰν
2417 2734 2516 2803 τῆς
2558 2731 2811 2804 ἀληθείας
2858 2728 3278 2801 ἀπερριμμένοι·
3323 2726 3465 2779 κατά
3502 2725 3724 2796 θάτερον

2151 2828 2208 2880 δὲ
2233 2826 2468 2888 ἀπάταις
2496 2827 2589 2879 καὶ
2622 2821 2993 2893 ψευδολογίαις
3020 2818 3328 2882 πλανῶντες
3351 2819 3476 2880 τοὺς
3506 2814 3724 2869 πιστεύ-

2151 2936 2308 2984 οντας
2343 2920 2543 2981 αὐτοῖς.
2576 2917 2667 2969 Διὸ
2692 2916 2752 2968 ού
2779 2916 3042 2987 προσήκει
3071 2915 3180 2975 τοῖς
3204 2910 3464 2974 τοιούτοις
3499 2910 3724 2972 ἑαυτοὺς

2151 3012 2433 3067 ἐκδιδόναι·
2476 3009 2763 3080 ψεύδεσθαι
2795 3008 2903 3077 γάρ
2937 3005 3178 3070 εἰώθασι,
3221 3004 3313 3058 καὶ
3356 3004 3455 3057 οὐκ
3490 3002 3635 3056 ἔστιν
3665 3005 3725 3056 ἐν

2152 3106 2335 3167 αὐτοῖς
2383 3102 2629 3174 ἀλήθεια·
2678 3100 2815 3154 ἀλλὰ
2860 3100 2953 3152 καὶ
2997 3097 3148 3166 ζυγοὶ
3193 3096 3291 3166 τῆς
3330 3094 3510 3148 αὐτῶν
3544 3093 3723 3165 ψυχῆς

2151 3195 2302 3248 οὐδὲν
2330 3194 2536 3248 δίκαιον
2562 3193 2681 3246 οὐδὲ
2714 3192 3001 3263 ἰσόρροπον
3044 3189 3406 3260 περιέχουσιν·
3449 3185 3721 3257 ἑτεροκλι-

2152 3289 2260 3351 νεῖς
2292 3285 2347 3339 δὲ
2366 3286 2538 3349 ὄντες,
2564 3283 2821 3337 τάναντία
2840 3281 2917 3352 τῷ
2936 3280 3125 3352 δικαίῳ
3156 3279 3470 3352 πράττουσι.
3503 3276 3724 3338 Τούτοις

2149 3372 2241 3431 οὖν
2285 3378 2396 3439 τοῖς
2444 3375 2650 3437 ἀδίκοις
2679 3372 2856 3427 αὐτῶν
2884 3372 3068 3441 ζυγοῖς
3095 3372 3192 3443 τὴν
3225 3369 3555 3442 ματαιότητα
3576 3384 3724 3438 περι-

2150 3469 2360 3533 έπουσι,
2391 3469 2490 3540 τὴν
2521 3466 2775 3539 ἀλήθειαν
2813 3467 2905 3520 καὶ
2940 3466 3031 3519 τὸν
3072 3464 3271 3535 ταύτης
3297 3464 3428 3517 Θεὸν
3458 3464 3723 3533 ἀποστρε-

2156 3561 2394 3633 φόμενοι·
2428 3560 2509 3614 διὸ
2537 3559 2596 3619 οὐ
2633 3560 2900 3629 προσήκει
2938 3558 3118 3621 αὐτοῖς
3151 3555 3519 3628 ἐμπιστεύειν·
3561 3556 3718 3626 μόνον

2148 3654 2203 3715 δὲ
2234 3653 2325 3707 τὸν
2353 3651 2608 3723 λεχθέντα
2640 3651 2869 3722 Σωτῆρα
2903 3649 3091 3721 βοηθὸν
3125 3649 3541 3720 ἐπιγράφεσθαι.

2224 3784 2242 3818 ι
2273 3765 2365 3837 Μὴ
2408 3763 2657 3828 ἐλπίζετε
2702 3763 2794 3817 ἐπὶ
2834 3761 3070 3826 ἀδικίαν,
3110 3763 3203 3815 καὶ
3230 3761 3323 3814 ἐπὶ
3351 3762 3618 3833 ἅρπαγμα
3643 3758 3719 3831 μὴ

2148 3856 2489 3910 ὲπιποθεῖτε·
2531 3852 2758 3916 πλοῦτος
2791 3852 2885 3907 ἐὰν
2918 3851 3038 3924 ῥέῃ,
3082 3852 3158 3924 μὴ
3194 3850 3547 3921 προστίθεσθε
3586 3867 3719 3920 καρ-

2148 3949 2257 4018 δίᾳ.
2303 3968 2322 4001 ι
2376 3949 2488 4001 Καὶ
2532 3949 2589 4002 ὲν
2638 3945 2716 4017 τῷ
2763 3944 2845 4016 λη’
2897 3943 3169 4014 συγγενῶς
3218 3942 3426 4006 τούτοις
3481 3942 3715 4010 ἐλέγετο·

2155 4057 2173 4090 ι
2210 4037 2356 4109 Πλὴν
2392 4039 2568 4109 μάτην
2599 4036 2982 4110 ταράσσονται.
3021 4034 3373 4106 Θησαυρίζει,
3416 4033 3509 4088 καὶ
3541 4034 3602 4087 ού
3630 4050 3717 4102 γι-

2148 4128 2346 4183 νώσκει
2370 4130 2477 4184 τίνι
2507 4128 2720 4196 συνάξει
2753 4127 2909 4182 αὑτά.
2944 4147 2961 4180 ι
3010 4127 3160 4181 Ἐπεὶ
3194 4127 3371 4182 τοίνυν
3401 4130 3429 4181 ὁ
3456 4126 3717 4198 θησαυρί-

2148 4221 2255 4286 ζων
2270 4221 2379 4273 ’ἐπὶ
2419 4221 2518 4291 τῆς
2554 4220 2679 4290 γῆς,
2720 4221 2814 4275 καὶ
2849 4220 3016 4273 πολλά
3046 4220 3303 4290 χρήματα
3333 4219 3597 4287 συνάγων,
3638 4220 3718 4285 είς

2151 4312 2379 4386 μάταιον
2413 4313 2653 4381 συνάγει·
2687 4311 2811 4366 οὔτε
2840 4311 2949 4385 γὰρ
2989 4312 3047 4378 ἐξ
3085 4312 3321 4375 ἅπαντος
3357 4312 3517 4375 αὐτὸς
3542 4311 3717 4366 αὐτῶν

2147 4404 2467 4470 ἀπολαύσει,
2502 4404 2755 4477 πταρμοῦ
2792 4404 2976 4477 τάχιον
3005 4404 3099 4459 τοῦ
3144 4405 3260 4476 βίου
3307 4403 3715 4475 μεθιστάμενος,

473 4482 910 4535 sternutamento
963 4479 1134 4535 citius
1180 4497 1245 4536 ex
1296 4480 1399 4536 hac
1447 4482 1555 4537 vita
1590 4482 1919 4540 auferendus
1947 4488 2038 4551 sit,

2151 4495 2272 4555 οὒτε
2303 4498 2484 4551 ὁποῖον
2518 4497 2628 4563 ἔξει
2658 4497 2901 4568 διάδοχον
2932 4496 3174 4569 ἀκριϐῶς
3205 4497 3513 4550 πέπεισται·
3547 4498 3599 4550 τί
3627 4498 3717 4550 καὶ

473 4581 651 4637 neque
683 4570 852 4639 probe
883 4574 1021 4626 sciat
1043 4572 1136 4643 qui
1170 4574 1273 4644 ipsi
1317 4574 1491 4629 haeres
1520 4574 1738 4630 futurus
1764 4576 1836 4648 sit
1864 4595 1875 4631 :
1910 4577 2040 4648 quid

468 4672 609 4713 vane
641 4637 1005 4720 conturbatur
1040 4637 1075 4720 ‘2.
1092 4637 1245 4721 Multi
1269 4666 1474 4740 itaque,
1499 4670 1613 4724 sive
1637 4637 1859 4741 prophm
1874 4637 2040 4724 odum

470 4765 684 4818 omnes,
714 4770 836 4810 sese
864 4757 1219 4830 deceperunt,
1259 4776 1383 4816 cum
1420 4762 1546 4817 liliis
1599 4769 1653 4816 et
1695 4762 2041 4820 cbarioribus

471 4842 666 4897 amicis
700 4860 759 4899 se
790 4846 1012 4905 divitias
1060 4851 1353 4909 relicturos
1393 4860 1713 4925 sperarent;
1752 4854 1849 4908 sed
1894 4853 2040 4923 quod

470 4930 720 4987 futurum
751 4944 897 4991 esset
925 4938 1272 5011 ignorabant,
1301 4944 1741 5016 aberrabantque
1771 4960 1801 4998 a
1849 4960 2038 5015 scopo.

469 5019 508 5075 li
534 5022 779 5091 profecto
801 5041 939 5082 vane
972 5031 1265 5088 turbantur
1287 5034 1416 5097 dum
1453 5036 1743 5092 thesauros
1771 5036 2041 5102 condunt,

469 5114 788 5185 ignorantes
835 5122 962 5190 quis
998 5128 1352 5198 congregabit
1397 5143 1516 5186 eos.
1560 5128 1741 5197 Quare
1784 5132 2043 5187 convenit

470 5222 577 5260 non
612 5221 834 5278 sperare
878 5213 933 5268 in
980 5215 1344 5288 iniquitatem,
1396 5226 1451 5274 et
1498 5220 1555 5275 in
1607 5237 1696 5277 res
1750 5222 2042 5291 iniquitate

470 5306 689 5369 partas;
724 5317 901 5373 neque
948 5306 993 5360 si
1050 5308 1254 5364 divitiae
1300 5308 1540 5366 ﬂuminis
1587 5313 1765 5367 instar
1794 5314 2038 5380 aﬂluant,

468 5389 591 5445 ideo
612 5392 771 5462 erigi.
804 5392 959 5461 Quod
994 5398 1039 5453 si
1073 5400 1292 5469 quando
1320 5401 1388 5457 de
1419 5402 1626 5460 divitiis
1656 5405 1854 5460 bonam
1887 5423 2038 5478 spem

2151 4586 2460 4659 θορυϐεῖται
2486 4587 2661 4657 μάτην
2681 4602 2695 4652 ;
2722 4586 2911 4640 Πολλοὶ
2935 4587 3064 4656 γοῦν
3084 4587 3116 4658 ἢ
3136 4590 3228 4644 καὶ
3247 4588 3431 4659 σχεδὸν
3450 4589 3498 4641 οἱ
3523 4588 3717 4650 πάντες

2151 4683 2292 4748 σφᾶς
2324 4680 2523 4743 αὐτοὺς
2551 4681 2860 4751 ἠπάτησαν,
2895 4682 3029 4746 υἱοῖς
3073 4682 3170 4752 μὲν
3203 4682 3296 4736 καὶ⁸
3328 4682 3598 4751 φιλτάτοις
3626 4682 3716 4735 τὸν

2148 4770 2326 4824 αὐτῶν
2373 4769 2600 4831 πλοῦτον
2644 4772 2957 4825 καταλιπεῖν
3001 4774 3485 4845 προσδοκήσαντες,
3518 4775 3714 4845 ἀγνοή-

2150 4879 2342 4925 σαντες
2384 4862 2441 4915 δέ
2478 4862 2539 4915 τὸ
2577 4863 2767 4933 μέλλον
2798 4866 2892 4919 καὶ
2939 4866 3336 4937 ἀστοχήσαντες
3367 4867 3458 4919 τοῦ
3490 4867 3711 4923 σκοποῦ.

2146 4954 2339 5025 Μάτην
2379 4950 2471 5007 οὗν
2504 4955 2863 5027 ταράττονται
2900 4957 3112 5029 άληθῶς
3144 4957 3583 5030 θησαυρίζοντες,
3623 4962 3713 5014 καὶ

2143 5046 2204 5099 οὐ
2236 5044 2593 5113 γινώσκοντες
2629 5048 2712 5111 τίς
2754 5050 2970 5114 συνάξει
3010 5050 3167 5105 αὒτά.
3212 5051 3303 5103 Διὸ
3343 5054 3606 5122 προσήκει
3640 5052 3711 5121 μὴ

2142 5137 2383 5201 ἐλπίζειν
2422 5138 2514 5192 ἐπὶ
2547 5139 2759 5193 ἀδικίαν
2803 5142 2897 5194 καὶ¹
2925 5140 2994 5195 τά
3021 5142 3079 5208 ίξ
3112 5141 3325 5206 ἀδικίας
3358 5142 3707 5213 ποριζόμενα.

2146 5225 2281 5299 μηδέ
2310 5226 2534 5291 πλοῦτος
2563 5227 2655 5280 ἐὰν
2685 5229 2781 5299 ῥέῃ
2810 5232 3118 5302 ποταμηὸδι
3150 5231 3463 5302 φερόμενος,
3488 5233 3679 5303 ὲπαίρε

2144 5319 2285 5372 σθαι.
2320 5318 2384 5372 Εἰ
2409 5318 2465 5371 δὲ
2496 5321 2761 5391 προσήκει
2790 5324 2885 5376 καὶ
2923 5322 3011 5375 διά
3057 5325 3285 5388 πλούτου
3332 5325 3461 5377 ποτὲ
3505 5324 3707 5393 ἀγαθή»

2141 5428 2263 5463 τινα
2304 5408 2618 5481 πορίζεσθαι
2664 5409 2871 5475 ἐλπίδα,
2916 5413 3106 5484 δικαίῳ
3134 5415 3465 5485 χρησάμενοι
3498 5415 3708 5484 πλούτῳ

470 5497 741 5540 sumeree
776 5501 835 5540 re
871 5486 1055 5554 fuerit,
1110 5491 1177 5547 de
1228 5493 1456 5557 divitiis,
1505 5496 1751 5567 inquam,
1784 5515 1851 5554 ex
1880 5516 2037 5569 aequo

2151 5501 2215 5571 ιῷ
2238 5504 2302 5557 ἐκ
2330 5503 2465 5555 Θεοῦ
2504 5502 2758 5567 πολλάκις
2789 5506 3164 5576 παρεχομένῳ·
3199 5507 3290 5559 καὶ
3321 5506 3501 5575 ζυγοῖς
3535 5508 3706 5577 ὀρθοῖς

466 5583 521 5630 et
551 5576 694 5628 bono
738 5579 909 5646 partis
940 5597 969 5636 a
1004 5580 1222 5653 Deoque
1253 5586 1534 5656 praebitis;
1589 5590 1680 5657 iis,
1729 5590 1900 5648 heus!
1936 5609 2032 5649 vos

537 5741 582 5771 '°
621 5740 765 5800 Psal.
805 5757 1031 5809 xxxvi",
1065 5744 1117 5798 6.
1200 5745 1240 5776 ⁷³
1286 5744 1415 5800 ibid.
1458 5744 1534 5799 l2.
1614 5748 1657 5779 ⁷³
1703 5746 1830 5801 ibid.
1871 5747 1923 5803 7.

2000 5750 2043 5779 ⁷³
2084 5748 2227 5806 Psal.
2266 5763 2311 5814 ι,
2350 5746 2403 5804 4.

2141 5592 2235 5646 καὶ
2268 5592 2612 5655 ίσοστατίοις,
2635 5592 2856 5659 δεξιαῖς,
2882 5588 2924 5647 ὦ
2946 5590 3111 5658 οὗτοι,
3146 5597 3421 5667 χρήσασθε
3456 5596 3706 5667 πράξεσι,

2482 5748 2527 5780 τι
2570 5745 2747 5803 Eccle.
2786 5764 2837 5814 ι,
2878 5747 2935 5805 2.
3014 5750 3059 5782 ⁷⁸
3103 5750 3243 5807 Psal.
3284 5764 3520 5818 xxxviii,
3555 5750 3605 5806 '1.
