4100 6566
411 311 512 366 597

1534 311 2029 367 COMMENTARIA
2176 312 2515 367 PSALMD‘B.

3553 309 3655 369 5'98

407 424 827 497 θησαυρίζοντες
874 428 1085 490 ἑαυτοῖς
1133 426 1440 498 θησαυροὺς
1485 427 1543 478 ὲν
1583 427 1849 497 οὐρανοῖς,
1894 443 1957 478 κα

2089 441 2211 480 cum
2232 425 2378 496 iusta
2409 432 2612 480 statera
2653 431 2706 478 et
2734 424 2951 480 bilance
2983 424 3048 479 ad
3081 425 3223 480 bona
3260 439 3424 496 opera
3468 427 3656 480 utimi-

407 518 721 590 σπείροντες
743 520 798 572 ὲν
821 520 1090 589 εὐλογίαις
1111 518 1251 572 κατὰ
1274 520 1331 572 τὸ
1351 518 1688 589 λελεγμένον·
1713 536 1730 568 ι
1767 518 1981 589 Ἐσκόρ-

402 627 584 674 πισεν,
625 610 790 665 ἔδωκε
829 615 938 676 τοῖς
975 612 1189 682 πένησι,
1224 612 1256 683 ἡ
1289 611 1607 680 δικαιοσύνη
1635 609 1798 662 αὑτοῦ
1832 609 1979 680 μένει

400 705 484 769 είς
511 705 602 758 τὸν
631 705 821 758 αίῶνα.
857 723 876 756 ι
909 706 1054 778 Αὕτη
1085 705 1194 777 γὰρ
1230 705 1364 775 μόνη
1392 704 1544 766 ἐλπὶς
1581 701 1778 774 άγαθὴ”
1807 701 1981 764 ἄλλως

399 799 457 853 δὲ
497 801 763 872 προσήκει
796 798 870 871 μὴ
901 799 1137 864 ἐλπίζειν
1171 799 1262 852 ἐπὶ
1295 799 1526 861 ἀδικίαν,
1563 797 1698 868 μηδὲ
1740 796 1832 849 ἐπὶ
1870 797 1980 858 τοῖς

403 891 464 958 ἐξ
503 892 759 964 ἁρπαγῆς
805 891 899 946 καὶ
943 891 1256 958 πλεονεξίας
1309 889 1694 958 συναγομένοις
1734 887 1991 958 χρήμασι,

405 985 546 1056 μέγα
569 987 804 1056 φρονεῖν’
831 983 968 1038 ἀλλά
994 983 1086 1037 καὶ
1108 984 1156 1035 εί
1182 1000 1244 1035 συ
1253 983 1418 1054 μ6αίη
1455 981 1586 1034 ποτε
1615 981 1820 1051 εῦροεῖν
1847 981 1979 1050 ἡμῖν

399 1077 468 1130 τὰ
506 1077 823 1148 πράγματα,
874 1077 966 1130 καὶ
1009 1072 1300 1137 ἀκωλύτως
1345 1073 1600 1146 φέρεσθαι
1644 1071 1977 1142 πανταχόθεν

398 1167 490 1220 τὸν
529 1167 759 1222 πλοῦτον
794 1168 1036 1239 ποταμοῦ
1071 1168 1228 1239 δίκην
1261 1168 1471 1238 ῥέοντα,
1505 1167 1598 1221 καὶ
1634 1167 1758 1220 ὅθεν
1786 1167 1884 1223 οὐκ
1911 1167 1976 1221 ἄν

399 1277 482 1323 τις
516 1260 813 1332 ἀδικήσειε,
836 1262 973 1334 φορᾷ
993 1278 1096 1314 τινι
1122 1259 1367 1331 ἀδοκήτῳ
1390 1262 1710 1332 φερόμενον,
1741 1262 1813 1332 μὴ
1843 1262 1977 1315 πάν-

396 1371 505 1416 τως
531 1354 594 1406 ὲκ
614 1352 748 1406 Θεοῦ
766 1353 923 1407 τοῦτο
944 1351 1188 1421 γίνεσθαι
1209 1354 1301 1405 καὶ
1319 1351 1525 1423 νόμιζε,
1549 1353 1683 1424 μηδὲ
1706 1351 1973 1425 μακάριζε

397 1447 622 1500 σεαυτὸν
653 1445 1012 1518 ἀπατώμενος
1056 1450 1119 1518 τῇ
1153 1445 1361 1518 διανοίᾳ
1401 1447 1496 1500 καὶ
1549 1445 1974 1518 προστιθέμενος

393 1543 469 1606 ῶς
483 1541 670 1613 ἀγαθῷ
685 1541 761 1613 τῷ
793 1542 1277 1613 πλούτῳ.Γίνωσκε
1306 1542 1381 1606 δὲ,
1413 1541 1494 1594 ὅτι
1513 1541 1745 1613 ῥευστῆς
1769 1540 1845 1593 ὣν
1873 1538 1976 1610 φύ-

395 1651 552 1699 σεως,
571 1635 757 1706 ῶσπερ
779 1635 915 1706 ῥέων
946 1633 1187 1706 φέρεται,
1206 1633 1346 1687 οὕτω
1360 1635 1450 1688 καὶ
1468 1635 1718 1706 ἀπορρεῖ·
1745 1633 1895 1686 οὐδὲν
1917 1632 1972 1685 δὲ

393 1723 609 1794 βέϐαιον
634 1725 752 1778 οὐδὲ
789 1725 1013 1797 στερρὸν
1055 1725 1148 1777 καί
1175 1722 1416 1792 ἀσφαλὲς
1445 1723 1798 1795 κεκτημένος.
1827 1723 1972 1776 Θαυο

2085 520 2162 582 ni,
2193 519 2630 574 tliesauriaantes
2659 517 2814 573 vobis
2847 517 3140 573 thesauros
3177 517 3230 570 in
3263 517 3443 579 ccelis.
3487 525 3538 571 et
3568 533 3655 570 se-

2082 613 2355 667 minantes
2391 613 2443 666 in
2477 611 2976 675 benedictionibus,
3015 621 3074 664 ut
3109 609 3313 664 dictum
3339 617 3424 664 est
3460 627 3473 662 :
3507 626 3524 659 ι
3561 608 3653 661 Di-

2083 707 2304 777 spersit,
2339 707 2488 761 dedit
2524 705 2878 777 pauperibus,
2930 705 3146 774 iustitia
3195 704 3316 774 ejus
3359 709 3547 757 manet
3598 701 3653 756 in

2083 799 2342 854 sarculum
2367 798 2432 852 ".
2477 819 2495 852 ι
2532 798 2659 853 Haec
2706 798 2821 853 sola
2871 797 3012 851 bona
3044 812 3171 868 spes
3202 804 3323 862 est;
3354 795 3492 850 alias
3524 807 3655 850 vero

2079 908 2189 947 non
2224 893 2483 948 convenit
2505 908 2725 963 sperare
2749 893 2803 946 in
2836 891 3141 960 iniquitate,
3186 903 3363 958 neque
3394 889 3461 943 de
3511 885 3652 940 divi-

2079 985 2170 1040 tiis
2217 999 2284 1039 ex
2318 985 2508 1054 rapina
2546 991 2600 1038 et
2629 984 2856 1038 avaritia
2908 981 3156 1037 collectis
3193 982 3362 1034 altum
3414 991 3646 1050 sapere;

2080 1076 2188 1132 imo
2215 1076 2260 1132 si
2298 1077 2517 1148 quando
2559 1077 2851 1147 contigerit
2884 1091 2973 1130 res
3016 1082 3236 1130 nostras
3267 1087 3528 1143 prospere
3558 1087 3650 1127 ce-

2076 1168 2226 1233 dere,
2259 1183 2324 1224 ae
2356 1167 2577 1223 divitias
2621 1167 2862 1222 ﬂuminis
2911 1168 3088 1222 instar
3133 1165 3480 1226 accedentes,
3529 1163 3648 1220 sine

2077 1259 2244 1316 ullius
2274 1259 2496 1329 injuria,
2525 1258 2900 1328 inexspectato
2930 1256 3166 1329 quodam
3195 1257 3341 1311 ﬂuxu
3373 1256 3440 1310 ad
3477 1263 3530 1310 te
3549 1255 3647 1309 de-

2076 1352 2243 1420 l'crri;
2278 1368 2346 1408 ne
2392 1369 2458 1408 ex
2506 1351 2616 1407 Deo
2658 1351 2714 1405 id
2755 1351 3044 1421 provenire
3091 1349 3406 1421 putaveris;
3467 1361 3646 1418 nequc

2075 1446 2216 1513 ideo,
2253 1446 2584 1517 cogitatione
2623 1446 2906 1516 deceptus,
2952 1445 3267 1514 divitiisque
3294 1443 3451 1513 quasi
3485 1443 3644 1498 bonis

2072 1541 2305 1604 haerens,
2356 1549 2411 1596 te
2462 1539 2681 1596 beatum
2734 1537 3138 1610 prtedicaveris.
3189 1537 3448 1608 Scitoque
3495 1537 3640 1599 illas,

2073 1633 2253 1690 ﬂuida:
2299 1643 2510 1690 naturae
2555 1649 2678 1688 cum
2730 1633 2863 1697 sint,
2919 1641 2979 1687 ut
3014 1631 3167 1686 ﬂuxu
3211 1630 3482 1694 feruntur,
3522 1631 3641 1700 pari

2072 1728 2235 1783 modo
2281 1727 2536 1792 deﬂuere,
2585 1737 2747 1797 teque
2795 1725 2925 1780 nihil
2963 1724 3203 1790 ﬁrmum,
3248 1724 3461 1784 stabile,
3509 1721 3642 1778 soli-

394 1816 615 1886 μαστῶς
645 1817 702 1870 δὲ
732 1817 808 1888 τῷ
832 1818 934 1888 τῆς
958 1817 1087 1890 ῥοῆς
1119 1818 1344 1888 ὀνόματι
1369 1816 1653 1887 κέχρηται,
1692 1835 1711 1869 ι
1738 1816 1957 1880 Πλοῦτος

2073 1818 2270 1873 dumvc
2312 1819 2608 1888 possidere.
2659 1817 2854 1872 Mirum
2900 1825 3080 1873 autem
3123 1818 3179 1872 in
3210 1817 3429 1872 modum
3463 1815 3643 1872 ﬂuxus

389 1908 486 1962 ἐάν
522 1909 643 1982 ῥέῃ,
668 1926 685 1960 ι
723 1909 921 1980 φήσας
947 1907 1086 1962 κατά
1112 1908 1170 1962 δὲ
1202 1909 1292 1961 τὸν
1327 1907 1639 1978 Σύμμαχον·
1664 1926 1682 1958 ι
1714 1907 1970 1972 Πλοῦτος,

387 2002 578 2070 φησιν,
629 2000 724 2054 ἐὰν
767 2003 1113 2072 καρποφορῇ,
1159 2001 1232 2070 μὴ
1264 2001 1492 2052 τάσσετε
1527 2000 1624 2070 τὴν
1663 1999 1904 2072 καρδίαν.
1947 2020 1965 2052 ι

398 2093 542 2146 Ἀλλ’
571 2094 663 2148 ἐπὶ
689 2094 810 2146 τίνα
825 2094 904 2146 δεῖ
925 2093 1142 2146 τάσσειν
1169 2092 1267 2164 τὴν
1295 2092 1522 2163 καρδίαν
1551 2091 1643 2144 καὶ
1669 2093 1774 2144 τίνι
1799 2108 1969 2163 προσ-

383 2185 656 2249 τίθεσθαι,
704 2185 917 2258 είρηται
963 2185 1223 2248 πολλάκις
1266 2188 1323 2238 ἐν
1370 2184 1466 2254 τῷ,
1506 2203 1524 2234 ι
1560 2184 1693 2254 Οὐχὶ
1745 2182 1822 2255 τῷ
1850 2181 1968 2254 Θεῷ

385 2276 798 2348 ὑποταγήσεται
828 2278 859 2349 ἡ
888 2277 1030 2346 ψυχή
1069 2292 1201 2346 μους
1242 2294 1258 2324 ι
1297 2276 1389 2326 καὶ
1430 2273 1593 2326 πάλιν
1616 2291 1628 2304 °
1671 2292 1688 2323 ι
1722 2272 1866 2344 Πλὴν
1889 2273 1968 2343 τῷ

383 2368 506 2438 Θεῷ
538 2368 836 2439 ῦτιοτάγηθι
866 2368 1061 2438 ἡψυχὴ
1095 2384 1194 2437 μου
1225 2383 1239 2397 ·
1265 2365 1426 2428 αὐτὸς
1447 2364 1555 2435 γάρ
1584 2363 1718 2426 Θεός
1741 2381 1841 2434 μου
1872 2363 1968 2416 καὶ

385 2454 578 2525 Σωτήρ
608 2472 708 2525 μου
745 2455 837 2506 καὶ
869 2455 1212 2526 ἀντιληπτωρ
1245 2469 1368 2524 μουο
1412 2474 1429 2504 ›
1467 2453 1580 2516 καὶ,
1616 2473 1633 2504 ι
1681 2452 1964 2506 Ἐλπίσατε

385 2545 477 2596 ἐπ’
510 2545 691 2608 αὐτὸν,
724 2548 872 2598 πᾶσα
915 2545 1205 2617 συναγωγὴ
1243 2545 1391 2598 λαοῦ.
1429 2564 1445 2596 ι
1485 2544 1712 2608 Οὐκοῦν,
1747 2544 1964 2615 ἔχοντες

384 2634 477 2686 τὸν
509 2633 681 2705 μέγαν
714 2635 942 2688 πλοῦτον
987 2638 1080 2689 καὶ
1124 2636 1216 2689 τὸν
1259 2635 1510 2708 ἀληθινὸν
1552 2635 1840 2707 θησαυρὸν,
1887 2635 1960 2708 μὴ

384 2725 691 2796 ἐλπίσωμεν
737 2726 828 2780 ἐπὶ
871 2726 946 2797 τῷ
987 2727 1202 2798 ματαίῳ
1267 2729 1360 2781 καὶ
1405 2728 1614 2800 ῥευστῷ
1664 2730 1758 2782 καὶ
1793 2729 1962 2800 ἀδίκῳ

384 2812 620 2884 πλούτῳ·
655 2814 872 2883 μάταιοι
904 2815 1012 2886 γὰρ
1033 2815 1247 2886 ἀληθῶς
1277 2816 1477 2880 πάντες
1505 2819 1555 2871 οἱ
1584 2819 1692 2871 υἱοὶ
1725 2818 1831 2872 τῶν
1864 2820 1959 2873 ἀν·-

382 2905 619 2981 θρώπων
645 2911 694 2962 οἱ
722 2911 811 2963 ἐπὶ
833 2912 1006 2982 τούτῳ
1033 2911 1370 2977 πεποιθότες.

459 3110 476 3143 ι
511 3092 692 3159 Ἀπαξ
722 3093 980 3165 ἐλάλησεν
1018 3096 1046 3147 6
1084 3096 1236 3159 Θεὸς,
1276 3095 1369 3150 δύο
1401 3097 1573 3151 ταῦτα
1608 3099 1836 3170 ἥκουσαι
1874 3100 1956 3153 ὅτι

2073 1908 2292 1964 nomine
2324 1915 2408 1964 est
2445 1904 2633 1963 usus':
2673 1927 2691 1959 ι
2735 1907 2946 1962 Divitize
2995 1909 3040 1962 si
3073 1908 3316 1968 aﬂluant,
3370 1921 3388 1959 ι
3429 1906 3638 1976 inquit;

2071 2002 2177 2063 vel,
2212 2001 2510 2056 secundum
2548 1999 2961 2073 Symmachum,
2997 2019 3016 2052 ι
3059 1999 3272 2055 Divitiae
3307 1999 3353 2054 si
3400 1996 3638 2053 fructum

2069 2093 2304 2165 pariant,
2348 2094 2547 2163 inquit,
2603 2109 2671 2149 ne
2709 2093 2965 2165 apponite
3005 2109 3119 2147 eor.
3148 2113 3164 2144 ι
3219 2093 3448 2148 Cuinam
3509 2103 3640 2146 vero

2069 2201 2164 2241 cor
2213 2186 2466 2239 ordinare
2527 2195 2581 2239 et
2636 2201 2908 2256 apponere
2958 2200 3095 2256 opus
3155 2185 3261 2246 sit,
3321 2184 3641 2253 plerumque

2068 2278 2272 2331 dictum
2319 2285 2402 2332 est
2437 2277 2491 2333 in
2523 2277 2637 2342 illo,
2672 2296 2690 2327 ι
2714 2277 2902 2332 Nonne
2919 2277 3029 2332 Deo
3053 2277 3298 2345 subjecta
3324 2277 3426 2330 erit
3456 2273 3639 2328 anima

2067 2382 2184 2421 mea
2204 2367 2228 2419 ’ἶ
2267 2385 2284 2418 ι
2319 2381 2382 2421 ac
2429 2381 2646 2421 rursum
2687 2385 2699 2420 :
2753 2383 2770 2415 ι
2816 2365 3200 2421 Verumtamen
3249 2365 3359 2419 Deo
3391 2363 3640 2432 subjecta

2065 2467 2204 2524 esto,
2235 2458 2414 2512 anima
2451 2473 2568 2512 mea
2605 2479 2619 2512 :
2646 2459 2760 2528 ipse
2788 2459 2930 2512 enim
2955 2458 3097 2513 Deus
3119 2474 3272 2512 meus
3293 2466 3345 2512 et
3384 2457 3638 2511 Salvator

2065 2564 2220 2604 meus
2267 2557 2321 2604 et
2364 2557 2652 2620 susceptor
2697 2565 2886 2617 meus,
2950 2571 2968 2602 ι
3011 2558 3086 2613 et,
3146 2569 3165 2601 ι
3224 2549 3452 2620 Sperate
3483 2549 3536 2602 in
3569 2561 3640 2602 eo

2062 2643 2243 2697 cumis
2285 2643 2638 2714 congregatio
2687 2643 2891 2714 populi.
2951 2661 2970 2694 ι
3009 2642 3147 2698 Cum
3193 2642 3376 2712 itaque
3406 2640 3636 2711 magnas

2061 2736 2279 2790 divitias
2309 2751 2606 2807 verumque
2635 2737 2954 2791 thesaurum
2978 2735 3341 2797 obtineamus,
3378 2749 3447 2788 ne
3481 2748 3632 2802 spem

2063 2843 2332 2898 ponamus
2365 2829 2422 2881 in
2470 2830 2648 2891 vanis,
2693 2826 2855 2882 ﬂuxis
2905 2836 2958 2883 et
3002 2827 3206 2897 iniquis
3240 2825 3464 2880 divitiis.
3498 2821 3634 2877 Nam

2063 2921 2187 2974 vani
2220 2935 2347 2975 vere
2373 2927 2503 2974 sunt
2526 2935 2718 2975 omnes
2754 2919 2846 2972 ﬂlii
2881 2918 3184 2982 hominum,
3204 2917 3297 2986 qui
3327 2915 3476 2970 hisce
3507 2929 3635 2969 cun-

2062 3012 2255 3066 ﬁdunt

2137 3102 2544 3168 Vsus.12,l3.
2601 3120 2618 3152 ι
2679 3100 2856 3156 Semel
2908 3100 3123 3156 locutus
3177 3109 3261 3155 est
3309 3095 3472 3160 Deus,
3517 3097 3635 3150 duo

376 3185 440 3237 τὸ
473 3187 674 3256 κράτος
707 3185 797 3238 τοῦ
832 3186 987 3252 Θεοῦ,
1024 3188 1117 3241 καὶ
1148 3189 1251 3247 σοὶ,
1285 3188 1477 3260 Κύριε,
1503 3189 1562 3242 τὸ
1589 3189 1753 3253 ἔλεος·
1783 3191 1864 3244 ὄτι
1892 3193 1956 3246 σὺ

2061 3196 2176 3250 haec
2206 3193 2412 3257 audivi,
2445 3195 2572 3266 quia
2602 3200 2848 3264 potestas
2876 3191 2972 3247 Dei
3007 3199 3112 3257 est,
3147 3199 3201 3248 et
3234 3191 3354 3253 tibi,
3381 3189 3631 3254 Domine,

376 3275 683 3341 ἀποδώσεις
727 3279 936 3347 ἑκάστῳ
973 3280 1114 3333 κατά
1151 3280 1217 3332 τά
1256 3280 1393 3352 ἔργα
1425 3282 1607 3335 αὑτοῦ.
1651 3301 1668 3334 ι
1707 3283 1958 3339 Τοσαῦτα

377 3370 782 3442 προπαιδεύσας
819 3374 846 3424 6
879 3373 1056 3441 λόγος,
1096 3374 1403 3438 ἀκολούθως
1445 3376 1542 3446 τῆς
1585 3375 1680 3429 τοῦ
1713 3376 1846 3430 Θεοῦ
1878 3378 1956 3432 δι-

373 3463 719 3535 καιοκρισίας
740 3466 1166 3537 ὑπομιμνήσκει·
1195 3467 1269 3530 ὼς
1297 3468 1384 3532 ἂν,
1407 3469 1609 3541 ταύτην
1631 3471 1735 3541 πρὸ
1757 3471 1952 3541 ὀφθαλ-

375 3556 494 3628 μῶν
525 3557 761 3625 θέμενοι,
795 3561 930 3630 μήτε
968 3563 1033 3632 τῇ
1071 3562 1256 3634 ἀδικία
1289 3565 1425 3634 μήτε
1458 3568 1569 3628 τοῖς
1602 3566 1949 3638 ἀρπάγμασι,

373 3651 516 3720 μήτε
544 3651 620 3722 τῷ
660 3655 976 3726 προσκαίρῳ
1003 3655 1095 3708 καὶ⁸
1125 3656 1310 3726 τυφλῷ
1342 3657 1556 3727 πλούτῳ
1578 3660 1803 3723 ἑαυτοὺς
1835 3660 1954 3712 ἐπι-

367 3743 620 3815 δίδωμεν.
653 3747 726 3799 Οῦ
751 3747 858 3818 γάρ
880 3747 1027 3812 ἆπαξ
1054 3749 1211 3819 μόνον
1242 3751 1367 3822 περὶ
1389 3752 1487 3822 τῆς
1507 3753 1738 3823 κρίσεως
1771 3754 1798 3805 6
1822 3752 1952 3816 Θεὸς

368 3834 720 3902 διεστείλατο,
761 3838 896 3892 ἀλλὰ
938 3841 1032 3894 καὶ
1068 3840 1338 3915 δεύτερον.
1383 3844 1491 3896 Καὶ
1533 3843 1725 3906 ταῦτα,
1765 3846 1948 3914 φησὶν,

369 3927 533 3991 αὐτὸς
558 3927 669 3997 ἐγὼ
700 3930 908 4001 ἥκουσα
937 3932 1199 4003 ἀκριϐῶς,
1227 3934 1320 3988 τὸν
1355 3934 1478 3988 νοῦν
1513 3937 1809 4006 ἐπιστήσας
1837 3939 1948 4000 τοῖς

365 4020 490 4074 δυσὶ
523 4021 732 4085 τούτοις
767 4023 1239 4097 παραγγέλμασιν.
1278 4027 1458 4092 ’Ᾱπαξ
1495 4027 1601 4102 γάρ
1636 4027 1893 4100 ἐλάλησεν
1921 4031 1950 4082 6

364 4109 519 4175 Θεὸς,
555 4111 669 4165 ἀλλ’
707 4113 818 4182 ἐγὼ
846 4113 939 4166 δύο
977 4115 1146 4170 ταῦτα
1189 4117 1413 4188 ἡκουσαο
1442 4119 1670 4194 ὲλάλησε
1708 4120 1816 4193 γὰρ
1847 4105 1940 4175 καὶ

361 4202 450 4256 διά
479 4203 794 4275 προφητῶν,
842 4206 1067 4278 ὲλάλησε
1111 4209 1205 4262 καὶ
1246 4209 1332 4263 διὰ
1364 4211 1692 4266 ἀποστόλων·
1728 4213 1820 4267 καὶ
1853 4213 1944 4266 τὸν

360 4295 460 4348 ἕνα
489 4293 648 4363 λόγον
677 4297 768 4349 τὸν
803 4296 952 4364 ἅπαξ
987 4300 1091 4353 ὑπὸ
1124 4300 1217 4354 τοῦ
1247 4301 1382 4356 Θεοῦ
1414 4303 1700 4376 ὁρισθέντα
1730 4305 1821 4358 καὶ
1856 4305 1946 4360 διά

363 4386 602 4451 παλαιᾶς
632 4389 906 4462 Διαθήκης
938 4392 1031 4446 καὶ
1058 4393 1146 4446 διὰ
1166 4396 1266 4463 τῆς
1288 4398 1481 4468 καινῆς
1511 4399 1739 4468 ἤκουσα.
1766 4398 1857 4462 Τίς
1886 4399 1942 4452 δὲ

2057 3287 2432 3344 misericordia
2494 3308 2505 3341 :
2569 3287 2696 3357 quia
2761 3295 2817 3341 tu
2873 3285 3070 3340 reddes
3125 3285 3422 3354 unicuique
3469 3283 3626 3352 juxta

2054 3394 2219 3450 opera
2251 3393 2372 3434 sua.
2417 3397 2434 3430 ι
2483 3377 2617 3432 Cum
2668 3384 2819 3430 tanta
2855 3375 2921 3430 ad
2952 3387 3195 3430 nostram
3229 3375 3624 3430 institutionem

2057 3471 2338 3542 praemissa
2370 3469 2628 3533 fuissent,
2657 3477 3060 3539 consequenter
3078 3469 3146 3524 de
3174 3468 3326 3538 justo
3363 3467 3455 3522 Dei
3487 3465 3628 3536 judi-

2053 3563 2141 3618 cio
2169 3564 2333 3619 verba
2366 3562 2516 3628 facit,
2560 3573 2619 3616 ut
2648 3561 2780 3616 illud
2812 3577 2922 3631 pra:
2955 3561 3133 3616 oculis
3176 3568 3498 3622 statuentes,
3531 3573 3627 3612 ne-

2051 3669 2160 3724 que
2207 3654 2511 3724 injustitiae,
2550 3669 2725 3725 neque
2753 3653 2986 3724 rapinis,
3037 3667 3215 3721 neque
3257 3648 3634 3720 temporaneis.

2056 3747 2324 3817 caecisque
2347 3747 2556 3801 divitiis
2590 3761 2693 3801 nos
2727 3745 3015 3801 dedamus.
3045 3742 3232 3815 Neque
3279 3743 3424 3799 enim
3455 3741 3622 3798 semel

2053 3850 2264 3896 tantum
2293 3842 2361 3896 de
2394 3840 2602 3910 judicio
2642 3839 2785 3895 Deus
2817 3847 3084 3910 praecepta
3115 3837 3265 3893 dedit
3288 3879 3304 3904 ,
3330 3836 3424 3892 sed
3455 3835 3623 3891 etiam

2052 3932 2334 3988 secundo:
2370 3931 2435 3985 Et
2472 3932 2586 3986 haec
2631 3946 2732 4003 ego
2774 3930 2966 3986 sedulo
3013 3928 3220 3992 audivi,
3269 3929 3468 3999 inquit,
3505 3926 3625 3981 ani-

2051 4039 2251 4096 moque
2317 4025 2433 4080 hazc
2499 4027 2608 4079 duo
2671 4032 2944 4094 praecepta
3012 4021 3378 4078 consideravi.
3441 4016 3632 4074 Semel

2048 4118 2250 4188 quippe
2275 4117 2420 4172 Deus
2450 4117 2666 4172 locutus
2695 4125 2812 4182 est;
2856 4115 2947 4171 sed
2975 4129 3076 4185 ego
3103 4116 3216 4168 lucc
3245 4113 3354 4167 duo
3385 4110 3566 4165 audivi
3604 4129 3617 4164 :

2049 4210 2270 4264 locutus
2330 4222 2567 4279 namque
2610 4218 2695 4264 est
2745 4223 2842 4279 per
2885 4208 3211 4278 prophetas,
3253 4207 3470 4262 locutus
3524 4217 3623 4272 per

2048 4303 2326 4373 apostolos
2363 4321 2375 4356 :
2411 4310 2576 4373 atque
2632 4315 2939 4357 sermonem
2992 4301 3144 4356 illum
3205 4316 3376 4355 unum
3427 4300 3621 4364 semel,

2046 4409 2170 4448 cum
2205 4407 2301 4464 per
2334 4391 2507 4450 Vetus
2555 4401 2670 4446 tum
2720 4407 2816 4462 per
2867 4391 3074 4448 Novum
3129 4389 3540 4448 Testamentqu
3587 4408 3631 4447 a-

363 4472 426 4549 ἧν
460 4473 634 4544 οὗτος,
667 4479 781 4535 ἀλλ’
816 4501 835 4532 ι
876 4484 998 4536 Ὅτι
1045 4484 1107 4538 τὸ
1141 4486 1340 4562 κράτος
1385 4488 1478 4541 τοῦ
1525 4489 1660 4542 Θεοῦ
1706 4491 1796 4543 καὶ
1836 4491 1940 4554 σοὶ,

2059 4481 2157 4538 Deo
2190 4484 2623 4554 pronuntiatum,
2645 4481 2846 4537 audivi.
2870 4481 3004 4548 Quis
3027 4482 3116 4537 ille
3139 4490 3280 4544 erat,
3314 4482 3417 4536 nisi
3443 4500 3469 4531 ι.
3491 4481 3619 4552 quia

360 4570 554 4642 Κύριε.
588 4572 650 4625 τὸ
681 4574 847 4640 ἕλεος,
891 4597 908 4628 ι
947 4578 1060 4640 καὶ,
1102 4597 1120 4629 ι
1160 4579 1282 4632 Ὅτι
1313 4584 1375 4634 σὺ
1403 4581 1700 4648 ἀποδώσεις
1731 4583 1944 4655 ἑκάστῳ

357 4663 500 4716 κατά
539 4663 608 4717 τὰ
641 4665 776 4737 ἔργα
807 4667 1008 4732 αὐτοῦς
1039 4689 1057 4720 ι
1091 4669 1278 4734 Ἔλεος
1304 4671 1382 4738 δὲ,
1416 4672 1569 4743 φησι,
1603 4676 1697 4727 καὶ
1719 4674 1938 4746 κράτοςο

356 4755 416 4807 τὸ
460 4758 558 4828 μὲν
594 4759 794 4830 κράτος
839 4761 975 4832 πρὸς
1017 4763 1078 4815 τὸ
1121 4765 1477 4838 τιμωρεῖσθαι
1521 4766 1614 4819 καὶ
1651 4768 1944 4822 ταπεινοῦν

359 4850 484 4912 τοὺς
534 4851 900 4921 ἀφηνιῶντας,
948 4853 1008 4907 τὸ
1037 4853 1094 4909 δὲ
1140 4855 1288 4924 ἔλεος
1329 4858 1464 4929 πρὸς
1497 4859 1557 4911 τὸ
1591 4859 1781 4925 σώζειν
1815 4860 1941 4924 τοὺς

357 4941 434 5003 εἰς
465 4941 628 4994 αὐτὸν
652 4943 970 5012 ἡλπικότας.
1007 4964 1024 4997 ι
1064 4947 1170 5000 Ἴδε
1203 4944 1295 5002 οῦν
1321 4952 1662 5024 χρηστότητα
1693 4954 1786 5006 καὶ
1806 4954 1940 5007 ἀπο-

360 5033 572 5102 τομίαν,
603 5053 623 5086 ι
662 5036 826 5105 φησὶν
851 5039 880 5090 6
915 5039 1256 5104 Ἀπόστολος·
1282 5043 1374 5096 ἐπὶ
1397 5043 1495 5114 μὲν
1521 5045 1646 5108 τοὺς
1675 5046 1937 5109 πεσόντας

352 5125 663 5196 ἀποτομίαν
693 5127 780 5182 διὰ
813 5129 904 5183 τοῦ
942 5132 1196 5202 κράτους,
1228 5135 1319 5186 ἐπὶ
1354 5135 1410 5188 δὲ
1441 5135 1499 5189 σὲ
1523 5138 1825 5208 χρηστότης
1850 5137 1936 5190 διά

352 5216 449 5269 τοῦ
473 5215 674 5282 ἐλέους.
702 5220 865 5274 Ταῦτ’
887 5223 1078 5288 εἰπὼν,
1105 5225 1216 5280 ἀνω
1237 5228 1298 5280 τὸ
1322 5229 1612 5299 πρόσωπον
1631 5233 1933 5299 ἀνατείνας,

353 5309 798 5381 προσφθέγγεται
829 5314 905 5384 τῷ
937 5317 1054 5389 Θεῴ
1077 5317 1280 5387 λέγων’
1322 5340 1340 5372 ι
1384 5322 1502 5375 Ὅτι
1543 5324 1607 5375 σὺ
1637 5324 1934 5389 ἀποδώσεις

355 5400 570 5472 ἑκάστῳ
593 5404 734 5458 κατά
755 5405 821 5459 τὰ
862 5407 997 5478 ἔργα
1036 5410 1220 5465 αὑτοῦ.
1255 5431 1272 5464 ι
1313 5414 1422 5468 Καὶ
1453 5416 1481 5468 6
1512 5416 1754 5483 -'-Ax6)tag
1785 5419 1843 5472 δὲ
1866 5418 1936 5472 τά

356 5492 694 5563 προκείμενα
731 5495 920 5550 τοῦτον
952 5500 1262 5572 ἡρμήνευσε
1285 5504 1374 5556 τὸν
1398 5507 1616 5576 τρόπον’
1649 5529 1677 5560 ι.
1709 5510 1932 5583 Ἐλάλη-

354 5599 448 5636 σεν
485 5586 514 5636 6
541 5585 694 5650 Θεὸς,
727 5589 820 5641 καὶ
853 5589 1100 5663 δεύτερον
1131 5594 1430 5665 ἐπήκουσα·
1468 5600 1546 5652 ὅτι
1586 5604 1621 5662 ἡ
1655 5604 1804 5672 ἰσχὺς
1837 5606 1932 5658 τοῦ

429 5760 473 5791 τε
513 5758 655 5816 εῖδει,
692 5781 816 5831 ex“
855 5768 906 5821 9,
985 5769 1025 5800 ⁷⁷
1073 5767 1225 5824 liorn.
1265 5787 1338 5837 ιιι,
1375 5773 1462 5827 22.

2047 4583 2293 4645 po:estas
2326 4572 2419 4628 Dei
2447 4581 2554 4638 est,
2606 4581 2660 4628 et
2691 4573 2809 4637 tibi,
2845 4571 3094 4637 Domine,
3129 4571 3548 4637 misericordia;
3595 4590 3613 4622 ι

2043 4674 2120 4731 ct,
2159 4685 2178 4718 ι
2216 4667 2344 4737 quia
2377 4674 2435 4719 tu
2477 4664 2676 4720 reddes
2701 4663 2998 4734 unicuique
3025 4665 3181 4734 juxta
3211 4679 3378 4732 opera
3409 4663 3552 4719 sua?
3594 4681 3618 4717 ι

2045 4757 2445 4824 Misericordia,
2482 4759 2579 4824 ait,
2609 4764 2664 4811 et
2720 4764 3003 4827 potestas;
3058 4764 3310 4828 potestas,
3356 4756 3425 4811 ad
3479 4757 3617 4813 ulci-

2045 4859 2309 4914 scendum
2342 4867 2398 4913 et
2424 4859 2824 4912 humiliandum
2857 4856 3088 4912 eﬂrenes
3119 4854 3404 4918 homines;
3437 4853 3618 4908 mise—

2041 4951 2276 5006 ricordia
2309 4951 2574 5006 adsalvos
2607 4949 2892 5005 faciendos
2922 4947 3292 5020 sperantcsin
3314 4962 3393 5002 se.
3424 4963 3442 4996 ι
3477 4944 3614 4999 Vide

2041 5059 2172 5113 ergo
2237 5043 2536 5098 bonitatem
2593 5051 2648 5096 et
2711 5042 3058 5097 severitatem
3111 5038 3204 5095 Dei
3237 5039 3307 5104 τ’,
3369 5057 3388 5089 ι
3438 5037 3618 5108 inquit

2041 5136 2340 5206 Apostolus
2378 5155 2388 5190 :
2429 5137 2776 5191 severitatem
2827 5137 2880 5189 in
2933 5135 3118 5205 lapsos
3168 5148 3264 5204 per
3289 5139 3613 5203 potestatem

2039 5234 2193 5286 suam
2223 5248 2237 5297 ;
2266 5245 2393 5300 erga
2449 5238 2500 5284 te
2550 5244 2680 5284 vero
2707 5230 3003 5284 bonitatem
3033 5243 3128 5297 per
3151 5225 3610 5283 misericordiam.

2038 5319 2337 5391 Postquam
2373 5323 2485 5376 haec
2512 5322 2747 5386 dixerat,
2770 5330 2956 5377 erecto
2992 5331 3212 5376 sursum
3244 5319 3397 5372 vultu
3441 5317 3611 5372 Deum

2035 5417 2118 5472 sic
2149 5416 2446 5487 alloquitur
2481 5435 2494 5471 :
2537 5436 2554 5469 ι
2594 5417 2731 5483 Quia
2769 5425 2826 5470 tu
2881 5417 3076 5472 reddes
3129 5415 3423 5483 unicuique
3448 5413 3604 5480 juxta

2035 5526 2201 5582 opera
2257 5525 2376 5565 sua.
2427 5530 2446 5562 ι
2508 5509 2701 5582 Aquila
2749 5510 2914 5566 etiam
2960 5509 3074 5563 hcce
3108 5508 3606 5574 sic-interpretatus

2033 5613 2162 5658 est:
2211 5625 2229 5657 ι
2271 5604 2509 5661 Locutus
2539 5612 2621 5661 est
2676 5603 2837 5669 Deus,
2871 5612 2922 5659 et
2953 5599 3194 5659 secundo
3227 5599 3430 5662 audivi,
3476 5597 3607 5667 ειιιίλ
