4100 6532
465 274 579 361 599
1139 302 1407 361 eusnuu
1429 303 1915 363 cessaremus
1952 305 2053 362 0P]

2157 305 2324 362 PARS
2362 305 2451 363 111.
2482 335 2553 348 -σ-
2580 304 2990 363 EXEGETICA.
3600 306 3705 361 600

469 422 732 478 fortitudo
787 421 905 485 Dei.
957 431 1012 478 et
1061 422 1182 485 tibi,
1219 422 1467 490 Domine,
1516 422 1914 478 misericordia.
1950 420 2032 477 'l‘u

2157 424 2296 490 9:05,
2332 426 2422 478 καὶ
2446 424 2548 488 σοὶ,
2583 424 2849 487 Δέσποτα,
2878 422 2938 475 τὸ
2962 420 3125 484 ἕλεος.
3162 421 3233 473 Σὺ
3260 419 3316 473 δὲ
3344 418 3541 483 ἀπόδος
3567 421 3689 473 κατέ

465 530 595 571 vero
617 514 781 571 redde
802 515 1030 587 singulis
1056 515 1188 572 viris
1217 514 1517 571 secundum
1549 530 1715 585 Opera
1745 532 1864 572 sua.
1904 537 1923 567 ι

2157 517 2302 588 ἱνδρα
2334 518 2547 588 ἑκάστῳ
2580 515 2720 570 κατὰ
2749 514 2821 569 τὰ
2851 514 2987 587 ἔργα
3008 513 3195 570 αὑτοῦ.
3224 533 3243 565 ι

466 653 519 710 1.
545 650 870 708 PSALMUS
904 650 1328 712 DAVIDIJZUM
1361 650 1581 708 ESSET
1616 652 1681 707 ΙΝ
1712 650 2032 707 DESERTO

2157 657 2422 713 ΥΔΑΜΟΣ
2471 656 2557 709 ΤΩ
2590 655 2804 708 ΥΔΑΥΙΔ
2855 654 2946 706 ΕΝ
2985 654 3071 713 Tt)
3112 653 3294 706 EINAI
3347 650 3577 703 ΑΥΤΟΝ
3618 649 3701 701 ΕΝ

967 723 1044 796 (ι)
1070 720 1339 778 mnam
1380 722 1537 778 1.x".

2398 728 2493 801 Ἰᾘ
2532 727 2766 797 ΕΡΗΜῼ
2801 726 2935 779 ΤΗΣ
2972 720 3287 778 ΙΟΥΔΑΙΑΣ
3322 722 3418 773 ΞΒ¹

537 834 705 892 Vens.
740 836 797 901 2,
825 838 878 891 5.
927 854 945 887 ι
976 834 1123 893 Deus
1148 836 1291 892 Deus
1314 852 1494 900 meus,
1522 838 1589 893 ad
1624 844 1678 894 te
1706 837 1775 893 de
1810 837 1931 894 luce
1961 838 2037 893 vi-

2211 860 2231 892 ‹
2272 842 2331 895 '0
2357 840 2489 906 Θεὸς
2518 842 2546 895 6
2574 840 2707 904 Θεός
2742 856 2863 911 μου,
2896 837 3035 911 πρὸς
3068 838 3126 889 σὲ
3154 832 3409 908 ὀρθρίζω.
3438 852 3456 884 ι
3487 831 3709 900 Φεύγων

464 928 592 999 gilo.
629 948 647 981 ι
686 927 823 983 Cum
859 929 1071 1000 fugeret
1102 927 1296 995 David,
1326 930 1563 987 accessit
1594 929 1663 984 ad
1684 929 2035 985 Achimelech

2157 955 2164 987 ι
2192 933 2351 989 Δαυῒδ
2375 933 2730 1005 παραγίνεται
2763 932 2899 1004 πρὸς
2935 929 3223 1002 Ἀχιμέλεχ
3246 928 3337 981 τὸν
3366 927 3533 997 ἱερέα·
3559 924 3709 979 ἔνθεν

466 1020 805 1074 sacerdotem
829 1038 844 1087 ;
882 1020 1011 1076 hinc
1041 1019 1109 1074 ad
1129 1020 1315 1076 Achus
1340 1035 1522 1090 regem
1552 1017 1726 1088 Geth;
1758 1018 1886 1075 inde
1908 1035 2037 1076 vero

2157 1024 2274 1096 τρὸς
2304 1023 2493 1095 Ἀχοῦς
2519 1024 2611 1077 τὸν
2644 1023 2868 1094 βασιλέα
2888 1022 3011 1084 Γὲθ,
3042 1020 3293 1093 κάκεῖθεν
3326 1020 3413 1081 εἰς
3434 1018 3711 1085 Μάσσηφα

464 1111 521 1165 in
546 1110 831 1183 Massepha
854 1111 1032 1169 Moab.
1070 1112 1187 1169 Gad
1220 1122 1404 1170 autem
1448 1114 1735 1185 propheta,
1792 1118 1885 1184 qui
1934 1115 2037 1169 ad-

2157 1116 2233 1187 ῖῆς
2262 1116 2453 1171 Μωάϐ.
2484 1116 2663 1171 Συνὼν
2686 1116 2744 1168 δὲ
2773 1113 2922 1185 αὐτῷ
2943 1113 3051 1167 Γὰδ
3071 1115 3103 1166 6
3124 1113 3431 1184 προφήτης,
3458 1110 3712 1180 παραινεῖ

464 1212 608 1269 erat,
644 1212 838 1259 auctor
871 1214 958 1261 est
996 1205 1101 1277 ipsi
1146 1214 1206 1262 ut
1244 1223 1313 1262 ne
1352 1208 1499 1261 ultra
1545 1206 1689 1278 apud
1735 1207 2040 1279 allophylos

2157 1209 2216 1281 ιὴ
2244 1208 2515 1263 ποιεῖσθαι
2540 1208 2693 1279 παρὰ
2712 1210 2822 1271 τοῖς
2842 1206 3158 1275 ἀλλοφύλοις
3175 1206 3273 1269 τὰς
3295 1202 3593 1274 διατριϐάς.
3624 1200 3715 1252 Διὸ

466 1314 652 1354 moras
678 1298 879 1353 trahat.
903 1298 1238 1365 Quareinde
1271 1300 1579 1371 profectus,
1615 1300 1669 1353 in
1700 1299 1920 1356 deserto
1948 1299 2039 1355 lu-

2157 1300 2416 1364 ιεταστάς
2446 1299 2715 1363 ἐντεῦθεν,
2745 1300 2844 1372 τὴν
2871 1299 3107 1371 ἐρημίαν
3129 1298 3228 1367 τῆς
3266 1295 3523 1356 Ἰουδαίας
3552 1294 3709 1345 οἰκεῖ’

466 1391 595 1445 οἴκεε
617 1389 848 1454 habitat,
883 1390 950 1447 de
979 1406 1089 1461 quo
1127 1398 1376 1463 tempore
1416 1392 1533 1447 haec
1568 1392 1851 1463 Scriptura
1880 1408 2039 1448 enar-

2157 1395 2225 1447 ἱτε
2275 1393 2371 1446 καὶ
2420 1393 2623 1464 ἱστορεί
2669 1391 2903 1461 λέγουσα
2949 1393 2982 1462 ἡ
3027 1391 3250 1462 Γραφής
3306 1406 3325 1437 ι
3355 1386 3463 1439 Kal.
3491 1384 3708 1438 ἐκάθισε

469 1490 557 1538 rat
588 1502 601 1537 :
639 1501 658 1534 ι
702 1482 769 1537 Et
801 1484 1121 1540 morabatur
1166 1483 1338 1539 David
1388 1487 1445 1540 in
1480 1484 1698 1541 deserto
1729 1484 2037 1545 Masseneth

2157 1486 2299 1541 tauiﬁ
2335 1489 2393 1542 έν
2430 1488 2499 1558 τῇ
2544 1487 2735 1557 ἐρήμῳ
2765 1485 3046 1538 Μασσενὲθ
3099 1485 3157 1537 ὲν
3200 1485 3313 1545 τοῖς
3347 1482 3578 1542 στενοῖς·
3623 1478 3701 1529 καί

467 1575 524 1629 in
561 1576 832 1647 angustis,
883 1584 937 1632 et
966 1576 1127 1632 sedes
1161 1577 1395 1633 habebat
1425 1577 1481 1632 in
1510 1576 1728 1634 deserto
1769 1578 1826 1632 in
1855 1589 2041 1633 monte

2157 1580 2376 1652 ικάθητο
2419 1580 2476 1632 ὲν
2505 1579 2583 1652 τῷ
2615 1579 2730 1651 ὄρει
2761 1579 2818 1631 έν
2860 1580 2927 1648 τῇ
2962 1577 3153 1648 ἐρήμῳ
3184 1574 3336 1643 Ζείφ.
3382 1573 3491 1626 Καὶ
3536 1570 3713 1641 ἐζήτει

467 1667 627 1738 Ziph.
662 1667 729 1722 Et
761 1668 1038 1738 quarebat
1084 1685 1211 1724 eum
1253 1668 1384 1724 Saul
1430 1670 1689 1726 omnibus
1736 1671 1953 1733 diebus,
1986 1677 2043 1726 et

2157 1672 2305 1726 ιιύτὸν
2345 1672 2518 1726 Σαοὺλ
2559 1672 2736 1735 πάσας
2766 1670 2866 1734 τὰς
2902 1669 3134 1741 ἡμέρας,
3177 1667 3272 1719 καὶ
3309 1666 3369 1718 ού
3405 1662 3719 1736 παρέδωκεν

469 1776 578 1814 non
612 1758 839 1817 tradidit
876 1776 1000 1817 eum
1032 1760 1297 1817 Dominus
1348 1762 1404 1817 in
1439 1778 1635 1818 manus
1665 1763 1787 1832 ejus
1814 1764 1883 1819 ⁷⁸.
1920 1783 1939 1816 ι
1980 1762 2037 1817 1η

2157 1766 2304 1820 ιιύτὸν
2335 1766 2541 1838 Κύριος
2570 1768 2649 1829 είς
2674 1765 2771 1828 τὰς
2794 1766 2987 1837 χεῖρας
3007 1761 3197 1816 αὐτοῦ.
3220 1780 3238 1812 ι
3279 1760 3367 1812 Ἐν
3388 1757 3597 1819 τούτοις
3620 1754 3721 1819 ῶν,

468 1852 573 1907 hoc
603 1869 789 1909 rerum
842 1862 1008 1922 statu,
1038 1855 1187 1910 hunc
1234 1855 1507 1926 psalmum
1538 1855 1792 1920 adornat,
1852 1865 2043 1912 notato

2157 1862 2234 1915 τὸν
2265 1860 2623 1932 προκείμενον
2654 1858 2868 1929 ψαλμὸν
2904 1855 3212 1918 συντάττει,
3264 1852 3355 1905 τὸν
3400 1849 3589 1920 καιρὸν
3635 1846 3722 1899 διὰ

468 1960 564 2014 per
589 1944 805 1999 titulum
835 1952 1101 2016 tempore.
1134 1946 1313 2012 Quare
1350 1946 1557 2002 dictum
1586 1954 1690 2011 est,
1730 1967 1748 1999 ι
1792 1946 2047 2005 Psalmus

2157 1955 2241 2026 τῆς
2274 1953 2596 2026 προγραφῆς
2628 1951 2894 2023 σημήνας.
2932 1948 3022 2002 Διὸ
3061 1947 3293 2019 εἴρηται,
3330 1962 3352 1995 ‹
3382 1942 3613 2012 Ψαλμος
3644 1939 3722 2010 τῷ

414 2032 417 2033 ⁷
470 2035 681 2101 Davidi,
713 2053 838 2093 cum
874 2047 1022 2093 esset
1046 2037 1103 2092 in
1132 2037 1351 2095 deserto
1371 2037 1593 2095 Judazaz.
1644 2059 1662 2091 ι
1706 2037 1752 2092 Ε
1783 2056 1839 2095 re
1860 2047 2042 2095 autem

2157 2047 2327 2111 Δαυῒδ,
2358 2049 2414 2101 ὲν
2438 2045 2517 2117 τῷ
2544 2041 2683 2099 εἶναι
2709 2044 2869 2098 αὑτὸν
2895 2045 2951 2097 ὲν
2973 2044 3037 2113 τῇ
3066 2041 3257 2112 ἐρήμῳ
3278 2038 3375 2109 τῆς
3408 2033 3683 2095 Ἰουδαίας.
3699 2050 3720 2083 ι

468 2128 635 2185 fuerit
664 2130 751 2185 hic
777 2145 995 2186 rursum
1020 2130 1337 2196 observare,
1370 2148 1480 2186 non
1512 2147 1579 2187 ex
1616 2131 1764 2188 serie
1798 2132 2043 2187 historia:

468 2230 524 2276 et
579 2231 908 2291 temporum,
962 2222 1213 2278 ordinem
1264 2224 1603 2295 psalmorum
1660 2225 2040 2289 constitutum,

470 2313 567 2368 sed
620 2315 777 2370 valde
821 2315 1083 2385 permista
1118 2322 1369 2386 tempora
1419 2332 1565 2372 esse.
1626 2315 1763 2371 Nam
1815 2317 2044 2373 historia

472 2406 647 2475 primo
678 2414 949 2474 recenset,
982 2406 1203 2463 Saulem
1238 2408 1465 2466 nuntios
1490 2409 1709 2467 misisse
1740 2411 1795 2465 in
1822 2410 2045 2464 domum

475 2498 664 2562 David,
708 2499 801 2571 qui
850 2498 1228 2556 interficerent
1264 2516 1413 2566 eum,
1446 2510 1500 2559 et
1532 2501 1763 2558 Melchol
1818 2517 2043 2557 uxorem

470 2590 592 2659 ejus
645 2590 931 2647 demisisse
985 2606 1109 2651 eum
1161 2608 1258 2664 per
1315 2592 1650 2663 fenestram;
1700 2593 2045 2650 Psalmorum

471 2698 604 2737 vero
637 2684 911 2755 scriptura
944 2699 1065 2741 eam
1097 2702 1212 2743 rem
1245 2686 1303 2742 in
1335 2703 1465 2743 mu
1520 2696 1806 2744 memorat.
1842 2685 2049 2743 Deinde

473 2776 704 2832 historia
737 2777 1035 2849 Scriptura:
1064 2790 1256 2835 narrat
1288 2781 1507 2836 venisse
1534 2780 1793 2837 Davidem
1822 2781 1877 2835 in
1898 2778 2048 2835 Noba

472 2869 541 2923 ad
579 2870 931 2927 Achimelech
960 2875 1341 2939 sacerdotem;
1403 2872 1500 2928 sed
1531 2871 1876 2929 Psalmorum
1912 2872 2051 2928 liber

472 2962 616 3017 hanc
646 2979 759 3018 rem
789 2974 997 3035 gestam
1032 2965 1286 3020 meminit
1327 2965 1383 3019 in
1427 2980 1605 3019 xxxm
1636 2965 1864 3032 psalmo.
1904 2963 2047 3019 Rur—

474 3071 708 3126 sumque
738 3059 1014 3129 scriptura
1060 3058 1373 3129 Regnorum
1399 3056 1477 3110 ait
1503 3073 1519 3110 :
1551 3075 1569 3108 ι
1610 3056 1676 3111 Et
1708 3057 1845 3112 abiit
1868 3056 2048 3111 David

2146 2142 2379 2211 Εύλογον
2419 2140 2477 2193 δὲ
2510 2138 2744 2193 ἐνταῦθα
2777 2137 3100 2207 γενομένους
3136 2128 3580 2203 ἐπισημήνασθαι
3622 2124 3723 2178 πά-

2144 2234 2248 2297 λιν,
2278 2234 2359 2286 ὅτι
2385 2232 2459 2303 μὴ
2485 2231 2628 2285 κατὰ
2656 2228 2978 2283 ἀκολουθίαν
3005 2225 3115 2279 τῶν
3140 2224 3237 2294 τῆς
3263 2222 3500 2293 ἱστορίας
3521 2218 3725 2291 χρόνων

2147 2329 2180 2399 ἡ
2212 2325 2320 2379 τῶν
2353 2323 2583 2395 ψαλμῶν
2619 2323 2902 2391 σύγκειται
2928 2318 3100 2384 τάξις*
3134 2316 3457 2387 ὲνήλλακται
3482 2312 3537 2364 δὲ
3570 2306 3725 2380 παρὰ

2148 2418 2282 2471 πολὺ
2320 2419 2435 2480 τοῖς
2472 2416 2704 2488 χρόνοις.
2744 2412 2953 2466 Αὐτίκα
2978 2409 3109 2481 γοῦν
3137 2412 3169 2479 ἡ
3200 2408 3296 2479 μὲν
3328 2404 3537 2476 ἱστορία
3571 2400 3724 2473 πρὼ-

2148 2528 2247 2582 την
2296 2510 2541 2581 περιέχει
2584 2507 2682 2579 τὴν
2715 2506 2965 2576 διήγησιν
2996 2502 3117 2555 καθ’
3142 2501 3208 2572 ῆν
3240 2496 3523 2554 ἀπέστειλε
3555 2494 3727 2548 Σαοὺλ

2149 2601 2412 2671 ἀγγέλους
2441 2601 2521 2663 είς
2549 2598 2641 2651 τὸν
2679 2592 2827 2651 οἷκον
2860 2594 3044 2659 Δαυῖδ,
3084 2592 3178 2646 τοῦ
3208 2589 3511 2643 θανατῶσαι
3544 2585 3724 2638 αὐτόν·

2148 2696 2230 2750 ὅτι
2258 2694 2522 2764 Μελχὸλή
2557 2692 2695 2762 γυνὴ
2723 2689 2886 2743 αὑτοῦ
2922 2688 3159 2759 καθῆκεν
3194 2685 3357 2739 αὐτὸν
3387 2682 3475 2735 διὰ
3502 2681 3598 2750 τῆς
3632 2678 3727 2731 θυ-

2126 2787 2327 2859 ⁴ρίδος⁸
2365 2788 2398 2857 ἡ
2431 2785 2491 2839 δὲ
2529 2785 2637 2837 τῶν
2690 2781 2920 2853 ψαλμῶν
2966 2780 3154 2851 γραφὴ
3203 2778 3260 2830 ὲν
3293 2774 3370 2846 τῷ
3402 2780 3483 2845 νην
3524 2770 3729 2839 ταύτης

2155 2877 2426 2950 μέμνηται
2458 2877 2557 2947 τῆς
2590 2873 2860 2949 πράξεως.
2892 2869 3005 2927 Εἶθ’
3039 2872 3167 2942 ἑξῆς
3200 2872 3233 2941 ὴ
3273 2869 3371 2941 μὲν
3403 2864 3593 2938 Γραφὴ
3620 2864 3731 2916 τῶν

2154 2971 2405 3044 ἱστοριῶν
2434 2970 2694 3031 διδάσκει,
2739 2968 2814 3031 ὡς
2864 2966 3084 3039 ἔρχεται
3117 2962 3278 3017 Δαυῖδ
3304 2962 3384 3024 εἰς
3416 2958 3567 3012 Νοϐᾶ
3595 2955 3731 3024 πρὸς

2164 3064 2451 3137 Ἀχιμέλεχ
2478 3063 2566 3117 τὸν
2593 3061 2757 3132 ἱερέα·
2784 3061 2817 3130 ἡ
2843 3059 2900 3113 δὲ
2930 3057 3108 3128 βίϐλος
3128 3055 3237 3109 τῶν
3264 3049 3508 3122 Ψαλμῶν
3528 3047 3731 3117 ταύτης

473 3147 624 3209 inde,
652 3156 707 3204 et
737 3150 909 3215 venit,
934 3158 989 3206 et
1021 3151 1268 3206 salvatus
1324 3154 1409 3203 est
1459 3146 1516 3201 in
1564 3147 1827 3217 spelunca
1882 3146 2049 3203 Odol-

2159 3158 2436 3228 μέμνηται
2458 3155 2559 3225 τῆς
2590 3152 2842 3224 πράξεως
2864 3153 2932 3204 ἐν
2962 3148 3040 3219 τῷ
3068 3148 3157 3216 λγ¹Δ
3174 3143 3392 3215 ψαλμῷ.
3428 3140 3536 3194 Καὶ
3556 3137 3733 3238 ’παλιν

474 3240 584 3294 lam
618 3242 693 3306 7’;
736 3261 757 3293 ›
792 3242 934 3298 liber
966 3250 1152 3299 autem
1181 3240 1528 3298 Psalmorum
1564 3240 1731 3311 hujus
1761 3241 1968 3311 negotii
1993 3240 2049 3294 in

2157 3251 2187 3321 ἠ
2225 3250 2322 3319 μὲν
2359 3245 2545 3319 γραφὴ
2578 3244 2683 3299 τῶν
2723 3242 3021 3300 Βασιλειῶν
3049 3254 3207 3310 φησι·
3245 3255 3267 3286 ι
3299 3234 3409 3291 Καὶ
3441 3230 3737 3301 ἀπηλλάγη

475 3348 562 3387 va
619 3334 953 3389 mentionem
1010 3333 1158 3390 facit.
1204 3332 1319 3389 Sub
1377 3333 1493 3389 haac
1535 3333 1733 3388 iterum
1776 3333 2061 3405 scriptura

477 3427 790 3499 Regnorum
826 3426 970 3483 Doec
994 3434 1288 3492 memorat,
1321 3442 1431 3497 quo
1455 3434 1615 3496 pacto
1637 3425 1853 3481 scilicet
1884 3425 2052 3480 Achi-

478 3521 691 3576 melech
743 3520 1086 3577 sacerdotem
1118 3520 1262 3591 apud
1296 3519 1515 3576 Saulem
1549 3519 1918 3576 calumniatus
1945 3516 2052 3587 sit;

477 3620 534 3668 at
561 3612 907 3669 Psalmorum
932 3614 1069 3669 liber
1101 3613 1154 3668 in
1190 3628 1243 3667 ιι
1264 3612 1370 3669 hoc
1397 3622 1615 3683 tempus
1637 3620 2051 3669 commemorat.

475 3706 671 3777 Agnita
697 3722 861 3777 porro
889 3705 1060 3763 David
1112 3707 1284 3778 ipsius
1313 3706 1458 3763 Doee
1502 3706 1802 3769 calumnia,
1836 3704 1977 3774 fugit
2003 3715 2057 3761 et

478 3800 537 3854 in
570 3800 845 3856 desertum
878 3799 1079 3857 Iudaea;
1117 3816 1177 3857 se
1208 3800 1464 3866 contulit,
1492 3816 1604 3872 quo
1627 3808 1875 3871 tempore
1914 3800 2060 3855 hunc

477 3907 639 3960 quem
677 3900 979 3949 tractamus
1008 3893 1278 3965 psalmum
1308 3893 1619 3949 adornavit.
1667 3892 1735 3948 Et
1783 3891 2057 3963 scriptura

478 3983 698 4051 quidem
760 3982 1075 4054 Regnorum
1130 3992 1255 4055 post
1310 3984 1616 4055 praesentis,
1684 3984 1897 4039 scilicet
1942 3997 2057 4037 un

481 4072 679 4141 psalmi
721 4081 960 4143 tempus,
1000 4074 1250 4143 quaedam
1282 4081 1437 4145 gesta
1472 4082 1891 4137 commemorat,
1920 4088 1973 4125 v.
2002 4087 2054 4141 g.

481 4173 540 4218 ut
571 4164 775 4234 Ziphaei
808 4164 976 4219 David
1009 4166 1152 4235 apud
1178 4163 1399 4220 Saulem
1433 4163 1756 4219 calumniati
1792 4171 1958 4228 sunt;
1991 4162 2059 4218 de

479 4256 681 4327 quibus
713 4254 1055 4310 Psalmorum
1087 4255 1246 4320 liber,
1278 4254 1333 4310 in
1359 4271 1476 4321 ιιιι,
1512 4254 1845 4312 mentionem
1872 4254 2056 4319 habet,

479 4348 639 4419 cujus
676 4347 867 4403 titulus
891 4355 977 4403 est
1018 4366 1031 4403 :
1070 4366 1088 4398 ι
1127 4346 1187 4402 lu
1237 4346 1423 4413 finem,
1461 4348 1517 4403 in
1550 4348 1791 4420 hymnis,
1844 4348 2060 4405 intelle-

478 4448 603 4496 ctus
631 4438 825 4503 David,
861 4454 987 4493 cum
1018 4438 1302 4494 venissent
1337 4435 1566 4507 Ziphzei,
1600 4446 1655 4494 et
1684 4437 1956 4495 dixissent
1990 4437 2060 4492 ad

2154 3339 2318 3395 Δαυῒδ
2332 3337 2600 3399 ἐντεῦθεν,
2620 3336 2714 3390 καὶ
2743 3334 2987 3407 ἔρχεται,
3018 3332 3113 3385 καὶ
3139 3327 3370 3397 διεσώθη
3404 3326 3483 3389 εἱς
3506 3324 3567 3377 τὸ
3594 3322 3735 3391 σπή-

2154 3431 2302 3484 λαιον
2334 3428 2396 3483 τὸ
2427 3427 2708 3498 Ὀδολλὰμ·
2743 3446 2761 3479 ι
2796 3429 2829 3498 ὴ
2860 3425 2916 3480 δὲ
2952 3423 3128 3496 βίϐλος
3156 3421 3264 3474 τῶν
3292 3416 3535 3488 Ψαλμῶν
3569 3416 3626 3467 ἐν
3656 3411 3737 3484 τῷ

2155 3529 2241 3589 νς¹
2279 3522 2555 3595 μέμνηται
2586 3521 2684 3592 τῆς
2728 3518 2955 3583 τάξεως.
3004 3516 3114 3571 Καὶ
3143 3509 3298 3577 αὖθις
3336 3510 3473 3582 μετὰ
3502 3507 3673 3562 ταῦτα
3698 3508 3733 3577 ἡ

2160 3617 2258 3688 μὲν
2291 3615 2478 3687 γραφὴ
2510 3613 2620 3668 τῶν
2662 3611 2957 3668 Βασιλειῶν
2998 3608 3091 3664 τοῦ
3134 3607 3293 3678 Δωὴκ
3335 3605 3629 3676 μέμνηται,
3660 3599 3737 3662 ῶς

2156 3709 2481 3778 διαϐέϐληκε
2512 3706 2591 3778 τῷ
2629 3704 2800 3759 Σαοὺλ
2836 3704 2927 3757 τὸν
2968 3701 3119 3774 ἱερέα
3164 3696 3467 3769 Ἀχιμέλεχ·
3505 3696 3538 3765 ἡ
3568 3693 3623 3746 δὲ
3658 3691 3739 3762 βί-

2159 3801 2282 3865 ϐλος
2308 3797 2684 3870 τῶν.Ψαλμῶν
2715 3798 2772 3851 ὲν
2797 3794 2875 3867 τῷ
2900 3800 2979 3849 να¹
2996 3793 3184 3851 τοῦτον
3217 3789 3469 3861 σημαίνει
3496 3786 3587 3838 τὸν
3614 3781 3740 3855 χρό-

2158 3909 2268 3947 νον.
2294 3892 2461 3955 Γνοὺς
2488 3890 2547 3944 δὲ
2572 3892 2599 3942 6
2623 3887 2785 3951 Δαυῒδ
2810 3886 2909 3959 τὴν
2931 3885 3026 3939 τοῦ
3056 3883 3219 3955 Δωὴκ
3244 3880 3513 3950 διαϐολὴν,
3546 3876 3738 3946 φεύγει

2160 3984 2254 4037 καὶ
2302 3982 2665 4054 παραγίνεται
2705 3982 2784 4044 είς
2823 3979 2923 4051 τὴν
2965 3978 3170 4049 ἔρημον
3193 3976 3293 4045 τῆς
3339 3969 3616 4034 Ἰουδαίας,
3650 3970 3739 4021 ὅτε

2160 4078 2255 4130 καὶ
2298 4075 2587 4137 συντάττειί
2617 4073 2713 4126 τὸν
2758 4073 2896 4143 μετὰ
2938 4072 3125 4142 χεῖρας
3165 4065 3397 4138 ψαλμόν.
3434 4062 3607 4131 Καὶή
3643 4059 3740 4131 μὲν

2160 4167 2347 4241 γραφὴ
2375 4167 2482 4221 τῶν
2506 4164 2801 4223 Βααλειῶν
2836 4162 2974 4235 μετὰ
2998 4162 3089 4215 τὸν
3122 4160 3309 4232 χρόνον
3344 4154 3437 4209 τοῦ
3474 4152 3610 4225 μετὰ
3630 4153 3743 4221 χείρ

2163 4278 2261 4332 ρας
2290 4257 2527 4330 ψαλμοῦ,
2559 4256 2705 4326 λέγω
2730 4256 2785 4309 δὲ
2818 4256 2912 4309 τού
2945 4254 3046 4322 ξΰ,
3070 4250 3319 4325 πράξεών
3346 4265 3505 4303 τινων
3536 4245 3747 4317 μέμνῃ-ν

2160 4367 2271 4411 ται,
2295 4350 2371 4413 ὼς
2399 4350 2448 4402 οἱ
2476 4349 2686 4416 Ζιφαῐοι
2707 4343 3050 4399 διαϐάλλουσι
3077 4342 3155 4413 τῷ
3180 4340 3352 4394 Σαοὺλ
3377 4338 3470 4392 τὸν
3500 4333 3679 4389 Δαυῖδ·
3708 4334 3741 4403 ἡ

2162 4439 2219 4493 δὲ
2248 4438 2428 4509 βίϐλος
2452 4438 2561 4492 τῶν
2577 4435 2824 4508 Ψαλμῶν
2844 4435 3061 4488 τούτων.
3078 4432 3347 4503 μέμνηται
3370 4432 3425 4483 ὲν
3452 4427 3529 4499 τῷ
3558 4432 3658 4494 νγ,
3685 4425 3744 4487 ὃς

482 4532 635 4597 Saul,
672 4531 811 4587 Ecce
846 4530 1019 4586 David
1059 4531 1425 4588 absconditus
1477 4530 1563 4589 es't
1590 4532 1737 4603 apud
1769 4548 1893 4588 nos.
1938 4552 1955 4583 ι
1990 4518 2053 4587 Et

2164 4531 2550 4601 ἐπιγράφεται,
2582 4548 2603 4581 ι
2639 4529 2733 4592 Ei;
2766 4528 2827 4582 τὸ
2860 4527 3011 4588 τέλος
3043 4525 3098 4576 ὲν
3133 4521 3343 4593 ὕμνοις,
3377 4519 3641 4579 συνέσεως
3667 4514 3743 4585 τῷ

480 4641 547 4681 ιν
577 4625 877 4695 inscriptus
916 4632 1041 4681 est:
1079 4642 1099 4675 ‹
1137 4623 1371 4690 Quando
1403 4632 1701 4679 tenuerunt
1730 4640 1855 4679 eum
1899 4625 2054 4679 Allo-

478 4718 625 4789 phyli
660 4718 714 4772 in
748 4718 909 4773 Geth.
941 4737 959 4769 ι
990 4717 1127 4772 lllud
1150 4728 1331 4773 autem
1364 4716 1678 4787 Regnorum
1703 4718 1979 4789 scriptura
1998 4718 2058 4775 in

482 4819 758 4879 postrema
791 4811 1035 4867 historia:
1060 4820 1216 4881 parte
1266 4810 1498 4880 reponit.
1527 4808 1718 4866 Viden‘
1754 4826 1864 4882 quo
1895 4793 2061 4881 pacto

482 4903 657 4972 prima
688 4912 985 4973 postrema,
1017 4916 1071 4961 et
1106 4913 1383 4974 postrema
1410 4906 1585 4975 prima
1612 4905 2060 4961 constituantur?

479 4993 637 5058 Quod
687 4994 735 5047 si
783 4997 1084 5051 secundum
1133 5004 1440 5067 temporum
1471 5000 1669 5054 seriem
1695 4997 1889 5069 digesti
1927 4997 2061 5054 fuis-

478 5094 622 5147 sent,
652 5086 861 5155 primus
890 5088 1213 5144 statuendus
1229 5098 1345 5145 erat
1368 5105 1520 5155 tvm,
1552 5092 1828 5147 secundus
1861 5107 2059 5156 χχχιιι,

481 5177 679 5257 tertius
721 5176 919 5234 deinde
956 5196 1069 5243 Lvt,
1128 5192 1360 5251 quartus
1407 5197 1484 5244 LI,
1544 5190 1599 5236 et
1658 5191 2060 5251 consequenter

480 5270 705 5339 quintus
739 5286 872 5336 un,
897 5282 1087 5328 sextus
1114 5289 1232 5335 LIII,
1263 5290 1326 5328 ac
1354 5280 1668 5343 postremus
1690 5275 1934 5329 omnium
1971 5291 2056 5330 LV.

482 5364 612 5420 Post
642 5373 873 5420 mortem
907 5381 1036 5420 vero
1068 5364 1254 5421 Saulis
1285 5366 1518 5436 primum
1561 5367 1749 5437 psallit
1780 5384 1892 5431 LIX,
1930 5385 2057 5423 cum

482 5458 755 5527 percussit
783 5456 920 5511 Joab
948 5457 1145 5511 vallem
1180 5455 1514 5521 Salinarum,
1552 5458 1809 5527 cepitque
1857 5458 2059 5514 duode-

480 5551 586 5611 cim
622 5552 790 5606 millia
819 5551 1103 5607 hominum
1137 5550 1533 5618 Moabitarum;
1571 5566 1590 5602 ι
1625 5566 1656 5604 ι.
1685 5567 1813 5606 vero
1839 5561 2046 5622 postea,

555 5708 599 5737 ⁷⁸⁸
639 5707 656 5760 1
690 5706 818 5775 Reg.
860 5724 1026 5771 uin,
1068 5707 1245 5761 H.155.
1321 5708 1365 5739 ⁷ο
1408 5708 1425 5760 l
1463 5706 1591 5780 Reg.
1630 5723 1779 5773 xx”,
1818 5710 1863 5762 l.

556 5800 632 5868 (l)
674 5797 846 5855 Graec.
882 5808 936 5857 ct
960 5799 1429 5875 Vulg.'_lduma'a'.

2164 4623 2348 4691 Δαυὶδ,
2395 4626 2453 4677 ὲν
2501 4623 2579 4694 τῷ
2621 4622 2793 4679 ἐλθεῖν
2836 4620 2965 4683 τοὺς
3014 4617 3291 4686 Ζιφαίους,
3334 4614 3426 4667 καὶ
3463 4614 3635 4664 εἰπεῖν
3668 4608 3745 4679 τῷ

2164 4716 2353 4772 Σαούλ·
2400 4716 2529 4769 Ἰδοὺ
2563 4715 2724 4769 Δαυῒδ
2753 4714 3060 4785 κέκρυπται
3094 4711 3219 4781 παρ’
3247 4709 3400 4778 ἡμῖν.
3442 4724 3460 4755 ι
3490 4705 3599 4757 Καὶ
3624 4704 3653 4756 6
3674 4707 3746 4753 νε¹

2166 4810 2595 4881 ὲπιγέγραπταιε
2626 4828 2644 4861 ι
2686 4809 2816 4861 Ὅτε
2850 4806 3159 4878 ἐκράτησαν
3187 4799 3349 4854 αὐτὸν
3378 4800 3433 4859 οἱη
3461 4793 3746 4863 ἀλλόφυλοι

2166 4905 2223 4958 έν
2243 4902 2395 4956 Γέθ.ι
2425 4901 2598 4955 Τοῦτο
2620 4901 2677 4955 δὲ
2706 4900 2864 4972 ἡτῶν
2882 4894 3178 4951 Βασιλειῶν
3206 4892 3393 4963 γραφὴ
3422 4892 3476 4942 ὲν
3503 4886 3746 4956 ὑστέροις

2164 4993 2348 5065 τίθησι
2374 4994 2476 5065 τῆς
2511 4992 2776 5066 ἱστορίας.
2818 4991 2981 5063 Ὀρᾷς
3021 4989 3167 5050 ὅπως
3196 4984 3266 5038 τὰ
3297 4983 3490 5054 πρῶτα
3522 4977 3746 5049 ὕστερα,

2166 5090 2261 5151 καὶ
2292 5087 2364 5161 τὰ
2395 5087 2599 5159 ὕστερα
2630 5086 2822 5159 πρῶτα
2852 5084 3146 5149 τέτακται;
3172 5080 3247 5143 ὡς
3276 5080 3323 5131 εί
3352 5075 3496 5131 κατὰ
3521 5072 3747 5126 ἀκολου-

2167 5182 2288 5237 θίαν
2314 5182 2422 5236 τῶν
2448 5183 2657 5254 χρόνων
2689 5180 2917 5245 τέθειτο,
2963 5179 3179 5251 πρῶτος
3222 5176 3287 5229 ἂν
3327 5172 3557 5225 τέτακτο
3584 5171 3612 5222 6
3644 5174 3747 5237 νῆ’,

2166 5277 2295 5347 ἑξῆς
2329 5276 2501 5346 τούτῳ
2537 5277 2565 5329 6
2589 5275 2692 5343 λγ’,
2726 5274 2821 5328 καὶ
2848 5273 3031 5346 τρίτος
3065 5270 3159 5324 καὶ
3185 5268 3324 5339 μετὰ
3352 5264 3555 5318 τούτων
3582 5264 3609 5313 ὀ
3636 5259 3747 5323 νς’,

2165 5368 2259 5421 καὶ
2283 5369 2491 5431 τούτοις
2524 5366 2782 5437 τέταρτος
2806 5368 2833 5419 6
2856 5372 2957 5429 να’,
2994 5360 3091 5417 εἶτ’
3115 5358 3423 5421 ἀκολούθως
3448 5355 3696 5425 πέμπτος
3722 5353 3752 5405 6

2163 5461 2265 5528 ξδ’,
2297 5461 2392 5516 καὶ
2427 5460 2584 5525 ἕκτος
2612 5462 2641 5513 ὁ
2667 5467 2768 5530 νγ’,
2799 5462 2892 5515 καὶ
2930 5460 3068 5532 μετὰ
3097 5458 3305 5518 πάντας
3335 5452 3559 5514 τούτους
3590 5448 3619 5499 ὁ
3655 5454 3748 5501 ve’.

2158 5553 2312 5609 Μετὰ
2352 5555 2409 5609 δὲ
2448 5555 2539 5611 τὸν
2582 5554 2811 5610 θάνατον
2857 5553 2950 5609 τοῦ
2990 5552 3164 5608 Σαοὺλ
3200 5548 3414 5621 πρῶτον
3447 5544 3635 5614 ψάλλει
3661 5540 3750 5596 τὸν
