4100 6510
354 340 453 398 601

1468 334 1969 392 COMMENTARIA
2006 335 2075 392 1N
2108 333 2444 392 PSALMOS.

3486 332 3592 387 603

351 459 451 523 νϐ’,
483 457 644 530 ήνίκα
676 456 945 522 ἐπάταξεν
988 455 1143 509 Ἰωάὖ
1171 456 1269 527 τὴν
1298 454 1557 525 φάραγγα
1584 454 1693 507 τῶν
1728 454 1917 519 Ἁλῶν,

2028 475 2047 508 ι
2083 455 2303 526 quando
2331 454 2480 508 venit
2523 454 2590 508 ad
2627 454 2801 523 ipsum
2856 453 3068 509 Nathan
3100 453 3386 526 prepbota,
3438 466 3590 523 post-

352 551 449 604 καὶ
491 549 832 621 ὑποχειρίους
873 544 982 601 εἷλε
1030 550 1154 611 τοὺς
1198 546 1371 601 Μωάϐ
1419 546 1483 598 ιδ’
1524 545 1784 617 χιλιάδας.
1819 546 1921 599 Τὸν

351 642 408 695 δὲ
430 647 472 695 ν’
493 658 506 671 ”
537 640 673 711 μετά
700 640 890 705 ταῦτα,
920 641 1009 694 ὅτε
1032 636 1161 709 ἦλθε
1190 640 1324 711 πρὸς
1351 639 1511 692 αὑτὸν
1537 639 1722 693 Ναθάν
1748 640 1775 691 6
1797 655 1923 710 προ-

350 735 551 805 φήτης,
570 710 739 804 ’ήνίκα
770 732 863 786 καὶ
894 731 1111 801 εἰσῆλθε
1155 710 1289 802 πρδς
1333 730 1630 801 Βηθσαῦεέ.
1672 724 1804 783 Εἶτα
1830 729 1922 782 τὸν

348 823 533 891 τρίτον
578 820 875 883 συντάττει,
921 820 1008 872 ὅτε
1044 818 1435 891 ἀπεδίδρασκεν
1481 818 1587 872 ἀπὸ
1629 817 1920 890 προσώπου

364 910 717 982 Ἀϐεσσαλὼμ
754 910 847 965 τοῦ
881 910 995 964 υίοῦ
1036 908 1221 963 αὑτοῦ·
1253 910 1346 963 καὶ
1387 908 1526 981 μετά
1564 910 1736 963 ταῦτα
1765 910 1856 963 τὸν
1878 910 1921 975 ζ’

352 1004 494 1074 ὑπὲρ
522 1003 628 1057 τῶν
649 1003 821 1072 λόγων
854 1003 1022 1055 Χουσὶ
1052 1001 1168 1055 υἱοῦ
1206 1002 1443 1072 Ἰεμινεί.
1476 1001 1573 1066 Τίς
1600 997 1694 1055 οὖν
1726 1002 1825 1055 οὐκ
1855 1002 1921 1055 ἂν

350 1096 449 1166 τὴν
474 1094 677 1149 τούτων
705 1094 989 1165 ζητήσειεν
1022 1093 1234 1159 αἰτίαν;
1271 1094 1346 1147 06
1384 1094 1493 1166 γάρ
1525 1093 1639 1164 ἔχει
1675 1093 1830 1163 λόγον
1858 1094 1919 1147 τὸ

353 1189 430 1259 μὴ
458 1188 547 1241 διά
572 1204 724 1250 τινας
758 1186 1058 1255 ἀναγκαίας
1083 1185 1365 1249 ὑποθέσεις
1397 1185 1569 1239 ταῦτα
1598 1185 1784 1240 τοῦτον
1811 1186 1923 1239 δια-

347 1279 604 1349 τετάχθαι
648 1278 738 1332 τὸν
772 1279 993 1351 τρόπον.
1033 1278 1224 1341 Ἀλλος
1256 1277 1354 1349 μὲν
1381 1274 1472 1332 οῦν
1502 1280 1625 1342 τοὺς
1655 1279 1921 1350 ἀριθμοὺς

348 1371 547 1435 αὐτοὺς
577 1372 817 1442 οἰήσεται
852 1370 994 1442 ἔχειν
1030 1369 1151 1424 τινὰ
1183 1370 1428 1441 δύναμινο
1464 1370 1544 1423 διὸ
1574 1370 1922 1442 καταλλήλως

348 1463 567 1533 ἑκάστῳ
606 1462 821 1534 ἀριθμῷ
849 1463 1188 1533 ἐφηρμόσθαι
1220 1462 1318 1535 τὴν
1350 1462 1585 1518 διάνοιαν
1613 1463 1719 1517 τῶν
1751 1466 1919 1535 ἐμφε-
1963 1497 1971 1503 ο

351 1553 592 1623 ρομένων
613 1552 803 1621 λόγων⁸
834 1547 943 1605 οἷον
967 1552 1042 1615 ὡς
1079 1553 1173 1605 ἐπὶ
1210 1551 1651 1623 παραδείγματος
1678 1552 1706 1604 6
1733 1560 1775 1606 ν’
1804 1554 1923 1625 ἀρι-

348 1644 502 1715 θμὸς·
524 1645 614 1698 τὸν
641 1644 767 1717 περὶ
787 1644 1031 1713 ἀφέσεως
1064 1643 1471 1715 ἁμαρτημάτων
1500 1642 1655 1711 λόγον
1679 1645 1919 1715 περιέχει

346 1736 435 1788 διά
460 1739 558 1807 τὴν
580 1737 638 1789 ἐν
663 1735 740 1807 τῷ
763 1736 911 1806 νόμῳ
933 1734 1236 1806 φερομένην
1259 1735 1827 1806 πεντηκονταετερίδα,
1854 1738 1921 1807 ἢν

362 1828 669 1899 Ἰωὸηλαῖον
701 1827 885 1890 παῖδες
932 1826 1200 1897 Ἐϐραίων
1233 1824 1480 1887 ἐκάλουν,
1513 1826 1570 1877 ἐν
1617 1819 1660 1893 ᾧ
1698 1827 1919 1897 ἀφέσεις

346 1920 443 1973 καὶ
479 1921 847 1991 συγχωρήσεις
880 1920 1128 1989 ἐγένοντο
1159 1922 1269 1983 τοῖς
1293 1920 1730 1990 χρεωφειλέταις,
1768 1920 1919 1973 ἐλευ-

346 2010 507 2081 θερία
536 2028 596 2063 τε
627 2011 885 2074 οἰκέταις,
934 2012 1028 2064 καὶ
1072 2010 1206 2064 ἀλλα
1240 2012 1361 2065 τινὰ
1399 2012 1622 2065 τοιαῦτα
1663 2013 1921 2084 πράττειν

344 2100 755 2171 νενομοθέτητο.
802 2099 1007 2155 Τούτου
1054 2100 1214 2174 χάριν
1262 2102 1359 2173 τὴν
1402 2101 1784 2175 ἐξομολόγησιν
1829 2103 1921 2156 τοῦ

342 2194 819 2265 πλημμελήματος
865 2194 1005 2265 ὑπὲρ
1064 2197 1460 2266 συγχωρήσεως
1522 2197 1616 2250 καὶ
1675 2195 1921 2264 ἀφέσεως

346 2286 635 2356 ἁμαρτιῶν
655 2285 797 2357 τῶν
815 2286 1011 2357 ψαλμῷ
1039 2287 1368 2359 ἐφήρμοσεν.
1398 2288 1585 2351 Οὕτως
1605 2285 1697 2343 οῦν
1720 2289 1813 2342 καὶ
1836 2292 1921 2360 ἐφ’

348 2379 565 2449 ἑκάστῳ
594 2377 791 2449 ψαλμῷ
830 2378 971 2431 κατά
1011 2396 1162 2442 τινας
1201 2378 1392 2446 λόγους
1434 2382 1499 2449 τῇ
1534 2378 1642 2431 τῶν
1675 2378 1921 2450 ἀριθμῶν

346 2469 573 2540 δυνάμει
607 2468 705 2533 τάς
740 2470 946 2534 οἰκείας
975 2469 1213 2533 διανοίας
1257 2471 1399 2523 εἴποι
1445 2469 1512 2523 ἂν
1556 2469 1917 2541 ἐφηρμόσθαι.

362 2560 501 2613 Ἀλλ’
526 2563 553 2614 6
577 2561 750 2615 ταῦτα
780 2561 951 2631 λέγων
974 2560 1033 2615 οῦ
1065 2580 1153 2633 μοι
1179 2562 1326 2616 δοκεῖ
1354 2563 1641 2633 τυγχάνειν
1669 2562 1763 2615 τοῦ
1798 2580 1921 2616 σκο-

350 2653 476 2705 ποῦ·
509 2654 724 2725 πρῶτον
770 2656 866 2726 μὲν
904 2655 985 2707 ὅτι
1025 2655 1145 2709 οὐδὲ
1192 2655 1327 2718 ὅλως
1370 2655 1599 2727 ἀριθμός
1641 2674 1725 2720 τις
1768 2657 1825 2710 ἐν
1852 2659 1918 2728 τῇ

362 2746 624 2817 Ἐϐραῖκῇ
663 2746 826 2819 βίϐλῳ
861 2748 967 2801 τῶν
997 2747 1241 2819 Ψαλμῶν
1272 2748 1513 2819 φέρεται’
1560 2747 1687 2801 ἄνευ
1732 2748 1788 2801 δὲ
1824 2749 1923 2819 τῆς

350 2838 442 2890 τοῦ
476 2838 708 2909 ἀριθμοῦ
740 2839 1055 2911 προσθήκης
1078 2841 1484 2912 ἀνεγράφησαν·
1513 2836 1611 2894 εἶθ’
1631 2842 1711 2894 ὅτι
1739 2840 1925 2910 διαφό⁴¹

354 2949 464 3003 pm;
492 2934 538 2985 οἱ
561 2932 656 3003 μὲν
680 2934 786 2989 είσὶ
816 2935 1171 3006 συνημμένοι,
1205 2938 1253 2988 oi
1273 2936 1329 2989 δὲ
1354 2936 1691 3007 διῃρημένοι.
1718 2935 1925 2989 Αὐτίκα

350 3022 484 3091 γοῦν
517 3025 545 3077 6
584 3018 813 3095 πρῶτος
836 3026 931 3079 καὶ
965 3026 996 3077 ὁ
1035 3025 1285 3098 δεύτερος
1320 3026 1462 3079 κατά
1492 3025 1590 3097 τὴν
1619 3026 1792 3097 ἀρχὴν
1823 3026 1923 3096 τῆς

2023 565 2185 619 quam
2227 549 2512 617 ingressus
2536 557 2620 603 est
2650 550 2717 603 ad
2752 548 3040 603 Bersabee.
3079 568 3097 600 ι
3134 547 3336 603 Deinde
3361 548 3584 601 tertium

2022 637 2350 707 composuit,
2411 655 2429 689 ι
2484 653 2607 692 cum
2659 637 2871 707 aufugit
2910 652 2939 691 a
2992 636 3131 692 facie
3179 637 3435 691 Absalom
3491 636 3589 690 ﬁlii

2022 730 2150 795 sui;
2192 750 2210 781 ι
2252 731 2355 784 sub
2385 730 2498 784 bare
2534 730 2821 799 septimum
2870 749 2888 779 ι
2939 744 3037 799 pro
3066 729 3248 784 verbis
3287 728 3455 783 Cltusi
3492 727 3587 781 ﬁlii

2020 821 2241 877 Jemini.
2275 841 2293 873 ι
2320 821 2456 888 Quis
2488 822 2683 876 horum
2713 836 2935 876 causam
2972 837 3083 875 non
3113 820 3434 891 perquirat?
3468 817 3587 873 Non

2021 914 2166 969 enim
2201 914 2400 968 rationi
2439 921 2869 968 consentaneum
2892 921 3059 976 esset,
3086 914 3205 968 sine
3238 912 3349 966 ull-.1
3398 926 3592 965 neces-

2022 1004 2168 1060 saria
2198 994 2365 1061 causa
2390 1005 2504 1061 haec
2530 1005 2625 1059 tali
2655 1004 2819 1059 modo
2838 1002 3092 1059 ordinata
3114 1004 3305 1060 fuisse.
3340 1002 3459 1059 Erit
3488 1002 3593 1057 for-

2022 1105 2170 1153 tasse
2192 1097 2285 1167 qui
2313 1113 2572 1153 numeros
2598 1098 2745 1167 ipsos
2776 1097 2887 1152 vim
2922 1098 3161 1168 aliquam
3188 1098 3391 1153 habere
3413 1104 3589 1167 putet;

2021 1190 2254 1261 ideoque
2288 1191 2521 1261 singulis
2552 1190 2798 1245 numeris
2828 1198 3221 1261 congruentem
3258 1190 3435 1260 aptari
3467 1205 3592 1245 ver-

2021 1281 2213 1335 borum
2264 1280 2629 1346 sententiam;
2680 1280 2915 1352 exempli
2952 1295 3142 1345 causa,
3178 1282 3592 1352 quinquagena-

2020 1374 2137 1429 rius
2190 1389 2450 1427 numerus
2503 1373 2848 1429 remissionis
2911 1380 3258 1444 peccatorum
3320 1373 3586 1429 rationem

2019 1464 2285 1528 continet,
2310 1463 2381 1518 ob
2404 1462 2923 1534 quinquagesimum
2964 1464 3114 1518 illum
3154 1479 3355 1519 annum
3387 1465 3441 1519 in
3472 1465 3593 1535 lege

2020 1564 2408 1619 memoratum,
2442 1555 2726 1625 jubilzeum
2758 1556 2826 1611 ab
2860 1553 3104 1612 Hebraeis
3121 1556 3308 1611 vocari
3336 1557 3584 1621 solitum,

2018 1665 2127 1718 quo
2152 1647 2505 1703 remissiones
2529 1647 3024 1719 concessionesque
3042 1648 3385 1704 debitoribus
3407 1658 3585 1713 erant,

2023 1742 2244 1795 libertas
2274 1738 2518 1802 famulis,
2551 1746 2605 1795 et
2634 1740 2834 1794 similia
2858 1740 3105 1811 quaedam
3127 1740 3213 1811 agi
3243 1740 3359 1811 lege
3379 1740 3589 1795 constig-

2023 1840 2199 1885 tutum
2226 1838 2365 1886 erat.
2399 1829 2572 1899 Cujus
2612 1829 2690 1885 rei
2716 1829 2890 1900 gratia
2920 1828 3325 1886 confessionem
3363 1828 3592 1884 sceleris

2022 1938 2121 1993 pro
2172 1923 2330 1977 venia
2384 1929 2439 1978 et
2487 1921 2812 1978 remissione
2863 1930 3215 1992 peccatorum
3259 1921 3591 1991 quinquage-

2021 2016 2161 2070 simo
2184 2015 2395 2083 psalmo
2425 2013 2717 2082 aptaverit.
2770 2011 2863 2068 Sic
2908 2012 3077 2084 igitur
3122 2012 3212 2069 ille
3244 2012 3475 2083 singulis
3531 2011 3589 2064 in

2023 2107 2271 2177 psalmis.
2302 2105 2602 2160 secundum
2628 2104 2896 2178 quasdam
2941 2107 3205 2172 rationes,
3237 2119 3587 2160 numerorum

2023 2199 2213 2253 virtuti
2240 2197 2570 2253 sententiam
2619 2198 2895 2268 propriam
2932 2196 3336 2251 accommodari
3365 2194 3585 2251 dixerit.

2020 2292 2088 2345 At
2138 2292 2231 2360 qui
2284 2293 2411 2346 talia
2443 2292 2611 2356 dicat,
2654 2306 2764 2345 non
2798 2290 3013 2345 videtur
3051 2288 3181 2343 mihi
3230 2302 3457 2357 scopum
3506 2294 3590 2341 at-

2023 2383 2226 2452 tingere
2260 2402 2275 2438 :
2309 2384 2486 2453 primo
2506 2383 2726 2454 quidem
2756 2381 2900 2453 quod
2932 2381 3119 2437 nullus
3146 2380 3371 2435 omnino
3396 2394 3591 2452 nume:

2023 2489 2117 2528 rus
2158 2476 2211 2528 in
2242 2474 2511 2530 llebraico
2561 2474 2906 2530 Psalmorum
2955 2472 3097 2528 libro
3148 2471 3385 2539 feratur;
3418 2471 3512 2527 sed
3552 2470 3595 2525 ii

2021 2569 2175 2623 nullo
2198 2568 2387 2623 addito
2419 2582 2649 2623 numero
2673 2566 3087 2621 inscribantur:
3118 2564 3317 2620 deinde
3345 2550 3475 2636 q'uia
3506 2564 3591 2618 di-

2022 2676 2178 2717 verso
2208 2660 2373 2714 modo
2412 2659 2491 2714 illi
2539 2660 2626 2715 vel
2673 2656 2934 2729 disjuncti
2968 2658 3051 2713 vel
3103 2658 3382 2727 conjuncti
3438 2664 3587 2711 sunt.

2022 2751 2157 2807 Nam
2182 2752 2268 2807 vel
2291 2752 2362 2807 ab
2388 2752 2506 2821 ipso
2542 2750 2700 2805 initio
2738 2751 2953 2821 primus
2979 2756 3033 2804 et
3077 2748 3353 2803 secundus
3389 2748 3445 2801 in
3493 2745 3595 2802 He-

2023 2842 2214 2896 braico
2235 2841 2534 2909 exemplari
2570 2839 2811 2910 copulati
2842 2845 2972 2894 sunt
3005 2856 3019 2892 :
3057 2852 3387 2906 rursumque
3412 2850 3592 2890 nonus

2024 2932 2117 3002 qui
2160 2932 2488 3001 conjunctus
2530 2931 2587 2984 in
2620 2938 2836 2998 nostro,
2862 2930 2916 2983 in
2957 2927 3227 2983 Hebraico
3277 2927 3488 2982 divisus
3536 2926 3593 2981 in

2024 3021 2164 3075 duos
2212 3026 2317 3074 est.
2372 3018 2653 3089 Totusque
2686 3016 3033 3074 Psalmorum
3082 3017 3241 3080 liber,
3293 3026 3352 3071 ut
3385 3012 3593 3071 dictum

352 3116 538 3186 βίϐλου
562 3116 892 3187 συνημμένοι
917 3119 1023 3171 εἰσὶ
1052 3119 1193 3172 κατά
1213 3119 1273 3171 τὸ
1307 3118 1610 3190 Ἐϐραῖκόν·
1642 3118 1735 3172 καὶ
1762 3118 1922 3171 πάλιν

2027 3108 2303 3178 superius,
2353 3109 2407 3163 in
2440 3109 2681 3179 quinque
2712 3118 2897 3180 partes
2928 3107 3256 3163 distributus
3304 3116 3409 3163 est.
3463 3107 3598 3174 Qua:

347 3210 379 3260 6
407 3208 453 3260 θ’
484 3209 826 3280 συνημμένος
857 3211 986 3281 παρ’
1012 3211 1142 3281 ήμῖν
1176 3212 1233 3263 ἐν
1258 3209 1337 3281 τῷ
1375 3210 1646 3282 Ἐϐραῖκῷ
1668 3210 1920 3283 διῄρηται

348 3303 431 3365 εἰς
450 3303 559 3357 δύο.
582 3304 691 3357 Καὶ
719 3305 867 3359 πᾶσα
888 3304 944 3357 δὲ
969 3306 1001 3374 ή
1025 3303 1133 3357 τῶν
1149 3303 1393 3375 Ψαλμῶν
1418 3303 1595 3374 βίϐλος
1619 3305 1697 3367 είς
1722 3304 1861 3375 μέρη
1880 3310 1920 3357 ε’

347 3394 625 3466 διῄρηται,
667 3395 847 3459 καθὼς
892 3396 991 3467 ήδη
1042 3396 1306 3466 πρότερον
1348 3395 1583 3467 εἴρηται.
1622 3389 1721 3447 Ὧν
1750 3394 1920 3459 οὕτως

348 3484 605 3553 ἐχόντων,
665 3484 915 3554 σχολάζοι
962 3484 1027 3537 ἂν
1079 3486 1112 3555 ή
1157 3485 1514 3557 προλεχθεῖσα
1544 3484 1651 3539 τῶν
1676 3485 1921 3556 ἀριθμῶν

348 3576 574 3645 θεωρία.
610 3577 767 3628 Ποῖον
798 3576 853 3628 δὲ
886 3575 980 3629 καὶ
1010 3575 1165 3644 λόγον
1208 3576 1349 3628 εἴποι
1383 3576 1447 3630 ἀν
1479 3593 1564 3639 τις
1605 3575 1770 3645 ἔχειν,
1802 3577 1923 3646 φέρ’

349 3671 548 3732 εἰπεῖν,
580 3668 672 3722 τοῦ
695 3668 831 3739 μετά
858 3671 1045 3739 χεῖρας
1064 3666 1298 3737 ψαλμοῦ,
1328 3667 1473 3735 λέγω
1502 3667 1557 3720 δὲ
1587 3666 1680 3720 τοῦ
1708 3666 1805 3731 ξ6’,
1826 3666 1924 3737 τὴν

346 3760 587 3813 διάνοιαν
609 3760 743 3830 πρὸς
764 3758 854 3812 τὸν
875 3758 1074 3813 τοιόνδε
1099 3758 1223 3829 ἀριθ
1234 3757 1331 3828 μὸν
1353 3757 1734 3829 ἐφαρμόττειν,
1764 3755 1799 3827 ἢ
1816 3757 1924 3809 τῶν

347 3854 436 3920 ἐφ’
467 3851 680 3922 ἑκάστῳ
721 3850 829 3904 τῶν
870 3857 945 3922 ρν¹
992 3848 1241 3921 ἀριθμῶν
1274 3850 1404 3902 ἴδιον
1435 3848 1774 3919 ἀφοριείσθαι
1802 3846 1925 3901 νοῦν

350 3946 698 4017 προσήκοντα
741 3944 819 4015 τῷ
858 3943 1066 4016 τοιῷδε,
1102 3944 1137 4015 ἢ
1169 3943 1246 4015 τῷ
1274 3941 1459 4012 τοιῷδε
1494 3940 1748 4013 ἀριθμῷ;
1790 3940 1924 3994 ἀλλά

346 4038 524 4092 ταῦτα
580 4038 676 4108 μὲν
728 4038 834 4108 ὅπη
885 4054 969 4101 τις
1025 4035 1195 4090 ἐθέλοι
1240 4034 1647 4105 παραδεχέσθω.
1697 4032 1838 4101 Ἐγὼ
1868 4034 1925 4087 δέ

346 4130 593 4203 ἡγοῦμαι
636 4130 734 4201 τῆς
784 4129 891 4183 τῶν
948 4128 1413 4200 ἐγγεγραμμένων
1460 4126 1697 4191 διανοίας
1742 4127 1928 4181 ἕνεκεν

350 4224 553 4294 ἐφεξῆς
580 4222 823 4293 ἀλλήλων
853 4222 979 4285 τοὺς
1006 4221 1251 4292 ψαλμοὺς
1287 4221 1500 4274 κεῖσθαι
1530 4221 1670 4275 κατά
1700 4221 1760 4273 τὸ
1780 4221 1929 4273 πλεῖ-

350 4330 499 4378 στον,
520 4314 692 4377 οὔτως
720 4316 779 4367 ἐν
803 4312 1016 4375 πολλοῖς
1039 4314 1377 4384 ἐπιτηρήσας
1400 4314 1492 4366 καὶ
1515 4312 1708 4385 εὑρών·
1732 4311 1811 4365 διὸ
1834 4314 1928 4365 καὶ

351 4404 626 4475 συνῆφθαι
650 4405 847 4467 αὐτοὺς
868 4405 1067 4458 ὡσανεὶ
1087 4404 1406 4473 συγγένειαν
1432 4404 1653 4474 ἔχοντας
1677 4404 1773 4457 καὶ
1798 4404 1928 4457 ἀκοι-

2027 3218 2152 3258 eum
2204 3203 2278 3257 ita
2309 3218 2367 3258 se
2392 3202 2650 3269 habeant,
2683 3210 2841 3258 vacet
2874 3200 3119 3272 profecto
3160 3200 3479 3270 inutilisque
3521 3199 3595 3256 sit

2030 3295 2284 3367 praedicta
2314 3309 2668 3350 numerorum
2715 3293 3105 3349 consideratio.
3138 3291 3342 3362 Ecqua,
3377 3294 3592 3356 amabo,

2030 3388 2169 3442 ratio
2224 3386 2412 3451 fuerit,
2463 3386 2699 3457 exempli
2752 3400 2944 3451 causa,
2978 3385 3286 3456 praesentis,
3334 3385 3595 3439 nimirum

2029 3494 2138 3533 Lxu
2189 3479 2385 3549 psalmi
2434 3479 2788 3544 sententiam,
2841 3493 2966 3533 cum
3000 3476 3316 3547 bujusmodi
3366 3491 3599 3531 numero

2028 3578 2321 3639 coaptare;
2351 3570 2438 3626 vel
2474 3570 2527 3623 in
2557 3569 2792 3639 singulis
2835 3584 2902 3622 (ιι.
2953 3568 3200 3623 numeris
3232 3567 3509 3638 propriam
3542 3575 3595 3621 et

2029 3671 2415 3731 congruentem
2456 3661 2553 3715 tali
2595 3661 2680 3716 vel
2707 3660 2803 3714 tali
2834 3675 3063 3715 numero
3088 3671 3325 3714 mentem
3349 3660 3596 3728 assigna-

2030 3754 2128 3808 re?
2161 3752 2270 3808 Sed
2302 3753 2419 3809 haec
2464 3752 2684 3824 quidem
2725 3751 2955 3806 arbitrio
2996 3766 3098 3806 suo
3126 3751 3309 3819 quivis
3339 3749 3595 3820 accipiat.

2032 3847 2143 3917 Ego
2166 3862 2295 3902 vero
2321 3845 2560 3901 arbitror
2602 3860 2703 3916 pro
2738 3844 3023 3900 sententia:
3064 3844 3277 3898 ratione
3321 3851 3376 3897 et
3407 3841 3594 3903 simili-

2033 3940 2243 4005 tudine,
2277 3938 2522 4010 psalmos
2548 3945 2609 3993 ut
2660 3937 2956 4008 plurimum
2986 3935 3232 4007 digestos
3274 3950 3418 3997 esse,
3469 3932 3596 4004 quia

2034 4031 2135 4086 boc
2184 4030 2241 4084 in
2286 4028 2474 4084 multis
2523 4028 2871 4084 observatum
2905 4027 3148 4097 comperi
3193 4045 3206 4080 :
3244 4024 3478 4095 ideoque
3508 4040 3599 4079 or-

2035 4125 2163 4180 dine
2184 4124 2513 4193 conjunctos
2537 4138 2661 4178 esse
2686 4120 2779 4192 qui
2811 4120 3122 4176 afﬁnitatem
3152 4127 3207 4175 et
3253 4134 3596 4190 consequen-

2032 4215 2163 4269 tiam
2187 4212 2419 4269 invicem
2461 4211 2784 4283 praaferrent
2817 4229 2830 4264 :
2868 4209 3105 4279 indeque
3137 4224 3246 4263 non
3274 4224 3374 4278 pro
3397 4215 3597 4277 tempe.

2032 4305 2107 4362 ris
2132 4305 2367 4368 ratione,
2404 4302 2499 4359 sed
2531 4317 2629 4372 pro
2656 4301 2930 4357 sententia
2959 4300 3013 4354 in
3048 4299 3191 4355 serie
3232 4299 3385 4355 ferri.
3434 4297 3597 4369 idque

2027 4395 2140 4464 jam
2182 4393 2441 4465 superius
2481 4399 2975 4449 eommonstratum
3005 4398 3114 4457 est,
3161 4405 3283 4446 cum
3315 4406 3383 4445 ex
3412 4390 3598 4445 multis

348 4498 575 4553 λουθίανΔ
599 4498 735 4569 πρὸς
763 4496 1044 4569 ἀλλήλους.
1082 4496 1274 4549 Ἔνθεν
1300 4496 1373 4567 μὴ
1395 4496 1533 4551 κατά
1554 4497 1677 4558 τοὺς
1704 4494 1924 4566 χρόνους

2033 4487 2179 4550 aliis,
2213 4493 2327 4540 tum
2358 4485 2595 4539 maxime
2623 4499 2655 4538 a
2695 4498 2783 4537 xu
2839 4482 2907 4537 ad
2953 4482 3491 4552 quinquagesimum,
3544 4479 3599 4533 in

347 4587 711 4659 ἐμφέρεσθαι,
738 4587 874 4640 ἀλλά
906 4587 1045 4640 κατὰ
1070 4588 1174 4656 τὴν
1199 4587 1297 4658 τῆς
1326 4586 1560 4649 διανοίας
1583 4585 1921 4640 ἀκολουθίαν.

348 4680 635 4734 Δέδεικται
663 4679 720 4731 δὲ
752 4679 910 4733 τοῦτο
941 4680 1039 4751 ήδη
1077 4678 1343 4750 πρότερον
1376 4680 1471 4732 καὶ
1518 4678 1625 4732 ἀπὸ
1667 4678 1925 4731 πλειόνων

353 4774 453 4843 μὲν
476 4772 701 4842 ἐτέρων,
739 4772 973 4841 μάλιστα
1002 4772 1058 4824 δὲ
1091 4770 1199 4824 ἀπὸ
1226 4769 1317 4823 τοῦ
1349 4776 1436 4841 μα’
1461 4770 1623 4841 μέχρι
1649 4769 1741 4823 τοῦ
1772 4776 1836 4837 ν’,
1870 4771 1933 4823 ἐν

347 4860 432 4929 οἷς
482 4864 878 4927 ἀποδεικτικῶς
929 4865 1353 4935 παρεστήσαμεν
1403 4862 1531 4926 τοὺς
1591 4863 1687 4932 μὲν
1741 4864 1929 4931 ἐπιγε-

354 4958 706 5028 γραμμένους
739 4956 846 5010 τῶν
877 4956 1007 5009 υίῶν
1038 4956 1181 5027 Κορὲ
1224 4954 1423 5026 πολλὴν
1468 4954 1662 5018 σώζειν
1702 4954 1928 5007 ἀκολου-

349 5052 476 5103 θίαν
506 5050 642 5119 πρδς
672 5049 766 5101 τὸν
798 5048 921 5102 νοῦν
953 5048 1043 5101 τὸν
1070 5048 1129 5112 ἐξ
1156 5048 1335 5102 αὐτῶν
1360 5046 1706 5120 δηλούμενον·
1733 5045 1929 5117 ἐφεξῆς

349 5144 409 5195 δὲ
433 5140 646 5203 τούτοις
680 5140 929 5211 κείμενον
961 5140 1052 5192 τὸν
1080 5140 1174 5193 τοῦ
1218 5139 1391 5209 Ἀσάφ
1416 5141 1510 5193 καὶ
1535 5140 1696 5193 πάλιν
1726 5140 1928 5193 τούτων

352 5231 709 5303 συνημμένην
736 5231 830 5284 τοῦ
857 5230 1018 5285 Δαυῖδ
1045 5231 1143 5302 τὴν
1171 5231 1555 5301 ἐξομολόγησιν
1578 5231 1677 5301 τὴν
1706 5232 1764 5283 ἐν
1784 5228 1862 5300 τῷ
1885 5229 1929 5282 ν’

351 5324 683 5398 φερομένην,
715 5323 970 5377 ἀϐίαστον
1003 5323 1100 5393 τὴν
1143 5322 1496 5376 ἀποδοθεῖσαν
1530 5323 1662 5391 ἡμῖν
1696 5320 1929 5390 θεωρίαν

359 5418 641 5489 παρέχειν,
670 5417 785 5470 Μία
814 5416 912 5485 μὲν
945 5410 1037 5468 οὖν
1069 5413 1205 5484 αῦτη
1238 5414 1271 5485 ή
1305 5413 1473 5476 αἰτία,
1503 5412 1579 5475 ὡς
1611 5413 1733 5483 ἐμοὶ
1761 5412 1928 5475 δοκεῖ,

350 5512 454 5579 τῆς
496 5508 815 5571 ἀκολουθίας
856 5508 1051 5577 γένοιτ’
1083 5507 1148 5561 ἂν
1172 5506 1281 5558 τῶν
1311 5505 1560 5575 ψαλμῶν·
1592 5504 1699 5575 ἔχω
1735 5504 1791 5558 δέ
1838 5504 1931 5557 καὶ

353 5601 523 5671 ἄλλην
558 5603 751 5654 εἰπεῖν.
797 5602 873 5667 (ll
909 5599 1112 5669 Πολλῆς
1144 5597 1251 5667 γὰρ
1284 5596 1724 5668 εἰδωλολατρείας
1756 5614 1928 5649 κατα-

358 5690 718 5763 κρατησάσης
749 5689 843 5743 τοῦ
886 5688 1153 5743 Ἰουδαίων
1187 5687 1392 5751 ἔθνους,
1421 5686 1589 5758 λήθην
1618 5687 1814 5749 αὐτοὺς
1838 5703 1934 5737 πεη

442 5810 520 5880 (l)
554 5808 623 5865 lis
655 5809 764 5864 fere
795 5808 995 5864 similia
1027 5808 1079 5863 in
1112 5808 1351 5879 prologis
1374 5822 1538 5879 supra
1572 5806 1863 5861 habentur.

2029 4579 2231 4649 quibus
2254 4577 2402 4631 clare
2426 4574 2927 4646 comprobavimus,
2950 4589 3047 4629 eos
3076 4574 3170 4643 qui
3197 4572 3427 4626 filiorum
3461 4570 3599 4626 Core

2032 4671 2279 4741 inscripti
2321 4676 2470 4736 sunt,
2514 4670 2739 4724 multam
2789 4669 2992 4722 habere
3015 4667 3161 4737 quod
3198 4664 3266 4719 ad
3293 4679 3514 4719 sensum
3546 4664 3601 4718 in

2032 4766 2101 4821 iis
2127 4764 2552 4835 deprehensum,
2586 4764 2729 4817 inter
2768 4777 2829 4817 se
2871 4760 3185 4815 allinitatem
3221 4778 3235 4814 :
3284 4766 3601 4828 sequentem

2033 4873 2163 4912 vero
2192 4858 2285 4927 qui
2316 4856 2518 4926 Asaphi
2547 4864 2652 4917 est,
2697 4864 2753 4909 et
2791 4855 2859 4909 iis
2888 4854 3191 4909 subnexam
3238 4853 3294 4907 in
3328 4850 3604 4922 quinqua-

2034 4950 2242 5020 gesimo
2304 4946 2526 5003 Davidis
2577 4946 3006 5009 confessionem,
3066 4943 3313 5013 Opinioni
3375 4952 3601 5008 nostra:,

2034 5042 2177 5111 quod
2207 5040 2413 5096 scilicet
2442 5040 2551 5092 vim
2587 5037 2791 5092 nullam
2826 5038 2990 5092 rebus
3033 5036 3255 5098 inferat,
3289 5036 3597 5105 astipulari.

2036 5131 2162 5186 llaac
2210 5145 2319 5185 una
2369 5144 2537 5185 causa
2595 5127 2784 5194 fuerit,
2837 5134 2896 5182 ut
2950 5127 3082 5181 mihi
3113 5127 3332 5197 quidem
3363 5127 3605 5192 videtur,

2034 5238 2134 5278 cur
2168 5220 2363 5292 psalmi
2417 5234 2483 5274 eo
2534 5219 2726 5275 ordine
2773 5218 2937 5289 positi
2976 5217 3085 5272 sint
3143 5235 3155 5271 :
3210 5217 3371 5270 aliam
3422 5224 3605 5270 tamen

2036 5316 2279 5388 proferre
2307 5312 2629 5369 vaieo.Cnm
2653 5312 2825 5366 multo
2846 5310 3164 5366 idololatriae
3190 5322 3389 5376 genere
3414 5306 3603 5361 Judai-

2037 5423 2135 5462 cus
2164 5405 2396 5477 populus
2425 5403 2781 5465 detineretur,
2812 5401 2963 5470 ipsos
2994 5400 3199 5470 patrias
3231 5397 3538 5465 scripturas
3573 5410 3607 5449 e

2038 5501 2297 5556 memoria
2321 5500 2645 5553 obliterasse
2668 5503 2858 5551 narrat
2886 5494 3196 5564 Regnorum
3224 5489 3489 5553 historia;
3527 5488 3603 5540 ita

2042 5600 2099 5646 ut
2133 5607 2309 5662 neque
2335 5589 2585 5644 Mosaicae
2612 5588 2745 5654 legis
2777 5587 2915 5641 libcr
2949 5586 3089 5639 ultra
3115 5581 3471 5650 reperiretur.
3506 5594 3601 5631 ιιρ-

2038 5701 2140 5756 quc
2175 5692 2414 5755 paterna:
2457 5681 2675 5755 pictatis
2704 5678 2966 5735 memoria
3002 5692 3166 5747 penes
3194 5674 3319 5729 illos
3352 5684 3599 5727 servare-
