4100 6520
496 352 599 405 605

1162 346 1425 400 EUSEBll
1466 344 1941 402 CASSAIHENSIS
1970 346 2119 402 OPP.
2163 346 2340 401 PARS
2380 347 2467 401 ΙΙΙ.
2510 378 2577 386 ——
2606 343 3015 400 EXEGETICA.

3610 344 3717 398 604

496 482 604 529 tur.
648 471 739 525 Sic
790 471 971 538 itaque
1005 467 1296 536 prophetas
1346 466 1675 535 impietatem
1706 482 1859 520 suam
1887 482 2046 521 coar-

2152 466 2402 537 ποιῆσθαι
2430 465 2534 519 τῶν
2561 466 2803 536 πατρίων
2829 462 3101 533 γραφῶνή
3124 461 3226 513 τῶν
3252 461 3542 515 Βασιλειῶν
3573 462 3717 515 ίστοτ

495 576 722 635 guentes
755 558 1147 614 interﬁcieliant
1176 577 1187 610 :
1221 558 1421 626 quibus
1460 559 1526 613 de
1555 559 1739 613 causis
1768 560 1820 611 iu
1872 560 2049 627 capti—

496 659 713 712 vitatem
746 653 1089 722 Assyriorum
1116 649 1291 718 primo
1318 649 1498 702 traditi
1523 660 1668 705 sunt.
1696 649 1835 703 Nihil
1872 652 2053 719 itaque

495 751 691 804 mirum
729 753 811 800 est
869 746 922 797 in
967 743 1061 796 tali
1095 750 1395 811 temporum
1436 743 1748 796 conditione
1782 742 2052 811 quaedam,

492 856 613 911 quae
654 839 705 891 in
761 836 900 889 libro
945 832 1285 887 Psalmorum
1336 834 1646 894 exstabant,
1697 833 1852 902 longo
1883 847 2055 885 anno-

493 942 612 979 rum
650 923 924 976 curriculo
953 921 1226 975 oblivione
1263 921 1571 983 obliterata,
1617 922 1905 975 excidisse.
1941 918 2053 974 Sub

496 1018 608 1073 haec
642 1026 817 1069 autem
856 1016 969 1069 sive
1005 1013 1225 1075 Esdras,
1260 1014 1376 1067 sive
1410 1014 1682 1082 quispiam
1740 1015 1877 1067 alius
1926 1031 2055 1083 pro-

496 1109 778 1179 phetarum
833 1106 983 1175 ipsos
1038 1104 1328 1175 colligendi
1375 1120 1560 1157 curam
1596 1106 1857 1175 suscepit,
1893 1114 2054 1175 atque

496 1214 603 1253 una
631 1208 753 1252 eum
788 1198 908 1251 aliis
965 1196 1165 1249 librum
1220 1210 1435 1264 quoque
1470 1194 1809 1251 Psalmorum
1864 1210 2055 1250 conse-

496 1291 711 1346 cravit:
742 1302 916 1356 neque
945 1284 1233 1340 confertim
1262 1300 1451 1339 omnes
1482 1289 1704 1355 reperit,
1743 1286 1836 1341 sed
1874 1287 2055 1341 diver-

497 1382 573 1437 sis
601 1380 957 1449 temporibus.
992 1376 1049 1430 ln
1087 1377 1278 1446 primis
1324 1385 1502 1431 autem
1554 1378 1751 1430 locavit
1799 1394 1914 1440 eos,
1961 1378 2053 1448 qui

496 1473 656 1545 primi
693 1471 895 1525 inventi
928 1469 1141 1523 fuerant
1176 1487 1188 1521 :
1224 1469 1460 1537 hincque
1492 1467 1714 1533 factum,
1761 1476 1819 1522 ut
1874 1470 1907 1521 ii
1961 1470 2051 1538 qui

495 1564 714 1618 Davidis
738 1570 886 1625 sunt,
914 1577 1019 1616 non
1048 1568 1443 1629 consequenter
1472 1576 1662 1615 omnes
1690 1562 1934 1629 jaceant;
1960 1562 2052 1616 sed

495 1656 765 1714 commisti
798 1670 921 1708 cum
972 1654 1038 1708 iis
1069 1653 1161 1722 qui
1202 1648 1435 1705 ﬁliorum
1466 1653 1623 1715 Core,
1654 1653 1853 1722 Asaph,
1887 1653 2055 1707 Solo-

495 1749 693 1808 monis,
724 1745 945 1817 Moysis,
971 1743 1195 1805 .Ethan,
1228 1742 1445 1807 Eman,
1480 1757 1805 1811 rursumque
1838 1742 2052 1799 Davidis

2158 559 2244 629 ρία
2272 558 2524 610 διδάσκει·
2552 556 2625 619 ὡς
2659 557 2789 626 μηδὲ
2808 555 3083 625 φαίνεσθαι
3109 554 3284 623 βίϐλον
3317 552 3410 605 τοῦ
3439 554 3716 617 Βηῐωῦσέως

2153 651 2337 720 νόμου,
2383 650 2515 721 μηδὲ
2565 652 2780 720 μνήμην
2831 652 2929 718 τῆς
2974 647 3081 699 τῶν
3138 648 3384 717 πατέρων
3434 646 3713 711 εὐσεϐείας

2156 741 2420 805 σώζεσθαι
2449 742 2576 811 παρ’
2602 742 2799 803 αὐτοῖς.
2834 740 2989 792 Οὕτω
3013 738 3139 807 γοῦν
3162 740 3253 790 καὶ
3278 739 3399 799 τοὺς
3430 740 3716 807 προφήτας

2155 833 2383 904 ἀνῄρουν
2438 832 2807 901 διελέγχοντας
2858 830 3035 883 αὐτῶν
3088 829 3184 891 τὰς
3233 829 3567 891 δυσσεϐείας,
3616 832 3715 881 καὶ

2152 923 2355 975 τούτων
2384 922 2545 974 ἕνεκα
2583 923 2642 974 τὸ
2673 922 2883 992 πρῶτον
2914 923 2979 990 τῇ
3009 920 3114 972 τῶν
3154 920 3448 990 Ἀσσυρίων
3481 920 3714 991 παρεδόο

2155 1015 2323 1084 θησαν
2362 1013 2724 1084 αἰχμαλωσίᾳ.
2761 1012 2925 1065 Οὐδὲν
2958 1009 3047 1065 οὖν
3074 1012 3379 1083 θαυμαστὸν
3406 1014 3463 1065 ἐν
3492 1012 3716 1082 τοιαύτῃ

2155 1109 2480 1161 καταστάσει
2515 1107 2741 1179 καιρῶν,
2788 1109 2881 1159 καὶ
2926 1106 2993 1160 τὰ
3036 1106 3380 1176 ὲμφερόμενα
3429 1109 3491 1176 τῇ
3546 1106 3715 1175 βίϐλῳ

2153 1199 2257 1252 τῶν
2281 1198 2521 1269 Ψαλμῶν
2554 1199 3003 1261 διαπεπτωκέναι,
3027 1198 3162 1269 λήθῃ
3197 1216 3253 1250 τε
3285 1201 3509 1267 μακροῖς
3535 1216 3717 1267 παρα-

2153 1291 2393 1344 δεδόσθαι
2426 1292 2657 1360 χρόνοις.
2692 1290 2844 1343 Μετὰ
2881 1290 2937 1343 δὲ
2970 1290 3140 1343 ταῦτα
3175 1291 3282 1342 εἴτε
3320 1290 3572 1358 Ἔσδραν,
3603 1290 3716 1341 εἴτε

2153 1382 2273 1435 τινὰ
2307 1383 2489 1453 ἕτερον
2522 1381 2834 1453 προφητῶν,
2880 1383 3007 1452 περὶ
3038 1383 3134 1452 τὴν
3182 1380 3495 1450 συναγωγὴν
3535 1380 3717 1433 αὐτῶν

2156 1472 2563 1533 ἐσπουδακέναι,
2598 1471 2733 1541 μετά
2768 1488 2825 1523 τε
2873 1470 2979 1523 τῶν
3022 1471 3221 1523 λοιπῶν
3261 1472 3353 1523 καὶ
3392 1470 3489 1540 τὴν
3538 1470 3726 1539 βίϐλον

2154 1560 2259 1613 τῶν
2278 1560 2520 1631 Ψαλμῶν
2545 1561 2949 1630 συναγηοχέναι,
2976 1560 3073 1613 ούκ
3098 1560 3161 1612 ἀθ
3172 1561 3307 1632 ρόως
3335 1559 3558 1631 εὑρόντα
3588 1562 3717 1623 τοὺς

2155 1652 2379 1714 πάντας,
2403 1651 2534 1704 ἀλλᾶ
2557 1650 2694 1704 κατὰ
2715 1651 2998 1720 διαφόρους
3015 1652 3254 1722 χρόνους.
3279 1652 3644 1703 Κατατάττειν
3658 1652 3715 1704 δὲ

2156 1745 2211 1795 ὲν
2227 1743 2457 1813 πρώτοις
2488 1744 2611 1805 τοὺς
2631 1741 2874 1813 πρώτους
2891 1742 3326 1812 εὑρισκομένους·
3354 1743 3433 1795 διὸ
3452 1743 3585 1815 μηδὲ
3618 1742 3722 1797 τοῦ.

495 1840 550 1894 in
586 1840 724 1893 libro
750 1814 1227 1906 deprehenduntur
1245 1876 1258 1899 ,
1296 1850 1401 1888 non
1428 1835 1637 1889 ratione
1665 1836 1922 1904 temporis
1949 1852 2048 1905 quo

2154 1832 2314 1884 Δαυῒδ
2349 1831 2546 1901 ἐφεξῆς
2580 1831 2785 1884 κεῖσθαι
2816 1832 2941 1893 τοὺς
2978 1833 3201 1894 πάντας·
3238 1834 3294 1884 ὲν
3320 1832 3374 1885 δὲ
3404 1832 3481 1903 τῷ
3514 1832 3717 1903 μεταξὺ

495 1928 852 2001 pronuntiati,
890 1928 982 1982 sed
1029 1943 1139 1998 quo
1184 1928 1381 1997 reperti
1422 1936 1571 1981 sunt.
1606 1926 1851 1997 llincque
1878 1930 2055 1980 conti-

493 2023 590 2092 git,
628 2030 683 2073 ut
713 2022 803 2090 qui
858 2028 1099 2088 tempore
1149 2019 1479 2089 posteriores
1518 2027 1693 2083 erant,
1737 2019 1863 2088 quia
1896 2020 2052 2087 primi

492 2109 714 2177 reperti,
760 2108 919 2177 primi
974 2108 1201 2175 repositi
1258 2108 1403 2171 sint;
1468 2123 1531 2161 ac
1569 2110 1686 2161 vice
1741 2124 1922 2169 versa,
1957 2109 2049 2176 qui

495 2201 654 2268 primi
681 2200 917 2263 fuerant,
953 2201 1081 2269 quia
1115 2208 1238 2269 post
1270 2200 1407 2253 alios
1433 2201 1573 2253 eruti
1599 2209 1747 2260 sunt,
1783 2204 2048 2269 posterio-

492 2306 607 2345 rem
656 2291 708 2344 in
759 2292 935 2344 locum
974 2292 1084 2345 sint
1128 2291 1435 2345 conSIituli.
1494 2291 1557 2344 Et
1615 2293 1728 2345 hmc
1783 2292 1941 2345 nobis
1990 2292 2056 2345 de

493 2382 791 2461 quaestione
834 2382 1112 2451 proposita
1162 2381 1524 2449 conjectando
1574 2384 1717 2436 dicta
1770 2385 1901 2437 sint.
1935 2382 2054 2436 Jam

491 2485 704 2543 tempus
755 2482 860 2536 est,
901 2482 960 2528 ut
1008 2477 1074 2529 ad
1127 2474 1274 2529 dicta
1323 2475 1485 2544 hujus
1538 2492 1700 2547 quem
1754 2483 2054 2531 tractamus

494 2567 687 2635 psalmi
714 2566 1056 2621 accedamus.

2156 1927 2247 1977 καὶ
2280 1924 2385 1977 τῶν
2414 1924 2543 1976 υἱῶν
2574 1924 2739 1994 Κορὲ,
2787 1923 2879 1977 καὶ
2923 1923 3017 1976 τοῦ
3064 1925 3253 1992 Ἀσάφ,
3284 1925 3378 1977 καὶ
3406 1924 3718 1995 Σολομῶνος

2153 2019 2247 2071 καὶ
2272 2017 2562 2080 Μωῦσέως,
2588 2016 2753 2068 Αίθάν
2794 2034 2853 2069 τε
2900 2017 2994 2070 καὶ
3038 2016 3233 2087 Αίμάν,
3286 2016 3377 2072 καὶ
3425 2018 3583 2071 πάλιν
3623 2020 3717 2071 τοῦ

2154 2109 2313 2162 Δαυῒδ
2345 2108 2689 2179 εὑρίσκεσθαι
2718 2110 2917 2180 ἀναμὶξ
2946 2111 3003 2162 ὲν
3027 2113 3090 2180 τῇ
3125 2110 3286 2181 βίϐλῳ
3309 2113 3716 2183 κατατεταγμέο

2154 2216 2296 2261 νους,
2332 2199 2392 2249 ού
2420 2197 2541 2250 καθ’
2575 2195 2669 2260 οὒς
2703 2198 3003 2270 ἐλέχθησαν
3032 2201 3275 2271 χρόνους,
3315 2200 3451 2254 ἀλλὰ
3478 2200 3598 2253 καθ’
3625 2201 3727 2264 οὒς

2154 2289 2428 2360 εὕρηνται.
2466 2287 2656 2339 Ἔνθεν
2691 2289 2960 2359 συμϐῆναι
3000 2291 3123 2353 τοὺς
3161 2293 3272 2353 τοῖς
3305 2291 3515 2362 χρόνοις
3558 2292 3719 2347 ὑστέ-

2158 2398 2279 2451 ρους
2307 2378 2551 2452 πρώτους
2574 2379 2901 2448 εὑρεθέντας
2933 2380 3303 2453 ἀναληφθῆναι
3327 2382 3589 2458 πρὼτους,
3620 2383 3720 2436 καὶ

2152 2474 2275 2535 τοὺς
2294 2475 2405 2534 τοῖς
2426 2471 2635 2542 χρόνοις
2663 2473 2977 2546 προτέρους,
3012 2475 3149 2545 μετὰ
3170 2475 3339 2528 ταῦτα
3364 2476 3715 2546 εύρημένους,

2150 2561 2207 2615 ὲν
2238 2563 2462 2633 δευτέρᾳ
2493 2563 2862 2633 καταταγῆναι
2890 2564 3063 2636 χώρᾳ.
3096 2566 3277 2619 Ταῦτα
3322 2568 3417 2637 μὲν
3456 2565 3546 2620 οὖν
3585 2570 3721 2638 ἡμῖν

491 2663 571 2725 είς
606 2662 702 2733 τὴν
746 2662 1105 2733 προταθεῖσαν
1149 2662 1374 2734 ζήτησιν
1422 2663 1482 2728 ἐξ
1530 2665 1753 2717 εἰκότων
1794 2662 2048 2735 εἰρήσθω.
2094 2662 2231 2731 Ἤδη
2262 2661 2317 2713 δὲ
2385 2660 2479 2713 καὶ
2518 2660 2627 2712 τῶν
2667 2660 3051 2730 ἐμφερομένων
3099 2660 3157 2712 ὲν
3204 2659 3279 2729 τῷ
3321 2660 3455 2730 μετὰ
3534 2663 3717 2730 χεῖρας

488 2755 687 2827 ψαλμῷ
715 2756 1020 2826 ἐφάψασθαι
1052 2759 1260 2829 καιρός.

558 2846 694 2898 Cum
760 2846 875 2915 pari
927 2854 1088 2914 atque
1138 2846 1321 2901 caateri
1370 2849 1642 2918 prophetae
1687 2851 1847 2905 modo
1880 2849 2049 2903 David

490 2946 695 2990 erraret
720 2937 772 2989 in
803 2937 1210 3003 solitudinibus,
1254 2939 1309 2992 in
1345 2942 1645 3005 montibus,
1682 2942 1734 2995 in
1772 2943 2047 3011 speluncis

2224 2840 2577 2911 Πλανώμενος
2607 2839 2768 2892 Δαυῒδ
2803 2840 3002 2910 ὁμοίως
3034 2842 3143 2902 τοῖς
3182 2839 3382 2903 λοιποῖς
3414 2844 3717 2913 προφήταις

2154 2934 2210 2985 ὲν
2244 2934 2497 3004 ἐρημίαις
2531 2933 2623 2986 καὶ
2645 2933 2815 3001 ὄρεσι,
2849 2934 2939 2985 καὶ
2962 2932 3261 3003 σπηλαίοις,
3285 2934 3378 2985 καὶ
3408 2938 3526 2998 ταῖς
3557 2937 3717 2999 ὀπαῖς

489 3035 544 3082 et
594 3028 651 3082 in
701 3028 1060 3086 foraminibus
1111 3042 1300 3099 terrae,
1361 3036 1693 3090 exercitatus
1751 3037 2047 3101 laboribus,

2151 3025 2248 3095 τῆς
2275 3025 2397 3094 γῆς,
2430 3027 2540 3087 τοῖς
2567 3040 2624 3076 τε
2662 3023 2758 3093 τῆς
2795 3022 3136 3088 ἀνεξικακίας
3164 3024 3343 3086 πόνοις
3378 3025 3717 3094 ἐγγυμναζό-

492 3136 629 3189 quos
660 3121 764 3174 sibi
792 3123 994 3177 oblivio
1020 3124 1343 3193 iujuriarum
1376 3137 1681 3196 pepererat,
1720 3128 1865 3183 hunc
1907 3144 2047 3198 quo-

492 3228 596 3280 que
626 3213 891 3280 psalmum
919 3216 1136 3279 cecinit,
1157 3217 1327 3270 otium
1361 3220 1692 3282 solitudinis,
1724 3220 1918 3274 divina:
1941 3221 2051 3289 phi-

492 3302 752 3371 losophia:
785 3319 1111 3361 consecrans
1144 3325 1156 3359 :
1188 3308 1542 3378 excitansque
1571 3325 1731 3363 suum
1785 3326 1910 3380 erga
1962 3326 2049 3366 res

493 3390 705 3444 divinas
742 3407 1000 3454 amorem.
1031 3397 1318 3450 conﬁtetur
1346 3414 1405 3452 se
1437 3400 1861 3454 immortalitatis
1886 3417 2051 3470 pocu—

494 3482 603 3536 lum
659 3482 851 3537 sitire:
887 3500 1055 3553 quare
1113 3486 1179 3539 ad
1243 3485 1409 3543 Deum
1453 3488 1525 3541 ita
1571 3492 1816 3545 clamat:
1853 3510 1871 3542 ‹
1907 3491 2049 3549 Deus

493 3573 635 3629 Deus
666 3591 819 3629 meus
843 3615 860 3637 ,
892 3576 959 3629 ad
987 3584 1039 3632 te
1060 3576 1127 3633 de
1158 3580 1276 3635 luce
1306 3581 1489 3651 vigilo.
1524 3580 1704 3636 Sitivit
1744 3584 1838 3638 tibi
1869 3586 2049 3639 anima

493 3679 816 3735 mea,quam
874 3667 1191 3734 simpliciter
1237 3669 1331 3725 tibi
1388 3684 1520 3723 caro
1572 3685 1708 3724 mea.
1744 3689 1763 3722 ι
1802 3668 1907 3725 Pro
1957 3671 2051 3725 illo

492 3764 695 3818 autem,
729 3776 745 3807 c
780 3771 940 3825 quam
972 3758 1291 3827 simpliciter
1322 3760 1419 3814 tibi
1452 3776 1580 3814 caro
1614 3777 1755 3823 mea,
1782 3780 1800 3813 ι
1833 3762 2048 3832 Aquila,

496 3867 516 3900 ι
550 3862 790 3918 expansa
820 3856 904 3902 est
952 3850 1045 3903 tibi
1100 3865 1227 3905 caro
1257 3866 1397 3915 mea,
1437 3871 1456 3903 ι
1506 3852 1895 3922 interpretatus
1926 3865 2048 3921 est;

494 3935 857 4008 Symmachus
888 3955 1037 4003 vero,
1078 3958 1097 3991 ‹
1134 3942 1474 4010 concupiscit
1508 3951 1559 3996 te
1582 3958 1710 3997 caro
1737 3959 1852 3997 mea
1879 3961 1894 4010 ;
1924 3962 1941 3994 ι
1979 3945 2049 3997 ita

493 4036 551 4081 ut
580 4043 687 4081 non
722 4030 836 4083 sola
866 4029 1081 4086 Davidis
1105 4032 1286 4085 anima
1320 4032 1386 4085 ad
1424 4032 1591 4086 Deum
1615 4034 2045 4102 expanderetur,

493 4115 585 4170 sed
615 4117 733 4184 ipsa
772 4132 986 4187 quoque
1020 4134 1147 4172 caro
1196 4129 1247 4173 et
1291 4136 1491 4189 corpus
1518 4122 1671 4189 ejus,
1706 4131 1892 4192 utpote
1931 4124 2047 4193 qui,

492 4221 614 4260 cum
645 4205 751 4260 Deo
776 4216 1015 4270 vacaret,
1050 4217 1200 4264 caste
1236 4218 1289 4264 et
1332 4226 1466 4279 pure
1490 4220 1691 4281 ageret.
1723 4212 1859 4268 Illud
1896 4230 2044 4279 vero,

496 4316 514 4347 ‹
558 4297 699 4352 Deus
734 4298 874 4353 Deus
906 4316 1080 4362 meus,
1114 4302 1178 4355 ad
1211 4309 1265 4357 te
1297 4301 1363 4357 de
1396 4303 1518 4357 luce
1550 4304 1734 4373 vigilo,
1770 4326 1789 4358 ι
1822 4319 2045 4362 noctur-

2157 3133 2333 3186 μενος,
2365 3116 2458 3167 καὶ
2508 3114 2597 3167 τὸν
2650 3115 2788 3185 μετὰ
2821 3118 3005 3185 χεῖρας
3035 3110 3127 3187 ᾖδε
3171 3115 3401 3186 ψαλμὸν,
3451 3120 3516 3187 τῇ
3576 3117 3717 3169 κατὰ

2151 3210 2282 3262 Θεὸν
2310 3208 2582 3271 ἀνατιθεὶς
2603 3207 2885 3278 φιλοσοφίᾳ
2912 3207 3006 3278 τὴν
3027 3208 3115 3259 ἐπὶ
3146 3206 3245 3276 τῆς
3268 3209 3362 3278 ὲρή
3373 3225 3471 3277 μου
3501 3210 3712 3279 σχολήν·

2152 3303 2245 3354 καὶ
2278 3302 2367 3354 τὸν
2401 3300 2590 3354 ἑαυτοῦ
2624 3300 2752 3369 περὶ
2790 3298 2859 3352 τὰ
2903 3299 3021 3352 θεῖα
3056 3298 3228 3369 ἔρωτα
3260 3299 3555 3371 διεγείρων,
3585 3302 3716 3371 ὁμο-

2150 3393 2381 3460 λογεῖται
2411 3391 2568 3461 διψῇν
2596 3389 2689 3443 τοῦ
2723 3390 2821 3460 τῆς
2858 3390 3154 3453 ἀθανασίας
3188 3392 3457 3460 πόματος·
3484 3392 3561 3444 διὸ
3589 3392 3717 3446 ἐϐόα

2152 3485 2286 3554 πρὸς
2330 3484 2420 3537 τὸν
2444 3483 2573 3535 Θεὸν
2602 3481 2772 3550 λέγων
2793 3497 2805 3509 ·
2838 3500 2855 3531 ι
2895 3482 2951 3534 Ὀ
2978 3480 3108 3544 Θεὸς
3140 3483 3167 3534 6
3197 3481 3325 3544 Θεός
3352 3499 3473 3551 μου,
3506 3483 3634 3554 πρὸς
3656 3485 3717 3537 σὲ

2149 3575 2402 3647 ὀρθρίζω.
2451 3574 2697 3645 Ἐδίψησέ
2732 3591 2813 3626 σοι
2850 3575 2883 3644 ἡ
2927 3572 3071 3644 ψυχή
3111 3591 3231 3644 μου,
3270 3574 3385 3637 πῶς
3416 3575 3599 3640 ἁπλῶς
3632 3594 3716 3629 σοι

2150 3670 2183 3738 ἡ
2214 3667 2349 3739 σάρξ
2384 3685 2506 3739 μου.
2540 3688 2558 3719 ι
2602 3667 2745 3719 Ἀντὶ
2775 3667 2832 3720 δὲ
2865 3666 2980 3731 τοῦ,
3012 3686 3028 3717 ι
3059 3666 3172 3731 πῶς
3200 3667 3382 3731 ἁπλῶς
3418 3672 3551 3740 σοιή
3580 3669 3715 3743 σάρξ

2153 3776 2271 3830 μου,
2313 3780 2330 3811 ι
2356 3759 2384 3810 6
2419 3760 2515 3830 μὲν
2553 3758 2800 3821 Ἀκύλας,
2840 3778 2858 3809 ι
2902 3758 3134 3830 ἐπετάθη
3171 3776 3249 3812 σοι
3280 3760 3311 3829 ή
3354 3759 3485 3830 σάρξ
3535 3778 3656 3831 μου,
3688 3780 3709 3814 ι

2151 3852 2520 3923 ἡρμήνευσεν·
2556 3852 2584 3905 6
2620 3850 2676 3902 δὲ
2705 3849 3015 3919 Σύμμαχος,
3046 3870 3063 3899 ι
3101 3850 3387 3922 Ὶμείρεταί
3423 3868 3480 3903 σε
3517 3854 3548 3922 ἡ
3579 3852 3714 3921 σάρξ

2155 3961 2285 4013 μου·
2328 3962 2345 3995 ι
2383 3943 2521 3995 ὥστε
2570 3942 2668 4012 οὐχ
2722 3942 2754 4011 ἡ
2797 3941 2941 4012 ψυχὴ
2982 3941 3113 4013 μόνη
3154 3942 3245 3995 τοῦ
3269 3943 3431 3998 Δαυῒδ
3461 3943 3592 4014 πρὸς
3625 3944 3715 3996 τὸν

2147 4034 2276 4086 Θεὸν
2329 4032 2538 4097 τέτατο,
2588 4032 2722 4086 ἀλλὰ
2776 4032 2869 4084 καὶ
2913 4030 3047 4102 αὐτὴ
3092 4035 3124 4103 ή
3179 4033 3314 4106 σὰρξ
3343 4035 3434 4087 καὶ
3465 4034 3526 4087 τὸ
3556 4034 3714 4104 σῶμα

2149 4124 2331 4187 αὑτοῦ,
2382 4123 2698 4192 ἁγνεύοντος
2726 4122 2924 4193 δηλαδὴ
2956 4124 3048 4175 καὶ
3082 4122 3379 4194 καθαρεύον
3393 4142 3472 4187 εος
3522 4122 3609 4176 διὰ
3652 4122 3715 4175 τὸ

2148 4216 2223 4285 τῷ
2267 4215 2384 4285 Θεῴ
2429 4214 2721 4285 σχολάζειν.
2770 4214 2880 4266 Καὶ
2926 4213 2987 4266 τὸ
3041 4214 3215 4281 λέγειν
3246 4214 3321 4276 δὲ,
3362 4233 3380 4266 ι
3424 4214 3482 4266 ὐ
3512 4214 3643 4276 Θεὸς
3681 4214 3713 4265 ό

2147 4308 2277 4370 Θεός
2310 4325 2430 4377 μου,
2459 4306 2595 4379 πρὸς
2648 4306 2708 4358 σὲ
2753 4304 3007 4377 ὀρθρίςω,
3037 4326 3053 4357 ι
3088 4306 3490 4377 παραστατικὸν
3517 4300 3583 4376 ἦν
3616 4306 3713 4373 τῆς

491 4406 574 4443 na:
594 4404 708 4467 suae
738 4390 986 4458 puritatis
1020 4400 1396 4462 argumentum
1420 4401 1557 4448 erat.
1596 4393 1767 4450 Nemo
1788 4398 1931 4451 enim
1949 4398 2042 4468 qui

2151 4399 2464 4469 νυκτερινῆς
2512 4397 2897 4469 καθαρότητος.
2960 4397 3144 4459 Οὐδεὶς
3220 4396 3325 4467 γὰρ
3385 4398 3441 4448 ὲν
3506 4396 3712 4458 κοίταις

488 4481 543 4535 in
574 4481 847 4536 cubilibus
874 4492 1035 4551 atque
1064 4485 1419 4553 impudicitiis
1443 4488 1681 4541 animam
1709 4504 1861 4543 suam
1894 4505 2046 4545 com-

488 4575 860 4642 maculavcrit,
894 4591 1228 4646 corporeque
1265 4579 1439 4647 turpis
1479 4579 1900 4651 immundusque
1932 4582 2050 4637 fue-

486 4667 578 4728 rit,
627 4667 831 4723 talibus
880 4670 1054 4738 possit
1106 4669 1184 4722 uti
1219 4671 1466 4727 vocibus.
1500 4670 1767 4728 Caaterum
1817 4690 2046 4744 magnus

488 4756 575 4809 ille
609 4757 774 4811 David
805 4758 987 4813 fidenti
1017 4761 1376 4827 conscientia,
1405 4778 1509 4816 non
1534 4764 1853 4833 simpliciter
1878 4763 2046 4819 Deum

487 4846 791 4915 invocabat,
827 4851 1035 4915 dicens,
1074 4870 1092 4902 ί
1125 4852 1305 4919 Deus;
1343 4874 1360 4903 ι
1396 4858 1488 4908 sed
1520 4854 1602 4908 bis
1618 4870 1740 4908 eum
1763 4855 1918 4924 quasi
1943 4855 2047 4909 sibi

486 4940 763 5006 proprium
808 4941 1031 4995 ascribit
1065 4960 1080 4995 :
1118 4958 1285 5011 quare
1329 4942 1537 5012 adjicit,
1580 4963 1597 4994 ε
1636 4943 1779 4998 Deus
1812 4960 1983 5000 meus.
2023 4963 2041 4996 ι

486 5027 691 5081 Deinde
722 5029 848 5098 quia
896 5039 951 5081 ut
982 5032 1087 5085 sibi
1138 5034 1417 5102 proprium
1473 5034 1637 5088 Deum
1691 5037 2043 5105 pronuntiare

485 5135 652 5173 ausus
699 5131 837 5187 erat,
879 5124 1003 5177 talis
1045 5138 1212 5179 ausus
1241 5142 1462 5179 causam
1494 5128 1688 5181 edocet
1720 5128 1803 5182 his
1837 5129 2042 5191 verbis,

489 5229 508 5261 ι
546 5210 625 5264 Ad
668 5220 719 5266 te
748 5211 815 5267 de
886 5214 1006 5268 luce
1053 5214 1235 5283 vigilo.
1277 5215 1458 5269 Sitivit
1507 5217 1602 5271 tibi
1651 5218 1830 5271 anima
1882 5234 1997 5273 mea
2026 5260 2041 5285 ,

486 5318 646 5372 quam
682 5303 999 5373 simpliciter
1034 5307 1130 5359 tibi
1162 5322 1292 5361 caro
1326 5322 1464 5362 mea.
1498 5328 1517 5359 ι
1549 5307 1682 5362 Nam
1715 5310 1834 5365 ideo
1880 5310 2042 5365 Deum

487 5410 664 5447 meum
694 5397 1034 5465 compellavi,
1062 5399 1187 5466 quia
1219 5399 1366 5452 nullo
1393 5408 1755 5463 terrenarum,
1803 5403 1888 5457 vel
1925 5417 2044 5471 qua:

372 5508 386 5525 ο
485 5488 659 5543 oculis
689 5489 999 5544 carnalibus
1025 5491 1417 5561 percipiuntur,
1449 5510 1630 5548 rerum
1674 5493 1945 5548 desiderio
1973 5503 2047 5548 te-

488 5598 637 5638 neor.
675 5584 1137 5648 Quemadmodum
1160 5588 1301 5641 enim
1326 5588 1618 5659 Apostolus
1648 5587 1786 5640 dixit
1814 5606 1824 5640 :
1859 5607 1877 5639 ‹
1910 5585 2043 5638 Vivo

489 5685 689 5739 autem,
718 5676 829 5744 jam
860 5692 967 5731 uon
988 5694 1108 5750 ego,
1135 5680 1263 5735 vivit
1295 5696 1418 5736 vero
1449 5681 1500 5735 in
1533 5697 1615 5737 mc
1646 5679 1897 5735 Christus
1912 5680 1986 5744 I‘°;
2019 5699 2036 5731 ι

562 5787 605 5819 ³⁸
641 5786 755 5843 Gal.
792 5807 850 5855 ll,
884 5792 972 5847 20.

2148 4490 2242 4542 καὶ
2292 4487 2599 4555 ἀσελγείαις
2662 4486 2906 4556 ρυπάνας
2983 4484 3173 4539 ἑαυτοῦ
3231 4484 3326 4553 τὴν
3391 4484 3586 4553 ψυχὴν,
3620 4482 3712 4533 καὶ

2146 4580 2207 4633 τὸ
2240 4579 2399 4649 σῶμα
2436 4578 2627 4649 μιαρὸς
2674 4577 2748 4628 ῶν
2805 4578 2897 4630 καὶ
2941 4576 3244 4647 ἀκάθαρτος
3265 4614 3281 4639 ,
3314 4570 3423 4637 οἷός
3451 4574 3497 4625 τ’
3527 4572 3591 4626 ἂν
3623 4572 3709 4641 είη

2146 4669 2243 4732 τὰς
2270 4668 2521 4729 τοιαύτας
2551 4666 2867 4735 προσίεσθαι
2895 4666 3093 4733 φωνάς.
3125 4666 3267 4735 Πλὴν
3295 4666 3323 4717 6
3355 4664 3526 4732 μέγας
3552 4661 3711 4715 Δαυῖὸ

2148 4758 2676 4830 πεπαρρησιασμένῃ
2700 4758 2998 4827 συνειδήσει
3020 4759 3115 4827 οὐχ
3138 4757 3319 4820 ἁπλῶς
3339 4757 3425 4809 τὸν
3445 4756 3575 4808 Θεὸν
3592 4757 3710 4807 ἀνε-

2148 4851 2381 4913 καλεῖτο,
2426 4850 2620 4918 λέγων,
2656 4867 2674 4899 ι
2720 4850 2773 4903 Ὀ
2800 4850 2956 4914 Θεός·
3001 4870 3018 4901 ι
3052 4849 3299 4919 δεύτερον
3331 4848 3385 4901 δὲ
3416 4848 3490 4909 ὡς
3518 4845 3709 4899 ἑαυτοῦ

2149 4944 2277 4995 ἴδιον
2312 4942 2438 4995 ὄντα
2468 4943 2824 5013 ἐπεγράφετο·
2862 4943 2938 4996 διὸ
2968 4942 3287 5014 προστίθησι
3338 4941 3575 5010 φάσκων·
3603 4959 3621 4990 ι
3654 4940 3709 4992 Ὁ

2145 5034 2274 5096 Θεός
2301 5050 2421 5104 μου.
2474 5052 2490 5083 ι
2525 5030 2633 5086 Εἶτ’
2664 5034 2954 5105 ἐπειδήπερ
2978 5033 3167 5086 ἑαυτοῦ
3196 5033 3326 5085 Θεὸν
3354 5031 3708 5103 ἀναγορεῦσαι

2146 5126 2306 5179 αὐτὸν
2340 5125 2656 5195 τετόλμηκε,
2686 5126 2784 5195 τῆς
2818 5125 3017 5196 τόλμης
3034 5126 3128 5196 τὴν
3161 5124 3335 5178 αἰτίαν
3350 5124 3585 5177 διδάσκει
3611 5123 3708 5175 λέ-

2144 5238 2273 5289 γων,
2307 5238 2323 5269 ι
2349 5219 2487 5291 Πρὸς
2506 5219 2563 5270 σὲ
2586 5218 2835 5288 ὀρθρίζω.
2857 5217 3099 5288 Ἑδίψησέ
3126 5234 3203 5269 σοι
3229 5220 3259 5287 ἡ
3285 5216 3426 5287 ψυχή
3455 5231 3574 5285 μου,
3594 5213 3708 5277 πῶς

2146 5312 2328 5374 ἁπλῶς
2361 5315 2498 5381 σοιή
2532 5311 2663 5381 σάρξ
2724 5329 2842 5380 μου.
2882 5330 2898 5359 ι
2932 5309 3029 5361 Διά
3076 5308 3247 5362 ταῦτα
3286 5308 3391 5378 γὰρ
3434 5307 3562 5359 Θεόν
3607 5322 3705 5376 μου

2145 5405 2455 5472 προσεῖπον,
2506 5403 2799 5470 ἐπειδήπερ
2851 5399 3058 5463 οὐδενὸς
3112 5398 3218 5451 τῶν
3270 5396 3541 5464 ἐπιγείων,
3590 5394 3704 5448 ἀλλ’

2143 5494 2262 5547 ούδὲ
2306 5493 2411 5545 τῶν
2441 5492 2736 5562 ὀφθαλμοῖς
2779 5492 2977 5562 σαρκὸς
3004 5490 3293 5563 ὁρωμένων
3334 5487 3603 5559 περιέλκει
3636 5503 3703 5557 με

2144 5587 2324 5649 πόθος.
2365 5588 2573 5658 Ὥσπερ
2633 5588 2689 5641 δὲ
2742 5590 2793 5640 6'
2822 5586 3159 5650 Ἀπόστολος,
3180 5606 3196 5635 ‹
3223 5584 3329 5648 Ζῶ,
3373 5585 3552 5653 φησιν,
3580 5582 3705 5633 ούκ-

2144 5680 2221 5732 ἑτι
2256 5678 2389 5747 ἐγώ·
2430 5679 2494 5748 ζῇ
2536 5678 2592 5732 δὲ
2640 5681 2694 5732 ὲν
2747 5680 2866 5749 ἐμοὶ
2904 5679 3159 5749 Χριστός·
3198 5699 3216 5729 ι
3253 5676 3472 5747 τοιαύτῃ
3503 5673 3706 5741 διανοίᾳ
