4100 6510
327 312 439 375 805

1475 316 1981 372 COMMENTARIA
2012 316 2078 371 IN
2117 315 2455 371 PSALMOS.

3456 313 3559 369 606

324 427 420 482 καὶ
451 427 614 482 Δαυῒδ
655 429 730 499 τῷ
758 429 874 501 Θεῷ
908 430 1091 500 ἔλεγε·
1131 451 1149 483 1
1193 434 1333 503 Πρὸς
1365 434 1422 487 σὲ
1454 435 1703 507 όρθρίξω.
1752 437 1888 490 Ἐδί-

1993 438 2181 493 eadem
2234 436 2506 491 sententia
2564 434 2730 489 David
2792 434 2899 489 Deo
2951 434 3207 489 dicebat:
3254 453 3267 483 ι
3306 430 3386 486 Ad
3418 440 3466 486 te
3490 432 3554 484 de

320 519 465 589 ψησέ
496 522 630 590 σοιὴ
662 520 801 592 ψυχή
838 539 955 591 μου.
1003 542 1020 575 ι
1065 523 1207 577 Ὠσε)⁸
1250 528 1343 578 καὶ
1382 525 1534 597 χώρα
1564 544 1665 589 τις,
1694 529 1766 598 μὴ
1799 545 1890 580 τυ-

320 611 495 680 χοῦσα
548 611 641 664 τοῦ
696 614 957 683 συνήθους
1009 614 1186 678 ὑετοῦ,
1221 617 1379 687 διψῇν
1413 617 1621 685 λέγοιτο
1660 617 1847 672 τούτου
1872 636 1885 648 ⁸

317 702 411 755 τὸν
444 703 605 755 αὐτὸν
630 703 900 776 δὲτρόπον
922 706 1138 777 ἐδίψησε
1174 724 1273 770 σοι,
1312 708 1343 779 ἢ
1377 708 1643 779 ίμείρεταί
1673 726 1730 762 σε
1756 711 1889 782 πρὸς

318 795 386 863 τῇ
424 792 565 863 ψυχῇ
615 810 716 864 μου
758 796 848 847 καὶ
879 796 1015 866 αύτὴ
1047 799 1079 867 η
1109 796 1243 868 σάρξ
1273 815 1394 867 μου,
1428 798 1784 853 πολυπλάσιον
1815 801 1890 864 ὡς

316 883 548 953 διψῶσα.
594 886 799 957 Ὥσπερ
832 886 937 958 γὰρ
979 891 1224 957 φυσικοῖς
1262 888 1437 958 λόγοις
1464 890 1560 962 τὴν
1594 893 1695 962 γῆν
1721 892 1889 962 αὑτήν

319 993 500 1046 φαμεν
532 976 687 1047 διψῆν
742 977 949 1041 ὓδατος,
982 978 1120 1033 οὕτω
1154 980 1246 1031 καὶ
1282 982 1311 1050 ἡ
1354 981 1489 1053 σάρξ
1526 1000 1626 1052 μου
1672 982 1886 1053 ἐδίψησέ

318 1083 423 1128 σοι,
450 1066 610 1136 φησί’
636 1067 715 1119 διὸ
747 1068 1023 1139 ἐπιφέρειο
1060 1088 1078 1120 1
1117 1070 1203 1123 Ἐν
1230 1074 1296 1141 γῇ
1334 1074 1523 1144 ἐρήμῳ
1553 1075 1646 1127 καὶ
1678 1074 1884 1144 ἀϐάτῳ,

318 1160 415 1209 καὶ
470 1157 701 1231 ἀνύδρῳ,
745 1178 763 1209 ι
805 1159 837 1230 ἧ
882 1160 1023 1213 κατὰ
1062 1161 1151 1215 τὸν
1195 1162 1520 1234 Σύμμαχον·
1556 1183 1573 1215 1
1617 1165 1701 1229 Ὥς
1731 1167 1787 1219 ἐν
1816 1170 1885 1238 γῇ

314 1249 493 1318 διψὰδι
520 1251 611 1303 καὶ
650 1249 862 1303 ἐκλύσει
905 1252 980 1322 μὴ
1010 1252 1344 1324 ὑπάρχοντος
1377 1253 1583 1319 ὓδατος.
1622 1254 1887 1309 »Δύναται

314 1341 373 1396 δὲ
412 1342 505 1394 καὶ
537 1341 632 1413 τὴν
656 1341 860 1413 ἔρημον
902 1343 1069 1414 αὐτὴν
1116 1345 1404 1415 σημαίνειν
1443 1346 1531 1399 διὰ
1570 1346 1800 1412 τούτων,
1831 1348 1889 1400 ἐν

316 1428 349 1506 ᾖ
380 1434 595 1502 φεύγων
627 1435 717 1489 τὸν
750 1436 919 1489 Σαοὺλ
951 1436 1049 1499 τὰς
1081 1436 1360 1510 διατριϐὰς
1388 1441 1638 1492 ἐποιεῖτο.
1667 1441 1889 1503 Πάντως

315 1524 427 1593 γάρ
462 1540 560 1576 που
608 1526 664 1578 ἐν
696 1525 867 1599 ταύτῃ
897 1526 1175 1597 τυγχάνων
1201 1530 1295 1582 καὶ
1323 1530 1536 1601 μακρὰν
1567 1530 1887 1601 ἀπῳκισμέ-

314 1615 522 1686 νοςτῆς
554 1614 787 1669 κιϐωτοῦ
833 1616 926 1669 τοῦ
968 1616 1103 1671 Θεοῦ
1136 1617 1229 1670 καὶ
1272 1618 1369 1689 τῆς
1418 1618 1512 1672 τοῦ
1551 1619 1889 1689 ἁγιάσματος

317 1705 546 1776 σκηνῆς,
593 1707 652 1759 ἐν
769 1707 868 1771 τὰς
913 1707 1053 1761 κατὰ
1101 1709 1261 1780 νόμον
1309 1708 1586 1763 ἐποιοῦντο
1614 1709 1885 1780 λατρείας,

1992 531 2113 584 luce
2146 530 2324 599 vigilo.
2370 527 2552 582 Sitivit
2582 528 2676 581 tibi
2714 528 2892 580 anima
2924 542 3059 580 mea.
3088 546 3105 578 ι
3133 525 3244 579 Ceu
3270 539 3397 594 ager
3423 538 3553 576 cou-

1990 631 2143 677 sueta
2171 621 2396 676 orbatus
2424 619 2625 690 pluvia,
2655 634 2775 674 eam
2811 619 2961 673 sitire
2999 618 3213 670 dicatur
3233 656 3245 677 ,
3282 616 3362 668 sic
3386 613 3551 667 sitivit

1988 715 2109 773 tibi.
2142 713 2222 767 vel
2248 712 2585 781 concupiscit
2622 720 2695 773 te,
2729 726 2852 765 cum
2889 711 3067 763 anima
3101 722 3239 769 mea,
3273 714 3385 759 tum
3439 705 3551 773 ipsa

1990 821 2119 860 caro
2165 819 2306 869 mea,
2332 819 2494 875 quam
2532 803 2905 873 multipliciter
2939 802 3153 856 sitiens.
3204 798 3357 852 Sicut
3410 797 3547 849 enim

1991 896 2214 966 physice
2244 896 2514 966 loquendo
2551 903 2750 947 terram
2778 892 3009 946 dicimus
3034 892 3185 945 sitire
3218 901 3443 958 aquam,
3481 886 3546 938 ita

1987 995 2041 1042 et
2083 1001 2211 1041 caro
2256 1001 2397 1050 mea,
2438 985 2633 1055 inquit,
2666 984 2837 1040 sitivit
2864 983 2962 1036 tibi
2991 1002 3004 1036 :
3034 998 3201 1052 quare
3230 979 3413 1039 infert.
3440 996 3458 1028 1
3493 975 3551 1031 lu

1989 1086 2132 1131 terra
2162 1076 2401 1140 deserta,
2434 1083 2487 1131 et
2529 1075 2695 1136 invia,
2728 1083 2781 1129 et
2816 1076 3111 1144 inaquosa;
3156 1094 3174 1124 ›
3212 1074 3325 1127 sive
3354 1086 3552 1126 secuti-

1988 1167 2117 1221 dum
2176 1167 2561 1239 Symmachum
2600 1186 2613 1220 :
2653 1185 2670 1217 1
2714 1166 2882 1232 Quasi
2940 1165 2993 1219 in
3044 1172 3189 1218 terra
3252 1162 3457 1217 sitienti
3498 1169 3552 1216 ct

1988 1255 2241 1328 languida
2291 1270 2399 1310 non
2457 1256 2757 1310 exsistente
2791 1269 2951 1325 aqua.
2995 1273 3013 1306 ι
3054 1252 3150 1308 llis
3200 1268 3327 1307 vero
3376 1254 3551 1322 ipsam

1988 1348 2336 1405 solitudinem
2385 1348 2694 1419 signiﬁcare
2724 1355 2923 1417 potest,
2955 1347 3011 1401 in
3040 1363 3168 1417 qua,
3205 1344 3420 1399 Saulem
3466 1344 3552 1398 fu-

1987 1440 2162 1512 giens,
2197 1454 2385 1494 moras
2418 1432 2686 1495 trahebat.
2724 1436 3003 1507 Siquidem
3035 1440 3163 1491 dum
3195 1437 3269 1490 ibi
3308 1449 3553 1490 versare-

1989 1542 2097 1598 tur,
2135 1532 2203 1586 ab
2232 1547 2357 1585 arca
2389 1530 2484 1586 Dei
2524 1537 2578 1586 et
2614 1545 2644 1584 a
2674 1530 3028 1586 tabernaculo
3058 1526 3506 1584 sanctiﬁcationis
3534 1563 3548 1587 ,

1988 1624 2044 1678 in
2102 1638 2211 1694 quo
2284 1623 2508 1693 legalem
2570 1623 2778 1677 cultum
2828 1622 3305 1692 exsequebantur,
3361 1617 3553 1689 procul

1988 1726 2232 1772 remotus
2262 1724 2399 1771 erat.
2436 1714 2641 1770 Ilorum
2696 1716 2787 1770 ille
2839 1722 3189 1786 conspectum
3240 1712 3550 1783 exoptabat.

314 1797 519 1853 τούτων
551 1798 732 1851 ὲπύθει
770 1800 868 1871 τὴν
914 1799 1062 1853 θέαν.
1095 1800 1302 1871 Ὥσπερ
1330 1800 1385 1853 δὲ
1412 1801 1485 1871 γῆ
1518 1800 1723 1871 διψῶσα
1763 1799 1886 1852 ’ὑδα-

1992 1809 2457 1876 Quemadmodum
2487 1817 2667 1864 autem
2697 1817 2841 1864 terra
2877 1810 3068 1863 sitiens
3098 1822 3293 1879 aquam
3327 1806 3551 1876 expetit,

314 1907 405 1954 τος
437 1889 709 1963 ὀρέγεται,
729 1891 889 1955 οὕτω,
926 1892 1078 1961 φησὶ,
1114 1892 1205 1944 καὶ
1236 1893 1269 1962 ὴ
1297 1892 1403 1962 ἐμὴ
1423 1891 1567 1962 ψυχὴ
1597 1891 1665 1945 τὰ
1697 1892 1779 1944 σοὶ
1810 1890 1887 1960 τῷ

312 1982 433 2053 Θεῷ
461 1983 665 2055 ἀρεστὰ
691 1984 783 2036 καὶ
804 1982 933 2052 φίλα
955 1983 1113 2053 διψεί·
1146 1984 1222 2047 ὡς
1250 1984 1517 2037 ἐκλείπειν
1552 1984 1643 2037 καὶ
1662 1984 1888 2055 ἐκτήκε-

312 2074 462 2140 σθαι,
497 2075 645 2146 εί’μὴ
684 2074 975 2146 μεταλάϐοι
1003 2077 1100 2148 τῆς
1130 2075 1280 2148 παρὰ
1323 2076 1404 2129 σοὶ
1434 2077 1641 2147 πηγῆς·
1670 2077 1797 2148 περὶ
1822 2071 1888 2147 ἧς

312 2164 562 2237 εἴρηται.
603 2184 622 2217 1
666 2166 787 2219 Ὀτι
831 2166 981 2238 παρὰ
1036 2167 1119 2219 σο)⁸
1162 2168 1310 2238 πηγὴ
1343 2166 1508 2237 ζωῆς.
1544 2168 1635 2220 Διὸ
1670 2168 1886 2238 ἐδίψησέ

314 2274 399 2313 σοι
429 2260 462 2328 ἡ
510 2258 653 2330 ψυχή
687 2277 809 2329 μου.
846 2279 864 2311 ι
912 2259 1256 2329 Ἐδίψησεδὲ
1287 2259 1423 2324 πῶς,
1465 2260 1754 2331 ἐρμηνεύει
1797 2259 1888 2311 λέ-

314 2364 429 2417 γων
477 2346 639 2419 ἐξῆςο
676 2368 694 2400 1
735 2350 920 2414 Οὕτως
950 2351 1007 2403 ἐν
1046 2350 1123 2421 τῷ
1162 2351 1302 2422 ἁγίῳ
1344 2350 1530 2421 ὤφθην
1559 2368 1661 2415 σοι,
1700 2370 1718 2402 ι
1755 2350 1888 2404 ὡσεὶ

314 2444 468 2512 ἔλεγε
502 2440 688 2496 τοῦτο·
730 2443 1008 2514 Ἐδίψησεν
1053 2446 1086 2515 ἡ
1126 2444 1270 2517 ψυχή
1303 2461 1402 2515 μου
1436 2445 1497 2497 τὸ
1538 2445 1767 2517 ὀφθῆναί
1806 2463 1887 2500 σοι

314 2537 375 2590 ἐν
404 2534 483 2605 τῷ
504 2534 581 2605 σῷ
605 2534 924 2605 ἁγιάσματι,
954 2554 973 2586 1
1009 2536 1101 2589 τοῦ
1140 2536 1265 2589 ίδεῐν
1293 2536 1390 2608 τὴν
1413 2537 1641 2609 δύναμίν
1670 2556 1760 2591 σου
1796 2540 1889 2593 καὶ

314 2630 416 2701 τὴν
469 2627 625 2692 δόξαν
674 2645 786 2681 σου.
842 2648 860 2677 ι
914 2628 1161 2682 Τοιοῦτον
1195 2628 1251 2682 δέ
1277 2630 1408 2699 ἐστι
1451 2631 1630 2683 καὶτὸ
1654 2631 1741 2685 διὰ
1781 2631 1888 2685 τῶν

314 2719 622 2796 ἔμπροσθεν
650 2719 966 2792 εἰρημένον·
1002 2737 1021 2770 1
1065 2719 1342 2789 Ἐδίψησεν
1371 2723 1403 2792 ἡ
1440 2720 1584 2791 ψυχή
1618 2738 1717 2792 μου
1753 2722 1887 2793 πρὸς

314 2815 408 2871 τὸν
427 2812 556 2865 Θεὸν
580 2812 671 2865 τὸν
705 2813 919 2884 ἰσχυρὸν
947 2813 1039 2866 τὸν
1072 2811 1270 2877 ζῶντα,
1302 2813 1430 2866 πότε
1453 2814 1566 2883 ἥξω
1601 2815 1693 2867 καὶ
1720 2815 1887 2887 ὀφθή-

313 2921 481 2974 σομαι
528 2903 605 2974 τῷ
652 2903 928 2975 προσώπῳ
974 2903 1067 2956 τοῦ
1114 2904 1269 2960 Θεοῦ.
1309 2924 1327 2956 ι
1360 2905 1652 2975 Γενόμενος
1690 2905 1799 2973 γὰρ
1829 2908 1886 2957 ἐν

313 2994 391 3063 τῷ
442 2994 580 3065 ἁγίῳ
638 3010 753 3058 σου,
800 2996 928 3065 περί
983 2987 1044 3047 οῦ
1096 2995 1307 3066 εἴρηται
1339 2997 1394 3047 ἐν
1423 2994 1613 3065 ἑτέρῳ,
1645 3013 1662 3045 1
1709 2994 1887 3059 Ἂπαξ

312 3087 502 3159 ὤμοσα
533 3090 591 3140 ἐν
624 3087 698 3158 τῷ
724 3088 865 3158 ἁγίῳ
891 3105 1014 3158 μου,
1057 3107 1076 3139 ι
1111 3086 1322 3157 πρῶτον
1352 3087 1450 3158 μὲν
1481 3086 1640 3149 αὐτὸς
1659 3086 1888 3158 ὀφθήσο-

314 3182 413 3253 μαί
440 3198 540 3246 σοι,
563 3180 1085 3252 δοκιμασθησόμενος
1122 3182 1167 3233 εί
1196 3180 1342 3245 ἄξιος
1364 3178 1479 3251 εἴην
1500 3180 1599 3249 τῆς
1620 3179 1718 3249 σῆς
1740 3179 1885 3253 θέας.
1917 3172 1957 3229 C

314 3269 448 3331 Εἶτα
485 3273 632 3339 ἄξιος
675 3272 878 3341 ὀφθεὶς,
915 3273 1114 3343 ὄψομαι
1145 3272 1243 3343 τὴν
1272 3271 1499 3342 δύναμίν
1528 3288 1621 3324 σου
1665 3272 1757 3323 καὶ
1792 3270 1887 3343 τὴν

311 3365 471 3431 δόξαν
498 3381 592 3419 σου
611 3381 623 3393 ·
656 3359 729 3416 ὧν
760 3363 1016 3418 ἀδύνατόν
1048 3365 1193 3416 ἐστιν
1228 3365 1308 3426 είς
1336 3362 1567 3435 Θεωρίαν
1590 3361 1784 3427 ἐλθεῖν,
1812 3363 1887 3435 μὴ

310 3455 430 3525 οὐχὶ
489 3454 753 3526 πρότερον
802 3456 858 3507 ἐν
899 3453 977 3524 τῷ
1019 3454 1157 3524 ἁγίῳ
1205 3453 1513 3524 γενόμενον,
1548 3454 1642 3507 καὶ
1676 3453 1888 3525 πρῶτον

310 3546 545 3615 ὀφθέντα
572 3546 718 3612 ἄξιον
738 3545 845 3598 τῶν
877 3545 969 3599 τοῦ
990 3544 1123 3598 Θεοῦ
1151 3544 1391 3613 ἀγαθῶν.
1407 3545 1569 3600 Μετὰ
1589 3546 1697 3617 γὰρ
1720 3546 1890 3600 ταῦτα

309 3640 504 3710 ὄψεταί
540 3655 644 3703 τις,
678 3638 754 3701 ὡς
796 3638 860 3691 ἂν
894 3637 991 3709 ἤδη
1024 3636 1498 3707 δεδοκιμασμένος,
1527 3637 1626 3707 τὴν
1665 3636 1889 3706 δύναμιν

308 3732 407 3787 τοῦ
438 3730 573 3784 Θεοῦ
601 3730 696 3783 καὶ
722 3728 819 3800 τὴν
845 3728 1001 3793 δόξαν
1030 3728 1214 3782 αὐτοῦ.
1237 3730 1347 3782 Καὶ
1376 3730 1524 3793 τέλος
1538 3728 1647 3781 τῶν
1670 3728 1890 3797 ἀγαθῶν

308 3823 457 3878 τοῦτ’
493 3823 558 3877 ἄν
582 3822 665 3895 εἴη
696 3823 755 3876 τὸ
782 3824 839 3875 ἐν
868 3821 1071 3894 θεωρίᾳ
1095 3820 1297 3874 τούτων
1320 3819 1600 3889 γενέσθαι·
1630 3821 1709 3873 διὸ
1746 3820 1891 3874 λέλε-

309 3934 441 3971 κται
459 3933 472 3946 ο
503 3917 835 3985 ιῃΜακάριοι
861 3916 908 3968 οί
934 3913 1166 3983 καθαροὶ
1184 3916 1248 3984 τῇ
1268 3913 1483 3985 καρδίᾳ,
1514 3914 1594 3966 ὅτι
1625 3914 1776 3966 αὐτοὶ
1801 3913 1891 3965 τὸν

310 4008 449 4061 Θεὸν
512 4005 753 4075 ὄψονται.
817 4025 837 4058 ι
878 4004 1047 4058 Τοῦτο
1085 4000 1177 4057 οῦν
1223 4004 1472 4075 ἐδίψησεν
1521 4008 1555 4076 ὴ
1605 4004 1751 4075 ψυχὴ
1796 4004 1889 4057 τοῦ

310 4098 510 4153 Δαυῖδ’
544 4098 624 4152 διὸ
668 4098 871 4168 ἔλεγεν·
907 4116 925 4149 ‹
971 4098 1028 4151 '0
1070 4096 1201 4162 Θεὸς
1257 4098 1283 4151 ό
1332 4096 1461 4161 Θεός
1506 4113 1627 4169 μου,
1651 4097 1785 4167 πρὸς
1832 4096 1891 4149 σὲ

310 4190 570 4266 όρθρίζω.
615 4189 867 4261 Ἐδίῂσέ
911 4206 991 4243 σοι
1020 4190 1052 4261 ἡ
1086 4188 1229 4260 ψυχή
1258 4205 1383 4259 μου.
1416 4208 1435 4241 ι

392 4327 413 4360 1
444 4308 565 4363 Ὅτι
598 4310 851 4378 κρεῖσσον
875 4305 936 4358 τὸ
971 4304 1116 4368 ἔλεός
1157 4320 1247 4357 σου
1284 4303 1422 4375 ὑπὲρ
1446 4300 1611 4368 ζωὰς,
1637 4302 1706 4357 τὰ
1739 4304 1888 4377 χείλη

315 4420 420 4474 μου
466 4400 808 4463 ἐπαινέσουσί
838 4418 914 4456 σε.
960 4420 979 4453 ›
1024 4402 1082 4454 Ὀ
1115 4399 1214 4472 τὴν
1240 4398 1401 4469 φύσιν
1422 4397 1514 4451 τοῦ
1539 4396 1733 4469 θνητοῦ
1776 4398 1890 4467 βίου

1989 1901 2071 1955 sic
2105 1900 2283 1953 anima
2312 1913 2454 1962 mea,
2490 1899 2587 1964 ait,
2621 1914 2742 1969 qua:
2771 1899 2866 1952 tibi
2900 1899 3099 1967 placita
3123 1905 3176 1952 et
3209 1897 3408 1951 dilecta
3429 1903 3599 1949 sunt”

1989 1990 2268 2047 sitibunda
2302 1990 2680 2061 concupiscit;
2716 1991 2789 2044 ita
2819 1996 2879 2044 ut
2922 1992 2968 2045 si
3007 1989 3153 2043 illius
3178 1988 3269 2058 qui
3304 2002 3474 2057 penes
3503 1992 3555 2039 te

1988 2092 2069 2139 est
2098 2082 2266 2138 fontis
2304 2083 2576 2153 particeps
2604 2097 2713 2137 non
2752 2081 2933 2143 ﬁerit.
2957 2080 3172 2135 deﬁciat
3210 2088 3263 2135 et
3305 2078 3557 2133 contabe-

1988 2183 2133 2237 scat;
2173 2175 2240 2229 de
2277 2190 2385 2244 quo
2432 2172 2580 2228 fonte
2638 2174 2842 2227 dictum
2879 2185 3006 2228 est:
3045 2190 3062 2223 1
3101 2171 3368 2237 Quoniam
3410 2168 3555 2239 apud

1987 2274 2041 2322 te
2087 2276 2173 2321 est
2233 2264 2355 2321 fons
2400 2266 2523 2320 vita:
2544 2265 2612 2319 °‘.
2655 2284 2674 2316 ι
2709 2263 2889 2330 Quare
2944 2282 2962 2313 1
2994 2264 3165 2318 sitivit
3223 2263 3323 2316 tibi
3373 2261 3555 2315 anima

1989 2373 2129 2414 mea.
2169 2376 2187 2409 ι
2226 2357 2345 2423 Quo
2378 2364 2540 2427 pacto
2572 2357 2743 2422 sitiat,
2769 2370 2895 2409 mox
2926 2355 3100 2424 aperit
3128 2373 3140 2408 :
3182 2373 3199 2405 1
3234 2352 3323 2407 Sic
3348 2353 3401 2406 in
3434 2366 3556 2407 san-

1987 2458 2077 2505 cto
2135 2450 2362 2521 apparui
2405 2449 2526 2513 tibi,
2562 2468 2581 2501 ι
2628 2462 2691 2502 ac
2743 2448 2790 2504 si
2842 2447 3093 2502 diceret:
3132 2446 3313 2500 Sitivit
3371 2445 3555 2500 anima

1987 2556 2104 2595 mea
2161 2548 2437 2610 aspectum
2490 2546 2645 2593 tuum
2696 2538 2753 2593 in
2805 2537 3118 2593 sanctuario
3171 2544 3286 2598 tuo,
3330 2554 3347 2586 1
3389 2543 3446 2587 ut
3473 2534 3554 2587 vi-

1987 2632 2140 2687 deam
2168 2633 2420 2687 virtutem
2451 2638 2600 2685 tuam
2623 2638 2676 2686 et
2696 2630 2921 2701 gloriam
2958 2636 3126 2682 tuam.
3164 2648 3182 2680 )
3224 2627 3411 2681 Simile
3428 2627 3557 2680 huic

1987 2732 2072 2779 est
2094 2724 2224 2778 illud
2254 2724 2507 2794 superius
2540 2722 2747 2777 dictum
2779 2740 2791 2775 :
2822 2738 2840 2771 1
2874 2720 3060 2774 Sitivit
3084 2720 3265 2773 anima
3316 2733 3434 2774 mea
3486 2716 3553 2770 ad

1988 2813 2156 2868 Deum
2202 2812 2394 2869 fortem
2434 2814 2641 2879 vivum,
2675 2811 2895 2882 quando
2929 2813 3143 2865 veniam
3188 2818 3241 2865 et
3282 2809 3555 2880 apparebo

1989 2916 2117 2963 ante
2172 2906 2361 2961 faciem
2422 2904 2599 2961 Dei“.
2641 2924 2657 2957 ι
2700 2903 2757 2958 1η
2789 2913 2982 2960 sancto
3037 2904 3237 2974 quippe
3294 2909 3389 2955 tuo
3424 2916 3555 2954 con-

1990 3000 2234 3063 stitutus,
2262 2998 2326 3053 de
2359 3012 2467 3067 quo
2512 2997 2567 3051 in
2619 2998 2726 3051 alio
2758 2997 2968 3067 psalmo
2997 2996 3202 3049 dictum
3229 2999 3351 3047 est:
3390 3010 3408 3042 1
3459 2991 3556 3046 Se-

1991 3090 2097 3145 nel
2129 3089 2305 3159 juravi
2331 3089 2383 3142 in
2415 3094 2608 3142 sancto
2644 3104 2764 3143 meo
2790 3088 2858 3151 ⁸³,
2892 3106 2909 3139 ι
2937 3086 3112 3157 primo
3137 3084 3408 3154 apparebo
3432 3082 3553 3147 tibi,

1992 3191 2050 3238 Iit
2076 3184 2335 3254 probetur
2363 3197 2493 3236 num
2523 3181 2720 3251 dignus
2747 3190 3043 3249 conspectu
3082 3188 3174 3232 tuo
3196 3178 3319 3232 sim.
3354 3176 3556 3231 Deinde

1991 3291 2113 3330 cum
2161 3275 2354 3345 dignus
2395 3273 2723 3343 comperiar,
2755 3271 2950 3326 videbo
3008 3270 3264 3323 virtutem
3323 3277 3469 3321 tuam
3501 3272 3558 3322 et

1992 3364 2219 3435 gloriam
2283 3369 2428 3416 tuam
2464 3380 2476 3415 :
2512 3362 2578 3416 ad
2634 3376 2864 3431 quarum
2928 3368 3281 3428 conspectum
3343 3356 3557 3410 admitti

1990 3471 2149 3510 nemo
2190 3462 2385 3526 potest,
2413 3454 2544 3525 quin
2581 3454 2735 3525 prius
2785 3454 2839 3507 in
2872 3460 3063 3507 sancto
3082 3453 3177 3517 sit,
3199 3466 3261 3505 ac
3286 3452 3438 3522 prius
3473 3450 3557 3503 di-

1990 3550 2133 3603 vinis
2189 3550 2343 3604 bonis
2394 3548 2592 3618 dignus
2636 3558 2915 3618 appareat.
2950 3545 3145 3601 Postea
3175 3546 3320 3600 enim
3352 3543 3555 3614 quivis,

1993 3638 2298 3709 utpotejam
2324 3639 2604 3708 probatus,
2628 3639 2882 3691 virtutem
2903 3637 3194 3706 etgloriam
3220 3634 3313 3689 Dei
3332 3635 3555 3689 videbit.

1992 3730 2152 3803 lsque
2201 3732 2319 3785 ﬁnis
2351 3732 2619 3785 bonorum
2662 3730 2846 3794 fuerit,
2888 3729 2955 3782 ad
2982 3746 3171 3784 eorum
3222 3728 3558 3796 contempla-

1993 3822 2192 3876 tionem
2217 3819 2461 3877 admitti:
2491 3835 2661 3891 quare
2703 3819 2909 3873 dictum
2940 3827 3025 3874 est
3054 3838 3066 3873 ε
3105 3837 3121 3869 1
3161 3817 3311 3873 Beati
3351 3817 3556 3871 mundo

1993 3914 2182 3979 corde,
2223 3915 2476 3986 quoniam
2521 3913 2625 3984 ipsi
2663 3912 2829 3967 Deum
2858 3911 3198 3966 videbunt“.
3232 3931 3250 3964 ι
3289 3909 3401 3965 lloc
3450 3911 3555 3963 ita-

1994 4022 2100 4076 que
2128 4006 2343 4061 sitiebat
2366 4004 2589 4060 Davidis
2628 4004 2808 4059 anima
2844 4023 2857 4057 :
2892 4018 3062 4074 quare
3092 4003 3325 4065 dicebat,
3356 4021 3373 4053 1
3414 4001 3557 4057 Deus

1993 4096 2137 4153 Deus
2172 4111 2343 4162 meus,
2368 4095 2436 4151 ad
2462 4105 2513 4152 te
2544 4096 2613 4151 de
2644 4096 2767 4151 luce
2800 4094 2983 4163 vigilo.
3021 4090 3207 4147 Sitivit
3237 4093 3334 4147 tibi
3375 4093 3559 4146 anima

1992 4204 2131 4244 mea.
2175 4206 2227 4259 »ι

2066 4305 2229 4363 Vens.
2282 4304 2397 4360 4-6.
2446 4322 2464 4357 1
2499 4303 2767 4371 Quoniam
2814 4302 3006 4358 melior
3059 4308 3144 4357 est
3184 4296 3558 4357 misericordia

1997 4409 2087 4456 tua
2135 4416 2296 4470 super
2326 4398 2514 4466 ',vitas,
2549 4399 2689 4452 labia
2741 4412 2859 4451 mea
2914 4395 3213 4450 laudabunt
3263 4402 3335 4446 te.
3379 4410 3396 4443 ι
3455 4387 3557 4454 Qui

312 4496 677 4569 κατανοήσας,
716 4495 810 4547 καὶ
853 4495 951 4564 τὴν
979 4492 1309 4566 πρόσκαιρον
1343 4491 1488 4564 ζωὴν
1519 4493 1618 4562 ὅση
1660 4491 1743 4554 τίς
1777 4493 1890 4543 ἐστι

2001 4494 2245 4549 mortalis
2276 4492 2398 4546 vitae
2452 4499 2704 4545 naturam
2738 4488 3129 4550 consideravit,
3169 4492 3222 4539 et
3271 4497 3390 4552 qua!
3422 4495 3559 4550 qua-

311 4591 407 4642 καὶ
458 4587 618 4640 όποία
668 4587 968 4657 ἐξητακὼς,
1004 4586 1401 4657 ἀποστρέφεται
1452 4584 1551 4655 μὲν
1613 4583 1783 4636 ταῦτα
1816 4584 1892 4647 ὡς

315 4680 493 4751 μικρὰ
520 4681 614 4734 καὶ
637 4678 845 4742 οὐδενὸς
873 4678 1028 4747 λόγου
1062 4677 1186 4745 ἄξια
1206 4695 1219 4708 ·
1250 4678 1368 4741 ὅλος
1391 4677 1447 4730 δὲ
1472 4677 1570 4747 τῆς
1596 4677 1708 4731 ἄνω
1736 4676 1889 4730 ἐλπί-

309 4774 398 4835 ac;
445 4772 754 4841 γενόμενος,
805 4771 1017 4841 ἐκείνης
1064 4772 1246 4840 τυχεῖν
1302 4769 1541 4841 εὔχεται,
1570 4769 1706 4839 ἐλέῳ
1752 4767 1886 4821 Θεοῦ

310 4863 747 4933 χορηγουμὲνης.
797 4862 871 4915 Oti
904 4861 1012 4933 γάρ
1053 4862 1116 4931 δὴ
1162 4861 1300 4915 κατὰ
1346 4860 1584 4932 ὀφειλὴν,
1616 4860 1734 4913 ούδέ
1772 4861 1887 4913 κατ’

312 4954 474 5019 ἀξίαν
492 4955 589 5025 τῆς
618 4954 811 5008 ἐαυτοῦ
833 4952 1178 5023 δικαιοσύνης
1206 4952 1455 5018 τεύξεταί
1489 4970 1573 5016 τις
1598 4952 1705 5005 τῶν
1728 4953 1892 5004 ἐπου-

314 5046 549 5119 ρανίων.
583 5047 781 5118 Διόπερ
812 5046 1044 5117 ἀλλαχοῦ
1080 5063 1181 5105 που
1216 5045 1460 5119 εἴρηται·
1505 5062 1524 5094 1
1558 5044 1622 5096 Τί
1647 5044 1755 5115 γάρ
1804 5060 1893 5114 μοι

312 5139 554 5211 ὑπάρχει
601 5140 657 5191 ἐν
684 5138 761 5211 τῷ
796 5138 1046 5208 οῦρανιξη
1091 5158 1109 5188 ι
1146 5138 1207 5191 τὸ
1233 5137 1290 5199 δὲ
1328 5138 1435 5190 πᾶν
1466 5136 1600 5206 ἐλέῳ
1635 5136 1768 5188 Θεοῦ
1802 5134 1895 5188 καὶ

314 5229 698 5303 φιλανθρωπίᾳ
725 5231 996 5301 δωρεῖται,
1036 5232 1148 5293 τοῖς
1171 5229 1377 5301 σμικρά
1410 5228 1797 5305 κατωρθωκόσι
1828 5227 1896 5281 τὰ

316 5322 532 5394 μεγάλα
565 5323 943 5393 χαριζομένου.
978 5324 1042 5375 Ὃ
1077 5321 1140 5393 δὴ
1176 5321 1430 5391 σημαίνει
1470 5322 1497 5373 ὁ
1526 5318 1714 5390 παρὼν
1742 5317 1896 5386 λόγος

316 5419 575 5487 φάσκων·
619 5435 637 5468 1
679 5419 799 5469 Ὅτι
825 5419 1075 5487 κρεῖσσον
1109 5414 1169 5466 τὸ
1195 5412 1341 5474 ἔλεός
1377 5428 1468 5464 σου
1500 5412 1641 5481 ὑπὲρ
1675 5408 1835 5473 ζωάς.
1870 5428 1889 5461 ι

316 5508 437 5564 Κᾶν
480 5508 590 5581 γὰρ
630 5507 919 5580 μακρόϐιος
958 5506 1052 5561 καὶ
1097 5503 1485 5576 μακροχρόνιος
1520 5503 1612 5555 ἐπὶ
1650 5500 1743 5553 τοῦ
1790 5517 1896 5553 πα-

392 5741 437 5775 ³¹
482 5738 625 5797 Psal.
664 5755 822 5804 xxxv,
863 5740 944 5796 10.
1022 5738 1065 5773 ⁸⁸
1106 5735 1250 5794 Psal.
1284 5749 1368 5793 stu
1394 5775 1406 5797 ,
1442 5734 1501 5793 5,

2001 4586 2135 4641 lisve
2183 4592 2524 4652 temporanea
2567 4580 2678 4633 vita
2736 4579 2829 4643 sit,
2864 4575 3186 4647 exploravit,
3215 4574 3327 4627 haec
3374 4579 3560 4632 utpote

2000 4690 2165 4748 parva
2194 4683 2242 4729 et
2267 4674 2467 4728 nullius
2492 4671 2649 4742 pretii
2679 4676 2966 4724 aversatur
2990 4685 3004 4734 ;
3043 4667 3135 4722 sed
3163 4678 3412 4734 supernae
3442 4661 3557 4729 spei

1998 4786 2119 4827 sese
2151 4776 2319 4822 totum
2357 4765 2638 4834 applicans
2663 4778 2782 4817 eam
2830 4758 3203 4815 misericordia
3240 4757 3331 4812 Dei
3363 4770 3559 4809 conse-

1998 4865 2090 4934 qui
2114 4868 2349 4931 exoptat.
2385 4859 2570 4927 Neque
2593 4857 2737 4912 enim
2770 4856 3039 4926 quispiam
3069 4870 3134 4910 ex
3161 4854 3342 4909 debito
3369 4859 3461 4906 aut
3494 4867 3558 4903 ex

1995 4954 2221 5024 justitiaa
2268 4966 2378 5006 suae
2423 4950 2616 5004 merito
2664 4948 2910 5003 coelestia
2957 4945 3310 5016 adipiscetur.
3358 4944 3561 5011 Quam-

2002 5048 2191 5102 obrem
2247 5045 2369 5097 alibi
2420 5044 2669 5096 dicitur:
2709 5060 2727 5092 1
2768 5039 2911 5106 Quid
2975 5040 3119 5093 enim
3174 5038 3305 5091 mihi
3365 5045 3448 5091 est
3507 5037 3560 5089 in

2001 5137 2228 5193 cmlo”?
2268 5154 2287 5186 ι
2324 5134 2425 5188 Sed
2463 5141 2634 5187 totum
2666 5130 2758 5184 Dei
2792 5128 3166 5185 misericordia
3209 5137 3262 5183 et
3312 5128 3563 5181 humani-

2007 5238 2117 5284 tate
2148 5230 2326 5289 datur,
2358 5227 2449 5296 qui
2483 5225 2693 5279 modica
2755 5222 3139 5294 praestantibus
3175 5235 3369 5290 magna
3422 5219 3563 5273 elar-

2001 5323 2167 5393 gitur.
2226 5318 2376 5385 Quod
2428 5318 2513 5371 his
2562 5317 2742 5371 verbis
2797 5314 3135 5384 signiﬁcatur
3183 5333 3195 5368 :
3241 5332 3257 5363 1
3292 5311 3561 5377 Quoniam

2003 5414 2195 5467 melior
2252 5419 2335 5466 est
2386 5408 2762 5466 misericordia
2814 5416 2906 5461 tua
2960 5423 3125 5476 super
3172 5408 3331 5459 vitas.
3366 5423 3385 5455 ι
3428 5401 3561 5455 Nam

2002 5504 2215 5560 etiamsi
2253 5503 2373 5571 quis
2407 5503 2683 5570 longzevus
2714 5508 2768 5554 ct
2818 5514 3061 5553 annosus
3096 5498 3150 5550 in
3191 5496 3291 5549 hac
3323 5494 3430 5547 vita
3469 5494 3559 5555 sit,

1575 5733 1619 5767 ⁸³
1660 5731 1801 5789 Psal.
1840 5744 2121 5794 Lxxxvm,
2159 5730 2245 5785 56.
2327 5727 2366 5759 ⁸³
2407 5724 2594 5781 Matth.
2633 5741 2683 5790 v,
2724 5725 2773 5779 8.
2853 5724 2895 5755 ⁸⁸
2937 5721 3074 5777 Psztl.
3116 5733 3301 5783 usu,
3336 5713 3406 5771 25
