4100 6556
485 403 590 458 607

1160 395 1429 455 EUSEBII
1458 393 1933 454 CESARIENSIS
1961 394 2113 451 OPP.
2156 393 2338 450 PARS
2367 392 2458 450 Ill.
2491 425 2560 435 —-
2587 392 2997 450 EXEGETICA.

3633 388 3744 444 608

488 520 559 576 ita
591 527 651 574 ut
683 535 737 574 tn
770 518 954 573 multis
980 532 1247 572 annorum
1283 515 1525 587 periodis
1549 515 1845 569 multorum
1888 513 2056 568 vitam

2186 512 2347 575 ιὸντος
2391 510 2615 584 γένηταί
2645 528 2748 575 τις,
2791 509 2978 579 ὥσπερ
3009 506 3205 571 πολλὰς
3243 504 3385 570 ζωὰς
3423 506 3480 558 ἐν
3522 504 3742 568 πολλαῖς

369 661 376 674 κ
485 616 735 686 expleat;
767 614 871 668 hoc
903 628 1035 667 sane
1067 611 1202 666 nihil
1231 618 1337 675 est,
1373 608 1769 665 misericordiae
1799 606 1889 661 Dei
1914 621 2063 660 com-

486 716 759 778 paratum,
792 719 914 774 quae
941 704 1066 758 vita:
1094 710 1312 758 aeterna:
1351 708 1405 756 et
1447 700 1754 756 cwlestium
1795 699 2062 754 bonorum

487 811 655 850 causa
677 801 781 850 est.
816 792 997 861 Quare
1032 791 1424 847 misericordia:
1457 791 1701 846 conlisus
1730 797 1857 854 tuae,
1895 795 2064 842 totam

491 885 630 939 hanc
663 885 849 948 vitam,
881 900 981 939 ceu
1016 883 1262 954 qumdam
1294 883 1534 954 pretiosa
1570 881 1799 937 donaria
1829 888 1884 936 ct
1927 895 2066 950 opu-

490 977 636 1031 lenta
663 975 878 1032 cimelia
918 975 1014 1030 tibi
1061 977 1441 1042 consecraho;
1475 974 1721 1030 membra
1770 972 1984 1027 scilicet
2011 977 2065 1026 et

489 1084 690 1124 sensus
745 1083 897 1123 meos
935 1066 1246 1123 ministerio
1279 1066 1532 1122 addicam
1575 1074 1692 1121 tuo.
1723 1064 2068 1135 Quapropter

490 1159 633 1215 labia
678 1176 798 1215 mea
826 1160 962 1214 nihil
1000 1160 1147 1214 aliud
1195 1160 1542 1230 eloquentur,
1570 1158 1664 1215 sed
1700 1172 1838 1228 pura
1888 1163 2069 1212 casta-

489 1268 598 1320 que
623 1252 1015 1314 servabuntur,
1051 1260 1111 1305 ut
1135 1251 1245 1307 tuis
1271 1258 1467 1307 vacent
1496 1251 1715 1322 hymnis
1759 1258 1813 1305 et
1860 1263 2069 1304 sermo-

492 1344 676 1399 nibus.
713 1342 836 1398 V'ita
866 1352 1047 1398 autem
1086 1360 1205 1398 mea
1237 1345 1335 1398 tibi
1357 1342 1732 1398 benedicendo
1763 1348 1923 1396 nocte
1955 1340 2063 1394 die-

492 1452 600 1507 que
637 1451 852 1507 semper
875 1437 1154 1491 incumbet
1191 1455 1202 1490 :
1242 1451 1438 1491 manus
1486 1435 1735 1505 corporis
1782 1434 1910 1497 mei,
1941 1448 2071 1503 ope-

497 1542 665 1598 raque
688 1529 755 1583 iis
777 1528 944 1591 edita,
978 1527 1031 1580 in
1069 1527 1288 1582 nomine
1312 1533 1405 1580 tuo
1453 1526 1644 1579 levabo
1703 1524 2071 1592 extollanique

497 1619 553 1671 in
590 1619 781 1682 altum,
813 1635 980 1688 pravo
1010 1618 1206 1688 quovis
1237 1618 1483 1672 facinore
1522 1632 1687 1686 puras
1732 1615 1976 1680 ell'eram,
2014 1620 2073 1668 ut

497 1709 636 1764 dicit
667 1710 890 1780 quidam
924 1729 937 1763 :
972 1729 990 1760 ‹
1034 1707 1171 1762 Volo
1219 1709 1372 1762 viros
1424 1723 1608 1771 orare,
1636 1707 1878 1761 levantes
1909 1718 2073 1774 puras

498 1817 696 1857 manus
725 1801 843 1856 sine
875 1802 955 1855 ira
983 1808 1035 1855 et
1064 1797 1464 1868 disceptatione
1480 1797 1547 1852 ⁸⁸.
1590 1816 1608 1848 ι
1640 1796 1733 1850 Sic
1771 1802 1952 1850 autem
1995 1794 2074 1846 la-

2168 603 2304 658 ἐτῶν
2357 603 2623 675 περιόδοις
2669 602 3040 673 κτησάμενος⁸
3091 598 3204 653 ἀλλ’
3233 598 3384 651 οὐδέν
3423 599 3536 650 ἐστι
3573 596 3745 652 ταῦτα

2169 695 2574 766 συγκρινόμενα
2608 694 2745 766 πρὸς
2771 694 2834 747 τὸ
2853 693 2998 757 ἔλεος
3024 691 3119 745 τοῦ
3143 689 3379 754 Θεοῦ,τὺ
3399 690 3497 760 τῆς
3527 687 3746 743 αἰωνίου

2167 789 2312 860 ζωῆς
2337 789 2432 843 καὶ
2455 788 2562 842 τῶν
2587 785 2921 860 ἐπουρανίων
2943 783 3162 855 ἀγαθῶν
3187 782 3381 838 αἴτιον.
3419 782 3619 852 Διόπερ
3653 780 3748 834 καὶ

2166 883 2244 954 τῷ
2272 881 2350 953 σῷ
2376 882 2508 954 ἐλέῳ
2539 880 2934 954 ἐπιθαρσήσας,
2971 877 3151 932 πᾶσάν
3182 894 3283 948 μου
3323 874 3424 947 τὴν
3464 872 3753 946 παροῦσαν

2169 974 2312 1046 ζωήν
2355 992 2436 1028 σοι
2491 973 2774 1045 ἀναθήσω,
2817 971 3006 1043 ὥσπερ
3048 969 3174 1024 τινὰ
3207 968 3365 1039 τίμια
3402 967 3751 1038 ἀναθήματα,

2167 1070 2260 1122 καί
2293 1067 2558 1138 πολυτελῆ
2587 1065 2848 1138 κειμήλια
2875 1063 2946 1117 τὰ
2976 1063 3110 1134 μέλη
3137 1080 3238 1134 μου
3271 1063 3366 1115 καὶ
3390 1060 3459 1114 τὰ
3490 1059 3755 1131 αἰσθητή-

2170 1179 2263 1233 ρια
2295 1163 2362 1232 τῇ
2396 1163 2461 1232 σῇ
2486 1158 2754 1231 ἀφορίσας
2779 1156 3107 1228 λειτουργίᾳ..
3133 1155 3223 1208 Διὸ
3240 1153 3308 1208 τὰ
3341 1154 3442 1226 μὲν
3464 1153 3617 1224 χείλη
3649 1169 3760 1224 μου

2168 1252 2320 1305 οὐδὲν
2352 1251 2536 1324 ἕτερον
2574 1250 2826 1321 λαλήσει,
2870 1249 3124 1316 ἀγνεύσει
3161 1247 3218 1302 δέ
3275 1249 3369 1302 καὶ
3414 1245 3628 1316 καθαρά
3661 1263 3758 1314 φυ-

2169 1342 2519 1413 λαχθήσεται,
2570 1343 2648 1404 εἰς
2681 1340 2742 1392 τὸ
2777 1337 3058 1409 σχολάζειν
3111 1340 3222 1399 τοῖς
3270 1339 3382 1398 σοῖς
3421 1334 3612 1406 ὕμνοις
3660 1334 3757 1386 καὶ

2170 1435 2348 1503 λόγοις
2368 1451 2381 1464 ’
2415 1435 2452 1504 ή
2490 1433 2546 1487 δὲ
2581 1431 2693 1504 ζωή
2730 1449 2833 1503 μου
2859 1431 2996 1501 αὕτη
3023 1429 3150 1501 περὶ
3173 1428 3232 1481 τὸ
3264 1428 3505 1496 εὐλογεῖν
3532 1444 3591 1479 σε
3620 1426 3758 1480 πάν-

2170 1544 2290 1579 τοτε
2341 1526 2557 1596 νύκτωρ
2609 1524 2703 1577 καὶ
2748 1524 2866 1595 μεθ’
2899 1523 3112 1594 ⁴ήμέραν
3157 1520 3618 1593 ἀσχοληθήσεται·
3661 1519 3761 1572 καὶ

2173 1616 2270 1681 τὰς
2315 1619 2502 1690 χεῖρας
2539 1615 2595 1669 δέ
2644 1614 2736 1668 τοῦ
2781 1613 3030 1685 σώματός
3059 1631 3186 1685 μου..
3211 1613 3309 1676 τάς
3336 1630 3394 1665 τε
3427 1611 3516 1665 aia;
3552 1611 3759 1665 τούτων

2173 1709 2599 1781 ἐπιτελουμένας
2627 1707 2873 1780 πράξεις,
2898 1710 2955 1761 ἐν
2994 1706 3070 1777 τῷ
3099 1706 3322 1777 ὀνόματί
3357 1722 3450 1758 σου
3491 1704 3609 1775 ἀρῶ
3660 1721 3759 1775 με-

2174 1802 2452 1873 τεωρίζων
2483 1803 2562 1866 εἰς
2587 1800 2738 1871 ὕψος,
2768 1801 2860 1854 καὶ
2911 1801 2992 1853 σοὶ
3034 1798 3278 1870 καθαρὰς
3309 1798 3490 1870 πάσης
3527 1796 3762 1868 παρανό-

498 1894 588 1950 hia
621 1909 742 1949 mea
771 1903 825 1948 et
858 1909 1053 1948 manus
1085 1866 1236 1946 mea;
1250 1892 1345 1946 tibi
1377 1889 1823 1952 destiuabuntur,
1848 1895 1907 1947 ut
1929 1885 2073 1940 labia

2186 1866 2570 1966 μου-πράξεως
2614 1866 2922 1958 ἐπιδεικνὺς
2973 1891 3141 1955 αὐτὰς
3175 1866 3315 1944 κατὰ
3354 1866 3456 1944 τὸν
3492 1866 3758 1961 φήσαντα·

501 1987 721 2057 quidem
765 2001 794 2039 a
827 1985 1178 2057 thymiamate
1217 1983 1350 2038 boni
1391 1982 1577 2038 odoris
1619 1981 1753 2035 nihil
1780 1979 2072 2043 dill'erant,

2186 2004 2197 2038 ι
2219 1986 2486 2058 Βούλομαι
2515 1986 2643 2050 τοὺς
2658 1983 3280 2057 ἄνδραςπροσεύχεσθαι
3309 1983 3629 2053 ἐπαίροντας
3649 1983 3764 2035 ὁσί-

501 2093 699 2134 manus
721 2094 851 2133 vero
876 2079 942 2132 ah
961 2077 1167 2133 ellicaci
1199 2085 1254 2133 et
1287 2091 1416 2132 vero
1446 2074 1718 2132 sacriﬁcio
1745 2089 1853 2128 non
1877 2071 2078 2127 discre-

2186 2095 2265 2141 >υς
2292 2080 2478 2148 χεῖρας
2503 2075 2672 2152 χωρὶς
2703 2075 2870 2146 ὀργῆς
2888 2074 2982 2128 καὶ
3011 2072 3392 2144 διαλογισμῶν.
3434 2093 3453 2124 ι
3492 2072 3676 2136 Οὕτως
3706 2073 3767 2125 δὲ

501 2178 652 2240 pent,
702 2181 761 2224 ut
790 2178 1101 2240 opportune
1154 2169 1333 2224 dicam
1384 2166 1451 2222 de
1494 2165 1656 2221 labiis
1709 2165 1868 2229 meis,
1901 2179 1919 2214 ι
1957 2161 2078 2220 Fiat

2186 2169 2245 2222 τὰ
2262 2169 2414 2239 χείλη
2447 2186 2546 2240 μου
2574 2168 2668 2222 καὶ
2698 2169 2753 2220 αί
2773 2168 2952 2241 χεῖρες
2993 2164 3448 2237 ἀφορισθήσονταί
3469 2182 3572 2224 σοι,
3603 2166 3677 2228 ὡς
3697 2164 3768 2218 τὰ

502 2267 680 2320 oratio
712 2281 830 2320 mea
880 2265 1022 2319 sicut
1079 2265 1363 2318 incensum
1401 2261 1454 2316 in
1485 2267 1784 2330 conspectu
1815 2267 1909 2315 tuo
1933 2259 2006 2326 ⁸⁷;
2052 2277 2076 2310 ι,

2186 2260 2278 2331 μὲν
2320 2260 2471 2332 χείλη
2515 2259 2861 2331 θυμιάματος
2888 2257 3118 2322 εὐώδους
3144 2257 3206 2311 τὸ
3235 2257 3405 2329 μηθὲν
3457 2258 3768 2329 διαφέρειν,

503 2359 571 2412 de
625 2358 886 2427 operibus
946 2367 1150 2420 autem,
1189 2374 1207 2406 ι
1243 2353 1776 2409 Elevatiomanuum
1832 2367 2077 2408 mearum

2186 2354 2272 2416 τὰς
2301 2352 2358 2404 δὲ
2390 2354 2583 2424 χεῖρας
2614 2351 2807 2415 Θυσίας
2852 2349 3108 2421 ἐνεργούς
3144 2351 3238 2403 καὶ
3264 2349 3524 2419 ἀληθινῆς
3557 2349 3630 2420 μὴ
3659 2349 3771 2401 λεί-

504 2448 838 2506 sacrilicium
873 2448 1245 2518 vespertinum
1271 2445 1338 2500 ⁸⁸.
1372 2464 1390 2496 ι
1416 2443 1593 2514 Atque
1616 2444 1689 2498 ita
1709 2457 1837 2498 caro
1866 2451 1921 2499 et
1953 2458 2080 2496 cor-

505 2559 609 2614 pus
650 2557 829 2597 meum
860 2541 1169 2596 ministerio
1203 2551 1296 2594 luo
1321 2525 1681 2600 addicentur;
1719 2537 1898 2591 anima
1951 2551 2082 2593 vero

507 2650 625 2690 mea
679 2633 904 2703 majoris
953 2647 1184 2688 consors
1213 2631 1320 2686 erit
1344 2629 1564 2686 virtutis
1601 2647 1613 2682 :
1647 2644 1818 2698 quare
1871 2629 1940 2685 de
1991 2628 2081 2688 illa

506 2725 672 2778 dico:
709 2741 728 2775 ι
775 2721 932 2777 Sicut
956 2721 1116 2792 adipe
1146 2729 1199 2778 et
1232 2718 1562 2792 pinguedine
1605 2719 1878 2789 repleatur
1899 2718 2082 2772 anima

505 2831 648 2871 mea.
692 2834 710 2868 ι
765 2812 953 2883 Neque
977 2815 1122 2868 enim
1179 2813 1298 2885 pari
1347 2822 1511 2884 atque
1565 2827 1768 2882 corpus
1819 2810 2034 2865 ratione
2064 2849 2081 2875 ,

507 2905 689 2960 anima
726 2905 909 2969 labiis,
942 2914 1036 2959 aut
1069 2898 1346 2969 manibus,
1373 2914 1468 2959 aut
1502 2903 1608 2957 alia
1643 2901 1894 2974 quapiam
1933 2910 2085 2972 parte

405 3008 417 3019 '
509 2998 593 3053 vel
634 2998 917 3066 membro;
951 2997 1048 3054 scd
1091 2997 1212 3068 ipsa
1237 3005 1353 3051 tota
1387 3012 1450 3054 ac
1486 2996 1603 3064 per“
1628 3011 1688 3051 se
1735 2995 2086 3066 praestantior

507 3090 658 3145 omni
699 3091 972 3146 sacrilicio
1018 3089 1348 3152 bolocausti,
1393 3087 1656 3158 omni'que
1694 3087 1914 3142 animali
1963 3088 2086 3158 pin-

508 3183 601 3253 gui
629 3183 786 3254 adipe
814 3193 867 3238 et
899 3182 1238 3252 pinguedine
1273 3181 1500 3246 referto,
1533 3181 1631 3235 tibi
1670 3180 1781 3236 Deo
1811 3179 2082 3246 oﬂ‘eretur,

510 3275 911 3345 pretiosiorque
941 3275 1134 3337 vitulo,
1162 3283 1318 3328 tauro
1354 3288 1418 3328 ac
1449 3273 1645 3344 quovis
1668 3273 1824 3326 bruto
1855 3273 2084 3326 animali

510 3366 610 3420 abs
641 3371 694 3419 te
721 3365 1085 3435 reputabitur.
1117 3363 1299 3433 Quare
1354 3365 1496 3420 hanc
1536 3363 1948 3436 pinguissimam
1989 3379 2086 3418 ac-

510 3465 832 3528 ceptamque
864 3457 962 3512 tibi
1002 3456 1261 3521 hostiam,
1290 3457 1530 3512 animam
1570 3457 1696 3512 dico
1746 3471 1942 3518 meam,
1988 3457 2086 3512 tibi

511 3550 727 3605 dicabo.
760 3549 936 3619 Atque
966 3549 1068 3605 hac
1093 3548 1163 3604 de
1183 3564 1350 3606 causa
1383 3550 1614 3620 gratiam
1651 3549 1747 3606 tibi
1781 3547 2083 3621 professus,

513 3644 675 3714 pleno
707 3657 802 3698 ore
850 3642 1095 3714 ipsisque
1147 3642 1310 3698 labiis
1354 3641 1558 3714 gaudio
1601 3641 1824 3712 repletis
1854 3650 1907 3698 te
1940 3643 2085 3699 cele-

512 3734 684 3789 brabo
719 3753 730 3789 :
771 3733 896 3790 ideo
951 3735 1031 3790 sic
1069 3735 1265 3805 loquor
1297 3753 1310 3790 :
1350 3754 1367 3787 ι
1397 3734 1464 3789 Et
1497 3734 1658 3790 labiis
1704 3735 2090 3793 exsultationis

513 3826 757 3882 laudabit
789 3843 852 3883 os
883 3844 1099 3896 meum;
1126 3848 1144 3881 ι
1167 3829 1304 3893 sive,
1340 3830 1640 3884 secundum
1684 3827 2086 3900 Symmachum,

518 3939 538 3969 ‹
572 3918 636 3973 Ει
658 3919 817 3975 labiis
842 3921 1242 3976 benedictionis
1267 3920 1568 3977 celebrabit
1600 3936 1663 3976 os
1687 3936 1886 3976 meum.
1923 3940 1941 3975 ι

2180 2445 2409 2502 πεσθαι’
2464 2445 2540 2512 ὡς
2578 2446 2752 2504 εἰπεῖν
2809 2460 2877 2514 με
2931 2443 3204 2514 εὐκαίρως
3237 2442 3366 2513 τερ).
3402 2442 3497 2511 μὲν
3523 2440 3631 2494 τῶν
3663 2457 3778 2510 χει-

2178 2538 2318 2594 λέων
2350 2555 2458 2609 μου
2485 2536 2568 2604 τὸ,
2599 2555 2618 2585 ι
2657 2536 2946 2608 Γενηθήτω
2971 2537 3005 2607 ή
3039 2536 3313 2608 προσευχὴ
3360 2551 3460 2605 μου
3498 2533 3573 2597 t'o;
3605 2531 3770 2604 θυμί-

2181 2650 2297 2704 αμα
2341 2630 2572 2684 ἐνώπιόν
2631 2647 2759 2684 σου⁵
2820 2649 2839 2682 ι
2874 2630 3001 2701 περὶ
3041 2628 3097 2682 δὲ
3124 2628 3233 2681 τῶν
3278 2626 3526 2700 πράξεών
3557 2644 3658 2698 μου
3685 2627 3772 2688 τὸ,

2187 2740 2206 2774 ι
2239 2723 2512 2792 Ἔπαρσις
2551 2719 2662 2775 τῶν
2695 2719 2895 2792 χειρῶν
2931 2737 3032 2791 μου
3073 2719 3232 2773 θυσία
3263 2719 3540 2790 ἐσπερινή.
3608 2736 3627 2771 ι
3661 2719 3774 2787 Καὶ

2183 2816 2217 2884 ὴ
2254 2813 2352 2885 μὲν
2385 2813 2524 2886 σὰρξ
2566 2815 2660 2870 καὶ
2700 2815 2760 2868 τὸ
2796 2814 2954 2886 σῶμα
2987 2813 3161 2877 οὕτως
3185 2813 3575 2882 ἀνατεθήσεται
3603 2815 3668 2883 τῇ
3702 2814 3780 2882 σῇ

2183 2903 2510 2976 λειτουργίᾳ’
2529 2908 2560 2977 ή
2579 2906 2635 2960 δὲ
2659 2905 2805 2978 ψυχή
2831 2923 2932 2978 μου
2963 2906 3204 2970 πλείονος
3229 2905 3440 2976 μεθέξει
3461 2905 3778 2975 δυνάμεωςι

2183 2995 2270 3049 διὸ
2294 2998 2385 3051 καὶ
2417 2998 2546 3070 περὶ
2595 2999 2764 3070 αὐτῆς
2795 3016 2936 3071 φημι
2956 3016 2970 3030 ο
3025 3017 3043 3048 ι
3089 2997 3234 3051 Ὠσεὶ
3277 2997 3497 3060 στέατος
3529 2997 3625 3050 καὶ
3653 2996 3775 3049 πιό-

2187 3106 2349 3162 τητος
2391 3091 2732 3162 ἐμπλησθείη
2764 3093 2797 3162 ή
2823 3091 2966 3161 ψυχή
3004 3108 3125 3161 μου.
3164 3110 3185 3142 ι
3216 3091 3410 3146 Οὐκέτι
3438 3087 3786 3161 γὰρ-ὁμοίως-

2185 3183 2262 3255 τῷ
2292 3183 2505 3257 σώματι
2541 3187 2635 3240 καὶ
2687 3187 2720 3256 ή
2755 3185 2901 3257 ψυχὴ
2945 3184 3180 3255 χείλεσιν
3225 3183 3348 3237 οὐδέ
3399 3184 3611 3254 χερσὶν,
3654 3180 3775 3233 οὐδέ

2187 3277 2328 3333 κατά
2354 3295 2408 3330 τι
2445 3277 2610 3359 μέρος
2637 3277 2670 3347 ἢ
2709 3277 2869 3348 μέλος
2897 3277 2983 3331 ἓτε
2993 3294 3104 3349 ρον,
3137 3277 3231 3347 δλη
3260 3275 3316 3330 δὲ
3343 3274 3479 3345 αὕτη
3510 3271 3631 3326 καθ’
3653 3273 3780 3324 ἐαυ-

2183 3370 2281 3443 τὴν
2335 3371 2477 3444 ὑπὲρ
2519 3373 2697 3426 πᾶσαν
2743 3372 3034 3425 όλόκαυτον
3098 3369 3312 3435 θυσίαν,
3351 3367 3446 3420 καὶ
3496 3366 3634 3438 ὑπὲρ
3669 3366 3792 3418 πᾶν·

2187 3465 2326 3531 ζῶον
2365 3465 2634 3538 εὐτραφὲς
2671 3465 2925 3536 πιότητος
2956 3465 3053 3520 καὶ
3108 3463 3330 3526 στέατος
3362 3461 3551 3531 γέμον.
3577 3459 3659 3512 σοὶ.
3698 3457 3780 3528 τῷ

2187 3558 2306 3628 Θεῷ
2326 3557 2842 3630 προσενεχθήσεται,
2865 3557 3065 3630 μόσχου
3096 3557 3191 3611 καὶ
3217 3555 3441 3627 ταύρου,
3466 3554 3559 3607 καὶ
3581 3551 3780 3614 παντὸς

2189 3649 2387 3717 ἀλόγου
2415 3647 2554 3712 ξὼου
2583 3648 2890 3719 τιμιωτέρα
2941 3645 3094 3718 παρά
3147 3646 3230 3700 σοὶ
3280 3642 3655 3713 λελογισμένη.
3690 3642 3784 3694 Διὸ

2191 3741 2285 3794 καὶ
2327 3741 2538 3813 ταύτην.
2569 3757 2651 3794 σοι
2686 3740 2946 3811 πιοτάτην
2981 3739 3074 3792 καί
3129 3755 3214 3792 σοι
3256 3736 3531 3808 προσφιλῆ
3567 3735 3778 3796 θυσίαν,

2192 3831 2339 3900 λέγω
2359 3832 2418 3885 δὲ
2457 3833 2556 3904 τὴν
2589 3831 2840 3904 ἐμαυτοῦ
2863 3831 3063 3902 ψυχὴν,
3097 3830 3370 3899 ἀναθήσω.
3413 3828 3534 3882 Ἐπὶ
3573 3826 3780 3889 τούτοις

2193 3941 2254 3976 τε
2290 3924 2521 3997 χάριτας
2552 3924 2831 3997 ὁμολογῶν
2855 3925 2961 3996 ὅλῳ
2985 3923 3062 3995 τῷ
3090 3924 3318 3994 στόματι
3344 3923 3437 3976 καὶ
3459 3922 3641 3984 αὐτοῖς
3665 3919 3777 3992 χεί-

512 4013 629 4067 λεσι
663 4016 837 4085 χαρᾶς
869 4015 1319 4086 πεπληρωμένοις
1350 4015 1643 4086 ἀνυμνήσω
1678 4032 1737 4067 σε
1759 4030 1773 4046 ’
1807 4015 1883 4070 διό
1913 4032 2055 4086 φημι
2075 4032 2090 4046 ·
2135 4035 2153 4067 ι
2194 4017 2304 4070 Καὶ
2330 4018 2484 4090 χείλη
2525 4018 2897 4087 ἀγαλλιάσεως
2923 4018 3125 4072 αίνέσει
3185 4017 3247 4071 τὸ
3277 4017 3449 4089 στόμα
3483 4033 3585 4086 μου
3625 4031 3642 4047 ο
3692 4035 3718 4066 »η
3745 4014 3775 4086 ἢ

515 4108 657 4162 κατά
701 4109 793 4162 τὸν
849 4109 1170 4181 Σύμμαχον·
1209 4129 1227 4160 ι
1282 4110 1392 4163 Καὶ
1435 4109 1530 4171 διςὶιΔ
1567 4108 1788 4179 χειλέων
1837 4111 2094 4182 εὐφήμων
2135 4113 2376 4186 ὑμνήσει
2397 4113 2458 4167 τὸ
2492 4115 2667 4184 στόμα
2695 4131 2818 4185 μου.
2852 4133 2872 4166 ι

586 4221 756 4278 Vens.
815 4224 927 4278 7-9.
968 4243 986 4276 ι
1027 4222 1083 4278 Si
1131 4239 1342 4280 memor
1395 4223 1470 4278 fui
1520 4226 1600 4279 tui
1641 4242 1802 4296 super
1861 4235 2089 4284 stratum

517 4331 725 4379 meum,
758 4317 815 4371 in
868 4318 1157 4375 matutinis
1202 4318 1510 4374 meditabar
1558 4319 1613 4373 in
1661 4326 1736 4385 te,
1759 4319 1885 4390 quia
1935 4319 2090 4374 fuisti

517 4404 738 4474 adjutor
778 4420 954 4460 meus.
994 4405 1057 4460 Et
1087 4405 1142 4460 in
1175 4407 1484 4463 velamento
1516 4408 1725 4465 alarum
1752 4419 1963 4464 tuarum
1997 4425 2092 4466 οι*

2268 4246 2287 4279 t
2321 4229 2384 4282 Εί
2413 4231 2782 4303 ἐμνημόνευόν
2831 4245 2924 4281 σου
2971 4226 3063 4279 ἐπὶ
3105 4225 3206 4296 τῆς
3239 4225 3528 4296 στρωμνῆς
3564 4237 3686 4292 μου,
3723 4221 3779 4272 ἐν

2192 4322 2304 4384 τοῖς
2348 4319 2566 4392 δρθροις
2603 4319 2880 4392 ἐμελέτων
2913 4319 2992 4380 είς
3045 4315 3127 4380 σὲ,
3155 4317 3239 4369 ὅτι
3285 4313 3551 4384 ἐγενήθης
3592 4309 3778 4381 βοηθός

2196 4429 2318 4483 μου.
2355 4413 2473 4465 Καὶ
2509 4414 2569 4466 ἐν
2615 4414 2687 4483 τῇ
2734 4410 2916 4483 σκέπῃ
2947 4407 3055 4461 τῶν
3081 4405 3366 4478 πτερύγων
3397 4420 3490 4456 σου
3528 4400 3690 4470 ἀγαλὶ
3703 4399 3787 4453 ιά-.

519 4495 760 4563 sultabo,
797 4496 1030 4551 adhaesit
1065 4497 1248 4552 anima
1296 4513 1414 4552 mea
1461 4507 1586 4568 post
1611 4507 1684 4566 te,
1732 4516 1817 4556 me
1852 4501 2083 4572 suscepi!

2199 4520 2380 4575 σομαι,
2412 4504 2677 4576 ἐκολλήθη
2719 4505 2752 4575 ἡ
2791 4502 2936 4573 ψυχή
2972 4518 3073 4572 μου
3107 4500 3281 4554 ὀπίσω
3314 4515 3429 4560 σου,
3458 4492 3592 4566 ἐμοῦ
3616 4492 3672 4587 ξὲ
3700 4493 3783 4587 ἀν-

519 4589 742 4643 ιιειιεηι
783 4595 898 4642 tua.
941 4605 959 4638 ι
997 4587 1134 4643 Cum
1177 4589 1234 4644 in
1289 4589 1508 4645 deserto
1547 4589 1747 4646 Judaea:
1793 4598 2094 4647 versaretur

521 4679 860 4737 admirabilis
900 4682 991 4738 ille
1023 4681 1212 4746 David,
1248 4698 1358 4738 non
1393 4683 1652 4738 animalia
1692 4683 2094 4757 immolatarum

520 4787 600 4836 se,
631 4788 810 4843 neque
833 4774 1122 4830 brutorum
1156 4791 1440 4846 pecorum,
1485 4776 1581 4833 sed
1625 4787 1956 4835 memoratas
2000 4795 2094 4835 su-

523 4861 708 4930 perius
734 4863 1050 4925 verborum,
1083 4879 1311 4934 operum
1340 4872 1396 4920 et
1425 4864 1598 4936 ipsius
1631 4868 1826 4922 anima:
1861 4867 2092 4935 hostias,

522 4953 828 5021 pollicetur.
868 4954 984 5008 Sub
1014 4955 1132 5010 haec
1167 4965 1350 5011 autem
1381 4973 1489 5027 qua
1518 4961 1902 5029 temperantia,
1929 4975 2101 5032 quam

523 5045 761 5115 perfecta
811 5048 1060 5104 castitate
1115 5049 1374 5118 praeditus
1418 5058 1604 5115 esset,
1662 5050 1770 5107 Deo
1811 5052 2095 5108 declarat:

521 5153 692 5208 quare
720 5139 831 5193 ait:
860 5157 879 5190 ι
909 5138 964 5192 Si
995 5155 1203 5195 memor
1232 5140 1311 5195 [ui
1334 5143 1412 5196 tui
1448 5158 1613 5213 super
1643 5151 1872 5198 stratum
1896 5159 2096 5209 meum,

525 5231 576 5282 iu
646 5230 935 5286 matutinis
993 5231 1299 5286 meditabar
1350 5232 1406 5286 in
1458 5241 1540 5300 te;
1581 5254 1598 5285 ι
1639 5235 1754 5290 sive
1798 5236 2107 5293 secundum

525 5320 955 5391 Syuunachum,
1016 5340 1033 5373 ι
1090 5321 1430 5379 Recordalus
1501 5327 1579 5380 tui
1635 5342 1798 5396 super
1868 5335 2097 5384 stratum

527 5429 728 5478 meum,
766 5428 861 5483 per
891 5414 1134 5483 singulas
1163 5414 1445 5470 custodias
1484 5416 1786 5473 meditabar
1821 5427 1895 5477 te.
1935 5439 1954 5472 ι
1985 5419 2095 5476 Ne-

526 5521 633 5575 que
655 5503 800 5558 enim
841 5505 949 5558 alio
985 5505 1145 5561 modo
1173 5512 1436 5574 poteram,
1465 5507 1680 5578 inquit,
1707 5509 1772 5564 ad
1809 5518 1859 5565 te
1884 5510 1950 5566 de
1977 5511 2105 5568 luce

529 5597 778 5666 vigilare,
809 5613 983 5667 neque
1008 5597 1281 5666 precando
1302 5598 1506 5664 dicere,
1540 5618 1557 5651 ι
1592 5599 1734 5656 Deus
1761 5601 1898 5657 Deus
1924 5617 2096 5667 uicus,

533 5691 598 5746 ad
630 5699 682 5745 te
714 5690 781 5745 do
811 5691 928 5746 lucc
958 5691 1140 5764 vigilo,
1182 5712 1200 5744 ι
1230 5691 1336 5747 nisi
1373 5707 1569 5761 purum
1618 5701 1845 5748 stratum
1875 5693 2093 5752 habuis-

601 5843 648 5875 ⁸⁸
687 5843 705 5898 Ι
743 5843 881 5898 Tim.
918 5860 977 5908 Il,
1017 5844 1049 5898 8
1146 5845 1186 5874 ⁸⁷
1233 5843 1373 5902 Psal.
1413 5861 1543 5913 εει,
1583 5846 1633 5901 2.
1718 5848 1760 5880 5”
1801 5849 1926 5903 ibid.

2196 4592 2455 4648 τελάὸετο
2501 4596 2534 4666 ή
2577 4593 2728 4661 δεξιά
2770 4611 2886 4649 σου.
2928 4595 3014 4648 Ἑν
3041 4595 3107 4664 τῇ
3142 4593 3333 4662 ἐρήμῳ
3373 4586 3473 4657 τῆς
3528 4582 3781 4644 Ἰουδαίας

2197 4685 2488 4757 διατρίϐων
2514 4687 2542 4740 ό
2569 4685 2872 4758 θαυμάσιος
2904 4684 3087 4748 Δαυῒδ,
3113 4683 3173 4737 οὐ
3203 4681 3316 4747 ζῶα
3343 4679 3491 4732 θύειν
3518 4672 3783 4744 ἐπαγγέλ-

2197 4776 2368 4840 λεται,
2392 4777 2513 4830 οὐδὲ
2543 4777 2642 4842 τὰς
2663 4779 2722 4846 ἐξ
2755 4778 2965 4848 ἀλόγων
3000 4776 3333 4849 θρεμμάτων
3360 4772 3570 4836 θυσίας,
3599 4768 3700 4834 τὰς
3725 4768 3783 4822 δέ

2200 4868 2588 4942 προλεχθείσας
2636 4870 2725 4924 διὰ
2770 4870 2944 4940 λόγων
2995 4869 3089 4924 καὶ
3147 4867 3430 4939 πράξεων,
3455 4865 3550 4918 καὶ
3605 4859 3783 4933 ψυχῆς

2203 4962 2392 5032 αὐτῆς.
2431 4960 2542 5016 Εἶτ’
2566 4964 2661 5017 ἐπὶ
2686 4963 2898 5027 τούτοις
2923 4961 3002 5034 τῷ
3027 4961 3146 5032 Θεῷ
3177 4960 3446 5014 δείκνυσιν
3481 4957 3628 5018 ὅπως
3661 4952 3782 5008 ἀνέμ

2205 5068 2354 5107 κειτο
2405 5053 2730 5126 σωφροσύνῃ
2770 5054 2865 5112 καὶ
2914 5051 3170 5105 παντελεῖ
3212 5049 3430 5119 ἁγνείᾳ·
3467 5045 3548 5100 διό
3588 5057 3782 5116 φησιν’

2209 5160 2229 5194 ι
2275 5144 2338 5196 El
2382 5145 2751 5217 ἐμνημόνευόν
2788 5160 2898 5198 σου.
2931 5146 3026 5198 ιπι
3073 5144 3173 5214 τῆς
3223 5140 3512 5213 στρωμνῆς
3577 5154 3700 5208 μου,
3729 5137 3785 5188 ὲν

2203 5239 2316 5300 τοῖς
2342 5237 2438 5312 δρθ
2448 5255 2558 5308 ροις
2581 5238 2850 5310 ἐμελέτων
2872 5238 3054 5304 είς-σέο
3078 5257 3096 5289 ι
3123 5237 3157 5309 ἦ
3188 5235 3330 5290 κατὰ
3347 5234 3437 5288 τὸν
3462 5231 3754 5302 Σύμμαχον
3767 5243 3790 5261 ο-

2210 5347 2228 5380 ι
2278 5331 2857 5403 Ἀναμιμνησκόμενόςη
2881 5350 2974 5386 σου
3017 5333 3109 5385 ἐπὶ
3149 5330 3250 5400 τῆς
3308 5326 3602 5398 στρωμνῆς
3659 5337 3782 5392 μου.

2203 5421 2323 5473 καθ’
2360 5421 2860 5495 ἐκάστηνφυλακὴν
2890 5423 3160 5494 ἐμελέτων
3187 5439 3266 5474 σε.
3297 5439 3317 5472 ι
3344 5419 3420 5472 Οὐ
3450 5415 3561 5488 γὰρ
3594 5411 3782 5471 ἄλλως.

2207 5513 2391 5584 φησὶν,
2432 5509 2543 5580 οἷός
2584 5533 2644 5569 τε
2685 5517 2833 5588 ἥμην
2861 5517 2997 5589 πρὸς
3048 5516 3107 5568 σὲ
3143 5511 3438 5586 ὀρθρίζειν,
3464 5508 3587 5566 οὐδὲ
3613 5505 3789 5573 λέγειν

2205 5608 2524 5678 εὐχόμενοςῐ
2559 5627 2576 5660 ι
2610 5611 2667 5662 '0
2698 5610 2830 5674 Θεὸς
2854 5613 2882 5665 ό
2911 5610 3043 5674 Θεός
3081 5625 3204 5680 μου,
3229 5605 3364 5677 πρὸς
3390 5603 3449 5656 σὲ
3474 5597 3732 5673 ὀρθρίζω.
3764 5614 3781 5648 ι

2207 5701 2251 5753 εί
2289 5701 2362 5774 μὴ
2397 5700 2641 5774 καθαρὰν
2681 5703 2995 5775 ἐκεκτήμην
3051 5702 3148 5774 τὴν
3202 5697 3522 5771 στρωμνήν·
3567 5687 3785 5762 ETWd"
