4100 6514
324 336 437 393 609

1496 324 1999 386 COMMENTARIA
2040 328 2104 382 IN
2142 323 2484 385 PSALMOS.
3489 337 3594 393 ιοιο

333 471 496 508 σκετο
549 453 606 507 δέ
660 469 760 524 μου
811 454 845 523 ἡ
898 450 1205 523 καθαρότης
1246 451 1345 505 οὐκ
1377 450 1657 522 ἄλλοθενῆ
1686 450 1912 505 ἀπὸτοῦ

2034 465 2154 505 sem.
2188 448 2425 521 Mearque
2458 448 2712 519 puritatis
2744 466 2853 507 non
2888 450 3035 506 aliud
3070 450 3259 507 aderat
3301 467 3598 524 argumen-

330 545 476 600 κατὰ
504 544 593 597 τὸν
625 544 821 616 ὄρθρον
852 543 918 597 τὰ
946 544 1013 597 σά
1050 544 1277 615 μελετᾷν
1304 543 1478 612 λόγια.
1510 542 1680 614 Δῆλον
1708 543 1817 615 γάρ
1846 538 1915 614 ἦν

331 639 399 691 ἐκ
431 636 621 689 τούτου
654 635 775 708 μηδ’
803 635 931 689 ἄλλο
962 654 1014 690 τι
1044 636 1301 708 πράττειν
1335 654 1401 707 με
1430 636 1529 700 τὰς
1549 634 1769 698 νύκτας,
1799 635 1831 705 ἧ
1858 635 1916 688 σέ

330 728 425 781 τὸν
450 729 583 782 Θεὸν
615 728 722 800 πρὸ
758 728 1049 800 ὀφθαλμῶν
1087 729 1249 800 ἔχειν.
1286 728 1442 782 Κατὰ
1474 729 1530 782 δέ
1567 729 1658 781 τδν
1693 728 1917 800 Σύμμα-

331 839 428 892 χον
461 818 706 887 λέγοντα,
737 838 755 869 ι
783 819 901 872 καθ’
930 820 1167 891 ἑκάστην
1198 818 1444 891 φυλακήν
1467 817 1737 889 ἐμελέτων
1775 835 1853 882 σε,
1893 838 1912 871 ι

332 912 431 964 καὶ
462 910 603 963 κατὰ
622 908 714 962 τὸν
752 909 981 963 ’Λκύλαν
1013 910 1282 981 φήσαντα,
1313 927 1331 960 ι
1368 911 1426 963 ἐν
1460 908 1729 979 φυλακαῖς
1754 908 1919 978 φθέγ-

331 1014 502 1069 γομαι
525 997 583 1049 ἐν
619 998 721 1060 σοὶ,
767 1018 785 1050 ι
822 997 1014 1068 δηλοῦν
1067 998 1209 1051 ἔοικε
1255 998 1354 1062 τὰς
1398 999 1725 1071 νυκτερινὰς
1769 998 1918 1073 ὦρας

331 1086 623 1141 ἀσκεῖσθαι
653 1089 773 1149 ταῖς
806 1078 924 1141 τῶν
966 1087 1126 1141 θείων
1164 1089 1202 1141 Γ
1208 1088 1392 1160 ραφῶν
1425 1089 1697 1160 μελέταις.
1723 1090 1920 1161 Διῄρη-

230 1240 233 1243 _
332 1196 425 1231 ται
480 1179 579 1250 μέν
612 1178 720 1252 γάρ
765 1181 794 1233 6
834 1182 941 1244 πᾶς
984 1180 1085 1251 τῆς
1128 1178 1322 1246 νυκτὸς
1347 1182 1535 1253 χρόνος
1564 1184 1644 1247 είς
1674 1183 1921 1253 φυλακὰς

332 1270 623 1343 διαφόρους
641 1290 654 1302 ·
685 1270 825 1324 οῦτω
851 1271 977 1340 γοῦν
1012 1272 1224 1345 εἴρηται
1245 1274 1301 1327 ἐν
1326 1275 1664 1344 εὐαγγελίοις
1687 1277 1920 1349 τετάρτῃ

337 1364 554 1436 φυλακῇ
601 1364 873 1436 ἐληλυθὼς
897 1368 925 1418 6
959 1365 1148 1437 Σωτὴρ
1180 1366 1317 1437 πρὸς
1355 1367 1481 1431 τούς
1518 1366 1783 1439 μαθητάς.
1810 1368 1920 1421 Καὶ

334 1456 571 1528 ἀλλαχοῦ
606 1457 662 1510 δὲ
694 1458 853 1521 αὐτός
880 1476 1045 1529 φησι·
1086 1478 1104 1507 ι
1143 1459 1491 1529 Γρηγορεῖτε,
1510 1460 1591 1513 ὅτι
1617 1461 1717 1513 οὐκ
1743 1459 1920 1513 οἴδατε

338 1552 469 1622 ποίᾳ
515 1551 727 1623 φυλακῇ
756 1554 784 1605 ό
816 1552 1023 1623 Κύριος
1074 1551 1229 1623 ὐμῶν
1272 1552 1490 1625 ἔρχεται
1513 1570 1526 1583 ·
1558 1571 1578 1605 ι
1609 1553 1705 1607 καὶ
1736 1553 1916 1607 πάλιν·

345 1662 362 1695 ι
387 1644 595 1697 Ἐκεῖνο
623 1644 679 1697 δὲ
708 1643 1027 1713 γινώσκετε,
1061 1643 1163 1707 ὅτι,
1190 1646 1239 1697 εἰ
1283 1644 1398 1715 ᾔδει
1450 1645 1478 1697 ὁ
1536 1645 1922 1717 οἰκοδεσπότης

340 1736 473 1807 ποίᾳ
499 1735 712 1807 φυλακῇ
741 1738 769 1789 6
808 1735 1048 1807 κλέπτης
1076 1735 1315 1807 ἔρχεται.
1349 1756 1367 1789 ι
1406 1736 1463 1790 Ὀ
1499 1736 1555 1789 δέ
1582 1754 1645 1806 γε
1672 1737 1923 1810 θεοφιλὴς

2024 551 2160 607 tum,
2193 558 2357 613 quam
2399 543 2544 614 quod
2596 544 2839 601 diluculo
2881 546 3098 617 eloquia
3150 546 3449 603 meditarer
3480 558 3593 603 tua.

2025 632 2160 688 llinc
2185 634 2331 688 enim
2360 634 2533 704 palam
2570 643 2711 698 erat,
2741 650 2830 690 mc
2859 636 3007 691 aliud
3039 636 3175 691 nihil
3212 645 3378 693 noctu
3411 654 3595 710 agere.

2023 741 2187 797 quam
2218 733 2271 781 te
2305 724 2470 782 Deum
2504 741 2614 797 prae
2646 728 2820 784 oculis
2854 728 3079 785 habere.
3102 730 3413 785 Secundum
3439 732 3599 803 εγω-

2024 818 2279 874 machum
2322 827 2528 887 autem,
2560 820 2652 889 qui
2690 821 2771 877 sic
2804 822 3000 887 habet,
3036 841 3054 873 ε
3095 839 3193 894 per
3221 825 3467 895 singulas
3497 840 3595 879 cu-

2025 910 2232 966 stodias
2276 910 2579 966 meditabar
2603 918 2679 974 te,
2721 930 2741 966 ›
2792 919 2846 969 οι
2873 914 3175 969 secundum
3223 916 3475 987 Aquilam
3515 916 3601 969 di-
3659 906 3665 929 ³

2027 1012 2265 1067 centem,
2301 1022 2320 1055 ι
2361 1006 2419 1058 in
2477 1003 2742 1060 custodiis
2804 1004 2999 1075 loquor
3044 1008 3097 1062 in
3154 1015 3236 1073 te,
3277 1028 3295 1061 ι
3355 1009 3598 1065 indicare

2024 1093 2314 1150 videbatur
2343 1110 2403 1149 se
2432 1097 2724 1151 nocturnis
2756 1095 2908 1151 horis
2930 1096 3241 1154 divinarum
3283 1097 3590 1170 Scriptura-

2024 1200 2146 1239 rum
2216 1184 2559 1241 meditationi
2609 1202 2827 1244 vacare.
2877 1188 3068 1245 Noctis
3121 1191 3323 1261 quippe
3384 1198 3599 1263 tempus

2025 1285 2198 1332 totum
2248 1278 2305 1333 in
2343 1280 2522 1335 varias
2557 1280 2839 1337 custodias
2873 1281 3227 1339 distributum
3258 1292 3382 1339 est:
3418 1285 3497 1340 sic
3544 1286 3598 1339 in

2026 1369 2319 1440 Evangelio
2350 1369 2605 1426 Salvator
2633 1381 2829 1443 quarta
2860 1375 3039 1429 noctis
3063 1376 3310 1431 custodia
3345 1376 3410 1430 ad
3440 1377 3604 1432 disci-

2027 1462 2186 1531 pulos
2222 1463 2438 1519 venisse
2476 1464 2697 1520 dicitur.
2744 1464 2888 1521 Alibi
2928 1481 3059 1521 vero
3088 1466 3207 1536 ipse
3226 1468 3361 1522 dicit
3398 1487 3411 1522 :
3448 1487 3467 1519 ι
3502 1466 3599 1523 Vi-

2024 1555 2213 1625 gilate.
2249 1557 2377 1627 quia
2405 1556 2627 1613 nescitis
2669 1573 2775 1628 qua
2813 1558 3062 1613 custodia
3107 1558 3371 1616 Dominus
3418 1569 3602 1615 vester

2027 1647 2306 1716 veniet”;
2338 1667 2355 1699 ι
2415 1664 2478 1704 ac
2530 1666 2753 1705 rursum
2791 1668 2804 1704 :
2847 1669 2865 1701 ι
2906 1649 3043 1705 ll'lud
3113 1658 3294 1706 autem
3359 1652 3553 1707 scitote
3583 1694 3599 1717 ,

2029 1737 2157 1806 quia
2188 1739 2233 1793 si
2272 1738 2437 1794 sciret
2482 1739 2876 1811 paterfamilias
2904 1756 3009 1812 qua
3032 1742 3283 1796 custodia
3333 1742 3421 1795 fur
3471 1759 3602 1797 ven-

338 1830 436 1881 καὶ
464 1828 543 1900 τῷ
562 1828 681 1900 Θεῷ
714 1829 1102 1900 ἀνακείμενος,
1131 1829 1681 1900 ἀναμιμνησκόμενος
1713 1830 1805 1882 ἐπί
1831 1830 1930 1901 τῆς

2034 1837 2189 1885 turus
2228 1832 2459 1886 esset".
2503 1851 2522 1884 ο
2564 1831 2660 1886 Vir
2704 1848 2869 1902 porro
2919 1834 3011 1891 ille
3059 1834 3350 1905 religiosus
3394 1843 3448 1890 et
3493 1834 3607 1892 Deo

339 1922 537 1977 ἐαυτοῦ
582 1922 876 1994 στρωμνῆς
927 1921 1021 1975 τοῦ
1056 1920 1213 1985 Θεοῦ,
1248 1919 1474 1975 ἄσπιλόν
1514 1939 1575 1975 τε
1617 1922 1785 1994 αὐτὴν
1834 1924 1929 1977 καὶ

337 2014 534 2087 ἁγνήν,
570 2016 665 2069 καὶ
687 2016 949 2086 ἀμίαντον
990 2014 1294 2085 φυλάττων,
1330 2014 1453 2068 καθ’
1494 2014 1729 2088 ἑκάστην
1761 2016 1930 2086 φυλα-

337 2108 445 2179 κὴν
489 2108 591 2178 τῆς
623 2107 815 2171 νυκτὸς
859 2107 1252 2177 ἀνιστάμενος,
1288 2108 1477 2177 εὐχαῖς
1524 2111 1800 2179 προσεῖχε,
1837 2111 1930 2164 καὶ

332 2203 455 2264 τοῖς
476 2199 641 2264 θείοις
675 2202 954 2269 ἐνησκεῖτο
983 2199 1300 2271 μαθήμασιν
1319 2216 1333 2229 ο
1362 2199 1391 2252 ὃ
1415 2199 1478 2271 δὴ
1506 2199 1770 2253 διδάσκων
1790 2202 1930 2255 κατά

335 2294 431 2349 τὸν
488 2292 784 2362 Σύμμαχον
842 2288 1059 2358 ἔλεγεν·
1116 2307 1135 2339 ι
1202 2289 1778 2360 ’Λναμιμνησκόμενός
1834 2308 1927 2344 σου

338 2385 434 2439 ἐπὶ
486 2383 588 2454 τῆς
655 2382 943 2454 στρωμνῆς
999 2398 1122 2452 μου,
1203 2379 1325 2433 καθ’
1386 2380 1625 2450 ἑκάστην
1683 2380 1927 2452 φυλακὴν

336 2477 635 2549 ἐμελέτων.
670 2495 688 2527 ι
717 2475 812 2538 Εἰς
831 2476 889 2527 σέ
912 2474 1020 2545 γάρ
1051 2473 1213 2527 αὐτὸν
1243 2472 1517 2545 ἐμελέτων
1543 2473 1633 2527 τὸν
1660 2473 1792 2526 Θεὸν
1810 2474 1930 2527 ἀντὶ

343 2569 528 2639 πάσης
574 2566 759 2638 βίϐλου
808 2566 899 2619 καὶ
946 2566 1183 2639 γραφῆς,
1219 2566 1331 2621 ἀνω
1396 2565 1531 2638 πρὸς
1586 2566 1644 2619 σέ
1688 2565 1780 2619 τόν
1807 2566 1930 2621 νοῦν

340 2660 657 2731 τεταμένος,
693 2658 930 2731 μελετῶν
968 2676 1026 2711 τε
1058 2658 1151 2711 καὶ
1196 2658 1751 2730 ἀναμιμνησκόμενος
1790 2661 1930 2713 ὅσων

342 2752 582 2824 ἠξιώθην
613 2752 717 2805 ὑπὸ
756 2751 849 2805 σοῦ
900 2749 1251 2824 εὐεργεσιῶν,
1292 2751 1387 2803 καὶ
1435 2752 1511 2814 ώς
1566 2750 1795 2821 γέγονάς
1828 2769 1930 2823 μου

343 2846 573 2899 πάντοτε
601 2844 812 2916 βοηθὸς,
850 2845 944 2898 καὶ
971 2844 1035 2897 ἐκ
1062 2843 1270 2915 μυρίων
1301 2860 1368 2914 με
1398 2842 1719 2914 πειρασμῶν
1747 2842 1934 2897 διέσω-

345 2953 465 3001 σας,
502 2938 595 2992 καὶ
628 2938 703 3001 ώς
736 2937 1019 2999 ἐκσπάσας
1068 2953 1135 3007 με
1180 2937 1299 2998 ταῖς
1334 2934 1532 2989 σαυτοῦ
1564 2935 1811 3008 πτέρυξι,
1838 2936 1933 3008 δη-

338 3028 476 3099 λαδή
500 3032 618 3091 ταῖς
636 3029 894 3100 δυνάμεσι
919 3028 1017 3099 τῆς
1065 3026 1263 3080 σαυτοῦ
1296 3026 1580 3097 προνοίαςσ
1613 3026 1769 3080 ἅτινα
1804 3027 1934 3080 ἀνα-

342 3119 767 3225 πεμπαςόμενος
922 3118 1156 3225 Aegium
1190 3118 1412 3225 aspis
1467 3115 1842 3225 ἐπληρούξιηνν
1897 3116 2003 3225 ἢ(Ξ

336 3215 700 3285 ἀνηυφήμουν
731 3229 789 3266 σε
812 3212 903 3265 τὸν
921 3211 1051 3264 Θεὸν
1072 3209 1215 3264 κατά
1233 3210 1324 3262 τὸν
1345 3209 1640 3281 Σύμμαχον
1662 3211 1930 3282 φήσαντα,

346 3326 368 3357 ‹
407 3308 503 3359 καὶ
530 3305 863 3377 σκεπόμενος
894 3306 951 3358 ἐν
982 3306 1101 3367 ταῖς
1142 3302 1368 3376 πτέρυξί
1395 3318 1486 3355 σου
1506 3302 1881 3373 ἀνηυφήμουν.
1909 3322 1928 3353 ι

344 3400 605 3457 Μελετῶν
637 3400 693 3454 δὲ
720 3401 789 3453 τὰ
825 3399 893 3452 σά
920 3399 1075 3466 λόγια
1104 3397 1225 3452 καθ’
1261 3396 1498 3467 ἑκάστην
1549 3394 1793 3467 φυλακὴν
1833 3394 1935 3465 τῆς

256 3512 278 3537 ι
344 3491 562 3554 νυκτὸς,
596 3489 829 3543 κᾶπειτα
860 3487 1100 3550 ἀκούσας
1138 3484 1233 3539 τοῦ
1265 3487 1538 3556 φήσαντος
1579 3483 1721 3537 θείου
1745 3483 1929 3554 νόμου·

346 3603 368 3634 ς
422 3584 627 3638 Ὀπίσω
656 3582 861 3653 Κυρίου
895 3581 989 3634 τοῦ
1019 3580 1154 3634 Θεοῦ
1192 3597 1285 3633 σου
1319 3578 1582 3651 πορεύσῃ,
1626 3596 1644 3628 ι
1681 3575 1935 3647 καὶπρὸς

340 3677 509 3730 αὐτὸν
548 3694 565 3725 ι
626 3674 925 3746 κολληθεὶς,
959 3672 991 3743 ἢ
1027 3670 1292 3734 διατεθεὶς
1323 3670 1421 3741 τὴν
1449 3668 1627 3739 ψυχὴν
1660 3666 1935 3738 πειθήνιος

344 3769 546 3837 γέγονα
580 3766 657 3838 τῷ
702 3767 871 3838 νόμῳ,
912 3766 1032 3828 ὅλος
1078 3781 1139 3817 τε
1181 3763 1409 3834 εἰχόμην
1442 3760 1535 3813 τοῦ
1589 3759 1933 3832 πράγματος,

344 3861 528 3914 πάντα
570 3877 627 3912 τε
670 3858 1035 3929 ἡγησάμενος,
1093 3854 1296 3926 μᾶλλον
1340 3852 1397 3906 δὲ
1444 3850 1816 3923 ἀποστραφεὶς
1867 3848 1936 3903 τά

347 3952 489 4025 μετά
532 3952 625 4005 τὸν
672 3951 804 4004 Θεὸν
838 3948 1036 4010 πάντα,
1065 3946 1339 4017 ἀνώτερος
1379 3944 1472 3997 καὶ
1501 3942 1828 4013 ὑψηλότερος
1859 3940 1938 4011 τῷ

344 4045 501 4115 πόθῳ
554 4044 653 4115 τῆς
700 4043 880 4114 ψυχῆς
941 4040 1231 4110 κατέστην,
1292 4038 1390 4091 καὶ
1443 4035 1527 4089 σοὶ
1574 4034 1653 4105 τῷ
1684 4032 1802 4104 Θεῴ
1835 4049 1937 4104 μου

346 4136 651 4209 συνήφθην,
685 4136 760 4200 ὡς
788 4136 959 4188 εἰπεῖν
993 4133 1067 4205 μὴ
1104 4131 1447 4202 ψευσάμενον
1468 4146 1482 4160 ·
1512 4146 1531 4179 ι
1576 4125 1871 4199 Ἐκολλήθη
1902 4128 1935 4196 ή

342 4233 495 4304 ψυχή
536 4250 637 4303 μου
664 4230 841 4283 ὀπίσω
872 4246 989 4281 σου.
1031 4246 1050 4279 ι
1084 4226 1178 4289 Εἰς
1206 4223 1476 4293 τοσαύτην
1500 4221 1558 4274 δὲ
1591 4220 1767 4291 ήλασα
1806 4236 1939 4290 προ-

345 4324 527 4393 κοπὴν
556 4324 651 4377 καὶ
674 4324 754 4386 είς
776 4321 1030 4374 τοσοῦτον
1056 4317 1285 4390 μέγεθος
1318 4315 1518 4386 ἀρετῆς
1541 4310 1941 4384 προῆλθον,οὐκ

344 4416 589 4491 ἐμαυτοῦ
614 4415 844 4486 δυνάμει
871 4411 1238 4485 χρησάμενος,
1267 4406 1403 4461 ἀλλά
1428 4408 1494 4477 τῇ
1524 4407 1589 4475 σῇ
1616 4402 1903 4473 δεσποτεία
1924 4418 1935 4429 ·

2030 1924 2305 1987 addictus,
2334 1923 2427 1979 Dei
2460 1924 2512 1979 in
2547 1933 2719 1979 strato
2759 1940 2861 1981 suo
2895 1926 3237 1990 recordatus,
3277 1927 3599 1982 immacula-

2030 2024 2145 2071 tum
2182 2016 2341 2079 illud,
2386 2025 2597 2072 castum
2624 2027 2678 2073 et
2706 2017 3049 2088 impollutum
3095 2019 3460 2081 custodiebat.
3486 2022 3603 2076 sin-

2029 2106 2171 2178 gulis
2199 2106 2381 2162 noctis
2416 2108 2683 2164 custodiis
2707 2110 3052 2179 exsurgebat,
3073 2109 3327 2180 precibus
3358 2111 3599 2165 animum

2029 2197 2371 2261 adhibebat,
2432 2197 2743 2268 divinisque
2798 2199 3108 2269 disciplinis
3174 2200 3599 2255 cxercitabatur.

2030 2288 2186 2355 Quod
2242 2290 2329 2345 his
2368 2290 2679 2362 Symmachi
2712 2290 2892 2345 verbis
2935 2292 3236 2345 educetur:
3272 2310 3290 2343 ι
3326 2290 3602 2347 Recorda-

2029 2388 2121 2435 tus
2157 2382 2234 2436 tui
2266 2398 2432 2452 super
2479 2390 2713 2438 stratum
2745 2397 2946 2446 meum,
2976 2398 3074 2452 per
3120 2384 3362 2454 singulas
3412 2392 3602 2439 custo-

2029 2474 2149 2530 dias
2171 2475 2494 2531 meditabar.
2536 2495 2554 2527 ι
2588 2475 2664 2531 Το
2707 2478 2903 2547 quippe
2950 2475 3118 2532 Deum
3147 2477 3559 2547 contemplabar
3586 2518 3601 2541 ,

2030 2580 2094 2622 ac
2141 2567 2261 2623 vice
2314 2566 2578 2623 librorum
2625 2575 2681 2621 et
2734 2568 3166 2638 scripturarum,
3201 2576 3382 2623 mente
3428 2566 3496 2621 ad
3548 2575 3604 2623 te

2031 2672 2252 2713 sursum
2302 2658 2467 2721 elata,
2501 2656 2826 2725 meditabar,
2872 2658 3193 2714 recordatus
3245 2659 3467 2730 quantis
3514 2674 3602 2715 me

2030 2750 2313 2807 beneficiis
2342 2750 2659 2817 ornaveris,
2696 2760 2748 2806 et
2773 2751 2915 2821 quod
2950 2750 3083 2804 mihi
3119 2765 3335 2821 semper
3361 2750 3601 2819 adjutnr,

2032 2857 2065 2896 a
2126 2842 2399 2898 sexcentis
2451 2858 2539 2898 me
2580 2842 2975 2897 tentationibus
3028 2843 3323 2913 eripueris,
3389 2843 3603 2913 alisque

2032 2935 2165 2993 tuis.
2197 2933 2455 2989 nimirum
2493 2934 2842 3004 providentia:
2885 2942 2992 2989 tua:
3035 2934 3351 3003 virtutibus,
3390 2938 3601 2991 extule-

2034 3031 2113 3082 ris
2142 3046 2156 3082 :
2193 3042 2312 3098 quae
2342 3027 2396 3080 in
2436 3026 2755 3081 memoriam
2789 3035 3057 3096 repetens,
3084 3028 3282 3098 gaudio
3311 3029 3561 3099 replebar
3582 3068 3600 3094 ,

2036 3127 2197 3190 teque
2252 3117 2423 3173 Deum
2476 3118 2812 3174 celebrabant
2865 3120 3166 3174 secundum
3209 3118 3595 3191 Symmachum

2037 3209 2129 3279 qui
2171 3209 2251 3265 sic
2272 3208 2457 3271 habet,
2494 3227 2513 3260 ι
2550 3217 2603 3263 et
2630 3215 2902 3279 protectus
2928 3209 3029 3264 alis
3060 3210 3168 3264 tuis
3190 3211 3550 3268 celebrabam.
3578 3231 3597 3262 ι

2036 3301 2265 3371 Eloquia
2318 3316 2449 3355 vero
2496 3310 2589 3356 tua
2638 3316 2734 3371 per
2796 3301 3043 3373 singulas
3087 3302 3269 3358 noctis
3324 3304 3604 3361 custodias

2035 3408 2246 3448 mecum
2291 3401 2576 3463 reputans,
2606 3393 2893 3464 auditaque
2935 3402 3062 3463 post
3103 3395 3217 3449 haec
3265 3395 3455 3450 divina
3486 3396 3604 3461 lege

2034 3501 2155 3555 qua:
2182 3485 2265 3540 sic
2300 3484 2482 3550 habet,
2517 3503 2535 3535 ι
2570 3483 2698 3540 Post
2732 3483 3018 3540 Dominum
3070 3484 3237 3541 Deum
3284 3494 3435 3540 tuum
3484 3504 3605 3558 gra-

2035 3579 2242 3642 dieris;
2284 3597 2304 3630 »
2340 3577 2444 3647 ipsi
2495 3577 2737 3643 luet-ens,
2777 3577 2877 3647 ipsi
2930 3577 3215 3644 addictus,
3274 3578 3605 3646 morigerum

2035 3680 2123 3719 me
2171 3664 2273 3734 legi
2326 3663 2555 3733 praebui,
2596 3664 2809 3734 ipsique
2845 3665 3035 3719 inhazsi
3071 3674 3251 3729 totus,
3294 3666 3478 3719 omnia
3510 3683 3607 3736 pro

2038 3756 2210 3812 nihilo
2261 3756 2492 3819 habens,
2546 3755 2655 3809 imo
2706 3771 2835 3810 vero
2882 3756 3065 3810 omnia
3110 3772 3232 3827 quae
3280 3764 3403 3826 post
3437 3756 3605 3812 Deum

2037 3857 2167 3905 sunt
2214 3858 2530 3911 aversatus,
2565 3864 2630 3903 ex
2665 3849 2827 3902 animi
2866 3847 3140 3904 desiderio
3191 3849 3479 3903 sublimior
3513 3864 3610 3905 ex-

2038 3940 2351 4009 celsiorque
2397 3937 2598 4001 factus,
2641 3936 2737 3991 tibi
2778 3936 2883 3992 Deo
2927 3952 3047 3991 meo
3079 3938 3410 4007 coniunctus
3464 3953 3608 4001 sum,

2038 4041 2099 4086 ut
2122 4046 2249 4086 vere
2282 4030 2470 4085 dicere
2492 4030 2699 4085 valeam
2733 4048 2745 4084 :
2782 4047 2797 4079 ι
2834 4028 3079 4085 Adhazsit
3113 4029 3294 4085 anima
3325 4043 3443 4084 mea
3486 4038 3609 4099 post

2040 4136 2112 4182 te.
2152 4145 2172 4179 ι
2205 4124 2287 4179 Ad
2320 4133 2534 4179 tantum
2566 4139 2696 4179 vero
2730 4122 3054 4193 profectum,
3091 4122 3159 4177 ad
3190 4129 3402 4177 tantum
3436 4122 3610 4176 virtu-

2038 4220 2111 4275 tis
2153 4218 2433 4274 cumulum
2464 4217 2705 4288 perveni,
2738 4233 2843 4271 tum
2880 4230 2999 4270 mea
3055 4221 3344 4286 potestate,
3387 4212 3483 4269 sed
3513 4222 3611 4269 tuo

2040 4311 2323 4366 dominatu
2359 4329 2372 4362 :
2408 4316 2465 4363 tu
2492 4308 2636 4363 enim
2674 4308 2788 4378 ipse
2818 4306 3195 4365 misericordia
3224 4314 3319 4360 tua
3370 4305 3422 4358 ld
3475 4303 3609 4358 mihi

2040 4402 2306 4474 elargitus
2364 4416 2445 4456 es.
2500 4398 2677 4455 Meum
2716 4400 2911 4469 quippe
2957 4414 3086 4469 erga
3117 4404 3171 4453 te
3203 4409 3446 4450 amorem
3488 4408 3609 4448 cer-

346 4485 417 4566 σύ
442 4510 551 4582 γὰρ
577 4485 837 4577 αὐτὸς
866 4504 944 4576 σῷ
977 4504 1111 4575 ἐλέῳ
1141 4501 1300 4556 τοῦτό
1337 4518 1426 4571 μοι
1454 4499 1729 4571 ἐδωρήσω.
1765 4494 1931 4566 Ὁρῶν

2044 4509 2180 4550 nens
2212 4502 2634 4565 acccptansque,
2668 4502 2883 4548 extensa
2914 4489 3136 4545 dextera
3173 4496 3265 4543 tua
3307 4501 3393 4541 me
3431 4485 3609 4541 susci-

345 4605 458 4675 γάρ
505 4620 604 4675 μου
637 4601 729 4654 τὸν
761 4600 889 4670 περὶ
918 4598 977 4651 οὲ
1011 4596 1175 4650 πόθον
1203 4594 1298 4647 καὶ
1329 4591 1731 4661 ἀποδεξάμενος
1754 4586 1936 4649 αὐτὸν,

344 4694 695 4766 κατηξίωσας
737 4692 838 4762 τὴν
882 4688 1077 4743 σαυτοῦ
1107 4686 1287 4754 δεξιὰν
1312 4686 1560 4749 ἐκτείνας
1589 4681 1939 4737 ἐπιλαϐέσθαι

350 4807 457 4860 μου
511 4788 603 4840 καὶ
649 4782 941 4839 ἀνελκῦσαι
975 4780 1089 4835 ἀνω
1118 4779 1257 4853 πρὸς
1280 4778 1470 4831 ἑαυτόν
1492 4793 1505 4808 ·
1532 4776 1621 4829 διὰ
1639 4774 1801 4829 τοῦτο
1831 4774 1941 4845 γὰρ

344 4880 633 4951 δεδύνηται
667 4880 701 4948 ὴ
725 4876 869 4948 ψυχή
905 4892 1006 4946 μου
1051 4871 1155 4926 ὐπὸ
1182 4870 1275 4925 σοῦ
1314 4868 1639 4941 βοηθηθεῖσα
1672 4865 1939 4938 κολληθῆ-

346 4990 439 5027 ναι
481 4973 655 5026 ὀπίσω
682 4987 775 5024 σου
795 4986 808 4999 °
846 4966 1142 5038 ἐπειδήπερ
1176 4982 1195 5015 ‹
1234 4961 1368 5034 ἐμοῦ
1395 4960 1717 5014 ἀντελάϐετο
1738 4961 1771 5030 ἡ
1790 4957 1941 5024 δεξιά

349 5082 469 5118 σου.
516 5083 534 5114 ι
565 5063 639 5116 Οὐ
673 5061 781 5133 γὰρ
826 5059 891 5113 ἂν
948 5058 1124 5119 ἄλλως
1172 5052 1507 5124 ἐφικνούμην
1546 5051 1641 5104 τοῦ
1683 5050 1936 5103 τοσούτου

349 5157 540 5226 ὕψους,
590 5157 637 5208 εί
674 5156 748 5227 μὴ
789 5150 1111 5208 ἀντελάϐετό
1149 5166 1250 5219 μου
1282 5150 1315 5219 ή
1346 5144 1497 5211 δεξιά
1541 5161 1655 5197 σου.
1687 5143 1939 5196 Διδάσκει

344 5249 406 5301 δὲ
449 5251 479 5301 ὁ
506 5247 827 5309 Ἀπόστολος
849 5245 966 5308 πῶς
1004 5261 1087 5307 τις
1120 5241 1376 5295 κολλᾶται
1399 5237 1476 5309 τῷ
1502 5237 1714 5309 Κυρίῳ,
1741 5235 1936 5304 λέγων·

352 5359 373 5390 ι
426 5340 485 5393 '0
518 5339 855 5411 κολλώμενος
879 5337 956 5408 τῷ
987 5336 1177 5407 Κυρίῳ
1206 5334 1263 5386 ἒν
1290 5330 1509 5402 πνεῦμά
1537 5331 1711 5383 ἐστιν’
1748 5327 1824 5391 ὡς
1846 5326 1941 5380 καὶ

346 5435 379 5485 6
414 5430 755 5503 κολλώμενος
796 5434 864 5502 τῇ
904 5430 1080 5502 πόρνῃ
1111 5426 1168 5479 ἓν
1210 5424 1370 5496 σῶμά
1394 5426 1531 5476 ἐστι.
1585 5442 1602 5473 ο
1649 5419 1839 5489 Λέγων
1884 5418 1943 5471 δέ

2049 4601 2198 4657 pere,
2227 4600 2557 4656 sursumque
2585 4584 2798 4639 trahere
2825 4582 3077 4653 dignatus
3108 4596 3169 4634 es
3193 4597 3207 4644 ;
3231 4577 3465 4647 ideoque
3487 4576 3607 4629 ani-

2048 4693 2135 4732 ma
2170 4694 2311 4746 mea,
2342 4688 2395 4733 te
2427 4677 2751 4748 opitulante,
2787 4674 3064 4729 adhaerere
3092 4672 3189 4725 tibi
3223 4670 3401 4740 potuit
3427 4687 3441 4723 :
3471 4682 3610 4736 quo-

2046 4770 2193 4825 niam
2233 4789 2252 4821 ι
2294 4786 2381 4824 me
2409 4770 2651 4840 suscepit
2678 4766 2893 4822 dextera
2928 4772 3039 4819 tua.
3078 4782 3098 4815 ο
3142 4761 3261 4817 Non
3296 4761 3440 4816 enim
3485 4767 3609 4813 tan-

2045 4869 2157 4918 tam
2201 4862 2597 4918 sublimitatem
2648 4858 2966 4928 attigissem,
3013 4853 3238 4910 nisime
3271 4850 3609 4920 suscepisset

2046 4955 2269 5011 dextera
2293 4963 2403 5008 tua.
2436 4952 2603 5008 Docet
2631 4966 2791 5021 porro
2821 4947 3114 5019 Apostolus
3140 4960 3248 5015 quo
3275 4950 3437 5015 pacto
3486 4942 3609 5011 quis

2046 5049 2276 5105 Domino
2325 5048 2549 5109 haereat,
2608 5046 2693 5099 his
2739 5042 2956 5099 verbis:
2998 5060 3015 5093 ι
3058 5038 3159 5105 Qui
3214 5037 3455 5092 adhaaret
3506 5032 3609 5087 llo-

2045 5142 2218 5205 mino,
2254 5156 2398 5195 unus
2428 5139 2657 5210 spiritus
2688 5144 2790 5204 est,
2824 5130 3276 5206 quemadmodum
3304 5128 3397 5198 qui
3427 5127 3607 5180 adhae-

2045 5242 2130 5290 ret
2164 5233 2459 5298 meretrici,
2489 5246 2656 5285 unum
2690 5243 2884 5299 corpus
2916 5225 3087 5283 est".
3125 5242 3145 5276 ι
3183 5224 3319 5278 Cum
3345 5234 3476 5289 ergo
3504 5216 3607 5271 Da-

2046 5326 2138 5384 vid
2167 5326 2398 5381 Domino
2425 5326 2652 5387 diceret,
2683 5341 2701 5373 ι
2730 5321 2961 5375 Adhaesit
2984 5320 3163 5373 anima
3187 5330 3306 5370 mea
3340 5318 3461 5383 post
3475 5318 3549 5374 te,
3582 5327 3600 5359 ›

2047 5420 2178 5475 hinc
2201 5433 2262 5474 se
2294 5416 2535 5472 castitati
2564 5413 2888 5485 puritatique
2920 5411 3161 5465 deditum
3193 5402 3530 5460 declarabat.
3632 5386 3640 5421 ‘

350 5526 518 5581 Δαυῑδ
564 5488 641 5596 ei?)
689 5488 908 5597 Κῦρίίρ·
965 5488 993 5575 «ι
1026 5488 1321 5592 ’ἐκολλήθη
1354 5515 1559 5588 ήψυχή
1610 5530 1710 5586 μου
1742 5488 1940 5565 ὀπίσω
1977 5528 2095 5580 σου,
2124 5509 2286 5581 δῆλος
2332 5502 2400 5580 ἦν
2434 5507 2528 5562 καὶ
2558 5508 2622 5559 ἐκ
2660 5503 2841 5558 τούτου
2898 5499 3091 5570 ἁγνείᾳ
3119 5495 3213 5551 καὶ
3274 5488 3607 5563 καθαρότητι

351 5620 654 5692 σχολάζων.

435 5730 455 5763 ι
482 5713 647 5765 Αὐτοὶ
677 5711 734 5764 δέ
768 5710 847 5773 εἰς
879 5708 1055 5779 μάτην
1100 5704 1373 5776 ἐζήτησαν
1407 5699 1504 5771 τὴν
1529 5698 1709 5770 ψυχήν
1747 5714 1844 5769 μοχ
1907 5713 1924 5747 ι

2112 5688 2274 5746 Vens.
2306 5687 2481 5745 1042.
2515 5708 2532 5739 l
2568 5684 2673 5758 Ipsi
2706 5698 2828 5739 vero
2856 5682 2903 5735 in
2922 5692 3120 5734 vanum
3142 5672 3471 5749 quaesierunt
3486 5670 3609 5729 nni-

462 5828 511 5862 "
552 5825 744 5880 Matth.
788 5839 961 5891 .xxw,
994 5821 1081 5876 Η.
1159 5818 1205 5853 ’°
1245 5817 1375 5874 ibid.
1410 5815 1499 5870 45.
1578 5813 1623 5845 ’⁸
1665 5811 1685 5865 l
1720 5811 1847 5866 Cor.
1885 5822 1976 5872 vi,
2012 5804 2197 5873 16,17:
