4100 6528
537 338 635 393 (ill

1210 334 1478 391 EUSEBII
1509 333 1984 392 CAESARIENSIS
2008 334 2160 393 OPP.
2204 334 2389 392 PARS
2431 334 2522 391 Ill.
2557 363 2626 372 —
2665 331 3076 389 EXEGETICA.

3681 332 3785 390 619

539 467 684 508 mam
711 467 910 508 meam.
937 471 956 506 ι
995 451 1109 522 Ego
1135 451 1377 522 quidem,
1414 451 1513 517 ait,
1537 450 1634 505 tibi
1673 447 1949 504 Servatori
1991 464 2104 506 meo

2229 447 2371 518 Ἐγὼ
2406 448 2528 520 μὲν,
2557 447 2712 518 φησὶ,
2747 447 2830 499 σοὶ
2850 444 2928 516 τῷ
2957 443 3194 516 ἐμαυτοῦ
3237 443 3450 516 Σωτῆρι
3481 447 3786 516 προσεῖχον,

538 543 832 610 haerebam,
867 553 1033 615 atque
1076 542 1340 614 perfugas
1365 552 1419 596 et
1455 543 1510 596 in
1552 541 1853 597 solitudine
1879 541 2104 613 degens,

539 636 637 688 tibi
670 634 909 689 animam
957 633 1285 703 copulabam
1317 647 1515 695 meam,
1550 641 1604 686 et
1639 645 1927 686 sermones
1981 637 2108 685 tuos

540 726 877 781 meditabar:
936 739 1113 796 neque
1169 725 1317 780 enim
1353 726 1706 794 insequentes
1741 738 1829 777 me
1881 722 2110 794 propul-

540 821 750 881 sabam,
786 835 962 888 neque
994 819 1182 882 etiam,
1222 816 1352 871 dum
1387 817 1483 872 tibi
1534 816 1645 871 Deo
1675 831 1948 879 vacarem,
1987 829 2109 885 pre-

536 926 632 965 ces
665 910 959 965 fundebam
988 919 1180 966 contra
1213 911 1506 971 inimicos;
1540 908 1636 965 sed
1660 908 1757 963 tibi
1792 909 1909 975 uni,
1945 916 2002 963 ut
2024 908 2109 962 di-

540 1012 688 1056 ctum
729 1009 838 1065 est,
875 1002 1242 1057 adhaerebam.
1283 1000 1364 1054 Illi
1416 1015 1545 1055 vero
1599 1000 1806 1055 futilem
1842 999 2106 1055 adversus

537 1094 778 1147 animam
821 1109 997 1147 meam
1049 1091 1477 1148 sollicitudinem
1527 1090 1810 1162 suscipere
1848 1106 1958 1146 non
2013 1090 2109 1146 de-

537 1185 807 1240 sistebant
833 1203 846 1238 :
881 1184 935 1238 in
973 1199 1172 1238 vanum
1203 1183 1405 1253 quippe
1434 1183 1751 1254 quaerebant
1779 1198 1922 1251 eam,
1965 1197 2105 1253 quae,

537 1280 799 1348 quoniam
862 1278 959 1331 tibi
1000 1277 1263 1339 haerebat,
1299 1277 1368 1332 ab
1421 1276 1556 1347 ipsis
1606 1276 1832 1332 minime
1881 1274 2109 1347 reperiri

540 1378 787 1442 poterat:
825 1386 995 1440 quare
1049 1385 1170 1440 qua:
1199 1386 1258 1425 se
1296 1380 1518 1424 manent
1551 1369 1656 1440 ipsi
1701 1369 1920 1440 quidem
1950 1369 2108 1440 igno-

540 1473 684 1524 rant,
716 1462 810 1516 sed
849 1460 1089 1532 Spiritus
1113 1469 1338 1517 sanctus
1369 1460 1718 1516 vaticinatur.
1753 1460 1959 1517 Deinde
1981 1475 2110 1516 vero

538 1553 654 1608 haec
685 1553 1000 1623 prophetice
1024 1552 1391 1607 vociferatur:
1429 1570 1448 1603 ι
1474 1551 1779 1608 lntroibunt
1799 1552 1864 1621 jn
1887 1552 2110 1608 inferio-

540 1661 599 1699 ra
629 1656 838 1700 ωτι-αξ.»
895 1643 1341 1715 Quandoquidem
1365 1645 1513 1699 enim
1546 1654 1764 1702 tcrrena
1795 1646 2106 1716 sapicbant,

2212 541 2306 594 καὶ
2334 540 2412 594 σοὶ
2442 539 2542 611 τήν
2575 539 2711 612 ἐμὴν
2743 539 2920 610 ψυχὴν
2958 537 3258 609 συνῆπτον,
3294 540 3406 600 τοῖς
3438 553 3496 590 τε
3525 540 3635 600 σοῖς
3665 539 3774 608 ἐμει

2209 633 2377 687 λέτων
2411 631 2592 703 λόγοις
2614 672 2629 696 ,
2676 633 2734 684 ἐν
2784 634 2928 702 φυγῇ
2980 631 3282 701 τυγχάνων,
3315 631 3409 683 καὶ
3443 631 3502 684 ἐν
3535 631 3787 702 ἐρημίαις

2210 726 2528 798 ποιούμενος
2569 726 2667 789 τὰς
2711 725 3017 798 διατριϐάς.
3068 725 3143 777 Οὐ
3193 723 3300 796 γὰρ
3337 723 3629 795 ήμυνόμην
3664 725 3788 788 τοὺς

2209 817 2530 882 ἐλαύνοντας
2555 834 2642 888 με,
2666 816 2780 872 ἀλλ’
2814 817 2933 870 οὐδὲ
2965 816 3046 869 σοὶ
3072 815 3149 887 τῷ
3174 814 3292 886 Θεῷ
3323 814 3597 886 σχολάζων
3629 815 3789 888 εὐχὰς

2209 916 2350 970 κατά
2368 917 2476 970 τῶν
2507 917 2716 989 ἐχθρῶν
2737 916 3053 987 ἀνέπεμπον
3075 933 3088 946 ·
3115 915 3198 968 σοὶ
3225 915 3282 967 δὲ
3315 913 3460 985 μόνῳ
3483 917 3790 987 προσεῖχον,

2207 1013 2284 1076 ὡς
2324 1010 2480 1082 ἔφην.
2526 1011 2589 1064 Ol
2618 1010 2674 1063 δὲ
2713 1011 2774 1063 οὐ
2816 1009 3082 1063 διέλειπον
3112 1007 3346 1079 ματαίαν
3379 1007 3612 1078 σπουδὴν
3647 1005 3790 1059 κατὰ

2205 1104 2306 1174 τῆς
2339 1103 2518 1174 ψυχῆς
2551 1119 2651 1174 μου
2684 1099 3029 1172 ποιούμενοι·
3064 1101 3144 1164 εἰς
3176 1099 3401 1171 μάταιον
3425 1098 3535 1170 γὰρ
3565 1097 3790 1166 ἐζήτουν

2207 1197 2376 1270 αὐτὴν
2400 1237 2414 1261 ,
2459 1195 2748 1268 ἀνεύρετον
2795 1195 2978 1258 αὐτοῖς
3010 1188 3175 1248 οὖσαν
3206 1191 3293 1245 διά
3335 1191 3396 1244 τὺ
3430 1189 3786 1258 κεκολλῆσθατ

2206 1291 2381 1344 ὀπίσω
2411 1307 2504 1343 σου
2524 1307 2538 1320 ·
2569 1289 2756 1360 διόπερ
2789 1288 2857 1342 τὰ
2893 1287 3256 1360 περιμένοντα
3284 1285 3483 1348 αὐτοὺς
3511 1284 3664 1337 αὐτοὶ
3695 1283 3792 1353 μὲν

2207 1384 2306 1437 οὐκ
2332 1384 2497 1448 ἴσασι,
2520 1382 2581 1436 τὸ
2609 1383 2664 1436 δὲ
2691 1381 2913 1452 Πνεῦμα
2941 1381 3002 1434 τὸ
3033 1380 3184 1448 ἆγιον
3214 1376 3480 1441 θεσπίζει.
3512 1373 3626 1430 Εἶθ’
3659 1377 3789 1445 ἑξῆς

2207 1477 2417 1542 τούτοις
2444 1475 2796 1548 προφητικῶς
2831 1475 3105 1543 ἀναφωνεῖ
3138 1471 3310 1541 λέγων
3334 1489 3347 1503 ο
3391 1491 3410 1524 ι
3438 1470 3789 1524 Εἰσελεύσον-

2207 1590 2298 1626 ται
2326 1573 2406 1635 είς
2437 1570 2507 1624 τὰ
2539 1567 2828 1623 κατώτατα
2863 1567 2960 1637 τῆς
2986 1567 3109 1638 γῆς.
3138 1585 3156 1619 ι
3202 1565 3420 1636 Ἐπειδὴ
3452 1565 3560 1636 γάρ
3587 1564 3656 1617 τὰ
3694 1565 3790 1635 τῆς

2207 1666 2311 1736 γῆς
2333 1664 2590 1737 ἐφρόνουν
2617 1663 2710 1716 καὶ
2737 1660 2844 1714 τῶν
2870 1659 3019 1713 κάτω
3043 1659 3350 1728 γεγόνασιν,
3378 1657 3602 1720 εἰκότως
3630 1656 3789 1710 τάπί.

537 1750 592 1794 et
618 1740 674 1792 in
718 1739 920 1794 inlimis
951 1739 1231 1794 constituti
1261 1747 1436 1805 erant,
1475 1739 1601 1809 jure
1631 1739 1937 1795 facinorum
1970 1755 2104 1810 prae-

540 1832 644 1854 -..2.‘
693 1833 950 1854 -.-ΔΖ-2-...
1031 1830 1163 1854 ﬂ-..
1203 1835 1287 1854 ..-Α
1332 1830 1437 1854 “AA
1487 1832 1809 1854 --_2--_..n---
1845 1841 1889 1854 ,ι
1924 1831 2099 1854 -..2..-Α

2209 1777 2366 1831 χειρα
2414 1757 2694 1811 πείσονται
2753 1751 2832 1817 οἷς
2871 1753 3120 1824 ἔδρασαν.
3169 1752 3226 1804 Ὁ
3272 1750 3370 1822 μὲν
3401 1749 3508 1822 γάρ
3546 1749 3627 1820 τῷ
3670 1747 3790 1817 Θεῷ

540 1832 649 1886 mia
691 1833 974 1902 recipient.
1031 1830 1166 1886 Nam
1197 1835 1290 1901 qui
1332 1830 1441 1886 Deo
1482 1832 1812 1902 conjunctus
1840 1841 1894 1888 et
1922 1831 2105 1886 anima

540 1925 644 1996 ipsi
672 1925 1079 1996 conglutinatus
1102 1932 1208 1988 est,
1239 1924 1392 1994 regni
1414 1924 1678 1979 ctelorum
1707 1940 1858 1994 spem
1888 1925 2106 1981 obtine-

539 2017 651 2083 bit;
684 2016 778 2086 qui
829 2031 962 2072 vero
1015 2016 1350 2071 contrariam
1399 2016 1699 2071 decurrunt
1730 2018 1893 2083 viam,
1924 2025 1978 2072 et
2021 2019 2106 2072 in-

542 2109 666 2164 tima
716 2110 956 2179 sapiunt,
1006 2112 1060 2163 in
1098 2110 1275 2163 lacum
1327 2108 1462 2162 alias
1496 2118 1851 2164 memoratum
1882 2109 2103 2179 dejecti,

542 2201 848 2254 introibunt
889 2201 942 2252 in
993 2197 1254 2253 inferiora
1290 2205 1468 2252 terrae.
1541 2195 1676 2250 Dum
1725 2199 1873 2252 enim
1926 2198 2106 2268 quivis

542 2290 708 2344 homo
768 2289 1114 2359 superllciem
1167 2297 1322 2344 terra:
1371 2287 1582 2352 incolit,
1629 2289 1680 2343 in
1745 2289 2105 2346 inferioribus

541 2393 754 2439 tantum
805 2385 1053 2438 habitare
1081 2383 1302 2448 dicitur,
1352 2389 1413 2436 ut
1459 2382 1592 2436 dicit
1638 2383 1884 2454 quidam,
1923 2383 2106 2450 «Quia

542 2477 688 2532 Deus
719 2477 775 2531 in
805 2478 946 2531 cmlo
978 2492 1221 2541 sursum,
1255 2485 1308 2531 et
1335 2483 1393 2530 tu
1440 2476 1496 2530 in
1528 2485 1671 2531 terra
1720 2475 1978 2532 deorsum
1999 2477 2098 2534 ".i

541 2571 675 2627 Post
711 2574 916 2626 exitum
962 2579 1143 2625 autem
1183 2586 1250 2624 ex
1291 2570 1393 2624 hac
1421 2572 1556 2633 vita,
1593 2570 1833 2640 religiosi
1883 2571 2104 2641 quidem

541 2662 794 2717 homines
832 2662 1030 2716 cuilum
1070 2677 1166 2732 pro
1216 2661 1492 2716 domicilio
1538 2661 1837 2726 habebunt,
1885 2678 2106 2719 sursum

541 2757 693 2819 elati,
723 2771 786 2810 ac
838 2755 1081 2825 rapiendi
1136 2754 1190 2808 in
1228 2754 1464 2808 nubibus
1493 2755 1709 2809 obviam
1742 2754 1994 2824 Domino,
2042 2772 2107 2813 ac

541 2848 624 2904 sic
647 2863 864 2917 semper
911 2862 1034 2901 cum
1067 2845 1298 2902 Domino
1324 2847 1518 2912 futuri;
1559 2849 1707 2919 impii
1741 2865 1871 2905 vero
1900 2859 1955 2906 et
1981 2866 2108 2922 pec-

541 2949 758 2995 catores
797 2941 851 2994 in
896 2939 1156 2994 inferiora
1207 2949 1360 2994 terrae
1395 2939 1761 2998 descendent:
1803 2959 1924 3014 qua:
1956 2959 2110 2999 eom-

541 3049 856 3089 memorans
885 3032 1179 3103 Apostolus
1209 3034 1454 3090 dicebat:
1505 3055 1523 3086 ι
1549 3034 1606 3089 In
1645 3035 1937 3092 inferiores
1979 3052 2105 3109 par-

2214 1852 2524 1922 συναφθεὶς,
2552 1850 2647 1904 καὶ
2675 1849 2772 1921 τὴν
2796 1847 2973 1918 ψυχὴν
3001 1843 3151 1915 αὐτῷ
3178 1841 3620 1916 προσκολληθεὶς,
3641 1839 3790 1891 ἐλπίο

2211 1946 2306 2010 δας
2337 1945 2448 2010 ἔξει
2479 1941 2754 2015 βασιλείας
2780 1937 3026 2012 οὐρανῶν
3046 1954 3058 1968 ·
3090 1937 3138 1990 oi
3169 1935 3226 1990 δέ
3260 1934 3356 2007 τὴν
3385 1933 3634 1988 ἐναντίαν
3655 1931 3788 2004 δρα-

2216 2039 2407 2111 μόντες
2437 2036 2532 2090 καὶ⁹
2571 2033 2641 2087 τὰ
2682 2032 2832 2086 κάτω
2877 2031 3279 2102 φρονήσαντες,
3322 2028 3402 2090 εἰς
3435 2026 3524 2079 τὸν
3553 2023 3790 2098 ἀλλαχοῦ

2213 2130 2412 2182 λάκκον
2441 2123 2824 2196 ὠνομασμένον
2854 2119 3237 2192 καταχθέντες,
3269 2120 3326 2171 ἐν
3353 2121 3463 2182 τοῖς
3493 2118 3790 2171 κατωτάτω

2212 2221 2312 2293 τῆς
2355 2221 2458 2292 γῆς
2504 2218 2830 2272 ἐλεύσονται.
2875 2214 3025 2278 Τέως
3062 2212 3158 2284 μὲν
3191 2212 3299 2282 γὰρ
3331 2213 3438 2275 πᾶς
3468 2209 3789 2282 ἄνθρωπος,

2212 2317 2311 2385 τὴν
2339 2313 2657 2384 ἐπιφάνειαν
2683 2311 2846 2364 οἰκῶν
2873 2309 2970 2380 τῆς
2999 2307 3104 2378 γῆς
3123 2346 3138 2372 ,
3176 2305 3247 2359 τὰ
3271 2305 3421 2359 κάτω
3460 2306 3596 2377 μόνα
3620 2305 3792 2357 οἰκεῖν

2213 2407 2428 2477 λέγεται
2457 2405 2598 2459 κατά
2626 2405 2716 2456 τὸν
2767 2403 3014 2473 φήσαντα
3038 2416 3051 2430 ο
3091 2416 3109 2450 ι
3145 2399 3269 2452 ’Ότι
3293 2397 3320 2450 6
3346 2397 3486 2461 Θεὸς
3508 2399 3564 2450 ὲν
3592 2396 3668 2467 τῷ
3699 2397 3791 2449 οὐ-

2215 2498 2362 2571 ρανῷ
2403 2498 2514 2552 ἀνω
2541 2536 2556 2560 ,
2602 2497 2695 2550 καὶ
2738 2495 2802 2548 σὺ
2836 2496 2892 2546 ἐν
2920 2495 2986 2564 τῇ
3031 2493 3101 2563 γῇ
3139 2490 3307 2544 κάτω.
3346 2509 3364 2542 i
3401 2488 3554 2544 Μετά
3591 2489 3647 2542 δὲ
3687 2488 3788 2559 τὴν

2213 2591 2422 2644 ἐνθένδε
2455 2587 2793 2659 ἀπαλλαγὴν,
2821 2588 2870 2640 οἱ
2901 2588 2996 2658 μὲν
3030 2585 3296 2654 θεοφιλεῖς
3318 2582 3547 2654 οὐρανὸν
3577 2580 3791 2647 ’ἕξουσιν

2213 2685 2523 2757 οἰκητήριον
2543 2724 2556 2748 ,
2600 2685 2679 2747 εἰς
2708 2681 2777 2736 τά
2801 2681 3045 2753 ἀνώτερα
3082 2677 3531 2751 μετεωρισθέντες
3563 2677 3656 2728 καὶ
3688 2675 3788 2747 ἀρ-

2215 2777 2584 2850 παγησόμενοι
2621 2777 2678 2828 ἐν
2706 2774 2954 2844 νεφέλαις
2988 2774 3068 2836 είς
3097 2771 3400 2841 ἀπάντησιν
3431 2767 3526 2822 τοῦ
3559 2766 3786 2837 Κυρίου,

2214 2871 2354 2926 οὕτω
2379 2888 2437 2925 τε
2465 2871 2694 2924 πάντοτε
2734 2868 2829 2922 σύν
2868 2865 3059 2938 Κυρίῳ
3090 2864 3365 2935 ἐσόμενοι·
3400 2865 3447 2916 οἱ
3491 2863 3535 2916 δ’
3577 2860 3791 2922 ἀσεϐεῖς

2215 2966 2308 3019 καὶ
2339 2961 2652 3036 ἁμαρτωλοὶ
2676 2962 2756 3025 είς
2783 2960 2851 3014 τά
2877 2958 3169 3014 κατώτατα
3195 2957 3292 3029 τῆς
3314 2955 3418 3026 γῆς
3451 2953 3789 3024 καταϐήσον-

2213 3076 2334 3113 ται·
2379 3051 2453 3112 ὦν
2485 3052 2832 3128 μεμνημένος
2871 3054 2898 3105 6
2949 3049 3268 3115 Ἀπόστολος
3303 3047 3519 3117 ἔλεγεν·
3553 3064 3571 3098 ι
3599 3047 3693 3108 Εἰς
3721 3044 3789 3097 τά

541 3135 626 3184 tes
659 3136 822 3182 terra:
850 3130 941 3197 qui
969 3127 1274 3190 descendit,
1312 3128 1426 3198 ipse
1455 3137 1539 3186 est
1583 3131 1676 3201 qui
1719 3131 1967 3187 ascendit
2009 3148 2102 3188 su-

2209 3127 2494 3218 κατώτερα
2519 3145 2619 3216 τῆς
2643 3144 2747 3212 γῆς
2770 3145 2797 3196 ό
2825 3141 3069 3205 καταϐὰς
3088 3181 3103 3206 ,
3145 3139 3304 3204 αὐτός
3333 3141 3479 3192 ἐστιν
3514 3139 3542 3190 6
3582 3134 3789 3198 ἀναϐὰς

540 3235 638 3289 per
671 3233 862 3273 omnes
894 3219 1085 3281 cmlos,
1127 3227 1188 3272 ut
1235 3220 1481 3286 impleret
1530 3224 1712 3275 omnia
1735 3222 1833 3275 ⁸³.»
1892 3221 2103 3278 Etenim

543 3310 806 3367 Servator
829 3321 882 3366 et
914 3311 1174 3365 Dominus
1205 3319 1386 3367 noster
1420 3329 1594 3383 usque
1627 3315 1694 3368 ad
1731 3316 1914 3370 inﬁma
1945 3323 2106 3371 terra:

541 3403 848 3468 descendit,
883 3412 945 3457 ut
979 3405 1207 3458 salutari
1243 3405 1440 3461 virtute
1473 3407 1722 3477 impleret
1753 3408 1957 3464 omnia.
1991 3409 2104 3465 Hoc

542 3496 723 3566 ipsum
765 3493 906 3550 Joho
963 3496 1239 3566 signiﬁcat
1292 3497 1378 3553 ille
1431 3498 1523 3568 qui
1572 3497 1836 3554 Dominus
1879 3511 2105 3556 vocatur

543 3589 782 3644 dicens:
825 3607 843 3641 ι
872 3587 1080 3644 Venisti
1127 3600 1304 3645 autem
1361 3592 1414 3644 in
1467 3590 1666 3646 fontem
1713 3595 1902 3660 maris,
1957 3602 2011 3650 et
2047 3595 2103 3651 in

541 3684 788 3753 vestigiis
835 3683 1020 3756 abyssi
1053 3683 1365 3738 ambulasti.
1415 3685 1753 3755 Aperiantur
1791 3695 1970 3743 autem
2005 3689 2104 3744 tibi

543 3776 740 3833 timore
785 3786 956 3846 porta:
1002 3777 1230 3831 mortis:
1275 3776 1485 3830 ostiarii
1541 3777 1739 3833 inferni
1772 3781 2020 3838 videntes
2055 3792 2106 3838 te

544 3869 825 3922 conterriti
887 3878 1015 3923 sunt
1039 3870 1106 3924 ".
1142 3889 1161 3921 ι
1201 3868 1303 3924 Sed
1340 3871 1425 3925 ille
1472 3871 1688 3940 quidem
1747 3873 1815 3927 ad
1865 3889 1959 3930 eos
2015 3876 2103 3946 qui

544 3960 666 4014 istic
721 3961 1040 4014 habitabant
1095 3961 1394 4030 descendit,
1448 3975 1505 4018 ut
1557 3967 1770 4021 animas
1821 3966 2102 4036 justorutn

543 4049 743 4104 ibidem
772 4051 984 4118 jamdiu
1041 4051 1289 4106 detentas
1340 4055 1586 4110 libertate
1635 4057 1886 4112 donaret.
1946 4058 2104 4130 lmpii

543 4155 674 4193 vero
707 4143 758 4193 in
797 4141 1059 4194 inferiora
1099 4150 1258 4196 ιρι-ναξ
1301 4144 1513 4213 dejecti,
1562 4147 1850 4203 tradentur
1896 4150 1950 4203 ili
1989 4166 2101 4203 tua-

543 4246 647 4285 nus
681 4231 870 4301 gladii.
920 4231 1014 4286 Est
1043 4234 1186 4286 enim
1226 4234 1418 4288 ibidem
1443 4237 1655 4306 gladius
1689 4240 1910 4309 quidam
1958 4259 2105 4297 mor-

540 4322 636 4384 tis,
670 4338 830 4392 quvm
877 4321 1136 4377 Servator
1189 4325 1242 4378 in
1299 4341 1388 4380 xxi
1436 4329 1646 4396 psalmo
1696 4344 1963 4388 memorat
2017 4335 2102 4392 his

539 4412 756 4465 verbis:
799 4431 816 4463 ι
852 4412 994 4468 Erue
1023 4429 1050 4465 a
1091 4413 1312 4478 framea,
1350 4413 1506 4481 Deus,
1545 4419 1780 4473 animam
1816 4437 2015 4487 meam,
2049 4432 2103 4478 et

2209 3242 2463 3314 ὑπεράνω
2507 3238 2723 3290 πάντων
2765 3235 2873 3288 τῶν
2913 3231 3192 3304 οὐρανῶν,
3253 3232 3339 3284 ἴνα
3392 3229 3654 3301 πληρώση
3718 3229 3788 3281 τά

2210 3335 2404 3388 πάντα.
2442 3351 2460 3383 i
2509 3329 2621 3384 Καὶ
2669 3326 2828 3398 μέχρι
2861 3324 2969 3398 γάρ
3009 3325 3117 3379 τῶν
3156 3323 3456 3378 κατωτάτω
3486 3322 3584 3388 τῆς
3616 3321 3719 3390 γῆς
3761 3321 3792 3373 6

2210 3427 2401 3497 Σωτὴρ
2426 3425 2518 3479 καὶ
2551 3420 2755 3493 Κύριος
2787 3419 2943 3491 ήμῶν
2978 3417 3372 3489 καταϐέϐηκεν,
3412 3417 3498 3469 ἵνα
3523 3412 3788 3486 πληρώσῃ

2207 3519 2276 3573 τὰ
2317 3519 2496 3572 πάντα
2541 3516 2640 3586 τῆς
2675 3512 2942 3584 σωτηρίου
2974 3511 3274 3582 δυνάμεως.
3305 3508 3473 3562 Τοῦτο
3500 3508 3554 3560 δὲ
3585 3506 3676 3559 καὶ
3709 3505 3789 3576 τῷ

2219 3609 2340 3664 Ἰὼϐ
2385 3607 2638 3682 σημαίνει
2678 3607 2706 3660 6
2751 3601 3101 3676 χρηματίζων
3141 3601 3345 3673 Κύριος
3386 3602 3443 3654 ἐν
3467 3595 3547 3663 οἷς
3584 3614 3782 3669 φησιν·

2214 3723 2232 3756 ι
2262 3700 2466 3766 τΗλθες
2496 3701 2552 3755 δὲ
2588 3700 2679 3752 ἐπὶ
2712 3699 2816 3769 γῆν
2837 3698 2851 3727 ¹
2884 3695 3178 3764 θαλάσσης,
3210 3695 3268 3746 ἐν
3300 3692 3356 3746 δὲ
3393 3692 3592 3762 ἴχνεσιν
3619 3688 3786 3742 ἀϐύσ-

2207 3813 2298 3850 σου
2345 3792 2774 3866 περιεπάτησας.
2830 3787 3159 3855 Ἀνοίγονται
3200 3785 3256 3838 δέ
3304 3800 3383 3837 σοι
3423 3781 3571 3852 φόϐῳ
3619 3779 3784 3832 πύλαι

2206 3884 2469 3938 θανάτου·
2534 3879 2773 3951 πυλωροὶ
2814 3877 2870 3930 δὲ
2924 3877 3050 3948 ᾅδου
3102 3876 3300 3938 ἰδόντες
3352 3891 3411 3926 σε
3459 3871 3722 3942 ἔπτηξαν.
3760 3890 3777 3921 ι

2217 3977 2355 4030 Ἀλλ’
2379 3978 2406 4029 6
2439 3975 2534 4048 μὲν
2559 3974 2651 4027 καὶ
2687 3971 2848 4044 μέχρι
2875 3969 2981 4022 τῶν
3015 3971 3131 4021 ἐκεῖ
3159 3966 3548 4037 καταϐέϐηκεν,
3575 3965 3661 4016 ἵνα
3683 3963 3783 4025 τὰς

2205 4069 2372 4122 πάλαι
2402 4067 2510 4120 τῶν
2541 4065 2711 4134 ἁγίων
2745 4061 2929 4116 αὐτόθι
2962 4059 3322 4132 συνεχομένας
3358 4057 3534 4128 ψυχὰς
3571 4055 3783 4109 ἐλευθε-

2210 4161 2329 4233 ρίας
2357 4158 2563 4229 ἀξιώσῃ
2581 4174 2593 4186 ·
2623 4157 2671 4210 οἱ
2695 4156 2749 4208 δὲ
2770 4154 3006 4217 ἀσεϐεῖς,
3039 4154 3118 4216 είς
3145 4152 3214 4206 τὰ
3239 4151 3524 4204 κατώτατα
3553 4147 3654 4218 τῆς
3676 4147 3780 4216 γῆς

2204 4249 2644 4322 κατενεχθέντες,
2669 4246 3135 4318 παραδοθήσονται
3159 4247 3238 4308 εἰς
3268 4245 3458 4314 χεῖρας
3483 4240 3774 4313 ῥομφαίας.

2208 4345 2362 4396 Ἔστι
2406 4340 2515 4412 γάρ
2561 4356 2642 4403 τις
2696 4341 2812 4392 ἐκεῖ
2861 4338 3106 4408 ῥομφαία
3140 4336 3399 4399 θανάτου,
3433 4329 3501 4407 ἦς
3528 4335 3555 4386 6
3589 4333 3780 4403 Σωτὴρ

2208 4433 2560 4506 μνημονεύων
2595 4434 2652 4485 ἐν
2685 4439 2770 4485 κα’
2802 4430 3004 4502 ψαλμῷ
3036 4421 3188 4500 ἔλεγε
3207 4447 3220 4461 ·
3259 4449 3277 4482 ι
3301 4429 3488 4482 Ῥῦσαι
3512 4427 3619 4481 ἀπὸ
3643 4430 3780 4499 ῥομ-

540 4504 798 4559 demanu
841 4506 994 4561 canis
1044 4507 1263 4560 unicam
1313 4523 1502 4564 meam.
1561 4508 1720 4565 Salva
1756 4527 1840 4566 me
1888 4528 1953 4567 ex
2001 4529 2098 4570 ore

2209 4504 2367 4595 φαίας
2391 4525 2488 4596 την
2521 4524 2697 4595 ψυχήν
2729 4541 2849 4594 μου,
2886 4525 2979 4577 καὶ
3011 4525 3075 4576 ἐκ
3103 4523 3285 4594 χειρὸς
3315 4522 3472 4584 κυνὸς
3495 4521 3594 4593 τήν
3628 4535 3782 4589 μονο-

540 4596 746 4658 leonis,
812 4605 865 4651 et
931 4614 958 4652 a
1015 4599 1278 4653 cornibus
1320 4599 1665 4654 unicornium
1735 4602 2100 4660 humilitatem

542 4702 717 4741 meam
737 4689 804 4742 ’⁵.
839 4708 857 4741 ι
900 4689 1023 4744 llaec
1053 4700 1231 4744 autem
1264 4691 1438 4744 omnia
1471 4691 1538 4746 de
1567 4692 1901 4751 adversariis
1949 4707 2101 4766 pote-

541 4781 776 4834 statibus
817 4781 960 4834 dicta
992 4791 1159 4846 ,sunt.
1212 4782 1328 4836 Non
1378 4783 1522 4838 enim
1581 4785 1634 4838 in
1695 4801 1890 4841 manus
1933 4790 2097 4858 gladii

541 4878 752 4924 tantum
789 4874 1032 4940 prmdicti
1063 4875 1311 4930 homines
1334 4876 1633 4941 tradentur,
1671 4879 1766 4933 sed
1799 4882 1961 4933 etiam
1991 4882 2096 4936 huc

541 4959 668 5012 illuc
710 4958 1086 5016 distrahentur
1127 4979 1156 5018 a
1195 4966 1348 5020 saevis
1377 4968 1702 5036 quibusdam
1749 4971 2102 5042 versutisque

539 5054 844 5122 spiritibus,
878 5057 970 5126 qui
1015 5059 1205 5127 vulpes
1243 5060 1325 5113 hic
1370 5072 1776 5133 nuncupantur,
1827 5067 1955 5136 quia
2016 5068 2102 5122 fo-

537 5161 666 5199 veas
698 5147 954 5210 subeunt,
994 5159 1048 5204 et
1103 5152 1155 5204 in
1208 5151 1403 5207 inﬁmis
1444 5158 1817 5224 penetralibus
1871 5160 2097 5214 latibula

536 5239 762 5293 habent.
827 5239 920 5294 lla:
952 5242 1134 5312 itaque
1177 5247 1362 5314 vulpes
1393 5247 1678 5318 impiorum
1717 5253 1930 5308 animas
1954 5255 2098 5308 istuc

536 5333 813 5403 delapsas.
850 5343 908 5388 ut
940 5336 1177 5390 oblatam
1213 5337 1464 5407 prazdam,
1496 5345 1928 5412 comprehensas
1959 5347 2098 5401 diri-

537 5427 692 5494 piunt
738 5435 902 5498 atque
952 5429 1094 5484 inter
1141 5447 1199 5485 se
1249 5432 1508 5487 dividunt.
1583 5435 1727 5492 Sane
1769 5440 1932 5494 talem
1984 5440 2099 5497 fore

539 5516 829 5586 impiorum
868 5520 1026 5576 linem
1067 5519 1299 5592 Spiritus
1345 5533 1564 5580 sanctus
1614 5528 1968 5585 vaticinatur.
2023 5529 2098 5584 De

2207 4615 2340 4685 γενῆ
2391 4631 2521 4686 μου·
2554 4615 2725 4668 σῶσόν
2761 4633 2826 4685 με
2861 4617 2925 4668 ἐκ
2959 4615 3224 4685 στόματος
3261 4613 3469 4676 λέοντος
3492 4653 3506 4674 ,
3545 4612 3638 4664 καὶ
3675 4610 3782 4664 ἀπὸ

2207 4709 2452 4778 κεράτων
2485 4707 2868 4778 μονοκερώτων
2914 4706 3009 4777 τὴν
3035 4705 3356 4760 ταπείνωσίν
3387 4721 3508 4777 μου.
3544 4723 3560 4755 ι
3597 4703 3780 4757 Ταῦτα

2205 4801 2260 4853 δὲ
2293 4800 2470 4853 πάντα
2516 4798 2640 4871 περὶ
2686 4799 3076 4869 ἀντικειμένων
3105 4799 3384 4868 δυνάμεων
3427 4796 3661 4865 ἐλέγετο.
3705 4797 3780 4849 Οὐ

2209 4891 2368 4961 μόνον
2418 4890 2474 4943 δὲ
2518 4893 2598 4955 εἰς
2647 4893 2835 4962 χεῖρας
2895 4892 3162 4964 ῥομφαίας
3215 4889 3677 4961 παραδοθήσονται
3730 4889 3780 4941 οἱ

2202 4983 2605 5055 προλεχθέντες,
2630 4983 2762 5036 ἀλλά
2787 4985 2879 5036 καὶ
2911 4983 3403 5054 διασπασθήσονται
3431 4976 3532 5035 ὦδε
3559 4983 3779 5034 κάκεῖσε

2202 5075 2612 5148 περιελκόμενοι
2635 5078 2740 5130 ὐπὸ
2764 5077 2951 5130 δεινῶν
2975 5095 3136 5130 τινων
3164 5078 3254 5129 καὶ
3277 5075 3597 5147 πανούργων
3621 5093 3780 5128 πνευ-

2205 5171 2409 5241 μάτων,
2459 5169 2550 5232 οὒς
2583 5169 2870 5233 ἀλώπεκας
2901 5169 3157 5240 ὀνομάζει
3190 5173 3217 5223 6
3253 5170 3441 5241 παρὼν
3468 5171 3623 5237 λόγος
3646 5209 3660 5231 ,
3696 5171 3780 5222 διά

2205 5260 2265 5314 τὸ
2299 5260 2714 5314 καταδεδυκέναι
2749 5260 2844 5314 καὶ
2890 5263 3002 5322 τοῖς
3036 5263 3334 5316 κατωτάτω
3378 5265 3565 5332 μυχοῖς
3596 5263 3780 5332 ἐμφω-

2206 5353 2398 5407 λεύειν.
2437 5348 2594 5407 Οὗτοι
2625 5353 2668 5405 δ’
2701 5349 2794 5406 οὖν
2829 5355 2878 5406 ol
2912 5354 3194 5418 ἀλώπεκες
3226 5355 3415 5426 ὥσπερ
3447 5354 3655 5426 εὕρεμα
3682 5356 3779 5418 τὰς

2205 5449 2320 5499 ἐκεῖ
2377 5445 2821 5509 καταπιπτούσας
2869 5446 3045 5516 ψυχάς
3100 5448 3209 5500 τῶν
3264 5447 3477 5501 ἀσεῦῶν
3529 5447 3778 5510 λαϐόντες

2203 5536 2625 5606 διαρπάζουσιν,
2669 5538 2749 5600 εἰς
2791 5539 3016 5600 ἑαυτοὺς
3051 5539 3221 5601 αὐτὰς
3265 5539 3628 5612 μεριζόμενοι.
3669 5537 3781 5593 Καὶ

610 5660 655 5690 ⁹²
694 5659 851 5718 Deut.
889 5681 962 5726 iv,
998 5664 1087 5719 59.
1165 5665 1210 5697 ⁸³
1249 5664 1437 5736 Eplies.
1471 5684 1544 5755 iv,
1582 5669 1667 5724 l0.
1747 5671 1792 5703 ”
1827 5670 1930 5727 Job
1968 5691 2170 5730 xxxviii
2195 5718 2209 5741 ,
2246 5678 2334 5744 16,
2372 5678 2455 5733 l7.
2533 5679 2580 5712 "
2612 5679 2756 5736 Psal.
2797 5696 2910 5748 xxi,
2936 5682 3029 5747 2|,
3055 5681 3143 5738 9.2.

610 5776 688 5847 ll)
721 5777 774 5834 lu
803 5779 1012 5850 Bibiiis,
1049 5786 1251 5855 πηγήν.
