4100 6532
342 380 454 440 813

1506 367 1646 426 COM
1659 362 2004 420 MENTARIA
2043 361 2105 414 IN
2141 351 2482 418 PSALMOS.

3479 351 3584 408 6H

345 494 454 550 τῶν
487 494 584 565 μὲν
609 491 820 548 ἀσεϐῶν
845 491 1081 546 τοιοῦτον
1114 490 1330 544 ἔσεσθαι
1361 488 1422 542 τὸ
1449 487 1598 550 τέλος
1613 486 1673 539 τὸ
1695 483 1918 553 Πνεῦμα

2020 480 2170 550 justo
2199 487 2401 544 autem,
2438 479 2531 550 qui
2575 493 2742 548 supra
2796 483 3093 532 memorata
3125 471 3380 545 praeclara
3416 485 3582 540 opera

344 586 405 639 τὸ
437 587 588 654 ἅγιον
617 584 876 648 θεσπίζει.
906 583 1046 655 Περὶ
1080 583 1134 636 δὲ
1165 583 1257 635 τοῦ
1310 579 1516 634 δικαίου
1543 577 1636 631 τοῦ
1681 576 1751 630 τὰ
1786 592 1919 646 προ-

342 677 600 748 λεχθέντα
627 677 1049 748 κατωρθωκότος
1083 673 1328 746 ἐπιφέρει
1356 671 1542 741 λέγον·
1588 689 1606 721 ι
1648 671 1705 722 '0
1738 668 1794 722 δὲ
1827 667 1918 738 βα-

345 772 525 835 σιλεὺς
573 769 1003 840 εὐφρανθήσεται
1049 768 1140 820 ἐπὶ
1189 765 1264 836 τῷ
1307 763 1457 834 Θεῷ’
1509 759 1918 831 ἐπαινεθήσεται

345 865 451 926 πᾶς
477 865 505 916 6
530 861 743 932 ὀμνύων
773 864 827 914 έν
853 861 999 929 αὐτῷ
1019 877 1031 890 ο
1064 861 1145 912 ὅτι
1193 857 1468 929 ἐνεφράγη
1501 855 1672 926 στόμα
1695 851 1914 906 λαλούν-

341 974 449 1009 των
481 955 662 1009 ἄδικα.
695 974 712 1006 ι
746 953 957 1024 Σφόδρα
989 951 1304 1023 παραδόξως
1342 948 1575 1002 ἐνταῦθα
1607 946 1668 1000 τὸ
1699 945 1791 998 τοῦ
1826 943 1919 1013 βα-

344 1047 534 1109 σιλέως
580 1045 825 1115 εἰσῆκται
857 1045 1054 1114 ὄνομαο
1086 1041 1247 1095 Δαυῒδ
1297 1041 1392 1111 μὲν
1425 1039 1533 1111 γὰρ
1582 1037 1796 1106 φεύγων
1828 1034 1918 1088 τὸν

342 1137 534 1200 Σαοὺλ,
566 1137 660 1189 καὶ
691 1137 790 1207 τὴν
830 1135 1030 1206 ἔρημον
1057 1135 1154 1204 τῆς
1188 1131 1448 1194 Ἰουδαίας
1484 1129 1648 1184 οἰκῶν
1677 1127 1795 1182 καθ’
1827 1126 1920 1190 οῦς

339 1229 513 1282 ταῦτα
547 1229 694 1296 ἔλεγε
728 1228 971 1301 χρόνους,
1006 1227 1298 1288 δείκνυται,
1332 1224 1392 1277 οὐ
1431 1222 1536 1294 μὴν
1566 1223 1666 1293 ήδη
1697 1237 1798 1274 που
1835 1218 1920 1289 βα-

343 1320 568 1374 σιλεύων
589 1339 602 1351 ’
627 1319 797 1374 Σαοὺλ
823 1319 900 1381 δὲ,
929 1316 1147 1388 κρατῶν
1175 1315 1269 1369 τοῦ
1294 1315 1498 1378 ἔθνους,
1521 1313 1620 1383 τῆς
1645 1311 1919 1382 βασιλείας

336 1417 546 1486 ἡγεῖτο.
592 1413 750 1476 Ποῖος
799 1407 891 1464 οὖν
937 1409 1190 1479 βασιλεὺς
1232 1405 1669 1479 εὐφρανθήσεται
1719 1401 1809 1454 ἐπὶ
1840 1399 1918 1471 τῷ

334 1505 489 1575 Θεῷ;
524 1503 662 1556 Ἀλλ’
697 1505 813 1576 ἐρεῖ
855 1519 938 1565 τις
985 1501 1125 1554 κατὰ
1167 1499 1474 1570 πρόγνωσιν
1504 1493 1598 1548 τοῦ
1637 1494 1920 1566 μέλλοντος

336 1596 501 1649 αὐτὸν
533 1593 887 1666 σημαίνεσθαι
915 1593 1000 1645 τὸν
1033 1591 1193 1645 Δαυῖδ
1214 1609 1226 1621 ·
1261 1589 1460 1661 ἤμελλε
1483 1587 1591 1659 γὰρ
1616 1589 1736 1640 ὅσον
1765 1582 1919 1636 οὔπω

333 1687 759 1757 τελευτήσαντος
789 1684 879 1738 τοῦ
917 1683 1086 1737 Σαοὺλ
1149 1681 1448 1752 βασιλεύειν
1476 1678 1656 1742 αὐτός.
1694 1679 1920 1747 Ἕτερος

331 1776 393 1829 δέ
449 1793 578 1846 φησι
624 1777 716 1828 καὶ
755 1777 862 1828 τότ’
911 1775 1011 1844 ἤδη
1068 1772 1293 1844 βασιλέα
1328 1767 1466 1826 εἶναι
1499 1771 1694 1824 αὐτόν’
1732 1767 1916 1835 ἐπειδὴ

333 1867 596 1938 κέχριστο
627 1867 730 1920 ὑπὸ
757 1866 850 1920 τοῦ
885 1865 1138 1936 Σαμουὴλ
1163 1867 1244 1928 εἰς
1281 1863 1526 1934 βασιλέα,
1552 1863 1644 1915 καὶ
1671 1859 1820 1930 παρὰ
1841 1858 1918 1929 τῷ

330 1956 460 2029 Θεῷ
498 1957 772 2026 λελόγιστο
805 1957 905 2028 ’ήδη
945 1955 1197 2025 βασιλεύς
1221 1971 1233 1983 ⁸
1267 1955 1325 2006 οὐ
1364 1953 1470 2025 μὴν
1498 1951 1632 2006 ἀλλὰ
1668 1952 1763 2006 καὶ
1792 1950 1919 2003 ἐδα-

333 2049 516 2102 σίλευε
553 2049 648 2102 τοῦ
680 2049 928 2111 συνόντος
965 2047 1113 2118 αὐτῷ
1167 2046 1402 2118 πλήθους
1425 2085 1439 2109 ,
1482 2040 1543 2098 οῦ
1586 2043 1854 2114 μέμνηται
1887 2043 1919 2112 ή

329 2140 577 2210 ἱστορία.
613 2139 766 2192 Ἐπεὶ
789 2139 966 2191 τοίνυν
998 2137 1060 2190 τὸ
1091 2136 1242 2200 τέλος
1271 2135 1379 2188 τῶν
1406 2132 1734 2187 ἐλαυνόντων
1761 2130 1921 2184 αὐτὸν

327 2231 682 2301 παρέστησεν
707 2231 734 2282 6
761 2230 936 2297 λόγος,
966 2223 1188 2290 εἰκότως
1217 2227 1310 2280 καὶ
1340 2223 1504 2278 αὐτοῦ
1524 2223 1598 2284 ὡς
1625 2222 1690 2274 ἂν
1720 2221 1921 2291 πολλὴν

327 2315 716 2394 ἐνδειξαμένου
756 2321 1038 2394 προκοπὴν
1067 2319 1136 2372 τὰ
1165 2318 1294 2387 τέλη
1341 2315 1449 2368 τῶν
1496 2316 1672 2368 πόνων
1710 2329 1922 2384 προφη-

327 2418 572 2471 τεύεται.
605 2415 693 2468 Διὸ
726 2414 975 2482 λέγεται·
1002 2431 1020 2462 ι
1044 2413 1099 2465 Ὀ
1128 2411 1185 2463 δὲ
1218 2407 1469 2480 βασιλεὺς
1494 2406 1919 2477 εὐφρανθήσεται

328 2511 428 2563 ἐπὶ
455 2509 533 2580 τῷ
556 2507 689 2578 Θεῷ.
710 2526 727 2557 ι
759 2506 846 2569 Ὠς
867 2507 975 2575 γὰρ
997 2505 1242 2571 γενναῖος
1268 2501 1362 2553 τοῦ
1383 2499 1518 2552 Θεοῦ
1545 2497 1798 2568 ἀθλητὴς,
1824 2514 1919 2566 με-

329 2603 535 2672 γάλους
578 2599 793 2669 ἀγῶνας
841 2595 1153 2661 διεξελθὼν,
1197 2594 1467 2666 βραϐείων
1509 2608 1568 2644 τε
1614 2591 1709 2643 καὶ
1761 2588 1920 2643 θείων

331 2695 615 2764 στεφάνων
644 2690 1078 2763 κατηξιωμένος,
1108 2685 1445 2758 εὐφροσύνης
1479 2683 1778 2739 ἀπολαύσει
1818 2683 1920 2752 τῆς

331 2788 469 2860 παρ’
503 2787 652 2857 αὐτῴ
679 2785 756 2856 τῷ
790 2782 1119 2853 ἀγωνοθέτῃ.
1151 2782 1358 2851 ’Ὠσπερ
1390 2779 1499 2849 γὰρ
1529 2780 1577 2830 οἱ
1604 2777 1787 2850 ἐχθροὶ
1818 2775 1916 2828 αὐ-

330 2880 428 2934 τοῦ
457 2879 612 2942 τέλος
635 2879 734 2930 οὐκ
762 2876 936 2931 αἴσιον
963 2874 1265 2944 εἰλήφασιν,
1299 2873 1377 2935 είς
1408 2871 1477 2924 τὰ
1510 2869 1800 2925 κατώτατα
1823 2867 1921 2937 τῆς

332 2975 436 3046 γῆς
472 2971 802 3033 εἰσελθόντες
823 3011 836 3034 ,
872 2969 965 3021 καὶ⁵
999 2965 1415 3039 παραδοθέντες
1448 2965 1525 3026 είς
1557 2964 1744 3032 χεῖρας
1790 2961 1922 3030 ῥομ-

334 3066 536 3134 φαίας,
585 3062 798 3134 μερίδες
829 3077 888 3113 τε
943 3058 1241 3112 ἀλωπέκων
1285 3055 1598 3125 γενόμενοι·
1647 3051 1682 3105 δι
1724 3049 1787 3120 δὴ
1829 3048 1922 3102 καὶ

2018 574 2209 639 edidit,
2263 573 2379 628 hazc
2434 570 2754 642 subjungit:
2826 566 2982 622 «Rex
3037 581 3167 621 vero
3208 562 3478 618 lattabitur
3527 561 3583 616 in

2018 661 2169 717 Deo:
2213 660 2580 715 laudabuntur
2611 673 2800 714 omnes
2846 656 2940 727 qui
2979 656 3165 727 jurant
3223 655 3276 707 in
3315 668 3401 716 eo,
3455 651 3584 722 quia

2017 755 2359 809 obstructum
2386 759 2470 807 est
2511 766 2574 806 os
2609 749 2946 819 loquentium
2997 747 3238 817 iniqua.»
3288 743 3482 798 Mirum
3528 743 3584 796 in

2019 847 2239 900 modum
2277 844 2368 898 hic
2398 845 2542 914 regis
2578 857 2776 897 nomen
2819 840 3103 895 inductum
3139 847 3259 894 est:
3313 836 3583 906 siquidem

2019 939 2188 995 David
2221 955 2367 1002 cum,
2413 948 2473 993 ut
2497 938 3016 999 demonstravimus,
3055 949 3163 1005 quo
3195 941 3440 1002 tempore
3474 931 3586 984 haec

2019 1033 2237 1087 dicebat
2281 1047 2310 1084 a
2350 1030 2515 1086 Saule
2565 1031 2798 1102 fugeret,
2836 1029 3224 1095 desertumque
3267 1021 3470 1078 Juda>aa
3501 1021 3589 1075 in-

2015 1127 2240 1190 coleret,
2277 1125 2516 1179 nondum
2551 1140 2648 1178 rex
2683 1134 2802 1179 erat
2828 1164 2843 1189 ,
2895 1119 2992 1176 sed
3047 1117 3178 1173 Saul
3211 1117 3358 1186 genti
3407 1115 3583 1184 impe-

2017 1235 2148 1274 rans
2189 1233 2416 1288 regnum
2450 1215 2752 1271 obtinebat.
2787 1212 2922 1280 Quis
2947 1226 3076 1280 ergo
3108 1225 3200 1262 rex
3234 1206 3507 1261 laetabitur
3530 1204 3584 1258 in

2017 1307 2164 1361 Deo?
2223 1305 2329 1359 Sed
2377 1305 2521 1361 dicet
2576 1304 2869 1373 quispiam,
2921 1317 2986 1356 ex
3019 1297 3363 1370 praescientia
3415 1293 3584 1348 futuri

2017 1404 2194 1473 ipsum
2224 1399 2482 1454 Davidem
2520 1399 2799 1453 indicare:
2830 1396 2982 1451 brevi
3014 1407 3269 1462 namque,
3299 1400 3420 1461 post
3447 1402 3590 1444 mor-

2017 1504 2123 1552 tem
2160 1494 2363 1558 Saulis,
2399 1500 2730 1563 regnaturus
2756 1491 2869 1559 ipse
2902 1496 3041 1542 erat.
3087 1485 3243 1540 Dicet
3274 1484 3439 1546 alius,
3471 1482 3586 1552 jam

2015 1595 2131 1641 tum
2169 1585 2425 1640 Davidem
2461 1585 2631 1639 fuisse
2671 1597 2878 1653 regem,
2919 1585 3108 1648 utpote
3161 1592 3190 1629 a
3228 1575 3485 1629 Samuele
3531 1571 3586 1626 in

2016 1696 2199 1751 regem
2235 1687 2482 1744 unctum,
2519 1687 2682 1747 atque
2709 1683 2768 1730 ut
2819 1675 2980 1728 talem
3021 1687 3051 1724 a
3086 1670 3198 1725 Deo
3233 1674 3583 1737 reputatum;

2018 1774 2130 1827 imo
2161 1773 2323 1826 etiam
2357 1780 2488 1825 tunc
2521 1769 2784 1837 temporis
2825 1780 3086 1836 regnasse
3125 1764 3177 1816 in
3215 1768 3430 1831 gentem
3465 1770 3587 1812 sese

1951 1835 1990 1888 Β
2017 1865 2395 1926 comitantem,
2451 1859 2612 1928 cujus
2637 1835 2905 1911 meminit
2951 1853 3200 1907 historia.
3224 1849 3388 1915 -Quia
3423 1847 3588 1916 igitur

2019 1957 2422 2027 insequentium
2453 1955 2632 2026 ipsum
2671 1951 2831 2005 finem
2868 1962 3048 2003 sermo
3079 1941 3412 2006 declaravit,
3445 1952 3584 1992 con-

2021 2057 2314 2120 sequenter
2357 2049 2531 2118 ipsius
2572 2059 2810 2115 quoque,
2865 2047 3053 2110 utpote
3108 2050 3306 2105 magno
3336 2029 3587 2102 profectu

2022 2143 2191 2197 aucti.
2227 2141 2474 2193 laborum
2521 2136 2680 2191 ﬁnem
2713 2132 3068 2187 vaticinatur.
3125 2126 3307 2192 Quare
3345 2121 3584 2176 dicitur:

2029 2254 2045 2284 ι
2078 2233 2192 2286 Rex
2222 2247 2351 2286 vero
2384 2229 2657 2283 laetabitur
2687 2227 2743 2278 in
2794 2223 2958 2277 Deo.»
3012 2218 3145 2272 Nam
3177 2226 3234 2270 ut
3284 2224 3587 2285 generosus

2021 2325 2114 2379 Dei
2148 2324 2372 2385 athleta,
2433 2319 2644 2390 magnis
2693 2307 2857 2370 editis
2900 2309 3315 2368 certaminibus,
3349 2302 3589 2374 praemiis

2021 2415 2330 2484 divinisque
2369 2412 2590 2466 coronis
2629 2409 2888 2469 donatus,
2922 2421 3007 2464 ea,
3045 2417 3166 2472 qua:
3199 2413 3364 2469 penes
3405 2396 3587 2463 ipsum

2020 2508 2402 2579 agonothetam
2449 2511 2553 2565 cst,
2596 2502 2777 2556 laatitia
2815 2499 3050 2551 fruetur.
3119 2491 3189 2547 Ut
3241 2506 3271 2544 e
3322 2498 3591 2543 converso

2021 2601 2225 2654 inimici
2243 2598 2362 2668 ejus
2389 2612 2496 2650 non
2527 2595 2766 2649 faustum
2797 2591 2957 2644 finem
2988 2588 3367 2641 obtinuerunt,
3392 2578 3591 2649 quippe

2020 2693 2112 2764 qui
2141 2693 2195 2744 in
2227 2689 2486 2744 inferiora
2516 2694 2677 2740 terra:
2712 2682 2970 2751 ingressi,
3005 2687 3058 2733 et
3086 2674 3272 2729 traditi
3313 2672 3368 2725 in
3391 2681 3589 2721 manus

2020 2761 2205 2858 gladii,
2240 2791 2420 2855 partes
2472 2779 2713 2848 vulpium
2761 2773 2982 2828 fuerint.
3044 2769 3176 2834 Quae
3219 2763 3287 2817 ad
3348 2761 3589 2858 litteram

2022 2880 2241 2949 impleta
2271 2889 2394 2929 esse
2428 2873 2482 2924 in
2528 2867 2760 2922 historia
2810 2868 3090 2922 narratur,
3121 2854 3342 2926 quando
3384 2853 3452 2904 ab
3485 2848 3592 2902 ini-

2022 2943 2181 3022 micis
2229 2966 2442 3034 fugiens
2476 2959 2606 3014 Saul
2649 2957 2888 3011 latebras
2918 2948 3219 3021 quaerebat,
3256 2943 3594 3015 politamque

2024 3078 2052 3114 a
2078 3059 2185 3114 Deo
2241 3072 2397 3127 opem
2442 3069 2549 3108 non
2579 3050 2838 3111 obtinuit,
2875 3059 3052 3114 neque
3095 3040 3277 3094 divino
3329 3046 3595 3102 responso

333 3125 816 3228 inkqpoﬁ‘ro'rrpdg
845 3152 987 3217 λέξιν
1027 3150 1170 3205 κατὰ
1208 3149 1304 3221 τὴν
1349 3147 1617 3218 ἱστορίαν,
1653 3143 1916 3213 ὁπηνίκα,

2025 3125 2432 3222 dignatusvest;
2469 3149 2542 3202 ita
2594 3155 2652 3199 ut
2695 3142 2820 3197 ideo
2870 3131 3361 3208 engastrimytham
3393 3125 3590 3186 adiret,

335 3246 556 3316 φεύγων
580 3246 608 3297 ὁ
637 3243 808 3297 Σαοὺλ
833 3244 958 3306 τοὺς
990 3239 1298 3312 πολεμίους,
1325 3235 1716 3310 ὲκρυπτάζετο,
1740 3233 1916 3305 ζητῶν

333 3357 390 3392 τε
422 3337 577 3408 παρὰ
603 3337 695 3390 τοῦ
730 3336 862 3389 Θεοῦ
900 3334 1168 3406 βοήθειαν,
1199 3333 1296 3401 οὐχ
1341 3331 1592 3398 εῦρισκεν
1614 3347 1626 3358 ·
1659 3327 1771 3381 ἀλλ’
1798 3327 1917 3379 οὐδὲ

333 3432 687 3502 ἀποκρίσεως
719 3428 867 3492 θείας
896 3426 1139 3497 ἠξιοῦτο·
1167 3426 1241 3489 ὡς
1267 3423 1355 3478 διὰ
1389 3421 1530 3476 τοῦτ’
1562 3421 1732 3474 ἐλθεῖν
1756 3419 1918 3474 αὐτὸν

335 3525 428 3577 ἐπὶ
457 3525 557 3594 τὴν
579 3519 1034 3592 ἐγγαστρίμυθον,
1061 3520 1152 3571 καὶ
1180 3516 1652 3588 πολυπραγμονεῖν
1685 3513 1750 3566 τὰ
1776 3514 1919 3581 ἀπη-

335 3615 644 3688 γορευμένα
676 3614 780 3667 ὑπὸ
807 3612 904 3665 τοῦ
936 3596 1093 3665 Θεοῦ.
1120 3611 1252 3664 Τότε
1283 3608 1412 3677 γοῦν
1448 3605 1663 3676 ἀληθῶς
1702 3605 1918 3676 μερίδες

336 3711 638 3764 ἀλωπέκων
676 3707 960 3775 γεγόνασιν
994 3704 1153 3768 αὐτός
1188 3721 1244 3756 τε
1291 3702 1384 3756 καὶ
1421 3703 1469 3753 οἱ
1497 3700 1592 3752 σὺν
1626 3697 1791 3768 αὐτῷ.
1828 3696 1918 3749 Διό

339 3803 433 3855 καὶ
466 3798 916 3868 καταλειφθέντες
943 3797 1048 3849 ὑπὸ
1075 3795 1168 3848 τοῦ
1203 3793 1336 3847 Θεοῦ
1362 3833 1376 3856 ,
1405 3796 1470 3864 τῇ
1498 3791 1606 3844 τῶν
1647 3788 1916 3860 πολεμίων

341 3893 588 3964 ῥομφαία
609 3891 983 3963 παρεδόθησαν
1002 3889 1258 3951 πεσόντες
1279 3889 1336 3939 ἐν
1357 3885 1434 3956 τῷ
1461 3884 1916 3954 πολέμῳίὨσπερ

343 3981 433 4039 οὖν
464 3984 633 4037 ταῦτα
670 3984 897 4054 μηδέπω
927 3982 1195 4051 γενόμενα
1226 3979 1366 4032 κατὰ
1396 3977 1701 4049 πρόγνωσιν
1734 3974 1917 4044 εἴρητο

343 4076 606 4148 μέλλοντα
647 4075 864 4147 ἔσεσθαι
906 4077 1018 4136 τοῖς
1064 4072 1152 4126 τὸν
1199 4071 1360 4124 Δαυῖδ
1393 4069 1736 4122 ἐλαύνουσινο
1776 4066 1916 4118 οὕτω

339 4169 432 4221 καὶ
460 4166 608 4237 αὐτῷ
631 4166 700 4218 τὰ
729 4165 879 4218 αἴσια
905 4163 1031 4234 τέλη
1054 4161 1115 4214 τὺ
1146 4160 1365 4230 Πνεῦμα
1388 4157 1448 4211 τὸ
1478 4157 1628 4224 ἅγιον
1655 4152 1915 4222 ἀνεφώνει

336 4258 496 4326 λέγον
516 4274 528 4286 ⁸
565 4275 583 4307 ι
606 4257 662 4308 '0
693 4255 750 4308 δὲ
782 4253 1030 4325 βασιλεὺς
1055 4249 1487 4322 εὐφρανθήσεται
1519 4247 1608 4298 ἐπὶ
1633 4244 1710 4316 τῷ
1728 4243 1863 4314 Θεῷ.
1891 4263 1908 4294 ι

352 4347 610 4410 Ἐλπίσας
643 4346 752 4416 γὰρ
794 4346 888 4398 ἐπὶ
937 4343 1026 4397 τόν
1054 4343 1185 4397 Θεὸν
1205 4385 1218 4406 ,
1273 4343 1365 4395 καὶ
1411 4341 1509 4410 τὴν
1543 4338 1704 4391 αὐτοῦ
1737 4335 1914 4406 ψυχὴν

341 4441 582 4506 συνάψας
609 4440 786 4511 αὐτῷ,
816 4437 890 4501 ὼς
914 4439 1085 4490 εἰπεῖν
1110 4476 1125 4499 ,
1165 4456 1184 4488 ι
1223 4433 1514 4504 Ἑκολλήθη
1561 4434 1593 4502 ἡ
1631 4430 1775 4503 ψυχή
1812 4448 1912 4500 μου

338 4535 512 4589 ὀπίσω
541 4552 635 4587 σου
658 4574 671 4596 ,
709 4554 726 4583 ι
768 4535 868 4604 τῆς
916 4533 1176 4589 ἀνωτάτω
1212 4528 1458 4592 τεύξεται
1509 4523 1659 4594 παρὰ
1692 4524 1768 4594 τῷ
1796 4524 1913 4594 Θεῷ

2023 4536 2268 4585 ramento
2303 4519 2672 4579 allirmaverit,
2724 4525 2906 4582 regem
2940 4525 2967 4560 ιι
3001 4516 3171 4575 propo

340 4628 695 4699 εὐφροσύνης.
730 4628 837 4680 Καὶ
867 4629 976 4690 πᾶς
1012 4625 1068 4677 δὲ
1094 4627 1121 4677 ὁ
1154 4623 1246 4676 ἐπὶ
1290 4619 1497 4680 τούτοις
1527 4616 1695 4685 ὀμνὺς
1737 4617 1813 4677 ὡς
1854 4617 1919 4669 ἂν

339 4718 580 4790 εὐορκῶν
607 4717 1023 4788 ἐπαινεθήσεται
1044 4733 1058 4747 ·
1089 4716 1122 4787 ἦ
1152 4714 1293 4770 κατὰ
1325 4712 1416 4765 τὸν
1446 4705 1697 4769 Ἀκύλαν,
1736 4729 1752 4760 ‹
1775 4711 1922 4762 Καυ-

340 4814 563 4882 χήσεται
589 4814 618 4864 6
643 4811 854 4881 ὀμνύων
885 4813 942 4862 ἐν
965 4810 1134 4881 αὐτῷ.
1169 4829 1186 4860 ι
1222 4810 1280 4862 '0
1305 4809 1413 4880 γὰρ
1441 4809 1513 4878 μὴ
1543 4803 1918 4880 ἀμφιϐάλλων,

340 4906 473 4958 ἀλλὰ
511 4906 605 4958 καὶ
644 4905 805 4976 ὅρκον
830 4904 1112 4976 τιθέμενος
1152 4902 1280 4973 περὶ
1311 4901 1404 4954 τοῦ
1436 4903 1640 4972 μήποτε
1674 4897 1923 4951 ἐκπεσεῖ-

342 5001 462 5054 σθαι
494 5001 585 5054 τὸν
616 5000 839 5071 βασιλέα
879 4999 978 5069 τῆς
1007 4993 1423 5067 ἐπηγγελμένης
1449 4992 1690 5054 ἐλπίδος,
1723 4986 1922 5041 ὡσανεὶ

285 5160 288 5164 ,
340 5094 613 5165 εὐορκῶν,
657 5092 1094 5156 ἐπαινεθήσεται.
1132 5085 1243 5140 Καὶ
1280 5084 1451 5137 ταῦτα
1484 5083 1635 5135 ἔσται
1673 5082 1800 5152 περὶ
1831 5079 1922 5132 τὸν

342 5186 561 5256 βασιλέα
579 5187 819 5257 καὶπερὶ
845 5185 1017 5237 πάντα
1032 5182 1122 5234 τὸν
1149 5177 1389 5250 όμνύντα
1415 5175 1544 5246 περὶ
1567 5173 1754 5231 αὐτοῦ,
1769 5192 1786 5223 ι
1801 5172 1920 5222 Ὅτι

341 5281 614 5350 ἐνεφράγη
645 5279 704 5332 τὸ
739 5278 914 5348 στόμα
940 5275 1242 5328 λαλούντων
1272 5270 1456 5324 ἄδικα.
1501 5287 1519 5319 ι
1560 5265 1696 5320 Καθ’
1728 5264 1919 5334 ἐτέραν

338 5370 393 5424 δέ
419 5371 657 5424 διάνοιαν
695 5369 787 5423 τοῦ
816 5368 1023 5421 δικαίου
1068 5361 1440 5432 τελειουμένου
1476 5358 1616 5413 κατὰ
1655 5355 1752 5419 τὰς
1785 5357 1919 5408 ἁπο-

339 5461 582 5526 δοθείσας
610 5464 666 5515 ἐν
698 5463 863 5532 ἀρετῇ
897 5456 1182 5531 προκοπὰς
1202 5495 1216 5519 ,
1245 5455 1424 5525 χαίρει
1449 5453 1543 5505 καὶ
1571 5449 1919 5521 εὐφραίνεται

341 5556 368 5606 6
403 5555 655 5624 βασιλεὺς
679 5596 692 5619 ,
725 5557 753 5607 ὁ
789 5553 884 5606 τοῦ
930 5550 1064 5604 Θεοῦ
1094 5547 1403 5618 Μονογενὴς
1431 5545 1557 5607 Υἱὸς
1583 5539 1918 5612 εὐχαριστῶν

341 5645 417 5715 τῷ
448 5645 638 5699 ἑαυτοῦ
675 5645 868 5715 Πατρὶ,
892 5641 968 5713 τῷ
999 5641 1066 5694 τὰ
1090 5637 1390 5712 τηλικαῦτα
1413 5635 1726 5706 χαρίσματα
1759 5630 1919 5683 δεδω·

345 5737 562 5806 ρημένῳ
596 5739 662 5808 τῇ
699 5735 807 5789 τῶν
844 5733 1145 5804 ἀνθρώπων
1175 5731 1331 5800 φύσε.
1371 5727 1568 5780 Τοῦτον
1605 5724 1661 5776 δὲ
1703 5721 1791 5775 τὸν
1823 5719 1918 5789 βα-

344 5848 359 5878 ι
381 5828 494 5883 ιλέα
521 5831 548 5883 6
577 5830 755 5898 γνοὺς,
785 5828 876 5882 καὶ
905 5827 1086 5898 ὅρκιον
1114 5822 1276 5877 αὐτοῦ
1313 5820 1628 5889 ποιούμενος
1657 5813 1912 5881 τοῦνομα,

2024 3253 2075 3299 et
2117 3260 2144 3296 a
2175 3242 2283 3297 Deo
2319 3241 2488 3295 vetita
2520 3236 2792 3292 curiosius
2826 3228 3147 3299 inquireret.
3202 3219 3358 3274 Tunc
3399 3226 3589 3269 revera

2026 3345 2207 3408 partes
2249 3334 2490 3404 vulpium
2538 3331 2709 3390 fuere,
2744 3339 2868 3380 cum
2902 3322 3148 3383 ille,tum
3173 3311 3404 3368 comites
3449 3305 3592 3375 ejus.

2025 3395 2205 3497 Quare
2227 3429 2324 3482 abs
2345 3395 2470 3479 Deo
2497 3419 2767 3483 derelicti,
2795 3412 2979 3488 gladio
3009 3408 3372 3497 inimicorum
3408 3395 3593 3454 traditi

2025 3493 2172 3582 sunt,
2206 3526 2260 3572 et
2292 3518 2346 3570 in
2382 3516 2524 3571 bello
2549 3511 2887 3566 ceciderunt.
2949 3503 3103 3557 Sicut
3142 3498 3306 3568 igitur
3341 3493 3432 3547 illa
3461 3503 3595 3543 non-

2025 3611 2153 3664 dum
2190 3609 2356 3670 edita,
2390 3601 2812 3673 insequentibus
2855 3594 3114 3648 Davidem
3155 3589 3478 3646 obventura,
3525 3593 3595 3633 ex

2025 3703 2367 3776 praescientia
2397 3695 2891 3753 renuntiabantur,
2924 3689 2999 3742 ita
3020 3692 3073 3739 et
3105 3683 3210 3750 ipsi
3237 3675 3428 3731 Davidi
3461 3685 3594 3742 pro-

2025 3765 2243 3864 sperum
2273 3793 2430 3845 linem
2469 3786 2708 3857 Spiritus
2730 3790 2954 3837 sanctus
2985 3771 3312 3845 praedicebat
3352 3765 3436 3818 his
3466 3775 3594 3816 ver-

2028 3891 2132 3954 bis,
2173 3908 2189 3939 (
2217 3887 2330 3940 Rex
2361 3898 2494 3938 vero
2517 3879 2787 3934 laetabitur
2819 3875 2873 3927 in
2920 3871 3084 3925 Deo.»
3151 3864 3286 3919 Cum
3335 3855 3481 3912 enim
3534 3852 3592 3954 in

2024 3982 2134 4037 Deo
2180 3992 2330 4049 spem
2368 3972 2631 4045 posuerit,
2685 3967 2898 4038 ipsique
2948 3961 3185 4015 animam
3238 3943 3594 4018 coniunxerit

2022 4046 2303 4134 suam,—ita
2334 4077 2394 4121 ut
2428 4065 2596 4124 dicat,
2635 4081 2652 4112 ι
2678 4056 2921 4113 Adhaesit
2953 4052 3134 4106 anima
3163 4059 3281 4100 mea
3317 4046 3436 4134 post
3460 4046 3580 4132 te,.i

2023 4123 2314 4233 supernam
2344 4175 2373 4213 a
2408 4157 2515 4210 Deo
2574 4151 2813 4207 laetitiam
2872 4138 3158 4199 obtinebit.
3217 4135 3296 4187 Ac
3339 4123 3591 4233 quisquis

2023 4216 2124 4308 hac
2157 4251 2224 4305 de
2253 4266 2311 4303 re
2337 4247 2561 4317 juravit,
2598 4250 2657 4296 ut
2691 4240 2830 4294 bene
2864 4234 3074 4305 prolato
3120 4228 3434 4298 juramento
3474 4216 3591 4268 lau—

2023 4347 2280 4408 dabitur;
2337 4311 2491 4404 vsive,
2523 4332 2824 4391 secundum
2869 4326 3140 4396 Aquilam,
3208 4336 3226 4368 ι
3255 4311 3591 4369 Gloriabitur

2021 4441 2113 4514 qui
2138 4402 2284 4508 jurat
2310 4435 2363 4487 in
2399 4402 2518 4487 eo.»
2561 4428 2695 4481 Nam
2726 4421 2977 4494 quisquis
3018 4412 3150 4468 nihil
3185 4409 3464 4510 dubitans,
3501 4402 3592 4470 ju-

3174 4500 3276 4554 sita
3311 4510 3407 4564 spe
3441 4507 3585 4545 nun-

2023 4637 2184 4694 quam
2216 4620 2495 4686 lapsurutn
2533 4624 2676 4669 esse,
2715 4613 2774 4658 ut
2830 4601 2922 4671 qui
2972 4603 3120 4651 recte
3149 4586 3438 4687 iuraverit,
3472 4583 3589 4684 Ian-.-

2020 4673 2283 4767 dlabilur.‘
2307 4707 2372 4760 Et
2403 4706 2519 4758 hch
2562 4698 2878 4765 contingent
2909 4698 3023 4744 tum
3071 4683 3207 4753 regi,
3245 4690 3358 4732 tum
3400 4677 3466 4730 iis
3495 4673 3588 4767 qui

2022 4803 2089 4858 de
2127 4804 2245 4872 ipso
2290 4792 2620 4866 juraverint,
2672 4807 2689 4838 ι
2717 4785 2847 4856 quia
2891 4781 3236 4836 obstructum
3281 4777 3366 4825 est
3409 4783 3472 4822 os
3510 4766 3591 4819 lo—

2023 4866 2308 4967 quentium
2340 4887 2550 4956 iniqua.
2577 4901 2596 4934 ι
2649 4876 2964 4934 Secundum
3000 4869 3162 4924 aliam
3205 4877 3334 4920 vero
3371 4866 3593 4914 senten-

2020 4963 2154 5045 tiam
2189 4999 2311 5040 cum
2329 4982 2512 5051 justus
2536 4976 2800 5030 virtutum
2831 4963 3077 5037 profectu
3106 4964 3300 5013 auctus
3329 4967 3589 5007 consum-

2021 5091 2236 5143 matur,
2293 5045 2423 5128 tunc
2467 5069 2666 5140 gaudet
2708 5079 2804 5117 rex
2855 5066 2909 5115 et
2955 5053 3214 5117 exsultat,
3265 5045 3591 5140 Unigenitns

2023 5131 2235 5228 scilicet
2266 5166 2360 5220 Dei
2389 5131 2583 5224 Filius,
2635 5153 2783 5209 Patri
2816 5165 2917 5206 suo
2963 5145 3170 5218 gratias
3197 5139 3463 5197 referens,
3498 5131 3588 5200 qui

2021 5263 2276 5316 humanae
2311 5262 2520 5310 natura:
2556 5256 2706 5302 tanta
2739 5243 3038 5315 gratiarum
3085 5234 3228 5289 dona
3271 5224 3589 5283 contuleri:.
3618 5241 3635 5305 δ

2023 5354 2182 5409 Hunc
2243 5363 2408 5420 porro
2456 5357 2636 5414 regem
2690 5338 2784 5410 qui
2827 5332 3063 5396 noverit,
3099 5329 3328 5395 ejusque
3372 5310 3633 5420 nomine!

2020 5449 2086 5502 ad
2136 5446 2513 5516 juramcntum
2546 5451 2678 5490 usus
2744 5429 2926 5489 fuerit,
2965 5426 3010 5479 is
3058 5436 3188 5477 sane
3241 5413 3386 5510 omni
3430 5403 3632 5504 laudej

2022 5500 2218 5608 dignus
2257 5531 2558 5592 habeatur;
2602 5531 2789 5592 utpote
2840 5516 2929 5587 qui
2981 5506 3284 5608 edidicerit,
3320 5500 3586 5608 ejusn'ir-

2021 5589 2136 5683 tu‘t’e
2165 5626 2373 5695 justum
2403 5589 2871 5674 consummatum,
2904 5613 2957 5661 ct
2985 5619 3047 5657 os
3078 5595 3355 5695 quodlibet
3381 5589 3590 5688 injusta

2023 5677 2192 5768 multa
2225 5707 2513 5780 proferens
2545 5703 2902 5760 obstructum
2924 5692 3113 5746 fuisse.
3169 5677 3395 5738 Etiamsi
3443 5677 3588 5730 enim

2024 5773 2311 5876 aliquanto
2351 5809 2602 5868 tempore
2661 5799 2982 5847 concessum
3016 5777 3195 5851 impiis
3231 5773 3352 5836 fuit,
3406 5775 3591 5823 utere
