4100 6540
463 302 573 357 613

1140 300 1407 356 EUSEBII
1446 298 1924 356 CIESARIENSIS
1959 300 2034 357 ΟΓ

2155 299 2339 357 PARS
2368 295 2462 354 III.
2510 325 2577 338 —-
2617 292 3022 348 EXEGETICA.

3604 292 3706 349 διδ

458 420 664 489 iniusta
698 418 870 473 multa
926 416 1255 487 proferrent,
1289 424 1344 472 et
1374 416 1693 487 blasphema
1722 415 1868 470 dicta
1899 421 2032 471 co'n-

2138 415 2336 477 παντὸς
2366 412 2563 483 γένοιτ’
2592 410 2658 463 ἂν
2690 410 2913 463 ἐπαίνου
2948 407 3113 473 ἄξιος,
3146 407 3220 471 ὡς
3252 409 3318 461 ἂν
3354 406 3709 478 μεμαθηκὼς,

458 521 539 565 tra
595 510 803 580 justum
857 511 1147 582 ipsumque
1204 508 1375 564 De'tm
1426 517 1769 581 spargerent.
1818 517 2028 580 utpote,

457 602 552 671 qui
598 601 746 654 viros
780 600 865 656 sui
915 613 1085 654 causa
1128 599 1315 665 pulsos
1350 616 1457 654 non
1500 600 1892 665 ulcisceretur;
1924 599 2033 654 illis

457 709 591 749 sane
625 709 733 747 non
784 693 1136 763 permittetur
1165 704 1225 747 ut
1275 693 1341 747 ad
1378 693 1537 748 finem
1577 708 1751 763 usque
1781 692 1908 746 talia
1938 691 2033 745 de-

457 785 762 850 blatereﬁt;
820 785 918 839 sed
970 800 1033 840 os
1100 784 1328 855 impium
1396 785 1640 855 ipsorum
1692 785 2030 849 obstruetur,

456 877 802 947 cessabitqne
855 875 947 929 illa
996 884 1192 931 contra
1241 877 1360 947 pios
1406 876 1658 932 homines
1696 877 2029 947 arrogantia,

455 982 581 1021 cum
609 969 732 1023 illos
758 976 1092 1023 memoratus
1123 968 1246 1023 ﬁnis
1285 968 1581 1039 exceperit.

2132 505 2214 558 ὅτι
2255 504 2321 574 τῇ
2368 500 2533 554 αὑτοῦ
2583 500 2809 569 δυνάμει
2856 500 2949 551 καὶ
2976 501 3003 550 ὁ
3029 499 3233 561 δίκαιος
3266 497 3550 567 ἐτελειώθη
3573 537 3588 561 ,
3620 498 3715 550 καὶ

2138 597 2244 648 πᾶν
2279 595 2449 665 στόμα
2473 593 2535 646 τό
2566 592 2731 646 πολλὰ
2772 590 2964 643 λαλοῦν
2994 589 3153 642 ἄδικα
3179 589 3475 658 ἐνεφράγη.
3509 590 3573 641 Εἰ
3605 588 3714 660 γὰρ

2135 690 2228 742 καὶ
2254 688 2324 740 τὰ
2360 688 2594 758 μάλιστα
2622 685 2797 757 καιρῷ
2828 702 2936 737 τινι
2970 686 3324 754 συνεχωρεῖτο
3352 683 3430 752 τῷ
3454 681 3560 733 τῶν
3585 682 3713 734 ἀσε-

2136 784 2245 837 ϐῶν
2288 781 2515 852 στόματι
2544 778 2721 832 λαλεῖν
2768 778 2928 831 ἄδικα
2964 780 3056 830 καὶ
3104 776 3590 845 καταϐλασφῃμεῖν
3619 773 3714 827 τοῦ

2133 875 2366 939 δικαίου,
2395 873 2489 926 καὶ
2526 872 2690 924 αὐτοῦ
2714 871 2809 923 τοῦ
2838 870 2995 935 Θεοῦ,
3045 870 3121 932 ὡς
3154 869 3318 939 μηδὲν
3345 868 3715 939 ἐπαμύνοντος

2142 970 2256 1031 τοῖς
2284 966 2351 1019 δι’
2374 965 2534 1018 αὑτὸν
2554 963 2944 1034 ἐλαυνομένοις
2966 962 3078 1016 ἀλλ’
3101 963 3201 1014 οῦκ
3225 962 3305 1023 εἰς
3323 960 3473 1023 τέλος
3493 954 3714 1012 τοιαῦτα

455 1058 634 1111 λαλεῖν
668 1059 1214 1131 συγχωρηθήσονται·
1245 1062 1587 1133 φραγήσεται
1632 1061 1689 1115 δέ
1739 1060 1919 1116 αὐτῶν
1969 1059 2030 1114 τὸ
2066 1060 2261 1123 ἀσεϐὲς
2289 1060 2485 1131 στόμα,
2544 1058 2639 1111 καὶ
2665 1060 2698 1128 ή
2731 1058 2870 1111 κατὰ
2900 1057 3008 1109 τῶν
3073 1054 3336 1124 θεοφιλῶν
3369 1053 3578 1125 ἀνδρῶν
3619 1070 3713 1123 με⁴

454 1151 725 1222 γαλαυχία
755 1152 1121 1222 παυθήσεται,
1162 1152 1381 1207 ἐπειδὰν
1427 1151 1709 1225 καταλάϐῃ
1744 1153 1943 1218 αὐτοὺς
1971 1152 2041 1207 τά
2075 1150 2460 1231 προλεχθέντα.
2480 1150 2632 1221 τέλη.

637 1268 787 1342 1.:IN
819 1267 1030 1322 FINEM
1061 1268 1630 1343 PSALMUSnDAVID
1671 1269 1852 1325 LXIII.

533 1382 701 1437 Vens.
737 1382 793 1447 9,
825 1383 882 1438 5.
936 1402 957 1434 ι
984 1382 1215 1448 Exaudi,
1274 1382 1441 1450 Deus,
1490 1383 1798 1440 orationem
1832 1398 2032 1448 meam,

458 1492 585 1532 eum
642 1476 944 1547 deprecor:
978 1492 1024 1539 _a
1067 1477 1262 1531 timore
1324 1477 1535 1532 inimici
1584 1478 1738 1548 eripe
1793 1478 2033 1532 animam

459 1583 689 1622 meath
752 1567 999 1624 Praesens
1033 1584 1251 1639 quoque
1280 1570 1524 1640 psalmus
1556 1569 1610 1624 in
1642 1571 1806 1625 ﬁnem
1844 1571 2035 1624 remit-

460 1661 548 1723 tit,
581 1676 690 1731 quo
718 1661 907 1716 bravia
938 1678 1192 1733 supeer
1224 1663 1558 1719 vocationis.
1586 1672 1641 1718 et
1670 1663 1903 1733 justitize
1941 1677 2036 1718 co—

2268 1269 2373 1321 ΕῘΣ
2408 1269 2497 1321 ΤΟ
2534 1268 2753 1320 ΤΕΛΟΣ
2789 1266 3080 1320 ΨΑΛΜΟΣ
3117 1266 3206 1336 Τῼ
3241 1264 3439 1317 ΔᾹΥΙΔ
3474 1262 3591 1316 ΞΡ.

2217 1401 2236 1433 ι
2266 1381 2595 1435 Είσάκουσον
2615 1421 2629 1445 ,
2673 1383 2703 1434 6
2731 1380 2894 1446 Θεὸς,
2923 1379 3229 1450 προσευχῆς
3265 1396 3365 1449 μου
3421 1379 3476 1429 ἐν
3523 1376 3600 1447 τῷ
3628 1376 3715 1428 δέ·

2141 1476 2297 1532 εσθαί
2327 1494 2393 1548 με
2414 1517 2429 1543 ,
2455 1476 2563 1530 ἀπὸ
2591 1476 2754 1545 φόϐου
2782 1474 2977 1545 ἐχθροῦ
3001 1473 3180 1541 ἐξέλοι)
3207 1474 3305 1543 τὴν
3325 1472 3500 1542 ψυχήν
3533 1488 3655 1540 μου.
3692 1490 3709 1520 ι

2140 1570 2252 1623 Καὶ
2279 1571 2308 1622 6
2344 1568 2533 1640 παρὼν
2558 1568 2770 1639 eam;
2805 1568 2886 1630 εἰς
2916 1566 2978 1619 τὸ
3005 1565 3156 1629 τέλος
3194 1564 3542 1635 ἀναπέμπει·
3577 1564 3634 1614 ἐν

2140 1661 2210 1716 τὰ
2254 1661 2479 1735 βραδεῖα
2505 1662 2604 1731 τῆς
2636 1662 2748 1715 ἄνω
2779 1661 3026 1732 κλήσεως
3050 1698 3065 1723 ,
3103 1659 3194 1713 καὶ
3223 1659 3349 1720 τοὺς
3391 1658 3487 1727 τῆς
3514 1655 3715 1708 δικαιο-

460 1769 648 1817 ronas,
678 1755 769 1824 qui
802 1755 1003 1808 bonum
1050 1762 1329 1810 certamen
1373 1763 1745 1820 certaverunt,
1775 1771 1805 1810 a
1836 1770 2034 1827 magno

2142 1753 2307 1825 σύνης
2338 1754 2630 1822 στεφάνους
2652 1755 2699 1806 οἱ
2722 1753 2813 1806 τὸν
2843 1752 3031 1821 ἀγῶνα
3055 1751 3145 1805 τὸν
3174 1750 3334 1804 καλὸν
3357 1747 3716 1819 διηγωνισμέ-

460 1844 555 1898 ἰ110
585 1844 909 1914 agonotheta
941 1844 1219 1913 accepturi
1260 1854 1408 1899 sunt.
1460 1844 1643 1910 Quare
1672 1846 1726 1899 in
1763 1845 2032 1915 principio

460 1935 679 2004 psalmi,
734 1934 939 1988 inimici
974 1944 1029 1989 et
1072 1935 1247 2005 iniqui
1280 1934 1533 1991 homines
1587 1944 1780 1989 contra
1818 1934 2032 2004 justum

462 2028 808 2097 insurgentes
834 2026 1203 2093 inducuntur;
1240 2027 1295 2082 in
1327 2027 1436 2083 ﬁne
1466 2034 1649 2084 autem
1698 2028 1868 2083 totius
1912 2043 2031 2083 ser-

462 2121 642 2175 monis
677 2136 827 2190 spem
854 2121 1051 2175 bonam
1083 2122 1338 2192 obsignat
1383 2122 1467 2177 his
1499 2121 1705 2185 verbis,
1759 2138 1777 2171 ι
1803 2118 2035 2175 Laetabi-

462 2213 755 2281 turjustus
786 2214 840 2267 in
874 2213 1129 2277 Domino,
1158 2222 1214 2269 et
1245 2214 1488 2283 sperabit
1531 2214 1585 2268 in
1616 2228 1706 2277 eo,
1750 2223 1805 2268 et
1844 2214 2035 2268 lauda-

462 2303 670 2357 buntur
710 2320 903 2360 omnes
951 2307 1086 2360 recti
1121 2306 1341 2361 corde.»
1386 2305 1573 2360 Talem
1631 2305 1877 2359 futurum
1910 2320 2036 2360 esse

462 2396 626 2449 ﬁnem
658 2395 817 2451 docet
846 2412 1034 2451 eorum
1069 2398 1161 2467 qui
1211 2413 1311 2468 pro
1358 2398 1573 2468 justitia
1623 2405 2033 2453 concertarunt.

459 2485 775 2558 Religiosus
811 2504 942 2543 vero
984 2489 1209 2552 athleta,
1247 2505 1277 2542 a
1310 2489 1589 2545 sexcentis
1626 2489 1886 2545 hostibus
1929 2489 2036 2544 ini-

461 2580 730 2650 micisque
774 2580 989 2643 anima),
1020 2596 1131 2635 non
1161 2581 1337 2635 solum
1365 2580 1694 2646 visibilibus,
1742 2580 1837 2635 sed
1871 2581 2035 2636 etiam

455 2670 691 2725 occultis
725 2671 1038 2740 impetibus,
1090 2670 1158 2725 ad
1191 2685 1358 2724 unum
1391 2669 1558 2725 Deum
1590 2669 1858 2742 confugit,
1890 2671 2036 2741 ejus-

456 2776 569 2831 que
595 2762 857 2815 auxilium
887 2763 1147 2832 postulat,
1173 2764 1289 2818 haec
1319 2770 1529 2817 tantum
1573 2778 1679 2818 non
1717 2764 2033 2831 proferens:

462 2874 485 2906 4
508 2853 565 2910 Si
596 2855 739 2911 Deus
769 2870 866 2925 pro
895 2857 1074 2919 nobis,
1102 2858 1225 2927 quis
1259 2866 1451 2911 contra
1495 2872 1596 2913 nos
1614 2858 1693 2911 ³δῖ
1719 2877 1736 2909 ι
1764 2857 2039 2924 Quamob-

460 2963 574 3002 rem
614 2948 868 3018 precibus
927 2949 1021 3003 dat
1059 2964 1297 3020 operam,
1351 2950 1520 3005 Deum
1571 2950 1836 3006 invocans
1868 2958 1922 3005 et
1955 2950 2039 3003 di-

457 3057 627 3096 cens:
665 3041 935 3107 «Exaudi,
982 3042 1147 3110 Deus,
1177 3042 1482 3099 orationem
1523 3059 1725 3108 meam,
1770 3058 1895 3098 cum
1941 3043 2039 3099 de-

2138 1863 2220 1899 νοι
2280 1845 2430 1917 παρὰ
2458 1845 2553 1898 τοῦ
2586 1844 2819 1915 μεγάλου
2847 1844 3108 1913 λήψονται
3135 1841 3493 1912 ἀγωνοθέτου.
3528 1840 3618 1893 Διὸ
3649 1842 3717 1893 τὰ

2140 1939 2239 2010 μέν
2286 1938 2479 2011 πρῶτα
2521 1936 2613 1991 τοῦ
2657 1937 2871 2008 ψαλμοῦ
2915 1936 3142 2009 ἐχθροὺς
3173 1937 3380 2005 εἰσάγει
3424 1938 3521 1989 καὶ
3555 1952 3719 2005 πονη-

2140 2028 2467 2099 ρευομένους
2496 2026 2959 2097 ἐπανισταμένους
2988 2026 3065 2097 τῷ
3089 2026 3282 2096 δικαίῳ
3304 2042 3317 2055 ·
3346 2028 3404 2078 ἐν
3434 2026 3492 2079 δέ
3522 2025 3599 2097 τῷ
3630 2028 3720 2079 τέ-

2135 2119 2217 2173 λει
2249 2119 2345 2173 τοῦ
2373 2119 2575 2183 παντὸς
2602 2119 2759 2190 λόγου
2789 2118 3034 2190 χρηστάς
3061 2118 3281 2182 ἐλπίδας
3320 2119 3713 2191 ἐπισφραγίζε-

2134 2229 2227 2265 ται
2258 2210 2463 2280 λέγων’
2497 2230 2515 2262 ι
2552 2211 3002 2282 Εὑφρανθήσεται
3057 2209 3262 2273 δίκαιος
3300 2211 3357 2263 ἐν
3383 2211 3462 2281 τῷ
3494 2212 3717 2284 κυρίῳ,

2138 2304 2233 2355 καὶ
2279 2303 2458 2355 ἐλπιεῖ
2497 2303 2584 2354 ἐπ’
2608 2302 2771 2356 αὐτόν
2790 2318 2803 2331 ⁸
2836 2302 2931 2354 καὶ
2962 2301 3408 2372 ἐπαινεθήσονται
3441 2302 3641 2365 πάντες
3668 2304 3717 2355 οἱ

2138 2393 2314 2458 εὐθεῖς
2343 2397 2410 2465 τῇ
2442 2393 2658 2466 καρδίᾳ.
2692 2414 2709 2444 ι
2740 2392 2979 2447 Τοιαῦτα
3014 2392 3082 2446 τά
3110 2393 3239 2466 τέλη
3268 2392 3377 2446 τῶν
3405 2395 3544 2466 ὑπὲρ
3568 2395 3722 2447 εὐσε-

2139 2486 2704 2558 6είας,ὴγωνισμένων
2729 2483 2867 2540 εἶναι
2901 2485 3159 2540 διδάσκει.
3192 2488 3251 2540 '0
3281 2487 3345 2555 γέ
3374 2504 3455 2539 τοι
3476 2488 3574 2557 τῆς
3599 2486 3720 2539 Geo-

2141 2580 2355 2644 σεσείας
2368 2580 2624 2652 ἀθλητὴς,
2646 2580 2870 2651 μυρίους
2899 2580 3036 2650 ἔχων
3059 2578 3283 2650 ἐχθροὺς
3307 2580 3403 2633 καὶ
3428 2580 3720 2651 πολεμίους

2138 2674 2241 2744 τῆς
2277 2673 2443 2726 αὑτοῦ
2466 2671 2664 2744 ψυχῆς,
2697 2672 2798 2743 οὐχ
2819 2673 3047 2743 ὁρατοὺς
3086 2672 3266 2743 μόνον,
3298 2671 3434 2726 ἀλλὰ
3462 2673 3555 2725 καὶ
3581 2674 3721 2742 ἁφα-

2140 2770 2250 2830 νεῖς
2269 2806 2285 2831 ,
2338 2767 2483 2838 μόνῳ
2516 2764 2852 2837 προσφεύγει
2893 2765 2970 2836 τῷ
3008 2764 3124 2836 Θεῷ
3156 2766 3251 2818 καὶ
3272 2767 3371 2835 τὴν
3402 2766 3529 2837 παρ’
3555 2764 3721 2818 αὐτοῦ

2143 2858 2393 2929 βοήθειαν
2420 2861 2597 2922 αἰτεῖ,
2631 2857 2911 2930 μονονουχὶ
2944 2858 3117 2925 λέγων
3138 2874 3150 2885 ·
3191 2876 3209 2908 ι
3244 2858 3307 2910 Εἰ
3345 2860 3374 2910 ὁ
3408 2857 3539 2921 Θεὸς
3582 2857 3724 2929 ὑπὲρ

2142 2953 2331 3024 ἡμῶν,
2375 2954 2461 3016 τίς
2515 2954 2637 3006 καθ’
2671 2953 2827 3025 ἡμῶν
2855 2970 2868 3017 ;
2901 2972 2919 3002 ι
2954 2953 3045 3005 Διὸ
3078 2955 3201 3015 ταῖς
3234 2953 3424 3023 εὐχαῖς
3473 2952 3724 3023 σχολάζει

2139 3044 2230 3096 τὸν
2262 3044 2394 3098 Θεὸν
2423 3043 2861 3113 ἀνακαλούμενος
2894 3043 2986 3096 καὶ
3015 3042 3217 3111 λέγων·
3258 3062 3277 3093 ι
3312 3042 3662 3103 Εἰσάκουσον,
3694 3045 3725 3096 6

462 3149 676 3203 precor.
708 3153 727 3185 ι
765 3134 866 3200 Qui
900 3150 1028 3190 vero
1056 3136 1371 3205 hujusmodi
1397 3153 1504 3191 non
1536 3144 1642 3202 est,
1688 3137 1784 3192 sed
1832 3137 2034 3192 divinis

2140 3134 2306 3197 Θεὸς,
2350 3134 2660 3205 προσευχῆς
2690 3151 2791 3204 μου
2818 3134 2876 3185 ἐν
2922 3132 3000 3203 τῷ
3029 3133 3245 3187 δέεσθαί
3283 3152 3369 3205 με.
3411 3154 3429 3186 ι
3476 3135 3531 3187 Ὀ
3563 3134 3619 3186 δέ
3648 3135 3724 3204 μὴ

460 3227 747 3295 prmeeptis
795 3241 903 3280 non
953 3228 1311 3297 obtemperat,
1354 3236 1508 3283 tanta
1559 3229 1758 3283 ﬁducia
1805 3228 1881 3283 uti
1927 3246 2035 3284 non

461 3318 640 3370 valet:
679 3332 787 3386 qua
843 3334 1101 3373 mensura
1136 3320 1282 3373 enim
1322 3321 1602 3380 metimur.
1634 3322 1824 3375 eadem
1860 3337 2038 3377 reme-

460 3408 628 3461 tietur
658 3408 837 3463 nobis.
884 3408 1230 3480 Quapropter
1267 3410 1321 3464 in
1366 3411 1676 3466 Proverbiis
1721 3412 1836 3467 haec
1880 3412 2038 3467 inob-

461 3502 820 3570 sequentibus
862 3500 954 3556 Dei
1008 3500 1283 3572 Sapientia
1329 3504 1535 3558 edicit:
1593 3502 1777 3570 «Quia
1823 3504 2036 3570 vocavi,

458 3600 515 3646 et
543 3607 650 3646 non
698 3593 988 3655 obedistis,
1034 3593 1253 3647 extendi
1298 3609 1608 3661 sermones,
1639 3603 1695 3650 et
1722 3610 1833 3649 non
1862 3601 2041 3648 atten-

460 3687 651 3751 distis;
692 3685 786 3741 sed
822 3686 976 3741 irrita
1026 3685 1236 3741 fecistis
1285 3688 1514 3743 consilia
1559 3704 1697 3753 tinea,
1752 3689 2038 3759 praeceptis

459 3786 639 3833 autem
669 3780 807 3834 meis
842 3795 949 3833 non
983 3780 1425 3851 obtemperastis.
1464 3779 1653 3851 Itaque
1685 3798 1788 3852 ego
1818 3796 2039 3852 quoque

458 3870 512 3923 iu
547 3872 772 3925 interitu
807 3881 989 3926 vestro
1017 3872 1318 3929 ridebo".r
1364 3871 1478 3927 Erit
1508 3874 1651 3928 enim
1684 3881 1900 3945 tempus
1928 3890 2037 3944 quo

461 3963 792 4019 invocabitis
822 3981 931 4029 me,
983 3977 1035 4019 et
1073 3980 1175 4036 ego
1219 3980 1329 4019 non
1384 3966 1699 4021 exaudiam.
1756 3967 1811 4021 Si
1872 3968 2038 4037 igitur

457 4056 709 4109 exaudiri
745 4057 1003 4111 volumus
1041 4072 1164 4111 cum
1215 4059 1536 4114 invocamus
1571 4058 1763 4122 Deum,
1797 4059 2034 4130 idipsutn

459 4163 561 4204 nos
623 4149 828 4205 divinis
902 4152 1190 4220 praeceptis
1247 4152 1692 4222 obtemperantes
1744 4152 2034 4207 faciamus.

459 4239 615 4294 Tunc
648 4241 794 4294 enim
828 4244 999 4295 multa
1029 4257 1152 4296 cum
1189 4241 1389 4297 ﬁducia
1431 4259 1534 4299 nos
1565 4260 1782 4314 quoque
1811 4243 1922 4299 Deo
1950 4245 2037 4299 di-

457 4344 582 4385 cere
616 4332 959 4400 poterimus:
998 4350 1017 4382 ι
1049 4330 1278 4397 Exaudi,
1314 4331 1480 4400 Deus,
1512 4334 1821 4390 orationem
1859 4350 2037 4390 meam

456 4436 580 4475 cum
611 4422 895 4491 deprecor.
926 4442 943 4473 ι
966 4422 1106 4488 Quid
1136 4430 1315 4476 autem
1345 4424 1537 4480 beatus
1564 4423 1734 4478 David
1770 4428 2035 4495 precaba-

2138 3228 2380 3292 τοιοῦτος
2400 3267 2415 3289 ,
2445 3227 2772 3299 παρακούων
2804 3226 2860 3279 δέ
2893 3226 3001 3280 τῶν
3030 3226 3124 3279 τοῦ
3168 3226 3304 3280 Θεοῦ
3335 3228 3722 3299 παραγγελμά-

2137 3337 2266 3383 των,
2292 3320 2393 3372 οὐκ
2424 3320 2489 3371 ἂν
2516 3318 2733 3372 δύναιτο
2773 3316 3011 3388 χρῆσθαι
3040 3319 3107 3387 τῇ
3137 3316 3374 3387 τοσαύτῃ
3408 3318 3717 3388 παρρησίακ

2136 3404 2180 3476 ᾢ
2203 3409 2311 3480 γάρ
2341 3408 2521 3479 μέτρῳ
2554 3407 2859 3479 μετροῦμεν
2893 3410 3307 3479 ἀντιμετρεῖται
3338 3410 3488 3479 ἡμῖν.
3525 3409 3725 3479 Διόπερ

2138 3504 2195 3557 ἐν
2222 3500 2553 3572 Παροιμίαις
2593 3502 2626 3571 ή
2654 3498 2747 3552 τοῦ
2783 3500 2918 3553 Θεοῦ
2957 3500 3117 3569 σοφία
3148 3500 3284 3571 πρὸς
3326 3501 3448 3563 τοὺς
3480 3501 3724 3563 ἀπειθεῖς

2138 3594 2481 3647 ἀποτείνεται
2527 3591 2793 3660 λέγουσα’
2838 3611 2856 3643 ι
2900 3592 3039 3644 Ἀνθ’
3082 3585 3159 3645 ὧν
3195 3592 3442 3653 ἐκάλουν,
3496 3594 3590 3645 καὶ
3625 3594 3724 3662 οὐχ

2139 3684 2505 3754 ὑπηκούσατε,
2534 3684 2627 3738 καὶ
2657 3683 2923 3751 ἐξέτεινον
2946 3684 3159 3753 λόγους,
3184 3686 3277 3738 καὶ
3302 3686 3361 3737 ού
3388 3685 3720 3756 προσείχετει

2138 3777 2254 3830 ἀλλ’
2298 3776 2536 3849 ἀκύρους
2588 3779 2824 3831 ἐποιεῖτε
2868 3777 2969 3841 τὰς
3017 3776 3156 3848 ἐμὰς
3207 3777 3440 3847 βουλὰς,
3501 3781 3618 3841 ταῖς
3668 3778 3723 3830 δέ

2140 3874 2299 3942 ἐμαῖς
2338 3870 2577 3934 ἐντολαῖς
2614 3871 2674 3923 οὑ
2725 3871 3063 3942 προσείχετε.
3110 3872 3410 3942 Τοιγαροῦν
3453 3870 3606 3940 κάγὼ
3655 3875 3723 3943 τῇ

2139 3963 2382 4035 ὑμετέρᾳ
2428 3964 2674 4033 ἀπωλείᾳ
2713 3963 3126 4034 ἐπιγελάσομαι.
3170 3983 3188 4015 ι
3242 3966 3432 4019 Ἔσται
3484 3964 3592 4034 γάρ
3635 3965 3722 4017 ὅτε

2138 4058 2527 4112 ἐπικαλέσεσθέ
2554 4075 2641 4129 με,
2669 4057 2778 4127 ἐγὼ
2810 4059 2866 4112 δέ
2891 4060 2990 4113 οὐκ
3016 4058 3424 4134 εἰσακούσομαι.
3452 4060 3515 4113 EE
3543 4060 3720 4112 τοίνυν

2140 4149 2518 4203 είσακούεσθαι
2550 4150 2848 4223 βουλόμεθα
2882 4154 2939 4205 ἐν
2971 4146 3052 4215 οἷς
3082 4152 3313 4223 δεόμεθα
3330 4152 3424 4205 τοῦ
3451 4152 3611 4218 Θεοῦ,
3630 4154 3723 4207 καὶ

2143 4245 2296 4297 αὐτοὶ
2329 4242 2487 4296 τοῦτο
2510 4244 2839 4315 πράττωμεν
2869 4249 2981 4309 τοῖς
3013 4245 3105 4298 τοῦ
3127 4245 3263 4299 Θεοῦ
3293 4247 3724 4318 παραγγέλμασι

2141 4337 2495 4401 καταπειθεῖς
2522 4338 2853 4409 γιγνόμενοι.
2888 4340 3022 4394 Τότε
3053 4339 3163 4412 γὰρ
3190 4342 3283 4393 σὺν
3314 4340 3479 4411 πολλῇ
3516 4342 3721 4413 παῤῥηο

2143 4430 2233 4502 σίᾳ
2258 4432 2353 4485 καὶ
2382 4431 2534 4483 αὐτοὶ
2568 4432 2733 4500 φάναι
2761 4432 3105 4505 δυνησόμεθα
3130 4432 3207 4503 τῷ
3228 4432 3347 4503 Θεῷ
3373 4452 3386 4463 ·
3416 4453 3433 4484 ι
3464 4435 3721 4487 Εἰσάκου-

457 4522 548 4567 tur
596 4514 779 4584 (illius
840 4530 1095 4585 namque,
1146 4525 1205 4569 ut
1246 4517 1481 4579 aestimo,
1533 4517 1700 4571 verba
1761 4526 1928 4585 sunt,
1964 4536 2031 4574 eo

2140 4540 2261 4586 σον,
2285 4526 2313 4577 6
2334 4524 2466 4588 Θεὸς
2487 4565 2502 4589 ,
2530 4524 2629 4595 τῆς
2664 4527 2974 4596 προσευχῆς
3003 4544 3102 4597 μου
3142 4528 3199 4579 ἐν
3225 4526 3302 4597 τῷ
3332 4528 3542 4580 δέεσθαί
3574 4545 3659 4599 με.
3694 4548 3713 4579 ι

456 4614 699 4677 tempore
734 4606 947 4675 prolata
979 4622 1088 4677 quo
1129 4624 1157 4661 a
1193 4606 1357 4662 Saule
1387 4616 1441 4662 et
1474 4609 1774 4665 comitibus
1800 4611 1921 4678 ejus
1954 4611 2035 4665 fu-

458 4699 697 4768 giebat),
765 4706 825 4751 ttt
856 4700 1040 4754 anima
1098 4700 1272 4770 ipsius
1305 4716 1335 4753 a
1373 4701 1569 4756 timore
1602 4703 1810 4756 inimici
1856 4702 2033 4772 eripe-

458 4800 628 4851 retur.
664 4806 771 4845 non
805 4800 985 4846 autem
1014 4802 1073 4846 ut
1105 4794 1362 4848 inimicos
1410 4809 1520 4847 non
1556 4788 1801 4859 haberet,
1841 4804 1935 4849 aut
1974 4804 2033 4849 ut

458 4882 688 4935 consilia
733 4898 922 4935 eorum
968 4885 1422 4953 eliminarentur;
1481 4887 1576 4942 sed
1625 4889 1807 4941 anima
1856 4889 2033 4958 ipsius

458 4975 829 5043 imperterrita
859 4984 911 5028 et
944 4975 1215 5045 intrepida
1241 4987 1524 5045 maneret;
1564 4988 1622 5033 ut
1670 4979 2035 5048 imperturba-

458 5075 571 5119 tum
627 5080 825 5135 gerens
875 5066 1145 5128 animum,
1188 5068 1305 5137 ipse
1336 5069 1565 5139 perinde
1620 5079 1784 5141 atque
1828 5069 2032 5126 Paulus

457 5161 697 5215 diceret:
743 5176 761 5207 ι
787 5156 844 5210 In
896 5160 1154 5213 omnibus
1188 5161 1599 5217 tribulationem
1638 5164 1900 5234 patimur,
1936 5165 2035 5219 sed

455 5268 564 5307 non
600 5251 1012 5320 angustiamur;
1046 5254 1479 5320 persecutionem
1511 5255 1770 5324 patimur,
1797 5256 1889 5311 sed
1923 5273 2036 5311 non

455 5346 925 5415 derelinquimur;
972 5346 1284 5412 dejieimur.
1335 5345 1435 5401 sed
1494 5364 1604 5402 non
1663 5350 1907 5417 perimus
1929 5350 2028 5403 ".r

455 5437 582 5493 Ilaec
615 5454 739 5493 cum
772 5436 883 5491 Deo
912 5436 1120 5491 diceret
1167 5436 1359 5500 David,
1409 5454 1517 5493 non
1567 5449 1685 5493 erat
1740 5442 2036 5497 beneﬁcio-

452 5544 598 5593 rum,
630 5544 751 5598 quae
789 5528 892 5583 sibi
942 5528 1152 5598 pridem
1184 5530 1383 5585 collata
1436 5530 1673 5589 fuerant.
1720 5532 2027 5589 immemor.

453 5625 633 5687 Quare
671 5624 737 5678 de
780 5624 1070 5694 praeteritis
1118 5626 1322 5695 gratias
1369 5640 1558 5696 agens,
1609 5625 1812 5680 infert:
1854 5645 1871 5676 ι
1900 5624 2027 5679 Pro-

521 5780 571 5813 ⁸³
601 5778 757 5836 Rom.
792 5797 916 5845 vm,
940 5782 1028 5836 51.
1106 5783 1149 5814 ’⁷
1180 5780 1340 5837 Prov.
1376 5799 1415 5847 I,
1441 5782 1635 5837 ‘26-‘26.

2141 4616 2206 4667 Τί
2242 4616 2298 4667 δέ
2335 4616 2503 4668 ἐδεῖτο
2547 4618 2575 4669 ὀ
2621 4618 2890 4688 μακάριος
2918 4618 3113 4681 Δαυῖδ;
3149 4618 3332 4686 (αὑτοῦ
3364 4620 3471 4690 γάρ
3501 4622 3636 4671 εἰσιν
3669 4623 3720 4672 οἱ

2138 4707 2311 4775 λόγοι,
2351 4707 2426 4769 ὡς
2460 4705 2612 4778 οἶμαι
2632 4751 2645 4769 ,
2674 4709 2815 4761 κατὰ
2846 4710 2971 4773 τοὺς
3000 4710 3222 4782 χρόνους
3251 4711 3566 4781 εἰρημένοι,
3596 4710 3720 4764 καθ’

2138 4798 2230 4862 οὒς
2268 4800 2358 4853 τὸν
2397 4800 2568 4852 Σαοὺλ
2596 4800 2790 4869 ἔφευγε
2826 4803 2919 4854 καὶ
2962 4803 3085 4864 τοὺς
3117 4801 3213 4853 σὺν
3243 4802 3392 4873 αύτῷ
3419 4821 3431 4833 ·
3453 4804 3469 4871 )
3493 4802 3590 4873 τὴν
3615 4802 3718 4869 ψυ-

2143 4891 2246 4962 χὴν
2276 4891 2442 4943 αὐτοῦ
2488 4892 2748 4963 ρυσθῆναι
2778 4894 2885 4945 άπὸ
2916 4894 3080 4963 φόϐου
3109 4895 3304 4965 ἐχθροῦ
3327 4936 3341 4957 ,
3369 4895 3468 4947 οῦκ
3496 4895 3719 4966 ἐχθροὺς

2146 4983 2219 5053 μὴ
2246 4981 2421 5052 ἔχειν,
2460 4982 2578 5036 οὑδέ
2604 4983 2701 5043 τὰς
2734 4985 2957 5038 ἐκείνων
2989 4987 3426 5058 ὰποκρουσθῆναι
3463 4987 3718 5057 προαιρέ⁴

2144 5091 2284 5137 σεις·
2314 5075 2411 5146 τὴν
2431 5075 2488 5127 δέ
2518 5076 2681 5128 αὐτοῦ
2716 5076 2892 5148 ψυχὴν
2922 5078 3158 5151 ἄτρομον
3180 5080 3275 5132 καὶ
3314 5079 3602 5150 άπτόητον,
3624 5081 3717 5131 καὶ

2137 5166 2339 5235 ἄφοϐον
2368 5168 2762 5241 διατηρείσθαι,
2786 5172 2953 5234 ὅπως,
2981 5172 3038 5223 ἐν
3068 5170 3175 5235 ags;
3203 5172 3490 5241 γενόμενος
3518 5172 3715 5242 ἀταρα-

2139 5258 2277 5323 ξίας,
2308 5260 2442 5334 λέγῃ
2466 5263 2560 5313 καὶ
2593 5262 2751 5322 αὐτὸς
2782 5264 2983 5331 ὁμοίως
3010 5263 3209 5333 Παύλῳ
3231 5282 3243 5294 ·
3261 5282 3278 5313 ι
3304 5264 3392 5317 Ἐν
3427 5264 3585 5315 παντὶ
3607 5262 3711 5313 θλι-

2136 5352 2357 5423 ϐόμενοι
2382 5395 2395 5415 ,
2424 5354 2537 5407 ἀλλ’
2570 5356 2632 5407 οὐ
2663 5356 3194 5427 στενοχωρούμενοι·
3228 5356 3565 5427 διωκόμενοι,
3601 5356 3705 5408 ἀλλ’

2142 5446 2243 5498 οὐκ
2283 5447 2837 5518 ἐγκαταλειπόμενοι’
2890 5449 3389 5519 καταϐαλλόμενοι,
3455 5447 3568 5503 ἀλλ’
3616 5448 3717 5499 oin.

2138 5536 2342 5589 ἁπολλύ
2351 5555 2520 5608 μενοι.
2538 5557 2554 5587 ι
2579 5539 2762 5605 Λέγων
2780 5540 2833 5592 δέ
2861 5541 3031 5593 ταῦτα
3048 5542 3183 5613 πρὸς
3198 5542 3288 5594 τὸν
3315 5540 3447 5594 Θεὸν
3481 5542 3509 5593 ὁ
3534 5539 3712 5603 Δαυῒδ,

2131 5629 2230 5680 οὐκ
2292 5630 2593 5701 ἠμνημόνει
2657 5631 2765 5683 τῶν
2819 5632 2920 5703 ήδη
2964 5633 3229 5704 πρότερον
3286 5636 3364 5697 εἰς
3416 5632 3579 5686 αὑτὸν
3619 5647 3707 5700 γε·

1748 5784 1793 5817 ⁸⁸
1822 5782 1864 5835 Il
1896 5783 2021 5839 Cor.
2049 5801 2122 5850 tv,
2154 5787 2207 5851 8,
2245 5787 2297 5839 9.
