4100 6524
380 317 483 373 617

285 421 291 425 ’
378 433 620 503 νομένων
642 435 989 506 ευεργεσιῶν.
1029 437 1120 490 Διὸ
1160 439 1497 511 εὐχαριστῶν
1528 447 1620 498 ἐπὶ
1661 452 1769 512 τοῖς
1817 468 1957 521 παρ-

375 526 670 596 ιμχηκόσιν,
702 527 959 595 ἐπιλέγει·
995 549 1012 578 ι
1037 530 1375 597 Ἐσκέπασὰς
1414 553 1478 604 με
1510 538 1615 590 ἀπὸ
1651 543 1958 612 συστροφῆς

376 618 849 687 πονηρευομένων,
874 620 982 671 ἀπὸ
1016 620 1251 692 πλήθους
1283 625 1663 697 ἐργαζομένων
1690 631 1951 685 ἀδικίαν.)

380 705 518 776 Ἤδη
562 706 671 777 γὰρ
710 711 909 779 πεῖραν
935 710 1169 779 εἰληφὼς
1204 712 1314 765 τῶν
1351 715 1673 783 φθασάντων
1707 723 1786 785 εἰς
1821 723 1919 793 ἐμὲ
1940 762 1954 785 ,

374 795 571 850 οὕποτε
603 798 773 869 λήθην
801 800 980 852 αύτῶν
1026 804 1357 873 ποιήσασθαι
1389 807 1653 879 δύναμαι·
1688 814 1868 883 φέρων
1899 815 1954 867 δὲ

373 888 514 940 αὐτὰ
548 888 636 941 διὰ
665 889 865 951 παντὸς
899 892 957 943 ὲν
991 893 1178 964 μνήμῃ
1199 931 1215 955 ,
1261 896 1580 968 εὐχάριστός
1610 904 1783 955 εἰσαεὶ
1823 922 1953 974 τυγ-

372 980 540 1049 χάνω.
576 982 764 1051 Ὅμως
804 982 859 1034 δὲ
900 984 995 1036 καὶ
1044 984 1140 1036 νῦν
1170 987 1271 1055 τῆς
1304 990 1475 1059 αὐτῆς
1505 991 1639 1055 ἁξιῶ
1674 995 1825 1065 παρὰ
1860 998 1953 1050 σοῦ

374 1070 623 1142 βοηθείας
656 1076 858 1143 τυχεῖν.
901 1075 1057 1127 Κατὰ
1084 1075 1138 1127 δὲ
1173 1079 1298 1141 τοὺς
1330 1080 1547 1146 λοιποὺς
1580 1086 1950 1157 ἐρμηνευτὰς,

373 1164 472 1232 μία
505 1165 599 1216 καὶ
626 1168 657 1234 ἡ
691 1166 827 1235 αὑτὴ
858 1167 1199 1234 πεφύλακται
1224 1169 1317 1222 τοῦ
1346 1172 1502 1240 λόγου
1538 1175 1794 1247 ἕγκλησις
1817 1218 1830 1242 ,
1860 1182 1952 1232 καὶ

374 1254 470 1322 μία
514 1255 717 1308 διάνοια
749 1256 857 1307 τῶν
898 1258 1235 1327 εἰρημένων·
1271 1262 1348 1314 διὸ
1382 1262 1626 1318 λέλεκται
1671 1269 1811 1321 κατὰ
1862 1269 1951 1321 τὸν

371 1345 698 1416 Σύμμαχον·
737 1366 753 1397 ι
786 1348 1149 1412 Εἰσάκουσον,
1202 1353 1229 1403 ὁ
1275 1351 1438 1417 Θεὸς,
1482 1356 1583 1425 τῆς
1616 1358 1801 1427 φωνῆς
1848 1377 1949 1429 μου

367 1435 827 1506 προσλαλοῦντος,
862 1438 968 1491 ἀπὸ
1002 1440 1314 1510 ἐκπλήξεως
1353 1446 1547 1517 ἐχθροῦ
1594 1450 1951 1519 περιφράξεις

363 1526 463 1597 τὴν
494 1526 637 1598 ζωήν
666 1546 766 1599 μου
789 1546 801 1558 ·
836 1528 1065 1599 κρύψεις
1100 1549 1165 1601 με
1215 1535 1323 1587 ἀπὸ
1364 1538 1680 1606 συσκέψεων
1712 1543 1947 1613 κακούρ-

360 1636 495 1686 γων,
536 1620 643 1673 ἀπὸ
674 1622 959 1691 κυκήσεως
989 1623 1371 1694 ἐργαζομένων
1402 1622 1635 1683 ἀδικίαν.
1668 1650 1685 1682 ι
1725 1632 1797 1683 Ού
1839 1632 1948 1703 γὰρ

359 1710 437 1775 ὡς
470 1714 595 1784 περὶ
628 1715 1069 1785 παρῳχηκότων,
1107 1717 1221 1769 ἀλλ’
1256 1718 1331 1782 ὡς
1363 1721 1491 1791 περι
1540 1722 1842 1792 μελλόντων
1879 1724 1946 1777 τὰ

357 1802 460 1856 ὅλα
510 1804 761 1874 εἴρηται,
808 1806 901 1858 καὶ
951 1807 1090 1858 κατὰ
1140 1811 1265 1871 τοὺς
1321 1810 1542 1873 λοιποὺς
1602 1813 1945 1883 ἐρμηνευτᾶς
1978 1815 2018 1868 Β

355 1890 579 1961 ὁμοίως.

434 2025 457 2056 σ
482 2007 693 2070 Οἴτινες
721 2008 995 2080 ἠκόνησαν
1027 2012 1101 2075 ὡς
1129 2011 1403 2082 ῥομφαίας
1432 2013 1533 2076 τὰς
1562 2012 1811 2080 γλώσσας
1846 2017 1944 2068 αύ-

352 2096 483 2158 τῶν,
514 2100 783 2154 ἐνέτειναν
810 2104 961 2167 τόξον
1002 2107 1233 2176 πρᾶγμα
1257 2106 1473 2176 πικρὸν,
1499 2106 1591 2158 τοῦ
1616 2107 1942 2172 κατατοξεῦ-

354 2204 445 2240 σαι
481 2190 540 2241 ὲν
572 2191 911 2263 ἀποκρύφοις
946 2196 1193 2265 ἄμωμον.
1236 2197 1495 2261 Ἐξάπινα
1518 2198 1942 2264 κατατοξεύσω-

335 2294 439 2329 -σιν
465 2278 647 2345 αὑτὸν,
667 2282 761 2335 καὶ
786 2284 847 2334 ού
872 2285 1295 2355 φοϐηθήσονται.
1333 2306 1350 2337 ι
1378 2288 1439 2339 Εἰ
1476 2288 1569 2339 καὶ
1599 2288 1805 2358 προῆγε
1829 2294 1941 2352 τοῖς

350 2368 565 2438 χρόνοις
594 2372 674 2433 είς
695 2372 793 2441 τὴν
830 2375 1097 2444 σωτήριον
1124 2377 1416 2448 ἐπιδημίαν
1440 2380 1467 2430 ὁ
1495 2378 1677 2441 Δαυῒδ,
1702 2378 1815 2430 ἀλλ’
1838 2381 1939 2433 οὐκ

349 2461 533 2529 ἠγνόει
560 2462 626 2515 τὰ
654 2464 981 2532 εύαγγελικὰ
1013 2468 1311 2538 μαθήματα
1355 2468 1483 2539 θείῳ
1520 2469 1799 2540 ΙΙνεύματι
1844 2489 1939 2540 με·

352 2554 791 2632 μᾳθητευμένος·
822 2560 936 2629 ᾔδει
973 2560 1029 2612 δὲ
1070 2556 1129 2613 εὖ
1182 2561 1325 2631 μάλα
1351 2561 1412 2613 τὸ
1446 2563 1714 2633 σωτήριον
1756 2562 1935 2632 λόγιον

346 2628 608 2716 τὸφῆσαν
627 2664 638 2675 ·
672 2667 693 2699 ‹
719 2649 808 2719 Μὴ
832 2628 1102 2721 φοϐηθῆτε
1131 2628 1239 2705 ἀπὸ
1270 2652 1379 2703 τῶν
1415 2628 1844 2708 ἀποκτεινόντων
1873 2658 1935 2709 τὸ

349 2736 531 2806 σῶμα,
560 2738 657 2809 τὴν
685 2739 741 2792 δὲ
774 2738 949 2811 ψυχὴν
983 2741 1055 2812 μὴ
1084 2742 1400 2813 δυναμένων
1428 2744 1785 2797 ἀποκτεῖναι·
1805 2764 1822 2796 ι
1852 2747 1933 2799 διδ

345 2828 449 2879 οὐκ
478 2829 685 2897 ἠγωνία
720 2831 1117 2901 στρατιωτικῆς
1164 2833 1522 2903 παρατάξεως
1551 2834 1780 2904 πληθὺν,
1816 2837 1935 2890 οὐδὲ

346 2920 474 2982 τοὺς
500 2922 851 2991 παντευχίαις
877 2923 971 2975 καὶ
997 2923 1184 2993 δόρασι
1221 2926 1736 2995 παραταττομένους
1760 2944 1771 2954 ·
1798 2927 1934 2981 ἀλλὰ

340 3011 679 3083 τούτωνμὲν
708 3015 1062 3084 κατεφρόνει,
1095 3015 1168 3077 ὡς
1209 3014 1273 3067 ἂν
1302 3015 1395 3068 τὸν
1437 3016 1689 3071 τοσοῦτον
1741 3018 1932 3072 Γολιὰδ

342 3105 557 3174 ἀκμητὶ
588 3106 681 3158 καὶ
709 3106 961 3176 ἀνιδρωτὶ
987 3106 1310 3160 καταδαλών
1332 3123 1346 3136 ·
1380 3107 1620 3171 ἐκείνους
1644 3108 1700 3162 δὲ
1720 3110 1929 3180 ὴγωνία

338 3195 436 3259 οὓς
465 3196 707 3267 ᾐνίττετο
736 3196 824 3248 διὰ
858 3197 966 3249 τῶν
1000 3198 1377 3268 προκειμένων
1413 3197 1620 3266 λέγων·
1664 3218 1681 3249 ι
1716 3199 1926 3263 Οἴτινες

335 3287 615 3358 ἠκόνησαν
640 3289 715 3351 ὡς
741 3289 1014 3359 ῥομφαίαν
1034 3290 1132 3352 τὰς
1156 3287 1406 3357 γλώσσας
1431 3290 1631 3353 αὐτῶν,
1657 3290 1924 3345 ἐνέτειναν

336 3378 492 3445 τόξον
542 3382 772 3450 πρᾶγμα
824 3380 1040 3450 πικρόν.
1092 3399 1110 3431 ι
1172 3382 1335 3453 Ὁρᾷς
1378 3382 1571 3434 ὁποίαν
1630 3381 1923 3452 διαγράφει

338 3469 645 3522 πανοπλίαν
682 3470 925 3540 ὲχθρῶν;
962 3471 1069 3523 Καὶ
1116 3473 1172 3523 ὲν
1204 3474 1317 3534 τοῖς
1363 3471 1671 3542 ἔμπροσθεν
1716 3472 1771 3524 δὲ
1813 3474 1928 3525 ἑλέ-

335 3577 497 3629 γετο·
546 3583 562 3614 ι
603 3564 722 3615 Υἱοὶ
761 3561 1092 3632 ἀνθρώπιον,
1154 3565 1203 3615 oi
1259 3564 1470 3626 ὀδόντες
1527 3564 1707 3617 αὐτῶν
1761 3564 1923 3619 ὅπλον

336 3655 431 3705 καὶ
482 3654 631 3724 βέλη,
691 3655 783 3706 καὶ
832 3658 863 3724 ἡ
917 3654 1138 3722 γλῶσσα
1190 3654 1368 3709 αὐτῶν
1414 3655 1661 3725 μάχαιρα
1698 3654 1865 3718 ὀξεῖα.
1899 3675 1917 3707 ι

332 3744 523 3796 Ταῦτα
555 3744 611 3796 δὲ
645 3746 1059 3815 ἀναγέγραπται
1096 3746 1142 3796 εί
1154 3745 1357 3816 ρηκὼς,
1394 3764 1414 3795 ι
1444 3746 1606 3797 ὁπότε
1632 3746 1924 3816 ἀπεδίδρα-

336 3852 464 3888 σκεν
506 3837 614 3889 ἀπὸ
659 3838 952 3907 προσώπου
988 3836 1160 3889 Σαοὺλ
1202 3837 1281 3899 εἰς
1313 3836 1372 3888 τὸ
1416 3836 1698 3906 σπήλαιον.
1738 3856 1755 3887 ι
1792 3837 1924 3889 Ἀπὸ

330 3926 445 3978 τῶν
487 3928 688 3996 ὁμοίιον
748 3927 1034 3998 τοιγαροῦν
1080 3926 1251 3993 λόγων
1302 3927 1606 3995 φαίνεταιὸ
1644 3927 1806 3990 αὐτὸς
1848 3927 1923 3981 ὢν

332 4020 543 4089 χρόνος,
570 4019 692 4071 καθ’
729 4020 787 4073 ὃν
819 4021 913 4072 καὶ
937 4019 1004 4071 τὰ
1033 4018 1170 4089 μετὰ
1198 4023 1386 4089 χεῖρας
1413 4020 1539 4089 περὶ
1575 4019 1753 4071 αὐτῶν
1783 4020 1924 4072 ὲκεί-

331 4129 437 4163 νων
458 4112 552 4164 καὶ
573 4111 678 4166 τῶν
702 4113 931 4173 ἐκείνοις
956 4112 1351 4183 παραπλησίων
1373 4111 1613 4167 λέλεκτο.
1646 4112 1806 4165 Ἀλλὰ
1830 4114 1922 4165 καὶ

336 4221 353 4253 ε
390 4203 478 4254 ὅτε
496 4203 782 4255 ἀπέστειλε
824 4203 1016 4265 Σαοὺλ,
1058 4204 1152 4255 καὶ⁸
1181 4203 1413 4271 ἐφύλαξε
1446 4202 1537 4255 τὸν
1572 4198 1721 4256 οἷκον
1757 4204 1920 4257 αὑτοῦ

326 4293 423 4345 τοῦ
476 4293 784 4347 θανατῶσαι
829 4294 1015 4357 αὐτὸν,
1049 4314 1066 4345 ι
1108 4296 1235 4365 περὶ
1267 4295 1378 4348 τῶν
1418 4295 1596 4349 αὐτῶν
1638 4295 1798 4347 πάλιν
1822 4296 1921 4359 τὰς

325 4385 520 4455 ὁμοίας
556 4387 705 4455 ἠφίει
757 4385 939 4455 φωνὰς
984 4386 1192 4453 λέγων·
1236 4405 1255 4437 ε
1318 4387 1448 4440 Ἰδοὺ
1486 4386 1915 4455 ἀποφθέγξονται

1586 333 1777 390 COMM
1788 336 2088 393 ΕΝΤΛΠΙΛ
2129 342 2196 394 ΙΝ
2238 344 2574 403 PSALMOS.

3535 372 3639 423 613

1988 461 2030 516 Α
2063 458 2241 511 texisti
2297 476 2380 514 me
2437 477 2467 515 a
2511 476 2784 520 conventu
2825 473 3263 542 matiguantium,
3319 494 3346 529 a
3396 484 3643 538 multitu-

1956 3150 1998 3206 C

2062 548 2189 602 dine
2219 553 2561 618 operantium
2594 557 2994 628 iniquitatem.»
3029 564 3162 619 Cum
3190 567 3302 635 jam
3325 572 3469 626 enim
3501 590 3639 643 prte-

2062 643 2350 696 teritorum
2413 650 2850 717 experimentum
2910 659 3181 725 ceperim,
3238 678 3515 735 nunquam
3572 686 3638 725 ea

2060 736 2310 791 oblivisci
2360 743 2598 808 possim;
2654 751 2750 799 sed
2811 762 3027 817 semper
3085 756 3347 809 memoria
3418 765 3633 822 tenens.

2058 836 2214 894 grato
2259 844 2476 899 semper
2514 834 2697 888 animo
2734 852 2876 890 sum.
2937 838 3043 893 Sed
3096 849 3277 898 tamen
3329 846 3440 915 jam
3489 849 3634 905 idem

2058 919 2157 972 abs
2208 928 2261 975 te
2309 923 2573 1005 auxilium
2606 929 2844 995 postulo.
2902 930 3215 989 Secundum
3248 938 3493 1008 reliquos
3534 956 3634 995 au-

2060 1015 2167 1064 tem
2210 1012 2538 1082 interpretes
2571 1031 2679 1069 una
2708 1019 3009 1089 eademque
3064 1037 3314 1081 servatur
3343 1031 3497 1084 verbi
3541 1049 3639 1087 ex-

2056 1105 2374 1171 postulatio,
2413 1123 2629 1179 unaque
2666 1114 2941 1170 sermonis
2976 1120 3282 1175 sententia:
3331 1138 3457 1177 nam
3491 1128 3637 1195 apud

2058 1192 2447 1263 Symmachum
2478 1199 2683 1253 dicitur
2710 1221 2721 1255 :
2754 1221 2771 1252 1
2798 1202 3033 1268 Exaudi,
3071 1206 3235 1275 Deus,
3284 1229 3473 1270 vocem
3526 1192 3636 1273 mei

2056 1285 2388 1350 invocantis.
2448 1305 2479 1343 a
2516 1300 2725 1347 terrore
2760 1294 2967 1350 inimici
3000 1299 3434 1362 circnmmunies
3466 1308 3634 1364 vitam

2054 1393 2267 1433 meam:
2312 1382 2622 1439 abscondes
2657 1401 2744 1440 mc
2769 1401 2798 1439 a
2834 1390 3211 1449 moliminibus
3240 1398 3630 1468 malignorum.

2052 1472 2513 1539 aperturbatione
2533 1478 2876 1545 operantium
2903 1480 3269 1551 iniquitatem.
3296 1508 3312 1540 ι
3345 1488 3463 1544 Non
3484 1493 3629 1547 enim

2050 1563 2209 1631 quasi
2257 1563 2323 1619 de
2376 1568 2687 1634 prteteritis,
2724 1569 2819 1624 sed
2871 1574 3027 1641 quasi
3077 1576 3143 1631 de
3190 1577 3411 1647 futuris,
3446 1586 3630 1638 omnia

2051 1652 2196 1707 dicta
2228 1666 2379 1721 sunt,
2432 1673 2495 1712 ac
2542 1660 2799 1715 similiter
2846 1665 3147 1743 secundum
3181 1670 3423 1741 reliquos
3457 1675 3629 1730 inter-

2051 1753 2250 1814 pretes.

2115 2001 2284 2059 Vsus.
2323 2005 2442 2061 4-7.
2487 2009 2995 2074 rQuicxacuerunt
3045 2024 3102 2070 ut
3145 2018 3385 2088 gladium
3411 2022 3627 2091 linguas

2045 2111 2197 2156 suas,
2231 2097 2585 2155 intenderunt
2631 2118 2842 2169 arcum,
2878 2123 2987 2160 rem
3043 2126 3317 2178 amaram;
3366 2122 3423 2167 ut
3457 2116 3627 2185 sagit-

2045 2193 2160 2241 tent
2190 2187 2246 2240 in
2296 2190 2529 2244 occultis
2575 2192 3010 2251 immaculatum.
3053 2198 3249 2255 Subito
3283 2206 3627 2273 sagittabunt

2043 2292 2190 2342 eum,
2215 2286 2270 2332 ct
2317 2295 2429 2334 non
2463 2280 2786 2338 timebunt.)
2843 2286 3071 2342 Etiamsi
3121 2284 3291 2345 David
3327 2295 3625 2349 salutarem

2042 2367 2334 2423 adventum
2365 2381 2613 2441 tempore
2648 2376 3009 2443 prteritrterit,
3057 2380 3403 2450 evangelicas
3444 2392 3623 2438 tamen

2040 2459 2386 2530 disciplinas,
2416 2464 2680 2533 magistro
2727 2463 2932 2534 Spiritu
2986 2467 3194 2535 divino,
3230 2486 3340 2526 non
3406 2474 3626 2543 ignora—

2038 2551 2165 2617 hat;
2192 2552 2287 2617 sed
2318 2555 2562 2609 salutare
2606 2555 2742 2609 illud
2800 2557 3079 2627 eloquium
3114 2563 3284 2630 probe
3352 2574 3617 2621 noverat:

2046 2660 2063 2691 ι
2093 2640 2272 2697 Nolite
2305 2645 2497 2701 timere
2540 2647 2610 2702 ab
2662 2650 2730 2704 i-is
2780 2652 2872 2720 qui
2929 2653 3187 2707 occidunt
3243 2669 3468 2723 corpus,
3502 2658 3623 2710 ani-

2036 2748 2181 2786 mam
2215 2743 2397 2790 autem
2443 2753 2551 2792 non
2584 2749 2815 2808 possunt
2850 2738 3193 2797 occidere”:
3250 2764 3267 2795 ι
3316 2761 3486 2813 quare
3523 2747 3623 2800 mi-

2039 2821 2213 2879 litaris
2261 2825 2397 2878 aciei
2434 2829 2865 2893 multitudinem,
2916 2846 2976 2885 ac
3013 2834 3162 2886 omni
3196 2850 3394 2903 genere
3437 2851 3623 2891 armo-

2037 2928 2157 2967 rum
2200 2915 2486 2987 hastisque
2515 2920 2818 2976 instructos
2852 2923 3105 2978 homines
3139 2940 3246 2978 non
3293 2924 3620 2981 reformida-

2036 3004 2162 3072 bat;
2192 3007 2286 3061 sed
2338 3008 2462 3064 i‘llos
2500 3011 2744 3080 quidem,
2797 3021 2986 3082 utpote
3033 3016 3125 3084 qui
3162 3017 3281 3070 sine
3325 3017 3528 3072 sudore
3561 3028 3617 3073 et

2037 3098 2221 3154 labore
2265 3101 2559 3156 immanem
2621 3103 2772 3158 illum
2820 3105 3037 3158 Goliath
3073 3110 3484 3175 prostravissct,
3521 3112 3617 3166 dc-

2032 3190 2332 3259 spiciebat;
2389 3208 2485 3247 eos
2534 3205 2715 3247 autem
2779 3197 3219 3265 pertimescebat,
3270 3216 3408 3269 quos
3462 3201 3614 3259 hisce

2029 3282 2212 3337 verbis
2247 3292 2407 3336 antea
2464 3286 2834 3339 subindicavit
2888 3306 2900 3340 :
2941 3306 2958 3337 ι
3006 3287 3109 3354 Qui
3159 3303 3495 3347 exacucrunt
3554 3304 3612 3348 ut

2029 3374 2266 3443 gladium
2296 3374 2510 3446 linguas
2538 3393 2688 3440 suas,
2716 3378 3069 3434 intenderunt
3091 3396 3301 3448 arcum,
3333 3398 3448 3439 rem
3468 3400 3613 3439 ama-

2029 3481 2166 3520 ram.
2185 3487 2201 3517 ι
2222 3465 2416 3521 Vidcn'
2432 3484 2551 3537 qua:
2570 3470 2844 3525 describat
2863 3472 3211 3545 inimicorum
3229 3479 3417 3530 arma?
3432 3476 3611 3548 Supra

2026 3573 2155 3611 vero
2170 3558 2451 3613 dicebatur
2472 3579 2513 3615 ,ι
2538 3560 2657 3616 Filii
2675 3562 2952 3617 hominum
2971 3566 3161 3621 dentes
3178 3582 3366 3621 eorum
3386 3584 3536 3622 arma
3558 3578 3613 3625 et

2027 3651 2258 3717 sagittw,
2290 3659 2345 3705 et
2381 3652 2564 3721 lingua
2617 3632 2806 3707 eorum
2853 3656 3067 3725 gladius
3104 3667 3297 3713 acutus
3332 3660 3369 3710 ¹.
3405 3677 3423 3711 ι
3485 3659 3610 3713 Haec

2026 3748 2209 3795 autem
2237 3741 2445 3797 dixisse
2476 3745 2760 3807 scribitur,
2808 3765 2824 3795 ι
2857 3762 2981 3800 cum
3020 3748 3227 3818 fugeret
3250 3765 3279 3802 a
3311 3748 3450 3805 facie
3478 3753 3609 3805 Sau-

2025 3832 2094 3887 lis
2120 3833 2174 3886 in
2207 3834 2527 3903 speluncam
2564 3837 2603 3890 ’.
2649 3856 2665 3887 r
2698 3837 2739 3889 Α
2774 3838 3067 3891 verborum
3094 3854 3224 3894 sane
3248 3840 3608 3897 similitudine

2025 3924 2282 3978 videntur
2304 3926 2395 3977 illa
2419 3927 2609 3980 eodem
2643 3935 2885 3996 tempore
2914 3929 3119 3999 scripta
3146 3946 3289 3995 esse,
3327 3947 3435 4000 quo
3469 3932 3606 3996 haec,

2024 4030 2145 4084 qua:
2168 4015 2278 4084 jam
2302 4026 2624 4080 tractamus,
2663 4017 2729 4072 de
2761 4019 2827 4071 iis
2866 4028 2919 4073 et
2951 4019 3226 4075 similibus
3251 4021 3395 4075 dicta
3431 4021 3604 4077 fuere.

2026 4105 2131 4160 Sed
2177 4108 2341 4161 etiam
2383 4128 2400 4159 ‹
2443 4110 2663 4178 quando
2708 4110 2859 4165 misit
2909 4112 3061 4177 Saul,
3096 4118 3148 4166 et
3183 4112 3480 4170 custodivit
3508 4112 3608 4166 do-

2024 4214 2173 4251 mum
2200 4199 2341 4267 ejus,
2371 4209 2427 4252 ut
2458 4216 2581 4254 eum
2602 4202 2933 4256 interficeret
2951 4202 2992 4267 ³,
3028 4222 3044 4254 ι
3076 4203 3142 4257 de
3175 4204 3369 4258 iisdem
3407 4206 3603 4258 iterum

2023 4291 2229 4347 similes
2259 4292 2568 4360 proferebat
2602 4309 2765 4349 voces
2811 4295 2996 4349 dicens
3035 4310 3047 4345 :
3085 4313 3102 4344 ι
3143 4294 3282 4351 Ecce
3312 4297 3603 4365 loquentur

2022 4382 2075 4435 in
2108 4398 2203 4438 ore
2226 4400 2347 4447 suo,
2381 4394 2434 4438 et
2457 4386 2669 4454 gladius
2698 4386 2751 4439 in
2776 4387 2965 4440 oribus
2996 4402 3186 4441 eorum
3218 4388 3260 4441 ⁸.
3301 4408 3319 4439 ι
3351 4387 3455 4442 Sed
3488 4388 3600 4442 haec

325 4477 385 4529 ὲν
425 4478 504 4547 τῷ
558 4478 787 4548 στόματι
835 4479 1035 4540 αὐτῶν,
1093 4480 1189 4532 καὶ⁹
1236 4478 1479 4551 ῥομφαία
1521 4481 1579 4531 ὲν
1628 4481 1741 4542 τοῖς
1796 4480 1915 4531 στό-

2033 4476 2239 4547 Ῑιιίἀεῐη
2275 4476 2379 4543 ibi;
2420 4478 2474 4530 in
2505 4478 2589 4530 his
2618 4494 2743 4530 vero
2776 4477 2843 4533 de
2865 4474 3065 4548 quibus
3094 4494 3239 4532 nunc
3260 4496 3461 4541 sermo,
3494 4481 3599 4532 ini-

328 4583 495 4640 μασιν
550 4569 748 4622 αὐτῶν.
804 4589 821 4621 ι
886 4570 1020 4622 Ἀλλ’
1080 4572 1135 4622 ὲν
1188 4569 1415 4633 ἐκείνοις
1454 4570 1551 4640 μὲν
1593 4570 1743 4623 ταῦτ’
1800 4571 1913 4623 ἐλέ-

321 4672 482 4728 γετο·
542 4661 602 4712 ὲν
650 4660 706 4713 δὲ
760 4664 870 4723 τοῖς
901 4660 1037 4731 μετὰ
1066 4664 1253 4731 χεῖρας
1296 4661 1421 4723 τοὺς
1456 4661 1683 4733 ἐχθροὺς
1722 4660 1907 4725 αὐτοῦ,

320 4742 401 4802 ὧν
421 4750 535 4807 ἀπὸ
563 4750 727 4819 φόϐου
764 4750 1026 4823 ῥυσθῆναι
1051 4751 1268 4822 ηὔχετο,
1296 4751 1622 4822 ἡκονηκέναι
1651 4754 1784 4824 φησὶ
1811 4754 1909 4816 τὰς

320 4841 575 4910 γλώσσας
603 4842 786 4896 αὐτῶν
800 4843 953 4913 δίκην
983 4845 1285 4915 ῥομφαίας·
1316 4842 1509 4917 ῆκατὰ
1528 4846 1655 4908 τοὺς
1688 4845 1906 4909 λοιποὺς

319 4932 681 5003 ἐρμηνεντὰς,
722 4952 740 4984 ‹
780 4932 855 4996 ὡς
914 4934 1185 5004 μάχαιραν
1209 4951 1221 4963 ·
1266 4954 1285 4985 ι
1323 4934 1458 4988 ἀλλὰ
1507 4937 1601 4987 καὶ
1636 4936 1905 4988 ἐνέτειναν

316 5026 555 5091 τὸτόξον
605 5026 805 5091 αὐτῶν,
844 5027 984 5080 κατὰ
1009 5028 1105 5097 μὲν
1140 5030 1264 5091 τοὺς
1299 5028 1700 5099 Ἐὅδομήκοντα
1732 5030 1905 5099 ἑρμην

290 5120 559 5181 νευτὰ-ςμ
594 5122 651 5172 ὲν
668 5121 952 5189 πράγματι
978 5120 1177 5192 πικρῷ·
1210 5121 1338 5174 ιδιὰ
1363 5120 1472 5189 γὰρ
1506 5120 1700 5189 πικροῦ
1755 5121 1897 5191 πρόι-

312 5230 528 5282 γματος
564 5213 942 5278 κατατοξεύειν
970 5215 1267 5285 ἐπειρῶντο
1292 5216 1382 5268 τὸν
1406 5216 1611 5268 δίκαιον
1635 5230 1647 5242 ·
1682 5213 1819 5265 κατὰ
1845 5213 1899 5265 δὲ

310 5305 402 5356 τὸν
435 5303 748 5373 Σύμμαχον,
798 5325 815 5355 ι
867 5305 1243 5376 Ἐπλήρωσαν,
1279 5308 1433 5377 φησι,
1457 5305 1516 5357 τὸ
1548 5304 1697 5369 τόξον
1725 5303 1902 5356 αὐτῶν

310 5394 458 5463 λόγῳ
517 5395 720 5464 πικρῷ.
772 5416 788 5446 ι
828 5392 1007 5449 Ἦσαν
1063 5398 1169 5470 γὰρ
1219 5399 1434 5469 ἀληθῶς
1484 5401 1689 5469 πικροὶ,
1747 5398 1901 5450 οὐδὲν

304 5485 481 5553 γλυκὺ
516 5486 880 5555 περιέχοντες,
912 5490 959 5539 οἱ
1003 5489 1093 5541 τὸν
1145 5489 1306 5542 Δανῒδ
1348 5488 1723 5551 διαϐάλλοντες
1765 5489 1901 5559 πρὸς

300 5576 395 5627 τὸν
455 5576 662 5635 Σαούλ·
701 5571 809 5640 οἷος
864 5570 930 5648 ἦν
960 5580 987 5630 ὁ
1025 5579 1203 5649 Δωηκ,
1241 5580 1332 5632 καὶ
1374 5581 1421 5631 oi
1466 5580 1693 5649 Ζιφαῖοι,
1724 5578 1815 5631 καὶ
1848 5580 1896 5632 οἱ

374 5734 421 5766 9³
453 5731 644 5787 Matth.
686 5749 740 5795 κ,
774 5732 865 5788 28.
946 5736 961 5766 ¹
1004 5733 1147 5789 Psal.
1176 5750 1283 5794 Lvt.
1307 5736 1361 5789 5.
1441 5736 1461 5766 ’
1489 5734 1624 5791 ibid.
1663 5736 1713 5791 1.

626 5826 898 5887 ΡΑΤιιοι..
946 5826 1063 5887 Gn.
1115 5829 1349 5889 XXIII.

1792 5737 1811 5767 ³
1841 5734 1987 5790 Psai.
2023 5749 2180 5794 tvm.
2220 5736 2270 5791 l.

2023 4568 2194 4621 micos
2226 4583 2378 4631 suos,
2416 4586 2446 4622 a
2476 4586 2708 4639 quorum
2742 4578 2887 4624 metu
2918 4571 3054 4639 eripi
3084 4571 3434 4640 precabatur,
3465 4587 3597 4625 exa-

2020 4659 2203 4713 cuisse
2235 4660 2310 4712 ait
2335 4670 2393 4713 ut
2419 4661 2657 4729 gladium
2710 4660 2926 4731 linguas
2961 4675 3111 4724 suas,
3148 4665 3263 4715 sive
3296 4661 3597 4719 secundum

2016 4751 2255 4821 reliquos
2290 4752 2638 4822 interpretes,
2671 4771 2688 4801 ‹
2726 4754 2868 4807 sicut
2923 4753 3283 4821 machazram;
3318 4774 3337 4806 r
3372 4755 3480 4808 imo
3514 4755 3599 4808 in—

2015 4845 2308 4900 tenderunt
2343 4836 2732 4909 arcum‘suum,
2761 4848 3061 4901 secnndum
3084 4847 3223 4902 LXX
3244 4847 3595 4918 lnterpretes,

2014 4936 2070 4989 in
2097 4951 2154 4990 re
2180 4951 2366 4989 amara
2396 4957 2407 4990 :
2438 4948 2533 5007 per
2571 4952 2684 4991 rem
2718 4939 2921 5008 quippe
2972 4954 3212 4993 amaram
3240 4940 3448 5008 justum
3509 4956 3595 4993 sa-

2014 5028 2165 5098 gittis
2236 5028 2533 5084 confodere
2594 5030 2913 5096 tentabant;
2977 5032 3278 5085 secundum
3341 5030 3595 5102 Symma-

2008 5118 2169 5173 chum
2204 5127 2407 5182 autem,
2444 5141 2461 5172 ‹
2493 5122 2877 5191 impleverunt,
2917 5121 3093 5189 inquit
3123 5163 3137 5183 ,
3177 5136 3373 5175 arcum
3425 5136 3587 5174 suum

2008 5210 2173 5264 verbo
2195 5225 2402 5266 amaro.
2445 5232 2463 5262 ι
2495 5212 2627 5266 Nam
2660 5214 2750 5283 qui
2790 5212 3043 5267 Davidem
3067 5212 3207 5282 apud
3242 5211 3467 5266 Saulem
3490 5215 3570 5265 cri

2011 5304 2381 5372 minabantur,
2432 5321 2556 5359 vere
2608 5307 2775 5358 amari
2830 5314 3008 5367 erant,
3064 5304 3353 5360 dulcedine
3410 5302 3587 5356 allecti

2012 5394 2160 5449 nulla
2191 5413 2201 5447 :
2230 5394 2406 5463 qualis
2434 5404 2551 5449 erat
2582 5392 2744 5459 Doec,
2779 5397 2970 5466 quales
3010 5394 3216 5465 Ziphzei
3266 5402 3318 5447 et
3338 5394 3407 5446 iis
3434 5391 3588 5446 simi-

2009 5488 2105 5542 les.
2144 5486 2285 5553 Quin
2311 5496 2365 5542 et
2387 5489 2565 5557 quivis
2588 5504 2767 5544 sermo
2801 5489 3024 5557 inimus,
3060 5502 3307 5551 amarus;
3344 5491 3475 5538 utet
3503 5483 3589 5535 die

2008 5581 2188 5644 vinus,
2223 5579 2398 5634 dulcis
2427 5587 2480 5635 et
2507 5581 2694 5635 suavis
2744 5579 2926 5634 fuerit.
2961 5582 3143 5644 Quare
3199 5576 3404 5629 dictant
3458 5582 3580 5629 est:

2349 5736 2366 5767 ⁸
2397 5736 2526 5801 ibid,
2562 5737 2613 5791 8.

3105 5826 3183 5886 9.0
