4100 6540
518 336 623 392 619

1224 339 1495 397 EUSEBII
1534 341 2069 401 οΕδΑιιιιῐΝδιδιι

2175 349 2207 401 ⁵.
2244 346 2425 405 PARS
2464 349 2551 406 Ill.
2596 348 2663 391 4—
2700 350 3110 411 EXEGETICA.

3681 362 3784 420 620

522 455 797 514 «Gustata
812 467 875 515 et~°
894 459 1369 532 vi’dctc,quoniam
1395 463 1579 522 suavis
1599 476 1682 521 est
1713 466 1973 523 Dominus
2003 468 2042 523 ³.

2200 471 2408 535 τούτοις
2434 473 2845 546 παραπλήσιοι.
2868 476 3027 529 Ἀλλὰ
3056 478 3148 531 ¹οιαὶ
3185 480 3290 543 πᾶς
3316 478 3474 545 ἄθεος
3506 480 3664 551 λόγος
3696 501 3785 536 πι-

518 547 657 604 Szevi
681 566 845 620 porro
891 567 1054 608 arcus
1085 560 1137 607 et
1193 569 1321 609 vere
1383 557 1530 611 acuti
1578 558 1743 629 gladii
1799 557 2092 630 impiorum

516 640 1012 707 heterodoxorum,
1075 644 1169 713 qui
1233 645 1563 716 simplicium
1625 650 1837 706 animas
1881 652 2094 723 sagittis

518 732 805 803 impetunl,
839 735 1143 805 gladiisque
1170 737 1286 793 suis
1314 754 1408 794 eas
1454 739 1753 797 trucidant.
1780 742 2093 815 ‘Sapientes

514 827 942 897 quoque‘hujus
983 831 1189 895 saeculi,
1234 830 1433 887 fucatis
1486 842 1538 889 et
1597 836 1914 906 sophisticis
1960 854 2095 894 ver-

514 918 597 972 bis
662 924 895 983 utentes,
969 920 1169 975 multas
1240 922 1451 979 animas
1517 927 1880 982 sustulerunt.
1941 926 2092 998 Opus

518 1023 640 1080 ergo
679 1009 838 1065 nobis
880 1009 1121 1066 'ferventi
1176 1012 1447 1078 oratione,
1487 1022 1540 1067 ut
1586 1017 1664 1070 ab
1712 1017 1782 1072 iis
1835 1019 2091 1075 omnibus

508 1100 824 1171 eripiamur.
862 1101 902 1156 li
942 1118 1087 1157 δινεῖ-ο
1132 1104 1185 1157 in
1235 1105 1428 1175 primis
1458 1110 1550 1178 qui
1604 1123 1769 1179 supra
1806 1111 2089 1165 memorati

507 1206 659 1259 sunt,
691 1195 992 1264 simplicem
1028 1206 1081 1251 et
1129 1196 1319 1251 rudem
1355 1199 1629 1254 hominem
1663 1201 1876 1270 sagittis
1913 1202 2089 1256 conﬁ-

505 1300 630 1340 cere
688 1293 972 1356 satagunt;
1005 1302 1175 1357 quare
1223 1286 1431 1341 dictum
1479 1298 1563 1344 est
1616 1307 1630 1322 -
1683 1310 1700 1342 ι
1735 1289 2089 1346 lntenderunt

506 1392 715 1442 arcum,
747 1392 861 1431 rem
897 1393 1160 1443 amaram,
1200 1386 1259 1433 ut
1293 1380 1565 1447 sagittent
1598 1382 1651 1435 in
1705 1383 1940 1439 occultis
1984 1384 2086 1437 im—

504 1472 856 1526 maculatum.
889 1491 907 1524 ›
954 1471 1293 1542 lnculpatnm
1331 1473 1419 1527 hic
1456 1474 1869 1529 immaculatum
1900 1487 2082 1542 vocat,

502 1562 589 1617 his
622 1562 872 1618 indicans
927 1564 1343 1635 sycophantiam
1393 1573 1585 1620 contra
1643 1581 1759 1630 eos,
1820 1568 1912 1637 qui
1948 1569 2084 1624 nihil

502 1654 717 1723 injuria:
748 1654 1082 1720 intulissent,
1123 1664 1391 1727 paratam.
1417 1655 1523 1710 Pro
1559 1656 1652 1710 illo
1684 1666 1945 1722 autem,~-¢
1980 1659 2084 1712 im-

502 1746 856 1813 maculatum,
892 1764 911 1800 )
940 1745 1157 1815 Aquila,
1197 1764 1214 1797 ι
1254 1747 1583 1817 simplicem,
1623 1764 1641 1797 ι
1683 1748 2079 1818 interpretatus

2204 562 2335 634 κρὺς
2363 563 2428 617 ἂν
2452 563 2557 635 εἴη,
2595 561 2782 637 ὥσπερ
2809 567 2837 619 ό
2870 565 3307 639 θεῖος,νχρηστδς
3335 571 3428 623 καὶ
3444 571 3668 639 γλυκύς.
3692 574 3783 625 Διὸ

2202 652 2447 724 εἴρηται·
2492 673 2509 704 ι
2560 653 2857 721 Γεύσασθε,
2898 659 2999 711 καὶ
3035 658 3191 723 ἴδετε,
3222 661 3304 713 ὅτι
3333 663 3571 734 χρηστὸς
3595 668 3623 717 ὁ
3665 665 3781 719 Κύ-

2205 763 2335 816 ριος.
2375 764 2391 797 ι
2419 746 2576 799 Δεινὰ
2600 747 2655 800 δὲ
2685 747 2812 812 τόξα
2842 750 2932 802 καὶ
2963 749 3227 823 μάχαιραι
3258 753 3333 817 ὡς
3367 754 3583 825 ἀληθῶς
3609 757 3778 821 ὀξεῖαι

2200 840 2254 891 αἱ
2289 839 2396 891 τῶν
2424 838 2598 893 ἀθέων
2638 840 2980 911 ἑτεροδόξων,
3011 843 3120 896 τῶν
3148 844 3251 908 τὰς
3284 845 3576 917 ἀκεραίους
3602 848 3782 920 ψυχάς

2200 932 2683 999 κατατοξευόντων,
2730 936 2823 988 καὶ
2878 939 2999 1000 ταῖς
3075 938 3282 992 ἑαυτῶν
3341 943 3636 1012 ῥομφαίαις
3679 961 3777 996 κατ

2197 1025 2609 1094 τασφαττόντων
2661 1026 2851 1091 αὑτάς.
2904 1029 3016 1081 Καὶ
3070 1030 3120 1083 οἱ
3167 1033 3319 1101 σοφοὶ
3358 1033 3413 1086 δὲ
3462 1034 3553 1087 τοῦ
3581 1034 3777 1100 αἰῶνος

2196 1117 2406 1183 τούτου,
2429 1119 2527 1172 τὸν
2543 1119 2820 1191 ἀπατηλὸν
2869 1121 2962 1174 καὶ
2997 1123 3385 1195 σεσοφισμένον
3441 1124 3596 1195 λόγον
3637 1143 3775 1198 προ-

2196 1210 2535 1281 ϐαλλόμενοι,
2592 1211 2791 1277 πολλὰς
2826 1213 3034 1267 ἀνεῖλον
3070 1214 3268 1286 ψυχάς.
3305 1216 3485 1287 Εύχῆς
3524 1215 3617 1271 οὖν
3644 1220 3777 1290 ἡμῖν

2194 1301 2274 1354 δεῖ
2310 1302 2729 1375 συντεταμένης,
2760 1307 2894 1377 πρὸς
2913 1307 2975 1359 τὸ
2997 1307 3258 1378 ῥυσθῆναι
3272 1307 3475 1363 τούτων
3495 1310 3770 1367 ἁπάντων.

2195 1393 2442 1446 Μάλιστα
2483 1394 2539 1447 δὲ
2582 1398 2629 1448 οἱ
2665 1396 3049 1467 προλεχθέντες
3096 1400 3187 1452 τὸν
3237 1400 3441 1454 ἁπλοῦν
3471 1403 3565 1455 καὶ
3598 1404 3772 1476 ἀφελῆ

2193 1483 2571 1550 κατατοξεύειν
2624 1488 2955 1558 πειρῶνται·
2982 1490 3061 1543 διὸ
3096 1490 3374 1545 λέλεκται·
3414 1512 3432 1544 ι
3478 1494 3773 1549 Ἐνέτειναν

2190 1573 2363 1640 τόξον,
2400 1578 2631 1647 πρᾶγμα
2662 1578 2876 1648 πικρὸν,
2910 1578 3004 1633 τοῦ
3028 1582 3421 1648 κατατοξεῦσαι
3445 1584 3502 1635 έν
3530 1585 3772 1657 ἀποκρύ-

2192 1682 2311 1734 φοις
2338 1665 2587 1737 ἄμωμον.
2628 1687 2644 1719 ι
2684 1671 2793 1722 Καὶ
2847 1671 2937 1723 τὸν
2973 1672 3213 1726 ἀναίτιον
3255 1673 3312 1726 δὲ
3343 1675 3569 1745 ἄμωμον
3595 1677 3768 1743 καλεῖ,

2189 1754 2287 1825 τὴν
2333 1756 2475 1809 κατὰ
2517 1757 2625 1809 τῶν
2660 1759 2826 1829 μηδὲν
2858 1760 3194 1832 ἠδικηκότων
3235 1764 3567 1835 ὑπογράφων
3611 1785 3770 1822 συκο-

498 1845 601 1893 est.
635 1837 769 1894 Nam
792 1839 829 1894 ii
856 1840 1160 1911 simplicem
1197 1848 1250 1895 et
1276 1840 1533 1911 nequitiae
1552 1847 1829 1910 expertem
1864 1842 2069 1913 sagittis

2186 1845 2627 1913 φαντίαν.”Αντ“ι
2671 1849 2725 1902 δὲ
2766 1849 2879 1913 τοῦ,
2911 1870 2927 1901 ι
2966 1852 3229 1923 ἄμωμον,
3279 1856 3501 1920 ἁπλοῦν,
3531 1876 3549 1909 ι
3591 1859 3770 1930 ἡρμή-

497 1930 790 1986 confodere
823 1932 1059 1987 maxime
1081 1938 1337 2003 satagunt
1374 1950 1385 1984 :
1423 1946 1594 2003 quare
1623 1931 1805 1996 infert,
1844 1951 1860 1983 ι
1891 1932 2084 1987 Subito

497 2024 860 2096 sagittabunt,
897 2040 1021 2079 eum
1076 2032 1130 2078 et
1172 2041 1279 2080 non
1308 2023 1602 2079 timebunt.
1639 2043 1657 2076 ι
1688 2022 1823 2078 Nam
1867 2031 2083 2095 tempus

495 2116 876 2182 observantes,
924 2115 1230 2172 confertim
1266 2123 1321 2171 et
1374 2115 1725 2186 inopinanter
1760 2116 2083 2170 immacula-

495 2213 633 2272 tam,
688 2208 805 2263 sive
852 2208 1188 2278 simplicem,
1238 2215 1333 2261 aut
1390 2207 1739 2261 innocentem
1793 2207 2078 2263 invadunt.

493 2300 675 2365 Quare
705 2300 777 2353 ad
796 2300 1053 2356 homines
1087 2301 1155 2357 iis
1178 2300 1389 2356 similes
1416 2300 1726 2357 rescribens
1757 2300 2078 2371 Apostolus,

487 2392 611 2444 ait:
650 2410 666 2442 ι
697 2390 890 2447 Timeo
925 2400 1129 2457 autem,
1162 2408 1251 2448 ‘ne
1303 2394 1447 2449 sicut
1493 2409 1722 2465 serpens
1767 2393 1934 2447 Evam
1989 2408 2079 2448 se-

489 2483 668 2546 duxit,
703 2483 776 2536 lta
804 2492 1229 2554 corrumpantur
1258 2499 1456 2540 sensus
1486 2485 1652 2540 vestri
1682 2492 1735 2539 et
1769 2484 2026 2539 excidant
2047 2500 2077 2538 a

489 2573 864 2645 simplicitate,
888 2590 1010 2644 qua:
1058 2581 1141 2629 est
1197 2575 1250 2629 in
1282 2574 1505 2631 Christo
1536 2576 1578 2629 ‘.
1616 2574 1815 2629 rEum
1876 2576 2077 2645 quippe

491 2665 654 2735 cujus
709 2665 891 2719 anima
946 2665 1370 2721 circummunita
1416 2665 1608 2727 fuerit,
1670 2665 1906 2735 dejicere
1936 2681 2077 2721 nun-

488 2772 652 2829 quam
705 2756 922 2811 valeant
964 2757 999 2812 ii
1053 2759 1143 2828 qui
1183 2774 1348 2829 supra
1398 2758 1684 2812 memorati
1715 2763 1866 2821 sunt,
1921 2776 1937 2807 ι
1980 2755 2073 2826 qui

487 2858 825 2909 exacuerunt
859 2856 917 2904 ut
976 2850 1216 2921 gladium
1271 2851 1489 2921 linguas
1521 2864 1671 2916 suas,
1715 2848 2074 2905 inten‘derunt

487 2956 698 3006 arcum,
732 2957 852 2996 rem
886 2954 1153 3004 amaram,
1197 2946 1255 2993 ut
1288 2940 1550 3011 sagittent
1599 2940 1652 2993 in
1689 2938 1920 2994 occultis
1966 2938 2071 2992 im-

487 3034 861 3101 maculatum;
898 3054 914 3085 ι
948 3034 1084 3097 sive,
1127 3049 1145 3084 ι
1184 3039 1242 3085 ιιι
1271 3031 1527 3102 sagittent
1563 3030 1617 3085 in
1668 3030 1905 3085 occultis
1938 3029 2071 3084 sim-

485 3125 703 3194 plicem.
746 3122 942 3179 Subito
973 3126 1478 3196 sagittabunteum,
1512 3130 1565 3177 et
1591 3137 1700 3177 non
1728 3121 2015 3175 timebunt.
2045 3140 2062 3172 ι

2186 1947 2370 1984 νευσεν
2399 1934 2427 1985 ό
2474 1934 2721 1998 Ἀκύλας.
2755 1937 2856 1990 Τὸν
2891 1940 2998 2010 γὰρ
3034 1941 3238 1995 ἁπλοῦν
3276 1944 3369 1997 καὶ
3403 1946 3769 2018 ἀπειρόκακον

2188 2021 2419 2092 μάλιστα
2450 2027 2829 2093 κατατοξεύειν
2856 2031 2905 2082 οἱ
2934 2030 3163 2086 τοιοῦτοι
3196 2034 3494 2105 πειρῶνται
3516 2054 3530 2067 ο
3550 2037 3631 2090 διὸ
3645 2040 3766 2091 ὲπι-

2182 2112 2360 2181 λέγει·
2406 2135 2423 2166 ι
2472 2116 2729 2181 Ἐξάπινα
2790 2122 3272 2186 κατατοξεύσουσιν
3317 2127 3501 2187 αὑτὸν,
3563 2133 3656 2181 καὶ⁵
3704 2130 3767 2184 οὐ

2183 2205 2605 2277 φοϐηθήσονται.
2636 2228 2653 2260 ι
2675 2212 3218 2283 Καιροφυλακοῦντες
3237 2216 3346 2287 γὰρ
3372 2212 3768 2291 οὗτοι,ἀθρόως

2180 2295 2272 2348 καί
2331 2296 2751 2371 ἀπροσδοκήτως
2800 2302 3120 2373 ἐπέρχονται
3172 2305 3251 2376 τῷ
3301 2307 3552 2379 ἀμώμῳ,
3607 2310 3640 2381 ἢ
3684 2310 3765 2383 τῷ

2181 2387 2336 2458 ἁπλῷ
2360 2388 2453 2441 καὶ
2482 2390 2745 2462 ἀκεραίῳ.
2763 2394 2852 2446 Διὸ
2872 2396 3097 2465 γράφων
3116 2414 3216 2451 που
3238 2400 3267 2451 ό
3290 2398 3763 2475 Ἀπόστολοςπρδς

2176 2477 2304 2540 τοὺς
2334 2478 2611 2543 τοιούτους
2657 2483 2788 2552 φησί
2816 2498 2827 2509 ⁸
2856 2504 2872 2534 ι
2900 2484 3171 2555 Φοϐοῦμαι
3218 2488 3289 2559 μή
3320 2506 3456 2554 πως,
3488 2492 3564 2555 ὠς
3586 2495 3615 2545 ό
3641 2493 3764 2563 ὄφις

2177 2566 2518 2640 ἐξηπάτησεν
2561 2570 2726 2638 Εὔαν,
2759 2574 2937 2646 φθαρῇ
2964 2578 3033 2631 τὰ
3060 2581 3304 2650 νοήματα
3333 2583 3487 2653 ὑμῶν
3522 2586 3631 2639 ἀπὸ
3660 2587 3761 2656 τῆς

2177 2657 2476 2729 ἁπλότητος
2492 2660 2595 2730 τῆς
2628 2662 2686 2714 ὲν
2720 2664 2962 2735 Χριστῷ.
3006 2684 3024 2717 ι
3056 2667 3158 2719 Τὸν
3217 2669 3325 2741 γὰρ
3374 2674 3759 2744 πεφραγμένον

2174 2749 2272 2819 τὴν
2300 2750 2476 2822 ψυχὴν
2507 2754 2606 2805 οὐκ
2638 2755 2704 2807 ἄν
2740 2772 2868 2807 ποτε
2909 2756 3153 2811 δύναιντο
3178 2760 3501 2817 καταϐαλεῖν
3538 2766 3587 2817 οῖ
3624 2782 3757 2836 προ-

2172 2837 2476 2909 λεχθέντες,
2499 2862 2517 2894 ι
2537 2844 2731 2907 οἵτινες
2759 2845 3032 2916 ἠκόνησαν
3055 2847 3131 2911 ὡς
3162 2851 3434 2920 ῥομφαίαν
3453 2853 3552 2917 τὰς
3580 2854 3757 2921 γλώσ-

2174 2950 2272 2996 σας
2295 2935 2495 2998 αὺτῶν,
2530 2938 2623 2989 καὶ
2642 2936 2912 2991 ἐνέτειναν
2954 2938 3127 3005 τόξον,
3162 2944 3392 3013 πρᾶγμα
3425 2948 3638 3017 πικρὸν,
3661 2948 3757 3000 τοῦ

2171 3026 2560 3091 κατατοξεῦσαι
2609 3029 2665 3080 ὲν
2686 3029 3025 3101 ἀποκρύφοις
3070 3032 3318 3106 ἄμωμον·
3351 3056 3367 3087 ι
3404 3037 3459 3107 ἢ,
3483 3056 3501 3087 ι
3528 3038 3624 3091 τοῦ
3657 3058 3757 3094 κα-

2170 3117 2487 3181 τατοξεῦσαι
2520 3121 2576 3171 ὲν
2599 3120 2942 3192 ἀποκρύφοις
2971 3123 3193 3177 ἁπλοῦν.
3238 3126 3496 3191 Ἐξάπινα
3518 3148 3752 3185 κατατοο

483 3217 551 3269 Δι
582 3216 703 3270 vide
739 3231 849 3286 quo
880 3225 1040 3286 pacto
1067 3218 1237 3281 dicat,
1268 3212 1608 3285 sagittabunt
1657 3228 1804 3273 eum,
1838 3226 1949 3264 non
1981 3226 2066 3266 me

2175 3207 2448 3274 ξεύσουσιν
2498 3211 2680 3275 αὐτὸν,
2742 3212 2837 3265 καὶ
2889 3213 2949 3265 οὐ
2993 3215 3411 3287 φοϐηθήσονται.
3459 3240 3476 3273 ι
3518 3223 3627 3275 Καὶ
3652 3224 3756 3296 ὅρα

480 3307 575 3378 qui
605 3306 733 3359 talia
774 3308 1025 3379 profero;
1062 3309 1157 3364 sed
1189 3310 1517 3379 simplicem,
1552 3308 1605 3362 id
1648 3312 1732 3363 est
1769 3298 1980 3361 rudem
2011 3310 2066 3357 et

482 3402 854 3465 innocentem,
894 3410 947 3457 et
1000 3402 1177 3457 adhuc
1215 3403 1527 3473 parvulum,
1561 3409 1620 3455 nt
1679 3400 1805 3471 quis
1840 3396 2061 3458 dixerit.

480 3510 545 3550 cx
581 3510 772 3550 eorum
797 3510 1028 3549 numero
1057 3494 1125 3549 de
1158 3496 1357 3567 quibus
1388 3495 1649 3551 Servator
1680 3495 1797 3549 hzec
1827 3492 2014 3546 docuit
2046 3506 2059 3542 :

486 3600 505 3632 ι
533 3580 612 3637 Ne
646 3579 1011 3639 contemnatis
1041 3599 1209 3637 unum
1257 3599 1322 3638 ex
1356 3584 1571 3655 pusillis
1604 3586 1696 3655 qui
1721 3591 1849 3640 sunt
1872 3580 1926 3637 in
1956 3580 2061 3635 Ec.-

477 3674 645 3729 clesia
676 3690 795 3730 mea
825 3676 879 3742 ’,ς
912 3696 929 3728 ι
958 3684 1012 3731 et
1045 3694 1056 3728 :
1090 3694 1107 3726 ι
1156 3675 1212 3731 Si
1246 3677 1370 3747 quis
1412 3676 1866 3732 scandalizaverit
1889 3690 2058 3729 unum

475 3782 541 3823 ex
562 3769 806 3838 pusillis,
858 3770 1078 3840 expedit
1107 3769 1156 3824 ei
1211 3779 1270 3824 ut
1314 3770 1666 3842 demergatur
1694 3770 1747 3822 in
1782 3783 1932 3823 mare
1959 3766 2000 3821 ⁸.
2036 3785 2054 3817 ι

472 3857 661 3930 Neque
703 3862 847 3915 enim
902 3860 989 3915 hic
1044 3876 1299 3932 magnum
1362 3862 1637 3917 hominem
1692 3858 2059 3915 scandalizari

477 3948 994 4014 Scrvatorinducit,
1038 3953 1131 4006 sed
1168 3970 1317 4019 cum,
1374 3954 1466 4023 qui
1529 3952 1860 4007 in'Ecclesia
1896 3951 2057 4022 pusil-

478 4040 563 4095 lus
592 4042 697 4106 sit;
736 4050 791 4094 ut
817 4042 995 4096 hocin
1029 4044 1149 4097 loco
1192 4044 1494 4131 simplicem
1523 4044 1680 4098 dicit.
1727 4042 1936 4097 Inimici
1966 4057 2056 4098 er-

477 4149 544 4201 go
574 4149 801 4201 magnos
832 4141 884 4186 et
916 4135 1010 4204 qui
1036 4134 1179 4203 apud
1225 4132 1395 4187 Deum
1428 4136 1708 4206 sapientes
1745 4143 1895 4201 sunt,
1926 4134 2058 4188 ado-

456 4224 573 4275 riri
607 4238 714 4276 non
750 4223 977 4285 audent,
1022 4224 1116 4279 sed
1150 4224 1427 4294 simplices
1459 4231 1513 4278 et
1540 4224 1857 4279 innocentes
1882 4226 2057 4279 maxi-

474 4330 560 4370 me
583 4323 872 4369 venantur.
904 4315 1272 4380 Quamobrem
1304 4314 1473 4369 David
1498 4330 1621 4369 cum
1649 4314 1903 4370 inimicos
1940 4330 2053 4369 me-

472 4413 764 4467 morasset,
828 4406 895 4461 ad
963 4422 1109 4477 quos
1165 4407 1472 4477 praesertim
1537 4407 1778 4476 irrepere
1838 4406 2055 4461 soleant

468 4498 787 4555 declaravit.

544 4625 564 4660 ι
607 4604 989 4666 Firmaverunt
1012 4607 1117 4664 sibi
1142 4624 1449 4664 sermonem
1474 4622 1707 4678 nequam
1741 4627 1752 4661 :
1791 4622 2049 4663 narrave-
2083 4588 2125 4643 θ

472 4708 603 4755 runt
630 4709 687 4757 ut
716 4702 1119 4758 absconderem
1168 4700 1414 4771 laqueos.
1454 4720 1471 4750 ι
1509 4698 1806 4769 Postquam
1841 4701 2050 4769 tropice

470 4791 723 4848 inimicos
764 4794 973 4863 gladios
1000 4809 1133 4849 suos
1165 4808 1433 4848 exacuere
1474 4801 1528 4847 et
1562 4806 1726 4846 arcus
1768 4790 2052 4845 intendere

470 4881 837 4953 dixerat,jam
870 4886 1114 4955 apertius
1144 4885 1233 4954 qni
1267 4885 1336 4938 sit
1367 4885 1603 4955 gladius,
1648 4883 1830 4954 qualis
1861 4898 2047 4950 arcus,

470 4982 695 5025 enarrat
750 4974 835 5029 his
867 4975 1085 5031 verbis:
1129 4992 1146 5023 ι
1178 4973 1561 5031 Firmaverunt
1597 4974 1701 5029 sibi
1732 4987 2047 5028 sermonem

476 5066 725 5134 sequam.
773 5085 792 5118 ›
834 5064 952 5118 Non
1012 5067 1155 5120 enim
1210 5081 1518 5122 sermonem
1577 5083 1606 5120 a
1654 5067 1767 5120 Deo
1813 5065 2048 5120 mutuati

468 5163 631 5217 situt;
664 5156 760 5211 sed
791 5167 1077 5227 postquam
1105 5157 1207 5211 sibi
1241 5158 1375 5227 ipsis
1407 5155 1795 5213 conﬁnxerunt
1819 5164 1873 5212 et
1898 5171 2047 5210 com-

468 5250 636 5303 menti
688 5258 836 5314 sunt,
890 5249 1035 5303 hunc
1067 5249 1442 5309 ﬁrmaverunt.
1482 5248 1645 5304 Tales
1696 5258 1823 5304 sunt
1884 5262 2045 5318 syco-

466 5342 704 5413 phantae,
736 5350 791 5397 ct
820 5348 1088 5415 quotquot
1120 5339 1311 5399 falsas.
1346 5356 1485 5409 quas
1522 5340 1627 5395 sibi
1658 5339 2045 5393 conﬁnxerunt

467 5446 521 5490 et
543 5436 835 5490 commenti
867 5442 1016 5497 sunt,
1084 5431 1386 5486 sententias
1439 5430 1656 5485 ﬁrmare
1700 5441 1753 5484 et
1801 5430 2049 5485 stabilire

467 5538 744 5599 satagunt.
781 5528 983 5583 Deinde
1008 5540 1136 5580 vero
1156 5524 1243 5577 ubi
1263 5538 1571 5578 sermonem
1605 5523 1756 5577 illum
1790 5538 2045 5592 nequam,

462 5637 625 5692 quem
661 5621 765 5677 sibi
816 5621 1190 5683 ﬁrmaverant,
1250 5630 1475 5685 pravum
1508 5630 1628 5671 esse
1666 5614 2043 5680 adverterunt,

2170 3298 2292 3351 τίνα
2338 3299 2540 3370 τρόπον
2597 3300 3085 3366 κατατοξεύσουσιν
3114 3308 3273 3361 αὐτόν
3300 3326 3485 3380 φησιν,
3516 3313 3628 3365 ἀλλ’
3652 3315 3754 3367 οὐκ

2171 3390 2269 3459 ἐμὲ
2296 3390 2387 3443 τὸν
2418 3391 2587 3446 ταῦτα
2618 3392 2842 3461 λέγοντα
2866 3412 2879 3424 ’
2923 3396 3014 3449 τὸν
3052 3397 3107 3450 δὲ
3136 3398 3361 3463 ἁπλοῦν,
3390 3405 3635 3457 τουτέστι
3662 3408 3755 3460 τὸν

2168 3480 2343 3551 ἀφελῆ
2370 3482 2463 3535 καὶ
2490 3483 2746 3555 ἀκέραιον
2771 3526 2785 3549 ,
2822 3486 2914 3539 καὶ
2939 3487 3017 3540 ἔτι
3043 3489 3255 3560 μικρὸν,
3291 3491 3441 3554 ὡςᾶν
3472 3493 3617 3547 εῖποι
3647 3514 3752 3563 τις,

2169 3574 2229 3639 ἐξ
2285 3574 2513 3628 ἐκείνων
2559 3574 2689 3628 ὄντα
2717 3578 2845 3646 περὶ
2874 3570 2948 3630 ὧν
2981 3580 3008 3629 ό
3034 3579 3223 3651 Σωτὴρ
3256 3582 3500 3636 ἐδίδασκε
3531 3584 3706 3653 λέγων
3728 3605 3742 3618 ·

2173 3685 2190 3719 ι
2221 3667 2310 3739 Μὴ
2367 3668 2817 3739 καταφρονήσητε
2872 3668 2988 3732 ἐνὸς
3040 3671 3149 3724 τῶν
3197 3674 3407 3745 μικρῶν
3455 3676 3560 3729 τῶν
3588 3679 3644 3729 ὲν

2179 3760 2473 3832 Ἐκκλησία
2487 3777 2609 3832 μου’
2638 3780 2655 3812 ι
2679 3759 2791 3824 καὶ,
2818 3779 2835 3812 ι
2866 3760 3050 3825 Ὅστις
3065 3762 3158 3815 ἐὰν
3186 3765 3511 3839 σκανδαλίσῃ
3527 3768 3622 3820 ἕνα
3641 3768 3754 3824 τῶν

2168 3851 2400 3922 μικρῶν,
2428 3854 2693 3926 συμφέρει
2716 3850 2865 3923 αύτῷ
2900 3851 3158 3923 βληθῆναι
3185 3855 3264 3918 είς
3288 3855 3383 3925 τὴν
3407 3857 3701 3913 θάλασσαν.
3725 3879 3745 3911 ι

2164 3944 2653 4015 Σκανδαλιζόμενον
2693 3947 2801 4018 γὰρ
2835 3948 2996 4001 κάκεῖ
3020 3948 3047 4001 ὀ
3075 3946 3263 4020 Σωτὴρ
3293 3948 3353 4000 ού
3386 3950 3558 4020 μέγαν
3598 3954 3749 4006 είσά-

2163 4052 2269 4103 γει,
2293 4036 2428 4089 ἀλλά
2452 4038 2539 4090 τὸν
2564 4039 2700 4110 ἐντῇ
2741 4040 3037 4114 Ἐκκλησία
3066 4042 3279 4114 μικρὸν,
3304 4040 3491 4115 ὥσπερ
3513 4044 3746 4099 ἐνταῦθα

2160 4126 2251 4178 τὸν
2277 4126 2499 4179 ἁπλοῦν.
2536 4128 2601 4183 Οἱ
2634 4129 2808 4183 τοίνυν
2831 4130 3015 4203 ἐχθροὶ
3045 4134 3165 4186 οὐδὲ
3193 4133 3435 4205 τολμῶσι
3467 4136 3744 4206 προσιέναι

2162 4220 2274 4280 τοῖς
2333 4218 2608 4288 μεγάλοις,
2636 4220 2757 4273 οὐδὲ
2798 4225 2912 4285 τοῖς
2943 4222 3097 4293 παρὰ
3129 4223 3249 4293 Θεῷ
3285 4227 3465 4292 σοφοῖς
3490 4242 3501 4255 ο
3533 4226 3659 4288 τους
3685 4226 3742 4278 δὲ

2161 4306 2367 4370 ἁπλοῦς
2398 4309 2490 4362 καὶ
2539 4309 2831 4379 ἀκεραίους
2867 4311 3101 4381 μάλιστα
3139 4312 3447 4383 θηρεύουσι.
3485 4315 3684 4385 Διόπερ
3713 4315 3741 4369 ὁ

2160 4399 2343 4461 Δαυῒδ,
2396 4401 2773 4470 μνημονεύσας
2827 4403 2936 4455 τῶν
2995 4403 3226 4476 ἐχθρῶν,
3276 4406 3369 4458 καὶ
3418 4405 3542 4475 περὶ
3590 4406 3740 4472 τίνας

2163 4490 2396 4559 μάλιστα
2426 4491 2687 4546 είλεῖσθαι
2720 4493 2976 4547 εἰώθασιν
3007 4490 3149 4548 οὗτοι
3184 4496 3545 4567 παρέστησεν.

2230 4626 2251 4659 ι
2303 4604 2707 4677 Ἑκραταῐωσαν
2764 4609 2976 4671 ἑαυτοῖς
3026 4609 3184 4677 λόγον
3234 4612 3470 4683 πονηρόν
3494 4627 3507 4641 ’
3550 4612 3741 4683 διηγή-

2158 4713 2317 4751 σαντο
2366 4696 2459 4749 τοῦ
2521 4695 2724 4769 κρύψαι
2784 4697 3037 4766 παγίδας.
3090 4716 3109 4748 ι
3164 4698 3451 4770 Τροπικῶς
3490 4700 3577 4753 διὰ
3629 4701 3740 4755 τῶν

2157 4788 2463 4860 ἔμπροσθεν
2512 4790 2639 4853 τοὺς
2695 4790 2793 4862 τῆς
2844 4790 3022 4861 ψυχῆς
3065 4791 3292 4863 ἐχθροὺς
3328 4793 3425 4864 τὴν
3466 4794 3739 4864 ῥομφαίαν

2155 4880 2335 4934 αὐτῶν
2365 4880 2627 4949 ἀκονῆσαι
2668 4880 2761 4932 καὶ
2790 4880 2858 4933 τὰ
2886 4881 3013 4948 τόξα
3046 4884 3276 4935 ἐντεῖναι
3316 4882 3612 4954 προενπὼν,
3644 4900 3738 4937 σα-

2163 4973 2323 5043 φέστε
2333 4989 2420 5043 ρον
2441 4971 2528 5025 διὰ
2544 4972 2650 5025 τῶν
2677 4974 3049 5044 προκειμένων
3072 4974 3155 5037 τίς
3184 4970 3251 5044 ἦν
3273 4977 3306 5045 ἡ
3342 4974 3603 5045 ῥομφαία,
3644 4978 3735 5033 καὶ

2158 5064 2211 5115 τί
2237 5062 2297 5115 τὸ
2330 5060 2481 5127 τόξον
2528 5060 2851 5132 παρίστησιν
2873 5062 3072 5116 εἰπών’
3108 5082 3125 5113 ι
3169 5063 3575 5133 Ἐκραταίωσαν
3608 5067 3734 5118 ἑαυ-

2158 5158 2269 5218 τοῖς
2300 5154 2455 5223 λόγον
2479 5155 2731 5225 πονηρόν.
2778 5174 2796 5207 ι
2822 5156 2897 5208 Οὐ
2929 5156 3037 5227 γὰρ
3066 5154 3214 5226 παρὰ
3250 5154 3342 5207 τοῦ
3377 5156 3508 5209 Θεοῦ
3545 5156 3735 5209 λαϐόν-

2156 5266 2245 5312 τες
2284 5248 2460 5317 λόγον,
2523 5247 2636 5301 ἀλλ’
2676 5249 2886 5311 ἑαυτοῖς
2928 5249 3261 5319 πλασάμενοι
3301 5250 3394 5302 καὶ
3432 5250 3731 5313 συνθέντες,

2153 5342 2338 5397 τοῦτον
2394 5342 2711 5412 ἐκράτυναν.
2754 5341 2993 5394 Τοιοῦτοι
3040 5340 3095 5393 δέ
3138 5343 3272 5393 εἰσιν
3311 5343 3357 5394 οἱ
3386 5342 3730 5409 συκοςράνται.

2154 5434 2248 5484 καὶ
2282 5434 2330 5485 οἱ
2358 5431 2644 5503 κρατύνειν
2678 5434 2769 5485 καὶ
2800 5432 3046 5501 βεεαιοῦν
3076 5432 3400 5503 πειρώμενοι
3425 5432 3489 5496 ἃς
3522 5436 3729 5494 ἑαυτοῖς

2153 5522 2617 5594 ἀνεζωγράφησαν
2663 5524 2757 5576 καὶ
2796 5522 3165 5575 ἀνεπλάσαντο
3199 5522 3556 5591 ψευδοδοξίας.
3602 5518 3727 5574 Εἶτα

2151 5614 2208 5668 δὲ
2235 5614 2324 5667 τὸν
2357 5616 2593 5685 πονηρὸν
2648 5614 2801 5683 λόγον
2831 5614 2889 5667 ὃν
2919 5616 3129 5677 ἑαυτοῖς
3153 5614 3459 5687 ἑκράτυναν
3493 5615 3726 5688 ὁρῶντι,

529 5778 555 5851 Ρ
587 5777 725 5835 [’sal.
772 5796 963 5845 χχχιιι,
993 5779 1045 5834 9.
1125 5774 1215 5831 ⁸11
1247 5775 1372 5831 Cor.
1402 5792 1477 5854 χι,
1511 5776 1564 5831 3.
1639 5774 1658 5807 '
1688 5771 1873 5827 Matth.
1906 5785 2063 5837 xvm,

2175 5815 2179 5826 .
2254 5771 2274 5801 ·
2302 5751 2435 5827 ibid.
2479 5770 2533 5825 6.
