4100 6532
354 425 448 488 rm
877 403 901 411 ’
1134 399 1143 414 ’
1512 429 2011 489 COMMENTARIA
2049 427 2115 482 IN
2156 425 2494 484 PSALMOS.
2791 412 2832 461 ⁸

3493 424 3600 480 623

353 548 570 623 σαθρὸν,
614 547 676 600 ού
723 547 926 618 γυμνὸν
958 545 1117 600 αὑτὸν
1147 547 1552 626 προϐάλλονται,
1593 547 1727 601 ἀλλὰ
1765 564 1917 617 περι-

2025 557 2131 596 non
2162 545 2365 599 nudum
2400 543 2706 614 proferunt,
2741 541 2834 596 sed
2863 541 3070 611 laqueis
3095 540 3436 596 extrinsecus
3457 541 3601 596 clam

352 640 633 694 θάλλουσιν
672 639 870 703 ἔξωθεν
913 639 1125 708 παγίσι,
1151 638 1481 709 κρύπτοντες
1507 639 1598 692 διά
1640 657 1803 696 τινων
1847 656 1926 691 σο-

351 730 636 800 φισμάτων
664 730 757 782 καὶ
802 727 1226 798 παραλογισμῶν
1264 730 1362 798 τὴν
1387 728 1528 781 κατὰ
1567 728 1676 782 τῶν
1707 728 1927 782 ἐπιϐου-

352 820 655 891 λευομένων
687 820 954 890 συσκευήν
974 837 986 850 ·
1019 819 1160 872 οὕτω
1193 819 1301 889 γὰρ
1333 819 1563 889 ἄληπτοι
1595 821 1688 872 καὶ
1714 818 1924 888 ἀθήρα-

350 927 433 963 τοι
462 909 678 965 ἔσεσθαι
706 909 1164 979 ὑπολαμϐάνουσι.
1190 909 1284 962 Διὸ
1312 929 1329 960 ε
1369 905 1528 962 εἶπαν
1561 929 1578 958 ι
1607 910 1663 960 ἑν
1690 911 1919 972 ἑαυτοῖςο

353 1017 373 1050 ι
412 1000 510 1063 Τίς
568 999 755 1068 ὄψεται
804 998 1038 1062 αὐτούςς
1089 1017 1108 1049 ι
1161 999 1278 1061 καὶ,
1324 1018 1342 1050 t
1394 998 1750 1071 ἑξερεύνησαν
1801 999 1924 1055 ἀνο-

352 1091 500 1160 μίας.
518 1109 536 1142 ι
559 1090 723 1143 Οὐδὲν
741 1088 849 1161 γὰρ
869 1089 1142 1160 ὠφέλιμον
1163 1090 1270 1142 ἀπὸ
1286 1089 1377 1142 τοῦ
1408 1089 1551 1142 θείου
1570 1089 1734 1160 νόμου
1760 1088 1926 1160 ζητή-

349 1185 546 1245 σαντες
561 1177 717 1253 εὗρον
734 1197 747 1212 °
779 1181 892 1237 ἀλλ’
917 1181 1144 1251 ἀνομίας
1174 1182 1386 1244 ἑαυτοῖς
1413 1182 1735 1250 ἐπενόησαν.
1769 1179 1924 1234 Κατὰ

343 1272 401 1325 δὲ
435 1273 526 1326 τὸν
579 1272 896 1342 Σύμμαχον,
938 1291 957 1324 ι
993 1269 1358 1345 ἑξερεύνησαν
1396 1273 1625 1342 ἀνομίας
1675 1271 1923 1341 σύμπαν-

344 1376 435 1422 τες
457 1376 472 1391 '
510 1379 528 1414 ι
566 1362 658 1413 καὶ
690 1361 781 1415 ἑπὶ
813 1359 1020 1422 τούτοις
1055 1359 1225 1413 πολλὰ
1257 1361 1591 1431 ζητήσαντες
1617 1361 1707 1413 καὶ
1755 1359 1923 1432 μυρία

345 1453 477 1522 παρ’
515 1454 724 1516 ἑαυτοῖς
743 1453 1146 1522 ἐπινοήσαντες,
1177 1451 1340 1522 μηδὲν
1369 1451 1424 1504 δὲ
1440 1450 1636 1520 ἀληθὲς
1656 1452 1748 1503 ἐπὶ
1778 1449 1922 1503 τέλει

342 1541 610 1612 εὑρόντες,
631 1542 894 1606 ἑξέλιπον,
927 1542 1087 1594 πλέον
1113 1543 1262 1595 οὐδὲν
1288 1542 1395 1595 ὰπὸ
1421 1542 1519 1612 τῆς
1551 1541 1750 1610 πολλῆς
1773 1540 1924 1612 ἑρεύ-

341 1649 440 1702 νης
461 1633 836 1703 ,κτησάμενομ
885 1633 976 1685 Διὸ
1002 1632 1276 1686 λέλεκται’
1327 1651 1344 1684 ι
1396 1633 1670 1697 Ἐξέλιπον
1704 1633 1922 1703 ἐξερευ-

341 1722 540 1786 νῶντες
597 1723 988 1796 ἑξερευνήσεις.
1023 1743 1041 1775 ι
1079 1723 1378 1785 Τοσούτους
1433 1723 1584 1786 τινὰς
1630 1723 1921 1793 διέγραψεν

338 1815 371 1867 ό
405 1813 564 1866 Δαυῖδ
593 1815 720 1878 τοὺς
763 1814 988 1884 ἐχθροὺς
1017 1814 1110 1867 καὶ
1141 1813 1450 1883 πολεμίους,
1473 1812 1531 1879 ἑξ
1554 1807 1628 1866 ὦν
1660 1812 1758 1882 τὴν
1789 1813 1918 1864 ἑαυ-

2031 634 2482 703 circumsepiunt,
2520 633 2954 702 sophismatibus
2984 632 3306 700 cavillisque
3335 647 3474 702 quas
3503 647 3601 702 pa.

2030 733 2152 776 rant
2179 725 2314 794 ipsis
2361 725 2590 781 insidias
2631 724 2994 789 occultantes,
3053 724 3125 777 ita
3173 739 3232 778 se
3261 724 3379 794 capi
3413 732 3468 778 ct
3502 725 3601 779 de-

2029 815 2292 884 prehendi
2325 832 2433 871 non
2465 831 2629 886 posse
2666 815 2982 885 opinantur.
3021 814 3204 882 Quare
3235 831 3253 865 ι
3285 814 3542 896 dixerunt
3578 834 3598 867 ι

2027 908 2082 961 in
2111 909 2308 978 seipsis
2341 929 2353 963 :
2383 927 2400 959 ‹
2431 908 2568 975 Quis
2602 907 2807 962 videbit
2839 907 2978 962 eos?
3009 926 3027 958 ι
3066 915 3139 972 et,
3169 925 3188 957 ι
3223 907 3450 961 scrutati
3475 915 3606 961 sunt

2027 997 2368 1068 iniquitates.
2411 1018 2429 1050 ι
2466 997 2611 1052 Nihil
2647 997 2849 1066 quippe
2877 996 3130 1051 utilitatis
3163 996 3216 1050 in
3267 995 3450 1056 divina
3485 998 3605 1065 lege

2029 1087 2434 1156 perquisierunt
2463 1088 2547 1143 vel
2575 1089 2938 1152 invenerunt;
2997 1087 3092 1140 sed
3127 1086 3445 1156 iniquitates
3496 1086 3603 1141 sibi

2026 1178 2439 1247 excogitarunt;
2467 1180 2603 1242 sive,
2632 1177 2929 1234 secundum
2962 1175 3373 1247 Symmachum,
3403 1195 3420 1226 ι
3450 1191 3608 1231 scru-

2026 1269 2121 1321 tati
2153 1278 2282 1324 sunt
2310 1271 2630 1340 iniquitates
2653 1269 2898 1326 universi
2930 1284 2943 1320 :
2985 1288 3003 1320 ι
3041 1284 3105 1324 ac
3147 1284 3274 1322 cum
3317 1269 3432 1323 haec
3458 1269 3603 1328 mul-

2027 1364 2141 1410 tum
2177 1360 2651 1428 perquisivissent,
2684 1367 2738 1416 et
2778 1359 2987 1414 infinita
3014 1359 3442 1428 excogitassent,
3477 1372 3603 1411 eum

2025 1448 2160 1510 nihil
2192 1451 2304 1504 veri
2328 1451 2546 1506 tandem
2570 1451 2894 1521 reperirent,
2927 1449 3266 1516 defecerunt,
3292 1447 3429 1502 nihil
3457 1447 3605 1502 aliud

2024 1552 2090 1592 ex
2126 1546 2274 1594 tanta
2306 1541 2747 1610 perscrutatione
2783 1539 3107 1596 referentes.
3162 1541 3345 1607 Quare
3392 1538 3604 1594 dictum

2024 1636 2146 1683 est:
2180 1648 2198 1680 ‹
2231 1629 2558 1687 Defecerunt
2584 1640 2897 1687 scrutantes
2913 1632 3203 1687 scrutinia.
3234 1651 3254 1684 ι
3279 1629 3605 1700 Huiusmodi

2025 1719 2214 1776 hostes
2243 1731 2297 1776 et
2331 1723 2585 1778 inimicos
2613 1723 2909 1794 descripsit
2931 1724 3124 1788 David,
3164 1739 3194 1778 e
3226 1738 3460 1792 quorum
3493 1737 3608 1776 ma-

2024 1812 2187 1868 nibus
2218 1813 2454 1867 animam
2490 1815 2627 1884 eripi
2659 1829 2814 1869 suam
2859 1815 3186 1884 precabatur
3219 1831 3232 1866 z
3267 1820 3427 1868 erant
3456 1813 3607 1868 scili—

336 1901 436 1955 τοῦ
469 1902 646 1979 ψυχὴν
674 1903 934 1976 ῥυσθῆναι
991 1901 1210 1973 ηὔχετο,
1259 1903 1704 1973 ἑξερευνητικους
1747 1917 1917 1967 τινας,

2024 1911 2111 1960 cet
2164 1905 2199 1958 ii
2233 1912 2646 1975 perscrutantes
2677 1913 2732 1960 et
2793 1906 3174 1975 perquirentes
3234 1905 3602 1974 iniquitatem.

338 1993 435 2044 καὶ
467 1993 790 2064 ξητητικοὺς
819 1993 1065 2062 ἀνομίας.
1100 1995 1162 2046 Ol.
1193 1993 1300 2064 γὰρ
1324 1987 1559 2052 τ’)ιοῦτοί
1578 1991 1756 2062 ψυχῆς
1787 1992 1920 2063 ἀλη-

337 2081 450 2145 θῶς
481 2083 546 2136 ἂν
593 2078 702 2135 εἷεν
736 2083 987 2151 φονευταί
1013 2100 1025 2113 ·
1064 2083 1142 2137 διὸ
1173 2084 1237 2156 δὴ
1276 2085 1508 2155 μάλιστα
1555 2083 1688 2137 Θεὸν
1723 2083 1921 2154 βοηθὸν

334 2174 431 2225 ἐπὶ
460 2173 570 2226 τῶν
601 2174 857 2229 τοιούτων
888 2175 1219 2238 ἀνεκαλεῖτο,
1282 2177 1404 2238 τοὺς
1440 2175 1729 2245 αἰσθητοὺς
1764 2175 1922 2230 πολε-

339 2262 498 2332 μίους
527 2265 768 2327 καὶτοὺς
785 2267 898 2328 τοῖς
933 2263 1142 2336 σώμασι
1177 2261 1688 2335 παραταττομένους
1711 2262 1798 2313 ἐπ’
1823 2263 1883 2313 ού
1900 2290 1916 2300 -

333 2352 448 2404 δενὶ
480 2352 624 2423 λόγῳ
649 2353 948 2423 τιθέμενος.

415 2459 434 2492 σ
477 2441 900 2513 Προσελεύσεται
931 2440 1214 2513 ἄνθρωπος
1261 2443 1319 2495 ἑν
1353 2442 1546 2514 καρδίᾳ
1582 2444 1794 2515 βαθείᾳ,
1823 2445 1917 2498 καὶ

337 2531 686 2603 ὑψωθήσεται
744 2533 773 2584 ὁ
832 2533 982 2596 Θεός.
1017 2533 1177 2598 Βέλος
1210 2534 1440 2604 νηπίων,
1484 2554 1502 2585 ι
1542 2535 1734 2588 καὶτὰ
1765 2535 1912 2605 ἑξῆς.

335 2625 401 2675 Οἱ
435 2625 532 2694 μὲν
555 2625 655 2694 τῆς
691 2623 868 2701 ψυχῆς
895 2624 1158 2694 πολέμιοι,
1194 2625 1374 2693 λόγοις
1405 2629 1658 2698 πονηροῖς
1692 2629 1916 2692 ἑαυτοὺς

335 2714 794 2789 περιφράξαντες,
852 2715 946 2768 καὶ
973 2715 1071 2780 τὰς
1101 2717 1308 2770 ἑαυτῶν
1333 2718 1708 2794 ἐγκρύψαντες
1748 2719 1914 2788 παγί-

331 2810 453 2870 δας,
479 2807 708 2878 ἀνομίας
741 2824 799 2862 τε
837 2808 1242 2880 ἐξερευνῶντες,
1295 2812 1389 2864 καὶ
1429 2809 1516 2863 διὰ
1562 2810 1766 2864 τούτων
1816 2811 1916 2874 τὰς

333 2899 545 2952 ἑαυτῶν
572 2899 840 2970 ῥομφαίας
858 2902 1242 2971 ἀκονήσαντες,
1266 2883 1364 2954 καὶ.
1381 2905 1497 2964 ταῖς
1511 2901 1720 2956 ἑαυτῶν
1737 2899 1916 2970 γλώσ-

333 3005 459 3051 σαις
474 2988 804 3052 ἑντείναντες
828 2989 977 3054 τόξα,
1006 2991 1098 3042 τὸν
1130 2991 1380 3061 ἄμωμον,
1407 2991 1439 3061 ἦ
1462 2991 1551 3044 τὸν
1588 2990 1792 3044 ἁπλοῦν
1821 2994 1916 3046 κοιλ⁸

331 3079 590 3151 ἀκέραιον
622 3081 915 3151 περιῄεσαν
942 3079 1250 3152 ζητοῦντες,
1283 3082 1430 3144 ὅπως
1461 3081 1723 3134 ἀνέλωσιν
1750 3083 1915 3135 αὐτοῦ

330 3169 432 3240 την
478 3169 687 3240 ψυχήν
735 3169 850 3222 ἀλλ’
900 3171 1103 3222 ἐκεῖνον
1157 3171 1303 3240 μὲνό
1341 3169 1472 3233 Θεὸς
1508 3169 1749 3241 ῥύσεται.
1793 3171 1914 3227 Τῶν

329 3261 442 3332 γὰρ
476 3261 690 3332 μικρῶν
723 3262 780 3314 ἑν
822 3264 889 3332 τῇ
934 3261 1230 3333 Ἐκκλησία
1259 3263 1307 3314 oi
1350 3260 1571 3332 ἄγγελοι
1601 3261 1688 3318 διὰ
1711 3261 1913 3326 παντὸς
1942 3245 1984 3301 C

327 3353 498 3424 ἐρῶσι
525 3353 587 3406 τὸ
621 3353 909 3424 πρόσωπον
957 3353 1052 3406 τοῦ
1086 3355 1142 3406 ἑν
1163 3354 1410 3425 οὐρανοῖς
1465 3354 1697 3425 Πατρός.
1743 3356 1916 3426 Προσ-

326 3443 610 3498 ελεύσεται
659 3444 717 3502 δέ
777 3461 865 3507 τις
922 3445 1105 3508 αὐτοῖς
1149 3444 1456 3516 ἄνθρωπος,
1507 3446 1725 3517 ἀληθῶς
1776 3447 1914 3520 ἀνὴρ

326 3534 538 3597 τέλειος
563 3537 655 3588 καὶ
682 3536 862 3607 φορῶν
873 3536 971 3590 τὸν
998 3539 1119 3595 κατ’
1148 3539 1330 3596 εἰκόνα
1358 3538 1492 3592 Θεοῦ
1523 3540 1912 3609 πεποιημένον,

329 3627 413 3690 ὃς,
446 3628 502 3681 ἑν
555 3627 753 3697 καρδίᾳ
817 3627 1008 3698 βαθείᾳ
1043 3629 1448 3700 πεφραγμένος,
1496 3629 1914 3700 ἀκατάπληκτος

329 3719 516 3782 αὸτοῖς
565 3718 958 3791 παρατάξεται,
1016 3720 1224 3783 πάντας
1258 3737 1316 3772 τε
1348 3720 1548 3783 αὐτοὺς
1594 3721 1912 3785 καταλύσει,

325 3809 404 3874 ei);
424 3809 706 3880 ὑψωθῆναι
735 3811 830 3863 καὶ
867 3809 1188 3879 δοξασθῆναι
1214 3810 1281 3863 δι’
1316 3811 1482 3863 αὐτοῦ
1505 3812 1598 3865 τὸν
1628 3812 1784 3877 Θεὸν,
1820 3814 1914 3867 καὶΙ

328 3901 550 3960 πάντων
571 3903 791 3958 ἐκείνων
805 3901 874 3958 τὰ
895 3901 1020 3972 βέλη
1041 3901 1360 3973 ἐλεγχθῆναι
1381 3902 1544 3956 ἄτονα
1569 3904 1661 3957 καὶ
1690 3905 1910 3977 ἀσθενῆ,

325 3993 407 4055 ὡς
434 3993 643 4064 νηπίων
699 3992 1012 4064 λογισθῆναι
1047 3993 1176 4063 βέλη
1208 3993 1306 4056 τὰς
1342 3993 1556 4066 πληγὰς
1586 3996 1785 4059 αὐτῶν,
1822 3999 1915 4055 καὶ

326 4083 428 4148 τὰς
464 4083 715 4152 γλώσσας
764 4085 942 4138 αὐτῶν
976 4087 1060 4138 ἑπ⁸
1089 4086 1286 4149 αὐτοὺς
1319 4085 1696 4159 ἐξασθενῆσαι.
1724 4088 1914 4143 Tomi.-

326 4189 422 4244 τος
472 4177 582 4248 γάρ
617 4179 763 4231 ἑστιν
791 4180 819 4230 ό
852 4177 943 4231 τοῦ
974 4179 1108 4233 Θεοῦ
1154 4177 1458 4249 ἄνθρωπος,
1508 4181 1536 4232 ὁ
1565 4181 1909 4254 παραταττό-

331 4283 492 4336 μενος
519 4269 630 4329 τοίς
661 4266 1033 4338 προλεχθεῖσιν
1076 4271 1132 4322 ἑν
1163 4269 1360 4340 καρδίᾳ
1389 4267 1606 4342 βαθείᾳ”
1651 4270 1726 4334 ὡς
1763 4270 1913 4344 δέχε-

330 4356 456 4409 σθαι
485 4358 581 4429 μὲν
611 4358 771 4410 αὐτὸν
821 4359 920 4422 τὰς
955 4359 1166 4430 πληγὰς
1200 4361 1292 4413 καὶ
1325 4360 1392 4414 τὰ
1428 4359 1516 4414 διὰ
1560 4361 1911 4433 σοφισμάτων

329 4450 482 4520 βέλη,
517 4451 680 4521 γελᾷν
725 4450 780 4504 δὲ
815 4451 952 4505 αὐτὰ
981 4453 1073 4505 καὶ
1100 4452 1160 4506 τὸ
1197 4453 1361 4524 μηδὲν
1394 4452 1664 4523 ἡγεῖσθαι,
1697 4454 1772 4518 ὼς
1804 4454 1912 4508 ὑπὸ

326 4541 534 4611 νηπίων
562 4543 764 4595 ἀτόνων
795 4545 913 4596 κατ’
935 4543 1098 4597 αὑτοῦ
1131 4545 1477 4616 πεμπόμενα.
1517 4543 1642 4598 Εἶτα
1672 4547 1766 4598 καὶ
1790 4547 1910 4600 ἐπι-
1941 4582 1984 4634 D

325 4633 586 4704 λυόμενος
635 4635 814 4688 αὐτῶν
845 4635 912 4689 τὰ
964 4636 1288 4706 σοφίσματα,
1323 4637 1420 4702 τὰς
1457 4636 1708 4705 γλώσσας
1729 4637 1908 4695 αὐτῶν

325 4728 421 4779 καὶ
463 4729 590 4789 τοὺς
627 4727 818 4794 λόγους
851 4727 1266 4793 ἑξασθενοῦντας
1320 4728 1548 4797 ἐλέγξει.
1606 4729 1806 4788 Βαθεῖα
1853 4729 1910 4789 δὲ

323 4817 526 4888 καρδία
586 4819 618 4888 ή
668 4819 742 4890 μὴ
791 4818 848 4885 ἑξ
907 4819 1170 4891 ἐπιπολῆς
1213 4819 1410 4890 ἔχουσα
1469 4819 1538 4876 τὰ
1584 4819 1907 4892 μαθήματα,

327 4908 464 4979 μηδὲ
495 4911 554 4961 ὲν
586 4908 662 4979 τῷ
689 4907 1006 4981 προφορικῷ
1027 4911 1169 4981 λόγῳ
1200 4911 1594 4982 σεμνυνομένη,
1621 4912 1737 4965 ἀλλ’
1760 4911 1907 4966 ἔνδον

322 4999 382 5053 ἑν
413 4999 549 5071 αὐτῇ
584 5002 709 5063 τοὺς
740 5001 836 5070 τῆς
866 5000 1102 5064 πίστεως
1149 5001 1430 5073 θεμελίους
1480 5003 1903 5078 ἐρριζωμένους,

335 5089 670 5154 Ἀκολούθως
685 5092 860 5146 τοίνυν
872 5093 1122 5161 λογικούς
1142 5111 1290 5157 τινας
1311 5094 1606 5164 πολεμίους
1622 5094 1720 5165 τήν
1736 5095 1908 5170 γλῶτ-

322 5198 426 5238 ταν
469 5183 859 5253 ἁκονήσαντας,
883 5185 976 5236 καὶ
1017 5185 1144 5250 τόξα
1165 5187 1276 5248 τοῖς
1311 5185 1547 5254 χείλεσιν
1573 5185 1908 5249 ἑντείνοντας

323 5275 794 5354 ὑποστησάμενος,
854 5276 1157 5330 ἁντιτάττει
1209 5276 1392 5347 αὐτοῖς
1437 5275 1724 5348 ἄνθρωπον
1770 5276 1906 5330 Θεοῦ

320 5367 555 5437 καρδίαν
618 5367 838 5437 βαθεῖαν
895 5369 1260 5440 κεκτημένον·
1326 5369 1421 5422 καὶ
1465 5367 1554 5419 τὸν
1617 5367 1716 5437 μὲν
1773 5367 1906 5421 Θεὸν

316 5457 411 5514 διὰ
435 5459 628 5516 τούτου
655 5459 1032 5531 δοξαζόμενον,
1078 5460 1318 5524 ἐκείνους
1353 5458 1410 5522 δὲ
1441 5459 1788 5535 ἡττωμένους
1810 5461 1906 5518 καὶ

317 5551 791 5624 ἀσχημονοῦντας.

396 5686 416 5719 ι
466 5667 878 5738 Ἐταρὰχθησαν
920 5666 1116 5731 πάντες
1136 5669 1184 5722 οί
1212 5666 1541 5739 θεωροῦντες
1569 5667 1783 5731 αὐτοὺς,
1801 5666 1906 5727 -καὶ

316 5757 566 5830 ἐφοϐήθη
597 5761 704 5820 πᾶς
740 5757 1044 5830 ἄνθρωπος.
1078 5778 1096 5810 ι
1134 5758 1450 5813 Ἀκόλουθον
1482 5754 1570 5829 ἦν,
1599 5756 1708 5811 τῶν
1745 5758 1906 5830 δοκή-

320 5870 406 5911 σει
444 5851 623 5921 σοφῶν
655 5851 1072 5922 ἀνατραπέντων
1111 5852 1203 5914 κα).
1251 5849 1357 5905 τῶν
1401 5849 1498 5922 τῆς
1524 5848 1703 5924 ψυχῆς
1742 5847 1901 5904 mh.

2027 1992 2162 2047 Nam
2194 1994 2286 2064 qui
2317 1994 2454 2048 tales
2505 2002 2657 2058 sunt,
2694 2008 2822 2048 vere
2864 1993 3060 2048 anima!
3092 1992 3470 2048 interfectores
3503 1990 3605 2044 ha~

2027 2086 2262 2142 beantur
2292 2102 2306 2139 :
2341 2103 2512 2156 quare
2537 2086 2706 2140 Deum
2739 2093 2931 2139 contra
2957 2084 3272 2154 hujusmodi
3297 2084 3484 2140 hostes
3507 2081 3606 2136 ad-

2020 2177 2260 2244 jutorem
2285 2178 2612 2243 invocabat;
2639 2193 2764 2231 cum
2791 2176 3025 2231 sensiles
3045 2177 3319 2239 inimicos,
3352 2174 3447 2246 qui
3471 2188 3605 2229 con~

2026 2275 2110 2322 tra
2138 2283 2371 2339 corpora
2406 2269 2576 2324 aciem
2599 2269 2896 2335 instruent,
2925 2267 3079 2322 nihili
3115 2266 3339 2326 faceret.

2092 2445 2262 2502 Vens.
2282 2447 2338 2510 8,
2363 2447 2414 2502 9.
2429 2467 2446 2498 ι
2469 2446 2705 2502 Accedet
2723 2447 2889 2502 homo
2914 2446 2967 2500 in
2985 2445 3151 2501 corde
3167 2445 3366 2508 ulto,et
3393 2443 3604 2499 exalta-

2021 2540 2169 2594 bitur
2183 2538 2346 2594 Deus.
2371 2537 2592 2608 Sagittae
2604 2539 2976 2610 parvulorum,
3003 2557 3020 2589 ι
3039 2545 3142 2592 etc.
3159 2535 3603 2605 lnimiciquidem

2021 2631 2217 2686 anima:
2260 2631 2444 2686 verbis
2489 2646 2612 2686 sese
2643 2631 2894 2700 malignis
2936 2623 3486 2702 circummunientes,
3520 2627 3604 2680 la-

2021 2739 2194 2794 queos
2222 2741 2355 2780 suos
2405 2724 2774 2786 occultantes,
2811 2723 3131 2792 iniquitates
3161 2727 3602 2790 perscrutantes.

2021 2818 2199 2886 iisque
2221 2817 2436 2886 gladios
2477 2830 2608 2869 suos
2641 2825 2994 2878 exacuenzes,
3031 2813 3341 2882 linguisque
3369 2809 3487 2864 suis
3518 2808 3606 2863 in-

2021 2908 2308 2962 tcndentes
2343 2921 2530 2969 arcus,
2561 2905 2994 2967 immaculatum,
3029 2903 3332 2972 simplicem
3356 2907 3411 2955 et
3441 2901 3604 2954 inuo-

2020 3005 2234 3053 centem
2265 2996 2631 3066 undequaque
2685 2995 3100 3068 perquirebant,
3133 3001 3190 3048 ut
3212 2993 3333 3063 ejus
3361 2992 3602 3050 animam

2021 3087 2416 3144 interficerent.
2448 3088 2514 3141 At
2539 3090 2690 3142 illum
2725 3087 2868 3142 Deus
2892 3087 3122 3156 eripiet;
3157 3085 3336 3156 angeli
3366 3099 3604 3153 namque

2022 3179 2346 3248 pusillorum
2382 3181 2436 3234 in
2473 3179 2718 3236 Ecclesia
2774 3195 2990 3249 semper
3019 3178 3206 3233 vident
3255 3177 3450 3233 faciem
3498 3174 3604 3233 Pa-

2021 3272 2122 3326 tris
2155 3272 2249 3342 qui
2278 3273 2332 3328 in
2359 3274 2515 3328 coelis
2545 3281 2651 3328 est.
2672 3271 3103 3328 Accedetautcm
3132 3271 3294 3327 homo
3325 3268 3605 3340 quispiam

2022 3363 2089 3418 ad
2123 3379 2239 3429 eos,
2275 3365 2358 3419 vir
2388 3381 2510 3420 vere
2558 3364 2857 3435 perfectus,
2889 3379 3126 3434 eumque
3181 3361 3364 3424 ferens
3391 3363 3485 3437 qui
3533 3360 3605 3416 ad

2021 3456 2312 3527 imaginem
2347 3456 2439 3511 Dei
2473 3457 2651 3514 factus
2682 3472 2788 3524 est,
2817 3461 2908 3530 qui
2963 3461 3074 3516 alto
3103 3459 3270 3518 corde
3331 3457 3604 3521 munitus,

2021 3549 2426 3620 imperterritus
2464 3561 2656 3608 contra
2678 3569 2776 3609 eos
2831 3555 3003 3614 aciem
3049 3554 3304 3615 instruet,
3341 3552 3604 3622 ipsosque

2020 3653 2214 3694 omnes
2245 3640 2558 3710 dissipabit,
2586 3644 2658 3694 ita
2692 3650 2750 3699 ut
2800 3643 2921 3710 ejus
2946 3656 3109 3711 opera
3154 3638 3299 3696 Deus
3333 3639 3604 3694 exaltetur

2017 3736 2073 3782 et
2107 3730 2280 3801 gloria
2312 3730 2602 3794 afﬁciatur,
2636 3715 2939 3800 eorumque
2983 3731 3227 3784 omnium
3270 3729 3484 3799 sagittae
3515 3729 3601 3783 in-

2019 3817 2190 3874 ﬁrma:
2237 3819 2557 3889 debilesque
2609 3819 3058 3896 comprobentur,
3093 3833 3157 3873 ac
3211 3819 3381 3888 plagae
3409 3831 3601 3877 eorum

2018 3925 2120 3981 pro
2144 3909 2362 3981 sagittis
2388 3911 2742 3982 parvulorum
2801 3918 3146 3980 reputentur,
3173 3918 3228 3966 et
3287 3909 3484 3978 linguae
3511 3923 3600 3964 eo-.

2017 4019 2142 4058 rum
2177 4003 2233 4060 in
2258 4003 2393 4074 ipsis
2417 4004 2782 4063 infirmentur.
2828 4001 3152 4072 llujusmodi
3207 4000 3352 4058 enim
3384 4001 3473 4054 ille
3502 3999 3600 4053 ho-

2017 4113 2106 4151 mo
2137 4095 2229 4152 Dei
2255 4107 2360 4159 est,
2392 4096 2485 4169 qui
2508 4095 2672 4152 corde
2731 4095 2842 4149 alto
2876 4103 3069 4152 contra
3120 4102 3457 4150 memoratos
3504 4092 3599 4148 ho-

2016 4180 2192 4246 mines
2238 4189 2412 4243 aciem
2464 4188 2708 4251 instruit,
2745 4195 2800 4241 ut
2827 4187 3014 4257 plagas
3077 4187 3216 4256 ipse,
3250 4193 3304 4241 et
3364 4185 3600 4255 sagittas

2016 4280 2448 4350 sophismatibus
2478 4291 2697 4350 paratas
2721 4281 2990 4351 excipiat;
3051 4281 3329 4352 ipsasque,
3357 4287 3544 4352 utpote
3565 4293 3599 4338 a

2015 4375 2256 4444 parvulis
2286 4375 2521 4433 infirmis
2544 4375 2800 4436 emissas,
2831 4375 3057 4429 irrideat
3080 4389 3145 4428 ac
3176 4390 3274 4444 pro
3296 4373 3468 4426 nihilo
3491 4371 3595 4425 ha—

2015 4464 2160 4519 beat.
2191 4464 2306 4522 Sub
2337 4465 2452 4523 haec
2475 4476 2766 4536 postquam
2801 4480 2989 4524 eorum
3045 4464 3384 4533 sephismata
3413 4463 3598 4517 solve!

2015 4556 2105 4616 rit,
2130 4556 2347 4626 linguas
2373 4566 2427 4612 et
2452 4572 2738 4612 sermones
2767 4571 2957 4612 eorum
3003 4555 3248 4612 infirmos
3270 4555 3597 4626 comproba-e

2014 4647 2114 4702 bit.
2142 4647 2251 4702 Cor
2285 4657 2466 4703 autem
2519 4649 2690 4705 altum
2739 4654 2843 4710 est,
2904 4646 3050 4716 quod
3106 4646 3426 4717 disciplinas
3483 4659 3596 4706 non

2010 4739 2191 4808 quoad
2224 4739 2566 4808 superficiem
2591 4747 2804 4792 tantum
2847 4739 3075 4800 obtinet,
3111 4753 3287 4808 neque
3335 4738 3386 4790 in
3420 4738 3598 4808 prolas

2013 4829 2134 4883 titio
2159 4843 2415 4884 sermone
2445 4829 2754 4897 gloriatur;
2803 4829 2895 4882 sed
2928 4827 3076 4898 quod
3130 4827 3276 4881 intus
3305 4827 3427 4882 ﬁdei
3464 4826 3592 4882 fun-

2012 4920 2269 4978 damenta
2304 4920 2548 4975 radicata
2580 4920 2764 4975 habet.
2799 4918 3214 4990 Consequenter
3247 4919 3413 4989 igitur
3436 4931 3590 4994 post.

2012 5029 2174 5083 quam
2211 5013 2567 5069 rationabiles
2596 5012 2864 5082 quosdam
2913 5005 3166 5067 inimicos
3201 5012 3439 5082 linguam
3463 5029 3594 5067 exa-

2011 5112 2257 5168 cuentes,
2285 5114 2340 5160 et
2358 5105 2514 5160 labiis
2533 5106 2638 5159 tela
2661 5105 2940 5160 vibrantes
2971 5103 3282 5168 induxerat,
3315 5105 3588 5165 hominem

2011 5198 2107 5256 Dei
2140 5199 2252 5254 alto
2285 5201 2452 5254 corde
2483 5199 2811 5256 instructum
2848 5199 2986 5270 ipsis
3013 5200 3276 5270 opponit,
3309 5199 3590 5270 Deumque

2010 5289 2129 5358 ejus
2153 5305 2319 5359 opera
2343 5288 2518 5359 gloria
2567 5289 2928 5355 celebratum,
2973 5290 3204 5362 illosque
3253 5289 3496 5364 abjectos
3524 5303 3590 5346 ac

2009 5381 2243 5453 turpiter
2270 5387 2490 5451 agentes
2515 5379 2687 5441 effert.

2089 5641 2247 5721 "ms.
2280 5659 2366 5716 lo.
2411 5676 2430 5711 ι
2465 5657 2789 5720 Conturbati
2814 5669 2942 5715 sunt
2975 5673 3166 5716 omnes
3198 5657 3291 5728 qui
3330 5654 3587 5715 videbant

2007 5772 2124 5821 eos,
2159 5764 2213 5811 et
2242 5755 2426 5832 timuit
2466 5750 2649 5840 omnis
2696 5755 2881 5810 homo.
2916 5774 2934 5806 ι
2967 5753 3411 5808 Consentaneum
3441 5757 3585 5819 erat,

2008 5846 2214 5907 eversis
2266 5846 2334 5901 iis
2379 5845 2472 5923 qui
2519 5837 2636 5901 sibi
2673 5846 2950 5918 sapientes
3003 5845 3348 5908 videbantur,
3395 5837 3579 5906 inimi.
