4100 6532
491 393 608 446 665‘

1177 394 1448 452 EUSEBII
1487 391 1976 452 C.-ES.\RIENSIS
2005 392 2154 448 OPP.
2199 393 2380 451 PARS
2415 397 2502 452 ιιι.
2543 431 2611 444 ——-
2647 400 3056 457 EXEGETICA.

3660 409 3764 466 σει
3797 385 3804 390 ’

493 507 686 579 eisque
704 507 990 566 animata!)
1023 509 1251 565 homine
1274 509 1370 566 Dei
1403 511 1727 576 confutatis,
1760 527 1855 567 eos
1887 510 1983 581 qui
2014 510 2061 563 in

2174 512 2312 581 μίων
2357 515 2800 586 ἀπελεγχθέντων
2862 515 2969 570 ὑπὸ
3019 516 3117 571 τοῦ
3157 517 3443 591 ἀνθρώπου
3479 521 3569 575 τοῦ
3605 523 3766 579 Θεοῦν

493 600 762 670 sapientia
793 599 1163 670 huiussaeeuli
1199 618 1308 656 non
1340 603 1414 658 ita
1439 603 1723 675 conspicui
1753 611 1910 658 erant
1941 617 2074 657 con-

493 691 725 747 turbari.
763 689 898 752 Nam
955 708 1080 754 cum
1138 694 1213 747 illi
1241 710 1464 764 quoque
1499 695 1552 750 in
1601 709 1832 749 numero
1883 709 2070 750 eorum

491 781 584 849 qui
642 780 772 834 victi
813 780 1030 838 fuerant
1079 793 1551 852 computareutur,
1603 796 1658 842 et
1717 786 1820 858 ipsi
1856 801 2074 859 quoque

485 872 634 932 athei
669 882 722 927 et
753 872 904 951 impii
933 883 1155 941 essent;
1190 885 1449 932 caeterum
1482 886 1668 947 utpote
1702 879 1906 933 malitia
1937 877 2073 948 ipsis

491 962 728 1034 impares
762 1003 777 1026 ,
851 964 1108 1022 fortiores
1167 967 1365 1036 seipsis
1431 968 1674 1024 devictos
1736 977 2023 1024 cernentes
2055 1009 2071 1031 ,

489 1056 911 1115 conturbantur.
985 1057 1166 1123 Quare
1235 1059 1440 1116 dictum
1483 1069 1566 1114 est
1616 1079 1627 1113 :
1677 1079 1695 1110 ι
1749 1059 2074 1114 Conturbati

490 1154 624 1207 sumi
672 1163 866 1210 culpes
917 1149 1008 1219 qui
1075 1149 1331 1215 videbant
1379 1166 1496 1210 eos.
1539 1171 1556 1202 ι
1612 1153 1680 1204 Αι
1736 1151 1828 1206 Dei
1885 1152 2070 1216 homo,

487 1246 542 1294 et
595 1254 787 1299 omnes
847 1240 974 1308 ejus
1019 1241 1204 1304 amici,
1265 1241 1355 1309 qui
1409 1257 1504 1310 per
1556 1257 1724 1295 unum
1782 1243 2070 1297 victoriam

488 1330 554 1384 de
575 1331 814 1388 inimicis
843 1331 1174 1397 retulerunt,
1203 1333 1369 1388 Deum
1391 1341 1523 1387 tunc
1549 1335 1721 1404 magis
1748 1335 2068 1399 timuerunt,

494 1439 511 1470 ι
550 1428 606 1475 εὖ
638 1423 1108 1478 annuntiaverunt
1138 1439 1306 1492 opera
1340 1426 1454 1489 Dei,
1488 1445 1505 1477 ι
1544 1434 1599 1482 et
1645 1425 2070 1494 iustificationes

487 1511 621 1580 eius.
637 1512 1045 1570 intellexerunt.
1074 1509 1304 1568 Etiamsi
1333 1517 1478 1570 enim
1504 1518 1668 1570 homo
1694 1516 1991 1582 videretur,
2016 1523 2072 1572 et

487 1603 602 1658 alto
623 1602 791 1660 cordo
815 1611 1104 1674 putaretur
1128 1605 1384 1662 inimicos
1405 1606 1743 1673 debellasse;
1778 1623 1805 1662 a
1831 1606 2071 1678 prudeno

443 1677 451 1686 ’
487 1692 641 1753 tibus
662 1703 848 1753 tamen
891 1703 950 1750 ut
981 1694 1124 1753 Deus
1175 1704 1371 1751 auctor
1400 1698 1642 1760 victoria:
1696 1677 2068 1768 cognosceba-

487 1793 595 1838 tnr.
631 1784 817 1851 Quare
845 1787 879 1840 ii
911 1802 1078 1856 opera
1117 1786 1208 1842 Dei
1250 1790 1676 1855 annuntiabant,
1722 1801 1776 1844 et
1806 1789 2067 1859 praeclara

2174 599 2300 661 τοὺς
2355 599 2428 672 μὴ
2481 602 2623 655 οὕτω
2651 603 2858 668 δεινοὺς
2903 607 2958 657 ἐν
3007 607 3169 677 σοφίᾳ
3211 607 3307 660 τοῦ
3347 610 3542 675 αἰῶνος
3577 612 3767 669 τούτου

2174 693 2554 764 ταράττεσθαι,
2595 696 2705 766 Τῆς
2735 697 2846 768 γὰρ
2871 698 3084 769 μερίδος
3105 699 3257 762 ὄντες
3286 700 3392 752 τῶν
3416 702 3764 774 ἡττωμένων,

2175 782 2320 843 ἄθεοι
2353 785 2445 838 καὶ
2469 785 2622 837 αὐτοὶ
2644 787 2737 838 καὶ
2758 785 3036 850 δυσσεϐεῖς
3061 803 3075 817 ·
3120 787 3260 859 πλὴν
3289 789 3364 853 ὡς
3387 789 3444 842 ἐν
3474 793 3642 864 κακίᾳ
3665 795 3768 864 τῆς

2173 876 2398 932 ἐκείνων
2434 876 2737 948 δεινότητος
2779 879 3054 943 ἐλάττους,
3096 880 3334 949 ὁρῶντες
3379 885 3768 954 νενικημένους

2172 967 2298 1030 τοὶς
2356 967 2564 1022 ἑαυτῶν
2611 967 2868 1038 βελτίους,
2905 971 3289 1042 ταράττονται.
3337 974 3428 1026 Διὸ
3474 975 3761 1031 λέλεκται·

2178 1077 2196 1108 ι
2249 1058 2654 1132 Ἐταράχθησαν
2686 1061 2885 1126 πάντες
2915 1065 2965 1115 οι
2994 1062 3326 1134 θεωροῦντες
3374 1065 3590 1130 αὐτούς.
3641 1086 3660 1119 ι
3691 1070 3763 1123 '0

2172 1166 2235 1218 γε
2271 1150 2375 1221 μὴν
2405 1150 2498 1204 τοῦ
2528 1151 2662 1204 Θεοῦ
2707 1152 2992 1224 ἄνθρωπος
3035 1155 3128 1207 καὶ
3164 1146 3364 1219 πάντες
3399 1159 3446 1210 οἱ
3481 1159 3653 1230 τούτῳ
3682 1161 3764 1230 cp!-

2166 1238 2272 1301 λοι,
2307 1240 2400 1294 ’διὰ
2421 1240 2516 1292 τοῦ
2547 1241 2666 1304 ἐνὸς
2705 1241 2774 1293 τὰ
2819 1243 2938 1294 κατ’
2969 1242 3178 1314 ἐχθρῶν
3210 1243 3437 1316 βραδεῖα
3469 1248 3761 1318 ἀράμενοι,

2177 1330 2436 1400 μειζόνως
2464 1331 2554 1383 τὸν
2583 1331 2716 1385 Θεὸν
2751 1332 3117 1404 ἐφοϐήθησαν,
3151 1353 3168 1384 ι
3199 1337 3292 1387 καὶ
3333 1337 3662 1408 ἀνήγγειλαν
3693 1340 3765 1392 τὰ

2172 1419 2310 1488 ἔργα
2334 1418 2426 1472 τοῦ
2457 1419 2614 1484 Θεοῦ,
2655 1440 2672 1472 ι
2699 1422 2792 1474 καὶ
2822 1423 2889 1474 τὰ
2923 1422 3269 1493 δικαιώματα
3304 1423 3468 1479 αὐτοῦ
3499 1428 3758 1497 συνῆκαν.

2172 1511 2234 1562 Εἰ
2265 1511 2373 1582 γὰρ
2405 1511 2499 1563 καὶ
2525 1511 2591 1564 τὰ
2615 1510 2849 1582 μάλιστα
2883 1514 3169 1585 ἄνθρωπος
3197 1516 3392 1579 ἐδόκει,
3433 1520 3526 1571 καὶ
3561 1521 3765 1592 καρδία

2174 1601 2364 1673 βαθείᾳ
2412 1603 2509 1675 τὴν
2554 1603 2662 1657 τῶν
2707 1604 2980 1676 πολεμίων
3027 1607 3340 1678 ἀνατροπὴν
3391 1610 3762 1680 πεποιῆσθαι,

2171 1694 2307 1747 ἀλλὰ
2359 1700 2472 1757 τοῖς
2519 1700 2760 1760 ουνετοῖς
2817 1699 3163 1767 ἐγνωρίζετο,
3203 1701 3362 1762 αὐτὸς
3386 1699 3460 1753 ὣν
3495 1705 3522 1754 6
3565 1702 3697 1766 Θεὸς
3730 1706 3761 1756 6

2170 1787 2270 1857 τῆς
2297 1787 2451 1857 νίκης
2485 1788 2674 1852 αἴτιος.
2708 1790 2802 1842 Διὸ
2840 1790 2910 1842 τὰ
2933 1790 3066 1861 ἔργα
3089 1790 3183 1843 τοῦ
3219 1791 3356 1845 Θεοῦ
3391 1795 3754 1863 ἀπήγγελλον,

485 1876 683 1950 ejusin
715 1878 994 1936 hominum
1029 1880 1262 1949 gratiam
1318 1891 1471 1952 gesta
1527 1881 1772 1942 facinora
1818 1881 2061 1936 celebra-

2167 1877 2461 1948 ὑμνοῦντες
2513 1880 2679 1934 αὑτοῦ
2745 1880 2811 1934 τὰ
2865 1881 2929 1933 δι’
2975 1881 3276 1952 ἀνθρώπων
3333 1885 3754 1958 κατορθώματα.

485 1969 636 2024 bant:
680 1967 744 2024 Hi
775 1971 980 2040 itaque,
1019 1979 1078 2023 ut
1106 1979 1465 2041 spectatores,
1494 1973 1561 2030 de
1610 1973 1838 2028 victoria
1870 1972 2064 2028 trium-

485 2059 731 2129 phatoris
765 2059 930 2117 Deum
962 2062 1217 2118 laudibus
1247 2062 1563 2120 eﬂ‘erebant.
1597 2063 1715 2130 Ipse
1745 2071 1929 2118 autem
1980 2064 2065 2117 vi-

484 2159 606 2206 ctor-
645 2170 662 2202 ‹
693 2153 966 2211 hetahitur
1002 2153 1060 2206 in
1112 2151 1363 2219 Domino,
1414 2164 1468 2210 et
1515 2155 1760 2225 sperabit
1808 2154 1862 2208 in
1917 2169 2002 2209 eo.
2041 2174 2060 2207 ι

484 2237 669 2309 Neque
697 2243 842 2296 enim
880 2243 950 2297 de
989 2244 1170 2312 seipse
1202 2260 1459 2315 magnum
1514 2247 1734 2312 sentiet,
1788 2262 1970 2316 neque
1999 2247 2068 2304 de

484 2329 715 2383 victoria
743 2331 1000 2410 eﬂ'eretur
1025 2371 1039 2395 ,
1090 2333 1184 2387 sed
1221 2335 1408 2388 divino
1439 2336 1638 2405 gaudio
1667 2346 1721 2391 et
1746 2337 1931 2391 laetitia
1979 2352 2066 2392 re-

485 2422 741 2492 plebitur,
791 2430 978 2492 utpote
1028 2424 1122 2494 qui
1151 2425 1381 2482 victoris
1412 2425 1507 2482 Dei
1564 2426 1816 2483 minister
1875 2427 2061 2483 fuerit.

486 2512 598 2568 Hoc
631 2529 804 2584 porro
821 2515 1057 2580 lattante,
1093 2531 1288 2572 ornnes
1309 2519 1444 2573 recti
1477 2519 1644 2574 corde
1668 2519 2064 2585 laudabuntur,

485 2607 592 2679 ipsi
621 2623 839 2678 quoque
865 2609 1029 2664 unius
1061 2623 1226 2680 opera
1256 2624 1357 2666 ceu
1390 2611 1628 2667 victores
1677 2611 1877 2667 effecti.
1927 2611 2064 2668 Nam

482 2709 631 2756 totus
683 2700 824 2756 ordo.
878 2708 1164 2771 totumque
1231 2717 1435 2772 corpus
1488 2713 1806 2763 sanctorum
1849 2705 2065 2761 laudem

483 2800 870 2861 consoquetuu,
918 2793 1068 2863 quia,
1113 2793 1418 2854 secundum
1449 2793 1506 2849 S.
1544 2796 1892 2864 Apostolum,
1955 2813 2065 2852 uno

484 2883 728 2938 membro
747 2884 975 2954 gloriam
999 2883 1290 2951 referente,
1319 2885 1507 2941 omnia
1531 2886 1775 2944 membra
1801 2870 1854 2942 in
1877 2888 2065 2959 gloriae

484 2985 694 3046 partem
729 2976 975 3031 veniunt.

520 3087 584 3140 IN
625 3087 857 3154 FINEM,
901 3088 1225 3144 PSALML‘S
1261 3088 1540 3147 CANTICI
1585 3091 1796 3147 DAVID
1836 3092 2020 3148 LXIV.

553 3197 720 3255 Vens.
759 3200 814 3264 2,
839 3202 894 3256 5.
929 3220 946 3252 ι
979 3201 1055 3257 Te
1095 3202 1252 3258 decet
1282 3203 1540 3273 hymnus,
1593 3205 1756 3268 Deus,
1792 3207 1847 3260 in
1901 3205 2056 3272 Sion,
2087 3211 2129 3270 C

481 3301 534 3348 ct
566 3293 661 3346 tibi
696 3293 953 3349 reddetur
977 3301 1162 3348 votum
1194 3295 1248 3349 in
1279 3293 1604 3354 Jerusalem.
1654 3317 1671 3349 ι
1710 3297 2060 3368 Prophetiam

481 3388 864 3460 complectitur
897 3405 1085 3444 eorum
1122 3407 1243 3460 qua:
1286 3391 1341 3446 in
1375 3391 1536 3448 finem
1571 3402 1832 3447 eventura
1866 3402 2058 3461 erant;

480 3487 812 3550 quaprOpter
844 3481 1167 3535 inscribitur
1202 3499 1221 3533 ι
1282 3480 1337 3536 In
1388 3482 1571 3539 finem.
1605 3502 1622 3534 ι
1664 3483 1923 3548 Quaenam
1960 3499 2060 3538 au-

481 3579 588 3624 tem
631 3571 720 3624 illa
754 3582 960 3636 essent,
1017 3571 1214 3626 deinde
1249 3573 1423 3642 aperit
1462 3571 1548 3627 his
1593 3573 1815 3628 verbis:
1849 3593 1866 3624 ι
1901 3573 1982 3628 Ad
2008 3583 2060 3628 te

477 3664 657 3720 omnis
694 3679 823 3720 caro
866 3665 1064 3719 veniet.
1109 3685 1127 3716 ι
1163 3663 1281 3718 Νοη
1309 3664 1422 3734 jam
1471 3664 1646 3718 solum
1677 3663 1941 3720 Iudaicus
1963 3681 2060 3736 po-

478 3756 661 3826 pulus.
699 3757 791 3811 sed
824 3760 1003 3812 omnis
1031 3772 1180 3818 caro.
1210 3756 1262 3810 id
1287 3765 1391 3819 est,
1427 3764 1601 3812 totum
1646 3755 1928 3810 hominum
1970 3772 2063 3827 3e-

477 3863 599 3902 nus.
635 3846 727 3902 Sic
759 3849 902 3903 enim
934 3849 1073 3903 solet
1109 3846 1396 3918 Scriptura
1423 3847 1676 3902 homines
1703 3861 1899 3901 omnes
1919 3847 2061 3901 indi-

475 3955 624 4002 care,
661 3940 754 4010 qui
780 3941 908 3994 olim
955 3941 1206 3994 carnales
1239 3940 1556 4010 terrenique
1585 3948 1763 3994 erant.
1797 3938 1976 4005 Quare
2005 3940 2059 3994 in

477 4033 591 4102 lege
617 4031 853 4086 dicitur:
889 4050 905 4082 ι
943 4031 1202 4102 Corrupit
1227 4031 1406 4086 omnis
1433 4048 1562 4087 caro
1589 4033 1728 4085 viam
1757 4047 1914 4086 suam
1946 4034 2003 4096 ’ς
2035 4051 2052 4082 δ

475 4138 540 4175 ac
586 4139 848 4178 rursum:
898 4143 916 4174 ι
957 4122 1074 4178 Non
1122 4127 1464 4195 permanebit
1511 4127 1739 4194 spiritus
1791 4141 1949 4181 meus
2002 4125 2057 4178 in

477 4213 786 4267 hominibus
843 4213 949 4277 his,
995 4214 1125 4284 quia
1185 4230 1380 4270 carnes
1431 4223 1559 4271 sunt
1597 4217 1658 4271 ".
1709 4235 1726 4268 ι
1767 4213 1878 4270 Sed
1923 4221 2056 4268 tunc

475 4307 692 4376 quidem
747 4307 929 4363 omnis
973 4321 1101 4360 caro
1164 4306 1555 4374 incusabatur;
1591 4321 1738 4361 nunc
1797 4321 1927 4361 vero
1985 4304 2057 4359 ad

473 4400 641 4455 Deum
675 4409 900 4454 ventura
936 4399 1156 4455 dicitur.
1208 4398 1573 4464 Quamobrem
1633 4402 1726 4470 qui
1770 4407 1894 4470 post
1951 4397 2057 4451 Da-

470 4494 648 4549 videm
694 4492 793 4547 fuit
825 4493 939 4549 Joel
999 4494 1299 4564 propheta,
1361 4493 1510 4547 omni
1576 4493 1728 4546 carni
1797 4491 2056 4562 pulcher-

472 4586 610 4638 rima
667 4586 996 4640 vaticinatur
1042 4585 1234 4641 dit-ens
1283 4605 1295 4640 ε
1347 4582 1679 4638 «Ειΐιιηάιιιη
1733 4583 1798 4637 de
1853 4583 2052 4652 spiritu

471 4691 592 4731 meo
637 4692 800 4746 super
842 4693 1058 4732 omnem
1105 4693 1358 4735 carnem,
1391 4683 1442 4729 ct
1493 4673 1896 4744 prophetabunt
1922 4674 1985 4725 ἰ.
2027 4691 2047 4723 ι

472 4767 711 4837 Idipsunt
756 4785 973 4840 quoque
1025 4769 1268 4822 declarat
1321 4766 1488 4820 Isaias
1539 4766 1728 4818 dicens
1775 4784 1786 4817 :
1839 4783 1855 4814 ι
1888 4763 2052 4818 Vide-

470 4856 548 4912 bit
597 4861 776 4915 omnis
824 4877 952 4915 c.tt‘0
1001 4863 1242 4915 salutare
1285 4859 1378 4914 Dei
1426 4861 1489 4911 η.
1540 4879 1556 4909 ι
1613 4857 1864 4912 Salutare
1919 4872 2051 4925 pora

469 4964 534 5002 ro
593 4947 688 5003 Dei
743 4951 810 5004 ab
851 4952 997 5005 omni
1029 4967 1195 5007 carne
1237 4951 1680 5021 cognoscendum
1717 4949 1846 5019 quid
1901 4949 2050 5002 aliud

469 5038 656 5102 fuerit,
693 5055 858 5110 quam
893 5039 1147 5096 Christus
1196 5041 1312 5102 Dei,
1344 5050 1400 5094 ut
1446 5043 1769 5112 plerumque
1822 5039 2050 5094 demon-

470 5129 943 5188 stravimusHIoc
978 5131 1161 5201 itaque
1216 5133 1455 5186 salutare
1507 5133 1764 5188 omnibus
1806 5131 2046 5186 homini-

470 5224 590 5284 bus,
616 5224 708 5294 qui
731 5224 860 5277 olim
883 5223 1134 5278 carnales
1159 5232 1337 5286 erant,
1382 5226 1680 5279 revelatum
1729 5225 1794 5278 iri
1826 5225 1880 5278 in
1911 5226 2048 5278 vati-

469 5315 618 5367 cinio
673 5314 1012 5369 cnttntiatur.
1070 5312 1202 5367 Jure
1263 5329 1392 5383 ergo
1450 5331 1690 5383 prmsens
1756 5317 1998 5384 psalmus
2034 5354 2048 5376 ,

469 5407 704 5477 idipsum
764 5406 1116 5482 significans,
1152 5405 1574 5474 promissionem
1623 5407 1875 5475 obsignat
1921 5421 2046 5460 cum

469 5499 585 5553 ait:
625 5517 643 5550 ι
681 5499 760 5552 Ad
787 5506 837 5552 te
867 5497 1050 5551 omnis
1081 5512 1212 5550 caro
1263 5498 1465 5551 veniet.
1506 5516 1524 5547 ι
1583 5496 1699 5552 Sub
1730 5500 1842 5552 Irzec
1865 5506 2047 5552 autem

467 5591 670 5646 clarius
703 5590 1031 5647 sententiam
1057 5587 1210 5641 ciiert
1240 5600 1365 5640 cum
1397 5587 1549 5641 addit
1586 5607 1596 5640 :
1631 5607 1648 5639 ι
1684 5587 1889 5642 Exaudi
1922 5604 2047 5651 nos,

469 5682 632 5747 Deus,
673 5684 931 5738 salutaris
953 5689 1162 5744 noster,
1200 5694 1326 5750 spes
1345 5679 1588 5734 omnium
1634 5680 1821 5732 finium
1860 5688 2041 5743 terrae,

1023 5843 1066 5871 "
1091 5837 1224 5893 Ibid.
1261 5840 1313 5893 ὅ.
1395 5837 1434 5868 ¹¹
1463 5835 1600 5890 loci.
1642 5852 1702 5901 II,
1731 5835 1822 5891 9.8.

545 5840 565 5871 ’
588 5840 721 5894 Cen.
753 5856 823 5904 rt,
856 5841 939 5894 ιὲ.

2169 1961 2327 2021 Οὗτοι
2358 1969 2455 2039 μὲν
2484 1965 2596 2031 οῦν,
2644 1969 2834 2040 ὥσπερ
2889 1969 3095 2032 Θεαται,
3127 1971 3217 2023 τὸν
3263 1970 3398 2024 Θεὸν
3442 1970 3757 2038 δοξάζοντες

2167 2059 2260 2112 ἐπ)⁸
2311 2063 2373 2132 τῇ
2425 2060 2550 2134 νίκῃ
2595 2061 2688 2114 τοῦ
2715 2061 3059 2131 νενικηκότος
3100 2061 3388 2118 διετέλουν.
3430 2064 3598 2128 Αὐτὸς
3639 2064 3694 2118 δὲ
3728 2069 3758 2118 6

2167 2151 2392 2222 νικητὴς
2426 2171 2444 2202 ι
2483 2151 2912 2224 εὐφρανθήσεται
2967 2154 3060 2206 ἐπὶ
3093 2152 3170 2223 τῷ
3206 2154 3416 2226 Κυρίῳ,
3448 2157 3539 2214 καὶ
3580 2157 3759 2211 ἐλπιεί

2169 2243 2254 2294 ἐπ’
2290 2243 2470 2296 αὐτόν.
2508 2262 2525 2294 ι
2560 2244 2634 2296 Οὐ
2685 2243 2794 2315 γὰρ
2825 2246 2908 2313 ἐφ’
2941 2244 3116 2314 ἐαυτῷ
3150 2245 3290 2316 μέγα
3326 2247 3604 2316 φρονήσει,
3645 2249 3754 2300 οὐδ’

2167 2333 2259 2384 ἐπὶ
2284 2337 2353 2404 τῇ
2380 2334 2504 2407 νίκῃ
2535 2334 2904 2406 ἐπαρθήσεται
2931 2351 2942 2360 ·
2974 2337 3146 2405 χαρᾶς
3179 2334 3235 2387 δὲ
3267 2335 3416 2399 θείας
3445 2338 3539 2390 καὶ
3559 2339 3757 2408 εὐφρο-

2169 2424 2333 2495 σύνης
2383 2425 2822 2497 πληρωθήσεται,
2853 2427 2928 2490 ὡς
2959 2428 3225 2498 ὑπουργὸς
3261 2429 3356 2482 καὶ
3384 2428 3625 2492 διάκονος
3658 2428 3754 2498 τοῦ

2167 2512 2442 2568 νικοποιοῦ
2499 2513 2634 2567 Θεοῦ
2667 2513 2926 2583 γεγονώς.
2974 2515 3176 2569 Τούτου
3212 2515 3269 2568 δὲ
3300 2517 3754 2587 εὐφραινομένου,

2169 2608 2365 2670 πάντες
2397 2608 2444 2659 οί
2485 2606 2663 2670 εὐθείς
2693 2609 2758 2677 τῇ
2795 2606 2994 2679 καρδίᾳ
3029 2607 3498 2679 ἐπαινεθήσονται,
3529 2599 3617 2662 διὰ
3656 2607 3752 2660 τοῦ

2167 2699 2284 2763 ἐνὸς
2318 2699 2411 2752 καὶ
2449 2700 2600 2752 αὐτοὶ
2630 2698 2817 2772 ὥσπερ
2871 2701 3080 2770 θικηταί
3116 2701 3544 2771 ἀποδειχθέντες.
3590 2701 3754 2757 Ὀλοιν

2165 2791 2276 2860 γὰρ
2297 2791 2358 2843 τὸ
2387 2791 2572 2862 τάγμα
2602 2793 2693 2846 καὶ
2722 2792 2782 2846 τὸ
2824 2792 2984 2863 σῶμα
3037 2792 3144 2845 τῶν
3171 2792 3340 2861 ἁγίων
3374 2793 3596 2848 ἐπαίνου
3623 2793 3751 2846 teti-

2168 2878 2356 2946 ξεται·
2393 2882 2602 2954 ἐπειδὴ,
2651 2883 3010 2954 δοξαζομένου
3075 2884 3266 2955 μέλους
3309 2884 3446 2948 ἐνὸς,
3498 2883 3752 2949 συνδοξὰ-

2167 2971 2318 3037 ζεται
2360 2975 2535 3028 πάντα
2566 2974 2634 3028 τὰ
2670 2975 2828 3046 μέλη,
2862 2976 3001 3030 κατὰ
3034 2976 3125 3029 τὸν
3162 2977 3302 3048 ἱερὸν
3339 2977 3673 3031 Ἀπόστολον.

2165 3084 2277 3142 ΕιΣ
2303 3088 2389 3140 T0
2424 3086 2670 3150 ΤΕΑοΣ,
2709 3087 2999 3148 νιιΑΜοΣ
3033 3087 3121 3158 To
3148 3089 3350 3144 ΔΑΥΙΔ
3401 3089 3594 3161 nam.
3631 3089 3749 3150 ΞΔσ.

2240 3223 2258 3256 ι
2298 3204 2390 3257 Σοὶ
2425 3203 2623 3274 πρέπει
2655 3202 2840 3272 ὓμνος,
2870 3203 2898 3254 6
2929 3201 3081 3268 Θεὸς,
3109 3203 3166 3256 ἐν
3194 3203 3351 3268 Σιὼν,
3379 3205 3473 3258 καὶ
3508 3206 3590 3259 σοί
3611 3206 3750 3260 ἀπφ

2162 3295 2446 3366 δοθήσεται
2472 3294 2605 3364 εὐχὴ
2633 3297 2690 3347 ἐν
2729 3293 3102 3364 Ἰερουσαλήμ.
3144 3313 3172 3346 r
3193 3295 3538 3366 Προφητείαν
3564 3296 3750 3366 περιέ-

2163 3405 2244 3459 χει
2279 3386 2578 3457 μελλόντων
2604 3387 2682 3449 είς
2699 3386 2757 3438 τὸ
2781 3385 2933 3449 τέλος
2957 3385 3363 3455 ἀπαντήσεσθαι
3388 3390 3745 3459 πραγμάτων·

2161 3478 2242 3532 διὸ
2257 3477 2679 3548 ἐπιγέγραπται·
2701 3494 2722 3525 ι
2747 3476 2842 3539 Εἰς
2874 3476 2934 3529 τὸ
2963 3476 3132 3539 τέλος.
3164 3496 3184 3527 ι
3206 3477 3338 3530 Τίνα
3362 3478 3426 3531 νδὶ
3451 3479 3638 3542 ταῦτα,
3669 3478 3750 3530 δ·.‹⁵

2162 3573 2348 3627 δάσκει
2410 3572 2539 3642 ἑξῆς
2587 3571 2784 3640 λέγων,
2825 3589 2843 3620 ι
2886 3571 3032 3642 Πρὸς
3087 3571 3147 3624 σὲ
3196 3572 3346 3625 πᾶσα
3381 3571 3515 3642 σὰρξ
3547 3573 3687 3642 ἣξει,
3722 3591 3742 3623 ι

2163 3661 2356 3714 Οὐκέτι
2385 3662 2491 3731 γὰρ
2518 3661 2674 3730 μόνον
2707 3661 2767 3714 τὸ
2809 3661 3076 3714 Ἰουδαίων
3110 3661 3284 3724 ἔθνος,
3311 3661 3446 3714 ἀλλὰ
3469 3664 3561 3714 καὶ
3595 3663 3747 3716 πᾶσα

2164 3749 2318 3822 σὰρξ,
2374 3749 2618 3802 τουτέστι
2670 3751 2778 3802 πᾶν
2827 3750 2984 3818 γένος
3025 3751 3347 3823 ἀνθρώπων.
3394 3752 3579 3815 Οὕτως
3637 3753 3748 3823 γὰρ

2161 3841 2351 3897 εἴωθεν
2384 3842 2412 3894 ὀ
2446 3841 2616 3909 Λόγος
2679 3842 2886 3907 πάντας
2940 3843 3262 3916 ἀνθρώπους
3315 3843 3600 3912 σημαίνειν
3619 3845 3746 3906 τοὺς

2163 3934 2331 3987 πάλαι
2380 3934 2666 4005 σαρκίνους
2707 3935 2799 3986 καὶ
2855 3934 3094 4002 γεώδειςη
3127 3935 3216 3988 Διὸ
3251 3936 3342 3989 καὶ
3388 3937 3444 3987 ἐν
3487 3934 3562 4004 τῷ
3595 3935 3746 4004 νόμῳ

2161 4026 2439 4080 λέλεκται·
2477 4045 2496 4077 ι
2524 4026 2804 4098 Διέφθειρε
2854 4029 3002 4080 πᾶσα
3053 4026 3190 4098 σὰρξ
3228 4027 3332 4097 τὴν.
3347 4026 3468 4079 ὁδὸν
3488 4025 3682 4080 αὑτοῦ·
3720 4046 3738 4076 ο

2161 4120 2256 4171 καὶ
2298 4117 2455 4171 πάλιν
2483 4135 2496 4147 ·
2549 4135 2567 4166 ι
2613 4118 2685 4170 Οὐ
2727 4118 2799 4189 μὴ
2841 4119 3143 4190 καταμείνῃ
3188 4119 3250 4171 τὸ
3306 4119 3520 4188 πνεῦμά
3551 4135 3650 4188 μου
3684 4119 3743 4168 ἓν

2158 4212 2270 4282 τοῖς
2302 4209 2607 4282 ἀνθρώποις
2627 4210 2856 4273 τούτοις,
2879 4210 2965 4264 διὰ
2992 4211 3050 4262 τὸ
3087 4206 3224 4262 εἶναι
3255 4210 3446 4272 αὐτοὺς
3478 4212 3700 4279 σάρκας.
3720 4231 3736 4259 ι

2173 4280 2331 4355 vim:
2382 4280 2503 4354 τότε
2553 4303 2650 4372 μὲν
2703 4303 2853 4354 πᾶσα
2909 4299 3044 4370 σὰρξ
3098 4303 3484 4370 κατηγορεῖτο·
3530 4299 3624 4352 νῦν
3683 4300 3740 4354 δὲ

2157 4392 2308 4463 ἥξειν
2357 4394 2491 4465 πρὸς
2512 4392 2603 4445 τὸν
2637 4393 2768 4446 Θεὸν
2810 4392 3044 4458 λέγεται.
3077 4391 3167 4442 Διὸ
3190 4391 3282 4442 καὶ
3309 4391 3446 4458 μετὰ
3471 4391 3559 4443 τὸν
3581 4391 3742 4444 Δαυτδ

2171 4485 2346 4556 ἰωὴλ,
2408 4485 2694 4555 προφήτης
2759 4482 3066 4552 γενόμενος,
3126 4479 3194 4533 τὰ
3245 4479 3505 4532 κάλλιστα
3560 4481 3740 4550 πάσης

2163 4577 2361 4647 σαρκὸς
2390 4575 2635 4640 θεσπίζει
2675 4575 2882 4642 λέγων·
2920 4593 2938 4624 ι
2981 4572 3186 4642 Ἐκχεῶ
3232 4573 3338 4626 ἀπὸ
3373 4571 3464 4624 τοῦ
3499 4571 3737 4640 πνεύμα-

2161 4673 2251 4735 τός
2292 4689 2390 4742 μου
2435 4672 2526 4722 ἐπί
2573 4670 2752 4722 πᾶσαν
2798 4667 2996 4739 σάρκα,
3040 4668 3132 4720 καὶ
3184 4665 3669 4737 προφητεύσουσιν.
3715 4683 3733 4715 ι

2175 4763 2332 4816 Ἀλλὰ
2391 4765 2486 4816 καὶ
2536 4764 2564 4815 6
2620 4761 2843 4824 Ἡσαΐας
2901 4759 3100 4813 ταύτὸν
3144 4758 3470 4830 παρίστησιν
3533 4756 3732 4810 εἰπών·

2165 4872 2182 4904 ι
2223 4853 2447 4922 Ὅψεται
2499 4853 2648 4905 πᾶσα
2687 4851 2824 4922 σὰρξ
2862 4850 2922 4904 τὸ
2958 4851 3222 4922 σωτήριον
3248 4848 3342 4901 τοῦ
3384 4848 3538 4901 Θεοῦ.
3577 4868 3596 4899 υ
3626 4850 3738 4902 Σω-

2157 4950 2341 5016 τήριον
2386 4944 2441 4996 δὲ
2484 4943 2618 4997 Θεοῦ
2659 4943 2807 5015 πάσῃ
2843 4942 3008 5016 σαρκὶ
3047 4941 3494 5014 γνωσθησόμενον
3527 4943 3576 4994 τί
3610 4959 3736 4995 ποτε

2153 5033 2220 5109 ἧν
2246 5036 2374 5108 ἄρα,
2414 5036 2446 5107 ἢ
2477 5038 2505 5089 6
2524 5035 2756 5105 Χριστὸς
2800 5033 2895 5088 τοῦ
2921 5034 3077 5098 Θεοῦ,
3106 5032 3286 5097 καθὼς
3308 5033 3567 5097 πολλάκις
3598 5035 3734 5086 ἀπε-

2151 5129 2439 5199 δείξαμενς
2487 5127 2656 5180 Τοῦτο
2701 5123 2794 5180 οὖν
2834 5126 2892 5179 τὸ
2934 5127 3198 5197 σωτήριον
3227 5127 3392 5179 πᾶσιν
3431 5125 3738 5196 ἀνθρώποις

2151 5225 2261 5284 τοῖς
2317 5220 2479 5273 πάλαι
2551 5221 2826 5290 σχρκίνοις
2879 5219 3434 5290 ἀποκαλυφθήσεσθαι
3494 5235 3736 5289 προεφη-

2150 5315 2356 5366 τεύετο.
2383 5313 2621 5376 Εἰκότως
2648 5308 2738 5364 οὖν
2767 5313 2861 5365 καὶ
2885 5313 2911 5363 6
2939 5311 3075 5381 μετὰ
3107 5314 3292 5382 χεῖρας
3313 5309 3546 5379 ψαλμὸς.
3577 5309 3735 5361 τοῦτο

2153 5405 2283 5457 αὐτὸ
2320 5405 2622 5474 σημαίνων,
2664 5400 3118 5473 ἐπισφραγίζεται
3148 5403 3245 5472 τὴν
3288 5399 3622 5469 ἐπαγγελίαν
3646 5399 3736 5452 διὰ

2153 5496 2247 5548 τοῦ
2273 5497 2471 5564 φάναι·
2522 5515 2538 5544 ι
2570 5496 2710 5567 Πρὸς
2755 5495 2813 5547 σὲ
2842 5489 2993 5546 ’πᾶσα
3028 5493 3164 5566 σὰρξ
3195 5494 3336 5564 ἥξει.
3374 5511 3391 5545 ι
3428 5495 3736 5546 Ὑποκατα-

2154 5589 2253 5652 σὰς
2282 5589 2358 5655 δὲ,
2387 5590 2716 5659 σαφέστερον
2740 5585 3035 5658 ἐρμηνεύει
3064 5586 3161 5658 τὴν
3184 5587 3421 5641 διάνοιαν
3441 5585 3731 5652 ἐπιλέγων·

2159 5698 2176 5730 ι
2231 5681 2562 5736 ἐπὰκουσον
2591 5682 2622 5749 ἡ
2635 5678 2769 5748 μῶν,
2807 5680 2834 5732 6
2873 5677 3006 5741 Θεὸς
3032 5681 3058 5731 6
3101 5679 3282 5751 σωτὴρ
3312 5677 3543 5749 ἡμῶν,ἡ
3580 5675 3735 5740 ἐλπὶς

1906 5837 1946 5867 ¹²
1971 5834 2074 5894 Isa.
2113 5851 2209 5900 LII,
2246 5836 2332 5893 ιο.
