4100 6530
485 332 592 387 ου

1149 331 1417 389 EUSEBH
1457 333 1938 390 CESAIllENSlS
1970 333 2121 390 OPP.
2160 332 2342 391 PARS
2381 335 2467 391 ιιι.
2509 365 2576 378 -
2614 331 3020 390 ΕΧΕΟΕἸΊΕΛ.

3622 333 3724 389 633

479 445 802 515 ceterisque
827 444 1010 499 mundi
1052 446 1298 515 partibus
1327 447 1396 500 ab
1457 447 1524 502 iis
1553 448 1791 513 canitur,
1819 448 1911 517 qui
1958 461 2048 502 ea-

2157 466 2322 521 μασιν
2356 447 2686 519 ἀκαθάρτοις
2713 446 3165 516 ἀναπεμπόμενος
3188 461 3201 474 ο
3237 441 3490 514 ἀπρεπὴς
3515 443 3570 496 δέ
3609 445 3726 498 ἐστι

479 537 604 592 dem
627 535 770 589 inter
790 534 921 590 deos
954 543 1338 590 annumerant.
1393 533 1576 607 Longe
1599 537 1811 606 turpior
1842 552 1970 607 vero
1995 547 2044 592 et

481 619 775 680 admodum
809 623 1101 679 indecorus
1135 633 1238 688 est,
1297 625 1392 694 qui
1444 625 1672 694 impuris
1718 625 2047 696 lascivisque

480 717 711 773 canticis
744 716 811 771 de
839 717 1122 773 amatoriis
1159 717 1388 773 deorum
1421 719 1669 774 historiis
1697 719 2044 789 conﬁngitur.

479 809 642 864 Soius
659 819 839 864 autem
887 809 1172 878 speciosus
1223 825 1287 863 ac
1327 809 1529 867 decens
1576 811 1811 882 hymnus
1840 811 1930 866 ille
1964 811 2048 865 di-

479 910 653 968 catur,
671 901 765 971 qui
782 901 880 956 soli
895 901 1199 964 Conditori,
1217 900 1409 971 Opiﬁci
1431 916 1494 956 ac
1512 899 1646 972 Regi
1672 902 2046 958 universorum

477 989 767 1055 emittitur,
799 992 1064 1048 euietiam
1088 1003 1211 1047 vota
1265 992 1514 1056 reddere,
1547 1000 1709 1062 atque
1735 993 1787 1048 id
1815 990 1920 1048 non
1952 1009 2049 1047 ex-

477 1092 562 1136 tra
597 1079 897 1138 Ecclesiam
951 1083 1073 1151 ejus
1127 1093 1388 1153 praestare
1438 1084 1712 1138 convenit.
1752 1083 1932 1149 Quare
1961 1098 2050 1137 se-

475 1171 714 1227 cundum
749 1166 891 1228 LXX
942 1173 1268 1241 lnterpretes
1298 1172 1542 1227 dicitur:
1585 1190 1605 1223 ι
1643 1171 1704 1227 Ει
1735 1174 1827 1228 libi
1861 1172 2050 1228 redde-

475 1268 566 1319 tur
603 1273 787 1320 votum
815 1264 870 1318 in
897 1262 1222 1321 Jerusalem.
1264 1284 1282 1316 ›
1323 1261 1522 1320 Votum
1564 1272 1744 1319 autem
1775 1263 1914 1319 solet
1963 1263 2048 1318 di-

474 1356 600 1411 vina
637 1354 919 1426 Scriptura
949 1371 1145 1412 vocare
1207 1357 1653 1426 promissionem,
1709 1371 1873 1425 quam
1923 1354 2049 1424 quis

475 1445 586 1500 Deo
609 1444 839 1510 dederit,
865 1446 1084 1515 quando
1123 1447 1332 1502 scilicet
1395 1446 1720 1516 resipiscere
1776 1445 2051 1517 vitamque

474 1551 630 1591 suam
684 1535 882 1592 divina:
919 1537 1277 1609 philosophia:
1331 1536 1608 1601 addicere,
1656 1536 1770 1592 sive
1801 1537 1962 1592 etiam
1984 1552 2050 1592 ex

473 1629 633 1684 bonis
660 1630 776 1684 suis
793 1630 1072 1700 quidpiam
1101 1643 1454 1693 consecrare,
1489 1629 1602 1683 sive
1639 1627 1786 1681 aliud
1819 1627 2051 1697 quodvis

2151 541 2245 592 καὶ
2265 541 2293 591 ό
2327 539 2462 608 ἡλίῳ
2497 538 2588 590 καὶ
2614 536 2808 608 σελήνῃ
2845 537 2937 588 καὶ
2986 535 3202 606 ἄστροις
3230 535 3324 586 καὶ
3363 536 3474 596 τοῖς
3522 533 3726 596 λοιποῖς

2151 628 2246 682 τοῦ
2299 629 2504 699 κόσμου
2558 628 2782 699 μέρεσιν
2839 626 2945 679 ὑπὸ
2979 625 3086 680 τῶν
3129 625 3303 678 ταῦτα
3339 624 3726 678 θεοποιούντων

2150 718 2429 788 ᾁδόμενος.
2475 719 2584 770 Καὶ
2611 717 2690 770 ἐτι
2720 715 2917 788 μᾶλλον
2946 716 3172 785 αἰσχίων
3203 715 3297 768 καὶ
3318 715 3727 785 ἀπρεπέστατος

2149 813 2178 864 ό
2234 811 2300 864 δι’
2360 810 2599 882 αἰσχρῶν
2644 810 2738 864 κει)⁸
2785 809 3098 862 ἀκολάστων
3131 807 3390 878 ᾀσμάτων
3441 809 3552 869 τοῖς
3598 803 3728 876 περὶ

2152 903 2289 956 θεῶν
2340 905 2622 974 ἐρωτικοῖς
2651 902 2983 971 διηγήμασιν
3031 897 3521 968 ἀναπλαττόμενος.
3554 896 3727 960 Μόνος

2151 995 2195 1048 δ’
2224 997 2432 1056 ἐκεῖνος
2479 995 2677 1065 ὡραῖος
2705 990 2919 1062 λεχθείη
2945 989 3009 1042 ἂν
3059 989 3150 1042 καὶ
3177 987 3456 1059 εὐπρεπὴς
3483 987 3672 1058 ὕμνος,
3700 987 3727 1038 ὁ

2151 1085 2227 1156 τῷ
2247 1086 2394 1155 μόνῳ
2411 1085 2614 1156 Ποιητῇ
2636 1084 2728 1137 καὶ
2749 1080 3078 1152 Δημιουργῷ
3105 1080 3199 1133 καὶ
3222 1078 3440 1132 Βασιλεῖ
3463 1079 3568 1130 τῶν
3592 1077 3727 1130 δλων

2150 1174 2268 1244 Θεῷ
2327 1173 2802 1244 ἀναπεμπόμενος,
2853 1166 2896 1238 ᾧ
2940 1172 3034 1223 καὶ
3077 1169 3176 1233 τὰς
3209 1169 3373 1240 εὐχὰς
3423 1169 3727 1222 ἀποδιδόναι

2151 1267 2438 1337 προσήκει,
2467 1264 2562 1317 καὶ
2586 1263 2744 1316 τοῦτο
2778 1265 2947 1316 ποιεῖν
2982 1261 3056 1333 μὴ
3099 1261 3254 1323 ἐκτὸς
3284 1261 3384 1330 τῆς
3407 1261 3726 1331 Ἐκκλησίας

2151 1356 2337 1410 αὐτοῦ.
2371 1356 2461 1409 Διὸ
2493 1355 2740 1408 λέλεκται
2775 1354 2916 1408 κατά
2945 1355 3071 1416 τοὺς
3109 1352 3536 1423 Ἐδδομήκοντα·
3571 1369 3590 1401 ι
3622 1351 3724 1403 Καὶ

2155 1449 2238 1501 σοι
2286 1449 2676 1520 ἀποδοθήσεται
2727 1446 2858 1518 εὐχὴ
2896 1448 2954 1499 ἐν
3005 1446 3376 1517 Ἰερουσαλήμ.
3415 1464 3432 1496 ι
3470 1445 3647 1514 Εὑχὴν
3673 1444 3724 1496 δὲ

2154 1540 2380 1613 σύνηθες
2417 1543 2482 1612 τῇ
2531 1540 2657 1611 θεία
2693 1540 2881 1609 Γραφῇ
2929 1537 3111 1590 καλεῖν
3147 1537 3246 1608 τὴν
3275 1535 3630 1604 ἐπαγγελίαν,
3663 1535 3725 1604 ἢν

2151 1635 2216 1688 ἀν
2240 1633 2645 1702 ὲπαγγέλληταί
2676 1648 2760 1692 τις
2805 1629 2884 1699 τῷ
2915 1628 3052 1698 Θεῷ,
3083 1629 3200 1698 ἦτοι
3233 1642 3527 1696 σωφρονειν
3565 1627 3724 1691 ταξά-

475 1720 806 1791 promissum
858 1721 1002 1780 vitae.
1047 1735 1169 1790 qua:
1225 1717 1526 1775 secundum
1575 1716 1744 1771 Deum
1777 1725 1882 1780 est,
1927 1731 2050 1771 con-

2157 1741 2316 1793 μενος
2366 1723 2458 1775 καὶ
2491 1722 2582 1774 τὸν
2627 1717 2822 1773 ἑαυτοῦ
2857 1718 2969 1788 βίον
3011 1717 3285 1771 ἀναθεῖναι
3315 1718 3379 1786 τῇ
3421 1715 3563 1768 κατά
3597 1715 3724 1767 Θεὸν

475 1787 797 1866 sentaneum
852 1825 916 1866 ac
967 1787 1196 1880 probum
1243 1808 1408 1865 edere
1445 1807 1815 1863 constituerit.
1869 1804 2050 1870 Quare

2153 1787 2460 1882 ξριλοσοιρία,
2505 1812 2538 1882 ἢ
2572 1811 2680 1864 τῶν
2721 1787 3018 1880 κτημάτων
3053 1807 3358 1878 ἀφιερῶσαι
3397 1824 3469 1869 τι,
3499 1808 3531 1877 ἢ
3566 1806 3715 1870 τάξα-

474 1897 683 1954 dictum
709 1900 908 1954 alicubi
947 1900 1048 1954 fuit
1083 1915 1095 1951 :
1135 1916 1153 1950 ι
1199 1897 1255 1954 Si
1286 1911 1469 1954 votum
1505 1897 1721 1960 feceris,
1762 1911 1830 1950 ne
1868 1893 2051 1949 tardes

473 1990 702 2048 reddere
733 2007 745 2043 :
785 1993 979 2047 melius
1008 1993 1210 2061 quippe
1228 1999 1312 2062 est
1345 2007 1451 2046 non
1483 2005 1698 2054 vovere,
1733 1977 1897 2058 quam
1954 2001 2053 2040 vo-

472 2098 602 2140 vere
631 2091 685 2138 et
731 2099 841 2138 non
881 2083 1107 2138 reddere
1146 2083 1208 2137 ".
1248 2102 1266 2135 ι
1324 2081 1486 2137 Decet
1541 2081 1706 2152 igitur
1756 2080 1811 2134 in
1859 2078 2051 2148 primis

472 2173 856 2228 universorum
904 2171 1164 2242 Opiﬁcem
1197 2179 1250 2227 et
1287 2171 1632 2226 Servatorem
1658 2171 1877 2242 hymnis
1905 2169 2051 2224 cele-

473 2262 676 2326 brare;
707 2261 904 2316 deinde
927 2275 1057 2314 vero
1086 2260 1289 2316 divinis
1325 2259 1476 2316 hisee
1527 2259 1780 2313 laudibus
1814 2273 2051 2312 consen-

473 2357 633 2404 tanea
658 2366 822 2422 opera
868 2353 1053 2418 edere,
1086 2353 1338 2420 bonaque
1390 2349 1662 2419 promissa
1712 2348 1862 2402 dare.
1895 2347 2053 2404 Post-

473 2456 638 2510 quam
666 2458 794 2497 vero
824 2451 877 2497 et
907 2443 1166 2513 hymnum
1220 2449 1276 2497 et
1325 2449 1447 2495 vota
1477 2440 1580 2509 ipsi
1629 2438 2048 2502 reddiderimus,

473 2539 609 2585 tunc
665 2548 788 2585 cum
845 2548 908 2585 ea
937 2548 1059 2602 qum
1112 2547 1278 2601 penes
1309 2545 1410 2585 nos
1442 2539 1570 2582 sunt
1625 2528 2049 2597 impleverimus,

472 2620 703 2678 ﬁdenter
730 2639 992 2693 agemus;
1017 2625 1090 2678 ita
1113 2633 1170 2678 ut
1201 2623 1449 2678 dicamus
1483 2640 1594 2676 :—c
1609 2619 1816 2674 Exaudi
1847 2621 2052 2674 oratio-

473 2730 620 2770 nem.
660 2734 678 2765 ι
708 2713 807 2768 Hie
856 2730 1019 2784 porro
1078 2723 1334 2769 accurate
1377 2713 1683 2784 προσευχῆς
1728 2726 1838 2765 non
1889 2711 2052 2781 εὖχῆς

471 2807 706 2873 dictum;
740 2821 864 2860 nam
904 2808 1037 2877 εὐχή
1076 2805 1498 2876 promissionem
1539 2805 1807 2877 signiﬁcat
1833 2848 1848 2872 ,
1883 2821 2053 2876 προσ·

473 2899 606 2968 ευχή
659 2913 788 2952 vero
819 2899 1271 2968 supplicationem
1297 2911 1361 2950 ac
1387 2895 1851 2965 deprecationem,
1887 2906 2050 2963 quam

475 2987 712 3060 Spiritus
768 2999 996 3046 sanctus
1052 3006 1150 3060 pro
1193 2989 1358 3044 nobis
1409 2988 1623 3050 edebat,
1658 2993 2049 3056 congruentem

471 3081 912 3150 deprecationem
965 3081 1074 3137 Deo
1131 3081 1370 3136 offerens
1417 3095 1480 3134 ac
1520 3079 1708 3134 dicens
1740 3095 1752 3129 :
1793 3097 1811 3129 α
1837 3075 2047 3132 Exaudi
2076 3109 2122 3170 Ω

470 3171 797 3230 orationem.
827 3195 844 3228 ι
877 3175 1248 3241 Quorumnam
1309 3175 1614 3228 oralionem
1663 3169 2054 3227 exaudias‘Hd'

470 3264 670 3321 deinde
701 3267 963 3330 declarat,
1025 3269 1268 3338 gentium
1332 3266 1674 3321 vocationem
1721 3263 2047 3327 vaticinans,

470 3353 601 3410 dum
622 3358 698 3411 ait
725 3373 738 3409 :
771 3376 788 3409 ι
826 3358 905 3412 Ad
929 3367 979 3413 te
1006 3360 1185 3415 omnis
1210 3373 1342 3414 caro
1373 3358 1571 3414 veniet.
1605 3376 1624 3408 ο
1655 3355 1894 3426 Spiritus
1923 3371 2052 3411 vero

470 3454 698 3502 sanctus
729 3463 828 3519 pro
855 3449 1004 3502 omni
1026 3465 1190 3504 carne
1243 3451 1589 3520 precabatur,
1622 3456 1681 3503 ut
1710 3449 1889 3504 omnis
1920 3463 2052 3502 caro

471 3545 760 3608 postquam
795 3539 862 3591 ad
898 3538 1064 3598 Deum
1093 3556 1362 3598 conversa
1418 3540 1604 3605 fuerit,
1649 3541 1938 3610 ipsumque
1966 3539 2052 3592 ilh

469 3629 768 3691 vocaverit,
819 3631 1112 3700 propitium
1151 3633 1300 3686 illum
1357 3632 1621 3687 inveniat.
1683 3630 2046 3696 Quamobrem

471 3735 582 3775 non
638 3721 818 3774 dixit:
887 3721 1142 3776 «Exaudi
1198 3723 1506 3779 orationem
1567 3737 1780 3787 meam;
1812 3741 1830 3772 ι
1899 3721 2045 3774 sed:

476 3830 498 3865 ι
528 3811 738 3867 Exaudi
765 3814 1093 3877 orationem,
1127 3815 1191 3868 ad
1222 3827 1273 3869 te
1315 3817 1496 3870 omnis
1525 3831 1654 3870 caro
1683 3815 1896 3880 veniet;
1938 3833 1956 3866 ι
1985 3828 2048 3868 ac

467 3903 523 3960 si
567 3905 770 3960 clarius
827 3906 1102 3961 dixisset:
1138 3907 1277 3972 Quia
1341 3905 1586 3961 lutiirum
1611 3915 1695 3962 est
1753 3914 1814 3962 ut
1867 3905 2048 3961 omnis

465 4010 618 4057 caro,
667 4003 727 4050 et
753 4005 928 4050 totum
958 4013 1131 4066 genus
1180 3999 1478 4052 humanum
1507 4013 1536 4051 a
1568 3998 1863 4052 multorum
1915 3997 2049 4050 deo-

467 4100 590 4139 rum
613 4100 800 4140 errore
835 4088 1074 4149 secedat,
1103 4095 1158 4142 et
1177 4090 1244 4142 ad
1289 4096 1342 4144 te
1405 4089 1582 4144 solum
1632 4103 1823 4153 verum
1876 4087 2045 4144 Deum

468 4183 843 4238 convertatur,
872 4177 1102 4247 hymnos
1131 4187 1291 4233 canat
1325 4179 1446 4242 tibi,
1494 4189 1617 4232 vota
1651 4179 1863 4244 reddat,
1920 4193 2045 4232 ora-

469 4267 717 4322 tiones-et
746 4269 1173 4338 supplicationes
1199 4269 1463 4333 cﬂundat,
1511 4271 1708 4326 exaudi
1739 4270 2044 4326 orationem

468 4373 684 4416 σοι-ικιι.

2155 1903 2276 1958 σθαί
2322 1920 2443 1956 τινα
2487 1901 2690 1972 σεμνὴν
2720 1899 3051 1968 ἐπαγγελίαν
3095 1899 3410 1968 πρέπουσαν
3466 1897 3541 1966 τῷ
3591 1898 3724 1950 κατά

2150 1996 2282 2049 Θεὸν
2317 1995 2438 2065 βίῳ.
2463 1994 2554 2046 Διὸ
2582 1992 2830 2045 λέλεκταί
2868 1992 3048 2045 πουοὶ
3095 1991 3217 2044 Ἐὰν
3262 1990 3392 2060 εὔξῃ
3426 1989 3610 2059 εὐχὴν,
3654 1990 3724 2060 μὴ

2152 2087 2406 2160 χρονίσῃς
2448 2083 2775 2140 ἀποδοῦναι·
2809 2082 3013 2152 ἀγαθὸν
3054 2082 3114 2135 τὸ
3157 2082 3230 2152 μὴ
3278 2079 3553 2143 εθξασθαι,
3595 2079 3628 2149 ἢ
3669 2080 3725 2132 τὸ

2152 2177 2409 2244 εὖξασθαι
2431 2178 2524 2230 καὶ
2548 2176 2622 2246 μὴ
2633 2174 2942 2229 ἀποδοῦναι.
2957 2193 2974 2224 ι
2998 2173 3204 2244 Πρέπει
3220 2171 3396 2224 τοίνυν
3417 2171 3608 2241 πρῶτα
3629 2171 3726 2238 μὲν

2152 2269 2387 2332 ἐπαξίως
2419 2270 2507 2320 τὸν
2524 2267 2632 2320 τῶν
2656 2266 2791 2319 ὅλων
2815 2263 3049 2334 Ποιητὴν
3065 2264 3158 2315 καὶ
3186 2263 3410 2332 Σωτῆρα
3435 2263 3690 2331 ἀνυμνεῖν
3709 2279 3722 2290 ·

2153 2358 2343 2410 ἔπειτα
2371 2359 2437 2410 δι’
2465 2356 2641 2427 ἔργων
2677 2353 2942 2409 ἀκόλουθα
2990 2353 3248 2425 πράττειν
3281 2354 3346 2420 τῇ
3393 2349 3640 2421 θεολογίᾳ
3670 2351 3726 2402 ἐν

2153 2449 2384 2518 ἀγαθαῖς
2435 2447 2809 2516 ἐπαγγελίαις.
2866 2445 3116 2498 Ἐπειδὰν
3169 2444 3223 2497 δέ
3277 2445 3370 2497 καὶ
3417 2443 3508 2496 τὸν
3560 2442 3728 2512 ὕμνον

2152 2541 2468 2613 πρεπόντως
2499 2542 2591 2593 καὶ¹
2612 2539 2710 2602 τὰς
2735 2537 2897 2608 εὐχὰς
2912 2535 3195 2606 ἀποδῶμεν
3222 2533 3390 2603 αὐτῷ,
3412 2531 3725 2603 τηνικαῦτα,

2152 2632 2227 2696 ὡς
2270 2631 2336 2685 ἀν
2389 2631 2456 2685 τὰ
2515 2630 2642 2701 παρ’
2680 2628 2886 2682 ἑαυτῶν
2935 2627 3375 2698 πεπληρωκότες,
3420 2624 3728 2695 παρρησίας

2156 2724 2452 2796 μεθέξομεν
2471 2739 2486 2754 ⁸
2522 2723 2659 2776 ὥστε
2687 2722 2864 2798 λέγειν
2885 2738 2896 2750 ·
2941 2740 2960 2771 σ
2991 2720 3327 2772 Εἱσάκουσον
3351 2716 3676 2787 προσευχῆς.
3702 2734 3722 2766 ι

2165 2815 2432 2889 Ἀκριόῶς
2488 2815 2533 2868 δ’
2588 2812 2822 2866 ἐνταῦθα
2874 2810 3217 2883 προσευχῆς,
3267 2807 3380 2860 ἀλλ’
3407 2807 3506 2859 οδκ
3563 2804 3726 2875 εὐχῆς

2153 2909 2365 2979 εἴρηται
2387 2924 2399 2936 ·
2437 2907 2470 2977 ἡ
2502 2907 2599 2978 μὲν
2626 2905 2734 2976 γάρ
2779 2902 3110 2971 ἐπαγγελίαν
3145 2900 3331 2970 ἐδήλου
3355 2916 3367 2928 ·
3402 2901 3434 2965 ἡ
3470 2897 3527 2950 δὲ
3562 2912 3727 2966 προσ-

2153 2998 2284 3070 ευχὴ
2319 2999 2500 3070 δέησιν
2543 2999 2636 3051 καὶ
2665 2995 2996 3066 -ίκετηρίαν,
3025 2994 3090 3063 ἢν
3138 2992 3200 3044 τὸ
3231 2989 3456 3058 Πνεῦμα
3481 2988 3539 3040 τὸ
3575 2988 3727 3054 ἅγιον

2154 3092 2292 3163 ὑπὲρ
2324 3091 2482 3161 ἡμῶν
2535 3091 2805 3150 ἐποιεῖτο,
2853 3085 3166 3156 πρέπουσαν
3207 3079 3484 3151 ἱκετηρίαν
3526 3093 3727 3148 προσα-

2155 3183 2325 3252 γαγδν
2352 3182 2429 3252 τῷ
2455 3181 2571 3251 Θεῷ
2606 3180 2698 3232 καὶ
2725 3177 2908 3245 λέγον·
2943 3194 2959 3225 ι
3001 3173 3329 3226 Εἱσάκουσον
3357 3167 3676 3240 προσευχῆς.
3705 3186 3723 3216 ν

2154 3276 2326 3328 Τίνων
2356 3275 2413 3327 δὲ
2447 3271 2755 3345 προσευχῆς
2805 3269 3162 3330 εἰσάκουσον;
3207 3261 3536 3335 Παρέστησιν
3576 3258 3724 3327 ἐξῆς,

2151 3366 2259 3418 τῶν
2293 3365 2459 3418 ἐθνῶν
2507 3365 2604 3433 τὴν
2641 3361 2835 3430 κλῆσιν
2885 3356 3170 3420 θεσπίζον·
3213 3355 3292 3409 διό
3325 3370 3454 3426 φησι
3480 3370 3492 3381 ·
3533 3371 3548 3402 ι
3587 3349 3728 3422 Πρὸς

2154 3455 2214 3506 σὲ
2242 3455 2389 3506 πᾶσα
2416 3450 2555 3522 σὰρξ
2595 3450 2734 3520 ἥξει.
2776 3468 2793 3500 ι
2843 3446 3216 3518 Ὑπερηύχετο
3235 3445 3291 3498 δέ
3321 3445 3380 3496 τὸ
3423 3442 3641 3511 Πνεῦμα
3666 3441 3727 3492 τὸ

2153 3546 2308 3612 ἅγιον
2356 3544 2536 3612 πάσης
2582 3541 2781 3613 σαρκὸς
2811 3579 2826 3603 ,
2882 3539 2947 3590 ἵν’
2992 3536 3208 3589 ἐπειδάν
3238 3535 3545 3605 ἐπιστραφῇ
3587 3533 3726 3584 ,τᾶσα

2152 3635 2288 3707 σὰρξ
2317 3635 2451 3706 πρὸς
2476 3633 2566 3687 τὸν
2588 3633 2739 3693 Θεὸν,
2767 3627 3198 3696 καὶέπικαλῆται
3223 3626 3404 3689 αὑτὸν,
3435 3624 3585 3693 τύχοι
3631 3624 3729 3675 αὺ-

2151 3725 2243 3778 τοῦ
2285 3725 2543 3795 ἐπηκόου.
2580 3722 2670 3776 Arb
2719 3722 2820 3776 οὐκ
2845 3715 3025 3772 εἶπεν·
3065 3737 3082 3768 ι
3122 3716 3450 3770 Είσάκουσον
3477 3714 3574 3783 τῆς
3589 3712 3729 3783 ἐμῆς

2151 3816 2479 3889 προσευχῆςο
2518 3836 2536 3868 ι
2560 3815 2670 3868 ἀλλ’
2696 3833 2709 3847 ο
2740 3833 2758 3864 ι
2793 3811 3121 3864 Είσάκουσον
3148 3806 3474 3880 προσευχῆς,
3505 3807 3639 3875 πρὸς
3666 3804 3725 3858 σὲ

2151 3910 2301 3961 πᾶσα
2332 3906 2469 3979 σάρξ
2495 3906 2648 3976 ἥξει-ο
2682 3925 2700 3958 ι
2734 3904 2867 3956 ὡσεὶ
2904 3901 3234 3971 σαφέστερον
3257 3899 3440 3966 ἔλεγεν
3459 3913 3472 3927 ·
3511 3894 3724 3965 Ἐπειδὴ

2153 4000 2337 4072 μέλλει
2362 4001 2511 4052 πᾶσα
2546 3997 2680 4068 σὰρξ
2727 3996 2821 4049 καὶ
2859 3994 2968 4046 πᾶν
2998 3992 3154 4060 γένος
3187 3988 3488 4060 ἀνθρώπων
3512 3989 3723 4056 ἀναχω-

2151 4095 2264 4162 ρεῖν
2293 4092 2390 4162 μὲν
2419 4090 2518 4160 τῆς
2546 4085 2806 4141 πολυθέου
2841 4083 3068 4154 πλάνης,
3096 4081 3439 4151 ἐπιστρέφειν
3461 4078 3516 4131 δὲ
3547 4077 3638 4129 ἐπὶ
3666 4078 3724 4129 σὲ

2147 4183 2239 4235 τὸν
2273 4183 2435 4252 μόνον
2479 4177 2732 4249 ἀληθινὸν
2774 4176 2927 4239 Θεὸν,
2966 4172 3166 4244 ὕμνους
3190 4172 3249 4224 τέ
3273 4188 3354 4224 σοι
3384 4169 3722 4239 ἀναπέμπειν

2147 4273 2242 4327 καὶ
2285 4271 2450 4342 εὐχάς
2496 4267 2821 4328 ἀποδιδόναι,
2881 4263 3188 4334 προσευχάς
3219 4274 3275 4314 τε
3318 4261 3414 4314 καὶ
3446 4257 3722 4330 ἱκετηρίας

2149 4360 2438 4422 ποιεῖσθαι,
2466 4359 2783 4413 εἰσάκουσον
2813 4353 2911 4423 τῆς
2949 4353 3126 4406 αὐτῶν
3153 4349 3479 4422 προσευχῆς.

545 4443 708 4502 Vens.
739 4447 792 4501 4.
834 4466 853 4498 ι
896 4445 1065 4504 Verba
1091 4449 1404 4520 iniquorum
1458 4452 2045 4522 prmvaluernntsuper

2224 4471 2243 4504 ι
2282 4451 2441 4520 Λόγοι
2485 4451 2704 4520 ἀνόμων
2743 4445 3236 4518 ὑπερεδυνάμωσαν
3271 4444 3438 4513 ἡμᾶς,
3470 4442 3561 4494 καὶ
3605 4443 3726 4503 ταῖς

468 4555 597 4604 nos,
653 4548 710 4594 et
769 4541 1141 4611 impietalibus
1200 4543 1405 4598 nostris
1454 4553 1510 4598 tu
1569 4543 1971 4614 pr0pitiaberis.
2021 4563 2040 4594 ι

463 4633 879 4702 Consequenter
903 4634 1220 4698 admodum,
1245 4644 1534 4706 postquam
1589 4639 1656 4690 de
1695 4637 1845 4690 omni
1877 4651 2044 4692 carne

464 4723 701 4786 dixerat,
737 4725 852 4780 haec
909 4726 1114 4791 intulit,
1168 4744 1290 4798 qua:
1333 4729 1513 4784 omnis
1547 4728 1818 4798 praedicta:
1859 4727 2046 4784 carnis

467 4811 870 4867 confessionem
923 4816 1383 4885 complectuntur.
1436 4815 1621 4886 Itaque
1659 4824 1927 4886 quotquot
1977 4832 2045 4870 ex

467 4899 723 4953 omnibus
757 4903 1034 4969 gentibus,
1085 4919 1204 4972 qnze
1234 4905 1361 4960 olim
1394 4905 1644 4959 carnales
1675 4911 1854 4967 erant,
1892 4917 1921 4955 a
1954 4919 2046 4957 sn-

464 4989 788 5059 perstitione
823 4991 1052 5060 gradum
1075 5004 1425 5058 revocarunt,
1448 5010 1475 5048 a
1496 4994 1702 5065 Spiritu
1733 4993 1920 5048 divino
1947 4996 2045 5046 do-

465 5086 660 5134 centur
693 5081 941 5136 conﬁteri
993 5086 1215 5151 quantis
1265 5086 1395 5139 olim
1433 5086 1488 5140 in
1537 5087 1696 5140 malis
1736 5085 2043 5155 complicati

468 5167 694 5228 iuerint,
727 5177 888 5238 atque
925 5171 1177 5239 pr0prias
1229 5173 1538 5243 impietatcs
1591 5189 2041 5230 commemorare.

467 5257 648 5325 Quare
675 5259 780 5312 ait:
818 5278 836 5310 ε
871 5259 1044 5314 Verba
1077 5261 1387 5331 iniquorum
1435 5267 1836 5334 praevaluernnt
1879 5281 2044 5335 super

465 5365 590 5416 nos,
615 5361 668 5406 et
689 5350 1056 5422 impietalibus
1101 5355 1304 5408 nostris
1328 5362 1384 5407 tu
1427 5357 1831 5426 pr0pitiaberis.
1865 5377 1884 5409 ι
1919 5355 2044 5412 [hec

463 5457 601 5499 sane
653 5444 812 5512 quasi
866 5460 932 5498 ex
984 5458 1215 5514 persona
1265 5445 1444 5498 omnis
1500 5456 1810 5501 memorata:
1859 5447 2042 5500 carnis

463 5532 624 5592 Valde
654 5542 1051 5605 consequenter
1072 5533 1218 5589 dicta
1273 5535 1494 5591 fuerint.
1519 5535 1656 5603 Quia
1702 5552 1830 5591 vero
1868 5537 2042 5591 eanti-
2081 5537 2084 5540 ’

541 5709 584 5783 ⁸-³
609 5709 786 5764 Ερυιρ.
819 5729 867 5779 v,
896 5713 949 5775 5,
991 5715 1044 5767 4.

2148 4541 2424 4605 ἀσεϐείαις
2455 4540 2614 4612 ἡμῶν
2641 4541 2704 4592 ab
2737 4540 2916 4611 ἱλάσῃ.
2955 4557 2973 4588 ι
3010 4536 3219 4606 Σφόδρα
3250 4532 3554 4594 ἀκολούθως
3589 4531 3723 4603 μετά

2146 4631 2215 4685 τὰ
2275 4633 2403 4702 περὶ
2446 4631 2626 4700 πάσης
2654 4629 2858 4700 σαρκὸς
2908 4625 3226 4696 λελεγμένα,
3275 4625 3627 4694 ἐπενήνεκται
3655 4622 3728 4675 τά

2151 4723 2490 4794 προκείμενα
2523 4721 2622 4789 τῆς
2659 4718 3057 4791 ὠνομασμένης
3085 4715 3266 4786 πάσης
3307 4716 3506 4785 σαρκὸς
3537 4714 3728 4783 ἐξομοο

2148 4815 2372 4884 λόγησιν
2405 4812 2744 4885 περιέχοντα.
2787 4814 2850 4864 Οἱ
2876 4811 3005 4880 γοῦν
3035 4809 3095 4874 ἐξ
3139 4809 3391 4862 ἀπάντων
3422 4806 3532 4859 τῶν
3557 4803 3722 4858 ἐθνῶν

2145 4902 2254 4954 τῶν
2281 4901 2448 4955 πάλαι
2509 4901 2775 4972 σαρκίνων
2816 4901 2912 4970 τῆς
2959 4898 3348 4968 δεισιδαίμονος
3375 4897 3578 4967 πλάνης
3607 4899 3730 4948 ἐπια

2149 4991 2477 5064 στρέψαντες
2539 4992 2878 5045 διδάσκονται
2920 4991 3026 5044 ὑπὸ
3073 4989 3168 5042 τοῦ
3213 4988 3358 5042 θείου
3413 4987 3723 5057 Πνεῦματος

2145 5083 2425 5154 ὁμολογεῖν
2470 5086 2527 5136 ἐν
2573 5084 2778 5146 ὁποίοις
2827 5083 2955 5135 ποτὲ
2995 5083 3181 5144 κακοῖς
3212 5081 3490 5149 γεγόνασι,
3520 5078 3626 5132 τῶν
3666 5095 3722 5131 τε

2145 5177 2362 5228 οἰκείων
2401 5165 3174 5246 ἀσεϐημάτωνμνημονεύειν.
3207 5174 3298 5225 Διό
3331 5189 3463 5243 φησι
3483 5188 3496 5201 ο
3517 5191 3534 5220 ι
3560 5171 3721 5238 Λόγοι

2146 5267 2364 5337 ἀνόμων
2421 5265 2919 5336 ὑπερεδυνάμωσαν
2948 5266 3115 5335 ἡμᾶς,
3164 5263 3257 5316 καὶ⁸
3284 5266 3404 5326 ταῖς
3449 5261 3721 5322 ἀσεϐείαις

2145 5359 2176 5427 ἡ
2187 5356 2302 5426 μῶν
2330 5359 2394 5410 σὺ
2427 5357 2602 5427 ἱλάσῃ.
2637 5377 2654 5407 ι
2686 5356 2868 5411 Ταῦτα
2904 5357 3002 5428 μὲν
3027 5351 3118 5409 οὖν
3141 5355 3404 5424 λεγόμενα
3426 5354 3488 5404 ἐκ
3512 5351 3724 5422 προσώ-

2146 5465 2250 5500 που
2274 5448 2371 5517 τῆς
2409 5447 2766 5518 ἀποδοθείσης
2821 5449 2999 5518 πάσης
3034 5447 3234 5518 σαρκὸς
3274 5444 3472 5515 πολλὴν
3504 5443 3568 5496 ἂν
3612 5443 3721 5512 ἔχοι

2146 5537 2482 5592 ἀκολουθίαν.
2501 5539 2651 5592 Ἐπεὶ
2673 5539 2726 5593 δὲ
2751 5558 2767 5591 ι
2795 5539 2886 5592 τοῦ
2916 5537 3102 5592 Δαυῖδο
3131 5535 3528 5607 ἐπιγέγραπται
3552 5536 3583 5587 +
3613 5533 3722 5604 ᾠδὴ
