4100 6538
393 388 500 446 (329

1535 381 2035 438 COMMENTARIA
2077 381 2140 435 IN
2184 379 2518 436 I‘SAI.MOS.

3556 376 3661 430 6‘50

394 496 490 551 τοῦ
523 496 758 568 ψαλμοῦ,
788 496 1069 567 ζητήσειεν
1089 497 1152 550 ἀν
1181 511 1283 559 τις,
1324 495 1450 548 πότε
1487 496 1573 549 τὸν
1607 495 1768 550 Δαυῒδ
1802 496 1981 567 ἧτοὺς

2098 509 2206 547 :um
2237 493 2451 564 psalmi,
2486 512 2503 543 ι
2548 489 2765 545 Davidis
2801 509 2818 533 ι
2847 487 3166 557 inscriptum
3191 495 3270 540 est
3294 503 3308 550 ;
3331 495 3660 554 -opportuue

397 587 496 642 σὺν
556 589 704 659 αὑτῷ
749 589 895 658 λόγοι
939 588 1155 659 ἀνόμων
1209 587 1737 658 ὑπερεδυνιίιμωσαν⁸
1774 587 1978 656 ἦκατά

393 679 506 731 τὸν
537 677 849 749 Σύμμαχον,
892 696 910 728 ι
940 677 1472 731 ’κατεδυνάστευσαψ
1508 697 1524 726 ι
1570 678 1727 740 ποίας
1765 676 1822 728 δὲ
1883 677 1976 730 καὶ

392 759 650 832 ἀσεϐείας
683 771 996 841 ὲκτήσατοό
1020 768 1270 832 τοσοῦτος
1302 767 1394 821 τοῦ
1425 768 1863 840 Θεοῦλπροφήτης
1883 768 1978 820 καὶ

391 863 450 916 οξ
478 863 574 914 σὺν
591 862 759 932 αὐτῷ,
785 863 1034 933 ἐπείπερ,
1057 881 1074 913 ι
1096 861 1194 924 τὰς
1222 861 1471 924 ἀσεϐείας
1490 860 1646 932 ἡμῶν
1677 863 1740 914 σὺ
1761 861 1972 931 ﬁdem,»

396 953 581 1024 φησίν.
615 952 781 1006 Ἀλλά
821 953 951 1023 γὰρ,
1001 952 1078 1014 ὡς
1141 951 1580 1023 ἀποδεδώκαμεν,
1628 952 1978 1024 προφητικῶς

395 1044 458 1096 τὺ
487 1043 711 1114 Πνεῦμα
731 1043 812 1096 si;
831 1044 1014 1112 ἅγιον,
1042 1043 1144 1112 τῆς
1171 1042 1281 1096 τῶν
1311 1043 1479 1098 ἐθνῶν
1503 1043 1745 1115 κλήσεως
1774 1060 1979 1114 μνημο-

395 1134 636 1197 ite-33am.
677 1136 770 1188 καὶ
820 1136 1020 1205 φῆσανο
1062 1155 1081 1187 ί
1119 1136 1262 1207 Πρὸς
1299 1135 1357 1189 σὲ
1400 1138 1550 1190 πᾶσα
1593 1135 1729 1207 σὰρξ
1759 1136 1910 1205 ἥξει,
1957 1155 1975 1187 ι

394 1229 710 1291 ἀκολούθως
756 1229 858 1298 τὴν
909 1227 1294 1297 ἐξομολόγησιν
1337 1227 1516 1280 αὐτῶν
1560 1226 1870 1298 διαγράφει,
1923 1226 1983 1292 ἐξ

383 1317 579 1372 αὐτῶν
625 1315 916 1387 προσώπου
986 1317 1222 1385 φάσκονο
1278 1334 1294 1367 ι
1345 1316 1508 1384 Λόγοι
1552 1316 1767 1386 ἀνόμων
1814 1317 1982 1388 ὑπερ-

399 1408 754 1479 εδυνάμωσαν
781 1408 947 1477 ἡμᾶς,
987 1426 1004 1458 ι
1037 1406 1284 1459 τουτέστι
1325 1408 1608 1478 κρείττους
1639 1407 1794 1477 ἡμῶν
1826 1407 1983 1475 γεγό-

401 1516 523 1552 νασι
555 1498 649 1552 καὶ
680 1496 1036 1568 δυνατώτεροι
1080 1497 1235 1569 ἡμῶν
1285 1499 1333 1550 οί
1385 1498 1493 1550 τῶν
1538 1499 1755 1568 ἀνόμων
1809 1497 1980 1566 λόγοι.

405 1586 628 1657 Ἀνομοι
659 1586 718 1639 δὲ
748 1586 948 1648 πάντες
971 1581 1108 1656 ἦσαν
1148 1585 1197 1637 οἱ
1224 1586 1430 1656 πρῶτοι
1461 1585 1983 1658 ωστησάμενοιπῆν

399 1679 507 1732 τῶν
535 1677 765 1732 εἰδώλων
798 1677 1073 1730 θεοποιίαν
1094 1694 1108 1707 ’
1150 1677 1298 1746 λόγοι
1327 1695 1388 1730 τε
1429 1678 1607 1732 αὐτῶν
1636 1680 1683 1732 oi
1712 1678 1800 1732 δὶά
1825 1696 1984 1749 ποιη-

395 1767 507 1820 τῶν
525 1768 617 1822 καὶ
649 1767 756 1821 τῶν
790 1767 968 1836 σοφῶν
993 1766 1085 1820 τοῦ
1117 1767 1313 1831 αἰῶνος
1331 1768 1520 1822 τούτου
1539 1769 1675 1840 περὶ
1698 1771 1797 1840 τῆς
1824 1769 1986 1822 πολυ-

2083 594 2358 655 quaeratur
2384 583 2730 654 quandonam
2754 582 2806 635 in
2836 579 3090 634 Davndem
3112 587 3202 631 aut
3230 592 3359 632 suos
3380 577 3542 631 verba
3559 577 3664 630 ini-

2085 693 2316 748 quorum
2338 678 2768 750 praevaluerunt;
2795 675 2910 730 sive
2928 671 3227 729 secundum
3253 669 3658 742 Symmachum,

2092 786 2110 817 ι
2141 766 2402 821 dominati
2436 773 2564 821 sunt
2598 780 2611 814 :
2660 785 2677 817 ι
2714 763 2872 833 queis
2931 777 3062 817 vero
3113 760 3495 830 impietatibus
3537 775 3660 814 cum

2086 865 2272 912 tantus
2325 857 2415 912 ille
2470 855 2566 911 Dei
2620 857 2906 926 propheta,
2970 863 3084 907 tum
3124 855 3258 908 socii
3287 853 3408 923 ejus
3452 853 3662 907 addi‘eti

2087 947 2310 1012 fuerint,
2335 947 2607 1020 siquidem
2636 946 2735 1010 ait,
2768 965 2786 998 ι
2825 945 3203 1016 impietatihus
3224 946 3426 1000 nostris
3457 953 3513 998 tu
3535 959 3663 1014 pro-

2094 1037 2395 1108 pitiaberis.
2442 1057 2459 1090 ι
2496 1035 2720 1097 Verum,
2753 1035 2830 1090 uti
2859 1036 2970 1104 jam
3002 1033 3344 1096 tradidimus,
3378 1051 3500 1090 cum
3537 1033 3662 1104 Spi-

2088 1131 2229 1185 ritus
2261 1137 2488 1185 sanctus
2519 1127 2760 1199 gentium
2795 1128 3138 1182 vocationem
3165 1126 3478 1196 prophetice
3507 1141 3663 1180 com-

2087 1228 2443 1276 memoret'ac
2487 1219 2674 1274 dicat:
2713 1237 2731 1270 ι
2766 1217 2846 1270 Ad
2878 1226 2932 1272 te
2989 1217 3169 1272 omnis
3211 1231 3341 1270 caro
3402 1216 3604 1278 veniet,
3640 1232 3660 1266 ι

2087 1325 2276 1366 earum
2307 1307 2710 1363 confessionem
2754 1315 3154 1375 consequenter
3177 1303 3461 1366 describit,
3497 1317 3561 1356 ac
3598 1318 3664 1357 ex

2089 1415 2277 1456 earum
2295 1413 2529 1468 persona
2548 1396 2719 1452 dicit:
2753 1416 2770 1448 ι
2817 1394 2992 1452 Verba
3012 1395 3323 1465 iniquorum
3362 1394 3672 1463 praevalue-~

2090 1500 2218 1545 runt
2265 1505 2431 1560 super
2456 1504 2590 1552 nos,
2630 1507 2648 1540 ι
2684 1487 2742 1543 id-
2761 1496 2866 1552 est,
2925 1486 3091 1541 verba
3145 1486 3456 1556 iniquorum
3503 1500 3666 1554 supe-

2091 1581 2240 1636 riora
2274 1596 2336 1635 ac
2371 1579 2685 1650 potentiora
2744 1579 2948 1634 nostris
2998 1577 3237 1632 fuerunt.
3280 1576 3456 1645 Iniqui
3485 1582 3664 1629 autem

2094 1673 2266 1738 fuere,
2306 1672 2398 1742 qui
2437 1672 2594 1742 primi
2649 1671 2794 1725 idola
2863 1669 3003 1723 inter
3051 1668 3182 1723 deos
3233 1674 3662 1736 couiputarunt:

2093 1765 2260 1819 verba
2287 1778 2451 1832 porro
2484 1778 2670 1817 eorum
2698 1770 2859 1826 sunt,"
2885 1777 3006 1831 qua:
3033 1780 3059 1812 ει
3096 1760 3270 1830 poetis
3301 1767 3355 1813 et
3400 1758 3661 1828 sapienti.

398 1858 522 1912 θέου
557 1859 766 1930 πλάνης
801 1861 857 1912 ἐν
889 1859 1288 1931 συγγράμμασι
1311 1859 1797 1930 καταϐεϐλημένοι.
1848 1861 1985 1914 Ἀλλ’

2098 1857 2194 1910 bus
2223 1854 2386 1923 hujus
2447 1853 2631 1908 saeculi
2688 1854 2754 1907 de
2803 1854 3094 1906 multorum
3148 1850 3432 1904 numinum
3480 1863 3667 1904 errore

393 1943 542 2004 οὗτοι
605 1951 704 2020 μὲν
757 1970 774 2001 ι
841 1950 1345 2005 κατεδυνάστευσαν
1400 1949 1590 2020 ἡμῶν,
1646 1971 1663 2002 ι
1701 1951 1842 2004 κατά
1895 1952 1986 2006 τὸν

395 2039 727 2112 Σύμμαχον·
785 2042 849 2094 σὺ
912 2042 959 2094 δ’
1011 2042 1108 2112 οὐχ
1158 2041 1445 2111 ὑπερεῖδες
1501 2043 1671 2111 ἡμᾶς,
1702 2043 1982 2096 Δέσποτα·

397 2129 572 2183 ίλάσω
600 2131 656 2183 δὲ
691 2129 788 2193 τὰς
831 2129 1088 2194 ἀσεϐείας
1132 2130 1310 2201 ἡμῶν,
1350 2131 1713 2202 καταπέμψας
1741 2133 1986 2203 ἡμῖν-τὸν

393 2221 650 2290 ἱλασμὸν,
684 2221 750 2273 δι’
779 2214 840 2273 οὗ
871 2221 1139 2283 κατέστης
1172 2224 1304 2290 ἡμῖν
1347 2222 1525 2285 ἵλεως,
1560 2223 1802 2292 ὑπερϐὰς
1831 2223 1986 2294 ἡμῶν

394 2312 496 2374 τάς
531 2310 809 2373 ἀσεϐείας.
833 2311 927 2372 Τίς
948 2309 1005 2362 δέ
1029 2313 1176 2363 ἐστιν
1203 2312 1232 2362 ὁ
1265 2309 1512 2380 ίλασμὸς,
1543 2311 1778 2364 διδᾶσκει
1812 2311 1985 2380 λέγων

394 2403 426 2455 ὁ
458 2400 776 2462 Ἀπόστολος
807 2401 930 2471 περὶ
952 2400 1043 2452 τοῦ
1061 2399 1312 2470 Σωτῆρος
1332 2419 1344 2431 ο
1373 2420 1390 2451 ι
1409 2403 1502 2454 Ὃν
1531 2403 1790 2473 προέθετο
1806 2406 1833 2456 ό
1855 2403 1986 2468 Θεδς

400 2493 712 2563 ἱλαστήριον
769 2491 856 2544 διὰ
914 2492 1150 2555 πίστεως
1184 2494 1242 2544 ὲν
1274 2492 1352 2562 τῷ
1380 2492 1542 2546 αὐτοῦ
1589 2495 1812 2564 αἴματι’
1849 2516 1866 2547 ι
1893 2498 1986 2550 καὶ
2043 2490 2046 2491 ν

399 2582 593 2638 πάλιν·
638 2601 654 2633 ι
695 2582 865 2644 Αὐτὸς
913 2581 1135 2652 ἱλασμός
1185 2585 1333 2635 ἐστιν
1364 2583 1503 2654 ὑπὲρ
1552 2584 1658 2637 τῶν
1699 2587 1985 2658 ἁμαρτιῶν

397 2673 557 2746 ἡμῶν
582 2690 595 2703 ⁸
626 2673 723 2742 οὐχ
762 2672 898 2742 ὑπὲρ
929 2671 1038 2724 τῶν
1087 2673 1368 2744 ἡμετέρων
1403 2673 1458 2726 δὲ
1492 2675 1674 2744 μόνον,
1723 2675 1858 2730 ἀλλά
1895 2678 1985 2730 καὶ

399 2765 544 2834 ὑπὲρ
569 2764 690 2819 ὅλου
726 2762 819 2816 τοῦ
847 2763 1072 2834 κόσμου.
1109 2783 1126 2813 ο

480 2982 516 3014 r-
546 2960 832 3032 Μακάριος
866 2960 926 3014 δν
954 2959 1181 3024 ἐξελέξω
1217 2961 1308 3013 καί
1340 2961 1698 3032 προσελάϐου,
1731 2964 1989 3034 κατοική-

405 3071 487 3107 σει
529 3055 584 3105 ὲν
619 3055 738 3114 ταῖς
777 3053 968 3115 αὐλαῖς
1008 3069 1122 3104 σου.
1154 3071 1170 3101 ι
1220 3053 1283 3104 Ol
1309 3051 1375 3116 ἐξ
1397 3053 1653 3106 ἁπάντων
1680 3053 1787 3106 τῶν
1820 3054 1988 3109 ἐθνῶν

2090 1948 2311 2016 scriptis
2333 1946 2653 2015 consignata
2683 1955 2833 1998 sunt;
2865 1943 2971 1998 Sed
3008 1943 3042 1996 ii
3092 1941 3308 2011 quidem
3354 1959 3372 1991 ι
3403 1941 3665 1996 dominati

2089 2046 2219 2093 sunt
2249 2037 2449 2101 nobis,.
2477 2037 2824 2091 Lsecundum
2864 2034 3283 2107 Symmachum;
3326 2042 3380 2086 tu
3411 2049 3538 2088 vero
3562 2048 3668 2086 nou

2089 2129 2538 2200 despexisti‘uos,
2576 2127 2828 2190 Domine,
2863 2127 2957 2182 sed
2992 2128 3319 2196 pr0pitiatus
3374 2124 3670 2194 impietati-

2089 2221 2192 2275 bus
2223 2221 2453 2282 nostris,
2489 2219 2689 2274 misisti
2718 2219 3161 2288 propitiationem
3201 2217 3380 2281 nobis,
3413 2232 3518 2287 qua
3568 2216 3669 2269 im-

2090 2313 2346 2381 pietates-
2376 2321 2805 2382 praetergressus
2858 2318 3097 2372 nostras,
3152 2309 3398 2379 placatus
3424 2307 3666 2363 evasisti.

2090 2403 2221 2467 Quae
2238 2417 2402 2472 porro
2431 2402 2503 2456 sit
2538 2403 2628 2455 illa
2684 2400 3020 2472 propitiatio,
3081 2400 3242 2455 docet
3280 2400 3574 2470 Apostolus
3605 2399 3688 2458 d6.-

2092 2494 2385 2550 Servatore
2441 2494 2666 2549 dicens:
2709 2514 2726 2545 ε
2767 2492 2938 2560 Quem
2981 2493 3266 2564 proposuit
3314 2493 3457 2546 Deus
3493 2491 3673 2566 prop'k

2091 2589 2372 2644 t—iatinuem
2404 2604 2501 2658 per
2529 2589 2688 2642 (idem
2718 2587 2774 2640 in
2800 2589 3066 2658 sanguine
3089 2585 3261 2656 ipsius
3291 2584 3363 2649 ¹⁸;
3409 2602 3426 2634 ι
3462 2597 3522 2635 ac
3550 2597 3671 2635 rur-

2089 2696 2252 2736 sum:
2293 2701 2311 2731 ι
2347 2681 2463 2750 Ipse
2500 2679 2818 2754 propitiatio
2861 2690 2944 2737 est
2979 2694 3076 2750 pro
3133 2675 3370 2749 peccatis
3420 2675 3622 2730 nostris
3658 2691 3673 2726 ι

2092 2789 2199 2827 non
2251 2788 2349 2844 pro
2411 2773 2619 2832 nostris
2670 2783 2848 2831 autem
2905 2782 3138 2838 tantum,
3208 2771 3452 2844 scd‘pro
3507 2767 3676 2826 totius

2092 2864 2284 2920 mundi
2316 2864 2382 2922 ".
2420 2887 2437 2920 ι

2163 2974 2335 3037 Vsus.
2375 2983 2493 3041 5-9.
2549 3004 2565 3036 ι
2595 2983 2799 3041 Beatus
2834 2997 2996 3052 quem
3037 2980 3246 3051 elegiin
3295 2988 3346 3034 et
3377 2976 3678 3046 assumpsi-

2097 3074 2189 3136 sti,
2242 3075 2570 3132 iuhabitahit
2617 3077 2671 3130 in
2724 3075 2880 3130 atriis
2923 3074 3053 3129 tuis.
3097 3093 3115 3125 ι
3172 3071 3274 3138 Qui
3311 3087 3377 3126 ex
3422 3069 3678 3123 omnibus

401 3144 867 3217 ἐπιστρέψαντες,
909 3143 1008 3207 τὰς
1039 3142 1248 3196 ἑαυτῶν
1293 3144 1548 3208 ἀσεϐείας
1592 3145 1992 3218 ἐξομολογησά-

2098 3169 2358 3238 gentibus
2383 3169 2634 3224 conversi
2660 3177 2819 3230 sums
2838 3165 3150 3235 impietates
3169 3162 3408 3217 confessi
3443 3176 3594 3221 suas.
3619 3167 3678 3212 ut

407 3255 581 3308 μενοι,
618 3237 713 3290 καὶ
740 3237 815 3300 ὡς
845 3234 1260 3307 κατηξιώθησαν
1290 3235 1382 3288 τοῦ
1422 3236 1673 3309 ἱλασμοῦ,
1711 3243 1993 3315 προκοπὴν

403 3327 818 3392 ἐπιδείκνυνται,
867 3328 959 3381 καὶ
1001 3326 1181 3397 ψυχῆς
1222 3326 1490 3395 ὠφέλειαν
1534 3329 1757 3405 πολλὴν,
1792 3335 1995 3404 γνῶσιν

401 3419 753 3491 ἀνειληφέναι
792 3420 1132 3482 διδάσκοντες
1168 3419 1262 3472 τοῦ
1293 3421 1508 3491 ἀληθῶς
1545 3429 1839 3499 μακαρίου.
1885 3429 1998 3490 Πά-

404 3511 496 3564 λαι
542 3513 785 3582 μὲνγὰρ
823 3511 914 3563 τὸν
957 3511 1150 3582 θνητὸν
1201 3512 1314 3582 βίον
1369 3513 1465 3568 καὶ
1511 3517 1610 3590 τὴν
1664 3521 1999 3598 πρόσκαιρον

409 3600 575 3671 ζωὴν-
602 3602 768 3672 μόνην
797 3601 1014 3665 εἰδότες,
1069 3602 1288 3670 πάντως
1341 3623 1442 3658 που
1497 3609 1835 3684 ἐμακάριζον
1874 3617 2000 3679 τοὺς

404 3692 612 3762 ταύτης
662 3692 1054 3758 ἀπολαύοντας,
1097 3693 1250 3760 τέλος
1295 3698 1490 3772 ἡδονὴν
1534 3703 1862 3776 ὁριζόμενοι,
1907 3707 2001 3760 καὶ

406 3781 704 3847 πλούτους,
757 3784 852 3836 καὶ
897 3784 997 3854 τὴν
1035 3783 1095 3837 ὲν
1149 3785 1362 3859 σώματι
1406 3795 1646 3866 τρυφήνο
1700 3794 1795 3847 νῦν
1833 3795 1876 3849 δ’
1912 3796 1999 3848 ὅτε

407 3873 743 3942 τετυχήκασι
780 3872 875 3925 τοῦ
924 3872 1179 3947 ἱλασμοῦ,
1227 3881 1323 3935 καὶ
1367 3881 1467 3945 τὰς
1501 3881 1709 3937 ἑαυτῶν
1747 3882 2001 3948 ἀσεϐείας

408 3963 862 4035 ἀπεκαθήραντο,
912 3967 1116 4038 γνῶσιν
1163 3973 1485 4043 ἀνειλήφασι
1526 3973 1619 4026 τοῦ
1651 3973 1867 4045 ἀληθῶς
1903 3991 2003 4045 μα-

408 4053 600 4127 καρίου
621 4072 635 4084 ·
681 4058 775 4110 καὶ
801 4060 989 4116 τοῦτον
1017 4059 1156 4118 εἶναι
1197 4082 1328 4134 φασι
1360 4065 1450 4117 τὸν
1481 4064 1587 4118 ὑπὸ
1620 4064 1756 4117 Θεοῦ
1785 4065 2002 4133 ἐκλεγό-

414 4164 574 4218 μενον
604 4149 818 4222 καὶτῆς
851 4151 944 4207 ὑπ’
978 4153 1140 4207 αὐτοῦ
1173 4154 1532 4226 προσλήψεως
1562 4155 1997 4225 κατηξιωμένον·

411 4237 495 4292 διό
531 4255 696 4310 φασι·
747 4242 956 4308 Πάντες
999 4247 1161 4316 ἡμεῖς
1192 4247 1291 4316 τῆς
1335 4245 1578 4316 κλήσεως
1620 4245 2002 4316 κατηξιώμεθα

413 4336 466 4390 οἱ
513 4336 678 4391 πάλαι
728 4337 880 4402 ὄντες
939 4338 1103 4409 σάρξ⁸
1154 4338 1268 4392 ἀλλ’
1327 4341 1503 4410 ίσμεν,
1555 4341 1636 4393 ὅτι
1679 4340 1862 4393 πολλοὶ
1905 4341 2004 4412 μὲν

413 4426 650 4499 κλητοὶ,
697 4429 867 4499 ὀλίγοι
918 4432 974 4484 δὲ
1025 4431 1287 4485 ἐκλεκτοί.
1363 4432 1602 4496 Εἰκότως
1663 4431 1754 4486 οὖν
1809 4434 1883 4498 ὼς
1937 4433 2002 4487 ἂν

2101 3258 2496 3330 pr0pitiatione
2529 3254 2759 3326 dignati,
2793 3251 3100 3324 profectum
3141 3249 3442 3317 animmque
3473 3245 3681 3300 utilita-

2099 3360 2207 3406 tem
2253 3336 2510 3411 multam,
2554 3348 2703 3402 illius
2733 3346 2826 3416 qui
2855 3358 2982 3398 vere
3023 3342 3219 3396 beatus
3257 3348 3339 3396 est
3372 3338 3562 3394 notitia
3595 3335 3679 3391 in-

2101 3439 2321 3502 structi,
2377 3437 2664 3492 exhibent.
2729 3433 2872 3489 Olim
2904 3448 3158 3504 namque
3213 3446 3336 3486 cum
3393 3429 3679 3484 mortalem

2101 3541 2316 3586 tantum
2372 3541 2427 3584 et
2480 3538 2890 3596 temporaneam
2947 3525 3111 3580 vitam
3174 3533 3420 3585 nossent,
3471 3509 3564 3589 qui
3618 3533 3684 3573 ea

2105 3622 2420 3676 h'uerentur
2474 3619 2663 3672 beatos
2709 3615 2936 3669 omnino
2991 3613 3385 3684 praedicabant,
3441 3609 3684 3678 volupta-

2105 3722 2233 3776 tem,
2267 3710 2513 3773 divitias,
2549 3707 2799 3777 corporis
2831 3704 3055 3760 delicias
3079 3718 3178 3773 pro
3210 3701 3314 3755 line
3343 3699 3684 3754 constituen-

2105 3813 2207 3860 tes.
2257 3803 2416 3857 Nunc
2448 3816 2578 3855 vero
2607 3797 3053 3870 propitiationem
3095 3793 3264 3856 nacti,
3314 3789 3685 3860 depositisque

2106 3893 2406 3964 impietatis
2442 3890 2725 3956 sordibus,
2777 3888 2928 3942 illius
2965 3885 3058 3956 qui
3092 3900 3219 3940 rere
3251 3883 3444 3938 beatus
3481 3888 3566 3936 est
3598 3894 3688 3934 co-

2102 3986 2405 4056 gnitionem
2438 3983 2622 4053 adepti
2656 3988 2818 4044 sunt,
2844 3979 3101 4048 huncque
3125 3991 3248 4032 esse
3280 3974 3492 4036 dicunt,
3522 3986 3682 4042 quem

2107 4077 2252 4133 Deus
2272 4091 2556 4131 assumere
2577 4081 2631 4129 et
2655 4072 2856 4143 eligere
2881 4069 3140 4140 dignatus
3163 4075 3246 4122 est
3269 4085 3280 4120 :
3302 4080 3472 4136 quare
3497 4065 3681 4118 aiunt:

2107 4170 2217 4224 Nos
2252 4182 2444 4222 omnes
2474 4147 2759 4220 vocatione
2786 4161 2937 4233 digni
2972 4159 3148 4216 habiti
3183 4173 3398 4223 sumus,
3433 4157 3523 4227 qui
3555 4155 3683 4210 olim

2105 4275 2238 4315 caro
2269 4273 2489 4312 eramus
2522 4255 2659 4311 :sed
2705 4253 2913 4309 scimus
2960 4252 3162 4307 multos
3190 4257 3437 4312 vocatos,
3481 4262 3686 4319 paucos

2105 4351 2315 4405 electos
2343 4363 2466 4403 esse
2492 4367 2504 4401 :
2529 4347 2654 4416 jure
2687 4345 2850 4416 igitur
2871 4344 3125 4404 electum,
3157 4349 3346 4412 utpote
3377 4341 3469 4412 qui
3499 4353 3686 4408 perra-

2108 4455 2204 4494 rus
2240 4439 2332 4502 sit,
2363 4437 2583 4491 beatum
2616 4434 3001 4505 prmdicamus.
3035 4432 3169 4498 Quis
3203 4431 3292 4484 ille
3315 4437 3419 4491 est,
3451 4428 3559 4483 nisi
3591 4427 3682 4496 qui

416 4519 644 4575 σπάνιον
692 4521 1068 4593 μακαρίζομεν
1115 4522 1206 4575 τὸν
1257 4522 1531 4575 ἐκλεκτόν.
1595 4524 1690 4587 Τίς
1745 4524 1802 4577 δέ
1859 4526 2004 4579 ἐστιν

2110 4545 2176 4585 ex
2211 4529 2400 4582 multis
2433 4533 2755 4597 segregatus
2797 4535 2849 4579 et
2881 4540 2910 4577 a
2946 4522 3056 4577 Deo
3082 4531 3398 4591 assumptus
3429 4518 3552 4573 est?
3585 4517 3686 4572 Ec-

415 4605 570 4675 οὗτος
616 4611 794 4684 ἀλλ’ἢ
852 4614 880 4665 ό
933 4612 1250 4685 ἀφορισθεὶς
1301 4613 1410 4666 τῶν
1461 4614 1668 4667 πολλῶν
1715 4615 1810 4666 καὶ
1869 4617 2000 4669 ἀνα-

415 4700 642 4773 ληφθεὶς
685 4704 789 4756 ὑπὸ
835 4703 930 4756 τοῦ
967 4704 1135 4769 Θεοῦ;
1189 4706 1297 4758 Καὶ
1349 4704 1468 4768 πῶς
1495 4705 1604 4775 γὰρ
1648 4706 1708 4757 οὺ
1738 4705 2004 4777 μακάριος

414 4793 631 4865 ἀληθῶς
697 4796 726 4846 ό
757 4793 1018 4860 τοιοῦτος,
1069 4795 1251 4860 ὁπότε,
1293 4796 1401 4848 τῶν
1435 4797 1528 4849 δύο
1564 4795 1770 4849 τούτων
1804 4795 2002 4866 τυχὼν,

413 4883 560 4952 λέγω
589 4885 647 4937 δὲ
673 4885 773 4954 τῆς
802 4886 1032 4956 ἐκλογῆς
1069 4887 1163 4938 καὶ
1195 4886 1294 4956 τῆς
1320 4885 1413 4940 τοῦ
1445 4888 1580 4939 Θεοῦ
1622 4886 1999 4958 προσλήψεως,

416 4975 606 5045 ἑτέρου
652 4975 960 5046 κρείττονος
994 4976 1499 5048 καταξιωθήσεται;
1550 4981 1866 5050 κατοικήσει
1897 4979 2004 5053 γὰρ

415 5067 474 5120 ὲν
519 5069 640 5129 ταῖς
688 5066 877 5129 αὐλαῖς
927 5067 1021 5120 τοῦ
1049 5068 1204 5122 Θεοῦ.
1264 5069 1374 5122 Καὶ
1424 5068 1627 5140 ταύτην
1672 5069 1858 5123 λοιπὸν
1907 5071 2007 5142 τὴν

420 5158 589 5230 μονὴν
650 5157 825 5230 εὑρὼν
877 5161 973 5214 καὶ
1028 5161 1128 5231 τὴν
1189 5161 1540 5227 ἀνάπαυλαν,
1595 5162 1827 5217 ἐνταῦθα
1877 5181 2006 5234 στητ

420 5248 737 5322 ριχθήσεται
769 5266 782 5279 '
842 5250 903 5303 τὸ
946 5251 1096 5316 τέλος
1140 5253 1342 5321 ἀγαθὸν
1393 5254 1550 5306 τοῦτο
1597 5253 1904 5318 ἀπολαύων,
1944 5247 2004 5307 οὗ

413 5345 602 5412 τυχεῖν
630 5343 725 5395 καὶ
753 5342 912 5405 ἄλλος
937 5341 1138 5413 ηὔχετο
1183 5347 1471 5417 προφήτης
1510 5347 1546 5400 όν
1572 5345 1741 5399 εἰπών
1762 5363 1774 5375 ·
1814 5366 1830 5396 ι
1857 5348 2006 5400 Ἐπι-

415 5432 576 5484 ποθεί
623 5433 717 5485 καὶ
760 5432 1001 5486 ἐκλείπει
1039 5437 1071 5504 ὴ
1107 5433 1252 5506 ψυχή
1303 5453 1403 5506 μου
1447 5439 1525 5500 είς
1565 5437 1664 5500 τὰς
1704 5437 1870 5502 αὐλὰς
1908 5437 2001 5492 τοῦ

416 5526 648 5596 Κυρίου.
679 5546 696 5576 ι
731 5527 903 5580 Αὐλαὶ·
928 5527 985 5583 δὲ
1011 5527 1106 5581 τοῦ
1140 5529 1344 5600 Κυρίου
1375 5529 1512 5582 εἰσιν
1548 5533 1601 5582 αἱ
1632 5532 1752 5583 κατ’
1776 5530 2003 5602 οὐρανὸν

327 5683 338 5690 ,
419 5613 854 5692 μοναὶ,,περὶ’ὧν
879 5621 1090 5691 εἴρηται
1113 5622 1170 5672 ὲν
1191 5619 1523 5691 Εὐαγγελίῳ·
1564 5640 1581 5672 ι
1613 5620 1812 5674 Πολλαὶ
1845 5623 2003 5692 μοναὶ

498 5792 728 5852 “Rom.
764 5812 847 5866 Ill,

2106 4621 2200 4690 qui
2235 4633 2342 4672 non
2370 4632 2497 4672 vere
2531 4617 2726 4670 beatus
2767 4615 2836 4668 sit
2865 4614 2958 4683 qui
2991 4611 3306 4680 lmjusmodi
3336 4617 3442 4671 est,
3467 4609 3688 4678 quando

2105 4709 2214 4763 duo
2253 4708 2368 4762 haec
2411 4722 2440 4759 a
2477 4705 2587 4759 Deo
2633 4710 2984 4766 consecutus,
3016 4701 3338 4755 electionem
3390 4697 3600 4751 svilicet
3633 4703 3688 4750 et

2107 4799 2562 4867 assumptionem,
2598 4797 2704 4850 alio
2751 4794 3129 4865 praestantiore
3162 4790 3512 4862 dignabitur?
3561 4804 3685 4843 nam

2107 4889 2440 4944 inhabitabit
2471 4889 2525 4944 in
2560 4888 2716 4942 atriis
2746 4885 2863 4941 Dei.
2912 4884 2976 4938 Et
3006 4885 3108 4938 hac
3139 4884 3358 4938 inventa
3407 4883 3689 4938 mansione

2105 4991 2159 5038 et
2191 4984 2397 5053 quiete,
2422 4982 2546 5035 istic
2575 4977 3012 5041 continuabitur,
3043 4977 3258 5046 fineque
3287 4975 3431 5029 bono
3454 4973 3688 5034 fruetur.

2110 5091 2272 5147 quem
2343 5073 2592 5128 nancisci
2658 5071 2886 5140 rogabat
2943 5071 3086 5124 alius
3131 5068 3397 5139 propheta
3445 5065 3688 5123 ‘dicens:

2112 5185 2129 5218 ι
2167 5155 2521 5235 C‘oncttpiscit
2555 5172 2609 5232 et
2655 5163 2842 5218 deficit
2885 5162 3066 5215 anima
3119 5176 3240 5215 mea
3290 5161 3346 5214 in
3400 5160 3538 5213 atria
3583 5157 3690 5210 Du-

2108 5256 2244 5311 mini
2275 5257 2346 5311 ‘°.
2383 5274 2400 5307 ι
2438 5254 2590 5308 Atria
2637 5269 2767 5310 vero
2814 5252 3030 5307 Domini
3073 5259 3200 5308 sunt
3231 5252 3484 5306 cmlestes
3535 5265 3689 5304 mau-

2113 5349 2320 5411 sioncs,
2378 5348 2445 5403 de
2495 5348 2696 5418 quibus
2747 5347 2948 5401 dicitur
2981 5347 3034 5400 in
3086 5345 3382 5415 Evangelio
3415 5361 3427 5397 :
3465 5360 3481 5392 ι
3533 5339 3686 5410 Apud

2111 5438 2330 5493 Patrem
2369 5440 2684 5495 mansiones
2733 5439 2920 5493 multa:
2942 5438 3012 5493 ".
3045 5456 3063 5490 ι
3100 5435 3151 5492 Is
3184 5437 3365 5505 itaque
3409 5449 3476 5487 cx
3514 5429 3688 5501 gentl-

2111 5531 2235 5593 bus,
2263 5531 2358 5601 qui
2407 5531 2536 5586 olim
2578 5546 2708 5584 caro
2749 5540 2887 5593 erat,
2943 5529 3036 5585 sed
3078 5528 3188 5597 jam
3229 5533 3493 5586 mutatus,
3525 5521 3688 5575 homo

2113 5621 2208 5676 Dei
2247 5623 2474 5677 etfeelus
2500 5629 2604 5685 cst,
2630 5637 2751 5675 eum
2777 5620 2868 5691 qui
2899 5625 3217 5689 segregatus
3251 5622 3304 5673 ct
3335 5615 3447 5686 jam
3479 5611 3701 5676 ριοοιιιιι,

1086 5797 1130 5828 ⁸⁸
1158 5792 1176 5847 1
1209 5793 1364 5850 Joan.
1401 5811 1462 5864 ιι,
1487 5795 1542 5852 2,
1617 5798 1662 5829 ὀ
1691 5796 1815 5853 Psal
1878 5782 2124 5865 Lxxxul,
2149 5798 2202 5855 3.
2286 5801 2326 5834 ’³
2356 5798 2513 5860 Joan.
2550 5813 2662 5862 xxv,
