4100 6528
457 365 558 420 σοι

1137 361 1402 418 ΕΕΞΕΒΙΙ
1437 360 1914 426 C/ESARIENSIS
1947 359 2046 420 ΟΡ]

2153 357 2316 420 PARS
2357 357 2445 412 ιιι.
2483 373 2558 399 -‘-
2597 354 3003 412 EXEGlETICA.

3614 357 3722 413 632

460 487 545 536 est
581 479 796 534 beatum
829 475 1120 546 prmdicat;
1158 485 1346 546 utpote
1373 477 1464 548 qui
1515 492 1544 530 a
1589 476 1698 532 Deo
1721 485 2038 546 assumptus

2153 475 2295 548 ιταρά
2331 475 2404 545 τῷ
2427 475 2621 545 Πατρί.
2655 495 2672 526 ›
2727 476 2785 528 '0
2819 472 2995 527 τοίνυν
3027 473 3086 537 ἐξ
3113 471 3281 528 ἐθνῶν
3307 473 3472 528 πάλαι
3507 475 3604 546 μὲν
3643 477 3720 529 ῶν

459 581 516 632 et
565 572 621 630 in
675 559 810 632 atria
861 569 1104 624 caelestis
1151 568 1454 624 Jerusalem
1505 569 1806 624 translatus
1853 569 2036 626 fuerit.

467 661 866 732 «Replebimur
913 663 968 716 in
1017 661 1176 718 bonis
1232 660 1428 714 domus
1475 667 1620 714 tute:
1655 667 1904 714 sanetum
1956 667 2040 713 est

463 754 722 824 templum
781 761 958 816 tuum,
1010 751 1260 806 mirabile
1307 751 1627 820 iniustitia.
1666 771 1684 801 ι
1721 751 1822 816 Qui
1873 766 2040 819 supra

460 843 748 898 memorati
779 854 925 910 sunt,
965 843 1108 898 bona
1141 841 1409 906 coelestia,
1451 842 1610 912 queis
1641 842 1934 910 praedictus
1957 841 2040 896 vir

463 937 654 990 beatus
700 935 898 1006 dignus
947 936 1170 992 habitus
1204 943 1309 1002 est,
1366 936 1630 1004 consequi
1665 943 2038 1004 peroptantes,

459 1029 611 1084 aiunt
640 1047 652 1082 :
685 1047 704 1080 ι
735 1027 1084 1096 lleplebimur
1117 1027 1170 1080 in
1207 1026 1366 1082 bonis
1395 1025 1593 1080 domus
1631 1033 1752 1082 tuus.
1805 1045 1824 1076 ι
1863 1025 2041 1080 (10318-

459 1125 600 1172 stem
639 1117 786 1172 enim
819 1118 966 1170 illam
997 1116 1091 1172 Dei
1123 1117 1370 1178 domum,
1413 1114 1573 1186 cujus
1605 1115 1658 1168 in
1692 1115 1848 1170 atriis
1875 1115 1920 1168 is
1946 1114 2038 1182 qui

455 1207 566 1276 jam
617 1209 824 1264 electus
867 1208 972 1264 fuit
1032 1209 1366 1264 constitutus
1426 1216 1530 1270 est,
1589 1207 1758 1276 probe
1815 1217 2037 1262 norunt.

459 1301 826 1366 Quamobrem
861 1308 1177 1370 precantur,
1206 1315 1264 1354 se
1289 1313 1511 1369 queque
1545 1307 1857 1367 opportuno
1899 1307 2039 1354 tetu-

459 1409 592 1462 pore
635 1393 880 1448 coelestia
929 1393 1018 1446 illa
1062 1392 1204 1446 bona
1249 1391 1536 1460 consequi.
1565 1389 1722 1455 Quod
1763 1390 1810 1444 si
1843 1390 2042 1446 domus

459 1483 555 1538 Dei
587 1485 832 1548 Ecclesia
862 1483 982 1554 ejus
1011 1485 1084 1538 sit
1117 1483 1419 1538 secundum
1445 1481 1792 1551 Apostolum,
1817 1483 1908 1550 qui
1932 1481 2036 1538 ait:

466 1597 483 1626 ι
519 1575 586 1630 Ut
627 1577 772 1632 scias
809 1577 1086 1648 quomodo
1115 1586 1364 1644 oporteat
1406 1583 1456 1628 te
1495 1575 1548 1634 in
1579 1575 1743 1632 domo
1777 1573 1870 1630 Dei
1918 1589 2042 1626 cou-

458 1669 692 1732 versari,
721 1685 842 1738 qua:
876 1675 960 1724 est
995 1665 1240 1728 Ecclesia
1277 1665 1368 1720 Dei
1415 1665 1548 1728 vivi,
1585 1667 1842 1722 columna
1873 1673 1926 1720 et
1953 1663 2043 1718 ﬁr-

463 1765 798 1812 mamentum
849 1757 1096 1811 veritatis
1123 1759 1204 1822 ";
1240 1775 1256 1807 ι
1283 1757 1409 1826 jure
1453 1755 1682 1810 dicunt:
1719 1755 1915 1812 Beatus
1951 1755 2040 1808 ille

2145 567 2302 638 σὰρξ,
2343 564 2660 636 μεταϐαλὼν
2691 566 2748 618 δὲ
2787 567 2879 618 καὶ
2919 565 3210 636 γενόμενος
3247 565 3382 618 Θεοῦ
3411 566 3716 635 ἄνθρωπος,

2145 657 2436 728 μακαρίζει
2481 658 2572 710 τὸν
2621 657 2896 727 ἐξαίρετον
2944 657 3038 708 καὶ
3083 657 3183 726 Ιίιίέη
3224 656 3508 710 ἐκλεκτόν·
3549 659 3625 721 ὡς
3655 659 3722 712 ἂν

2143 747 2557 819 προσληφθέντα
2595 749 2700 801 ὑπὸ
2743 749 2838 801 τοῦ
2870 747 3006 800 Θεοῦ
3045 749 3138 800 καὶ
3183 749 3606 820 παραληφθέντα
3643 753 3725 816 είς

2143 839 2240 903 τὰς
2287 839 2454 904 αὐλὰς
2489 841 2590 910 τῆς
2629 841 2952 910 ἐπουρανίου
2995 836 3370 910 Ἰερουσαλήμ.
3412 859 3429 890 ι
3473 841 3723 912 Πλησθη-

2145 930 2350 999 σόμεθα
2385 932 2576 994 ἐντοῖς
2607 929 2834 998 ἀγαθοῖς
2871 929 2966 982 τοῦ
2999 929 3150 982 οἴκου
3179 947 3272 982 σου
3295 949 3307 960 ·
3359 931 3513 997 ἅγιος
3544 935 3572 986 ὁ
3600 934 3726 996 ναός

2146 1035 2276 1080 σου,
2329 1019 2638 1090 Θαυμαστὸς
2683 1022 2740 1074 ἐν
2779 1019 3112 1090 δικαιοσύνῃ.
3141 1037 3160 1070 ›
3207 1021 3270 1074 Οἱ
3311 1021 3722 1092 προλεχθέντες,

2143 1113 2324 1178 τυχεῖν
2358 1111 2640 1179 εὐχόμενοι
2674 1109 2766 1164 καὶ
2789 1108 2944 1162 αὐτοὶ
2985 1109 3092 1162 τῶν
3121 1111 3460 1182 ἐπουρανίων
3485 1111 3724 1180 ἀγαθῶν,

2143 1197 2222 1256 ὧν
2256 1200 2481 1270 ἠξίωται
2517 1204 2545 1254 ὁ
2574 1202 2972 1271 προειρημένος
3003 1203 3292 1271 μακάριος,
3323 1203 3518 1272 φασίν·
3561 1205 3730 1275 ιΠλη-

2147 1289 2457 1362 σθησὸμεθα
2491 1291 2548 1342 ὲν
2576 1293 2686 1353 τοῖς
2723 1289 2948 1358 ἀγαθοῖς
2977 1291 3071 1343 τοῦ
3099 1291 3251 1343 οίκου
3289 1307 3402 1344 σου.
3443 1311 3461 1342 ι
3517 1294 3728 1361 Ἔγνω-

2145 1399 2244 1436 conv
2278 1383 2386 1451 γὰρ
2435 1381 2524 1433 τὸν
2569 1375 2716 1434 οἷκον
2757 1379 2852 1432 τοῦ
2881 1379 3016 1434 Θεοῦ
3068 1380 3156 1433 τὸν
3196 1382 3534 1451 ἐπουράνιον,
3571 1378 3630 1436 οὗ
3671 1386 3727 1434 ὲν

2143 1476 2262 1536 ταῖς
2298 1473 2490 1534 αὐλαῖς
2525 1473 2554 1524 ὁ
2599 1471 2698 1541 ἤδη
2732 1471 2990 1534 ἐκλεκτὸς
3029 1471 3445 1524 κατατέτακται.
3493 1473 3583 1525 Διὸ
3619 1476 3728 1527 ἱκε-

2143 1559 2361 1614 τεύουσι
2413 1558 2592 1629 καιρῷ
2627 1575 2760 1612 ποτε
2807 1559 2902 1614 καὶ
2933 1560 3086 1612 αὐτοὶ
3125 1563 3305 1628 τυχεῖν
3347 1561 3457 1613 τῶν
3495 1564 3728 1634 ἐπουρα-

2145 1651 2276 1704 νίων
2337 1649 2576 1716 ἀγαθῶν.
2635 1649 2700 1710 Εἰ
2747 1648 2804 1700 δὲ
2859 1649 2952 1702 καὶ
2989 1645 3142 1712 οἶκος
3179 1649 3315 1701 Θεοῦ
3365 1652 3398 1720 ἡ
3437 1650 3730 1721 ’Ἐκκλησία

2145 1741 2310 1796 αὑτοῦ
2359 1744 2474 1794 ἐστι
2525 1739 2666 1794 κατὰ
2711 1740 2802 1792 τὸν
2857 1741 3174 1794 Ἀπόστολον
3221 1743 3504 1810 φήσαντα·
3557 1763 3574 1794 ι
3613 1745 3730 1798 Ἵνα

455 1853 570 1922 jam
622 1860 770 1906 tuam
815 1860 1150 1908 consecutus
1202 1861 1286 1906 est
1328 1853 1686 1914 electionem;
1735 1867 1834 1905 nos
1889 1862 2035 1912 Vero,

2153 1833 2258 1904 ἴδῃς
2288 1832 2403 1896 πῶς
2439 1832 2518 1884 δεῖ
2549 1833 2604 1884 ἐν
2637 1833 2772 1901 οἴκῳ
2789 1831 2920 1886 Θεοῦ
2951 1833 3404 1904 ἀναστρέφεσθαι,
3437 1835 3560 1904 ἥτις
3585 1837 3729 1888 ἐστὶν
3793 1845 3796 1848 ’

459 1945 552 2012 qui
587 1943 826 1998 nondum
855 1945 992 1998 tales
1014 1959 1228 2006 sumus,
1262 1943 1356 2000 sed
1387 1943 1564 1996 adhuc
1595 1944 1770 1998 induti
1801 1941 2037 2013 [carne],

460 2036 760 2102 gaudemus
795 2036 950 2108 quod
998 2037 1108 2104 jam
1149 2036 1236 2090 hic
1286 2035 1593 2098 constituti,
1647 2036 1804 2089 bouis
1845 2035 2042 2091 domus

461 2135 568 2182 tum
599 2127 866 2190 fruantur,
914 2127 1116 2182 divinis
1145 2127 1358 2184 scilicet
1401 2127 1774 2190 sermonibus,
1821 2129 2040 2196 sapien-

461 2219 550 2274 tia:
590 2219 920 2289 disciplinis,
969 2230 1022 2274 et
1058 2219 1239 2276 sancti
1290 2217 1529 2289 Spiritus
1585 2221 2038 2282 charismatibus,

461 2311 621 2378 queis
651 2311 848 2366 domus
881 2311 973 2366 Dei
1006 2321 1304 2376 exornatur
1337 2333 1346 2366 :
1387 2331 1404 2362 ι
1441 2311 1544 2366 Alii
1573 2313 1714 2366 enim
1741 2328 1837 2381 per
1869 2309 2041 2382 Spiri-

461 2414 578 2456 tum
623 2403 784 2458 datur
827 2389 1008 2458 sermo
1058 2404 1364 2473 sapientiae,
1421 2405 1510 2460 alii
1559 2418 1744 2460 sermo
1779 2403 2042 2468 scientiae,

463 2498 556 2550 alii
589 2495 721 2552 fides
763 2497 814 2560 in
857 2497 1047 2552 eodem
1081 2495 1312 2568 Spiritu,
1356 2497 1448 2550 alii
1485 2497 1628 2552 dona
1665 2499 2039 2563 curationum,

463 2590 552 2644 alii
587 2604 784 2658 genera
809 2589 1120 2660 linguarum
1145 2589 1214 2651 ",
1255 2609 1272 2646 υ
1299 2596 1354 2644 et
1385 2588 1490 2644 alia
1513 2603 1634 2658 quae
1657 2589 1876 2645 divinus
1899 2591 2040 2658 Apo-

463 2679 638 2734 stolus
691 2681 1053 2736 cnuiueravit.
1115 2677 1230 2734 lloe
1284 2695 1344 2734 se
1393 2681 1578 2752 itaque
1639 2693 1904 2750 apparatu
1959 2683 2042 2735 in-

463 2777 684 2824 struunt
715 2771 808 2840 qui
843 2769 1070 2824 meliora
1096 2769 1518 2840 concupiscunt.
1549 2768 1753 2826 Deinde
1784 2772 1909 2842 quia
1945 2771 2041 2827 do-

461 2878 588 2918 mus
625 2861 718 2917 Dei
761 2863 1093 2916 mentionem
1141 2861 1412 2922 fecerunt.
1463 2872 1869 2932 consequenter
1919 2863 2048 2920 edn-

463 2963 590 3007 eent
615 2969 866 3022 quaenam
894 2955 985 3008 illa
1021 2955 1094 3008 sit
1123 2953 1370 3009 dicentes
1397 2973 1412 3010 :
1446 2972 1465 3005 ι
1499 2953 1761 3010 Sanctum
1793 2965 1876 3014 est
1905 2965 2044 3010 tem-

463 3045 612 3114 plum
661 3053 837 3110 tuum,
883 3027 1138 3098 mirabile
1182 3045 1236 3098 in
1274 3045 1506 3114 justitia.
1543 3065 1562 3096 ι
1601 3044 1723 3100 llaec
1751 3050 1894 3102 enim
1948 3048 2044 3102 do—

463 3149 588 3188 mus
637 3133 732 3188 Dei
784 3142 922 3196 erat,
967 3143 1220 3190 sanctum
1257 3137 1519 3204 templum
1567 3135 1708 3204 ejus.
1757 3136 2042 3206 Templum

2162 1923 2459 1994 Ἐκκλησία
2502 1922 2638 1976 Θεοῦ
2679 1923 2900 1984 ζῶντος,
2945 1921 3132 1986 στῦλος
3173 1925 3268 1976 καὶ
3314 1925 3592 1996 ἑδραίωμα
3629 1925 3730 1996 τῆς

2149 2015 2484 2086 ἀληθείας-ι
2543 2014 2768 2078 εἰκότως
2815 2017 3006 2086 φασὶν,
3065 2017 3146 2068 ὅτι
3212 2017 3268 2069 ’0
3317 2017 3414 2086 μὲν
3464 2019 3730 2089 μακάριος

2149 2109 2250 2180 ήδη
2307 2109 2407 2178 τῆς
2459 2109 2610 2179 παρὰ
2664 2109 2746 2162 σοι
2797 2109 3096 2178 τετύχηκεν
3147 2109 3412 2178 ἐκλογῆς·
3465 2112 3626 2179 ἡμεῖς
3675 2109 3730 2163 δὲ

2148 2202 2198 2254 οἱ
2227 2202 2360 2271 μηδέ
2373 2219 2453 2254 πω
2477 2200 2730 2264 τοιοῦτοι,
2763 2201 2842 2254 ἔτι
2870 2202 2926 2256 δὲ
2955 2217 3022 2253 πε
3033 2200 3406 2272 ριεεόλημένοι
3433 2201 3730 2272 ἀγαπῶμεν

2151 2291 2400 2352 ἐντεῦθεν
2449 2294 2548 2365 ἥδη
2579 2295 2689 2348 τῶν
2732 2294 2789 2347 ὲν
2835 2293 2914 2362 τῷ
2952 2294 3085 2364 οἴκῳ
3125 2289 3220 2345 σου
3248 2293 3466 2361 ἀγαθῶν
3495 2293 3728 2348 ἀπολαύ-

2151 2402 2332 2448 οντες,
2389 2386 2564 2454 λόγων
2625 2385 2825 2456 δηλαδὴ
2874 2383 3034 2436 θείων
3083 2385 3176 2438 καὶ
3229 2384 3338 2436 τῶν
3381 2386 3480 2455 τῆς
3541 2385 3730 2452 σοφίας

2153 2477 2494 2547 μαθημάτων
2533 2493 2590 2528 τε
2623 2476 2718 2528 καὶ
2759 2475 3115 2544 χαρισμάτων
3155 2475 3248 2526 τοῦ
3291 2475 3444 2542 ἁγίου
3479 2475 3730 2545 Πνεῦμα-

2149 2583 2240 2628 τος
2260 2606 2274 2630 ,
2309 2561 2390 2628 οἷς
2417 2567 2758 2636 κεκόσμηται
2800 2567 2828 2616 6
2857 2560 3004 2627 οἶκος
3039 2563 3134 2616 τοῦ
3165 2563 3330 2616 Θεοῦ·
3369 2562 3470 2634 ιᾯ
3502 2565 3599 2634 μὲν
3623 2565 3732 2638 γὰρ

2149 2657 2238 2710 διὰ
2279 2657 2372 2710 τοῦ
2421 2657 2736 2726 Πνεύματος
2789 2655 2988 2708 δίδοται
3033 2655 3190 2722 λόγος
3245 2656 3458 2724 σοφίας,
3489 2655 3630 2726 ἄλλῳ
3675 2656 3731 2708 δὲ

2151 2749 2306 2817 λόγος
2345 2747 2597 2818 γνώσεως
2618 2789 2631 2812 ,
2673 2749 2843 2818 ἑτέρῳ
2872 2748 2927 2800 δὲ
2961 2748 3144 2811 πίστις
3182 2751 3240 2800 ὲν
3268 2746 3346 2816 τῷ
3373 2747 3522 2817 αὐτῷ
3563 2746 3733 2800 Πνεῦ-

2155 2859 2316 2914 ματι·
2381 2843 2524 2912 ἄλλῳ
2575 2842 2886 2912 χαρίσματα
2947 2840 3223 2909 ἰαμάτων.
3275 2839 3445 2909 ἑτέρῳ
3492 2839 3548 2890 δὲ
3599 2839 3728 2908 γένη

2153 2935 2433 3004 γλωσσῶν,
2469 2953 2486 2988 ι
2515 2934 2610 2988 καὶ
2639 2935 2738 2986 ὅσα
2763 2932 2898 2986 ἄλλα
2931 2932 3213 2998 κατέλεξεν
3240 2933 3267 2984 ὁ
3299 2931 3438 2993 θεῖος
3480 2929 3732 2983 ’Λιπόστο-

2152 3026 2260 3088 λος.
2327 3025 2412 3082 Ἑν
2460 3025 2666 3087 τούτοις
2719 3020 2811 3076 οὖν
2857 3023 3084 3086 ἑαυτοὺς
3128 3020 3630 3092 παρασκευάζουσιν
3683 3024 3730 3074 oi

2153 3120 2258 3176 τῶν
2307 3119 2630 3189 κρειττόνων
2677 3117 2974 3186 ἐφιέμενοι.
3029 3113 3142 3168 Εἶτ’
3189 3113 3374 3183 ἐπειδὴ
3419 3114 3546 3182 περὶ
3585 3115 3731 3166 οἴκου

466 3231 648 3276 autem
699 3232 950 3276 sanetum
992 3222 1085 3277 Dei
1137 3223 1434 3294 intelligas,
1491 3239 1598 3276 non
1649 3241 1930 3280 murorum
1965 3235 2045 3280 te-

2153 3207 2279 3260 Θεοῦ
2309 3207 2720 3276 ἐμνημόνευσαν
2741 3245 2755 3268 ,
2787 3205 3094 3266 ἀκολούθως
3131 3205 3313 3268 ὁποῖος
3349 3197 3504 3266 οὗτος
3533 3205 3734 3274 τυγχά-

467 3321 796 3382 etorumque
831 3313 1116 3376 fabricam.
1156 3315 1252 3368 sed
1285 3313 1418 3368 illud
1448 3313 1594 3384 quod
1617 3315 1730 3381 jam
1769 3331 1834 3371 ex
1859 3317 2052 3372 electis

468 3406 761 3458 animabus
807 3407 1183 3459 constituitur.
1235 3403 1444 3466 Sancti,
1493 3403 1703 3474 lapides
1746 3406 1853 3462 vivi
1889 3415 2047 3472 sunt;

468 3499 800 3568 domumque
827 3497 1170 3566 spiritualem
1206 3493 1272 3547 ad
1304 3507 1554 3550 sanctum
1588 3496 1917 3552 sacriﬁcium
1949 3498 2046 3550 de-

469 3591 754 3654 stinatam,
787 3595 992 3642 coetum
1025 3587 1407 3670 religiosorum
1439 3587 1720 3644 hominum
1749 3603 1871 3644 esse
1897 3602 2052 3644 sacer

468 3681 762 3754 Apostolus
815 3679 1002 3732 docuit
1041 3679 1126 3732 bis
1170 3679 1391 3734 verbis:
1425 3697 1442 3728 ι
1484 3677 1592 3732 Vos
1637 3687 1816 3734 autem
1860 3693 2050 3732 omnes

469 3771 666 3826 (loiuus
699 3769 792 3825 Dei
829 3769 988 3832 estis,
1031 3779 1084 3824 et
1129 3767 1368 3840 Spiritus
1409 3767 1502 3822 Dei
1537 3767 1746 3822 habitat
1789 3769 1842 3821 in
1871 3769 2046 3822 vobis.

472 3859 528 3912 Si
569 3859 692 3930 quis
745 3858 1005 3926 templum
1059 3857 1152 3912 Dei
1200 3858 1510 3924 violaverit,
1568 3857 1848 3932 disperdet
1897 3857 2050 3912 illum

469 3951 634 4004 Deus.
666 3949 950 4020 Templum
995 3950 1140 4002 enim
1175 3947 1269 4002 Dei
1313 3959 1562 4002 sanetum
1596 3935 1699 4010 est,
1734 3949 1880 4020 quod
1922 3951 2053 4004 estis

469 4057 568 4095 vos
596 4041 662 4091 ".
697 4059 715 4090 ι
757 4037 880 4092 11η
913 4047 1094 4092 autem
1148 4053 1270 4092 cum
1311 4037 1469 4103 dixit,
1503 4038 1682 4092 aiiiuia
1715 4041 1928 4096 locatus
1971 4049 2053 4094 est

471 4130 635 4182 dictis
669 4127 1028 4198 praesentibus
1065 4147 1076 4180 :
1108 4148 1124 4178 ι
1157 4127 1418 4184 Sanctum
1451 4136 1536 4194 est
1579 4131 1840 4199 templum
1876 4139 2050 4192 tuum,

471 4222 722 4276 mirabile
757 4219 1064 4289 injustitia.
1103 4241 1118 4272 ι
1159 4219 1310 4275 Sicut
1339 4222 1484 4276 enim
1532 4223 1875 4278 sensibilium
1918 4233 2053 4276 tem-

469 4313 686 4382 piorum
742 4321 1022 4365 structura
1077 4315 1129 4366 in
1177 4315 1537 4368 admiratione
1583 4315 1902 4385 plerumque
1937 4321 2052 4378 cst,

469 4405 618 4476 quod
651 4419 714 4460 ea
743 4405 990 4460 studiosa
1027 4405 1284 4458 varietate
1325 4405 1664 4458 exaediﬁcata
1701 4405 1842 4470 sint;
1889 4419 2050 4464 aurea

470 4499 670 4576 quippe
701 4507 843 4552 tecta
897 4507 950 4552 et
980 4495 1301 4566 auaglypbis
1336 4504 1528 4556 ornata
1569 4499 1902 4552 concinnant
1944 4497 2054 4552 ele-

469 4595 666 4664 gantia:
703 4593 1006 4656 studentes,
1037 4589 1306 4644 columnis
1333 4599 1499 4658 atque
1522 4589 1889 4650 marmoribus
1919 4587 2050 4642 tedi-

471 4686 593 4746 tieia
649 4683 1180 4740 exornantwodem
1235 4683 1397 4736 modo
1441 4682 1701 4751 templum
1761 4681 1852 4736 Dei
1908 4679 2052 4749 quod

474 4788 728 4832 sanctum
772 4785 858 4832 est
887 4777 963 4846 (et
1015 4775 1118 4830 hoc
1159 4791 1291 4830 sane
1335 4775 1434 4844 ipsi
1469 4775 1704 4844 primum
1751 4773 2052 4842 etquidem

473 4866 903 4938 puli-lierriu'uuu
935 4867 1138 4920 bonum
1185 4865 1388 4934 adest),
1425 4873 1656 4919 externo
1705 4871 1900 4918 ornatu
1945 4864 2054 4918 cir—

475 4955 816 5024 cumfulget,
867 4955 1120 5010 videlicet
1180 4955 1445 5024 sapientia
1499 4955 1589 5006 illa
1644 4952 1736 5008 Dei
1790 4954 2052 5010 varietate

474 5049 758 5108 distincta,
800 5045 1011 5112 juslilia
1063 5055 1115 5098 et
1173 5046 1402 5113 reliquis
1457 5045 1774 5108 virtutibus,
1821 5043 2056 5113 Spiritus

475 5141 603 5195 item
653 5137 828 5192 sancti
861 5137 1020 5192 donis
1047 5138 1196 5192 varie
1233 5138 1590 5202 illustratum,
1641 5137 1714 5190 ita
1765 5139 1904 5190 utin
1942 5145 2057 5190 stu-

477 5246 664 5304 porem
719 5237 772 5282 et
827 5227 1240 5282 admirationem
1301 5242 1358 5284 se
1405 5229 1840 5296 a_'outcmp!aates
1891 5227 2060 5294 conji-

477 5327 607 5382 ciat.
651 5320 1014 5390 Quamobrem
1048 5319 1138 5388 qui
1182 5329 1236 5372 ut
1283 5319 1336 5370 in
1368 5337 1434 5370 eo
1475 5319 1634 5374 sedes
1681 5319 1942 5372 baberent
1973 5319 2054 5372 di-

476 5421 564 5500 gni
599 5415 767 5470 habiti
814 5421 962 5474 sunt,
999 5411 1102 5464 laeti
1137 5411 1324 5464 dicunt
1356 5431 1366 5463 :
1406 5431 1423 5460 ι
1459 5409 1812 5480 Ilcplebimur
1863 5411 1918 5468 in
1963 5411 2056 5464 Lo-

479 5513 565 5578 uis
621 5509 816 5574 (lamus
875 5514 980 5558 ture
1027 5523 1038 5556 :
1089 5511 1342 5558 sanctum
1406 5511 1490 5556 est
1541 5503 1802 5570 templum
1863 5511 2052 5564 tuum,

481 5597 725 5658 mirabile
775 5599 826 5652 in
875 5597 1110 5668 justitia.
1149 5617 1162 5646 ι
1204 5593 1474 5649 O'iscrves
1521 5607 1682 5662 porro
1735 5591 1893 5644 velim
1945 5593 2056 5644 iure

552 5761 594 5790 ‘”
637 5757 812 5812 ΙΤίιιι.
849 5773 933 5820 ιιι,
971 5755 1050 5810 lli.
1129 5759 1172 5792 ³⁸⁸
1209 5753 1226 5808 ι
1261 5755 1385 5806 (ζειν.
1417 5767 1512 5812 xu,
1546 5751 1598 5814 8,
1631 5749 1682 5802 9.

2152 3314 2228 3350 νει
2270 3297 2577 3350 διδάσκουσι
2611 3297 2898 3364 λέγοντες·
2942 3316 2960 3346 ι
2993 3297 3186 3363 Ἄγιος
3223 3297 3252 3348 6
3287 3296 3413 3359 ναός
3443 3313 3558 3358 σου,
3597 3295 3730 3347 θαυ-

2157 3389 2356 3457 μαστὸς
2393 3390 2449 3440 ὲν
2497 3389 2827 3460 δικαιοσύνῃ.
2857 3409 2874 3441 ι
2931 3381 3100 3450 Οὗτος
3137 3387 3248 3458 γὰρ
3289 3384 3356 3459 ἦν
3397 3389 3426 3441 6
3453 3383 3601 3448 οἶκος
3636 3387 3734 3440 τοῦ

2153 3479 2308 3540 Θεοῦ,
2351 3480 2378 3530 6
2408 3479 2560 3548 ἆγιος
2608 3479 2772 3534 αὑτοῦ
2815 3480 2968 3544 νεώς.
3009 3480 3165 3534 Νεὼν
3199 3481 3254 3534 δὲ
3286 3481 3446 3534 ἄκουε
3475 3479 3570 3532 τοῦ
3597 3478 3732 3532 Θεοῦ

2155 3569 2306 3638 ᾶγιον
2347 3569 2407 3620 ού
2441 3569 2631 3637 τοίχων
2661 3570 2756 3622 καὶ
2786 3571 2996 3641 ὀρόφων
3031 3571 3453 3642 οἰκοδομήματα,
3483 3570 3616 3638 ἀλλά
3643 3571 3734 3622 τὸν

2153 3661 2214 3712 ἐκ
2275 3660 2460 3730 ψυχῶν
2501 3660 2772 3714 ἐκλεκτῶν
2821 3663 3128 3718 συνεστῶτα
3167 3663 3288 3734 ἤδη.
3345 3661 3496 3715 meo;
3535 3661 3734 3726 ζῶντες

2152 3753 2199 3804 οἱ
2233 3752 2397 3820 ἅγιοι,
2426 3752 2520 3812 καὶ
2555 3749 2699 3814 οἶκος
2728 3755 3094 3822 πνευματικὸς
3129 3757 3208 3818 εἰς
3253 3755 3552 3826 ἱεράτευμα
3581 3753 3734 3822 ἄγων

2151 3845 2210 3896 τὸ
2241 3843 2493 3914 σύστημα
2531 3843 2636 3896 τῶν
2672 3843 2936 3896 θεοσεϐῶν
2969 3841 3106 3900 εἶναι
3149 3849 3178 3899 ὁ
3223 3847 3366 3919 ἱερὸς
3416 3847 3736 3910 Ἀπόστολος

2153 3935 2388 3999 ἐδίδαξεν
2427 3935 2624 3990 εἰπών’
2665 3957 2683 3992 ι
2721 3936 2906 4006 Ὑμεῖς
2939 3936 2994 3990 δὲ
3024 3939 3220 4008 πάντες
3251 3935 3396 4002 οἶκος
3426 3939 3560 3992 Θεοῦ
3591 3943 3734 4004 ἐστε,

2155 4028 2244 4088 καὶ
2287 4027 2346 4084 τὸ
2375 4028 2600 4102 Πνεῦμα
2645 4026 2736 4082 τοῦ
2777 4027 2911 4080 Θεοῦ
2959 4029 3098 4082 οίκεῖ
3138 4031 3194 4080 ὲν
3231 4032 3378 4099 ὑμῖν
3427 4031 3479 4082 εί
3514 4048 3596 4094 τις
3643 4031 3734 4082 τον

2153 4117 2278 4176 νειὸν
2317 4119 2410 4172 τοῦ
2447 4117 2580 4172 Θεοῦ
2610 4119 2840 4190 φθείρει,
2877 4117 3064 4188 φθερεῖ
3098 4119 3284 4172 τοῦτον
3317 4121 3345 4174 6
3373 4119 3504 4183 Θεὸς
3525 4137 3538 4152 ·
3577 4125 3604 4174 6
3629 4121 3736 4190 γὰρ

2153 4208 2279 4270 ναὸς
2325 4207 2418 4260 τοῦ
2465 4207 2601 4260 Θεοῦ
2657 4209 2810 4276 ἅγιός
2865 4211 3032 4272 ἐστιν,
3080 4209 3276 4272 οἵτινές
3323 4211 3444 4264 ὲστε
3491 4211 3664 4279 ὑμεῖς.
3712 4228 3730 4258 ι

2155 4299 2324 4351 Τοῦτο
2361 4299 2416 4354 δὲ
2461 4301 2654 4363 εἰπὼν,
2705 4299 2914 4370 συνῳδὰ
2963 4299 3040 4370 τῷ
3077 4299 3216 4372 μετά
3259 4303 3446 4370 χεῖρας
3492 4299 3734 4352 ἐδίδασκε

2154 4389 2295 4458 λόγῳ
2347 4389 2637 4457 φάσκοντι·
2677 4411 2694 4442 ι
2730 4391 2916 4458 ’Ἄγιος
2965 4393 2993 4444 6
3026 4391 3151 4454 ναός
3177 4407 3292 4454 σου,
3337 4391 3644 4460 θαυμαστὴς
3679 4393 3736 4442 ἐν

2159 4481 2491 4552 δικαιοσύνῃ.
2533 4502 2550 4536 ι
2603 4484 2691 4546 Ὠς
2719 4483 2828 4554 γὰρ
2851 4483 2956 4536 τῶν
2987 4481 3258 4554 αἰσθητῶν
3284 4483 3426 4538 ναῶν
3467 4482 3736 4552 θαυμιὶζε⁴

2159 4591 2247 4626 ται
2281 4575 2538 4636 πολλάκις
2572 4577 2604 4644 ἡ
2631 4573 2940 4645 κατασκευὴ
2967 4575 3052 4628 διὰ
3079 4575 3364 4642 φιλοκάλου
3395 4574 3736 4638 πολυτελείας

2161 4668 2425 4740 γενομένη
2444 4686 2456 4698 ·
2485 4669 2796 4740 χρυσόροφα
2823 4668 2952 4735 γοῦν
2973 4669 3063 4721 καὶ
3090 4667 3358 4737 διάγλυφα
3377 4667 3736 4728 τεκταίνουσι,

2168 4760 2604 4830 φιλοκαλοῦντες,
2655 4761 2754 4832 ὕλῃ
2797 4777 2854 4812 τε
2902 4761 3094 4816 κιόνων
3143 4761 3234 4818 καὶ
3293 4759 3598 4831 μαρμάρων
3641 4775 3738 4809 xa-

2161 4853 2495 4924 τακοσμοῦσι
2537 4855 2636 4922 τὰς
2681 4853 3001 4924 οίκοδομάς·
3049 4854 3140 4912 τὸν
3169 4853 3328 4906 αὑτὸν
3359 4853 3554 4922 τρόπον
3591 4852 3618 4902 6
3643 4849 3738 4902 τοῦ

2160 4945 2294 5000 Θεοῦ
2339 4943 2474 5010 νεὼς
2523 4945 2676 5020 ἅγιος
2712 4944 2807 5006 ῶν,
2861 4945 2954 4998 καὶ
3001 4943 3158 5000 τοῦτο
3207 4942 3420 5014 πρῶτον
3457 4941 3738 4996 κάλλιστον

2163 5037 2364 5106 ἀγαθὸν
2388 5037 2744 5106 κεκτημένος,
2769 5036 2857 5090 τὺν
2881 5035 3078 5098 ἔξωθεν
3105 5031 3488 5103 περιθέϐληται
3515 5031 3734 5098 κόσμον,

2163 5129 2529 5198 πολυποικίλῳ
2576 5129 2736 5199 σοφίᾳ.
2786 5125 2954 5190 Θεοῦ,
3012 5124 3323 5195 δικαιοσύνῃ
3373 5141 3430 5178 τε
3483 5124 3575 5176 καὶ
3621 5125 3736 5184 ταῖς

2161 5221 2371 5284 λοιπαῖς
2421 5221 2662 5290 ἀρεταῖς,
2704 5219 2814 5278 τοῖς
2861 5233 2916 5270 τε
2955 5215 3049 5268 τοῦ
3091 5215 3243 5282 ἁγίου
3293 5213 3606 5282 Πνεύμστος
3641 5228 3738 5280 χα-

2167 5314 2390 5386 ρίσμασι
2435 5310 2890 5381 πεποικιλμένος,
2946 5310 3020 5372 ὡς
3050 5308 3308 5378 ἔκπληξιν
3359 5307 3602 5376 ἐμποιεῖν
3645 5303 3734 5358 καὶ

2164 5407 2348 5476 θαῦμα
2379 5405 2636 5476 παρέχειν
2665 5405 2775 5465 τοῖς
2801 5402 3018 5471 ὁρῶσιν.
3057 5399 3216 5452 Ὅθεν
3247 5399 3296 5450 οἱ
3327 5395 3736 5463 καταξιούμενοι

2163 5498 2264 5566 τῆς
2291 5499 2345 5548 ὲν
2379 5497 2524 5568 αὕτῷ
2552 5495 2834 5566 διατριϐῆς
2871 5491 3150 5562 χαίροντές
3181 5507 3339 5558 φασι·
3383 5509 3396 5540 ι
3427 5482 3728 5558 ΙῙλησθησέ-

2171 5589 2308 5660 μεθα
2357 5592 2411 5640 ἐν
2457 5593 2566 5652 τοῖς
2619 5586 2841 5654 ἀγαθοῖς
2881 5585 2972 5638 τοῦ
3013 5585 3160 5638 οἴκου
3208 5597 3326 5634 σου·
3367 5581 3516 5648 ἅγιος
3553 5580 3580 5632 ό
3613 5575 3736 5638 ναός

1764 5755 1804 5780 ε·
1843 5747 2012 5800 ltlur.
2061 5761 2142 5810 ιιι,
2189 5745 2270 5810 l6,
2313 5745 2390 5798 Ιῖ.
