4100 6556
520 388 625 444 5.35

1198 380 1461 438 EUSEBII
1499 376 1973 435 (ΣΑΞδΑῐὶιΕΝΞΙΞ
2007 374 2157 430 OPP.
2202 372 2380 427 PARS
2419 372 2593 428 ll|.—
2628 373 3037 430 EXEGETICA.

3672 378 3776 431 636

523 515 738 559 montes
790 506 843 558 in
898 503 1094 556 virtute
1139 517 1257 559 sua.
1289 502 1570 554 accinctus
1620 500 1885 570 potentia.
1921 517 1938 548 ι
1993 495 2100 548 Pro

2209 494 2365 563 μόνον
2412 494 2504 547 τὸν
2548 496 2727 548 αὐτῶν
2762 496 3049 567 γενόμενον
3094 496 3340 567 Σωτῆρα.
3393 515 3411 548 ι
3443 497 3779 567 Ἐτοιμάζων

525 595 639 656 illo,
682 613 699 644 ι
735 609 1044 663 pra-parans
1088 600 1322 654 montes,
1357 611 1374 642 ι
1416 592 1797 662 Symmachus.
1855 608 1883 639 (-
1912 589 2097 641 l‘unda-

522 688 593 739 sti
638 692 868 746 montes,
900 703 917 733 ι
971 684 1358 752 interpretatus
1397 690 1502 736 est.
1550 680 1649 734 Hic
1697 697 1859 749 porro
1912 680 2095 733 divina

520 776 591 831 de
626 776 913 829 Servatore
938 774 1197 827 doctrina
1220 772 1523 826 inducenda
1556 780 1660 826 est.
1698 771 1779 824 'Pu
1810 771 1978 833 enim,
2013 771 2098 823 in-

523 868 662 936 quit.
696 882 755 919 es
791 881 917 934 spes
947 865 1191 917 omnium
1235 864 1420 917 [inium
1474 871 1654 926 terrae,
1689 864 1780 932 qui
1816 870 1877 919 ct‘
1900 862 2015 915 htec
2045 869 2098 915 et

496 959 616 1011 {illa
652 957 851 1010 virtute
899 964 990 1009 tua
1043 970 1237 1025 magna
1286 954 1603 1008 condidisti.
1656 952 1837 1006 Primo
1878 953 2095 1021 quidem

524 1045 849 1115 praeparasti
877 1052 1090 1098 montes
1129 1045 1184 1096 in
1219 1045 1425 1099 virtute
1452 1052 1563 1104 tua,
1602 1042 1883 1096 accinctus
1909 1052 2097 1111 poten-

523 1136 636 1188 tia:
664 1134 858 1188 deinde
908 1135 1249 1188 conturbasti
1292 1134 1642 1203 profundum
1676 1134 1879 1195 maris,
1925 1142 1983 1188 ct’
2018 1149 2097 1187 so-

523 1242 654 1280 num
689 1225 951 1279 ﬂuctuum
983 1225 1397 1295 ejusmitigasti
1425 1244 1438 1279 :
1470 1232 1657 1294 postea
1706 1240 1800 1295 per
1830 1225 1942 1279 ltth
1976 1242 2101 1280 con-

524 1316 758 1369 turbasti
792 1315 1004 1385 gentes.
1038 1315 1134 1370 His
1159 1330 1289 1369 vcro
1319 1316 1489 1384 gestis
1525 1331 1777 1385 magnam
1810 1318 2097 1371 utilitatem

525 1417 888 1476 perceperunt
918 1408 1010 1476 qui
1058 1407 1315 1461 habitant
1334 1407 1618 1461 terminos.
1655 1406 1732 1461 Te
1777 1410 1976 1478 quippe
2010 1426 2103 1465 no-

526 1508 743 1564 verunt,
791 1508 845 1554 et
876 1501 1174 1554 timuerunt
1219 1515 1250 1553 a
1294 1501 1466 1570 signis
1505 1501 1637 1562 tuis,
1691 1501 1764 1553 ita
1796 1510 1853 1553 ut
1895 1501 2100 1553 nullam

529 1590 759 1643 ulterius
788 1598 985 1659 praeter
1018 1599 1070 1645 te
1101 1604 1251 1659 spem
1285 1590 1356 1645 ob
1381 1591 1569 1645 oculos
1599 1598 1883 1661 ponerent.
1923 1589 2102 1655 Quare

528 1696 695 1750 supra
737 1680 942 1734 dictum
977 1688 1102 1734 est:
1139 1699 1175 1732 «ι
1198 1680 1333 1750 Spes
1358 1683 1600 1735 omnium
1634 1682 1820 1734 [inium
1863 1690 2038 1735 teme.
2077 1700 2094 1731 ι

525 1770 567 1824 ιι
597 1772 743 1825 enim
780 1772 872 1841 qui
905 1772 1169 1827 terminos
1214 1782 1372 1827 terra:
1423 1773 1675 1825 incolunt
1726 1772 1815 1825 hic
1850 1788 2099 1841 praenun-

524 1860 695 1913 tiatur
728 1859 969 1915 futurum
1002 1877 1123 1917 esse
1148 1863 1458 1916 ut~~timeant
1492 1862 1659 1916 Deum
1692 1875 1721 1913 a
1759 1862 1932 1931 signis
1958 1862 2098 1931 ejus,

438 2026 439 2029 η
525 1958 585 2005 ιιι
626 1951 832 2006 dicitur
859 1970 872 2006 :
898 1958 931 2004 ἰ
962 1952 1025 2005 Et
1055 1953 1323 2007 timebunt
1353 1953 1445 2022 qui
1498 1953 1747 2006 habitant
1779 1956 2047 2008 terminos
2072 1968 2102 2006 a

528 2045 863 2115 signis~tuis.
893 2063 911 2094 ι
940 2042 1213 2109 Quaenam
1234 2044 1387 2112 signa
1417 2043 1519 2097 illa
1537 2050 1713 2105 erant,
1740 2057 1860 2111 quae
1886 2057 2008 2096 cum
2033 2041 2106 2095 vi-

528 2138 710 2191 derent
742 2136 835 2205 qui
869 2135 1188 2189 habitabant
1216 2134 1482 2188 terminos
1512 2134 1812 2187 timuerunt
1843 2133 2009 2187 Deum
2047 2134 2102 2187 in

526 2227 813 2295 ipsumque
857 2236 1171 2295 sperarunt,
1215 2226 1473 2294 superius
1519 2224 1703 2278 docuit
1751 2224 1837 2279 his
1876 2225 2099 2279 verbis:

533 2318 903 2387 rPrzeparans
935 2327 1155 2372 montes
1200 2320 1254 2371 in
1288 2318 1486 2371 virtute
1535 2333 1655 2379 sua,
1693 2319 1976 2371 accinctus
2013 2332 2105 2384 po-

526 2409 721 2470 tentia,
749 2408 839 2477 qui
871 2408 1174 2463 contnrbas
1205 2406 1534 2477 profundum
1558 2409 1746 2470 maris,
1779 2424 1972 2462 sonum
2004 2407 2104 2461 llu-

527 2508 712 2553 etuum
739 2499 880 2568 ejus.
916 2519 933 2550 ι
964 2498 1099 2565 Quis
1130 2501 1472 2555 sustinebit?
1506 2519 1523 2550 ι
1555 2499 1943 2553 Turhabuntur
1970 2516 2102 2569 gen-

530 2599 633 2646 tes.
667 2608 686 2642 ι
718 2588 841 2645 llaec
870 2589 1116 2644 videntes
1158 2590 1251 2659 qui
1303 2589 1552 2644 habitant
1593 2591 1878 2654 terminos,
1910 2590 2106 2643 timue-

529 2688 662 2736 runt
708 2698 736 2734 τι
792 2681 967 2751 signis
1001 2682 1140 2749 ejus.
1201 2679 1297 2736 His
1341 2696 1506 2749 porro
1558 2682 1899 2751 signiﬁcatur
1943 2682 2106 2750 spiri-

526 2782 680 2828 tuum
719 2774 1105 2844 malignorum,
1154 2773 1246 2842 qui
1290 2775 1418 2828 olim
1467 2784 1658 2828 contra
1692 2772 1786 2828 Dei
1818 2774 2102 2828 scientiam

526 2863 899 2931 erigebantur,
962 2861 1197 2930 abjectio
1255 2871 1308 2916 et
1366 2860 1638 2932 depulsio,
1690 2876 1757 2916 ac
1818 2861 2104 2915 diabolica:

528 2953 662 3007 aciei
709 2952 915 3015 clades,
968 2955 1382 3024 principatnum
1417 2953 1692 3020 videlicet,
1747 2961 2103 3023 potestatum,

528 3055 800 3101 rectorum
853 3047 1037 3101 mundi
1093 3057 1145 3102 et
1206 3046 1582 3117 spiritualium
1644 3047 1903 3118 nequitia:
1940 3066 1953 3101 :
1985 3060 2105 3116 qum

2199 587 2299 657 ὅρη
2334 588 2390 640 ἐν
2418 591 2482 658 τῇ
2517 589 2661 658 ίσχύῖ
2689 588 2872 653 αὐτοῦ,
2895 589 3327 660 περιεζωσμένος
3355 592 3413 643 ἐν
3435 591 3773 644 δυναστεία.»

2210 678 2363 730 Ἀντί¹
2390 679 2505 743 τοῦ,
2544 700 2561 730 ι
2593 680 2897 749 ἐτοιμάζων
2926 682 3049 751 ὄρη,
3076 682 3319 754 ἥδρασας
3352 683 3473 753 ὄρη,
3511 701 3528 733 ι
3576 685 3604 735 6
3635 682 3780 751 Σύμ-

2206 788 2375 841 μαχος
2409 772 2767 841 ήρμήνευσεν.
2811 771 3029 836 Ἐπάξει
3062 773 3115 826 δέ
3143 778 3171 828 6
3202 775 3357 841 λόγος
3386 775 3484 837 τὰς
3515 775 3642 845 περὶ
3682 775 3778 827 τοῦ

2203 860 2590 931 προλεχθέντος
2616 862 2866 932 Σωτῆρος
2898 861 3195 931 θεολογίας.
3229 863 3300 914 Σῦ
3334 862 3442 932 γὰρ
3473 859 3543 925 εἷ,
3588 863 3774 933 φησὶν,

2199 957 2231 1025 ή
2268 954 2421 1018 ἐλπὶς
2463 956 2680 1009 πάντων
2718 954 2826 1008 τῶν
2866 956 3115 1026 περάτων
3158 955 3260 1025 τῆς
3299 956 3402 1025 γῆς
3446 957 3475 1009 6
3509 954 3634 1010 τάδε
3683 958 3777 1010 καὶ⁸

2202 1045 2326 1099 τάδε
2358 1049 2438 1116 τῇ
2462 1046 2657 1100 σαυτοῦ
2687 1047 2915 1115 δυνάμει
2937 1046 3403 1117 μεγαλουργήσας.
3429 1048 3650 1118 Πρῶτον
3680 1048 3780 1117 μὲν

2200 1136 2499 1207 ἡτοίμασας
2524 1136 2623 1207 ὄρη
2651 1139 2708 1189 ἐν
2738 1139 2803 1206 τῇ
2842 1134 2982 1204 ίσχύῖ
3013 1152 3107 1187 σου
3140 1135 3584 1207 περιζωσάμενος
3617 1137 3749 1191 δυνα

2204 1225 2417 1278 στείαν’
2463 1221 2580 1278 εἶτα
2629 1225 2993 1297 συνετάραξας
3033 1226 3094 1279 τὸ
3134 1227 3295 1289 κύτος
3340 1228 3439 1296 τῆς
3481 1226 3776 1297 θαλάσσης,

2203 1317 2295 1369 καὶ
2323 1316 2433 1369 τῶν
2461 1316 2718 1387 κυμάτων
2745 1318 2910 1386 αὐτῆς
2940 1317 3000 1369 τὸ
3027 1313 3159 1387 ἦχος
3192 1318 3467 1388 ἐπρὰῦνας
3486 1336 3499 1347 ·
3547 1315 3663 1371 εἶτα
3691 1319 3780 1371 δῐά

2200 1408 2404 1460 τούτων
2455 1406 2721 1479 ἐτάραξας
2773 1406 2920 1478 ἔθνη.
2976 1409 3191 1460 Τούτων
3241 1409 3297 1461 δέ
3344 1410 3670 1480 γενομένων,
3711 1411 3781 1463 τὰ

2207 1496 2417 1565 μεγάλα
2469 1492 2826 1565 ὠφελήθησαν
2880 1496 2931 1547 οἱ
2986 1497 3364 1560 κατοικοῦντες
3417 1497 3486 1550 τὰ
3548 1497 3778 1569 πέρατα.

2207 1589 2492 1656 Ἕγνωσαν
2520 1588 2628 1657 γάρ
2654 1604 2734 1649 σε,
2761 1588 2856 1639 καὶ
2888 1587 3230 1658 ἐφοϐήθησαν
3259 1589 3367 1642 ἀπὸ
3400 1589 3507 1641 τῶν
3538 1590 3780 1660 σημείων

2210 1696 2301 1731 σου
2336 1719 2349 1740 ,
2401 1679 2477 1741 ὼς
2528 1678 2726 1749 μηκέτι
2783 1678 2967 1730 λοιπὸν
3024 1679 3188 1750 ἄλλην
3248 1679 3369 1731 τινὰ
3421 1679 3611 1732 ἐλπίδα
3674 1681 3781 1750 πρὸ

2204 1769 2497 1840 ὀφθαλμῶν
2556 1768 2799 1822 τίθεσθαι
2852 1770 2884 1839 ἦ
2940 1769 3018 1822 σέ.
3081 1770 3183 1822 Aio"
3226 1770 3481 1841 ἀνωτέρω
3529 1770 3777 1837 ἐλέγετο·

2212 1881 2230 1913 ι
2270 1862 2333 1914 Ἦ
2370 1862 2523 1925 ἐλπὶς
2561 1863 2775 1915 πάντων
2814 1862 2924 1914 τῶν
2969 1864 3218 1933 περάτων
3271 1863 3368 1933 τῆς
3400 1863 3521 1932 γῆς.
3556 1882 3573 1913 ι
3621 1855 3781 1915 Οὗτοι

2206 1955 2313 2026 γὰρ
2346 1956 2397 2007 οι
2426 1954 2493 2007 τά
2525 1954 2737 2024 πέρατα
2766 1953 2865 2023 τῆς
2893 1954 2994 2022 γῆς
3020 1953 3293 2016 οίκοὸντες
3327 1955 3385 2005 ἐν
3413 1956 3523 2016 τοῖς
3564 1971 3784 2024 προκειμ-

2211 2047 2392 2117 μένοις
2446 2045 2849 2116 φοϐηθήσεσθαι
2904 2045 2995 2097 τὸν
3043 2046 3177 2098 Θεὸν
3227 2046 3333 2098 ἀπὸ
3381 2046 3489 2098 τῶν
3542 2045 3782 2116 σημείων

2207 2137 2372 2190 αὐτοῦ
2409 2137 2751 2201 θεσπίζονται
2800 2136 2903 2188 ὑπὸ
2942 2135 3037 2189 τοῦ
3079 2138 3346 2207 φήσαντος
3378 2136 3587 2205 λογίου·
3629 2155 3646 2187 ι
3676 2138 3784 2189 Καὶ

2206 2228 2601 2298 φοϐηθήσονται
2649 2229 2697 2280 οἱ
2746 2227 3124 2290 κατοικοῦντες
3165 2227 3230 2280 τά
3271 2229 3481 2299 πέρατα
3520 2229 3628 2282 ἀπὸ
3675 2229 3785 2282 τῶν

2209 2319 2450 2387 σημείων
2486 2336 2599 2372 σου.
2638 2338 2655 2369 ι
2696 2309 2831 2371 Ποῖα
2862 2319 2915 2371 δέ
2952 2315 3019 2388 ἦν
3046 2320 3130 2371 τάν
3160 2322 3377 2389 σημεῖα,
3412 2320 3555 2391 άπερ
3588 2320 3785 2374 θεασά-

2210 2427 2359 2475 μενοι
2412 2411 2460 2462 οἱ
2509 2411 2888 2473 κατοικοῦντες
2946 2411 3013 2463 τὰ
3052 2411 3262 2481 πέρατα
3305 2412 3650 2482 ἐφοϐήθησαν
3692 2414 3782 2466 τὸν

2205 2499 2334 2553 Θεὸν
2380 2501 2474 2553 καὶ
2521 2502 2600 2563 είς
2659 2501 2821 2554 αὐτὸν
2870 2501 3135 2571 ἤλπισαν,
3189 2501 3531 2573 προεδίδαξεν
3581 2503 3777 2555 εἰπὼν·

2211 2611 2228 2642 ι
2254 2591 2585 2661 Ἑτοιμάζων
2626 2592 2727 2662 ὅρη
2757 2594 2814 2643 ἐν
2847 2594 2912 2662 τῇ
2950 2592 3093 2661 ἰσχύϊ
3120 2591 3283 2645 αὐτοῦ
3304 2631 3317 2654 ,
3348 2589 3784 2662 περιεζωσμένος

2206 2686 2262 2737 ἐν
2290 2683 2595 2755 δυναστείᾳ,
2623 2684 2651 2734 ὁ
2682 2682 3065 2754 συνταράσσων
3090 2683 3150 2735 τὸ
3174 2683 3335 2745 κύτος
3362 2682 3462 2752 τῆς
3488 2681 3782 2751 θαλάσσης,

2204 2778 2368 2848 ήχους
2421 2777 2680 2846 κυμάτων
2720 2777 2962 2845 afﬂigi
3021 2777 3118 2840 Τίς
3172 2778 3564 2847 ὑποστήσεταις
3623 2795 3641 2826 ι
3676 2777 3787 2830 T1-

2211 2867 2567 2939 ραχθήσονται
2594 2866 2740 2937 ἔθνη.
2776 2888 2793 2918 ι
2831 2866 3014 2920 Ταῦτα
3049 2867 3374 2939 θεασάμενοι
3403 2870 3450 2920 οἱ
3472 2866 3787 2920 κατοικοῦν-

2203 2975 2294 3021 τες
2318 2958 2385 3011 τὰ
2408 2960 2639 3030 πέρατα,
2678 2960 3022 3032 ἐφοϐήθησαν
3048 2961 3165 3013 ἀπο
3180 2961 3286 3013 τῶν
3321 2961 3566 3031 σημείων
3598 2958 3784 3013 αὑτοῦ.

2207 3052 2469 3124 Δηλοῦται
2509 3054 2575 3105 δὲ’
2606 3053 2693 3106 διὰ
2733 3052 2936 3105 τούτων
2982 3056 3013 3122 ή
3049 3051 3162 3105 τῶν
3190 3052 3357 3105 πάλαι
3403 3050 3784 3122 ἐπαιρομένων

526 3137 744 3205 quidem
774 3136 903 3189 olim
938 3138 1190 3206 gentibus
1226 3147 1429 3192 terram
1466 3137 1832 3191 incolentibus
1864 3136 2103 3190 domina-

2209 3142 2346 3195 κατὰ
2404 3144 2502 3213 τῆς
2548 3142 2800 3210 γνώσεως
2844 3142 2945 3195 τοῦ
2976 3141 3110 3195 Θεοῦ
3158 3140 3408 3211 πονηρῶν
3462 3140 3788 3209 πνευμάτων

528 3228 747 3290 bantur,
800 3238 853 3281 et
899 3229 1149 3281 humanae
1202 3227 1326 3281 vitae
1378 3242 1531 3282 mare
1573 3228 2004 3281 commiscebant
2050 3238 2104 3279 et

528 3316 951 3378 conturbabant,
983 3317 1055 3368 ita
1100 3324 1158 3369 ut
1208 3316 1434 3370 deorum
1477 3316 1814 3386 religionem,
1848 3316 2103 3370 omnibus

528 3406 843 3459 universum
898 3405 1048 3459 orbis
1098 3406 1429 3459 elementum
1477 3406 1844 3460 incolentibus
1894 3406 2103 3460 emitte-

528 3504 671 3550 nent.
709 3494 903 3550 Omnia
946 3511 1073 3550 vero
1109 3512 1205 3566 per
1236 3497 1540 3551 salutarem
1577 3495 1669 3552 Dei
1712 3496 2002 3552 adventum
2037 3498 2105 3552 de

529 3589 710 3644 medio
759 3588 975 3643 sublata
1027 3595 1080 3642 et
1122 3603 1311 3643 eversa
1362 3594 1514 3641 sunt.
1562 3586 1658 3641 llis
1714 3588 1915 3641 similia
1964 3588 2104 3643 alius

528 3694 745 3751 quoque
798 3680 1059 3749 propheta
1116 3678 1266 3733 hisce
1312 3678 1492 3733 verbis
1536 3677 1864 3731 vaticinatur
1904 3698 1917 3732 :
1959 3698 1977 3729 ι
2003 3678 2105 3732 Au-

530 3771 686 3835 dite,
739 3770 924 3840 populi
969 3784 1201 3833 onmes,
1261 3769 1355 3838 qui
1408 3769 1671 3824 habitatis
1729 3770 1781 3823 in
1833 3771 1949 3840 ipsa
1996 3788 2011 3825 :
2052 3777 2106 3824 et

528 3864 634 3916 erit
690 3861 833 3916 Deus
890 3861 1045 3917 vobis
1109 3864 1165 3915 in
1222 3862 1640 3925 testimonium,
1696 3861 1978 3919 'Dominus
2038 3863 2105 3918 de

528 3952 905 4009 dnmosancta
937 3970 1058 4010 sua.
1085 3953 1223 4019 Quia
1252 3969 1381 4009 ecce
1407 3953 1691 4017 Dominus,
1723 3952 1985 4009 Dominus
2016 3954 2106 4008 de-

531 4048 765 4100 scendet
802 4047 869 4101 de
905 4048 1028 4101 loco
1075 4062 1197 4110 suo,
1240 4054 1305 4100 et‘
1329 4046 1662 4101 conscendet
1691 4061 1855 4115 super
1890 4045 2103 4101 excelsa

530 4145 710 4190 terrai.
757 4135 825 4189 Et
857 4144 1101 4190 conteret
1142 4135 1583 4190 montessubtus
1631 4151 1711 4199 se,
1748 4143 1802 4189 et
1838 4136 2008 4190 valles
2038 4135 2106 4187 li-

531 4235 795 4296 quescent
856 4227 1002 4281 sicut
1051 4242 1175 4281 cera
1238 4242 1268 4280 a
1321 4227 1457 4281 facie
1520 4227 1662 4297 ignis
1716 4236 1937 4297 propter
2004 4229 2105 4281 im-

532 4318 791 4385 pietatem
827 4315 998 4370 Jacob
1031 4333 1054 4366 τ
1080 4316 1194 4370 lucc
1224 4317 1406 4371 omnia
1453 4324 1517 4371 et‘
1557 4324 1781 4386 propter
1820 4326 2103 4385 peccatqu

532 4405 732 4459 domus
763 4403 1016 4459 Israel".
1059 4424 1076 4457 ι
1119 4406 1177 4458 In
1213 4420 1325 4458 nn
1382 4405 1509 4459 item
1559 4404 1791 4474 psalmo,
1826 4405 1917 4473 qui
1957 4404 2107 4474 ejus-

2210 3233 2536 3296 ταπείνωσις
2570 3234 2663 3286 καὶ
2704 3233 3077 3304 ήκαθαίρεσις
3117 3234 3216 3303 τῆς
3256 3233 3566 3301 διαϐολικῆς
3611 3249 3789 3303 παρα-

2210 3319 2447 3384 τάξεως,
2485 3321 2913 3397 ἀρχῶψδηλαδὴ
2965 3323 3056 3375 καὶ
3107 3321 3383 3386 ἐξουσιῶν,
3436 3322 3526 3375 καὶ
3588 3339 3791 3392 κοσμο-

2211 3412 2492 3482 κρατόρων
2529 3414 2624 3465 καὶ
2676 3414 3059 3483 πνευματικῶν
3119 3414 3219 3483 τῆς
3275 3413 3567 3484 πονηρίας’
3630 3412 3788 3465 ἀτινα

2213 3503 2378 3556 πάλαι
2416 3503 2514 3573 μὲν
2542 3504 2867 3574 κατεκράτει
2896 3504 3004 3558 τῶν
3034 3505 3125 3557 ἐπὶ
3150 3505 3251 3574 γῆς
3275 3504 3562 3557 οἰκούντων
3594 3503 3785 3566 ἐθνῶν,

2213 3594 2483 3648 συνεκύκα
2554 3612 2613 3647 τε
2678 3596 2771 3647 καὶ
2841 3597 3201 3667 συνετάραττε
3255 3596 3355 3665 τὴν
3421 3594 3515 3646 τοῦ
3576 3592 3789 3664 ἀνθρω-

2213 3682 2365 3735 πείου
2415 3682 2531 3751 βίου
2592 3682 2887 3748 θάλασσαν,
2930 3685 3005 3748 ὡς
3052 3684 3187 3737 θεῶν
3232 3682 3388 3748 δόξαν
3439 3683 3797 3736 ἀποστέλλειν

2214 3773 2362 3842 παρά
2385 3776 2519 3827 πᾶσι
2562 3777 2673 3837 τοῖς
2694 3774 2753 3826 τὸ
2776 3774 2874 3844 τῆς
2910 3775 3013 3844 γῆς
3051 3774 3257 3827 οίκοῦσι
3286 3776 3563 3843 στοιχεῖον.
3599 3773 3787 3843 Καθῄτ

2215 3878 2373 3933 ρηται
2418 3862 2475 3915 δέ
2538 3864 2714 3917 πάντα
2773 3863 2866 3915 καὶ
2928 3862 3333 3933 ἀνατέτραπται
3384 3862 3474 3915 διά
3530 3861 3629 3929 τῆς
3681 3878 3789 3913 σω-

2210 3954 2399 4023 τηρίου
2453 3952 2786 4019 θεοφανείας.
2841 3951 2920 4004 Τά
2959 3953 3129 4022 ὃμοια
3166 3952 3233 4005 δὲ’
3266 3952 3472 4013 τούτοις
3503 3952 3597 4002 καὶ
3633 3951 3790 4013 ἄλλος

2212 4046 2496 4114 προφήτης
2530 4037 2630 4096 ὧδε
2684 4041 2928 4105 θεσπίζει
2972 4041 3180 4111 λέγων·
3241 4061 3257 4092 ι
3299 4041 3621 4103 Ἀκούσατε,
3670 4042 3807 4093 λαοὶν

2213 4135 2410 4196 πάντες
2447 4135 2497 4186 oi
2530 4134 2908 4197 κατοικοῦντες
2953 4128 3176 4204 ἐναύτῇ
3200 4152 3213 4165 ο
3265 4134 3359 4187 καὶ
3398 4134 3548 4187 ἔσται
3588 4135 3618 4186 6
3658 4135 3791 4198 Θεὸς

2212 4226 2343 4293 ὑμῖν
2387 4226 2465 4287 είς
2511 4224 2831 4294 μαρτύριον,
2879 4224 3082 4294 Κύριος
3121 4224 3180 4288 ἐξ
3225 4225 3375 4277 οἴκου
3419 4224 3573 4292 ἁγίου
3602 4224 3787 4278 αὐτοῦ.

2214 4317 2356 4369 Διότι
2394 4316 2499 4370 ίδοὺ
2527 4316 2732 4387 Κύριος
2766 4316 3131 4385 καταϐήσεται
3173 4320 3236 4370 ἐκ
3268 4317 3361 4369 τοῦ
3394 4317 3556 4370 τόπου
3588 4316 3787 4369 αὑτοῦ·

2215 4408 2307 4459 καὶ
2324 4407 2667 4479 ἐπιϐήσεται,
2700 4406 2905 4477 Κύριος
2929 4407 3021 4460 ἐπὶ
3050 4407 3116 4460 τά
3140 4407 3247 4478 ὕψη
3269 4407 3369 4477 τῆς
3384 4408 3503 4478 γῆς.
3546 4408 3655 4459 Καὶ
3670 4425 3794 4459 συν-

534 4498 658 4553 dem
704 4496 917 4551 Domini
963 4497 1287 4553 descensum
1340 4512 1403 4550 ex
1452 4497 1606 4551 etelis
1633 4496 1685 4550 in
1714 4504 1919 4550 terram
1955 4512 2103 4551 com-

2212 4498 2527 4569 τριϐήσεται
2546 4497 2616 4550 τά
2631 4498 2730 4569 ϐρη
2746 4498 3095 4552 ὑποκάτωθεν
3118 4497 3281 4552 αὑτοῦ
3303 4515 3314 4527 '
3344 4500 3437 4551 καὶ
3464 4499 3519 4551 αί
3546 4498 3791 4560 κοιλάδες

534 4589 819 4661 plectitur,
844 4589 1052 4641 dictum
1078 4597 1160 4642 est
1194 4603 1207 4638 :
1250 4606 1267 4639 ι
1310 4586 1369 4640 Et
1398 4593 1681 4641 commota
1703 4595 1786 4641 cst
1820 4596 1873 4641 ct
1900 4594 2109 4641 contre-

538 4683 680 4737 muit
710 4690 878 4744 terra,
905 4679 1257 4734 fundamenta
1302 4680 1565 4733 montium
1603 4679 1931 4733 conturbata
1982 4687 2108 4732 sunt

534 4784 590 4828 et
622 4784 891 4827 commota
942 4781 1090 4834 sunt,
1131 4773 1389 4842 quoniam
1441 4772 1615 4826 iratus
1661 4778 1743 4825 est
1794 4771 1875 4825 eis
1928 4769 2109 4823 Domi-

532 4866 719 4922 nus".
759 4885 777 4917 ι
812 4864 909 4917 llis
943 4880 1107 4934 porro
1162 4865 1461 4919 descensus
1501 4862 1736 4922 Domini,
1778 4862 1831 4917 id
1888 4870 1970 4916 est
2014 4862 2108 4917 Dei

541 4958 722 5014 ‘c‘crot,
756 4954 1131 5021 signiﬁcatur;
1170 4954 1476 5023 deindeque
1521 4954 1860 5007 occultarum
1890 4963 1941 5007 et
1973 4953 2111 5005 invi-

538 5042 782 5099 sibilium
836 5050 1191 5110 potestatum.
1224 5059 1345 5113 quae
1374 5044 1502 5096 olim
1546 5042 1601 5095 in
1653 5042 1885 5097 sublime
1936 5043 2110 5111 erige-

538 5136 760 5189 bantur.
792 5141 845 5185 ct
869 5133 937 5185 ab
962 5133 1217 5188 omnibus
1254 5136 1505 5203 gentibus
1549 5135 1893 5196 colebantur,
1926 5133 2106 5193 ruina.

536 5224 771 5293 abjectio
803 5232 856 5278 et
886 5224 1197 5292 dissipatio,
1226 5240 1348 5293 quae
1391 5225 1443 5277 in
1475 5226 1596 5294 ejus
1616 5226 1681 5278 ad
1712 5225 1972 5279 homines
2016 5224 2110 5279 de-

536 5330 737 5369 sccnsu
761 5313 1009 5384 contigit.
1038 5312 1217 5379 Quare
1248 5316 1300 5368 in
1329 5317 1579 5384 praesenti
1620 5317 1820 5370 dicitur
1854 5332 1867 5368 :
1909 5336 1929 5367 ι
1969 5315 2113 5369 Prae-

538 5423 740 5478 parans
780 5414 992 5463 montes
1045 5408 1098 5461 in
1154 5408 1357 5461 virtute
1407 5421 1527 5469 sua,
1580 5408 1863 5464 accinctus
1917 5415 2109 5478 poten-

541 5498 638 5551 tia.
678 5518 696 5548 ι
732 5496 977 5551 Potentia
1011 5498 1153 5550 enim
1202 5496 1508 5558 accinctus,
1542 5495 1861 5553 fortitudine
1902 5498 2113 5552 scilicet

538 5604 660 5651 sua,
713 5588 1005 5658 pnedictos
1057 5595 1269 5642 montes
1320 5586 1561 5641 nondum
1614 5586 1830 5656 quidem
1885 5602 2111 5660 prorsus

611 5765 655 5795 "
693 5760 856 5819 Mich.
893 5779 930 5830 ι,
963 5765 1078 5819 2-4.
1156 5766 1198 5803 ⁸⁷
1223 5763 1366 5820 Psal.
1395 5778 1529 5830 xm,
1562 5760 1615 5819 8.

2208 4590 2538 4664 τακήσονται
2579 4591 2653 4652 ὡς
2686 4590 2854 4660 κηρὸς
2891 4589 2998 4642 ἀπὸ
3024 4589 3315 4660 προσώπου
3366 4588 3531 4659 πυρὸς
3561 4589 3627 4640 δι’
3662 4588 3789 4641 ἀσέ-

2210 4684 2356 4736 ϐειαν
2407 4680 2628 4735 Ἰακώϐ·
2667 4682 2837 4734 ταῦτα
2878 4680 3055 4733 πάντα
3093 4682 3186 4735 καὶ
3226 4681 3291 4734 δι’
3336 4680 3608 4750 ἁμαρτίαν
3640 4680 3789 4731 οἴκου

2222 4772 2456 4845 Ἰσραήλ.
2500 4794 2517 4823 ι
2542 4774 2703 4827 Ἀλλά
2732 4774 2823 4826 καὶ
2858 4775 2914 4826 ἐν
2941 4773 3019 4843 τῷ
3050 4771 3115 4835 ιζ’
3139 4771 3359 4842 ψαλμῷ,
3403 4770 3499 4841 τὴν
3542 4768 3599 4833 ἐξ
3628 4772 3793 4841 οὐρα-

2209 4864 2327 4915 νῶν
2344 4865 2436 4916 ἐπὶ
2456 4864 2560 4932 γῆς
2584 4864 2882 4916 κατάϐασιν
2905 4863 2999 4915 τοῦ
3027 4861 3189 4915 αὑτοῦ
3223 4860 3425 4932 Κυρίου
3462 4860 3789 4930 περιέχοιιςς,

2208 4952 2489 5005 λέλεκται*
2525 4970 2543 5003 ‹
2586 4953 2701 5004 Καὶ
2736 4951 3000 5020 ἐσαλεύθη
3040 4952 3133 5003 καὶ
3180 4950 3437 5019 ἔντρομος
3480 4946 3707 5018 ἐγενήθη
3757 4948 3788 5015 ή

2211 5038 2317 5108 γῆ,
2363 5039 2460 5092 καὶ
2504 5038 2572 5091 τὰ
2623 5038 2845 5109 θεμέλια
2893 5037 3001 5091 τῶν
3051 5038 3220 5108 ὀρέων
3266 5036 3642 5108 ἐταράχθησαν
3696 5036 3790 5087 καὶ

2212 5132 2600 5202 ἐσαλεύθησαν,
2627 5131 2706 5183 ὅτι
2740 5130 2983 5199 ὠργίσθη
3015 5130 3195 5191 αὐτοῖς
3224 5131 3252 5181 6
3282 5128 3503 5199 Κύριος.
3537 5148 3554 5178 ι
3585 5128 3791 5198 Σημαί-

2212 5240 2359 5275 νεται
2384 5223 2441 5276 δὲ
2475 5222 2560 5275 διὰ
2600 5220 2803 5273 τούτων
2834 5220 3058 5284 κάθοδος
3087 5219 3179 5273 τοῦ
3210 5219 3437 5289 Κυρίου,
3459 5217 3660 5287 δηλαδὴ
3693 5216 3787 5268 τοῦ

2213 5314 2346 5367 Θεοῦ
2382 5314 2585 5381 Λόγου·
2616 5311 2712 5365 εἶτ’
2748 5313 2839 5365 ἐπὶ
2867 5315 2932 5382 τῇ
2971 5314 3049 5375 είς
3094 5310 3410 5381 ἀνθρώπους
3455 5308 3665 5376 καθόδῳ
3696 5308 3791 5361 αὖ·

2214 5406 2304 5460 τοῦ
2341 5407 2446 5459 τῶν
2484 5404 2703 5475 ἀφανῶν
2755 5405 2848 5457 καὶ
2882 5404 3125 5475 ἀοράτων
3159 5402 3438 5471 δυνάμεων
3473 5401 3579 5453 τῶν
3622 5400 3788 5454 πάλαι

2214 5500 2293 5560 είς
2322 5497 2453 5567 ὕψος
2483 5497 2825 5567 ἐπηρμένων,
2861 5494 2952 5548 καὶ
2992 5494 3139 5565 παρὰ
3181 5495 3309 5546 πᾶσι
3338 5496 3448 5555 τοῖς
3492 5490 3666 5544 ἔθνεσι
3706 5508 3791 5543 τε-

2217 5589 2534 5660 τιμημένων
2556 5588 2870 5658 καθαίρεσις
2893 5586 2984 5641 καὶ
3010 5586 3330 5647 ταπείνωσις
3352 5583 3443 5636 καὶ
3467 5581 3788 5651 σκεδασμς.
