4100 6518
319 343 428 399 637

1444 343 1950 401 COMMENTABIA
1991 346 2058 401 ΙΝ
2099 346 2440 406 PSALMOS.

3468 357 3574 412 653

313 460 407 511 Διὸ
463 456 558 510 καὶ
601 458 658 507 ἐν
691 458 802 519 τοῖς
834 455 970 526 μετὰ
1008 457 1194 526 χεῖρας
1237 456 1480 524 είρηται·
1512 475 1528 506 ι
1573 458 1893 527 Ἑτοιμάξων

2005 461 2246 526 sustulit,
2272 462 2368 516 sed
2393 462 2716 531 praeparavit
2744 470 2798 518 et
2841 463 2908 517 ad
2950 464 3283 535 suppliciu
3332 465 3576 522 destina-

312 549 418 621 ὅρη
450 551 508 600 ἐν
537 549 600 617 τῇ
630 547 772 616 ἰσχύί
802 546 987 609 αὑτοῦ,
1019 547 1452 618 περιεζωσμένος
1466 549 1522 599 ἐν
1537 549 1842 620 δυναστείᾳ.
1882 569 1898 600 ι

313 638 616 707 Δυναστείᾳ
639 642 746 707 γὰρ
788 636 1245 707 περιεζωσμένος,
1289 639 1355 706 τῇ
1407 636 1579 690 αὐτοῦ
1622 637 1800 706 ίσχύῖ,
1837 638 1907 691 τά

313 729 684 801 προλεχθὲντα
717 729 818 800 ὅρη
848 729 998 782 οὔπω
1031 728 1129 798 μὲν
1162 729 1240 790 εἰς
1274 726 1333 779 τὸ
1383 727 1644 791 παντελὲς
1688 727 1891 781 ἀπώλε-

311 837 439 873 σεν·
473 821 738 890 ἡτοίμασε
786 819 842 872 δὲ
875 821 954 882 είς
991 819 1258 890 τιμωρίαν
1290 819 1426 883 τέως
1461 818 1728 890 ἀφορίσας
1762 819 1906 872 αὐτὰ

311 912 409 964 καὶ
443 911 759 981 ἀποστήσας
791 910 891 980 τῆς
925 910 1064 964 κατὰ
1096 910 1203 962 τῶν
1228 910 1528 981 ἀνθρώπων
1556 911 1866 984 τυραννίδος
1885 927 1900 941 ’

309 1003 449 1056 ἀλλὰ
473 1003 566 1056 καὶ
596 1004 655 1056 τὸ
689 1003 849 1065 κύτος
875 1003 974 1072 τῆς
997 1001 1269 1071 θαλάσσης
1297 1005 1363 1073 τῇ
1395 1003 1585 1055 ἑαυτοῦ
1617 1003 1904 1075 δυναστείᾳ

310 1095 646 1148 κατέπαυσε.
699 1095 790 1147 Διὸ
836 1094 1116 1146 λέλεκται·
1153 1112 1183 1143 ι-
1210 1093 1601 1165 Συνταράσσων
1647 1095 1706 1147 τὸ
1739 1093 1901 1158 κύτος

307 1187 409 1258 τῆς
441 1185 736 1255 Θαλάσσης,
765 1187 926 1256 ἤχους
949 1185 1206 1255 κυμάτων
1241 1185 1431 1256 αὐτῆς.
1467 1206 1499 1237 ι-
1530 1186 1671 1240 Ἀντὶ
1697 1186 1752 1237 δὲ
1785 1183 1900 1247 τοῦ,

315 1296 335 1327 ο
360 1281 388 1330 6
412 1277 818 1348 συνταράσσουν,
845 1296 862 1326 ι
883 1279 911 1328 6
931 1276 1027 1346 μὲν
1045 1276 1293 1340 Ἀκύλας,
1312 1283 1332 1326 ι’
1357 1275 1749 1330 καταστέλλων·
1775 1296 1791 1325 ι
1808 1275 1901 1328 όδὲ

306 1368 624 1430 Θεοδοτίων,
654 1387 678 1418 ε
705 1368 1105 1438 καταπραΰνων
1125 1408 1139 1430 ,
1175 1387 1194 1418 ι
1225 1369 1381 1439 καϊή
1412 1369 1634 1439 πέμπτη
1669 1368 1898 1431 ἕκδοσις,

313 1479 333 1511 ι
364 1461 393 1511 6
411 1458 834 1530 καταπραΰνων,
869 1478 887 1510 ι
910 1459 1282 1529 ἡρμήνευσαν.
1303 1460 1461 1527 Λέγει
1489 1460 1532 1512 δ’
1559 1456 1651 1513 οὖν
1681 1461 1710 1512 6
1744 1458 1900 1511 Ἀκύο

303 1554 435 1619 λαςο
477 1575 494 1607 ι
533 1555 924 1608 Καταστέλλων
958 1550 1090 1625 ἦχον
1136 1553 1432 1625 θαλάσσης,
1462 1555 1686 1626 θόρυϐον
1723 1555 1901 1625 κυμά-

302 1663 417 1699 των
447 1647 616 1717 αὐτῆς
654 1647 748 1700 καὶ
789 1646 943 1716 ὄχλον
986 1645 1186 1714 φυλῶν.
1239 1665 1258 1697 ι
1288 1646 1498 1709 Ὥσπερ
1523 1645 1629 1718 γάρ
1661 1645 1729 1699 τὰ
1762 1663 1895 1717 προσ

302 1735 567 1806 λεχθέντα
595 1735 696 1806 δρη
740 1737 821 1798 είς
871 1735 968 1806 τὴν
1015 1736 1318 1806 μέλλουσαν»
1367 1735 1505 1788 αὐτὰ
1543 1735 1897 1807 διαλήψεσθαι

2005 553 2102 616 vit,
2131 561 2186 607 et
2215 569 2244 605 a
2275 553 2566 623 tyrannide
2622 569 2785 624 quam
2846 557 2900 610 in
2963 557 3212 611 homines
3251 561 3574 613 exercebant

2005 645 2278 699 semovit:
2313 646 2422 698 imo
2447 646 2612 699 etiam
2652 645 2981 715 profundum
3014 646 3181 702 maris
3209 650 3446 718 potentia
3479 665 3574 704 sua

2006 735 2235 789 sedavit.
2273 734 2618 805 Quapropter
2669 739 2873 792 dicitur
2929 756 2942 792 :
2989 757 3006 790 ι
3049 736 3398 793 Conturbans
3449 755 3574 809 pro-

2004 824 2234 880 fundum
2295 827 2487 893 maris,
2541 843 2740 884 sonum
2801 828 3064 883 ﬂuctuum
3118 831 3258 899 ejus.
3294 850 3313 881 ι
3349 829 3456 884 Pro
3485 830 3574 884 illo
3649 837 3652 840 '

2004 927 2186 972 autem
2211 958 2225 981 ,
2268 937 2286 968 ι
2321 919 2661 975 conturbatis
2683 959 2697 984 ,
2745 939 2763 972 ι
2802 918 3018 991 Aquila,
3057 939 3082 971 ι·
3113 922 3514 991 comprimens;
3549 943 3571 976 ι

2005 1008 2330 1074 Theodotio,
2370 1030 2388 1062 ι
2431 1012 2722 1080 mitigans;
2758 1033 2776 1064 ι
2805 1014 2997 1083 quinta
3032 1013 3156 1067 item
3187 1013 3376 1075 edi-tio,
3419 1032 3436 1062 ι
3475 1013 3575 1065 mi-

2003 1101 2220 1170 tigans,
2263 1122 2281 1154 ›
2335 1103 2678 1173 interpretati
2729 1113 2884 1159 sum.
2937 1106 3023 1157 Ait
3091 1104 3254 1174 igitur
3319 1105 3514 1174 Aquila
3557 1119 3570 1156 :

2009 1213 2026 1243 ι
2067 1193 2449 1264 Comprimens
2507 1211 2702 1250 sonum
2749 1197 2939 1258 maris,
2979 1197 3268 1250 tumultum
3312 1195 3572 1250 ﬂuctuum

2002 1281 2143 1350 ejus,
2167 1292 2229 1336 et.
2255 1285 2469 1337 turbam
2513 1285 2821 1338 nationum.
2864 1306 2882 1338 ι
2917 1285 3386 1351 Quemadmodum
3427 1287 3572 1340 enim

2001 1373 2288 1440 praedictos
2350 1383 2564 1429 montes
2625 1375 2692 1428 ad
2749 1375 2990 1430 futurum
3048 1377 3181 1446 ipsis
3229 1376 3571 1431 inferendum

2001 1465 2330 1535 supplicium
2377 1468 2723 1537 praaparavit,
2759 1468 2834 1522 ita
2895 1483 3114 1537 quoque
3160 1483 3355 1523 sonum
3404 1470 3573 1523 maris

1998 1567 2052 1612 et
2081 1559 2374 1612 tumultum
2428 1558 2693 1614 ﬂuctuum
2751 1561 2872 1628 ejus
2906 1561 3252 1630 compressit.
3287 1560 3570 1626 Quodnam

2000 1647 2130 1701 illud
2163 1664 2333 1710 mare,
2359 1651 2484 1718 quis
2503 1666 2674 1706 sonus
2699 1651 2838 1720 ejus,
2863 1653 2987 1722 quis
3013 1653 3278 1706 tumultus
3313 1651 3571 1705 ﬂuctuum

1999 1737 2121 1806 ejus
2172 1739 2265 1801 sit,
2321 1741 2426 1793 sub
2486 1742 2601 1794 haec
2649 1741 2894 1794 declarat
2927 1740 3123 1809 Aquila
3178 1740 3416 1794 dicens:
3455 1756 3473 1789 ι
3509 1737 3574 1790 lit

301 1827 578 1897 τιμωρίαν
603 1827 921 1896 ἡτοίμασεν,
978 1827 1120 1880 οὕτω
1149 1813 1460 1880 κατέστειλε
1503 1827 1607 1881 τδνυ
1631 1824 1762 1899 ἦχον
1796 1827 1890 1882 θα-

1996 1829 2210 1882 turbam
2264 1831 2568 1887 nationum.
2615 1853 2632 1884 ι
2685 1831 2964 1902 Siquidem
3020 1831 3188 1884 multa
3225 1831 3355 1884 olim
3413 1828 3569 1884 turba

299 1919 513 1988 λάσσης
541 1918 633 1971 καὶ
670 1918 760 1970 τὸν
802 1916 1029 1987 θόρυϐον
1069 1918 1178 1970 τῶν
1205 1917 1468 1988 κυμάτων
1498 1919 1688 1987 αὐτῆς.
1719 1918 1895 1981 Τίς.δέ

300 2011 336 2079 ἡ
367 2009 753 2072 θάλασσανκαὶ
787 2010 1028 2073 ποταπὸς
1061 2012 1090 2063 6
1125 2006 1258 2080 ἦχος
1283 2011 1472 2080 αὐτῆς,
1515 2010 1608 2063 καὶ
1634 2011 1719 2072 τίς
1747 2012 1774 2062 6
1803 2009 1893 2062 06-

303 2098 471 2170 ρυϐος
499 2099 606 2152 τῶν
645 2099 903 2169 κυμάτων
931 2100 1123 2169 αὐτῆς,
1155 2099 1281 2168 ἑξῆς
1313 2100 1575 2167 διασαφεῖ,
1605 2101 1642 2150 6-
1670 2098 1895 2161 Ἀκύλας

300 2184 511 2242 εἰπών’
551 2209 568 2240 ‹
603 2191 711 2242 Καὶ
758 2189 912 2260 ὖχλον
959 2189 1161 2257 φυλῶν.
1217 2209 1235 2240 ι
1282 2190 1340 2242 ὐ
1373 2189 1480 2260 γὰρ
1524 2189 1696 2252 πολὺς,
1741 2189 1895 2259 ὄχλος

298 2279 411 2331 τῶν
453 2279 621 2331 πάλαι
672 2279 861 2343 ἐθνῶν,
905 2280 1000 2332 καὶ
1043 2278 1150 2331 τῶν
1179 2278 1317 2331 κατὰ
1355 2280 1462 2330 πᾶν
1491 2279 1644 2345 γένος
1681 2277 1892 2348 ἀνθρὼ-

300 2387 424 2423 πων
454 2368 636 2438 φυλῶν
669 2366 760 2440 ἦν,
792 2371 894 2422 ὅτε.
913 2370 1064 2439 κῦμα
1102 2369 1195 2420 τοῦ
1238 2367 1346 2421 τῶν
1402 2367 1700 2438 ἀνθρώπων
1744 2367 1889 2438 βίου..

301 2465 401 2515 καὶ
432 2463 464 2532 ἡ
491 2460 712 2540 τοιαύτη
745 2461 838 2514 τοῦ
863 2461 1059 2532 θνητοῦ
1100 2461 1215 2532 βίου
1244 2460 1487 2514 θάλασσα
1515 2462 1610 2531 τῆς
1656 2460 1764 2513 τῶν
1797 2463 1891 2514 άν-

301 2553 539 2624 θρὼπων
586 2541 782 2617 κακίας
836 2553 1261 2624 πεπληρωμένη,
1293 2552 1458 2604 πολὺν
1491 2547 1888 2622 θόρυϐον-εἷχε-⁹

306 2642 482 2712 μέγ...ν
525 2657 579 2693 τε
613 2637 744 2711 ἦχον
777 2641 1192 2705 ἐξαπέστελλεν’
1247 2638 1341 2694 ἅτε
1381 2641 1474 2694 τὸν
1518 2639 1786 2710 δράκοντα
1817 2641 1894 2691 oi-

302 2731 579 2784 κοῦνταέν
614 2733 766 2802 αὐτῇ,
787 2731 1119 2802 κεκτημένη,
1165 2731 1292 2800 περὶ
1327 2726 1386 2784 οῦ
1410 2731 1690 2784 λέλεκται·
1728 2749 1744 2780 ι
1768 2731 1893 2782 Ἐπ-

303 2823 426 2888 ἁξει
459 2823 660 2893 Κύριος
692 2824 720 2876 6
750 2824 880 2886 Θεὸς
907 2823 1002 2893 τὴν
1047 2821 1318 2893 μάχαιραν
1363 2824 1454 2875 ἐπὶ
1484 2822 1574 2875 τὸν
1603 2821 1890 2892 δράκοντα.

299 2915 434 2983 ὅφιν.
457 2916 547 2967 τὸν
592 2915 823 2974 σκολιὸν,
861 2914 955 2967 καὶ
989 2912 1167 2966 ἀνελεῖ
1210 2913 1300 2966 τὸν
1327 2914 1592 2985 δράκοντα
1626 2914 1714 2966 τὸν
1739 2916 1796 2966 ἐν
1826 2917 1891 2984 τῇ

302 3004 581 3078 θαλάσσῃ·
618 3027 644 3058 ι.
674 3007 767 3058 καὶ
815 3004 1047 3074 ἀλλαχοῦ
1093 3005 1367 3076 προειπὼν
1401 3008 1429 3058 6
1467 3005 1653 3072 λόγος’
1693 3025 1710 3056 ι
1745 3004 1891 3076 Αῦτη

298 3101 335 3169 ἠ
394 3098 637 3150 θάλασσα
683 3099 717 3168 ἡ
764 3096 974 3168 μεγάλη
1009 3098 1101 3148 καὶ
1164 3094 1498 3166 εὐρύχωρος,
1553 3115 1570 3145 ι
1614 3095 1888 3164 ἐπιλέγει·

306 3211 326 3240 ι
379 3190 526 3242 Ἐκεῖ
550 3188 764 3259 δράκων
785 3184 958 3251 οὗτος,
985 3187 1043 3240 ὃν
1073 3186 1315 3250 ἔπλασας
1345 3187 1636 3256 ἐμπαίζειν
1663 3183 1831 3257 αὐτῷ.
1869 3205 1886 3237 ι

313 3282 475 3336 Ἀλλὰ
501 3281 610 3352 γὰρ
627 3279 836 3352 ἀθρόως
859 3281 952 3332 καὶ⁸
973 3278 1062 3332 τὸν
1077 3276 1349 3348 δράκοντα
1365 3279 1456 3331 καὶ
1476 3276 1576 3349 τὴν
1599 3274 1889 3342 θάλασσαν,

299 3375 398 3427 καὶ
415 3373 506 3425 τὸν
533 3370 643 3424 τῶν
662 3370 918 3440 κυμάτων
951 3369 1117 3439 αὐτῆς
1135 3364 1288 3439 ἦχον,
1310 3371 1349 3440 η’
1371 3369 1523 3432 ἐλπὶς
1553 3369 1768 3422 πάντων
1785 3367 1893 3420 τῶν

300 3465 557 3536 περάτων
585 3463 683 3532 τῆς
717 3464 840 3532 γῆς,
879 3463 1202 3530 ἐπιφανεῖσα
1226 3460 1550 3530 ἀνθρώποις,
1581 3460 1892 3513 κατέστειλε

300 3557 398 3611 καὶ
427 3555 790 3624 κατεπράϋνε,
818 3552 906 3605 τόν
926 3570 983 3606 τε
1009 3552 1162 3622 δχλον
1185 3551 1291 3604 τῶν
1313 3551 1493 3618 φυλῶν
1519 3549 1727 3603 ἔσϐεσε.
1754 3550 1890 3603 Τού-

299 3663 412 3700 των
441 3642 499 3698 δξ-
524 3644 852 3715 γενομένων,
877 3643 1002 3712 έξῆς
1027 3644 1120 3696 καὶ
1143 3641 1450 3704 ἀκολούθως
1475 3640 1706 3718 εἴρηται·
1732 3659 1750 3689 ι
1777 3643 1885 3694 Καὶ

300 3734 708 3806 φοϐηθήσονται
757 3735 806 3790 οἱ
851 3733 1230 3795 κατοικοῦντες
1279 3732 1346 3786 τά
1390 3731 1602 3803 πέρατα
1635 3730 1744 3784 ἀπὸ
1783 3731 1890 3783 τῶν

301 3827 545 3900 σημείων
580 3845 673 3880 σου
736 3846 752 3874 ο
799 3826 982 3878 Ἱκανὰ
1013 3825 1121 3894 γὰρ
1160 3820 1227 3894 ἦν
1278 3823 1344 3877 τὰ
1389 3821 1752 3894 προλεχθέντα
1797 3839 1892 3891 σητ-

303 3923 455 3990 μεία,
479 3918 580 3988 ὄρη
605 3915 859 3970 ταπεινοῦ
869 3932 1003 3986 μενα
1033 3915 1126 3968 καὶ
1149 3912 1422 3984 θαλάσσης
1446 3909 1579 3983 ἦχος
1606 3911 1892 3965 καταστελ-

299 4010 548 4079 λόμενος,
578 4004 803 4078 θόρυϐός
827 4023 887 4058 τε
919 4005 1176 4074 κυμάτων
1206 4003 1400 4074 μηκέτι
1437 4002 1720 4073 ταράττων
1750 4001 1889 4054 κατὰ

299 4101 362 4152 τὸ
393 4096 619 4150 παλαιὸν
639 4137 654 4160 ,
684 4095 818 4148 ἀλλὰ
846 4096 938 4149 καὶ
964 4093 1119 4164 ὄχλος
1148 4093 1333 4161 φυλῶν
1360 4092 1452 4145 καὶ
1480 4091 1640 4154 αὐτὸς
1668 4089 1890 4142 σϐεννύέο

303 4205 487 4259 μενος.
521 4186 682 4256 φόϐον
714 4185 1008 4254 ἐμποιῆσαι
1052 4188 1165 4247 τοῖς
1210 4182 1519 4236 κατοικοῦσι
1550 4181 1620 4234 τὰ
1649 4181 1884 4252 πέρατα⁶

302 4281 376 4345 ὼς
435 4280 630 4351 μηκέτι
672 4277 741 4331 τὰ
785 4275 1148 4348 προλεχθέντα
1197 4276 1374 4328 πάντα
1428 4273 1725 4343 φοϐεῖσθαι,
1773 4273 1886 4325 ἀλλ’

301 4373 399 4425 ενα
436 4372 595 4442 μόνον
623 4372 714 4424 τὸν
759 4369 973 4422 πάντων
1007 4367 1228 4420 ἐκείνων
1259 4366 1484 4436 νικητήν
1505 4381 1518 4395 ο
1551 4365 1730 4418 ὅντινα
1777 4363 1885 4417 λοι-

1995 1921 2236 1990 gentium
2294 1930 2349 1975 et
2375 1923 2661 1976 nationum
2694 1924 2864 1978 totius
2899 1923 3122 1976 humani
3163 1921 3380 1991 generis
3409 1929 3568 1974 erat:

1998 2011 2227 2080 hujusce
2273 2021 2454 2090 autem
2503 2015 2753 2070 mortalis
2797 2016 2919 2068 vitae
2949 2015 3146 2068 ﬂuctus
3173 2021 3227 2066 et
3257 2026 3572 2074 mare,.ma-

1996 2102 2112 2155 lilia
2167 2103 2459 2172 repletum,
2520 2105 2817 2158 tumultum
2879 2118 3134 2173 magmnn
3192 2100 3485 2160 excitabat.
3518 2107 3572 2154 et

1997 2194 2269 2264 ingentem
2321 2196 2607 2250 emittebat
2659 2196 2936 2256 sonitum;
2965 2202 3151 2262 utpote
3181 2192 3324 2262 quod
3373 2193 3570 2246 draco-

1994 2301 2116 2340 nem
2154 2285 2210 2338 in
2260 2284 2442 2340 medio
2473 2285 2556 2339 sui
2605 2285 2943 2340 habitantem
2993 2290 3318 2344 contineret,
3348 2283 3415 2337 de
3460 2298 3571 2351 quo

1992 2377 2199 2430 dictum
2253 2383 2392 2430 est:
2444 2395 2460 2426 ι
2501 2375 2728 2430 lndneet
2783 2376 3048 2430 Dominus
3129 2375 3274 2432 Deus
3326 2372 3568 2445 gladium

1993 2459 2508 2534 super'draconem,
2548 2473 2860 2535 serpentem
2910 2472 3240 2530 tortuosum,
3273 2472 3326 2520 et
3357 2463 3569 2519 occidet

1993 2557 2290 2611 draconem
2340 2557 2432 2626 qui
2464 2566 2549 2610 est
2582 2557 2636 2609 in
2666 2554 2806 2609 mari
2825 2556 2892 2609 ’⁸.
2932 2554 3043 2609 ιΕι
3090 2555 3224 2610 alibi
3277 2562 3568 2624 postquam

1993 2648 2222 2704 dixisset
2255 2665 2270 2703 :
2303 2668 2319 2700 ι
2353 2647 2465 2702 Hoc
2510 2663 2660 2702 mare
2711 2663 2964 2716 magnum
3004 2656 3057 2701 et
3113 2648 3416 2716 spatiosum
3437 2647 3562 2710 ",2

1994 2742 2178 2796 subdit
2211 2760 2222 2795 :
2267 2759 2284 2790 ι
2323 2739 2440 2793 lllic
2497 2739 2666 2792 draco
2713 2739 2819 2792 iste
2864 2753 3034 2807 quem
3071 2738 3318 2791 formasti
3345 2738 3410 2790 ad
3445 2736 3570 2788 illu-

1993 2831 2232 2886 dendum
2263 2830 2312 2884 ei
2337 2830 2405 2885 ⁸ο.
2442 2847 2459 2880 ι
2492 2828 2606 2882 lmo
2653 2829 2942 2882 confertim
2985 2828 3302 2891 draconem,
3335 2841 3484 2878 mare
3513 2831 3570 2878 et

1995 2937 2191 2976 sonum
2224 2921 2487 2974 ﬂuctuum
2520 2919 2642 2986 ejus
2694 2918 3025 2987 compressit
3079 2925 3131 2970 et
3193 2916 3400 2971 sedavit
3443 2931 3564 2984 spes

1996 3013 2086 3066 illa
2121 3013 2363 3066 omnium
2402 3011 2590 3064 [inium
2625 3016 2804 3072 terrae,
2836 3025 2957 3078 quae
2990 3009 3304 3062 hominibus
3333 3007 3560 3068 aﬂ'ulsit,

1995 3113 2053 3159 et
2094 3105 2309 3157 turbam
2346 3103 2627 3156 nationum
2659 3103 2939 3156 exstinxit.
2974 3098 3068 3153 llis
3104 3099 3567 3168 peractis_conse-

1997 3202 2227 3264 quenter
2273 3193 2665 3263 subjungitur:
2711 3212 2729 3244 ς
2775 3191 2840 3244 Et
2859 3191 3137 3245 .timebunt
3182 3189 3278 3258 qui
3323 3189 3568 3242 habitant

1996 3285 2262 3339 terminos
2311 3298 2341 3336 a
2393 3284 2564 3354 signis
2640 3283 2771 3336 tuis.
2813 3301 2830 3332 ι
2863 3280 2998 3334 Nam
3060 3279 3319 3349 pra-dicta
3387 3279 3566 3348 signa,

1995 3391 2188 3445 nempe
2246 3381 2461 3428 montes
2492 3373 2761 3443 depressi,
2805 3387 2975 3427 sonus
3006 3371 3174 3426 maris
3202 3369 3444 3433 sedatus,
3483 3378 3568 3422 tu-

1994 3468 2196 3522 multus
2244 3465 2530 3528 ﬂuctuum,
2581 3480 2690 3518 non
2737 3472 2794 3517 ut
2844 3463 2974 3517 olim
3010 3462 3374 3532 perturbans;
3407 3462 3567 3514 turba

1995 3558 2119 3612 item
2167 3559 2450 3610 nationum
2500 3557 2795 3616 exstincta,
2821 3561 2978 3608 erant
3024 3553 3090 3606 ad
3125 3560 3388 3606 terrorem
3416 3551 3571 3605 habi-

1991 3647 2238 3701 tantibus
2288 3646 2555 3700 terminos
2605 3644 2982 3699 incutiendum
3029 3642 3194 3707 satis;
3231 3641 3302 3693 ita
3345 3647 3404 3692 ut
3459 3654 3566 3692 non

1993 3737 2095 3791 ista
2122 3737 2238 3804 jam
2281 3743 2601 3795 memorata,
2639 3735 2732 3789 sed
2779 3749 2954 3787 unum.
2994 3747 3183 3786 eorum
3214 3731 3457 3783 omnium
3489 3729 3570 3781 vi-

1985 3819 2223 3888 ‘rtorem,
2272 3826 2412 3880 ultra
2465 3824 2893 3879 reformidaren't
2925 3840 2939 3876 :
2972 3838 3134 3891 quem
3210 3821 3426 3875 demum
3475 3834 3570 3873 co-

1991 3922 2317 3986 gnoscentes
2361 3928 2424 3968 ac
2456 3915 2734 3978 timentes,
2772 3912 3163 3967 beatitudinem
3219 3911 3299 3964 sic
3345 3924 3570 3978 expres-

1991 4021 2106 4059 sam
2146 4011 2556 4074 consequuntur
2594 4023 2605 4057 :
2653 4022 2667 4055 ι
2705 4002 2855 4058 Beati
2890 4018 3080 4056 omnes
3115 4001 3204 4070 qui
3236 4000 3426 4053 timent
3459 3998 3567 4052 Do-

2001 4096 2297 4150 minum".
2351 4116 2368 4147 ι
2409 4094 2642 4161 Quinam
2690 4110 2821 4150 vero
2853 4095 2962 4148 sint
3017 4093 3135 4155 illi,
3190 4093 3339 4146 hisce
3392 4090 3569 4145 verbis

1988 4177 2247 4241 edOCétur
2283 4203 2295 4236 :
2336 4207 2353 4237 ι
2390 4185 2452 4238 Ει
2502 4185 2772 4240 timebunt
2807 4186 2898 4254 qui
2940 4183 3186 4237 habitant
3239 4179 3500 4235 terminos
3538 4195 3572 4232 a

1990 4277 2161 4348 signis
2219 4279 2350 4332 tuis.
2392 4296 2409 4328 ι
2445 4275 2734 4332 Terminos
2779 4285 2958 4331 autem
3017 4275 3327 4330 inhabitare
3373 4272 3570 4327 dicun-

1989 4376 2078 4421 tur
2109 4383 2227 4422 non'
2259 4384 2482 4436 prorsus
2508 4369 2540 4422 ii
2574 4369 2666 4438 qui
2695 4375 2938 4422 extrema
2972 4375 3132 4422 terra:
3159 4364 3440 4426 incolunt,
3474 4362 3569 4416 sed

303 4463 406 4516 πθιν
436 4463 652 4531 γνόντες
700 4461 794 4514 καὶ
839 4459 1180 4529 φοϐούμενοι,
1223 4458 1315 4511 τοῦ
1364 4457 1661 4526 φάσκοντος
1709 4473 1888 4528 μακα-

1996 4461 2086 4531 qui
2131 4476 2237 4514 una
2296 4475 2420 4514 cum
2485 4458 2654 4514 Paulo
2702 4460 2887 4514 dicere
2927 4465 3208 4528 possunt:
3250 4475 3268 4506 ‹
3315 4454 3374 4509 In
3407 4469 3571 4508 carne

307 4552 506 4625 ρισμοῦ
538 4552 898 4622 τυγχάνουσιο
936 4571 954 4602 ‹
989 4553 1262 4623 Μακάριοι
1303 4552 1500 4614 πάντες
1539 4553 1588 4604 οἱ
1625 4549 1893 4621 φοϐούμε-

1996 4551 2252 4614 viventes,
2276 4566 2382 4604 non
2409 4551 2710 4606 secundum
2746 4565 2968 4603 carnem
3000 4549 3300 4602 militamus
3325 4547 3392 4609 ",
3428 4565 3449 4596 ι
3473 4551 3528 4598 et
3551 4557 3575 4594 ι

303 4662 386 4698 νοι
415 4633 750 4714 τὸν’Κύριον.
795 4663 812 4694 ι
844 4643 1000 4706 Τίνες
1024 4644 1067 4696 δ’
1103 4643 1167 4696 ἂν
1198 4639 1305 4696 εἷεν
1326 4637 1490 4706 οὗτοι,
1517 4643 1577 4695 τὸ
1610 4641 1782 4712 παρὸν
1804 4641 1888 4694 λό-

1996 4660 2013 4692 ι
2052 4639 2184 4695 Vivo
2213 4649 2397 4695 autem
2431 4641 2546 4709 jam
2577 4656 2683 4694 non
2715 4655 2838 4709 ego,
2875 4639 3006 4693 vivit
3050 4652 3181 4691 vero
3211 4637 3265 4689 in
3300 4651 3385 4689 me
3419 4634 3570 4689 Chri-

302 4750 424 4801 γιον
449 4730 687 4785 διδάσκει
716 4732 956 4800 φάσκον⁸
989 4751 1007 4782 ‹
1043 4733 1150 4785 Καὶ
1189 4732 1584 4803 φοϐηθήσονται
1621 4733 1669 4785 οἱ
1713 4749 1892 4785 κατοι-

1996 4733 2162 4786 ius".
2198 4751 2216 4782 ι
2254 4729 2315 4784 lli
2348 4732 2495 4785 enim
2555 4731 2814 4785 humanis
2861 4746 2968 4783 non
3029 4744 3150 4784 sese
3204 4727 3437 4797 negotiis
3470 4727 3574 4780 im-

303 4822 531 4885 κοῦντες
559 4822 626 4875 τὰ
654 4823 866 4894 πέρατα
892 4821 1000 4874 ἀπὸ
1039 4822 1145 4873 τῶν
1198 4822 1437 4892 σημείων
1488 4839 1600 4875 σου.
1635 4841 1654 4873 ›
1691 4824 1891 4875 Κατοι-

1996 4831 2321 4894 mergentes,
2354 4837 2531 4891 neque
2570 4829 2754 4876 tamen
2821 4822 2888 4876 iis
2945 4836 3067 4876 sese
3099 4835 3326 4890 prorsus
3363 4817 3572 4874 subdu-

305 4915 425 4965 κεῖν
453 4913 509 4965 δὲ
541 4911 787 4981 λέγονται
835 4912 902 4966 τὰ
949 4912 1158 4983 πέρατα
1187 4913 1246 4966 οὐ
1277 4914 1492 4976 πάντως
1527 4912 1700 4976 οίτὰς
1730 4915 1893 4983 ἐσχα-

1996 4923 2198 4979 centes,
2223 4914 2380 4983 quasi
2440 4914 2496 4966 in
2556 4912 2760 4966 ﬁnibus
2805 4911 3135 4974 consistunt,
3169 4919 3224 4966 et
3272 4911 3416 4964 circa
3448 4909 3574 4964 vita;

305 5005 430 5068 τιᾶς
469 5005 569 5075 τῆς
619 5003 722 5076 γῆς
772 4990 1065 5069 οἰκοῦντες,
1116 5005 1228 5058 ἀλλ’
1271 5007 1321 5059 οἱ
1371 5000 1657 5076 δυνάμενοι
1697 5001 1893 5076 ὁμοίως

1996 5007 2245 5062 humana:
2276 5006 2542 5062 terminos
2578 5016 2887 5060 versantur.
2911 5003 3014 5070 Qui
3043 5019 3186 5076 sane
3207 5004 3377 5058 multo
3404 5017 3568 5057 sensu

307 5098 510 5168 Παύλῳ
561 5098 769 5166 λέγειν·
810 5118 827 5148 ι
881 5099 970 5151 Ἐν
1017 5096 1180 5168 σαρκὶ
1225 5098 1334 5168 γὰρ
1387 5097 1606 5162 ζῶντες,
1652 5099 1709 5150 ού
1756 5097 1893 5150 κατὰ

1999 5099 2231 5169 praediti,
2291 5094 2605 5166 conspectis
2669 5095 2975 5151 Servatoris
3026 5097 3198 5150 nostri
3262 5095 3456 5165 signis,
3503 5093 3569 5146 ad

309 5193 493 5262 σάρκα
547 5192 984 5262 στρατευόμεθαο
1025 5212 1042 5243 ι
1074 5191 1188 5244 καί·
1233 5211 1250 5241 ι
1297 5191 1381 5244 Ζῶ
1427 5189 1482 5243 δὲ
1528 5190 1714 5244 οὐκέτι
1768 5190 1893 5258 ἐγὼ,

1999 5191 2330 5260 principium
2405 5189 2708 5259 sapientiae,
2753 5188 3001 5242 timorem
3058 5186 3147 5241 Dei
3205 5195 3567 5245 assumentes,

310 5284 376 5355 ζῇ
415 5283 471 5336 δὲ
516 5286 573 5336 ὲν
619 5283 744 5353 ἐμοὶ
793 5283 1041 5354 Χριστός.
1087 5304 1104 5334 ›
1143 5275 1301 5336 Οὗτοι
1337 5283 1463 5354 γὰρ,
1496 5281 1620 5334 οὔτε
1661 5281 1893 5352 ἐμϐαθύ-

2001 5283 2359 5350 devenerunt.
2393 5283 2527 5349 Quis
2573 5297 2703 5337 vero
2734 5297 2948 5346 eorum,
2981 5281 3074 5350 qui
3107 5281 3273 5334 variis
3308 5277 3570 5345 tempori-

312 5393 504 5437 ναντες
530 5378 643 5436 τοῖς
664 5375 1025 5446 ἀνθρωπίνοις
1048 5374 1384 5446 πράγμασιν,
1409 5371 1531 5427 οὔτε
1556 5376 1728 5447 πάντη
1750 5375 1893 5438 ἐκτδξΙ

2003 5377 2104 5431 hns
2139 5377 2428 5446 imperium
2475 5383 2722 5437 tenuere.
2747 5375 3139 5430 sublimitatem
3165 5380 3217 5426 et
3251 5371 3487 5425 insnltns
3516 5369 3570 5422 in

311 5468 467 5531 ὄντες
505 5467 706 5531 αὐτῶν,
732 5469 921 5540 ὥσπερ
948 5472 1005 5523 ἐν
1048 5467 1283 5541 μεθορίῳ
1321 5469 1740 5539 καθεστήκασιν,
1764 5469 1893 5540 άμερῖ

2007 5465 2304 5521 l-chlesiam
2351 5466 2443 5521 Dei
2478 5467 2853 5536 eonSpieatns,
2886 5464 3010 5534 quis
3061 5462 3348 5530 impiorum
3399 5457 3570 5510 IIOIIli-r

313 5556 382 5611 τά
436 5557 651 5628 πέρατα
687 5557 784 5628 τῆς
824 5557 1169 5628 ἀνθρωπίνης
1200 5555 1342 5628 ζωῆς
1385 5556 1804 5627 πολιτευόμενοι.
1845 5559 1884 5610 0

2006 5575 2134 5612 num
2194 5559 2604 5629 persecutiones
2646 5568 2697 5612 ct
2752 5557 2932 5610 minas
2984 5554 3236 5616 intuitus,
3269 5566 3375 5604 non
3428 5547 3568 5601 dicat

385 5732 430 5762 ³⁸
465 5730 570 5788 lsa.
610 5749 782 5800 xxvii,
826 5733 871 5788 l.
953 5736 993 5764 ’⁵³
1030 5732 1170 5788 Psal.
1207 5748 1324 5799 cm,
1355 5731 1445 5789 ‘25.
1531 5734 1572 5765 ⁸ο
1604 5731 1736 5789 lbid.
1761 5733 1850 5788 9.6.

2003 5733 2145 5789 Psal.
2179 5752 2380 5800 cxxur,
2423 5735 2467 5790 l.
2550 5733 2592 5766 ³’
2627 5732 2668 5788 ll
2697 5733 2826 5790 Cor.
2853 5747 2905 5796 χ,
2948 5731 3001 5784 5.
3082 5725 3266 5782 “Gal.
3297 5724 3455 5788 11,20
