4100 6590
445 405 552 461 643
1145 401 1413 459 EUSEBll
1454 395 1933 455 CASSARIENSIS
1972 396 2121 451 OPP.
2160 394 2340 452 PARS
2372 392 2458 451 Ill.
2504 426 2575 438 -
2611 394 3022 450 EXEGETICA.
3621 399 3725 456 6.“

445 528 600 581 ciunt
622 522 841 578 ordines
864 522 1155 592 conspicit,
1188 521 1237 576 is
1268 535 1458 576 eorum
1492 534 1613 589 quae
1666 518 1721 572 in
1761 518 2018 572 vaticinio

2126 535 2241 581 σεις
2273 517 2442 587 αὐτὴν
2473 518 2565 570 καὶ
2607 518 2667 569 τὸ
2717 516 3002 587 βλάστημα
3050 517 3241 587 αὐτῆς,
3278 538 3296 571 ι
3326 518 3562 592 εἴρηται.
3615 524 3727 578 Καὶ

448 616 700 671 feruntur
728 615 1025 668 ubertatem
1064 612 1230 681 probe
1274 621 1589 681 cognoscet.

2130 609 2305 662 πάντα
2343 609 2399 660 δέ
2426 608 2597 661 ταῦτα
2633 610 2831 677 σημεῖα
2873 609 3128 678 τυγχάνει
3154 610 3247 663 τοῦ
3279 612 3723 684 ἐπισκεψαμένου

444 708 542 781 τὴν
586 705 907 776 Ἐκκλησίαν
964 701 1156 755 αὑτοῦ·
1210 702 1247 755 ἃ
1293 701 1356 772 δή
1410 702 1577 755 πάλαι
1625 699 1992 774 προλεχθέντα
2028 700 2338 762 οὐδ’άλλως
2375 702 2454 761 εἰς
2495 699 2630 770 ἔργα
2685 697 3064 769 κεχώρηκενῆ
3113 700 3200 753 διὰ
3247 702 3346 771 τῆς
3378 702 3472 756 τοῦ
3541 705 3723 775 Σωτῆ-

448 815 541 871 ρος
587 796 741 867 ἡμῶν
776 795 1126 864 ἐπιφανείας·
1173 794 1239 846 δι’
1280 791 1348 865 ἧς
1396 796 1443 846 οἱ
1495 793 1893 864 κατηξιωμένοι
1940 792 2041 861 τῆς
2080 792 2245 844 αὑτοῦ
2275 793 2517 863 χάριτος,
2554 792 2621 843 τά
2654 790 2709 856 ἐξ
2750 791 2995 860 οὐρανῶν
3027 791 3319 863 σπέρματα
3387 798 3505 858 ταῖς
3544 797 3725 849 αὐτῶν

444 891 643 961 ψυχαῖς
690 888 1115 957 ἀποδεξάμενοι,
1167 890 1413 959 καρποὺς
1466 888 1710 951 εὐθαλεῖς
1764 887 2125 958 παρέχουσιν·
2164 888 2211 938 οἱ
2283 887 2379 956 μὲν
2413 892 2455 956 ρ’
2517 886 2830 954 ποιοῦντες,
2876 888 2923 938 οἱ
2959 886 3014 939 δὲ
3061 886 3124 952 ξ’,
3164 889 3212 939 oi
3238 888 3291 940 δὲ
3326 889 3389 941 λ’.
3427 890 3601 960 Ὀρῶν
3666 891 3726 943 δέ

444 996 528 1041 τις
561 981 618 1030 ἐν
663 980 727 1047 τῇ
774 978 1067 1049 Ἐκκλησία
1107 978 1200 1031 τοῦ
1240 977 1374 1031 Θεοῦ
1441 978 1507 1030 τὰ
1553 978 1786 1049 διάφορα
1833 977 2090 1048 τάγματα
2155 977 2263 1030 τῶν
2320 980 2377 1030 ἐν
2436 976 2653 1055 Χριστῷ
2702 977 3153 1051 προκοπτόντων,
3215 978 3311 1051 τὴν
3369 971 3725 1054 παγκαρπίαν

444 1071 646 1125 τίσεται
672 1069 781 1122 τῶν
802 1069 889 1122 διὰ
911 1070 1011 1140 τῆς
1039 1069 1406 1139 προκειμένης
1428 1070 1764 1140 προφητείας
1792 1069 2222 1140 θεσπιζομένων.

516 1188 682 1246 Vens.
706 1192 789 1255 l2,
812 1193 894 1246 14.
920 1214 938 1245 ι
963 1194 1258 1250 Benedices
1281 1209 1500 1249 corona:
1516 1193 1644 1247 anni
1669 1192 2023 1262 benignitatis

442 1286 569 1343 tuae,
594 1291 647 1335 et
670 1285 846 1355 campi
879 1285 955 1338 tui
1009 1285 1368 1356 replebnntur
1400 1285 1671 1339 ubertate.
1718 1305 1735 1337 ι
1782 1283 1920 1350 Quia
1954 1284 2019 1338 ad

444 1372 853 1443 praedicandum
890 1390 1095 1430 annum
1152 1374 1245 1429 Dei
1294 1375 1711 1445 acceptabilem,
1764 1382 1818 1428 et
1874 1374 2019 1428 diem

443 1463 843 1525 retributionis,
886 1464 1103 1519 venisse
1142 1462 1402 1519 Servator
1443 1464 1668 1528 dicitur,
1715 1465 2020 1518 secundum

445 1550 785 1625 Scripturam
810 1571 873 1608 ex
900 1555 1020 1623 ejus
1042 1570 1277 1626 persona
1302 1556 1383 1609 sic
1417 1555 1729 1623 loquentem
1753 1570 1764 1603 :
1800 1572 1817 1604 ι
1848 1553 2021 1622 Spiri-

442 1652 532 1700 tus
551 1645 761 1699 Domini
788 1662 953 1717 super
982 1663 1087 1709 me,
1112 1662 1178 1700 eo
1201 1645 1347 1716 quod
1371 1646 1591 1699 unxerit
1628 1660 1713 1699 me
1747 1664 1759 1698 :
1791 1659 2024 1713 evange‘

444 1736 611 1790 lizare
636 1737 969 1805 pauperibus
1000 1736 1149 1790 misit
1190 1752 1309 1803 me;
1341 1735 1638 1806 praedicare
1678 1734 1908 1803 captivis
1940 1733 2025 1801 ,di-

2204 1211 2222 1242 ‹
2271 1191 2605 1261 Εὐλογήσεις
2630 1191 2718 1244 τὸν
2748 1190 3010 1259 στέφανον
3050 1190 3145 1243 τοῦ
3180 1191 3429 1244 ἐνιαυτοῦ
3451 1193 3557 1263 ,τῆς
3586 1211 3726 1265 χρη-

2125 1280 2381 1351 στότητός
2419 1298 2534 1343 σου,
2565 1280 2659 1332 καὶ¹
2690 1280 2756 1333 τὰ
2789 1279 2948 1332 πεδία
2996 1297 3093 1332 σου
3127 1279 3500 1352 πλησθήσεται
3531 1283 3726 1353 πιότη-

2123 1390 2231 1435 τος.
2282 1391 2300 1423 ι
2340 1371 2555 1442 Ἐπειδὴ
2586 1370 2820 1441 κηρῦξαι
2869 1371 3112 1423 ἐνιαυτὸν
3150 1371 3358 1442 Κυρίου
3386 1372 3597 1437 δεκτδν,
3628 1374 3726 1427 καὶ

2121 1464 2334 1534 ἡμέραν
2381 1462 2788 1524 άνταποδόσεως
2830 1460 3149 1534 ἐληλυθέναι
3194 1462 3408 1529 λέγεται
3443 1463 3471 1514 6
3505 1464 3722 1535 Σωτήρ,

2124 1552 2264 1605 κατὰ
2300 1552 2400 1623 τὴν
2457 1555 2770 1619 φάσκουσαν
2810 1552 2868 1618 ἐξ
2914 1551 3078 1604 αὑτοῦ
3130 1552 3425 1621 προσώπου
3460 1552 3719 1624 Γραφήν·

2128 1660 2144 1691 ι
2180 1640 2403 1710 Πνεῦμα
2453 1640 2659 1711 Κυρίου
2707 1642 2792 1692 ἐπ’
2838 1641 2959 1711 ἐμὲ,
3012 1634 3074 1693 οὗ
3128 1642 3332 1693 εἵνεκεν
3377 1641 3561 1713 ἐχρισέ
3612 1661 3719 1714 με·

2122 1733 2576 1801 εὐαγγελίσασθαι
2644 1736 2877 1803 πτωχοῖς
2942 1733 3251 1788 άπέσταλκέ
3317 1750 3416 1802 με·
3484 1734 3722 1804 κηρῦξαι

442 1827 786 1889 missionem,
819 1836 873 1881 et
928 1832 1089 1882 cacis
1137 1827 1288 1882 visus
1334 1828 1772 1893 restitutionem;
1823 1818 2018 1881 vocare

2128 1821 2494 1893 αἰχμαλώτοις
2522 1823 2718 1891 ἄφεσιν
2748 1824 2843 1875 καὶ
2883 1822 3103 1894 τυφλοῖς
3132 1822 3424 1892 ἀνάϐλεψιν
3446 1840 3457 1852 ·
3490 1824 3721 1877 καλέσαι

442 1933 644 1973 annum
696 1918 909 1973 Domini
969 1920 1379 1988 acceptabilem,
1419 1928 1474 1974 et
1515 1920 1657 1974 diem
1704 1920 2022 1973 retributio-

441 2010 615 2077 nis“;
632 2032 649 2061 ι
665 2011 790 2080 jure
808 2012 895 2067 hic
914 2012 1292 2066 retributionis
1310 2011 1451 2067 diem
1474 2012 1700 2065 indicat.
1722 2011 1818 2067 Est
1838 2022 2022 2066 autem

442 2102 532 2154 illa
572 2102 813 2174 futurum
870 2105 1151 2168 saeculum,
1183 2104 1329 2173 quod
1379 2111 1503 2173 post
1549 2104 1839 2173 praesentis
1892 2118 2024 2157 con-

440 2200 859 2254 summationem
885 2198 1083 2250 veniet.
1116 2194 1271 2249 Illum
1294 2196 1480 2265 itaque
1508 2211 1715 2250 annum
1741 2196 1903 2265 quasi
1927 2211 2022 2249 co-

441 2300 575 2339 rona
616 2288 885 2357 novisque
926 2303 990 2341 ac
1029 2288 1298 2357 speciosis
1324 2288 1572 2351 lloribus,
1610 2288 1784 2357 quiin
1811 2303 1876 2342 eo
1901 2303 2023 2343 ver-

442 2376 612 2430 saturi
660 2386 809 2441 sunt,
856 2377 1190 2439 ornandum,
1246 2394 1430 2431 sermo
1473 2394 1717 2448 prwscns
1754 2380 2020 2435 vaticina-

441 2474 531 2519 tur
576 2465 764 2521 dicens
799 2482 813 2518 :
857 2485 875 2517 ι
913 2467 1212 2522 Benedices
1259 2483 1478 2524 corona:
1505 2470 1633 2522 anni
1667 2470 2021 2539 benignitatis

441 2569 567 2614 tua}.
600 2580 618 2612 ι
641 2560 773 2614 Nam
807 2562 895 2617 ille
928 2562 1095 2621 futuri
1128 2563 1313 2618 saeculi
1340 2580 1539 2627 annus,
1575 2580 1701 2618 eum
1738 2566 1807 2618 sit
1841 2582 2020 2621 annus

441 2652 792 2725 benignitatis
827 2653 942 2717 Dei,
977 2656 1317 2715 benedictazn
1349 2671 1609 2712 coronam
1654 2656 1896 2721 habebit,
1934 2666 2019 2712 to-

440 2750 553 2803 tum
575 2761 768 2814 nempe
786 2757 1100 2801 sanctorum
1127 2749 1378 2801 chorum.
1407 2747 1580 2813 Quam
1606 2764 1869 2802 coronam
1894 2764 2018 2803 cum

438 2835 798 2898 benedixerit,
836 2838 1197 2906 imponet‘sibi
1231 2837 1486 2892 Christus
1512 2837 1627 2898 Dei,
1652 2855 1841 2893 eorum
1873 2840 2021 2907 agri-

439 2930 669 2983 culturae
696 2927 926 2988 ﬂoribus
960 2931 1273 2984 decoratus.
1318 2928 1424 2984 Sed
1458 2931 1625 2986 etiam
1660 2932 1777 3000 ipse
1801 2947 2019 2985 eorum-

437 3020 559 3073 dem
590 3034 791 3073 corona
817 3021 921 3075 erit
971 3021 1272 3082 secundum
1317 3022 1514 3075 Isaiam
1546 3022 1640 3076 sic‘
1664 3023 1972 3092 loquentem
2001 3040 2012 3078 :

443 3124 463 3157 ι
506 3106 571 3167 Et
601 3110 704 3163 erit
737 3108 1003 3164 Dominus
1058 3110 1299 3163 Sabaoth
1349 3124 1554 3163 corona
1596 3111 1803 3179 gloria.»
1862 3108 2018 3167 Tunc

2128 1915 2368 1968 ἐνιαυτὸν
2391 1914 2599 1985 Κυρίου
2619 1914 2825 1977 δεκτδν,
2862 1916 2955 1967 καὶ
2980 1916 3197 1985 ἡμέραν
3220 1914 3629 1978 άνταποδόσεως
3650 1934 3663 1945 ·
3695 1936 3713 1966 ι

2125 2008 2349 2071 εἰκότως
2387 2009 2480 2062 καὶ
2509 2007 2742 2062 ἐνταῦθα
2768 2008 2864 2078 τὴν
2890 2008 3102 2079 ἡμέραν
3132 2008 3389 2077 σημαίνει
3432 2007 3530 2078 τῆς
3558 2012 3722 2062 ἀνταε-

2126 2102 2414 2163 ποδόσεως.
2442 2101 2599 2152 Ἐστι
2624 2100 2680 2157 δὲ
2706 2099 2843 2171 αῦτη
2869 2103 2896 2153 6
2920 2100 3128 2171 μέλλων
3162 2100 3556 2170 ἐπιστήσεσθαι
3586 2100 3720 2153 αἰὼν

2127 2192 2265 2262 μετὰ
2301 2192 2400 2269 τήν
2440 2191 2536 2245 τοῦ
2575 2192 2870 2255 ἐνεστῶτος
2915 2191 3243 2245 συντέλειαν.
3283 2191 3516 2244 Ἐκεῖνον
3541 2191 3719 2244 τοίνυν
3762 2250 3769 2253 ,

2123 2285 2213 2337 τὸν
2248 2286 2491 2341 ἐνιαυτὸν
2515 2284 2704 2354 ῶσπερ
2737 2282 2986 2355 στεφάνῳ
3025 2283 3470 2355 κοσμηθήσεσθαι
3493 2282 3581 2336 διὰ
3610 2283 3719 2336 τῶν

2124 2375 2331 2447 νεαρῶν
2366 2376 2458 2427 καὶ
2503 2375 2721 2445 ὡραίων
2770 2374 2949 2428 ἀνθῶν
2982 2375 3088 2426 τῶν
3126 2374 3427 2445 μελλόντων
3470 2377 3525 2427 ἐν
3568 2374 3718 2445 αὐτῷ

2124 2465 2542 2531 πολιτεύεσθαι,
2600 2465 2660 2517 τὸ
2715 2465 2886 2536 παρὸν
2940 2465 3184 2529 θεσπίζει
3241 2466 3420 2533 λόγιον
3476 2468 3712 2533 φάσκον·

2128 2577 2145 2607 ι
2190 2556 2517 2629 Εὑλογήσεις
2545 2557 2635 2611 τὸν
2666 2557 2927 2627 στέφανον
2966 2558 3059 2609 τοῦ
3090 2557 3336 2611 ἐνιαυτοῦ
3362 2558 3458 2629 τῆς
3484 2558 3719 2628 χρηστό-

2121 2652 2281 2723 τητός
2323 2669 2438 2707 σου.
2484 2671 2501 2701 ι
2550 2652 2607 2706 Ὀ
2638 2651 2748 2723 γάρ
2783 2651 3027 2714 ἐνιαυτὸς
3073 2653 3277 2713 ἐκεῖνος
3313 2653 3341 2703 6
3372 2651 3465 2703 τοῦ
3499 2650 3718 2720 μέλλον-

2120 2759 2210 2806 τος
2235 2744 2450 2805 αἰῶνος,
2486 2743 2852 2814 χρηστότητος
2884 2742 2959 2795 ῶν
2993 2742 3149 2805 Θεοῦ,
3186 2744 3447 2812 στέφανον
3480 2742 3590 2806 ἕξει
3618 2742 3717 2810 ηὖι

2120 2833 2418 2906 λογημένον
2441 2874 2455 2895 ,
2513 2833 2803 2903 σύμπαντα
2871 2834 3027 2905 χορὸν
3077 2833 3184 2886 τῶν
3249 2835 3437 2902 ἁγίων.
3494 2835 3715 2891 Ὄντινα

2124 2928 2412 2995 στέφανον,
2465 2926 2797 2996 εὐλογήσας,
2845 2924 3202 2996 περιθήσεται
3256 2928 3283 2979 6
3336 2928 3573 2997 Χριστὸς
3620 2927 3715 2985 τοῦ

2120 3015 2276 3076 Θεοῦ,
2302 3019 2413 3078 τοῖς
2438 3016 2535 3084 τῆς
2563 3015 2742 3067 αὐτῶν
2764 3014 3037 3086 γεωργίας
3067 3016 3283 3069 ἄνθεσιν
3323 3017 3712 3087 ὼραῖζόμενος.

2133 3106 2292 3158 Ἀλλὰ
2314 3109 2408 3159 καὶ
2431 3106 2592 3169 αὐτὸς
2630 3105 2810 3158 αὐτῶν
2834 3107 3123 3176 γενήσεται
3162 3107 3423 3176 στέφανος
3454 3110 3597 3163 κατὰ
3623 3110 3717 3167 τὸν

437 3199 618 3268 campi
650 3199 744 3254 Dei
783 3202 1141 3271 replebuntur
1167 3201 1438 3265 ubertate,
1475 3211 1529 3255 et
1567 3209 1782 3255 montes
1813 3199 2013 3255 deserti

2134 3197 2358 3249 Ἡσαΐαν
2383 3199 2658 3267 φήσαντα·
2687 3216 2703 3246 ι
2730 3198 2838 3249 Kal
2873 3198 3022 3251 ἔσται
3055 3198 3257 3269 Κύριος
3286 3200 3512 3253 Σαϐαὼθ
3538 3203 3566 3254 6
3598 3202 3717 3259 στέ-

439 3297 568 3343 tnnc
602 3291 958 3359 pinguescent
982 3291 1049 3344 δι.
1094 3310 1112 3341 ι
1148 3292 1227 3345 Ad
1268 3291 1383 3345 haec
1427 3294 1593 3347 etiam
1629 3300 1759 3346 tunc
1791 3309 1809 3341 ι
1847 3293 2015 3347 colles

436 3380 800 3437 exsultatione
818 3383 1190 3451 accingentur.
1221 3401 1239 3432 ι
1266 3382 1600 3438 Praeterhaac
1625 3393 1807 3437 autem
1829 3383 2015 3436 omnia

438 3468 639 3522 arietes
695 3469 879 3521 ovium
937 3470 1162 3539 proprio
1231 3471 1431 3526 vellere
1504 3472 1816 3531 induentur.
1890 3470 2016 3525 ﬂare

438 3574 605 3628 porro
632 3559 923 3628 intelliges,
952 3560 998 3613 si
1023 3576 1209 3614 eorum
1236 3562 1328 3630 qui
1361 3562 1591 3616 salutem
1620 3563 2018 3616 nanciscuntur

437 3644 757 3705 discrimina
811 3656 990 3703 tecum
1045 3659 1285 3721 reputes.
1345 3648 1588 3721 Quorum
1647 3651 1741 3708 alii
1794 3651 2015 3721 quidem

436 3736 843 3803 comparatione
878 3741 1317 3806 przestantiorum
1350 3742 1507 3809 quasi
1543 3740 1802 3798 inferiore
1842 3741 2014 3813 gradu

439 3824 563 3885 vita:
593 3825 928 3888 incedentes.
966 3828 1257 3897 allegorice
1309 3832 1489 3901 campi
1521 3830 1616 3885 Dei
1654 3832 1902 3887 ubertate
1932 3850 2017 3887 re-

440 3914 565 3982 pleti
612 3916 787 3969 vocati
831 3925 989 3983 sunt;
1033 3934 1203 3988 quare
1246 3919 1454 3974 dictum
1508 3929 1631 3975 est:
1666 3940 1682 3971 ι
1714 3922 1905 3992 Campi
1938 3924 2015 3977 tui

438 4006 789 4074 rc-plebunlur
818 4011 1101 4077 ubertate;
1142 4031 1161 4062 ι
1201 4012 1290 4066 alii
1327 4028 1453 4066 vero
1479 4014 1649 4066 variis
1693 4014 1806 4082 jam
1840 4016 2015 4070 virtu-

436 4095 584 4150 tibus
615 4096 892 4161 llorcntes,
916 4107 1130 4152 montes
1155 4099 1410 4155 Ecclesia:
1435 4103 1591 4170 prius
1613 4102 1845 4158 deserta:
1871 4121 2014 4158 nun-

437 4188 617 4257 cupati
648 4196 794 4242 sunt.
824 4187 926 4253 Qui
954 4198 1007 4243 ct
1036 4191 1138 4261 ipsi
1172 4191 1403 4247 ubertim
1428 4194 1636 4263 irrigati
1664 4210 1692 4245 a
1717 4206 2018 4249 memorato

438 4279 507 4332 ﬂu
518 4280 679 4340 mine,
702 4281 1029 4349 pinguedine
1049 4283 1291 4351 replendi
1308 4284 1568 4338 dicuntur
1585 4302 1598 4347 ;
1617 4285 1712 4338 sed
1730 4286 1895 4339 etiam
1914 4287 2018 4340 col-

441 4369 517 4421 les
536 4368 602 4420 iis
620 4384 834 4439 quoque
852 4370 1219 4433 sublimiores,
1241 4374 1320 4427 sic
1337 4372 1545 4446 tropice
1560 4374 1757 4434 vocati,
1776 4376 2019 4429 exsulta-

436 4458 584 4511 tione
601 4459 976 4529 accingentur.
996 4459 1059 4512 Et
1084 4461 1134 4513 hi
1153 4462 1370 4533 quidem
1391 4471 1502 4519 tres
1520 4464 1741 4519 ordines
1760 4465 1812 4518 in
1833 4465 2016 4525 futuro

2120 3305 2283 3356 φανός
2307 3288 2402 3357 τῆς
2429 3288 2605 3355 δόξης.
2641 3289 2772 3341 Τότε
2802 3289 2859 3341 δὲ
2890 3291 2983 3342 καὶ
3013 3291 3081 3342 τὰ
3102 3290 3261 3345 πεδία
3292 3292 3386 3345 τοῦ
3420 3293 3555 3347 Θεοῦ
3592 3294 3719 3364 πλη-

2122 3377 2378 3448 σθήσεται
2412 3378 2686 3448 πιότητος,
2732 3381 2826 3432 καὶ
2866 3380 2935 3433 τὰ
2967 3381 3097 3456 δρεα
3135 3382 3191 3434 δέ
3228 3386 3327 3453 τῆς
3361 3384 3571 3455 ἐρήμου
3594 3386 3716 3439 τότε

2119 3468 2493 3539 πιανθήσεται.
2510 3470 2660 3521 »Ἔτι
2688 3470 2793 3540 μὴν
2815 3473 2907 3523 καὶ
2928 3490 2945 3521 ι
2970 3474 3018 3529 οἱ
3044 3474 3219 3542 βουνοὶ
3246 3493 3263 3523 ι
3283 3474 3403 3526 τότε
3422 3493 3437 3524 ι
3466 3474 3719 3545 ἀγαλλία-

2121 3578 2205 3613 σιν
2240 3559 2654 3631 περιζὼσονται.
2684 3580 2700 3611 ι
2724 3563 2833 3615 Kal
2863 3564 2999 3635 πρὸς
3026 3563 3233 3626 τούτοις
3265 3564 3467 3618 ἅπασιν
3490 3567 3539 3623 οἱ
3572 3567 3718 3637 κριοὶ

2119 3652 2228 3706 τῶν
2262 3652 2551 3723 προϐάτων
2578 3654 2704 3716 τοὺς
2723 3653 2886 3716 ἰδίους
2912 3655 3221 3713 ἐνδῦσονται
3241 3656 3458 3720 πόκους.
3484 3658 3719 3730 Νοήσεις

2118 3744 2174 3797 δὲ
2207 3744 2395 3807 ταῦτα,
2420 3745 2514 3815 τὴν
2548 3745 2809 3819 διαφορὰν
2855 3745 3185 3817 ὑποθέμενος
3214 3750 3389 3820 ἐαυτῷ
3413 3750 3522 3804 τῶν
3548 3752 3720 3813 σωζο-

2123 3838 2322 3907 μένων·
2355 3831 2429 3890 ὧν
2458 3840 2506 3890 οί
2535 3838 2653 3913 μὲν,
2686 3837 2762 3901 ὡς
2815 3842 2874 3891 ἐν
2902 3839 3202 3911 παραθέσει
3249 3841 3359 3895 τῶν
3394 3844 3718 3914 κρειττόνων

2119 3929 2209 3981 τὸν
2263 3927 2376 3998 βίον
2418 3929 2861 4003 ὑποϐεϐηκότες,
2923 3932 3268 4003 ἁλληγορικῷ
3323 3935 3507 4006 τρόπῳ
3556 3935 3719 3989 πεδία

2118 4016 2253 4070 Θεοῦ
2283 4020 2803 4097 προσηγορεύθησαν
2834 4022 3088 4095 πιότητος
3122 4023 3491 4095 πληρούμενα·
3523 4024 3605 4077 διδ
3630 4025 3718 4078 λέ-

2118 4108 2326 4162 λεκται·
2363 4129 2381 4160 ι
2402 4110 2482 4165 Τά
2506 4112 2663 4165 πεδία
2690 4130 2782 4165 σου
2818 4112 3190 4184 πλησθήσεται
3223 4116 3531 4186 πιότητος»
3564 4116 3615 4168 οἱ
3657 4116 3716 4176 δὲ

2119 4200 2217 4277 ήδη
2254 4203 2310 4253 ἐν
2334 4202 2609 4277 διαφόροις
2646 4204 2869 4276 ἀρεταῖς
2926 4204 3215 4269 ἀνθοῦντες
3243 4207 3373 4278 ὄρεα
3428 4208 3527 4278 τῆς
3586 4211 3717 4280 πρὶν

2118 4293 2323 4369 ἐρήμου
2358 4295 2681 4364 Ἑκκλησίας
2710 4296 3124 4365 ὠνομάσθησαν·
3145 4299 3215 4360 οἳ,
3252 4299 3344 4352 καὶ
3377 4301 3531 4353 αὐτοὶ
3556 4301 3718 4355 πλου-

2120 4383 2251 4448 σίως
2279 4386 2565 4463 άρδόμενοι
2602 4389 2665 4439 ἐκ
2700 4389 2792 4441 τοῦ
2821 4389 3151 4460 δηλωθέντος
3183 4392 3452 4463 ποταμοῦ,
3489 4395 3718 4465 πιανθή-

2122 4477 2307 4530 σεσθαι
2353 4477 2620 4545 λέγονται·
2657 4478 2792 4532 ἀλλὰ
2849 4481 2943 4537 καὶ
2974 4482 3023 4532 οἱ
3056 4481 3135 4533 ἔτι
3157 4481 3363 4535 τούτων
3392 4483 3716 4556 ὑψηλότεροι

437 4548 787 4623 benignitatis
805 4551 896 4605 Dei
915 4567 1060 4605 anno
1076 4552 1467 4609 beatitudinem
1484 4564 1889 4630 consequentur
1906 4576 1918 4610 :
1935 4556 2018 4624 qui

2132 4565 2312 4634 βουνοί
2337 4566 2613 4635 τροπικῶς
2647 4568 2969 4639 καλούμενοι
3020 4571 3339 4641 ἀγαλλίασιν
3390 4574 3718 4645 περιζώσον-

438 4638 670 4699 fortasse
696 4657 760 4695 ex
787 4657 974 4696 eorum
1003 4659 1231 4698 numero
1251 4660 1277 4699 s
1296 4653 1411 4708 unt,
1430 4646 1523 4723 qui
1547 4644 1787 4699 fructum
1816 4645 2018 4707 ferunt,

437 4732 528 4795 alii
554 4734 937 4798 centesimum,
974 4736 1065 4789 alii
1090 4735 1513 4805 sexagesimum,
1535 4737 1627 4791 alii
1656 4738 2021 4798 tricesimum.

435 4820 540 4888 Qui
563 4839 689 4877 vero
709 4840 897 4878 eorum
923 4824 1161 4897 praefecti
1188 4826 1353 4881 futuri
1377 4837 1525 4892 sunt,
1553 4830 1828 4901 principes
1846 4845 1909 4884 ac
1930 4831 2028 4885 du-

436 4930 527 4967 ces
544 4916 761 4985 quidam
784 4917 1047 4987 ipsorum,
1075 4920 1509 4988 przcccllentibus
1529 4922 1825 4977 virtutibus
1861 4936 2023 4977 exor-

437 5006 716 5060 nabuntur
730 5024 745 5071 ;
761 5023 926 5077 quare
942 5007 1143 5062 dicitur
1163 5028 1204 5063 ει
1232 5010 1409 5065 lnduti
1424 5022 1551 5071 sunt
1567 5013 1765 5067 arietes
1783 5012 1986 5073 ovium,
2002 5031 2020 5063 ι

438 5112 501 5149 ac
537 5099 581 5152 si
621 5098 846 5161 diceret,
898 5118 915 5150 ι
940 5100 1254 5159 induentur.
1306 5124 1323 5157 ι
1367 5106 1581 5162 Arietes
1622 5116 1801 5163 autem
1838 5108 2020 5160 ovium

440 5187 711 5257 principes
727 5203 790 5243 ac
806 5189 972 5246 duces
986 5201 1410 5249 memoratarum
1426 5198 1701 5250 hominum
1721 5197 2016 5266 intelligas.

439 5279 531 5347 qui
567 5280 740 5342 induti
773 5289 921 5344 sunt,
955 5281 1062 5337 imo
1086 5286 1268 5353 potius
1292 5285 1604 5341 induentur.
1625 5288 1761 5352 Quid
1788 5287 2019 5341 induen-

442 5380 529 5422 tur
550 5370 896 5439 cogitandum
923 5373 1081 5427 nobis
1110 5376 1331 5440 reliquit
1359 5394 1373 5441 ;
1416 5378 1508 5432 sed
1540 5377 1644 5430 tale
1674 5377 1833 5431 nobis
1856 5377 2016 5431 indu-

440 5466 679 5513 mentum
696 5460 933 5515 declarat
949 5461 1169 5517 divinus
1187 5463 1480 5533 Apostolus
1495 5464 1682 5518 dicens
1708 5483 1721 5519 ;
1746 5484 1762 5515 ι
1784 5463 2012 5536 Oportet

442 5549 906 5617 corruptibilehoc
930 5549 1155 5604 induere
1178 5551 1637 5621 incorruptionem
1653 5553 1728 5621 “;
1767 5575 1784 5609 ι
1816 5572 1879 5611 ac
1897 5573 2011 5611 rur-

443 5656 560 5694 sum
579 5660 589 5693 :
615 5660 631 5689 ‹
657 5638 730 5692 Eu
749 5642 890 5709 quod
913 5643 1164 5697 nolumus
1181 5645 1494 5713 exspoliari,
1511 5644 1603 5700 sed
1625 5649 2004 5716 supervestiri,

515 5796 557 5833 ⁸ο
586 5797 687 5855 lsa.
722 5813 833 5863 ut,
869 5799 917 5853 l.
996 5800 1035 5831 δ’
1074 5802 1177 5854 lsa.
1211 5816 1398 5868 xan,

1593 5802 1636 5833 δ’
1672 5799 1689 5853 l
1719 5803 1841 5857 Cor.
1876 5820 1962 5871 xv,
1994 5804 2081 5865 5'5,

2123 4670 2232 4705 ται.
2268 4654 2375 4705 Kal
2400 4655 2528 4719 τρία
2553 4656 2652 4725 μὲν
2702 4657 2874 4711 ταῦτα
2893 4658 3148 4734 τάγματα
3173 4662 3313 4714 κατὰ
3339 4663 3430 4715 τὸν
3454 4664 3716 4733 μέλλοντα

2126 4744 2371 4798 ἐνιαυτὸν
2420 4744 2522 4813 τῆς
2566 4748 2931 4818 χρηστότητος
2992 4752 3085 4804 τοῦ
3141 4752 3274 4805 Θεοῦ
3316 4753 3564 4817 τεύξεται
3616 4754 3716 4823 τῆς

2131 4834 2553 4905 μακαριότητος·
2582 4839 2721 4907 τάχα
2757 4857 2857 4892 που
2888 4841 2950 4904 ἐξ
2976 4843 3201 4896 ἐκείνων
3223 4844 3395 4905 ὄντες,
3422 4837 3494 4896 ῶν
3521 4846 3568 4897 οί
3618 4845 3716 4915 μὲν

2128 4923 2346 4974 ἐποίουν
2373 4930 2438 4994 ρ’,
2459 4927 2507 4977 οἱ
2536 4926 2593 4978 δέ
2614 4925 2674 4991 ξ’,
2695 4932 2741 4980 οἱ
2770 4930 2826 4987 δέ
2843 4930 2979 4983 λ⁰.οί
3008 4932 3065 4985 δέ
3081 4932 3286 4986 τούτων
3298 4936 3715 5006 ἐπιστησόμενοι

2129 5012 2388 5082 ἄρχοντές
2430 5032 2575 5079 τινες
2631 5018 2723 5068 καί
2757 5018 3024 5089 ἡγεμόνες
3055 5020 3199 5081 τινὲς
3232 5021 3433 5082 αὐτῶν,
3467 5023 3523 5073 ἐν
3554 5022 3713 5075 δυνά-

2134 5120 2290 5173 μεσιν
2316 5103 2615 5177 ἐξαιρέτοις
2658 5109 3114 5180 κοσμηθήσονται·
3145 5111 3226 5163 διὸ
3244 5111 3515 5168 λέλεκται·
3553 5133 3569 5163 ι
3610 5115 3710 5166 Ἐν-

2129 5194 2381 5248 εδὺσαντο
2410 5197 2459 5249 οἱ
2489 5200 2633 5268 κριοὶ
2655 5199 2762 5251 τῶν
2800 5201 3137 5271 προϐάτων·ι
3169 5203 3289 5254 ἀντὶ
3320 5202 3434 5255 τοῦ·
3468 5225 3484 5253 ι
3532 5205 3710 5258 Ἐνδύ-

2129 5304 2363 5341 σονται.»
2401 5291 2605 5360 Κριοῦς
2660 5291 2717 5354 δὲ
2767 5293 3055 5364 προϐάτων
3106 5296 3231 5359 τοὺς
3274 5294 3542 5368 ἄρχοντας
3594 5299 3712 5360 τοὺς

2123 5381 2461 5454 ἡγουμένους
2485 5383 2594 5437 τῶν
2620 5385 3027 5457 προλεχθέντων
3057 5388 3290 5459 νοήσεις,
3312 5388 3507 5452 οἵτινες
3536 5388 3713 5441 ἐνεδύ-

2125 5473 2348 5544 σαντοῆ
2382 5475 2475 5527 καὶ
2510 5475 2708 5545 μᾶλλον
2772 5477 3099 5533 ἐνδύσονται.
3154 5476 3218 5532 Τί
3265 5479 3323 5532 δέ
3381 5480 3710 5544 ἐνδύσονται,

2118 5562 2248 5630 ήμῖν
2290 5563 2679 5617 καταλέλοιπεν
2710 5569 2868 5620 νοεῖν·
2904 5567 3142 5621 διδάσκει
3189 5568 3244 5621 δὲ
3269 5570 3328 5622 τὸ
3355 5569 3562 5640 ινδυμα
3588 5570 3705 5622 τοῦ·

2113 5668 2221 5705 των
2254 5654 2282 5705 6
2316 5653 2457 5718 θεῖος
2488 5657 2809 5723 Ἀπόστολος
2841 5658 3030 5730 λέγων·
3055 5664 3176 5723 «Δεῖ
3200 5662 3259 5714 τὸ
3292 5662 3533 5733 φθαρτὸν
3557 5660 3709 5719 τοῦτο
