4100 6536
315 325 420 380 6-ιὸ

1457 323 1967 382 (ΣΟΜΜΕΝΤΑΒΙΑ
2008 325 2072 381 IN
2115 325 2459 383 PSALMOS.

3497 330 3602 384 6U)

313 436 635 492 ἐνδύσασθαι
686 437 1011 510 ἀφθαρσίαν·
1043 458 1061 490 ι
1096 440 1189 493 καὶ
1213 440 1391 493 πάλιν·
1419 459 1436 493 ι
1468 442 1581 510 Ἐφ’
1607 434 1650 509 ᾧ
1675 444 1734 494 ού
1761 441 1892 495 θέλο-

2021 451 2079 495 ut
2102 442 2463 498 absorbeatur
2484 440 2627 512 quod
2650 442 2880 497 mortale
2894 437 2977 498 est
2995 455 3024 495 a
3041 440 3151 496 vita
3166 442 3235 498 ".
3266 464 3283 494 ι
3302 440 3601 497 lndueutur

316 547 415 599 μεν
432 529 757 584 ἐνδύσασθαι
789 531 865 602 (1)
884 532 1028 594 ,ἀλλ’
1052 533 1467 600 ἐπενδύσασθαι,
1496 535 1583 589 ἴνα
1612 538 1896 608 καταποθῇ

311 622 372 674 τὸ
402 621 595 691 θνητὸν
657 622 761 675 ὑπὸ
804 623 904 693 τῆς
965 623 1129 696 ζωῆς.
1164 645 1182 677 ›
1250 627 1587 682 Ἐνδύσονται
1638 630 1819 682 τοίνυν
1849 631 1899 682 οἱ

311 714 457 783 κριοὶ
477 713 538 765 τὸ
566 713 846 783 ἐμπρέπον
870 715 1052 780 αὑτοῖς
1089 716 1207 769 ἐνδυ
1216 735 1311 787 μα,
1336 718 1428 771 τοῦ
1454 719 1693 792 φθαρτοῦ
1722 721 1901 793 σώμα-

309 816 402 863 τος
434 800 618 862 αὑτοῖς
667 801 1094 870 μταῦάλλοντος
1138 807 1218 869 εἰς
1261 808 1595 879 ἀφθαρσίαν,
1656 812 1750 865 καί
1804 813 1896 866 τοῦ

312 889 508 960 θνητοῦ
537 894 616 955 εἰς
649 891 964 948 ἀθανασίαν.
1029 896 1184 951 Ούτω
1239 900 1367 967 γοῦν
1417 902 1559 955 κατὰ
1608 903 1668 955 τὸ
1718 905 1888 974 παράο

308 982 511 1055 δειγμα
533 985 624 1037 καὶ
656 985 869 1056 οἰκριοί
897 986 1108 1041 οἴκοθεν
1136 990 1432 1060 ἐπάγονται
1457 992 1519 1047 τὸ
1545 993 1769 1066 ἔνδυμα,
1802 997 1897 1050 τοῦ

312 1071 564 1145 σώματος
627 1077 807 1141 αὑτοῖς
862 1082 1333 1152 καρποφοροῦντος
1386 1085 1477 1138 τὸν
1513 1085 1700 1140 πόκον.
1739 1088 1899 1142 Ἀλλά

310 1163 404 1215 καὶ
434 1165 596 1219 αὑτὸν
625 1166 933 1220 ἐνδύσονται
964 1169 1056 1222 τὸν
1089 1171 1291 1245 Κύριον
1313 1175 1469 1245 ἡμῶν
1514 1177 1723 1247 Ἰησοῦν
1759 1179 1891 1250 Χρι-

309 1255 455 1322 στὸν,
480 1256 541 1309 τὸ
570 1257 847 1332 ἐξαίρετον
874 1260 1078 1333 ἔνδυμα
1108 1263 1166 1317 τὸ
1196 1265 1310 1333 φῶς
1330 1267 1428 1337 τῆς
1448 1266 1700 1340 θεότητος
1732 1272 1896 1325 αὑτοῦ

306 1348 780 1420 περιϐαλούμενοι.
816 1352 934 1406 Ἔτι
983 1354 1080 1423 μὲν
1135 1357 1228 1408 καὶ
1267 1374 1285 1406 ι
1326 1360 1381 1421 αἰ
1426 1359 1669 1424 κοιλάδες
1703 1379 1720 1411 ι
1774 1362 1895 1414 τότε

311 1458 330 1491 ι
378 1440 709 1511 πληθυνοῦσι
755 1445 918 1497 σῖτον.
945 1463 964 1497 ι
1002 1445 1149 1498 Ἔδει
1176 1446 1284 1519 γὰρ
1317 1450 1587 1519 μηδὲτῶν
1638 1451 1897 1505 κοιλάδων

304 1534 713 1607 ἀμνημονῆσαι·
748 1536 1004 1608 ἀνωτέρω
1031 1537 1128 1608 μὲν
1162 1539 1268 1613 γὰρ
1296 1540 1545 1605 πεδιάδες
1574 1542 1898 1614 ὠνομάσθη-

305 1643 410 1679 σαν
440 1627 530 1680 καὶ
551 1627 678 1699 ὄρεα
710 1629 919 1699 ἐρήμου
951 1630 1046 1683 καὶ
1075 1630 1273 1700 βουνοί.
1328 1633 1546 1706 Ἐπειδὴ
1581 1634 1637 1687 δέ
1666 1636 1771 1687 εἰσι
1802 1635 1897 1688 καὶ

303 1716 460 1787 παρά
481 1715 551 1769 τὰ
572 1715 833 1787 λεχθέντα
862 1718 1118 1790 τάγματα
1152 1720 1299 1774 ἄλλοι
1329 1723 1475 1785 τινὲς
1498 1724 1894 1796 ταπεινότεροι.

2005 538 2184 608 itaque
2212 539 2410 592 arietes
2433 538 2753 607 congruenti
2781 537 2880 591 sibi
2904 537 3248 599 vestimento,
3265 544 3472 591 mutato
3486 552 3584 591 cor

2002 629 2244 700 ruptibili
2273 643 2502 699 corpore
2525 629 2577 682 in
2601 629 3092 698 incorruptionem,
3111 638 3165 683 et
3189 629 3406 684 mortali
3432 629 3482 682 in
3505 630 3597 683 im-

2002 717 2509 776 mortalitatem.Sic
2527 719 2707 788 itaque
2728 718 3028 773 secundum
3048 720 3280 789 exempli
3304 721 3595 784 rationem,

2001 809 2202 863 arietes
2229 810 2611 864 vestimentum
2632 809 2733 861 sibi
2754 808 3080 877 producunt,
3107 824 3335 879 corpore
3360 810 3477 879 ipso
3494 811 3596 865 vel-

2001 902 2086 954 lus
2109 901 2409 955 emittente.
2440 902 2553 954 lmo
2575 916 2703 954 vero
2734 900 2911 970 ipsum
2937 898 3486 955 Doniinumnostrum
3504 899 3596 954 Je-

2001 1006 2120 1045 sum
2138 990 2420 1046 Christum
2454 991 2681 1046 induent
2707 991 3161 1062 praestantissimo
3191 991 3283 1045 illo
3307 992 3597 1047 indumen-

2000 1093 2076 1148 to,
2106 1085 2226 1139 luce
2245 1101 2441 1156 nempe
2457 1085 2676 1140 deitatis
2696 1085 2984 1140 vestiendi.
3012 1086 3091 1140 Ad
3117 1085 3232 1140 haec
3264 1094 3443 1141 autem
3467 1095 3597 1141 tunc

2006 1195 2023 1228 ι
2049 1177 2222 1231 valles
2242 1177 2600 1232 abundabunt
2620 1176 2916 1232 frumento.
2941 1196 2958 1229 ι
2984 1174 3090 1229 Par
3119 1178 3319 1248 quippe
3348 1177 3449 1231 fuit
3475 1178 3594 1231 val-

2000 1269 2078 1323 les
2100 1282 2208 1322 non
2232 1267 2775 1337 silentioprreterire;
2799 1282 2922 1321 nam
2944 1267 3196 1336 superius
3216 1268 3417 1338 campi.
3437 1283 3595 1322 mon-

2001 1366 2082 1413 tes
2098 1358 2319 1422 deserti,
2337 1358 2571 1412 etcolles
2606 1359 2868 1411 nominati
2882 1365 3027 1412 sunt.
3051 1357 3189 1422 Quia
3210 1374 3340 1413 vero
3356 1360 3446 1413 alii
3465 1367 3595 1414 sunt

2006 1450 2325 1504 memoratis
2350 1449 2638 1504 ordinibus
2671 1449 2912 1515 viliores,
2939 1464 3114 1518 nrque
3135 1460 3316 1505 tamen
3338 1467 3404 1505 ex
3423 1466 3594 1521 regno

1998 1540 2272 1608 ejiciendi,
2305 1540 2432 1593 licet
2459 1540 2734 1609 praedictis
2752 1540 3074 1607 comparati,
3091 1542 3262 1611 parvi,
3281 1542 3483 1610 pusilli,
3502 1558 3590 1608 ac,

2000 1641 2063 1685 ut
2106 1632 2180 1683 ita
2210 1630 2409 1694 dicam,
2441 1633 2704 1701 postremi
2738 1631 3042 1685 habeantur
3070 1648 3084 1696 ;
3144 1648 3369 1687 necesse
3402 1632 3501 1687 fuit
3529 1642 3590 1687 ut

2008 1738 2185 1792 neque
2224 1738 2416 1776 eorum
2447 1723 2652 1776 mentio
2680 1723 3082 1793 prccteriretur;
3119 1724 3214 1779 sed
3243 1741 3339 1779 eos
3367 1741 3589 1797 quoque

300 1810 403 1861 καὶ
437 1810 537 1862 οὐκ
558 1810 852 1881 ἀπόὸλητοι
882 1812 980 1882 μὲν
1000 1813 1098 1882 τῆς
1123 1812 1419 1882 βασιλείας,
1451 1815 1588 1886 πλὴν
1609 1816 1684 1879 ὡς
1708 1819 1763 1870 ἐν
1792 1835 1892 1871 πα-

1998 1823 2388 1881 congruentem
2434 1810 2672 1864 fructum
2719 1812 2927 1864 laturos
2967 1825 3090 1865 esse
3138 1810 3453 1865 declaratur
3502 1811 3589 1865 his

300 1900 529 1971 ραθέσει
581 1902 688 1955 τῶν
751 1902 1155 1975 προλεχθέντων
1218 1908 1443 1977 σμικροί
1474 1906 1585 1959 καὶ
1639 1907 1893 1978 βραχεῖς,

297 1991 525 2047 πάντων
545 2011 605 2046 τε
625 1994 700 2057 ὡς
733 1994 798 2048 ἂν
820 1993 964 2048 εἴποι
992 2012 1094 2059 τις,
1149 1995 1386 2067 ἔσχατοι·
1437 1998 1750 2065 ἀναγκαίως
1780 1979 1898 2053 ούδέ

292 2083 511 2137 τούτων
543 2084 787 2156 παρῆλθε
816 2085 914 2156 τὴν
958 2086 1179 2157 μνήμην
1222 2089 1250 2141 ὁ
1302 2088 1478 2157 λόγος·
1509 2090 1645 2143 ἀλλὰ
1671 2090 1764 2143 καί
1803 2092 1901 2143 αὑ-

290 2177 429 2239 τοὺς
464 2177 676 2248 καρπὸν
702 2178 866 2231 οῐσειν
900 2178 990 2230 τὸν
1022 2178 1381 2233 ἐπιϐάλλοντα
1406 2179 1649 2233 διδάσκει
1703 2181 1895 2250 λέγων·

297 2287 319 2316 ‹
353 2266 465 2318 Καὶ
496 2268 551 2318 αἱ
580 2267 823 2331 κοιλάδες
846 2267 1176 2337 πληθυνοῦσι
1202 2271 1346 2321 σῖτον
1373 2288 1391 2321 ι
1424 2270 1817 2341 προφέρουσαι,
1837 2272 1893 2341 ἢ,

298 2376 320 2406 ι
355 2357 453 2427 τὴν
483 2356 740 2430 τροφήν,›
772 2359 913 2413 κατὰ
934 2359 1026 2411 τὸν
1061 2358 1376 2431 Σύμμαχον.
1415 2379 1431 2412 ε
1460 2360 1889 2431 Κεκράξονται.»

291 2448 367 2500 Τί
386 2448 443 2501 δὲ
468 2447 849 2519 κεκράξονται,
883 2450 1173 2521 ἐρμηνεύει
1203 2452 1329 2523 ἐξῆς
1384 2452 1578 2521 λέγων·
1603 2474 1620 2505 ι
1650 2455 1759 2508 Καὶ
1788 2456 1895 2527 γὰρ

289 2540 689 2611 ὑμνήσουσιν·›
738 2540 869 2593 ὡσεὶ
904 2543 1237 2613 σαφέστερον
1294 2546 1523 2617 εἰρήκει·
1555 2547 1616 2599 Εἰ
1644 2548 1750 2618 γὰρ
1783 2566 1895 2603 κοι-

288 2630 460 2693 λάδες
493 2632 870 2702 τυγχάνουσιν,
904 2634 1053 2704 ὅμως
1106 2634 1150 2688 δ’
1185 2630 1277 2689 οὖν
1324 2636 1624 2707 ὑμνήσουσι
1676 2639 1766 2691 τὸν
1802 2641 1893 2694 καὶ

288 2720 486 2782 αὑτοῖς
518 2721 625 2774 τῶν
646 2722 867 2790 ἀγαθῶν
892 2724 1153 2798 πάροχον.
1196 2725 1492 2795 ’Υμνοῦσαι
1524 2728 1579 2780 δὲ
1602 2728 1893 2800 κεκράξον-

288 2826 413 2871 ται,
448 2812 729 2883 παρρησίᾳ
754 2811 1031 2883 χρώμεναι
1062 2814 1157 2867 καὶ
1199 2814 1293 2885 βοῇ
1329 2816 1558 2886 μεγάλῃ.
1588 2817 1797 2870 Βοῶσαι
1836 2819 1891 2871 δὲ

290 2903 517 2971 κραυγῇ
551 2901 644 2954 καὶ
678 2902 941 2972 ὑμνοῦσαι
975 2902 1131 2966 ποίας
1166 2905 1493 2975 προήσονται
1519 2906 1723 2973 φωνὰς,
1747 2906 1894 2976 ἤτὰς

288 2990 360 3042 ιν
392 2991 534 3061 ἀρχῇ
588 2993 788 3055 παντὸς
835 2992 1050 3063 ψαλμοῦ
1113 2994 1443 3064 φερομένας·
1505 2996 1638 3047 ιΣοὶ
1694 2997 1892 3067 πρέπει

290 3081 492 3153 ὕμνος,
520 3086 548 3135 ό
577 3084 728 3150 Θεὸς,
758 3086 815 3137 ἐν
865 3084 1058 3150 Σιὼν,»
1109 3085 1408 3155 λέγουσαι;
1446 3089 1784 3157 Ἀναγκαίως
1836 3089 1891 3142 δὲ

289 3172 588 3243 πρόκειται
615 3174 677 3225 τό
712 3189 724 3202 ·
762 3193 779 3224 ι
806 3174 1201 3246 Κεκράξονται,
1249 3175 1344 3227 καὶ
1394 3177 1501 3246 γὰρ
1532 3177 1883 3247 ὑμνήσουσι,ι

288 3266 431 3338 περὶ
456 3266 563 3319 τῶν
588 3269 870 3333 κοιλάδων,
905 3270 939 3340 ἢ
1000 3270 1092 3323 καὶ
1128 3271 1255 3342 περὶ
1317 3271 1425 3323 τῶν
1484 3271 1891 3343 προλεχθέντων

289 3358 580 3421 ἁπάντων,
610 3360 685 3424 ὡς
713 3361 778 3415 ἂν
805 3362 961 3432 μάθοι
971 3380 1091 3433 μεν,
1134 3364 1215 3417 ὅτι
1242 3362 1316 3433 μὴ
1349 3364 1474 3435 περί
1501 3363 1772 3437 αἰσθητῶν
1799 3367 1892 3421 καὶ

292 3451 631 3514 σωματικῶν
678 3452 860 3505 τόπων
907 3456 936 3506 ὁ
986 3453 1141 3521 λόγος
1197 3450 1367 3507 ταῦτα
1408 3455 1667 3508 διδάσκει·
1715 3456 1891 3510 καίτοι

291 3544 395 3601 καὶ
428 3545 556 3614 περὶ
584 3542 787 3597 τούτων
837 3545 981 3608 εἰκὸς
1013 3540 1080 3615 ἧν
1113 3544 1181 3598 τὰ
1227 3545 1596 3616 προλεχθέντα
1635 3546 1889 3615 λέγεσθαι

291 3633 541 3705 νομίζειν
569 3636 662 3687 ἐπὶ
688 3637 797 3699 τοῖς
823 3635 1099 3707 αἰσθητοῖς
1121 3636 1215 3689 τοῦ
1234 3635 1368 3690 Θεοῦ
1391 3638 1735 3710 δωρήμασιν,
1762 3639 1889 3692 ὥστ’

291 3722 439 3781 εἶναι
468 3726 879 3797 εύχαριστήριον
912 3725 1102 3796 ῦμνον,
1147 3725 1222 3789 ὼς
1252 3726 1387 3799 πρὸς
1420 3727 1518 3795 τὴν
1547 3728 1711 3791 λέξιν,
1750 3729 1890 3797 ὑπὲρ

288 3818 406 3873 τῶν
438 3819 557 3870 κατ’
590 3817 707 3880 ἔτος
733 3816 1041 3889 ἀνθρώποις
1071 3817 1492 3889 χορηγουμένων
1523 3818 1612 3871 τὸν
1647 3821 1890 3889 παρόντα

289 3910 476 3979 λόγον.
506 3910 641 3963 Καθ’
682 3910 912 3963 ἕκαστον
978 3909 1108 3978 γοῦν
1141 3911 1386 3964 ἐνιαυτὸν
1435 3911 1464 3963 ό
1509 3910 1892 3982 φιλάνθρωπος

291 4003 391 4054 καὶ
421 4002 623 4064 παντὸς
644 4000 847 4069 ἀγαθοῦ
882 4000 1047 4072 δοτὴρ
1075 4002 1226 4065 Θεὸς,
1278 4001 1744 4072 ἐπισκεπτόμενος
1792 4002 1889 4073 τὴν

289 4094 424 4164 γῆν,
464 4092 721 4163 μεθύσκει
754 4092 943 4163 αὐτὴν,
980 4092 1155 4165 ἄρδων
1187 4095 1299 4157 τοῖς
1334 4093 1616 4163 συνήθεσιν
1641 4093 1885 4164 ὄμϐροις,

290 4186 499 4259 πληροῖ
534 4202 591 4241 τε
627 4185 794 4254 αὑτῆς
823 4186 947 4248 τοὺς
974 4184 1218 4249 αὑλακας
1248 4185 1364 4247 ταῖς
1393 4184 1502 4239 τῶν
1528 4185 1698 4238 ὑετῶν
1727 4202 1889 4257 χορη-

290 4278 464 4347 γίαις.
496 4278 577 4331 Τά
603 4294 663 4331 τε
690 4280 1003 4349 γεννήματα
1037 4278 1205 4347 αὐτῆς
1243 4276 1527 4348 πληθύνων
1577 4276 1878 4346 εὐλογήσει.

303 4369 372 4421 Ἡ
430 4368 487 4421 δέ
526 4368 897 4440 εὐφραίνεται,
954 4366 1407 4440 νεαροποιηθεῖσὰ
1466 4384 1527 4418 τε
1577 4366 1878 4420 ἀνατέλλει.

293 4460 550 4513 Κάπειτα
582 4458 929 4529 πληρουμένη
983 4458 1247 4511 παντοίων
1302 4455 1550 4528 καρπῶν,
1603 4456 1885 4527 σπορίμων
1920 4491 1965 4548 D

292 4566 353 4601 τε
390 4536 487 4601 καί
544 4548 858 4621 ἀκροδρύων
908 4546 1286 4617 στεφανοῦται,
1335 4547 1410 4611 ὼς
1455 4548 1528 4617 μὴ
1562 4546 1628 4600 ἂν
1658 4547 1886 4617 ὀκνῆσαι

295 4641 438 4694 κατὰ
470 4639 561 4694 τὸν
584 4640 674 4693 τοῦ
698 4640 857 4712 ἔαρος
887 4638 1076 4710 καιρὸν
1115 4639 1524 4710 ἐστεφανῶσθαι
1565 4638 1744 4709 λέγειν
1783 4640 1885 4692 αύ-

244 4798 263 4811 δ
294 4731 415 4801 τὴν,
447 4732 516 4785 τά
542 4750 603 4785 τε
642 4731 800 4786 πεδία
830 4731 1163 4803 πληθύεσθαι
1216 4732 1488 4802 πιότητος·
1524 4732 1616 4784 καί⁸
1651 4732 1759 4802 μὴν
1793 4732 1885 4784 καί⁸

293 4824 364 4877 τὰ
394 4823 527 4896 ὄρεα
556 4824 654 4894 τῆς
684 4825 891 4896 ἐρήμου
923 4823 1126 4887 ἀνθεῖν,
1157 4824 1252 4878 καὶ
1296 4825 1421 4888 τοὺς
1461 4824 1680 4894 βουνούς
1711 4824 1882 4893 ἀγαλ-

293 4917 474 4973 λίασιν
514 4914 969 4989 περιζώννυσθαι·
1032 4912 1168 4969 ἀλλὰ
1215 4917 1308 4969 καὶ
1373 4917 1499 4979 τσὺς
1539 4916 1725 4986 κριοὺς
1775 4916 1882 4968 τῶν

296 5008 587 5079 προϐάτων
609 5011 722 5071 τοῖς
748 5007 959 5061 ἑαυτῶν
1005 5008 1194 5073 πόκοις
1256 5004 1680 5071 ἐνδιδύσκεισθαι,
1718 5006 1886 5070 αὑτάς

295 5111 355 5147 τε
385 5095 484 5158 τὰς
514 5094 765 5158 κοιλάδας
797 5094 977 5168 χώρας
1029 5094 1288 5158 πολλάκις
1335 5093 1672 5166 πληροῦσθαι
1716 5095 1882 5159 σίτου,

297 5188 392 5240 καὶ
424 5189 706 5258 μονονουχὶ
733 5186 810 5257 τῷ
836 5187 981 5259 ἔργῳ
1042 5188 1170 5258 βοᾷν
1197 5188 1292 5241 καὶ
1324 5188 1415 5241 τὸν
1463 5187 1596 5240 Θεὸν
1615 5185 1882 5253 δοξάζειν.

298 5279 483 5333 Ταῦτα
504 5279 561 5332 δέ
584 5281 632 5331 εἰ
655 5280 749 5332 καὶ
771 5280 852 5332 ὃτι
875 5279 1109 5350 μάλιστα
1129 5279 1403 5350 αἰσθητῶς
1436 5278 1737 5350 πληροῦται
1762 5279 1885 5332 καθ’

297 5371 525 5424 ἕκαστον
548 5370 685 5435 ἔτος,
720 5370 833 5424 ἀλλ’
857 5373 890 5441 ή
924 5372 1236 5443 σύμφρασις
1257 5370 1356 5441 τῆς
1371 5371 1466 5424 τοῦ
1495 5370 1693 5433 παντὸς
1726 5369 1882 5438 λόγου

298 5462 620 5527 ἀκολουθίας
642 5462 734 5515 ἐπὶ
765 5463 863 5533 τὴν
897 5463 1129 5535 θεωρίαν
1159 5463 1306 5535 ἡμᾶς
1331 5463 1731 5533 άναπέμπουσα
1763 5462 1889 5515 ἁπο-

297 5551 586 5609 δέδεικται.
629 5553 795 5625 Ὁμοῦ
819 5554 883 5625 δὴ
915 5550 1006 5610 οὖν
1042 5555 1112 5608 τὰ
1136 5553 1503 5626 προλεχθέντα
1521 5555 1717 5619 πάντα,
1744 5554 1888 5623 λέγω

368 5689 415 5720 ⁸³
448 5690 489 5743 ll
525 5691 653 5748 Cor.
684 5708 737 5754 v,
765 5704 821 5746 4.

370 5786 446 5857 μ)
486 5787 646 5847 Forte
680 5786 804 5843 ὲκδύ
816 5786 1028 5842 σασθαι.

2002 1904 2183 1957 verbis
2220 1918 2233 1952 :
2271 1922 2290 1953 ι
2330 1902 2394 1955 Et
2424 1903 2592 1957 valles
2637 1902 2994 1955 abundabunt
3039 1901 3337 1963 frumento,
3378 1921 3396 1952 ι
3439 1901 3587 1970 quod

1999 1995 2298 2066 proferent,
2327 1995 2442 2050 sive
2480 2014 2497 2044 ι
2539 2010 2743 2057 escam,
2782 2014 2799 2046 ι
2840 1995 3138 2049 secundum
3173 1993 3585 2065 Symmachum.

2004 2106 2020 2139 ι
2065 2087 2412 2141 Clamabunt.
2448 2107 2465 2138 ι
2499 2086 2639 2151 Quid
2695 2096 2875 2139 autem
2933 2086 3270 2146 clamalmnt,
3328 2085 3431 2139 sub
3470 2084 3590 2138 haec

1997 2180 2235 2250 explicat
2276 2178 2469 2232 dicens
2506 2196 2569 2233 ε(
2612 2174 2824 2232 Etenim
2867 2178 3127 2247 hymnum
3161 2177 3379 2243 dicent;
3446 2193 3464 2226 ι
3522 2190 3587 2227 an

1997 2271 2041 2325 si
2076 2271 2319 2339 apertius
2354 2269 2586 2324 dixisset
2634 2288 2646 2324 :
2696 2268 2925 2321 Etiamsi
2959 2268 3128 2321 valles
3159 2266 3289 2332 sint,
3344 2274 3583 2319 attamen

1997 2363 2185 2415 talium
2218 2362 2322 2416 sibi
2354 2362 2622 2414 honorum
2646 2360 2858 2413 auctori
2889 2360 3147 2430 hymnum
3179 2358 3379 2412 dicent.
3417 2356 3584 2427 [lym-

1996 2467 2125 2507 num
2152 2466 2282 2506 vero
2319 2450 2565 2506 dicentes
2601 2449 2939 2513 clamabunt,
2985 2447 3183 2501 fiducia
3234 2449 3583 2516 clamoreque

1996 2558 2193 2612 magno
2251 2551 2487 2596 utentes.
2543 2541 2859 2595 Clamantes
2913 2545 3093 2592 autem
3133 2552 3269 2592 voce
3303 2552 3498 2608 magna
3529 2544 3583 2591 et

1998 2634 2256 2703 hymnum
2311 2633 2556 2687 dicentes
2595 2648 2733 2702 quas
2782 2645 2945 2685 voces
2998 2629 3273 2693 emittent,
3335 2630 3440 2682 nisi
3486 2642 3581 2682 eas

1995 2741 2115 2794 qua:
2144 2725 2303 2777 initio
2323 2724 2492 2777 totius
2524 2724 2720 2793 psalmi
2748 2721 2998 2777 feruntur
3036 2738 3049 2774 :
3087 2737 3105 2769 ι
3138 2718 3215 2773 Te
3245 2719 3401 2773 decet
3424 2718 3582 2788 hym-

1997 2833 2121 2879 nus,
2146 2815 2311 2877 Dens,
2343 2815 2396 2867 in
2426 2812 2603 2867 Sion?
2637 2831 2652 2865 ι
2682 2810 3011 2866 Necessario
3029 2817 3209 2863 autem
3230 2807 3384 2869 illud,
3424 2827 3441 2857 ι
3475 2808 3581 2860 cla-

1995 2908 2243 2969 mabunt,
2284 2905 2484 2957 etenim
2523 2908 2780 2974 hymnum
2814 2901 3018 2960 dicent,
3057 2917 3075 2950 ι
3114 2900 3429 2953 enuntiatur
3468 2906 3581 2951 tam

1994 2995 2061 3050 de
2090 2994 2322 3047 vallibus
2361 3007 2523 3062 quam
2569 2991 2636 3045 de
2673 2989 2991 3044 memoratis
3035 2990 3315 3055 omnibus,
3353 2994 3413 3040 ut
3461 2988 3581 3040 cdi‘

1998 3099 2237 3147 scamus,
2272 3083 2387 3137 haec
2419 3098 2525 3136 non
2557 3080 2625 3135 de
2655 3078 3011 3135 sensibilibus
3050 3087 3102 3131 et
3133 3078 3412 3146 corporeis
3444 3076 3580 3130 locis

1996 3172 2181 3228 doceri
2218 3192 2231 3230 :
2274 3172 2493 3226 tametsi
2553 3171 2813 3242 praedicta
2874 3170 3039 3223 verba
3099 3169 3167 3223 de
3225 3167 3580 3222 scnsibilibus

1992 3279 2209 3333 quoque
2244 3263 2337 3318 Dei
2375 3262 2535 3317 donis
2571 3262 2717 3315 dicta
2768 3268 2960 3330 putare
3001 3275 3097 3329 par
3139 3266 3245 3322 est,
3297 3262 3371 3310 ita
3403 3266 3460 3311 ut
3508 3257 3580 3312 sit

1994 3356 2229 3426 hymnus
2290 3354 2344 3407 in
2384 3354 2684 3423 gratiarum
2736 3350 3005 3404 actionem
3056 3364 3153 3418 pro
3189 3349 3276 3412 iis,
3328 3349 3373 3402 si
3414 3347 3579 3401 verba

1990 3452 2328 3517 Spectentur,
2362 3461 2484 3515 qua:
2516 3444 2810 3514 quotannis
2859 3457 2889 3495 a
2939 3440 3047 3495 Deo
3098 3440 3415 3494 hominibus
3449 3439 3581 3493 sub-

1991 3539 2397 3593 ministrantur.
2434 3534 2680 3606 Singulis
2733 3535 2919 3601 itaque
2951 3534 3111 3587 annis
3161 3533 3443 3587 hominum
3490 3530 3581 3589 illo

1991 3638 2202 3682 amator
2248 3627 2583 3697 largitorque
2619 3624 2889 3676 bonorum
2922 3622 3169 3674 omnium
3224 3622 3386 3682 Deus,
3442 3618 3567 3674 visiv

1991 3726 2114 3772 tans
2144 3726 2368 3781 terram,
2404 3715 2639 3769 inebriat
2678 3727 2798 3766 eam
2827 3711 3117 3780 solitisque
3147 3710 3418 3763 imbribus
3453 3708 3579 3761 irrie

1992 3818 2102 3881 gat,
2136 3811 2282 3863 rivos
2316 3807 2438 3875 ejus
2478 3806 2676 3875 pluviis
2724 3811 2934 3857 tumere
2984 3810 3267 3875 procurat,
3302 3798 3575 3869 genimina

1989 3899 2109 3968 ejus
2150 3896 2520 3966 multiplicans
2552 3893 2845 3952 benediCil.
2889 3893 2984 3948 Illa
3014 3905 3142 3946 vero
3174 3891 3294 3944 laeta
3326 3898 3381 3944 et
3415 3903 3577 3944 reno-

1989 3997 2115 4043 vata
2156 3989 2355 4042 iterum
2383 3985 2696 4041 etilorescit.
2725 3982 2931 4038 Deinde
2963 3982 3234 4037 fructibus
3273 3981 3455 4035 omnis
3482 3994 3577 4049 ge-

1990 4081 2137 4135 neris
2162 4078 2389 4141 referta,
2426 4077 2702 4147 segetibus
2737 4082 2789 4129 et
2830 4074 3007 4144 pomis
3046 4080 3364 4135 coronatur,
3410 4078 3470 4123 ut
3507 4085 3577 4123 ne

1989 4173 2170 4243 pigeat
2224 4186 2343 4224 eam
2412 4184 2583 4224 verno
2638 4178 2884 4237 tempore
2940 4172 3257 4220 coronatam
3331 4164 3515 4218 dicere
3546 4156 3574 4217 ἐ

1990 4262 2167 4333 campi
2208 4262 2490 4331 replentur
2531 4260 2819 4324 ubertate;
2863 4256 2997 4327 quin
3051 4255 3217 4309 etiam
3265 4261 3319 4308 et
3362 4260 3575 4307 montes

1990 4354 2191 4410 deserti
2214 4353 2585 4415 efﬂorescunt,
2614 4361 2665 4405 et
2700 4350 2868 4405 colles
2890 4348 3256 4402 exsultatione
3277 4345 3577 4414 accingun-

1990 4455 2083 4499 tur
2119 4466 2131 4500 :
2160 4446 2359 4501 arietes
2393 4446 2578 4500 ovium
2611 4442 2904 4498 velleribus
2937 4440 3053 4494 suis
3084 4440 3418 4502 vcstiuntur;
3444 4437 3576 4505 ipsa:

1993 4539 2271 4593 convalles
2319 4540 2639 4609 plerumque
2679 4535 2954 4589 frumento
2996 4531 3301 4591 abundant,
3347 4538 3398 4581 et
3438 4527 3575 4595 ipsis

1994 4630 2255 4700 operibus
2278 4638 2489 4684 tantum
2518 4643 2624 4682 non
2648 4627 2886 4681 clamant
2911 4624 3193 4690 Deumque
3222 4620 3475 4673 laudibus
3504 4618 3578 4672 ef-

1993 4733 2193 4787 ferunt.
2228 4726 2354 4780 l-lazc
2378 4736 2541 4793 porro
2568 4720 2783 4775 etiamsi
2806 4715 3104 4787 quotannis
3135 4712 3381 4768 sensibili
3412 4710 3577 4765 modo

1990 4818 2321 4889 impleantur
2337 4852 2351 4876 ,
2371 4828 2434 4865 cx
2460 4810 2601 4866 serie
2623 4818 2801 4861 tamen
2825 4804 3158 4858 narrationis
3175 4810 3574 4857 commonstra-

1993 4918 2107 4964 tum
2157 4915 2263 4971 est,
2293 4903 2483 4960 eadem
2516 4915 2618 4955 nos
2648 4898 2718 4953 ad
2767 4896 3286 4967 contemplationem
3322 4909 3572 4950 evocare.

1991 4998 2359 5057 Nihilominus
2417 4998 2715 5049 memorata
2768 4989 2975 5053 omnia,
3035 4988 3294 5041 nimirum
3372 4986 3572 5055 campi,

1992 5100 2207 5149 montes
2232 5087 2460 5149 deserti,
2490 5085 2661 5140 colles
2686 5091 2742 5138 et
2773 5081 2974 5136 arietes
3002 5080 3207 5144 ovium,
3234 5085 3398 5148 atque
3432 5077 3577 5131 insue

1991 5201 2089 5255 per
2111 5186 2265 5255 prius
2291 5180 2575 5248 explicatae
2607 5173 2907 5235 convalles,
2927 5179 3042 5225 tum
3063 5169 3365 5225 secundum
3390 5167 3574 5220 datam

1991 5271 2518 5345 interpretationem,
2550 5272 2665 5319 tum
2706 5264 2868 5318 obvio
2922 5278 3087 5318 sensu
3134 5268 3380 5328 accepta,
3408 5273 3573 5310 unum

1992 5384 2205 5429 vocem,
2242 5362 2641 5430 melodiamquc
2671 5372 2968 5413 consonam
3006 5356 3116 5411 Deo
3146 5357 3414 5410 emissum
3453 5363 3575 5402 esse

1995 5462 2272 5516 dicuntur.
2302 5456 2482 5521 Quare
2515 5453 2567 5507 in
2605 5453 2859 5506 omnibus
2893 5451 3007 5505 hare
3046 5448 3318 5518 intelligas
3350 5463 3362 5497 :
3397 5461 3416 5494 ι
3452 5440 3565 5501 L’la-

1998 5552 2224 5607 mabunt
2256 5555 2309 5605 et
2340 5547 2604 5619 hymnum
2645 5542 2849 5597 dicent.
2885 5560 2906 5595 υ
