4100 6542
405 333 511 392 649

1534 349 2034 409 COMMENTARIA
2077 356 2142 411 IN
2182 358 2523 416 PSALMOS.

3549 373 3656 429 650

398 453 751 526 ἀλληγορίας,
787 458 847 512 τὸ
883 460 1039 533 σῶμα
1064 463 1123 516 τὸ
1144 464 1498 537 ἀνθρώπειον,
1532 468 1720 542 ὥσπερ
1753 474 1960 543 ὃργανο·

2082 476 2265 539 homo,
2298 480 2539 535 membra
2570 488 2624 533 et
2652 496 2848 535 sensus
2869 497 2988 552 ejus
3007 483 3143 541 scite
3170 485 3273 557 legi
3305 485 3400 543 Dei
3423 491 3656 557 psallere

396 548 466 617 τῇ
500 545 644 634 ψυχῇ
677 548 978 621 δεδομένον,
1030 554 1327 627 ψαλτήριον
1378 559 1567 614 εἴωθεν
1601 562 1977 634 ὀνομάζεσθαι·

396 637 466 692 δι’
495 630 556 691 οῦ
590 641 619 692 ὁ
643 640 772 693 εῐσω
799 642 1105 715 ἄνθρωπος,
1124 648 1577 720 ἀνακρουόμενος,
1607 630 1983 726 ἐπιστημόνως

393 735 466 788 τὰ
498 734 634 805 μέλη
668 737 849 791 καὶτὰ
883 740 1213 815 αἰσθητήρια
1239 744 1317 816 τῷ
1338 746 1486 818 νόμῳ
1506 745 1597 800 τοῦ
1617 747 1753 801 Θεοῦ
1786 749 1981 819 λέγοιτ’

394 824 463 880 ἂν
490 828 716 892 ε’ἱκότως
739 829 979 899 ψάλλειν.
1017 835 1097 888 Τά
1120 836 1218 906 μὲν
1250 833 1343 891 οὖν
1372 840 1470 909 τῆς
1494 839 1746 909 γνώσεως
1777 843 1870 896 καὶ
1895 845 1984 898 διὰ

394 917 490 971 τοῦ
524 920 837 992 ἀλαλαγμοῦ
870 927 1005 997 αὐτὴ
1036 928 1157 981 καθ’
1193 931 1391 1001 ἑαυτὴν
1422 935 1453 1004 ή
1497 932 1640 1005 ψυχὴ
1675 936 1978 1009 κατώρθοιν

393 1011 474 1065 διὸ
508 1014 656 1085 αὐτῷ
683 1015 761 1085 τῷ
793 1016 912 1089 Θεῴ
942 1019 1195 1089 ἠλάλαξε*
1218 1023 1287 1077 τὰ
1315 1024 1371 1077 δὲ
1392 1025 1487 1078 τοῦ
1517 1026 1739 1097 ψάλλειν
1766 1029 1855 1083 διὰ
1884 1032 1983 1102 τῆς

392 1106 489 1159 τοῦ
524 1106 774 1178 σώματος
798 1111 994 1183 ήθικῆς
1011 1115 1101 1166 καί
1126 1116 1433 1187 πρακτικῆς
1455 1120 1722 1190 κινήσεως
1749 1124 1978 1195 ὲνεργεῖο

392 1198 474 1252 διὸ
501 1199 770 1254 λέλεκταιο
805 1221 824 1254 ι
861 1203 949 1274 Τῷ
974 1205 1194 1276 ὀνόματι
1247 1209 1433 1263 αὐτοῦ.
1478 1230 1495 1262 ι
1535 1212 1821 1285 Εὐφημίαν
1873 1217 1980 1289 γὰρ

391 1291 471 1362 τῷ
502 1292 595 1345 τοῦ
624 1293 758 1347 Θεοῦ
783 1295 1005 1366 ὀνόματι
1041 1299 1195 1370 φέροι
1248 1300 1316 1354 ἂν
1368 1304 1399 1373 ή
1443 1302 1532 1356 διά
1590 1305 1698 1359 τῶν
1729 1307 1980 1379 πράξεων

391 1388 505 1448 τοῖς
540 1386 754 1450 πολλοῖς
784 1387 1134 1462 θεωρουμένη
1163 1393 1521 1465 κατόρθωσις.
1558 1397 1667 1451 Καὶ
1691 1399 1873 1471 τριτον
1900 1401 1976 1467 δὲ,

392 1477 719 1549 πρόσταγμα
745 1482 907 1534 πᾶσιν
939 1484 1070 1552 ἡμῖν
1097 1485 1210 1547 τοῖς
1255 1486 1313 1552 ἐξ
1346 1485 1514 1541 ἐθνῶν
1546 1490 1637 1542 τὸν
1672 1490 1803 1546 Θεὸν
1852 1493 1981 1545 ὲπε-

388 1571 626 1637 γνωκόσι
679 1574 1074 1645 παρήγγελται,
1109 1578 1170 1630 τὸ
1217 1579 1438 1633 κελεῦον
1476 1582 1677 1637 διδόναι
1729 1584 1887 1650 δόξαν
1915 1588 1975 1639 οὐ

387 1661 468 1731 τῷ
493 1662 632 1733 Θεῷ,
664 1666 902 1737 ἀπήρκει
935 1667 1042 1740 γὰρ
1071 1669 1358 1735 ἀλαλάζειν
1402 1674 1569 1745 αὐτῷ’
1606 1675 1719 1729 ἀλλ’
1749 1678 1867 1730 οὐδὲ
1899 1678 1977 1749 τῷ

386 1752 610 1825 ὀνόματι
641 1757 829 1822 αὐτοῦ,
853 1758 1027 1830 τούτῳ
1078 1760 1187 1833 γὰρ
1219 1761 1443 1831 ψάλλειν
1481 1766 1865 1839 ὲκελευόμεθα’
1905 1772 1971 1840 τῇ

2080 568 2204 638 jure
2233 571 2509 627 dicantur.
2537 570 2669 639 Quae
2698 572 2863 643 igitur
2892 575 2956 629 ad
2985 577 3347 648 cognitionem
3382 582 3655 649 pertinent

2084 663 2265 716 anima
2317 665 2370 718 in
2428 665 2604 735 seipsa
2653 682 2748 737 per
2797 668 3174 737 jubilationem
3232 676 3653 744 exsequebatur,

2083 753 2440 821 quamobrem
2473 754 2577 825 ipsi
2609 754 2718 810 Deo
2739 756 3039 825 jubilahat;
3073 773 3169 828 per
3202 771 3525 821 consuetum
3557 783 3656 821 au-

2082 851 2190 898 tem
2216 847 2431 916 corpori
2458 847 2651 918 agendi
2679 857 2885 903 motum
2913 850 3177 919 psallendi
3211 854 3658 929 ritumexseque-

2083 936 2285 992 batur:
2318 954 2487 1008 quare
2515 939 2714 995 dicitur
2769 960 2783 997 :
2836 959 2855 993 ι
2913 941 3131 998 Nemini
3172 948 3311 1015 ejus.
3360 968 3379 1000 ι
3418 948 3653 1006 Laudem

2083 1030 2286 1099 quippe
2330 1032 2537 1085 nomini
2592 1031 2685 1087 Dei
2721 1035 3015 1090 conciliant
3064 1048 3210 1094 recte
3257 1040 3422 1108 facta,
3468 1060 3590 1115 quae
3623 1061 3655 1099 a

2084 1120 2270 1176 multis
2298 1122 2735 1193 conspiciuntur.
2769 1123 2973 1190 Tertio,
2998 1128 3314 1186 mandatum
3349 1134 3508 1191 nobis
3534 1151 3657 1191 om-
3682 1140 3685 1145 ’

2084 1210 2268 1277 nibus,
2303 1211 2397 1281 qui
2428 1227 2493 1267 ex
2525 1213 2781 1283 gentibus
2813 1213 2879 1268 ad
2916 1214 3009 1270 Dei
3051 1219 3416 1287 cognitionem
3466 1237 3657 1280 acces-

2082 1304 2289 1368 simus,
2330 1304 2587 1358 traditum
2638 1315 2745 1369 est,
2794 1322 2903 1376 quo
2944 1308 3201 1377 juhemur
3240 1313 3468 1382 gloriam
3501 1316 3654 1381 dare,

2082 1404 2191 1444 non
2225 1390 2370 1456 Deo,
2397 1393 2531 1449 satis
2562 1395 2707 1448 enim
2736 1402 2855 1450 erat
2879 1396 3115 1466 jubilare
3139 1401 3273 1471 ipsi;
3300 1420 3411 1474 non
3443 1410 3653 1463 nomini

2080 1482 2220 1550 ejus,
2251 1483 2378 1539 huic
2411 1486 2555 1540 enim
2597 1487 2831 1555 psallere
2870 1489 3160 1559 jnbemur,
3190 1495 3283 1548 sed
3338 1497 3483 1552 laudi
3509 1502 3651 1567 ejus.

2080 1571 2390 1631 Laudantes
2428 1578 2573 1632 enim
2604 1579 2782 1648 ipsum
2818 1597 2916 1651 par
2945 1590 3030 1636 est
3063 1598 3170 1639 non
3221 1586 3519 1653 humiliter,
3553 1608 3656 1648 nec

2080 1665 2198 1720 sine
2223 1666 2395 1735 gloria
2423 1666 2477 1721 id
2510 1683 2687 1738 agere,
2719 1670 2815 1725 sed
2840 1687 3037 1742 magno
3072 1689 3196 1728 cum
3229 1676 3436 1734 honore
3465 1689 3517 1734 et
3538 1681 3656 1751 glo-

2080 1756 2183 1812 ria.
2225 1757 2505 1830 Siquidem
2562 1773 2755 1832 praeter
2804 1767 3172 1836 cognitionem
3219 1769 3313 1826 Dei
3366 1772 3423 1827 in
3473 1786 3653 1829 mente

387 1844 444 1898 δὲ
472 1848 673 1901 αἰνέσει
703 1849 887 1904 αὐτοῦ.
915 1852 1208 1917 Λίνοῦντας
1239 1856 1347 1927 γὰρ
1400 1858 1561 1911 αὐτὸν
1605 1861 1870 1931 προσήκει
1900 1861 1960 1932 μ’)

2076 1850 2330 1914 deﬁxam,
2358 1868 2480 1923 quae
2510 1869 2607 1924 per
2635 1856 3060 1914 instrumentum
3085 1862 3413 1928 celebratur,
3446 1881 3545 1936 par
3568 1873 3651 1921 est

385 1939 678 2005 ταπεινῶς,
715 1943 847 2012 μηδὲ
877 1943 1080 2008 ἀδόξως
1112 1947 1303 2009 αἰνεῖν,
1353 1949 1450 2001 σὺν
1512 1950 1678 2024 πολλῇ
1729 1953 1786 2007 δὲ
1841 1957 1971 2026 τιμῇ

384 2030 482 2083 καὶ
508 2031 653 2103 δόξῃ.
692 2033 835 2104 Πρὸς
864 2034 973 2106 γὰρ
1000 2038 1067 2106 τῇ
1102 2036 1241 2089 κατὰ
1270 2037 1507 2093 διάνοιαν
1536 2042 1826 2116 ἐρρωμένη
1847 2045 1975 2115 περὶ

381 2122 522 2178 Θεοῦ
557 2126 753 2193 γνώσει
788 2128 854 2181 δι’
886 2129 1121 2201 ὀργάνου
1152 2132 1564 2207 κατορθουμένῃ
1590 2138 1855 2208 προσήκει
1880 2141 1973 2192 καὶ

379 2212 472 2267 διὰ
499 2214 671 2283 λόγων
695 2216 852 2271 θείων
881 2220 1063 2284 αἷνους
1092 2221 1185 2274 καὶ
1226 2220 1429 2293 ὕμνους
1458 2225 1583 2289 τοὺς
1616 2227 1698 2290 εις
1728 2227 1820 2282 τὸν
1840 2228 1971 2283 Θεὸν

382 2310 745 2380 περιεχόντων
803 2314 898 2367 σὺν
932 2315 1188 2387 εὐλαϐείᾳ
1240 2318 1335 2370 καὶ
1396 2317 1678 2390 σεϐασμίῳ
1729 2324 1860 2392 τιμῇ
1909 2323 1970 2376 τὸ

383 2399 599 2471 πρῶτον
627 2403 978 2476 ἀποπληροῦν
1013 2408 1361 2480 πρόσταγμα.
1388 2410 1479 2463 Διὸ
1506 2410 1772 2465 λέλεκται·
1799 2430 1817 2464 ι
1840 2415 1968 2467 Δότε

380 2491 538 2556 δόξαν
553 2494 754 2547 αἰνέσει
776 2494 963 2548 αὐτοῦ’
1005 2514 1024 2549 ι
1049 2498 1081 2569 ἢ
1106 2498 1246 2552 κατά
1268 2499 1359 2552 τὸν
1387 2499 1644 2569 Ἀκύλαν,
1680 2519 1698 2554 ‹
1724 2503 1853 2556 Δότε
1885 2504 1970 2557 δό-

382 2583 480 2651 ξαν
515 2586 746 2658 ὑμνήσει
778 2586 1049 2661 αὐτοῦ·ιῆ
1080 2591 1222 2644 κατά
1248 2593 1340 2644 τὸν
1368 2592 1681 2664 Σύμμαχον,
1718 2615 1736 2647 ι
1758 2596 1967 2661 Τάξατε

381 2677 462 2739 είς
490 2678 657 2749 τιμὴν
689 2679 779 2731 τὸν
813 2678 980 2750 ὕμνον
1028 2682 1249 2736 αὐτοῦ.»
1302 2684 1423 2737 Ἔτι
1484 2686 1623 2757 πρὸς
1666 2688 1877 2753 τούτοις
1908 2690 1968 2744 τὸ

381 2768 606 2841 Πνεῦμα
638 2770 699 2823 τὸ
728 2771 1066 2843 προφητικὸν
1127 2775 1560 2847 παρακελεύεται
1612 2780 1779 2834 πᾶσιν
1836 2782 1965 2853 ἡμῖν

378 2860 804 2935 τεθεωρημένως
834 2865 1154 2932 ὲνατενίζειν
1208 2870 1321 2932 τοῖς
1352 2869 1533 2942 ἔργοις
1563 2872 1659 2925 τοῦ
1683 2873 1839 2939 Θεοῦ,
1872 2875 1966 2928 καὶ

377 2954 471 3008 τὸν
494 2956 616 3009 νοῦν
645 2958 891 3029 ἐφιστᾷν,
920 2959 1067 3023 ὅπως
1116 2960 1282 3029 φόϐου
1339 2963 1432 3015 καὶ
1478 2964 1791 3036 ἐκπλήξεως
1821 2967 1965 3040 γέμῃ

376 3046 447 3101 τὰ
476 3048 574 3119 τῆς
626 3051 819 3119 σοφίας
870 3051 1033 3105 αὐτοῦ
1070 3052 1582 3126 μεγαλουργήματα.
1625 3076 1643 3107 ι
1686 3058 1778 3110 Ἐκ
1805 3060 1966 3129 μεγέ-

376 3137 504 3202 Ceu;
530 3138 638 3210 γὰρ
686 3140 779 3193 καὶ
837 3142 1099 3212 καλλονῆς
1149 3144 1459 3215 κτισμάτων
1518 3146 1793 3217 ἀναλόγως
1819 3150 1847 3201 ό
1879 3167 1964 3219 γε·
1991 3186 2033 3243 C

374 3232 686 3303 νεσιουργὸς
713 3232 1014 3303 θεωρεῖται’
1059 3254 1077 3286 ι
1101 3236 1225 3289 καί·
1251 3256 1269 3288 ι
1302 3237 1381 3291 Τά
1408 3238 1613 3313 ἀόρατα
1643 3241 1807 3294 αὐτοῦ
1852 3242 1960 3296 ἀπὸ

374 3321 605 3386 δ’τίσεως
634 3323 839 3395 κόσμου
870 3328 984 3389 τοῖς
1032 3330 1297 3400 ποιήμασι
1334 3330 1599 3402 νοούμενα
1638 3333 1953 3406 καθορᾶται·

372 3412 407 3483 ἡ
437 3428 496 3466 τε
524 3413 689 3478 ἀΐδιος
724 3414 888 3467 αὐτοῦ
932 3415 1162 3489 δύναμις
1208 3420 1302 3472 καὶ
1360 3421 1594 3496 θειότης.
1618 3443 1636 3475 ι
1669 3424 1836 3479 Ταῦτ’
1862 3423 1957 3481 οὖν

372 3502 737 3576 θεωροῦντας,
778 3507 1321 3581 ὐπερεκπλήττεσθαι
1376 3514 1475 3580 δεῖ,
1534 3518 1628 3570 καὶ
1665 3517 1843 3588 λέγειν
1877 3521 1955 3592 τῷ

369 3597 512 3668 Θεῷο
551 3618 570 3651 ι
607 3600 693 3663 Ὠς
723 3600 929 3675 φοϐερά
965 3604 1032 3656 τά
1058 3603 1195 3676 ἔργα
1218 3622 1365 3660 σου.)
1399 3608 1685 3681 Ἀλλ’ἠμῖν
1720 3610 1819 3683 μὲν
1842 3616 1955 3678 τοῖς

370 3689 476 3742 ὑπὸ
506 3691 599 3744 σοῦ
639 3694 1071 3765 πεφωτισμένοις
1101 3695 1368 3765 ἔγνωσται
1387 3701 1480 3753 καὶ⁵
1504 3702 1860 3773 κατείληπται
1885 3704 1954 3758 τὰ

368 3780 505 3853 ἔργα
540 3800 631 3836 σου
661 3784 788 3837 ὄντα
817 3785 1043 3858 φοϐερά·
1080 3789 1127 3839 οἱ
1159 3788 1213 3841 δὲ
1239 3789 1425 3862 ἐχθροί
1455 3808 1549 3844 σου
1572 3794 1628 3845 ἐν
1649 3794 1824 3866 σκότῳ
1854 3812 1955 3850 κα-

365 3875 723 3948 λινδούμενοι,
761 3879 863 3932 κᾶν
897 3879 1123 3934 ἐθέλωσι
1161 3900 1291 3936 ποτε
1324 3884 1449 3956 περὶ
1472 3886 1580 3941 τῶν
1614 3888 1721 3942 σῶν
1775 3890 1950 3962 ἔργων

363 3968 638 4033 διεξιέναι,
674 3972 766 4024 καὶ
791 3972 981 4041 λόγους
1006 3974 1081 4037 ὡς
1111 3970 1220 4028 οἷόν
1251 3993 1309 4029 τε
1337 3980 1595 4046 φυσικοὺς
1622 3981 1946 4047 ἀποδιδόναι,

366 4062 584 4134 μακρὰν
622 4065 989 4119 ἀποπίπτουσι
1011 4067 1102 4119 τοῦ
1130 4066 1364 4139 πλήθους
1386 4070 1486 4141 τῆς
1521 4072 1619 4143 σῆς
1646 4073 1944 4145 δυνάμεως,

362 4155 516 4208 οὐδὲν
549 4157 701 4225 ὑγιὲς
734 4158 852 4210 οὐδὲ
889 4158 1087 4230 ἀληθὲς
1117 4160 1330 4230 ἔχοντες
1376 4163 1573 4233 λέγειν.
1606 4168 1697 4220 Διό
1746 4185 1941 4240 φαμεν·

368 4263 386 4296 ι
412 4247 498 4299 Ἐν
532 4247 609 4317 τῷ
640 4249 835 4321 πλήθει
864 4252 963 4322 τῆς
992 4252 1273 4325 δυνάμεώς
1332 4272 1425 4309 σου
1469 4256 1760 4326 ψεύσονταί
1804 4277 1864 4312 σε
1896 4264 1944 4314 οξ

361 4338 547 4409 ἐχθροί
583 4357 697 4394 σου.
737 4343 895 4396 Πᾶσα
945 4345 978 4415 ή
1012 4346 1085 4416 γῆ
1149 4350 1683 4420 προσκυνησάτωσαν
1737 4370 1817 4406 σοι
1852 4356 1945 4407 καὶ

357 4430 687 4499 ψαλάτωσάν
721 4451 825 4499 σοι,
860 4435 1186 4504 ψαλάτωσαν
1218 4439 1294 4510 τῷ
1318 4440 1541 4511 ὀνόματί
1572 4460 1685 4497 σου.
1710 4446 1943 4515 Διάψαλ-

2075 1944 2239 1998 etiam
2300 1943 2504 2002 divinis
2550 1950 2896 2006 sermonibus
2932 1952 3120 2009 laudes
3172 1964 3226 2010 et
3277 1956 3508 2029 hymnos
3557 1958 3649 2015 Dei

2074 2036 2561 2105 complectentibus
2588 2054 2711 2094 cum
2736 2041 2934 2111 pietate
2952 2060 3015 2099 ac
3032 2049 3381 2103 veneratione
3414 2050 3648 2120 primum

2074 2137 2405 2198 praeceptum
2429 2131 2672 2200 implere.
2701 2132 2882 2200 Quare
2913 2136 3119 2192 dictum
3148 2147 3233 2195 est
3266 2159 3279 2196 :
3313 2158 3331 2191 ι
3372 2140 3504 2199 Date
3528 2144 3647 2214 glo-

2074 2219 2209 2272 riam
2237 2220 2384 2275 laudi
2413 2223 2564 2292 ejus;
2611 2244 2629 2277 ›
2672 2228 2777 2294 vel,
2806 2229 3107 2284 secundum
3135 2231 3423 2302 Aquilam:
3470 2254 3487 2287 ι
3516 2234 3647 2291 Date

2071 2308 2299 2377 gloriam
2319 2311 2535 2382 hymnis
2550 2315 2670 2384 ejus
2690 2335 2705 2382 ;
2732 2336 2750 2368 ι
2773 2319 2878 2383 vel,
2903 2320 3204 2375 secundum
3223 2321 3607 2394 Symmachum
3629 2342 3643 2378 :

2077 2419 2094 2451 ι
2126 2401 2457 2461 Constituite
2488 2407 2543 2460 in
2575 2408 2838 2465 honorem
2868 2411 3131 2483 hymnum
3168 2415 3309 2487 ejus.
3352 2436 3370 2469 ι
3402 2418 3484 2473 Ad
3528 2420 3643 2475 haec

2070 2508 2197 2549 vero
2226 2496 2465 2566 Spiritus
2492 2501 2845 2570 propheticus
2872 2504 3030 2573 jubet
3062 2522 3164 2561 nos
3198 2522 3390 2567 omnes
3436 2519 3642 2568 attento

2070 2588 2252 2643 animo
2279 2605 2445 2660 opera
2477 2592 2570 2648 Dei
2605 2596 2976 2663 considerare,
3008 2606 3171 2671 atque
3198 2612 3381 2659 mente
3411 2620 3641 2675 perpen-

2068 2678 2215 2744 dere,
2247 2697 2357 2751 quo
2392 2692 2551 2753 pacto
2580 2701 2775 2758 magna
2799 2690 3082 2760 sapientiae
3111 2693 3258 2751 illius
3282 2710 3448 2767 opera
3484 2699 3631 2754 timo~

2070 2784 2181 2822 rem
2217 2781 2603 2843 Stuporemque
2634 2775 2891 2834 inferant.
2933 2798 2952 2831 ι
2985 2778 3120 2835 Nam
3161 2797 3227 2838 ex
3270 2787 3639 2857 magnitudine

2066 2873 2118 2915 et
2160 2864 2567 2932 pulchritudine
2606 2877 2988 2947 creaturarum
3027 2878 3381 2946 proportione
3404 2882 3637 2949 quadam

2066 2953 2246 3022 opifex
2288 2956 2613 3028 intelligitur
2649 2960 2731 3028 δας
2772 2982 2791 3014 ι
2828 2971 2926 3018 et:
2969 2984 2987 3017 ι
3036 2965 3338 3025 lnvisibilia
3382 2973 3556 3043 ipsius
3608 2991 3637 3029 a

2066 3054 2320 3101 creatura
2364 3051 2575 3115 mundi,
2620 3067 2718 3122 per
2747 3068 2811 3109 ea
2838 3070 2959 3126 qua:
2982 3055 3127 3113 facta
3156 3070 3304 3128 sunt,
3338 3064 3635 3133 intellecta,

2067 3140 2501 3209 conspiciuntur,
2558 3146 2889 3215 sempiterna
2937 3167 3157 3223 quoque
3212 3154 3334 3226 ejus
3376 3157 3551 3214 virtus
3584 3170 3636 3215 et

2063 3229 2325 3287 divinitas
2345 3231 2411 3289 ⁸⁷.
2448 3253 2467 3287 ι
2502 3234 2626 3291 Ilmc
2648 3244 3102 3313 contemplantes,
3127 3255 3350 3319 stupore
3375 3251 3513 3306 allici
3539 3269 3632 3323 par

2060 3328 2162 3385 est,
2203 3336 2268 3377 ac
2294 3325 2473 3382 dicere
2501 3327 2612 3383 Deo
2643 3346 2657 3382 :
2690 3349 2707 3382 ‹
2746 3332 2919 3399 Quam
2951 3338 3216 3394 terribilia
3245 3356 3410 3412 opera
3441 3346 3565 3398 tua!
3609 3364 3630 3398 ι

2063 3411 2167 3469 Sed
2200 3428 2230 3469 a
2259 3418 2419 3474 nobis
2448 3420 2669 3491 quidem
2702 3426 2801 3481 abs
2836 3435 2888 3483 te
2926 3429 3633 3507 illuminatiscognoscitur

2057 3515 2112 3562 et
2137 3511 2619 3579 comprehenditur
2640 3532 2806 3588 opera
2829 3528 2920 3575 tua
2951 3526 3218 3580 terribilia
3251 3542 3393 3583 esse.
3420 3528 3631 3586 Inimici

2056 3615 2187 3654 vero
2217 3603 2294 3656 tui
2332 3604 2386 3657 in
2422 3608 2661 3665 tenebris
2689 3612 2941 3679 volutati,
2981 3618 3197 3674 etiamsi
3238 3635 3629 3692 nonnunquam

2054 3694 2223 3749 velint
2251 3696 2319 3751 de
2356 3700 2616 3768 operibus
2660 3704 2775 3759 tuis
2806 3706 2972 3761 verba
3002 3707 3200 3776 facere,
3242 3714 3630 3785 naturalesque

2054 3799 2335 3844 sermones
2372 3805 2473 3859 pro
2505 3791 2768 3851 facultate
2822 3804 3025 3863 texere,
3076 3800 3235 3873 longe
3285 3805 3543 3861 aberrant
3599 3822 3626 3860 a

2052 3879 2427 3948 magnitudine
2456 3883 2680 3942 virtutis
2728 3895 2854 3955 tuae,
2899 3891 3145 3963 nihilque
3185 3908 3401 3963 sanum,
3437 3913 3623 3954 verum

2049 3970 2185 4025 nihil
2214 3972 2407 4031 ell‘erre
2442 3978 2642 4034 valent.
2685 3979 2869 4047 Quare
2909 3984 3144 4042 dicimus
3179 4007 3193 4043 :
3230 4006 3249 4039 ι
3286 3989 3344 4043 In
3376 3992 3620 4047 multitu-

2049 4064 2176 4120 dine
2204 4066 2423 4123 virtutis
2448 4076 2557 4126 tuae
2586 4074 2920 4130 mentientur
2940 4078 3039 4133 tibi
3072 4080 3280 4135 inimici
3309 4084 3408 4139 tui.
3436 4083 3621 4140 Omnis

2047 4162 2191 4211 terra
2217 4158 2406 4215 adoret
2430 4171 2500 4227 te,
2523 4172 2578 4218 et
2601 4168 2798 4234 psallat
2815 4170 2934 4234 tibi,
2961 4173 3229 4240 psalmum
3248 4174 3394 4230 dicat
3416 4177 3626 4232 nomini

2048 4256 2161 4306 tuo.
2215 4251 2541 4322 Diapsalma.
2576 4277 2594 4308 ι
2650 4258 2841 4315 Priora
2897 4265 3116 4333 quidem
3159 4275 3429 4340 praecepta
3476 4273 3625 4325 omni

2046 4349 2223 4404 terrae,
2256 4346 2507 4401 videlicet
2549 4353 2807 4409 omnibus
2842 4357 3116 4425 gentibus,
3166 4361 3484 4431 prophetice
3515 4373 3627 4416 tra—

2041 4432 2156 4488 dita
2188 4434 2423 4491 fuerant.
2447 4440 2585 4505 Quia
2616 4458 2767 4509 vero,
2791 4454 2851 4500 ut
2879 4448 2995 4503 haec
3023 4466 3188 4520 opere
3210 4454 3471 4523 compleri
3496 4470 3624 4525 pos-

359 4540 491 4593 μα.»
536 4523 616 4577 Τά
642 4525 738 4595 μὲν
769 4527 959 4596 πρῶτα
988 4531 1422 4601 παραγγέλματα
1451 4528 1520 4604 ἦν
1575 4534 1725 4610 πάσῃ
1745 4538 1809 4607 τῇ
1845 4540 1937 4607 γῇ,

2061 4534 2186 4591 sent,
2204 4528 2451 4586 oratione
2468 4548 2607 4603 opus
2629 4546 2764 4600 erat,
2792 4537 3029 4608 Spiritus
3050 4543 3269 4599 divinus
3292 4551 3415 4613 post
3438 4523 3620 4614 priora

354 4615 558 4688 δηλαδὴ
586 4620 720 4673 πᾶσι
747 4623 861 4683 τοῖς
893 4621 1091 4686 ἔθνεσι,
1112 4625 1461 4696 προφητικῶς
1493 4628 1937 4699 παρηγγελμένα·

354 4709 479 4761 ἐπεὶ
510 4710 566 4762 δὲ
587 4711 752 4782 εὐχῆς
809 4708 877 4783 ἦν
935 4715 1093 4785 χρεία
1128 4718 1207 4779 είς
1234 4716 1296 4770 τὸ
1337 4718 1628 4791 δυνηθῆναι
1659 4721 1725 4774 δι’
1766 4722 1940 4794 ἔργων

350 4799 526 4853 ταῦτα
557 4803 825 4873 χωρῆσαι,
860 4806 1170 4873 ἀναγκαίως
1197 4808 1257 4860 τὸ
1291 4808 1432 4863 θεῖον
1458 4810 1682 4882 Πνεῦμα
1713 4813 1850 4883 μετά
1870 4815 1938 4869 τά

352 4891 547 4959 πρῶτα
577 4892 714 4963 πρὸς
747 4894 906 4947 αὐτὸν
937 4897 1249 4969 ἐπιστρέφει
1284 4900 1373 4952 τὸν
1422 4901 1572 4967 Θεὸν,
1606 4904 1769 4975 εὐχὴν
1797 4907 1939 4978 ὑπὲρ

351 4982 535 5052 πάσης
555 4984 655 5054 τῆς
683 4985 787 5055 γῆς
837 4987 1178 5058 ἀναπέμπον.
1231 4992 1321 5044 Διό
1373 5010 1525 5063 φησι’
1566 5014 1583 5045 ι
1615 4996 1772 5050 Πᾶσα
1800 4999 1832 5069 ἡ
1865 5000 1937 5070 γῆ

349 5077 888 5147 προσκυνησάτωσάν
924 5097 1004 5133 σοι
1036 5084 1129 5135 καὶ
1184 5082 1509 5153 ψαλάτωσάν
1548 5088 1651 5151 σόι,
1686 5088 1937 5158 ψαλάτωα

350 5184 453 5220 σαν
483 5168 562 5238 τῷ
584 5169 806 5240 ὀνόματί
830 5187 976 5224 σου.»
1028 5173 1171 5226 Ἀντὶ
1203 5174 1258 5227 δὲ
1320 5174 1433 5228 τοῦ’
1470 5196 1487 5227 ι
1531 5178 1685 5232 Πᾶσα
1720 5181 1752 5249 ή
1784 5181 1874 5251 γῆ,
1913 5200 1930 5231 ι

345 5261 375 5313 ὁ
412 5254 708 5331 Σύμμαχος
742 5265 1071 5335 σαφέστερον
1102 5267 1443 5338 ἡρμήνευσεν
1464 5270 1652 5323 είπὼνο
1685 5289 1702 5320 ι
1729 5272 1934 5337 Πάντες

346 5352 396 5404 οἱ
433 5352 525 5403 ἐπὶ
550 5352 708 5421 γῆς’»
747 5353 1062 5426 λευκότερον
1110 5356 1379 5427 δηλώσας,
1423 5360 1503 5413 ὅτι
1546 5361 1618 5433 μὴ
1661 5363 1931 5428 Ἰουδαίοις

343 5442 408 5499 τὸ
434 5444 802 5515 παράγγελμα
834 5446 1028 5509 δέδοτΟ,
1088 5447 1223 5501 ἀλλά
1264 5452 1397 5503 πᾶσι
1424 5455 1539 5515 τοῖς
1577 5453 1669 5506 ἐπὶ
1701 5454 1802 5524 γῆς
1834 5456 1929 5507 ἀν-

344 5532 605 5605 θρώποις.
638 5535 914 5606 Μεγίστης
936 5536 1043 5607 γὰρ
1064 5537 1271 5591 ἐδέοντο
1297 5540 1479 5612 εὐχῆς,
1504 5543 1579 5604 ὡς
1602 5542 1667 5594 ἂν
1704 5543 1929 5615 δυνάμει

342 5623 480 5678 Θεοῦ
507 5623 808 5696 παράδοξος
841 5626 1049 5695 γένοιτό
1083 5644 1165 5691 τις
1191 5630 1249 5682 ὲν
1274 5630 1455 5695 αὐτοῖς
1491 5632 1759 5705 μεταϐολὴ
1789 5633 1928 5705 πρὸς

416 5809 461 5841 ⁸⁸
488 5808 616 5881 Sap.
653 5828 772 5876 xm,
806 5812 856 5865 5.
935 5812 976 5844 ἰτ
1002 5812 1157 5868 Rom.
1196 5831 1232 5879 I,
1266 5817 1357 5871 20.
1441 5797 1448 5803 ’

662 5912 931 5973 ΡΑτιιοι..
966 5914 1081 5975 Gn.
1118 5913 1353 5978 XXIII.

2044 4618 2168 4682 illa,
2217 4625 2535 4678 necessario
2587 4626 2653 4680 ad
2702 4627 2870 4683 Deum
2910 4632 3158 4696 vertitur,
3206 4635 3620 4704 orationemque

2043 4726 2140 4780 pro
2168 4712 2423 4769 universa
2459 4726 2601 4771 terra
2631 4720 2849 4775 emittit.
2881 4721 3247 4787 Quamobrem
3282 4728 3356 4780 ait
3390 4748 3403 4783 :
3440 4745 3458 4779 ι
3498 4728 3621 4783 Om.

2041 4803 2127 4858 nis
2160 4812 2302 4858 terra
2336 4806 2527 4862 adoret
2558 4818 2632 4873 te,
2665 4818 2720 4865 et
2748 4813 2946 4881 psallat
2995 4816 3117 4879 tibi,
3153 4818 3424 4887 psalmum
3470 4821 3619 4876 dicat

2041 4896 2246 4950 nomini
2282 4905 2396 4952 tuo.
2423 4919 2441 4951 ι
2464 4898 2572 4955 Pro
2603 4902 2697 4958 illo
2721 4913 2937 4961 autem:
2982 4926 3002 4959 ι
3034 4910 3227 4967 Omnis
3250 4920 3419 4978 terra,
3458 4934 3476 4966 ι
3505 4917 3616 4971 cla-

2037 4989 2154 5042 rius
2179 4988 2540 5060 Symmachus
2564 4995 2954 5066 interpretatur
2976 5000 3163 5060 dicens
3199 5025 3210 5059 :
3244 5025 3261 5057 ι
3292 5007 3494 5065 Omnes
3521 5013 3614 5081 qui

2037 5076 2091 5129 in
2128 5085 2273 5133 terra
2306 5091 2453 5147 sunt,
2481 5104 2499 5135 ι
2529 5087 2770 5156 apertius
2799 5090 3107 5161 declarans,
3136 5112 3243 5150 non
3275 5096 3480 5156 Iudaeis
3508 5076 3614 5156 tra-

2035 5166 2207 5223 ditum
2251 5182 2578 5243 praeceptum
2625 5194 2767 5242 esse,
2806 5181 2901 5236 sed
2951 5185 3206 5242 omnibus
3236 5190 3328 5258 qui
3379 5191 3434 5245 in
3468 5199 3611 5247 terra

2034 5270 2161 5314 sunt
2201 5261 2533 5322 hominibus.
2589 5266 2854 5327 Precibus
2894 5290 3131 5347 namque
3180 5281 3415 5335 maxime
3470 5298 3609 5352 opus

2031 5367 2170 5421 erat,
2207 5364 2268 5410 ut
2309 5375 2374 5412 ex
2426 5358 2522 5414 Dei
2577 5371 2866 5432 potestate,
2927 5369 3299 5438 inexspectata
3357 5373 3606 5441 quaedam

2030 5448 2262 5503 mutatio
2288 5450 2421 5520 ipsis
2451 5454 2753 5517 accederet,
2796 5464 2855 5510 ut
2900 5475 2969 5514 ne
3000 5460 3141 5514 ultra
3173 5462 3469 5515 multorum
3515 5478 3607 5518 nu-

2028 5542 2237 5599 minum
2269 5548 2440 5602 errori
2470 5550 2654 5604 animo
2678 5551 3053 5619 adlimrerent;
3081 5553 3175 5609 sed
3199 5571 3366 5609 unum
3407 5555 3600 5623 Deum,

2028 5637 2203 5693 solum
2234 5640 2570 5697 adorandum
2615 5656 2807 5703 reapse
2829 5647 3071 5702 colerent
3107 5655 3159 5703 et
3180 5648 3490 5711 adorarent.
3519 5657 3603 5705 at-

3242 5916 3315 5981 21
