4100 6546
508 311 609 374 651
838 350 860 361 κ
1233 322 1501 379 EUSEBII
1544 321 2019 379 CAESARIENSIS
2056 324 2209 382 OPP.
2246 324 2430 381 PARS
2464 325 2554 381 111.
2596 355 2660 366 -
2700 324 3101 381 EXEGETICA.
3643 323 3748 379 θεὲ

505 444 611 500 que
646 438 974 501 praeceptum
1020 431 1335 499 huiusmodi
1363 432 1761 488 observarent:
1804 453 1818 486 ι
1860 434 2058 489 Ρειιιιίιι

2181 437 2241 489 τὸ
2266 437 2462 508 μηκέτι
2494 436 2592 506 μὲν
2640 438 2705 507 τῇ
2746 436 3308 509 πολυθέῳιπροσέχειν
3357 436 3554 508 πλάνῃ,
3592 437 3751 509 μόνον

508 524 717 580 nomini
754 525 894 591 eius.
936 542 954 575 ι
998 522 1069 578 Ut
1106 525 1294 593 itaque
1344 524 1459 577 haec
1499 525 1773 590 eveniant,
1833 525 2058 595 Spiritus

2174 527 2231 581 δὲ
2265 528 2441 581 σέϐειν
2462 528 2518 581 ὂν
2550 527 2631 581 δεῖ
2658 528 2750 581 καὶ
2807 531 3149 599 προσκυνεῖν,
3202 529 3291 581 τὸν
3317 529 3414 581 ἕνα
3452 528 3548 582 καὶ
3592 530 3751 599 μόνον

506 631 727 673 sanctus
761 619 830 670 ita
866 621 1158 686 precatur:
1188 633 1208 666 ι
1248 612 1438 672 Omnis
1476 623 1622 671 terra
1671 617 1861 671 adoret
1912 625 1966 674 te
2016 626 2058 673 el

2176 621 2268 673 καὶ
2304 619 2675 691 προσκυνητδν
2736 620 2888 685 Θεὸν,
2920 620 3184 673 ἐπιτελεῖν
3216 637 3274 673 τε
3324 619 3387 673 τὸ
3420 620 3754 691 πρόσταγμα

505 711 701 780 psallat
732 709 850 772 tibi,
887 707 1156 778 psalmum
1185 707 1329 762 dicat
1365 709 1573 763 nomini
1608 716 1723 764 tuo.
1766 728 1784 761 ι

2174 710 2240 762 δι’
2262 706 2322 763 οῦ
2353 710 2585 779 ἐλέγετο·
2616 730 2635 761 ι
2660 711 2881 765 ιιθάλατε
2902 710 2970 783 ’δὴ
2996 710 3072 782 τῷ
3114 711 3331 782 ὀνόματι
3363 712 3550 766 αὑτοῦ.
3593 731 3610 763 ι
3654 713 3749 766 ’Ἱν’

502 803 595 858 οὖν
637 804 807 858 ταῦτα
864 804 1111 875 γένηται,
1173 802 1389 874 εῦχεται
1421 803 1482 856 τὸ
1539 803 1763 875 Πνεῦμα
1811 804 1872 857 τὸ
1923 803 2073 873 ἅγιον
2110 804 2295 874 λέγον
2347 827 2363 855 ι
2398 807 2613 877 Πᾶσαή
2660 806 2733 876 γῆ
2786 806 3315 877 προσκυνησάτωσάν
3348 823 3429 860 σοι
3490 807 3586 860 καὶ
3639 806 3749 876 ψα-

502 896 744 949 λάτωσάν
772 912 874 960 σοι,
899 893 1220 965 ψαλάτωσαν
1249 894 1326 966 τῷ
1352 894 1576 966 ὀνόματί
1597 911 1710 948 σου.
1739 915 1761 949 ι

574 1015 740 1071 Vens.
767 1015 819 1079 5,
857 1014 909 1070 6.
953 1033 971 1066 ι
997 1013 1194 1069 Venite
1223 1023 1277 1069 et
1303 1013 1481 1068 videte
1502 1029 1666 1083 opera
1706 1012 1823 1077 Dei,
1855 1014 2073 1068 terribi-

501 1109 567 1165 lis
588 1110 643 1163 in
667 1107 913 1163 consiliis
937 1122 1103 1177 super
1125 1107 1265 1161 tilios
1295 1105 1598 1159 hominum.
1632 1124 1650 1156 ι
1682 1102 1750 1159 Ut
1777 1104 1934 1173 longe
1961 1104 2073 1158 dis-

502 1200 625 1257 sitis
672 1201 741 1255 iis
778 1201 870 1270 qui
904 1200 1162 1254 invocant
1188 1212 1388 1252 nomen
1421 1196 1534 1259 Dei,
1568 1207 1625 1251 ut
1656 1198 1881 1267 propius
1913 1212 2071 1252 acce-

499 1294 631 1349 dant
658 1292 903 1363 praecipit
932 1291 1157 1346 dicens:
1183 1308 1201 1342 ι
1232 1288 1446 1344 Venite.
1483 1307 1500 1341 ι
1533 1288 1691 1356 Quod
1720 1290 1903 1360 ipsum
1932 1289 2072 1344 divi-

500 1402 604 1441 nus
646 1385 941 1453 Apostolus
989 1383 1286 1438 declaravit
1320 1383 1406 1439 his
1428 1384 1649 1439 verbis:
1682 1400 1700 1433 ι
1736 1383 1799 1435 lit
1839 1384 2064 1437 veniens

501 1476 849 1533 annuntiavit
891 1490 1079 1544 pacem
1130 1475 1284 1530 vobis
1324 1475 1417 1545 qui
1453 1475 1610 1545 longe
1644 1474 1846 1538 fuistis,
1883 1482 1937 1529 et
1969 1489 2065 1545 pa-

498 1582 615 1623 cem
668 1567 734 1622 iis
779 1566 871 1636 qui
924 1580 1091 1636 prope
1112 1566 1179 1617 ⁸⁸.
1214 1584 1231 1615 ι
1278 1563 1481 1621 Omnes
1530 1580 1694 1635 porro
1736 1580 1833 1635 per
1875 1564 2063 1619 orbem

498 1666 686 1731 gentes
744 1657 811 1711 ad
856 1656 950 1711 Dei
1004 1656 1279 1722 notitiam,
1331 1663 1385 1711 et
1434 1656 1501 1710 ad
1548 1654 2063 1725 contemplationem

498 1770 721 1826 cperam
757 1756 877 1825 ejus
924 1770 1105 1821 sermo
1134 1766 1341 1811 evocat.
1371 1754 1506 1808 Nam
1540 1754 1729 1825 procul
1762 1752 1872 1811 Deo
1913 1755 2063 1824 posi-
2098 1794 2137 1847 Β

496 1858 585 1912 tae,
629 1863 805 1917 neque
851 1848 1128 1913 videbant,
1174 1862 1351 1918 neque
1381 1855 1667 1903 noverant.
1697 1845 2064 1914 Quamobrem

497 1942 611 1995 ait:
643 1959 661 1991 ι
696 1939 885 1996 Venite
919 1946 974 1995 et
1002 1938 1183 1995 videte
1213 1954 1376 2010 Opera
1413 1939 1505 1995 Dei
1536 1957 1549 1993 :
1586 1959 1604 1993 ›
1645 1939 1713 1994 de
1743 1939 1943 2009 quibus
1973 1955 2067 1995 su-

497 2048 593 2105 pra
619 2034 824 2088 dictum
852 2041 937 2089 est
963 2051 976 2087 :
1008 2051 1025 2081 c
1063 2031 1239 2087 Dicite
1275 2032 1381 2087 Deo
1407 2052 1419 2086 :
1448 2032 1621 2099 Quam
1653 2033 1917 2087 terribilia
1942 2042 2066 2088 sunt

495 2138 661 2179 onera
693 2124 816 2177 tua!
848 2141 866 2175 ›
898 2122 1004 2178 Sed
1032 2123 1161 2177 olim
1193 2123 1411 2193 quidem
1449 2122 1795 2193 praecipiebat
1834 2123 2018 2179 dicere
2048 2141 2060 2175 :

500 2232 521 2264 ι
552 2213 725 2279 Quam
758 2213 1021 2267 terribilia
1056 2222 1184 2269 sunt
1227 2227 1388 2282 opera
1442 2216 1563 2267 tua!
1601 2234 1618 2265 ι
1654 2213 1921 2279 Quoniam
1968 2231 2065 2269 au-

498 2313 605 2358 tem
633 2306 929 2360 verisimile
955 2313 1074 2360 erat
1105 2320 1220 2365 eos,
1258 2306 1444 2374 procul
1477 2307 1708 2375 positos,
1742 2322 1862 2376 quae
1881 2314 2065 2362 essent

498 2412 661 2466 opera
708 2396 800 2451 Dei
845 2397 1117 2466 ignorare,
1154 2396 1243 2449 hic
1281 2404 1683 2466 consequenter
1724 2398 1943 2453 eosdem
1984 2400 2064 2455 sic

498 2488 829 2558 alloquitur:
860 2504 877 2538 ι
911 2486 1102 2541 Venite
1129 2494 1183 2541 et
1212 2487 1387 2541 videte
1420 2502 1583 2557 Opera
1615 2486 1729 2542 Dei.
1762 2506 1780 2540 ι
1815 2486 1951 2543 Cum
1977 2503 2064 2543 au-

499 2583 608 2628 tem
643 2589 704 2628 ea
740 2573 1007 2631 videritis,
1039 2572 1317 2634 ediscetis,
1361 2588 1485 2627 eum
1521 2573 1821 2629 terribilem
1852 2588 1972 2630 esse
2006 2574 2063 2628 in

498 2666 740 2720 consiliis
766 2680 865 2735 pro
897 2664 1023 2717 ﬁliis
1062 2662 1362 2717 hominum.
1390 2662 1593 2719 Horum
1624 2665 1948 2720 sententiam
1982 2666 2063 2720 sic

497 2756 699 2812 clarius
734 2756 1119 2825 interpretatur
1157 2754 1518 2827 Symmachus
1545 2755 1737 2810 dicens
1778 2774 1792 2811 :
1822 2774 1840 2807 ι
1872 2755 2064 2811 Venite

495 2856 551 2904 et
588 2849 769 2903 videte
809 2864 972 2918 opera
1007 2848 1123 2913 Dei,
1175 2849 1449 2903 terribiles
1493 2849 1923 2904 machinationes
1965 2865 2063 2920 pro

500 2942 625 2996 [iliis
653 2942 953 2995 hominum.
990 2960 1008 2993 ι
1047 2940 1239 2997 Omnia
1268 2943 1469 3013 quippe
1501 2958 1599 3013 pro
1626 2942 1801 2998 salute
1829 2943 2061 2995 liliorum

497 3034 775 3088 hominum
824 3033 1166 3089 machinatus
1199 3042 1303 3089 est.
1350 3032 1464 3088 Sub
1498 3035 1612 3089 [nec
1665 3034 1825 3089 docet
1855 3042 2060 3104 quanta

2246 1030 2265 1062 ι
2306 1010 2470 1063 Δεῦτε
2503 1010 2597 1062 καὶ
2635 1008 2772 1062 ἴδετε
2824 1005 2894 1060 τά
2926 1006 3060 1077 ἔργα
3099 1004 3190 1060 τοῦ
3228 1004 3383 1071 Θερῦ,
3416 1005 3645 1077 φοϐερὸς
3691 1007 3750 1060 ὲν

2170 1103 2386 1175 βουλαῖς
2415 1100 2566 1174 παρά
2598 1102 2725 1164 τοῦς
2753 1100 2902 1163 υἰοὺς
2934 1098 3043 1152 τῶν
3090 1095 3410 1168 ἀνθρώπων.
3441 1118 3458 1149 ι
3514 1098 3602 1161 Ὧς
3642 1115 3750 1168 μα.

2169 1196 2306 1268 κράν
2358 1194 2691 1265 ἀφεστηκόσι
2738 1195 2850 1255 τοῖς
2898 1190 3250 1260 καλουμένοις
3283 1190 3341 1242 τὸ
3393 1189 3532 1242 θεῖον
3578 1190 3749 1260 ὄνομα

2124 1310 2133 1318 σ
2169 1288 2393 1361 πλησίον
2416 1286 2671 1359 ἔρχεσθαι
2700 1285 3025 1358 προστάττει
3055 1284 3212 1353 λέγον
3230 1301 3244 1314 ·
3286 1302 3305 1334 ι
3324 1282 3506 1336 Δεῦτε.
3533 1302 3552 1335 ›
3577 1283 3750 1337 Τοῦτο

2167 1380 2224 1433 δὲ
2261 1382 2289 1433 6
2322 1379 2462 1442 θεῖος
2509 1377 2826 1441 Ἀπόστολος
2854 1377 3091 1448 παρίστη
3135 1374 3301 1429 εἰπών
3320 1391 3335 1405 ·
3384 1394 3402 1425 ι
3433 1376 3544 1428 Καὶ
3575 1375 3748 1429 ἐλθὼν

2169 1471 2556 1542 εὐηγγελίσατο
2585 1470 2810 1541 εἰρήνην
2843 1469 2971 1539 ὑμῖν
2996 1470 3108 1532 τοῖς
3143 1467 3379 1539 μακρὰν,
3408 1469 3501 1520 καί
3522 1468 3746 1539 εἰρήνην

2168 1567 2279 1627 τοῖς
2327 1562 2511 1631 ἐγγύς.
2557 1581 2575 1613 ι
2628 1560 2798 1615 Καλεῖ
2832 1560 2888 1614 δὲ
2932 1563 2960 1613 6
3010 1560 3165 1627 λόγος
3202 1560 3271 1612 τὰ
3307 1558 3433 1631 καθ’,
3471 1558 3601 1631 ὅλης
3646 1561 3744 1630 τῆς

2170 1654 2491 1725 οἰκουμένης
2535 1653 2661 1723 ἔθνη
2711 1652 2804 1705 ἐπὶ
2832 1654 2932 1723 τὴν
2978 1651 3069 1704 τοῦ
3106 1650 3240 1704 Θεοῦ
3276 1650 3509 1718 γνῶσιν,
3547 1652 3639 1704 ἐπί
3681 1668 3743 1703 τε

2168 1748 2267 1819 τὴν
2302 1746 2534 1818 θεωρίαν
2582 1745 2690 1797 τῶν
2743 1744 2919 1812 ἔργων
2949 1741 3136 1797 αὐτοῦ.
3189 1741 3420 1813 Μακρὰν
3449 1742 3558 1813 γάρ
3606 1744 3741 1811 ἀφε-

2168 1838 2345 1891 στῶτα
2368 1837 2463 1891 τοῦ
2484 1836 2617 1890 Θεοῦ
2647 1834 2771 1889 οὔτε
2800 1834 2966 1907 ἑώρα,
2995 1834 3119 1888 οὔτε
3147 1834 3426 1902 ἐγίνωσκε.
3457 1834 3547 1887 Διό
3572 1850 3706 1905 φησι
3727 1852 3738 1863 ·

2172 1949 2189 1979 ι
2225 1928 2388 1982 Δεῦτε
2424 1930 2520 1981 καὶ
2558 1927 2697 1980 ἰδετε
2751 1925 2821 1977 τὰ
2871 1924 3009 1995 ἔργα
3056 1925 3148 1977 τοῦ
3200 1923 3372 1977 Θεοῦ·
3410 1943 3428 1975 ι
3484 1924 3613 1996 περί
3666 1916 3740 1977 ὧν

2163 2019 2419 2090 ἀνωτέρω
2450 2018 2665 2087 ἐλέγετο
2684 2035 2697 2047 ο
2746 2035 2765 2068 ι
2792 2017 2997 2070 Εἴπατε
3038 2014 3116 2086 τῷ
3146 2015 3292 2088 Θεῷο
3312 2016 3398 2079 Ὡς
3426 2015 3634 2086 φοϐερά
3672 2017 3739 2069 τὰ

2163 2111 2459 2182 ἔργασουί
2498 2129 2516 2162 ι
2579 2108 2740 2161 Ἀλλά
2793 2107 2959 2162 πάλαι
3003 2106 3101 2178 μὲν
3147 2108 3480 2178 προσέταττε
3524 2106 3737 2176 λέγειν’

2168 2222 2187 2255 ι
2234 2204 2322 2267 Ὠς
2372 2200 2578 2272 φοϐερά
2619 2200 2688 2252 τὰ
2730 2199 2866 2270 ἔργα
2914 2201 3037 2252 σουί
3079 2200 3335 2271 »Ἐπειδὴ
3378 2200 3436 2252 δὲ
3478 2200 3623 2264 εἰκὸς
3672 2196 3741 2272 ἦν

2162 2295 2373 2362 ἀγνοεῖν
2402 2294 2526 2356 τοὺς
2567 2292 2781 2362 μακρὰν
2803 2290 3124 2359 ἀφεστῶτας
3141 2289 3262 2343 τίνα
3284 2286 3352 2361 ἦν
3378 2290 3447 2344 τὰ
3477 2290 3615 2362 ἔργα
3642 2290 3737 2345 τοῦ

2162 2383 2319 2445 Θεοῦ,
2351 2382 2657 2445 ἀκολούθως
2683 2380 2918 2435 ἐνταῦθα
2950 2379 3084 2451 πρὸς
3123 2383 3248 2444 τοὺς
3279 2382 3474 2444 αὐτοὺς
3506 2382 3734 2450 φάσκεν

2168 2499 2186 2529 ι
2218 2476 2381 2531 Δεῦτε
2414 2478 2509 2530 καί
2552 2476 2687 2529 ἴδετε
2734 2474 2801 2529 τὰ
2847 2474 2985 2546 ἔργα
3026 2474 3121 2528 τοῦ
3177 2473 3342 2527 Θεοῦ’
3382 2494 3401 2526 ι
3443 2475 3638 2539 ἰδόντες
3679 2474 3738 2530 ἐξ

2160 2570 2332 2625 ταῦτα
2367 2569 2696 2642 μαθήσεσθε,
2726 2570 2807 2623 ὅτι
2838 2568 3063 2638 φοϐερός
3100 2569 3244 2621 ἐστιν
3271 2571 3328 2621 ὲν
3358 2567 3569 2639 βουλαῖς
3599 2570 3737 2641 ὑπὲρ

2160 2666 2286 2727 τοὺς
2300 2664 2450 2727 υἱοὺς
2480 2664 2589 2716 τῶν
2615 2660 2936 2734 ἀνθρώπων.
2976 2661 3328 2732 Τρανώτερον
3362 2663 3459 2732 τὴν
3495 2662 3737 2715 διάνοιαν

2162 2757 2442 2810 ἀπέδωκεν
2475 2758 2504 2810 6
2552 2756 2845 2826 Σύμμαχος
2896 2753 3102 2808 εἰπών·
3150 2774 3167 2805 ι
3207 2754 3426 2808 Ἐλθετε
3462 2756 3554 2807 καὶ
3600 2754 3735 2808 ἴδετε

2162 2847 2389 2920 πράξεις
2436 2848 2530 2901 τοῦ
2572 2848 2727 2909 Θεοῦ,
2774 2847 2982 2919 φοϐερὰ
3012 2850 3375 2919 μηχανήματα
3426 2850 3566 2919 ὑπὲρ
3605 2850 3736 2902 υἱῶν

2161 2939 2482 3011 ἀνθρώπων.
2510 2962 2527 2992 ι
2565 2941 2749 2994 Πάντα
2788 2938 2897 3009 γὰρ
2950 2940 3089 3011 ὑπὲρ
3131 2941 3403 3011 σωτηρίας
3445 2940 3553 2993 τῶν
3606 2941 3735 2994 υἱῶν

2161 3033 2269 3087 τῶν
2334 3032 2635 3103 ἀνθρώπων
2694 3034 3094 3104 ἐμηχανήσατο.
3154 3030 3285 3087 Εἶτα
3343 3034 3583 3088 διδάσκει
3636 3036 3735 3087 ὅσα

495 3123 635 3194 apud
667 3125 921 3193 antiquos
950 3124 1072 3179 illos
1104 3126 1246 3178 Deus
1276 3124 1471 3179 fecisse
1498 3136 1767 3180 narretur.
1799 3124 2057 3192 Quaenam

2166 3125 2427 3197 πρότερον
2452 3125 2601 3196 παρά
2619 3127 2729 3187 τοῖς
2756 3125 2999 3187 παλαιοῖς
3026 3124 3337 3196 πεποιηκὼς
3369 3127 3397 3178 6
3427 3126 3558 3190 Θεὸς
3593 3128 3732 3180 ἱστο-

492 3231 622 3270 vero
662 3216 753 3269 illa
811 3217 955 3281 sint,
1015 3224 1201 3286 postea
1268 3216 1600 3271 declaratzr
1632 3217 1735 3282 Qui
1789 3218 2062 3272 convertit

493 3321 643 3361 mare
673 3309 727 3360 in
775 3306 1018 3375 aridam;
1053 3309 1106 3361 in
1138 3307 1358 3363 ﬂumine
1406 3309 1811 3378 pertransibunt
1846 3308 1983 3378 pede
2034 3328 2054 3361 ι

493 3399 803 3454 Secundum
830 3398 1213 3470 Symmachum
1239 3412 1415 3454 autem
1439 3418 1453 3454 ς
1478 3420 1497 3450 ι
1527 3399 1831 3462 Convertit,
1857 3402 2056 3469 inquit,

491 3511 642 3551 mare
692 3496 746 3549 in
802 3495 1042 3562 aridam;
1096 3493 1319 3548 ﬂuvium
1370 3496 1804 3566 pertransierunt
1848 3495 2000 3565 pede.
2035 3515 2055 3547 ι

490 3588 615 3643 Haec
664 3604 828 3660 porro
876 3590 930 3643 in
973 3589 1201 3645 historia
1254 3588 1551 3659 Scriptura:
1605 3588 1857 3643 feruntur
1893 3608 1906 3643 :
1940 3604 2060 3658 quae

487 3681 761 3750 gentibus,
791 3688 976 3751 utpote
1003 3679 1403 3751 ignorantibus,
1447 3680 1763 3735 necessario
1789 3694 2057 3734 enarran-

488 3779 599 3833 tur,
646 3782 703 3826 ut
735 3773 1004 3834 ediscant,
1033 3788 1156 3827 eum
1199 3773 1291 3843 qui
1344 3772 1471 3827 olim
1517 3774 1749 3843 pepulus
1781 3772 1876 3826 Dei
1915 3782 2053 3836 erat,

488 3864 541 3917 in
575 3866 832 3918 servitute
862 3863 1240 3935 [Egyptiorum
1275 3864 1566 3934 aliquando
1590 3866 1778 3931 tuisse,
1815 3876 1868 3919 et
1890 3864 2058 3936 IEgy-

487 3957 678 4025 ptiacaa
710 3956 1030 4010 idololatria).
1081 3955 1422 4025 subjectum;
1460 3955 1558 4011 sed
1603 3956 1770 4011 Deum
1817 3972 1915 4024 pro
1947 3958 2055 4012 illis

486 4062 681 4112 magna
716 4054 769 4099 et
813 4048 1079 4102 terribilia
1111 4048 1368 4109 edidisse,
1401 4048 1667 4105 divinitus
1705 4050 1918 4104 scilicet
1951 4049 2056 4103 im-

486 4139 673 4192 missis
714 4139 886 4209 plagis
915 4137 1199 4209 ngyptios
1245 4140 1586 4205 verberasse,
1634 4140 1923 4210 ipsumque
1957 4157 2053 4211 po-

487 4230 673 4297 pulum
707 4244 737 4281 a
764 4229 881 4283 dira
907 4232 1168 4285 servitute
1192 4230 1476 4287 liberasse.
1508 4232 1631 4287 Hazc
1662 4236 1861 4302 quippe
1895 4242 2053 4288 erant

485 4318 755 4373 terribilia
788 4319 881 4375 Dei
904 4334 1099 4390 opera°
1131 4335 1309 4390 neque
1337 4330 1545 4375 tantum
1578 4336 1640 4377 ea
1664 4323 1737 4376 ibi
1762 4323 1929 4387 edita,
1954 4324 2048 4378 sed

485 4411 647 4463 etiam
684 4410 740 4465 in
770 4410 907 4464 mari
940 4407 1127 4466 Rubro
1152 4429 1165 4465 ε
1192 4425 1300 4480 quo
1332 4411 1385 4464 in
1419 4411 1626 4465 aridam
1655 4421 1885 4474 mutato,
1917 4429 2047 4470 suos

482 4499 704 4570 quidem
736 4502 955 4572 eripuit,
999 4504 1197 4574 impios
1230 4519 1359 4558 vero
1398 4504 1453 4557 in
1502 4504 1830 4573 profundum
1861 4508 2043 4575 perni-

484 4593 587 4646 ciei
617 4595 873 4662 coniecit.
915 4593 1040 4652 Haec
1072 4594 1275 4658 edocti,
1303 4594 1465 4650 heus!
1497 4611 1615 4661 vos,
1654 4597 1849 4667 inquit,
1883 4598 2051 4652 conii-

481 4685 613 4749 dite,
656 4701 721 4742 ac
766 4687 973 4742 credite
1015 4703 1138 4743 eum
1183 4689 1279 4759 qui
1327 4689 1458 4742 talia
1514 4703 1612 4759 pro
1660 4690 1899 4761 antiquis
1942 4691 2049 4747 illis

481 4786 736 4845 Operatus
765 4786 870 4840 est,
902 4792 1009 4832 non
1051 4781 1312 4849 imparem
1348 4778 1589 4833 futurum
1621 4780 1688 4835 ad
1720 4781 1919 4836 similia
1949 4797 2049 4851 pro

480 4866 638 4919 Vobis
669 4868 895 4936 agenda.
926 4866 1107 4934 Quare
1141 4889 1159 4922 ι
1190 4870 1369 4926 venite
1395 4879 1450 4927 et
1477 4872 1654 4927 videte
1681 4887 1844 4943 opera
1876 4872 1992 4938 Dei,
2023 4893 2042 4925 ι

482 4971 645 5024 quam
700 4959 961 5014 terribilis
1013 4962 1085 5014 sit
1118 4980 1135 5012 ι
1167 4962 1223 5015 in
1273 4962 1522 5019 consiliis
1559 4979 1657 5034 pro
1706 4965 1831 5020 [iliis
1873 4965 2049 5019 homi-

480 5061 635 5100 num.
670 5065 686 5093 ι
720 5046 1000 5103 Convertit
1028 5050 1193 5119 igitur
1228 5068 1378 5108 mare
1407 5054 1461 5107 in
1490 5053 1696 5109 aridam
1722 5073 1737 5121 ;
1766 5064 1819 5110 et
1848 5058 1901 5109 in
1924 5053 2049 5108 Jor-

480 5137 622 5192 dane
662 5137 827 5192 ﬂuvio
860 5139 965 5193 alia
1006 5143 1251 5210 quaedam
1285 5145 1548 5200 terribilia
1585 5160 1750 5216 Opera
1794 5147 2046 5217 designa-

480 5229 581 5289 vit,
630 5230 849 5299 quando
892 5230 1131 5287 demisso
1181 5233 1403 5290 ﬂumine
1446 5237 1686 5306 pedibus.
1716 5239 2046 5307 pertransie-

480 5330 631 5383 runt,
661 5322 752 5391 qui
781 5337 850 5377 ex
890 5323 1107 5378 deserto
1135 5325 1202 5379 ad
1236 5325 1396 5381 istam
1425 5337 1628 5383 terram
1676 5338 2041 5385 accesserant.

480 5415 618 5481 Ipsis
666 5416 832 5483 igitur
860 5414 1160 5485 iisdemque
1204 5419 1591 5475 calceamentis
1640 5422 1745 5484 usi,
1788 5420 2044 5476 conﬁdite

480 5506 654 5575 ipsum
689 5507 854 5561 Deum
888 5508 1199 5578 spirituale‘s
1223 5510 1530 5582 Aegyptios,
1555 5513 1828 5568 damones
1849 5529 2044 5583 nempe

478 5601 765 5671 malignos,
816 5602 910 5671 qui
955 5602 1109 5673 olim_
1136 5603 1348 5662 animas
1389 5612 1597 5663 vestras
1632 5609 1685 5659 in
1721 5606 2039 5662 servitutem

546 5775 590 5805 “
616 5774 812 5847 Ephes.
846 5795 902 5845 ιι,
940 5779 1023 5837 l7.

2167 3218 2356 3286 ρείται.
2386 3215 2514 3268 Τίνα
2539 3214 2594 3268 δὲ
2614 3216 2804 3279 ταῦτα,
2833 3215 3072 3282 ἐπιλέγει
3097 3216 3222 3285 ἑξῆς
3241 3233 3255 3247 ·
3288 3235 3306 3267 ι
3347 3217 3404 3270 '0
3431 3219 3729 3289 μεταστρέ-

2162 3323 2277 3375 φων
2323 3307 2421 3376 τὴν
2474 3306 2747 3360 θάλασσαν
2793 3309 2871 3370 εἰς
2914 3306 3082 3378 ξηράν
3109 3323 3121 3336 ·
3158 3308 3215 3360 ἐν
3251 3309 3479 3380 ποταμῷ
3528 3310 3731 3363 διελεύο

2163 3414 2343 3451 σονται
2377 3398 2519 3453 ποδί.
2557 3419 2574 3451 ι
2630 3398 2788 3452 Κατά
2829 3399 2885 3452 δὲ
2910 3400 3001 3451 τὸν
3028 3401 3339 3471 Σύμμαχον·
3387 3421 3404 3451 ι
3432 3403 3730 3468 Μετέϐαλε,

2159 3492 2315 3561 φησὶ,
2362 3492 2460 3563 τὴν
2507 3491 2779 3546 θάλασσαν
2820 3495 2899 3557 εἰς
2958 3492 3155 3566 ξηράνο
3202 3494 3443 3565 ποταμὸν
3479 3495 3732 3566 διέϐησαν

2160 3583 2302 3638 ποδί.
2326 3603 2344 3636 ι
2383 3583 2565 3637 Ταῦτα
2586 3584 2644 3637 δὲ
2678 3584 2899 3655 φέρεται
2927 3588 2983 3639 ὲν
3015 3590 3080 3657 τῇ
3114 3587 3212 3657 τῆς
3240 3587 3480 3659 ἱστορίας
3507 3593 3692 3660 γραφῇ
3714 3606 3734 3620 ⁹

2157 3676 2193 3732 ἃ
2225 3676 2289 3749 δὴ
2314 3677 2627 3745 ἀναγκαίως
2659 3678 2735 3742 ὡς
2775 3678 2848 3749 μὴ
2870 3678 3033 3732 εἰδόσι
3074 3682 3182 3743 τοῖς
3220 3679 3425 3733 ἔθνεσιν
3456 3681 3729 3749 ἀπαγγέλο

2157 3769 2329 3832 λεται,
2358 3769 2434 3833 ὡς
2454 3769 2518 3822 ἂν
2552 3770 2795 3842 μάθοιεν,
2818 3772 2898 3823 ὅτι
2930 3771 3024 3823 καὶ
3044 3772 3075 3823 6
3099 3770 3264 3824 πάλαι
3312 3769 3407 3824 τοῦ
3443 3770 3576 3823 Θεοῦ
3604 3771 3728 3837 λαὸς

2155 3859 2223 3934 ἦν
2252 3881 2383 3916 ποτε
2417 3863 2732 3932 Αἰγυπτίοις
2757 3862 3170 3934 δεδουλωμένος,
3194 3862 3289 3916 καὶ⁵
3320 3865 3387 3934 τῇ
3423 3862 3598 3933 πλάνῃ
3629 3864 3727 3934 τῆς

2155 3953 2534 4022 Αἰγυπτιακῆς
2557 3954 2996 4025 εἰδωλολατρείας
3023 3954 3333 4024 ὑπηγμένος
3351 3970 3365 3984 ·
3397 3952 3511 4005 ἀλλ’
3538 3954 3725 4025 εἴργα-

2157 4061 2279 4098 σται
2302 4044 2442 4115 ὑπὲρ
2473 4045 2651 4098 αὐτῶν
2673 4048 2701 4098 6
2723 4044 2853 4108 Θεὸς
2885 4044 3095 4113 μεγάλα
3123 4046 3216 4098 καὶ
3244 4043 3470 4115 φοϐερά,
3496 4043 3726 4115 πληγαῖς

2159 4137 2257 4208 μὲν
2286 4140 2413 4201 τοὺς
2442 4139 2771 4207 Αἰγυπτίους
2800 4138 3081 4209 θεηλάτοις
3114 4138 3398 4209 μαστίξας,
3441 4138 3639 4201 αὐτοὺς
3671 4138 3731 4191 δὲ

2149 4231 2250 4299 τῆς
2300 4232 2500 4302 πικρᾶς
2554 4230 2795 4295 δουλείας
2845 4231 3231 4303 ἐλευθερώσας.
3279 4231 3464 4286 Ταῦτα
3508 4232 3619 4304 γὰρ
3658 4229 3726 4305 ἦν

2148 4322 2216 4374 τά
2249 4321 2454 4394 φοϐερά
2486 4322 2578 4376 τοῦ
2601 4323 2735 4376 Θεοῦ
2768 4323 2922 4395 ἔργα,
2947 4325 3008 4378 οὐ
3033 4325 3189 4395 μόνα,
3214 4324 3349 4378 ἀλλά
3372 4325 3465 4378 καὶ
3504 4326 3599 4378 ἐπὶ
3627 4326 3727 4396 τῆς

2150 4413 2424 4485 θαλάσσης
2450 4414 2548 4484 τῆς
2601 4416 2900 4488 Ἐρυθρᾶς
2936 4418 3002 4489 ἦν
3034 4420 3113 4480 εἰς
3162 4417 3331 4488 ξηρὰν
3382 4416 3721 4488 μεταϐαλὼν,

2082 4487 2122 4540 D
2150 4505 2373 4559 διέσωσε
2421 4507 2521 4577 μὲν
2571 4508 2697 4571 τοὺς
2729 4487 2997 4574 οἰκείους,
3031 4510 3158 4573 τοὺς
3205 4487 3261 4564 δὲ
3315 4487 3530 4573 ἀσεϐεῖς
3576 4510 3725 4583 βυθῷ

2150 4602 2461 4673 παρέδωκεν
2515 4603 2813 4669 ἀπωλείας.
2875 4606 3059 4661 Ταῦτα
3104 4606 3160 4660 δὲ
3228 4608 3589 4678 μανθάνοντες
3614 4647 3630 4670 ,
3678 4601 3723 4659 ὧ

2145 4689 2312 4760 οὗτοι,
2344 4698 2496 4767 φησι,
2523 4696 2795 4769 θαρσεῖτε,
2830 4700 3191 4763 πιστεύοντες,
3225 4700 3361 4753 ὅτιό
3386 4701 3454 4754 τά
3487 4702 3723 4755 τοσαῦτα

2147 4788 2522 4857 ἐργασάμενος
2561 4788 2653 4841 ἐπὶ
2689 4789 2798 4844 τῶν
2844 4790 3087 4843 παλαιῶν
3139 4791 3237 4843 οὐκ
3290 4790 3608 4862 ἀδυνατήσει
3653 4792 3720 4845 τὰ

2146 4879 2306 4948 ὃμοια
2336 4881 2433 4933 καὶ
2465 4882 2547 4951 ἐφ’
2583 4881 2738 4952 ὑμῶν
2767 4881 3238 4953 καταπράξασθαι.
3258 4882 3347 4934 Διὸ
3385 4900 3402 4932 ι
3437 4880 3591 4935 δεῦτε
3626 4900 3719 4937 και

2150 4967 2285 5020 ἴδετε
2313 4968 2381 5022 τά
2411 4970 2545 5041 ἔργα
2567 4971 2661 5024 τοῦ
2684 4971 2844 5036 Θεοῦ,
2871 4990 2888 5022 ι
2922 4973 2997 5035 ὡς
3028 4972 3256 5043 φοϐερός
3277 4973 3423 5024 ἐστιν
3458 4991 3476 5023 ι
3505 4974 3561 5024 ὲν
3594 4971 3718 5042 βου-

2146 5058 2265 5124 λαῖς
2297 5060 2438 5132 ὑπὲρ
2464 5061 2592 5124 τοὺς
2625 5063 2774 5125 υίοὺς
2831 5061 2938 5116 τῶν
2970 5060 3290 5131 ἀνθρώπιον.
3320 5081 3337 5112 ι
3370 5060 3714 5131 Μετέστρειξε

2144 5152 2275 5220 γοῦν
2310 5152 2408 5222 τὴν
2443 5152 2716 5208 θάλασσαν
2746 5156 2825 5217 εἰς
2847 5154 3017 5225 ξηράν
3036 5172 3050 5185 ·
3080 5157 3173 5208 καὶ
3195 5156 3286 5208 ἐπὶ
3311 5154 3404 5208 τοῦ
3450 5154 3713 5223 Ἰορδάνου

2143 5246 2200 5299 δὲ
2229 5244 2473 5315 ποταμοῦ
2512 5245 2647 5301 ἀλλα
2686 5246 2809 5300 τινὰ
2861 5246 3066 5317 φοϐερά
3107 5245 3358 5316 θαύματα
3398 5245 3710 5316 εἰργάσατο,

2142 5341 2232 5394 ὅτε
2263 5340 2475 5411 διῆλθον
2509 5343 2623 5404 τοῖς
2659 5342 2845 5406 ποσὶν,
2880 5339 3273 5405 ὑποσταλὲντος
3304 5339 3398 5393 τοῦ
3442 5338 3707 5410 ποταμοῦ,

2142 5434 2191 5484 οἰ
2223 5431 2330 5485 ἀπὸ
2377 5432 2477 5501 τῆς
2526 5433 2730 5504 ὲρήμου
2782 5432 3069 5503 παριόντες
3114 5432 3207 5485 ἐπὶ
3246 5431 3400 5502 τήνδε
3450 5430 3547 5502 τὴν
3585 5430 3706 5499 γῆν.

2143 5522 2363 5583 Τούτοις
2395 5520 2459 5592 δὴ
2506 5516 2598 5574 οὖν
2632 5521 2814 5585 αὐτοῖς
2848 5521 3151 5592 ὑποδήμασι
3191 5521 3550 5593 χρησάμενοι,
3581 5519 3710 5591 θαρ-

2144 5614 2307 5678 σεῖτε,
2339 5610 2416 5675 ὡς
2459 5614 2552 5667 καὶ
2595 5614 2720 5679 τοὺς
2769 5614 3062 5686 ὑμετέρους
3110 5615 3330 5685 νοητοὺς
3356 5613 3705 5682 Αἰγυπτίους,
