4100 6532
438 330 544 387 655
1570 342 1963 400 (ΣΟΜΜΕΝΤΑῙ

2068 386 2075 401 .
2115 346 2182 403 IN
2220 347 2561 405 PSALMOS.
3572 353 3675 411 654

434 443 696 515 δαίμονας
728 451 998 522 πονηροὺς
1022 491 1037 517 ,
1069 453 1195 517 τοὺς
1244 454 1407 509 πάλαι
1460 458 1963 515 καταδυναστεύοντι

2068 474 2096 523 Α
2126 463 2468 534 redigehant,
2504 466 2880 535 expulsurum.
2918 466 3146 524 Etiamsi
3181 485 3329 527 mare
3361 472 3497 529 illud
3526 475 3702 532 homi-

434 535 542 590 τῶν
586 537 867 611 ὑμετέρων
897 541 1105 612 ψυχῶν,
1136 544 1398 599 ἀπελάσει
1436 549 1465 599 6
1496 547 1658 613 αὑτὸς
1704 551 1855 615 Θεός.
1902 553 1963 606 Κὶ

2124 570 2255 609 num
2290 554 2548 613 ﬂuctibus
2572 557 2923 626 intumescat,
2948 561 3165 617 etiamsi
3200 564 3484 620 atheorum
3514 575 3569 623 et
3600 570 3705 625 im-

430 628 674 703 κυμαίνῃ
710 630 768 683 δὲ
802 633 836 704 ἠ
879 633 990 685 τῶν
1032 635 1338 705 ἀνθρώπων
1372 638 1650 705 θάλασσα,
1697 643 1802 697 κᾶν
1835 646 1863 697 6
1909 644 1963 697 τὲ

2122 645 2340 714 piorum
2390 662 2565 718 genus
2602 647 2803 707 ﬂuctus
2852 659 2907 707 et
2955 653 3199 723 pericula
3229 656 3385 713 vobis
3437 660 3697 726 suscitet;

427 720 606 774 ἀθέων
666 724 762 777 καὶ
814 726 1029 781 ἀσεϐῶν
1084 728 1198 800 βίος
1254 730 1531 797 κλύδωνας
1586 735 1682 788 καὶ
1742 737 1963 791 κινδύνοι

2120 736 2379 792 conﬁdite
2408 745 2613 805 tamen,
2660 756 2786 795 cum
2818 747 3124 813 exemplum
3156 746 3311 801 vobis
3339 750 3699 819 conSpicuum

426 812 617 886 ἐγείρῃ
651 815 773 868 καθ’
808 818 961 889 ὑμῶν
987 835 999 849 ·
1036 819 1287 893 θαρσεῖτε
1327 824 1504 895 ὑμεῖς,
1541 826 1769 900 ἐναργὲς
1801 827 1963 900 ἔχοντι

2117 828 2402 898 oﬂ'eratur,
2434 846 2587 888 mare
2610 833 2823 889 scilicet
2848 836 2977 890 olim
3011 853 3233 894 versum
3260 840 3316 894 in
3350 842 3578 899 aridam.
3606 843 3699 900 Sic

425 903 735 997 ὑπόδειγμα
754 907 852 981 τὴν
874 910 1042 966 πάλαι
1065 918 1395 984 στραφεῖσαν
1428 916 1702 975 θάλασσαν
1718 923 1797 986 είς
1818 922 1963 995 ξηρά

2116 924 2317 995 quippe
2344 925 2501 982 vobis
2526 928 2835 997 expeditus.
2875 945 2940 985 ac
2985 933 3138 988 nullo
3168 934 3328 990 obice
3364 936 3697 995 interclusus

423 995 610 1094 Ούτως
653 999 761 1072 γὰρ
788 1004 882 1055 καὶ
938 1004 1067 1075 ὑμῖν
1097 1007 1273 1080 ὁμαλή
1303 1026 1385 1073 τις
1432 1009 1586 1065 ἔσται
1605 1052 1621 1078 ,
1671 1014 1767 1067 καὶ
1797 1016 1963 1088 άπαρι

2112 1015 2217 1070 erit
2239 1017 2307 1071 ab
2341 1032 2530 1073 errore
2569 995 2636 1073 ad
2674 1021 2957 1076 veritatem
2989 1025 3277 1082 transitus.
3310 1025 3468 1094 Quod
3502 1031 3546 1085 si
3574 1028 3697 1086 Jor-

422 1086 729 1188 πόδιστοςὴ
763 1092 872 1145 ἀπὸ
905 1094 1006 1165 τῆς
1050 1094 1260 1167 πλάνης
1290 1098 1427 1170 πρὸς
1455 1100 1554 1173 τὴν
1596 1102 1855 1175 ἀλήθειαν
1891 1086 1963 1161 διὸ

2111 1106 2306 1164 danem
2328 1109 2553 1167 ﬂuvium
2582 1113 2792 1182 antiqui
2826 1114 2903 1168 illi
2926 1115 3304 1188 inexspectato
3319 1086 3489 1177 modo
3512 1129 3694 1179 trans-

419 1177 596 1245 ϐασις.
630 1183 693 1235 Ei
734 1184 792 1237 δὲ
827 1186 921 1239 καὶ
954 1188 1199 1260 ποταμόν
1229 1206 1358 1244 ποτε
1398 1192 1491 1247 τὸν
1528 1194 1799 1269 Ἰορδάνην
1829 1215 1963 1271 παρα

2109 1200 2326 1269 ierunt;
2382 1209 2438 1256 at
2479 1217 2577 1260 vos
2627 1177 2848 1275 quoque
2896 1206 3002 1263 b'oc
3044 1177 3296 1281 eremplo
3338 1211 3692 1285 Evangelium

419 1271 583 1339 δόξως
621 1274 833 1349 διῆλθον
867 1280 916 1331 οί
970 1279 1212 1347 παλαιοὶ,
1244 1283 1378 1337 ἀλλὰ
1411 1287 1509 1339 καὶ
1554 1288 1712 1360 ὑμεῖς
1757 1291 1963 1346 ἐντεῦθε

2106 1293 2365 1364 excipite,
2400 1271 2814 1368 scientes—quod
2845 1306 2959 1353 tum
3003 1315 3106 1356 nos
3140 1271 3246 1371 ipsi
3285 1303 3379 1374 qui
3410 1271 3527 1360 haec
3553 1303 3685 1360 dici»

417 1363 513 1466 ἤδη
546 1367 993 1466 εὐαγγελίζεσθε,
1031 1374 1415 1443 γινώσκοντες,
1453 1381 1535 1434 ὅτι
1571 1383 1733 1454 ἡμεῖς
1768 1385 1923 1440 αὑτοὶ
1954 1406 1963 1440 ε

2105 1363 2251 1449 mus,
2279 1392 2395 1439 tum
2428 1401 2527 1443 vos
2547 1390 2640 1457 qui
2668 1363 2894 1455 auditis,
2933 1410 2953 1443 ‹
2978 1390 3056 1446 ibi
3086 1363 3395 1448 laetabimur
3424 1394 3478 1449 in
3498 1395 3639 1466 ipso.
3664 1412 3684 1447 ι

416 1456 585 1511 ταῦτα
613 1458 863 1529 λέγοντες
893 1464 988 1517 καὶ
1010 1466 1169 1537 ὑμεῖς
1190 1468 1239 1520 οἱ
1262 1469 1554 1537 ἀκούοντες
1585 1492 1605 1525 ι
1631 1476 1748 1529 ἐκεῖ
1767 1478 1963 1551 εὑφραι

2105 1475 2204 1539 lbi,
2245 1477 2458 1534 scilicet
2499 1456 2893 1537 inimemorato
2922 1480 3110 1538 ﬂuvio.
3146 1484 3264 1540 Erit
3292 1456 3536 1556 tempus:
3558 1490 3686 1553 erit,

414 1546 691 1621 θησόμεθα
724 1554 783 1606 ἐν
810 1554 979 1627 αὑτῷ.
1037 1578 1055 1609 ι
1095 1559 1259 1624 Ἐκεῖ,
1282 1562 1482 1636 δηλαδὴ
1515 1566 1671 1637 ἐντῷ
1708 1546 1963 1640 μνησθ-ἑνπ

2101 1566 2350 1637 inquam,
2390 1582 2501 1638 quo
2528 1584 2629 1625 ceu
2660 1570 2729 1625 ad
2774 1573 3084 1627 convivium
3129 1582 3457 1645 apparantes
3488 1593 3585 1641 se,
3619 1578 3687 1633 ad

415 1641 659 1712 ποταμῷ.
705 1644 898 1699 Ἔσται
936 1646 1067 1721 γὰρ,
1100 1648 1255 1704 ἔσται
1283 1654 1494 1725 καιρὸς,
1531 1655 1657 1710 καθ’
1693 1658 1773 1724 ὃν,
1809 1659 1959 1715 ὥσπε

2101 1660 2377 1716 lavacrum
2412 1664 2841 1733 regenerationis
2881 1666 3164 1730 accedent,
3203 1667 3271 1722 ad
3312 1669 3597 1740 mysticam
3627 1671 3686 1726 in

412 1733 490 1795 είς
519 1736 818 1806 συμπόσιον
861 1742 1439 1815 παρασκευαζόμενοι,
1476 1748 1569 1802 ἐπὶ
1612 1748 1841 1824 λουτροῦ
1893 1773 1963 1808 πα

2097 1749 2338 1807 Jordane
2379 1751 2546 1806 ﬂuvio
2584 1754 2950 1825 peragendam
2984 1756 3233 1811 sordium
3277 1733 3679 1829 purgationem.

408 1824 748 1893 λιγγενεσίας
781 1830 1183 1903 ἀπαντήσουσιν
1230 1838 1310 1901 εἰς
1361 1838 1460 1910 τὴν
1512 1841 1571 1894 ἐν
1615 1842 1693 1913 τῷ
1748 1818 1963 1917 ’Ἰορδάνλ

2068 1830 2193 1912 Lqui
2222 1841 2291 1897 ab
2332 1818 2656 1914 Egyptiaco
2687 1818 2877 1900 errore
2920 1845 3133 1901 liberati
3182 1818 3330 1904 sunt.
3378 1818 3475 1907 Dis
3509 1818 3676 1921 porro

407 1918 638 1990 ποταμῷ
668 1925 937 1995 μυστικὴν
969 1925 1347 2000 ἀποκάθαρσιν
1386 1931 1435 1984 οἱ
1471 1933 1570 2003 τῆς
1613 1936 1963 2012 Αἰγυπτιακῆ

2097 1935 2441 2006 signiﬁcatur
2470 1936 2751 1991 lavacrum
2792 1939 3245 2009 regenerationis,
3283 1942 3429 2012 quod
3457 1918 3527 1998 ab
3554 1944 3680 1999 Jor-

405 2007 850 2107 ελευθερούμενοι
897 2016 1123 2088 πλάνης.
1180 2022 1443 2093 Σημαίνει
1488 2024 1546 2078 δὲ
1595 2027 1685 2082 διὰ
1728 2007 1962 2085 τούτων*

2094 2030 2234 2085 dane
2283 2027 2447 2086 ﬂuvio
2515 2033 2737 2103 incepit,
2799 2007 2925 2086 cum
2976 2031 3216 2090 Joannes
3276 2034 3520 2107 Baptista
3581 2036 3681 2093 Ju-

401 2101 558 2199 λόγος
580 2103 641 2157 τὸ
673 2103 898 2180 λουτρὸν
928 2110 1026 2181 τῆς
1058 2111 1500 2181 παλιγγενεσίας,
1546 2118 1852 2192 ἀρξάμενον
1884 2125 1963 2178 ἀπ

2092 2122 2263 2197 deam
2295 2101 2663 2193 percurreret,
2694 2126 2999 2195 praadicans
3038 2101 3372 2197 baptismum
3400 2130 3676 2199 pmniten~

404 2193 491 2248 τοῦ
524 2197 784 2269 Ἰορδάνου
806 2203 1073 2274 ποταμοῦ,
1098 2205 1336 2276 ὁπηνίκα
1359 2210 1386 2260 6
1407 2209 1714 2283 Βαπτιστὴς
1740 2216 1957 2290 Ἰωάννη

2091 2194 2200 2278 tite,
2235 2228 2537 2285 omnesque
2556 2193 2946 2273 cum—Graecos
2978 2227 3093 2272 tum
3124 2218 3344 2276 Iudaeos
3365 2221 3677 2277 admitteret

398 2288 455 2341 ὲν
490 2291 555 2359 τῇ
592 2292 786 2363 ἐρήμῳ
825 2295 923 2365 τῆς
981 2296 1239 2363 Ἰουδαίας
1280 2299 1518 2372 παρῄει,
1550 2305 1842 2375 κηρύσσων

400 2396 603 2451 πτισμα
639 2387 949 2453 μετανοίας,
979 2391 1237 2459 προσίετό
1262 2410 1322 2446 τε
1351 2392 1559 2457 πάντας
1589 2395 1857 2469 ’Έλληνας
1891 2402 1985 2455 καὶ

406 2470 694 2537 Ἰουδαίους
710 2476 806 2529 ἐπὶ
831 2479 929 2549 τὴν
951 2480 1340 2554 ἐξομολόγησιν
1359 2484 1467 2538 τῶν
1483 2490 1947 2561 παραπτωμάτων
1966 2509 1979 2523 ⁸

398 2564 479 2616 Sta
512 2564 606 2617 καὶ
658 2566 819 2631 αὑτὸς
846 2570 874 2622 6
924 2570 1115 2644 Σωτὴρ
1162 2575 1258 2627 καὶ
1300 2575 1508 2647 Κύριος
1553 2578 1708 2648 ήμῶν
1752 2582 1983 2647 ἐπιστὰς

399 2654 479 2708 τὸν
512 2657 675 2711 αὑτὸν
710 2660 1013 2731 κατηξίωσε
1039 2666 1283 2737 ποταμὸν
1314 2668 1413 2739 τῆς
1439 2658 1626 2741 θεῖκῆς
1651 2671 1817 2726 αὑτοῦ
1854 2675 1978 2728 ἐπι-

393 2746 625 2814 ϐάσεως.
671 2754 761 2805 Διὸ
793 2756 852 2807 ὲν
890 2759 1003 2820 τοῖς
1047 2760 1428 2832 προκειμένοις
1453 2762 1736 2820 λέλεκταιο
1772 2785 1791 2818 α
1833 2768 1980 2823 Ἐκεῖ

392 2844 878 2917 εὑφρανθησόμεθα
911 2850 970 2903 ἐν
1001 2851 1171 2922 αὑτῷ.
1223 2872 1242 2905 ι
1282 2854 1472 2909 Ἔνθεν
1500 2857 1726 2923 είκότως
1752 2860 1814 2913 τὸ
1845 2863 1978 2916 αὑτὸ

393 2938 728 3006 προφητικὸν
758 2941 974 3013 πνεῦμα
1010 2942 1100 2997 διὰ
1132 2946 1354 3000 Ἡσαΐου
1381 2946 1482 3019 τὴν
1508 2948 1713 3021 ἔρημον
1747 2952 1977 3023 εύαγγε-

386 3025 667 3098 λιζόμενον
692 3032 784 3084 καὶ
814 3033 979 3087 αὑτοῦ
1014 3037 1236 3107 μνήμην
1260 3039 1551 3112 πεποίηται
1579 3042 1675 3096 τοῦ
1710 3044 1973 3116 Ἰορδάνου

2087 2308 2157 2363 ad
2207 2307 2616 2364 confessionem
2675 2310 3196 2367 delictorum:cum
3245 2316 3363 2383 ipse
3417 2312 3676 2371 Servatur

2085 2406 2140 2453 et
2173 2397 2435 2454 Dominus
2456 2408 2645 2456 noster
2668 2410 2877 2468 astans,
2904 2402 3084 2471 ipsum
3112 2402 3337 2458 ﬂuvium
3362 2404 3548 2460 divino
3570 2422 3674 2464 suo

2084 2490 2233 2545 aditu
2281 2490 2543 2561 dignatus
2570 2499 2676 2547 est.
2721 2488 3069 2564 Quapropter
3097 2509 3266 2565 supra
3288 2494 3496 2550 dictum
3537 2506 3621 2553 est
3651 2515 3666 2552 :

2087 2600 2105 2632 ι
2136 2579 2216 2635 lbi
2252 2582 2563 2638 laatabimur
2596 2584 2652 2638 in
2700 2586 2839 2653 ipso.
2874 2602 2893 2636 ι
2931 2582 3087 2641 Unde
3128 2594 3183 2640 et
3218 2586 3417 2642 merito
3451 2588 3669 2658 quidem

2082 2674 2225 2733 idem
2265 2675 2619 2746 propheticus
2659 2676 2909 2746 Spiritus,
2958 2677 3051 2731 ubi
3094 2676 3315 2733 deserto
3344 2694 3441 2749 per
3471 2677 3667 2735 Isaiam

2080 2764 2257 2821 fausta
2296 2765 2605 2829 denuntiat,
2640 2767 2816 2837 ipsius
2863 2765 3122 2824 Jordanis
3154 2769 3487 2825 mentionem
3535 2769 3666 2826 facit

2077 2858 2267 2913 dicens
2293 2878 2305 2913 :
2335 2877 2354 2909 ι
2385 2857 2616 2923 Laetare,
2649 2860 2927 2916 desertum
2971 2862 3202 2929 sitiens;
3233 2860 3332 2916 sed
3364 2863 3532 2917 etiam
3561 2880 3658 2918 ex-

2076 2950 2242 3005 sultet
2288 2951 2549 3017 solitudo,
2584 2960 2639 3007 et
2678 2949 2868 3006 ﬂoreat
2908 2954 3070 3021 quasi
3121 2953 3296 3007 lilium
3326 2972 3337 3007 :
3373 2962 3427 3009 et
3450 2954 3663 3010 cillore-

2077 3052 2232 3097 scent
2254 3050 2309 3098 et
2332 3043 2687 3099 exsultabunt
2704 3044 2922 3099 deserta
2945 3042 3222 3100 Iordanis.
3241 3044 3663 3112 Confortamini,

387 3119 542 3188 λέγον
564 3138 576 3150 ·
615 3139 633 3170 ι
665 3123 1037 3197 Εὑφράνθητι,
1067 3127 1273 3200 ἔρημος
1312 3130 1541 3202 διψῶσα’
1566 3134 1682 3188 ἀλλ’
1716 3136 1963 3205 ἀγαλλιά-

2078 3151 2274 3192 manus
2322 3137 2565 3192 remissae
2606 3144 2661 3192 et
2714 3152 2890 3207 genua
2922 3137 3229 3205 dissoluta;
3276 3137 3661 3206 consolamini,

385 3210 496 3265 σθω
522 3212 745 3285 ἔρημος,
764 3216 855 3269 καὶ
877 3218 1108 3274 ἀνθείτω
1125 3221 1200 3286 ὡς
1226 3221 1430 3294 κρίνον·
1461 3224 1555 3278 καὶ
1576 3226 1860 3300 ὲξανθήσει
1881 3232 1976 3284 καὶ

382 3304 485 3375 ἀγα
494 3306 769 3362 λλιάσεται
788 3310 856 3363 τὰ
870 3310 966 3384 ἕρη
977 3331 1051 3383 μα
1065 3314 1158 3368 τοῦ
1175 3315 1461 3389 Ἰορδάνου.
1481 3318 1753 3390 ’ἰσχύσατε
1763 3362 1777 3387 ,
1796 3326 1976 3397 χεῖρες

381 3398 682 3469 ἀνειμέναι,
715 3404 807 3457 καὶ
829 3406 1029 3473 γόνατα
1068 3408 1519 3481 παραλελυμένα·
1551 3415 1971 3486 παρακαλέσατε

379 3491 427 3545 οί
444 3492 754 3564 ὀλιγόψυχοι
774 3499 839 3567 τῇ
858 3497 1084 3570 διανοίᾳ.
1103 3497 1400 3570 Ἰσχύσατε,
1424 3504 1497 3575 μὴ
1512 3506 1781 3574 φοϐεῖσθε.
1802 3510 1929 3563 Ἰδοὺ
1942 3510 1971 3561 6

378 3583 509 3647 Θεὸς
526 3585 684 3657 ήμῶν
704 3587 883 3657 κρίσιν
900 3589 1358 3648 άπαποδέδωκεν·
1382 3597 1544 3661 αὑτὸς
1561 3598 1682 3669 ἥξει
1698 3602 1790 3654 καὶ
1805 3601 1968 3659 σώσει

378 3679 545 3750 ἡμᾶς.
576 3680 709 3733 Τότε
740 3681 1149 3753 ἁνοιχθήσονται
1175 3684 1443 3758 ὀφθαλμοὶ
1475 3689 1713 3759 τυφλῶν,
1737 3693 1831 3746 καὶ
1854 3688 1967 3749 ὦτα

375 3769 577 3839 κωφῶν
604 3771 946 3827 ἀκούσονται.
980 3774 1112 3828 Τότε
1142 3776 1347 3831 άλεῖται
1374 3778 1448 3843 ὡς
1475 3780 1672 3851 ἔλαφος
1716 3785 1745 3837 6
1769 3785 1961 3855 χωλὸς,

373 3865 469 3917 καὶ
498 3864 669 3936 τρανὴ
703 3865 857 3918 ἔσται
890 3865 1114 3934 γλῶσσα
1154 3868 1458 3939 μογιλάλων
1484 3888 1497 3901 ·
1531 3872 1612 3926 ὃτι
1645 3874 1856 3947 ἐρράγη
1904 3879 1963 3930 ἐν

370 3959 437 4027 τῇ
466 3958 657 4029 ἐρήμῳ
682 3957 825 4028 ὕδωρ
846 3998 859 4021 ,
893 3961 988 4013 καὶ
1017 3960 1234 4033 φάραγξ
1262 3962 1320 4014 ὲν
1344 3964 1414 4035 γῇ
1444 3962 1673 4038 διψώσῃ.
1700 3986 1717 4017 ι
1744 3968 1960 4041 Ταύτην

2085 3230 2177 3300 qui
2215 3239 2393 3285 mente
2422 3229 2802 3299 pusillanimes
2838 3230 2995 3285 estis.
3037 3229 3463 3298 Confortamini,
3493 3233 3663 3288 nolite

2086 3322 2297 3377 timere.
2341 3321 2483 3377 Ecce
2524 3320 2669 3377 Deus
2700 3330 2889 3377 noster
2920 3322 3193 3392 judicium
3225 3323 3518 3378 retribuit:
3545 3323 3661 3392 ipse

2080 3416 2261 3472 veniet
2292 3422 2347 3470 et
2374 3414 2607 3470 salvabit
2634 3429 2756 3471 nos.
2793 3414 2949 3469 Tunc
2978 3415 3294 3485 aperientur
3318 3416 3465 3469 oculi
3490 3430 3659 3470 casco-

2078 3523 2223 3572 rum,
2259 3513 2313 3562 et
2345 3521 2509 3562 aures
2530 3505 2821 3562 surdorum
2853 3507 3097 3562 audient.
3136 3503 3292 3561 Tunc
3319 3504 3479 3561 saliet
3498 3507 3658 3577 quasi

2076 3608 2272 3650 cervus
2299 3595 2550 3657 claudus,
2584 3604 2639 3649 et
2671 3596 2856 3666 lingua
2888 3594 3306 3650 baibutientium
3338 3596 3487 3649 clara
3512 3597 3654 3651 erit:

2074 3686 2204 3757 quia
2238 3695 2433 3756 erupta
2464 3698 2549 3741 est
2588 3688 2642 3740 in
2665 3686 2883 3743 deserto
2906 3701 3069 3756 aqua,
3100 3696 3156 3741 et
3185 3694 3401 3742 torrens
3428 3687 3482 3740 in
3508 3696 3656 3741 terra

2073 3778 2281 3833 sitienti
2306 3777 2373 3829 δ’.
2414 3797 2433 3829 ›
2466 3776 2543 3832 De
2570 3777 2674 3832 hoc
2704 3777 2947 3847 loquitur
2981 3778 3035 3831 in
3067 3777 3321 3846 praesenti
3349 3792 3363 3830 :
3398 3796 3415 3829 ‹
3447 3778 3526 3832 lbi
3564 3780 3654 3834 lan—

2071 3868 2310 3924 tabimur
2341 3868 2396 3923 in
2428 3868 2568 3939 ipso.
2604 3887 2622 3919 ι
2662 3868 2795 3934 Quae
2826 3869 2881 3922 in
2916 3866 3105 3921 divino
3138 3865 3448 3923 Servatoris
3473 3870 3648 3924 nostri

2069 3960 2138 4015 ad
2181 3960 2432 4015 homines
2483 3959 2721 4015 adventu
2778 3959 3001 4029 impleta
3047 3967 3198 4014 sunt.
3234 3957 3393 4015 Unde
3443 3962 3650 4015 merito

368 4049 708 4106 διαλέλεκται
753 4055 845 4107 ἐπὶ
876 4053 970 4107 τοῦ
1012 4055 1309 4126 παρόντος⁶
1351 4076 1370 4109 ι
1410 4058 1557 4111 Ἐκεῖ
1588 4060 1959 4133 εὑφρανθησό-

2068 4066 2309 4124 praesens
2336 4053 2583 4123 psalmus
2603 4068 2793 4108 omnes
2814 4060 3004 4122 gentes
3026 4052 3368 4123 compellans
3392 4052 3604 4108 dicebat
3631 4070 3646 4109 :

370 4144 515 4214 μεθα
546 4146 604 4197 ὲν
634 4145 782 4217 αὑτῷ
804 4164 817 4176 ο
852 4166 870 4199 ι
904 4146 939 4201 ἃ
970 4147 1034 4218 δὴ
1065 4148 1370 4220 ἐπληροῦτο
1402 4150 1545 4205 κατὰ
1577 4152 1677 4223 τὴν
1710 4153 1805 4208 τοῦ
1848 4155 1958 4209 Σω-

2070 4162 2090 4196 ι
2120 4143 2314 4201 Venite
2352 4152 2407 4201 et
2441 4145 2623 4201 videte
2667 4159 2835 4216 opera
2868 4143 2998 4210 Dei;
3032 4163 3049 4195 ι
3084 4159 3149 4199 ac
3198 4160 3420 4201 rursum
3451 4164 3463 4200 :
3503 4164 3521 4198 ι
3553 4145 3649 4199 Di-

366 4237 537 4309 τῆρος
568 4237 725 4309 ἡμῶν
758 4241 838 4303 εἰς
859 4239 1179 4312 ἀνθρώπους
1210 4240 1547 4311 θεοφάνειαν.
1584 4244 1776 4299 Ἔνθεν
1814 4246 1956 4299 εἰκό-

2068 4239 2173 4295 cite
2218 4238 2330 4295 Deo
2372 4238 2592 4305 :Quam
2643 4237 2908 4293 terribilia
2953 4245 3086 4293 sunt
3136 4252 3305 4308 opera
3360 4239 3485 4293 tua!
3519 4258 3538 4293 ι
3584 4238 3648 4294 Et

364 4343 477 4391 τως
501 4329 530 4380 6
568 4329 759 4400 παρὼν
792 4328 1007 4399 ψαλμὸς
1042 4330 1214 4384 ἅπασι
1246 4334 1363 4396 τοῖς
1395 4332 1574 4387 ἔθνεσι
1615 4335 1952 4406 προσφωνῶν

2068 4332 2219 4387 valde
2251 4339 2653 4403 consequenter
2680 4339 2973 4403 postquam
3002 4330 3249 4386 dixerat:
3287 4349 3305 4382 ι
3338 4331 3418 4387 lbi
3451 4332 3647 4387 laetabi-

364 4423 555 4492 ἐλεγεο
597 4442 615 4475 ‹
645 4423 810 4477 Δεῦτε
862 4425 956 4477 καὶ
1001 4424 1136 4477 ίδετε
1167 4425 1237 4479 τὰ
1286 4427 1423 4499 ἔργα
1470 4427 1565 4481 τοῦ
1596 4428 1731 4482 Θεοῦ
1752 4446 1764 4459 ο
1797 4449 1817 4482 ι
1858 4431 1951 4484 καὶ¹

2068 4439 2185 4478 mur
2226 4426 2283 4479 in
2317 4425 2460 4495 ipso,
2492 4445 2512 4479 ι
2548 4424 2755 4481 infert:
2794 4444 2812 4477 ‹
2848 4423 2952 4491 Qui
2981 4424 3298 4480 dominatur
3347 4426 3404 4479 in
3447 4425 3648 4479 virtute

364 4516 558 4570 πάλινο
592 4536 611 4567 ι
644 4516 848 4570 Εἴπατε
871 4517 950 4588 τῷ
978 4517 1124 4588 Θεῷ·
1170 4519 1256 4583 Ὡς
1282 4520 1490 4593 φοϐερὰ
1517 4520 1589 4574 τὰ
1612 4520 1747 4594 ἔργα
1773 4526 1898 4577 acu!
1928 4544 1945 4575 ι

2068 4517 2277 4574 saeculo.
2311 4537 2329 4569 ι
2387 4517 2445 4571 ld
2483 4531 2704 4587 quoque
2754 4531 2921 4585 porro
2952 4516 3247 4586 intelligas,
3298 4514 3643 4570 Servatorcm

361 4610 580 4682 Σφόδρα
601 4610 658 4663 δὲ
685 4608 993 4673 ἀκολούθως
1012 4610 1179 4665 εἰπών
1199 4629 1211 4641 ·
1242 4631 1262 4663 ι
1298 4613 1446 4666 Ἐκεῖ
1465 4613 1951 4686 εὑφρανθησόμεθα

2068 4609 2285 4664 audiens
2311 4608 2583 4663 dicentem
2615 4626 2628 4660 :
2670 4624 2688 4657 ι
2719 4604 2855 4658 Data
2898 4614 2983 4659 est
3016 4604 3151 4657 mihi
3184 4604 3367 4659 omnis
3395 4612 3644 4673 potestas

362 4707 425 4758 ὲν
458 4702 625 4773 αὑτῷ,
658 4723 676 4753 ι
717 4702 969 4774 ἐπιφέρει
991 4721 1003 4733 ·
1029 4722 1047 4755 ι
1080 4703 1161 4780 Τᾷ
1222 4703 1537 4768 δεσπόζοντι
1588 4706 1646 4759 ὲν
1691 4708 1759 4777 τῇ
1793 4706 1951 4759 δυνα-

364 4797 520 4867 στείᾳ
581 4794 749 4849 αὑτοῦ
782 4795 875 4850 τοῦ
928 4795 1143 4859 αἰῶνος.
1191 4815 1209 4848 ι
1248 4797 1483 4868 Νοήσεις
1535 4797 1591 4850 δὲ
1645 4799 1739 4852 καὶ
1795 4797 1952 4852 τοῦτο

362 4887 531 4943 αὑτοῦ
564 4887 814 4956 λέγοντος
845 4887 1057 4942 ἀκούων
1095 4887 1190 4941 τοῦ
1239 4889 1518 4961 Σωτῆροςο
1552 4908 1571 4941 ‹
1616 4889 1801 4961 Ἐδόθη
1860 4908 1949 4960 μοι

358 4982 513 5039 πᾶσα
536 4979 753 5045 ἐξουσία
777 4981 834 5033 ὲν
860 4978 1072 5051 οὐρανῷ
1092 4981 1188 5033 καὶ
1212 4981 1306 5034 ἐπὶ
1331 4981 1431 5051 τῆς
1455 4982 1557 5051 γῆς
1577 4997 1589 5010 ·
1625 4980 1948 5052 πορεύοντες

364 5073 742 5145 μαθητεύσατε
772 5074 951 5128 πάντα
982 5073 1051 5127 τὰ
1105 5074 1230 5145 ἔθνη
1274 5076 1332 5127 ὲν
1373 5073 1451 5145 τῷ
1500 5074 1725 5144 ὀνόματί
1768 5091 1888 5145 μου.
1921 5094 1941 5127 ι

358 5165 454 5217 Διὸ
486 5164 630 5218 κατὰ
655 5165 754 5236 μὲν
773 5166 863 5219 τὸν
880 5164 1111 5220 Ἀκύλαν
1140 5166 1354 5237 εἴρηται
1377 5182 1389 5195 ·
1421 5185 1439 5217 ι
1466 5163 1555 5235 Τῷ
1582 5163 1945 5230 ὲξουσιάζοντι

359 5258 420 5311 ὲν
444 5260 511 5330 τῇ
547 5258 834 5329 δυναστείᾳ
884 5257 1049 5312 αὑτοῦ
1090 5258 1154 5311 δι’
1189 5258 1404 5323 αἰῶνος.
1455 5277 1473 5309 ι
1524 5259 1633 5313 Καὶ
1670 5258 1845 5324 ἄλλως
1889 5259 1946 5313 δὲ

357 5349 851 5422 εὑφρανθησόμεθα
893 5352 951 5405 ἐν
982 5351 1133 5423 αὑτῷ
1183 5349 1291 5404 τῶν
1334 5350 1746 5422 προειρημένων
1778 5368 1946 5404 κατα-

360 5442 665 5507 ξιωθέντες.
698 5444 836 5496 Πότε
862 5443 921 5496 δὲ
964 5442 1483 5515 εὑφρανθησὸμεθα,
1517 5443 1629 5496 ἀλλ’
1666 5442 1884 5496 ἐπειδὰν
1916 5445 1945 5497 6

361 5538 576 5611 μέλλων
623 5539 822 5610 ἐπιστῇ
874 5538 1010 5591 αἰὼν
1033 5579 1048 5602 ,
1096 5531 1158 5591 οὑ
1206 5535 1302 5608 τὴν
1347 5536 1661 5591 δεσποτείαν
1700 5537 1795 5590 καὶ
1845 5537 1944 5608 τὴν

360 5633 609 5700 ἐξουσίαν
640 5632 747 5685 οὐδ’
775 5631 962 5703 ἕτερος
988 5630 1119 5697 ἕξει,
1148 5632 1179 5702 ἢ
1214 5630 1375 5702 μόνος
1399 5630 1561 5694 αὑτὸς
1594 5632 1623 5684 6
1656 5631 1757 5696 τὴν
1785 5629 1944 5684 δυνα-

432 5811 479 5842 ⁸³
503 5809 608 5867 lsa.
641 5826 803 5874 xxxv,
835 5810 856 5864 l
896 5810 949 5865 6.
1028 5811 1074 5843 ⁸⁸
1102 5808 1288 5863 Matth.
1326 5825 1519 5872 xxvm,
1560 5808 1648 5872 18,
1686 5808 1759 5863 19Δ

2054 4703 2109 4757 in
2141 4699 2281 4756 ccelo
2309 4709 2365 4755 et
2391 4700 2446 4753 in
2480 4707 2647 4754 terra.
2677 4697 2885 4753 Euntes
2914 4696 3106 4751 docete
3147 4710 3340 4751 omnes
3370 4704 3560 4766 gentes
3587 4697 3640 4749 in

2052 4794 2277 4852 nomine
2324 4807 2448 4847 meo
2472 4791 2540 4846 '°.
2574 4810 2593 4843 ι
2629 4790 2813 4856 Quare
2864 4788 3169 4844 secundum
3211 4787 3466 4859 Aquilam
3498 4788 3637 4841 dici-

2052 4895 2179 4942 tur:
2211 4905 2229 4937 ι
2263 4884 2369 4952 Qui
2402 4893 2724 4955 potestatem
2756 4882 2921 4937 habet
2962 4880 3016 4937 in
3041 4881 3244 4935 virtute
3274 4896 3374 4935 sua
3406 4896 3502 4950 per
3533 4896 3638 4935 sae-

2051 4981 2259 5035 culum.
2289 4998 2307 5031 ι
2352 4980 2504 5032 Alias
2536 4992 2755 5047 quoque
2783 4975 3089 5030 lmtahimur
3130 4975 3184 5028 in
3219 4974 3359 5045 ipso,
3390 4973 3501 5043 jam
3535 4990 3637 5029 ine-

2050 5073 2278 5127 moratis
2328 5071 2491 5126 bonis
2539 5069 2748 5125 donati.
2799 5067 3161 5134 Quandonam
3211 5067 3635 5129 exsultahimus.

2050 5161 2155 5216 nisi
2182 5176 2306 5215 cum
2340 5159 2581 5214 futurum
2626 5159 2888 5213 saeculum
2922 5158 3226 5223 advenerit,
3275 5157 3437 5227 cujus
3468 5157 3637 5212 domi-

2050 5262 2238 5308 natum
2294 5262 2350 5309 et
2397 5261 2720 5324 potestatem
2772 5252 2955 5308 nullus
3001 5252 3143 5308 alius
3197 5251 3486 5317 obtinebit,
3523 5251 3631 5305 nisi

2048 5348 2140 5403 ille
2164 5347 2259 5417 qui
2290 5346 2629 5403 dominatum
2655 5346 2877 5416 a,Patre
2912 5347 3160 5417 accepit?
3204 5344 3362 5401 Nunc
3399 5344 3544 5400 enim
3577 5344 3632 5397 in

2048 5442 2301 5512 praesenti
2338 5442 2541 5498 saecqu
2574 5441 2918 5513 principatus
2945 5450 3075 5497 sunt
3113 5440 3292 5503 multi,
3328 5444 3632 5509 potestates

2045 5542 2100 5590 et
2145 5534 2573 5601 dominationes,
2622 5534 2931 5605 spiritualia
2978 5533 3236 5604 nequitiae
3285 5538 3339 5585 et
3384 5538 3629 5585 rectores

2047 5624 2255 5680 mundi.
2304 5622 2459 5680 Tunc
2519 5641 2671 5691 vero,
2715 5635 3010 5697 postquam
3064 5622 3355 5679 sustulerit
3409 5634 3630 5676 omnem
