4100 6544
449 324 555 381 655

1158 318 1429 375 EUSEBll
1469 316 1948 376 CAESARIENSIS
1986 317 2137 375 OPP.
2180 316 2361 376 PARS
2401 316 2491 373 lll.
2521 344 2591 357 -—
2618 313 3029 372 EXEGETICA.

3546 364 3549 365 ν
3622 318 3729 374 636

452 439 839 511 principatum,
888 444 1212 508 potestatem
1267 444 1321 492 et
1364 436 1645 499 virtutem,
1700 436 1821 507 ipse
1877 436 2027 492 solus

2159 437 2315 490 πείαν
2362 436 2510 509 παρά
2543 436 2637 489 τοῦ
2669 434 2881 506 Πατρὸς
2933 433 3205 505 είληφώςς
3246 434 3362 487 Νυν
3391 434 3491 505 μὲν
3520 434 3628 506 γὰρ
3670 437 3729 489 ἐν

452 533 739 603 imperium
780 529 1047 585 obtinebit
1098 528 1153 581 in
1204 529 1467 582 saeculum
1511 529 1667 594 illud,
1701 529 1756 582 in
1791 543 1901 599 quo
1945 528 2035 583 13’.-

453 625 629 679 titiam
665 623 824 678 nobis
846 621 937 675 hic
972 636 1153 675 sermo
1186 620 1499 690 pollicetur.

2144 530 2221 600 τῷ
2256 530 2483 601 παρόντι
2525 530 2683 584 αἰῶνι
2728 528 2894 598 ἀρχαὶ
2933 526 3161 591 πολλαὶ,
3206 529 3300 581 καὶ
3354 526 3593 594 ἐξουσίαι
3638 530 3733 582 καὶ

2143 621 2500 693 κυριότητες,
2548 622 2643 673 καὶ
2675 618 3025 690 πνευματικά
3077 620 3342 691 πονηρίας
3388 619 3484 671 καὶ
3528 636 3731 690 κοσμο-

452 720 749 792 κράτορεςο
786 718 906 771 τότε
928 718 1004 781 δέ,
1036 717 1125 770 ὅτε
1191 718 1518 788 καταργήσῃ
1554 716 1733 769 πᾶσαν
1769 714 1945 787 ἀρχὴν
2007 717 2103 770 καὶ
2141 717 2391 781 ἐξουσίαν
2444 717 2540 771 καὶ
2590 715 2851 787 δύναμιν,
2901 715 3061 787 μόνος
3113 716 3277 780 αὐτὸς
3309 714 3601 788 ἐξουσιάσῃ
3636 716 3730 769 τοῦ

404 862 411 865 .
454 817 668 880 αἰῶνος,
700 817 758 869 ἐν
787 807 831 882 ᾧ
868 814 1264 884 ἐπαγγέλλεται
1305 816 1434 885 ἡμῖν
1468 816 1495 867 ό
1524 813 1712 885 παρὼν
1744 813 1902 881 λόγος
1942 814 2040 884 τὴν
2081 813 2439 885 εὐφροσύνην.

525 930 693 985 Vens.
727 930 843 986 7-9.
890 948 908 981 ι
942 929 1097 985 Oculi
1127 930 1248 999 ejus
1284 945 1453 1000 super
1479 938 1669 1002 gentes
1702 930 2036 1000 respiciunt:

2215 952 2234 984 ι
2274 933 2337 987 Οί
2367 932 2643 1003 ὀφθαλμοϊ
2676 931 2842 985 αὑτοῦ
2873 932 2967 985 ἐπὶ
2998 931 3067 985 τά
3092 930 3218 1004 ἔθνη
3253 930 3654 993 ἐπιϐλέπουσιν,
3677 931 3730 984 ot

456 1025 551 1095 qui
596 1032 922 1094 exasperant
959 1038 1068 1076 non
1098 1023 1413 1077 exaltentur
1451 1022 1505 1076 iu
1542 1024 1875 1092 semetipsis.
1917 1021 2044 1077 Dia-

2159 1024 2673 1096 ταραπικραίνοντες
2691 1024 2766 1095 μὴ
2779 1024 3134 1093 ὑψούσθωσαν
3157 1028 3216 1078 ἐν
3242 1026 3475 1088 ἑαυτοῖς.
3495 1026 3731 1094 Διάψαλ-

455 1118 689 1189 psalma.
717 1136 736 1169 ι
765 1118 903 1173 Cum
938 1117 1193 1187 superius
1216 1118 1459 1189 gentium
1488 1116 1829 1171 vocationem
1864 1116 2048 1170 adum-

2159 1135 2241 1173 ια.
2267 1116 2391 1171 »Διά
2419 1118 2527 1170 τῶν
2545 1116 2855 1189 ἔμπροσθεν
2870 1118 3317 1187 ἐπεσκιασμένως
3330 1117 3733 1188 τὴντῶνὲθνῶν

453 1209 660 1272 braret,
706 1209 1019 1264 universam
1067 1218 1266 1264 terram
1314 1209 1620 1264 evocabat:
1649 1224 1826 1278 neque
1864 1218 2044 1262 tamen

2159 1209 2333 1281 ιλῆσιν
2367 1209 2745 1287 αἰνιξάμενος,
2782 1211 2963 1263 πᾶσαν
2992 1203 3220 1281 τὴνγῆν
3262 1210 3475 1264 ἐκάλει·
3506 1211 3567 1263 ού
3623 1212 3732 1283 μὴν

456 1310 647 1375 gentes
682 1302 887 1358 diserte
928 1303 1290 1357 memoravit:
1321 1318 1469 1357 nunc
1518 1317 1648 1357 vero
1704 1302 2049 1373 apertissime

2159 1301 2334 1372 ταφῶς
2364 1302 2432 1355 τὰ
2455 1302 2582 1371 ἔθνη
2604 1319 2615 1332 ·
2646 1302 2762 1356 νυνὶ
2784 1303 2839 1356 δὲ
2862 1302 3164 1356 λευκότατα
3188 1302 3297 1355 τῶν
3320 1302 3487 1357 ἐθνῶν
3524 1303 3733 1373 μέμνη-

455 1396 714 1459 easdem,
782 1410 993 1450 necnon
1053 1395 1148 1451 Dei
1201 1395 1708 1451 reconciliationem
1769 1397 2038 1451 meminit.

2159 1409 2229 1447 ται
2257 1394 2351 1446 καὶ
2388 1394 2487 1463 τῆς
2526 1391 2619 1446 τοῦ
2643 1391 2778 1455 Θεοῦ
2800 1390 3112 1461 διαλλαγῆς.
3157 1390 3279 1444 Ἐπὶ
3305 1391 3403 1461 μὲν
3454 1390 3562 1461 γάρ
3620 1391 3733 1443 τῶν

457 1487 592 1542 Nam
623 1486 690 1541 de
721 1487 1104 1557 peccatoribus
1127 1486 1347 1556 quidem
1384 1487 1591 1541 dictum
1622 1494 1706 1543 est
1740 1505 1755 1542 :
1799 1505 1817 1537 ι
1848 1485 2047 1542 Averte

2159 1484 2561 1558 Ειμαρτανόντων
2590 1483 2835 1554 εἴρηταιο
2871 1500 2889 1533 ι
2930 1482 3296 1552 Ἀπόστρεψον
3338 1481 3400 1533 τὸ
3439 1481 3733 1552 πρόσωπόν

459 1582 652 1636 faciem
708 1589 858 1635 tuam
915 1596 945 1635 a
1008 1580 1250 1651 peccatis
1304 1581 1545 1646 meis“;
1585 1598 1603 1631 ι
1660 1595 1724 1634 ac
1780 1594 2042 1635 rursum:

462 1693 481 1726 ι
517 1674 700 1742 Quare
755 1674 949 1729 faciem
1003 1683 1176 1737 tuam,
1247 1681 1301 1727 et
1348 1673 1630 1728 dexteram
1684 1679 1835 1728 tuam
1892 1686 2048 1727 aver-

459 1770 530 1826 tis
548 1769 633 1822 "?
663 1788 680 1819 ο
722 1778 771 1823 et
810 1769 1049 1823 iterum:
1083 1785 1101 1819 ι
1132 1765 1395 1821 Avertisti
1437 1772 1619 1819 autem
1656 1764 1853 1819 faciem
1891 1771 2043 1817 tuam

460 1877 488 1915 a
521 1877 628 1924 me.
676 1868 729 1916 et
771 1859 947 1915 factus
998 1874 1119 1914 sum
1166 1856 1534 1913 conturbatus
1556 1857 1625 1911 ⁵³.
1664 1876 1681 1908 ι
1719 1855 1794 1910 De
1815 1856 1885 1911 iis
1918 1868 2048 1909 vero

460 1955 553 2024 qui
588 1954 729 2009 bona
784 1967 881 2023 spe
930 1950 1189 2006 instructi
1246 1958 1375 2005 sunt
1422 1949 1631 2003 dictum
1684 1956 1808 2003 est:
1842 1968 1859 1999 ‹
1892 1948 2048 2003 Oculi

464 2045 676 2101 Domini
722 2059 888 2115 super
914 2042 1119 2112 justos,
1166 2048 1220 2095 et
1261 2054 1425 2096 aures
1472 2040 1594 2109 ejus
1634 2040 1685 2093 in
1728 2054 1918 2108 preces
1962 2052 2054 2093 eo-

463 2153 583 2191 rum
604 2137 687 2204 ἰς
724 2157 743 2189 ι
778 2144 833 2192 et
876 2150 1141 2191 rursum:
1178 2151 1195 2184 ι
1230 2132 1388 2187 Oculi
1438 2132 1517 2185 tui
1552 2131 1774 2186 videant
1815 2132 2049 2200 aequita-

464 2230 650 2295 tes";
683 2248 702 2280 ι
752 2236 807 2283 et
853 2227 1053 2281 iterum
1095 2243 1108 2279 :
1157 2244 1175 2276 ι
1208 2223 1469 2295 Siguetur
1514 2237 1683 2293 super
1728 2237 1831 2275 nos
1868 2222 2050 2275 lumen

466 2321 646 2375 vuttus
681 2321 782 2382 tui,
828 2316 1057 2371 Domine
1078 2315 1143 2369 ".
1182 2334 1199 2366 ι
1240 2315 1446 2385 Magnae
1496 2316 1663 2384 igitur
1705 2314 2049 2385 pollicitatio-

466 2426 562 2466 nes
593 2409 848 2481 gentibus
887 2408 941 2462 in
972 2406 1228 2476 praasenti
1258 2407 1399 2461 datze
1432 2414 1579 2461 sunt.
1613 2405 1730 2460 Jam
1756 2405 1899 2459 oculi
1931 2404 2051 2474 ejus

465 2520 631 2573 super
674 2509 862 2573 gentes
909 2500 1232 2569 respiciunt.
1280 2498 1458 2568 Atque
1503 2496 1910 2552 animadvertas
1959 2512 2053 2550 ve-

464 2592 560 2645 lim
615 2591 671 2645 in
708 2590 859 2645 hisce
894 2602 1166 2659 nusquam
1201 2586 1514 2642 Judaaorum
1571 2588 1902 2642 mentionem
1952 2587 2052 2641 ha-

464 2684 614 2751 beri;
666 2683 762 2739 sed
798 2698 893 2754 per
924 2690 1097 2736 totum
1149 2682 1422 2752 psalmum
1473 2680 1615 2735 bona
1661 2680 1919 2750 gentibus
1955 2696 2055 2733 an-

464 2777 730 2832 nuutiari.
779 2774 1164 2830 Perliumanus
1203 2789 1336 2845 ergo
1367 2774 1456 2829 ille
1491 2773 1735 2844 gentium
1793 2771 2054 2827 Servator

466 2868 659 2923 oculos
701 2881 855 2931 suos,
894 2866 1105 2921 scilicet
1140 2862 1470 2934 inspiciendi
1505 2863 1756 2927 virtutes,
1793 2864 2054 2934 expandit

466 2962 523 3015 in
552 2975 745 3016 omnes
775 2966 987 3031 gentes.
1022 2956 1187 3012 Lucis
1231 2965 1413 3011 autem
1445 2954 1585 3009 radii
1618 2971 1683 3010 ex
1730 2955 1907 3010 oculis
1933 2956 2053 3025 ejus

464 3052 676 3116 emissi,
723 3052 939 3107 animas
1000 3049 1086 3104 sui
1145 3063 1377 3120 capaces
1431 3047 1733 3103 illustrant.
1782 3046 2051 3113 Quoniam

2146 1595 2239 1631 σου
2286 1578 2395 1631 ἀπὸ
2426 1578 2535 1630 τῶν
2568 1576 2854 1648 ἁμαρτιῶν
2890 1591 3018 1647 μου·
3055 1592 3072 1627 ι
3108 1575 3204 1627 καὶ
3233 1572 3425 1627 πάλιν·
3478 1592 3497 1624 ι
3533 1574 3649 1625 Ἵνα
3677 1574 3733 1625 τί

2146 1669 2509 1741 ἀποστρέφεις
2538 1668 2597 1721 τὸ
2627 1667 2917 1739 πρόσωπόν
2954 1683 3048 1720 σου
3091 1666 3185 1719 καὶ
3212 1664 3310 1737 τὴν
3344 1663 3523 1729 δεξιάν
3552 1681 3677 1725 σούς
3707 1684 3725 1715 ι

2148 1763 2243 1815 καὶ
2267 1760 2426 1814 πάλιν
2446 1776 2459 1790 ·
2496 1778 2513 1811 ι
2557 1759 2928 1832 Ἀπέστρεψας
2958 1758 3015 1812 δέ
3045 1757 3106 1811 τὸ
3137 1756 3427 1828 πρόσωπόν
3473 1772 3565 1808 σου
3586 1795 3601 1819 ,
3636 1756 3735 1808 καὶ

2151 1855 2415 1927 ἐγενήθην
2446 1852 2867 1924 τεταραγμένος.
2893 1871 2911 1903 ι
2960 1850 3084 1904 Ἐπὶ
3116 1850 3173 1904 δέ
3210 1849 3317 1903 τῶν
3347 1848 3554 1917 ἀγαθὰς
3581 1848 3735 1902 ἐλπί-

2150 1950 2244 2012 δας
2293 1950 2526 2019 ἐχόντων
2584 1946 2832 2000 λέλεκται
2858 1962 2871 1975 ⁸
2928 1964 2945 1997 ι
2997 1943 3293 2015 Ὀφθαλμοὶ
3357 1942 3561 2015 Κυρίου
3640 1944 3733 1994 ἐπὶ

2151 2035 2415 2098 δικαίους,
2474 2034 2568 2087 καὶ
2620 2027 2732 2087 ὦτα
2782 2032 2946 2087 αὑτοῦ
2999 2034 3079 2097 εἰς
3120 2033 3304 2104 δέησιν
3335 2032 3548 2084 αὐτῶν·
3582 2050 3601 2082 ι
3639 2031 3734 2084 καὶ

2153 2128 2342 2182 πάλιν·
2373 2146 2391 2179 ι
2418 2128 2481 2181 Οἱ
2501 2126 2768 2198 ὀφθαλμοί
2806 2143 2899 2179 σου
2929 2126 3186 2179 ίδέτωσαν
3223 2124 3523 2193 εῦθύτητας
3543 2140 3555 2153 ’
3591 2142 3609 2175 ι
3639 2122 3737 2175 καὶ

2152 2215 2341 2282 αὖθις
2377 2236 2395 2267 ι
2428 2217 2799 2289 Σημειωθὴτω
2840 2218 2925 2286 ἐφ’
2970 2217 3116 2287 ἡμᾶς
3158 2215 3217 2268 τὸ
3262 2214 3376 2284 φῶς
3419 2214 3512 2267 τοῦ
3561 2231 3735 2285 προσ-

2151 2310 2301 2365 ώπου
2348 2327 2461 2377 σου,
2496 2310 2688 2381 Κύριε.
2716 2328 2733 2361 ›
2774 2309 3025 2378 Μεγάλαι
3066 2308 3245 2362 τοίνυν
3294 2307 3609 2381 ἐπαγγελίαι
3641 2307 3735 2360 διὰ

2152 2405 2258 2460 τῶν
2295 2403 2669 2475 προκειμένων
2703 2407 2813 2467 τοῖς
2840 2404 3015 2457 ἔθνεσι
3045 2403 3313 2457 δέδονται·
3344 2402 3447 2474 ήδη
3468 2401 3736 2473 ὀφθαλμοὶ

2154 2496 2318 2552 αὑτοῦ
2345 2499 2437 2551 ἐπὶ
2468 2498 2535 2552 τά
2570 2497 2696 2568 ἔθνη
2728 2496 3099 2551 ὲπιϐλέπουσι.
3135 2497 3241 2549 Καὶ
3276 2496 3372 2549 θέα
3402 2498 3547 2558 ὅπως
3576 2494 3736 2547 ούδα-

2158 2590 2259 2662 μοῦ
2303 2589 2411 2643 τῶν
2442 2589 2818 2662 προκειμένων
2857 2588 3126 2642 Ἰουδαίων
3172 2587 3479 2659 μέμνηται,
3510 2587 3575 2639 δι’
3612 2586 3734 2638 ὅλου

2154 2679 2209 2733 δέ
2236 2683 2347 2743 τοῖς
2378 2679 2553 2733 ἔθνεσι
2584 2679 2650 2732 τὰ
2682 2678 2891 2749 χρηστά
2920 2676 3351 2746 εὐαγγελίζεται.
3398 2677 3455 2730 Ὁ
3502 2676 3598 2746 μὲν
3641 2670 3736 2728 οὖν

2155 2771 2534 2843 φιλάνθρωπος
2560 2771 2668 2824 τῶν
2698 2770 2869 2824 ἐθνῶν
2908 2770 3100 2842 Σωτὴρ
3129 2771 3253 2834 τοὺς
3285 2770 3595 2840 ὀφθαλμοὺς
3635 2771 3736 2823 αύ-

2154 2862 2247 2915 τοῦ
2267 2902 2281 2925 ,
2319 2862 2418 2926 τάς
2447 2862 2809 2925 ἐπισκοπικάς
2853 2861 3051 2934 δηλαδὴ
3094 2862 3352 2932 δυνάμεις
3376 2902 3391 2925 ,
3424 2861 3737 2933 ἐξήπλωσεν

2130 2955 2249 3019 ,ἐπὶ
2277 2955 2457 3009 πάντα
2490 2955 2555 3008 τά
2585 2954 2731 3026 ἔθνη.
2757 2954 2937 3018 Φωτδς
2963 2955 3019 3007 δὲ
3064 2956 3281 3018 ἀκτῖνες
3310 2956 3373 3008 ἐκ
3401 2954 3509 3008 τῶν
3541 2955 3739 3023 ὀφθαλ-

2158 3042 2275 3114 μῶν
2307 3044 2471 3097 αύτοῦ
2506 3044 2852 3115 πεμπόμεναι
2886 3043 2984 3108 τὰς
3009 3045 3322 3116 χωρητικάς
3354 3045 3534 3098 αὐτῶν
3559 3045 3738 3116 ψυχάς

466 3158 599 3198 vero
633 3142 877 3197 futurum
924 3148 1042 3195 erat
1079 3147 1140 3193 ut
1182 3153 1292 3193 non
1342 3152 1535 3193 omnes
1567 3137 1799 3208 gratiam
1845 3138 2054 3207 recipe-

2159 3137 2624 3208 καταλάμπουσιν.
2645 3137 2794 3190 Ἐπεὶ
2817 3136 2872 3189 δέ
2894 3136 3125 3208 ἤμελλον
3151 3137 3224 3208 μὴ
3244 3137 3442 3201 πάντες
3460 3139 3558 3209 τὴν
3582 3139 3743 3209 χάριν

468 3244 612 3300 rent,
644 3236 736 3291 sed
770 3242 977 3289 tantam
1021 3233 1142 3302 ejus
1165 3246 1292 3302 erga
1323 3230 1573 3286 homines
1602 3230 1949 3285 clementiam
1981 3230 2052 3283 ir-

467 3330 702 3383 ritarent
729 3337 783 3382 et
806 3332 1218 3395 exasperarent,
1251 3324 1395 3395 quod
1426 3324 1629 3377 donum
1659 3338 1771 3377 non
1800 3322 2056 3378 admitte-

467 3425 627 3484 rent;
657 3418 781 3488 jure
815 3416 1035 3471 additur
1064 3434 1076 3469 :
1109 3435 1129 3466 ‹
1161 3413 1265 3481 Qui
1297 3422 1624 3484 exasperant
1666 3429 1775 3468 non
1814 3413 2057 3469 exalten-

473 3520 566 3566 tur
589 3512 645 3565 in
680 3510 1014 3580 semetipsis.
1051 3528 1071 3562 ι
1113 3508 1210 3565 His
1232 3524 1397 3580 porro
1426 3507 1702 3579 significat
1723 3522 1818 3562 eos
1843 3522 1908 3562 ex
1933 3523 2059 3577 gen-

468 3604 640 3669 tibus,
682 3603 776 3673 qui
825 3602 1160 3673 immorigeri
1209 3609 1265 3658 et
1305 3602 1732 3671 inobsequentes
1762 3596 2057 3669 Evangelio

470 3708 618 3754 sunt.
674 3697 858 3763 Quare
914 3696 1058 3767 apud
1116 3694 1507 3768 Symmachum
1562 3693 1764 3749 dicitur
1798 3710 1813 3748 :
1846 3712 1865 3744 ι
1897 3691 2055 3746 Oculi

470 3793 595 3862 ejus
623 3800 813 3863 gentes
861 3791 1201 3860 inspiciunt;
1250 3790 1674 3858 inobsequentes
1712 3803 1781 3843 ne
1816 3788 2058 3843 exaltent

471 3886 819 3954 semetipsos.
864 3902 882 3936 ι
920 3883 1042 3937 Alio
1076 3883 1203 3938 item
1260 3897 1427 3937 sensu
1458 3881 1662 3936 indicat
1702 3895 1797 3937 eos
1848 3896 1913 3936 ex
1961 3880 2061 3934 cir-

472 3974 833 4036 cumcisione,
863 3974 956 4042 qui
990 3972 1222 4041 gratiam
1252 3977 1725 4039 contempserunt,
1776 3978 1832 4025 et
1870 3970 2061 4025 Serva-

472 4066 613 4120 toris
660 4065 1005 4118 vocationem
1047 4062 1204 4117 nihili
1264 4062 1535 4118 fecerunt.
1578 4064 1761 4128 Quare
1820 4061 2059 4131 Spiritus

476 4165 702 4213 sanctis
766 4171 863 4225 per
914 4155 1111 4210 Isaiam
1168 4155 1235 4209 ad
1289 4170 1386 4209 eos
1451 4154 1754 4225 respiciens
1802 4154 2055 4209 dicebat:

479 4265 497 4296 ι
528 4247 674 4300 Aure
713 4246 977 4309 audiatis,
1012 4253 1067 4299 et
1111 4260 1179 4299 ne
1209 4245 1563 4315 intelligatis;
1616 4251 1671 4298 et
1702 4243 1950 4300 videntes
1981 4246 2062 4297 vi-

476 4338 675 4401 deatis,
714 4346 767 4393 et
796 4354 863 4393 ne
900 4338 1089 4395 sciatis
1113 4339 1179 4390 ‘7.
1216 4356 1235 4389 ι
1268 4337 1460 4393 Merito
1499 4338 1667 4408 igitur
1698 4338 1845 4392 viros
1879 4339 2054 4391 incre-

477 4446 615 4502 pans
644 4445 887 4500 praesens
934 4444 1141 4492 sermo,
1178 4436 1365 4500 utpote
1410 4428 1529 4484 sine
1560 4442 1730 4483 causa
1774 4428 1843 4482 de
1884 4436 2064 4480 atavo-

2159 3228 2538 3299 ὑποδέχεσθαι,
2577 3229 2928 3301 παροργίζειν
2957 3229 3013 3283 δέ
3055 3228 3116 3282 τὸ
3154 3230 3277 3283 ὅσον
3308 3232 3391 3283 ἐπ’
3435 3230 3616 3294 αὐτοῖς
3648 3233 3743 3285 καὶ

2158 3322 2621 3393 παραπικραίνειν
2648 3322 2745 3393 τὴν
2789 3322 3057 3395 τοσαύτην
3101 3322 3527 3394 φιλανθρωπίαν,
3566 3323 3652 3376 διὰ
3680 3324 3743 3377 τὸ

2162 3414 2236 3485 μὴ
2289 3412 2688 3485 παραδέχεσθαι
2739 3414 2798 3467 τὸ
2826 3414 3028 3487 δῶρον,
3079 3417 3302 3480 εἰκότως
3361 3417 3740 3472 ἐπιλέλεκται·

2166 3523 2183 3555 ι
2212 3506 2274 3558 Οἱ
2303 3506 2836 3576 παραπικραίνοντες
2872 3506 2946 3579 μὴ
2972 3507 3329 3577 ύψούσθωσαν
3359 3509 3418 3562 ἐν
3455 3511 3688 3573 ἑαυτοῖς.
3718 3530 3738 3562 ι

2160 3595 2419 3666 Σημαίνει
2458 3596 2515 3649 δὲ
2562 3597 2649 3651 διά
2702 3598 2906 3651 τούτων
2954 3600 3047 3652 καὶ
3090 3600 3215 3663 τοὺς
3263 3601 3320 3653 ἐν
3377 3603 3488 3664 τοῖς
3534 3600 3747 3656 ἔθνεσιν

2162 3686 2407 3751 ἀπειθεῖς
2436 3688 2528 3741 καὶ
2551 3688 2957 3753 ἀνυποτάκτους
2985 3690 3062 3760 τῷ
3098 3690 3439 3761 εὐαγγελικῴ
3464 3692 3626 3764 λόγῳ.
3656 3694 3749 3746 Διὸ

2160 3779 2406 3833 λέλεκται
2449 3782 2599 3853 παρὰ
2641 3782 2719 3853 τῷ
2760 3783 3042 3854 Συμμάχῳ
3067 3800 3081 3813 ·
3126 3800 3146 3836 ι
3182 3784 3245 3837 υἱ
3280 3783 3550 3856 ὀφθαλμοὶ
3580 3786 3747 3840 αὑτοῦ

2161 3873 2229 3926 τὰ
2282 3872 2409 3944 ἔθνη
2477 3875 2929 3928 ἐπισκοπεύουσι·
2978 3877 3026 3928 οἱ
3080 3876 3326 3941 ἀπειθεῖς
3377 3877 3452 3949 μὴ
3499 3878 3748 3949 ὑψούτω-

2164 3982 2261 4019 σαν
2312 3965 2556 4029 ἑαυτούς.
2581 3986 2598 4018 ι
2644 3966 2904 4038 Σημαίνει
2943 3967 2999 4020 δέ
3036 3969 3131 4021 καὶ
3174 3968 3349 4032 ἄλλως
3380 3970 3508 4033 τοὺς
3552 3972 3615 4022 ἐκ
3652 3988 3751 4023 πε-

2166 4060 2393 4132 ριτομῆς
2424 4059 2795 4130 ἀθετήσαντας
2824 4058 2920 4131 τὴν
2943 4060 3102 4131 χάριν
3126 4061 3218 4113 καὶ
3243 4062 3342 4132 τὴν
3374 4062 3469 4114 τοῦ
3494 4062 3751 4136 Σωτῆρος

2164 4150 2356 4219 κλῆσιν
2378 4150 2899 4220 ὑπερφρονήσαντας
2917 4165 2931 4179 ·
2957 4149 3037 4201 διὸ
3062 4151 3197 4221 πρὸς
3221 4152 3417 4215 αὐτοὺς
3440 4153 3501 4205 τὸ
3524 4152 3750 4222 Πνεῦμα

2161 4243 2224 4296 τὸ
2257 4244 2410 4310 ἆγιον
2444 4242 2536 4295 καὶ
2562 4240 2649 4294 διὰ
2693 4244 2910 4296 Ἡσαΐου
2945 4243 3257 4299 ἀπετείνετο
3289 4246 3468 4316 φῆσαν
3490 4263 3502 4277 ο
3535 4264 3555 4297 ι
3586 4247 3749 4316 Ἀκοῇ

2164 4335 2454 4405 ἀκούσητε,
2489 4336 2583 4389 καὶ
2608 4335 2668 4388 ού
2698 4334 2772 4406 μὴ
2806 4337 3022 4409 συνῆτε,
3058 4338 3150 4392 καὶ
3174 4338 3458 4406 βλέποντες
3493 4339 3748 4409 βλέπτε,

2167 4426 2261 4479 καὶ
2288 4426 2348 4479 ού
2388 4428 2462 4497 μὴ
2494 4425 2665 4497 ίδητε.
2700 4444 2720 4477 ι
2757 4428 2998 4491 Εἰκότως
3045 4429 3333 4499 τοιγαροῦν
3370 4430 3751 4501 ἐπιρῤαπίζων

478 4537 603 4576 rum
633 4521 895 4592 dignitate
940 4521 1181 4584 inﬂatos,
1237 4528 1291 4576 et
1342 4519 1410 4575 de
1451 4520 1859 4591 progenitorum
1889 4520 2056 4589 gloria

2167 4520 2363 4583 αὐτοὺς
2394 4522 2423 4573 ὁ
2454 4520 2646 4589 παρὼν
2687 4519 2865 4588 λόγος,
2896 4521 3017 4593 είκῆ
3063 4522 3457 4592 φυσιουμένους
3500 4523 3596 4575 ἐπί⁵
3638 4526 3751 4586 τοῖς

477 4616 646 4670 altum
679 4617 976 4686 sapientes,
1000 4615 1134 4670 dicit
1164 4632 1179 4669 :
1211 4634 1227 4665 ι
1259 4613 1365 4680 Qui
1406 4621 1736 4683 exasperant
1764 4628 1875 4667 non
1920 4612 2064 4666 exal-

478 4716 664 4763 tentur
697 4709 750 4762 in
785 4708 1111 4777 semetipsis.
1146 4726 1164 4760 ι
1189 4706 1368 4762 lleus!
1404 4722 1521 4770 vos,
1560 4706 1758 4775 inquit,
1792 4706 2062 4774 superbia:

479 4807 534 4854 et
565 4816 706 4854 vano
736 4803 937 4863 tumori
986 4810 1171 4856 vestro
1200 4800 1361 4855 finem
1409 4800 1555 4865 date,
1613 4800 1853 4855 scientes
1893 4798 2062 4852 Deum

481 4906 591 4945 non
634 4893 830 4961 magis,
862 4908 1028 4963 quam
1071 4894 1300 4962 reliquis
1331 4892 1609 4964 gentibus,
1654 4892 1811 4947 vobis
1847 4893 2064 4961 prospi-

480 4996 627 5037 cere.
663 4980 819 5035 Oculi
850 4999 981 5053 ergo
1021 4985 1169 5038 illius
1207 4986 1475 5039 lustrandi
1503 4986 1556 5037 vi
1584 4983 1820 5053 praediti,
1858 4985 2069 5039 univer-

486 5089 671 5128 sorum
702 5074 983 5128 hominum
1020 5078 1417 5145 providentiam
1448 5087 1720 5147 gerentes,
1754 5092 1917 5147 super
1945 5092 2071 5147 gen-

487 5176 570 5221 tes
605 5168 924 5238 rcspiciunt.
962 5168 1103 5233 Quid
1150 5169 1317 5237 igitur
1351 5183 1470 5231 vos,
1515 5184 1577 5223 ac
1607 5169 1653 5223 si
1687 5170 2068 5238 praestantiora

486 5261 800 5325 olitincatis,
819 5260 1133 5315 cxaltamini
1157 5262 1209 5313 in
1231 5261 1660 5330 vobismctipsis,
1680 5278 1804 5317 cum
1830 5262 2066 5317 maxime

485 5353 590 5409 viri
634 5361 1025 5422 cxaspera'ntes
1073 5353 1235 5407 sitis?
1268 5352 1424 5418 Quod
1478 5363 1661 5407 autem
1699 5354 1849 5423 ipsos
1884 5369 2067 5409 sermo

488 5446 815 5511 subindicet,
848 5453 1034 5517 aperte
1065 5446 1306 5499 declarat
1341 5445 1581 5514 Spiritus
1608 5462 1704 5517 per
1728 5446 2065 5502 Ezechielem

488 5539 721 5594 dicens:
753 5557 771 5589 ι
803 5536 905 5592 Fili
952 5537 1208 5602 hominis,
1251 5540 1463 5591 mittam
1498 5543 1552 5593 te
1584 5552 1684 5607 ego
1729 5538 1797 5591 ad
1842 5538 2064 5592 domum

563 5696 605 5727 ⁵¹
642 5694 785 5753 Psal.
820 5697 979 5763 L,ll.

495 5766 538 5799 ⁸⁷
565 5766 669 5822 lsa.
699 5786 773 5833 vi,
803 5770 855 5822 9.

2170 4612 2478 4685 προγόνοις,
2516 4614 2610 4665 καὶ
2637 4614 2781 4683 μέγα
2810 4612 3141 4683 φρονοῦντας
3177 4615 3267 4667 ἐπὶ
3296 4618 3362 4686 τῇ
3394 4615 3503 4668 τῶν
3535 4633 3751 4687 προπα-

2168 4705 2342 4776 τόρων
2371 4703 2751 4783 εὐδοκιμήσει,
2806 4704 3005 4776 φησίν·
3054 4724 3073 4756 ι
3113 4708 3175 4760 Οἱ
3224 4706 3753 4779 παραπικραίνοντες

2176 4798 2250 4869 μὴ
2286 4796 2638 4867 ὑψούσθωσαν
2674 4799 2731 4853 ἐν
2785 4800 3016 4862 ἑαυτοῖς.
3050 4818 3068 4850 ι
3103 4798 3394 4852 Παύσασθε
3426 4798 3565 4871 γάρ,
3597 4799 3751 4868 φησι,

2174 4886 2585 4960 βρενθυνόμενοι
2613 4888 2705 4941 καὶ
2738 4890 2856 4960 είκῆ
2888 4888 3235 4960 τυφούμενοι,
3256 4882 3301 4941 ὦ
3324 4883 3487 4948 οῦτοι,
3510 4889 3749 4957 γνόντες,

2170 4982 2253 5035 ὅτι
2299 4982 2361 5035 ού
2399 4980 2598 5052 μᾶλλον
2632 4982 2760 5052 ὑμῖν
2811 4982 3092 5034 ἐπιδλέπει
3118 4982 3147 5035 ό
3183 4982 3315 5045 Θεὸς
3345 4980 3376 5051 ἣ
3412 4984 3522 5043 τοῖς
3550 4982 3751 5046 λοιποῖς

2172 5074 2402 5129 ἔθνεσιν.
2443 5074 2506 5126 Οἱ
2550 5072 2680 5143 γοῦν
2715 5074 2810 5143 τῆς
2845 5074 3207 5144 ἐπισκοπικῆς
3257 5075 3421 5128 αὐτοῦ
3474 5073 3751 5143 δυνάμεως

2174 5166 2481 5236 ὀφθαλμοὶ,
2531 5165 2749 5219 πάντων
2782 5165 3083 5239 ἀνθρώπων
3117 5166 3376 5238 πρόνοιαν
3408 5164 3750 5235 ποιούμενοι,

2177 5260 2269 5312 ἐπὶ
2324 5260 2392 5313 τά
2446 5259 2572 5330 ἔθνη
2614 5259 2987 5313 ὲπιόλέπουσι.
3030 5261 3095 5312 Τί
3128 5256 3221 5314 οὖν
3257 5262 3443 5332 ὑμεῖς,
3472 5259 3659 5330 ῶσπερ
3701 5275 3753 5310 τι

2176 5352 2453 5421 ἐξαίρετον
2484 5353 2831 5423 κεκτημένοι,
2856 5352 3089 5421 ὑψοῦσθε
3123 5354 3180 5405 ἐν
3211 5355 3438 5419 ἐαυτοῖς,
3469 5352 3751 5405 καὶταῦτα

2175 5443 2367 5516 ἄνδρες
2400 5444 2552 5507 ὄντες
2609 5445 2695 5497 ἀεὶ
2723 5446 3288 5516 παραπικραίνοντεςς
3324 5446 3441 5498 Ὅτι
3468 5444 3523 5497 δέ
3558 5446 3751 5506 αὐτοὺς

2176 5537 2520 5591 αἰνίττεταιὸ
2554 5537 2730 5607 λόγος,
2770 5537 2954 5607 σαφῶς
2993 5538 3292 5610 παρίστησι
3316 5538 3375 5592 τὸ
3405 5537 3626 5610 Πνεῦμα
3667 5536 3752 5591 διὰ

1056 5697 1101 5731 ⁸³
1124 5694 1270 5752 Psal.
1293 5714 1449 5763 XLllI,
1470 5700 1556 5753 Ἡ.
1639 5699 1684 5731 ⁵³
1714 5698 1859 5754 Psal.
1896 5715 2043 5761 nux,

2196 5696 2241 5727 ³⁵
2272 5694 2418 5752 Psal.
2457 5711 2653 5761 xxxiii,
2675 5694 2761 5751 16.
2829 5694 2874 5727 ⁸⁸
2905 5694 3050 5751 Psal.
3086 5712 3196 5761 va,
3220 5695 3272 5753 2.
3356 5702 3399 5734 ³⁸
3426 5701 3567 5757 Psul.
3601 5720 3675 5764 iv.
3702 5704 3733 5757 7
