4100 6536
382 397 489 455 657
534 393 539 397 ’

1493 414 1998 472 COMMENTARIA
2039 418 2108 472 IN
2145 418 2485 475 PSALMOS.

3541 421 3644 475 638

394 516 655 592 Ἰεζεκιὴλ
682 520 838 591 λέγον
856 540 868 554 ⁸
898 544 916 575 ι
944 526 1038 581 Υἱὲ
1064 528 1371 601 ἀνθρώπου,
1400 533 1740 600 ἐξαποστελῶ
1772 555 1830 589 σε
1857 537 1965 607 ἐγὼ

2070 539 2259 600 Israel,
2286 539 2351 593 ad
2380 546 2791 609 exasperantes,
2817 538 2908 609 qui
2938 547 3401 608 exasperaverunt
3428 552 3512 593 me
3542 536 3645 606 ipsi

381 609 521 679 πρὸς
568 611 659 665 τὸν
711 609 857 668 οἷκον
920 618 1167 690 Ἰσραὴλ,
1219 624 1345 687 τοὺς
1392 627 1964 698 παραπικραίνοντας,

380 701 579 767 οἵτινες
610 708 1029 779 παρεπίκρανάν
1053 730 1119 783 με
1151 715 1303 769 αὐτοὶ
1339 719 1432 771 καὶ
1459 721 1506 771 oi
1534 719 1768 792 πατέρες
1788 719 1966 775 αὐτῶν

379 792 487 857 ἕως
531 796 631 867 τῆς
673 803 912 872 σήμερον
958 805 1202 876 ἡμέρας·
1252 827 1269 859 ι
1311 810 1403 863 καὶ
1441 810 1595 881 ἑξῆς·
1642 831 1661 864 ι
1695 813 1819 866 Ἐὰν
1860 814 1967 885 ἄρα

379 885 717 957 ἀκούσωσιν,
753 891 785 963 ἢ
822 895 1162 967 πτοηθῶσιν,
1212 899 1346 954 διότι
1388 899 1534 967 οἶκος
1590 922 1965 977 παραπικραι-

379 978 580 1033 νόντων
606 984 755 1036 ἐστί’
793 1009 808 1036 ι
843 989 935 1041 καὶ
969 989 1159 1044 πάλιν·
1191 1012 1209 1043 ι
1239 994 1348 1047 Καὶ
1378 994 1598 1067 λαλήσω
1619 998 1746 1061 τοὺς
1775 998 1964 1066 λόγους

383 1091 487 1143 μου
518 1076 655 1146 πρὸς
685 1078 902 1144 αὐτοὺς,
941 1082 1034 1135 ὲάν
1066 1084 1173 1154 ἄρα
1201 1086 1537 1154 ἀκούσωσιν,
1567 1088 1600 1160 ἥ
1634 1089 1959 1160 πτοηθῶσιν,

376 1166 461 1218 ὅτι
505 1163 649 1232 οἶκος
688 1176 1238 1246 παραπικραινόντων
1288 1179 1424 1233 ἐστί.
1476 1200 1493 1231 ι
1545 1182 1654 1234 Καὶ
1689 1183 1746 1234 ἐν
1798 1188 1867 1254 ρε’
1908 1182 1964 1235 δὲ

376 1257 578 1330 ψαλμῷ
627 1260 901 1318 λέλεκται⁸
951 1286 968 1318 ι
1005 1268 1586 1344 Ὅτιπαρεπίκραναν
1631 1275 1691 1327 τὸ
1748 1274 1961 1346 πνεῦμα

379 1352 577 1415 αὐτοῦ’
610 1373 629 1405 ι
672 1356 765 1407 καὶ
812 1357 1008 1411 πάλιν·
1046 1379 1065 1412 t
1098 1360 1395 1427 Πλεονάκις
1429 1365 1695 1436 ἐρρύσατο
1729 1367 1955 1430 αὐτούς·

380 1444 534 1497 αὐτοὶ
567 1445 622 1500 δὲ
657 1450 1070 1522 παρεπίκραναν
1114 1453 1274 1507 αὑτὸν
1305 1457 1362 1509 ὲν
1394 1460 1459 1528 τῇ
1500 1457 1661 1530 βουλῇ
1702 1458 1904 1513 αὐτῶν.
1937 1478 1955 1511 ι

378 1536 486 1591 Ναὶ
529 1538 633 1610 μὴν
681 1542 773 1594 καὶ
801 1544 1042 1615 Μωῦσῆς
1069 1546 1166 1617 τὴν
1193 1549 1415 1619 πικρίαν
1447 1550 1629 1604 αὐτῶν
1667 1551 1960 1624 παρίστησι

378 1629 582 1698 λέγων’
644 1651 661 1683 ι
700 1633 793 1686 Ἐκ
842 1634 951 1707 γὰρ
1024 1638 1271 1708 ἀμπέλου
1318 1641 1564 1712 Σοδόμων
1622 1645 1655 1713 ἡ
1719 1642 1961 1713 ἄμπελος

377 1722 579 1788 αὐτῶν,
616 1726 709 1779 καὶ
744 1730 776 1798 ή
804 1726 1074 1799 κληματίς
1106 1732 1286 1785 αὐτῶν
1324 1736 1389 1786 ὲκ
1418 1735 1733 1807 Γομόρρας·
1773 1738 1805 1807 ὴ
1836 1753 1962 1789 στα-

377 1813 516 1886 φυλὴ
547 1815 724 1869 αὐτῶν
761 1818 1005 1890 σταφυλὴ
1039 1821 1223 1891 χολῆς,
1253 1822 1446 1895 βότρυς
1472 1826 1696 1896 πικρίας
1722 1824 1955 1879 αὐτῶν.»

378 1908 485 1960 Καὶ
536 1911 592 1961 ὲν
627 1910 703 1981 τῷ
755 1912 996 1984 Ἱερεμίᾳ
1042 1913 1100 1965 δὲ
1134 1914 1347 1987 εἴρηται
1388 1918 1525 1987 πρὸς
1572 1919 1698 1982 τοὺς
1738 1917 1962 1981 αὐτούς’
2001 1908 2041 1963 Β

378 2018 398 2048 ‹
426 1998 550 2063 Πῶς
580 2002 825 2074 ἐστράφη
852 2006 932 2068 είς
960 2006 1186 2077 πικρίαν
1215 2010 1249 2078 ἡ
1284 2008 1526 2078 ἄμπελος
1556 2010 1589 2079 ἡ
1622 2008 1879 2080 ἀλλοτρία
1903 2026 1917 2074 ;
1941 2028 1958 2059 ι

376 2095 616 2158 Εἰκότως
652 2096 828 2150 τοίνυν
861 2100 955 2153 καὶ
989 2099 1227 2153 ἐνταῦθα
1268 2100 1800 2172 παραπικραίνοντες
1830 2101 1966 2155 ὠνο-

375 2185 685 2257 μάσθησαν.
742 2189 836 2242 Ἐκ
891 2191 1238 2264 παραλλήλου
1291 2192 1346 2245 δὲ
1418 2192 1798 2264 μνημονεύσας
1858 2192 1966 2245 τῶν

372 2276 547 2333 ἐθνῶν
577 2280 670 2332 καὶ
700 2281 799 2351 τῆς
833 2282 1039 2336 τούτων
1072 2284 1345 2356 σωτηρίας
1377 2287 1405 2338 ὀ
1460 2285 1634 2355 λόγος,
1667 2284 1966 2355 παράθεσιν

372 2368 480 2420 τῶν
520 2369 583 2421 ἐκ
615 2372 918 2441 περιτομῆς
964 2373 1259 2444 πεποίηται
1295 2372 1499 2427 εἰπών’
1542 2393 1559 2423 ι
1601 2375 1662 2428 Οἱ
1694 2374 1965 2444 ὀφθαλμοὶ

373 2461 537 2514 αὑτοῦ
560 2461 655 2515 ἐπὶ
676 2460 742 2515 τά
767 2461 895 2536 ἔθνη
921 2464 1305 2518 ἐπιϐλέπουσιν
1324 2508 1337 2528 ,
1360 2467 1408 2518 οἰ
1434 2466 1964 2537 παραπικραίνοντες

378 2553 453 2624 μὴ
484 2552 837 2623 ύψούσθωσαν
862 2556 920 2609 ὲν
943 2557 1175 2621 ἑαυτοῖς.
1206 2557 1513 2626 Εὑλογεῖτε,
1542 2558 1691 2629 ἔθνη,
1717 2558 1808 2611 τὸν
1832 2557 1965 2611 Θεὸν

376 2644 555 2714 ἡμῶν,
590 2646 683 2698 καὶ
724 2646 1045 2700 ἀκουτίσατε
1085 2648 1183 2719 τὴν
1216 2648 1396 2719 φωνὴν
1430 2650 1529 2719 τῆς
1562 2650 1821 2712 αἰνέσεως
1869 2649 1967 2702 αὑ·

377 2736 494 2791 τοῦ.
528 2758 545 2789 ι
585 2737 954 2807 Εὑαγγελικὸν
995 2735 1135 2794 εἶναι
1164 2741 1255 2795 τὸν
1293 2742 1501 2813 ψαλμὸν
1531 2742 1623 2796 καὶ
1669 2742 1965 2813 ἀρχόμενοι

373 2829 469 2883 τοῦ
498 2830 657 2899 λόγου
685 2834 1069 2905 τετηρήκαμεν
1092 2850 1104 2863 ·
1138 2834 1165 2886 ὃ
1189 2835 1281 2889 καὶ
1308 2835 1374 2887 δι’
1396 2835 1518 2888 ὅλου
1547 2834 1641 2888 τοῦ
1670 2834 1841 2904 ὓφους
1869 2836 1966 2906 τῆς

377 2924 717 2994 προφητείας
772 2924 1126 2997 παρίσταται.
1185 2926 1400 2979 Ἐκάλει
1437 2927 1534 2997 μὲν
1576 2926 1684 2998 γὰρ
1733 2929 1789 2979 ἐν
1823 2928 1964 2998 ἀρχῇ

378 3016 558 3068 πᾶσαν
587 3016 684 3087 τὴν
713 3016 815 3085 γῆν
839 3033 851 3046 ⁵
884 3014 1002 3071 εἷτα
1028 3019 1085 3070 ὲν
1116 3018 1193 3089 τῷ
1238 3017 1438 3089 μεταξὺ
1481 3017 1701 3072 πλείονα
1728 3017 1963 3083 διδάξας,

378 3108 714 3180 σαφέστερον
746 3110 872 3180 περὶ
905 3109 1013 3163 τῶν
1048 3109 1214 3163 ἐθνῶν
1245 3114 1478 3163 ποιεῖται
1510 3110 1843 3181 προφητείαν
1875 3110 1963 3163 λέ-

374 3217 487 3269 γων
506 3217 519 3230 ο
551 3220 567 3251 t
594 3203 656 3253 Ol
679 3199 948 3271 ὀφθαλμοὶ
973 3200 1138 3253 αὑτοῦ
1167 3202 1259 3254 ἐπὶ
1280 3202 1346 3256 τὰ
1376 3202 1499 3273 ἔθνη
1525 3201 1959 3255 ἐπιϐλέπουσιν.»

375 3294 532 3348 Μετά
559 3293 624 3366 δὴ
646 3289 738 3348 οῦν
766 3294 863 3365 τὴν
887 3294 1092 3347 τούτων
1120 3294 1466 3349 διδασκαλίαν
1495 3295 1804 3358 ἀκολούθως
1831 3297 1964 3348 πᾶσι
1997 3271 2038 3327 C

372 3388 487 3449 τοῖς
519 3385 760 3449 ἔθνεσιν,
799 3384 875 3449 ὡς
920 3383 984 3437 ἂν
1016 3384 1388 3456 ὼφελημένοις
1437 3387 1502 3439 ὲκ
1535 3385 1629 3438 τοῦ
1678 3403 1966 3459 προμεμα-

374 3477 604 3549 θηκέναι
652 3477 720 3531 τά
767 3477 1134 3549 προλεχθέντα
1164 3518 1177 3541 ,
1242 3477 1482 3546 εὐλογεῖν
1532 3477 1639 3530 τῶν
1694 3477 1966 3532 τοσούτων

376 3570 675 3641 θαυμάτων
701 3572 807 3623 τῶν
838 3586 897 3623 τε
944 3570 1192 3642 φοϐερῶν
1224 3570 1402 3643 ἔργων
1443 3571 1671 3641 ποιητὴν
1718 3587 1961 3642 παρακε-

373 3663 591 3717 λεύεται
613 3663 787 3733 λέγων
808 3681 820 3693 ο
857 3682 874 3715 ι
905 3664 1213 3733 Εὐλογεῖτε,
1245 3663 1370 3735 ἔθνη
1391 3701 1405 3727 ,
1442 3663 1532 3716 τὸν
1566 3662 1698 3717 Θεὸν
1726 3663 1900 3733 ἡμῶν.
1944 3683 1960 3713 ι

376 3758 470 3827 Μὴ
498 3758 608 3830 γάρ
637 3758 765 3821 τοὺς
796 3758 1117 3829 ὑμετέρους,
1149 3757 1302 3829 φησὶ,
1335 3757 1462 3820 τοὺς
1497 3756 1665 3810 πάλαι
1688 3756 1966 3826 πεπλανη-

377 3849 556 3921 μένως
580 3848 969 3920 νομιζομένους
999 3849 1183 3913 θεοὺς,
1214 3848 1348 3902 ἀλλά
1373 3848 1462 3901 τὸν
1496 3849 1783 3920 ἡμέτερον,
1817 3848 1876 3901 ὃν
1906 3849 1971 3900 ὲκ

376 3943 629 4014 πατέρων
674 3946 836 4015 ἡμεῖς
863 3943 1319 4015 ἐπεγραψάμεθα,
1352 3941 1540 3996 τοῦτον
1575 3941 1790 4010 γνόντες
1830 3936 1967 3993 εἶναι

374 4033 467 4087 τὸν
516 4034 769 4105 ἀληθινὸν
800 4034 952 4089 Θεόν.
1002 4035 1116 4089 Νῦν
1142 4035 1294 4107 γοῦν,
1326 4036 1375 4087 εί
1423 4035 1517 4088 καὶ
1563 4033 1638 4106 μὴ
1683 4033 1968 4105 πρότερον,

375 4128 474 4181 καὶ
526 4128 684 4198 ὑμεῖς
737 4129 1030 4198 εὐλογεῖτε.
1084 4127 1475 4200 Εὐφημοῦντες
1522 4127 1578 4180 δὲ
1628 4125 1812 4191 αὐτὸν,
1876 4127 1970 4179 καὶ

373 4220 729 4289 εὐλογοῦντες
768 4221 843 4285 ὡς
886 4222 1043 4292 μόνον
1078 4222 1330 4293 ἀληθινὸν
1377 4220 1469 4274 καὶ
1506 4219 1683 4274 κοινὸν
1714 4220 1970 4274 ἀπάντων

376 4310 535 4381 ἡμῶν
568 4328 626 4364 τε
671 4311 764 4364 καὶ⁹
791 4311 944 4381 ὑμῶν
978 4311 1111 4365 Θεὸν
1139 4353 1152 4377 ,
1190 4312 1264 4382 μὴ
1315 4310 1744 4380 σεσιωπημένως
1768 4350 1782 4375 ,
1836 4308 1971 4380 μηδὲ

376 4402 593 4473 ἠρεμέα
623 4403 741 4473 (sic)
788 4405 854 4474 τῇ
888 4406 1037 4476 φωνῇ
1094 4403 1253 4457 τοῦτο
1307 4403 1612 4475 πράττετε’
1652 4403 1747 4455 σὺν
1800 4400 1968 4472 πολλῇ

374 4494 432 4547 δὲ
466 4495 752 4567 παρρησίᾳ
805 4496 898 4549 καὶ
938 4495 1171 4568 θάρσει,
1213 4498 1415 4567 φωναῖς
1452 4513 1511 4549 τε
1562 4496 1822 4564 γεγωνοῖς
1875 4494 1969 4547 καὶ

376 4588 530 4658 βοαῖς
571 4589 851 4660 χρήσασθε
901 4590 1198 4660 μεγάλαις·
1255 4590 1331 4653 ὡς
1372 4590 1467 4643 καὶ
1510 4591 1622 4652 τοῖς
1667 4587 1966 4659 ἀλλοτρίοις
2001 4630 2044 4684 D

375 4680 673 4733 ἀκούεσθαι
728 4682 829 4753 τὴν
879 4683 1347 4754 ἁναπεμπομένην
1407 4684 1485 4745 εἰς
1517 4682 1651 4735 Θεὸν
1683 4682 1770 4750 ὑφ’
1815 4679 1968 4751 ὑμῶν

374 4774 580 4826 αῖνεσιν
600 4790 612 4803 ’
642 4774 670 4827 ὃ
694 4773 759 4846 δὴ
798 4775 891 4827 καὶ
916 4777 944 4828 ὁ
976 4775 1166 4847 Σωτὴρ
1205 4776 1392 4846 ἐδήλου
1438 4775 1642 4843 λέγων’
1675 4792 1693 4825 ι
1740 4775 1805 4826 '0
1826 4771 1970 4840 λέγω

374 4867 504 4939 ὑμῖν
532 4868 591 4920 ἐν
610 4870 676 4937 τῇ
704 4868 896 4939 σκοτίᾳ
920 4867 1109 4922 εἴπατε
1133 4869 1191 4920 ὲν
1213 4869 1291 4939 τῷ
1318 4870 1475 4938 φωτὶ,
1506 4869 1601 4921 καὶ
1628 4867 1657 4920 ὃ
1687 4868 1765 4931 είς
1794 4865 1854 4919 τὸ
1878 4860 1969 4928 οῦς

372 4960 626 5027 ἀκούετε,
656 4960 963 5032 κηρύσσετε
987 4963 1079 5014 ἐπὶ
1101 4961 1211 5014 τῶν
1247 4962 1533 5033 δωμάτων.
1570 4981 1588 5012 ι
1628 4960 1845 5031 Ταύτης
1874 4954 1967 5011 οῦν

369 5048 557 5121 ἔχεται
591 5054 689 5122 τῆς
722 5051 962 5115 διανοίας
992 5052 1053 5105 τὸ
1092 5053 1300 5121 φάσκον
1350 5052 1558 5121 λόγιον·
1611 5071 1629 5103 ι
1664 5052 1776 5104 Καὶ
1804 5053 1963 5104 ἀκου-

370 5140 560 5194 τίσατε
593 5142 693 5214 τὴν
727 5141 909 5213 φωνὴν
934 5142 1035 5212 τῆς
1061 5142 1319 5206 αἰνέσεως
1351 5142 1547 5197 αὐτοῦ’
1589 5161 1608 5193 ι
1643 5142 1677 5211 ἢ
1714 5142 1855 5195 κατά
1879 5140 1970 5193 τὸν

373 5234 692 5305 Σύμμαχονο
720 5254 737 5285 ι
764 5232 1116 5298 Ἑξάκουστον
1141 5238 1343 5287 ποιεῖτε
1359 5234 1458 5306 τὴν
1475 5235 1658 5305 φωνὴν
1683 5232 1777 5287 τοῦ
1801 5232 1972 5303 ὕμνου

373 5328 562 5380 αὐτοῦ.
591 5347 609 5378 ι
645 5326 936 5399 θαυμάσαι
961 5327 1019 5379 δὲ
1048 5327 1164 5379 ἐστι
1198 5326 1292 5380 τοῦ
1322 5327 1480 5395 λόγου
1509 5327 1571 5380 τὸ
1600 5327 1971 5397 ἀποτέλεσμα,

374 5420 461 5473 ὅτε
512 5420 634 5474 καθ’
664 5420 790 5491 ὅλης
842 5421 942 5491 τῆς
974 5418 1278 5489 ἀνθρώπων
1303 5420 1651 5491 οἰκουμένης,
1687 5421 1745 5472 ὲν
1782 5419 1978 5490 μέσαις

372 5519 496 5577 ταῖς
541 5514 751 5577 πόλεσι,
788 5514 845 5568 ἕν
885 5531 945 5566 τε
999 5514 1215 5584 κώμαις
1254 5513 1348 5565 καὶ
1380 5512 1586 5583 χώραις
1620 5511 1761 5565 κατὰ
1798 5511 1978 5575 πάσας

373 5608 474 5672 τὰς
498 5607 827 5679 Ἐκκλησίας
850 5607 942 5661 τοῦ
961 5607 1119 5671 Θεοῦ,
1139 5608 1189 5659 οἱ
1210 5605 1302 5659 τοῦ
1320 5604 1559 5678 Χριστοῦ
1578 5606 1697 5659 λαοὶ
1722 5604 1780 5672 ἐξ
1804 5606 1980 5659 ἀπάν-

2066 638 2121 687 et
2154 642 2333 702 patres
2364 630 2607 701 ipsorum
2654 647 2829 701 usque
2858 632 2922 685 ad
2974 639 3295 702 praesentem
3332 631 3471 686 diem
3492 631 3538 662 ⁸³⁸
3570 649 3582 684 :
3620 649 3638 680 ι

2065 732 2117 777 et
2161 734 2347 793 postea
2376 742 2388 777 :
2418 743 2437 776 ι
2469 724 2525 779 Si
2552 723 2692 780 forte
2737 726 2962 780 audiant
2986 734 3041 779 et
3082 723 3483 784 deterreantur,
3516 718 3645 792 quia

2065 813 2262 871 domus
2300 817 2743 886 exasperantium
2775 817 2963 882 est”;
3000 836 3019 868 ι
3054 823 3107 871 et
3148 820 3344 870 iterum
3373 835 3385 869 :
3420 834 3438 865 ι
3470 814 3535 867 Ει
3567 815 3647 867 lo-

2066 922 2205 976 quar
2252 922 2536 965 sermones
2570 924 2722 966 meos
2768 910 2834 964 ad
2872 910 3018 975 illos,
3060 911 3108 965 si
3157 910 3295 964 forte
3340 909 3564 963 audiant
3594 914 3649 961 et

2065 998 2465 1065 deterreantur,
2517 1000 2647 1071 quia
2685 1000 2882 1055 domus
2938 996 3377 1069 exasperandum
3424 1003 3507 1052 est
3530 996 3598 1052 ⁸ο.
3626 1014 3645 1047 ι

2063 1089 2128 1143 Et
2162 1091 2216 1145 in
2246 1107 2314 1146 cv
2335 1093 2545 1163 psalmo
2579 1093 2786 1148 dictum
2817 1100 2941 1148 est:
2973 1112 2990 1143 ι
3022 1092 3160 1158 Quia
3182 1090 3651 1146 exacerbaverth

2065 1183 2320 1252 spiritum
2369 1183 2591 1253 ejus“;
2626 1204 2645 1236 ι
2706 1198 2770 1238 ac
2824 1199 3047 1238 rursum
3087 1201 3099 1236 :
3143 1200 3161 1233 ι
3197 1180 3351 1251 Saepe
3399 1179 3652 1233 liberavit

2062 1290 2177 1330 eos.
2224 1274 2334 1346 Ipsi
2391 1284 2577 1331 autem
2628 1274 3100 1331 cxacerbaveruut
3154 1288 3279 1327 eum
3320 1272 3376 1325 in
3419 1270 3653 1326 consilio

2064 1380 2165 1421 suo
2195 1366 2264 1421 θ’.
2296 1386 2315 1416 ι
2363 1366 2479 1420 Imo
2509 1366 2674 1421 etiam
2700 1364 2918 1436 Moyses
2953 1365 3307 1421 acerbitatem
3338 1378 3528 1418 eorum
3557 1363 3654 1416 de-

2063 1458 2237 1512 clarat
2278 1459 2365 1515 his
2409 1460 2628 1517 verbis:
2662 1478 2679 1509 ι
2714 1458 2849 1513 Nam
2874 1475 2941 1514 ex
2974 1459 3133 1515 vinea
3170 1456 3533 1512 Sodomorum
3579 1455 3655 1510 vi-

2063 1568 2165 1606 nca
2215 1567 2428 1617 eorum,
2483 1560 2538 1608 et
2571 1553 2780 1622 palmes
2821 1568 3010 1607 eorum
3053 1567 3123 1607 ex
3167 1549 3492 1606 Gomorrha.
3538 1546 3652 1604 Uva

2061 1661 2252 1700 eorum
2285 1660 2392 1699 uva
2426 1644 2591 1709 fellis,
2629 1646 2823 1700 botrus
2863 1645 3182 1699 acerbitatis
3216 1658 3406 1699 eorum
3433 1642 3497 1696 ⁸³.
3540 1661 3558 1693 ι
3594 1644 3651 1695 In

2062 1736 2300 1793 Jeremia
2330 1745 2513 1793 autem
2549 1740 2616 1791 ad
2641 1737 2861 1793 eosdem
2891 1737 3096 1791 dicitur
3123 1755 3134 1790 :
3170 1755 3187 1787 ι
3220 1733 3506 1802 Quomodo
3530 1750 3657 1788 con-

2063 1846 2222 1887 versa
2276 1838 2361 1886 est
2394 1830 2448 1884 in
2499 1829 2926 1883 amaritudinem
2967 1828 3096 1882 vitis
3144 1828 3321 1882 aliena
3349 1824 3434 1879 ⁸⁸⁸1
3466 1845 3483 1878 ι
3523 1823 3656 1881 Jure

2069 1922 2234 1993 igitur
2305 1922 2396 1976 hic
2465 1936 2686 1992 quoque
2737 1928 3130 1991 exasperantes
3180 1927 3465 1973 vocantur.
3516 1916 3656 1971 Dum

2069 2023 2253 2069 autem
2271 2030 2336 2069 ex
2365 2013 2596 2070 adverso
2619 2013 2859 2083 gentium
2886 2021 2940 2067 et
2970 2011 3168 2067 salutis
3198 2025 3387 2065 eorum
3416 2008 3654 2065 mentio-

2068 2122 2192 2161 nem
2228 2120 2409 2162 scrmo
2439 2103 2592 2169 facit,
2628 2104 3092 2172 comparationem
3140 2100 3372 2161 inducit.
3413 2115 3536 2154 cum
3588 2099 3656 2154 iis

2067 2196 2161 2267 qui
2186 2212 2253 2249 ex
2283 2195 2705 2251 circumcisione
2739 2200 2890 2259 sunt,
2920 2192 3111 2248 dicens
3139 2210 3151 2245 :
3183 2210 3202 2244 ι
3234 2190 3387 2247 Oculi
3405 2193 3526 2261 ejus
3560 2206 3655 2245 su-

2068 2303 2164 2360 per
2193 2293 2382 2357 gentes
2415 2286 2737 2356 respiciunt,
2770 2286 2863 2355 qui
2892 2294 3224 2355 exasperant
3252 2299 3362 2339 non
3402 2284 3648 2339 exalten—

2067 2387 2159 2432 tur
2208 2378 2263 2432 in
2314 2378 2647 2448 semetipsis.
2696 2376 3035 2441 Benedicite,
3083 2383 3295 2447 gentes,
3353 2373 3520 2431 Deum
3562 2391 3657 2430 no-

2069 2479 2268 2534 strum,
2298 2477 2352 2524 et
2374 2469 2615 2525 auditam
2647 2467 2812 2523 facite
2836 2482 3024 2523 vocem
3049 2469 3227 2523 laudis
3252 2468 3392 2538 ejus.
3429 2487 3446 2519 ι
3476 2466 3656 2521 Evan-

2068 2562 2301 2632 gelicum
2336 2575 2458 2616 esse
2490 2559 2760 2629 psalmum
2792 2558 2903 2629 jam
2954 2558 3059 2613 sub
3099 2558 3314 2613 initium
3340 2558 3657 2613 observavi-

2067 2670 2226 2709 mus:
2254 2652 2402 2723 quod
2432 2654 2597 2709 etiam
2630 2667 2695 2707 ex
2729 2659 2843 2706 tota
2885 2652 3187 2723 prophetia:
3230 2651 3370 2706 serie
3397 2665 3654 2718 compro-

2069 2749 2250 2803 batur.
2301 2745 2437 2800 Nam
2492 2745 2648 2800 initio
2697 2759 2916 2800 omnem
2977 2753 3183 2799 terram
3236 2743 3651 2812 compellabat:

2068 2841 2375 2911 deindeque
2404 2838 2561 2909 plura
2606 2838 2835 2903 docens,
2873 2837 3082 2892 clarius
3114 2836 3181 2892 dc
3211 2836 3465 2908 gentibus
3513 2835 3655 2888 vati-

2069 2936 2289 2989 cinatur
2334 2932 2568 2986 dicens:
2610 2949 2628 2980 ι
2663 2929 2820 2985 Oculi
2860 2930 2981 2999 ejus
3029 2944 3195 2999 super
3245 2936 3436 2998 gentes
3476 2929 3655 2996 respi-

2070 3028 2245 3083 ciunt.
2279 3045 2297 3078 ι
2339 3024 2470 3080 Post
2515 3023 2835 3093 hujusmodi
2892 3023 3077 3092 itaque
3124 3022 3430 3075 doctrinam
3467 3034 3659 3074 conse-

2070 3126 2304 3191 quenter
2342 3116 2602 3172 omnihus
2651 3115 2933 3187 gentibus,
2968 3121 3158 3183 utpote
3182 3126 3303 3182 quae
3336 3124 3503 3179 supra
3542 3124 3658 3164 me-

2072 3222 2283 3266 morata
2320 3209 2692 3268 edidicerunt.
2723 3215 2777 3261 et
2813 3206 2940 3259 hinc
2984 3205 3275 3259 utilitatem
3305 3210 3482 3256 nactae
3505 3195 3657 3267 Sunt,

2071 3305 2316 3376 praecipit
2345 3311 2404 3356 ut
2427 3310 2508 3355 tot
2536 3300 2926 3355 miraculorum
2956 3297 3394 3365 terribiliumque
3427 3308 3656 3364 operum

2072 3397 2335 3450 artiﬁcem
2376 3394 2723 3449 benedicant.
2788 3410 2806 3441 ι
2841 3390 3173 3455 Benedicile,
3223 3388 3423 3458 inquit.
3466 3398 3658 3459 gentes

2071 3487 2241 3545 Deum
2280 3493 2551 3541 nostrum.
2589 3505 2607 3540 ι
2641 3483 2759 3538 Non
2792 3482 3077 3553 pristinos,
3111 3482 3207 3545 ait,
3240 3488 3479 3543 vestros,
3518 3494 3659 3549 quos

2070 3579 2203 3634 deos
2232 3592 2356 3632 esse
2382 3583 2634 3632 errantes
2667 3574 2982 3646 putabatis;
3030 3571 3125 3628 sed
3170 3579 3448 3635 nostrum,
3490 3586 3657 3640 quem

2071 3673 2140 3727 ab
2169 3671 2285 3726 avis
2321 3685 2495 3741 usque
2535 3669 2742 3724 nostris
2774 3666 2945 3721 Deum
2995 3664 3379 3733 ascripsimus,
3419 3663 3659 3718 scientes

2072 3762 2221 3817 hunc
2263 3776 2452 3816 verum
2495 3775 2618 3815 esse
2667 3757 2859 3812 Deum.
2914 3755 3070 3809 Nunc
3097 3756 3282 3825 igitur,
3342 3754 3559 3808 etiamsi
3606 3753 3658 3807 id

2073 3856 2228 3926 prius
2254 3869 2363 3909 non
2397 3852 2660 3914 feceritis,
2691 3866 2788 3906 vos
2810 3864 3029 3918 quoque
3064 3847 3390 3903 benedicite.
3422 3844 3659 3900 Benedi-

2073 3957 2260 4003 centes
2291 3953 2473 4001 autem
2498 3951 2553 4000 et
2590 3943 2879 3998 laudantes
2911 3942 3063 3996 illum
3098 3948 3156 3993 ut
3185 3940 3362 3994 solum
3386 3953 3574 3994 verum
3607 3945 3661 3992 et

2073 4052 2423 4093 communem
2472 4038 2719 4089 omnium
2763 4039 2876 4086 tam
2923 4039 3173 4085 nostrum
3209 4042 3373 4097 quam
3416 4031 3660 4081 vestrum

2074 4129 2267 4193 Deum,
2318 4143 2387 4182 ne
2432 4127 2624 4190 tacite,
2666 4140 2775 4180 neu
2804 4123 3047 4179 demissa
3088 4135 3224 4175 voce
3262 4119 3315 4174 id
3359 4118 3532 4189 agite;
3564 4116 3661 4172 sed

2073 4236 2197 4276 cum
2251 4220 2422 4273 multa
2469 4217 2668 4272 ﬁducia
2713 4224 2769 4271 et
2818 4213 3172 4274 conﬁdentia,
3217 4210 3325 4263 alta
3361 4224 3495 4263 voce
3542 4221 3660 4261 ma-

2071 4313 2304 4384 gnisque
2354 4307 2689 4362 clamoribus
2753 4304 3013 4369 utimini,
3067 4311 3127 4355 ut
3187 4300 3378 4355 laudes
3428 4313 3457 4352 a
3509 4295 3663 4352 vobis

2074 4402 2187 4457 Deo
2235 4400 2453 4455 emissa:
2503 4399 2669 4453 etiam
2708 4397 2777 4451 ab
2825 4396 3103 4450 extraneis
3150 4391 3467 4455 audiantur,
3512 4387 3662 4459 quod

2073 4495 2238 4550 etiam
2302 4490 2561 4547 Servator
2628 4488 2714 4543 his
2774 4488 2956 4543 verbis
3023 4483 3378 4540 declarabat:
3451 4500 3470 4532 ι
3502 4478 3663 4547 Quod

2074 4587 2199 4642 dico
2246 4584 2404 4640 vobis
2443 4585 2498 4637 in
2527 4580 2793 4647 tenebris,
2836 4579 3003 4633 dicite
3043 4577 3098 4629 in
3140 4576 3368 4639 lumine,
3418 4583 3472 4629 et
3517 4572 3663 4642 quod

2078 4681 2131 4733 in
2169 4694 2302 4733 aure
2351 4676 2575 4735 auditis,
2632 4672 2923 4745 prmdicate
2970 4684 3134 4738 super
3178 4675 3323 4721 tecta
3346 4667 3410 4718 “5.
3444 4685 3462 4717 ι
3527 4663 3664 4719 Huic

2078 4773 2246 4844 igitur
2302 4768 2593 4825 sententiae
2658 4763 2816 4818 aliine
2873 4763 2979 4816 hoc
3040 4760 3248 4814 dictum
3323 4768 3409 4813 est
3463 4776 3476 4813 :
3539 4778 3557 4809 ‹
3601 4756 3665 4810 Et

2078 4865 2319 4919 auditam
2374 4860 2537 4914 facite
2586 4874 2773 4913 vocem
2808 4855 2989 4909 laudis
3018 4854 3175 4923 ejus;
3221 4872 3239 4904 ι
3285 4853 3420 4916 sive,
3460 4865 3663 4906 secun-

2076 4958 2206 5013 dum
2243 4952 2633 5025 Symmachum
2672 4969 2685 5003 :
2725 4967 2743 5001 ι
2773 4949 3028 5003 Auditam
3062 4946 3227 5001 facite
3256 4959 3445 4998 vocem
3476 4943 3665 5015 hymni

2076 5051 2214 5121 ejus.
2258 5067 2278 5100 ι
2319 5046 2505 5101 Mirari
2542 5058 2708 5115 porro
2732 5042 2882 5097 subit
2915 5040 3009 5110 qui
3060 5038 3319 5109 impletus
3352 5036 3442 5091 hic
3482 5051 3667 5091 sermo

2078 5137 2265 5200 fuerit,
2292 5134 2512 5207 quando
2542 5148 2638 5203 per
2673 5133 2992 5187 universum
3025 5129 3236 5192 orbem,
3267 5129 3320 5182 in
3340 5129 3538 5183 mediis
3572 5144 3665 5181 ur-

2082 5232 2262 5291 bibus,
2301 5229 2356 5281 in
2382 5227 2551 5293 vicis,
2585 5226 2640 5280 in
2684 5225 2830 5296 agris
2878 5239 2975 5293 per
3022 5223 3309 5296 universas
3354 5220 3447 5276 Dei
3479 5219 3669 5273 Eccle-

2085 5324 2220 5388 sias,
2252 5320 2461 5376 Christi
2494 5318 2684 5389 populi
2725 5333 2793 5373 ex
2835 5316 3116 5371 universis
3149 5313 3403 5385 gentibus
3444 5310 3665 5374 delecti,

2086 5416 2323 5485 hymnos
2344 5425 2398 5467 et
2434 5412 2698 5481 psalmos,
2734 5424 2843 5463 non
2870 5408 3065 5479 patriis
3100 5404 3209 5462 diis
3231 5445 3247 5469 ,
3291 5420 3398 5458 non
3438 5401 3533 5457 Dei
3565 5399 3672 5454 ini-

2086 5507 2245 5563 micis
2267 5505 2648 5570 dzemonibus;
2680 5502 2776 5559 sed
2804 5502 2898 5555 uni
2939 5499 3049 5555 Deo
3096 5516 3126 5553 a
3162 5495 3441 5568 prophetis
3478 5492 3671 5566 praedi-

2090 5610 2235 5667 cato,
2265 5601 2374 5655 alta
2408 5599 2668 5655 emittunt
2698 5612 2852 5661 voce,
2882 5595 2957 5648 ita
2998 5602 3058 5648 ut
3084 5590 3433 5662 psallentium
3452 5603 3557 5643 vox
3584 5604 3669 5672 vel

448 5793 495 5823 ⁵⁸
518 5790 718 5847 Ezech.
753 5806 814 5853 ιι,
845 5791 899 5847 ⁸5.
974 5791 1019 5823 ⁸³
1049 5788 1184 5843 Ibid.
1228 5788 1280 5843 5.
1359 5788 1403 5820 ⁶⁰
1431 5787 1569 5844 lbid.
1621 5785 1669 5840 7.
1748 5788 1789 5819 θί
1820 5786 1963 5843 Psal.

2070 5804 2104 5851 ι,
2141 5786 2232 5841 55.
2308 5785 2353 5817 ⁶²
2388 5736 2522 5839 Ibid.
2582 5779 2669 5836 45.
2749 5778 2793 5811 ⁸³
2822 5776 2981 5832 Deut.
3024 5789 3198 5838 χχχιι,
3224 5770 3312 5827 52.
3393 5770 3436 5803 ⁵⁸
3466 5769 3675 5826 ,Ιειριηα

384 5879 447 5918 It.
476 5865 567 5918 2|.
648 5862 693 5893 δ’
723 5861 911 5917 Matth.
950 5879 1003 5926 κ,
1025 5861 1113 5914 Ἦ.
