4100 6546
471 370 568 425 ὗ59

1206 373 1483 429 EUSEBH
1518 372 2001 429 CESAHIENSIS
2034 377 2045 425 4

2147 377 2181 432 ).
2226 377 2407 431 PARS
2447 376 2535 429 lll.
2575 405 2646 416 -~
2677 373 3090 430 EXEGE’I‘ICA.

3630 376 3727 430 660

470 488 535 547 ab
579 489 649 547 iis
688 490 783 560 qui
829 489 963 547 foris
1000 491 1312 548 consistunt
1360 493 1653 561 audiatur;
1688 503 1746 548 ut
1800 512 2039 565 przesens

2147 514 2248 549 των
2312 496 2420 549 τῶν
2484 493 2653 549 ἐθνῶν
2714 493 3139 563 συνειλεγμένοι,
3196 492 3322 554 τοὺς
3375 489 3579 561 ὕμνους
3642 497 3727 547 καὶ

469 597 649 640 sermo
697 598 861 654 Opere
910 584 1293 653 compleatur:
1335 604 1351 633 ι
1394 584 1745 651 Benedicite,
1805 578 1993 656 gentes
2024 628 2039 652 ,

469 672 638 730 Deum
679 683 968 740 nostrum,
1013 682 1068 730 et
1106 676 1347 730 auditam
1410 676 1572 733 facile
1628 694 1817 733 vocem
1868 680 2045 735 laudis

376 786 381 787 ί
468 766 602 835 ejus.
646 785 664 817 υ
695 764 930 820 Additur
951 774 1142 836 postea
1172 786 1184 821 :
1221 785 1239 818 ι
1271 766 1373 833 Qui
1395 768 1575 838 posuit
1605 769 1842 822 animam
1869 785 2045 824 meam

466 857 527 910 ad
589 856 793 920 vitam,
830 863 884 912 et
936 872 1043 912 non
1092 856 1241 913 dedit
1296 859 1351 913 in
1404 860 1827 915 commotionem
1879 861 2045 930 pedes

466 962 631 1001 meos.
680 966 699 998 ›
740 945 849 1002 Pro
882 946 977 1009 illo
1006 956 1216 1012 autem,
1254 968 1272 1001 ι
1312 950 1557 1004 animam
1580 966 1781 1016 meam,
1805 952 2042 1007 animam

466 1048 734 1105 nostram,
780 1060 798 1092 ι
846 1040 1045 1109 reliqui
1107 1056 1300 1097 omnes
1350 1042 1677 1111 interpretes
1715 1043 2041 1100 ediderunt:

465 1143 527 1183 ac
560 1144 779 1185 rursum
812 1146 910 1201 pro
936 1131 1047 1198 illo,
1086 1150 1104 1182 ι
1148 1131 1314 1201 pedes
1347 1149 1521 1200 meos,
1572 1135 1741 1205 pedes
1761 1145 1982 1192 nostros
2022 1156 2040 1189 ι

464 1222 591 1276 item
620 1236 812 1277 omnes
846 1224 1187 1293 interpretati
1224 1233 1371 1279 sunt.
1404 1224 1524 1281 Non
1557 1234 1801 1293 tantum,
1836 1227 2043 1298 inquit,

465 1326 563 1381 pro
593 1312 838 1381 antiquis
872 1314 982 1369 illis
1027 1314 1119 1369 Dei
1174 1317 1456 1385 operibus,
1488 1333 1610 1387 quae
1658 1335 1825 1390 supra
1858 1319 2046 1376 decla-

467 1412 585 1457 rata
620 1414 771 1469 sunt,
811 1406 1072 1477 hymnum
1116 1408 1221 1476 ipsi
1258 1418 1309 1464 et
1342 1410 1534 1467 laudes
1562 1415 1826 1479 emittite;
1861 1413 1957 1469 sed
1977 1414 2049 1469 ob

464 1496 726 1550 beneficia
781 1498 942 1553 nobis
988 1499 1142 1569 ipsis,
1176 1500 1270 1571 qui
1315 1501 1445 1557 talia
1493 1503 1791 1574 loquimur,
1828 1506 2043 1562 collata.

464 1586 913 1660 Quandoquidem
954 1592 1099 1646 enim
1134 1594 1301 1663 pedes
1336 1604 1577 1660 nostros,
1617 1598 1775 1653 valde
1818 1614 2047 1654 curren-

464 1684 569 1741 tes,
622 1689 808 1751 utpote
844 1683 937 1754 qui
981 1684 1137 1739 vobis
1192 1687 1451 1744 omnibus
1498 1691 1753 1760 gentibus
1807 1693 2048 1749 salutare

465 1769 817 1843 Evangelium
876 1775 1264 1845 praedicemus,
1321 1779 1673 1847 confortavit,
1714 1792 1767 1839 et
1814 1784 1869 1838 in
1921 1786 2047 1841 vita:

2147 588 2247 652 τὰς
2296 588 2637 660 ψαλμῳδίας,
2667 587 2765 641 οὐκ
2810 587 2901 639 ἐπὶ
2930 588 3041 649 τοῖς
3092 582 3369 655 πατρῴοις
3414 583 3575 648 θεοῖς,
3612 586 3727 638 οὐδὲ

2146 684 2258 747 τοῖς
2314 682 2603 753 θεομάχοις
2652 679 2890 750 δαίμοσι,
2926 678 3146 750 μόνῳδέ
3171 676 3247 747 τῷ
3274 676 3424 747 παρὰ
3458 678 3570 741 τοῖς
3606 694 3726 745 προ-
3778 752 3787 759 ι

2148 778 2347 847 φήταις
2408 772 2811 844 θεολογουμένῳ
2863 772 3003 844 μετὰ
3052 770 3294 843 μεγάλης
3350 768 3727 840 ἀναπέμπουσι

2150 869 2300 940 βοῆς,
2323 868 2399 931 ὡς
2430 868 2660 931 καὶτοῖς
2684 867 2841 930 ἐκτὸς
2867 864 3093 919 ἑστῶσιν
3119 862 3442 931 ἐξάκουστον
3467 857 3735 915 εἶναιτῶν

2146 959 2455 1031 ψαλλόντων
2503 959 2601 1031 τὴν
2653 960 2867 1030 φωνήν·
2904 958 3050 1030 ἔργῳ
3081 955 3457 1027 πληρουμένου
3510 953 3603 1008 τοῦ
3632 954 3735 1024 φά-

2150 1070 2368 1114 σκοντος
2401 1051 2637 1106 ἐνταῦθα
2669 1051 2848 1120 λογίου
2867 1067 2878 1079 ·
2914 1071 2932 1101 ‹
2967 1048 3278 1118 Εὐλογεῐτε,
3309 1047 3457 1120 ἔθνη,
3481 1047 3573 1101 τὸν
3603 1048 3735 1102 Θεὸν

2149 1143 2327 1216 ἡμῶν,
2359 1143 2454 1196 καὶ
2486 1142 2807 1195 ἀκουτῐσατε
2851 1140 2949 1213 τὴν
2999 1139 3185 1208 φωνὴν
3216 1136 3316 1208 τῆς
3356 1138 3614 1198 αἰνέσεως
3641 1137 3739 1190 αὐ-

2148 1234 2263 1287 τοῦ.
2297 1253 2314 1285 ι
2352 1230 2468 1287 Εἶθ’
2497 1234 2625 1305 ἑξῆς
2652 1234 2945 1304 συνῆπταισ
2990 1251 3007 1282 ι
3039 1229 3147 1283 Τοῦ
3179 1229 3406 1300 θεμένου
3435 1228 3531 1298 τὴν
3560 1230 3737 1300 ψυχην

2152 1344 2253 1397 μου
2297 1327 2377 1389 είς
2428 1325 2593 1397 ζωὴν,
2622 1325 2717 1379 καὶ
2755 1324 2829 1396 μὴ
2855 1324 3039 1387 δόντος
3080 1324 3161 1387 είς
3198 1321 3357 1375 σάλον
3402 1322 3526 1384 τοὺς
3571 1320 3736 1383 πόδας

2153 1436 2273 1489 μου.
2288 1437 2306 1470 ι
2328 1417 2472 1471 Ἀντὶ
2494 1416 2550 1470 δὲ
2574 1416 2690 1480 τοῦ,
2715 1436 2733 1468 ι
2752 1417 2852 1487 τὴν
2864 1416 3043 1486 ψυχήν
3064 1413 3299 1486 μου,τὴν
3320 1413 3497 1484 ψυχὴν
3522 1414 3555 1483 ἡ
3564 1408 3697 1483 μῶν,
3712 1432 3730 1463 ι

2148 1508 2196 1558 οἱ
2224 1507 2400 1560 λοιποὶ
2431 1507 2633 1569 πάντες
2664 1505 2996 1576 ὲρμηνευταὶ
3028 1503 3389 1565 ἐκδεδὼκασι·
3448 1504 3541 1555 καὶ
3575 1504 3737 1557 πόδεν

2149 1600 2287 1662 ἀντὶ,
2329 1619 2346 1651 ι
2368 1600 2493 1663 τοὺς
2515 1599 2679 1661 πόδας
2697 1616 2819 1670 μου,
2854 1598 2980 1660 τούς
3010 1596 3175 1659 πόδας
3209 1598 3241 1666 ή
3251 1595 3386 1666 μῶν,
3408 1614 3426 1646 ι
3465 1594 3666 1666 ὁμοίως
3688 1598 3737 1647 οἱ

2151 1693 2350 1756 πάντες
2387 1693 2763 1765 ἡρμήνευσαν.
2799 1690 2891 1762 Μὴ
2918 1688 3028 1761 γὰρ
3061 1690 3153 1742 ἐπὶ⁷
3178 1691 3290 1752 τοῖς
3326 1688 3598 1755 παλαιοῖς,
3628 1705 3737 1758 φη-

2154 1786 2227 1848 σὶ,
2261 1786 2441 1858 μόνοις
2474 1784 2659 1856 ἔργοις
2685 1782 2779 1837 τοῦ
2809 1781 2965 1845 Θεοῦ,
2994 1780 3028 1835 ἃ
3049 1780 3137 1834 διὰ
3156 1780 3263 1833 τῶν
3287 1780 3594 1852 ἔμπροσθεν
3618 1779 3740 1851 ἐδη-

463 1862 703 1929 delluxu,
762 1866 950 1924 obices
995 1883 1279 1935 amovens,
1339 1874 1577 1928 servavit
1636 1876 2045 1945 inconcussas;

2150 1879 2327 1943 λοῦτο,
2367 1877 2458 1931 τὸν
2487 1876 2516 1929 ὐ
2526 1893 2655 1948 μνον
2678 1874 2826 1946 αὐτῷ
2852 1873 2946 1926 καὶ
2975 1873 3074 1937 τὰς
3102 1873 3335 1936 αίνέσεις
3364 1872 3737 1943 ἁναπέμπετεο

464 1956 762 2027 multisque
800 1960 999 2016 animae
1053 1973 1258 2019 nostrae
1302 1965 1717 2033 insidiantibus,
1762 1972 1879 2039 ipse
1926 1972 2046 2039 ejus

468 2056 718 2103 servator
751 2059 805 2105 et
827 2063 1015 2113 custos
1051 2052 1154 2108 fuit
1184 2073 1199 2110 :
1234 2071 1427 2112 eorum
1480 2058 1665 2128 itaque
1700 2061 1871 2130 gratia
1908 2079 1926 2111 σ
1955 2062 2050 2116 be-

464 2139 718 2205 nedicite,
743 2152 955 2211 gentes,
986 2144 1160 2201 Deum
1191 2157 1467 2219 nostrum,
1496 2158 1552 2206 et
1588 2153 1832 2209 auditam
1884 2154 2049 2225 facite

464 2244 649 2287 vocem
680 2233 855 2292 laudis
886 2237 1028 2307 ejus.
1070 2259 1088 2291 ι
1124 2238 1249 2295 Hazc
1283 2256 1450 2311 porro
1479 2259 1545 2298 ex
1575 2260 1814 2314 persona
1840 2263 2049 2317 prmco-

463 2340 592 2382 num
645 2326 922 2400 Evangelii
970 2331 1262 2389 manifeste
1308 2337 1570 2405 praedicta
1606 2349 1755 2405 sunt,
1810 2353 2045 2411 quorum

464 2436 683 2477 cursum
711 2423 1019 2493 pedumque
1052 2426 1309 2481 virtutem
1347 2430 1539 2495 Isaias,
1566 2432 1677 2488 imo
1699 2436 1881 2503 potius
1921 2434 2044 2507 Spi-

464 2514 603 2568 ritus
656 2522 881 2570 sanctus
938 2531 1036 2585 per
1086 2518 1264 2587 ipsum
1314 2520 1626 2586 declarans,
1688 2525 2048 2582 mirabundus

463 2604 803 2659 acclamabat
840 2626 852 2660 :
892 2626 908 2658 ι
948 2606 1122 2672 Quam
1170 2612 1401 2679 speciosi
1459 2613 1625 2683 pedes
1668 2618 2048 2687 evangelizan-

463 2697 594 2749 tium
645 2695 808 2761 bona,
836 2702 1330 2770 evangelizantium
1368 2720 1556 2775 pacem
1582 2707 1626 2738 “
1656 2709 1667 2761 !
1703 2728 1722 2759 ι
1775 2707 2046 2775 Quoniam

462 2788 627 2858 igitur
671 2790 861 2845 multis
914 2792 1196 2850 laboribus
1222 2794 1515 2865 perfuncti,
1547 2808 1599 2854 et
1641 2800 1709 2854 ab
1746 2802 2048 2858 incredulis

462 2881 715 2951 gentibus
757 2884 1104 2941 vexationem
1134 2927 1147 2947 .
1197 2891 1437 2953 vincula,
1484 2907 1737 2949 carceres
1788 2904 1841 2949 et
1886 2911 2048 2952 omne

462 2972 785 3027 insidiarum
831 2993 1004 3044 genus
1045 2983 1313 3050 perpessi,
1374 2983 1745 3042 immutabiles
1791 3003 2047 3058 perman-

460 3079 611 3131 sere;
642 3064 769 3135 jure
798 3082 924 3121 eum
955 3069 1048 3138 qui
1089 3070 1226 3140 ipsis
1269 3073 1413 3129 vires
1455 3076 1762 3141 addiderat,
1799 3079 1892 3149 qui
1929 3082 2048 3133 ani-

462 3170 605 3209 mam
631 3156 876 3228 ipsorum
905 3160 973 3214 ad
1002 3163 1171 3216 vitam
1213 3167 1573 3231 custodierat,
1607 3180 1665 3223 ut
1695 3186 1764 3224 ne
1813 3171 1866 3225 in
1919 3188 2044 3241 pec-

461 3248 569 3302 cati
600 3258 832 3305 mortem
864 3251 1177 3321 laberetur;
1212 3257 1303 3327 qui
1336 3258 1504 3327 pedes
1531 3260 1718 3316 firmos
1740 3270 2041 3325 statuerat,

462 3357 530 3397 ne
558 3345 1005 3411 commotionem,
1038 3364 1145 3403 neu
1176 3349 1388 3420 lapsum
1437 3352 1519 3406 vel
1554 3352 1768 3406 ruinam
1800 3363 2053 3423 pateren-

463 3440 573 3497 tur,
605 3450 797 3492 omnes
849 3446 1040 3507 gentes
1079 3440 1405 3497 benedicere
1436 3442 1653 3512 jubent,
1703 3451 1758 3499 et
1804 3445 2083 3507 auditam,

464 3524 643 3581 facere
679 3542 868 3583 vocem
912 3529 1091 3587 laudis
1121 3532 1282 3601 ejus;
1316 3549 1423 3587 non
1456 3542 1666 3589 tantum
1703 3552 1801 3607 pro
1829 3538 2049 3591 mirabi-

462 3617 609 3674 libus
668 3621 1122 3693 terribilibusque
1172 3625 1281 3681 illis
1330 3627 1575 3699 antiquis
1621 3630 1918 3700 operibus;
1952 3631 2046 3686 sed

460 3712 626 3767 etiam
655 3730 755 3784 pro
790 3718 1105 3778 recentibus
1136 3719 1450 3787 beneficiis,
1488 3722 1646 3791 queis
1685 3722 1924 3777 animam
1954 3739 2049 3778 eo-

464 3823 585 3862 rum
610 3810 706 3879 qui
733 3810 861 3865 talia
894 3813 1251 3883 loquerentur
1294 3815 1364 3869 ad
1402 3817 1572 3870 vitam
1610 3818 1831 3888 posuit,
1871 3834 2049 3889 neque

459 3899 606 3954 dedit
628 3901 680 3954 in
715 3904 1138 3960 commotionem
1165 3905 1333 3975 pedes
1356 3906 1620 3976 ipsorum.
1645 3906 1826 3974 Quare
1850 3923 2048 3964 secun-

459 3989 590 4042 dum
619 3987 1009 4061 Symmachum
1038 3994 1324 4063 pluraliter
1350 3995 1556 4052 dicitur
1581 4016 1595 4052 :
1635 4016 1653 4048 ι
1679 3997 1784 4065 Qui
1819 3999 2046 4054 ordina-

461 4081 539 4134 vit
583 4082 819 4138 animam
856 4095 1107 4143 nostram
1151 4087 1221 4143 ad
1275 4088 1469 4158 vitam,
1523 4100 1579 4146 et
1618 4107 1729 4147 non
1755 4090 1906 4147 dedit
1937 4092 2046 4149 labi

462 4173 628 4242 pedes
662 4184 901 4233 nostros.
947 4197 966 4231 ι

2149 1970 2282 2025 ἀλλὰ
2318 1972 2409 2025 καὶ
2440 1970 2529 2025 διὰ
2555 1970 2653 2034 τὰς
2683 1971 2764 2031 εἰς
2796 1969 2946 2038 ἡμᾶς
2979 1966 3177 2031 αὐτοὺς
3204 1967 3330 2030 τοὺς
3357 1966 3531 2019 ταῦτα
3550 1966 3738 2034 λέγον-

2147 2081 2246 2126 τας
2280 2061 2617 2133 εὐεργεσίας.
2637 2056 2855 2129 Ἐπειδὴ
2900 2057 3007 2129 γὰρ
3038 2057 3164 2120 τοὺς
3193 2055 3494 2127 ἡμετέρους
3549 2054 3737 2119 πόδες,

2148 2153 2318 2209 πολλὰ
2350 2154 2678 2227 δραμόντας,
2713 2150 2853 2204 ὥστε
2879 2152 3042 2205 πᾶσιν
3064 2150 3192 2220 ὑμῖν
3222 2152 3334 2211 τοῖς
3364 2148 3540 2201 ἔθνεσι
3567 2146 3739 2219 κηρύο

2150 2244 2236 2309 ξαι
2262 2244 2322 2298 τὸ
2352 2244 2616 2313 σωτήριον
2650 2240 3002 2309 Εὐαγγέλιον,
3027 2238 3395 2309 ἐδυνάμωσεν,
3421 2236 3653 2307 ἐφύλαξέ
3678 2254 3738 2290 τε

2148 2334 2541 2406 ἀδιατρέπτους
2576 2334 2633 2386 ἐν
2662 2335 2774 2396 τοῖς
2817 2331 2913 2385 τοῦ
2951 2331 3065 2402 βίου
3102 2330 3337 2403 ῥεύμασι
3386 2330 3454 2394 τὰ
3487 2327 3738 2401 ἐμποδὼν

2148 2426 2445 2498 κωλύματα
2487 2423 2782 2496 περιελών
2829 2423 3041 2478 πολλῶν
3083 2439 3142 2476 τε
3174 2425 3237 2493 τῇ
3264 2421 3409 2492 ψυχῇ
3436 2422 3593 2493 ἡμῶν
3620 2425 3738 2475 ὲπι-

2148 2520 2532 2582 ϐουλευόντων,
2554 2517 2717 2582 αὐτὸς
2738 2516 2944 2590 ταύτης
2974 2515 3158 2587 σωτὴρ
3186 2514 3281 2568 καὶ
3304 2514 3477 2583 φύλαξ
3501 2514 3734 2581 ἐγένετο·

2148 2610 2461 2664 καὶτούτων
2511 2608 2688 2663 αὐτῶν
2725 2609 2887 2661 ἕνεκα
2926 2626 2944 2656 ι
2996 2605 3288 2674 εὐλογεῖτε,
3324 2604 3577 2677 {exn}me
3607 2606 3735 2659 Θεὸν

2147 2703 2324 2775 ἡμῶν,
2356 2704 2450 2756 καὶ
2497 2702 2820 2757 ἀκουτίσατε
2863 2701 2961 2772 τὴν
3013 2698 3197 2769 φωνὴν
3229 2698 3329 2769 τῆς
3356 2698 3616 2760 αἰνέσεως
3646 2697 3732 2750 αὐ-

2148 2795 2262 2849 τοῦ.
2299 2814 2317 2845 ι
2352 2793 2535 2848 Ταῦτα
2561 2794 2617 2847 δέ
2644 2793 2902 2864 ἄντικρυς
2926 2792 2990 2845 ἐκ
3019 2791 3314 2863 προσώπου
3342 2790 3449 2842 τῶν
3478 2788 3731 2860 κηρύκων

2147 2890 2239 2942 τοῦ
2271 2887 2603 2958 Εὐαγγελίου
2652 2888 3108 2958 προανεφωνεῖτο,
3134 2876 3209 2938 ὧν
3260 2882 3351 2935 τὸν
3401 2882 3600 2952 δρόμον
3642 2882 3727 2935 καὶ

2147 2981 2255 3034 τῶν
2284 2980 2459 3034 ποδῶν
2480 2980 2579 3050 τὴν
2601 2978 2803 3050 ἀρετὴν
2843 2978 3097 3040 Ἡσαΐας,
3131 2974 3331 3047 μᾶλλον
3352 2973 3408 3027 δὲ
3430 2974 3488 3027 τὸ
3514 2974 3728 3046 Πνεῦμα

2148 3074 2207 3125 τὸ
2237 3071 2391 3141 ἅγιον
2419 3070 2485 3124 δι’
2509 3070 2673 3123 αὐτοῦ
2707 3069 3097 3141 ἀποθαυμάξον
3122 3068 3251 3121 ἐϐόα
3269 3085 3282 3097 θ
3313 3085 3331 3117 ι
3356 3067 3442 3128 Ὠς
3465 3066 3657 3137 ὡραῖοι
3686 3065 3729 3116 ο³

2151 3167 2312 3230 πόδες
2346 3166 2455 3221 τῶν
2493 3162 2997 3234 εὐαγγελιζομένων
3024 3158 3226 3229 ἀγαθὰ,
3261 3158 3369 3211 τῶν
3395 3154 3716 3226 εὐαγγελιζο

2152 3259 2327 3331 μένων
2362 3259 2617 3332 εἰρήνηνί
2661 3277 2678 3309 ι
2718 3257 2873 3309 Ἐπει
2919 3254 3120 3317 τοίνυν,
3155 3252 3326 3305 πολλὰ
3371 3250 3729 3321 κεκμηκότες,

2151 3355 2246 3407 καὶ
2284 3354 2410 3417 τοὺς
2444 3354 2508 3406 ἐκ
2555 3350 2665 3405 τῶν
2696 3350 2943 3404 ἀπίστων
2976 3346 3145 3402 ἐθνῶν
3186 3346 3458 3415 διωγμοὺς
3508 3342 3720 3413 ὑπομείς

2147 3463 2355 3510 ναντες,
2380 3445 2556 3516 δεσμά
2586 3462 2646 3498 τε
2686 3444 2781 3498 καὶ
2821 3441 3069 3513 φυλακὰς
3095 3440 3189 3494 καὶ
3217 3438 3476 3499 παντοίας
3513 3434 3715 3489 ἐπιδουν

2146 3537 2261 3602 λὰς,
2298 3536 2646 3608 ἀδιάτρεπτοι
2676 3535 3046 3606 μεμενήκασιν
3069 3550 3084 3563 ·
3111 3532 3337 3593 εἰκότως
3363 3528 3455 3581 τὸν
3487 3524 3728 3596 δυναμώ-

2150 3646 2318 3683 σαντα
2338 3628 2556 3691 αὐτοὺς,
2578 3628 2672 3681 καὶ
2695 3627 2793 3699 τὴν
2822 3626 2920 3697 μὲν
2938 3625 3117 3697 ψυχὴν
3141 3628 3220 3689 είς
3241 3623 3383 3695 ζωὴν
3405 3622 3731 3692 φυλάξαντα,

2146 3719 2222 3781 ὡς
2273 3718 2348 3789 μὴ
2398 3718 2650 3770 ἐκπεσεῖν
2698 3716 2869 3787 αὐτὴν
2897 3716 2978 3780 εἰς
3009 3715 3100 3768 τὸν
3139 3715 3237 3785 τῆς
3268 3714 3540 3785 ἁμαρτίας
3573 3712 3729 3765 θάνα-

2144 3828 2255 3875 τον,
2294 3810 2421 3874 τοὺς
2453 3810 2511 3863 δὲ
2542 3809 2711 3873 πόδας
2749 3807 2927 3863 αὐτῶν
2972 3808 3232 3879 στερροὺς
3279 3805 3731 3877 ἀπεργασάμενον

2146 3904 2282 3975 πρὸς
2313 3902 2372 3956 τὸ
2406 3902 2481 3972 μὴ
2508 3901 2668 3955 σάλον
2698 3902 3007 3972 ὑπομεῖναι,
3049 3900 3181 3971 μηδὲ
3226 3899 3438 3952 ὄλισθον
3465 3899 3561 3951 καὶ
3592 3897 3731 3951 πτῶ-

2147 4013 2251 4061 σιν,
2277 3994 2517 4063 εὐλογεῖν
2552 3996 2687 4048 πᾶσι
2719 3996 2833 4057 τοῖς
2874 3993 3050 4046 ἔθνεσι
3096 3991 3584 4065 παρακελεύονται,
3614 3989 3730 4054 ἐξά-

2146 4089 2370 4143 κουστόν
2411 4105 2473 4157 γε
2525 4089 2698 4140 ποιεῖν
2749 4086 2846 4157 τὴν
2897 4086 3081 4156 φωνὴν
3114 4084 3215 4154 τῆς
3248 4084 3506 4147 αἰνέσεως
3548 4082 3731 4147 αὐτοῦ,

2144 4183 2245 4236 οὐκ
2287 4180 2381 4235 ἐπὶ
2432 4180 2611 4252 μόνοις
2662 4180 2774 4243 τοῖς
2823 4178 3076 4240 παλαιοῖς
3101 4178 3265 4230 αὐτοῦ
3292 4176 3614 4247 παραδόξοις
3643 4176 3740 4231 καὶ

460 4274 711 4345 φοϐεροῖς
733 4274 934 4346 ἔργοις,
969 4275 1105 4330 ἀλλὰ
1129 4277 1223 4330 καὶ
1256 4277 1348 4331 ἐπὶ
1376 4279 1489 4342 τοῖς
1517 4278 1657 4341 νέοις
1682 4279 1929 4348 ἀγαθοῖς,
1960 4279 2047 4349 ἐφ’
2084 4272 2165 4341 οἷς
2228 4276 2327 4348 τὴν
2359 4274 2536 4346 ψυχὴν
2599 4273 2708 4328 τῶν
2740 4271 2916 4327 ταῦτα
2939 4272 3204 4341 λεγόντων
3250 4271 3402 4324 ἔθετο
3444 4273 3524 4334 εἰς
3569 4271 3737 4342 ζωὴν,

461 4372 537 4444 μὴ
579 4371 702 4435 δοὺς
752 4373 834 4435 εἰς
882 4372 1039 4427 σάλον
1104 4375 1232 4438 τοὺς
1296 4374 1464 4438 πόδας
1492 4374 1692 4430 αὐτῶν.
1727 4376 1818 4428 Διὸ
1852 4374 1993 4428 κατὰ
2019 4374 2109 4428 τὸν
2148 4373 2443 4443 Σύμμαχον
2472 4368 2851 4442 πληθυντικῶς
2886 4368 3122 4440 εἴρηται·
3169 4385 3187 4418 ι
3216 4366 3323 4421 Τοῦ
3353 4365 3613 4433 τάξαντος
3638 4365 3740 4436 τὴν

458 4462 634 4537 ψυχὴν
666 4466 698 4533 ἡ
709 4464 825 4535 μῶν
853 4465 932 4529 είς
960 4462 1125 4537 ζωὴν,
1154 4467 1249 4520 καὶ
1278 4468 1353 4540 μὴ
1384 4466 1566 4531 δόντος
1615 4468 1882 4539 σφαλῆναι
1912 4468 2039 4531 τοὺς
2079 4467 2246 4529 πόδας
2273 4464 2450 4536 ἡμῶν.

530 4576 697 4635 Vens.
733 4578 925 4634 10-15.
960 4598 979 4632 ‹
1009 4580 1279 4647 Quoniam
1309 4583 1553 4653 probasti
1582 4599 1701 4651 nos,
1731 4582 1894 4650 Deus,
1918 4584 2043 4655 igne

2223 4600 2241 4631 ι
2256 4581 2378 4633 Ὅτι
2401 4577 2727 4646 ἐδοκίμασας
2744 4574 2913 4645 ἡμᾶς,
2935 4574 2963 4626 ὁ
2984 4572 3135 4636 Θεὸς,
3154 4571 3447 4643 ἐπύρωσας
3469 4570 3638 4641 ἡμᾶς,
3659 4568 3737 4632 ὡς

457 4686 561 4727 nos
608 4673 934 4728 examinasti
961 4714 978 4737 ,
1013 4675 1157 4729 sicut
1191 4675 1538 4730 examinatur
1567 4682 1874 4746 argentum.
1918 4694 1936 4727 ι
1976 4676 2042 4729 Ει

458 4763 576 4818 haec
604 4774 1006 4836 consequenter
1035 4767 1102 4822 ad
1133 4768 1421 4839 superiora
1451 4768 1598 4824 dicta
1630 4778 1779 4824 sunt.
1813 4768 2042 4840 Oporte-

458 4855 551 4910 bat
578 4857 723 4911 enim
754 4857 972 4914 edoceri
1007 4876 1110 4915 nos
1139 4874 1250 4931 quo
1291 4870 1452 4931 pacto
1507 4861 1653 4918 Deus
1689 4862 1937 4933 posuerit
1971 4862 2039 4917 ad

458 4946 623 5001 vitam
655 4949 892 5004 animam
916 4966 1107 5006 eorum
1138 4953 1233 5022 qui
1258 4954 1370 5008 haec
1394 4953 1661 5019 dicerent,
1689 4962 1743 5008 et
1765 4953 2041 5024 quomodo

458 5039 625 5112 pedes
654 5057 845 5097 eorum
897 5058 1006 5097 non
1055 5044 1269 5100 dederit
1315 5046 1371 5101 in
1422 5046 1867 5101 commotionem.
1900 5044 2036 5100 Nam

458 5133 591 5204 quid
625 5134 983 5199 admiserant,
1020 5147 1078 5190 ut
1114 5154 1223 5193 non
1254 5154 1507 5209 corpore,
1550 5139 1647 5195 sed
1678 5141 1862 5194 anima
1890 5140 2039 5210 peri-

456 5228 566 5282 turi
595 5235 809 5294 essent,
835 5234 890 5283 et
921 5243 1028 5297 qua
1062 5230 1129 5285 de
1162 5244 1330 5285 causa
1361 5232 1415 5285 in
1445 5239 1658 5285 tantum
1695 5232 1921 5302 periculi
1946 5231 2041 5285 de-

457 5328 740 5386 venerant,
786 5330 845 5377 ut
886 5322 1053 5392 pedes
1091 5338 1283 5378 eorum
1326 5324 1709 5380 commovendi
1742 5331 1950 5387 essent,
1986 5322 2041 5377 id

456 5415 772 5488 singulatim
820 5426 1103 5482 enarrant,
1151 5434 1257 5472 una
1302 5417 1412 5473 Deo
1453 5419 1661 5490 gratias
1690 5427 1934 5488 agentes,
1982 5425 2036 5471 et

454 5524 643 5564 eorum
681 5524 803 5579 qua
841 5510 991 5580 passi
1039 5510 1255 5566 fuerant
1287 5510 1537 5563 notitiam
1565 5510 1892 5580 praebentes.
1915 5507 2035 5561 Pri-

456 5614 543 5653 mo
569 5599 738 5670 igitur
764 5601 937 5668 aiunt,
967 5623 986 5655 ι
1012 5602 1261 5659 Prohasti
1289 5618 1412 5669 nos,
1442 5601 1606 5658 Deus.
1635 5622 1654 5655 ι
1682 5600 2038 5673 thuomodo

458 5691 749 5761 probasti?
786 5692 845 5747 Id
874 5696 1148 5766 explicant
1180 5697 1424 5752 dicentes
1459 5716 1471 5751 :
1512 5716 1529 5749 ι
1572 5694 1697 5769 Igne
1757 5710 1860 5751 nos
1909 5709 2038 5752 exa-

533 5848 577 5880 ⁶⁶
604 5848 707 5905 lsa.
741 5865 839 5906 ut.
875 5852 929 5908 7.

2150 4673 2418 4746 πυροῦται
2445 4671 2505 4724 τὸ
2539 4668 2822 4741 ἀργύριον.
2859 4687 2876 4719 ι
2912 4669 3023 4722 Καὶ
3053 4665 3225 4720 ταῦτα
3254 4662 3563 4727 ἀκολούθως
3587 4664 3736 4733 εἴρη-

2146 4786 2235 4822 ται
2259 4769 2368 4829 τοῖς
2389 4761 2716 4836 ἔμπροσθεν,
2734 4760 2930 4834 Ἐχρῆν
2956 4759 3065 4831 γὰρ
3091 4760 3237 4831 ἡμᾶς
3258 4757 3591 4827 διδαχθῆναι,
3618 4754 3734 4819 πῶς

2143 4862 2171 4913 ὁ
2198 4857 2329 4921 Θεὸς
2357 4857 2455 4928 τὴν
2488 4855 2667 4926 ψυχὴν
2696 4854 2849 4907 ἔθετο
2871 4854 2951 4916 εἰς
2976 4852 3120 4924 ζωὴν
3156 4851 3264 4904 τῶν
3292 4850 3466 4903 ταῦτα
3498 4848 3737 4918 φασκόν-

2142 4972 2271 5017 των,
2303 4954 2396 5006 καὶ
2422 4951 2539 5015 πῶς
2558 4951 2683 5013 τούς
2708 4948 2872 5011 πόδας
2897 4946 3075 5001 αὐτῶν
3104 4947 3164 4999 οὐ
3199 4945 3512 5018 παρέδωκεν
3544 4944 3622 5006 είς
3645 4942 3734 4995 cd-

2146 5050 2257 5102 λυν.
2290 5048 2354 5100 Τί
2380 5047 2489 5118 γὰρ
2518 5046 2784 5109 παθόντες
2819 5044 3052 5115 ἤμελλον
3080 5044 3142 5097 οὐ
3174 5043 3237 5096 τὸ
3278 5042 3458 5113 σῶμα,
3486 5039 3600 5095 ἀλλ’
3631 5038 3729 5093 αὐ-

2146 5141 2242 5212 τὴν
2268 5140 2367 5211 τὴν
2398 5138 2574 5210 ψυχὴν
2598 5135 2915 5199 ἀπολλύναι,
2949 5136 3093 5199 τίνος
3128 5135 3185 5188 δὲ
3215 5135 3509 5205 γενομένου
3535 5134 3614 5196 εἰς
3638 5150 3728 5186 το·

2142 5236 2330 5289 σοῦτον
2364 5234 2572 5305 ἦλασαν
2600 5230 2869 5293 κινδύνου,
2898 5229 2973 5293 ὡς
3019 5229 3144 5292 τοὺς
3179 5227 3344 5291 πόδας
3395 5227 3607 5298 μέλλειν
3637 5243 3728 5278 σα-

2139 5324 2412 5385 λεύεσθαι,
2463 5324 2603 5377 κατὰ
2653 5322 2816 5393 μέρος
2861 5320 3247 5392 διεξέρχονται,
3278 5318 3728 5390 εὐχαριστοῦντες

2143 5418 2262 5489 ἅμα
2286 5414 2365 5468 τῶ
2397 5413 2535 5485 Θεῷ,
2564 5413 2657 5467 καὶ
2689 5410 3035 5465 διδασκαλίαν
3070 5410 3385 5481 ποιούμενοι
3414 5405 3489 5463 ὧν
3517 5411 3725 5479 ὑπομε-

2148 5510 2432 5581 μενψιααι.
2469 5506 2690 5577 Πρῶτον
2706 5500 2798 5558 οῦν
2829 5519 3021 5574 φασιν·
3060 5522 3078 5555 ι
3100 5502 3462 5573 Ἐδοκίμασας
3500 5502 3667 5572 ὑμᾶς,
3696 5501 3726 5553 ὁ

2144 5600 2297 5665 Θεός.
2338 5620 2355 5652 )
2391 5598 2501 5652 Καὶ
2550 5596 2668 5661 πῶς
2705 5596 3065 5667 ἐδοκίμασας;
3104 5594 3496 5667 Ἑρμηνεύουσι
3540 5592 3723 5661 λέγον-

2144 5712 2231 5758 τες
2254 5711 2266 5724 ·
2303 5712 2320 5743 ι
2346 5690 2664 5763 Ἑπύρωσας
2691 5690 2860 5761 ἡμᾶς,
2890 5688 2965 5753 ὡς
2996 5688 3260 5759 πυροῦται
3290 5688 3351 5741 τὸ
3380 5686 3659 5760 ἀργύριον.
3696 5701 3716 5733 ι
