4100 6538
415 369 515 425 6i!

1504 354 2006 410 COMMENTARIA
2049 353 2114 408 IN
2152 349 2490 408 PSALMOS.

3560 334 3667 392 (ἰδὲ

411 456 592 528 Φωναὶ
634 472 691 527 δὲ
730 468 909 537 αὗται,
936 474 1012 538 ὼς
1043 473 1201 541 ἔφην,
1237 472 1547 527 ἀποστόλων
1598 475 1690 527 καὶ
1736 472 1986 544 μαθητῶν

2097 471 2318 527 minasti
2371 470 2512 524 sicut
2564 466 2911 522 examinatur
2971 467 3276 532 argentum.
3314 478 3333 511 ι
3387 455 3480 511 Hae
3536 457 3666 526 ipsa:

411 570 507 621 καὶ
553 567 955 636 εύαγγελιστῶν
996 567 1321 639 τυγχάνουσι
1371 565 1465 619 τοῦ
1516 566 1786 638 Σωτῆρος,
1812 560 1884 619 ὧν
1916 568 2027 637 εἰς

409 663 595 715 πᾶσαν
625 662 723 732 τὴν
753 663 856 733 γῆν
884 660 1104 733 ἐξῆλθεν
1133 661 1162 712 ό
1190 660 1444 729 φθόγγος,
1468 660 1563 713 καὶ
1592 662 1672 724 είς
1691 659 1760 713 τά
1784 659 1996 731 πέρατα

409 755 509 823 τῆς
542 753 863 825 οἰκουμένης
890 752 959 807 τὰ
987 754 1226 825 ῥήματα.
1261 748 1383 806 Εἶεν
1410 753 1453 806 δ’
1479 752 1544 807 ἂν
1570 752 1794 808 καὶτῶν
1821 750 1991 821 ἁγίων

410 846 505 899 τοῦ
540 845 675 899 Θεοῦ
714 845 1025 917 μαρτύρων,
1059 845 1107 898 οἳ
1153 844 1294 899 κατά
1338 844 1568 916 μίμησιν
1609 844 1719 897 τῶν
1763 842 1994 916 πρώτων

411 939 503 991 τοῦ
539 939 787 1010 Σωτῆρος
834 936 991 1009 ἡμῶν
1020 936 1276 1008 κηρύκων
1298 936 1367 990 τά
1408 937 1500 991 ἴσα
1541 936 1904 990 πεπόνθασινο
1936 938 1993 988 ὲν

410 1025 491 1092 οἷς
536 1030 663 1094 τοὺς
708 1029 849 1100 ὑπὲρ
880 1028 1187 1091 θεοσεϐείας
1220 1028 1413 1093 ἄθλους
1438 1030 1796 1100 ἠγωνίσαντο.
1827 1027 1994 1081 Φασὶν

408 1117 504 1175 οὖν
532 1119 922 1193 ἑρμηνεύοντες
956 1121 1051 1174 καὶ
1075 1116 1485 1188 διασαφοῦντες,
1520 1122 1669 1185 ὅπως
1692 1120 1790 1191 τὴν
1818 1119 1995 1189 ψυχὴν

408 1211 590 1265 αὐτῶν
624 1211 777 1266 ἔθετο
807 1213 888 1275 είς
915 1212 1079 1283 ζωὴν,
1108 1203 1203 1264 καὶ
1233 1212 1382 1275 ὅπως
1424 1213 1551 1276 τοὺς
1599 1212 1767 1275 πόδας
1816 1210 1994 1265 αὐτῶν

406 1304 510 1357 ούκ
561 1305 758 1357 ἔδωκεν
804 1306 884 1367 είς
933 1304 1122 1357 σάλονο
1171 1304 1325 1358 «Ὅτι
1376 1304 1706 1377 ἐδοκίμασας
1752 1306 1922 1375 ἡμᾶς,
1967 1306 1994 1358 6

406 1396 559 1461 Θεὸς,
589 1397 665 1460 ὼς
689 1395 951 1468 πυροῦται
968 1395 1028 1450 τὸ
1056 1395 1334 1469 ἀργύριον.
1362 1415 1379 1447 ι
1399 1396 1616 1468 Ἐπειδὴ
1631 1398 1737 1470 γὰρ
1765 1397 1996 1469 ἀπείρα-

410 1504 536 1552 στος
565 1488 705 1559 ἀνὴρ
746 1486 1022 1558 ἀδόκιμος,
1056 1489 1275 1552 εἰκότως
1306 1488 1663 1559 ὲγγυμνάζων
1711 1491 1824 1553 τοῖς
1870 1505 1994 1541 πει-

410 1582 641 1650 ρασμοῖς
684 1578 1015 1650 παραδίδωσι
1068 1580 1192 1643 τοὺς
1240 1578 1474 1643 οἰκείους
1503 1581 1531 1632 6
1560 1578 1723 1641 Θεός⁹
1763 1578 1862 1649 οὐχ
1909 1579 1995 1632 ἵνα

407 1670 573 1733 αὐτὸς
603 1670 715 1741 γνῷ
742 1669 913 1723 ὁποῖοί
944 1670 1090 1734 τινές
1119 1672 1277 1733 εἰσιν,
1314 1670 1427 1724 ἀλλ’
1459 1672 1566 1735 ἵνα,
1602 1670 1758 1726 αὐτοὶ
1810 1688 1995 1743 πυρω-

407 1762 593 1826 θέντες
619 1762 987 1835 λαμπρότεροι
1014 1764 1104 1816 καὶ
1128 1762 1504 1836 καθαρώτεροι
1532 1763 1989 1817 ἀποτελεσθῶσιν.

2094 573 2245 629 sunt,
2272 573 2333 619 ut
2373 563 2485 633 jam
2536 561 2673 623 dixi.
2720 558 3115 632 apostolorum,
3176 544 3571 623 discipulorum
3613 559 3667 603 et

2092 658 2553 729 evangelistarum
2584 654 2885 710 Salvatoris
2911 666 3096 714 voces,
3123 662 3357 720 quorum
3391 662 3562 702 sonus
3612 645 3664 698 iu

2093 767 2307 808 omnem
2344 758 2547 805 terram
2577 748 2765 812 exivit,
2798 754 2851 802 et
2874 748 2930 804 in
2976 744 3112 799 ﬁnes
3135 742 3286 797 orbis
3313 747 3471 795 terrae
3504 738 3664 793 verba

2092 856 2304 897 eorum.
2341 837 2569 894 Fuerint
2605 852 2824 908 quoque
2857 844 3171 891 sanctorum
3209 830 3303 897 Dei
3340 839 3661 900 martyrum,

2092 934 2185 1005 qui
2220 933 2287 988 ad
2321 932 2675 987 imitationem
2712 931 2952 1001 priorum
2984 927 3289 981 Servatoris
3320 938 3626 994 prsecouum
3646 963 3663 987 ,

2094 1027 2245 1098 paria
2287 1024 2529 1096 perpessi
2563 1030 2711 1087 sunt,
2747 1037 2871 1076 cum
2900 1036 2999 1090 pro
3029 1020 3210 1074 divina
3245 1008 3507 1087 religione
3548 1029 3666 1069 cer-

2094 1117 2302 1173 tamina
2332 1116 2639 1173 subierunt.
2675 1113 2845 1168 Aiunt
2875 1113 3075 1183 itaque,
3109 1110 3443 1182 explicantes
3472 1124 3535 1164 ae
3567 1109 3663 1164 de-

2092 1209 2369 1265 clarantes
2399 1222 2511 1278 quo
2552 1214 2713 1277 pacto
2740 1204 2977 1259 animam
3031 1220 3184 1262 suam
3221 1202 3465 1273 posuerit
3491 1201 3559 1256 ad
3590 1202 3664 1255 vi-

2094 1312 2227 1365 tam,
2249 1300 2591 1373 etquomodo
2612 1316 2721 1354 non
2747 1298 2957 1354 dederit
2988 1297 3044 1351 in
3067 1296 3486 1351 commotionem
3505 1293 3667 1364 pedes

2093 1411 2224 1452 suos
2259 1414 2272 1453 :
2311 1412 2330 1446 ι
2370 1393 2637 1460 Quoniam
2669 1390 2914 1463 probasti
2954 1405 3078 1452 nos,
3114 1388 3279 1454 Deus,
3300 1394 3358 1442 ut
3389 1386 3512 1457 igne
3538 1400 3666 1440 exa-

2095 1490 2332 1543 minator
2366 1495 2676 1557 argentum.
2714 1503 2733 1537 ι
2773 1482 2911 1550 Quia
2941 1482 3087 1538 enim
3123 1480 3374 1551 quisquis
3402 1494 3510 1532 non
3539 1492 3665 1547 pro-

2094 1581 2259 1636 batur
2285 1579 2554 1650 inglorius
2586 1584 2692 1642 est,
2718 1577 2841 1648 jure
2868 1575 3010 1630 Deus
3036 1572 3330 1629 familiares
3359 1586 3489 1626 suos
3507 1586 3665 1625 exer-

2093 1688 2250 1736 cens,
2304 1670 2701 1725 tentationibus
2731 1667 2941 1732 tradit;
2972 1682 3081 1719 non
3116 1672 3176 1719 ut
3211 1669 3508 1734 cognoscat
3552 1660 3668 1731 ipse

2096 1765 2319 1835 quinam
2356 1763 2433 1816 illi
2464 1762 2596 1825 sint,
2627 1762 2723 1817 sed
2748 1769 2806 1814 ut
2838 1761 2939 1830 ipsi
2964 1759 3085 1829 igne
3114 1756 3447 1819 examinati,
3482 1755 3666 1825 splen-

408 1854 618 1925 Ὠσπερ
652 1854 760 1925 γάρ
789 1856 847 1907 ὲν
876 1855 1101 1926 ἀργύρῳ
1127 1854 1387 1919 πολλάκις
1419 1855 1727 1929 εὑρίσκεται
1749 1854 1878 1920 ῦλης
1898 1855 1986 1909 ἀλ-

2092 1857 2338 1911 didiores
2369 1871 2431 1909 ac
2459 1854 2719 1925 puriores
2737 1852 2987 1908 evadant.
3018 1849 3486 1920 Quemadmodum
3518 1848 3662 1902 enim

396 1944 622 2019 λοτρίας
653 1947 851 2018 μίγμα,
875 1947 904 1999 ὃ
923 1948 1059 2011 τέως
1088 1947 1186 2018 μὲν
1210 1947 1465 2001 λανθάνει
1494 1948 1601 2020 πρὸ
1621 1949 1720 2019 τῆς
1740 1948 1989 2018 χωνείας,

402 2038 463 2091 ἐν
485 2039 542 2091 δὲ
573 2041 640 2110 τῇ
667 2038 908 2110 πυρώσει
940 2039 1279 2110 διελέγχεται
1312 2042 1406 2095 καὶ
1436 2040 1804 2112 διακρίνεταισ
1842 2040 1991 2112 μένει

404 2146 465 2183 τε
515 2127 699 2183 λοιπὸν
747 2131 909 2194 αὐτὸς
964 2131 1202 2202 καθαρὸς
1243 2132 1271 2183 6
1309 2134 1569 2206 ἄργυρος,
1604 2132 1865 2203 κρείττων
1898 2132 1991 2184 καὶ

402 2221 784 2293 λαμπρότερος
812 2222 1051 2291 γεγονὼς
1088 2226 1151 2276 ὲκ
1194 2224 1295 2294 τῆς
1328 2224 1649 2296 καθάρσεως
1669 2240 1683 2255 ο
1711 2224 1802 2277 τὸν
1830 2223 1990 2277 αὐτὸν

401 2311 606 2383 τρόπον
638 2314 732 2365 καὶ
755 2314 805 2365 oi
833 2313 927 2365 τοῦ
956 2314 1088 2366 Θεοῦ
1119 2314 1331 2386 ἄνδρες,
1357 2316 1482 2368 ὅσον
1506 2314 1785 2385 ἀλλότριον
1823 2314 1882 2367 ὲν
1922 2316 1987 2383 τῇ

403 2401 615 2457 ἑαυτῶν
662 2404 805 2474 ψυχῇ
856 2405 919 2456 ἐκ
963 2404 1061 2473 τῆς
1117 2406 1246 2477 περὶ
1293 2406 1392 2477 τὴν
1444 2406 1622 2476 σάρκα
1670 2404 1989 2476 συμπλοκῆς

404 2496 813 2564 ἐφειλκύσαντο,
837 2494 996 2548 τοῦτο
1023 2498 1131 2550 πᾶν
1160 2498 1219 2549 ὲν
1245 2499 1360 2561 τοῖς
1390 2497 1736 2568 πειρασμοῖς,
1762 2496 1856 2549 καὶ
1877 2498 1989 2559 τοῖς

404 2589 522 2641 κατ’
560 2587 741 2641 αὐτῶν
774 2588 1226 2659 ὲπανισταμένοις
1273 2588 1531 2660 διωγμοῖς
1563 2587 1986 2660 ἀπορύπτονται,

405 2677 529 2747 (sic)
563 2676 896 2748 πυρούμενοι
942 2679 1033 2731 καὶ
1077 2678 1461 2750 καθαιρόμενοι
1502 2680 1591 2732 διὰ
1637 2680 1738 2750 τῆς
1777 2678 1987 2732 τοιᾶσδε

404 2769 650 2837 χωνείας,
685 2769 760 2833 ὼς
789 2772 968 2823 πᾶσαν
1000 2770 1297 2825 ἀποϐαλεῖν
1340 2772 1617 2843 ἁμαρτίας
1642 2772 1854 2842 κηλίδα,
1895 2772 1990 2842 ἦν·

402 2859 523 2911 τινά
565 2877 716 2924 ποτε,
745 2861 821 2924 ώς
853 2860 1149 2932 ἄνθρωποι,
1181 2861 1238 2914 ἐν
1276 2879 1416 2916 τισιν
1452 2862 1797 2934 ἐλαττώμασι
1837 2863 1991 2931 γενό-

407 2967 555 3019 μενοι
603 2955 1065 3024 προσεκτήσαντο.
1084 2954 1208 3007 Ἐπὶ
1240 2954 1447 3020 τούτοις
1488 2950 1582 3009 οῦν
1610 2956 1991 3027 εὐχαριστοῦν-

401 3060 513 3107 τες,
539 3044 729 3113 φασίν·
769 3049 923 3101 «Ὅτι
962 3048 1292 3119 ἐδοκίμασας
1322 3048 1490 3119 ἡμᾶς,
1526 3049 1555 3100 6
1597 3048 1748 3112 Θεὸς,
1777 3047 1991 3119 ὲπύρω-

404 3154 505 3201 σας
532 3141 678 3209 ἡμᾶς
703 3140 778 3203 ὡς
812 3140 1076 3212 πυροῦται
1104 3140 1165 3193 τὸ
1193 3139 1476 3211 ἀργύριον.
1509 3159 1527 3191 ι
1553 3140 1628 3191 Ού
1653 3138 1761 3209 γὰρ
1789 3139 1863 3195 ὡς
1891 3157 1989 3192 κα-

401 3230 603 3302 λάμην,
652 3231 762 3285 οὐδ’
797 3232 872 3296 ώς
920 3233 1129 3304 χόρτον,
1172 3232 1280 3286 οὐδ’
1307 3232 1382 3295 ὡς
1428 3231 1620 3303 ἑτέραν
1662 3230 1988 3305 εὔθραυστον

404 3324 536 3395 ὓλην
570 3324 858 3397 ὲπύρωσας
890 3327 1056 3397 ἡμᾶς,
1091 3326 1205 3379 ἀλλ’
1233 3326 1308 3389 ὡς
1334 3325 1615 3397 ἀργύριον,
1652 3324 1713 3377 τὸ
1741 3324 1851 3377 ἀπὸ
1888 3324 1988 3395 τῆς

402 3416 704 3487 πυρώσεως
734 3415 1119 3488 καθαρώτερον
1149 3418 1490 3488 γιγνόμενον.
1536 3417 1660 3480 Πῶς
1687 3417 1743 3471 δὲ
1770 3416 1986 3490 ἐπυρώ-

399 3509 573 3578 θησαν
621 3508 955 3581 ὑφηγοῦνται
1006 3510 1293 3579 λέγοντεςο
1328 3528 1345 3560 ι
1385 3511 1693 3581 Είσηγαγες
1730 3512 1879 3581 ἡμᾶς
1908 3512 1988 3575 είς

399 3599 496 3672 τὴν
537 3599 760 3669 παγίδα’
807 3619 825 3652 ι
878 3600 1017 3654 κατά
1064 3601 1119 3654 δὲ
1164 3600 1256 3654 τὸν
1293 3600 1563 3666 Ἀκύλαν,
1624 3622 1640 3650 ι
1680 3602 1986 3672 Εἰσηγαγες

400 3693 571 3763 ἡμᾶς,
607 3693 791 3761 φασὶν,
825 3692 883 3745 ὲν
909 3692 1224 3763 ὀχυρώματι
1247 3711 1260 3724 ·
1295 3713 1313 3745 ι
1351 3691 1493 3746 κατά
1536 3691 1593 3745 δὲ
1633 3694 1723 3747 τὸν
1760 3692 1988 3762 Σύμμαη

401 3795 529 3848 χον,
569 3798 587 3829 ι
619 3781 923 3850 Είσήγαγες
954 3782 1101 3851 ἡμᾶς
1134 3781 1285 3846 ἐντὸς
1315 3781 1661 3854 πολιορκίαςο
1706 3801 1724 3833 ι
1763 3780 1904 3835 κατὰ
1930 3780 1985 3834 δὲ

402 3870 503 3941 τὴν
547 3870 805 3942 πέμπτην
848 3870 1088 3926 ἔκδοσιν·
1123 3892 1143 3924 ι
1176 3875 1486 3945 Είσήγαγες
1520 3876 1669 3946 ἡμᾶς
1704 3876 1783 3937 εἰς
1808 3891 1986 3945 περιο-

396 3962 522 4033 χὴν.
556 3981 574 4014 ι
610 3963 771 4033 Δηλοῖ
790 3963 842 4015 δὲ
871 3962 961 4016 διὰ
986 3964 1189 4018 τούτων
1217 3968 1245 4018 6
1268 3966 1421 4035 λόγος
1450 3966 1672 4038 εἱρκτάς
1704 3968 1797 4020 καὶ
1823 3969 1986 4037 φυλα-

402 4055 503 4118 κάς
548 4057 645 4109 καὶ
691 4055 1060 4127 δεσμωτήρια,
1092 4060 1149 4111 ὲν
1180 4053 1261 4122 οἷς
1295 4059 1400 4131 πρὸ
1425 4058 1518 4112 τοῦ
1551 4058 1781 4113 θανάτου
1812 4061 1982 4113 κατά-

400 4147 637 4201 κλειστοι
670 4148 944 4217 γίγνονται
976 4152 1025 4203 οἱ
1068 4150 1163 4204 τοῦ
1202 4151 1336 4205 Θεοῦ
1371 4152 1674 4225 μάρτυρες·
1708 4153 1745 4208 ἃ
1786 4152 1849 4224 δὴ
1880 4172 1984 4208 πα-

398 4240 509 4302 γίδι
538 4240 733 4307 ἔοικεν,
762 4244 889 4296 εἴσω
908 4243 1079 4314 αὐτῆς
1108 4245 1453 4318 ἀπολαϐούσῃ
1478 4246 1538 4299 τὸ
1560 4245 1977 4318 τεθηρευμένον.

400 4331 618 4403 Ταύτης
648 4333 705 4386 δὲ
734 4335 830 4405 τῆς
859 4337 1082 4407 παγίδος
1109 4336 1410 4408 μέμνηνται
1431 4337 1524 4390 καὶ
1548 4337 1783 4408 ἀλλαχοῦ
1811 4340 1859 4391 oi
1881 4340 1980 4392 αύ-

397 4426 482 4478 τοὶ
523 4425 850 4495 φάσκοντες⁸
891 4446 909 4478 ι
934 4428 996 4480 Ἦ
1026 4428 1172 4499 ψυχὴ
1200 4428 1357 4499 ἡμῶν
1396 4430 1471 4492 ὡς
1504 4430 1781 4501 στρουθίον
1820 4430 1979 4503 ὲρῤύ-

2017 3201 2059 3259 C

2094 1948 2148 2002 in
2194 1955 2419 2018 argento
2469 1947 2659 2003 alienis
2704 1944 2949 1999 materiae
2992 1944 3312 2013 plerumque
3357 1939 3668 1994 commistio

2091 2044 2383 2114 reperitur,
2412 2056 2535 2112 qua:
2563 2054 2696 2095 sane
2734 2039 2865 2094 latet
2894 2046 3186 2107 antequam
3218 2037 3272 2089 in
3306 2034 3663 2089 eouilaturam

2092 2142 2427 2204 reponatur;
2456 2133 2587 2187 dum
2620 2140 2800 2186 autem
2828 2131 2958 2201 igne
2983 2129 3271 2188 couilatur.
3302 2135 3433 2181 tunc
3462 2127 3669 2180 discer-

2081 2231 2243 2283 nitur
2274 2234 2329 2283 et
2354 2226 2653 2298 probatur;
2690 2224 2981 2294 ipsumque
3011 2229 3298 2292 argentum
3325 2219 3542 2274 tandem
3566 2234 3663 2289 pu-

2076 2321 2232 2384 rius,
2267 2318 2615 2390 praestantius
2644 2332 2708 2371 ac
2746 2315 3085 2386 splendidius
3122 2331 3188 2369 ex
3225 2314 3546 2384 purgatione
3575 2327 3663 2366 re-

2091 2420 2274 2468 manet
2315 2430 2328 2466 :
2364 2411 2444 2467 sic
2471 2419 2526 2465 et
2556 2410 2661 2463 viri
2694 2408 2830 2475 Dei,
2863 2409 2909 2464 si
2938 2408 3065 2477 quul
3100 2409 3337 2461 alienqu
3388 2406 3443 2459 in
3485 2403 3663 2457 anima

2091 2518 2191 2557 sua
2246 2519 2314 2559 ex
2365 2503 2551 2557 carnis
2599 2500 2986 2556 commistione
3052 2498 3459 2556 contraxerint.
3528 2493 3662 2549 illud

2089 2611 2251 2653 omne
2287 2596 2343 2650 in
2367 2596 2763 2651 tentationibus
2801 2604 2855 2651 et
2896 2593 3229 2649 instantibus
3262 2589 3662 2662 persecutioni-

2088 2689 2191 2744 bus
2214 2690 2556 2760 abstergunt,
2589 2689 2711 2759 igne
2738 2688 3031 2744 examinati
3062 2694 3118 2741 et
3144 2701 3243 2756 per
3272 2685 3436 2739 talem
3460 2681 3664 2738 conila-

2089 2790 2268 2836 turam
2308 2784 2544 2853 purgati.
2578 2783 2651 2836 ita
2685 2788 2743 2835 ut
2783 2794 2999 2835 omnem
3049 2776 3256 2847 peccati
3284 2775 3460 2829 labem
3491 2775 3662 2844 depo-

2091 2883 2247 2936 nant,
2271 2890 2435 2945 quam
2463 2873 2779 2943 aliquando,
2811 2879 2997 2941 utpote
3024 2870 3295 2931 homines,
3332 2867 3387 2921 in
3414 2866 3659 2936 quaedam

2092 2966 2228 3038 lapsi
2272 2965 2489 3025 delicta.
2532 2964 2891 3019 admiserant.
2944 2961 3017 3018 De
3077 2962 3164 3014 his
3218 2960 3401 3028 itaque
3454 2957 3661 3028 gratias

2092 3068 2336 3130 agentes,
2369 3058 2558 3112 dicunt
2591 3075 2604 3110 :
2648 3076 2666 3108 ι
2702 3054 2974 3121 Quoniam
3007 3052 3254 3124 probasti
3284 3065 3387 3105 nos
3414 3089 3428 3112 ,
3476 3049 3659 3112 Deus;

2094 3150 2218 3219 igne
2253 3163 2354 3203 nos
2379 3146 2699 3203 exauiinasti
2727 3146 2869 3201 sicut
2909 3145 3254 3200 examinatur
3282 3154 3588 3214 argentum.
3638 3160 3657 3192 ι

2090 3238 2210 3293 Non
2234 3238 2380 3292 enim
2413 3244 2470 3290 ut
2502 3236 2709 3305 paleam
2731 3244 2784 3289 et
2810 3233 3015 3294 fenum.
3052 3247 3230 3301 neque
3260 3238 3318 3285 ut
3349 3232 3509 3284 aliam
3546 3229 3660 3283 tra-

2089 3330 2254 3402 gilem
2287 3330 2574 3385 materiam
2619 3344 2721 3385 nos
2769 3328 2893 3397 igne
2916 3324 3243 3382 examinasti
3270 3341 3285 3389 ;
3314 3323 3410 3381 sed
3467 3332 3525 3377 ut
3573 3338 3661 3376 ar-

2091 3429 2335 3494 gentum,
2368 3423 2513 3493 quod
2546 3422 2614 3477 ab
2639 3422 2763 3493 igne
2795 3422 2986 3491 purius
3016 3420 3220 3477 evadit.
3247 3417 3531 3486 Quomodo
3564 3432 3661 3471 au-

2089 3527 2197 3572 tem
2248 3518 2371 3588 igne
2420 3516 2719 3572 examinati
2758 3516 2982 3576 fuerint,
3016 3514 3103 3570 his
3141 3513 3324 3570 verbis
3356 3521 3657 3567 enarrant:

2094 3629 2112 3660 ι
2152 3609 2419 3664 lnduxisti
2450 3625 2551 3663 nos
2585 3610 2640 3663 iu
2674 3609 2927 3680 laqueum
2956 3626 2970 3674 ;
3018 3626 3037 3659 ι
3074 3605 3376 3664 secundum
3403 3604 3657 3675 Aquilam

2089 3717 2215 3757 vero
2246 3720 2263 3757 :
2299 3720 2317 3753 ι
2354 3701 2622 3756 lnduxisti
2664 3717 2790 3765 nos,
2834 3701 3011 3766 aiunt,
3050 3701 3106 3754 in
3148 3697 3589 3771 munimentum;
3635 3714 3655 3749 ι

2088 3793 2388 3849 secundum
2413 3808 2544 3848 vero
2575 3792 2961 3864 Symmachum
2993 3809 3009 3847 :
3046 3811 3065 3844 ι
3095 3789 3365 3845 lnduxisti
3393 3803 3494 3845 nos
3516 3789 3659 3843 intra

2086 3885 2467 3953 obsidionem;
2501 3904 2519 3937 ι
2555 3883 2854 3940 secundum
2881 3884 3129 3954 quintam
3146 3882 3478 3938 editionem:
3514 3898 3535 3934 ι
3571 3878 3660 3935 ln-

2085 3977 2292 4032 duxisti
2325 3993 2427 4034 nos
2459 3978 2515 4032 in
2545 3977 2925 4032 munitionem.
2963 3995 2982 4028 ι
3016 3974 3116 4031 His
3139 3988 3304 4045 porro
3335 3974 3660 4044 signiticano

2085 4079 2175 4124 tur
2203 4070 2509 4141 ergastula,
2538 4069 2833 4131 custodiae,
2861 4083 3114 4124 carceres
3163 4068 3218 4121 in
3258 4066 3460 4131 quibus
3505 4072 3658 4119 ante-

2084 4176 2246 4232 quam
2283 4164 2445 4216 morti
2475 4162 2782 4223 tradantur.
2815 4159 3063 4214 conclusi
3098 4159 3303 4229 degunt
3332 4156 3428 4212 Dei
3452 4166 3659 4228 marty-

2086 4268 2171 4309 res
2206 4273 2219 4307 :
2254 4268 2376 4323 qua:
2403 4268 2536 4309 sane
2563 4253 2741 4322 laquei
2777 4253 2976 4308 similia
3010 4260 3162 4317 sunt,
3211 4264 3321 4321 quo
3368 4248 3666 4304 venatione

2082 4352 2238 4414 capta
2261 4344 2595 4401 detinentur.
2626 4344 2867 4415 Hujusce
2901 4345 3081 4415 laquei
3126 4344 3456 4400 mentionem
3495 4342 3657 4397 iidem

2082 4440 2209 4494 alibi
2242 4440 2449 4495 iaciunt
2471 4438 2718 4494 dicentes
2750 4458 2763 4493 :
2804 4457 2822 4491 ι
2857 4439 3053 4493 Anima
3080 4446 3268 4492 nostra
3299 4435 3443 4492 sicut
3469 4447 3663 4504 passer

400 4520 503 4591 σθη
534 4536 599 4574 εκ
625 4521 723 4591 τῆς
756 4522 983 4590 παγίδος
1009 4521 1117 4575 τῶν
1145 4522 1483 4594 θηρευόντων
1503 4539 1517 4553 ·
1567 4523 1599 4594 ή
1649 4524 1817 4592 παγὶς
1864 4540 1982 4577 συν-

2087 4537 2268 4601 erepta
2296 4538 2381 4587 est
2407 4530 2476 4586 de
2504 4531 2700 4601 laqueo
2729 4531 3046 4586 venantium
3083 4550 3095 4584 :
3131 4530 3359 4597 laqueus
3386 4528 3658 4582 contritus

396 4613 586 4685 ετρίὸη
616 4615 711 4667 καὶ
741 4616 901 4685 ἡμεῖς
931 4613 1294 4687 ὲῤῥύσθημεν.
1333 4633 1351 4665 ι
1389 4613 1610 4685 Πρῶτον
1639 4615 1734 4685 μὲν
1787 4610 1880 4669 οῦν
1902 4616 1981 4678 εἰς

395 4705 494 4775 τὴν
524 4705 729 4773 παγίδα
760 4707 808 4759 οἱ
840 4706 1172 4778 πυρούμενοι
1201 4706 1533 4774 εἰσάγονται,
1561 4706 1593 4778 ἢ
1622 4707 1702 4771 είς
1745 4706 1805 4760 τὸ
1850 4707 1978 4777 όχύ-

403 4815 582 4869 ρωμα,
607 4798 639 4869 ἢ
666 4799 747 4862 εἰς
767 4798 863 4870 τὴν
892 4798 1175 4870 περιοχὴν,
1206 4797 1238 4868 ἢ
1270 4801 1350 4862 είς
1369 4799 1467 4868 τὴν
1494 4798 1808 4871 πολιορκίαν
1826 4817 1839 4830 ·
1861 4795 1979 4853 εἶτα

397 4888 648 4961 δεύτερον
674 4887 835 4942 ἆθλον
867 4886 1241 4957 ἀγωνίζονται,
1273 4888 1330 4941 ὃν
1344 4887 1667 4958 διασαφοῦσι
1694 4890 1942 4959 λέγοντες
1960 4908 1974 4921 ο

402 4980 599 5034 «Ἔθου
635 4980 842 5050 θλίψεις
886 4983 976 5035 ἐπὶ
1016 4982 1108 5035 τὸν
1146 4980 1313 5034 νῶτον
1345 4981 1520 5052 ἡμῶν.
1555 5001 1573 5034 ι
1616 4984 1770 5037 Κατά
1798 4984 1855 5036 δὲ
1887 4984 1978 5037 τὸν

406 5071 640 5126 Ἀκύλαν
657 5075 819 5141 φασίν
835 5090 848 5104 ·
874 5092 892 5123 ι
908 5075 1148 5144 Ἐθηκας
1168 5074 1396 5145 τρισμὸν
1418 5075 1474 5127 ὲν
1496 5074 1573 5145 τῷ
1593 5074 1936 5147 νώτῳήμῶν·
1953 5096 1970 5125 ι

396 5162 540 5215 κατά
571 5162 628 5214 δὲ
655 5165 745 5217 τὸν
775 5163 1090 5235 Σύμμαχον·
1128 5164 1405 5236 ιἜθηκας
1434 5164 1704 5218 κύκλωσιν
1726 5170 1790 5238 τῇ
1815 5167 1977 5237 όσφύῖ

395 5254 574 5324 ἡμῶν.
608 5275 626 5306 ι
659 5255 887 5327 Δηλοῦσι
911 5256 969 5309 δὲ
990 5256 1078 5309 διά
1102 5256 1304 5310 τούτων
1324 5256 1423 5321 τάς
1446 5257 1584 5310 κατὰ
1603 5257 1698 5311 τοῦ
1724 5258 1975 5330 σώματος

397 5346 633 5417 πληγὰς,
666 5346 733 5411 ἃς
763 5348 950 5420 ἐδήλου
983 5348 1313 5420 σαφέστερον
1349 5350 1377 5402 ὁ
1414 5351 1734 5415 Ἀπόστολος
1760 5352 1932 5421 λέγων
1956 5372 1971 5385 ο

402 5455 422 5488 ι
453 5436 590 5508 Τρὶς
629 5438 1009 5510 ὲρῤαὸδίσθην,
1038 5438 1184 5503 ama
1224 5439 1533 5513 ἐλιθάσθην,
1569 5443 1672 5495 ὑπὸ
1707 5444 1973 5499 Ἰουδαίων

393 5531 807 5602 τεσσαράκοντα
836 5531 987 5603 παρὰ
1012 5532 1141 5603 μίαν
1169 5531 1379 5586 ἔλαϐον.
1412 5554 1429 5585 ι
1464 5534 1617 5587 Μετά
1652 5535 1707 5589 δὲ
1744 5535 1843 5601 τὰς
1869 5539 1976 5609 είρ-

394 5622 532 5687 κτὰς
563 5623 658 5676 καὶ
689 5624 787 5688 τάς
829 5623 971 5677 κατά
1018 5623 1126 5677 τῶν
1171 5623 1355 5677 νώτων
1383 5625 1416 5696 ἢ
1452 5626 1594 5679 κατὰ
1621 5628 1730 5683 τῶν
1760 5628 1974 5698 όσφύων

498 5804 541 5835 ⁸⁷
571 5802 715 5861 Psal.
750 5822 939 5872 cum,
969 5807 1019 5866 7.
1098 5807 1141 5839 "
1181 5806 1222 5863 Il
1255 5808 1383 5867 Cor.
1417 5826 1493 5875 xi,
1529 5811 1620 5868 25.

2085 4633 2190 4686 est,
2221 4628 2277 4675 et
2304 4636 2407 4676 nos
2436 4622 2651 4676 liberati
2685 4636 2877 4677 sumus
2902 4622 2970 4678 ⁸⁷.
3016 4640 3034 4673 ι
3069 4602 3256 4673 Ριίιῖἶο
3288 4619 3506 4687 quidem
3562 4619 3656 4687 qui

2083 4712 2207 4783 igne
2237 4713 2645 4777 examinantur,
2688 4713 2744 4766 in
2794 4713 3048 4783 laqueum
3086 4710 3422 4765 inducuntur
3455 4711 3571 4766 sive
3600 4712 3663 4766 iu

2080 4805 2418 4877 praesidium.
2471 4808 2527 4860 in
2575 4805 2938 4860 munitionem
2996 4814 3091 4859 aut
3150 4805 3205 4859 in
3266 4804 3665 4870 obsidionem;

2082 4898 2324 4955 secundo
2353 4906 2629 4954 certamen
2656 4900 2895 4968 obeunt;
2923 4901 3067 4971 quod
3097 4898 3407 4971 signiﬁcant
3438 4900 3521 4955 his
3546 4914 3670 4954 ver-~

2080 4990 2166 5046 bis
2204 5008 2217 5043 :
2255 5008 2275 5041 ι
2313 4990 2555 5046 Posuisti
2606 4991 2990 5047 tribulationes
3036 4992 3089 5045 in
3142 4992 3310 5048 dorso
3371 5003 3601 5059 nostro;
3631 5012 3650 5045 ι

2079 5083 2383 5139 secundum
2415 5083 2668 5154 Aquilam
2698 5099 2830 5139 vero
2857 5084 3083 5139 dicunt:
3122 5104 3140 5136 ι
3174 5084 3413 5140 Posuisti
3443 5085 3653 5139 contri-

2078 5176 2283 5231 tionem
2312 5177 2369 5231 in
2399 5176 2566 5234 dorso
2583 5187 2811 5244 nostro;
2842 5197 2861 5230 ι
2899 5178 3201 5233 secundum
3224 5177 3611 5249 Symmachum
3637 5198 3649 5233 :

2083 5288 2102 5322 ι
2138 5268 2381 5325 Posuisti
2413 5269 2680 5324 circulum
2713 5269 2917 5324 lumbis
2957 5270 3183 5325 nostris.
3225 5289 3243 5322 ι
3282 5269 3379 5325 His
3403 5284 3531 5323 vero
3561 5269 3656 5322 de-

2077 5362 2292 5416 clarant
2320 5359 2555 5419 inﬂictas
2590 5362 2805 5431 corpori
2831 5361 3040 5431 plagas,
3062 5376 3200 5430 quas
3231 5360 3473 5431 apertius
3490 5373 3652 5413 enar-

2076 5453 2221 5508 ravit
2271 5452 2568 5524 Apostolus
2612 5454 2802 5510 dicens
2834 5474 2846 5510 :
2886 5473 2904 5506 ι
2937 5456 3045 5509 Ter
3074 5454 3245 5524 virgis
3280 5468 3454 5507 caesus
3503 5466 3647 5511 smn,

2077 5546 2248 5602 semel
2277 5546 2549 5616 lapidatus
2580 5562 2725 5607 sum,
2770 5562 2802 5601 a
2844 5545 3048 5602 Iudaeis
3104 5544 3485 5616 quadragenas
3546 5557 3651 5595 una

2076 5639 2263 5696 minus
2294 5640 2563 5698 accepi“.
2600 5658 2620 5693 ι
2655 5638 2786 5695 Post
2809 5655 3080 5703 carceres,
3110 5648 3233 5708 post
3261 5638 3449 5707 plagas
3489 5635 3656 5693 dorso
