4100 6530
481 328 587 389 663

1200 332 1471 391 EUSEBII
1506 336 1987 394 CAESARIENSIS
2019 339 2169 397 OPP.
2212 338 2395 396 PARS
2431 341 2596 396 lll.—-—
2630 328 3043 399 EXEGETTCA.

3618 347 3722 402 σοι

480 465 575 510 aut
637 455 836 511 lumbis
885 454 1135 511 incussas
1190 455 1306 511 bmc
1374 456 1633 512 addunt:
1673 477 1691 510 ι
1732 458 2044 530 lmposuisti

2152 462 2383 533 πληγάς·
2421 482 2437 512 ι
2461 460 2819 524 Ἐπεϐίῦασας
2850 459 3167 533 ἀνθρώπους
3199 460 3289 514 ἐπὶ
3348 462 3445 525 τὰς
3487 466 3725 532 κεφαλάς

480 547 730 603 homines
764 563 931 617 super
952 548 1130 616 capita
1153 558 1360 602 nostra.
1403 567 1420 599 ›
1470 547 1596 603 Haec
1639 556 1819 605 autem
1845 549 2047 605 intelli-

477 656 593 709 ges,
626 652 747 693 cum
782 637 969 693 videas
996 638 1186 695 atheos
1216 650 1270 695 et
1300 640 1501 710 impios
1526 641 1674 697 viros
1711 644 2049 711 persecutio-

477 749 606 786 num
646 739 888 801 tempore
916 732 1262 803 insurgentes
1290 748 1351 787 ac
1394 742 1587 787 contra
1612 734 1808 788 divina:
1833 735 2046 805 religio-

475 825 563 879 nis
594 824 823 880 athletas
850 840 971 880 sese
995 826 1351 891 extollentes;
1388 826 1489 882 hos
1526 842 1655 882 vero
1707 827 1953 897 abjectos
1985 844 2049 883 ac

474 917 628 969 vultu
682 916 924 978 demisso
968 919 1037 972 ob
1075 918 1393 988 blasphema
1438 919 1584 973 dicta
1635 926 1688 974 et
1724 920 2045 989 jactantiam

476 1008 780 1062 atheorum.
814 1007 878 1061 Et
905 1024 1036 1064 vero
1067 1010 1391 1080 plerumque
1440 1012 1525 1066 vel
1569 1011 1808 1081 pupillas
1855 1014 2046 1067 oculo-

473 1114 593 1151 rum
626 1098 1007 1163 verberabant,
1035 1100 1165 1154 dum
1200 1101 1376 1170 capita
1406 1100 1734 1155 athletarum
1754 1100 1849 1156 Dei
1873 1102 2045 1173 plagis

473 1189 764 1246 caaderent.
794 1190 899 1245 Sed
930 1190 1046 1246 haec
1077 1193 1296 1255 omnia,
1328 1192 1482 1248 aiunt
1524 1192 1619 1247 Dei
1667 1202 1954 1265 martyres,
1987 1202 2044 1247 tu

472 1283 652 1346 nobis,
685 1281 850 1347 Deus,
888 1283 1154 1339 induxisti
1190 1303 1201 1338 :
1236 1300 1337 1340 nec
1380 1291 1565 1340 tamen
1596 1293 1650 1339 te
1677 1284 1890 1341 volente
1917 1285 2047 1356 quid

474 1376 653 1430 simile
678 1374 734 1429 in
768 1392 872 1431 nos
901 1376 1189 1432 admittere
1222 1376 1340 1433 ausi
1375 1386 1524 1442 sunt,
1560 1379 1652 1434 sed
1682 1378 2045 1449 permittente.

474 1465 656 1531 Quare
694 1466 774 1522 sic
813 1482 935 1521 eum
968 1468 1323 1538 alloquuntur
1350 1487 1363 1522 :
1402 1488 1420 1520 ι
1452 1467 1716 1525 lnduxisti
1750 1483 1852 1524 nos
1885 1469 1939 1523 in
1970 1470 2049 1523 la-

472 1574 693 1628 queum.
738 1579 756 1611 ι
789 1558 871 1613 Tu
908 1561 1052 1615 enim
1104 1576 1205 1616 nos
1250 1576 1470 1617 carcere
1512 1562 1747 1617 detineri
1789 1562 2044 1627 curabas,

473 1653 600 1720 quia
632 1650 683 1704 id
732 1650 846 1706 fieri
881 1652 1259 1721 permittebas.
1300 1654 1379 1706 Tu
1410 1669 1630 1723 quoque
1677 1653 1920 1723 ponebas
1952 1654 2048 1707 tri-

474 1742 781 1799 hulationes
816 1743 871 1797 in
905 1742 1071 1799 dorso
1102 1755 1313 1800 nostro.
1351 1745 1536 1815 Neque
1576 1747 1722 1801 enim
1766 1746 1821 1801 id
1856 1747 2049 1800 adver—

472 1851 592 1889 sum
630 1850 730 1891 nos
771 1836 891 1890 ausi
936 1844 1143 1900 essent,
1189 1837 1234 1891 si
1286 1852 1388 1892 nos
1425 1852 1588 1891 manu
1630 1844 1920 1907 protegens
1955 1848 2049 1892 tua

470 1927 848 1985 custodiisses.
900 1926 983 1983 Tu
1030 1944 1161 1983 vero
1203 1930 1393 1984 atheos
1435 1930 1687 1985 homines
1734 1931 2047 2000 imposuisti

471 2030 637 2083 super
673 2018 852 2087 capita
898 2027 1112 2073 nostra.
1139 2018 1219 2073 Ad
1246 2020 1364 2074 haec
1406 2028 1587 2074 autem
1638 2022 1693 2074 in
1743 2029 2048 2077 extremum

473 2106 744 2159 malorum
777 2107 1138 2176 devenimus;
1173 2125 1298 2162 nam
1331 2110 1420 2163 alii
1453 2110 1674 2181 quidem
1719 2112 1829 2182 igni
1861 2112 2049 2166 traditi

470 2204 701 2251 mortem
750 2199 1163 2265 sustinuerunt;
1201 2200 1294 2255 alii
1345 2202 1399 2254 in
1428 2217 1567 2272 aqua
1596 2203 1852 2257 exstincti
1897 2213 2043 2260 sunt.

472 2286 697 2344 Ferrum
741 2291 962 2360 quippe,
992 2299 1046 2346 et
1089 2292 1234 2348 ferro
1278 2294 1427 2347 illata
1479 2297 1768 2366 supplicia,
1829 2298 2048 2368 aliaque

471 2381 666 2436 mortis
694 2396 912 2451 genera,
938 2398 1059 2452 quae
1077 2385 1313 2438 maxima
1338 2401 1467 2455 pars
1490 2397 1737 2443 nostrum
1762 2390 2045 2454 sustinuit,

472 2486 571 2541 pro
606 2472 778 2527 nihilo
804 2482 1125 2544 reputantur
1150 2492 1217 2531 ex
1242 2476 1575 2533 deteriorum
1606 2468 2043 2551 comparatione.

472 2564 834 2629 Quamobrem
863 2567 977 2622 haec
1007 2568 1227 2638 quidem
1265 2578 1527 2627 tacemus.
1569 2571 1708 2639 Quia
1740 2590 1870 2630 vero
1907 2576 2048 2631 inter

472 2658 703 2722 atrocia,
756 2659 889 2713 nihil
927 2659 1207 2717 crudelius
1244 2677 1378 2718 nece
1416 2679 1511 2734 per
1558 2665 1736 2735 ignem
1767 2672 1821 2721 et
1850 2681 2047 2737 aquam

474 2750 620 2801 illata
642 2750 1009 2815 existimatur,
1039 2751 1154 2807 haec
1193 2769 1293 2809 nos
1324 2770 1614 2826 perpessos
1637 2756 1892 2812 dicimus.
1912 2757 2046 2813 Nam

473 2843 563 2897 alii
596 2853 845 2899 nostrum
880 2846 934 2900 in
960 2848 1097 2900 mari
1123 2854 1177 2902 et
1204 2848 1257 2907 in
1284 2846 1600 2904 ﬂuminibus
1618 2850 1855 2908 demersi
1877 2862 2005 2910 sunt
2029 2872 2043 2921 ;

474 2936 566 2989 alii
596 2936 741 3006 ignis
769 2938 1101 3009 supplicium
1125 2940 1366 2995 luerunt.
1410 2940 1508 2997 llis
1543 2944 1712 2999 tantis
1763 2945 2046 3014 suppliciis

474 3029 717 3097 probasti
752 3046 873 3097 nos,
902 3030 1067 3098 Deus,
1099 3032 1185 3089 his
1212 3034 1473 3090 omnibus
1516 3036 1639 3107 igne
1680 3053 1780 3093 nos
1841 3040 2047 3093 exami-

474 3123 615 3177 nasti
646 3123 791 3178 sicut
822 3125 1170 3181 examinatur
1209 3136 1512 3198 argentum.

547 3296 654 3353 Sed
695 3315 820 3355 cum
863 3301 979 3356 haec
1022 3303 1286 3379 omniain
1320 3320 1421 3360 nos
1452 3305 1785 3373 induxisses,
1830 3318 1885 3363 tu
1930 3310 2048 3379 ipse

476 3406 694 3445 rursum
725 3391 964 3445 eduxisti
994 3408 1095 3447 nos
1131 3394 1184 3446 in
1210 3393 1579 3464 refrigerium.
1619 3395 1737 3450 Non
1772 3400 1917 3452 enim
1947 3412 2048 3453 no-

475 3491 649 3539 strum
683 3493 799 3539 erat
828 3485 955 3537 talia
987 3485 1261 3540 sustinere
1281 3494 1335 3540 et
1364 3486 1494 3539 talia
1534 3486 1791 3557 effugere,
1838 3488 1934 3543 sed
1968 3490 2048 3542 tui

475 3575 656 3646 magni
691 3574 1031 3642 Servatoris;
1062 3576 1207 3632 sicut
1236 3577 1383 3631 enim
1417 3578 1681 3634 iiuluxisti
1718 3594 1820 3634 nos
1864 3581 1917 3632 in
1969 3580 2048 3632 la-

475 3684 698 3738 qucum,
729 3669 809 3724 sic
839 3668 1075 3723 eduxisti
1112 3671 1166 3724 in
1195 3669 1564 3740 refrigerium.
1591 3669 2045 3742 Quandoquidem

475 3775 584 3814 non
612 3759 909 3830 permisisti
936 3767 993 3814 ut
1017 3760 1197 3816 tristia
1217 3760 1308 3814 illa
1328 3761 1420 3815 diu
1444 3769 1844 3831 permanerent,
1874 3777 2050 3832 neque

475 3850 530 3905 in
579 3850 854 3905 infinitum
895 3852 1301 3907 tribulationem
1332 3853 1673 3922 protraxisti,
1702 3869 1877 3924 neque
1926 3869 2051 3924 per-

476 3945 676 4000 misisti
708 3954 767 3999 ut
795 3945 1056 4000 diuturno
1080 3955 1327 4017 tempore
1371 3946 1623 4001 homines
1656 3947 1928 4015 capitibus
1966 3949 2051 3999 in—

475 4047 686 4094 starent
746 4037 990 4104 nostris;
1021 4053 1198 4107 neque
1236 4038 1293 4093 in
1337 4039 1515 4108 ignem
1564 4039 1799 4107 conjecti
1839 4039 1931 4095 ditt
1975 4039 2049 4093 ibi

478 4127 700 4191 versati,
736 4142 913 4196 neque
942 4128 997 4181 in
1020 4142 1217 4196 aquam
1258 4127 1456 4196 dejecti
1503 4130 1751 4199 absorpti
1799 4128 2046 4196 fuimus;

478 4217 574 4273 sed
604 4232 722 4271 eam
752 4218 1207 4289 pertransivimus
1240 4237 1251 4271 :
1281 4234 1451 4287 quare
1480 4220 1685 4274 dicitur
1718 4243 1728 4275 :
1775 4239 1792 4271 ί
1825 4219 2052 4275 Transi-

478 4308 657 4361 vimus
690 4322 787 4377 per
821 4306 1022 4377 ignem,
1056 4318 1111 4362 et
1133 4305 1465 4378 profundum
1508 4324 1771 4379 aquarum
1830 4321 2053 4379 praeter-

478 4400 651 4471 gressi
676 4416 905 4467 sumus;
947 4419 964 4451 ›
1003 4399 1127 4453 ideo
1165 4400 1402 4461 dicitur,
1444 4420 1460 4450 ι
1502 4415 1597 4470 per
1628 4416 1845 4470 aquam.
1898 4420 1915 4452 ι
1955 4400 2051 4457 His

2104 604 2115 617 ,
2150 553 2324 623 ήμῶν.
2359 573 2376 606 ι
2410 556 2517 607 Καὶ
2541 552 2697 607 τοῦτο
2743 553 2799 605 δὲ
2853 555 3085 624 νοήσεις,
3114 554 3253 624 ὀρῶν
3287 554 3424 608 κατὰ
3463 558 3588 620 τοὺς
3618 559 3725 613 τῶν

2149 642 2403 714 διωγμῶν
2427 644 2652 716 καιροὺς
2678 642 3108 713 ἐπεμϐαίνοντας
3135 645 3257 708 τοὺς
3283 645 3474 708 ἀθέους
3498 648 3590 699 καὶ
3608 649 3727 702 ἀσε-

2151 735 2265 799 ϐεῖς
2288 735 2484 806 ἄνδρας
2513 734 2606 788 καὶ
2639 734 3139 806 κατεπαιρομένους
3161 736 3267 790 τῶν
3290 738 3387 808 τῆς
3416 738 3726 806 θεοσεϐείας

2149 825 2416 903 ἀθλητῶν,
2454 828 2578 888 τοὺς
2622 825 2679 877 δὲ
2729 825 3182 895 ταπεινουμένους
3219 828 3313 879 καὶ
3345 827 3414 879 τά
3461 828 3726 903 πρόσωπα

2151 901 2609 987 συνεσταλμένους
2644 916 2737 969 ἐπὶ
2780 919 2898 979 ταῖς
2929 917 3037 969 τῶν
3068 916 3239 971 ἀθέων
3272 918 3638 990 βλασφημίαις
3666 939 3722 974 τε

2150 1006 2242 1059 καὶ
2278 1006 2839 1077 μεγαλαυχίαις.Ἤδη
2872 1007 2927 1059 δὲ
2963 1006 3219 1072 πολλάκις
3262 1011 3355 1063 καὶ
3396 1011 3533 1063 κατὰ
3561 1011 3725 1082 κόρης

2150 1097 2352 1166 ἔτυψαν
2380 1097 2629 1161 παίοντες
2676 1097 2910 1169 πληγαῖς
2934 1100 3032 1163 τάς
3060 1100 3167 1153 τῶν
3193 1101 3440 1171 ἀθλητῶν
3467 1103 3560 1156 τοῦ
3589 1103 3722 1157 Θεοῦ

2150 1191 2408 1259 κεφαλάς.
2430 1191 2589 1244 Ἀλλά
2617 1190 2787 1244 ταῦτα
2808 1188 3192 1261 πάντα,“φασὶν
3226 1196 3273 1246 oi
3302 1194 3396 1248 τοῦ
3429 1195 3563 1248 Θεοῦ
3592 1196 3728 1268 μάρ-

2148 1298 2331 1352 τυρες,
2368 1283 2432 1335 σὺ
2458 1284 2589 1353 ἡμῖν
2618 1284 2913 1353 ἐπήγαγες,
2943 1285 2970 1336 ὀ
2999 1285 3149 1348 Θεός.
3177 1285 3267 1357 Μὴ
3296 1284 3405 1357 γάρ
3432 1304 3524 1339 σου
3554 1286 3728 1357 βουλο-

2153 1372 2335 1441 μένου,
2364 1373 2464 1427 οὐκ
2489 1373 2554 1427 ἄν
2593 1391 2644 1427 τι
2669 1374 2906 1428 τοιοῦτον
2938 1376 3056 1430 καθ’
3081 1376 3237 1447 ἡμῶν
3263 1378 3523 1449 ἐτολμᾶτο
3549 1398 3561 1409 ο
3593 1398 3725 1449 συγ-

2151 1463 2451 1537 χωροῦντος
2498 1465 2555 1518 δέ
2603 1482 2717 1529 σου,
2747 1467 2896 1520 ταῦτ’
2928 1469 3155 1535 ἐγίνετο.
3187 1470 3277 1522 Διό
3310 1487 3439 1538 φασι
3467 1472 3602 1542 πρὸς
3634 1474 3729 1526 αὑο

2149 1556 2239 1609 τόν
2260 1574 2271 1585 ·
2299 1576 2316 1607 ι
2342 1557 2652 1628 Είσήγαγες
2680 1558 2827 1628 ἡμᾶς
2850 1560 2931 1622 εἰς
2951 1558 3049 1630 τὴν
3078 1560 3296 1628 παγίδα.
3318 1580 3335 1613 ›
3366 1561 3436 1614 Σὺ
3456 1562 3563 1633 γάρ
3585 1560 3729 1634 ἦσθα.

2150 1648 2177 1698 ὁ
2198 1645 2619 1711 κατακλείστους
2645 1649 2790 1718 ἡμᾶς
2822 1649 3010 1715 ποιῶν,
3044 1653 3341 1721 συγχωρῶν
3366 1653 3421 1706 δὲ
3452 1655 3623 1708 ταῦτα
3645 1656 3728 1724 γί-

2152 1736 2359 1789 νεσθαι.
2396 1736 2505 1789 Καὶ
2542 1736 2604 1789 σὺ
2634 1736 2757 1789 ἔθου
2791 1737 2997 1807 θλίψεις
3025 1740 3116 1793 ἐπὶ
3147 1741 3238 1795 τὸν
3264 1741 3430 1795 νῶτον
3455 1743 3728 1813 ἡμῶν.οὑ

2150 1828 2257 1899 γάρ
2279 1827 2343 1882 ἂν
2364 1826 2535 1881 ταῦτα
2557 1826 2676 1880 καθ’
2698 1827 2855 1898 ἡμῶν
2882 1828 3164 1899 ἐτολμᾶτο,
3190 1831 3237 1882 εί
3261 1832 3324 1899 τῇ
3356 1822 3555 1884 σαυτοῦ
3582 1833 3728 1905 χειρὶ

2152 1918 2431 1981 σκεπάσας
2462 1917 2778 1986 ἐφύλαττες.
2805 1918 2876 1970 Σὺ
2916 1918 2972 1971 δὲ
3002 1920 3095 1973 καὶ
3131 1919 3256 1981 τοὺς
3287 1920 3479 1983 ἀθέους
3520 1921 3729 1992 ἀνθρώέ

2151 2023 2283 2069 πους
2303 2004 2636 2069 ἐπεϐίϐασας
2662 2007 2752 2058 ἐπὶ
2772 2004 2870 2070 τάς
2896 2006 3137 2076 κεφαλάς
3158 2007 3481 2079 ήμῶν.Ἦδη
3508 2010 3563 2062 δὲ
3592 2012 3725 2082 πρὸς

2148 2097 2357 2160 τούτοις
2406 2098 2484 2160 είς
2535 2096 2737 2167 ἔσχατα
2790 2099 2976 2152 κακῶν
3008 2099 3262 2171 ἤλθομεν,
3292 2102 3341 2154 οἱ
3379 2102 3477 2172 μὲν
3520 2102 3609 2155 τὸν
3641 2104 3727 2157 διά

2152 2188 2321 2258 πυρὸς
2372 2189 2763 2259 ὑπομείναντες
2809 2190 3056 2253 θάνατον,
3086 2195 3132 2245 οἱ
3181 2192 3239 2245 δὲ
3279 2184 3368 2248 τὸν
3412 2193 3480 2246 δι’
3517 2184 3757 2259 ὓδατος.¹

2148 2281 2373 2353 Σίδηρος
2414 2284 2512 2354 μὲν
2545 2282 2652 2353 γάρ
2685 2284 2778 2336 καὶ¹
2809 2285 2864 2336 αἱ
2908 2283 2997 2337 διὰ
3045 2285 3261 2356 σιδήρου
3293 2285 3561 2350 κολάσεις,
3593 2288 3727 2341 οἵτε

2148 2372 2294 2425 ἄλλοι
2333 2373 2571 2437 θάνατοι,
2603 2373 2696 2436 οὒς
2727 2376 2775 2426 οἱ
2803 2374 3020 2437 πλείους
3051 2374 3207 2445 ἡμῶν
3253 2377 3722 2449 ὑπομεμενήκασι,

2147 2470 2208 2520 τὸ
2242 2466 2408 2537 μηθὲν
2437 2466 2802 2538 ἐνομίσθησαν
2841 2467 3140 2538 παραθέσει
3188 2467 3294 2520 τῶν
3334 2469 3606 2541 χειρόνων.
3636 2469 3727 2523 Διὸ

2148 2562 2329 2613 ἐκεῖνα
2362 2558 2461 2629 μὲν
2493 2561 2915 2630 σεσιωπήκαμεν
2935 2576 2947 2589 ο
2976 2561 3097 2613 ἐπεί
3119 2560 3196 2624 δὲ,
3224 2561 3299 2624 ὡς
3328 2562 3385 2611 ὲν
3407 2561 3618 2623 δεινοῖς,
3646 2561 3729 2613 οὑο

2147 2652 2236 2705 δὲν
2266 2654 2445 2723 χεῖρον
2475 2650 2569 2704 τοῦ
2611 2650 2700 2704 διὰ
2740 2653 2909 2723 πυρὸς
2939 2651 3169 2705 θανάτου
3195 2653 3288 2705 καὶ
3313 2650 3408 2704 τοῦ
3447 2651 3513 2704 δι’
3539 2652 3729 2716 ὓδατος

2148 2745 2491 2815 νενόμισται,
2523 2742 2693 2798 ταῦτα
2736 2745 2793 2798 δὲ
2844 2746 2981 2799 αὑτά
3022 2762 3197 2817 φαμεν
3229 2746 3725 2816 ὑπομεμενηκέναι.

2150 2837 2308 2900 Τινὲς
2346 2837 2442 2907 μὲν
2475 2835 2583 2908 γὰρ
2612 2835 2768 2907 ήμῶν
2802 2835 3122 2907 ὑποϐρύχιοι
3152 2834 3387 2906 θαλάττῃ
3436 2838 3526 2888 καὶ
3564 2853 3729 2889 ποτα-

2151 2933 2269 3001 μοῖς
2293 2929 2665 3002 παρεδόθησαν
2686 2945 2699 2957 ’
2728 2931 2777 2982 oi
2802 2929 2858 2983 δὲ
2881 2929 2979 2999 τὴν
2998 2929 3084 2982 διὰ
3110 2930 3277 3001 πυρὸς
3301 2930 3726 2999 τιμωρίανὺπέ-

2150 3037 2367 3091 στησαν.
2400 3019 2499 3073 Διὰ
2521 3019 2786 3074 τοσούτων
2813 3015 2904 3072 οὖν
2950 3019 3277 3090 ἐδοκίμασας
3307 3021 3474 3090 ἡμᾶς,
3507 3022 3535 3071 ὁ
3568 3018 3722 3083 Θεὸς,

2150 3114 2243 3166 καὶ
2274 3111 2362 3167 διά
2394 3112 2596 3165 τούτων
2630 3112 2882 3165 ἁπάντων
2916 3110 3206 3182 ἐπύρωσας
3239 3112 3403 3182 ἡμᾶς,
3424 3111 3496 3174 ὡς
3525 3109 3728 3181 πυροῦ-

2150 3221 2240 3257 ται
2264 3204 2323 3257 τὸ
2352 3203 2493 3274 ἁργύ
2503 3220 2634 3273 ριον.

2234 3293 2392 3346 Ἀλλά
2417 3294 2592 3349 ταῦτα
2616 3294 2791 3348 πάντα
2819 3294 3113 3363 ἐπαγαγὼν
3146 3296 3296 3366 ἡμῖν,
3329 3293 3487 3347 πάλιν
3522 3295 3585 3348 σὺ
3628 3294 3727 3348 a6-

2149 3386 2238 3449 τὸς
2261 3384 2526 3458 ἐξήγαγες
2558 3387 2704 3458 ἡμᾶς
2724 3389 2803 3450 είς
2828 3386 3126 3458 ἀναψυχήν.
3158 3389 3231 3440 Οὑ
3258 3386 3363 3456 γάρ
3399 3386 3553 3457 ἡμῶν
3578 3382 3645 3457 ἦν
3668 3385 3731 3439 τὸ

2152 3483 2439 3553 ὑπομεῖναι
2486 3483 2580 3536 καὶ
2611 3482 2893 3550 διαφυγεῖν
2928 3480 2994 3534 τὰ
3026 3478 3281 3543 τοσαῦτα,
3317 3479 3449 3532 ἀλλά
3498 3478 3591 3531 σοῦ
3638 3478 3729 3531 τοῦ

2154 3573 2387 3645 μεγάλου
2424 3574 2672 3645 Σωτῆρος
2691 3588 2704 3603 ’
2736 3572 2809 3637 ὡς
2832 3571 2939 3643 γάρ
2965 3572 3253 3642 εἰσήγαγες
3278 3572 3354 3633 εἰς
3383 3570 3481 3640 τὴν
3508 3569 3727 3637 παγίδα,

2150 3668 2292 3721 οὑτω
2336 3668 2429 3722 καὶ
2465 3667 2734 3737 ἐξήγαγες
2777 3666 2854 3726 εἰς
2881 3663 3178 3733 ἀναψυχήν.
3198 3660 3412 3731 Ἐπειδὴ
3445 3661 3519 3730 μὴ
3550 3661 3730 3731 παρά-

2155 3777 2291 3831 μονα
2342 3759 2529 3822 εἴασας
2580 3758 2733 3829 ἡμῶν
2771 3756 2840 3809 τά
2870 3754 3189 3826 σκυθρωπά,
3220 3754 3352 3824 μηδὲ
3396 3754 3473 3814 εἰς
3504 3753 3730 3823 ἄπειρον

2152 3852 2475 3923 παρέτεινας
2503 3851 2601 3922 τὴν
2637 3849 2833 3918 θλίψιν,
2868 3847 2999 3919 μηδὲ
3034 3849 3112 3910 είς
3146 3845 3353 3916 μακρὸν
3385 3845 3572 3916 χρόνον
3603 3860 3728 3896 συν-

2151 3943 2434 4016 εχὼρησας
2458 3943 2710 4014 ἐπιϐῆναι
2733 3941 2828 3995 ἀνθ
2838 3940 3049 4011 ρώπους
3073 3940 3163 3991 ἐπὶ
3180 3938 3278 4001 τὰς
3296 3936 3533 4007 κεφαλὰς
3554 3936 3728 4007 ἡμῶν·

2153 4035 2266 4088 ἀλλ’
2292 4035 2414 4087 οὑδὲ
2457 4036 2514 4086 ἐν
2543 4033 2621 4103 τῷ
2663 4033 2795 4103 πυρὶ
2827 4030 3107 4101 γενόμενοι
3137 4029 3587 4099 ἐνυπεμείναμεν,
3610 4027 3732 4080 οὐδὲ

2152 4130 2210 4182 ἐν
2241 4127 2319 4198 τῷ
2347 4126 2497 4179 ὕδατι
2523 4125 2883 4197 ἐμϐληθέντες
2910 4122 3183 4193 κατεπόθη
3193 4138 3317 4192 μεν·
3357 4122 3448 4173 καὶ
3496 4121 3653 4173 τοῦτο
3676 4120 3730 4172 δὲ

2152 4220 2469 4291 διήλθομεν
2507 4218 2587 4270 διὸ
2619 4216 2897 4275 λέλεκται·
2937 4234 2954 4266 ι
2988 4213 3282 4284 Διήλθομεν
3313 4213 3401 4265 διὰ
3424 4214 3614 4284 πυρὸς,
3638 4214 3733 4265 καὶ

2154 4311 2244 4363 τὸν
2293 4310 2450 4380 βυθὸν
2493 4310 2600 4363 τῶν
2643 4309 2848 4364 ὑδάτων
2896 4308 3270 4381 διεξήλθομεν·
3306 4326 3324 4358 ι
3360 4307 3438 4359 διὸ
3466 4307 3580 4368 καὶ,
3620 4326 3639 4358 ι
3666 4307 3733 4359 δι’

2158 4402 2367 4467 ὓδατος,
2402 4422 2421 4455 ι
2473 4404 2703 4474 εἴρηται.
2746 4403 2857 4455 Καὶ
2886 4402 2949 4471 δὴ
2977 4402 3068 4453 ἐπὶ
3090 4400 3299 4462 τούτοις
3332 4399 3533 4454 ἅπασιν
3568 4400 3734 4467 ἐγγυ-

478 4495 733 4549 omnibus
762 4510 862 4551 nos
899 4494 1164 4565 probasti,
1205 4504 1530 4564 sumptoque
1555 4494 1826 4564 patientiae
1852 4503 1906 4550 et
1932 4511 2048 4565 per-

2166 4498 2374 4569 μνάσας
2408 4500 2555 4568 ἡμᾶς
2585 4499 2677 4549 καὶ
2705 4497 2804 4567 τῆς
2829 4496 3103 4566 ὑπομονῆς
3126 4498 3158 4564 ἠ
3169 4494 3281 4564 μῶν
3305 4494 3398 4547 καὶ
3420 4494 3517 4562 τῆς
3542 4509 3737 4564 καρτε-

479 4587 800 4643 severantiae
830 4597 1034 4643 nostrae
1059 4586 1455 4658 experimento,
1487 4588 1727 4643 eduxisti
1763 4604 1863 4644 nos
1884 4590 1940 4643 in
1966 4605 2053 4644 re-

480 4678 799 4751 frigerium;
830 4679 964 4744 sive,
993 4680 1295 4735 secundum
1321 4678 1731 4751 Symmachum,
1773 4701 1791 4733 ‹
1836 4682 1891 4736 in
1924 4683 2051 4737 lati-

479 4772 745 4826 tudinem.
791 4792 810 4825 ι
848 4770 963 4827 Hoc
989 4783 1166 4827 autem
1195 4772 1417 4828 diverso
1442 4773 1603 4827 modo
1634 4772 1914 4843 impletum
1944 4784 2047 4831 est.

479 4860 613 4915 Nam
638 4877 762 4915 cum
791 4879 960 4917 unum
989 4863 1060 4918 sit
1088 4864 1473 4934 religiosorum
1504 4864 1787 4925 hominum
1817 4882 2050 4936 corpus;

479 4962 533 5009 et
559 4954 649 5008 alii
676 4953 897 5023 quidem
926 4955 1041 5009 [nec
1066 4956 1215 5024 passi
1259 4958 1391 5021 sint,
1430 4957 1522 5010 alii
1554 4958 1884 5027 supplicium
1934 4959 2045 5014 lue-

481 5049 609 5111 rint,
644 5048 736 5101 alii
766 5048 942 5102 solum
974 5050 1175 5103 mulcta
1198 5051 1463 5105 bonorum
1500 5053 1783 5107 exercitati
1811 5052 2050 5118 fuerint;

478 5142 571 5195 alii
608 5141 733 5210 fuga
786 5148 840 5193 et
896 5155 1118 5195 secessu
1153 5142 1503 5197 familiarium
1562 5145 1772 5213 probati
1828 5144 2050 5210 fuerint,

480 5251 588 5288 non
628 5233 721 5287 diu
751 5239 937 5301 postea
970 5232 1214 5287 omnium
1258 5234 1381 5288 linis
1424 5237 1677 5290 omnibus
1717 5236 1929 5292 faustus
1957 5252 2051 5291 oc-

478 5324 677 5390 currit,
707 5322 843 5377 Nam
868 5322 959 5377 Dei
1020 5332 1287 5393 martyres
1327 5335 1502 5380 morte
1544 5330 1927 5391 consummati,
1961 5343 2053 5383 ve-

479 5433 602 5472 rum
658 5416 999 5487 refrigerium
1051 5416 1417 5480 invenerunt,
1464 5425 1523 5470 ut
1566 5419 1745 5474 dicere
1798 5422 2050 5477 valeant:

485 5529 504 5561 (
537 5510 886 5573 Convertere,
910 5508 1089 5563 anima
1108 5522 1251 5572 mea,
1270 5509 1323 5562 in
1345 5510 1585 5577 requiem
1606 5518 1774 5574 tuam,
1800 5514 1925 5580 quia
1951 5513 2055 5567 Do-

479 5604 663 5658 minus
686 5600 954 5657 benefecit
976 5602 1096 5663 tibi,
1114 5601 1371 5671 quoniam
1399 5602 1596 5669 eripuit
1619 5603 1853 5656 animam
1880 5620 2053 5659 meam

480 5691 549 5748 de
585 5704 759 5747 morte
783 5692 849 5755 δ’,
902 5712 919 5743 ι
959 5701 1066 5745 etc.
1100 5690 1225 5747 llaec
1251 5692 1450 5763 quippe
1474 5690 1647 5746 ail‘mia
1698 5695 2054 5764 praesentibus

554 5809 598 5844 ⁶⁹
628 5807 771 5867 Psal.
806 5823 949 5864 cxxv.
979 5808 1027 5866 7.
1062 5806 1117 5861 8.

2166 4591 2285 4661 ρίας
2309 4589 2406 4659 τὴν
2432 4588 2656 4659 δοκιμὴν
2677 4589 2856 4642 λαϐὼν
2878 4590 3139 4659 ἐξήγαγες
3162 4586 3309 4655 ἡμᾶς
3330 4586 3408 4647 είς
3427 4583 3730 4654 ἀναψυχήψ

2162 4681 2193 4752 ἦ
2231 4680 2373 4737 κατὰ
2395 4680 2486 4733 τὸν
2516 4681 2831 4751 Σύμμαχον,
2866 4698 2883 4730 ι
2910 4682 2989 4743 είς
3015 4677 3375 4748 εὐρυχωρίαν.
3400 4696 3417 4726 ι
3443 4676 3551 4728 Καὶ
3582 4675 3738 4727 τοῦτο

2161 4776 2217 4827 δὲ
2252 4772 2552 4844 ἐπληροῦτο
2573 4773 2844 4844 διαφόρως
2863 4789 2876 4803 ι
2909 4771 3026 4834 ἑνὸς
3055 4770 3163 4839 γάρ
3192 4770 3341 4830 ὄντος
3365 4766 3459 4820 τοῦ
3490 4767 3597 4819 τῶν
3629 4767 3737 4819 θεο-

2163 4866 2334 4918 σεδῶν
2375 4866 2645 4937 σώματος,
2675 4866 2769 4918 καὶ
2802 4864 2908 4918 τῶν
2940 4864 3037 4934 μὲν
3072 4862 3197 4915 τάδε
3236 4860 3600 4923 πεπονθότων,
3630 4858 3735 4911 τῶν

2162 4959 2216 5011 δὲ
2246 4958 2655 5027 ὑπομεινάντων
2682 4957 2972 5028 τιμωρίαν,
3008 4955 3117 5015 τῶν
3148 4954 3203 5006 δὲ
3230 4956 3295 5025 τῇ
3326 4952 3433 5005 τῶν
3460 4951 3732 5023 ὑπαρχόν-

2162 5069 2269 5103 των
2306 5050 2477 5122 ζημία
2525 5050 2661 5123 μόνῃ
2709 5047 3161 5120 δοκιμασθέντων,
3192 5046 3299 5099 τῶν
3343 5047 3398 5099 δὲ
3442 5046 3526 5099 διὰ
3560 5045 3734 5115 φυγῆς

2163 5143 2255 5195 καὶ
2283 5142 2381 5212 τῆς
2414 5141 2521 5194 τῶν
2548 5142 2763 5194 οἰκείων
2800 5140 3194 5209 ἀναχωρήσεως
3233 5139 3731 5209 ἐγγυμνασθέντων,

2162 5236 2260 5287 οὑκ
2306 5238 2384 5298 εἰς
2431 5235 2638 5306 μακρὸν
2682 5235 2743 5286 τὸ
2788 5233 3002 5287 πάντων
3038 5232 3190 5295 τέλος
3222 5234 3335 5295 τοῖς
3370 5234 3532 5283 πᾶσιν
3565 5230 3733 5282 αἴσιον

2163 5328 2399 5397 ἀπήντα.
2431 5329 2493 5379 Οἱ
2528 5327 2625 5397 μὲν
2652 5326 2758 5396 γὰρ
2792 5325 2885 5378 τοῦ
2920 5323 3055 5377 Θεοῦ
3094 5324 3367 5395 μάρτυρες
3399 5322 3485 5377 διὰ
3516 5322 3610 5376 τοῦ
3641 5321 3734 5373 θα-

2162 5419 2323 5472 νάτου
2358 5419 2752 5481 τελειωθέντες,
2782 5418 2879 5489 τὴν
2908 5415 3122 5487 άληθῶς
3165 5416 3441 5485 ἀναψυχὴν
3484 5415 3729 5485 εὕραντο,

2162 5514 2237 5576 ὼς
2277 5512 2536 5565 δύνασθαι
2574 5513 2767 5581 φάναι·
2805 5532 2821 5561 ι
2847 5509 3221 5580 Ἐπίστρεψον,
3258 5509 3290 5577 ἡ
3323 5506 3468 5576 ψυχή
3503 5523 3626 5576 μου,
3658 5506 3731 5564 εἰς

2161 5606 2260 5675 τὴν
2311 5602 2614 5657 ἀνάπαυσιν
2666 5619 2781 5665 σου,
2813 5603 2894 5654 ὅτι
2936 5600 3137 5671 Κύριος
3178 5597 3512 5669 εὐηργέτησε
3537 5613 3626 5648 σε·
3656 5597 3732 5649 ὅτι

2162 5697 2403 5767 ἐξείλατο
2448 5696 2544 5749 τίον
2588 5694 2763 5765 ψυχήν
2810 5712 2908 5768 μου
2950 5696 3011 5748 ἐκ
3047 5694 3293 5755 θανάτου,
3327 5712 3344 5743 ι
3377 5691 3469 5749 καὶ
3492 5690 3559 5745 τὰ
3590 5687 3729 5759 ἑξῆς.
