4100 6582
435 390 544 449 665

1539 387 2041 455 COMMENTARIA
2081 398 2147 454 lN
2187 398 2526 455 PSALMOS.

3587 406 3691 462 666

447 510 677 581 Ἀδελφα
710 530 816 585 γαρ
854 528 919 567 αν
953 514 1038 585 εἴη
1080 515 1252 569 ταῦτα
1278 532 1385 568 των
1410 515 1495 569 διὰ
1520 516 1628 570 τῶν
1662 518 1801 587 μετὰ
1829 522 1984 591 χεῖρα

2121 524 2281 571 sunt:
2311 536 2327 567 ι
2366 515 2468 582 Qui
2507 521 2688 584 posuit
2716 515 2952 569 animam
2980 531 3155 571 meam
3190 515 3254 571 ad
3281 516 3470 579 vitam,
3499 524 3552 570 et
3582 532 3688 570 non

432 606 750 671 φασκόντων
770 624 783 637 σ
819 626 837 657 ι
868 606 973 659 Τοῦ
1004 606 1228 679 θεμένου
1260 609 1355 680 τὴν
1384 610 1561 681 ψυχήν
1599 628 1699 682 μου
1736 613 1813 676 είς
1846 610 2010 682 ζωὴν,

430 694 528 745 καὶ
562 694 636 766 μὴ
676 694 857 759 δόντος
891 698 970 760 είς
1007 697 1165 750 σάλον
1212 699 1337 762 τοὺς
1369 698 1533 760 πόδας
1561 715 1658 768 μου
1680 716 1692 727 ·
1737 717 1754 748 ι
1785 699 1879 751 καὶ
1910 698 2014 751 πά-

429 785 515 840 λιν
534 803 547 817 ·
582 805 601 838 ι
629 787 739 841 Καὶ
771 787 1036 859 ἐξήγαγες
1067 790 1214 859 ἡμᾶς
1244 792 1322 853 είς
1346 788 1646 860 ἀναψυχήν.
1674 791 1735 843 Oi
1764 789 1820 842 δὲ
1853 790 1910 842 ἐν
1935 789 2013 859 τῷ

430 879 533 951 βίῳ
584 880 985 952 πεφυλαγμένοι
1038 883 1129 936 καὶ
1178 882 1276 954 τὴν
1319 882 1411 935 τοῦ
1456 881 1693 953 διωγμοῦ
1738 882 2011 952 πυρκαϊὰν

428 971 861 1025 ἀποσϐεσθεῖσαν
901 972 1239 1043 τεθεαμένοι,
1274 974 1330 1025 ἐν
1374 974 1566 1045 εἰρήνῃ
1615 972 1814 1042 φαιδρᾷ
1843 988 2011 1024 κατα-

429 1065 674 1129 στάντες,
702 1065 802 1134 τῆς
840 1065 1119 1135 ἀναψυχῆς
1162 1064 1374 1134 ἔτυχον,
1401 1065 1494 1116 καὶ
1517 1066 1595 1127 εἰς
1624 1062 1794 1117 εὖδιον
1818 1062 2009 1131 λιμένα

426 1157 886 1227 καταντήσαντες,
919 1157 1013 1211 καὶ
1047 1157 1143 1226 τῆς
1183 1157 1319 1227 μετὰ
1351 1156 1444 1209 τοῦ
1468 1155 1707 1227 διωγμοῦ
1736 1154 2003 1227 εὐφροσύ-

424 1265 522 1318 νης
553 1248 973 1312 ἀπολαύσαντες.
1010 1249 1240 1317 Νοήσεις
1270 1249 1325 1302 δέ
1355 1250 1501 1312 ὅπως
1531 1249 1740 1321 εἴρηται
1774 1247 2003 1301 ἐνταῦθα

427 1341 504 1393 τό·
525 1360 541 1391 ι
568 1341 929 1405 Ἐπεὸίϐασας
952 1341 1269 1413 ἀνθρώπους
1292 1343 1384 1395 ἐπὶ
1408 1341 1506 1405 τὰς
1529 1342 1769 1410 κεφαλὰς
1788 1342 1964 1414 ήμῶν,
1980 1362 1997 1392 ι

424 1434 691 1505 παραθεὶς
725 1435 784 1487 τὸ
814 1435 870 1487 ἐν
904 1435 1076 1506 ἑτέρῳ
1106 1424 1421 1505 εἰρημένον·
1470 1453 1488 1484 ι
1518 1434 1630 1486 Καὶ
1675 1433 1769 1486 νῦν
1821 1433 1999 1502 ὕψωσε

422 1526 665 1597 κεφαλήν
703 1543 802 1596 μου
840 1526 931 1578 ἐπὶ
971 1525 1196 1595 ἐχθρούς
1234 1525 1691 1596 μου.Ἐκύκλωσα
1717 1527 1811 1579 καὶ
1836 1526 2000 1578 ἔθυσα

420 1619 478 1670 ἐν
505 1621 571 1688 τῇ
598 1621 767 1689 σκηνῇ
802 1635 893 1672 σου
929 1618 1119 1672 θυσίαν
1145 1618 1483 1689 ἀλαλαγμοῦ.
1517 1620 1755 1689 »Ὥσπερ
1775 1618 1882 1689 γάρ
1908 1638 2003 1672 κα-

418 1710 486 1763 τὰ
531 1711 656 1773 τοὺς
702 1709 809 1762 τῶν
858 1709 1112 1781 διωγμῶν
1155 1710 1379 1782 καιροὺς
1413 1710 1762 1782 ἐπανίστησιν
1808 1711 1999 1783 όθεδς

415 1803 736 1875 ἀνθρώπους
765 1805 855 1858 ἐπὶ
873 1805 971 1870 τὰς
993 1804 1231 1876 κεφαλὰς
1242 1805 1285 1875 ’ὴ
1295 1804 1429 1876 μῶν,
1453 1804 1593 1857 οὕτω
1630 1804 1768 1873 μετά
1807 1803 1994 1866 ταῦτα,

2116 610 2266 663 dedit
2326 610 2379 663 in
2443 609 2869 664 commotionem
2928 608 3094 679 pedes
3160 625 3311 663 meos
3353 627 3368 677 ;
3412 629 3430 661 ›
3476 625 3539 663 ac.
3568 626 3691 663 rur-

2116 716 2235 756 sum
2276 720 2290 755 :
2333 720 2351 752 ‹
2388 700 2453 754 Et
2479 700 2717 756 eduxisti
2746 714 2848 755 nos
2879 700 2932 754 in
2969 701 3336 772 refrigerium.
3380 720 3397 753 ι
3443 700 3544 767 Qui
3593 716 3691 754 au-

2113 800 2220 848 tem
2261 796 2589 863 superstites
2614 792 2815 847 servati
2856 802 3005 856 sunt,
3037 794 3472 863 restinctumque
3503 808 3688 864 perse—

2113 886 2351 940 cutionis
2382 885 2695 939 incendium
2720 884 2997 948 viderunt,
3024 885 3077 938 in
3107 886 3348 955 jucunda
3380 902 3514 955 pace
3555 876 3688 941 clon-

2112 977 2312 1043 stituti,
2358 975 2707 1045 refrigerium
2756 976 2903 1028 nacti
2941 984 3093 1037 sunt,
3132 986 3185 1031 et
3235 977 3286 1030 in
3330 978 3686 1047 tranquillum

2110 1076 2329 1138 portum
2372 1067 2629 1138 ingressi,
2656 1076 2779 1139 post
2820 1067 3257 1138 persecutionem
3311 1068 3496 1121 lretitia
3540 1067 3687 1122 frue-

2106 1160 2327 1214 bantur.
2373 1158 2515 1215 Sane
2562 1162 2834 1230 intelligas
2894 1176 2999 1229 qua
3054 1162 3266 1213 ratione
3309 1160 3397 1213 hic
3431 1161 3681 1215 dicatur:

2112 1269 2130 1300 ‹
2166 1251 2479 1320 lmposuisti
2515 1251 2764 1306 homines
2793 1266 2961 1321 super
2984 1251 3163 1320 capita
3199 1259 3410 1314 nostra,
3445 1271 3463 1303 ι
3495 1250 3539 1305 si
3571 1250 3685 1305 hzec

2103 1342 2357 1399 conferas
2392 1360 2517 1398 cum
2550 1345 2651 1399 hoc
2683 1345 2912 1400 alterius
2944 1344 3137 1415 psalmi
3174 1344 3322 1398 dicto
3354 1362 3366 1397 :
3405 1361 3423 1393 ι
3450 1342 3515 1395 Et
3538 1356 3685 1397 nunc

2102 1435 2363 1489 exaltavit
2385 1444 2546 1506 caput
2577 1452 2755 1491 meum
2783 1452 2948 1506 super
2970 1437 3223 1491 inimicos
3255 1434 3683 1490 meos.Circuivi

2101 1534 2153 1580 et
2184 1526 2460 1581 immolavi
2517 1527 2573 1580 in
2623 1527 2980 1581 tabernaculo
3012 1536 3105 1581 tuo
3137 1526 3375 1580 hostiam
3404 1525 3685 1595 jubilatio-

2102 1611 2272 1667 nis".
2314 1632 2332 1665 ι
2387 1612 2859 1678 Quemadmodum
2904 1616 3047 1669 enim
3096 1616 3497 1686 persecutionis
3540 1624 3680 1670 tem-

2100 1721 2231 1776 pore
2259 1707 2489 1777 imponit
2518 1707 2663 1763 Deus
2690 1708 2941 1764 homines
2974 1724 3138 1778 super
3163 1709 3341 1779 capita
3364 1716 3570 1772 nostra,
3605 1709 3680 1762 ita

2106 1809 2394 1869 postquam
2422 1800 2610 1854 eduxit
2639 1816 2740 1856 nos
2774 1802 2826 1854 in
2860 1800 3235 1872 refrigerium,
3270 1802 3474 1855 exaltat
3501 1802 3681 1870 capita

414 1897 504 1949 ὅτε
535 1898 800 1968 ἐξήγαγεν
829 1898 976 1967 ήμᾶς
1017 1898 1097 1959 είς
1140 1895 1443 1966 ἀναψυχὴν,
1475 1895 1599 1964 ὁψοῖ
1627 1894 1727 1958 τάς
1761 1894 1987 1963 κεφαλὰς

2102 1900 2290 1944 nostra
2344 1906 2508 1959 super
2559 1892 2813 1947 inimicos
2859 1900 3099 1947 nostros.
3152 1890 3317 1962 quue
3363 1892 3681 1964 prophetice

412 1989 445 2057 ή
454 1990 570 2060 μῶν
594 1991 687 2042 ἐπὶ
715 1990 838 2052 τοὺς
868 1989 1094 2060 ἐχθροὺς
1118 1988 1295 2059 ήμῶν.
1323 1989 1433 2041 Καὶ
1465 1987 1622 2041 τοῦτο
1650 1988 1999 2059 προφητικῶς

410 2083 604 2154 ἐδήλου
631 2086 659 2137 ὁ
680 2084 883 2154 φήσαςο
929 2102 947 2134 ‹
974 2082 1086 2136 Καὶ
1114 2082 1207 2136 νῦν
1239 2082 1421 2153 ῦψωσε
1472 2082 1713 2153 κεφαλήν
1762 2099 1862 2153 μου
1906 2082 1999 2134 ἐπὶ

408 2175 640 2245 ἐχθρούς
676 2192 796 2246 μου.
830 2174 1225 2245 Είσελεύσομαι
1258 2177 1337 2238 είς
1363 2174 1456 2227 τὸν
1488 2170 1635 2227 οἶκόν
1672 2192 1763 2228 σου
1790 2176 1848 2227 ἐν
1882 2174 1997 2228 ὁλο-

407 2266 790 2337 καυτώμασιν.
830 2287 848 2318 ι
887 2268 948 2319 υἱ
987 2267 1084 2338 μὲν
1113 2268 1220 2337 γὰρ
1254 2268 1397 2335 ἅγιοι
1420 2265 1512 2319 τοῦ
1543 2266 1677 2319 Θεοῦ
1723 2267 1998 2339 μάρτυρες

411 2357 551 2428 μετά
582 2357 709 2419 τοὺς
736 2358 1002 2428 μεγάλους
1031 2357 1241 2420 ἄθλους,
1274 2356 1367 2421 οὒς
1392 2358 1865 2429 ὑπομεμενήκασι,
1908 2357 1993 2410 διά

410 2448 583 2519 πυρὸς
634 2449 728 2500 καὶ
772 2446 960 2511 ὕδατος
985 2446 1302 2511 διελθόντες,
1330 2448 1409 2510 είς
1434 2447 1711 2517 ἀναψυχὴν
1750 2446 1991 2518 παρελή-

410 2538 642 2609 φθησαν.
681 2534 813 2591 Εἶτα
842 2537 932 2592 τὸν
955 2537 1273 2608 ἐπουράνιον
1304 2536 1395 2589 τοῦ
1424 2535 1557 2590 Θεοῦ
1582 2530 1727 2588 οἶκον
1748 2535 1838 2589 τὸν
1869 2534 1994 2607 ἀλη-

408 2627 554 2680 θινὸν
597 2628 977 2691 ἀπολαϐόντες,
1028 2627 1227 2697 φασίν·
1288 2646 1305 2677 ι
1344 2625 1733 2695 Εἰσελεύσομαι
1780 2627 1861 2688 είς
1899 2625 1990 2678 τὸν

406 2714 555 2772 οἶκόν
588 2737 679 2773 σου
721 2723 778 2773 ἐν
822 2720 1255 2794 ὁλοκαυτώμασι.
1286 2739 1303 2769 ι
1324 2719 1413 2782 Ὠς
1436 2717 1545 2788 γὰρ
1574 2716 1663 2770 διὰ
1695 2718 1864 2788 πυρὸς
1897 2718 1990 2770 καὶ

407 2811 598 2876 Εδατος
631 2812 946 2877 διελθόντες,
973 2813 1041 2866 τά
1085 2812 1291 2865 ἑαυτῶν
1334 2810 1777 2881 ὁλοκαυτώματα,
1814 2812 1870 2862 ἐν
1909 2808 1989 2873 οἷς

404 2904 813 2975 ἐμαρτύρησαν,
844 2903 996 2976 δίκην
1034 2903 1223 2966 θυσίας
1265 2902 1342 2973 τῷ
1387 2901 1592 2955 ἑαυτῶν
1619 2900 1987 2972 προσφέρουσι

403 2994 545 3063 Θεῷ,
583 2994 750 3066 πολλῇ
783 2995 1065 3066 παρρησίᾳ
1096 2994 1368 3065 χρώμενοι
1405 2995 1487 3061 ἐφ’
1511 2988 1598 3056 αἷς
1632 2990 1864 3064 ηὔξαντο
1899 2993 1989 3045 εὐ-

406 3087 549 3153 χαῖς.
567 3083 810 3149 Ηῦξαντο
837 3085 893 3137 δέ
924 3083 1312 3152 ἀγωνίσασθαι,
1329 3084 1421 3135 καὶ
1442 3082 1644 3153 ταύτην
1665 3083 1987 3153 ἐποιήσαντο

400 3176 500 3245 τὴν
547 3176 900 3245 ἐπαγγελίαν,
931 3176 992 3230 τὸ
1032 3176 1193 3247 μέχρι
1244 3174 1475 3229 θανάτου
1526 3175 1666 3246 ὑπὲρ
1706 3175 1986 3241 εὐσεϐείας

397 3272 648 3342 ἀθλῆσαι.
680 3273 766 3336 Ὠς
785 3268 878 3325 οῦν
903 3271 1325 3344 κατωρθωκότες
1357 3269 1499 3342 ἆπερ
1524 3268 1779 3339 ηὔξαντο,
1801 3268 1981 3338 φασίψ
2013 3266 2056 3322 C

473 3402 493 3435 ε
519 3383 807 3439 Ἀποδώσω
831 3403 910 3438 σοι
923 3384 1022 3448 τὰς
1038 3385 1200 3454 εὐχάς
1229 3402 1351 3456 μου,
1377 3384 1440 3447 ἃς
1457 3382 1714 3436 διέστειλε
1739 3382 1807 3437 τὰ
1829 3383 1980 3454 χείλη

400 3494 504 3549 μου
525 3495 538 3508 ’
576 3479 669 3530 καὶ
701 3478 927 3550 ἐλάλησε
959 3478 1020 3531 τὸ
1056 3479 1229 3549 στόμα
1265 3496 1365 3551 μου
1401 3480 1458 3530 ἐν
1488 3479 1555 3547 τῇ
1590 3476 1766 3546 θλίψει
1807 3494 1926 3546 μου.
1958 3496 1976 3526 ι

397 3569 538 3621 Κατ’
572 3568 740 3631 αὑτὰς
772 3569 879 3639 γὰρ
909 3568 1007 3630 τὰς
1039 3568 1279 3637 θλίψεις,
1314 3568 1443 3640 περὶ
1472 3560 1546 3620 ὧν
1581 3568 1836 3637 ἀνωτέρω
1870 3566 1983 3619 ἔλε-

362 3692 367 3695 ς
394 3676 491 3727 γον
514 3676 527 3689 °
567 3678 585 3710 ι
611 3660 774 3713 Ἔθου
805 3660 1009 3730 θλίψεις
1040 3660 1132 3713 ἐπὶ
1165 3660 1255 3713 τὸν
1278 3659 1446 3713 νῶτον
1466 3658 1642 3730 ἡμῶν,
1672 3679 1689 3710 ι
1723 3658 1821 3729 τὴν
1848 3658 1982 3729 πρὸς

393 3750 486 3804 τὸν
506 3751 638 3805 Θεὸν
660 3752 881 3823 ἀγάπην
900 3752 1107 3805 τελείαν
1131 3753 1225 3806 καὶ
1246 3752 1437 3823 ὁλόκλη
1446 3770 1538 3822 ρον
1559 3751 1979 3822 ἐνδεικνύμενοι.

394 3844 560 3914 εὖχάς
585 3844 821 3897 ἐτίθεντο
850 3845 943 3897 καὶ
972 3845 1301 3913 ἐπαγγελίας
1326 3843 1604 3897 ἐποιοῦντο
1633 3843 1792 3914 μέχρι
1814 3843 1979 3897 θανά-

394 3954 485 3990 του
522 3936 776 4006 ἐνστῆναι
797 3977 810 4001 ,
846 3938 1124 4007 μονονουχὶ
1155 3936 1355 4007 ὁμοίως
1382 3936 1460 4006 τῷ
1484 3935 1678 4005 Παύλῳ
1696 3936 1944 4003 λέγοντες
1963 3952 1975 3965 ο

399 4051 417 4082 ι
441 4031 537 4094 Τίς
574 4032 722 4102 ἡμᾶς
749 4032 971 4102 χωρίσει
1006 4032 1112 4085 ἀπὸ
1142 4033 1239 4103 τῆς
1273 4031 1493 4101 ἀγάπης
1520 4029 1613 4082 τοῦ
1647 4029 1821 4093 Θεοῦ;
1865 4028 1977 4082 θλί-

393 4124 506 4192 ψις,
537 4123 569 4193 ἢ
604 4124 953 4193 στενοχωρία,
987 4124 1018 4195 ἢ
1055 4124 1313 4193 διωγμὸς,
1347 4124 1379 4194 ἢ
1412 4123 1587 4193 λιμὸς,
1617 4122 1649 4193 ἣ
1682 4122 1975 4193 γυμνότης,

391 4217 428 4288 ἢ
458 4216 753 4279 κίνδυνος;›
780 4217 892 4269 καίο
920 4217 1255 4287 ιΠέπεισμαι
1284 4218 1414 4288 γὰρ.
1446 4218 1527 4270 ὅτι
1577 4215 1699 4268 οὔτε
1729 4215 1975 4278 θάνατος,

392 4307 516 4362 οὗτε
542 4309 677 4379 ζωὴ,
710 4308 833 4361 οὔτε
866 4309 1135 4363 ἐνεστῶτα
1155 4351 1168 4373 ,
1205 4309 1327 4363 οὔτε
1361 4310 1619 4380 μέλλοντα
1643 4350 1657 4371 ,
1691 4309 1975 4379 δυνήσεται

390 4404 538 4473 ἡμᾶς
563 4401 792 4473 χωρίσαι
825 4402 933 4453 ἀπὸ
964 4402 1063 4472 τῆς
1094 4403 1315 4473 ἀγάπης
1347 4401 1440 4456 τοῦ
1474 4401 1608 4455 Θεοῦ
1634 4401 1733 4470 τῆς
1757 4403 1814 4453 ἐν
1843 4401 1975 4470 Χρι-

390 4492 500 4562 στῷ
540 4491 734 4561 Ἰησοῦ.
768 4511 785 4543 ι
811 4492 1024 4556 Ταύτας
1053 4490 1146 4546 οῦν
1166 4511 1296 4563 φησι
1322 4493 1422 4557 τάς
1446 4494 1607 4564 εὐχὰς
1635 4492 1972 4545 ἀποδεδωκέ-

387 4600 476 4637 ναι
508 4581 585 4653 τῷ
600 4581 741 4652 Θεῷ,
768 4582 833 4647 ἂς
862 4582 1118 4636 διέστειλε
1138 4584 1205 4636 τὰ
1225 4584 1374 4655 χείλη
1398 4584 1595 4647 αὐτῶν,
1630 4585 1722 4637 καὶ
1743 4582 1972 4654 ἐλάλησε

2100 1978 2413 2034 declarabat
2459 1981 2553 2050 qui
2601 1980 2737 2034 dixit
2776 2000 2788 2034 :
2831 1999 2849 2031 ι
2893 1982 2957 2034 Ει
3002 1998 3150 2036 nunc
3205 1982 3465 2035 exaltavit
3516 1990 3680 2053 caput

2101 2087 2280 2125 meum
2337 2088 2503 2143 super
2549 2074 2805 2128 inimicos
2853 2090 3028 2131 meos.
3079 2073 3321 2130 Introibo
3359 2076 3414 2128 in
3456 2075 3677 2129 domum

2099 2170 2247 2216 tuam
2296 2164 2352 2217 in
2395 2164 2753 2220 holocaustis.
2791 2184 2810 2216 ›
2847 2163 2983 2218 Nam
3047 2167 3224 2220 sancti
3270 2165 3361 2221 Dei
3409 2174 3679 2236 martyres

2099 2263 2220 2324 post
2274 2267 2492 2326 magna,
2550 2272 2671 2326 quae
2727 2258 3134 2322 sustinuerunt,
3194 2258 3528 2319 certamina,
3578 2273 3678 2327 per

2096 2348 2276 2418 ignem
2322 2356 2376 2403 et
2430 2364 2629 2419 aquam
2677 2353 3045 2422 transgressi,
3097 2354 3152 2405 in
3196 2351 3546 2421 refrigerium
3587 2365 3677 2404 re-

2094 2441 2237 2510 cepti
2281 2449 2431 2495 sunt.
2467 2440 2672 2497 Deinde
2713 2444 2883 2513 petita
2928 2445 3019 2497 illa
3060 2445 3272 2499 caelesti
3312 2459 3375 2497 ac
3405 2459 3532 2498 vera
3576 2442 3674 2498 Dei

2094 2531 2278 2596 domo,
2313 2535 2466 2586 aiunt
2501 2552 2513 2588 :
2554 2553 2571 2584 ι
2608 2534 2923 2590 lntroiboin
2958 2536 3180 2590 domum
3218 2543 3367 2589 tuam
3413 2537 3466 2590 in
3516 2536 3673 2589 holo-

2091 2625 2318 2680 caustis.
2360 2643 2380 2676 ι
2440 2623 2637 2696 Utpote
2685 2628 2831 2681 enim
2877 2628 2969 2697 qui
3020 2644 3117 2699 per
3173 2630 3353 2699 ignem
3384 2636 3437 2681 et
3477 2642 3673 2698 aquam

2091 2713 2435 2779 transierint,
2469 2714 2789 2772 holocausta
2825 2733 2945 2784 sua,
2973 2719 3129 2788 queis
3165 2718 3487 2788 martyrium
3520 2720 3671 2787 passi

2091 2812 2219 2859 sunt
2268 2806 2440 2859 instar
2480 2806 2672 2862 hostia:
2715 2810 2826 2863 Deo
2856 2825 2958 2865 suo
2978 2810 3238 2874 offerunt,
3273 2809 3443 2863 multa
3492 2811 3575 2864 usi
3614 2811 3671 2864 in

2090 2896 2344 2965 precibus
2374 2896 2673 2953 fundendis
2707 2899 2926 2955 ﬁducia.
2960 2900 3205 2955 Orabant
3241 2902 3441 2972 quippe
3467 2910 3526 2955 ut
3548 2918 3670 2958 cer-

2091 2987 2295 3040 tamina
2332 2988 2553 3053 inirent,
2583 2990 2684 3043 hac
2726 2992 2849 3044 data
2878 2992 3268 3060 promissione,
3313 3009 3372 3047 se
3398 3009 3570 3063 usque
3600 2995 3669 3048 ad

2089 3086 2318 3133 mortem
2355 3096 2454 3151 pro
2484 3083 2685 3151 pietate
2716 3090 3044 3141 certaturos.
3084 3083 3281 3155 Utpote
3311 3101 3441 3141 vero
3459 3102 3518 3141 re
3535 3088 3673 3143 bene

2087 3182 2240 3242 gesta
2271 3188 2370 3243 pro
2401 3189 2507 3244 qua
2534 3176 2739 3245 precati
2772 3176 3010 3242 fuerant,
3037 3178 3259 3233 dicunt:

2159 3378 2325 3436 Vens.
2364 3380 2450 3447 l4,
2488 3382 2580 3436 15.
2613 3400 2631 3433 ι
2668 3381 2910 3437 Reddam
2941 3382 3041 3437 tibi
3073 3390 3199 3438 vota
3223 3398 3363 3449 mea,
3394 3401 3514 3455 qua:
3548 3387 3666 3443 dis-

2084 3473 2364 3527 tinxerunt
2404 3473 2553 3527 labia
2595 3490 2750 3529 mea:
2783 3482 2835 3530 et
2876 3474 3122 3529 locutum
3154 3482 3238 3531 est
3288 3492 3351 3531 os
3402 3493 3582 3531 meum
3610 3478 3666 3531 in

2086 3564 2437 3619 tribulatione
2487 3580 2660 3620 mea.»
2705 3565 2763 3619 In
2818 3567 2955 3636 ipsis
3013 3582 3251 3636 namque
3301 3568 3667 3622 tribulationi-

2083 3653 2209 3716 bus,
2244 3655 2310 3709 de
2333 3655 2533 3725 quibus
2567 3672 2732 3725 supra
2768 3658 3066 3712 dicebant:
3107 3676 3123 3707 ι
3158 3657 3399 3715 Posuisti
3432 3660 3668 3713 tribula-

2085 3746 2262 3801 tiones
2318 3747 2371 3800 in
2428 3749 2594 3803 dorso
2649 3757 2897 3811 nostro,»
2955 3750 3254 3818 perfectam
3287 3761 3341 3805 et
3389 3752 3659 3823 integram

2082 3854 2209 3908 erga
2242 3838 2410 3893 Deum
2440 3841 2765 3895 charitatem
2799 3842 3147 3909 exhibentes,
3181 3858 3371 3912 preces
3418 3843 3665 3900 effunde—

2084 3940 2215 3993 bant
2250 3952 2305 3993 et
2334 3939 2606 4007 promissa
2637 3940 2862 4002 dabant,
2900 3955 2958 3994 se
2988 3938 3056 3992 ad
3087 3946 3314 3994 mortem
3345 3955 3520 4009 usque
3549 3955 3667 4011 per-

2082 4039 2458 4097 severaturos,
2508 4040 2721 4087 tantum
2792 4049 2899 4088 non
2951 4035 3198 4090 dicentes
3268 4051 3393 4088 cum
3456 4034 3660 4092 Paulo:

2048 4166 2049 4169 η
2088 4143 2105 4175 ι
2130 4123 2265 4190 Quis
2288 4140 2390 4179 nos
2424 4126 2703 4195 separabit
2732 4141 2760 4179 a
2794 4127 3065 4182 charitate
3100 4127 3230 4181 Dei?
3255 4128 3558 4190 tribulatio,
3593 4144 3664 4183 an

2082 4217 2357 4286 angustia,
2387 4234 2455 4270 an
2487 4219 2819 4286 persecutio,
2858 4234 2929 4272 an
2976 4219 3172 4284 iantes,
3207 4234 3275 4273 an
3311 4219 3556 4283 nuditas,
3591 4234 3661 4272 an

2080 4310 2384 4378 periculum
2409 4311 2494 4363 7‘?
2521 4329 2540 4361 ι
2579 4318 2666 4365 et:
2700 4330 2717 4359 ι
2743 4311 2939 4366 Certus
2971 4328 3091 4367 sum
3117 4313 3283 4377 enim,
3319 4312 3463 4381 quod
3485 4327 3662 4381 neque

2080 4416 2249 4463 mors,
2293 4414 2472 4471 neque
2501 4402 2635 4466 vita,
2668 4418 2847 4470 neque
2894 4404 3204 4472 praesentia,
3243 4418 3421 4472 neque
3472 4402 3661 4454 futura

2080 4499 2335 4559 poterunt
2364 4508 2464 4547 nos
2495 4508 2754 4562 separare
2782 4510 2810 4546 a
2844 4494 3114 4548 charitate
3140 4493 3259 4557 Dei,
3309 4509 3430 4563 qua:
3474 4501 3560 4548 est
3603 4492 3659 4545 in

2076 4584 2297 4638 Christo
2326 4582 2517 4639 Jesu"
2540 4606 2585 4639 .›
2625 4586 2749 4641 llaec
2785 4603 2843 4642 se
2867 4595 2991 4641 vota
3026 4587 3135 4641 Deo
3189 4586 3497 4640 reddidisse
3554 4585 3653 4661 ait,

386 4676 447 4727 τὸ
479 4674 652 4745 στόμα
683 4672 863 4727 αὐτῶν
895 4675 954 4727 ἐν
982 4678 1047 4746 τῇ
1079 4674 1254 4745 θλίψει
1288 4676 1484 4729 αὐτῶν.
1519 4676 1627 4729 Καὶ
1655 4674 1879 4729 τοιαῦτά
1908 4691 1972 4742 γε

2090 4693 2202 4746 quae
2232 4676 2607 4731 distinxerunt
2636 4678 2781 4731 labia
2820 4694 2942 4742 sua,
2976 4686 3029 4731 et
3077 4678 3318 4731 locutum
3348 4685 3432 4732 est
3464 4691 3525 4729 os
3555 4689 3652 4729 eo-

383 4762 453 4837 ἦν
482 4786 499 4817 ι
522 4766 591 4820 τά
614 4765 1045 4837 ὁλοκαυτώματα
1063 4787 1080 4818 ι
1110 4768 1289 4821 αὐτῶν
1316 4786 1332 4818 ι
1360 4766 1765 4838 μεμυαλωμένα
1788 4787 1805 4819 ι
1842 4767 1969 4836 ἀλη-

386 4859 515 4921 θῶς.
576 4858 643 4910 Αἱ
694 4856 824 4925 γοῦν
869 4858 1040 4927 ψυχαὶ
1083 4858 1260 4911 αὐτῶν
1284 4898 1298 4921 ,
1336 4858 1597 4930 φέρουσαι
1631 4857 1691 4910 τὸ
1726 4859 1844 4909 πῖον
1876 4858 1970 4909 καὶ

382 4946 607 5004 δυνατὸν
661 4951 757 5019 τῆς
810 4950 1045 5015 πίστεως
1070 4990 1084 5013 ,
1135 4946 1286 5003 εἷπον
1333 4950 1398 5003 ἂν
1440 4950 1499 5003 τὸ
1537 4951 1594 5002 ἐν
1627 4949 1797 5020 ἑτέρῳ
1824 4948 1971 5002 λελε-

382 5043 585 5114 γμένον
608 5058 619 5071 ³
657 5061 675 5094 ι
707 5043 851 5095 Ὠσεὶ
886 5043 1106 5107 στέατος
1160 5044 1253 5095 καὶ
1282 5042 1531 5113 πιότητος
1562 5042 1902 5113 ἐμπλησθείη
1937 5044 1971 5110 ἡ

382 5134 528 5207 ψυχή
574 5152 709 5205 μου,
745 5136 839 5187 καὶ
878 5135 1030 5205 χείλη
1066 5136 1437 5205 ἀγαλλιάσεως
1465 5136 1668 5188 αἰνέσει
1706 5135 1766 5187 τὸ
1795 5136 1969 5205 στόμα

386 5241 508 5294 μου.
537 5244 556 5275 ι
586 5224 742 5277 Οὖτω
772 5223 901 5292 γοῦν
936 5244 952 5274 ι
981 5225 1385 5296 μεμυαλωμένα
1406 5246 1424 5277 ›
1452 5225 1667 5294 λέγεται
1692 5225 1759 5278 τά
1784 5227 1973 5296 εὐτρα-

384 5315 459 5384 φῆ
491 5317 584 5368 καὶ
612 5316 769 5368 πίονα
794 5318 886 5369 καὶ
913 5318 1140 5388 λιπαρά.
1161 5317 1420 5370 Τοιαῦται
1443 5316 1499 5369 δέ
1521 5317 1883 5386 τυγχάνουσιν
1912 5319 1967 5370 αί

383 5407 491 5459 τῶν
523 5407 770 5477 ἀθλητῶν
801 5409 895 5462 τοῦ
927 5410 1061 5463 Θεοῦ
1094 5411 1291 5482 ψυχαὶ,
1323 5412 1387 5463 ἐκ
1419 5410 1526 5463 τῶν
1563 5410 1721 5464 θείων
1754 5412 1846 5464 καὶ
1884 5411 1969 5464 λο-

382 5497 555 5565 γικῶν
581 5499 796 5568 τροφῶν
834 5519 851 5551 ι
878 5500 1304 5572 μεμυαλωμέναι
1325 5542 1338 5561 ,
1368 5520 1385 5551 ι
1423 5502 1516 5554 καὶ
1546 5500 1708 5573 μηδὲν
1742 5502 1967 5554 ὑποκεί-

386 5608 546 5661 μενον
572 5591 812 5662 ἔχουσαι,
843 5595 975 5665 μηδὲ
1002 5595 1241 5658 ἀσθενές
1275 5596 1354 5649 διό
1384 5613 1564 5665 φασιν·
1597 5616 1613 5647 ι
1640 5594 1969 5649 Ὀλοκαυτώ-

391 5698 539 5754 ματα
594 5684 999 5755 μεμυαλωμένα
1032 5686 1231 5740 ἀνοίσω
1254 5704 1336 5740 σοι
1372 5687 1509 5757 μετὰ
1544 5686 1904 5758 θυμιάματος.
1943 5706 1961 5738 ι

2076 4783 2199 4822 rum
2237 4769 2292 4821 in
2325 4768 2680 4823 tribulatione
2714 4771 2980 4839 ip‘sorum.
3024 4769 3089 4822 Et
3121 4771 3236 4824 haec
3284 4786 3413 4826 vere
3463 4786 3655 4827 eorum

2084 4878 2102 4911 ι
2142 4860 2466 4914 holocausta
2519 4860 2837 4915 medullata.
2873 4880 2891 4911 ι
2936 4860 3145 4915 Anima:
3180 4862 3364 4930 itaque
3409 4861 3655 4932 ipsorum

2081 4950 2295 5020 adipem
2343 4965 2408 5004 ac
2458 4949 2718 5005 virtutem
2770 4951 2895 5005 lidei
2934 4950 3193 5018 ferentes,
3240 4952 3373 5006 illud
3412 4952 3654 5008 dixerint

2082 5046 2190 5100 alio
2230 5048 2303 5099 in’
2324 5046 2538 5115 psalmo
2581 5046 2855 5115 positum:
2895 5045 3085 5099 «Sicut
3133 5045 3291 5116 adipe
3322 5054 3378 5100 et
3426 5048 3653 5118 pingue-

2076 5136 2203 5190 dine
2252 5136 2531 5206 repleatur
2564 5137 2749 5191 anima
2780 5154 2919 5202 mea,
2974 5146 3028 5193 et
3077 5138 3237 5193 labiis
3269 5140 3652 5195 exsultationis

2073 5228 2315 5282 laudabit
2359 5243 2422 5283 os
2452 5229 2741 5283 meum’h
2792 5228 2883 5285 Sic
2911 5245 3040 5301 ergo
3071 5230 3461 5293 crassitudine,
3492 5232 3651 5301 adipe

2073 5328 2126 5372 et
2166 5319 2494 5389 pinguedine
2535 5321 2761 5389 referta,
2813 5341 2830 5373 ‹
2854 5322 3149 5377 medullata
3176 5342 3193 5374 ι
3229 5323 3508 5378 dicuntur.
3545 5322 3650 5376 Ta-

2074 5412 2152 5464 les
2202 5426 2368 5481 porro
2416 5420 2547 5467 sunt
2594 5414 2925 5469 athletarum
2962 5415 3054 5469 Dei
3105 5415 3319 5478 animae,
3365 5415 3567 5469 divinis
3593 5422 3648 5468 et

2070 5505 2489 5561 rationabilihus
2536 5507 2674 5562 cibis
2711 5527 2728 5558 ι
2756 5508 3085 5572 medullatze,
3125 5526 3143 5559 ι
3184 5507 3315 5561 nihil
3348 5507 3641 5576 abiectum,

2067 5597 2345 5651 infirmum
2397 5598 2532 5653 nihil
2575 5599 2841 5655 habentes
2884 5620 2896 5653 :
2951 5615 3123 5670 quare
3180 5599 3405 5654 dicunt:
3434 5596 3644 5652 «Holo-

2070 5699 2263 5745 causta
2298 5692 2594 5747 medullata
2648 5692 2870 5748 offeram
2917 5693 3020 5749 tibi
3051 5707 3174 5749 cum
3210 5693 3488 5749 incenso.»
3546 5689 3640 5748 ln-

456 5840 503 5872 "°
532 5840 680 5895 Psal.
721 5857 869 5908 xxvr,
898 5842 949 5897 6.
1026 5844 1066 5873 ⁷¹
1100 5839 1259 5898 Rom.
1296 5859 1411 5909 vm,
1445 5841 1529 5898 55.
1610 5845 1655 5876 ⁷²
1690 5844 1827 5899 Ibid.
1865 5844 1952 5899 58.
2025 5844 2069 5874 ⁷³
2101 5841 2243 5899 Psal.
2274 5858 2411 5910 Lxu,
2437 5844 2490 5897 6.
