4068 6526
507 335 615 396 ϐὗἸ

1199 343 1469 399 EUSEBII
1500 338 1985 397 CESARIENSIS
2023 338 2173 396 OPP.
2210 338 2389 395 PARS
2415 340 2504 398 111.
2553 371 2622 381 -—
2650 338 3057 395 EXEGETICA.

3675 338 3781 392 668

512 482 595 522 cel
617 481 739 523 sum
782 483 912 521 vero
943 464 1075 520 illud
1119 463 1393 533 intelligas
1448 477 1515 515 ex
1553 461 1657 515 hoc
1688 460 1875 515 dicto:
1923 477 1942 511 ι
1972 458 2085 514 Fiat

2192 459 2426 529 Νοήσεις
2447 458 2503 511 δὲ
2527 457 2621 512 καὶ
2651 457 2711 510 τὸ
2743 456 2994 527 θυμίαμα
3018 454 3125 507 ἀπὸ
3150 453 3250 524 τῆς
3273 451 3538 524 λεγούσης
3559 455 3743 523 φωνῆς
3760 472 3775 487 ·

512 560 691 612 oratio
743 572 862 626 mea
916 556 1062 612 sicut
1108 557 1397 609 incensum
1447 551 1504 606 in
1544 560 1840 621 conspectu
1877 550 2085 606 tuo“.i

514 649 607 703 liae
638 650 807 719 igitur
834 648 1051 709 animm,
1105 644 1379 715 spirituali
1428 645 1552 714 igne
1610 635 1878 723 purgatae,
1936 643 2092 697 bolo-

511 750 704 803 causta
762 739 955 795 fuere:
1009 738 1122 792 sive
1169 734 1522 791 sacerdotum
1564 732 1743 789 instar
1791 732 1924 804 ipsa:
1965 747 2090 789 cor-

511 853 643 908 pora
677 849 800 899 sua,
850 838 1040 901 utpote
1070 828 1194 899 igne
1221 834 1629 888 consummata,
1663 825 1720 879 in
1768 824 2090 880 holocausta

507 928 850 984 obtulerunt.
905 923 1195 979 Orationes
1226 927 1410 975 autem
1442 918 1690 988 ipsarum
1724 918 2087 988 thymiamata

512 1021 742 1075 fuerint.
800 1016 1073 1084 Quoniam
1130 1029 1263 1068 vero
1314 1012 1538 1076 arietes,
1593 1011 1760 1066 boves
1801 1021 1856 1066 et
1905 1011 2090 1065 hircos

508 1112 792 1164 oblaturas
833 1124 892 1163 se
927 1107 1279 1177 pollicentur,
1309 1111 1489 1157 tecum
1524 1110 1746 1171 reputes
1776 1101 1941 1156 velim
1966 1102 2082 1156 haec

507 1200 627 1269 ipsa
694 1213 759 1252 ex
821 1197 1195 1267 apostolorum
1260 1191 1571 1247 Servatoris
1645 1204 1882 1261 persona
1940 1191 2089 1247 dicta

505 1291 698 1354 fuisse,
734 1303 943 1359 perque
978 1288 1187 1351 hircos,
1220 1287 1390 1341 bo'ves
1459 1292 1515 1339 et
1576 1284 1778 1339 arietes
1816 1299 1935 1345 eos,
1993 1284 2086 1354 qui

505 1400 610 1439 suo
662 1382 1037 1453 apostolorum
1094 1380 1263 1434 ductu
1307 1378 1549 1441 fuerunt,
1604 1376 1899 1446 intelligas.
1952 1374 2087 1429 Nam

506 1477 685 1545 primo
714 1475 820 1546 ipsi
857 1482 1129 1545 martyres
1182 1471 1279 1526 Dei
1326 1471 1515 1536 fuere;
1573 1470 1771 1525 deinde
1804 1470 1947 1525 alios
2001 1471 2085 1524 sui

506 1561 755 1616 inﬁnitos
813 1561 1123 1615 imitatores
1171 1566 1226 1614 et
1279 1559 1509 1614 aemulos
1558 1559 1896 1623 excitarunt,
1946 1573 2086 1628 quos

505 1655 665 1726 quasi
696 1656 969 1710 culturam
996 1669 1152 1709 suam
1184 1653 1296 1709 Deo
1325 1652 1583 1709 offerunt.
1617 1653 1833 1709 Arietes
1857 1653 2084 1719 dixeris,

509 1746 787 1815 principes
832 1744 1227 1808 Ecclesiarum,
1271 1745 1340 1801 de
1392 1744 1597 1814 quibus
1640 1742 1697 1797 in
1754 1741 2086 1813 praecedenti

508 1839 719 1909 psalmo
739 1837 1054 1892 dicebatur:
1096 1855 1114 1887 ι
1146 1836 1320 1891 lnduti
1355 1844 1483 1891 sunt
1524 1837 1727 1890 arietes
1760 1834 2040 1889 ovium":
2063 1852 2080 1886 ι
2120 1827 2162 1882 Β

505 1945 646 1999 quos
678 1929 827 1984 velut
861 1943 1085 1999 gregum
1116 1926 1286 1982 duces
1315 1927 1417 1996 ipsi
1444 1927 1887 1992 constituerunt;
1922 1925 2090 1980 boves

506 2030 711 2085 autem,
757 2022 970 2076 animas
1011 2021 1067 2074 in
1107 2019 1371 2074 armentis
1404 2018 1668 2075 Ecclesia:
1711 2019 2087 2084 constitutas;

505 2114 709 2169 etenim
746 2132 763 2164 ι
790 2113 870 2167 An
905 2112 973 2169 de
1021 2113 1217 2174 bobus,
1256 2112 1452 2181 inquit.
1506 2126 1640 2165 cura
1690 2117 1776 2165 est
1806 2109 1915 2165 Deo
1960 2109 2084 2164 πῖ»

508 2206 605 2260 sed
642 2207 708 2261 de
742 2207 905 2261 nobis
953 2221 1183 2276 prorsus
1226 2206 1486 2275 loquitur.
1538 2202 1859 2258 Hirci‘vero
1885 2201 2089 2257 fuerint

508 2299 545 2352 ii
587 2299 681 2370 qui
709 2314 899 2353 recens
929 2298 1067 2361 nati,
1092 2306 1145 2353 et
1181 2299 1439 2367 procella:
1482 2311 1730 2367 tempore
1788 2296 1896 2349 orti
1950 2297 2084 2352 sint.

507 2390 695 2467 Quare
718 2391 1023 2445 secundum
1050 2391 1295 2460 reliquos
1316 2390 1671 2459 interpretes,
1703 2408 1721 2438 ‹
1745 2397 1800 2443 et
1825 2389 2082 2454 deserti,»

508 2491 696 2554 utpote
743 2483 836 2555 qui
889 2484 1333 2555 persecutionem
1402 2481 1718 2551 eﬂ'ugerint,
1792 2491 2082 2535 vocantur.

509 2577 575 2632 Et
603 2577 704 2633 bos
750 2579 935 2649 itaque
968 2576 1130 2647 quasi
1158 2576 1403 2630 novellos
1432 2584 1486 2630 et
1533 2575 1602 2629 ab
1649 2590 1708 2629 se
1747 2574 1946 2629 ductos
1977 2574 2087 2628 Deo

505 2669 763 2736 oﬂ‘crunt,
798 2652 1099 2738 gloriantes
1131 2667 1332 2737 singuli
1361 2666 1427 2721 de
1458 2666 1526 2721 iis
1546 2681 1688 2737 quos
1709 2667 2080 2720 adduxerunt.

506 2761 633 2816 llaec
667 2763 850 2833 itaque
881 2777 911 2816 a
941 2761 1104 2816 nobis
1136 2760 1301 2815 modo
1340 2760 1638 2830 spirituali,
1682 2769 1736 2814 et
1770 2758 2081 2812 divinarum

506 2852 922 2924 Scripturarum
970 2852 1259 2923 promissis
1305 2858 1700 2915 consentanea,
1734 2850 2083 2905 considerata

506 2953 658 3000 sunt.
718 2943 784 2997 Et
833 2958 967 2999 sane
1014 2958 1111 3013 par
1153 2950 1238 2999 est
1296 2943 1413 2997 haec
1454 2957 1577 3012 qua;
1620 2940 1735 3010 jam
1779 2949 2084 2995 tractamus

507 3038 667 3091 verba
714 3038 796 3091 sic
825 3036 1151 3107 intelligere,
1187 3036 1368 3107 potius
1397 3048 1562 3102 quam
1605 3032 1929 3087 Judmorum
1965 3033 2084 3086 ine-

506 3142 627 3204 ptas
667 3133 793 3189 illas
822 3132 1039 3187 fabulas
1070 3132 1449 3195 admittamus,
1481 3130 1651 3184 Deum
1684 3127 1898 3184 scilicet
1926 3126 2082 3179 holo-

507 3226 738 3288 caustis,
794 3224 1172 3295 thymiamatis
1246 3238 1468 3278 sensum
1544 3219 1913 3281 moventibus,
1990 3225 2083 3270 aut

507 3317 765 3377 arietum,
822 3316 986 3370 boum
1041 3322 1096 3370 et
1149 3314 1430 3368 hircorum
1481 3312 1749 3383 sanguine
1801 3310 2082 3365 delectari.

506 3406 638 3472 Quae
669 3420 801 3461 sane
835 3405 1019 3459 omnia
1066 3421 1163 3475 per
1211 3406 1535 3475 prophetam
1590 3406 1707 3475 ipse
1752 3406 1894 3462 Deus
1921 3422 2085 3476 repu-

506 3499 616 3554 diat
647 3498 732 3552 his
781 3498 1002 3554 verbis:
1042 3516 1061 3549 ι
1087 3497 1228 3564 Quid
1262 3499 1394 3552 mihi
1430 3498 1837 3553 multitudinem
1872 3499 2085 3553 sacrifi-

505 3593 716 3646 ciorum
743 3598 1071 3655 vestrurum,
1101 3591 1233 3646 dicit
1267 3590 1569 3647 Dominus:
1604 3592 1799 3662 plenus
1828 3606 1948 3647 sum
1985 3591 2087 3645 ho-

505 3681 767 3737 locaustis
808 3681 1069 3746 arietum,
1116 3689 1173 3738 et
1231 3682 1451 3753 adipem
1504 3697 1794 3753 agnorum,
1858 3682 2084 3753 sangui-

503 3791 734 3845 nemque
784 3786 1068 3830 taurorum
1115 3783 1169 3830 et
1212 3774 1495 3831 hircorum
1546 3776 1693 3830 nolo.
1755 3774 1892 3840 Quis
1936 3775 2083 3829 enim

506 3870 624 3926 haec
662 3872 950 3941 requisivit
999 3870 1067 3925 de
1118 3872 1373 3927 manibus
1427 3875 1630 3929 vestris
1653 3873 1791 3926 "2i
1845 3872 1912 3926 Et
1946 3874 2085 3929 alias

507 3965 624 4018 haec
657 3965 937 4018 contraria
978 3964 1185 4019 fuerint
1228 3965 1297 4019 iis
1333 3980 1457 4034 quae
1501 3966 1655 4034 prius
1698 3966 1909 4035 psalmo
1956 3980 2085 4019 χιιι

502 4057 650 4109 dicta
695 4064 843 4119 sunt,
878 4057 972 4110 ubi
1025 4072 1091 4111 ex
1131 4071 1365 4127 persona
1421 4056 1512 4111 Dei
1577 4056 1784 4111 fertur:
1831 4054 1997 4109 «Non
2029 4057 2084 4109 in

505 4148 795 4203 sacrificiis
824 4149 934 4204 tuis
965 4164 1191 4219 arguam
1226 4157 1281 4204 te
1303 4150 1390 4209 ης,
1424 4168 1442 4200 ι
1481 4156 1569 4204 et:
1610 4168 1629 4200 (
1660 4148 1780 4202 Non
1819 4149 2084 4218 accipiam

503 4237 574 4291 de
604 4238 768 4291 domo
799 4246 889 4292 tua
926 4239 1149 4302 vitulos,
1197 4254 1375 4309 neque
1407 4239 1474 4293 de
1513 4240 1773 4310 gregibus
1814 4241 1923 4295 tuis
1965 4239 2085 4293 hir-

505 4346 621 4384 cos.
664 4329 932 4396 Quoniam
957 4346 1090 4386 mea:
1116 4340 1245 4386 sunt
1277 4347 1469 4386 omnes
1499 4331 1627 4386 ferae
1675 4333 1961 4393 silvarum,
1992 4331 2085 4401 ju-

506 4430 688 4476 menta
724 4422 778 4476 in
811 4422 1094 4477 montibus
1145 4431 1199 4477 et
1230 4421 1492 4488 boves”;
1530 4440 1549 4473 ι
1586 4421 1691 4475 sub
1724 4420 1839 4476 hac
1867 4430 2081 4477 autem:

2200 571 2219 604 ι
2243 551 2531 622 Γενηθήτω
2547 554 2578 623 ἠ
2600 552 2875 623 προσευχή
2905 567 3006 621 μου
3027 549 3101 612 ὼς
3117 546 3363 618 θυμίαμα
3380 545 3613 599 ἐνώπιόν
3628 564 3741 599 σου.
3757 566 3774 596 ι

2234 640 2360 699 ῦται
2387 644 2485 715 μὲν
2508 640 2600 696 οὖν
2622 644 2678 697 αἱ
2706 642 2896 714 ψυχαὶ,
2926 641 3003 713 τῷ
3030 638 3383 710 πνευματικῷ
3406 640 3543 711 πυρὶ
3568 640 3778 711 καθαρ-

2193 737 2411 797 θεῖσαι,
2461 733 2887 806 ὁλοκαυτώματα
2927 734 3215 803 γεγόνασιν
3237 772 3253 797 ,
3301 732 3334 804 ἥ
3377 732 3535 803 δίκην
3567 733 3780 804 ἱερείων

2191 820 2352 881 αὗται
2368 826 2435 879 τὰ
2452 824 2659 879 ἑαυτῶν
2684 824 2924 896 ὀνόματα
2940 824 2984 893 (Ι
3000 822 3040 893 ),
3064 822 3141 886 ὡς
3162 822 3229 876 ἂν
3248 822 3335 875 διὰ
3364 821 3535 894 πυρὸς
3561 822 3781 875 τελειω-

2191 918 2373 983 θέντα,
2400 916 2825 989 ὁλοκαυτώματα
2855 915 3319 988 προσηνέγκαντο.
3363 916 3428 967 Al
3458 914 3513 967 δὲ
3543 932 3779 985 προσευ-

2192 1012 2284 1084 χαὶ
2311 1011 2491 1066 αὐτῶν
2518 1008 2626 1065 εἷεν
2655 1009 2721 1065 ἂν
2744 1009 2812 1064 τά
2834 1009 3174 1081 θυμιάματα.
3222 1009 3377 1063 Ἐπεὶ
3398 1009 3454 1062 δὲ
3475 1011 3661 1081 κριοὺς
3682 1011 3781 1063 καὶ

2193 1104 2320 1176 βόας
2358 1104 2497 1175 μετὰ
2533 1105 2784 1176 χιμάρων
2822 1103 3053 1156 ἀνοίσειν
3075 1101 3518 1171 ἐπαγγέλλονται,
3551 1103 3783 1174 ἐπιστή-

2192 1213 2306 1260 σεις
2344 1197 2493 1259 ὅπως
2523 1196 2739 1267 εἴρηται
2772 1196 2865 1249 καὶ
2892 1195 3065 1248 ταῦτα
3088 1196 3151 1247 ὲκ
3187 1190 3480 1265 προσώπου
3510 1195 3616 1247 τῶν
3638 1196 3778 1247 ἁπο-

2192 1284 2394 1338 στόλων
2418 1284 2511 1338 τοῦ
2557 1284 2807 1356 Σωτῆρος
2833 1324 2847 1347 ,
2894 1283 3020 1350 τοὺς
3063 1283 3154 1337 ὑπ’
3180 1283 3358 1336 αὐτῶν
3396 1284 3781 1355 προηγμένους

2189 1378 2457 1450 χιμάρους
2491 1378 2586 1432 καὶ
2633 1377 2763 1448 βόας
2796 1378 2888 1432 καὶ
2930 1378 3118 1448 κριοὺς
3161 1378 3379 1448 νοήσας.
3431 1376 3644 1448 Πρῶτοι
3679 1377 3782 1448 μὲν

2188 1474 2297 1544 γὰρ
2332 1473 2605 1544 μάρτυρες
2632 1472 2787 1524 αὐτοὶ
2822 1471 2914 1524 τοῦ
2944 1470 3080 1524 Θεοῦ
3113 1472 3401 1541 γεγόνασιν
3420 1488 3434 1502 ’
3459 1468 3579 1525 εἶτα
3607 1489 3781 1543 μιμη-

2188 1567 2287 1631 τάς
2320 1565 2529 1619 ἑαυτῶν
2550 1556 2645 1619 καὶ
2668 1564 2914 1635 ζηλωτὰς
2945 1564 3169 1635 μυρίους
3195 1564 3385 1625 ἄλλους
3417 1566 3783 1635 κατεστήσανι

2188 1675 2249 1711 το
2270 1699 2284 1721 ,
2317 1656 2410 1733 οὒς
2438 1657 2627 1729 ὥσπερ
2657 1659 2833 1709 οἰκεῖα
2859 1656 3101 1727 γεώργια
3127 1654 3205 1725 τῷ
3236 1654 3354 1725 Θεῷ
3384 1656 3777 1727 προσφέρουσι.

2188 1750 2393 1821 Κριοὺς
2422 1749 2519 1819 μὲν
2550 1749 2676 1811 τοὺς
2710 1748 2977 1817 ἄρχοντας
3006 1745 3115 1798 τῶν
3144 1744 3498 1815 Ἐκκλησιῶν,
3543 1745 3670 1814 περὶ
3701 1738 3778 1796 ὧν

2191 1843 2282 1895 καὶ
2312 1843 2368 1894 ὲν
2393 1839 2472 1910 τῷ
2504 1839 2610 1910 πρὸ
2645 1838 2835 1891 τούτου
2868 1836 3068 1908 ψαλμῷ
3100 1837 3315 1905 ἐλέγετο
3336 1854 3351 1869 ·
3391 1857 3407 1888 ι
3431 1836 3780 1889 Ἐνεδύσαντο

2190 1935 2240 1986 οί
2264 1933 2410 2004 κριοὶ
2422 1930 2530 1985 τῶν
2548 1930 2836 2002 προϐάτων
2854 1948 2866 1960 ·
2890 1951 2909 1984 ι
2932 1929 3023 1994 οὓς
3045 1929 3232 2002 ῶσπερ
3255 1930 3517 2000 ποιμνίων
3535 1930 3778 1999 ἡγουμέ-

2189 2044 2312 2089 νους
2340 2024 2493 2080 αὐτοὶ¹
2522 2022 2862 2094 κατέστησαν
2889 2040 2903 2054 ο
2959 2023 3088 2095 βόας
3114 2023 3169 2076 δὲ
3212 2022 3309 2086 τὰς
3352 2023 3410 2075 ὲν
3442 2025 3507 2093 τῇ
3549 2022 3750 2093 Ἐκκλη

2191 2119 2282 2188 σίᾳ
2306 2117 2711 2189 ἁγελαζομένας
2729 2116 2905 2187 ψυχάς
2926 2133 2940 2148 ο
2975 2135 2993 2168 ι
3013 2116 3103 2188 Μὴ
3130 2116 3237 2189 γὰρ
3281 2117 3389 2170 τῶν
3426 2115 3592 2185 βοῶν,
3620 2116 3776 2186 φησὶ,

2192 2210 2343 2282 μέλει
2389 2210 2468 2281 τῷ
2509 2208 2664 2280 Θεῷ;
2700 2230 2718 2260 ι
2757 2209 2790 2281 ἢ
2825 2209 2891 2262 δι’
2923 2210 3070 2280 ἡμᾶς
3099 2209 3315 2273 πάντως
3343 2208 3523 2277 λέγει·
3551 2209 3780 2291 χίμαροι

2186 2300 2243 2353 δὲ
2277 2302 2325 2353 οἱ
2352 2302 2657 2373 ἀρτιγενεῖς
2688 2301 2783 2354 καὶ
2813 2300 2891 2371 τῷ
2921 2299 3096 2371 καιρῷ
3123 2298 3217 2352 τοῦ
3248 2299 3513 2370 χειμῶνος
3543 2316 3778 2370 γεγενη-

2190 2393 2339 2464 μένοι
2390 2389 2499 2446 είεν
2544 2393 2610 2447 ἄν
2711 2393 2801 2446 Διὸ
2832 2393 2973 2447 κατὰ
3004 2395 3128 2456 τοὺς
3158 2392 3379 2457 λοιποὺς
3414 2393 3776 2465 ἐρμηνευτάς,

2192 2503 2211 2535 ι
2236 2486 2330 2538 καὶ
2345 2484 2544 2557 ἔρημοι
2562 2526 2576 2551 ,
2602 2504 2621 2537 ι
2644 2486 2721 2549 ὡς
2741 2485 2830 2538 τὸν
2848 2485 2942 2538 τοῦ
2959 2485 3197 2555 διωγμοῦ
3218 2485 3405 2556 καιρὸν
3421 2486 3776 2553 ἐκφυγόντες,

2184 2579 2603 2652 ὠνομάσθησαν.
2638 2581 2750 2633 Kal
2774 2578 2996 2642 τούτους
3021 2576 3308 2651 τοιγαροῦν
3335 2578 3409 2641 ὡς
3436 2578 3501 2631 ἂν
3523 2577 3775 2646 νεογνοὺς

2185 2671 2278 2724 καὶ
2325 2672 2416 2724 ὑπ’
2449 2670 2629 2726 αὐτῶν
2656 2671 3037 2743 προηγμένους
3082 2668 3160 2739 τῷ
3203 2668 3322 2741 Θεῷ
3374 2668 3741 2739 προσάγουσιν

2184 2763 2415 2828 ἕκαστος
2457 2765 2542 2834 ἐφ’
2575 2758 2658 2829 οἷς
2702 2763 3047 2834 προηγάγετο
3096 2762 3511 2833 σεμνυνόμενος.
3588 2761 3774 2814 Ταῦτα

2187 2858 2287 2929 μὲν
2313 2853 2406 2910 οὖν
2429 2855 2815 2927 πνευματικῶς
2841 2855 2933 2909 καὶ
2957 2856 3274 2926 πρεπόντως
3296 2857 3359 2925 τῇ
3387 2854 3496 2907 τῶν
3519 2855 3678 2907 θεοπν
3690 2854 3775 2907 τύ-

2186 2968 2324 3004 στων
2338 2949 2566 3021 Γραφῶν
2590 2948 2892 3019 ἐπαγγελίᾳ
2916 2948 3249 3019 τεθεώρηται
3272 2951 3422 3017 ἡμῖν.
3446 2950 3553 3000 Kal.
3574 2949 3774 3020 πρέπει

2184 3060 2245 3112 γε
2275 3044 2443 3106 ὅντως
2474 3041 2693 3095 ἀκούειν
2719 3041 2829 3094 τῶν
2857 3040 3253 3112 προκειμένων,
3281 3040 3312 3111 ἢ
3341 3040 3481 3093 κατὰ
3507 3040 3605 3102 τάς
3642 3041 3775 3094 Ἰου-

2185 3134 2349 3194 δαίων
2370 3133 2630 3195 ταπεινὰς
2664 3133 2987 3204 μυθολογίας
3009 3132 3422 3203 όλοκαυτώμασι
3450 3134 3659 3203 χαίρειν
3682 3134 3773 3185 τὸν

2186 3227 2339 3290 Θεὸν,
2372 3227 2405 3299 ἢ
2438 3225 2776 3297 θυμιάμασιν
2806 3225 3103 3296 αἰσθητοῖς,
3134 3226 3166 3297 ἢ
3202 3226 3371 3296 κριῶν
3395 3228 3488 3278 καὶ
3517 3225 3655 3296 βοῶν
3678 3227 3774 3279 καὶ

2186 3316 2439 3388 χιμάρων
2470 3316 2697 3386 αῖμασιν
2732 3315 3121 3368 ὑπονοούντων.
3165 3316 3230 3366 "A
3257 3314 3321 3385 δὴ
3353 3314 3531 3368 πάντα
3562 3315 3651 3367 διά
3673 3314 3773 3369 τοῦ

2187 3407 2467 3477 προφήτου
2500 3406 2662 3468 αὐτὸς
2694 3407 2721 3459 ὁ
2749 3404 2879 3469 Θεὸς
2915 3406 3262 3473 παραιτεῖται
3296 3403 3467 3472 λέγων
3487 3419 3500 3433 ο
3553 3422 3570 3453 ι
3594 3403 3658 3455 Τί
3684 3422 3775 3473 μοι

2186 3497 2393 3568 πλῆθος
2411 3496 2519 3551 τῶν
2552 3497 2754 3552 θυσιῶν
2779 3499 2966 3569 ὑμῶν;
3000 3497 3145 3567 λέγει
3166 3497 3396 3569 Κύριος·
3426 3496 3638 3568 πλήρης
3659 3497 3777 3566 είμὶ

2185 3590 2653 3663 ὁλοκαυτωμάτων
2683 3590 2880 3660 κριῶν,
2915 3593 3006 3645 καὶ
3041 3592 3204 3662 στέαρ
3235 3588 3413 3661 ἀρνῶν
3436 3591 3529 3643 καὶ
3562 3590 3777 3659 αἵματα

2186 3682 2402 3753 ταύρων
2430 3683 2526 3736 καὶ
2552 3684 2768 3756 τράγων
2791 3684 2851 3736 οὐ
2886 3683 3165 3754 βούλομαι,
3217 3682 3311 3745 Τίς
3328 3681 3447 3753 ,γάρ
3478 3670 3778 3751 ἐξεζήτησε

2187 3776 2356 3830 ταῦτα
2373 3779 2437 3831 ὲκ
2457 3778 2563 3831 τῶν
2586 3777 2785 3849 χειρῶν
2808 3776 2962 3847 ὑμῶν
2982 3794 3027 3839 ;i
3051 3778 3159 3831 Kal.
3183 3776 3357 3839 ἄλλως
3378 3778 3429 3844 γ’
3446 3774 3510 3828 ἂν
3537 3775 3621 3844 εἴη
3642 3775 3779 3828 ταῦ-

2186 3887 2254 3922 τα
2283 3870 2504 3923 ἐναντία
2532 3874 2643 3933 τοῖς
2676 3868 2985 3940 ἔμπροσθεν
3019 3868 3160 3923 κατὰ
3186 3869 3276 3921 τὸν
3314 3867 3407 3939 μθ¹
3441 3868 3651 3938 ψαλμὸν
3685 3867 3776 3920 λε-

2186 3960 2488 4029 λεγμένοις,
2511 3962 2569 4013 ὲν
2591 3954 2671 4024 οἷς
2691 3961 2755 4012 ἐκ
2776 3959 3067 4030 προσώπου
3092 3960 3183 4014 τοῦ
3204 3959 3338 4013 Θεοῦ
3362 3960 3603 4028 ἐλέγετο*
3627 3980 3643 4009 ι
3657 3959 3774 4014 Οὐκ

2186 4051 2280 4104 ἐπὶ
2307 4054 2427 4115 ταῖς
2460 4050 2670 4114 θυσίαις
2693 4069 2787 4106 σου
2820 4051 3022 4121 ἐλέγξω
3048 4070 3108 4105 σε
3127 4068 3141 4082 ·
3171 4072 3188 4103 ι
3221 4053 3348 4105 καί·
3380 4071 3399 4103 ι
3424 4054 3497 4106 Οὐ
3530 4051 3775 4123 λήψομαι

2186 4145 2251 4197 ὲκ
2280 4143 2373 4196 τοῦ
2406 4142 2554 4197 οἴκου
2581 4161 2672 4197 σου
2700 4144 2965 4216 μόσχους,
2998 4145 3119 4198 οὐδὲ
3146 4146 3211 4198 ὲκ
3244 4145 3349 4197 τῶν
3373 4144 3636 4215 ποιμνίων
3676 4162 3772 4198 σου

2186 4236 2483 4308 χιμάρους’
2516 4236 2597 4289 ὅτι
2629 4236 2739 4306 ἐμά
2765 4238 2882 4289 ἐστι
2913 4236 3091 4290 πάντα
3127 4236 3195 4289 τά
3227 4234 3393 4308 θηρία
3415 4235 3509 4289 τοῦ
3538 4235 3770 4308 δρυμοῦ,

2189 4329 2359 4399 κτήνη
2391 4330 2449 4381 ὲν
2474 4330 2585 4391 τοῖς
2614 4328 2765 4399 ὄρεσι
2797 4328 2893 4383 καὶ
2921 4330 3043 4399 βόες
3061 4347 3073 4359 ·
3098 4348 3114 4381 ι
3172 4329 3265 4382 καὶ
3296 4328 3423 4399 ἑξῆς
3447 4345 3459 4357 ·
3500 4346 3519 4379 ι
3540 4328 3632 4398 Μὴ
3668 4328 3775 4397 φά-

2186 4437 2354 4491 γομαι
2380 4420 2517 4492 κρέα
2537 4420 2771 4492 ταύρων,
2798 4422 2830 4493 ἢ
2856 4419 2992 4493 αἷμα
3015 4422 3183 4492 κριῶν
3210 4422 3436 4493 πίομαι;
3462 4442 3478 4473 ι
3513 4421 3636 4485 Πῶς
3659 4420 3771 4492 γάρ

510 4535 530 4568 c
567 4514 822 4586 Nunquid
854 4514 1197 4569 manducabo
1225 4529 1421 4568 carnes
1456 4522 1764 4576 taurorum,
1816 4522 1911 4567 aut
1954 4529 2085 4568 san-

2189 4511 2416 4575 έκείνοις
2445 4510 2710 4582 σύμφωνα
2747 4512 2813 4567 ἂν
2843 4513 2929 4583 εἴη
2954 4515 3023 4566 τά
3048 4514 3122 4577 ὡς
3152 4514 3279 4585 περὶ
3305 4514 3773 4584 ὁλοκαυτωμάτων

503 4604 721 4675 guinem
747 4603 1024 4658 hircorum
1043 4603 1341 4673 potabo"?
1365 4622 1382 4655 ι
1414 4603 1516 4669 Qui
1547 4602 1693 4657 enim
1740 4603 1848 4660 illis
1883 4619 2082 4660 conso-

502 4704 636 4751 nent
675 4712 798 4766 quze
826 4696 893 4751 de
918 4696 1277 4759 holocaustis,
1307 4697 1592 4757 arietibus,
1622 4696 1799 4752 bobus
1823 4703 1877 4751 et
1908 4695 2079 4753 hircis

506 4783 595 4837 hic
637 4785 972 4840 traduntur?
1011 4784 1075 4840 Et
1105 4801 1238 4841 sane
1286 4788 1401 4856 ipse
1439 4786 1606 4840 David
1654 4788 1910 4857 superius
1940 4804 2071 4841 con—

504 4876 707 4929 fitendo
737 4878 949 4932 dixerat
974 4898 987 4933 :
1024 4897 1043 4929 ι
1069 4879 1339 4945 Quoniam
1365 4880 1409 4934 si
1432 4880 1704 4935 voluisses
1727 4880 2080 4944 sacrificium,

503 4966 778 5021 dedissem
808 4971 1019 5039 utique,
1050 4970 1388 5027 holocaustis
1431 4987 1541 5025 non
1567 4971 1987 5027 delectaberis‘"
2015 4990 2030 5038 ;
2056 4992 2073 5024 ι

504 5069 559 5115 et
590 5058 645 5112 in
676 5061 783 5113 alio
824 5062 1020 5116 iterum
1047 5082 1059 5117 :
1101 5081 1119 5113 ι
1148 5062 1497 5118 Sacrificium
1528 5074 1583 5120 et
1614 5066 1952 5121 oblationem
1987 5082 2080 5120 no-

503 5149 679 5212 luisti,
713 5165 916 5221 corpus
945 5158 1128 5206 autem
1182 5155 1385 5223 aptasti
1435 5155 1591 5210 mihi.
1646 5155 1978 5213 Holocausta
2024 5166 2079 5212 et

502 5257 605 5313 pro
635 5249 861 5312 peccato
909 5258 1017 5297 non
1049 5252 1200 5313 grata
1236 5246 1475 5303 habuisti
1500 5249 1599 5301 θ’.»

575 5332 742 5389 Vsus.
768 5332 955 5389 16-20.
995 5352 1013 5387 ι
1044 5333 1259 5401 Venite,
1300 5338 1486 5395 audite
1511 5349 1567 5393 et
1597 5342 1856 5405 narrabo,
1886 5357 2081 5397 omnes

501 5425 598 5496 qui
628 5426 833 5482 timetis
864 5426 1054 5492 Deum,
1083 5437 1287 5498 quanta
1315 5428 1441 5484 fecit
1466 5432 1660 5486 anima:
1691 5448 1875 5488 meas.»
1908 5432 2075 5489 Iidem

503 5520 766 5591 superius
828 5518 1111 5575 dicebant:
1157 5518 1392 5577 «Venite
1438 5530 1494 5578 et
1549 5523 1728 5580 videte
1765 5540 1931 5595 opera
1956 5524 2075 5589 Dei,

2188 4604 2282 4655 καὶ
2309 4602 2478 4674 κριῶν
2504 4603 2598 4656 καὶ
2622 4602 2759 4674 βοῶν
2790 4609 2882 4659 καὶ
2906 4606 3154 4677 χιμάρων
3173 4606 3408 4661 ἐνταῦθα
3433 4607 3763 4677 λελεγμένα;

2186 4696 2297 4747 Kal.
2332 4694 2436 4767 μὴν
2468 4695 2630 4758 αὐτὸς
2667 4698 2696 4751 ὁ
2723 4698 2886 4751 Δαυῖδ
2913 4699 2999 4751 διὰ
3040 4699 3147 4751 τῶν
3183 4697 3491 4769 ἔμπροσθεν
3518 4698 3769 4769 ἐξομολο-

2184 4788 2447 4858 γούμενος
2473 4786 2656 4856 ἔλεγεν
2680 4805 2693 4817 ο
2737 4808 2756 4841 ι
2783 4791 2923 4853 Ὅτι,
2956 4795 3003 4845 εἰ
3034 4792 3302 4864 ἠθέλησας
3333 4792 3519 4845 θυσίαν
3544 4832 3559 4855 ,
3594 4792 3772 4845 ἔδωκα

2189 4880 2289 4944 ἂν,
2323 4882 2751 4957 ὁλοκαυτώματα
2795 4885 2895 4938 οὐκ
2938 4885 3272 4957 εὐδοκήσεις.
3302 4904 3320 4936 ι
3380 4884 3487 4939 Καὶ
3518 4884 3678 4937 πάλιν
3714 4888 3771 4939 ὲν

2189 4975 2361 5047 ἑτέρῳ
2379 4993 2392 5008 ο
2426 4996 2445 5028 ι
2468 4975 2669 5029 Θυσίαν
2690 4977 2782 5029 καὶ
2810 4977 3125 5049 προσφορὰν
3152 4978 3252 5031 οὐκ
3279 4976 3568 5046 ὲθέλησας,
3610 4976 3767 5046 σῶμα

2187 5068 2243 5121 δὲ
2270 5070 2580 5141 κατηρτίσω
2610 5088 2719 5142 μοι.
2766 5068 3216 5141 ὐλοκαυτώματα
3235 5069 3327 5121 καὶ
3348 5069 3475 5140 περὶ
3493 5070 3767 5140 ἁμαρτίας

2187 5163 2287 5214 οὐκ
2317 5162 2644 5234 ηὑδὸκησας.
2690 5183 2709 5215 ι

2261 5337 2474 5400 «Δεῦτε,
2497 5337 2787 5405 ἀκούσατε,
2804 5337 3262 5408 καὶδιηγὴσομαι,
3280 5338 3481 5399 πάντες
3501 5335 3549 5388 οἱ
3573 5333 3769 5403 9:060:5-

2189 5445 2338 5501 μενοι
2359 5430 2449 5482 τὸν
2478 5430 2631 5494 Θεὸν,
2665 5431 2765 5483 ὅσα
2799 5431 3021 5501 ἐποίησε
3055 5432 3120 5501 τῇ
3145 5430 3288 5500 ψυχῇ
3318 5446 3439 5499 μου.
3467 5447 3484 5477 ι
3521 5428 3581 5480 Οἱ
3614 5425 3766 5478 αὐτοὶ

2187 5523 2280 5575 καὶ
2308 5523 2367 5574 ὲν
2394 5526 2505 5588 τοῖς
2538 5523 2845 5597 ἔμπροσθεν
2876 5524 3058 5593 ἔλεγον
3078 5540 3091 5553 ·
3157 5541 3175 5574 ι
3204 5521 3369 5574 Δεῦτε
3400 5522 3494 5573 καὶ
3527 5520 3663 5572 ἴδετε
3696 5518 3765 5570 τά

575 5657 628 5739 ’.ξ
652 5656 822 5739 .lfsal;
840 5671 967 5739 exs,
1096 5658 1144 5739 τ’
1171 5655 1321 5739 Ρδιιιὲ
1344 5660 1617 5739 ηιμ-κη..
1690 5658 1778 5712 "l
1807 5660 1933 5739 Cor.
1960 5677 2037 5729 ix,
2069 5660 2085 5717 ι

2202 5664 2247 5696 "
2274 5663 2378 5721 lsa.
2416 5681 2457 5733 ι,
2485 5665 2571 5731 ll,
2611 5668 2695 5721 l2.
2767 5667 2814 5699 ⁷⁸
2845 5664 2987 5722 Psal.
3021 5679 3181 5729 xux,
3221 5662 3275 5718 8.
3349 5661 3395 5694 "
3431 5658 3758 5739 ibid.49,l0.

508 5726 555 5761 ⁸⁸
596 5730 725 5784 ibid.
762 5731 846 5785 l3.
921 5730 965 5764 ⁸¹
997 5729 1137 5785 Psal.
1172 5745 1225 5793 ι,
1260 5730 1344 5786 18.
1416 5729 1628 5787 "Psal.
1671 5746 1855 5799 uxu,
1892 5731 1923 5785 7

583 5823 660 5897 (Ι)
683 5823 993 5897 Lrgcndnm
1029 5824 1274 5898 σώματα.
