4068 6556
380 399 487 457 6ϋ9

1483 400 1989 459 COMMENTARIA
2028 401 2099 458 IN
2139 402 2475 477 rSALuos.

3550 412 3651 467 670

375 522 512 596 ἔργα
545 519 638 574 τοῦ
667 519 803 575 Θεοῦ
825 562 839 585 ,
894 519 1122 593 φοϐερὸς
1156 520 1214 573 ἐν
1248 518 1464 590 βουλαῖς
1500 518 1640 588 ὑπὲρ
1667 518 1793 581 τοὺς
1826 516 1961 580 υἱοὺς

2081 519 2347 575 terribilis
2384 521 2439 574 in
2490 522 2742 577 consiliis
2799 534 2965 591 super
3010 518 3151 575 ﬁlios
3192 520 3527 575 hominum»
3587 520 3653 576 Ει

375 616 482 670 τῶν
499 613 802 687 ἀνθρώπων
819 631 833 645 ·
848 633 865 666 ι
886 614 981 667 καὶ
1005 612 1380 682 ταῦταυέλεγον
1395 615 1507 675 τοῖς
1524 612 1720 665 ἔθνεσι.
1740 611 1849 665 Καὶ
1865 610 1959 663 νῦν

373 704 468 762 οὖν
483 707 709 761 πάλινιοί
725 708 880 761 αὐτοὶ
897 707 1079 770 αὐτοῖς
1094 707 1207 769 τοῖς
1236 704 1614 775 προσφωνοῦσι
1631 704 1927 772 φάσκοντες
1946 719 1959 732 ·

380 819 399 851 ι
418 798 583 857 Δεῦτε
616 799 711 853 καὶ
737 799 1029 856 ἀκούσατε.
1050 799 1145 851 καὶ
1170 796 1522 869 διηγήσομαι.
1552 817 1570 849 ι
1592 798 1749 859 Τίνες
1763 796 1819 849 δὲ
1839 796 1961 849 δεῦ-

374 910 467 960 τε;
503 893 746 961 ἐπιλέγει
775 891 925 962 ἐξῆςο
957 911 976 943 ‹
999 893 1207 954 Πάντες
1235 893 1284 944 of.
1306 890 1626 960 φοϐούμενοι
1650 889 1740 943 τὸν
1761 889 1957 943 Θεόν’»

375 986 466 1051 οὓς
495 986 753 1057 ἀνωτέρω
780 984 910 1038 ποτέ
938 983 1037 1055 μὲν
1059 983 1239 1037 πᾶσαν
1261 982 1358 1053 τὴν
1381 982 1484 1052 γῆν
1506 981 1805 1053 ὠνόμαζον,
1832 981 1961 1035 ποτὲ

374 1082 430 1136 δὲ
478 1080 658 1134 πάντα
686 1079 753 1132 τὰ
785 1078 929 1149 ἔθνη.
975 1078 1112 1142 Τοὺς
1173 1077 1367 1140 αὐτοὺς
1415 1074 1522 1149 γὰρ
1555 1076 1649 1127 καὶ
1713 1075 1806 1127 ἐπὶ
1866 1074 1961 1128 τοῦ

374 1174 640 1245 παρόντος
675 1170 891 1243 δηλοῦσι
910 1170 1074 1240 φοδου
1082 1171 1273 1240 μένους
1286 1170 1376 1222 τὸν
1393 1168 1523 1221 Θεὸν
1539 1166 1957 1231 ἀποκαλοῦντες.

375 1266 641 1328 Πολλάκις
668 1264 725 1317 δέ
753 1265 846 1316 καὶ
875 1265 932 1315 ἐν
965 1263 1171 1333 ἐτὲροις
1203 1260 1565 1331 ἀπεδείξαμεν
1589 1300 1604 1323 ,
1634 1261 1708 1323 ώς
1743 1261 1866 1322 τοὺς
1901 1258 1961 1323 ἐξ

374 1357 545 1411 ἐθνῶν
592 1354 979 1418 θεοσεϐοῦντας
1024 1352 1392 1423 φοϐουμένους
1422 1351 1513 1405 τὸν
1543 1350 1745 1422 Κύριον
1774 1349 1958 1403 καλεῖν

374 1448 564 1502 εἴωθεν
585 1451 613 1502 ὁ
634 1448 820 1515 Λόγος.
842 1447 995 1500 Ἐπεὶ
1015 1446 1194 1499 τοίνυν
1220 1444 1409 1516 μνείας
1426 1444 1596 1497 δεῖται
1615 1444 1675 1496 τὸ
1700 1444 1959 1513 κήρυγμα

374 1540 435 1593 τὸ
461 1537 837 1604 ἀποστολικὸν,
872 1536 1185 1605 ἀναγκαίως
1213 1534 1636 1604 ἐπαγγέλλονται
1662 1532 1761 1604 τὴν
1786 1533 1960 1603 ἑρμη-

374 1630 523 1683 νείαν
544 1628 882 1702 παραδώσειν
902 1631 1013 1691 τοῖς
1031 1627 1208 1681 ἔθνεσι
1229 1627 1477 1695 λέγοντες
1495 1643 1507 1655 ’
1539 1644 1557 1678 ι
1580 1625 1746 1678 Δεῦτε
1765 1664 1779 1687 ,
1802 1623 1961 1677 ἁκού-

375 1738 529 1785 σατε,
560 1722 654 1775 καὶ
679 1720 1007 1792 διηγήσομαι
1030 1736 1042 1749 ·
1070 1739 1089 1770 ι
1121 1718 1352 1788 Λέγουσι
1377 1718 1433 1771 δὲ
1461 1717 1630 1771 ταῦτα
1654 1716 1729 1781 ώς
1755 1716 1813 1781 ἐξ
1840 1717 1959 1780 ἐνὸς

374 1809 641 1880 στόματος
676 1809 766 1863 διὰ
796 1810 896 1881 τὴν
922 1808 1202 1863 τελείωσιν
1227 1826 1239 1840 ·
1272 1810 1320 1861 οί
1350 1808 1458 1879 γὰρ
1490 1809 1689 1871 πάντες
1713 1808 1771 1861 ἒν
1802 1809 1961 1878 γεγό-

2075 607 2162 664 ltis
2190 619 2382 680 gentes
2416 611 2856 683 alloquebantur.
2907 610 3064 665 Nunc
3096 609 3263 681 igitur
3294 612 3396 680 ipsi
3430 610 3648 666 eosdem
3688 651 3697 657 .

2073 702 2405 769 compellant
2438 702 2523 758 bis
2548 703 2726 759 verbis
2758 722 2771 757 :
2809 722 2827 755 ι
2852 701 3070 766 Venite,
3088 709 3144 758 et
3196 701 3400 766 audite,
3435 713 3488 757 et
3523 719 3649 757 nar-

2074 792 2228 845 rabo.
2264 813 2283 845 ι
2328 792 2584 859 Quinam,
2619 796 2838 851 venite?
2892 795 3088 852 deinde
3155 795 3317 850 infert
3352 814 3365 849 :
3400 813 3419 845 ι
3446 793 3650 850 Omnes

2071 884 2169 954 qui
2202 884 2407 939 timetis
2434 884 2633 942 Deum:
2671 906 2689 939 ι
2724 903 2866 957 quos
2895 904 3063 959 supra
3093 888 3254 942 modo
3287 903 3503 943 omnem
3536 899 3650 944 ter-

2074 991 2191 1029 ram
2228 990 2703 1047 nuncupaverant,
2738 981 2899 1035 modo
2926 996 3118 1036 omnes
3149 988 3361 1052 gentes.
3412 980 3646 1035 Eosdem

2071 1069 2217 1122 enim
2270 1070 2324 1123 in
2374 1073 2632 1141 praesenti
2664 1071 2969 1136 declarant,
3019 1089 3142 1127 cum
3181 1074 3434 1127 timentes
3479 1073 3647 1127 Deum

2071 1164 2418 1232 compellant.
2472 1162 2801 1235 Plerumque
2837 1167 2895 1221 in
2927 1166 3049 1221 aliis
3071 1168 3644 1231 commonstravimus,

2068 1268 2163 1308 eos
2186 1270 2250 1307 ex
2283 1255 2539 1325 gentibus
2560 1258 2653 1326 qui
2683 1259 2827 1327 piam
2858 1259 3047 1313 colunt
3076 1259 3415 1329 religionem,
3449 1260 3645 1313 timen-

2067 1352 2152 1402 tes
2186 1345 2477 1403 Dominum
2535 1350 2872 1421 Scripturam
2927 1352 3202 1422 appellare
3257 1353 3452 1407 solere.
3508 1350 3645 1418 Quo-

2068 1440 2217 1494 niam
2280 1440 2449 1512 igitur
2512 1444 2832 1512 przedicatio
2885 1445 3197 1515 evangelica
3249 1445 3646 1500 commentario

2066 1539 2208 1601 eget,
2256 1547 2316 1586 se
2350 1533 2470 1602 ejus
2506 1535 3018 1604 interpretationem
3070 1535 3369 1589 tradituros
3396 1550 3641 1589 necessa-

2066 1626 2152 1679 rio
2203 1627 2460 1697 gentibus
2514 1629 2865 1698 pollicentur,
2901 1629 3150 1684 dicentes
3185 1648 3198 1683 :
3234 1647 3250 1679 ι
3283 1626 3490 1692 Venite,
3539 1643 3641 1681 an-

2067 1717 2199 1779 dite,
2236 1726 2289 1773 et
2336 1720 2631 1775 narrabo.»
2676 1720 2800 1775 Haec
2827 1736 2993 1790 porro
3049 1721 3208 1791 quasi
3262 1736 3330 1775 ex
3378 1736 3489 1775 uno
3547 1735 3645 1775 ore

2067 1810 2356 1880 proferunt
2381 1821 2606 1883 propter
2620 1814 3186 1869 consummationem:
3218 1829 3410 1869 omnes
3437 1812 3645 1883 quippe

373 1920 498 1957 νασι
532 1902 907 1965 τελειωθέντες
937 1902 994 1955 ἐν
1025 1900 1232 1972 Κυρίῳ.
1278 1901 1391 1954 Καὶ
1421 1899 1593 1953 ταῦτα
1626 1899 1872 1965 θεσπίζει
1902 1900 1961 1953 τὸ

2066 1903 2119 1956 in
2147 1903 2374 1959 Christo
2402 1904 2772 1960 consummati
2803 1921 2971 1959 unum
3021 1904 3198 1960 effecti
3234 1913 3385 1960 sunt.
3443 1903 3509 1957 Et
3537 1903 3643 1958 hoc

374 1988 599 2064 Πνεῦμα
617 1993 677 2046 τὸ
698 1992 851 2060 ἆγιον
866 1992 943 2055 ώς
962 1990 1021 2056 ἐξ
1041 1991 1157 2055 ἐνὸς
1175 1989 1336 2061 χοροῦ
1358 1989 1450 2043 τοῦ
1474 1990 1830 2043 ὰποστολικοῦ
1849 1993 1961 2053 τοῖς

370 2088 551 2140 ἔθνεσι
583 2083 961 2158 προσφωνοῦν,
994 2082 1458 2153 ἐπαγγελλόμενόν
1483 2099 1541 2135 τε
1563 2081 1958 2153 διερμηνεύειν,

369 2178 473 2231 ὅσα
502 2177 758 2249 ἐποίησεν
784 2177 813 2230 ὁ
846 2176 979 2240 Θεὸς
1006 2178 1074 2246 τῇ
1104 2175 1248 2246 ψυχῇ
1279 2174 1477 2229 αὐτῶν.
1535 2174 1709 2227 Πάλαι
1746 2176 1845 2244 μὲν
1870 2171 1961 2228 οὖν

370 2269 559 2337 ἔλεγον
579 2284 593 2297 ·
631 2289 649 2315 ι
674 2266 836 2319 Δεῦτε
863 2266 955 2319 καὶ
984 2265 1121 2319 ἴδετε
1144 2265 1212 2318 τὰ
1239 2264 1374 2335 ἔργα
1401 2262 1494 2316 τοῦ
1520 2264 1677 2329 Θεοῦ,
1704 2264 1780 2327 ώς
1804 2265 1961 2334 μετέ-

371 2360 574 2432 στρεψέ
604 2376 735 2412 ποτε
756 2360 853 2430 τὴν
876 2357 1151 2412 θάλασσαν
1172 2359 1252 2420 είς
1279 2356 1467 2428 ξηρὰν,
1495 2356 1590 2410 καὶ
1612 2357 1687 2421 ώς
1711 2360 1768 2410 ἐν
1798 2376 1961 2411 ποτα-

375 2452 463 2524 μῷ
488 2451 697 2521 διῆλθον
729 2448 869 2503 ποδί.
887 2468 905 2499 ι
945 2449 1079 2501 Νυνὶ
1094 2447 1150 2501 δὲ
1173 2447 1355 2500 οὐκέτι
1378 2446 1448 2499 τὰ
1476 2447 1709 2508 παλαιὰ,
1735 2447 1869 2500 ἀλλὰ
1892 2449 1959 2501 τὰ

372 2548 471 2617 τῆς
503 2545 629 2608 νέας
655 2545 749 2598 καὶ
770 2543 961 2613 καινῆς
993 2542 1232 2613 ἱστορίας
1256 2539 1692 2612 παραδεδώκασι,
1720 2544 1816 2605 τὰς
1836 2542 1961 2594 ἐαυ-

371 2638 480 2692 τῶν
531 2635 759 2709 πράξεις
803 2634 1170 2705 ὑφηγούμενοι
1194 2676 1208 2698 ,
1262 2636 1356 2688 καὶ
1388 2634 1486 2697 τὰς
1514 2637 1593 2696 εἰς
1626 2634 1823 2698 αὐτοὺς
1856 2634 1961 2686 ὑπὸ

371 2731 466 2784 τοῦ
498 2729 631 2784 Θεοῦ
660 2729 955 2800 γενομένας
986 2727 1323 2798 εὐεργεσίας.
1377 2727 1469 2780 Διὸ
1503 2744 1665 2796 φασιν
1690 2744 1703 2756 ·
1773 2747 1791 2778 ι
1821 2728 1959 2780 Ὅσα

372 2825 598 2894 ἐποίησε
634 2825 700 2893 τῇ
727 2822 872 2892 ψυχῇ
908 2837 1069 2891 μουη
1104 2815 1223 2872 εἶτα
1257 2819 1568 2891 διηγοῦνται
1593 2819 1689 2889 τὴν
1720 2820 1960 2888 ἐπαγγε-

372 2915 494 2970 λίαν
522 2914 873 2986 πληροῦντες.
923 2913 1026 2976 Τίς,
1050 2912 1105 2965 δὲ
1139 2913 1171 2981 ὴ
1202 2911 1482 2983 διήγησις;
1538 2931 1555 2963 ι
1600 2912 1745 2982 Πρὸς
1778 2911 1959 2972 αὐτὸν,

372 3008 548 3078 φησὶ,
591 3005 669 3076 τῷ
708 3004 933 3075 στόματί
990 3021 1090 3074 μου
1144 3002 1413 3074 ἐκέκραξα
1437 3044 1453 3069 ,
1515 3004 1610 3056 καὶ
1641 3001 1831 3071 ῦψωσα
1858 3003 1963 3055 ὑπὸ

371 3103 473 3171 τὴν
497 3098 748 3168 γλῶσσάν
773 3115 894 3167 μου.
926 3117 942 3147 ι
993 3096 1210 3166 Ἐπειδὴ
1233 3094 1341 3167 γὰρ
1368 3094 1465 3157 τὰς
1486 3097 1564 3158 είς
1591 3095 1788 3157 αὐτοὺς
1808 3095 1963 3165 εὐερ-

2067 1994 2307 2066 Spiritus
2359 2004 2587 2052 sanctus
2624 1998 2783 2067 quasi
2833 2012 2898 2051 ex
2956 2012 3067 2052 uno
3114 1998 3420 2068 apostolico
3471 1998 3643 2051 choro

2063 2086 2319 2157 gentibus
2345 2087 2579 2159 loquens
2607 2088 2985 2156 vaticinatur;
3033 2104 3097 2143 ac
3130 2090 3418 2159 pollicetur
3448 2104 3509 2143 se
3548 2088 3645 2143 de-

2064 2179 2402 2234 claraturum
2453 2189 2661 2250 quanta
2717 2181 2908 2237 fecerit
2952 2181 3094 2237 Deus
3135 2182 3333 2237 anima:
3374 2182 3639 2251 ipsorum.

2062 2268 2203 2323 Olim
2234 2270 2460 2339 quidem
2491 2287 2504 2322 :
2540 2269 2817 2334 dicebant,
2860 2289 2877 2321 ι
2906 2269 3098 2326 Venite
3130 2280 3185 2326 et
3241 2273 3421 2326 videte
3477 2286 3644 2341 opera

2066 2362 2180 2424 Dei,
2212 2363 2305 2431 qui
2346 2363 2643 2432 aliquando
2695 2364 2964 2417 convertit
3006 2380 3157 2419 mare
3196 2365 3251 2418 in
3298 2365 3531 2426 aridam,
3589 2369 3645 2418 et

2064 2457 2118 2509 in
2148 2454 2372 2511 ﬂumine
2404 2458 2847 2527 pertransicrunt
2868 2458 3023 2528 pede.
3079 2477 3097 2511 ι
3125 2457 3281 2513 Nunc
3316 2468 3497 2512 autem
3534 2471 3645 2511 non

2062 2556 2244 2603 vetera
2271 2549 2525 2615 ulterius,
2558 2550 2653 2606 sed
2698 2566 2761 2607 ea
2793 2566 2916 2621 quae
2944 2565 3141 2605 novam
3178 2559 3429 2619 spectant
3468 2549 3643 2603 histo-

2063 2643 2201 2695 riam
2251 2641 2496 2706 tradunt,
2539 2652 2691 2713 gesta
2726 2658 2846 2707 sua,
2899 2657 3117 2698 necnon
3160 2656 3190 2694 a
3224 2640 3334 2696 Deo
3385 2641 3491 2695 sibi
3531 2640 3647 2695 col-

2064 2732 2171 2784 lata
2236 2730 2501 2785 beneﬁcia
2538 2740 2850 2788 narrantes.
2877 2732 3058 2798 Quare
3091 2731 3283 2785 dicunt
3317 2747 3330 2784 :
3379 2749 3397 2780 ι
3428 2729 3646 2796 Quanta

2064 2822 2193 2877 fecit
2223 2822 2421 2876 anima:
2454 2838 2620 2888 meae;
2645 2843 2663 2875 ι
2699 2823 2897 2877 deinde
2930 2823 3219 2892 promissis
3273 2831 3482 2876 stantes
3520 2834 3646 2875 nar-

2062 2916 2328 2971 rationem
2352 2915 2662 2971 ordiuntur.
2688 2917 2819 2982 Quze
2846 2917 3090 2970 narratio
3122 2916 3250 2969 illa?
3292 2934 3309 2966 ε
3332 2915 3410 2968 Ad
3442 2915 3641 2985 ipsum,

2066 3006 2263 3075 inquit,
2333 3022 2428 3061 ore
2457 3023 2576 3060 meo
2608 3007 2861 3069 clamavi,
2901 3015 2956 3062 et
3018 3007 3250 3062 exaltavi
3308 3006 3411 3061 sub
3463 3008 3644 3077 lingua

2066 3112 2241 3151 mea.»
2286 3094 2420 3149 Nam
2457 3096 2587 3166 quia
2630 3096 2723 3152 Dei
2757 3112 2887 3167 erga
2932 3112 2990 3152 se
3034 3097 3296 3151 beneﬁcia
3353 3112 3645 3153 recensue-

372 3192 563 3263 γεσίας
606 3189 697 3244 τοῦ
732 3187 867 3242 Θεοῦ
902 3187 1379 3259 κατηριθμήσαντο
1404 3230 1418 3251 ,
1452 3186 1528 3250 ώς
1572 3185 1955 3257 ἐπυρώθησαν,

2066 3199 2211 3253 runt,
2266 3189 2545 3259 quomodo
2587 3189 2801 3244 scilicet
2850 3190 2974 3260 igne
3002 3189 3296 3242 examinati
3342 3197 3395 3243 et
3430 3189 3644 3258 probati

371 3286 448 3349 ὡς
476 3282 910 3354 ἐδοκιμάσθησαν
932 3320 946 3342 ,
979 3280 1054 3343 ώς
1081 3278 1326 3351 είσῆλθον
1351 3279 1429 3342 είς
1462 3278 1562 3341 τὰς
1596 3278 1803 3347 θλίψεις
1822 3318 1836 3341 ,
1886 3278 1961 3341 ὡς

374 3376 696 3447 ὑπέμειναν,
723 3374 797 3437 ὡς
818 3373 1031 3444 διῆλθον
1051 3372 1139 3426 διὰ
1164 3372 1334 3443 πυρὸς
1358 3372 1450 3425 καὶ
1474 3370 1685 3435 ὓδατος,
1708 3371 1782 3433 ώς
1809 3369 1965 3440 ἐξῆλ-

373 3473 466 3526 θον
489 3472 568 3534 si;
594 3467 872 3540 ἀναψυχήν
892 3484 904 3496 ·
934 3468 1015 3520 ὃτι
1046 3467 1119 3537 μὴ
1149 3465 1334 3537 ἀργῶς
1358 3465 1529 3520 ταῦτα
1552 3466 1735 3529 αὐτοῖς
1762 3467 1959 3527 πάντα,

375 3567 408 3635 ἡ
440 3565 559 3617 θεία
585 3562 881 3634 δεδώρηται
912 3562 1069 3632 χάρις
1094 3577 1106 3589 ⁸
1142 3559 1277 3613 ἀλλὰ
1309 3557 1417 3630 γὰρ
1443 3559 1621 3612 αὐτῶν
1650 3558 1718 3617 τὰ
1753 3556 1963 3628 μεγάλα

375 3654 834 3727 συμϐαλλομένων
850 3654 928 3716 είς
944 3653 1005 3705 τὸ
1024 3650 1320 3723 μαρτύριον
1341 3650 1681 3704 διδάσκουσιν
1700 3648 1961 3717 ἀναγκαί-

376 3766 471 3812 ως.
501 3747 723 3820 Πρῶτον
764 3746 864 3817 μὲν
894 3745 1036 3815 γὰρ,
1073 3742 1258 3812 φασὶν,
1293 3742 1548 3795 οὐδέποτε
1579 3739 1962 3812 ἀνεχωροῦμεν

374 3842 663 3912 εὐχόμενοι
698 3840 792 3892 καὶ
828 3836 1059 3908 βοῶντες
1087 3836 1224 3906 πρὸς
1251 3834 1432 3887 αὐτόν.
1506 3834 1779 3905 Ἐϐοώμεν
1811 3834 1868 3887 δὲ
1899 3834 1959 3885 οὐ

377 3935 593 4006 κραυγῇ
624 3932 719 3985 καὶ
744 3932 895 4000 φωνῇ
929 3926 1175 3997 γεγωνῴ,
1212 3926 1325 3979 ἀλλ’
1362 3946 1379 3978 ι
1405 3926 1510 3978 ὐπὸ
1538 3925 1633 3997 τὴν
1661 3926 1912 3993 γλῶσσαν
1939 3944 1957 3975 ι

377 4024 509 4077 εῐσω
534 4022 846 4092 συνέχοντες
869 4018 1047 4072 αὐτῶν
1070 4017 1167 4081 τὰς
1197 4017 1346 4088 βοάς·
1376 4017 1595 4088 ᾔδειμεν
1614 4017 1740 4089 γὰρ,
1765 4018 1848 4070 ὅτι
1870 4018 1963 4069 καὶ

378 4112 709 4165 σιωπώντων
737 4107 923 4163 ἀκούει
953 4110 981 4161 ὁ
1004 4108 1159 4171 Θεὸς,
1184 4107 1275 4160 καί
1304 4109 1407 4160 εἰσι
1436 4107 1677 4179 κραυγαὶ
1702 4106 1880 4179 ψυχῆς
1900 4108 1960 4161 οὐ

379 4207 465 4261 5ιά
497 4204 740 4277 γλώττης
772 4202 1179 4276 προφερόμεναι
1198 4243 1213 4266 ,
1245 4203 1468 4274 ἀρρήτῳ
1491 4202 1548 4255 δέ
1575 4202 1802 4273 δυνάμει
1828 4202 1963 4273 πρὸς

382 4299 468 4352 τὸν
489 4298 622 4352 Θεὸν
649 4295 1129 4367 ἀναπεμπόμεναι.
1167 4294 1277 4347 Καὶ
1302 4293 1461 4347 τοῦτὸ
1490 4296 1635 4348 ἐστιν
1663 4294 1692 4347 ὃ
1725 4294 1963 4360 ἐδίδαξεν

382 4395 405 4447 5
422 4391 614 4463 Σωτὴρ
635 4388 804 4443 εἰπών
821 4406 835 4421 ο
860 4409 877 4439 ι
890 4386 1111 4442 Εἴσελθε
1139 4388 1220 4450 είς
1234 4387 1293 4440 τὸ
1312 4387 1557 4458 ταμιεῖόν
1574 4404 1689 4449 σου,
1708 4386 1801 4440 κα)⁵
1820 4386 1965 4439 κλεῖ-

381 4500 472 4537 σον
493 4482 593 4554 τὴν
623 4480 792 4552 θύραν
823 4496 915 4532 σου
936 4520 951 4545 ,
983 4478 1078 4532 κού⁵
1111 4476 1407 4549 πρόσευξαι
1432 4493 1446 4507 ’
1473 4476 1568 4531 καὶ
1599 4477 1628 4529 ὁ
1655 4477 1843 4548 Πατήρ
1868 4494 1961 4531 σου

2067 3282 2197 3345 sint,
2229 3282 2502 3352 quomodo
2530 3283 2582 3336 in
2615 3282 2879 3337 an'umnis
2929 3283 3092 3352 positi
3133 3296 3228 3337 eas
3258 3280 3644 3348 sustinuerint,

2062 3393 2171 3446 quo
2205 3383 2364 3446 pacto
2396 3376 2723 3431 transierint
2749 3392 2845 3446 per
2893 3376 3071 3446 ignem
3104 3384 3159 3429 et
3206 3389 3424 3445 aquam,
3473 3384 3525 3429 et
3560 3374 3646 3428 iu—

2062 3471 2239 3538 gressi
2275 3470 2387 3524 sint
2419 3469 2473 3523 in
2534 3468 2879 3538 refrigerium
2908 3487 2922 3535 ;
2955 3467 3101 3538 quod
3136 3482 3245 3521 non
3298 3468 3412 3521 haec
3458 3466 3646 3521 omnia

2062 3563 2168 3618 sibi
2208 3561 2411 3616 frustra
2470 3559 2655 3615 divina
2692 3562 2868 3631 gratia
2915 3561 3247 3624 contulerit;
3303 3559 3399 3614 sed
3455 3559 3646 3614 istbzec

2062 3654 2165 3708 sibi
2207 3654 2442 3708 maxime
2472 3654 2539 3707 ad
2585 3652 2909 3724 martyrium
2962 3652 3293 3723 profuerint,
3333 3653 3647 3707 necessario

2061 3746 2312 3801 edocent.
2355 3744 2543 3799 Primo
2604 3743 2847 3814 quidem,
2906 3745 3081 3807 aiunt,
3142 3760 3423 3813 nunquam
3482 3742 3645 3797 ﬁnem

2061 3838 2319 3908 precandi
2357 3838 2538 3907 ipsum
2571 3846 2625 3891 et
2646 3836 2919 3889 clamandi
2955 3835 3204 3891 fecimus.
3240 3834 3425 3905 Neque
3464 3845 3646 3889 tamen

2062 3928 2172 3979 alta
2204 3934 2258 3981 et
2289 3941 2490 3981 sonora
2510 3940 2645 3981 voce
2671 3926 3064 3987 clamabamus,
3087 3925 3180 3979 sed
3221 3942 3239 3975 ι
3269 3930 3371 3978 sub
3398 3925 3639 3995 lingua,»

2063 4025 2213 4081 intus
2256 4026 2528 4081 clamores
2562 4032 2787 4078 nostros
2818 4021 3263 4092 comprimentes.
3303 4019 3645 4074 Noveramus

2062 4121 2269 4190 quippe
2302 4118 2469 4173 Deum
2504 4118 2589 4173 vel
2647 4124 2893 4171 tacentes
2945 4114 3158 4178 audire,
3189 4125 3422 4184 esseque
3446 4114 3648 4166 clamo-

2064 4228 2154 4269 res
2186 4229 2297 4268 non
2349 4213 2537 4284 lingua
2586 4212 2685 4270 sed
2735 4222 2920 4268 mente
2978 4210 3244 4282 prolatos,
3284 4226 3348 4263 ac
3384 4207 3645 4264 ineffabili

2064 4307 2274 4363 virtute
2325 4307 2393 4362 ad
2443 4305 2613 4363 Deum
2665 4306 2923 4362 emissos.
2988 4304 3399 4374 Idipsumquea
3448 4301 3649 4358 Serva-

2062 4410 2183 4458 tore
2254 4402 2485 4458 docetur
2535 4401 2623 4456 his
2682 4400 2907 4455 verbis:
2963 4397 3154 4451 «Intra
3218 4395 3274 4449 in
3330 4395 3645 4449 cubiculum

2067 4504 2247 4565 tuum,
2278 4505 2333 4549 et
2368 4494 2559 4549 clauso
2603 4491 2748 4548 ostio
2778 4506 2907 4545 ora:
2946 4496 3000 4545 et
3031 4487 3192 4541 Pater
3221 4493 3350 4541 tuus
3378 4486 3469 4555 qui
3500 4486 3646 4539 videt

381 4577 405 4628 5
437 4573 649 4645 βλέπων
678 4575 735 4625 ἐν
767 4570 846 4642 τῷ
872 4569 1097 4643 κρυπτῷ
1130 4570 1397 4624 ἀποδώσει
1425 4587 1527 4622 σοι.
1558 4589 1576 4621 ι
1654 4568 1839 4633 Οὕτως
1867 4564 1958 4623 οὖν

2066 4589 2117 4643 in
2143 4564 2489 4649 abscondito,
2527 4585 2719 4640 reddet
2744 4583 2842 4638 tibi
2858 4582 2925 4637 οι.
2958 4601 2975 4633 ι
3006 4579 3279 4650 Sicigitur
3307 4578 3397 4632 hic
3416 4579 3648 4647 loquun-

381 4669 475 4720 καὶ
503 4665 736 4719 ἐνταῦθὰ
760 4680 956 4733 φασιν,
982 4663 1063 4716 ὅτι
1098 4681 1115 4712 ι
1136 4662 1280 4732 Πρὸς
1307 4661 1467 4715 αὐτὸν
1493 4660 1570 4732 τῷ
1600 4661 1825 4732 στόματί
1860 4678 1961 4733 μου

381 4758 654 4831 ἐκέκραξα
681 4758 776 4810 καὶ⁵
802 4756 993 4826 ὐψωσα
1024 4754 1128 4808 ὑπὸ
1151 4754 1249 4826 τὴν
1270 4754 1521 4823 γλῶσσάν
1547 4771 1669 4825 μου·
1698 4774 1715 4805 ι
1745 4755 1885 4810 κατὰ
1907 4754 1964 4808 δέ

381 4852 471 4904 τὸν
504 4850 817 4921 Σύμμαχον,
848 4868 866 4900 ι
888 4848 1058 4901 Αὐτὸν
1077 4850 1255 4918 ,ιφασὶ
1275 4889 1289 4912 ,
1328 4846 1406 4918 τῷ
1437 4846 1664 4919 στόματί
1702 4864 1802 4918 μου
1832 4849 1963 4900 ἐπε-

379 4945 717 5016 καλεσάμην,
768 4942 862 4996 καὶ
889 4941 1076 5013 ὑψώθη
1110 4941 1449 5012 παραχρῆμα
1482 4942 1516 5011 ἡ
1550 4940 1771 5009 γλῶσσὰ
1802 4959 1958 5012 μου.»

391 5036 529 5090 Ἀλλ’
552 5038 613 5089 οὐ
644 5036 802 5106 μόνον
828 5038 949 5098 ταῖς
968 5036 1153 5105 εὐχαῖς
1177 5033 1539 5104 ἐσχολάζομεν
1560 5034 1654 5088 καὶ
1680 5036 1799 5097 ταῖς
1829 5033 1965 5105 πρὸς

380 5131 469 5184 τὸν
497 5130 628 5183 Θεὸν
658 5130 875 5201 δεήσεσι
907 5129 1000 5183 καὶ
1034 5128 1333 5199 ἱκετηρίαις
1352 5144 1366 5157 ·
1393 5127 1528 5181 ἀλλὰ
1554 5128 1648 5182 καὶ⁸
1672 5129 1850 5199 ἔργοις
1871 5128 1966 5180 αὐ-

379 5229 490 5288 τοῖς
517 5222 975 5294 ἀπεστρεφόμεθα
1009 5222 1105 5292 μὲν
1136 5224 1315 5275 πᾶσαν
1343 5220 1577 5285 ἀδικίαν,
1600 5220 1677 5284 ώς
1704 5220 1836 5290 μηδὲ
1868 5222 1967 5289 ἐμ·-

380 5314 600 5367 6λέπειν
621 5315 760 5385 αὐτῇ
780 5313 1003 5376 ἐθέλειν,
1027 5314 1060 5383 ἣ
1083 5313 1175 5367 καὶ¹
1198 5312 1274 5384 τῷ
1298 5312 1373 5383 νῷ
1400 5310 1749 5382 ἐνθυμεῖσθαί
1772 5328 1824 5363 τι
1853 5310 1967 5363 ἄδι-

379 5422 493 5459 κον.
529 5406 592 5458 Εἰ
614 5406 721 5478 γάρ
748 5421 800 5457 τι
820 5404 1059 5457 τοιοῦτον
1085 5403 1424 5473 ἐνενοοῦμεν,
1452 5403 1561 5456 οὐδ’
1588 5401 1965 5456 είσακούεσθαι

378 5495 519 5561 ἄξιοι
545 5494 611 5549 ἂν
643 5491 805 5567 ἦμεν·
837 5495 918 5549 διό
943 5511 1139 5563 φασινο
1204 5514 1222 5546 ι
1259 5494 1495 5547 Ἀδικίαν
1525 5495 1571 5546 εί
1606 5492 1876 5563 ἐθεώρουν
1907 5494 1967 5547 ἐν

380 5588 578 5659 καρδίᾳ
607 5604 707 5657 μου
729 5626 743 5652 ,
781 5588 855 5659 μὴ
885 5585 1254 5641 είσακουσάτω
1288 5585 1508 5657 Κύριος.
1536 5605 1555 5637 ι
1604 5584 1756 5638 Ἐπεὶ
1789 5582 1967 5637 τοίνυν

380 5682 477 5735 καὶ
503 5681 604 5751 τὴν
631 5680 871 5735 διάνοιαν
901 5679 1156 5753 τοιαύτην
1186 5676 1298 5752 εἶχε
1326 5680 1417 5734 καὶ
1462 5680 1561 5745 τὰς
1593 5678 1758 5751 εὐχὰς
1779 5680 1964 5735 τοιαύ-

412 5876 428 5892 ⁹
453 5864 504 5904 ⁸³
536 5862 726 5919 Matth.
765 5880 837 5929 Vl,
862 5862 913 5918 6.

2068 4691 2157 4737 tur
2199 4701 2212 4736 :
2269 4699 2287 4731 ι
2312 4680 2393 4734 Ad
2431 4681 2607 4749 ipsum
2637 4692 2733 4732 ore
2776 4689 2898 4730 meo
2943 4673 3173 4728 clamavi
3202 4678 3255 4726 et
3282 4670 3515 4727 exaltavi
3544 4670 3649 4726 sub

2066 4775 2251 4845 lingua
2295 4788 2451 4839 mea;
2504 4791 2523 4823 ι
2550 4769 2851 4826 secundum
2887 4764 3274 4837 Symmachum
3298 4779 3430 4819 vero
3461 4782 3474 4818 :
3515 4781 3533 4813 ι
3563 4762 3648 4833 Ip-

2068 4884 2213 4931 sum,
2265 4868 2453 4929 aiunt,
2499 4879 2596 4919 ore
2650 4876 2773 4917 meo
2828 4857 3111 4921 invocavi,
3155 4865 3209 4912 et
3279 4855 3515 4911 exaltata
3562 4862 3649 4909 est

2069 4958 2361 5016 confestim
2403 4958 2587 5012 anima
2638 4969 2818 5010 mean
2876 4950 2987 5006 Sed
3035 4965 3145 5005 non
3181 4956 3393 5003 tantum
3441 4948 3648 5001 oratio-

2068 5053 2256 5113 nibus,
2340 5048 2597 5120 precibus
2656 5053 2711 5102 et
2771 5041 3267 5115 supplicationibus
3344 5039 3413 5093 ad
3474 5037 3646 5093 Deum

2065 5143 2287 5199 emissis
2313 5139 2659 5203 vacavimus;
2690 5135 2788 5193 sed
2821 5134 2955 5206 ipsis
3002 5132 3265 5203 Operibus
3303 5130 3647 5199 iniquitatem

2068 5250 2285 5291 omnem
2318 5231 2564 5287 aversati.
2588 5244 2813 5295 sumus;
2855 5228 2929 5281 ita
2984 5231 3045 5279 ut
3091 5240 3159 5279 ne
3204 5221 3423 5293 quidem
3467 5218 3646 5287 respi-

2068 5342 2193 5382 cere
2246 5326 2393 5379 illam
2438 5322 2797 5385 voluerimus,
2832 5327 2926 5373 aut
2969 5317 3250 5388 quidpiam
3284 5316 3531 5383 iniquum
3562 5311 3645 5365 vel

2070 5421 2255 5475 animo
2283 5417 2550 5488 cogitare.
2590 5413 2724 5469 Nam
2762 5414 2806 5468 si
2836 5412 2971 5483 quid
3004 5411 3183 5465 simile
3221 5408 3643 5477 cogitassemus,

2074 5529 2185 5570 non
2218 5512 2369 5582 digni
2413 5524 2633 5565 eramus
2679 5508 2772 5578 qui
2820 5504 3229 5561 exaudiremur.
3282 5496 3644 5567 Quamobrem

2070 5607 2265 5661 aiunt:
2306 5625 2324 5656 ι
2353 5603 2697 5675 lniquitatem
2732 5602 2779 5656 si
2824 5599 3011 5671 aspexi
3046 5600 3101 5652 in
3148 5594 3314 5651 corde
3355 5605 3497 5653 meo,
3534 5603 3652 5671 non

2070 5700 2331 5757 exaudiat
2361 5698 2683 5753 Dominus.)
2744 5692 2883 5761 Quia
2916 5706 3048 5763 ergo
3091 5688 3189 5745 tali
3223 5691 3404 5741 mente
3443 5679 3649 5756 pradi-

1984 5790 2061 5805 ~—
