4068 6516
510 370 605 425 671
715 355 726 365 ’
1168 366 1439 422 EUSEBII
1480 364 1966 421 CZESARIENSIS
2007 364 2165 421 OPP.
2211 365 2396 422 PARS
2435 364 2524 421 ιιι.
2556 395 2621 407 -
2662 361 3072 418 EXEGETICA.

3661 358 3767 408 672

511 498 600 545 tus
630 488 765 542 tales
802 485 1085 541 orationes
1121 484 1402 551 fundebat,
1434 484 1557 555 jure
1610 486 1741 540 dicit
1773 505 1792 536 ‹
1822 485 2076 554 Propter-

2183 502 2281 549 τας
2316 484 2657 556 ἀνέπεμπεν,
2714 483 2936 545 εἰκότως
2968 481 3125 552 φησί·
3167 498 3184 531 ι
3208 477 3307 531 Διὰ
3334 474 3491 531 τοῦτο
3516 476 3769 546 εἰσήκου-

511 597 572 637 ea
611 579 886 634 exaudivit
936 577 1102 643 Deus,
1149 586 1203 633 et
1250 579 1483 635 attendit
1516 578 1635 633 voci
1674 578 2080 647 deprecationis

511 687 694 727 meae.»
755 669 819 723 Et
857 670 970 724 haec
1020 670 1075 724 in
1110 686 1276 726 causa
1313 677 1469 725 erant
1520 685 1619 725 cur
1674 669 1817 726 Deus
1850 677 1972 738 post
2001 677 2082 723 tot

508 761 861 825 tentationes,
894 759 1148 816 eduxerit
1178 777 1279 816 nos
1315 764 1369 815 in
1405 760 1775 831 refrigerium.
1812 760 1920 814 Pro
1958 760 2081 830 qui-

508 857 607 909 bus
637 852 893 907 omnibus
921 852 1164 908 debitum
1197 854 1497 924 gratiarum
1552 854 1790 908 actionis
1817 852 2082 924 hymnum

509 941 621 997 Deo
651 943 992 1007 emittentes,
1033 950 1206 997 totum
1258 958 1569 998 sermonem
1617 945 1722 997 hoc
1769 959 1869 998 ceu
1904 942 2085 1013 sigillo

507 1035 883 1091 concludunt:
940 1056 958 1088 ‹
986 1037 1319 1113 Benedictus
1366 1036 1531 1100 Deus,
1587 1037 1681 1107 qui
1722 1052 1833 1091 non
1879 1035 2085 1090 amovit

503 1131 812 1185 orationem
849 1146 1023 1186 meam
1056 1138 1111 1186 et
1170 1131 1609 1186 misericordiam
1661 1146 1816 1187 suam
1858 1145 1888 1183 a
1938 1145 2077 1183 me.»

506 1224 631 1279 llzee
658 1239 825 1293 porro
869 1226 1053 1277 omnia
1079 1224 1283 1278 chorus
1313 1224 1649 1294 apostolicus
1680 1239 1747 1279 ex
1775 1223 1938 1277 unius
1963 1237 2086 1291 per-

504 1332 662 1381 sona,
690 1316 1155 1381 benedictionem,
1202 1315 1421 1370 laudem
1477 1323 1530 1371 et
1587 1316 1888 1386 gratiarum
1916 1314 2085 1368 actio-

504 1421 625 1461 nem
658 1421 757 1475 pro
804 1406 1063 1460 omnibus
1110 1422 1278 1476 supra
1328 1406 1646 1461 memoratis
1683 1404 1793 1460 Deo
1826 1402 2083 1469 offerens,

504 1506 628 1570 post
659 1509 738 1553 tot
768 1500 1013 1569 prolatos
1045 1515 1330 1555 sermones
1360 1499 1697 1570 obsignavit.

503 1614 554 1666 1.
608 1612 675 1667 ΙΝ
716 1612 937 1667 FINEM
989 1612 1057 1665 IN
1095 1612 1364 1737 llelfglel
1420 1610 1746 1669 PSALMUS
1777 1609 2076 1667 CANTICI.

572 1798 741 1854 Vens.
771 1799 824 1860 2,
860 1799 914 1855 5.
957 1798 1141 1853 «Deus
1175 1798 1503 1852 misereatur
1521 1796 1695 1851 nostri
1719 1805 1772 1851 et
1798 1795 2085 1850 benedicat

2186 594 2275 629 σεν
2301 578 2329 627 6
2361 575 2491 640 Θεὸς
2520 576 2613 628 καὶ
2646 573 2916 647 προσέσχε
2938 574 3004 642 τῇ
3035 573 3183 640 φωνῇ
3212 569 3310 639 τῆς
3334 565 3571 639 δεῆσεώς
3598 584 3718 637 μου.
3740 584 3762 617 »

2190 670 2301 723 Καὶ
2320 667 2491 722 ταῦτα
2521 663 2588 738 ἦν
2621 665 2690 720 τὰ
2722 665 2872 719 αἴτια
2902 664 2968 717 δι’
2993 664 3027 718 ἃ
3053 660 3320 733 ἐξήγαγεν
3352 661 3501 730 ἡμᾶς
3530 661 3611 722 είς
3634 660 3773 711 ἀνα-

2183 762 2357 832 ψυχὴν
2380 761 2517 831 μετὰ
2537 761 2661 823 τοὺς
2680 757 2967 820 τοσούτους
2989 753 3346 827 πειρασμούς.
3387 752 3502 822 Ἐφ’
3521 747 3603 815 οἷς
3625 751 3773 805 ᾶπα-

2186 872 2238 907 σι
2268 854 2357 907 τὸν
2388 852 2731 923 ὀφειλόμενον
2760 850 3176 922 εὐχαριστήριον
3221 846 3385 917 ὕμνον
3413 845 3773 916 ἀναπέμπον-

2184 964 2274 1009 τες
2306 946 2383 1016 τῷ
2413 945 2550 1015 Θεῷ,
2580 943 2998 1015 ἐπισφράγισμα
3028 940 3122 993 τοῦ
3155 939 3350 1002 παντὸς
3378 937 3659 991 ποιοῦνται
3682 935 3775 989 λό-

2186 1055 2283 1107 γου
2315 1038 2614 1108 φάσκοντες
2635 1054 2647 1067 ·
2679 1055 2697 1088 ι
2720 1034 3025 1105 Εὐλογητὸς
3049 1035 3077 1086 6
3108 1033 3260 1097 Θεὸς,
3291 1031 3348 1094 ὃς
3373 1031 3475 1083 οὐκ
3500 1031 3775 1100 ἀπέστρε-

2184 1132 2252 1203 ψε
2276 1131 2372 1202 τὴν
2398 1130 2704 1203 προσευχήν
2732 1146 2853 1199 μου,
2906 1127 2999 1181 καὶ
3022 1127 3079 1180 τὸ
3103 1126 3248 1189 ἕλεος
3271 1124 3436 1179 αὐτοῦ
3458 1125 3551 1178 ἀπ’
3574 1122 3767 1193 ἐμοῦ.»

2185 1225 2366 1278 Ταῦτα
2392 1224 2455 1277 δὲ·
2473 1223 2648 1277 πάντα
2680 1223 2708 1274 6
2735 1222 2895 1294 χορὸς
2926 1221 2954 1273 6
2986 1219 3340 1282 ἀποστολικὸς
3362 1217 3421 1282 ἐξ
3445 1218 3565 1280 ἑνὸς
3594 1232 3775 1286 προσ-

2186 1318 2333 1372 ώπου
2378 1316 2517 1388 μετὰ
2554 1316 2759 1378 πάντας
2810 1315 2936 1377 τοὺς
2988 1311 3380 1384 προλεχθέντας
3429 1311 3620 1377 λόγους
3672 1311 3778 1361 ἐπ-

2186 1411 2573 1482 εσφραγίσατο,
2604 1406 2851 1476 εὐλογίαν
2878 1406 2972 1460 καὶ
2992 1404 3295 1473 δοξολογίαν
3312 1403 3404 1455 καὶ
3421 1401 3778 1473 εὐχαριστίαν

2187 1503 2281 1555 ἐπὶ
2316 1503 2447 1554 πᾶσι
2489 1504 2599 1563 τοῖς
2634 1497 3006 1571 προλεχθεῖσιν
3040 1496 3381 1566 ἀναπέμπων
3413 1494 3491 1564 τῷ
3516 1492 3658 1564 Θεῷ.

2188 1614 2237 1667 1.
2279 1611 2386 1664 ΕΙΣ
2421 1612 2508 1664 ΤΟ
2537 1610 2759 1665 ΤΕΛΟΣ
2800 1609 2893 1663 ΕΝ
2916 1605 3193 1745 ἐέξΝΟΙΣ
3233 1603 3526 1658 ΨΑΛΜΟΣ
3562 1602 3772 1671 ῼΛΗΣ.

2262 1818 2279 1849 ι
2304 1798 2360 1851 Ὀ
2382 1798 2513 1861 Θεὸς
2532 1796 2868 1867 οίκτειρήσαι
2889 1795 3032 1864 ἡμᾶς
3046 1791 3139 1845 καὶ
3159 1792 3450 1861 εὐλογῆσαι
3465 1790 3630 1860 ἡμᾶς,
3650 1791 3778 1841 ἐπι-

501 1893 682 1956 nobis,
700 1892 970 1947 illuminet
985 1893 1191 1946 vultum
1207 1906 1362 1947 suum
1379 1906 1677 1960 supernos,
1692 1897 1745 1945 et
1760 1890 2080 1944 misereatur

2189 1889 2350 1958 φάναι
2374 1889 2432 1941 τὸ
2455 1888 2742 1960 πρόσωπον
2762 1884 2924 1938 αὐτοῦ
2944 1885 3026 1952 ἐφ’
3043 1884 3189 1954 ἡμᾶς
3207 1883 3300 1935 καὶ
3317 1880 3536 1952 ὲλεήσαι
3560 1881 3735 1949 ἡμᾶς.
3752 1898 3770 1928 »

501 1983 731 2037 nostri.»
776 1982 1026 2038 Praesens
1055 1998 1274 2052 quoque
1293 1981 1555 2051 psalmus,
1582 1980 1928 2050 evangelicus
1956 1994 2079 2033 cum

500 2074 595 2139 sit,
648 2074 824 2131 eidem
871 2090 935 2130 ac
983 2074 1300 2147 prmcedens
1340 2076 1507 2129 lueret
1556 2072 1873 2137 sententiae;
1910 2085 2082 2141 quare

507 2168 624 2221 «ad
678 2169 836 2223 ﬁnem
868 2188 885 2219 »
925 2176 979 2221 et
1031 2169 1148 2237 ipse
1207 2168 1472 2231 remittit,
1532 2174 1695 2234 atque
1761 2163 2082 2217 (canticum

501 2257 737 2325 psalmi»
773 2257 1129 2325 inscribitur;
1162 2258 1291 2327 quia
1323 2257 1414 2312 ille
1438 2272 1656 2327 quoque
1683 2255 1927 2325 psalmus
1957 2268 2084 2309 can-

501 2348 595 2402 tici
628 2363 751 2403 esse
780 2349 1088 2403 dicebatur.
1132 2347 1397 2403 Fortasse
1425 2363 1556 2401 vero
1598 2346 1721 2401 ideo
1762 2356 1955 2401 neuter
1985 2360 2081 2400 eo-

501 2455 625 2492 rum
654 2439 816 2508 cujus
872 2441 984 2495 sint
1037 2456 1321 2495 sermones
1360 2441 1412 2493 in
1448 2440 1607 2493 titulo
1638 2439 1903 2501 declarat,
1934 2436 2082 2507 quod

503 2530 858 2586 manifestum
912 2533 985 2586 sit
1028 2546 1280 2601 qumnam
1315 2547 1564 2601 persona:
1613 2531 1667 2584 in
1723 2537 1956 2598 utroque
2003 2529 2086 2581 lo-

502 2630 735 2693 quentes
765 2622 1117 2679 inducantur.
1144 2623 1355 2677 Etenim
1380 2622 1622 2693 gentium
1648 2636 1951 2692 praecones,
1970 2621 2084 2675 sive

499 2715 735 2784 apostoli
790 2713 1101 2771 Servatoris
1145 2716 1343 2777 nostri,
1408 2716 1466 2769 in
1509 2722 1742 2785 utroque
1789 2729 2084 2769 assumun-

507 2814 623 2857 tur.
682 2803 786 2870 Qui
818 2807 1005 2859 statim
1039 2806 1106 2860 ab
1128 2806 1356 2861 exordio
1386 2807 1441 2860 in
1470 2807 1721 2876 praesenti
1753 2788 1969 2875 psalmo
1984 2820 2084 2860 nec

501 2896 721 2951 occulte
754 2898 1061 2951 arclamant
1092 2899 1145 2952 in
1174 2908 1318 2952 terra
1350 2905 1404 2953 et
1448 2898 1501 2952 in
1549 2898 1804 2951 omnibus
1830 2897 2083 2967 gentibus

501 2988 742 3042 salutare
801 2988 919 3055 Dei,
977 2998 1034 3044 et
1100 2991 1245 3043 viam
1306 2989 1428 3058 ejus
1478 2991 1737 3059 cognosci
1770 2998 2081 3058 precantes,

499 3076 695 3131 deinde
718 3078 906 3133 aiunt:
945 3097 963 3129 ι
988 3078 1367 3133 Coufiteantur
1393 3078 1493 3132 tibi
1519 3079 1728 3148 pepuli,
1761 3077 1925 3139 Deus,
1954 3093 2085 3131 cou-

500 3168 759 3222 fiteantur
788 3170 886 3223 tibi
942 3170 1127 3239 populi
1157 3184 1373 3224 omnes.
1420 3167 1698 3224 Lzetentur
1723 3180 1775 3223 et
1806 3171 2084 3224 exsultent

501 3268 747 3331 gentes.»
791 3261 963 3327 Quem
998 3276 1305 3317 sermonem
1340 3260 1583 3315 secundo
1616 3261 1683 3315 ad
1716 3261 1959 3315 vaticinii
1991 3262 2083 3314 lir-
2109 3236 2150 3291 (ἶ

500 3352 745 3410 mitatem
801 3362 1079 3423 repetunt.
1123 3352 1341 3409 Cborus
1370 3355 1537 3425 igitur
1576 3355 1936 3423 apostolicus,
1986 3356 2080 3424 qui

502 3448 656 3517 prius
681 3447 921 3502 dixerat:
951 3467 967 3497 ι
1014 3445 1251 3502 Jubilate
1295 3446 1426 3510 Deo,
1465 3448 1645 3502 omnis
1691 3447 1931 3513 terra“;
1961 3466 1977 3498 »
2027 3455 2082 3502 et

507 3555 762 3595 rursum:
807 3559 824 3591 ι
853 3539 1044 3595 Omnis
1076 3548 1221 3595 terra
1255 3540 1445 3595 adoret
1493 3548 1545 3594 te
1560 3540 1639 3607 ⁸⁶;
1667 3559 1684 3592 »
1726 3541 2075 3610 iterumque:

508 3650 527 3683 ι
556 3631 888 3697 Benedicite,
924 3642 1135 3703 gentes.
1169 3632 1338 3688 Deum
1388 3641 1641 3687 nostrum
1663 3632 1739 3699 9°;
1770 3652 1789 3685 »
1834 3634 1888 3686 in
1934 3648 2079 3703 prae-

432 3774 441 3783 .
499 3725 642 3780 senti
691 3724 903 3795 psalmo
938 3725 1215 3789 similiter,
1258 3724 1700 3780 animadvertens
1736 3741 1935 3795 magno
1973 3726 2078 3779 sibi

496 3832 637 3887 opus
684 3832 809 3872 esse
869 3817 936 3872 ad
999 3817 1239 3873 faustum
1292 3818 1621 3889 evangelicae
1671 3818 2080 3889 prmdicatiouis

496 3910 703 3962 exitum
740 3907 832 3963 Dei
867 3908 1091 3971 auxilio,
1130 3908 1289 3978 quasi
1330 3908 1435 3963 sibi
1487 3910 1790 3964 accinendo
1836 3909 1916 3964 sic
1950 3924 2077 3978 pre-

497 4008 685 4053 catur:
726 4018 743 4051 ‹
769 4001 911 4054 Deus
942 4001 1263 4055 misereatur
1296 4001 1470 4055 nostri
1504 4008 1559 4055 et
1578 4001 1866 4057 benedieat
1896 4001 2078 4065 nobis,

498 4090 771 4145 illuminet
806 4093 1016 4145 vultum
1059 4108 1219 4147 suum
1254 4108 1421 4162 super
1463 4108 1588 4157 nos,
1646 4101 1699 4148 et
1750 4094 2080 4148 misereatur

450 4220 459 4259 ,η
498 4182 731 4236 nostri.»
810 4182 923 4238 Nos
969 4185 1170 4255 quippe
1228 4184 1367 4238 nihil
1425 4184 1667 4239 dicimus
1726 4199 1872 4248 esse,
1940 4184 2078 4236 nihil

498 4288 662 4344 posse
691 4274 945 4339 fatemur,
982 4291 1106 4329 cum
1140 4276 1277 4330 viles
1305 4275 1581 4342 homines,
1625 4277 1923 4346 simplices.
1952 4291 2081 4345 pau-

498 4382 657 4438 peres
684 4368 1034 4423 ethominum
1064 4370 1326 4439 postremi
1360 4370 1555 4425 simus.
1590 4369 1709 4439 Ipse
1738 4384 1868 4425 vero
1903 4369 2070 4431 Deus,

496 4462 591 4535 qui
628 4478 728 4517 nos
758 4463 811 4516 in
843 4462 1036 4519 salutis
1068 4463 1308 4531 gentium
1336 4462 1621 4518 ministros
1653 4461 1877 4531 adlegit,
1905 4463 2079 4530 primo

2184 1982 2292 2034 Καὶ
2324 1983 2351 2033 6
2381 1979 2569 2051 παρὼν
2593 1976 2805 2047 ψαλμὸς
2832 1974 3184 2044 εὐαγγελικὸς
3208 1972 3305 2037 ὢν,
3337 1973 3435 2043 τῆς
3461 1972 3626 2041 αὐτῆς
3650 1970 3780 2040 ἕχε-

2184 2090 2270 2125 ται
2303 2069 2378 2141 τῷ
2408 2070 2514 2142 πρὸ
2542 2068 2705 2124 αὐτοῦ
2739 2066 3011 2129 διανοίας’
3054 2065 3242 2135 διόπερ
3295 2082 3313 2114 ι
3336 2064 3416 2126 είς
3458 2062 3518 2115 τὸ
3568 2062 3728 2123 τέλος
3752 2078 3772 2111 ι

2183 2162 2537 2233 παραπέμπει
2567 2159 2661 2211 καὶ
2688 2157 2848 2220 αὐτὸς
2874 2197 2889 2221 ,
2927 2155 3073 2226 «ᾠδή
3102 2174 3120 2206 »
3159 2171 3219 2207 τε
3251 2173 3268 2205 ι
3291 2152 3537 2224 ψαλμοῦ»
3579 2153 3783 2221 ἐπιγέ-

2182 2270 2427 2326 γραπται
2451 2266 2466 2280 ⁶
2500 2251 2621 2304 ἐπεὶ
2648 2251 2898 2311 κάκεῖνος
2921 2247 3135 2319 ψαλμὸς
3162 2247 3302 2317 ᾠδῆς
3347 2246 3562 2314 ἐλέγετε
3603 2241 3778 2299 εἶναι.

2182 2347 2409 2417 Μήποτε
2447 2344 2502 2398 δὲ
2537 2346 2597 2397 τὸ
2631 2344 2777 2405 τίνος
2809 2337 2914 2394 εἷεν
2937 2340 3084 2410 λόγοι
3111 2340 3392 2412 οὐδέτερος
3414 2339 3588 2392 αὐτῶν
3610 2340 3672 2390 ἐν
3704 2343 3777 2411 τῇ

2184 2440 2473 2509 προγραφῇ
2507 2436 2799 2506 παρίστησι
2825 2433 2913 2486 διὰ
2937 2434 2998 2486 τὸ
3031 2432 3258 2504 ἐναργὲς
3285 2431 3392 2484 τῶν
3416 2429 3781 2501 προφητικεξ

2182 2531 2521 2601 εἰσηγμένων
2572 2532 2630 2582 ἐν
2662 2530 2845 2590 αὐτοῖς
2880 2524 3202 2597 προσώπων.
3268 2526 3332 2578 Οί
3366 2525 3603 2596 κήρυκες
3633 2523 3782 2592 γοῦν

2181 2622 2289 2676 τῶν
2316 2621 2515 2687 ὲθνῶν,
2550 2622 2599 2674 οἱ
2629 2621 2913 2675 ἀπόστολοι
2941 2620 3140 2690 δηλαδὴ
3174 2618 3268 2671 τοῦ
3304 2619 3555 2689 Σωτῆρος
3585 2617 3778 2686 ἡμῶν,

2182 2717 2239 2769 ὲν
2274 2715 2517 2787 ἐκατέρῳ
2550 2715 2993 2787 παρελήφθησαν.
3027 2711 3234 2764 Αὐτίκα
3264 2710 3394 2778 γοῦν
3426 2712 3518 2763 καὶ
3548 2709 3631 2762 διὰ
3659 2709 3783 2763 τῶν

2183 2808 2557 2879 προκειμένων
2586 2808 2913 2870 ἀκαλύπτως
2948 2804 3247 2858 ἀναϐοῶσιν
3286 2806 3342 2857 έν
3374 2806 3438 2874 τῇ
3475 2806 3544 2874 γῇ
3582 2802 3679 2856 καὶ
3716 2804 3784 2856 ὲν

2184 2902 2318 2954 πᾶσι
2338 2904 2448 2963 τοῖς
2472 2900 2647 2954 ἔθνεσι
2666 2900 2726 2954 τό
2746 2917 2803 2951 τε
2829 2899 3094 2970 σωτήριον
3113 2896 3208 2949 τοῦ
3224 2896 3358 2949 Θεοῦ
3379 2936 3392 2960 ,
3417 2897 3510 2949 καὶ
3530 2896 3626 2966 τὴν
3646 2894 3781 2948 ὁδὸν

2185 2990 2346 3045 αὐτοῦ
2374 2990 2682 3062 γνωσθῆναι
2705 2991 3018 3062 εὐχόμενοι·
3043 2986 3142 3042 εἶθ’
3164 2987 3320 3057 ἑξῆς·
3362 3007 3379 3039 ι
3416 2986 3785 3059 Ἑξομολογη-

2186 3085 2469 3138 σάσθωσάν
2499 3102 2579 3138 σοι
2609 3085 2727 3137 λαο)⁸
2746 3126 2759 3148 ,
2808 3087 2835 3137 6
2866 3084 2997 3146 Θεὸς
3018 3124 3031 3146 ,
3068 3081 3653 3153 ὲξομολογησάσθωσάν
3692 3099 3782 3135 σοι

2184 3177 2302 3232 λαοὶ
2356 3177 2573 3240 πάντες.
2653 3176 3126 3248 Εὐφρανθήτωσαν
3178 3176 3271 3227 καὶ
3323 3173 3785 3242 ἁγαλλιάσθωσαν

2183 3271 2329 3339 ἔθνη.
2348 3290 2364 3320 »
2398 3268 2507 3321 Καὶ
2534 3263 2687 3331 αὖθις
2721 3267 3034 3338 δευτεροῦσι
3064 3266 3155 3319 τὸν
3184 3265 3341 3333 λόγον
3371 3266 3450 3327 εἰς
3481 3264 3785 3333 βεϐαίωσιν

2183 3361 2288 3413 τῶν
2318 3356 2746 3428 θεσπιζομένων.
2794 3358 2850 3410 Ὀ
2880 3356 3039 3428 χορὸς
3072 3355 3249 3408 τοίνυν
3282 3358 3311 3408 6
3339 3353 3722 3418 ἁποστολικὸς,
3760 3356 3786 3408 5

2181 3452 2267 3505 διὰ
2288 3450 2395 3504 τῶν
2416 3449 2723 3521 ἔμπροσθεν
2743 3447 2996 3519 εἰρηκώς
3022 3467 3039 3499 ι
3064 3445 3389 3510 Ἀλαλάξατε
3406 3444 3483 3515 τῷ
3499 3445 3635 3514 Θεῷ,
3665 3448 3787 3499 πᾶ-

2182 3545 2295 3613 σαή
2314 3542 2386 3613 γῆ
2403 3560 2416 3573 ·
2433 3561 2449 3593 »
2480 3542 2574 3595 καὶ
2594 3537 2750 3605 αὖθις
2767 3558 2780 3571 ’
2807 3561 2823 3592 ι
2849 3542 3052 3609 Πᾶσαὴ
3074 3540 3146 3609 γῆ
3165 3538 3703 3609 προσκυνησάτωσαν
3720 3555 3740 3569 ·
3757 3557 3777 3589 »

2181 3636 2276 3688 καὶ
2301 3634 2481 3688 πάλινο
2512 3653 2529 3684 ι
2557 3632 2867 3701 Εὐλογεῖτε,
2890 3631 3039 3703 ἔθνη,
3060 3632 3148 3683 τὸν
3173 3631 3303 3684 Θεὸν
3331 3628 3485 3700 ἡμῶν
3506 3647 3519 3659 ·
3549 3649 3566 3679 »
3593 3630 3692 3683 καὶ
3720 3632 3786 3683 ὲν

2180 3725 2257 3797 τῷ
2288 3726 2425 3797 μετὰ
2455 3729 2641 3797 χεῖρας
2670 3726 2888 3796 ὁμοίως,
2914 3724 3075 3795 όρῶν,
3094 3724 3173 3774 ὅτι
3203 3720 3403 3789 πολλῆς
3435 3720 3603 3773 δεῖται
3640 3737 3788 3774 συν-

2182 3819 2369 3891 εργίας
2398 3819 2532 3873 Θεοῦ
2566 3820 2645 3882 είς
2688 3817 3023 3889 κατόρθωσιν
3063 3814 3155 3867 τοῦ
3206 3814 3557 3882 εὐαγγελικοῦ
3593 3814 3784 3884 κηρύ-

2181 3928 2412 3979 γματος,
2430 3909 2619 3982 ὥσπερ
2642 3909 2956 3979 κατεπᾴδων
2979 3906 3154 3977 ἑαυτῴ
3174 3906 3239 3959 δι’
3262 3905 3426 3975 εὐχῆς
3448 3922 3607 3975 φησιν
3625 3922 3636 3933 ·
3670 3924 3693 3956 ε
3720 3907 3785 3959 Ὁ

2180 4003 2311 4065 Θεὸς
2331 4003 2670 4073 οἰκτειρήσαι
2694 4002 2840 4071 ἡμᾶς
2863 4002 2955 4052 καὶ
2984 3999 3273 4069 εὐλογῆσαι
3301 4000 3478 4068 ἡμᾶς,
3506 3997 3784 4064 ἐπιφᾶναι

2180 4092 2241 4145 τὸ
2274 4092 2566 4163 πρόσωπον
2594 4090 2757 4145 αὐτοῦ
2804 4093 2888 4159 ἐφ’
2921 4092 3068 4160 ἡμᾶς
3094 4131 3108 4155 ,
3141 4090 3235 4142 καὶ
3281 4088 3499 4160 ἐλεῆσαι
3552 4090 3725 4157 ἡμᾶς.
3755 4109 3775 4138 »

2193 4183 2383 4253 Ἡμεῖς
2418 4182 2515 4252 μὲν
2548 4181 2656 4253 γὰρ
2687 4183 2909 4244 ἑαυτοὺς
2951 4182 3011 4233 τὸ
3049 4181 3216 4252 μηθὲν
3257 4176 3394 4233 εἷναί
3427 4197 3634 4250 φαμεν,
3674 4182 3785 4233 καὶ

2180 4275 2242 4329 τὸ
2280 4275 2444 4347 μηδὲν
2469 4274 2725 4329 δύνασθαι
2750 4274 3153 4345 ὁμολογοῦμεν,
3188 4273 3420 4336 εὐτελεῖς
3472 4273 3621 4335 ὄντες
3672 4277 3784 4327 καὶ

2187 4368 2393 4421 ἰδιῶται
2415 4408 2429 4431 ,
2463 4366 2696 4438 πένητές
2721 4385 2781 4420 τε
2817 4368 2911 4420 καὶ
2944 4368 3159 4420 πάντων
3187 4366 3403 4437 ἔσχατοι
3430 4365 3740 4437 ἀνθρώπων
3763 4386 3778 4398 ο

2182 4460 2342 4523 αὐτὸς
2361 4460 2417 4512 δὲ
2436 4462 2465 4512 6
2480 4459 2610 4523 Θεὸς
2632 4459 2915 4530 βουληθεὶς
2938 4460 3084 4529 ἡμᾶς
3102 4459 3378 4529 ὑπηρέτας
3398 4457 3643 4527 γενέσθαι
3667 4460 3785 4529 τῆς

496 4555 716 4623 quidem
768 4554 1096 4609 misereatur
1128 4552 1325 4616 nostri,
1366 4562 1568 4608 nostra:
1600 4554 1813 4608 scilicet
1843 4553 2076 4605 inﬁrmi-

2183 4552 2288 4605 τῶν
2308 4552 2477 4605 ὲθνῶν
2500 4553 2792 4625 σωτηρίας,
2819 4551 3035 4623 πρῶτον
3066 4551 3161 4622 μὲν
3184 4552 3573 4620 οἰκτειρήσειεν
3596 4552 3782 4620 ἡμᾶς,

496 4646 625 4701 tatis
681 4646 1162 4700 commiseratione
1213 4652 1539 4712 moveatur;
1594 4643 1792 4699 deinde
1862 4643 2071 4713 aliquid

500 4725 721 4806 adjiciat
749 4737 895 4808 quod
924 4737 1241 4794 confurtare
1283 4739 1487 4804 valeat;
1530 4737 1586 4793 id
1617 4744 1721 4798 est.
1768 4744 1826 4791 ut
1857 4737 2076 4792 benedi-

499 4836 588 4882 cat
615 4829 794 4893 nobis,
827 4829 1211 4885 benedictione
1242 4844 1374 4885 sane
1418 4829 1724 4899 spirituali;
1780 4844 1889 4899 quo
1928 4828 2075 4883 illius

499 4921 669 4990 gratia
723 4921 774 4973 in
803 4936 904 4976 nos
934 4921 1246 4991 impleatur,
1278 4928 1338 4975 ut
1368 4935 1464 4991 par
1494 4928 1598 4985 est,
1632 4919 1949 4990 hujusmodi
1980 4920 2075 4974 be-

497 5012 772 5072 nedictio:
842 5031 859 5063 ι
884 5012 1146 5079 Crescite,
1183 5023 1237 5069 et
1269 5013 1738 5083 multiplicamini,
1786 5021 1839 5068 et
1873 5012 2076 5082 repleto

499 5111 723 5166 terram,
747 5110 802 5158 et
824 5104 1181 5160 dominamini
1212 5106 1475 5161 illiusa’.»
1522 5104 1645 5159 Haec
1672 5105 1819 5160 enim
1851 5120 1880 5157 a
1915 5105 2072 5174 prin-

499 5196 641 5267 cipio
673 5196 727 5249 in
757 5197 945 5251 mundi
987 5208 1177 5253 exortu
1213 5199 1360 5253 dicta
1409 5208 1571 5253 sunt:
1604 5214 1727 5269 qua:
1758 5196 1929 5252 Judaei
1963 5213 2071 5251 non

499 5291 607 5344 alio
645 5305 808 5360 quam
867 5305 1134 5360 corporeo
1181 5306 1357 5355 more,
1412 5306 1510 5362 per
1557 5290 2070 5360 multiplicationem

496 5382 721 5453 impleta
769 5389 985 5453 putant.
1024 5380 1135 5436 Nos
1180 5389 1361 5437 autem
1412 5383 1566 5452 gnari
1620 5384 1817 5436 anima:
1857 5397 2074 5452 quoque

496 5477 709 5549 prolem
743 5491 868 5531 esse
944 5483 1107 5544 atque
1154 5473 1459 5543 discipulos
1509 5490 1631 5529 esse
1684 5474 2072 5544 magistrorum

500 5568 662 5630 ﬁlios,
704 5565 1019 5635 hujusmodi
1058 5565 1498 5621 benedictionem
1551 5566 1815 5635 consequi
1878 5578 2073 5633 preca-

506 5676 649 5724 mur,
681 5670 739 5714 ut
780 5674 1095 5715 crescamus
1148 5671 1202 5715 et
1257 5659 1686 5729 multiplicemur
1724 5655 2076 5711 multitudine

571 5837 620 5872 ⁸⁸
642 5837 786 5894 Psal.
814 5855 937 5901 ων,
966 5840 1017 5897 Ι.
1094 5842 1139 5875 ³⁸
1166 5840 1295 5896 ibid.
1332 5841 1384 5896 1.

2180 4638 2361 4694 οἶκτον
2390 4640 2545 4712 ἡμῶν
2575 4640 2752 4693 λαϐὼν
2778 4641 2877 4711 τῆς
2905 4641 3188 4706 ἀσθενείας
3209 4659 3222 4671 ·
3278 4638 3394 4693 εἶτα
3424 4641 3686 4711 προσθείη
3722 4660 3784 4697 τι

2183 4732 2244 4784 τὸ
2269 4731 2565 4802 δυνάμενον
2593 4733 2738 4803 ἡμᾶς
2759 4732 3074 4803 δυναμῶσαι
3100 4750 3112 4762 ’
3161 4732 3320 4785 τοῦτο
3350 4734 3405 4787 δὲ
3428 4728 3491 4803 ἦν
3521 4733 3577 4785 τὸ
3610 4734 3783 4788 εὐλο-

2181 4824 2348 4894 γῆσαι
2380 4827 2558 4895 ἡμᾶς·
2612 4824 2830 4896 εὐλογίᾳ
2857 4825 2921 4896 δὴ
2954 4828 3291 4897 πνευματικῇ
3319 4866 3333 4890 ,
3370 4827 3443 4889 ὡς
3471 4826 3533 4879 ἂν
3563 4827 3653 4878 καὶ
3689 4830 3786 4892 εἷς

2187 4918 2335 4988 ἡμᾶς
2370 4917 2683 4989 πληρωθείη
2738 4918 3060 4989 πρεπόντως
3089 4922 3154 4989 τῇ
3188 4918 3351 4973 αὐτοῦ
3383 4918 3561 4989 χάριτι
3592 4920 3624 4988 ἡ
3662 4921 3785 4987 φά-

2187 5024 2391 5061 σκουσα
2446 5008 2661 5078 εὐλογία
2686 5022 2699 5035 ⁸
2755 5028 2772 5059 ι
2801 5008 3103 5071 Αὐξάνεσθε
3127 5010 3221 5063 καὶ
3267 5009 3628 5081 πληθύνεσθε,
3672 5013 3785 5063 καὶ

2185 5100 2506 5172 πληρώσατε
2526 5101 2622 5173 τὴν
2648 5102 2770 5172 γῆν,
2798 5102 2889 5154 καὶ
2915 5103 3379 5173 κατακυριεύσατε
3404 5103 3586 5174 αὐτῆς.
3603 5102 3784 5154 »Ταῦ-

2181 5211 2248 5246 τα
2281 5194 2379 5263 μὲν
2400 5193 2508 5265 γὰρ
2532 5194 2624 5247 καὶ
2648 5194 2815 5247 πάλαι
2836 5195 2952 5247 κατ’
2980 5194 3153 5266 ἀρχὰς
3174 5197 3267 5249 ἐπὶ
3291 5197 3386 5266 τῆς
3412 5194 3783 5264 κοσμοποιίας

2181 5285 2367 5356 εἴρητο
2387 5303 2398 5314 ·
2436 5286 2696 5358 ἐνομίσθη
2728 5304 2787 5340 τε
2827 5288 3101 5351 Ἰουδαίοις
3126 5289 3225 5340 οὐκ
3259 5287 3432 5351 ἄλλως
3461 5287 3492 5355 ἢ
3523 5301 3782 5355 σωματι-

2181 5377 2293 5441 κῶς
2324 5378 2499 5448 μόνως
2522 5379 2611 5431 διὰ
2640 5380 2741 5449 τῆς
2765 5380 3115 5443 πολυτελείας
3146 5380 3502 5451 πληροῦσθαι.
3572 5378 3782 5446 Ἡμεῖς

2180 5468 2260 5530 δὲ,
2294 5468 2513 5533 εἰδότες,
2539 5470 2613 5533 ὼς
2633 5470 2747 5525 ἔστι
2776 5472 2869 5525 καὶ
2895 5472 3074 5542 ψυχῆς
3100 5472 3319 5541 ἔκγονα,
3345 5469 3673 5523 διδασκάλων
3705 5486 3778 5522 ’ῖιε

2184 5560 2370 5623 παῖδες
2408 5563 2455 5614 οί
2495 5562 2917 5634 μαθητευόμενοι
2942 5603 2957 5628 ,
2998 5564 3253 5634 τοιαύτης
3298 5562 3557 5634 ἁξιοῦμεχ
3577 5563 3777 5629 τυχεῖν

2184 5653 2431 5721 εὐλογίας
2451 5694 2465 5719 ,
2482 5654 2557 5719 ὡς
2582 5655 2646 5709 ἂν
2668 5656 2925 5729 αὐξηθείη
2935 5675 3031 5729 μεν
3056 5656 3151 5711 καὶ
3175 5655 3501 5728 πληθυνθείη
3510 5670 3606 5726 μεν
3623 5652 3775 5725 πλη·

1543 5840 1586 5869 ⁸⁸
1616 5836 1745 5891 ibid.
1771 5835 1826 5892 8.
1902 5835 1949 5876 ⁸⁷
1978 5834 2114 5891 Gen.
2148 5853 2186 5903 ι,
2223 5835 2318 5891 ‘28.
