4068 6552
328 331 434 385 67⁵5

1437 327 1945 385 LOMMENTARIA
1988 327 2055 383 ΙΝ
2093 326 2436 385 PSALMOS.

3492 330 3592 388 675

328 450 411 503 θει
435 448 543 501 τῶν
568 439 1021 518 μαθητευομενων
1040 487 1055 511 ,
1084 445 1309 517 μυριάσι
1332 464 1390 499 τε
1410 446 1518 500 τῶν
1539 447 1605 501 δι’
1628 451 1661 520 η
1671 449 1784 519 μῶν
1812 465 1907 502 σω-

2020 448 2438 514 discipulorum,
2456 454 2619 516 atque
2637 444 2849 500 infinito
2868 460 3058 502 eorum
3078 445 3170 515 qui
3196 461 3291 516 per
3322 460 3423 499 nos
3447 447 3596 501 salu-

326 540 570 610 ζομένων
590 578 604 600 ,
635 538 709 600 ὡς
736 537 800 590 ἂν
836 539 1042 588 εἰπεῖν·
1090 556 1105 586 ι
1132 536 1437 607 Εὐλογητὸς
1477 539 1505 590 6
1530 537 1662 601 Θεὸς
1696 541 1723 591 6
1762 538 1911 591 εὐλο-

323 632 503 701 γήσας
526 631 558 700 ή
567 630 671 699 μᾶς
693 630 747 680 ἐν
766 627 913 697 πάσῃ
944 626 1161 697 εὐλογίᾳ
1176 629 1518 697 πνευματικῇ
1542 628 1596 678 ἐν
1611 629 1723 690 τοῖς
1752 630 1913 680 ἐπου-

326 721 533 793 ρανίοις
565 724 622 775 ὲν
656 717 896 791 Χριστῷ.
932 737 949 769 ι
980 718 1165 781 Οὕτως
1207 714 1300 771 οῦν
1340 720 1368 770 6
1400 718 1531 782 Θεὸς
1576 721 1910 791 οἰκτειρήσω.

324 816 473 885 ἡμᾶς
518 814 804 885 πρότερον,
845 810 943 867 εἴτ’
988 813 1336 883 οίκτειρὴσας
1389 812 1687 884 εὐλογήσαι
1739 815 1907 885 ἡμᾶς.

325 904 498 957 Τοῦτο
529 904 584 957 δὲ
617 904 715 957 οὐκ
747 905 920 967 ἄλλως
944 904 1116 968 ἔσται,
1144 906 1192 957 εί
1228 904 1301 974 μὴ
1329 904 1589 973 ἐπιφᾶναι
1641 904 1701 957 τὸ
1745 905 1912 977 πρόσ-

333 1014 475 1050 ωπον
509 996 672 1050 αὐτοῦ
695 998 779 1066 ἐφ’
811 998 977 1067 ἡμᾶς,
1005 996 1142 1049 ὥστε
1172 996 1266 1048 καὶ
1294 998 1441 1067 ἡμᾶς
1466 998 1639 1050 εἰπεῖν
1659 1013 1671 1026 ·
1715 1017 1733 1049 ι
1758 999 1912 1069 Ἑση-

333 1088 535 1159 μειώθη
566 1091 812 1161 ἐφ’ήμᾶς
832 1090 893 1142 τὸ
924 1088 1037 1157 φῶς
1068 1087 1161 1140 τοῦ
1190 1088 1481 1160 προσώπου
1517 1107 1634 1154 σου,
1663 1090 1857 1161 Κύριε.
1885 1109 1903 1140 ι

334 1180 401 1235 [ὸ
445 1181 503 1233 δὲ
548 1180 928 1249 ἐπιλεγόμενον
968 1178 1114 1245 ἑξῆς,
1149 1198 1166 1225 ι
1198 1180 1289 1232 καὶ
1326 1179 1546 1249 ὲλεήσαι
1587 1182 1755 1251 ἡμᾶς,
1784 1200 1802 1231 ι
1836 1179 1909 1251 μὴ

332 1273 577 1343 ιιείμενον
624 1276 756 1344 μήτε
799 1275 856 1325 ἐν
899 1272 978 1343 τῷ
1026 1272 1317 1345 Ἐϐραῖκῴ,
1367 1274 1504 1343 μήτε
1555 1275 1612 1326 ἐν
1654 1276 1766 1336 τοῖς
1802 1272 1909 1326 λοι-

331 1368 449 1428 ποῖς
501 1368 882 1438 ἐρμηνευταῖς,
944 1367 1259 1435 ἀναγκαίως
1313 1366 1621 1420 ὠϐέλισται.
1679 1366 1798 1420 Τῶν
1852 1367 1909 1420 δὲ

329 1457 732 1529 προλεχθέντων
780 1459 1049 1529 εὐχόμεθα
1088 1463 1287 1530 τυχεῖν,
1334 1460 1418 1511 ἵνα
1460 1458 1775 1531 δυνηθῶμεν
1810 1460 1907 1529 τὴν

329 1549 444 1603 δδὸν
487 1549 651 1603 αὐτοῦ
681 1552 927 1621 γνωστὴν
960 1552 1185 1621 ποιῆσαι
1214 1554 1271 1603 ἐν
1300 1552 1446 1623 πάσῃ
1486 1555 1550 1623 τῇ
1580 1556 1671 1623 γῇ.
1704 1553 1794 1605 Διὸ
1822 1553 1909 1605 λέ-

327 1645 541 1694 λεκται·
582 1662 599 1692 ι
636 1643 741 1695 Τοῦ
778 1644 979 1712 γνῶναι
1013 1647 1071 1698 ἐν
1108 1647 1176 1715 τῇ
1214 1647 1285 1715 γῇ
1316 1643 1413 1715 τὴν
1441 1645 1559 1698 όδόν
1594 1661 1708 1699 σου.
1748 1665 1765 1695 ι
1813 1646 1907 1709 Τίς

327 1735 379 1789 δὲ
422 1738 455 1806 ἡ
489 1737 558 1805 γῆ
588 1737 680 1791 καὶ
710 1737 791 1801 τίς
823 1741 855 1810 ἠ
891 1739 1008 1803 ὁδὸς
1037 1738 1130 1792 τοῦ
1163 1736 1336 1803 Θεοῦ;
1367 1738 1441 1808 Γῆ
1492 1738 1590 1808 μὲν
1618 1740 1820 1802 πάντες
1857 1740 1906 1792 οί

2017 546 2124 591 tem
2156 538 2482 592 obtinebunt
2514 551 2766 600 numero,
2790 544 2848 590 ut
2874 536 3122 591 dicamus
3150 557 3161 590 :
3217 556 3234 587 ι
3266 536 3594 592 Benedictus

2014 629 2158 684 Deus
2171 629 2554 700 quibenedixit
2573 645 2673 685 nos
2693 630 2747 683 in
2767 629 2914 683 omni
2935 628 3312 683 benedictione
3324 628 3592 698 spirituali

2014 723 2069 776 in
2096 722 2415 777 coelestibus
2448 721 2505 777 in
2550 722 2886 777 Clarislos'.»
2915 720 3005 775 Sic
3034 737 3163 792 ergo
3182 721 3324 777 Deus
3359 722 3592 792 primum

2012 815 2549 882 misereaturnostri,
2572 814 2768 869 deinde
2796 815 3054 869 misertus
3086 815 3375 868 benedicat
3408 814 3590 869 nobis.

2011 906 2069 961 Id
2099 921 2263 977 porro
2292 922 2637 977 nequaquam
2669 908 2903 972 eveniet,
2946 907 3051 962 nisi
3085 908 3354 963 illuminet
3382 908 3590 961 vultum

2012 1014 2169 1053 suum
2199 1015 2363 1070 super
2394 1014 2531 1054 nos:
2570 1000 2645 1051 ita
2676 1007 2733 1053 ut
2760 1008 2814 1053 et
2862 1015 2961 1054 nos
2992 999 3243 1053 dicamus
3274 1016 3287 1052 :
3331 1017 3349 1048 ι
3395 998 3579 1067 Signa-

2012 1101 2123 1146 tum
2154 1100 2239 1147 est
2271 1108 2436 1162 super
2485 1109 2587 1147 nos
2635 1094 2821 1149 lumen
2870 1093 3050 1147 vultus
3079 1093 3178 1155 tui,
3226 1091 3534 1147 Domine”.
3568 1110 3585 1141 ι

2010 1181 2166 1246 Quod
2226 1184 2477 1252 sequitur
2528 1198 2723 1252 porro,
2765 1202 2782 1234 ι
2828 1190 2881 1237 ct
2935 1184 3262 1237 misereatur
3308 1192 3511 1245 nnsll‘l,
3566 1202 3585 1233 ι

2010 1290 2133 1330 cum
2160 1289 2335 1345 neque
2361 1277 2415 1329 in
2443 1274 2732 1340 Hebraico,
2764 1291 2942 1346 neque
2983 1275 3038 1329 in
3076 1275 3300 1345 reliquis
3326 1275 3575 1344 interpre-

2008 1366 2156 1420 tibus
2185 1366 2412 1435 legatur,
2432 1366 2610 1432 obelo,
2644 1374 2703 1431 ut
2729 1376 3154 1422 consentaneum
3185 1373 3325 1429 erat,
3344 1374 3589 1419 notatum

2008 1463 2111 1511 est.
2144 1455 2271 1510 ldeo
2297 1467 2476 1512 autem
2498 1458 2612 1526 jam
2651 1466 2949 1512 memorata
2977 1457 3195 1526 assequi
3230 1472 3508 1527 rogamus,
3536 1463 3588 1511 ut

2012 1550 2150 1603 viam
2173 1551 2292 1619 ejus
2325 1552 2379 1604 in
2406 1551 2660 1605 universa
2697 1558 2842 1604 terra
2870 1562 3052 1605 notam
3089 1551 3266 1607 facere
3291 1551 3587 1605 valeamus.

2008 1639 2191 1706 Quare
2236 1642 2480 1697 dicitur:
2524 1662 2541 1694 ι
2590 1642 2661 1697 Ut
2697 1658 3095 1713 cognoscamus
3147 1644 3203 1697 in
3255 1652 3401 1699 terra
3448 1645 3589 1696 viam

2008 1744 2179 1787 tuam.
2213 1754 2231 1786 ι
2272 1734 2531 1800 Quaenam
2565 1742 2711 1789 terra
2743 1735 2887 1788 illa?
2936 1750 3057 1804 quae
3109 1735 3193 1789 via
3240 1733 3373 1789 Dei?
3423 1732 3588 1788 Terre

328 1827 422 1897 τὴν
450 1826 555 1896 γῆν
582 1827 855 1892 οἰκοῦντες
884 1829 1159 1900 ἄνθρωποι
1189 1828 1283 1881 καὶ
1318 1828 1496 1881 πάντα
1526 1829 1595 1881 τὰ
1628 1828 1749 1882 καθ’
1780 1829 1907 1900 ὅλης

2012 1828 2272 1881 nimirum
2324 1836 2453 1882 sunt
2490 1842 2682 1883 omnes
2716 1828 2966 1883 homines
2998 1836 3197 1883 terram
3250 1827 3551 1882 incolentes

328 1918 423 1989 τῆς
453 1919 777 1990 οἰκουμένης
813 1920 940 1989 ἔθνη
963 1937 977 1952 ο
1020 1920 1139 1984 ὁδὸς
1176 1922 1231 1974 δέ
1266 1920 1361 1973 τοῦ
1405 1918 1539 1973 Θεοῦ
1579 1921 1607 1972 6
1653 1920 1908 1990 θεοσεϐὴς

321 2008 440 2079 βίος
459 2028 471 2040 ·
509 2005 569 2063 οὐ
598 2011 658 2063 τὸ
686 2011 838 2074 τέλος
864 2012 999 2083 πρὸς
1038 2012 1201 2065 αὐτὸν
1232 2013 1354 2081 ἄγει
1396 2011 1487 2064 τὸν
1515 2011 1669 2076 Θεὸν,
1706 2010 1779 2075 ὡς
1818 2012 1909 2064 ἐπὶ

321 2103 659 2173 μητρόπολιν
688 2103 927 2171 ἀγαθῶν.
963 2105 1075 2157 Καὶ
1106 2105 1266 2168 αὐτὸς
1298 2105 1354 2157 δὲ
1398 2107 1426 2158 6
1461 2106 1726 2175 σωτήριος
1756 2104 1910 2172 λόγος

319 2190 407 2261 εῐη
442 2190 507 2243 ἂν
541 2191 659 2255 ὁδὸς
691 2191 786 2244 τοῦ
819 2192 973 2245 Θεοῦ.
1020 2192 1111 2245 Διὸ
1153 2192 1280 2263 ἑξῆς
1314 2194 1503 2262 ὥσπερ
1539 2193 1909 2264 διερμηνεύων

319 2280 416 2352 τὴν
450 2282 693 2336 διάνοιαν
720 2283 999 2351 ἐπιλέγει·
1041 2302 1059 2334 ι
1106 2285 1194 2337 Ἐν
1219 2285 1351 2337 πᾶσι
1377 2287 1487 2347 τοῖς
1516 2282 1693 2337 ἔθνεσι
1727 2285 1786 2337 τὸ
1812 2302 1910 2337 σω-

319 2373 506 2443 τήριόν
546 2390 660 2428 σου.
696 2392 715 2425 ι
749 2375 934 2438 Ὅπως
983 2370 1076 2427 οὖν
1112 2374 1428 2445 δυνηθῶμεν
1459 2377 1517 2427 ἐν
1548 2375 1697 2448 πάσῃ
1727 2378 1792 2447 τῇ
1834 2378 1903 2445 γῇ

319 2467 417 2518 καὶ
449 2467 508 2518 ὲν
549 2467 681 2519 πᾶσι
730 2468 841 2529 τοῖς
890 2466 1067 2519 ἔθνεσι
1111 2470 1225 2530 τοῖς
1270 2468 1370 2538 τὴν
1418 2468 1519 2539 γῆν
1551 2467 1761 2521 οἰκοῦσι
1807 2469 1906 2539 τὴν

319 2558 438 2611 ὀδόν
474 2576 566 2611 σου
594 2560 687 2611 καὶ
710 2558 773 2612 τὸ
798 2559 1065 2630 σωτήριόν
1093 2576 1211 2624 σου,
1242 2560 1438 2614 ταύτὸν
1463 2561 1571 2632 γάρ
1596 2562 1731 2625 ἐστι,
1767 2578 1907 2629 γνω-

322 2650 448 2702 στὸν
476 2651 719 2721 ποιῆσαι,
747 2651 1091 2722 οἰκτείρησον
1119 2652 1289 2723 ἡμᾶς,
1312 2654 1340 2705 6
1373 2652 1524 2717 Θεὸς,
1554 2654 1647 2706 καὶ
1679 2653 1905 2724 εὐλόγη-

321 2757 415 2795 σον
449 2745 616 2813 ἡμᾶς,
662 2745 755 2797 καὶ
794 2744 855 2796 τὸ
884 2744 1173 2814 πρόσωπόν
1204 2762 1295 2797 σου
1329 2746 1590 2813 ἐπίφανον
1627 2746 1711 2813 ἐφ’
1737 2747 1904 2816 ἡμᾶς,

322 2832 411 2886 ῖνα
444 2834 821 2905 πληρωθέντες
852 2836 1026 2904 φωτὸς
1055 2838 1117 2888 ἐκ
1148 2836 1243 2889 τοῦ
1271 2835 1561 2906 προσώπου
1588 2852 1706 2901 σου,
1740 2854 1907 2889 κατα-

319 2924 621 2997 λάμψωμεν
654 2928 862 2991 πάντας
891 2926 1230 2999 ἀνθρώπους.
1260 2928 1324 2980 El.
1352 2926 1460 2996 γὰρ
1487 2928 1560 2998 μὴ
1593 2926 1744 2981 ταῦθ’
1778 2930 1907 2997 ἡμῖν

320 3018 634 3089 ὑπάρξειεν,
667 3019 816 3072 οὐδέν
841 3022 1005 3090 ἐσμεν
1034 3022 1194 3091 ἡμεῖς
1226 3020 1364 3091 πρὸς
1393 3021 1492 3090 τὴν
1528 3020 1622 3073 τοῦ
1651 3020 1908 3091 τηλικού-

318 3127 414 3164 του
450 3112 772 3183 πράγματος
802 3112 1162 3184 κατόρθωσιν.

2012 1925 2067 1972 et
2090 1925 2279 1986 gentes
2308 1918 2624 1973 universum
2660 1918 2849 1972 orbem
2882 1926 3245 1988 occupantes;
3281 1918 3366 1973 via
3410 1926 3585 1972 auten

2012 2007 2127 2073 Dei,
2151 2019 2233 2064 est
2263 2010 2520 2080 religiosa
2543 2009 2676 2073 vita,
2702 2010 2862 2079 cujus
2914 2010 3037 2064 finis
3073 2011 3138 2064 ad
3166 2011 3347 2079 ipsum
3384 2008 3553 2063 Deum
3574 2064 3586 2074 ,

2010 2120 2109 2160 ceu
2157 2105 2224 2159 ad
2279 2104 2569 2174 quamdam
2624 2105 2895 2159 bonorum
2954 2104 3295 2173 metropolim
3349 2103 3587 2158 deducit.

2008 2196 2238 2266 Ipseque
2267 2196 2524 2251 salutaris
2552 2211 2732 2251 sermo
2755 2197 2841 2250 via
2872 2194 2966 2249 Dei
2997 2196 3181 2250 fuerit.
3225 2194 3588 2261 Quamobrem

2009 2288 2113 2342 sub
2159 2288 2273 2341 haec
2324 2288 2471 2341 velut
2510 2289 2836 2342 sententiam
2887 2288 3166 2356 explicans
3198 2287 3428 2356 adjicit:
3472 2305 3489 2337 ι
3532 2286 3591 2341 la

2007 2380 2266 2433 omnibus
2308 2379 2562 2449 gentibus
2608 2380 2852 2433 salutare
2882 2387 3056 2433 tuum.
3093 2399 3111 2430 ›
3168 2377 3239 2433 Ut
3280 2379 3462 2449 itaque
3496 2394 3587 2433 va-

2007 2472 2216 2526 leamus
2240 2472 2295 2524 in
2326 2472 2472 2524 omni
2498 2478 2645 2525 terra
2671 2482 2724 2525 et
2746 2471 2801 2525 in
2828 2471 3083 2525 omnibus
3108 2471 3363 2541 gentibus
3390 2481 3590 2529 terram

2006 2563 2376 2617 incolentibus
2402 2563 2544 2617 viam
2574 2570 2723 2617 tuam
2747 2570 2800 2617 et
2822 2564 3064 2619 salutare
3090 2573 3265 2628 tuum,
3296 2578 3420 2617 nam
3448 2563 3591 2618 idem

2008 2656 2185 2727 ipsum
2226 2662 2332 2721 est,
2368 2664 2559 2709 notum
2596 2655 2798 2718 facere,
2834 2656 3095 2712 miserere
3120 2654 3501 2719 nostri,Deus,
3537 2663 3592 2709 et

2006 2749 2236 2805 benedic
2288 2749 2483 2812 nobis,
2529 2749 2847 2819 vultumque
2900 2757 3055 2802 tuum
3121 2748 3364 2802 illumina
3426 2763 3592 2818 super

2006 2858 2139 2909 nos;
2174 2851 2233 2897 ut
2269 2843 2477 2897 lumine
2509 2844 2693 2897 vultus
2732 2843 2809 2896 tui
2842 2843 3031 2912 repleti
3058 2882 3072 2905 ,
3124 2858 3315 2896 omnes
3343 2843 3593 2898 homines

2006 2934 2368 2990 illustremus.
2402 2935 2618 2989 Atenim
2664 2936 2767 2990 nisi
2799 2935 2913 2989 haec
2948 2936 3106 2990 nobis
3139 2936 3436 3000 adfuerint,
3456 2937 3591 2990 nihil

2008 3027 2075 3082 ad
2100 3035 2310 3082 tantam
2339 3043 2456 3082 rem
2483 3027 2869 3099 perﬁciendam
2906 3044 3116 3084 sumus.

398 3242 417 3274 ι
463 3224 1079 3297 Ἐξομολογησάσθωσάν
1127 3242 1207 3278 σοι
1238 3224 1378 3288 λαοὶ,
1415 3226 1443 3277 6
1474 3224 1626 3288 Θεὸς,
1653 3223 1903 3295 ἐξομολο-

2074 3228 2242 3285 Vens.
2267 3230 2378 3284 4-8.
2411 3247 2430 3282 ι
2467 3231 2845 3286 Conﬁteantur
2873 3230 2970 3284 tibi
2993 3229 3200 3300 populi,
3228 3228 3396 3293 Deus,
3421 3227 3592 3283 conli-

316 3318 681 3389 γησάσθωσάν
722 3336 802 3371 σοι
831 3319 951 3372 λαοὶ
984 3320 1205 3383 πάντες.
1238 3316 1731 3389 Εὐφρανθητωσαν.
1766 3336 1784 3368 ›
1823 3318 1904 3370 Τὰ

323 3410 424 3482 μὲν
454 3410 643 3482 πρῶτα
674 3413 881 3475 ἑαυτοῖς
904 3410 1210 3483 ἐπηύξαντο
1229 3413 1277 3463 οί
1305 3410 1413 3463 τῶν
1440 3408 1609 3462 ἐθνῶν
1634 3410 1898 3481 κήρυκες·

318 3502 390 3556 τὰ
416 3503 471 3555 δὲ
508 3504 841 3574 προκείμενα
868 3506 980 3566 τοῖς
1010 3504 1069 3556 τὸ
1098 3503 1164 3555 δι’
1199 3501 1377 3555 αὐτῶν
1417 3502 1681 3571 κήρυγμα
1723 3518 1903 3572 παρα-

319 3593 655 3665 δεξαμένοις.
700 3596 810 3647 Καὶ
838 3595 903 3665 δὴ
932 3596 1027 3648 καί
1057 3594 1272 3665 πρῶτον
1308 3593 1406 3664 μὲν
1446 3594 1629 3655 αὐτοῖς
1658 3592 1907 3663 ἐξομολο-

319 3689 535 3758 γήσεως
562 3687 841 3758 ὲνδοθῆναι
871 3687 1057 3760 χώραν
1084 3686 1356 3758 εὐχονται,
1389 3686 1538 3748 ὅπως
1566 3684 1637 3737 τὰ
1666 3686 1906 3757 πρότερα

322 3779 532 3832 ἑαυτῶν
582 3779 1033 3852 πλημμελήματα
1082 3780 1177 3832 καὶ
1225 3778 1323 3841 τὰς
1383 3778 1441 3829 ἐν
1495 3776 1906 3849 εἰδωλολατρεία

318 3868 641 3933 ὅδσσεϐείας
682 3871 1107 3942 ἀπορρύψωνται
1154 3869 1243 3923 διὰ
1286 3869 1385 3939 τῆς
1436 3868 1901 3941 ἐξομολογήσεως’

317 3962 575 4035 δεύτερον
603 3963 977 4036 καθαρθέντας
1008 3965 1204 4027 αὐτοὺς
1234 3967 1415 4033 τυχεῖν
1451 3965 1789 4035 εὐφροσύνης
1816 3966 1908 4017 καὶ

320 4055 695 4124 ἀγαλλιάσεως
721 4056 822 4125 τῆς
855 4055 1006 4127 παρὰ
1035 4055 1112 4126 τῷ
1142 4054 1261 4126 Θεῷ
1298 4055 1619 4109 ἱκετεύουσι.
1643 4056 1731 4108 Διὸ
1756 4056 1907 4127 πρῶ-

318 4164 411 4201 τον
437 4147 598 4216 φασίν
617 4163 631 4179 ·
672 4165 693 4199 ‹
735 4145 1355 4218 Ἐξομολογησάσθωσάν
1378 4163 1461 4199 σοι
1489 4146 1629 4212 λαοὶ,
1652 4150 1679 4199 ό
1705 4146 1855 4210 Θεός.
1885 4165 1902 4197 ι

334 4240 476 4293 Ἀλλ’
509 4240 631 4293 ἐπεὶ
666 4239 945 4293 συνέϐαινε
979 4241 1145 4311 μήπω
1172 4241 1410 4291 συνεῖναι
1435 4241 1583 4310 ἡμᾶς
1616 4239 1802 4303 ποίους
1830 4241 1908 4291 εί-

323 4334 527 4406 ρήκασι
574 4332 771 4396 λαούςο
820 4333 944 4385 ἐπεὶ
978 4333 1073 4384 καὶ
1109 4331 1170 4384 τὸ
1215 4331 1484 4384 Ἰουδαίων
1530 4330 1681 4393 ἔθνος
1722 4330 1908 4403 ἀθροί-

321 4442 508 4496 σματα
540 4425 637 4477 καὶ
667 4424 832 4487 λαοὺς
877 4422 1170 4494 ἐκέκτητο·
1205 4423 1537 4491 ἀναγκαίως,
1573 4422 1657 4475 ἵνα
1701 4423 1908 4491 νοήσω-

2006 3324 2223 3373 teantur
2240 3319 2338 3373 tibi
2358 3321 2541 3390 populi
2562 3336 2771 3375 tuunes.
2794 3318 3087 3375 Lmtcntur.
3122 3339 3139 3371 ι
3161 3318 3353 3373 Priora
3370 3320 3591 3389 quidem

2005 3411 2109 3466 sibi
2128 3428 2405 3481 praecones
2437 3415 2677 3484 gentium
2700 3414 3080 3483 postularunt;
3103 3413 3215 3467 haec
3238 3428 3366 3467 vero
3397 3413 3465 3467 iis
3495 3412 3589 3482 qui

2005 3502 2448 3571 praedicationem
2476 3519 2632 3559 suam
2658 3510 3012 3573 exceperunt.
3030 3503 3093 3557 Et
3110 3505 3283 3574 primo
3301 3504 3438 3574 ipsis
3459 3520 3595 3558 con-

2005 3594 2263 3651 fessionis
2293 3597 2471 3650 locum
2493 3598 2608 3652 dari
2632 3605 2945 3666 precantur,
2980 3605 3037 3651 ut
3069 3614 3164 3667 per
3190 3598 3593 3653 confessionem

2006 3688 2237 3757 pristina
2285 3687 2481 3741 delicta
2525 3697 2579 3743 et
2618 3689 2937 3743 idololatria:
2993 3688 3322 3758 impietatem
3383 3689 3595 3743 abster-

2006 3786 2155 3849 gant.
2198 3775 2451 3832 Secundo
2482 3786 2674 3849 rogant
2704 3788 2763 3833 ut
2794 3781 3005 3849 purgati
3040 3780 3280 3836 la‘litiam
3317 3790 3369 3835 et
3410 3783 3594 3835 exsul-

2008 3869 2269 3925 tationem
2310 3884 2340 3922 a
2388 3868 2497 3924 Deo
2559 3862 2989 3940 consequantur.
3041 3870 3221 3937 Quare
3279 3874 3454 3942 primo
3510 3874 3595 3927 dl-

2008 3974 2139 4017 cunt
2194 3982 2209 4017 :
2255 3982 2272 4014 ι
2310 3962 2687 4018 Confiteantur
2752 3963 2847 4017 tibi
2915 3965 3131 4035 populi,
3203 3964 3364 4021 lletts.
3417 3986 3435 4018 ι
3485 3966 3593 4022 Sed

2007 4056 2134 4125 quia
2172 4056 2412 4110 nondum
2448 4056 2607 4111 nobis
2630 4064 2823 4109 notum
2855 4068 2995 4119 erat,
3025 4058 3118 4128 qui
3151 4059 3337 4127 populi
3382 4058 3587 4113 indica—

2008 4156 2239 4214 rentur;
2282 4164 2408 4203 nam
2460 4150 2576 4220 ipsa
2611 4164 2832 4220 quoque
2877 4148 3102 4204 Judaica
3137 4166 3269 4220 gens
3318 4159 3495 4207 cmtus
3538 4158 3594 4205 ct

2008 4240 2237 4309 ροιιιιιοε
2263 4238 2488 4305 habuit;
2522 4245 2580 4292 ut
2614 4239 2856 4294 sciamus
2881 4239 3081 4308 quibus
3110 4239 3175 4293 de
3211 4240 3429 4308 pOpulis
3464 4256 3597 4310 aga-

2009 4340 2121 4393 tur,
2152 4331 2468 4386 necessario
2498 4337 2773 4401 repetunt.
2806 4338 3149 4398 mentemque
3205 4345 3361 4385 suam
3412 4332 3596 4386 decla-

2009 4432 2133 4477 rant
2168 4424 2255 4479 his
2276 4424 2498 4478 verbis:
2546 4441 2565 4474 ‹
2605 4422 3098 4477 Confiteanturtibi
3126 4424 3309 4492 pepuli
3337 4438 3546 4479 omnes.
3572 4445 3590 4477 ι

325 4535 426 4587 μεν
452 4516 621 4569 ποίων
634 4515 1042 4586 ἐμνημόνευσαν
1071 4514 1237 4579 λαῶν,
1263 4512 1572 4586 δευτεροῦσι
1590 4514 1907 4586 τρανοῦντες

2016 4516 2154 4570 Num
2191 4515 2329 4571 forte
2382 4530 2477 4585 per
2508 4514 2719 4585 priores
2775 4515 2937 4578 illos,
3001 4513 3315 4569 Judaaorum
3364 4518 3597 4586 populos

319 4609 419 4676 τὴν
466 4607 704 4660 διάνοιαν
744 4609 802 4660 ὲν
844 4606 921 4677 τῷ
960 4606 1173 4675 λέγειν·
1217 4626 1234 4657 ι
1292 4606 1908 4676 Ἐξομολογησάσθωσάν

324 4716 408 4751 σοι
430 4700 549 4751 λαοὶ
568 4700 787 4762 πάντες.
828 4718 846 4749 ι
883 4700 1105 4770 Μήποτε
1135 4698 1191 4751 δέ
1224 4699 1309 4753 διὰ
1341 4699 1446 4752 τῶν
1476 4698 1755 4771 προτέρων
1783 4698 1908 4760 τοὺς

326 4790 480 4860 παρὰ
523 4790 795 4853 Ἰουδαίοις
822 4790 985 4853 λαούς
1013 4791 1359 4856 αἰνίττονται,
1387 4790 1526 4860 ὑπὲρ
1555 4788 1734 4842 αὐτῶν
1764 4788 1908 4859 πρῶ-

326 4898 417 4934 τον
449 4882 547 4953 τὴν
588 4883 752 4953 εὐχὴν
794 4883 1235 4953 ἀναπέμψαντες,
1278 4883 1366 4937 διὰ
1403 4883 1459 4936 δὲ
1501 4882 1608 4935 τῶν
1641 4882 1907 4952 δευτέρων

324 4972 454 5034 τούς
488 4972 546 5040 ἐξ
591 4972 761 5025 ἐθνῶν
800 4973 995 5037 ).αούς;
1025 4974 1202 5043 Ὅπερ
1244 4974 1331 5026 ἵνα
1370 4972 1645 5043 γνώριμον
1684 4972 1908 5039 γένηται

326 5065 441 5125 τοῖς
476 5065 882 5133 ἐντυγχάνουσι,
918 5065 1172 5133 διασαφεῖ
1201 5064 1423 5133 φάσκων
1452 5066 1481 5115 6
1512 5063 1668 5130 λόγος
1693 5078 1706 5092 ·
1747 5082 1764 5111 ι
1802 5062 1907 5113 Εὐ-

334 5152 729 5225 φρανθήτωσαν
758 5157 852 5208 καὶ
879 5155 1327 5223 ἀγαλλιάσθωσαν
1361 5156 1508 5225 ἔθνη.
1548 5174 1568 5205 ›
1606 5153 1822 5224 Ἐπειδὴ
1852 5152 1910 5205 δὲ

334 5244 413 5308 δὶς
461 5246 541 5309 τὸ,
596 5265 613 5297 ι
670 5247 1257 5318 ἐξομολογησάσθωσάν
1308 5264 1410 5311 σοι,
1466 5266 1485 5297 ι
1541 5247 1774 5317 εἴρηται,
1813 5246 1913 5313 ὅρα

333 5338 548 5409 μήποτε
582 5340 644 5392 τὸ
676 5340 773 5410 μὲν
803 5340 1020 5410 πρῶτον
1052 5339 1236 5410 ἐδήλου
1276 5339 1386 5392 τῶν
1420 5338 1699 5409 προτέρων
1731 5339 1913 5407 ἀμαρ-

332 5427 592 5497 τημάτων
632 5430 729 5499 τὴν
755 5430 1063 5499 ὁμολογίαν,
1097 5430 1157 5481 τὸ
1196 5430 1251 5481 δέ
1279 5429 1549 5500 δεύτερον,
1593 5429 1691 5498 τὴν
1718 5428 1801 5496 ἐφ’
1834 5423 1915 5492 οἷς

331 5520 524 5590 Ετυχον
552 5522 774 5591 ἀγαθοῖς
807 5523 1175 5593 εὐχαριστίαν.
1214 5524 1565 5594 Λαμϐάνεται
1597 5522 1706 5593 γὰρ
1738 5525 1770 5593 ἡ
1801 5522 1915 5589 ἐξο-

336 5614 627 5684 μολόγησις
665 5616 758 5668 καὶ
786 5616 879 5668 ἐπὶ
909 5616 1277 5686 εὐχαριστίας.
1317 5615 1473 5668 Οὕτω
1503 5615 1631 5683 γοῦν
1664 5618 1692 5668 6
1724 5616 1913 5686 Σωτὴρ

418 5772 457 5805 ³⁸
480 5774 677 5846 Epltcs.
713 5792 749 5839 ι,
772 5775 824 5831 5.
902 5775 947 5808 ⁸⁹
968 5773 1113 5830 Psal.
1146 5792 1217 5840 tv,
1248 5776 1299 5830 7.
1414 5776 1459 5806 θ’
1480 5773 1669 5829 Matth.
1705 5790 1780 5839 XI,
1816 5775 1905 5827 ‘23.

2016 4607 2381 4669 subindicant,
2441 4621 2541 4676 pro
2591 4606 2806 4675 illisque
2857 4606 3161 4661 orationem
3209 4605 3387 4676 primo
3440 4608 3601 4661 emit-

2014 4706 2169 4764 tunt;
2207 4714 2304 4767 per
2332 4697 2606 4753 secundos
2635 4704 2836 4761 autem,
2866 4696 3107 4766 gentium
3144 4696 3411 4766 pepulos?
3441 4696 3597 4762 Quod

2014 4799 2073 4841 ut
2108 4786 2407 4856 legentibus
2462 4786 2683 4854 planum
2735 4784 2846 4847 fiat,
2886 4784 2971 4837 liis
3016 4783 3196 4837 verbis
3233 4782 3548 4838 declaratur
3580 4802 3595 4835 :

2021 4898 2039 4930 ι
2088 4879 2363 4934 La:tentur
2394 4886 2449 4932 et
2471 4876 2746 4931 exsultent
2766 4883 2975 4947 gentes.
3016 4895 3033 4926 ι
3062 4874 3331 4941 Quoniam
3361 4891 3490 4930 vero
3514 4876 3599 4930 bis

2017 4971 2171 5035 illud,
2209 4989 2228 5021 ι
2274 4969 2638 5025 confiteantur
2667 4968 2801 5032 tibi,
2842 4987 2861 5020 ι
2901 4969 3107 5022 dictum
3155 4978 3266 5035 est;
3323 4965 3598 5038 perpende

2016 5079 2147 5118 num
2188 5063 2423 5133 primum
2454 5062 2809 5131 pristinorum
2839 5060 3160 5114 delictorum
3192 5060 3596 5123 confessionem

2018 5153 2317 5224 significet;
2358 5152 2657 5207 secundum
2692 5166 2839 5213 vero,
2877 5152 3177 5219 gratiarum
3238 5166 3336 5221 pro
3382 5151 3596 5206 collatis

2018 5246 2178 5302 bonis
2209 5248 2500 5300 actionem.
2520 5243 2657 5297 Nam
2681 5243 2955 5299 confessio
2984 5244 3149 5297 etiam
3178 5260 3275 5314 pro
3296 5244 3594 5314 gratiarum

2020 5340 2235 5394 actione
2283 5345 2600 5407 usurpatur.
2637 5336 2728 5390 Sic
2758 5337 2900 5391 enim
2941 5336 3198 5390 Servator
3227 5336 3435 5405 gratias
3485 5334 3596 5403 agit

2022 5433 2255 5488 dicens:
2300 5451 2319 5483 ι
2369 5431 2645 5486 Confiteor
2701 5430 2837 5495 tibi,
2884 5428 3066 5493 Pater,
3113 5427 3339 5482 Domine
3384 5427 3503 5481 εωιί
3539 5431 3595 5479 et

2017 5533 2179 5581 terra:
2206 5526 2272 5578 9°.
2315 5545 2333 5578 ι
2368 5523 2500 5579 Post
2528 5524 2755 5595 primam
2792 5538 2921 5577 vero
2969 5532 3022 5577 et
3052 5522 3346 5577 secundam
3380 5518 3596 5573 confes-

2021 5616 2252 5680 sionem,
2282 5615 2395 5685 jam
2419 5615 2580 5669 tertio
2610 5629 2709 5685 pro
2749 5613 3001 5672 gentibus
3039 5611 3147 5666 illis
3175 5609 3441 5665 confessis
3473 5620 3598 5680 pre-
