4068 6524
483 317 590 372 675
1175 309 1444 367 EUSEBII
1483 305 1965 365 CZESARIENSIS
2006 304 2155 360 OPP.
2194 303 2377 358 PARS
2408 300 2498 357 Ill.
2536 333 2604 343 -ο
2637 297 3048 354 EXEGETICA.
3652 294 3756 348 6'76

480 451 694 495 cantur.
755 437 965 505 Quibus
1024 434 1243 489 verbis?
1293 453 1311 484 ι
1372 432 1649 487 Lazteutur
1700 440 1755 485 et
1801 430 2072 485 exsultent

2180 426 2493 498 ηὐχαρίστει
2519 422 2692 492 λέγων
2711 438 2724 452 ο
2764 441 2783 472 ι
2807 414 3266 489 Ἐξομολογοῦμαί
3289 433 3392 478 σοι,
3424 414 3629 485 Πάτερ,
3654 412 3755 467 Κύ-

480 542 691 607 gentes.
734 550 753 582 ι
786 529 903 595 Qua
936 542 1065 581 vero
1108 527 1176 581 de
1212 541 1381 580 causa
1407 568 1421 590 ,
1454 525 1652 580 deinde
1680 523 1841 578 docet
1882 525 1963 577 sic
1998 522 2076 575 lo-

2182 536 2263 591 ριε
2286 518 2381 571 τοῦ
2414 514 2642 587 οὐρανοῦ
2671 514 2765 567 καὶ
2794 513 2893 583 τῆς
2924 512 3047 581 γῆς.
3084 529 3103 561 ι
3141 506 3297 563 Μετὰ
3327 506 3382 559 δὲ
3407 508 3508 578 τὴν
3536 506 3760 576 πρώτην

482 596 696 699 quens:
735 642 755 675 ι
793 622 1060 689 Quoniam
1088 620 1361 691 iudicabis
1381 620 1612 691 populos
1634 620 1689 671 in
1725 618 2019 687 aequitate;
2053 637 2070 668 ι

2180 614 2273 665 καὶ
2318 610 2574 680 δευτέραν
2626 604 3013 677 ἐξομολόγησιν
3058 600 3382 671 ἐπεύχονται
3424 601 3538 663 τοῖς
3584 596 3760 652 ἔθνεσι

484 715 717 789 populos
775 718 955 765 autem
987 726 1096 764 non
1146 711 1396 781 aliquos,
1460 709 1583 763 aliis
1645 707 1931 771 dimissis;
1978 706 2076 762 sed

483 822 699 869 omnes,
731 812 789 858 ut
818 802 1256 858 demonstratum
1304 802 1558 873 superius
1604 810 1730 856 est:
1774 800 1869 869 qui
1921 801 2075 871 gnari

485 900 710 967 insuper
744 912 804 951 se
833 895 929 951 abs
969 903 1023 950 te
1049 896 1272 949 ductum
1305 896 1410 961 iri,
1462 906 1519 949 ut
1544 895 1690 948 viam
1717 894 1819 947 sibi
1850 909 1879 946 a
1920 893 2077 949 nobis

485 990 781 1046 indicatam
814 988 1225 1059 perambulent,
1254 988 1377 1056 jure
1411 986 1597 1040 ltetitia
1624 993 1679 1039 et
1711 983 2079 1039 exsultatione

485 1080 861 1152 replebuntur.
900 1076 1007 1130 Pro
1035 1077 1128 1130 illo
1159 1085 1362 1137 autem,
1394 1092 1413 1124 ι
1447 1080 1501 1128 et
1524 1073 1821 1136 exsultent,
1862 1091 1880 1122 ι
1908 1071 2078 1141 Aqui-

486 1167 557 1229 la,
591 1182 609 1214 ι
640 1170 694 1218 et
726 1161 1071 1231 laudabunt;
1108 1181 1126 1212 ι
1164 1159 1525 1231 Symmachus
1556 1174 1706 1221 vero,
1737 1177 1755 1209 ι
1815 1166 1870 1213 et
1914 1157 2081 1210 bene—

485 1257 688 1317 dicant,
720 1276 738 1308 ι
777 1254 1118 1326 interpretati
1176 1261 1328 1309 sunt.
1377 1271 1395 1304 ‹
1433 1251 1807 1307 Conﬁteantur
1833 1250 1933 1305 tibi
1983 1265 2080 1320 po-

486 1351 620 1421 puli,
650 1349 813 1410 Deus,
845 1350 1219 1403 conliteantur
1250 1346 1345 1401 tibi
1406 1344 1591 1415 populi
1650 1357 1840 1398 omnes
1883 1360 1896 1396 :
1932 1350 2079 1395 terra

485 1443 633 1497 dedit
662 1442 899 1497 fructum
926 1456 1107 1496 suum.
1144 1460 1163 1492 ›
1202 1440 1277 1494 De
1321 1439 1480 1494 bouis
1514 1437 1801 1508 promissis
1831 1435 1941 1489 tuis
1984 1433 2079 1488 lae-

487 1536 764 1590 tabundus
791 1535 1026 1605 Spiritus
1067 1545 1314 1595 sanctus,
1345 1529 1536 1585 iisdem
1579 1529 1806 1583 vocibus
1852 1526 2077 1590 insistit,

487 1628 644 1697 quasi
674 1629 743 1683 de
793 1628 1069 1681 communi
1130 1627 1508 1679 universorum
1569 1622 1850 1677 hominum
1905 1621 2081 1674 salute

487 1717 811 1772 delectatus.
843 1716 1022 1782 Quare
1070 1717 1154 1771 bis
1191 1726 1339 1770 terve
1395 1714 1628 1770 resumit
1648 1755 1662 1779 ,
1694 1728 1871 1782 neque
1901 1712 2019 1765 vult
2050 1726 2080 1764 a

2176 707 2290 767 τοῖς
2336 697 2894 772 ὲξομολογησαμένοις
2935 694 3007 748 τὰ
3053 693 3235 765 τρίτα.
3270 691 3405 745 Τίνα
3446 691 3504 744 δὲ
3550 688 3760 755 caiisa;

2184 817 2202 849 ι
2248 793 2720 866 Εὐφρανθήτωσαν
2754 790 2849 843 καὶ
2896 786 3348 857 ἀγαλλιάσθωσαν
3392 784 3540 855 ἔθνη.
3587 802 3605 834 ι
3649 784 3759 835 Καὶ

2176 887 2265 942 διὰ
2310 886 2471 939 ποίαν
2510 883 2708 945 αἰτίαν,
2739 882 2865 953 ἑξῆς
2899 880 3139 934 διδάσκει
3176 876 3373 945 λέγων·
3411 894 3432 928 ι
3467 876 3590 927 Ὅτι
3636 890 3763 945 κρι-

2177 980 2288 1042 νεῖς
2318 977 2481 1039 λαοὺς
2524 978 2581 1029 ὲν
2631 974 2906 1045 εὐθύτητι,
2948 992 2967 1024 ι
3012 972 3108 1025 καλ⁸
3155 970 3237 1022 ὅτι
3276 967 3459 1030 λαοὺς,
3501 967 3563 1019 οὐ
3608 966 3764 1029 τινας

2183 1068 2300 1138 μὲν,
2335 1065 2486 1130 τινὰς
2512 1064 2569 1119 δὲ
2607 1064 2702 1117 οὐ·
2745 1062 2881 1116 ἀλλὰ
2928 1063 3138 1123 πάντας
3167 1059 3309 1113 κατὰ
3340 1057 3406 1111 τά
3452 1056 3768 1127 ἔμπροσθεν

2177 1157 2537 1229 δεδηλωμένα.
2579 1156 2700 1207 Ἔτι
2747 1154 2806 1208 δὲ
2832 1154 3051 1223 γνόντα,
3094 1152 3176 1205 ὅτι
3214 1149 3607 1221 όδηγηθήσεται
3655 1147 3765 1201 ὐπὸ

2182 1248 2275 1303 σοῦ
2316 1250 2454 1321 πρὸς
2497 1248 2557 1302 τὸ
2601 1247 2817 1318 βαδίσαι
2842 1246 2941 1316 τὴν
2982 1244 3099 1297 ὁδὸν
3133 1244 3234 1314 τὴν
3260 1243 3351 1313 ὐφ’
3385 1240 3543 1312 ἡμῶν
3575 1242 3764 1304 αὐτοῖς

2179 1340 2612 1416 γνωριζομένην,
2642 1340 2865 1402 εἰκότως
2892 1337 3231 1409 εὐφροσύνης
3264 1337 3355 1390 καὶ⁵
3386 1335 3763 1403 ἀγαλλιάσεως

2180 1430 2569 1502 πλησθήσεται.
2615 1430 2758 1482 Ἀντὶ
2800 1428 2855 1481 δὲ
2906 1427 3023 1492 τοῦ,
3056 1447 3074 1478 ι
3114 1429 3207 1480 καί¹
3236 1425 3706 1495 άγαλλιάσθωσαν,
3737 1446 3756 1477 ο

2186 1543 2204 1574 ι
2231 1524 2321 1576 καὶ
2353 1524 2653 1576 αίνέσουσιν
2694 1540 2713 1573 ι
2748 1522 2777 1573 6
2821 1519 3087 1582 Ἀκύλας·
3121 1520 3149 1571 6
3178 1518 3235 1571 δὲ
3267 1518 3581 1590 Σύμμαχος,
3612 1537 3631 1568 ι
3667 1518 3768 1571 καὶ

2182 1613 2620 1685 εὐφημείτωσαν,
2648 1630 2665 1663 ι
2702 1612 3072 1683 ἡρμήνευσαν.
3102 1628 3121 1661 ι
3145 1609 3767 1679 Ἐξομολογησάσθωσάν

2184 1726 2265 1761 σοι
2299 1708 2437 1771 λαοὶ,
2473 1709 2502 1761 6
2532 1706 2685 1769 Θεὸς,
2722 1704 3317 1775 ὲξομολογησάσθωσάν
3358 1720 3441 1755 σοι
3479 1702 3595 1756 λαοὶ
3625 1704 3767 1757 πάν-

488 1810 716 1863 salutari
764 1820 819 1864 et
864 1809 1178 1879 evangelica
1232 1807 1449 1862 cantico
1506 1805 1780 1861 secedere.
1841 1802 2076 1858 Rursum

2180 1818 2290 1865 τες’
2334 1799 2405 1868 γῆ
2433 1798 2618 1852 ιέδωκε
2649 1798 2741 1851 τὸν
2770 1797 2981 1868 καρπὸν
3023 1796 3215 1867 αὐτῆς.
3248 1814 3266 1846 ι
3309 1796 3430 1849 Ἐπὶ
3472 1797 3591 1858 ταῖς
3624 1812 3765 1866 χρης-

488 1898 674 1970 itaque
698 1902 772 1954 ait
805 1918 817 1953 :
852 1922 869 1953 ι
893 1900 1271 1955 Conﬁteantur
1298 1900 1395 1954 tibi
1425 1898 1631 1969 populi,
1667 1895 1827 1951 Deus.
1869 1915 1887 1947 ι
1918 1894 2075 1962 Quod

487 2007 620 2047 sane
655 1993 949 2046 maximum
978 1999 1097 2048 erat
1134 1993 1482 2056 miraculum,
1504 1991 1630 2061 quia
1653 1989 1825 2045 Judaei
1857 1990 2077 2059 quidem

489 2081 872 2138 universorum
904 2083 999 2138 Dei
1035 2085 1241 2139 cultum
1274 2098 1303 2136 a
1336 2085 1581 2153 patribus
1605 2083 1803 2145 edocti,
1833 2082 1886 2135 in
1910 2080 2080 2134 idolo-

489 2174 664 2229 latriaa
705 2191 949 2230 errorem
986 2176 1303 2246 frequenter
1345 2176 1701 2245 proruebant.
1741 2173 1934 2245 P0puli
1976 2189 2077 2227 au-

488 2273 599 2322 tem
636 2283 732 2336 per
772 2269 962 2323 orbem
993 2268 1261 2332 universi,
1286 2269 1380 2338 qui
1410 2284 1441 2321 a
1466 2268 1652 2323 multis
1676 2276 1823 2323 retro
1863 2269 2078 2323 saeculis

489 2360 665 2413 errori
690 2358 859 2413 dediti
892 2366 1071 2421 erant,
1103 2375 1346 2429 eousque
1394 2373 1577 2413 mores
1608 2358 1995 2424 immutabunt,
2023 2367 2080 2412 ut

489 2465 601 2505 non
635 2452 811 2505 solum
839 2459 891 2506 te
913 2452 1156 2505 omnium
1190 2451 1356 2506 Deum
1394 2457 1724 2521 agnoscant;
1779 2450 1873 2506 sed
1914 2450 2078 2503 etiam

489 2542 741 2599 ediscant
775 2545 873 2599 tibi
896 2546 1111 2615 duplici
1158 2545 1271 2616 jam
1324 2543 1528 2598 tradito
1575 2558 1727 2599 more
1780 2545 2075 2599 conﬁteri:

491 2637 635 2706 quod
669 2645 729 2690 ut
770 2641 987 2693 eveniat
1019 2639 1130 2706 jam
1163 2637 1483 2692 vaticinium
1537 2646 1785 2702 matura;
1828 2644 1887 2690 ut
1922 2644 2080 2691 teter-

490 2740 688 2780 narum
750 2728 1177 2796 promissionum
1228 2726 1428 2781 oculati
1484 2731 1655 2781 testes
1705 2725 1898 2782 simus.
1955 2725 2080 2780 Haec

490 2832 657 2886 porro
682 2817 763 2870 sic
794 2816 1110 2887 accipienda
1145 2824 1295 2879 sunt,
1323 2824 1382 2870 ut
1420 2817 1636 2886 possint
1675 2828 1742 2871 ex
1784 2818 2080 2888 propheta-

490 2924 615 2963 rum
652 2923 884 2977 persona
910 2909 1015 2962 dici
1044 2925 1059 2973 ;
1097 2910 1165 2961 ita
1196 2914 1255 2961 ut
1279 2922 1401 2976 qua:
1431 2914 1559 2962 ante
1592 2906 1898 2977 diapsalma
1926 2914 2076 2969 sunt,

490 2999 863 3069 apostolorum
891 3013 1138 3069 personae
1166 2997 1535 3063 conveniant;
1567 3012 1688 3068 qua:
1725 3011 1855 3051 vero
1886 3012 2081 3053 secun-

488 3091 619 3145 dum
656 3090 958 3161 tliapsalma
990 3096 1292 3160 ponuntur,
1332 3090 1721 3159 prophetarum
1758 3089 1952 3151 choro,
1984 3089 2076 3157 qui

489 3199 553 3240 ea
583 3200 699 3255 quae
723 3200 823 3238 nos
865 3182 1131 3247 videmus,
1178 3181 1283 3251 ipsi
1311 3196 1529 3251 quoque
1561 3181 1881 3250 conspicere
1930 3179 2080 3250 ﬂagi-

490 3278 705 3336 tabant,
730 3284 784 3330 et
814 3285 994 3328 tamen
1025 3289 1136 3328 non
1162 3272 1419 3327 viderunt
1445 3273 1744 3327 secundum
1782 3271 2080 3327 Salvatoris

490 3378 681 3417 vocem
714 3364 782 3416 9‘.
839 3362 1043 3417 Deinde
1109 3361 1347 3415 dicitur:
1396 3380 1415 3414 ι
1459 3360 1628 3416 Terra
1660 3362 1808 3417 dedit
1846 3361 2081 3417 fructum

490 3469 687 3521 suum;
718 3474 734 3505 ι
766 3457 901 3518 sive,
932 3453 1234 3509 secundum
1262 3453 1650 3524 Symmachum
1678 3472 1692 3508 :
1731 3472 1750 3505 ι
1784 3452 1955 3509 Terra
1984 3453 2082 3508 da-

491 3545 571 3601 bit
603 3556 923 3615 proventum
971 3561 1154 3600 suum.
1213 3565 1233 3597 ι
1273 3542 1410 3600 Vere
1469 3560 1703 3615 namque
1745 3545 1958 3602 fructus
1996 3562 2083 3602 se-

490 3636 733 3690 cundum
789 3643 950 3692 terra:
997 3643 1247 3691 naturam
1297 3643 1423 3699 est,
1485 3652 1648 3693 nosse
1700 3638 2080 3693 universorum

491 3728 685 3793 Deum,
710 3745 916 3800 eosque
943 3731 1100 3800 queis
1139 3731 1193 3784 in
1230 3730 1319 3785 illa
1348 3729 1597 3785 habitare
1622 3746 1944 3787 concessum
1974 3740 2080 3794 est,

490 3822 705 3878 debitas
766 3824 872 3893 ipsi
920 3823 1299 3880 confessiones
1357 3833 1411 3878 et
1477 3824 1778 3894 gratiarum
1838 3823 2083 3877 actiones

486 3916 761 3971 emittere.
798 3915 933 3970 Nam
967 3932 1030 3971 ea
1061 3916 1128 3972 de
1155 3924 1507 3972 causaterra:
1542 3917 1871 3972 elementum
1891 3915 2084 3970 condi-

490 4027 605 4072 tum
629 4025 734 4081 est,
765 4025 825 4072 ut
847 4017 940 4088 qui
970 4017 1023 4071 in
1062 4017 1153 4070 illa
1184 4025 1538 4072 versarentur
1562 4059 1577 4082 ,
1616 4017 1835 4087 pietatis
1870 4016 2082 4071 fruetus

488 4109 831 4182 proferrent;
877 4108 970 4163 sed
1002 4108 1073 4161 ob
1104 4108 1264 4177 primi
1310 4107 1549 4162 hominis
1577 4107 2078 4177 praevaricationem

486 4202 698 4257 dictum
736 4208 862 4256 est:
907 4220 924 4251 ι
965 4199 1245 4254 Maledicta
1284 4208 1430 4254 terra
1470 4200 1525 4253 in
1566 4200 1827 4269 operibus
1860 4200 1988 4253 tuis.
2022 4200 2078 4253 In

491 4293 682 4348 dolore
705 4290 958 4347 comedes
1005 4291 1177 4360 ipsam
1233 4290 1489 4345 omnibus
1519 4289 1715 4344 diebus
1774 4288 1896 4344 vitae
1953 4296 2077 4343 tuae.

2182 1895 2332 1957 σταῖς
2386 1891 2480 1945 xui.
2529 1889 2761 1959 ἀγαθαῖς
2805 1888 3165 1957 ἐπαγγελίαις
3215 1888 3641 1959 εὐφραινόμενον
3697 1886 3765 1942 τὸ

2180 1984 2405 2056 Πνεῦμα
2445 1983 2506 2037 τὸ
2551 1982 2727 2051 ἅγιον,
2774 1983 2891 2044 ταῖς
2934 1982 3127 2044 αὐταῖς
3158 1979 3480 2051 ἐνδιατρίϐει
3532 1981 3763 2048 φωναῖς,

2179 2079 2368 2150 ὥσπερ
2401 2075 2681 2149 ἐντρυφῶν
2709 2077 2777 2146 τῇ
2810 2076 2964 2145 κοινῇ
3000 2074 3217 2127 πάντων
3249 2072 3551 2144 ἀνθρώπων
3584 2089 3768 2142 σωτη-

2183 2173 2294 2246 ρίᾳ.
2328 2171 2419 2224 Διὸ
2454 2166 2897 2239 ὲπαναλαμϐάνει
2930 2167 3181 2239 δεύτερον
3214 2166 3308 2219 καὶ
3339 2165 3543 2237 τρίτον,
3577 2165 3673 2217 καὶ
3700 2164 3769 2218 οὐ

2182 2263 2430 2334 βούλεται
2476 2262 2781 2332 ἀναχωρεῖν
2811 2260 2907 2313 τοῦ
2956 2259 3227 2331 σωτηρίου
3276 2257 3372 2311 καὶ¹
3406 2254 3769 2325 εὐαγγελικοΰ

2179 2354 2439 2426 ᾄσματος.
2484 2353 2652 2406 Πάλιν
2698 2347 2791 2405 οὖν
2841 2366 3025 2423 φησιν·
3081 2369 3099 2399 ι
3149 2348 3771 2419 Ἐξομολογησάσθωσάν

2181 2464 2263 2500 σοι
2303 2446 2439 2514 λαοὶ,
2479 2449 2507 2500 6
2552 2447 2704 2509 Θεός.
2746 2464 2765 2497 ι
2811 2446 2877 2497 Ὃ
2919 2443 2982 2514 δὴ
3028 2443 3283 2515 μέγιστον
3321 2436 3389 2511 ἦν
3424 2440 3635 2509 θαῦμα,
3678 2440 3765 2492 ὃτι

2191 2538 2431 2592 Ἰουδαῖοι
2461 2538 2579 2609 μὲν,
2620 2539 2685 2591 ὲκ
2712 2536 2964 2607 πατέρων
2996 2536 3086 2587 τὸν
3113 2533 3223 2587 τῶν
3251 2532 3385 2587 ὅλων
3414 2531 3546 2585 Θεὸν
3578 2531 3760 2584 σέϐειν

2177 2629 2565 2700 δεδιδαγμένοι,
2598 2629 2837 2699 συνεχῶς
2870 2627 2985 2693 ὲξετ
2997 2627 3347 2699 ραχηλίζοντο
3377 2626 3469 2679 ἐπὶ
3499 2624 3601 2695 τὴν
3630 2624 3770 2677 πλά-

2178 2740 2276 2795 νην
2305 2724 2406 2794 τῆς
2429 2722 2871 2794 εἰδωλολατρείας
2892 2739 2906 2752 ·
2939 2722 3058 2774 λαοὶ⁸
3081 2720 3138 2774 δὲ
3171 2720 3368 2785 πάντες
3394 2720 3443 2771 οἱ
3486 2718 3607 2772 καθ’
3634 2718 3769 2788 ὅλης

2177 2818 2277 2892 τῆς
2312 2806 2634 2887 οἰκουμένης
2660 2817 2725 2868 ὲκ
2756 2814 2852 2868 τού
2890 2813 3103 2885 μακροῦ
3131 2813 3326 2876 αἰῶνος
3357 2811 3765 2882 πεπλανημένοι

2180 2914 2260 2974 εἰς
2302 2907 2573 2980 τοσαύτην
2611 2907 2800 2978 ἥξουσι
2850 2906 3171 2978 μεταϐολὴν,
3211 2904 3287 2968 ὡς
3324 2905 3399 2976 μὴ
3438 2905 3597 2975 μόνον
3638 2905 3764 2957 ἑπι-

2180 3002 2382 3073 γνῶναί
2408 3020 2468 3056 σε
2494 3001 2586 3056 τὸν
2617 3002 2709 3055 ἐπὶ
2742 3001 2958 3054 πάντων
2980 2999 3135 3063 Θεὸν,
3164 2998 3302 3053 ἀλλὰ
3330 2999 3425 3053 καὶ
3450 2999 3766 3069 ἐπιστήμην

2181 3092 2468 3147 ἀναλαϐεῖν
2504 3090 2599 3145 τοῦ
2645 3090 3084 3163 ἐξομολογεῖσθαι
3130 3108 3211 3144 σοι
3258 3090 3399 3144 κατὰ
3440 3090 3532 3143 τὸν
3568 3089 3769 3145 ἀποδο-

2183 3184 2343 3239 θέντα
2383 3184 2561 3238 διττὸν
2596 3183 2829 3250 τρόπον·
2878 3183 3015 3255 ὅπερ
3069 3183 3155 3236 ἵνα
3203 3182 3427 3253 γένηται
3465 3181 3566 3251 ἤδη
3606 3180 3763 3245 ποτὲ,

2182 3277 2407 3347 τάχυνον
2432 3276 2500 3329 τὰ
2528 3275 2630 3347 τῆς
2660 3276 3016 3347 προφητείας,
3046 3276 3133 3330 ἵνα
3180 3275 3446 3330 αὐτόπται
3487 3273 3595 3326 τῶν
3630 3276 3773 3328 ater-

2181 3368 2309 3438 νίων
2341 3368 2681 3438 ἐπαγγελιῶν
2714 3368 3028 3439 γενοίμεθα.
3077 3368 3393 3423 Ἀκουστέον
3422 3367 3476 3421 δὲ
3503 3366 3610 3419 τῶν
3635 3382 3771 3437 προ-

2182 3459 2449 3531 κειμένων
2482 3460 2558 3522 ὼς
2595 3460 2909 3531 δυναμένων
2935 3462 3029 3514 καὶ
3063 3461 3128 3514 ὲκ
3163 3458 3453 3531 προσώπου
3496 3456 3604 3510 τῶν
3630 3473 3769 3527 προ-

2183 3551 2367 3623 φητῶν
2392 3552 2673 3621 λέγεσθαι·
2707 3552 2836 3606 ὥστ’
2879 3549 3019 3606 εἶναι
3048 3552 3114 3606 τά
3144 3552 3243 3623 μὲν
3264 3552 3369 3622 πρὸ
3403 3549 3497 3603 τοῦ
3537 3549 3768 3617 διαψάλ-

2186 3663 2371 3717 ματος,
2410 3645 2717 3716 ἁρμόζοντα
2758 3644 2836 3716 τῷ
2867 3643 3143 3716 προσώπῳ
3176 3643 3284 3698 τῶν
3328 3641 3659 3707 ἀποστόλων,
3696 3641 3766 3694 τὰ

2181 3740 2238 3793 δὲ
2272 3740 2408 3811 μετὰ
2433 3739 2493 3792 τὸ
2519 3738 2816 3810 διάψαλμα,
2844 3738 2923 3809 τῷ
2952 3738 3099 3811 χορῷ
3130 3738 3238 3792 τῶν
3268 3739 3584 3810 προφητῶν,
3623 3739 3764 3790 οῖτ.-

2182 3853 2271 3899 νες
2295 3834 2601 3905 ἐπεθύμουν
2638 3833 2765 3886 ἰδεῖν
2788 3833 2825 3887 ἃ.
2854 3835 3013 3903 ἡμεῖς
3052 3832 3342 3904 βλέπομεν,
3371 3832 3464 3885 καὶ
3494 3832 3595 3885 οὐκ
3624 3830 3764 3886 εἶδον

2182 3926 2324 3980 κατὰ
2357 3926 2455 3997 τὴν
2497 3928 2763 3997 σωτήριον
2813 3926 3016 3996 φωνήν.
3058 3924 3215 3995 Ἑξῆς
3252 3924 3462 3988 τούτοις
3508 3924 3761 3995 εἴρηται·

2187 4040 2205 4071 ι
2238 4020 2314 4091 Γῆ
2342 4020 2508 4074 ἔδωκε
2533 4019 2624 4072 τὸν
2651 4017 2860 4089 καρπὸν
2889 4018 3057 4089 αὐτῆς
3076 4035 3090 4049 °
3125 4037 3143 4070 ι
3182 4017 3215 4087 ἢ
3249 4016 3391 4071 κατὰ
3418 4016 3510 4069 τὸν
3539 4017 3767 4087 Σύμμα-

2181 4130 2308 4175 γονο
2352 4132 2371 4163 ι
2420 4111 2498 4182 Γῆ
2533 4110 2691 4164 δώσει
2725 4109 2825 4181 τὴν
2864 4108 3036 4180 φορὰν
3088 4109 3274 4179 αὐτῆς.
3314 4128 3331 4161 ›
3383 4107 3610 4179 Καρπὸς
3651 4107 3765 4178 γάρ

2181 4204 2256 4265 ὡς
2287 4202 2503 4273 ἀληθῶς
2531 4203 2558 4254 6
2592 4202 2735 4255 κατὰ
2778 4200 2939 4270 φύσιν
2964 4200 3066 4270 τῆς
3106 4200 3210 4270 γῆς
3243 4202 3358 4253 ἐστι
3385 4200 3447 4253 τὸ
3474 4199 3763 4270 γνωρίζειν

2178 4294 2271 4346 τὸν
2302 4293 2395 4346 ἐπὶ
2418 4293 2637 4347 πάντων
2659 4290 2813 4355 Θεὸν,
2843 4290 3057 4355 καὶτὰς
3090 4290 3442 4362 ὀφειλομένας
3469 4291 3618 4361 αὐτῷ
3646 4292 3765 4357 ἑξο-

491 4383 693 4455 Spinas
724 4390 779 4439 et
808 4382 1043 4437 tribulos
1072 4382 1400 4452 germinabit
1422 4382 1521 4435 tibi
1557 4382 1625 4435 ’³.
1662 4400 1683 4433 ι
1723 4382 1791 4434 At
1823 4396 1930 4435 non
1964 4389 2078 4434 erat

2186 4385 2507 4457 μολογήσεις
2549 4386 2642 4439 καὶ
2676 4383 3023 4457 εὐχαριστίας
3070 4384 3410 4454 ἀναπέμπειν
3434 4385 3561 4447 τοὺς
3593 4385 3763 4436 οίκείν

492 4475 583 4532 hic
615 4474 826 4529 fructus
847 4480 1006 4527 terra;
1027 4472 1331 4528 secundum
1359 4483 1648 4537 naturam;
1681 4472 1777 4529 sed
1794 4471 2075 4542 praedictio

2181 4477 2352 4550 αὐτὴν
2381 4477 2801 4549 ὲπιτραπέντας.
2840 4477 2961 4530 Ἐπὶ
2988 4475 3146 4530 τοῦτο
3175 4477 3272 4547 μὲν
3298 4476 3406 4548 γάρ
3427 4476 3761 4531 κατεσκεύα-

492 4568 717 4623 malitia:
784 4582 906 4637 qua:
954 4574 1153 4637 praeter
1210 4576 1461 4620 naturam
1519 4566 1577 4620 in
1632 4581 1697 4621 ea
1740 4565 2077 4635 pullulatura

2186 4586 2307 4624 σται
2349 4570 2411 4623 τὸ
2440 4571 2540 4641 τῆς
2570 4571 2673 4642 γῆς
2707 4573 2986 4642 στοιχεῖον,
3032 4571 3124 4624 ἐπὶ
3154 4570 3214 4623 τὸ
3242 4571 3369 4634 τοὺς
3405 4572 3463 4623 ὲν
3495 4572 3630 4641 αὐτῇ
3662 4571 3763 4634 τὰς

490 4666 631 4715 erat.
688 4657 821 4713 Nam
865 4668 1061 4729 praeter
1093 4669 1343 4713 naturam
1384 4658 1556 4729 spina:
1599 4666 1654 4713 et
1684 4658 1868 4713 tribuli
1902 4658 2078 4712 oborti

2182 4660 2868 4733 διατριϐάς.ποιουμένους
2914 4662 3193 4727 εὐσεϐείας
3239 4664 3566 4736 προσφέρειν
3621 4680 3762 4734 καρ-

492 4758 625 4807 sunt
649 4760 875 4821 propter
905 4751 1411 4821 praevaricationem
1445 4767 1555 4805 non
1582 4751 1763 4805 solum
1785 4750 1945 4820 pritni
1983 4749 2078 4804 ho-

2184 4753 2318 4816 πούς
2341 4769 2353 4781 ο
2382 4752 2470 4805 διά
2494 4752 2551 4806 δὲ
2585 4754 2684 4826 τὴν
2713 4754 2806 4809 τοῦ
2840 4754 3056 4827 πρώτου
3090 4755 3278 4825 ἀνδρὸς
3302 4756 3611 4828 παράϐασιν
3639 4755 3761 4809 ὲλέ-

493 4841 675 4895 minis.
703 4843 795 4895 sed
824 4842 986 4896 etiam
1008 4858 1196 4898 eorum
1230 4842 1323 4913 qui
1363 4852 1485 4911 post
1512 4843 1663 4897 illum
1716 4842 1772 4897 in
1821 4842 2077 4912 impieta-

2182 4845 2286 4916 χθη
2312 4862 2325 4873 ’
2365 4864 2384 4897 ι
2424 4845 2855 4917 Ἐπικατάρατος
2886 4848 2919 4919 ἡ
2949 4847 3023 4917 γῆ
3056 4849 3113 4899 ὲν
3144 4850 3253 4912 τοῖς
3290 4847 3471 4918 ἔργοις
3510 4863 3625 4903 σου.
3670 4848 3761 4902 Ἐν

494 4947 603 4996 tem
634 4944 869 5012 prolapsi
905 4952 1053 4999 sunt.
1082 4945 1218 5011 Quia
1278 4946 1332 5000 in
1386 4946 1655 5016 principio
1687 4944 1908 5014 quando
1941 4943 2078 4999 dixit

2181 4936 2378 5001 λύπαις
2428 4938 2577 5012 φάγῃ
2628 4939 2797 5011 αὐτὴν
2847 4941 3028 5004 πάσας
3064 4940 3161 5003 τὰς
3211 4939 3421 5011 ἡμέρας
3460 4938 3562 5008 τῆς
3610 4938 3760 5011 ζωῆς

496 5031 678 5086 Deus:
722 5051 739 5083 ι
778 5032 1056 5089 Germinet
1080 5044 1228 5090 terra
1259 5036 1483 5090 herbam
1509 5036 1653 5099 feni,
1712 5035 2078 5090 seminantem

2184 5045 2278 5082 σου
2298 5045 2311 5058 ·
2342 5028 2584 5093 ἀκάνθας
2608 5030 2701 5083 καὶ
2725 5030 3010 5101 τριϐόλους
3032 5031 3276 5085 ἀνατελεῖ
3302 5048 3404 5086 σοι.
3438 5051 3455 5082 ι
3491 5032 3629 5084 Ἀλλ’
3658 5032 3757 5085 οὐκ

494 5138 704 5185 semen,
738 5124 1037 5177 secundum
1068 5141 1240 5195 genus
1266 5135 1319 5178 et
1347 5125 1852 5190 similitudinem,et
1871 5126 2076 5197 lignum

494 5214 836 5270 fructiferum
896 5214 1077 5270 ferens
1129 5216 1387 5279 fructum,
1421 5218 1580 5285 cujus
1614 5234 1801 5273 semen
1852 5218 1906 5271 in
1959 5218 2078 5287 ipso

494 5310 567 5363 sit
599 5307 898 5361 secundum
945 5322 1117 5376 genus
1162 5324 1328 5377 super
1360 5319 1559 5363 terram
1593 5310 1667 5377 ⁹³;
1731 5328 1751 5362 ι
1808 5324 2075 5379 nusquam

492 5400 701 5454 mentio
734 5399 1013 5468 Spinarum
1065 5415 1129 5454 ac
1169 5401 1494 5456 tribulorum
1523 5410 1637 5467 est;
1698 5418 1877 5472 neque
1932 5408 2077 5455 terra

498 5498 684 5553 istluec
720 5499 1096 5569 produxisset.
1134 5500 1240 5555 nisi
1291 5500 1604 5556 hominibus
1649 5500 2076 5570 inobsequentite

492 5606 791 5661 subsecuta
816 5607 950 5662 ultio
980 5615 1143 5664 esset.
1174 5606 1231 5660 In
1263 5606 1485 5660 malitia:
1507 5590 1657 5677 ergo,
1681 5620 1803 5678 quae
1829 5605 2073 5659 homini-

571 5781 765 5837 "Luc.
808 5801 858 5846 ι,
898 5784 986 5838 Ἡ.
1064 5786 1109 5816 "
1134 5784 1267 5840 Gen.
1304 5802 1385 5852 ιιι,
1424 5785 1508 5841 17.
1625 5784 1671 5817 ’³
1696 5782 1831 5839 Gen.
1884 5798 1923 5848 ι,
1980 5783 2070 5838 Η.

2178 5116 2246 5191 ἦν
2273 5116 2427 5184 οὗτος
2454 5123 2483 5174 6
2524 5122 2666 5175 κατὰ
2711 5123 2874 5191 φύσιν
2905 5126 3115 5197 καρπὸς
3154 5125 3253 5195 τῆς
3284 5125 3418 5196 γῆς·
3453 5124 3757 5196 πρόρρησις

2179 5212 2237 5266 δὲ
2265 5214 2365 5283 τῆς
2401 5214 2698 5285 μελλούσης
2727 5215 2883 5285 φύειν
2910 5219 2967 5269 ὲν
2996 5218 3132 5288 αὐτῇ
3167 5218 3317 5289 παρὰ
3351 5217 3509 5286 φύσιν
3535 5216 3752 5280 κακίας.

2180 5305 2339 5377 Παρὰ
2369 5305 2528 5375 φύσιν
2552 5307 2662 5379 γὰρ
2690 5308 2747 5361 αί
2774 5309 3007 5364 ἄκανθαι
3038 5311 3132 5363 καὶ
3163 5310 3397 5381 τρίϐολοι
3417 5309 3503 5363 διὰ
3525 5309 3623 5380 τὴν
3644 5326 3752 5363 πα-

2181 5398 2409 5471 ράϐασιν
2442 5401 2742 5454 ὐποστᾶσαι
2772 5403 2832 5454 οὐ
2870 5404 3029 5473 μόνον
3070 5404 3164 5457 τοῦ
3195 5403 3410 5475 πρώτου
3443 5402 3753 5477 ἀνθρώπου,

2178 5492 2313 5547 ἀλλὰ
2342 5495 2437 5546 καὶ
2460 5494 2572 5547 τῶν
2605 5497 2721 5566 μετ’
2748 5496 2910 5549 αὐτὸν
2938 5496 3286 5567 ἠσεϐηκότων
3305 5514 3318 5527 ·
3354 5497 3476 5551 ἐπεὶ
3503 5496 3622 5549 κατ’
3652 5497 3755 5567 ἀρ-

2178 5584 2298 5655 χὰς,
2331 5585 2419 5638 ὅτε
2466 5581 2620 5639 εἶπεν
2649 5589 2677 5641 6
2721 5587 2879 5652 Θεός’
2912 5609 2931 5641 ι
2968 5589 3382 5661 Βλαστησάτωή
3412 5587 3483 5660 γῆ
3523 5588 3756 5661 βοτάνην
