4068 6552
336 336 444 393 67⁵1

1465 339 1970 398 ΟΟΜΜΕΝΤΑΒΙΑ
2013 343 2076 397 IN
2120 344 2456 403 PSALMOS.

3502 356 3608 409 678

332 454 555 524 χόρτου·
589 452 810 525 σπεῖρον
844 451 1067 525 σπέρμα
1093 452 1237 508 κατά
1268 452 1425 524 γένος
1458 456 1553 510 καὶ
1584 456 1706 510 καθ’
1738 458 1900 529 όμοιό

2021 459 2125 514 bus
2168 470 2357 531 postea
2408 460 2625 518 inhaesit
2654 502 2670 527 ,
2724 463 3056 535 imaginem,
3097 464 3270 536 spina:
3315 473 3370 521 et
3419 468 3606 523 tribuli

328 562 490 617 τητα,
530 544 626 598 καὶ
678 543 833 610 ξύλον
895 546 1175 618 κάρπιμον
1224 546 1412 602 ποιοῦν
1462 549 1693 621 καρπὸν,
1742 546 1803 605 οὗ
1850 551 1913 603 τὸ

329 637 557 708 σπέρμα
591 635 754 690 αὐτοῦ
794 638 853 689 ἐν
896 636 1046 709 αὐτῷ
1077 638 1219 692 κατά
1262 638 1417 707 γένος
1446 640 1540 693 ἐπὶ
1571 640 1673 710 τῆς
1706 640 1811 711 γῆς
1832 659 1846 673 ο
1887 660 1905 694 ι

326 725 538 797 οὐδαμῆ
574 727 759 797 μνήμη
793 726 1016 796 γέγονεν
1046 727 1300 781 ἀκανθῶν
1324 728 1444 781 οὐδὲ
1474 728 1740 800 τριϐόλων
1764 747 1777 760 ο
1802 731 1910 785 οὐδ’

329 816 397 870 ἂν
433 815 597 885 ἔφυσε
626 816 798 868 ταῦτα
827 817 977 887 ὴγῆ,
1006 819 1055 870 εί
1083 819 1157 889 μὴ
1185 816 1252 871 τά
1274 817 1371 889 τῆς
1407 820 1693 891 παρακοῆς
1717 823 1914 892 ἐπηκο-

327 907 591 978 λούθησεν
619 906 912 979 ἀνθρώπῳ.
943 908 1055 979 Τῆς
1096 908 1227 977 γοῦν
1261 908 1486 979 ὕστερον
1527 911 1912 984 ἐπισυμϐάσης

330 998 638 1070 ἀνθρώποις
665 999 861 1062 κακίας
903 1000 1109 1063 εἰκόνες
1136 999 1380 1071 ἐφύησαν
1407 1001 1640 1056 ἄκανθαι
1668 1003 1762 1056 καὶ
1792 1001 1911 1073 τρί-

328 1087 497 1141 ϐολοι.
529 1086 692 1141 Ὅθεν
724 1088 812 1141 ἵνα
852 1088 1025 1142 ταῦτα
1069 1088 1359 1160 ἀπόληται,
1406 1091 1518 1163 πῦρ
1547 1088 1679 1164 ἦλθε
1731 1092 1910 1163 βαλεῖν

327 1175 426 1227 ἐπὶ
465 1173 562 1246 τὴν
593 1174 696 1244 γῆν
735 1176 765 1227 6
802 1175 1010 1247 Σωτήρ.
1061 1178 1170 1231 Καὶ⁸
1200 1177 1265 1249 δὴ
1306 1179 1400 1233 τοῦ
1445 1182 1716 1253 σωτηρίου
1749 1182 1909 1252 λόγου

324 1268 484 1339 δίκην
512 1268 682 1339 πυρὸς
721 1269 819 1333 τάς
844 1270 1084 1335 ἀκάνθας
1117 1272 1210 1325 καὶ
1246 1275 1373 1338 τοὺς
1401 1274 1681 1347 τριϐόλους
1715 1277 1911 1346 ἀφανί-

322 1358 529 1423 ζοντος,
556 1360 812 1414 νεωθεῖσα
842 1363 940 1432 τῆς
965 1363 1163 1427 κακίας
1184 1366 1218 1434 ή
1248 1364 1417 1436 ψυχὴ,
1445 1365 1536 1419 τὸν
1565 1367 1909 1439 προσήκοντα

320 1452 463 1523 αὐτῇ
493 1453 588 1505 καὶ
610 1453 944 1525 κατάλληλον
975 1455 1187 1525 καρπὸν
1226 1456 1532 1510 ἀποδίδωσι.
1569 1459 1767 1530 Διόπερ
1788 1458 1908 1512 λαοὶ

325 1546 429 1616 μὲν
478 1547 680 1610 πάντες
730 1548 1176 1619 ἐξομολογοῦνται
1201 1567 1214 1579 ·
1259 1549 1385 1622 ἔθνη
1433 1551 1490 1604 δὲ
1538 1552 1631 1604 ἐπὶ
1661 1552 1760 1623 τῆς
1804 1552 1906 1623 γῆς

318 1638 661 1710 ὁδηγοῦνται.
698 1640 919 1704 Τούτοις
948 1658 1009 1693 τε
1050 1640 1379 1706 ἀκολούθως,
1411 1644 1764 1714 ἐπενήνεκται
1805 1645 1866 1697 τό
1889 1661 1902 1675 ·

328 1749 349 1782 ι
379 1731 455 1803 Γῆ
488 1730 654 1785 ἔδωκε
696 1733 789 1786 τὸν
826 1734 1039 1805 καρπὸν
1081 1734 1285 1805 αὐτῆς
1335 1734 1641 1807 Εὐλογήσαι
1686 1738 1838 1807 ἡμᾶς
1877 1738 1906 1791 6

316 1821 474 1887 Θεὸς,
522 1824 552 1876 6
583 1823 715 1887 Θεὸς
753 1825 934 1896 ἡμῶν,
978 1826 1276 1897 εὐλογῆσαι
1315 1829 1461 1899 ἡμᾶς
1507 1830 1537 1881 6
1584 1827 1738 1893 Θεός.
1790 1829 1904 1883 Καὶ
1938 1816 1978 1872 Β

316 1914 717 1987 φοϐηθήτωσαν
766 1918 929 1970 αὑτὸν
979 1919 1155 1973 πάντα
1199 1919 1271 1972 τὰ
1316 1920 1530 1991 πέρατα
1572 1921 1672 1993 τῆς
1704 1922 1827 1992 γῆς.
1877 1941 1896 1974 ι

313 2006 445 2058 Εἴτε
472 2008 521 2059 οἱ
552 2007 838 2061 ἀπόστολοι
868 2010 962 2063 τοῦ
988 2011 1239 2082 Σωτῆρος
1268 2013 1301 2082 ὴ
1312 2011 1447 2082 μῶν,
1468 2015 1578 2067 εἴτε
1606 2014 1653 2067 oi
1685 2013 1904 2069 παλαιοὶ⁵

310 2095 411 2151 τοῦ
443 2097 579 2152 Θεοῦ
638 2100 913 2171 προφῆται
945 2102 1210 2174 (ἐκατέρῳ
1249 2104 1358 2174 γάρ
1388 2104 1628 2175 τάγματι
1662 2106 1906 2178 ἐφαρμό-

311 2189 397 2253 ζει
426 2189 497 2242 τά
527 2190 853 2262 λεγόμενα),
887 2192 1134 2263 εὔχονται
1178 2195 1279 2266 τῆς
1309 2197 1466 2267 παρὰ
1510 2197 1604 2250 τοῦ
1636 2197 1771 2250 Θεοῦ
1806 2200 1901 2251 εύ-

311 2278 502 2349 λογίας
541 2286 745 2352 τυχεῖν,
786 2279 854 2355 ἧς
883 2285 976 2338 καὶ
1008 2284 1269 2355 ἀνωτέρω
1310 2285 1410 2357 τὴν
1442 2286 1680 2341 διάνοιαν
1728 2306 1900 2361 παρε-

312 2373 617 2443 στήσαμεν,
671 2374 979 2439 δεικνύντες
1032 2377 1181 2441 ὅπως
1234 2378 1305 2441 :6,
1369 2396 1388 2428 ι
1446 2379 1753 2443 Αύξάνεσθε
1806 2383 1901 2435 καὶ

310 2466 651 2538 πληθύνεσθε
685 2468 780 2521 καὶ
827 2467 1152 2541 πληρώσατε
1196 2469 1296 2540 τὴν
1346 2469 1473 2540 γῆν,
1519 2472 1614 2524 καὶ
1654 2488 1900 2525 κατακυ-

325 2560 571 2631 ριεύσατε
613 2560 804 2631 αὐτῆς,
842 2580 860 2612 ι
900 2562 992 2615 ἐπὶ
1023 2561 1226 2615 τούτων
1258 2562 1563 2634 ἐπληροῦτο
1596 2581 1899 2636 πνευματι-

323 2651 457 2715 κῶς.
487 2653 723 2719 Πάρεστι
755 2653 883 2723 γοῦν
916 2654 1062 2726 ἔργῳ
1088 2655 1444 2726 παραλαϐεῖν,
1471 2657 1546 2721 ὼς
1572 2660 1604 2729 ή
1639 2657 1901 2730 σύμπασα

322 2745 392 2816 γῆ
428 2745 523 2814 τῆς
558 2734 779 2798 ἐκείνων
818 2745 1065 2817 διαδοχῆς
1099 2745 1411 2819 ἐπληρώθη.
1444 2750 1515 2801 Αἵ
1538 2766 1597 2802 τε
1626 2749 1749 2803 καθ’
1773 2750 1902 2820 ὅλης

309 2836 414 2907 τῆς
442 2837 765 2909 οἰκουμένης
791 2837 1086 2908 ἱδρυθεῖσαι
1111 2838 1205 2892 τοῦ
1234 2841 1483 2911 Σωτῆρος
1499 2844 1531 2912 ἡ
1540 2842 1654 2912 μῶν
1670 2842 1895 2913 Ἐκκλη-

314 2928 448 2992 σίαι,
478 2931 573 2983 καὶ
604 2932 652 2983 oi
686 2930 807 2983 καθ’
842 2933 1079 3002 ἑκάστην
1116 2934 1435 3005 μυρίανδροι
1462 2934 1582 2987 λαοὶ
1612 2934 1712 3004 τῆς
1744 2936 1899 2989 εύλο-

307 3022 438 3090 γίας
486 3023 667 3075 αὐτῶν
714 3026 1039 3094 ἐμφαίνουσι
1072 3026 1140 3078 τὰ
1172 3025 1612 3096 ἀποτελέσματα.
1652 3028 1899 3098 Πρεπόν-

2016 552 2225 607 suborti
2280 562 2431 612 sunt.
2490 556 2900 624 Quamobrem,
2955 566 3015 611 ut
3065 558 3181 613 hac
3250 558 3561 627 dispereant
3590 602 3605 624 ,

2014 640 2192 710 ignem
2233 642 2286 696 in
2317 651 2523 698 terram
2571 644 2803 699 missum
2841 645 3098 700 Servator
3142 647 3309 701 venit.
3359 645 3426 701 Et
3473 664 3609 703 sane

2014 733 2240 788 salutari
2282 735 2456 790 verbo
2484 735 2629 806 ignis
2664 737 2839 792 instar
2866 739 3055 806 spinas
3090 747 3143 794 et
3174 740 3410 797 tribulos
3441 742 3604 796 absu-

2013 833 2195 879 mente
2216 865 2233 885 .
2282 835 2543 881 renovata
2575 830 2758 883 anima
2787 830 3050 884 malitiam
3102 847 3312 888 exuens
3337 872 3354 897 ,
3403 848 3606 888 conve-

2011 916 2249 970 nientem
2277 918 2380 972 sibi
2405 926 2457 973 et
2485 930 2913 975 consentaneum
2941 920 3180 977 fructum
3198 923 3428 993 profert.
3456 923 3604 990 Qua-

2012 1016 2236 1078 propter
2274 1011 2462 1080 p0puli
2509 1026 2701 1067 onmes
2735 1012 3105 1081 conﬁtentur;
3140 1024 3331 1085 gentes
3363 1031 3497 1071 vero
3546 1018 3603 1072 in

2012 1114 2154 1157 terra
2178 1102 2511 1175 diriguntur.
2544 1106 2626 1160 Ad
2652 1105 2766 1160 haec
2798 1113 2977 1160 autem
3006 1118 3406 1178 consequenter
3430 1109 3604 1165 infer-

2011 1195 2298 1249 tnrillud:
2344 1214 2362 1247 ι
2406 1196 2577 1251 Terra
2608 1197 2757 1252 dedit
2807 1196 3044 1251 fructum
3091 1215 3272 1253 suum.
3306 1200 3602 1255 Benedicat

2008 1302 2112 1341 nos
2141 1286 2306 1351 Deus,
2347 1286 2491 1344 Deus
2520 1299 2729 1353 noster,
2760 1287 3046 1343 benedicat
3077 1305 3179 1345 nos
3214 1291 3377 1355 Deus,
3406 1299 3461 1345 et
3487 1307 3601 1346 me-

2008 1386 2165 1433 tuant
2188 1395 2313 1434 eum
2341 1395 2534 1437 omnes
2562 1382 2699 1439 ﬁnes
2737 1391 2917 1438 terrm.
2961 1403 2980 1435 ι
3019 1382 3146 1439 Sive
3187 1385 3416 1454 apostoli
3466 1384 3603 1439 Ser—

2007 1471 2216 1526 vatoris
2246 1474 2452 1537 nostri,
2485 1474 2599 1529 sive
2642 1474 2809 1546 prisci
2866 1468 2941 1528 illi
2980 1473 3075 1530 Dei
3123 1476 3400 1546 propheta:
3450 1476 3602 1546 (nam

2007 1565 2228 1634 utrique
2283 1568 2465 1621 ordini
2518 1568 2632 1623 bzec
2682 1569 2830 1623 dicta
2882 1570 3243 1640 competunt),
3300 1569 3390 1625 Dei
3433 1569 3604 1624 bene-

2008 1653 2304 1711 dictionem
2341 1660 2607 1730 consequi
2661 1668 2987 1731 precantur,
3039 1661 3199 1731 cujus
3231 1673 3464 1716 mentem
3504 1676 3603 1716 su-

2007 1762 2105 1818 pra
2132 1748 2556 1817 declaravimus,
2590 1769 2716 1808 cum
2756 1754 2912 1817 illud.
2951 1773 2970 1805 ι
3012 1753 3265 1810 Crsecite
3304 1762 3357 1808 et
3409 1752 3603 1807 multi-

2008 1840 2287 1911 plicamini
2308 1851 2362 1898 et
2384 1846 2586 1915 replete
2612 1856 2835 1911 terram,
2854 1855 2907 1900 et
2927 1845 3285 1900 dominamini
3316 1847 3464 1902 illius
3478 1846 3544 1908 ",
3571 1864 3597 1899 ι

2008 1933 2063 1985 in
2118 1933 2253 2002 ipsis
2292 1936 2655 2005 spiritualiter
2683 1938 3014 2007 completum
3051 1955 3175 1993 esse
3214 1938 3595 2008 probaremus.

2006 2028 2159 2085 Licet
2201 2026 2371 2098 igitur
2407 2029 2491 2083 vel
2522 2044 2590 2084 ex
2620 2029 2791 2099 gestis
2816 2029 2981 2084 rebus
3014 2029 3338 2099 intelligere,
3373 2030 3598 2083 univer-

2007 2139 2124 2179 sam
2152 2130 2356 2178 terram
2387 2136 2578 2176 eorum
2620 2122 2976 2176 successione
3017 2121 3282 2191 repletam
3317 2136 3460 2176 esse.
3492 2120 3599 2175 Ec-

2005 2216 2188 2270 clesiae
2240 2226 2480 2283 namque
2547 2211 2858 2268 Servatoris
2914 2213 3089 2267 nosui
3151 2228 3249 2282 per
3285 2214 3596 2267 universam

2006 2312 2208 2362 terr‘am
2243 2305 2499 2372 funtlatag
2530 2313 2585 2361 et
2620 2305 2891 2359 innumeri
2950 2320 3047 2375 per
3099 2306 3347 2375 singulas
3403 2319 3596 2359 earum

2004 2399 2224 2469 populi,
2273 2397 2705 2452 benedictionem
2763 2396 3005 2465 ipsorum
3056 2396 3383 2464 completam
3435 2394 3597 2449 exhi-

2004 2492 2155 2545 bent.
2189 2488 2331 2559 lpsis
2358 2504 2522 2558 porro
2559 2489 2817 2544 convenit
2840 2487 2995 2549 illud,
3031 2505 3049 2538 ι
3079 2487 3224 2542 Deus
3248 2494 3457 2549 noster,
3488 2504 3507 2537 ι
3540 2486 3596 2541 in

2004 2583 2107 2637 hoc
2135 2584 2283 2638 dicto
2313 2596 2655 2652 expressum,
2694 2599 2712 2632 ι
2748 2578 3042 2635 Benedicat
3090 2594 3192 2634 nos
3238 2577 3416 2640 Deus,
3450 2577 3597 2634 Deus

2004 2675 2220 2734 noster;
2262 2686 2282 2719 ι
2310 2673 2498 2736 utpote
2520 2665 2613 2738 qui
2656 2675 2937 2735 paternam
2971 2662 3064 2718 Dei
3100 2664 3186 2717 sui
3226 2664 3597 2734 cognitionem

2003 2760 2305 2814 obtineant.
2338 2756 2539 2811 Verum
2589 2755 2786 2809 deinde
2828 2754 2963 2808 illud
3021 2754 3326 2823 adjiciunt:
3366 2770 3384 2803 ι
3426 2751 3597 2806 Bene-

2003 2852 2152 2904 dicat
2178 2865 2279 2904 nos
2303 2847 2485 2913 Deus;
2520 2867 2538 2899 ›
2574 2857 2759 2916 utpote
2790 2848 2883 2916 qui
2915 2861 3023 2899 non
3058 2846 3302 2914 ipsorum
3343 2850 3593 2909 tantum,

2003 2941 2098 2997 sed
2125 2942 2289 2996 etiam
2312 2955 2501 2995 eorum
2528 2940 2796 3002 omnium,
2831 2939 2924 3007 qui
2979 2952 3076 3006 per
3100 2953 3196 2991 eos
3234 2936 3465 2991 salutem
3493 2950 3594 2988 na-

2003 3034 2143 3089 cturi
2176 3042 2323 3094 sunt,
2354 3030 2497 3085 Deus
2548 3030 2640 3084 sit.
2674 3028 2805 3083 Post
2836 3030 2951 3082 haec
2981 3028 3166 3081 omnia
3212 3037 3391 3081 autem
3424 3027 3595 3082 totius

306 3133 418 3179 τως
452 3115 508 3169 δὲ
542 3118 725 3181 αὐτοῖς
749 3118 830 3181 τὸ,
866 3136 885 3170 ι
933 3118 991 3171 '0
1013 3119 1145 3183 Θεὸς
1182 3120 1360 3191 ἡμῶν,
1400 3140 1419 3172 ι
1458 3122 1516 3172 ἐν
1544 3119 1642 3189 τῷ,
1678 3138 1696 3171 ι
1733 3121 1898 3174 Εύλο-

2004 3124 2300 3196 propbetiae
2357 3123 2817 3191 complementum
2877 3120 3171 3191 obsignant
3223 3121 3309 3174 his
3366 3120 3593 3175 verbis:

305 3212 476 3280 γήσαι
510 3212 658 3281 ἡμᾶς
689 3212 718 3263 6
758 3211 911 3276 Θεὸς,
942 3214 972 3265 6
1003 3212 1134 3276 Θεὸς
1163 3213 1351 3284 ήμῶψ
1392 3232 1409 3265 ι
1441 3213 1518 3277 ὼς
1559 3213 1624 3266 ἂν
1663 3214 1893 3285 πάτριον

307 3302 637 3373 κεκτημένοι
659 3302 717 3355 τὸ
736 3302 831 3356 τοῦ
864 3303 999 3357 Θεοῦ
1032 3304 1211 3358 αὐτῶν
1240 3305 1546 3377 γνώρισμα.
1590 3304 1729 3358 Ἀλλ’
1768 3304 1894 3376 ἑξῆς

307 3394 768 3448 ἐπισυνάπτουσιν
805 3397 1073 3467 ἀορίστως
1105 3396 1359 3465 λέγοντες
1397 3397 1479 3457 τὸ,
1519 3416 1537 3447 ι
1582 3396 1891 3468 Εὑλογήσαι

307 3483 458 3551 ἡμᾶς
487 3485 516 3535 ὁ
543 3483 677 3546 Θεός
697 3501 711 3513 ⁸
752 3503 770 3535 ι
815 3484 887 3549 ὡς
928 3486 1124 3556 μηκέτι
1155 3486 1331 3557 μόνων
1368 3485 1580 3548 αὐτῶν,
1629 3485 1767 3539 ἀλλὰ
1796 3486 1894 3539 καὶ

307 3574 532 3625 πάντων
571 3574 679 3627 τῶν
711 3574 778 3627 δι’
808 3576 988 3628 αὐτῶν
1014 3575 1408 3648 σωθησομένων
1434 3576 1565 3629 Θεὸν
1593 3575 1740 3629 ὄντα.
1781 3576 1894 3630 Καὶ

310 3662 452 3733 μετά
497 3664 673 3717 πάντα
715 3664 775 3718 τὸ
824 3667 1197 3739 συμπέρασμα
1237 3667 1340 3737 τῆς
1386 3667 1514 3739 ὅλης
1557 3667 1894 3739 προφητείας

306 3755 798 3825 ἐπισφραγίζονται
830 3759 1110 3827 λέγοντες·
1163 3779 1182 3811 ι
1214 3761 1334 3832 ,Καὶ
1373 3759 1766 3831 φοϐηθήτωσαν
1799 3762 1895 3812 αὺ-

303 3846 400 3899 τὸν
430 3848 608 3901 πάντα
632 3850 700 3903 τὰ
732 3852 944 3920 πέρατα
975 3852 1072 3918 τῆς
1098 3852 1224 3922 γῆς.
1262 3870 1280 3903 ι
1323 3851 1541 3923 Ἐπειδὴ
1572 3851 1679 3925 γὰρ
1713 3852 1895 3924 «ἀρχὴ

308 3943 505 4011 σοφίας
550 3943 714 4011 φόϐος
754 3945 983 4017 Κυρίου,
1036 3965 1054 3997 ι
1098 3944 1409 4014 ἀναγκαίως
1443 3944 1634 4016 ὥσπερ
1663 3947 1895 4013 είσαγω-

306 4034 412 4104 γὴν
441 4035 542 4105 τῆς
578 4035 886 4102 θεοσεϐείας
928 4038 1020 4091 τὸν
1068 4038 1231 4108 φόϐον
1269 4038 1363 4092 τοῦ
1405 4037 1543 4091 Θεοῦ
1577 4038 1894 4107 ἐγγενέσθαι

306 4127 479 4179 πᾶσιν
504 4127 811 4199 ἀνθρώποις
857 4132 970 4193 τοῖς
1012 4131 1106 4184 καὶ
1160 4132 1319 4203 μέχρι
1350 4130 1460 4185 τῶν
1507 4131 1755 4201 ἐσχάτων
1793 4130 1895 4200 τῆς

310 4219 416 4289 γῆς
452 4219 692 4275 οίκοῦσιν
733 4222 1057 4293 ἐπεύχονται
1080 4241 1094 4253 ³
1127 4223 1157 4276 ὃ
1195 4223 1260 4295 δὴ
1302 4224 1397 4277 καὶ
1424 4222 1728 4295 ἐπληροῦτο
1759 4222 1897 4293 μετά

2002 3236 2020 3268 ι
2065 3216 2130 3270 Et
2158 3223 2404 3270 metuant
2426 3230 2548 3269 eum
2578 3229 2769 3269 omnes
2796 3214 2933 3268 lines
2964 3226 3141 3267 terrae.
3184 3233 3203 3265 ›
3231 3211 3590 3283 Quandoqui-

1995 3310 2117 3363 dem
2157 3308 2303 3363 enim
2347 3324 2366 3358 ι
2406 3306 2622 3360 initium
2662 3307 2945 3377 sapientia:
2982 3306 3145 3360 timor
3174 3304 3393 3359 Domini
3445 3305 3515 3369 ⁸⁵,
3564 3324 3586 3356 ι

1998 3401 2312 3457 necessario
2339 3408 2657 3471 precantur,
2694 3408 2754 3453 ut
2785 3400 2983 3461 timor,
3046 3399 3204 3468 quasi
3248 3398 3490 3453 initiatio
3524 3398 3594 3452 ad

1996 3495 2138 3564 piam
2167 3493 2508 3563 religionem,
2554 3493 2811 3547 omnibus
2843 3492 3181 3556 hominibus,
3207 3491 3373 3546 etiam
3405 3498 3590 3546 extre-

1997 3603 2084 3641 ma
2109 3596 2268 3642 terra:
2302 3586 2705 3649 incolentibus,
2756 3587 3058 3655 ingeratur.
3091 3583 3249 3649 Quod
3294 3591 3417 3654 post
3450 3583 3594 3637 divi-

2001 3694 2131 3733 num
2191 3676 2495 3732 Salvatoris
2545 3677 2719 3731 nostri
2774 3675 3067 3731 adventum
3133 3676 3415 3745 impletum
3456 3682 3588 3731 est:

2002 3783 2127 3843 post
2157 3771 2309 3826 illum
2339 3773 2485 3825 enim
2510 3763 2566 3823 in
2583 3784 2800 3823 omnem
2832 3778 3033 3823 terram
3062 3768 3231 3823 exivit
3256 3783 3428 3823 sonus
3461 3783 3589 3837 apo-

2003 3865 2271 3920 stolorum
2305 3862 2447 3933 ejus,
2480 3870 2533 3917 et
2564 3862 2618 3915 in
2648 3860 2783 3915 ﬁnes
2811 3861 2961 3915 orbis
2984 3868 3144 3914 terra:
3169 3860 3330 3913 verba
3375 3874 3588 3914 eorum.

2001 3955 2077 4010 De
2133 3955 2221 4009 his
2271 3968 2492 4025 quoque
2539 3962 2699 4007 terra:
2731 3952 2931 4007 ﬁnibus
2968 3952 3225 4020 superius
3259 3950 3588 4005 dicebatur:

2007 4066 2025 4099 ι
2068 4046 2279 4102 Exaudi
2311 4062 2432 4111 nos,
2461 4046 2605 4101 Deus
2635 4047 2889 4101 Salvator
2922 4054 3130 4109 noster,
3168 4060 3295 4114 spes
3341 4044 3589 4098 omnium

2002 4140 2194 4193 ﬁnium
2225 4145 2384 4194 terrae
2408 4181 2424 4207 ,
2455 4148 2509 4194 et
2527 4154 2717 4194 eorum
2742 4140 2836 4209 qui
2861 4139 2916 4192 in
2942 4138 3079 4191 mari
3104 4146 3232 4191 sunt
3272 4138 3430 4205 longe
3457 4135 3523 4186 “.
3563 4151 3587 4186 ι

306 4313 409 4385 τὴν
450 4314 545 4368 τοῦ
578 4316 829 4388 Σωτῆρος
891 4317 1048 4388 ἡμῶν
1083 4317 1425 4387 θεοφάνειαν,
1457 4317 1577 4390 μεθ’
1621 4320 1688 4387 ἦν
1731 4319 1812 4380 είς
1846 4319 2026 4371 πᾶσαν
2065 4319 2162 4389 τὴν
2225 4318 2330 4389 γῆν
2393 4316 2617 4388 ἐξῆλθεν
2650 4317 2680 4371 ὁ
2712 4316 2945 4386 φθόγγος
2978 4315 3088 4368 τῶν
3127 4312 3440 4368 ἀποστόλων
3494 4312 3593 4365 αύ-

306 4405 428 4468 τοῦ,
466 4407 562 4459 καὶ
602 4408 681 4469 είς
721 4406 789 4459 τά
821 4407 1033 4479 πέρατα
1063 4407 1162 4478 τῆς
1200 4407 1527 4481 οἰκουμένης
1562 4407 1636 4461 τά
1668 4408 1887 4479 ῥήματα
1925 4408 2123 4461 αὐτῶν.
2152 4408 2288 4479 Περὶ
2306 4406 2511 4461 τούτων
2536 4407 2592 4460 δὲ
2624 4408 2733 4461 τῶν
2760 4408 3011 4480 περάτων
3048 4406 3149 4476 τῆς
3193 4405 3294 4476 γῆς
3348 4403 3444 4457 καὶ
3504 4402 3593 4454 6:6:

304 4499 415 4553 τῶν
440 4495 749 4568 ἔμπροσθεν
777 4497 993 4565 ἐλέγετο
1017 4514 1031 4527 ·
1072 4518 1091 4549 ι
1144 4498 1480 4564 Ἐπάκουςον
1509 4496 1691 4571 ἡμῶν,
1723 4499 1751 4550 6
1774 4496 1908 4561 Θεὸς
1945 4497 1973 4549 6
2010 4498 2211 4571 σΣωτὴρ
2254 4498 2434 4569 ἡμῶν,
2478 4499 2513 4569 ἡ
2578 4497 2734 4559 ἐλπὶς
2780 4496 2999 4549 πάντων
3026 4494 3135 4548 τῶν
3183 4494 3434 4564 περάτων
3493 4491 3591 4560 τῆς

304 4591 410 4660 γῆς
438 4592 532 4642 καὶ
559 4588 667 4641 τῶν
693 4591 749 4642 ἐν
794 4588 1038 4660 θαλάσσῃ
1070 4589 1309 4659 μακράν.

358 4682 469 4735 ειΣ
493 4682 579 4736 T0
603 4681 824 4735 ΤΕΛΟΣ
847 4682 934 4753 Τῼ
954 4681 1153 4735 nm
1182 4681 1476 4734 ΨΑΑΜΟΣ
1505 4680 1682 4753 ῼΔΗΣ
1710 4679 1831 4734 ΞΖ⁹.

2004 4673 2037 4727 ,1
2076 4669 2141 4726 ΙΝ
2170 4667 2379 4724 FINEM
2402 4666 2655 4733 DAVlDl,
2699 4663 3022 4720 PSALMUS
3048 4663 3340 4720 CANTICI.
3378 4665 3587 4721 LXVII.

382 4816 400 4849 ι
448 4798 758 4868 Ἀναστήτω
803 4797 831 4850 6
876 4795 1043 4861 Θεὸς,
1078 4796 1170 4849 καὶ
1201 4795 1781 4868 διασκορπισθήτωσαν
1837 4796 1887 4847 οἱ

305 4890 492 4961 ἐχθροὶ
531 4890 719 4956 αὐτοῦ,
760 4889 855 4943 καὶ
884 4889 1207 4960 φυγέτωσαν
1251 4889 1358 4943 ἀπὸ
1396 4887 1685 4960 προσώπου
1722 4886 1888 4941 αὑτοῦ

300 4983 356 5036 οἱ
392 4982 675 5054 μισοῦντες
704 4983 882 5036 αὐτόν.
929 5002 948 5034 ι
998 4982 1061 5037 Οἱ
1109 4982 1207 5054 μὲν
1240 4982 1346 5053 πρὸ
1388 4981 1482 5035 τοῦ
1528 4981 1665 5053 μετὰ
1702 4984 1889 5053 χεῖρας

300 5076 452 5147 τρεῖς
475 5073 671 5145 ἐφεξῆς
704 5074 802 5146 τὴν
827 5074 1021 5145 κλῆσιν
1041 5073 1150 5128 τῶν
1190 5074 1359 5128 ἐθνῶν
1394 5072 1739 5145 προεφώνουν
1763 5089 1778 5103 ο
1814 5066 1891 5126 ὧν

300 5172 331 5224 6
359 5170 456 5241 μὲν
489 5168 558 5233 ξδ’
581 5189 599 5219 ι
633 5168 857 5240 Ψαλμὸς
879 5167 1025 5239 ᾠδῆς
1058 5186 1076 5219 ι
1108 5167 1491 5238 ἐπεγέγραπτο
1520 5185 1537 5217 ι
1560 5164 1651 5236 Τῷ
1672 5165 1850 5219 Δαυῖδ
1869 5184 1887 5216 ι

300 5265 332 5316 6
364 5262 409 5315 δ’
438 5262 701 5333 ἑπόμενος
734 5279 752 5312 ι
804 5261 925 5332 ᾭδὴ
968 5259 1216 5331 ψαλμοῦο
1269 5279 1288 5311 ι
1320 5259 1349 5311 6
1397 5258 1452 5310 δὲ
1511 5258 1691 5331 τρίτος
1742 5276 1761 5308 ι
1805 5258 1893 5323 Ἐν

301 5353 496 5426 ὕμνοις
539 5353 749 5425 ψαλμὸς
795 5354 958 5425 ᾠδῆς.
1014 5373 1033 5406 ι
1092 5353 1331 5417 Εἰκότως
1378 5349 1664 5424 τοιγαροῦν
1716 5350 1811 5404 καὶ
1864 5353 1893 5403 6

303 5447 448 5520 μετά
480 5449 687 5519 χεῖρας,
720 5447 1073 5517 εὖαγγελικὸς
1097 5446 1172 5499 ῶν
1201 5447 1293 5499 καὶ
1320 5445 1502 5509 αὐτὸς,
1543 5444 1635 5497 καὶ
1670 5444 1730 5497 ού
1762 5444 1889 5515 περὶ

301 5542 406 5612 τῆς
450 5542 698 5613 κλήσεως
729 5542 836 5595 τῶν
875 5539 1045 5593 ἐθνῶν
1094 5538 1275 5610 μόνον,
1316 5536 1452 5591 ἀλλά
1492 5536 1586 5589 καὶ
1626 5536 1753 5608 περὶ
1792 5534 1887 5587 τοῦ

303 5633 561 5709 Σωτῆρος
588 5631 752 5687 αὑτοῦ
782 5629 1121 5704 προφητείαν
1153 5628 1442 5701 περιέχων,
1479 5646 1499 5680 ι
1535 5630 1615 5691 είς
1646 5626 1707 5679 τὸ
1737 5625 1889 5689 τέλος

381 5790 432 5825 ’⁸
451 5789 586 5848 Gen.
632 5807 670 5857 ι,
717 5792 808 5849 28.
885 5790 933 5824 "
960 5790 1102 5847 Psal.
1136 5808 1226 5856 cx,
1269 5790 1355 5844 10.

1462 5788 1507 5821 ⁸⁸
1530 5785 1676 5843 Psal.
1720 5800 1867 5848 ικιν,
1900 5783 1951 5838 6.

2068 4783 2234 4839 Vens.
2258 4782 2377 4837 2-4.
2398 4801 2417 4833 ι
2452 4780 2724 4851 Exsurgat
2743 4778 2906 4844 Deus,
2932 4790 2986 4834 et
3013 4779 3349 4849 dissipentur
3382 4780 3590 4837 inimici

2000 4880 2146 4950 ejus,
2178 4885 2234 4933 et
2263 4876 2474 4947 fugiant
2498 4875 2590 4945 qui
2619 4872 2849 4928 oderunt
2876 4889 2997 4928 eum
3021 4888 3051 4927 a
3072 4873 3211 4929 facie
3237 4874 3377 4943 ejus.
3404 4894 3423 4927 ι
3454 4876 3589 4931 Tres

1998 4971 2193 5043 psalmi
2226 4978 2352 5024 ante
2373 4978 2695 5039 prasentem
2713 4975 3117 5037 consequenter
3140 4966 3327 5037 positi,
3347 4968 3593 5035 vocatio-;

1999 5080 2121 5119 nem
2138 5064 2377 5134 gentium
2401 5062 2841 5133 przenuntiabant
2860 5077 2871 5112 :
2889 5060 3131 5128 equibus
3154 5075 3276 5112 LXIV
3296 5076 3313 5109 ι
3337 5056 3589 5114 Psalmus

1999 5160 2201 5213 cantici
2232 5158 2426 5212 Davidi
2458 5176 2479 5209 ι
2502 5156 2797 5226 inscriptus
2826 5162 2973 5219 erat;
2996 5168 3232 5223 sequens
3253 5168 3404 5216 vero,
3423 5152 3589 5207 «Can-

1996 5255 2161 5307 ticum
2182 5252 2411 5322 psalmi;
2448 5269 2467 5302 i
2484 5249 2681 5304 tertius
2701 5266 2717 5299 ι
2746 5246 2802 5301 In
2817 5247 3034 5318 hymnis
3048 5246 3291 5315 psalmus
3314 5243 3536 5298 cantici.
3565 5262 3583 5294 ι

1991 5346 2121 5401 Jure
2137 5346 2317 5414 itaque
2336 5358 2575 5413 praesens
2596 5340 2839 5412 psalmus
2852 5354 2974 5394 cum
2988 5337 3333 5406 evangelicus
3352 5334 3478 5389 item
3492 5334 3586 5396 sit,

1997 5456 2059 5491 ac
2075 5452 2186 5490 non
2221 5435 2395 5490 solum
2411 5434 2477 5488 de
2494 5431 2777 5486 vocatione
2793 5430 3058 5500 gentium,
3090 5427 3184 5482 sed
3208 5427 3372 5481 etiam
3387 5427 3455 5480 tle
3468 5426 3589 5494 ipso

1998 5529 2285 5584 Servatore
2315 5525 2652 5597 prophetiam
2672 5525 2970 5585 contineat,
3000 5540 3019 5572 ι
3054 5521 3107 5573 in
3134 5520 3294 5573 ﬁnem
3322 5517 3534 5580 Davidi,
3562 5535 3587 5567 ›

1996 5637 2158 5695 atque
2195 5640 2215 5673 ι
2252 5620 2496 5693 psalmus
2538 5617 2794 5682 cantici,»
2834 5613 3059 5686 perinde
3124 5622 3288 5684 atque
3337 5610 3569 5681 superio
