  <div class='ocr_page' id='page_1' title='image "/cluster/home/n/w/nwhite01/storage/ocr_20150623/23/hvd.32044019207711/370.png"; bbox 0 0 4068 6516; ppageno 0'>
   <div class='ocr_carea' id='block_1_1' title="bbox 381 305 477 362">
    <p class='ocr_par' dir='ltr' id='par_1_1' title="bbox 381 305 477 362">
     <span class='ocr_line' id='line_1_1' title="bbox 381 305 477 362; baseline -0.021 0"><span class='ocrx_word' id='word_1_1' title='bbox 381 305 477 362; x_wconf 75' lang='grc'><strong>681</strong></span> 
     </span>
    </p>
   </div>
   <div class='ocr_carea' id='block_1_2' title="bbox 1500 297 2491 356">
    <p class='ocr_par' dir='ltr' id='par_1_2' title="bbox 1500 297 2491 356">
     <span class='ocr_line' id='line_1_2' title="bbox 1500 297 2491 356; baseline -0.002 -1"><span class='ocrx_word' id='word_1_2' title='bbox 1500 300 2004 356; x_wconf 66' lang='grc' dir='ltr'><strong>ΕΟΜΜΕΝΤΑΒῙᾹ</strong></span> <span class='ocrx_word' id='word_1_3' title='bbox 2045 301 2109 356; x_wconf 68' lang='grc' dir='ltr'>ιΝ</span> <span class='ocrx_word' id='word_1_4' title='bbox 2148 297 2491 356; x_wconf 67' lang='lat' dir='ltr'><strong>I&#39;SALMOS.</strong></span> 
     </span>
    </p>
   </div>
   <div class='ocr_carea' id='block_1_3' title="bbox 3536 302 3650 358">
    <p class='ocr_par' dir='ltr' id='par_1_3' title="bbox 3536 302 3650 358">
     <span class='ocr_line' id='line_1_3' title="bbox 3536 302 3650 358; baseline 0 -1"><span class='ocrx_word' id='word_1_5' title='bbox 3536 302 3650 358; x_wconf 65' lang='lat'><strong>089.</strong></span> 
     </span>
    </p>
   </div>
   <div class='ocr_carea' id='block_1_4' title="bbox 378 420 1961 497">
    <p class='ocr_par' dir='ltr' id='par_1_4' title="bbox 378 421 1961 497">
     <span class='ocr_line' id='line_1_4' title="bbox 378 421 1961 497; baseline -0.002 -19"><span class='ocrx_word' id='word_1_6' title='bbox 378 421 537 490; x_wconf 87' lang='grc' dir='ltr'>Θεοῦ,</span> <span class='ocrx_word' id='word_1_7' title='bbox 569 423 664 479; x_wconf 74' lang='grc' dir='ltr'><strong>καὶ</strong></span> <span class='ocrx_word' id='word_1_8' title='bbox 690 423 782 478; x_wconf 67' lang='grc' dir='ltr'><strong>ἐπὶ</strong></span> <span class='ocrx_word' id='word_1_9' title='bbox 811 425 911 495; x_wconf 72' lang='grc' dir='ltr'><strong>τήν</strong></span> <span class='ocrx_word' id='word_1_10' title='bbox 946 424 1054 477; x_wconf 85' lang='grc' dir='ltr'><strong>τῶν</strong></span> <span class='ocrx_word' id='word_1_11' title='bbox 1094 422 1481 497; x_wconf 69' lang='grc' dir='ltr'><strong>πραττομένων</strong></span> <span class='ocrx_word' id='word_1_12' title='bbox 1535 423 1813 494; x_wconf 79' lang='grc' dir='ltr'><strong>ἐκδίκησιν</strong></span> <span class='ocrx_word' id='word_1_13' title='bbox 1839 425 1961 477; x_wconf 84' lang='grc' dir='ltr'>ἐαυ-</span> 
     </span>
    </p>
   </div>
   <div class='ocr_carea' id='block_1_5' title="bbox 2064 420 3683 497">
    <p class='ocr_par' dir='ltr' id='par_1_5' title="bbox 2068 420 3683 492">
     <span class='ocr_line' id='line_1_5' title="bbox 2068 420 3683 492; baseline 0.001 -16"><span class='ocrx_word' id='word_1_14' title='bbox 2068 440 2099 476; x_wconf 90' lang='lat' dir='ltr'><strong>a</strong></span> <span class='ocrx_word' id='word_1_15' title='bbox 2131 423 2271 478; x_wconf 81' lang='lat' dir='ltr'><strong>facie</strong></span> <span class='ocrx_word' id='word_1_16' title='bbox 2299 421 2462 492; x_wconf 82' lang='lat' dir='ltr'><strong>ignis,</strong></span> <span class='ocrx_word' id='word_1_17' title='bbox 2508 420 2590 476; x_wconf 85' lang='lat' dir='ltr'><strong>sic</strong></span> <span class='ocrx_word' id='word_1_18' title='bbox 2623 429 2676 476; x_wconf 91' lang='lat' dir='ltr'><strong>et</strong></span> <span class='ocrx_word' id='word_1_19' title='bbox 2720 421 2797 475; x_wconf 84' lang='lat' dir='ltr'><strong>illi</strong></span> <span class='ocrx_word' id='word_1_20' title='bbox 2846 420 3074 491; x_wconf 78' lang='lat' dir='ltr'><strong>perituri</strong></span> <span class='ocrx_word' id='word_1_21' title='bbox 3130 429 3307 477; x_wconf 83' lang='lat' dir='ltr'><strong>erant.</strong></span> <span class='ocrx_word' id='word_1_22' title='bbox 3360 420 3683 488; x_wconf 17' lang='lat' dir='ltr'><strong>Quomodo.</strong></span> 
     </span>
    </p>
   </div>
   <div class='ocr_carea' id='block_1_6' title="bbox 377 514 1966 588">
    <p class='ocr_par' dir='ltr' id='par_1_6' title="bbox 377 514 1966 588">
     <span class='ocr_line' id='line_1_6' title="bbox 377 514 1966 588; baseline 0 -19"><span class='ocrx_word' id='word_1_23' title='bbox 377 517 469 569; x_wconf 83' lang='grc' dir='ltr'><strong>τὸν</strong></span> <span class='ocrx_word' id='word_1_24' title='bbox 503 515 887 588; x_wconf 77' lang='grc' dir='ltr'>διεγείραντος,</span> <span class='ocrx_word' id='word_1_25' title='bbox 930 514 1147 587; x_wconf 83' lang='grc' dir='ltr'>πρῶτον</span> <span class='ocrx_word' id='word_1_26' title='bbox 1192 514 1290 586; x_wconf 80' lang='grc' dir='ltr'>μὲν</span> <span class='ocrx_word' id='word_1_27' title='bbox 1327 516 1711 587; x_wconf 76' lang='grc' dir='ltr'>ἐσκορπίςοντο</span> <span class='ocrx_word' id='word_1_28' title='bbox 1748 516 1966 586; x_wconf 74' lang='grc' dir='ltr'>μακρὰν</span> 
     </span>
    </p>
   </div>
   <div class='ocr_carea' id='block_1_7' title="bbox 378 602 1966 679">
    <p class='ocr_par' dir='ltr' id='par_1_7' title="bbox 378 602 1966 679">
     <span class='ocr_line' id='line_1_7' title="bbox 378 602 1966 679; baseline -0.002 -18"><span class='ocrx_word' id='word_1_29' title='bbox 378 607 625 679; x_wconf 87' lang='grc' dir='ltr'>ἀλλήλων</span> <span class='ocrx_word' id='word_1_30' title='bbox 666 606 1195 677; x_wconf 75' lang='grc' dir='ltr'>διασκεδαννύμενοι,</span> <span class='ocrx_word' id='word_1_31' title='bbox 1246 602 1343 661; x_wconf 69' lang='grc' dir='ltr'>εἴτ’</span> <span class='ocrx_word' id='word_1_32' title='bbox 1393 605 1631 677; x_wconf 80' lang='grc' dir='ltr'>ἐχρῶντο</span> <span class='ocrx_word' id='word_1_33' title='bbox 1665 609 1830 677; x_wconf 77' lang='grc' dir='ltr'>φυγῇ·</span> <span class='ocrx_word' id='word_1_34' title='bbox 1872 607 1966 659; x_wconf 72' lang='grc' dir='ltr'><strong>καὶ</strong></span> 
     </span>
    </p>
   </div>
   <div class='ocr_carea' id='block_1_8' title="bbox 381 696 1967 769">
    <p class='ocr_par' dir='ltr' id='par_1_8' title="bbox 381 696 1967 769">
     <span class='ocr_line' id='line_1_8' title="bbox 381 696 1967 769; baseline -0.001 -19"><span class='ocrx_word' id='word_1_35' title='bbox 381 699 521 769; x_wconf 85' lang='grc' dir='ltr'><strong>μετά</strong></span> <span class='ocrx_word' id='word_1_36' title='bbox 566 697 737 751; x_wconf 82' lang='grc' dir='ltr'>ταῦτα</span> <span class='ocrx_word' id='word_1_37' title='bbox 793 697 868 760; x_wconf 86' lang='grc' dir='ltr'><strong>ῶς</strong></span> <span class='ocrx_word' id='word_1_38' title='bbox 922 697 1164 750; x_wconf 78' lang='grc' dir='ltr'>ἐκλείπει</span> <span class='ocrx_word' id='word_1_39' title='bbox 1206 698 1414 761; x_wconf 86' lang='grc' dir='ltr'>καπνὸς</span> <span class='ocrx_word' id='word_1_40' title='bbox 1451 696 1712 763; x_wconf 77' lang='grc' dir='ltr'>ἐξέλιπον,</span> <span class='ocrx_word' id='word_1_41' title='bbox 1748 697 1843 749; x_wconf 76' lang='grc' dir='ltr'><strong>καὶ</strong></span> <span class='ocrx_word' id='word_1_42' title='bbox 1888 696 1967 759; x_wconf 79' lang='grc' dir='ltr'>ὡς</span> 
     </span>
    </p>
   </div>
   <div class='ocr_carea' id='block_1_9' title="bbox 379 786 1967 861">
    <p class='ocr_par' dir='ltr' id='par_1_9' title="bbox 379 786 1967 861">
     <span class='ocr_line' id='line_1_9' title="bbox 379 786 1967 861; baseline -0.003 -19"><span class='ocrx_word' id='word_1_43' title='bbox 379 794 605 861; x_wconf 80' lang='grc' dir='ltr'>τήκεται</span> <span class='ocrx_word' id='word_1_44' title='bbox 630 788 797 860; x_wconf 88' lang='grc' dir='ltr'>κηρὸς</span> <span class='ocrx_word' id='word_1_45' title='bbox 828 788 936 842; x_wconf 83' lang='grc' dir='ltr'><strong>ἀπὸ</strong></span> <span class='ocrx_word' id='word_1_46' title='bbox 965 787 1259 859; x_wconf 76' lang='grc' dir='ltr'>προσώπου</span> <span class='ocrx_word' id='word_1_47' title='bbox 1306 788 1494 859; x_wconf 83' lang='grc' dir='ltr'>πυρὸς,</span> <span class='ocrx_word' id='word_1_48' title='bbox 1525 788 1699 850; x_wconf 73' lang='grc' dir='ltr'>οὕτως</span> <span class='ocrx_word' id='word_1_49' title='bbox 1730 786 1967 858; x_wconf 74' lang='grc' dir='ltr'>ἤμελλον</span> 
     </span>
    </p>
   </div>
   <div class='ocr_carea' id='block_1_10' title="bbox 380 878 1967 952">
    <p class='ocr_par' dir='ltr' id='par_1_10' title="bbox 380 878 1967 952">
     <span class='ocr_line' id='line_1_10' title="bbox 380 878 1967 952; baseline -0.003 -17"><span class='ocrx_word' id='word_1_50' title='bbox 380 881 736 935; x_wconf 80' lang='grc' dir='ltr'>ἀπόλλυσθαι.</span> <span class='ocrx_word' id='word_1_51' title='bbox 786 882 1015 952; x_wconf 80' lang='grc' dir='ltr'>Νοήσεις</span> <span class='ocrx_word' id='word_1_52' title='bbox 1068 880 1125 934; x_wconf 85' lang='grc' dir='ltr'><strong>δὲ</strong></span> <span class='ocrx_word' id='word_1_53' title='bbox 1172 882 1324 943; x_wconf 79' lang='grc' dir='ltr'>ὅπως</span> <span class='ocrx_word' id='word_1_54' title='bbox 1360 880 1436 943; x_wconf 83' lang='grc' dir='ltr'>ὡς</span> <span class='ocrx_word' id='word_1_55' title='bbox 1479 879 1718 933; x_wconf 80' lang='grc' dir='ltr'>ἐκλείπει</span> <span class='ocrx_word' id='word_1_56' title='bbox 1762 878 1967 943; x_wconf 84' lang='grc' dir='ltr'>καπνὸς</span> 
     </span>
    </p>
   </div>
   <div class='ocr_carea' id='block_1_11' title="bbox 380 970 1966 1045">
    <p class='ocr_par' dir='ltr' id='par_1_11' title="bbox 380 970 1966 1045">
     <span class='ocr_line' id='line_1_11' title="bbox 380 970 1966 1045; baseline -0.001 -20"><span class='ocrx_word' id='word_1_57' title='bbox 380 974 626 1039; x_wconf 77' lang='grc' dir='ltr'>ἐξέλιπον</span> <span class='ocrx_word' id='word_1_58' title='bbox 656 977 704 1027; x_wconf 82' lang='lat' dir='ltr'><strong>oi</strong></span> <span class='ocrx_word' id='word_1_59' title='bbox 727 974 909 1045; x_wconf 70' lang='grc' dir='ltr'>ἐχθροὶ</span> <span class='ocrx_word' id='word_1_60' title='bbox 938 971 1125 1034; x_wconf 80' lang='grc' dir='ltr'>αὑτοῦ,</span> <span class='ocrx_word' id='word_1_61' title='bbox 1162 973 1460 1043; x_wconf 73' lang='grc' dir='ltr'><strong>ἐπιστήσας</strong></span> <span class='ocrx_word' id='word_1_62' title='bbox 1507 971 1583 1036; x_wconf 81' lang='grc' dir='ltr'>ὡς</span> <span class='ocrx_word' id='word_1_63' title='bbox 1623 971 1684 1024; x_wconf 89' lang='grc' dir='ltr'><strong>τὸ</strong></span> <span class='ocrx_word' id='word_1_64' title='bbox 1719 970 1819 1041; x_wconf 83' lang='grc' dir='ltr'>μὲν</span> <span class='ocrx_word' id='word_1_65' title='bbox 1861 988 1966 1023; x_wconf 85' lang='grc' dir='ltr'>πα-</span> 
     </span>
    </p>
   </div>
   <div class='ocr_carea' id='block_1_12' title="bbox 378 1062 1965 1139">
    <p class='ocr_par' dir='ltr' id='par_1_12' title="bbox 378 1062 1965 1139">
     <span class='ocr_line' id='line_1_12' title="bbox 378 1062 1965 1139; baseline -0.003 -20"><span class='ocrx_word' id='word_1_66' title='bbox 378 1068 528 1121; x_wconf 76' lang='grc' dir='ltr'>λαιὸν</span> <span class='ocrx_word' id='word_1_67' title='bbox 580 1067 1108 1139; x_wconf 76' lang='grc' dir='ltr'>μετεσχηματίζοντο</span> <span class='ocrx_word' id='word_1_68' title='bbox 1149 1068 1230 1130; x_wconf 77' lang='grc' dir='ltr'><strong>είς</strong></span> <span class='ocrx_word' id='word_1_69' title='bbox 1280 1064 1546 1133; x_wconf 75' lang='grc' dir='ltr'><strong>ἀγγέλους</strong></span> <span class='ocrx_word' id='word_1_70' title='bbox 1580 1062 1775 1133; x_wconf 77' lang='grc' dir='ltr'>φωτὸς,</span> <span class='ocrx_word' id='word_1_71' title='bbox 1803 1062 1965 1125; x_wconf 74' lang='grc' dir='ltr'>αὐτὸς</span> 
     </span>
    </p>
   </div>
   <div class='ocr_carea' id='block_1_13' title="bbox 377 1154 1967 1223">
    <p class='ocr_par' dir='ltr' id='par_1_13' title="bbox 377 1154 1967 1223">
     <span class='ocr_line' id='line_1_13' title="bbox 377 1154 1967 1223; baseline -0.003 -12"><span class='ocrx_word' id='word_1_72' title='bbox 377 1159 436 1212; x_wconf 78' lang='grc' dir='ltr'>δὲ</span> <span class='ocrx_word' id='word_1_73' title='bbox 464 1161 492 1213; x_wconf 99' lang='lat'><strong>6</strong></span> <span class='ocrx_word' id='word_1_74' title='bbox 519 1158 761 1223; x_wconf 80' lang='grc' dir='ltr'>διάϐολος</span> <span class='ocrx_word' id='word_1_75' title='bbox 808 1158 901 1211; x_wconf 65' lang='grc' dir='ltr'><strong>καὶ</strong></span> <span class='ocrx_word' id='word_1_76' title='bbox 946 1159 993 1211; x_wconf 81' lang='grc' dir='ltr'>οἱ</span> <span class='ocrx_word' id='word_1_77' title='bbox 1038 1157 1270 1211; x_wconf 79' lang='grc' dir='ltr'>διάκονοι</span> <span class='ocrx_word' id='word_1_78' title='bbox 1294 1156 1459 1210; x_wconf 80' lang='grc' dir='ltr'>αὑτοῦ</span> <span class='ocrx_word' id='word_1_79' title='bbox 1490 1155 1643 1209; x_wconf 77' lang='grc' dir='ltr'>κατὰ</span> <span class='ocrx_word' id='word_1_80' title='bbox 1674 1155 1767 1209; x_wconf 85' lang='grc' dir='ltr'><strong>τὸν</strong></span> <span class='ocrx_word' id='word_1_81' title='bbox 1813 1154 1967 1207; x_wconf 82' lang='grc' dir='ltr'>Ἀπό-</span> 
     </span>
    </p>
   </div>
   <div class='ocr_carea' id='block_1_14' title="bbox 380 1245 1967 1319">
    <p class='ocr_par' dir='ltr' id='par_1_14' title="bbox 380 1245 1967 1319">
     <span class='ocr_line' id='line_1_14' title="bbox 380 1245 1967 1319; baseline -0.004 -17"><span class='ocrx_word' id='word_1_82' title='bbox 380 1248 587 1311; x_wconf 86' lang='grc' dir='ltr'>στολον,</span> <span class='ocrx_word' id='word_1_83' title='bbox 634 1249 693 1312; x_wconf 82' lang='grc' dir='ltr'>ὃς</span> <span class='ocrx_word' id='word_1_84' title='bbox 730 1264 911 1319; x_wconf 79' lang='grc' dir='ltr'>φησιν·</span> <span class='ocrx_word' id='word_1_85' title='bbox 950 1266 971 1298; x_wconf 83' lang='grc'><strong>‹</strong></span> <span class='ocrx_word' id='word_1_86' title='bbox 1002 1247 1173 1309; x_wconf 75' lang='grc' dir='ltr'>Αὐτὸς</span> <span class='ocrx_word' id='word_1_87' title='bbox 1218 1246 1327 1317; x_wconf 84' lang='grc' dir='ltr'><strong>γάρ</strong></span> <span class='ocrx_word' id='word_1_88' title='bbox 1358 1247 1387 1298; x_wconf 89' lang='grc' dir='ltr'><strong>ὁ</strong></span> <span class='ocrx_word' id='word_1_89' title='bbox 1419 1245 1662 1307; x_wconf 81' lang='grc' dir='ltr'>Σατανᾶς</span> <span class='ocrx_word' id='word_1_90' title='bbox 1693 1260 1967 1314; x_wconf 74' lang='grc' dir='ltr'>μετασχη-</span> 
     </span>
    </p>
   </div>
   <div class='ocr_carea' id='block_1_15' title="bbox 382 1332 1966 1412">
    <p class='ocr_par' dir='ltr' id='par_1_15' title="bbox 382 1332 1966 1412">
     <span class='ocr_line' id='line_1_15' title="bbox 382 1332 1966 1412; baseline -0.004 -17"><span class='ocrx_word' id='word_1_91' title='bbox 382 1340 667 1412; x_wconf 75' lang='grc' dir='ltr'>ματίζεται</span> <span class='ocrx_word' id='word_1_92' title='bbox 696 1343 777 1404; x_wconf 82' lang='grc' dir='ltr'><strong>είς</strong></span> <span class='ocrx_word' id='word_1_93' title='bbox 805 1340 1032 1409; x_wconf 77' lang='grc' dir='ltr'>ἄγγελον</span> <span class='ocrx_word' id='word_1_94' title='bbox 1064 1339 1259 1407; x_wconf 76' lang='grc' dir='ltr'>φωτός.</span> <span class='ocrx_word' id='word_1_95' title='bbox 1296 1358 1313 1390; x_wconf 75' lang='grc' dir='ltr'><strong>ι</strong></span> <span class='ocrx_word' id='word_1_96' title='bbox 1343 1338 1418 1391; x_wconf 80' lang='grc' dir='ltr'><strong>Οὐ</strong></span> <span class='ocrx_word' id='word_1_97' title='bbox 1453 1337 1596 1408; x_wconf 84' lang='grc' dir='ltr'>μέγα</span> <span class='ocrx_word' id='word_1_98' title='bbox 1634 1332 1730 1391; x_wconf 78' lang='grc' dir='ltr'><strong>οὖν</strong></span> <span class='ocrx_word' id='word_1_99' title='bbox 1775 1338 1824 1389; x_wconf 83' lang='grc' dir='ltr'><strong>εί</strong></span> <span class='ocrx_word' id='word_1_100' title='bbox 1870 1335 1966 1388; x_wconf 74' lang='grc' dir='ltr'><strong>καὶ</strong></span> 
     </span>
    </p>
   </div>
   <div class='ocr_carea' id='block_1_16' title="bbox 374 1427 1965 1503">
    <p class='ocr_par' dir='ltr' id='par_1_16' title="bbox 374 1427 1965 1503">
     <span class='ocr_line' id='line_1_16' title="bbox 374 1427 1965 1503; baseline -0.004 -18"><span class='ocrx_word' id='word_1_101' title='bbox 374 1434 431 1485; x_wconf 72' lang='grc' dir='ltr'>οἱ</span> <span class='ocrx_word' id='word_1_102' title='bbox 460 1432 695 1487; x_wconf 83' lang='grc' dir='ltr'>διάκονοι</span> <span class='ocrx_word' id='word_1_103' title='bbox 730 1431 895 1486; x_wconf 83' lang='grc' dir='ltr'>αὑτοῦ</span> <span class='ocrx_word' id='word_1_104' title='bbox 951 1430 1517 1503; x_wconf 79' lang='grc' dir='ltr'>μετασχηματίζονται</span> <span class='ocrx_word' id='word_1_105' title='bbox 1572 1430 1653 1492; x_wconf 79' lang='grc' dir='ltr'><strong>είς</strong></span> <span class='ocrx_word' id='word_1_106' title='bbox 1702 1427 1965 1497; x_wconf 81' lang='grc' dir='ltr'>ἀγγέλους</span> 
     </span>
    </p>
   </div>
   <div class='ocr_carea' id='block_1_17' title="bbox 376 1516 1964 1594">
    <p class='ocr_par' dir='ltr' id='par_1_17' title="bbox 376 1516 1964 1594">
     <span class='ocr_line' id='line_1_17' title="bbox 376 1516 1964 1594; baseline -0.004 -17"><span class='ocrx_word' id='word_1_107' title='bbox 376 1524 741 1594; x_wconf 69' lang='grc' dir='ltr'>δικαιοσύνης,</span> <span class='ocrx_word' id='word_1_108' title='bbox 771 1522 1201 1594; x_wconf 84' lang='grc' dir='ltr'>ἐχρησμοδότουν</span> <span class='ocrx_word' id='word_1_109' title='bbox 1240 1538 1301 1574; x_wconf 88' lang='grc' dir='ltr'><strong>τε</strong></span> <span class='ocrx_word' id='word_1_110' title='bbox 1333 1521 1452 1574; x_wconf 86' lang='grc' dir='ltr'>τότε</span> <span class='ocrx_word' id='word_1_111' title='bbox 1487 1520 1630 1573; x_wconf 82' lang='grc' dir='ltr'>κατὰ</span> <span class='ocrx_word' id='word_1_112' title='bbox 1664 1519 1839 1573; x_wconf 83' lang='grc' dir='ltr'>πάντα</span> <span class='ocrx_word' id='word_1_113' title='bbox 1870 1516 1964 1571; x_wconf 85' lang='grc' dir='ltr'>τό-</span> 
     </span>
    </p>
   </div>
   <div class='ocr_carea' id='block_1_18' title="bbox 377 1611 1965 1688">
    <p class='ocr_par' dir='ltr' id='par_1_18' title="bbox 377 1611 1965 1688">
     <span class='ocr_line' id='line_1_18' title="bbox 377 1611 1965 1688; baseline -0.004 -19"><span class='ocrx_word' id='word_1_114' title='bbox 377 1632 500 1680; x_wconf 86' lang='grc' dir='ltr'>πον,</span> <span class='ocrx_word' id='word_1_115' title='bbox 528 1616 783 1686; x_wconf 81' lang='grc' dir='ltr'>μαντείας</span> <span class='ocrx_word' id='word_1_116' title='bbox 812 1616 903 1670; x_wconf 69' lang='grc' dir='ltr'><strong>καὶ</strong></span> <span class='ocrx_word' id='word_1_117' title='bbox 927 1615 1223 1688; x_wconf 78' lang='grc' dir='ltr'>θεραπείας</span> <span class='ocrx_word' id='word_1_118' title='bbox 1244 1611 1729 1682; x_wconf 81' lang='grc' dir='ltr'>ἐπαγγελλόμενοι,</span> <span class='ocrx_word' id='word_1_119' title='bbox 1746 1611 1823 1675; x_wconf 81' lang='grc' dir='ltr'>ὡς</span> <span class='ocrx_word' id='word_1_120' title='bbox 1839 1612 1965 1674; x_wconf 74' lang='grc' dir='ltr'>τοὺς</span> 
     </span>
    </p>
   </div>
   <div class='ocr_carea' id='block_1_19' title="bbox 372 1701 1966 1777">
    <p class='ocr_par' dir='ltr' id='par_1_19' title="bbox 372 1701 1966 1777">
     <span class='ocr_line' id='line_1_19' title="bbox 372 1701 1966 1777; baseline -0.003 -20"><span class='ocrx_word' id='word_1_121' title='bbox 372 1704 771 1777; x_wconf 79' lang='grc' dir='ltr'>δεισιδαίμονας</span> <span class='ocrx_word' id='word_1_122' title='bbox 821 1705 968 1757; x_wconf 72' lang='grc' dir='ltr'>θύειν</span> <span class='ocrx_word' id='word_1_123' title='bbox 1019 1705 1198 1767; x_wconf 82' lang='grc' dir='ltr'>αὐτοῖς</span> <span class='ocrx_word' id='word_1_124' title='bbox 1244 1703 1363 1756; x_wconf 81' lang='grc' dir='ltr'>καθ’</span> <span class='ocrx_word' id='word_1_125' title='bbox 1409 1701 1717 1774; x_wconf 80' lang='grc' dir='ltr'>ὑπερϐολὴν</span> <span class='ocrx_word' id='word_1_126' title='bbox 1770 1702 1966 1772; x_wconf 86' lang='grc' dir='ltr'>μανίας</span> 
     </span>
    </p>
   </div>
   <div class='ocr_carea' id='block_1_20' title="bbox 2066 513 3646 586">
    <p class='ocr_par' dir='ltr' id='par_1_20' title="bbox 2066 513 3646 586">
     <span class='ocr_line' id='line_1_20' title="bbox 2066 513 3646 586; baseline 0.001 -16"><span class='ocrx_word' id='word_1_127' title='bbox 2066 524 2250 571; x_wconf 87' lang='lat' dir='ltr'><strong>autem</strong></span> <span class='ocrx_word' id='word_1_128' title='bbox 2273 517 2416 571; x_wconf 80' lang='lat' dir='ltr'><strong>sicut</strong></span> <span class='ocrx_word' id='word_1_129' title='bbox 2437 513 2623 569; x_wconf 76' lang='lat' dir='ltr'><strong>deficit</strong></span> <span class='ocrx_word' id='word_1_130' title='bbox 2643 513 2825 570; x_wconf 86' lang='lat' dir='ltr'><strong>fumus</strong></span> <span class='ocrx_word' id='word_1_131' title='bbox 2847 513 3151 568; x_wconf 76' lang='lat' dir='ltr'><strong>defecerint</strong></span> <span class='ocrx_word' id='word_1_132' title='bbox 3176 516 3477 570; x_wconf 77' lang='lat' dir='ltr'><strong>adversarii</strong></span> <span class='ocrx_word' id='word_1_133' title='bbox 3498 518 3646 586; x_wconf 83' lang='lat' dir='ltr'><strong>ejus.</strong></span> 
     </span>
    </p>
   </div>
   <div class='ocr_carea' id='block_1_21' title="bbox 2068 604 3653 679">
    <p class='ocr_par' dir='ltr' id='par_1_21' title="bbox 2068 604 3653 679">
     <span class='ocr_line' id='line_1_21' title="bbox 2068 604 3653 679; baseline 0.001 -18"><span class='ocrx_word' id='word_1_134' title='bbox 2068 607 2364 679; x_wconf 75' lang='lat' dir='ltr'><strong>intelliges,</strong></span> <span class='ocrx_word' id='word_1_135' title='bbox 2397 607 2443 661; x_wconf 87' lang='lat' dir='ltr'><strong>si</strong></span> <span class='ocrx_word' id='word_1_136' title='bbox 2501 604 2908 660; x_wconf 72' lang='lat' dir='ltr'><strong>animadvertas</strong></span> <span class='ocrx_word' id='word_1_137' title='bbox 2956 619 3065 673; x_wconf 86' lang='lat' dir='ltr'><strong>qua</strong></span> <span class='ocrx_word' id='word_1_138' title='bbox 3110 606 3322 661; x_wconf 90' lang='lat' dir='ltr'><strong>ratione</strong></span> <span class='ocrx_word' id='word_1_139' title='bbox 3352 607 3483 661; x_wconf 83' lang='lat' dir='ltr'><strong>olim</strong></span> <span class='ocrx_word' id='word_1_140' title='bbox 3536 608 3653 679; x_wconf 87' lang='lat' dir='ltr'><strong>ipse</strong></span> 
     </span>
    </p>
   </div>
   <div class='ocr_carea' id='block_1_22' title="bbox 2067 698 3656 768">
    <p class='ocr_par' dir='ltr' id='par_1_22' title="bbox 2067 698 3656 768">
     <span class='ocr_line' id='line_1_22' title="bbox 2067 698 3656 768; baseline -0.001 -11"><span class='ocrx_word' id='word_1_141' title='bbox 2067 702 2322 757; x_wconf 82' lang='lat' dir='ltr'><strong>diabolus</strong></span> <span class='ocrx_word' id='word_1_142' title='bbox 2360 707 2415 754; x_wconf 91' lang='lat' dir='ltr'><strong>et</strong></span> <span class='ocrx_word' id='word_1_143' title='bbox 2454 699 2693 755; x_wconf 86' lang='lat' dir='ltr'><strong>ministri</strong></span> <span class='ocrx_word' id='word_1_144' title='bbox 2730 698 2854 768; x_wconf 83' lang='lat' dir='ltr'><strong>ejus</strong></span> <span class='ocrx_word' id='word_1_145' title='bbox 2892 700 3421 757; x_wconf 78' lang='lat' dir='ltr'><strong>transformarentur</strong></span> <span class='ocrx_word' id='word_1_146' title='bbox 3461 702 3513 756; x_wconf 86' lang='lat' dir='ltr'><strong>in</strong></span> <span class='ocrx_word' id='word_1_147' title='bbox 3556 718 3656 755; x_wconf 88' lang='lat' dir='ltr'><strong>an-</strong></span> 
     </span>
    </p>
   </div>
   <div class='ocr_carea' id='block_1_23' title="bbox 2067 789 3657 864">
    <p class='ocr_par' dir='ltr' id='par_1_23' title="bbox 2067 789 3657 864">
     <span class='ocr_line' id='line_1_23' title="bbox 2067 789 3657 864; baseline -0.002 -16"><span class='ocrx_word' id='word_1_148' title='bbox 2067 793 2219 864; x_wconf 88' lang='lat' dir='ltr'><strong>gelos</strong></span> <span class='ocrx_word' id='word_1_149' title='bbox 2259 791 2421 853; x_wconf 89' lang='lat' dir='ltr'><strong>lucis,</strong></span> <span class='ocrx_word' id='word_1_150' title='bbox 2463 789 2770 845; x_wconf 90' lang='lat' dir='ltr'><strong>secundum</strong></span> <span class='ocrx_word' id='word_1_151' title='bbox 2808 791 3153 859; x_wconf 79' lang='lat' dir='ltr'><strong>Apostolum,</strong></span> <span class='ocrx_word' id='word_1_152' title='bbox 3194 792 3288 861; x_wconf 88' lang='lat' dir='ltr'><strong>qui</strong></span> <span class='ocrx_word' id='word_1_153' title='bbox 3324 791 3401 845; x_wconf 88' lang='lat' dir='ltr'><strong>ait</strong></span> <span class='ocrx_word' id='word_1_154' title='bbox 3433 809 3448 845; x_wconf 89' lang='lat'><strong>:</strong></span> <span class='ocrx_word' id='word_1_155' title='bbox 3494 811 3512 844; x_wconf 79' lang='grc' dir='ltr'><strong>ι</strong></span> <span class='ocrx_word' id='word_1_156' title='bbox 3536 792 3657 862; x_wconf 81' lang='lat' dir='ltr'><strong>Ipse</strong></span> 
     </span>
    </p>
   </div>
   <div class='ocr_carea' id='block_1_24' title="bbox 2066 883 3649 955">
    <p class='ocr_par' dir='ltr' id='par_1_24' title="bbox 2066 883 3649 955">
     <span class='ocr_line' id='line_1_24' title="bbox 2066 883 3649 955; baseline -0.003 -15"><span class='ocrx_word' id='word_1_157' title='bbox 2066 886 2211 941; x_wconf 90' lang='lat' dir='ltr'><strong>enim</strong></span> <span class='ocrx_word' id='word_1_158' title='bbox 2251 885 2487 939; x_wconf 83' lang='lat' dir='ltr'><strong>Satanas</strong></span> <span class='ocrx_word' id='word_1_159' title='bbox 2525 883 2953 938; x_wconf 79' lang='lat' dir='ltr'><strong>transformatur</strong></span> <span class='ocrx_word' id='word_1_160' title='bbox 2989 884 3047 938; x_wconf 91' lang='lat' dir='ltr'><strong>in</strong></span> <span class='ocrx_word' id='word_1_161' title='bbox 3076 884 3327 955; x_wconf 78' lang='lat' dir='ltr'><strong>angelum</strong></span> <span class='ocrx_word' id='word_1_162' title='bbox 3366 885 3507 940; x_wconf 84' lang='lat' dir='ltr'><strong>lucis</strong></span> <span class='ocrx_word' id='word_1_163' title='bbox 3537 886 3604 937; x_wconf 70' lang='lat'><strong>’7.</strong></span> <span class='ocrx_word' id='word_1_164' title='bbox 3631 904 3649 935; x_wconf 75' lang='grc' dir='ltr'><strong>ι</strong></span> 
     </span>
    </p>
   </div>
   <div class='ocr_carea' id='block_1_25' title="bbox 2066 972 3658 1044">
    <p class='ocr_par' dir='ltr' id='par_1_25' title="bbox 2066 972 3658 1044">
     <span class='ocr_line' id='line_1_25' title="bbox 2066 972 3658 1044; baseline 0.001 -16"><span class='ocrx_word' id='word_1_165' title='bbox 2066 973 2185 1029; x_wconf 85' lang='lat' dir='ltr'><strong>Non</strong></span> <span class='ocrx_word' id='word_1_166' title='bbox 2217 990 2472 1044; x_wconf 75' lang='lat' dir='ltr'><strong>magnum</strong></span> <span class='ocrx_word' id='word_1_167' title='bbox 2498 973 2684 1044; x_wconf 84' lang='lat' dir='ltr'><strong>itaque</strong></span> <span class='ocrx_word' id='word_1_168' title='bbox 2703 972 2984 1041; x_wconf 81' lang='lat' dir='ltr'><strong>quidpiam</strong></span> <span class='ocrx_word' id='word_1_169' title='bbox 3008 973 3055 1027; x_wconf 92' lang='lat' dir='ltr'><strong>si</strong></span> <span class='ocrx_word' id='word_1_170' title='bbox 3078 973 3312 1029; x_wconf 85' lang='lat' dir='ltr'><strong>ministri</strong></span> <span class='ocrx_word' id='word_1_171' title='bbox 3332 974 3456 1042; x_wconf 82' lang='lat' dir='ltr'><strong>ejus</strong></span> <span class='ocrx_word' id='word_1_172' title='bbox 3476 980 3658 1029; x_wconf 88' lang='lat' dir='ltr'><strong>trans-</strong></span> 
     </span>
    </p>
   </div>
   <div class='ocr_carea' id='block_1_26' title="bbox 2069 1064 3659 1135">
    <p class='ocr_par' dir='ltr' id='par_1_26' title="bbox 2069 1064 3659 1135">
     <span class='ocr_line' id='line_1_26' title="bbox 2069 1064 3659 1135; baseline 0.001 -16"><span class='ocrx_word' id='word_1_173' title='bbox 2069 1065 2441 1120; x_wconf 84' lang='lat' dir='ltr'><strong>formarentur</strong></span> <span class='ocrx_word' id='word_1_174' title='bbox 2472 1066 2523 1119; x_wconf 82' lang='lat' dir='ltr'><strong>ia</strong></span> <span class='ocrx_word' id='word_1_175' title='bbox 2556 1064 2782 1135; x_wconf 78' lang='lat' dir='ltr'><strong>angelos</strong></span> <span class='ocrx_word' id='word_1_176' title='bbox 2816 1065 3064 1134; x_wconf 68' lang='lat' dir='ltr'><strong>justitiaa,</strong></span> <span class='ocrx_word' id='word_1_177' title='bbox 3095 1080 3196 1119; x_wconf 88' lang='lat' dir='ltr'><strong>nec</strong></span> <span class='ocrx_word' id='word_1_178' title='bbox 3224 1065 3272 1120; x_wconf 89' lang='lat' dir='ltr'><strong>si</strong></span> <span class='ocrx_word' id='word_1_179' title='bbox 3307 1073 3438 1120; x_wconf 88' lang='lat' dir='ltr'><strong>tunc</strong></span> <span class='ocrx_word' id='word_1_180' title='bbox 3474 1065 3659 1120; x_wconf 88' lang='lat' dir='ltr'><strong>omni-</strong></span> 
     </span>
    </p>
   </div>
   <div class='ocr_carea' id='block_1_27' title="bbox 2068 1156 3661 1222">
    <p class='ocr_par' dir='ltr' id='par_1_27' title="bbox 2068 1156 3661 1222">
     <span class='ocr_line' id='line_1_27' title="bbox 2068 1156 3661 1222; baseline -0.001 -10"><span class='ocrx_word' id='word_1_181' title='bbox 2068 1158 2171 1213; x_wconf 86' lang='lat' dir='ltr'><strong>bus</strong></span> <span class='ocrx_word' id='word_1_182' title='bbox 2198 1158 2256 1211; x_wconf 89' lang='lat' dir='ltr'><strong>in</strong></span> <span class='ocrx_word' id='word_1_183' title='bbox 2284 1158 2422 1212; x_wconf 89' lang='lat' dir='ltr'><strong>locis</strong></span> <span class='ocrx_word' id='word_1_184' title='bbox 2448 1159 2673 1211; x_wconf 88' lang='lat' dir='ltr'><strong>oracula</strong></span> <span class='ocrx_word' id='word_1_185' title='bbox 2710 1156 2975 1222; x_wconf 89' lang='lat' dir='ltr'><strong>ederent,</strong></span> <span class='ocrx_word' id='word_1_186' title='bbox 3018 1156 3280 1211; x_wconf 75' lang='lat' dir='ltr'><strong>vaticinia</strong></span> <span class='ocrx_word' id='word_1_187' title='bbox 3329 1165 3383 1213; x_wconf 91' lang='lat' dir='ltr'><strong>et</strong></span> <span class='ocrx_word' id='word_1_188' title='bbox 3416 1158 3661 1212; x_wconf 90' lang='lat' dir='ltr'><strong>curatio-</strong></span> 
     </span>
    </p>
   </div>
   <div class='ocr_carea' id='block_1_28' title="bbox 2067 1250 3660 1324">
    <p class='ocr_par' dir='ltr' id='par_1_28' title="bbox 2067 1250 3660 1324">
     <span class='ocr_line' id='line_1_28' title="bbox 2067 1250 3660 1324; baseline -0.001 -17"><span class='ocrx_word' id='word_1_189' title='bbox 2067 1269 2166 1309; x_wconf 88' lang='lat' dir='ltr'><strong>nes</strong></span> <span class='ocrx_word' id='word_1_190' title='bbox 2217 1253 2575 1324; x_wconf 86' lang='lat' dir='ltr'><strong>pollicentes;</strong></span> <span class='ocrx_word' id='word_1_191' title='bbox 2618 1252 2693 1305; x_wconf 88' lang='lat' dir='ltr'><strong>ita</strong></span> <span class='ocrx_word' id='word_1_192' title='bbox 2742 1259 2801 1306; x_wconf 88' lang='lat' dir='ltr'><strong>ut</strong></span> <span class='ocrx_word' id='word_1_193' title='bbox 2857 1251 3228 1321; x_wconf 87' lang='lat' dir='ltr'><strong>superstitiosi</strong></span> <span class='ocrx_word' id='word_1_194' title='bbox 3272 1250 3523 1307; x_wconf 82' lang='lat' dir='ltr'><strong>homines</strong></span> <span class='ocrx_word' id='word_1_195' title='bbox 3563 1265 3660 1321; x_wconf 87' lang='lat' dir='ltr'><strong>per</strong></span> 
     </span>
    </p>
   </div>
   <div class='ocr_carea' id='block_1_29' title="bbox 2066 1330 3723 1412">
    <p class='ocr_par' dir='ltr' id='par_1_29' title="bbox 2066 1330 3723 1412">
     <span class='ocr_line' id='line_1_29' title="bbox 2066 1330 3723 1412; baseline -0.001 -13"><span class='ocrx_word' id='word_1_196' title='bbox 2066 1358 2337 1399; x_wconf 89' lang='lat' dir='ltr'><strong>summam</strong></span> <span class='ocrx_word' id='word_1_197' title='bbox 2369 1343 2644 1398; x_wconf 84' lang='lat' dir='ltr'><strong>insaniam</strong></span> <span class='ocrx_word' id='word_1_198' title='bbox 2676 1342 2764 1397; x_wconf 92' lang='lat' dir='ltr'><strong>vel</strong></span> <span class='ocrx_word' id='word_1_199' title='bbox 2791 1342 2900 1397; x_wconf 82' lang='lat' dir='ltr'><strong>sibi</strong></span> <span class='ocrx_word' id='word_1_200' title='bbox 2934 1342 3261 1398; x_wconf 81' lang='lat' dir='ltr'><strong>charissima</strong></span> <span class='ocrx_word' id='word_1_201' title='bbox 3294 1343 3430 1412; x_wconf 89' lang='lat' dir='ltr'><strong>ipsis</strong></span> <span class='ocrx_word' id='word_1_202' title='bbox 3458 1342 3627 1397; x_wconf 85' lang='lat' dir='ltr'><strong>immo</strong></span> <span class='ocrx_word' id='word_1_203' title='bbox 3720 1330 3723 1331; x_wconf 33' lang='grc'><strong><em>⁷</em></strong></span> 
     </span>
    </p>
   </div>
   <div class='ocr_carea' id='block_1_30' title="bbox 2067 1431 3659 1490">
    <p class='ocr_par' dir='ltr' id='par_1_30' title="bbox 2067 1431 3659 1490">
     <span class='ocr_line' id='line_1_30' title="bbox 2067 1431 3659 1490; baseline -0.003 -1"><span class='ocrx_word' id='word_1_204' title='bbox 2067 1436 2263 1490; x_wconf 90' lang='lat' dir='ltr'><strong>larent.</strong></span> <span class='ocrx_word' id='word_1_205' title='bbox 2294 1434 2454 1490; x_wconf 81' lang='lat' dir='ltr'><strong>Nunc</strong></span> <span class='ocrx_word' id='word_1_206' title='bbox 2474 1449 2608 1490; x_wconf 87' lang='lat' dir='ltr'><strong>vero</strong></span> <span class='ocrx_word' id='word_1_207' title='bbox 2647 1447 2839 1488; x_wconf 88' lang='lat' dir='ltr'><strong>eorum</strong></span> <span class='ocrx_word' id='word_1_208' title='bbox 2868 1431 3119 1487; x_wconf 82' lang='lat' dir='ltr'><strong>omnium</strong></span> <span class='ocrx_word' id='word_1_209' title='bbox 3148 1433 3310 1487; x_wconf 88' lang='lat' dir='ltr'><strong>ruina</strong></span> <span class='ocrx_word' id='word_1_210' title='bbox 3341 1440 3396 1486; x_wconf 88' lang='lat' dir='ltr'><strong>et</strong></span> <span class='ocrx_word' id='word_1_211' title='bbox 3419 1432 3659 1488; x_wconf 88' lang='lat' dir='ltr'><strong>desertio</strong></span> 
     </span>
    </p>
   </div>
   <div class='ocr_carea' id='block_1_31' title="bbox 2066 1526 3654 1601">
    <p class='ocr_par' dir='ltr' id='par_1_31' title="bbox 2066 1526 3654 1601">
     <span class='ocr_line' id='line_1_31' title="bbox 2066 1526 3654 1601; baseline -0.003 -16"><span class='ocrx_word' id='word_1_212' title='bbox 2066 1530 2331 1601; x_wconf 76' lang='lat' dir='ltr'><strong>contigit,</strong></span> <span class='ocrx_word' id='word_1_213' title='bbox 2382 1530 2458 1584; x_wconf 89' lang='lat' dir='ltr'><strong>ita</strong></span> <span class='ocrx_word' id='word_1_214' title='bbox 2507 1534 2568 1582; x_wconf 91' lang='lat' dir='ltr'><strong>ut</strong></span> <span class='ocrx_word' id='word_1_215' title='bbox 2614 1543 2685 1583; x_wconf 88' lang='lat' dir='ltr'><strong>ne</strong></span> <span class='ocrx_word' id='word_1_216' title='bbox 2724 1528 2808 1583; x_wconf 87' lang='lat' dir='ltr'><strong>vel</strong></span> <span class='ocrx_word' id='word_1_217' title='bbox 2837 1542 3029 1583; x_wconf 89' lang='lat' dir='ltr'><strong>eorum</strong></span> <span class='ocrx_word' id='word_1_218' title='bbox 3063 1527 3323 1582; x_wconf 84' lang='lat' dir='ltr'><strong>memoria</strong></span> <span class='ocrx_word' id='word_1_219' title='bbox 3354 1526 3597 1597; x_wconf 81' lang='lat' dir='ltr'><strong>supersit</strong></span> <span class='ocrx_word' id='word_1_220' title='bbox 3639 1546 3654 1580; x_wconf 89' lang='lat'>:</span> 
     </span>
    </p>
   </div>
   <div class='ocr_carea' id='block_1_32' title="bbox 2062 1618 3661 1691">
    <p class='ocr_par' dir='ltr' id='par_1_32' title="bbox 2062 1618 3661 1691">
     <span class='ocr_line' id='line_1_32' title="bbox 2062 1618 3661 1691; baseline -0.003 -14"><span class='ocrx_word' id='word_1_221' title='bbox 2062 1623 2453 1691; x_wconf 76' lang='lat' dir='ltr'><strong>exstinctoque</strong></span> <span class='ocrx_word' id='word_1_222' title='bbox 2491 1620 2737 1691; x_wconf 84' lang='lat' dir='ltr'><strong>ipsorum</strong></span> <span class='ocrx_word' id='word_1_223' title='bbox 2785 1620 2910 1691; x_wconf 82' lang='lat' dir='ltr'><strong>igne</strong></span> <span class='ocrx_word' id='word_1_224' title='bbox 2940 1619 3262 1674; x_wconf 81' lang='lat' dir='ltr'><strong>defecerunt</strong></span> <span class='ocrx_word' id='word_1_225' title='bbox 3298 1620 3444 1675; x_wconf 88' lang='lat' dir='ltr'><strong>sicut</strong></span> <span class='ocrx_word' id='word_1_226' title='bbox 3476 1618 3661 1674; x_wconf 73' lang='lat' dir='ltr'><strong>deficit</strong></span> 
     </span>
    </p>
   </div>
   <div class='ocr_carea' id='block_1_33' title="bbox 2068 1711 3661 1780">
    <p class='ocr_par' dir='ltr' id='par_1_33' title="bbox 2068 1711 3661 1780">
     <span class='ocr_line' id='line_1_33' title="bbox 2068 1711 3661 1780; baseline -0.003 -10"><span class='ocrx_word' id='word_1_227' title='bbox 2068 1716 2275 1771; x_wconf 82' lang='lat' dir='ltr'><strong>fumus.</strong></span> <span class='ocrx_word' id='word_1_228' title='bbox 2316 1713 2504 1780; x_wconf 83' lang='lat' dir='ltr'><strong>Quare</strong></span> <span class='ocrx_word' id='word_1_229' title='bbox 2528 1713 2641 1767; x_wconf 88' lang='lat' dir='ltr'><strong>alio</strong></span> <span class='ocrx_word' id='word_1_230' title='bbox 2680 1713 2736 1767; x_wconf 89' lang='lat' dir='ltr'><strong>in</strong></span> <span class='ocrx_word' id='word_1_231' title='bbox 2776 1713 2898 1766; x_wconf 89' lang='lat' dir='ltr'><strong>loco</strong></span> <span class='ocrx_word' id='word_1_232' title='bbox 2934 1711 3136 1766; x_wconf 88' lang='lat' dir='ltr'><strong>dicitur</strong></span> <span class='ocrx_word' id='word_1_233' title='bbox 3169 1728 3183 1766; x_wconf 90' lang='lat'><strong>:</strong></span> <span class='ocrx_word' id='word_1_234' title='bbox 3221 1730 3240 1762; x_wconf 74' lang='grc' dir='ltr'><strong>ι</strong></span> <span class='ocrx_word' id='word_1_235' title='bbox 3274 1711 3537 1767; x_wconf 84' lang='lat' dir='ltr'><strong>Ascendit</strong></span> <span class='ocrx_word' id='word_1_236' title='bbox 3574 1712 3661 1766; x_wconf 81' lang='lat' dir='ltr'><strong>fu-</strong></span> 
     </span>
    </p>
   </div>
   <div class='ocr_carea' id='block_1_34' title="bbox 374 1787 1961 1874">
    <p class='ocr_par' dir='ltr' id='par_1_34' title="bbox 374 1787 1958 1863">
     <span class='ocr_line' id='line_1_34' title="bbox 374 1787 1958 1863; baseline -0.005 -16"><span class='ocrx_word' id='word_1_237' title='bbox 374 1794 473 1849; x_wconf 77' lang='grc' dir='ltr'><strong>καὶ</strong></span> <span class='ocrx_word' id='word_1_238' title='bbox 518 1795 587 1847; x_wconf 87' lang='grc' dir='ltr'><strong>τά</strong></span> <span class='ocrx_word' id='word_1_239' title='bbox 635 1793 842 1848; x_wconf 86' lang='grc' dir='ltr'>ἐαυτῶν</span> <span class='ocrx_word' id='word_1_240' title='bbox 874 1793 1125 1863; x_wconf 79' lang='grc' dir='ltr'>φίλτατα.</span> <span class='ocrx_word' id='word_1_241' title='bbox 1175 1789 1312 1843; x_wconf 75' lang='grc' dir='ltr'>Νυνὶ</span> <span class='ocrx_word' id='word_1_242' title='bbox 1357 1788 1414 1841; x_wconf 83' lang='grc' dir='ltr'><strong>δέ</strong></span> <span class='ocrx_word' id='word_1_243' title='bbox 1474 1788 1697 1841; x_wconf 75' lang='grc' dir='ltr'>ἐκείνων</span> <span class='ocrx_word' id='word_1_244' title='bbox 1743 1787 1958 1840; x_wconf 81' lang='grc' dir='ltr'>πάντων</span> 
     </span>
    </p>
   </div>
   <div class='ocr_carea' id='block_1_35' title="bbox 2064 1787 3657 1874">
    <p class='ocr_par' dir='ltr' id='par_1_35' title="bbox 2065 1802 3657 1874">
     <span class='ocr_line' id='line_1_35' title="bbox 2065 1802 3657 1874; baseline 0 -15"><span class='ocrx_word' id='word_1_245' title='bbox 2065 1823 2187 1861; x_wconf 89' lang='lat' dir='ltr'><strong>mus</strong></span> <span class='ocrx_word' id='word_1_246' title='bbox 2222 1806 2277 1860; x_wconf 90' lang='lat' dir='ltr'><strong>in</strong></span> <span class='ocrx_word' id='word_1_247' title='bbox 2318 1806 2399 1859; x_wconf 89' lang='lat' dir='ltr'><strong>ira</strong></span> <span class='ocrx_word' id='word_1_248' title='bbox 2438 1804 2558 1874; x_wconf 88' lang='lat' dir='ltr'><strong>ejus</strong></span> <span class='ocrx_word' id='word_1_249' title='bbox 2588 1805 2655 1859; x_wconf 79' lang='grc'><strong>⁸⁸.</strong></span> <span class='ocrx_word' id='word_1_250' title='bbox 2696 1824 2714 1856; x_wconf 76' lang='grc' dir='ltr'><strong>ι</strong></span> <span class='ocrx_word' id='word_1_251' title='bbox 2758 1802 2893 1857; x_wconf 86' lang='lat' dir='ltr'><strong>Nam</strong></span> <span class='ocrx_word' id='word_1_252' title='bbox 2925 1804 3007 1857; x_wconf 82' lang='lat' dir='ltr'><strong>ira</strong></span> <span class='ocrx_word' id='word_1_253' title='bbox 3048 1802 3144 1857; x_wconf 90' lang='lat' dir='ltr'><strong>Dei</strong></span> <span class='ocrx_word' id='word_1_254' title='bbox 3177 1802 3444 1859; x_wconf 78' lang='lat' dir='ltr'><strong>invadens</strong></span> <span class='ocrx_word' id='word_1_255' title='bbox 3481 1803 3657 1873; x_wconf 86' lang='lat' dir='ltr'><strong>ipsos.</strong></span> 
     </span>
    </p>
   </div>
   <div class='ocr_carea' id='block_1_36' title="bbox 368 1879 1962 1959">
    <p class='ocr_par' dir='ltr' id='par_1_36' title="bbox 368 1879 1962 1959">
     <span class='ocr_line' id='line_1_36' title="bbox 368 1879 1962 1959; baseline -0.008 -17"><span class='ocrx_word' id='word_1_256' title='bbox 368 1889 681 1959; x_wconf 75' lang='grc' dir='ltr'>ἁφανισμὸς</span> <span class='ocrx_word' id='word_1_257' title='bbox 706 1887 802 1940; x_wconf 68' lang='grc' dir='ltr'><strong>καὶ</strong></span> <span class='ocrx_word' id='word_1_258' title='bbox 838 1887 1044 1958; x_wconf 78' lang='grc' dir='ltr'>ἐρημία</span> <span class='ocrx_word' id='word_1_259' title='bbox 1069 1885 1313 1953; x_wconf 68' lang='grc' dir='ltr'>γέγονεν,</span> <span class='ocrx_word' id='word_1_260' title='bbox 1335 1884 1410 1947; x_wconf 85' lang='grc' dir='ltr'>ὡς</span> <span class='ocrx_word' id='word_1_261' title='bbox 1445 1881 1577 1955; x_wconf 87' lang='grc' dir='ltr'><strong>μηδέ</strong></span> <span class='ocrx_word' id='word_1_262' title='bbox 1609 1880 1829 1952; x_wconf 80' lang='grc' dir='ltr'>μνήμην</span> <span class='ocrx_word' id='word_1_263' title='bbox 1864 1879 1962 1931; x_wconf 78' lang='grc' dir='ltr'>αὑ-</span> 
     </span>
    </p>
   </div>
   <div class='ocr_carea' id='block_1_37' title="bbox 367 1969 1969 2041">
    <p class='ocr_par' dir='ltr' id='par_1_37' title="bbox 367 1969 1969 2041">
     <span class='ocr_line' id='line_1_37' title="bbox 367 1969 1969 2041; baseline -0.005 -11"><span class='ocrx_word' id='word_1_264' title='bbox 367 1976 485 2030; x_wconf 78' lang='grc' dir='ltr'><strong>τῶν</strong></span> <span class='ocrx_word' id='word_1_265' title='bbox 543 1976 909 2030; x_wconf 69' lang='grc' dir='ltr'><strong>ὲπιλιιτέσθαι⁴</strong></span> <span class='ocrx_word' id='word_1_266' title='bbox 942 1975 1188 2041; x_wconf 73' lang='grc' dir='ltr'>ἐξέλιπον</span> <span class='ocrx_word' id='word_1_267' title='bbox 1238 1973 1295 2026; x_wconf 85' lang='grc' dir='ltr'>δὲ</span> <span class='ocrx_word' id='word_1_268' title='bbox 1347 1972 1423 2036; x_wconf 84' lang='grc' dir='ltr'>ὡς</span> <span class='ocrx_word' id='word_1_269' title='bbox 1475 1970 1717 2025; x_wconf 77' lang='grc' dir='ltr'>ἐκλείπει</span> <span class='ocrx_word' id='word_1_270' title='bbox 1762 1969 1969 2033; x_wconf 86' lang='grc' dir='ltr'>καπνὸς</span> 
     </span>
    </p>
   </div>
   <div class='ocr_carea' id='block_1_38' title="bbox 368 2059 1971 2136">
    <p class='ocr_par' dir='ltr' id='par_1_38' title="bbox 368 2059 1971 2136">
     <span class='ocr_line' id='line_1_38' title="bbox 368 2059 1971 2136; baseline -0.006 -15"><span class='ocrx_word' id='word_1_271' title='bbox 368 2066 810 2130; x_wconf 63' lang='grc' dir='ltr'>ἀποσϐεσθέντας</span> <span class='ocrx_word' id='word_1_272' title='bbox 837 2066 1017 2119; x_wconf 72' lang='grc' dir='ltr'>αὐτῶν</span> <span class='ocrx_word' id='word_1_273' title='bbox 1046 2064 1142 2119; x_wconf 79' lang='grc' dir='ltr'><strong>τοῦ</strong></span> <span class='ocrx_word' id='word_1_274' title='bbox 1170 2064 1366 2136; x_wconf 82' lang='grc' dir='ltr'>πυρός·</span> <span class='ocrx_word' id='word_1_275' title='bbox 1400 2063 1481 2116; x_wconf 89' lang='grc' dir='ltr'><strong>διὸ</strong></span> <span class='ocrx_word' id='word_1_276' title='bbox 1510 2064 1605 2116; x_wconf 78' lang='grc' dir='ltr'><strong>καὶ</strong></span> <span class='ocrx_word' id='word_1_277' title='bbox 1629 2060 1860 2131; x_wconf 88' lang='grc' dir='ltr'>ἀλλαχοῦ</span> <span class='ocrx_word' id='word_1_278' title='bbox 1892 2059 1971 2113; x_wconf 81' lang='grc' dir='ltr'><strong>εἴ-</strong></span> 
     </span>
    </p>
   </div>
   <div class='ocr_carea' id='block_1_39' title="bbox 369 2152 1969 2235">
    <p class='ocr_par' dir='ltr' id='par_1_39' title="bbox 369 2152 1969 2235">
     <span class='ocr_line' id='line_1_39' title="bbox 369 2152 1969 2235; baseline -0.005 -22"><span class='ocrx_word' id='word_1_279' title='bbox 369 2178 561 2235; x_wconf 80' lang='grc' dir='ltr'>ρηται·</span> <span class='ocrx_word' id='word_1_280' title='bbox 625 2180 645 2213; x_wconf 88' lang='grc'><strong><em>‹</em></strong></span> <span class='ocrx_word' id='word_1_281' title='bbox 691 2160 881 2231; x_wconf 72' lang='grc' dir='ltr'>Ἀνέϐη</span> <span class='ocrx_word' id='word_1_282' title='bbox 929 2160 1134 2222; x_wconf 85' lang='grc' dir='ltr'>καπνὸς</span> <span class='ocrx_word' id='word_1_283' title='bbox 1184 2161 1241 2210; x_wconf 79' lang='grc' dir='ltr'><strong>ἐν</strong></span> <span class='ocrx_word' id='word_1_284' title='bbox 1271 2158 1410 2227; x_wconf 80' lang='grc' dir='ltr'>ὀργῇ</span> <span class='ocrx_word' id='word_1_285' title='bbox 1453 2153 1639 2209; x_wconf 80' lang='grc' dir='ltr'>αὐτοῦ.</span> <span class='ocrx_word' id='word_1_286' title='bbox 1675 2173 1697 2205; x_wconf 64' lang='lat'><strong>9</strong></span> <span class='ocrx_word' id='word_1_287' title='bbox 1769 2155 1830 2206; x_wconf 84' lang='grc' dir='ltr'><em>Ἡ</em></span> <span class='ocrx_word' id='word_1_288' title='bbox 1859 2152 1969 2224; x_wconf 87' lang='grc' dir='ltr'><strong>γάρ</strong></span> 
     </span>
    </p>
   </div>
   <div class='ocr_carea' id='block_1_40' title="bbox 370 2245 1969 2324">
    <p class='ocr_par' dir='ltr' id='par_1_40' title="bbox 370 2245 1969 2324">
     <span class='ocr_line' id='line_1_40' title="bbox 370 2245 1969 2324; baseline -0.006 -17"><span class='ocrx_word' id='word_1_289' title='bbox 370 2252 470 2307; x_wconf 85' lang='grc' dir='ltr'><strong>τοῦ</strong></span> <span class='ocrx_word' id='word_1_290' title='bbox 504 2251 641 2306; x_wconf 86' lang='grc' dir='ltr'>Θεοῦ</span> <span class='ocrx_word' id='word_1_291' title='bbox 673 2252 811 2324; x_wconf 78' lang='grc' dir='ltr'>ὀργή</span> <span class='ocrx_word' id='word_1_292' title='bbox 839 2250 1047 2313; x_wconf 81' lang='grc' dir='ltr'>τούτοις</span> <span class='ocrx_word' id='word_1_293' title='bbox 1076 2250 1257 2311; x_wconf 78' lang='grc' dir='ltr'>αὐτοῖς</span> <span class='ocrx_word' id='word_1_294' title='bbox 1290 2246 1615 2309; x_wconf 84' lang='grc' dir='ltr'>ἐπελθοῦσα,</span> <span class='ocrx_word' id='word_1_295' title='bbox 1645 2246 1707 2299; x_wconf 87' lang='grc' dir='ltr'><strong>τὸ</strong></span> <span class='ocrx_word' id='word_1_296' title='bbox 1739 2245 1851 2315; x_wconf 82' lang='grc' dir='ltr'><strong>πῦρ</strong></span> <span class='ocrx_word' id='word_1_297' title='bbox 1879 2246 1969 2299; x_wconf 79' lang='grc' dir='ltr'>αὐ-</span> 
     </span>
    </p>
   </div>
   <div class='ocr_carea' id='block_1_41' title="bbox 372 2336 1964 2411">
    <p class='ocr_par' dir='ltr' id='par_1_41' title="bbox 372 2336 1964 2411">
     <span class='ocr_line' id='line_1_41' title="bbox 372 2336 1964 2411; baseline -0.006 -13"><span class='ocrx_word' id='word_1_298' title='bbox 372 2344 485 2398; x_wconf 77' lang='grc' dir='ltr'><strong>τῶν</strong></span> <span class='ocrx_word' id='word_1_299' title='bbox 507 2338 576 2411; x_wconf 74' lang='grc' dir='ltr'>οῷ</span> <span class='ocrx_word' id='word_1_300' title='bbox 606 2342 940 2411; x_wconf 81' lang='grc' dir='ltr'>κατέφλεγον</span> <span class='ocrx_word' id='word_1_301' title='bbox 978 2342 1074 2404; x_wconf 83' lang='grc' dir='ltr'>τὰς</span> <span class='ocrx_word' id='word_1_302' title='bbox 1112 2340 1219 2393; x_wconf 89' lang='grc' dir='ltr'><strong>τῶν</strong></span> <span class='ocrx_word' id='word_1_303' title='bbox 1256 2337 1557 2410; x_wconf 84' lang='grc' dir='ltr'>ἀνθρώπων</span> <span class='ocrx_word' id='word_1_304' title='bbox 1601 2336 1782 2407; x_wconf 72' lang='grc' dir='ltr'>ψυχὰς</span> <span class='ocrx_word' id='word_1_305' title='bbox 1830 2352 1964 2389; x_wconf 86' lang='grc' dir='ltr'>κατ-</span> 
     </span>
    </p>
   </div>
   <div class='ocr_carea' id='block_1_42' title="bbox 372 2423 1967 2503">
    <p class='ocr_par' dir='ltr' id='par_1_42' title="bbox 372 2423 1967 2503">
     <span class='ocr_line' id='line_1_42' title="bbox 372 2423 1967 2503; baseline -0.005 -13"><span class='ocrx_word' id='word_1_306' title='bbox 372 2436 616 2489; x_wconf 84' lang='grc' dir='ltr'>έσϐεσεν·</span> <span class='ocrx_word' id='word_1_307' title='bbox 637 2430 697 2489; x_wconf 76' lang='grc' dir='ltr'>οὗ</span> <span class='ocrx_word' id='word_1_308' title='bbox 722 2434 1058 2497; x_wconf 87' lang='grc' dir='ltr'>σϐεσθέντος,</span> <span class='ocrx_word' id='word_1_309' title='bbox 1077 2433 1249 2503; x_wconf 84' lang='grc' dir='ltr'>ἀνέϐη</span> <span class='ocrx_word' id='word_1_310' title='bbox 1273 2434 1495 2494; x_wconf 88' lang='grc' dir='ltr'>καπνός.</span> <span class='ocrx_word' id='word_1_311' title='bbox 1516 2429 1675 2484; x_wconf 85' lang='grc' dir='ltr'>Ἀλλά</span> <span class='ocrx_word' id='word_1_312' title='bbox 1695 2432 1789 2483; x_wconf 80' lang='grc' dir='ltr'><strong>καὶ</strong></span> <span class='ocrx_word' id='word_1_313' title='bbox 1813 2423 1967 2492; x_wconf 73' lang='grc' dir='ltr'>οὗτος</span> 
     </span>
    </p>
   </div>
   <div class='ocr_carea' id='block_1_43' title="bbox 370 2522 1967 2597">
    <p class='ocr_par' dir='ltr' id='par_1_43' title="bbox 370 2522 1967 2597">
     <span class='ocr_line' id='line_1_43' title="bbox 370 2522 1967 2597; baseline -0.003 -18"><span class='ocrx_word' id='word_1_314' title='bbox 370 2528 403 2579; x_wconf 74' lang='grc' dir='ltr'>ὁ</span> <span class='ocrx_word' id='word_1_315' title='bbox 423 2524 637 2591; x_wconf 84' lang='grc' dir='ltr'>καπνὸς</span> <span class='ocrx_word' id='word_1_316' title='bbox 651 2525 841 2597; x_wconf 80' lang='grc' dir='ltr'>μηκέθ’</span> <span class='ocrx_word' id='word_1_317' title='bbox 858 2524 1271 2594; x_wconf 79' lang='grc' dir='ltr'>ὑποκαιόμενος,</span> <span class='ocrx_word' id='word_1_318' title='bbox 1297 2523 1431 2595; x_wconf 83' lang='grc' dir='ltr'>μηδὲ</span> <span class='ocrx_word' id='word_1_319' title='bbox 1450 2522 1589 2593; x_wconf 79' lang='grc' dir='ltr'>ἔχων</span> <span class='ocrx_word' id='word_1_320' title='bbox 1607 2522 1802 2578; x_wconf 79' lang='grc' dir='ltr'>ὁπόθεν</span> <span class='ocrx_word' id='word_1_321' title='bbox 1841 2522 1967 2576; x_wconf 83' lang='grc' dir='ltr'>ὐπο-</span> 
     </span>
    </p>
   </div>
   <div class='ocr_carea' id='block_1_44' title="bbox 376 2618 1964 2693">
    <p class='ocr_par' dir='ltr' id='par_1_44' title="bbox 376 2618 1964 2693">
     <span class='ocr_line' id='line_1_44' title="bbox 376 2618 1964 2693; baseline -0.003 -17"><span class='ocrx_word' id='word_1_322' title='bbox 376 2624 501 2693; x_wconf 80' lang='grc' dir='ltr'>στῆ,</span> <span class='ocrx_word' id='word_1_323' title='bbox 524 2622 782 2675; x_wconf 84' lang='grc' dir='ltr'>ἐκλείπει.</span> <span class='ocrx_word' id='word_1_324' title='bbox 802 2622 971 2687; x_wconf 75' lang='grc' dir='ltr'>Ἐπεὶ,</span> <span class='ocrx_word' id='word_1_325' title='bbox 995 2621 1052 2674; x_wconf 87' lang='grc' dir='ltr'><strong>δέ</strong></span> <span class='ocrx_word' id='word_1_326' title='bbox 1074 2622 1102 2673; x_wconf 88' lang='lat'><strong>6</strong></span> <span class='ocrx_word' id='word_1_327' title='bbox 1123 2619 1255 2683; x_wconf 88' lang='grc' dir='ltr'>Θεὸς</span> <span class='ocrx_word' id='word_1_328' title='bbox 1280 2618 1395 2688; x_wconf 78' lang='grc' dir='ltr'>φῶς</span> <span class='ocrx_word' id='word_1_329' title='bbox 1422 2619 1560 2681; x_wconf 85' lang='grc' dir='ltr'>ἐστι,</span> <span class='ocrx_word' id='word_1_330' title='bbox 1582 2619 1675 2673; x_wconf 73' lang='grc' dir='ltr'><strong>καὶ</strong></span> <span class='ocrx_word' id='word_1_331' title='bbox 1698 2619 1885 2671; x_wconf 76' lang='grc' dir='ltr'>σκοτία</span> <span class='ocrx_word' id='word_1_332' title='bbox 1905 2621 1964 2672; x_wconf 83' lang='grc' dir='ltr'><strong>ἐν</strong></span> 
     </span>
    </p>
   </div>
   <div class='ocr_carea' id='block_1_45' title="bbox 374 2709 1967 2785">
    <p class='ocr_par' dir='ltr' id='par_1_45' title="bbox 374 2709 1967 2785">
     <span class='ocr_line' id='line_1_45' title="bbox 374 2709 1967 2785; baseline -0.004 -18"><span class='ocrx_word' id='word_1_333' title='bbox 374 2713 526 2785; x_wconf 82' lang='grc' dir='ltr'>αὐτῷ</span> <span class='ocrx_word' id='word_1_334' title='bbox 549 2716 651 2767; x_wconf 75' lang='grc' dir='ltr'><strong>οὐκ</strong></span> <span class='ocrx_word' id='word_1_335' title='bbox 685 2712 831 2765; x_wconf 77' lang='grc' dir='ltr'>ἔστιν</span> <span class='ocrx_word' id='word_1_336' title='bbox 858 2712 1105 2783; x_wconf 75' lang='grc' dir='ltr'>οὐδεμία,</span> <span class='ocrx_word' id='word_1_337' title='bbox 1134 2711 1294 2765; x_wconf 89' lang='grc' dir='ltr'>τοῦτο</span> <span class='ocrx_word' id='word_1_338' title='bbox 1316 2710 1379 2763; x_wconf 90' lang='grc' dir='ltr'><strong>τὸ</strong></span> <span class='ocrx_word' id='word_1_339' title='bbox 1407 2710 1523 2780; x_wconf 83' lang='grc' dir='ltr'>φῶς</span> <span class='ocrx_word' id='word_1_340' title='bbox 1550 2714 1665 2773; x_wconf 80' lang='grc' dir='ltr'>τοῖς</span> <span class='ocrx_word' id='word_1_341' title='bbox 1700 2709 1849 2781; x_wconf 79' lang='grc' dir='ltr'>αὐτῷ</span> <span class='ocrx_word' id='word_1_342' title='bbox 1880 2709 1967 2779; x_wconf 83' lang='grc' dir='ltr'><strong>φί-</strong></span> 
     </span>
    </p>
   </div>
   <div class='ocr_carea' id='block_1_46' title="bbox 371 2802 1967 2877">
    <p class='ocr_par' dir='ltr' id='par_1_46' title="bbox 371 2802 1967 2877">
     <span class='ocr_line' id='line_1_46' title="bbox 371 2802 1967 2877; baseline -0.004 -17"><span class='ocrx_word' id='word_1_343' title='bbox 371 2807 488 2870; x_wconf 78' lang='grc' dir='ltr'>λοις</span> <span class='ocrx_word' id='word_1_344' title='bbox 522 2807 713 2877; x_wconf 81' lang='grc' dir='ltr'>σοφίας</span> <span class='ocrx_word' id='word_1_345' title='bbox 750 2805 845 2859; x_wconf 71' lang='grc' dir='ltr'><strong>καὶ</strong></span> <span class='ocrx_word' id='word_1_346' title='bbox 880 2804 1154 2874; x_wconf 85' lang='grc' dir='ltr'>γνώσεως,</span> <span class='ocrx_word' id='word_1_347' title='bbox 1179 2805 1275 2857; x_wconf 68' lang='grc' dir='ltr'><strong>καὶ</strong></span> <span class='ocrx_word' id='word_1_348' title='bbox 1316 2803 1573 2875; x_wconf 82' lang='grc' dir='ltr'>ἀληθείας</span> <span class='ocrx_word' id='word_1_349' title='bbox 1598 2802 1967 2875; x_wconf 87' lang='grc' dir='ltr'>μαρμαρυγὰς</span> 
     </span>
    </p>
   </div>
   <div class='ocr_carea' id='block_1_47' title="bbox 370 2896 1970 2971">
    <p class='ocr_par' dir='ltr' id='par_1_47' title="bbox 370 2896 1970 2971">
     <span class='ocr_line' id='line_1_47' title="bbox 370 2896 1970 2971; baseline -0.003 -18"><span class='ocrx_word' id='word_1_350' title='bbox 370 2900 675 2971; x_wconf 77' lang='grc' dir='ltr'>ἐκπέμπει,</span> <span class='ocrx_word' id='word_1_351' title='bbox 698 2899 774 2962; x_wconf 86' lang='grc' dir='ltr'>ὼς</span> <span class='ocrx_word' id='word_1_352' title='bbox 793 2898 956 2968; x_wconf 76' lang='grc' dir='ltr'>φάναι</span> <span class='ocrx_word' id='word_1_353' title='bbox 984 2898 1202 2961; x_wconf 75' lang='grc' dir='ltr'>αὐτοὺς,</span> <span class='ocrx_word' id='word_1_354' title='bbox 1228 2916 1248 2949; x_wconf 71' lang='grc' dir='ltr'><strong>ι</strong></span> <span class='ocrx_word' id='word_1_355' title='bbox 1269 2896 1611 2969; x_wconf 82' lang='grc' dir='ltr'>Ὲσημειώθη</span> <span class='ocrx_word' id='word_1_356' title='bbox 1631 2897 1715 2966; x_wconf 82' lang='grc' dir='ltr'><strong>ἐφ’</strong></span> <span class='ocrx_word' id='word_1_357' title='bbox 1738 2896 1884 2967; x_wconf 77' lang='grc' dir='ltr'>ἡμᾶς</span> <span class='ocrx_word' id='word_1_358' title='bbox 1909 2896 1970 2949; x_wconf 89' lang='grc' dir='ltr'><strong>τὸ</strong></span> 
     </span>
    </p>
   </div>
   <div class='ocr_carea' id='block_1_48' title="bbox 374 2984 1968 3063">
    <p class='ocr_par' dir='ltr' id='par_1_48' title="bbox 374 2984 1968 3063">
     <span class='ocr_line' id='line_1_48' title="bbox 374 2984 1968 3063; baseline -0.004 -18"><span class='ocrx_word' id='word_1_359' title='bbox 374 2992 493 3059; x_wconf 72' lang='grc' dir='ltr'>ιρῶς</span> <span class='ocrx_word' id='word_1_360' title='bbox 520 2991 613 3045; x_wconf 88' lang='grc' dir='ltr'><strong>τοῦ</strong></span> <span class='ocrx_word' id='word_1_361' title='bbox 647 2990 940 3063; x_wconf 84' lang='grc' dir='ltr'>προσώπου</span> <span class='ocrx_word' id='word_1_362' title='bbox 970 3006 1084 3051; x_wconf 87' lang='grc' dir='ltr'>σου,</span> <span class='ocrx_word' id='word_1_363' title='bbox 1122 2988 1311 3060; x_wconf 80' lang='grc' dir='ltr'>Κύριε.</span> <span class='ocrx_word' id='word_1_364' title='bbox 1350 3006 1369 3037; x_wconf 69' lang='lat'><strong>9</strong></span> <span class='ocrx_word' id='word_1_365' title='bbox 1406 2987 1531 3049; x_wconf 83' lang='grc' dir='ltr'>Τοῖς</span> <span class='ocrx_word' id='word_1_366' title='bbox 1563 2986 1621 3039; x_wconf 80' lang='grc' dir='ltr'><strong>δέ</strong></span> <span class='ocrx_word' id='word_1_367' title='bbox 1657 2984 1968 3058; x_wconf 86' lang='grc' dir='ltr'>προλεχθεῖ-</span> 
     </span>
    </p>
   </div>
   <div class='ocr_carea' id='block_1_49' title="bbox 372 3073 1969 3154">
    <p class='ocr_par' dir='ltr' id='par_1_49' title="bbox 372 3073 1969 3154">
     <span class='ocr_line' id='line_1_49' title="bbox 372 3073 1969 3154; baseline -0.006 -18"><span class='ocrx_word' id='word_1_368' title='bbox 372 3100 461 3137; x_wconf 86' lang='grc' dir='ltr'><strong>σιν</strong></span> <span class='ocrx_word' id='word_1_369' title='bbox 495 3081 709 3154; x_wconf 78' lang='grc' dir='ltr'>ἐχθροῖς</span> <span class='ocrx_word' id='word_1_370' title='bbox 738 3080 901 3134; x_wconf 78' lang='grc' dir='ltr'>αὑτοῦ</span> <span class='ocrx_word' id='word_1_371' title='bbox 931 3078 1043 3151; x_wconf 88' lang='grc' dir='ltr'><strong>πῦρ</strong></span> <span class='ocrx_word' id='word_1_372' title='bbox 1084 3076 1423 3146; x_wconf 76' lang='grc' dir='ltr'>καταφλέγον</span> <span class='ocrx_word' id='word_1_373' title='bbox 1454 3076 1722 3145; x_wconf 86' lang='grc' dir='ltr'>γίγνεται.</span> <span class='ocrx_word' id='word_1_374' title='bbox 1767 3075 1860 3129; x_wconf 90' lang='grc' dir='ltr'>Διὸ</span> <span class='ocrx_word' id='word_1_375' title='bbox 1882 3073 1969 3127; x_wconf 83' lang='grc' dir='ltr'>λέ-</span> 
     </span>
    </p>
   </div>
   <div class='ocr_carea' id='block_1_50' title="bbox 2069 1897 3655 1970">
    <p class='ocr_par' dir='ltr' id='par_1_50' title="bbox 2069 1897 3655 1970">
     <span class='ocr_line' id='line_1_50' title="bbox 2069 1897 3655 1970; baseline 0 -18"><span class='ocrx_word' id='word_1_376' title='bbox 2069 1899 2249 1970; x_wconf 83' lang='lat' dir='ltr'><strong>ignem</strong></span> <span class='ocrx_word' id='word_1_377' title='bbox 2280 1899 2545 1969; x_wconf 90' lang='lat' dir='ltr'><strong>ipsorum,</strong></span> <span class='ocrx_word' id='word_1_378' title='bbox 2570 1913 2680 1967; x_wconf 92' lang='lat' dir='ltr'><strong>quo</strong></span> <span class='ocrx_word' id='word_1_379' title='bbox 2711 1897 2923 1952; x_wconf 89' lang='lat' dir='ltr'><strong>animas</strong></span> <span class='ocrx_word' id='word_1_380' title='bbox 2955 1897 3241 1952; x_wconf 83' lang='lat' dir='ltr'><strong>hominum</strong></span> <span class='ocrx_word' id='word_1_381' title='bbox 3269 1897 3655 1960; x_wconf 88' lang='lat' dir='ltr'><strong>incendebant,</strong></span> 
     </span>
    </p>
   </div>
   <div class='ocr_carea' id='block_1_51' title="bbox 2066 1989 3659 2065">
    <p class='ocr_par' dir='ltr' id='par_1_51' title="bbox 2066 1989 3659 2065">
     <span class='ocr_line' id='line_1_51' title="bbox 2066 1989 3659 2065; baseline 0 -20"><span class='ocrx_word' id='word_1_382' title='bbox 2066 1991 2324 2065; x_wconf 80' lang='lat' dir='ltr'><strong>restinxit</strong></span> <span class='ocrx_word' id='word_1_383' title='bbox 2354 2010 2367 2044; x_wconf 88' lang='lat'><strong>:</strong></span> <span class='ocrx_word' id='word_1_384' title='bbox 2398 2005 2508 2060; x_wconf 86' lang='lat' dir='ltr'><strong>quo</strong></span> <span class='ocrx_word' id='word_1_385' title='bbox 2536 1990 2826 2056; x_wconf 87' lang='lat' dir='ltr'><strong>restincto,</strong></span> <span class='ocrx_word' id='word_1_386' title='bbox 2868 1989 3118 2044; x_wconf 81' lang='lat' dir='ltr'><strong>ascendit</strong></span> <span class='ocrx_word' id='word_1_387' title='bbox 3159 1990 3363 2047; x_wconf 82' lang='lat' dir='ltr'><strong>fumus.</strong></span> <span class='ocrx_word' id='word_1_388' title='bbox 3404 1990 3513 2045; x_wconf 85' lang='lat' dir='ltr'><strong>Sed</strong></span> <span class='ocrx_word' id='word_1_389' title='bbox 3540 1990 3659 2060; x_wconf 78' lang='lat' dir='ltr'><strong>ipse</strong></span> 
     </span>
    </p>
   </div>
   <div class='ocr_carea' id='block_1_52' title="bbox 2068 2081 3660 2153">
    <p class='ocr_par' dir='ltr' id='par_1_52' title="bbox 2068 2081 3660 2153">
     <span class='ocr_line' id='line_1_52' title="bbox 2068 2081 3660 2153; baseline -0.001 -15"><span class='ocrx_word' id='word_1_390' title='bbox 2068 2083 2255 2139; x_wconf 79' lang='lat' dir='ltr'><strong>fumus</strong></span> <span class='ocrx_word' id='word_1_391' title='bbox 2308 2098 2433 2137; x_wconf 91' lang='lat' dir='ltr'><strong>cum</strong></span> <span class='ocrx_word' id='word_1_392' title='bbox 2485 2082 2626 2153; x_wconf 80' lang='lat' dir='ltr'><strong>ignis</strong></span> <span class='ocrx_word' id='word_1_393' title='bbox 2665 2095 2777 2136; x_wconf 91' lang='lat' dir='ltr'><strong>non</strong></span> <span class='ocrx_word' id='word_1_394' title='bbox 2829 2081 3029 2145; x_wconf 81' lang='lat' dir='ltr'><strong>subsit,</strong></span> <span class='ocrx_word' id='word_1_395' title='bbox 3072 2097 3175 2137; x_wconf 89' lang='lat' dir='ltr'><strong>nec</strong></span> <span class='ocrx_word' id='word_1_396' title='bbox 3215 2081 3417 2136; x_wconf 89' lang='lat' dir='ltr'><strong>habeat</strong></span> <span class='ocrx_word' id='word_1_397' title='bbox 3454 2083 3510 2137; x_wconf 92' lang='lat' dir='ltr'><strong>in</strong></span> <span class='ocrx_word' id='word_1_398' title='bbox 3549 2097 3660 2153; x_wconf 86' lang='lat' dir='ltr'><strong>quo</strong></span> 
     </span>
    </p>
   </div>
   <div class='ocr_carea' id='block_1_53' title="bbox 2070 2173 3659 2241">
    <p class='ocr_par' dir='ltr' id='par_1_53' title="bbox 2070 2173 3659 2241">
     <span class='ocr_line' id='line_1_53' title="bbox 2070 2173 3659 2241; baseline 0 -10"><span class='ocrx_word' id='word_1_399' title='bbox 2070 2175 2359 2240; x_wconf 83' lang='lat' dir='ltr'><strong>subsistat,</strong></span> <span class='ocrx_word' id='word_1_400' title='bbox 2401 2174 2606 2231; x_wconf 80' lang='lat' dir='ltr'><strong>deﬁcit.</strong></span> <span class='ocrx_word' id='word_1_401' title='bbox 2669 2173 2809 2241; x_wconf 82' lang='lat' dir='ltr'><strong>Quia</strong></span> <span class='ocrx_word' id='word_1_402' title='bbox 2855 2189 2986 2229; x_wconf 82' lang='lat' dir='ltr'><strong>vero</strong></span> <span class='ocrx_word' id='word_1_403' title='bbox 3025 2173 3171 2230; x_wconf 89' lang='lat' dir='ltr'><strong>Deus</strong></span> <span class='ocrx_word' id='word_1_404' title='bbox 3204 2176 3298 2229; x_wconf 77' lang='lat' dir='ltr'><strong>lux</strong></span> <span class='ocrx_word' id='word_1_405' title='bbox 3325 2183 3431 2241; x_wconf 85' lang='lat' dir='ltr'><strong>est,</strong></span> <span class='ocrx_word' id='word_1_406' title='bbox 3482 2184 3540 2230; x_wconf 90' lang='lat' dir='ltr'><strong>et</strong></span> <span class='ocrx_word' id='word_1_407' title='bbox 3576 2184 3659 2231; x_wconf 85' lang='lat' dir='ltr'><strong>te—</strong></span> 
     </span>
    </p>
   </div>
   <div class='ocr_carea' id='block_1_54' title="bbox 2067 2264 3659 2329">
    <p class='ocr_par' dir='ltr' id='par_1_54' title="bbox 2067 2264 3659 2329">
     <span class='ocr_line' id='line_1_54' title="bbox 2067 2264 3659 2329; baseline 0 -8"><span class='ocrx_word' id='word_1_408' title='bbox 2067 2266 2253 2322; x_wconf 62' lang='lat' dir='ltr'><strong>nebrae</strong></span> <span class='ocrx_word' id='word_1_409' title='bbox 2292 2267 2347 2321; x_wconf 92' lang='lat' dir='ltr'><strong>in</strong></span> <span class='ocrx_word' id='word_1_410' title='bbox 2372 2281 2440 2321; x_wconf 92' lang='lat' dir='ltr'><strong>eo</strong></span> <span class='ocrx_word' id='word_1_411' title='bbox 2468 2281 2580 2321; x_wconf 85' lang='lat' dir='ltr'><strong>non</strong></span> <span class='ocrx_word' id='word_1_412' title='bbox 2622 2272 2752 2322; x_wconf 91' lang='lat' dir='ltr'><strong>sunt</strong></span> <span class='ocrx_word' id='word_1_413' title='bbox 2796 2264 2940 2329; x_wconf 65' lang='lat' dir='ltr'><strong>ullae,</strong></span> <span class='ocrx_word' id='word_1_414' title='bbox 2977 2265 3096 2319; x_wconf 69' lang='lat' dir='ltr'><strong>haec</strong></span> <span class='ocrx_word' id='word_1_415' title='bbox 3145 2265 3240 2319; x_wconf 82' lang='lat' dir='ltr'><strong>lux</strong></span> <span class='ocrx_word' id='word_1_416' title='bbox 3289 2265 3484 2321; x_wconf 88' lang='lat' dir='ltr'><strong>amicis</strong></span> <span class='ocrx_word' id='word_1_417' title='bbox 3541 2265 3659 2321; x_wconf 80' lang='lat' dir='ltr'><strong>suis</strong></span> 
     </span>
    </p>
   </div>
   <div class='ocr_carea' id='block_1_55' title="bbox 2070 2354 3657 2428">
    <p class='ocr_par' dir='ltr' id='par_1_55' title="bbox 2070 2354 3657 2428">
     <span class='ocr_line' id='line_1_55' title="bbox 2070 2354 3657 2428; baseline -0.001 -16"><span class='ocrx_word' id='word_1_418' title='bbox 2070 2358 2373 2428; x_wconf 73' lang='lat' dir='ltr'><strong>sapientiae,</strong></span> <span class='ocrx_word' id='word_1_419' title='bbox 2430 2356 2673 2411; x_wconf 70' lang='lat' dir='ltr'><strong>scientiae</strong></span> <span class='ocrx_word' id='word_1_420' title='bbox 2721 2365 2776 2411; x_wconf 88' lang='lat' dir='ltr'><strong>et</strong></span> <span class='ocrx_word' id='word_1_421' title='bbox 2817 2354 3068 2411; x_wconf 78' lang='lat' dir='ltr'><strong>veritatis</strong></span> <span class='ocrx_word' id='word_1_422' title='bbox 3102 2357 3289 2411; x_wconf 90' lang='lat' dir='ltr'><strong>radios</strong></span> <span class='ocrx_word' id='word_1_423' title='bbox 3326 2357 3547 2420; x_wconf 83' lang='lat' dir='ltr'><strong>emittit,</strong></span> <span class='ocrx_word' id='word_1_424' title='bbox 3584 2358 3657 2411; x_wconf 79' lang='lat' dir='ltr'><strong>ita</strong></span> 
     </span>
    </p>
   </div>
   <div class='ocr_carea' id='block_1_56' title="bbox 2067 2449 3661 2519">
    <p class='ocr_par' dir='ltr' id='par_1_56' title="bbox 2067 2449 3661 2519">
     <span class='ocr_line' id='line_1_56' title="bbox 2067 2449 3661 2519; baseline 0.001 -14"><span class='ocrx_word' id='word_1_425' title='bbox 2067 2458 2127 2505; x_wconf 87' lang='lat' dir='ltr'><strong>ut</strong></span> <span class='ocrx_word' id='word_1_426' title='bbox 2152 2450 2338 2505; x_wconf 84' lang='lat' dir='ltr'><strong>dicant</strong></span> <span class='ocrx_word' id='word_1_427' title='bbox 2366 2468 2381 2503; x_wconf 86' lang='lat'><strong>:</strong></span> <span class='ocrx_word' id='word_1_428' title='bbox 2424 2469 2442 2500; x_wconf 73' lang='grc' dir='ltr'><strong>ι</strong></span> <span class='ocrx_word' id='word_1_429' title='bbox 2476 2449 2762 2519; x_wconf 82' lang='lat' dir='ltr'><strong>Signatum</strong></span> <span class='ocrx_word' id='word_1_430' title='bbox 2805 2461 2891 2504; x_wconf 89' lang='lat' dir='ltr'><strong>est</strong></span> <span class='ocrx_word' id='word_1_431' title='bbox 2935 2464 3103 2519; x_wconf 89' lang='lat' dir='ltr'><strong>super</strong></span> <span class='ocrx_word' id='word_1_432' title='bbox 3132 2464 3235 2505; x_wconf 91' lang='lat' dir='ltr'><strong>nos</strong></span> <span class='ocrx_word' id='word_1_433' title='bbox 3261 2450 3445 2505; x_wconf 86' lang='lat' dir='ltr'><strong>lumen</strong></span> <span class='ocrx_word' id='word_1_434' title='bbox 3475 2451 3661 2506; x_wconf 80' lang='lat' dir='ltr'><strong>vultus</strong></span> 
     </span>
    </p>
   </div>
   <div class='ocr_carea' id='block_1_57' title="bbox 2066 2540 3662 2611">
    <p class='ocr_par' dir='ltr' id='par_1_57' title="bbox 2066 2540 3662 2611">
     <span class='ocr_line' id='line_1_57' title="bbox 2066 2540 3662 2611; baseline 0 -14"><span class='ocrx_word' id='word_1_435' title='bbox 2066 2543 2169 2606; x_wconf 90' lang='lat' dir='ltr'><strong>tui,</strong></span> <span class='ocrx_word' id='word_1_436' title='bbox 2205 2540 2435 2596; x_wconf 88' lang='lat' dir='ltr'><strong>Domine</strong></span> <span class='ocrx_word' id='word_1_437' title='bbox 2459 2541 2540 2608; x_wconf 79' lang='lat'><strong>“;</strong></span> <span class='ocrx_word' id='word_1_438' title='bbox 2574 2560 2593 2593; x_wconf 70' lang='grc' dir='ltr'><strong>ι</strong></span> <span class='ocrx_word' id='word_1_439' title='bbox 2627 2540 2869 2596; x_wconf 88' lang='lat' dir='ltr'><strong>inimicis</strong></span> <span class='ocrx_word' id='word_1_440' title='bbox 2901 2548 3083 2595; x_wconf 88' lang='lat' dir='ltr'><strong>autem</strong></span> <span class='ocrx_word' id='word_1_441' title='bbox 3119 2541 3237 2595; x_wconf 89' lang='lat' dir='ltr'><strong>suis</strong></span> <span class='ocrx_word' id='word_1_442' title='bbox 3260 2556 3424 2611; x_wconf 87' lang='lat' dir='ltr'><strong>supra</strong></span> <span class='ocrx_word' id='word_1_443' title='bbox 3451 2556 3662 2597; x_wconf 84' lang='lat' dir='ltr'><strong>memo-</strong></span> 
     </span>
    </p>
   </div>
   <div class='ocr_carea' id='block_1_58' title="bbox 2067 2633 3657 2708">
    <p class='ocr_par' dir='ltr' id='par_1_58' title="bbox 2067 2633 3657 2708">
     <span class='ocr_line' id='line_1_58' title="bbox 2067 2633 3657 2708; baseline 0 -19"><span class='ocrx_word' id='word_1_444' title='bbox 2067 2638 2202 2692; x_wconf 86' lang='lat' dir='ltr'><strong>ratis</strong></span> <span class='ocrx_word' id='word_1_445' title='bbox 2231 2636 2373 2708; x_wconf 82' lang='lat' dir='ltr'><strong>ignis</strong></span> <span class='ocrx_word' id='word_1_446' title='bbox 2402 2649 2736 2691; x_wconf 87' lang='lat' dir='ltr'><strong>consumens</strong></span> <span class='ocrx_word' id='word_1_447' title='bbox 2758 2643 2865 2689; x_wconf 87' lang='lat' dir='ltr'><strong>est.</strong></span> <span class='ocrx_word' id='word_1_448' title='bbox 2918 2633 3101 2699; x_wconf 83' lang='lat' dir='ltr'><strong>Quare</strong></span> <span class='ocrx_word' id='word_1_449' title='bbox 3122 2633 3254 2688; x_wconf 84' lang='lat' dir='ltr'><strong>alibi</strong></span> <span class='ocrx_word' id='word_1_450' title='bbox 3282 2635 3490 2688; x_wconf 87' lang='lat' dir='ltr'><strong>dictum</strong></span> <span class='ocrx_word' id='word_1_451' title='bbox 3522 2643 3608 2689; x_wconf 85' lang='lat' dir='ltr'><strong>est</strong></span> <span class='ocrx_word' id='word_1_452' title='bbox 3643 2653 3657 2690; x_wconf 91' lang='lat'><strong>:</strong></span> 
     </span>
    </p>
   </div>
   <div class='ocr_carea' id='block_1_59' title="bbox 2068 2725 3659 2797">
    <p class='ocr_par' dir='ltr' id='par_1_59' title="bbox 2068 2725 3659 2797">
     <span class='ocr_line' id='line_1_59' title="bbox 2068 2725 3659 2797; baseline -0.001 -17"><span class='ocrx_word' id='word_1_453' title='bbox 2068 2747 2092 2780; x_wconf 60' lang='lat' dir='ltr'><strong>r</strong></span> <span class='ocrx_word' id='word_1_454' title='bbox 2132 2727 2275 2797; x_wconf 82' lang='lat' dir='ltr'><strong>Ignis</strong></span> <span class='ocrx_word' id='word_1_455' title='bbox 2304 2728 2357 2781; x_wconf 90' lang='lat' dir='ltr'><strong>in</strong></span> <span class='ocrx_word' id='word_1_456' title='bbox 2382 2735 2686 2796; x_wconf 84' lang='lat' dir='ltr'><strong>conspectu</strong></span> <span class='ocrx_word' id='word_1_457' title='bbox 2724 2725 2846 2795; x_wconf 88' lang='lat' dir='ltr'><strong>ejus</strong></span> <span class='ocrx_word' id='word_1_458' title='bbox 2879 2725 3223 2789; x_wconf 79' lang='lat' dir='ltr'><strong>cxardescet,</strong></span> <span class='ocrx_word' id='word_1_459' title='bbox 3250 2734 3305 2780; x_wconf 87' lang='lat' dir='ltr'><strong>et</strong></span> <span class='ocrx_word' id='word_1_460' title='bbox 3336 2726 3392 2779; x_wconf 90' lang='lat' dir='ltr'><strong>in</strong></span> <span class='ocrx_word' id='word_1_461' title='bbox 3423 2726 3659 2779; x_wconf 87' lang='lat' dir='ltr'><strong>circuitu</strong></span> 
     </span>
    </p>
   </div>
   <div class='ocr_carea' id='block_1_60' title="bbox 2068 2814 3659 2888">
    <p class='ocr_par' dir='ltr' id='par_1_60' title="bbox 2068 2814 3659 2888">
     <span class='ocr_line' id='line_1_60' title="bbox 2068 2814 3659 2888; baseline -0.004 -15"><span class='ocrx_word' id='word_1_462' title='bbox 2068 2819 2188 2888; x_wconf 84' lang='lat' dir='ltr'><strong>ejus</strong></span> <span class='ocrx_word' id='word_1_463' title='bbox 2227 2826 2524 2887; x_wconf 87' lang='lat' dir='ltr'><strong>tempestas</strong></span> <span class='ocrx_word' id='word_1_464' title='bbox 2553 2817 2732 2871; x_wconf 87' lang='lat' dir='ltr'><strong>valida</strong></span> <span class='ocrx_word' id='word_1_465' title='bbox 2760 2818 2813 2881; x_wconf 84' lang='grc'><strong>¹;</strong></span> <span class='ocrx_word' id='word_1_466' title='bbox 2863 2834 2880 2868; x_wconf 74' lang='grc' dir='ltr'><strong>ι</strong></span> <span class='ocrx_word' id='word_1_467' title='bbox 2916 2824 2971 2870; x_wconf 92' lang='lat' dir='ltr'><strong>et</strong></span> <span class='ocrx_word' id='word_1_468' title='bbox 3000 2835 3016 2869; x_wconf 73' lang='grc' dir='ltr'><strong>ε</strong></span> <span class='ocrx_word' id='word_1_469' title='bbox 3046 2834 3066 2866; x_wconf 87' lang='grc'><strong>‹</strong></span> <span class='ocrx_word' id='word_1_470' title='bbox 3096 2814 3243 2885; x_wconf 86' lang='lat' dir='ltr'><strong>Ignis</strong></span> <span class='ocrx_word' id='word_1_471' title='bbox 3280 2816 3336 2869; x_wconf 89' lang='lat' dir='ltr'><strong>in</strong></span> <span class='ocrx_word' id='word_1_472' title='bbox 3360 2822 3659 2885; x_wconf 84' lang='lat' dir='ltr'><strong>conspectu</strong></span> 
     </span>
    </p>
   </div>
   <div class='ocr_carea' id='block_1_61' title="bbox 2068 2906 3653 2981">
    <p class='ocr_par' dir='ltr' id='par_1_61' title="bbox 2068 2906 3653 2981">
     <span class='ocr_line' id='line_1_61' title="bbox 2068 2906 3653 2981; baseline -0.004 -15"><span class='ocrx_word' id='word_1_473' title='bbox 2068 2913 2190 2981; x_wconf 83' lang='lat' dir='ltr'><strong>ejus</strong></span> <span class='ocrx_word' id='word_1_474' title='bbox 2249 2909 2591 2976; x_wconf 81' lang='lat' dir='ltr'><strong>exardescet,</strong></span> <span class='ocrx_word' id='word_1_475' title='bbox 2626 2918 2680 2964; x_wconf 91' lang='lat' dir='ltr'><strong>et</strong></span> <span class='ocrx_word' id='word_1_476' title='bbox 2731 2907 3089 2962; x_wconf 77' lang='lat' dir='ltr'><strong>inﬂammabit</strong></span> <span class='ocrx_word' id='word_1_477' title='bbox 3147 2920 3339 2961; x_wconf 89' lang='lat' dir='ltr'><strong>omnes</strong></span> <span class='ocrx_word' id='word_1_478' title='bbox 3398 2906 3653 2961; x_wconf 85' lang='lat' dir='ltr'><strong>inimicos</strong></span> 
     </span>
    </p>
   </div>
   <div class='ocr_carea' id='block_1_62' title="bbox 2066 2995 3670 3069">
    <p class='ocr_par' dir='ltr' id='par_1_62' title="bbox 2066 2995 3670 3069">
     <span class='ocr_line' id='line_1_62' title="bbox 2066 2995 3670 3069; baseline -0.002 -15"><span class='ocrx_word' id='word_1_479' title='bbox 2066 2999 2287 3069; x_wconf 61' lang='lat' dir='ltr'><strong>ejus’.»</strong></span> <span class='ocrx_word' id='word_1_480' title='bbox 2331 3000 2390 3053; x_wconf 89' lang='lat' dir='ltr'><strong>lu</strong></span> <span class='ocrx_word' id='word_1_481' title='bbox 2431 2998 2686 3068; x_wconf 65' lang='lat' dir='ltr'><strong>praesenti</strong></span> <span class='ocrx_word' id='word_1_482' title='bbox 2715 3011 2933 3067; x_wconf 89' lang='lat' dir='ltr'><strong>quoque</strong></span> <span class='ocrx_word' id='word_1_483' title='bbox 2958 2996 3167 3051; x_wconf 88' lang='lat' dir='ltr'><strong>inimici</strong></span> <span class='ocrx_word' id='word_1_484' title='bbox 3201 2996 3323 3066; x_wconf 89' lang='lat' dir='ltr'><strong>ejus</strong></span> <span class='ocrx_word' id='word_1_485' title='bbox 3346 3011 3458 3051; x_wconf 91' lang='lat' dir='ltr'><strong>non</strong></span> <span class='ocrx_word' id='word_1_486' title='bbox 3499 2995 3670 3067; x_wconf 82' lang='lat' dir='ltr'><strong>modo.</strong></span> 
     </span>
    </p>
   </div>
   <div class='ocr_carea' id='block_1_63' title="bbox 2074 3087 3657 3158">
    <p class='ocr_par' dir='ltr' id='par_1_63' title="bbox 2074 3087 3657 3158">
     <span class='ocr_line' id='line_1_63' title="bbox 2074 3087 3657 3158; baseline -0.001 -13"><span class='ocrx_word' id='word_1_487' title='bbox 2074 3101 2132 3145; x_wconf 87' lang='lat' dir='ltr'><strong>ut</strong></span> <span class='ocrx_word' id='word_1_488' title='bbox 2161 3091 2344 3147; x_wconf 83' lang='lat' dir='ltr'><strong>fumus</strong></span> <span class='ocrx_word' id='word_1_489' title='bbox 2371 3090 2627 3153; x_wconf 80' lang='lat' dir='ltr'><strong>deﬁcere,</strong></span> <span class='ocrx_word' id='word_1_490' title='bbox 2653 3088 2749 3145; x_wconf 84' lang='lat' dir='ltr'><strong>sed</strong></span> <span class='ocrx_word' id='word_1_491' title='bbox 2781 3088 2926 3143; x_wconf 88' lang='lat' dir='ltr'><strong>sicut</strong></span> <span class='ocrx_word' id='word_1_492' title='bbox 2949 3087 3068 3142; x_wconf 76' lang='lat' dir='ltr'><strong>[luit</strong></span> <span class='ocrx_word' id='word_1_493' title='bbox 3096 3102 3225 3143; x_wconf 86' lang='lat' dir='ltr'><strong>cera</strong></span> <span class='ocrx_word' id='word_1_494' title='bbox 3252 3104 3287 3142; x_wconf 87' lang='lat' dir='ltr'><strong>a</strong></span> <span class='ocrx_word' id='word_1_495' title='bbox 3322 3088 3460 3142; x_wconf 83' lang='lat' dir='ltr'><strong>facie</strong></span> <span class='ocrx_word' id='word_1_496' title='bbox 3494 3088 3657 3158; x_wconf 65' lang='lat' dir='ltr'><strong>ignis,</strong></span> 
     </span>
    </p>
   </div>
   <div class='ocr_carea' id='block_1_64' title="bbox 373 3152 1961 3254">
    <p class='ocr_par' dir='ltr' id='par_1_64' title="bbox 373 3152 1956 3245">
     <span class='ocr_line' id='line_1_64' title="bbox 373 3152 1956 3245; baseline -0.006 -17"><span class='ocrx_word' id='word_1_497' title='bbox 373 3152 562 3228; x_wconf 85' lang='grc' dir='ltr'>λεκται</span> <span class='ocrx_word' id='word_1_498' title='bbox 583 3152 639 3227; x_wconf 78' lang='grc' dir='ltr'><strong>ἐν</strong></span> <span class='ocrx_word' id='word_1_499' title='bbox 662 3174 888 3245; x_wconf 77' lang='grc' dir='ltr'>ἑτέροιςο</span> <span class='ocrx_word' id='word_1_500' title='bbox 929 3191 948 3223; x_wconf 84' lang='grc'><strong>‹</strong></span> <span class='ocrx_word' id='word_1_501' title='bbox 977 3171 1097 3243; x_wconf 88' lang='grc' dir='ltr'>Πῦρ</span> <span class='ocrx_word' id='word_1_502' title='bbox 1128 3168 1359 3223; x_wconf 82' lang='grc' dir='ltr'>ἐνώπιον</span> <span class='ocrx_word' id='word_1_503' title='bbox 1400 3167 1564 3222; x_wconf 83' lang='grc' dir='ltr'>αὑτοῦ</span> <span class='ocrx_word' id='word_1_504' title='bbox 1598 3167 1956 3238; x_wconf 80' lang='grc' dir='ltr'>καυθήσεται,</span> 
     </span>
    </p>
   </div>
   <div class='ocr_carea' id='block_1_65' title="bbox 2064 3152 3661 3254">
    <p class='ocr_par' dir='ltr' id='par_1_65' title="bbox 2068 3179 3661 3254">
     <span class='ocr_line' id='line_1_65' title="bbox 2068 3179 3661 3254; baseline -0.002 -17"><span class='ocrx_word' id='word_1_505' title='bbox 2068 3184 2143 3238; x_wconf 86' lang='lat' dir='ltr'><strong>ita</strong></span> <span class='ocrx_word' id='word_1_506' title='bbox 2171 3191 2226 3239; x_wconf 84' lang='lat' dir='ltr'><strong>et</strong></span> <span class='ocrx_word' id='word_1_507' title='bbox 2269 3184 2375 3254; x_wconf 88' lang='lat' dir='ltr'><strong>ipsi</strong></span> <span class='ocrx_word' id='word_1_508' title='bbox 2422 3183 2730 3254; x_wconf 84' lang='lat' dir='ltr'><strong>liquescere</strong></span> <span class='ocrx_word' id='word_1_509' title='bbox 2761 3182 3043 3237; x_wconf 87' lang='lat' dir='ltr'><strong>dicuntur.</strong></span> <span class='ocrx_word' id='word_1_510' title='bbox 3099 3179 3372 3246; x_wconf 86' lang='lat' dir='ltr'><strong>Quoniam</strong></span> <span class='ocrx_word' id='word_1_511' title='bbox 3406 3182 3507 3250; x_wconf 90' lang='lat' dir='ltr'><strong>ipsi</strong></span> <span class='ocrx_word' id='word_1_512' title='bbox 3536 3197 3661 3236; x_wconf 83' lang='lat' dir='ltr'><strong>sese</strong></span> 
     </span>
    </p>
   </div>
   <div class='ocr_carea' id='block_1_66' title="bbox 373 3258 1958 3336">
    <p class='ocr_par' dir='ltr' id='par_1_66' title="bbox 373 3258 1958 3336">
     <span class='ocr_line' id='line_1_66' title="bbox 373 3258 1958 3336; baseline -0.007 -16"><span class='ocrx_word' id='word_1_513' title='bbox 373 3268 471 3320; x_wconf 79' lang='grc' dir='ltr'><strong>καί</strong></span> <span class='ocrx_word' id='word_1_514' title='bbox 485 3265 668 3336; x_wconf 75' lang='grc' dir='ltr'>κύκλῳ</span> <span class='ocrx_word' id='word_1_515' title='bbox 686 3264 851 3318; x_wconf 72' lang='grc' dir='ltr'>αὑτοῦ</span> <span class='ocrx_word' id='word_1_516' title='bbox 870 3262 1122 3331; x_wconf 78' lang='grc' dir='ltr'>καταιγὶς</span> <span class='ocrx_word' id='word_1_517' title='bbox 1150 3260 1372 3331; x_wconf 80' lang='grc' dir='ltr'>σφοδρά’</span> <span class='ocrx_word' id='word_1_518' title='bbox 1389 3279 1407 3310; x_wconf 76' lang='grc' dir='ltr'><strong>ι</strong></span> <span class='ocrx_word' id='word_1_519' title='bbox 1429 3259 1570 3324; x_wconf 78' lang='grc' dir='ltr'>καὶ,‹</span> <span class='ocrx_word' id='word_1_520' title='bbox 1583 3258 1703 3330; x_wconf 86' lang='grc' dir='ltr'>Πῦρ</span> <span class='ocrx_word' id='word_1_521' title='bbox 1718 3258 1958 3311; x_wconf 85' lang='grc' dir='ltr'>ἐναντίον</span> 
     </span>
    </p>
   </div>
   <div class='ocr_carea' id='block_1_67' title="bbox 373 3348 1958 3429">
    <p class='ocr_par' dir='ltr' id='par_1_67' title="bbox 373 3348 1958 3429">
     <span class='ocr_line' id='line_1_67' title="bbox 373 3348 1958 3429; baseline -0.006 -17"><span class='ocrx_word' id='word_1_522' title='bbox 373 3358 541 3412; x_wconf 67' lang='grc' dir='ltr'>αὑτοῦ</span> <span class='ocrx_word' id='word_1_523' title='bbox 576 3359 927 3429; x_wconf 78' lang='grc' dir='ltr'>καυθήσεται,</span> <span class='ocrx_word' id='word_1_524' title='bbox 965 3356 1060 3409; x_wconf 78' lang='grc' dir='ltr'><strong>καὶ</strong></span> <span class='ocrx_word' id='word_1_525' title='bbox 1084 3354 1296 3424; x_wconf 81' lang='grc' dir='ltr'>φλογιεῖ</span> <span class='ocrx_word' id='word_1_526' title='bbox 1328 3353 1537 3416; x_wconf 80' lang='grc' dir='ltr'>πάντας</span> <span class='ocrx_word' id='word_1_527' title='bbox 1572 3352 1700 3415; x_wconf 83' lang='grc' dir='ltr'>τοὺς</span> <span class='ocrx_word' id='word_1_528' title='bbox 1728 3348 1958 3421; x_wconf 79' lang='grc' dir='ltr'>ἐχθροὺς</span> 
     </span>
    </p>
   </div>
   <div class='ocr_carea' id='block_1_68' title="bbox 374 3443 1958 3520">
    <p class='ocr_par' dir='ltr' id='par_1_68' title="bbox 374 3443 1958 3520">
     <span class='ocr_line' id='line_1_68' title="bbox 374 3443 1958 3520; baseline -0.006 -15"><span class='ocrx_word' id='word_1_529' title='bbox 374 3451 563 3505; x_wconf 74' lang='grc' dir='ltr'>αὑτοῦ.</span> <span class='ocrx_word' id='word_1_530' title='bbox 597 3471 616 3503; x_wconf 74' lang='grc' dir='ltr'><strong>ι</strong></span> <span class='ocrx_word' id='word_1_531' title='bbox 661 3452 773 3505; x_wconf 67' lang='grc' dir='ltr'><strong>Καὶ</strong></span> <span class='ocrx_word' id='word_1_532' title='bbox 811 3452 869 3503; x_wconf 83' lang='grc' dir='ltr'><strong>ἐν</strong></span> <span class='ocrx_word' id='word_1_533' title='bbox 899 3449 978 3520; x_wconf 81' lang='grc' dir='ltr'>τῷ</span> <span class='ocrx_word' id='word_1_534' title='bbox 1014 3448 1150 3520; x_wconf 88' lang='grc' dir='ltr'><strong>μετά</strong></span> <span class='ocrx_word' id='word_1_535' title='bbox 1176 3450 1366 3518; x_wconf 76' lang='grc' dir='ltr'>χεῖρας</span> <span class='ocrx_word' id='word_1_536' title='bbox 1394 3447 1448 3498; x_wconf 81' lang='lat' dir='ltr'><strong>oi</strong></span> <span class='ocrx_word' id='word_1_537' title='bbox 1483 3444 1668 3516; x_wconf 71' lang='grc' dir='ltr'>ἐχθροὶ</span> <span class='ocrx_word' id='word_1_538' title='bbox 1695 3444 1755 3496; x_wconf 77' lang='grc' dir='ltr'><strong>οὐ</strong></span> <span class='ocrx_word' id='word_1_539' title='bbox 1798 3443 1958 3514; x_wconf 85' lang='grc' dir='ltr'>μόνον</span> 
     </span>
    </p>
   </div>
   <div class='ocr_carea' id='block_1_69' title="bbox 370 3535 1959 3609">
    <p class='ocr_par' dir='ltr' id='par_1_69' title="bbox 370 3535 1959 3609">
     <span class='ocr_line' id='line_1_69' title="bbox 370 3535 1959 3609; baseline -0.006 -12"><span class='ocrx_word' id='word_1_540' title='bbox 370 3543 648 3597; x_wconf 81' lang='grc' dir='ltr'>ἐκλείπειν</span> <span class='ocrx_word' id='word_1_541' title='bbox 673 3541 748 3605; x_wconf 85' lang='grc' dir='ltr'><strong>ῶς</strong></span> <span class='ocrx_word' id='word_1_542' title='bbox 772 3541 996 3604; x_wconf 85' lang='grc' dir='ltr'>καπνὸς,</span> <span class='ocrx_word' id='word_1_543' title='bbox 1022 3539 1158 3594; x_wconf 87' lang='grc' dir='ltr'><strong>ἀλλά</strong></span> <span class='ocrx_word' id='word_1_544' title='bbox 1186 3540 1280 3592; x_wconf 76' lang='grc' dir='ltr'><strong>καὶ</strong></span> <span class='ocrx_word' id='word_1_545' title='bbox 1306 3538 1381 3602; x_wconf 84' lang='grc' dir='ltr'>ὡς</span> <span class='ocrx_word' id='word_1_546' title='bbox 1404 3540 1630 3609; x_wconf 85' lang='grc' dir='ltr'>τήκεται</span> <span class='ocrx_word' id='word_1_547' title='bbox 1660 3537 1830 3607; x_wconf 83' lang='grc' dir='ltr'>κηρὸς</span> <span class='ocrx_word' id='word_1_548' title='bbox 1850 3535 1959 3589; x_wconf 85' lang='grc' dir='ltr'><strong>ἀπὸ</strong></span> 
     </span>
    </p>
   </div>
   <div class='ocr_carea' id='block_1_70' title="bbox 373 3629 1957 3708">
    <p class='ocr_par' dir='ltr' id='par_1_70' title="bbox 373 3629 1957 3708">
     <span class='ocr_line' id='line_1_70' title="bbox 373 3629 1957 3708; baseline -0.006 -18"><span class='ocrx_word' id='word_1_549' title='bbox 373 3633 669 3708; x_wconf 78' lang='grc' dir='ltr'>προσώπου</span> <span class='ocrx_word' id='word_1_550' title='bbox 694 3632 889 3703; x_wconf 83' lang='grc' dir='ltr'>πυρὸς,</span> <span class='ocrx_word' id='word_1_551' title='bbox 912 3632 1083 3695; x_wconf 67' lang='grc' dir='ltr'>οὕτως</span> <span class='ocrx_word' id='word_1_552' title='bbox 1110 3630 1449 3703; x_wconf 49' lang='grc' dir='ltr'>νέκτήκεσθαι</span> <span class='ocrx_word' id='word_1_553' title='bbox 1484 3630 1759 3701; x_wconf 75' lang='grc' dir='ltr'>εἴρηνταιο</span> <span class='ocrx_word' id='word_1_554' title='bbox 1806 3629 1957 3680; x_wconf 82' lang='grc' dir='ltr'>ἐπει-</span> 
     </span>
    </p>
   </div>
   <div class='ocr_carea' id='block_1_71' title="bbox 370 3720 1954 3800">
    <p class='ocr_par' dir='ltr' id='par_1_71' title="bbox 370 3720 1954 3800">
     <span class='ocr_line' id='line_1_71' title="bbox 370 3720 1954 3800; baseline -0.006 -19"><span class='ocrx_word' id='word_1_555' title='bbox 370 3731 549 3800; x_wconf 80' lang='grc' dir='ltr'>δήπερ</span> <span class='ocrx_word' id='word_1_556' title='bbox 578 3725 732 3779; x_wconf 72' lang='grc' dir='ltr'>αὑτοὶ</span> <span class='ocrx_word' id='word_1_557' title='bbox 774 3724 1001 3788; x_wconf 75' lang='grc' dir='ltr'>ἑαυτοὺς</span> <span class='ocrx_word' id='word_1_558' title='bbox 1030 3723 1256 3795; x_wconf 76' lang='grc' dir='ltr'>ἐχθροὺς</span> <span class='ocrx_word' id='word_1_559' title='bbox 1282 3721 1376 3776; x_wconf 89' lang='grc' dir='ltr'><strong>τοῦ</strong></span> <span class='ocrx_word' id='word_1_560' title='bbox 1411 3720 1547 3773; x_wconf 86' lang='grc' dir='ltr'>Θεοῦ</span> <span class='ocrx_word' id='word_1_561' title='bbox 1573 3721 1954 3791; x_wconf 86' lang='grc' dir='ltr'>πεποιήκασιν.</span> 
     </span>
    </p>
   </div>
   <div class='ocr_carea' id='block_1_72' title="bbox 380 3810 1959 3892">
    <p class='ocr_par' dir='ltr' id='par_1_72' title="bbox 380 3810 1959 3892">
     <span class='ocr_line' id='line_1_72' title="bbox 380 3810 1959 3892; baseline -0.006 -19"><span class='ocrx_word' id='word_1_562' title='bbox 380 3824 442 3873; x_wconf 78' lang='lat'>‘0</span> <span class='ocrx_word' id='word_1_563' title='bbox 487 3820 595 3892; x_wconf 75' lang='grc' dir='ltr'>γὰρ</span> <span class='ocrx_word' id='word_1_564' title='bbox 633 3818 765 3881; x_wconf 87' lang='grc' dir='ltr'>Θεὸς</span> <span class='ocrx_word' id='word_1_565' title='bbox 799 3818 990 3887; x_wconf 80' lang='grc' dir='ltr'>ἀγαπᾷ</span> <span class='ocrx_word' id='word_1_566' title='bbox 1020 3815 1087 3868; x_wconf 75' lang='grc' dir='ltr'><strong>τὰ</strong></span> <span class='ocrx_word' id='word_1_567' title='bbox 1122 3816 1251 3868; x_wconf 78' lang='grc' dir='ltr'>ὄντα</span> <span class='ocrx_word' id='word_1_568' title='bbox 1286 3813 1485 3878; x_wconf 79' lang='grc' dir='ltr'>πάντα,</span> <span class='ocrx_word' id='word_1_569' title='bbox 1529 3814 1623 3866; x_wconf 75' lang='grc' dir='ltr'><strong>καὶ</strong></span> <span class='ocrx_word' id='word_1_570' title='bbox 1653 3812 1807 3864; x_wconf 79' lang='grc' dir='ltr'>οὐδὲν</span> <span class='ocrx_word' id='word_1_571' title='bbox 1842 3810 1959 3882; x_wconf 84' lang='grc' dir='ltr'>βδε-</span> 
     </span>
    </p>
   </div>
   <div class='ocr_carea' id='block_1_73' title="bbox 369 3904 1958 3981">
    <p class='ocr_par' dir='ltr' id='par_1_73' title="bbox 369 3904 1958 3981">
     <span class='ocr_line' id='line_1_73' title="bbox 369 3904 1958 3981; baseline -0.007 -13"><span class='ocrx_word' id='word_1_572' title='bbox 369 3914 631 3968; x_wconf 81' lang='grc' dir='ltr'>λύσσεται</span> <span class='ocrx_word' id='word_1_573' title='bbox 659 3905 733 3965; x_wconf 83' lang='grc' dir='ltr'>ὧν</span> <span class='ocrx_word' id='word_1_574' title='bbox 758 3911 1032 3981; x_wconf 72' lang='grc' dir='ltr'>ἐποίησενο</span> <span class='ocrx_word' id='word_1_575' title='bbox 1060 3908 1182 3963; x_wconf 77' lang='grc' dir='ltr'>οὐδὲ</span> <span class='ocrx_word' id='word_1_576' title='bbox 1201 3909 1310 3980; x_wconf 78' lang='grc' dir='ltr'>γὰρ</span> <span class='ocrx_word' id='word_1_577' title='bbox 1342 3905 1516 3979; x_wconf 83' lang='grc' dir='ltr'>μισῶν</span> <span class='ocrx_word' id='word_1_578' title='bbox 1542 3923 1597 3958; x_wconf 89' lang='grc' dir='ltr'><strong>τι</strong></span> <span class='ocrx_word' id='word_1_579' title='bbox 1620 3904 1958 3959; x_wconf 84' lang='grc' dir='ltr'>κατεσκεύα-</span> 
     </span>
    </p>
   </div>
   <div class='ocr_carea' id='block_1_74' title="bbox 368 3998 1958 4075">
    <p class='ocr_par' dir='ltr' id='par_1_74' title="bbox 368 3998 1958 4075">
     <span class='ocr_line' id='line_1_74' title="bbox 368 3998 1958 4075; baseline -0.007 -14"><span class='ocrx_word' id='word_1_580' title='bbox 368 4006 456 4073; x_wconf 76' lang='grc' dir='ltr'><strong>ζεο</strong></span> <span class='ocrx_word' id='word_1_581' title='bbox 492 4005 574 4060; x_wconf 83' lang='grc' dir='ltr'><strong>διὸ</strong></span> <span class='ocrx_word' id='word_1_582' title='bbox 614 4005 822 4069; x_wconf 75' lang='grc' dir='ltr'>οὐδενὸς</span> <span class='ocrx_word' id='word_1_583' title='bbox 849 4004 1042 4075; x_wconf 78' lang='grc' dir='ltr'>ἐχθρὸς</span> <span class='ocrx_word' id='word_1_584' title='bbox 1065 4002 1247 4066; x_wconf 77' lang='grc' dir='ltr'>αὑτός.</span> <span class='ocrx_word' id='word_1_585' title='bbox 1273 4002 1336 4055; x_wconf 86' lang='grc' dir='ltr'><strong>Οἱ</strong></span> <span class='ocrx_word' id='word_1_586' title='bbox 1360 4001 1418 4053; x_wconf 81' lang='grc' dir='ltr'>δὲ</span> <span class='ocrx_word' id='word_1_587' title='bbox 1442 3998 1809 4071; x_wconf 80' lang='grc' dir='ltr'>μακρύνοντες</span> <span class='ocrx_word' id='word_1_588' title='bbox 1833 4000 1958 4052; x_wconf 83' lang='grc' dir='ltr'>ἐαυ-</span> 
     </span>
    </p>
   </div>
   <div class='ocr_carea' id='block_1_75' title="bbox 366 4092 1956 4168">
    <p class='ocr_par' dir='ltr' id='par_1_75' title="bbox 366 4092 1956 4168">
     <span class='ocr_line' id='line_1_75' title="bbox 366 4092 1956 4168; baseline -0.008 -14"><span class='ocrx_word' id='word_1_589' title='bbox 366 4102 497 4165; x_wconf 80' lang='grc' dir='ltr'>τοὺς</span> <span class='ocrx_word' id='word_1_590' title='bbox 529 4099 623 4153; x_wconf 84' lang='grc' dir='ltr'>ἀπ’</span> <span class='ocrx_word' id='word_1_591' title='bbox 658 4098 845 4161; x_wconf 82' lang='grc' dir='ltr'>αὑτοῦ,</span> <span class='ocrx_word' id='word_1_592' title='bbox 887 4099 981 4151; x_wconf 70' lang='grc' dir='ltr'><strong>καὶ</strong></span> <span class='ocrx_word' id='word_1_593' title='bbox 1029 4094 1476 4168; x_wconf 86' lang='grc' dir='ltr'>ἐχθροποιοῦντες</span> <span class='ocrx_word' id='word_1_594' title='bbox 1517 4092 1776 4156; x_wconf 76' lang='grc' dir='ltr'>ἑαυτοὺς,</span> <span class='ocrx_word' id='word_1_595' title='bbox 1833 4093 1956 4144; x_wconf 82' lang='grc' dir='ltr'>ἐπι-</span> 
     </span>
    </p>
   </div>
   <div class='ocr_carea' id='block_1_76' title="bbox 372 4187 1955 4266">
    <p class='ocr_par' dir='ltr' id='par_1_76' title="bbox 372 4187 1955 4266">
     <span class='ocr_line' id='line_1_76' title="bbox 372 4187 1955 4266; baseline -0.006 -17"><span class='ocrx_word' id='word_1_596' title='bbox 372 4195 616 4249; x_wconf 82' lang='grc' dir='ltr'>σπῶνται</span> <span class='ocrx_word' id='word_1_597' title='bbox 652 4193 750 4266; x_wconf 82' lang='grc' dir='ltr'><strong>τὴν</strong></span> <span class='ocrx_word' id='word_1_598' title='bbox 777 4191 1075 4247; x_wconf 85' lang='grc' dir='ltr'>ἀπώλειαν·</span> <span class='ocrx_word' id='word_1_599' title='bbox 1117 4191 1194 4255; x_wconf 83' lang='grc' dir='ltr'>ὡς</span> <span class='ocrx_word' id='word_1_600' title='bbox 1231 4188 1508 4258; x_wconf 76' lang='grc' dir='ltr'>λέγεσθαιο</span> <span class='ocrx_word' id='word_1_601' title='bbox 1558 4205 1579 4239; x_wconf 73' lang='grc' dir='ltr'><strong>ι</strong></span> <span class='ocrx_word' id='word_1_602' title='bbox 1614 4188 1733 4241; x_wconf 85' lang='grc' dir='ltr'>’Ότι</span> <span class='ocrx_word' id='word_1_603' title='bbox 1773 4187 1881 4242; x_wconf 74' lang='grc' dir='ltr'>ἰδοὺ</span> <span class='ocrx_word' id='word_1_604' title='bbox 1905 4188 1955 4240; x_wconf 74' lang='lat' dir='ltr'><strong>oi</strong></span> 
     </span>
    </p>
   </div>
   <div class='ocr_carea' id='block_1_77' title="bbox 372 4277 1953 4360">
    <p class='ocr_par' dir='ltr' id='par_1_77' title="bbox 372 4277 1953 4360">
     <span class='ocr_line' id='line_1_77' title="bbox 372 4277 1953 4360; baseline -0.007 -18"><span class='ocrx_word' id='word_1_605' title='bbox 372 4286 743 4360; x_wconf 79' lang='grc' dir='ltr'>μακρύνοντες</span> <span class='ocrx_word' id='word_1_606' title='bbox 770 4286 995 4347; x_wconf 77' lang='grc' dir='ltr'>ἑαυτοὺς</span> <span class='ocrx_word' id='word_1_607' title='bbox 1016 4284 1125 4337; x_wconf 85' lang='grc' dir='ltr'><strong>ἀπὸ</strong></span> <span class='ocrx_word' id='word_1_608' title='bbox 1147 4282 1240 4336; x_wconf 90' lang='grc' dir='ltr'><strong>σοῦ</strong></span> <span class='ocrx_word' id='word_1_609' title='bbox 1264 4279 1609 4335; x_wconf 83' lang='grc' dir='ltr'>ἀπολοῦνται.</span> <span class='ocrx_word' id='word_1_610' title='bbox 1640 4299 1659 4331; x_wconf 78' lang='grc' dir='ltr'><strong>ι</strong></span> <span class='ocrx_word' id='word_1_611' title='bbox 1705 4278 1862 4333; x_wconf 78' lang='grc' dir='ltr'>Οὕτω</span> <span class='ocrx_word' id='word_1_612' title='bbox 1897 4277 1953 4331; x_wconf 85' lang='grc' dir='ltr'><strong>δὲ</strong></span> 
     </span>
    </p>
   </div>
   <div class='ocr_carea' id='block_1_78' title="bbox 368 4368 1955 4449">
    <p class='ocr_par' dir='ltr' id='par_1_78' title="bbox 368 4368 1955 4449">
     <span class='ocr_line' id='line_1_78' title="bbox 368 4368 1955 4449; baseline -0.006 -17"><span class='ocrx_word' id='word_1_613' title='bbox 368 4379 465 4433; x_wconf 72' lang='grc' dir='ltr'><strong>καὶ</strong></span> <span class='ocrx_word' id='word_1_614' title='bbox 499 4376 713 4449; x_wconf 83' lang='grc' dir='ltr'>μισοῦσι</span> <span class='ocrx_word' id='word_1_615' title='bbox 757 4375 851 4429; x_wconf 88' lang='grc' dir='ltr'><strong>τὸν</strong></span> <span class='ocrx_word' id='word_1_616' title='bbox 892 4374 1024 4427; x_wconf 90' lang='grc' dir='ltr'>Θεὸν</span> <span class='ocrx_word' id='word_1_617' title='bbox 1064 4376 1113 4427; x_wconf 82' lang='lat' dir='ltr'><strong>oi</strong></span> <span class='ocrx_word' id='word_1_618' title='bbox 1158 4372 1230 4426; x_wconf 88' lang='grc' dir='ltr'><strong>τά</strong></span> <span class='ocrx_word' id='word_1_619' title='bbox 1261 4372 1353 4425; x_wconf 85' lang='grc' dir='ltr'>ὑπ’</span> <span class='ocrx_word' id='word_1_620' title='bbox 1402 4368 1566 4424; x_wconf 82' lang='grc' dir='ltr'>αὑτοῦ</span> <span class='ocrx_word' id='word_1_621' title='bbox 1606 4370 1955 4440; x_wconf 86' lang='grc' dir='ltr'>μεμισημένα</span> 
     </span>
    </p>
   </div>
   <div class='ocr_carea' id='block_1_79' title="bbox 371 4457 1953 4540">
    <p class='ocr_par' dir='ltr' id='par_1_79' title="bbox 371 4457 1953 4540">
     <span class='ocr_line' id='line_1_79' title="bbox 371 4457 1953 4540; baseline -0.006 -19"><span class='ocrx_word' id='word_1_622' title='bbox 371 4468 726 4540; x_wconf 85' lang='grc' dir='ltr'>πράττοντες.</span> <span class='ocrx_word' id='word_1_623' title='bbox 757 4464 942 4519; x_wconf 87' lang='grc' dir='ltr'>Ταῦτα</span> <span class='ocrx_word' id='word_1_624' title='bbox 984 4465 1083 4533; x_wconf 78' lang='grc' dir='ltr'><strong>μὲν</strong></span> <span class='ocrx_word' id='word_1_625' title='bbox 1111 4457 1205 4515; x_wconf 78' lang='grc' dir='ltr'><strong>οὖν</strong></span> <span class='ocrx_word' id='word_1_626' title='bbox 1245 4461 1367 4516; x_wconf 86' lang='grc' dir='ltr'>καθ’</span> <span class='ocrx_word' id='word_1_627' title='bbox 1402 4461 1497 4513; x_wconf 72' lang='grc' dir='ltr'>ἕνα</span> <span class='ocrx_word' id='word_1_628' title='bbox 1536 4458 1773 4530; x_wconf 83' lang='grc' dir='ltr'>λελέχθω</span> <span class='ocrx_word' id='word_1_629' title='bbox 1828 4459 1953 4531; x_wconf 81' lang='grc' dir='ltr'>τρό-</span> 
     </span>
    </p>
   </div>
   <div class='ocr_carea' id='block_1_80' title="bbox 2066 3271 3662 3343">
    <p class='ocr_par' dir='ltr' id='par_1_80' title="bbox 2066 3271 3662 3343">
     <span class='ocr_line' id='line_1_80' title="bbox 2066 3271 3662 3343; baseline -0.002 -13"><span class='ocrx_word' id='word_1_630' title='bbox 2066 3275 2322 3330; x_wconf 89' lang='lat' dir='ltr'><strong>inimicos</strong></span> <span class='ocrx_word' id='word_1_631' title='bbox 2347 3273 2443 3329; x_wconf 87' lang='lat' dir='ltr'><strong>Dei</strong></span> <span class='ocrx_word' id='word_1_632' title='bbox 2470 3276 2900 3330; x_wconf 84' lang='lat' dir='ltr'><strong>constituerunt.</strong></span> <span class='ocrx_word' id='word_1_633' title='bbox 2970 3271 3114 3326; x_wconf 91' lang='lat' dir='ltr'><strong>Deus</strong></span> <span class='ocrx_word' id='word_1_634' title='bbox 3145 3273 3293 3326; x_wconf 87' lang='lat' dir='ltr'><strong>enim</strong></span> <span class='ocrx_word' id='word_1_635' title='bbox 3326 3274 3509 3326; x_wconf 86' lang='lat' dir='ltr'><strong>omnia</strong></span> <span class='ocrx_word' id='word_1_636' title='bbox 3536 3287 3662 3343; x_wconf 73' lang='lat' dir='ltr'><strong>qua:</strong></span> 
     </span>
    </p>
   </div>
   <div class='ocr_carea' id='block_1_81' title="bbox 2064 3363 3660 3435">
    <p class='ocr_par' dir='ltr' id='par_1_81' title="bbox 2064 3363 3660 3435">
     <span class='ocr_line' id='line_1_81' title="bbox 2064 3363 3660 3435; baseline -0.003 -12"><span class='ocrx_word' id='word_1_637' title='bbox 2064 3376 2194 3423; x_wconf 85' lang='lat' dir='ltr'><strong>sunt</strong></span> <span class='ocrx_word' id='word_1_638' title='bbox 2233 3376 2413 3433; x_wconf 88' lang='lat' dir='ltr'><strong>amat,</strong></span> <span class='ocrx_word' id='word_1_639' title='bbox 2458 3377 2513 3423; x_wconf 89' lang='lat' dir='ltr'><strong>et</strong></span> <span class='ocrx_word' id='word_1_640' title='bbox 2557 3367 2694 3422; x_wconf 86' lang='lat' dir='ltr'><strong>nihil</strong></span> <span class='ocrx_word' id='word_1_641' title='bbox 2735 3364 2851 3422; x_wconf 89' lang='lat' dir='ltr'><strong>odit</strong></span> <span class='ocrx_word' id='word_1_642' title='bbox 2895 3380 3089 3420; x_wconf 80' lang='lat' dir='ltr'><strong>eorum</strong></span> <span class='ocrx_word' id='word_1_643' title='bbox 3116 3379 3241 3435; x_wconf 68' lang='lat' dir='ltr'><strong>qua:</strong></span> <span class='ocrx_word' id='word_1_644' title='bbox 3279 3363 3408 3420; x_wconf 80' lang='lat' dir='ltr'><strong>fecit</strong></span> <span class='ocrx_word' id='word_1_645' title='bbox 3438 3384 3451 3419; x_wconf 91' lang='lat'><strong>:</strong></span> <span class='ocrx_word' id='word_1_646' title='bbox 3482 3378 3660 3435; x_wconf 87' lang='lat' dir='ltr'><strong>neque</strong></span> 
     </span>
    </p>
   </div>
   <div class='ocr_carea' id='block_1_82' title="bbox 2062 3456 3659 3531">
    <p class='ocr_par' dir='ltr' id='par_1_82' title="bbox 2062 3456 3659 3531">
     <span class='ocr_line' id='line_1_82' title="bbox 2062 3456 3659 3531; baseline -0.003 -17"><span class='ocrx_word' id='word_1_647' title='bbox 2062 3461 2209 3515; x_wconf 87' lang='lat' dir='ltr'><strong>enim</strong></span> <span class='ocrx_word' id='word_1_648' title='bbox 2253 3460 2461 3531; x_wconf 89' lang='lat' dir='ltr'><strong>aliquid</strong></span> <span class='ocrx_word' id='word_1_649' title='bbox 2507 3458 2755 3513; x_wconf 88' lang='lat' dir='ltr'><strong>condidit</strong></span> <span class='ocrx_word' id='word_1_650' title='bbox 2789 3456 2937 3528; x_wconf 85' lang='lat' dir='ltr'><strong>quod</strong></span> <span class='ocrx_word' id='word_1_651' title='bbox 2966 3456 3215 3521; x_wconf 87' lang='lat' dir='ltr'><strong>odisset;</strong></span> <span class='ocrx_word' id='word_1_652' title='bbox 3248 3467 3424 3526; x_wconf 86' lang='lat' dir='ltr'><strong>quare</strong></span> <span class='ocrx_word' id='word_1_653' title='bbox 3453 3457 3659 3511; x_wconf 77' lang='lat' dir='ltr'><strong>nullius</strong></span> 
     </span>
    </p>
   </div>
   <div class='ocr_carea' id='block_1_83' title="bbox 2066 3544 3661 3618">
    <p class='ocr_par' dir='ltr' id='par_1_83' title="bbox 2066 3544 3661 3618">
     <span class='ocr_line' id='line_1_83' title="bbox 2066 3544 3661 3618; baseline -0.003 -14"><span class='ocrx_word' id='word_1_654' title='bbox 2066 3550 2328 3606; x_wconf 90' lang='lat' dir='ltr'><strong>inimicus</strong></span> <span class='ocrx_word' id='word_1_655' title='bbox 2361 3550 2477 3618; x_wconf 90' lang='lat' dir='ltr'><strong>ipse</strong></span> <span class='ocrx_word' id='word_1_656' title='bbox 2505 3557 2610 3604; x_wconf 89' lang='lat' dir='ltr'><strong>est.</strong></span> <span class='ocrx_word' id='word_1_657' title='bbox 2685 3546 2791 3613; x_wconf 91' lang='lat' dir='ltr'><strong>Qui</strong></span> <span class='ocrx_word' id='word_1_658' title='bbox 2821 3562 2951 3601; x_wconf 89' lang='lat' dir='ltr'><strong>vero</strong></span> <span class='ocrx_word' id='word_1_659' title='bbox 2977 3561 3098 3601; x_wconf 88' lang='lat' dir='ltr'><strong>sese</strong></span> <span class='ocrx_word' id='word_1_660' title='bbox 3130 3544 3200 3599; x_wconf 87' lang='lat' dir='ltr'><strong>ab</strong></span> <span class='ocrx_word' id='word_1_661' title='bbox 3229 3545 3347 3615; x_wconf 89' lang='lat' dir='ltr'><strong>ipso</strong></span> <span class='ocrx_word' id='word_1_662' title='bbox 3386 3546 3544 3615; x_wconf 76' lang='lat' dir='ltr'><strong>longe</strong></span> <span class='ocrx_word' id='word_1_663' title='bbox 3571 3561 3661 3600; x_wconf 86' lang='lat' dir='ltr'><strong>re-</strong></span> 
     </span>
    </p>
   </div>
   <div class='ocr_carea' id='block_1_84' title="bbox 2066 3636 3658 3711">
    <p class='ocr_par' dir='ltr' id='par_1_84' title="bbox 2066 3636 3658 3711">
     <span class='ocr_line' id='line_1_84' title="bbox 2066 3636 3658 3711; baseline -0.005 -13"><span class='ocrx_word' id='word_1_664' title='bbox 2066 3653 2305 3707; x_wconf 87' lang='lat' dir='ltr'><strong>movent,</strong></span> <span class='ocrx_word' id='word_1_665' title='bbox 2350 3643 2635 3711; x_wconf 84' lang='lat' dir='ltr'><strong>ipsiusque</strong></span> <span class='ocrx_word' id='word_1_666' title='bbox 2666 3655 2727 3695; x_wconf 90' lang='lat' dir='ltr'><strong>se</strong></span> <span class='ocrx_word' id='word_1_667' title='bbox 2765 3639 3020 3694; x_wconf 86' lang='lat' dir='ltr'><strong>inimicos</strong></span> <span class='ocrx_word' id='word_1_668' title='bbox 3048 3636 3312 3701; x_wconf 76' lang='lat' dir='ltr'><strong>eﬂiciunt,</strong></span> <span class='ocrx_word' id='word_1_669' title='bbox 3356 3638 3658 3708; x_wconf 83' lang='lat' dir='ltr'><strong>perniciem</strong></span> 
     </span>
    </p>
   </div>
   <div class='ocr_carea' id='block_1_85' title="bbox 2065 3728 3659 3798">
    <p class='ocr_par' dir='ltr' id='par_1_85' title="bbox 2065 3728 3659 3798">
     <span class='ocr_line' id='line_1_85' title="bbox 2065 3728 3659 3798; baseline -0.004 -9"><span class='ocrx_word' id='word_1_670' title='bbox 2065 3734 2171 3789; x_wconf 85' lang='lat' dir='ltr'><strong>sibi</strong></span> <span class='ocrx_word' id='word_1_671' title='bbox 2195 3734 2499 3796; x_wconf 81' lang='lat' dir='ltr'><strong>attrahunt,</strong></span> <span class='ocrx_word' id='word_1_672' title='bbox 2536 3732 2611 3786; x_wconf 87' lang='lat' dir='ltr'><strong>ita</strong></span> <span class='ocrx_word' id='word_1_673' title='bbox 2642 3740 2702 3786; x_wconf 91' lang='lat' dir='ltr'><strong>ut</strong></span> <span class='ocrx_word' id='word_1_674' title='bbox 2727 3731 2945 3786; x_wconf 90' lang='lat' dir='ltr'><strong>dicatur</strong></span> <span class='ocrx_word' id='word_1_675' title='bbox 2980 3748 2995 3783; x_wconf 91' lang='lat'>:</span> <span class='ocrx_word' id='word_1_676' title='bbox 3037 3728 3207 3795; x_wconf 70' lang='lat' dir='ltr'><strong>«Quia</strong></span> <span class='ocrx_word' id='word_1_677' title='bbox 3226 3744 3357 3784; x_wconf 79' lang='lat' dir='ltr'><strong>ecce</strong></span> <span class='ocrx_word' id='word_1_678' title='bbox 3384 3730 3478 3798; x_wconf 90' lang='lat' dir='ltr'><strong>qui</strong></span> <span class='ocrx_word' id='word_1_679' title='bbox 3504 3730 3659 3784; x_wconf 85' lang='lat' dir='ltr'><strong>elon-</strong></span> 
     </span>
    </p>
   </div>
   <div class='ocr_carea' id='block_1_86' title="bbox 2063 3819 3659 3897">
    <p class='ocr_par' dir='ltr' id='par_1_86' title="bbox 2063 3819 3659 3897">
     <span class='ocr_line' id='line_1_86' title="bbox 2063 3819 3659 3897; baseline -0.004 -18"><span class='ocrx_word' id='word_1_680' title='bbox 2063 3834 2193 3897; x_wconf 80' lang='lat' dir='ltr'><strong>gant</strong></span> <span class='ocrx_word' id='word_1_681' title='bbox 2226 3840 2285 3880; x_wconf 90' lang='lat' dir='ltr'><strong>se</strong></span> <span class='ocrx_word' id='word_1_682' title='bbox 2322 3839 2353 3878; x_wconf 91' lang='lat' dir='ltr'><strong>a</strong></span> <span class='ocrx_word' id='word_1_683' title='bbox 2394 3832 2470 3887; x_wconf 88' lang='lat' dir='ltr'><strong>te,</strong></span> <span class='ocrx_word' id='word_1_684' title='bbox 2502 3823 2821 3893; x_wconf 61' lang='lat' dir='ltr'><strong>peribunt“.</strong></span> <span class='ocrx_word' id='word_1_685' title='bbox 2852 3842 2871 3873; x_wconf 75' lang='grc' dir='ltr'><strong>ι</strong></span> <span class='ocrx_word' id='word_1_686' title='bbox 2906 3821 2998 3874; x_wconf 80' lang='lat' dir='ltr'><strong>Sic</strong></span> <span class='ocrx_word' id='word_1_687' title='bbox 3028 3828 3213 3874; x_wconf 87' lang='lat' dir='ltr'><strong>autem</strong></span> <span class='ocrx_word' id='word_1_688' title='bbox 3239 3829 3293 3875; x_wconf 88' lang='lat' dir='ltr'><strong>et</strong></span> <span class='ocrx_word' id='word_1_689' title='bbox 3324 3819 3494 3875; x_wconf 88' lang='lat' dir='ltr'><strong>Deum</strong></span> <span class='ocrx_word' id='word_1_690' title='bbox 3522 3819 3659 3874; x_wconf 87' lang='lat' dir='ltr'><strong>ode-</strong></span> 
     </span>
    </p>
   </div>
   <div class='ocr_carea' id='block_1_87' title="bbox 2022 3910 3656 3987">
    <p class='ocr_par' dir='ltr' id='par_1_87' title="bbox 2022 3910 3656 3987">
     <span class='ocr_line' id='line_1_87' title="bbox 2022 3910 3656 3987; baseline -0.005 -14"><span class='ocrx_word' id='word_1_691' title='bbox 2022 3924 2027 3928; x_wconf 70' lang='grc'><em>’</em></span> <span class='ocrx_word' id='word_1_692' title='bbox 2066 3926 2215 3983; x_wconf 89' lang='lat' dir='ltr'><strong>runt,</strong></span> <span class='ocrx_word' id='word_1_693' title='bbox 2268 3917 2363 3987; x_wconf 88' lang='lat' dir='ltr'><strong>qui</strong></span> <span class='ocrx_word' id='word_1_694' title='bbox 2408 3930 2608 3987; x_wconf 80' lang='lat' dir='ltr'><strong>perosa</strong></span> <span class='ocrx_word' id='word_1_695' title='bbox 2648 3915 2753 3984; x_wconf 89' lang='lat' dir='ltr'><strong>ipsi</strong></span> <span class='ocrx_word' id='word_1_696' title='bbox 2785 3920 3125 3984; x_wconf 79' lang='lat' dir='ltr'><strong>perpetrant.</strong></span> <span class='ocrx_word' id='word_1_697' title='bbox 3179 3910 3307 3967; x_wconf 61' lang='lat' dir='ltr'><strong>llaec</strong></span> <span class='ocrx_word' id='word_1_698' title='bbox 3347 3912 3514 3983; x_wconf 89' lang='lat' dir='ltr'><strong>igitur</strong></span> <span class='ocrx_word' id='word_1_699' title='bbox 3543 3926 3656 3966; x_wconf 82' lang='lat' dir='ltr'><strong>une</strong></span> 
     </span>
    </p>
   </div>
   <div class='ocr_carea' id='block_1_88' title="bbox 2065 4004 3658 4078">
    <p class='ocr_par' dir='ltr' id='par_1_88' title="bbox 2065 4004 3658 4078">
     <span class='ocr_line' id='line_1_88' title="bbox 2065 4004 3658 4078; baseline -0.004 -12"><span class='ocrx_word' id='word_1_700' title='bbox 2065 4012 2228 4068; x_wconf 89' lang='lat' dir='ltr'><strong>modo</strong></span> <span class='ocrx_word' id='word_1_701' title='bbox 2279 4010 2427 4064; x_wconf 86' lang='lat' dir='ltr'><strong>dicta</strong></span> <span class='ocrx_word' id='word_1_702' title='bbox 2480 4008 2701 4064; x_wconf 79' lang='lat' dir='ltr'><strong>fuerint.</strong></span> <span class='ocrx_word' id='word_1_703' title='bbox 2762 4010 2902 4063; x_wconf 84' lang='lat' dir='ltr'><strong>Cum</strong></span> <span class='ocrx_word' id='word_1_704' title='bbox 2952 4022 3118 4078; x_wconf 77' lang='lat' dir='ltr'><strong>porro</strong></span> <span class='ocrx_word' id='word_1_705' title='bbox 3146 4005 3329 4061; x_wconf 88' lang='lat' dir='ltr'><strong>omnis</strong></span> <span class='ocrx_word' id='word_1_706' title='bbox 3372 4004 3658 4074; x_wconf 79' lang='lat' dir='ltr'><strong>prophetia</strong></span> 
     </span>
    </p>
   </div>
   <div class='ocr_carea' id='block_1_89' title="bbox 2062 4094 3660 4173">
    <p class='ocr_par' dir='ltr' id='par_1_89' title="bbox 2062 4094 3660 4173">
     <span class='ocr_line' id='line_1_89' title="bbox 2062 4094 3660 4173; baseline -0.007 -14"><span class='ocrx_word' id='word_1_707' title='bbox 2062 4102 2379 4173; x_wconf 77' lang='lat' dir='ltr'><strong>evangelica</strong></span> <span class='ocrx_word' id='word_1_708' title='bbox 2403 4103 2498 4168; x_wconf 90' lang='lat' dir='ltr'><strong>sit,</strong></span> <span class='ocrx_word' id='word_1_709' title='bbox 2538 4102 2863 4156; x_wconf 78' lang='lat' dir='ltr'><strong>consideres</strong></span> <span class='ocrx_word' id='word_1_710' title='bbox 2888 4101 3055 4156; x_wconf 90' lang='lat' dir='ltr'><strong>velim</strong></span> <span class='ocrx_word' id='word_1_711' title='bbox 3081 4114 3212 4153; x_wconf 80' lang='lat' dir='ltr'><strong>nam</strong></span> <span class='ocrx_word' id='word_1_712' title='bbox 3247 4098 3363 4152; x_wconf 58' lang='lat' dir='ltr'><strong>hac</strong></span> <span class='ocrx_word' id='word_1_713' title='bbox 3391 4096 3459 4153; x_wconf 90' lang='lat' dir='ltr'><strong>ad</strong></span> <span class='ocrx_word' id='word_1_714' title='bbox 3487 4094 3660 4150; x_wconf 84' lang='lat' dir='ltr'><strong>Deum</strong></span> 
     </span>
    </p>
   </div>
   <div class='ocr_carea' id='block_1_90' title="bbox 2067 4187 3663 4262">
    <p class='ocr_par' dir='ltr' id='par_1_90' title="bbox 2067 4187 3663 4262">
     <span class='ocr_line' id='line_1_90' title="bbox 2067 4187 3663 4262; baseline -0.004 -15"><span class='ocrx_word' id='word_1_715' title='bbox 2067 4193 2302 4249; x_wconf 85' lang='lat' dir='ltr'><strong>Verbum</strong></span> <span class='ocrx_word' id='word_1_716' title='bbox 2334 4192 2667 4256; x_wconf 80' lang='lat' dir='ltr'><strong>referantur,</strong></span> <span class='ocrx_word' id='word_1_717' title='bbox 2705 4191 2857 4262; x_wconf 88' lang='lat' dir='ltr'><strong>quod</strong></span> <span class='ocrx_word' id='word_1_718' title='bbox 2896 4191 3118 4261; x_wconf 87' lang='lat' dir='ltr'><strong>quidem</strong></span> <span class='ocrx_word' id='word_1_719' title='bbox 3162 4188 3292 4243; x_wconf 88' lang='lat' dir='ltr'><strong>olim</strong></span> <span class='ocrx_word' id='word_1_720' title='bbox 3340 4187 3396 4242; x_wconf 83' lang='lat' dir='ltr'><strong>in</strong></span> <span class='ocrx_word' id='word_1_721' title='bbox 3429 4198 3663 4258; x_wconf 81' lang='lat' dir='ltr'><strong>paterno</strong></span> 
     </span>
    </p>
   </div>
   <div class='ocr_carea' id='block_1_91' title="bbox 2063 4279 3677 4356">
    <p class='ocr_par' dir='ltr' id='par_1_91' title="bbox 2063 4279 3677 4356">
     <span class='ocr_line' id='line_1_91' title="bbox 2063 4279 3677 4356; baseline -0.006 -15"><span class='ocrx_word' id='word_1_722' title='bbox 2063 4286 2190 4342; x_wconf 87' lang='lat' dir='ltr'><strong>sinu</strong></span> <span class='ocrx_word' id='word_1_723' title='bbox 2236 4284 2617 4356; x_wconf 85' lang='lat' dir='ltr'><strong>requiescebat</strong></span> <span class='ocrx_word' id='word_1_724' title='bbox 2665 4303 2680 4338; x_wconf 88' lang='lat'><strong><em>:</em></strong></span> <span class='ocrx_word' id='word_1_725' title='bbox 2732 4302 2753 4336; x_wconf 76' lang='grc' dir='ltr'><strong>ι</strong></span> <span class='ocrx_word' id='word_1_726' title='bbox 2781 4283 2841 4338; x_wconf 82' lang='grc' dir='ltr'>1η</span> <span class='ocrx_word' id='word_1_727' title='bbox 2893 4283 3165 4354; x_wconf 87' lang='lat' dir='ltr'><strong>principio</strong></span> <span class='ocrx_word' id='word_1_728' title='bbox 3203 4302 3223 4335; x_wconf 72' lang='grc' dir='ltr'><strong>ι</strong></span> <span class='ocrx_word' id='word_1_729' title='bbox 3274 4283 3424 4338; x_wconf 87' lang='lat' dir='ltr'><strong>enim</strong></span> <span class='ocrx_word' id='word_1_730' title='bbox 3479 4298 3501 4331; x_wconf 73' lang='grc' dir='ltr'><strong>ι</strong></span> <span class='ocrx_word' id='word_1_731' title='bbox 3537 4279 3677 4356; x_wconf 68' lang='lat' dir='ltr'><strong>eratl</strong></span> 
     </span>
    </p>
   </div>
   <div class='ocr_carea' id='block_1_92' title="bbox 2067 4351 3672 4443">
    <p class='ocr_par' dir='ltr' id='par_1_92' title="bbox 2067 4351 3672 4443">
     <span class='ocr_line' id='line_1_92' title="bbox 2067 4351 3672 4443; baseline -0.005 -12"><span class='ocrx_word' id='word_1_732' title='bbox 2067 4351 2332 4442; x_wconf 69' lang='lat' dir='ltr'><strong>Verbum,</strong></span> <span class='ocrx_word' id='word_1_733' title='bbox 2360 4384 2416 4431; x_wconf 87' lang='lat' dir='ltr'><strong>et</strong></span> <span class='ocrx_word' id='word_1_734' title='bbox 2444 4374 2683 4431; x_wconf 82' lang='lat' dir='ltr'><strong>Verbum</strong></span> <span class='ocrx_word' id='word_1_735' title='bbox 2711 4383 2833 4429; x_wconf 90' lang='lat' dir='ltr'><strong>erat</strong></span> <span class='ocrx_word' id='word_1_736' title='bbox 2881 4351 3027 4443; x_wconf 76' lang='lat' dir='ltr'><strong>apud</strong></span> <span class='ocrx_word' id='word_1_737' title='bbox 3059 4351 3253 4439; x_wconf 87' lang='lat' dir='ltr'><strong>Deum,</strong></span> <span class='ocrx_word' id='word_1_738' title='bbox 3284 4379 3339 4427; x_wconf 88' lang='lat' dir='ltr'><strong>et</strong></span> <span class='ocrx_word' id='word_1_739' title='bbox 3370 4369 3513 4426; x_wconf 87' lang='lat' dir='ltr'><strong>Deus</strong></span> <span class='ocrx_word' id='word_1_740' title='bbox 3539 4351 3672 4425; x_wconf 38' lang='lat' dir='ltr'><strong>erat.</strong></span> 
     </span>
    </p>
   </div>
   <div class='ocr_carea' id='block_1_93' title="bbox 2064 4461 3658 4535">
    <p class='ocr_par' dir='ltr' id='par_1_93' title="bbox 2064 4461 3658 4535">
     <span class='ocr_line' id='line_1_93' title="bbox 2064 4461 3658 4535; baseline -0.005 -11"><span class='ocrx_word' id='word_1_741' title='bbox 2064 4468 2307 4524; x_wconf 78' lang='lat' dir='ltr'><strong>Verbum</strong></span> <span class='ocrx_word' id='word_1_742' title='bbox 2335 4470 2377 4519; x_wconf 72' lang='grc'>⁵.</span> <span class='ocrx_word' id='word_1_743' title='bbox 2419 4486 2440 4519; x_wconf 75' lang='grc' dir='ltr'><strong>ι</strong></span> <span class='ocrx_word' id='word_1_744' title='bbox 2481 4465 2547 4519; x_wconf 81' lang='lat' dir='ltr'><strong>Et</strong></span> <span class='ocrx_word' id='word_1_745' title='bbox 2597 4482 2613 4522; x_wconf 88' lang='lat'><strong>:</strong></span> <span class='ocrx_word' id='word_1_746' title='bbox 2666 4485 2683 4516; x_wconf 73' lang='grc' dir='ltr'><strong>ι</strong></span> <span class='ocrx_word' id='word_1_747' title='bbox 2717 4464 2835 4521; x_wconf 85' lang='lat' dir='ltr'><strong>Hoc</strong></span> <span class='ocrx_word' id='word_1_748' title='bbox 2893 4475 3016 4519; x_wconf 89' lang='lat' dir='ltr'><strong>erat</strong></span> <span class='ocrx_word' id='word_1_749' title='bbox 3068 4464 3126 4519; x_wconf 89' lang='lat' dir='ltr'><strong>in</strong></span> <span class='ocrx_word' id='word_1_750' title='bbox 3183 4463 3454 4535; x_wconf 87' lang='lat' dir='ltr'><strong>principio</strong></span> <span class='ocrx_word' id='word_1_751' title='bbox 3512 4461 3658 4531; x_wconf 90' lang='lat' dir='ltr'><strong>apud</strong></span> 
     </span>
    </p>
   </div>
   <div class='ocr_carea' id='block_1_94' title="bbox 368 4552 1961 4628">
    <p class='ocr_par' dir='ltr' id='par_1_94' title="bbox 368 4552 1958 4628">
     <span class='ocr_line' id='line_1_94' title="bbox 368 4552 1958 4628; baseline -0.004 -15"><span class='ocrx_word' id='word_1_752' title='bbox 368 4578 493 4613; x_wconf 85' lang='grc' dir='ltr'>πον.</span> <span class='ocrx_word' id='word_1_753' title='bbox 542 4558 697 4611; x_wconf 72' lang='grc' dir='ltr'>Ἐπεὶ</span> <span class='ocrx_word' id='word_1_754' title='bbox 745 4556 802 4610; x_wconf 81' lang='grc' dir='ltr'>δὲ</span> <span class='ocrx_word' id='word_1_755' title='bbox 848 4559 882 4628; x_wconf 84' lang='grc' dir='ltr'><strong>ή</strong></span> <span class='ocrx_word' id='word_1_756' title='bbox 924 4557 1073 4608; x_wconf 76' lang='grc' dir='ltr'>πᾶσα</span> <span class='ocrx_word' id='word_1_757' title='bbox 1117 4554 1423 4627; x_wconf 82' lang='grc' dir='ltr'>προφητεία</span> <span class='ocrx_word' id='word_1_758' title='bbox 1454 4552 1784 4624; x_wconf 81' lang='grc' dir='ltr'>εὐαγγελικὴ</span> <span class='ocrx_word' id='word_1_759' title='bbox 1828 4570 1958 4622; x_wconf 87' lang='grc' dir='ltr'>τυγ-</span> 
     </span>
    </p>
   </div>
   <div class='ocr_carea' id='block_1_95' title="bbox 2064 4552 3661 4628">
    <p class='ocr_par' dir='ltr' id='par_1_95' title="bbox 2064 4552 3661 4628">
     <span class='ocr_line' id='line_1_95' title="bbox 2064 4552 3661 4628; baseline -0.006 -13"><span class='ocrx_word' id='word_1_760' title='bbox 2064 4560 2232 4615; x_wconf 83' lang='lat' dir='ltr'><strong>Deum</strong></span> <span class='ocrx_word' id='word_1_761' title='bbox 2258 4560 2301 4624; x_wconf 81' lang='grc'><strong>⁸,</strong></span> <span class='ocrx_word' id='word_1_762' title='bbox 2324 4578 2346 4610; x_wconf 71' lang='grc' dir='ltr'>δ</span> <span class='ocrx_word' id='word_1_763' title='bbox 2376 4559 2556 4628; x_wconf 83' lang='lat' dir='ltr'><strong>ipsum</strong></span> <span class='ocrx_word' id='word_1_764' title='bbox 2582 4567 2701 4613; x_wconf 88' lang='lat' dir='ltr'><strong>erat</strong></span> <span class='ocrx_word' id='word_1_765' title='bbox 2725 4554 3050 4627; x_wconf 89' lang='lat' dir='ltr'><strong>Uuigenitus</strong></span> <span class='ocrx_word' id='word_1_766' title='bbox 3077 4554 3193 4618; x_wconf 91' lang='lat' dir='ltr'><strong>Dei,</strong></span> <span class='ocrx_word' id='word_1_767' title='bbox 3221 4554 3313 4623; x_wconf 86' lang='lat' dir='ltr'><strong>qui</strong></span> <span class='ocrx_word' id='word_1_768' title='bbox 3336 4560 3422 4608; x_wconf 87' lang='lat' dir='ltr'><strong>est</strong></span> <span class='ocrx_word' id='word_1_769' title='bbox 3448 4552 3505 4607; x_wconf 89' lang='lat' dir='ltr'><strong>in</strong></span> <span class='ocrx_word' id='word_1_770' title='bbox 3528 4552 3661 4606; x_wconf 87' lang='lat' dir='ltr'><strong>sinu</strong></span> 
     </span>
    </p>
   </div>
   <div class='ocr_carea' id='block_1_96' title="bbox 367 4646 1953 4726">
    <p class='ocr_par' dir='ltr' id='par_1_96' title="bbox 367 4646 1953 4726">
     <span class='ocr_line' id='line_1_96' title="bbox 367 4646 1953 4726; baseline -0.006 -19"><span class='ocrx_word' id='word_1_771' title='bbox 367 4655 545 4726; x_wconf 75' lang='grc' dir='ltr'>χάνει,</span> <span class='ocrx_word' id='word_1_772' title='bbox 579 4651 676 4705; x_wconf 87' lang='grc' dir='ltr'><strong>θέα</strong></span> <span class='ocrx_word' id='word_1_773' title='bbox 718 4653 924 4722; x_wconf 78' lang='grc' dir='ltr'>μήποτε</span> <span class='ocrx_word' id='word_1_774' title='bbox 953 4647 1126 4702; x_wconf 88' lang='grc' dir='ltr'>ταῦτα</span> <span class='ocrx_word' id='word_1_775' title='bbox 1159 4650 1239 4711; x_wconf 79' lang='grc' dir='ltr'>εἰς</span> <span class='ocrx_word' id='word_1_776' title='bbox 1275 4648 1368 4701; x_wconf 91' lang='grc' dir='ltr'><strong>τὸν</strong></span> <span class='ocrx_word' id='word_1_777' title='bbox 1390 4646 1524 4700; x_wconf 89' lang='grc' dir='ltr'>Θεὸν</span> <span class='ocrx_word' id='word_1_778' title='bbox 1555 4646 1728 4715; x_wconf 84' lang='grc' dir='ltr'>Λόγον</span> <span class='ocrx_word' id='word_1_779' title='bbox 1752 4646 1953 4717; x_wconf 80' lang='grc' dir='ltr'>ἀναιρέ-</span> 
     </span>
    </p>
   </div>
   <div class='ocr_carea' id='block_1_97' title="bbox 371 4738 1956 4817">
    <p class='ocr_par' dir='ltr' id='par_1_97' title="bbox 371 4738 1956 4817">
     <span class='ocr_line' id='line_1_97' title="bbox 371 4738 1956 4817; baseline -0.005 -19"><span class='ocrx_word' id='word_1_780' title='bbox 371 4762 546 4817; x_wconf 86' lang='grc' dir='ltr'>ρεται,</span> <span class='ocrx_word' id='word_1_781' title='bbox 575 4744 635 4808; x_wconf 83' lang='grc' dir='ltr'>ὃς</span> <span class='ocrx_word' id='word_1_782' title='bbox 665 4739 734 4815; x_wconf 72' lang='grc' dir='ltr'>ἦν</span> <span class='ocrx_word' id='word_1_783' title='bbox 767 4742 866 4813; x_wconf 83' lang='grc' dir='ltr'><strong>μὲν</strong></span> <span class='ocrx_word' id='word_1_784' title='bbox 913 4740 1079 4794; x_wconf 85' lang='grc' dir='ltr'>πάλαι</span> <span class='ocrx_word' id='word_1_785' title='bbox 1121 4741 1178 4793; x_wconf 84' lang='grc' dir='ltr'><strong>ἐν</strong></span> <span class='ocrx_word' id='word_1_786' title='bbox 1215 4742 1327 4803; x_wconf 85' lang='grc' dir='ltr'>τοῖς</span> <span class='ocrx_word' id='word_1_787' title='bbox 1356 4738 1578 4803; x_wconf 80' lang='grc' dir='ltr'>κόλποις</span> <span class='ocrx_word' id='word_1_788' title='bbox 1607 4738 1956 4809; x_wconf 86' lang='grc' dir='ltr'>ἀναπαυόμε-</span> 
     </span>
    </p>
   </div>
   <div class='ocr_carea' id='block_1_98' title="bbox 367 4826 1960 4909">
    <p class='ocr_par' dir='ltr' id='par_1_98' title="bbox 367 4826 1960 4909">
     <span class='ocr_line' id='line_1_98' title="bbox 367 4826 1960 4909; baseline -0.006 -19"><span class='ocrx_word' id='word_1_789' title='bbox 367 4854 458 4900; x_wconf 79' lang='grc' dir='ltr'><strong>νος</strong></span> <span class='ocrx_word' id='word_1_790' title='bbox 487 4836 579 4889; x_wconf 84' lang='grc' dir='ltr'><strong>τοῦ</strong></span> <span class='ocrx_word' id='word_1_791' title='bbox 600 4834 835 4909; x_wconf 76' lang='grc' dir='ltr'><strong>Πατρός⁵</strong></span> <span class='ocrx_word' id='word_1_792' title='bbox 876 4852 896 4884; x_wconf 82' lang='grc'><strong>‹</strong></span> <span class='ocrx_word' id='word_1_793' title='bbox 933 4833 1023 4885; x_wconf 85' lang='grc' dir='ltr'>Ἑν</span> <span class='ocrx_word' id='word_1_794' title='bbox 1056 4833 1229 4902; x_wconf 76' lang='grc' dir='ltr'>ἀρχῇι</span> <span class='ocrx_word' id='word_1_795' title='bbox 1259 4832 1367 4900; x_wconf 82' lang='grc' dir='ltr'>γὰρ</span> <span class='ocrx_word' id='word_1_796' title='bbox 1401 4826 1497 4903; x_wconf 78' lang='grc' dir='ltr'><strong>«ἦν</strong></span> <span class='ocrx_word' id='word_1_797' title='bbox 1520 4832 1550 4883; x_wconf 93' lang='lat'><strong>6</strong></span> <span class='ocrx_word' id='word_1_798' title='bbox 1579 4831 1771 4899; x_wconf 85' lang='grc' dir='ltr'>Λόγος·</span> <span class='ocrx_word' id='word_1_799' title='bbox 1803 4830 1897 4884; x_wconf 72' lang='grc' dir='ltr'><strong>καὶ</strong></span> <span class='ocrx_word' id='word_1_800' title='bbox 1930 4830 1960 4881; x_wconf 91' lang='lat'><strong>6</strong></span> 
     </span>
    </p>
   </div>
   <div class='ocr_carea' id='block_1_99' title="bbox 366 4918 1953 4999">
    <p class='ocr_par' dir='ltr' id='par_1_99' title="bbox 366 4918 1953 4999">
     <span class='ocr_line' id='line_1_99' title="bbox 366 4918 1953 4999; baseline -0.004 -18"><span class='ocrx_word' id='word_1_801' title='bbox 366 4931 542 4996; x_wconf 79' lang='grc' dir='ltr'>Λόγος</span> <span class='ocrx_word' id='word_1_802' title='bbox 570 4924 639 4999; x_wconf 79' lang='grc' dir='ltr'>ἦν</span> <span class='ocrx_word' id='word_1_803' title='bbox 669 4926 803 4999; x_wconf 83' lang='grc' dir='ltr'>πρὸς</span> <span class='ocrx_word' id='word_1_804' title='bbox 832 4925 922 4979; x_wconf 75' lang='grc' dir='ltr'><strong>τὸν</strong></span> <span class='ocrx_word' id='word_1_805' title='bbox 957 4924 1112 4987; x_wconf 85' lang='grc' dir='ltr'>Θεὸν,</span> <span class='ocrx_word' id='word_1_806' title='bbox 1140 4924 1234 4977; x_wconf 73' lang='grc' dir='ltr'><strong>καὶ</strong></span> <span class='ocrx_word' id='word_1_807' title='bbox 1259 4923 1391 4985; x_wconf 80' lang='grc' dir='ltr'>Θεὸς</span> <span class='ocrx_word' id='word_1_808' title='bbox 1419 4918 1487 4993; x_wconf 78' lang='grc' dir='ltr'>ἦν</span> <span class='ocrx_word' id='word_1_809' title='bbox 1515 4926 1545 4977; x_wconf 82' lang='grc' dir='ltr'><strong>ὀ</strong></span> <span class='ocrx_word' id='word_1_810' title='bbox 1574 4923 1798 4991; x_wconf 72' lang='grc' dir='ltr'>Λόγος.)</span> <span class='ocrx_word' id='word_1_811' title='bbox 1824 4922 1953 4976; x_wconf 83' lang='grc' dir='ltr'>Καί·</span> 
     </span>
    </p>
   </div>
   <div class='ocr_carea' id='block_1_100' title="bbox 371 5010 1953 5090">
    <p class='ocr_par' dir='ltr' id='par_1_100' title="bbox 371 5010 1953 5090">
     <span class='ocr_line' id='line_1_100' title="bbox 371 5010 1953 5090; baseline -0.003 -20"><span class='ocrx_word' id='word_1_812' title='bbox 371 5012 574 5084; x_wconf 71' lang='grc' dir='ltr'>«Οὗτος</span> <span class='ocrx_word' id='word_1_813' title='bbox 596 5016 665 5090; x_wconf 76' lang='grc' dir='ltr'>ἦν</span> <span class='ocrx_word' id='word_1_814' title='bbox 695 5020 753 5070; x_wconf 86' lang='grc' dir='ltr'><strong>ἐν</strong></span> <span class='ocrx_word' id='word_1_815' title='bbox 778 5019 919 5089; x_wconf 81' lang='grc' dir='ltr'>ἀρχῇ</span> <span class='ocrx_word' id='word_1_816' title='bbox 958 5015 1095 5088; x_wconf 89' lang='grc' dir='ltr'>πρὸς</span> <span class='ocrx_word' id='word_1_817' title='bbox 1115 5014 1206 5068; x_wconf 90' lang='grc' dir='ltr'><strong>τὸν</strong></span> <span class='ocrx_word' id='word_1_818' title='bbox 1238 5014 1391 5079; x_wconf 85' lang='grc' dir='ltr'>Θεὸν,</span> <span class='ocrx_word' id='word_1_819' title='bbox 1429 5034 1447 5067; x_wconf 76' lang='grc' dir='ltr'><strong>ι</strong></span> <span class='ocrx_word' id='word_1_820' title='bbox 1490 5015 1654 5077; x_wconf 74' lang='grc' dir='ltr'>αὐτὸς</span> <span class='ocrx_word' id='word_1_821' title='bbox 1684 5010 1752 5085; x_wconf 79' lang='grc' dir='ltr'>ἦν</span> <span class='ocrx_word' id='word_1_822' title='bbox 1779 5016 1809 5066; x_wconf 82' lang='grc' dir='ltr'><strong>ὸ</strong></span> <span class='ocrx_word' id='word_1_823' title='bbox 1836 5014 1953 5069; x_wconf 83' lang='grc' dir='ltr'><strong>Μο-</strong></span> 
     </span>
    </p>
   </div>
   <div class='ocr_carea' id='block_1_101' title="bbox 367 5103 1950 5178">
    <p class='ocr_par' dir='ltr' id='par_1_101' title="bbox 367 5103 1950 5178">
     <span class='ocr_line' id='line_1_101' title="bbox 367 5103 1950 5178; baseline -0.001 -19"><span class='ocrx_word' id='word_1_824' title='bbox 367 5106 593 5178; x_wconf 81' lang='grc' dir='ltr'>νογενὴς</span> <span class='ocrx_word' id='word_1_825' title='bbox 638 5106 731 5160; x_wconf 86' lang='grc' dir='ltr'><strong>τοῦ</strong></span> <span class='ocrx_word' id='word_1_826' title='bbox 775 5104 911 5161; x_wconf 90' lang='grc' dir='ltr'>Θεοῦ</span> <span class='ocrx_word' id='word_1_827' title='bbox 949 5106 979 5157; x_wconf 89' lang='lat'><strong>6</strong></span> <span class='ocrx_word' id='word_1_828' title='bbox 1010 5104 1087 5157; x_wconf 83' lang='grc' dir='ltr'>ὢν</span> <span class='ocrx_word' id='word_1_829' title='bbox 1114 5105 1194 5168; x_wconf 87' lang='grc' dir='ltr'><strong>είς</strong></span> <span class='ocrx_word' id='word_1_830' title='bbox 1230 5104 1322 5157; x_wconf 86' lang='grc' dir='ltr'><strong>τὸν</strong></span> <span class='ocrx_word' id='word_1_831' title='bbox 1358 5103 1560 5157; x_wconf 77' lang='grc' dir='ltr'>κόλπον</span> <span class='ocrx_word' id='word_1_832' title='bbox 1588 5103 1683 5157; x_wconf 89' lang='grc' dir='ltr'><strong>τοῦ</strong></span> <span class='ocrx_word' id='word_1_833' title='bbox 1718 5104 1950 5176; x_wconf 88' lang='grc' dir='ltr'>Πατρός.</span> 
     </span>
    </p>
   </div>
   <div class='ocr_carea' id='block_1_102' title="bbox 378 5194 1955 5271">
    <p class='ocr_par' dir='ltr' id='par_1_102' title="bbox 378 5194 1955 5271">
     <span class='ocr_line' id='line_1_102' title="bbox 378 5194 1955 5271; baseline -0.004 -18"><span class='ocrx_word' id='word_1_834' title='bbox 378 5200 530 5253; x_wconf 75' lang='grc' dir='ltr'>Ἐπεὶ</span> <span class='ocrx_word' id='word_1_835' title='bbox 563 5200 621 5253; x_wconf 85' lang='grc' dir='ltr'>δὲ</span> <span class='ocrx_word' id='word_1_836' title='bbox 651 5199 866 5271; x_wconf 82' lang='grc' dir='ltr'>μορφὴν</span> <span class='ocrx_word' id='word_1_837' title='bbox 890 5197 1079 5250; x_wconf 78' lang='grc' dir='ltr'>δούλου</span> <span class='ocrx_word' id='word_1_838' title='bbox 1102 5194 1303 5258; x_wconf 90' lang='grc' dir='ltr'>λαϐὼν,</span> <span class='ocrx_word' id='word_1_839' title='bbox 1330 5196 1424 5249; x_wconf 79' lang='grc' dir='ltr'><strong>καὶ</strong></span> <span class='ocrx_word' id='word_1_840' title='bbox 1449 5197 1686 5268; x_wconf 81' lang='grc' dir='ltr'>σχήματι</span> <span class='ocrx_word' id='word_1_841' title='bbox 1711 5194 1955 5267; x_wconf 82' lang='grc' dir='ltr'>εὑρεθεὶς</span> 
     </span>
    </p>
   </div>
   <div class='ocr_carea' id='block_1_103' title="bbox 365 5287 1956 5364">
    <p class='ocr_par' dir='ltr' id='par_1_103' title="bbox 365 5287 1956 5364">
     <span class='ocr_line' id='line_1_103' title="bbox 365 5287 1956 5364; baseline -0.003 -18"><span class='ocrx_word' id='word_1_842' title='bbox 365 5296 441 5357; x_wconf 76' lang='grc' dir='ltr'>ὡς</span> <span class='ocrx_word' id='word_1_843' title='bbox 475 5292 781 5364; x_wconf 79' lang='grc' dir='ltr'>ἄνθρωπος,</span> <span class='ocrx_word' id='word_1_844' title='bbox 804 5290 1169 5344; x_wconf 72' lang='grc' dir='ltr'>ἐταπείνωσεν</span> <span class='ocrx_word' id='word_1_845' title='bbox 1193 5287 1384 5342; x_wconf 87' lang='grc' dir='ltr'>ἐαυτὸν</span> <span class='ocrx_word' id='word_1_846' title='bbox 1420 5289 1581 5360; x_wconf 85' lang='grc' dir='ltr'>μέχρι</span> <span class='ocrx_word' id='word_1_847' title='bbox 1616 5288 1869 5351; x_wconf 79' lang='grc' dir='ltr'>θανάτου,</span> <span class='ocrx_word' id='word_1_848' title='bbox 1895 5287 1956 5342; x_wconf 82' lang='grc' dir='ltr'><strong>τὸ</strong></span> 
     </span>
    </p>
   </div>
   <div class='ocr_carea' id='block_1_104' title="bbox 367 5380 1956 5459">
    <p class='ocr_par' dir='ltr' id='par_1_104' title="bbox 367 5380 1956 5459">
     <span class='ocr_line' id='line_1_104' title="bbox 367 5380 1956 5459; baseline -0.003 -18"><span class='ocrx_word' id='word_1_849' title='bbox 367 5388 592 5459; x_wconf 81' lang='grc' dir='ltr'>Πνεῦμα</span> <span class='ocrx_word' id='word_1_850' title='bbox 622 5386 685 5440; x_wconf 87' lang='grc' dir='ltr'><strong>τὸ</strong></span> <span class='ocrx_word' id='word_1_851' title='bbox 724 5388 878 5455; x_wconf 84' lang='grc' dir='ltr'>ἀγιον</span> <span class='ocrx_word' id='word_1_852' title='bbox 915 5385 1140 5447; x_wconf 74' lang='grc' dir='ltr'>εἰκότως</span> <span class='ocrx_word' id='word_1_853' title='bbox 1170 5382 1269 5455; x_wconf 80' lang='grc' dir='ltr'>τὴν</span> <span class='ocrx_word' id='word_1_854' title='bbox 1310 5381 1605 5436; x_wconf 82' lang='grc' dir='ltr'>ἀνάστασιν</span> <span class='ocrx_word' id='word_1_855' title='bbox 1650 5380 1815 5436; x_wconf 79' lang='grc' dir='ltr'>αὑτοῦ</span> <span class='ocrx_word' id='word_1_856' title='bbox 1869 5381 1956 5436; x_wconf 85' lang='grc' dir='ltr'>θε-</span> 
     </span>
    </p>
   </div>
   <div class='ocr_carea' id='block_1_105' title="bbox 365 5474 1955 5549">
    <p class='ocr_par' dir='ltr' id='par_1_105' title="bbox 365 5474 1955 5549">
     <span class='ocr_line' id='line_1_105' title="bbox 365 5474 1955 5549; baseline -0.003 -16"><span class='ocrx_word' id='word_1_857' title='bbox 365 5480 550 5545; x_wconf 75' lang='grc' dir='ltr'>σπίζει</span> <span class='ocrx_word' id='word_1_858' title='bbox 574 5480 754 5549; x_wconf 69' lang='grc' dir='ltr'>λέγονδ</span> <span class='ocrx_word' id='word_1_859' title='bbox 773 5497 795 5531; x_wconf 74' lang='grc' dir='ltr'><strong>ι</strong></span> <span class='ocrx_word' id='word_1_860' title='bbox 818 5479 1129 5549; x_wconf 75' lang='grc' dir='ltr'>’Δναστήτω</span> <span class='ocrx_word' id='word_1_861' title='bbox 1154 5478 1184 5529; x_wconf 89' lang='lat'><strong>6</strong></span> <span class='ocrx_word' id='word_1_862' title='bbox 1216 5476 1370 5540; x_wconf 82' lang='grc' dir='ltr'>Θεὸς,</span> <span class='ocrx_word' id='word_1_863' title='bbox 1408 5475 1501 5529; x_wconf 73' lang='grc' dir='ltr'>καὶ</span> <span class='ocrx_word' id='word_1_864' title='bbox 1529 5474 1955 5548; x_wconf 87' lang='grc' dir='ltr'>διασκορπισθή-</span> 
     </span>
    </p>
   </div>
   <div class='ocr_carea' id='block_1_106' title="bbox 436 5655 1961 5726">
    <p class='ocr_par' dir='ltr' id='par_1_106' title="bbox 436 5657 1961 5726">
     <span class='ocr_line' id='line_1_106' title="bbox 436 5657 1961 5726; baseline 0 -12"><span class='ocrx_word' id='word_1_865' title='bbox 436 5663 481 5695; x_wconf 77' lang='grc' dir='ltr'><strong>’τ</strong></span> <span class='ocrx_word' id='word_1_866' title='bbox 506 5660 550 5715; x_wconf 85' lang='lat' dir='ltr'><strong>ﬂ</strong></span> <span class='ocrx_word' id='word_1_867' title='bbox 586 5660 716 5717; x_wconf 88' lang='lat' dir='ltr'><strong>Cor.</strong></span> <span class='ocrx_word' id='word_1_868' title='bbox 742 5675 825 5726; x_wconf 76' lang='grc' dir='ltr'>ιι,</span> <span class='ocrx_word' id='word_1_869' title='bbox 862 5659 950 5715; x_wconf 73' lang='grc' dir='ltr'><strong>ιι.</strong></span> <span class='ocrx_word' id='word_1_870' title='bbox 1027 5660 1074 5691; x_wconf 79' lang='grc'><strong>’⁸</strong></span> <span class='ocrx_word' id='word_1_871' title='bbox 1097 5659 1245 5715; x_wconf 88' lang='lat' dir='ltr'><strong>Psal.</strong></span> <span class='ocrx_word' id='word_1_872' title='bbox 1279 5674 1417 5725; x_wconf 81' lang='lat' dir='ltr'><strong>xvu,</strong></span> <span class='ocrx_word' id='word_1_873' title='bbox 1457 5659 1511 5715; x_wconf 89' lang='lat'><strong>9.</strong></span> <span class='ocrx_word' id='word_1_874' title='bbox 1588 5657 1801 5716; x_wconf 83' lang='lat' dir='ltr'><strong>&quot;Psal.</strong></span> <span class='ocrx_word' id='word_1_875' title='bbox 1848 5674 1923 5726; x_wconf 83' lang='lat' dir='ltr'><strong>iv,</strong></span> <span class='ocrx_word' id='word_1_876' title='bbox 1956 5657 1961 5674; x_wconf 93' lang='lat'>&#39;</span> 
     </span>
    </p>
   </div>
   <div class='ocr_carea' id='block_1_107' title="bbox 2064 5655 2564 5726">
    <p class='ocr_par' dir='ltr' id='par_1_107' title="bbox 2089 5655 2564 5723">
     <span class='ocr_line' id='line_1_107' title="bbox 2089 5655 2564 5723; baseline 0.004 -11"><span class='ocrx_word' id='word_1_877' title='bbox 2089 5655 2276 5713; x_wconf 70' lang='lat' dir='ltr'><strong>’Psal.</strong></span> <span class='ocrx_word' id='word_1_878' title='bbox 2325 5675 2474 5723; x_wconf 67' lang='lat' dir='ltr'><strong>ms,</strong></span> <span class='ocrx_word' id='word_1_879' title='bbox 2512 5659 2564 5715; x_wconf 77' lang='lat'><strong>5.</strong></span> 
     </span>
    </p>
   </div>
   <div class='ocr_carea' id='block_1_108' title="bbox 366 5730 1241 5796">
    <p class='ocr_par' dir='ltr' id='par_1_108' title="bbox 366 5730 1241 5796">
     <span class='ocr_line' id='line_1_108' title="bbox 366 5730 1241 5796; baseline -0.002 -9"><span class='ocrx_word' id='word_1_880' title='bbox 366 5733 459 5790; x_wconf 68' lang='lat'><strong>27.</strong></span> <span class='ocrx_word' id='word_1_881' title='bbox 532 5734 553 5764; x_wconf 72' lang='grc'><strong>⁸</strong></span> <span class='ocrx_word' id='word_1_882' title='bbox 583 5731 742 5786; x_wconf 78' lang='lat' dir='ltr'><strong>Joan.</strong></span> <span class='ocrx_word' id='word_1_883' title='bbox 776 5748 816 5796; x_wconf 88' lang='grc' dir='ltr'><strong>ι,</strong></span> <span class='ocrx_word' id='word_1_884' title='bbox 846 5732 895 5786; x_wconf 77' lang='grc'>1.</span> <span class='ocrx_word' id='word_1_885' title='bbox 974 5734 996 5765; x_wconf 85' lang='grc'><strong>⁸</strong></span> <span class='ocrx_word' id='word_1_886' title='bbox 1021 5730 1155 5785; x_wconf 85' lang='lat' dir='ltr'><strong>ibid.</strong></span> <span class='ocrx_word' id='word_1_887' title='bbox 1186 5732 1241 5785; x_wconf 76' lang='lat'><strong>‘2.</strong></span> 
     </span>
    </p>
   </div>
   <div class='ocr_carea' id='block_1_109' title="bbox 687 5824 1431 5890">
    <p class='ocr_par' dir='ltr' id='par_1_109' title="bbox 687 5824 1431 5890">
     <span class='ocr_line' id='line_1_109' title="bbox 687 5824 1431 5890; baseline -0.005 -2"><span class='ocrx_word' id='word_1_888' title='bbox 687 5830 955 5889; x_wconf 74' lang='grc' dir='ltr'>Ρηιιοι..</span> <span class='ocrx_word' id='word_1_889' title='bbox 1018 5828 1136 5890; x_wconf 80' lang='lat' dir='ltr'><strong>Gn.</strong></span> <span class='ocrx_word' id='word_1_890' title='bbox 1192 5824 1431 5886; x_wconf 75' lang='grc' dir='ltr'>ΧΧΗΙ.</span> 
     </span>
    </p>
   </div>
   <div class='ocr_carea' id='block_1_110' title="bbox 2062 4643 3659 4717">
    <p class='ocr_par' dir='ltr' id='par_1_110' title="bbox 2062 4643 3659 4717">
     <span class='ocr_line' id='line_1_110' title="bbox 2062 4643 3659 4717; baseline -0.007 -10"><span class='ocrx_word' id='word_1_891' title='bbox 2062 4651 2265 4708; x_wconf 87' lang='lat' dir='ltr'><strong>Patris.</strong></span> <span class='ocrx_word' id='word_1_892' title='bbox 2330 4650 2470 4717; x_wconf 88' lang='lat' dir='ltr'><strong>Quia</strong></span> <span class='ocrx_word' id='word_1_893' title='bbox 2509 4665 2639 4705; x_wconf 86' lang='lat' dir='ltr'><strong>vero</strong></span> <span class='ocrx_word' id='word_1_894' title='bbox 2672 4648 2905 4703; x_wconf 76' lang='lat' dir='ltr'><strong>formam</strong></span> <span class='ocrx_word' id='word_1_895' title='bbox 2938 4648 3084 4704; x_wconf 87' lang='lat' dir='ltr'><strong>servi</strong></span> <span class='ocrx_word' id='word_1_896' title='bbox 3116 4647 3431 4716; x_wconf 83' lang='lat' dir='ltr'><strong>accipiens,</strong></span> <span class='ocrx_word' id='word_1_897' title='bbox 3465 4652 3521 4699; x_wconf 89' lang='lat' dir='ltr'><strong>et</strong></span> <span class='ocrx_word' id='word_1_898' title='bbox 3553 4643 3659 4697; x_wconf 79' lang='lat' dir='ltr'><strong>ha-</strong></span> 
     </span>
    </p>
   </div>
   <div class='ocr_carea' id='block_1_111' title="bbox 2064 4740 3659 4809">
    <p class='ocr_par' dir='ltr' id='par_1_111' title="bbox 2064 4740 3659 4809">
     <span class='ocr_line' id='line_1_111' title="bbox 2064 4740 3659 4809; baseline -0.004 -9"><span class='ocrx_word' id='word_1_899' title='bbox 2064 4746 2181 4800; x_wconf 89' lang='lat' dir='ltr'><strong>bitu</strong></span> <span class='ocrx_word' id='word_1_900' title='bbox 2210 4745 2467 4799; x_wconf 90' lang='lat' dir='ltr'><strong>inventus</strong></span> <span class='ocrx_word' id='word_1_901' title='bbox 2484 4750 2546 4797; x_wconf 86' lang='lat' dir='ltr'><strong>ut</strong></span> <span class='ocrx_word' id='word_1_902' title='bbox 2572 4740 3082 4805; x_wconf 87' lang='lat' dir='ltr'><strong>homo,bumiliavit</strong></span> <span class='ocrx_word' id='word_1_903' title='bbox 3096 4740 3450 4809; x_wconf 82' lang='lat' dir='ltr'><strong>semetipsum</strong></span> <span class='ocrx_word' id='word_1_904' title='bbox 3482 4752 3659 4807; x_wconf 85' lang='lat' dir='ltr'><strong>usque</strong></span> 
     </span>
    </p>
   </div>
   <div class='ocr_carea' id='block_1_112' title="bbox 2064 4829 3657 4904">
    <p class='ocr_par' dir='ltr' id='par_1_112' title="bbox 2064 4829 3657 4904">
     <span class='ocr_line' id='line_1_112' title="bbox 2064 4829 3657 4904; baseline -0.006 -13"><span class='ocrx_word' id='word_1_905' title='bbox 2064 4837 2133 4891; x_wconf 88' lang='lat' dir='ltr'><strong>ad</strong></span> <span class='ocrx_word' id='word_1_906' title='bbox 2159 4843 2427 4901; x_wconf 87' lang='lat' dir='ltr'><strong>mortem;</strong></span> <span class='ocrx_word' id='word_1_907' title='bbox 2456 4834 2581 4904; x_wconf 89' lang='lat' dir='ltr'><strong>jure</strong></span> <span class='ocrx_word' id='word_1_908' title='bbox 2612 4833 2853 4904; x_wconf 85' lang='lat' dir='ltr'><strong>Spiritus</strong></span> <span class='ocrx_word' id='word_1_909' title='bbox 2882 4840 3111 4887; x_wconf 81' lang='lat' dir='ltr'><strong>sanctus</strong></span> <span class='ocrx_word' id='word_1_910' title='bbox 3141 4830 3263 4900; x_wconf 85' lang='lat' dir='ltr'><strong>ejus</strong></span> <span class='ocrx_word' id='word_1_911' title='bbox 3290 4829 3657 4884; x_wconf 84' lang='lat' dir='ltr'><strong>resurrectio-</strong></span> 
     </span>
    </p>
   </div>
   <div class='ocr_carea' id='block_1_113' title="bbox 2064 4921 3658 4993">
    <p class='ocr_par' dir='ltr' id='par_1_113' title="bbox 2064 4921 3658 4993">
     <span class='ocr_line' id='line_1_113' title="bbox 2064 4921 3658 4993; baseline -0.006 -10"><span class='ocrx_word' id='word_1_912' title='bbox 2064 4944 2189 4984; x_wconf 85' lang='lat' dir='ltr'><strong>nem</strong></span> <span class='ocrx_word' id='word_1_913' title='bbox 2238 4926 2571 4982; x_wconf 83' lang='lat' dir='ltr'><strong>vaticinatur</strong></span> <span class='ocrx_word' id='word_1_914' title='bbox 2618 4926 2833 4988; x_wconf 88' lang='lat' dir='ltr'><strong>dicens,</strong></span> <span class='ocrx_word' id='word_1_915' title='bbox 2875 4942 2895 4975; x_wconf 74' lang='grc' dir='ltr'><strong>ι</strong></span> <span class='ocrx_word' id='word_1_916' title='bbox 2936 4923 3208 4993; x_wconf 79' lang='lat' dir='ltr'><strong>Exsurgat</strong></span> <span class='ocrx_word' id='word_1_917' title='bbox 3235 4921 3380 4979; x_wconf 86' lang='lat' dir='ltr'><strong>Deus</strong></span> <span class='ocrx_word' id='word_1_918' title='bbox 3408 4929 3465 4976; x_wconf 65' lang='lat' dir='ltr'><strong>et</strong></span> <span class='ocrx_word' id='word_1_919' title='bbox 3490 4921 3658 4977; x_wconf 87' lang='lat' dir='ltr'><strong>dissi-</strong></span> 
     </span>
    </p>
   </div>
   <div class='ocr_carea' id='block_1_114' title="bbox 2062 5009 3656 5085">
    <p class='ocr_par' dir='ltr' id='par_1_114' title="bbox 2062 5009 3656 5085">
     <span class='ocr_line' id='line_1_114' title="bbox 2062 5009 3656 5085; baseline -0.004 -15"><span class='ocrx_word' id='word_1_920' title='bbox 2062 5022 2262 5085; x_wconf 87' lang='lat' dir='ltr'><strong>pentur</strong></span> <span class='ocrx_word' id='word_1_921' title='bbox 2309 5014 2519 5068; x_wconf 90' lang='lat' dir='ltr'><strong>inimici</strong></span> <span class='ocrx_word' id='word_1_922' title='bbox 2553 5030 2569 5067; x_wconf 87' lang='lat'><strong>:</strong></span> <span class='ocrx_word' id='word_1_923' title='bbox 2609 5031 2630 5065; x_wconf 75' lang='grc' dir='ltr'><strong>ι</strong></span> <span class='ocrx_word' id='word_1_924' title='bbox 2671 5012 2763 5068; x_wconf 91' lang='lat' dir='ltr'><strong>ubi</strong></span> <span class='ocrx_word' id='word_1_925' title='bbox 2811 5028 2912 5083; x_wconf 86' lang='lat' dir='ltr'><strong>per</strong></span> <span class='ocrx_word' id='word_1_926' title='bbox 2953 5012 3125 5077; x_wconf 89' lang='lat' dir='ltr'><strong>illud,</strong></span> <span class='ocrx_word' id='word_1_927' title='bbox 3183 5030 3203 5064; x_wconf 71' lang='grc' dir='ltr'><strong>ι</strong></span> <span class='ocrx_word' id='word_1_928' title='bbox 3237 5011 3420 5075; x_wconf 89' lang='lat' dir='ltr'><strong>Deus,</strong></span> <span class='ocrx_word' id='word_1_929' title='bbox 3452 5029 3473 5063; x_wconf 69' lang='grc' dir='ltr'><strong>ι</strong></span> <span class='ocrx_word' id='word_1_930' title='bbox 3512 5009 3656 5066; x_wconf 89' lang='lat' dir='ltr'><strong>Deus</strong></span> 
     </span>
    </p>
   </div>
   <div class='ocr_carea' id='block_1_115' title="bbox 2063 5100 3657 5176">
    <p class='ocr_par' dir='ltr' id='par_1_115' title="bbox 2063 5100 3657 5176">
     <span class='ocr_line' id='line_1_115' title="bbox 2063 5100 3657 5176; baseline -0.005 -15"><span class='ocrx_word' id='word_1_931' title='bbox 2063 5105 2303 5161; x_wconf 88' lang='lat' dir='ltr'><strong>Verbum</strong></span> <span class='ocrx_word' id='word_1_932' title='bbox 2334 5105 2675 5176; x_wconf 86' lang='lat' dir='ltr'><strong>intelligitur.</strong></span> <span class='ocrx_word' id='word_1_933' title='bbox 2723 5104 2833 5160; x_wconf 84' lang='lat' dir='ltr'><strong>Aut</strong></span> <span class='ocrx_word' id='word_1_934' title='bbox 2876 5103 3055 5158; x_wconf 88' lang='lat' dir='ltr'><strong>oratio</strong></span> <span class='ocrx_word' id='word_1_935' title='bbox 3094 5103 3185 5158; x_wconf 88' lang='lat' dir='ltr'><strong>illa</strong></span> <span class='ocrx_word' id='word_1_936' title='bbox 3208 5104 3275 5159; x_wconf 87' lang='lat' dir='ltr'><strong>de</strong></span> <span class='ocrx_word' id='word_1_937' title='bbox 3302 5102 3527 5159; x_wconf 86' lang='lat' dir='ltr'><strong>Christo</strong></span> <span class='ocrx_word' id='word_1_938' title='bbox 3547 5100 3657 5154; x_wconf 83' lang='lat' dir='ltr'><strong>hoc</strong></span> 
     </span>
    </p>
   </div>
   <div class='ocr_carea' id='block_1_116' title="bbox 2063 5192 3653 5273">
    <p class='ocr_par' dir='ltr' id='par_1_116' title="bbox 2063 5192 3653 5273">
     <span class='ocr_line' id='line_1_116' title="bbox 2063 5192 3653 5273; baseline -0.006 -21"><span class='ocrx_word' id='word_1_939' title='bbox 2063 5199 2294 5272; x_wconf 77' lang='lat' dir='ltr'><strong>profert,</strong></span> <span class='ocrx_word' id='word_1_940' title='bbox 2352 5217 2371 5248; x_wconf 73' lang='grc' dir='ltr'><strong>ι</strong></span> <span class='ocrx_word' id='word_1_941' title='bbox 2412 5197 2721 5273; x_wconf 82' lang='lat' dir='ltr'><strong>Exsurgat,</strong></span> <span class='ocrx_word' id='word_1_942' title='bbox 2753 5217 2772 5251; x_wconf 76' lang='grc' dir='ltr'><strong>ι</strong></span> <span class='ocrx_word' id='word_1_943' title='bbox 2808 5208 2865 5254; x_wconf 90' lang='lat' dir='ltr'><strong>et</strong></span> <span class='ocrx_word' id='word_1_944' title='bbox 2920 5199 2989 5253; x_wconf 90' lang='lat' dir='ltr'><strong>ad</strong></span> <span class='ocrx_word' id='word_1_945' title='bbox 3040 5197 3423 5253; x_wconf 87' lang='lat' dir='ltr'><strong>universorum</strong></span> <span class='ocrx_word' id='word_1_946' title='bbox 3481 5192 3653 5248; x_wconf 84' lang='lat' dir='ltr'><strong>Deum</strong></span> 
     </span>
    </p>
   </div>
   <div class='ocr_carea' id='block_1_117' title="bbox 2063 5286 3652 5358">
    <p class='ocr_par' dir='ltr' id='par_1_117' title="bbox 2063 5286 3652 5358">
     <span class='ocr_line' id='line_1_117' title="bbox 2063 5286 3652 5358; baseline -0.007 -10"><span class='ocrx_word' id='word_1_947' title='bbox 2063 5292 2364 5358; x_wconf 87' lang='lat' dir='ltr'><strong>emittitur;</strong></span> <span class='ocrx_word' id='word_1_948' title='bbox 2418 5291 2494 5345; x_wconf 86' lang='lat' dir='ltr'><strong>ita</strong></span> <span class='ocrx_word' id='word_1_949' title='bbox 2547 5299 2610 5346; x_wconf 88' lang='lat' dir='ltr'><strong>ut</strong></span> <span class='ocrx_word' id='word_1_950' title='bbox 2657 5291 2790 5346; x_wconf 91' lang='lat' dir='ltr'><strong>illud</strong></span> <span class='ocrx_word' id='word_1_951' title='bbox 2812 5333 2827 5356; x_wconf 95' lang='lat'><strong>,</strong></span> <span class='ocrx_word' id='word_1_952' title='bbox 2869 5312 2890 5344; x_wconf 76' lang='grc' dir='ltr'><strong>ι</strong></span> <span class='ocrx_word' id='word_1_953' title='bbox 2925 5292 3090 5356; x_wconf 88' lang='lat' dir='ltr'><strong>Deus,</strong></span> <span class='ocrx_word' id='word_1_954' title='bbox 3122 5310 3151 5353; x_wconf 66' lang='grc' dir='ltr'><strong>ι,</strong></span> <span class='ocrx_word' id='word_1_955' title='bbox 3181 5290 3268 5347; x_wconf 84' lang='lat' dir='ltr'><strong>sic</strong></span> <span class='ocrx_word' id='word_1_956' title='bbox 3300 5286 3601 5357; x_wconf 82' lang='lat' dir='ltr'><strong>accipiatur</strong></span> <span class='ocrx_word' id='word_1_957' title='bbox 3633 5300 3652 5337; x_wconf 87' lang='lat'><strong>:</strong></span> 
     </span>
    </p>
   </div>
   <div class='ocr_carea' id='block_1_118' title="bbox 2062 5376 3652 5455">
    <p class='ocr_par' dir='ltr' id='par_1_118' title="bbox 2062 5376 3652 5455">
     <span class='ocr_line' id='line_1_118' title="bbox 2062 5376 3652 5455; baseline -0.006 -17"><span class='ocrx_word' id='word_1_958' title='bbox 2062 5382 2109 5438; x_wconf 92' lang='grc' dir='ltr'>Ο</span> <span class='ocrx_word' id='word_1_959' title='bbox 2144 5383 2309 5445; x_wconf 88' lang='lat' dir='ltr'><strong>Deus.</strong></span> <span class='ocrx_word' id='word_1_960' title='bbox 2345 5390 2608 5455; x_wconf 82' lang='lat' dir='ltr'><strong>exsurgat</strong></span> <span class='ocrx_word' id='word_1_961' title='bbox 2636 5382 2891 5440; x_wconf 81' lang='lat' dir='ltr'><strong>Christus</strong></span> <span class='ocrx_word' id='word_1_962' title='bbox 2919 5392 3070 5450; x_wconf 80' lang='lat' dir='ltr'><strong>tuus,</strong></span> <span class='ocrx_word' id='word_1_963' title='bbox 3102 5395 3156 5439; x_wconf 86' lang='lat' dir='ltr'><strong>et</strong></span> <span class='ocrx_word' id='word_1_964' title='bbox 3178 5381 3514 5450; x_wconf 87' lang='lat' dir='ltr'><strong>dissipentur</strong></span> <span class='ocrx_word' id='word_1_965' title='bbox 3543 5376 3652 5430; x_wconf 89' lang='lat' dir='ltr'><strong>ini-</strong></span> 
     </span>
    </p>
   </div>
   <div class='ocr_carea' id='block_1_119' title="bbox 2063 5468 3654 5550">
    <p class='ocr_par' dir='ltr' id='par_1_119' title="bbox 2063 5468 3654 5550">
     <span class='ocr_line' id='line_1_119' title="bbox 2063 5468 3654 5550; baseline -0.003 -20"><span class='ocrx_word' id='word_1_966' title='bbox 2063 5476 2360 5547; x_wconf 81' lang='lat' dir='ltr'><strong>miciejus.</strong></span> <span class='ocrx_word' id='word_1_967' title='bbox 2420 5476 2751 5550; x_wconf 80' lang='lat' dir='ltr'><strong>Congregati</strong></span> <span class='ocrx_word' id='word_1_968' title='bbox 2804 5492 3041 5548; x_wconf 82' lang='lat' dir='ltr'><strong>namque</strong></span> <span class='ocrx_word' id='word_1_969' title='bbox 3088 5483 3223 5532; x_wconf 86' lang='lat' dir='ltr'><strong>sunt</strong></span> <span class='ocrx_word' id='word_1_970' title='bbox 3277 5471 3483 5527; x_wconf 77' lang='lat' dir='ltr'><strong>inimici</strong></span> <span class='ocrx_word' id='word_1_971' title='bbox 3529 5468 3654 5539; x_wconf 77' lang='lat' dir='ltr'><strong>ejus</strong></span> 
     </span>
    </p>
   </div>
   <div class='ocr_carea' id='block_1_120' title="bbox 2671 5653 3649 5719">
    <p class='ocr_par' dir='ltr' id='par_1_120' title="bbox 2671 5653 3649 5719">
     <span class='ocr_line' id='line_1_120' title="bbox 2671 5653 3649 5719; baseline -0.003 -8"><span class='ocrx_word' id='word_1_972' title='bbox 2671 5664 2689 5691; x_wconf 84' lang='grc'><strong>²</strong></span> <span class='ocrx_word' id='word_1_973' title='bbox 2721 5658 2867 5713; x_wconf 85' lang='lat' dir='ltr'><strong>Psal.</strong></span> <span class='ocrx_word' id='word_1_974' title='bbox 2923 5674 3068 5719; x_wconf 76' lang='lat' dir='ltr'><strong>xcvi,</strong></span> <span class='ocrx_word' id='word_1_975' title='bbox 3118 5658 3172 5710; x_wconf 83' lang='grc'><strong>’5.</strong></span> <span class='ocrx_word' id='word_1_976' title='bbox 3250 5653 3437 5708; x_wconf 75' lang='grc' dir='ltr'>³Ρςο1.</span> <span class='ocrx_word' id='word_1_977' title='bbox 3474 5660 3649 5719; x_wconf 78' lang='lat' dir='ltr'><strong>um.</strong></span> 
     </span>
    </p>
   </div>
   <div class='ocr_carea' id='block_1_121' title="bbox 2923 5658 3172 5721">
    <p class='ocr_par' dir='ltr' id='par_1_121' title="bbox 2923 5658 3172 5721">
     <span class='ocr_line' id='line_1_121' title="bbox 2923 5658 3172 5721; baseline -0.008 -9"><span class='ocrx_word' id='word_1_978' title='bbox 2923 5674 3068 5721; x_wconf 75' lang='lat' dir='ltr'><strong>xcvi,</strong></span> <span class='ocrx_word' id='word_1_979' title='bbox 3118 5658 3172 5710; x_wconf 82' lang='grc'><strong>’5.</strong></span> 
     </span>
    </p>
   </div>
   <div class='ocr_carea' id='block_1_122' title="bbox 3140 5813 3214 5849">
    <p class='ocr_par' dir='ltr' id='par_1_122' title="bbox 3140 5813 3214 5849">
     <span class='ocr_line' id='line_1_122' title="bbox 3140 5813 3214 5849; baseline -0.014 0"><span class='ocrx_word' id='word_1_980' title='bbox 3140 5813 3174 5849; x_wconf 69' lang='grc'>³)</span> <span class='ocrx_word' id='word_1_981' title='bbox 3183 5814 3214 5848; x_wconf 70' lang='grc' dir='ltr'><strong>⁸ο</strong></span> 
     </span>
    </p>
   </div>
  </div>
