4068 6550
419 308 524 365 685

1101 312 1375 371 EUSEBII
1419 305 1907 366 CESABIENSIS
1947 305 2099 364 OPP.
2140 304 2321 363 PARS
2358 306 2444 362 111.
2485 338 2557 350 -
2592 304 3005 363 EXEGETICA.

3589 312 3693 365 68$

420 438 665 498 tempore
716 427 991 499 passionis
1047 427 1253 496 ipsius,
1309 426 1530 496 quando
1599 444 1617 476 ι
1660 425 1992 480 fremuerunt

2102 437 2284 475 τωσαν
2306 422 2355 473 oi
2385 420 2568 493 ἐχθροὶ
2592 419 2775 474 αὑτοῦ·
2792 439 2810 471 ι
2844 417 2979 472 Θεοῦ
3003 428 3294 491 νοουμένου
3316 421 3412 475 τοῦ
3430 422 3565 476 Θεοῦ
3589 425 3694 478 Λό-

416 526 629 589 gentes,
676 529 729 574 et
777 520 960 591 populi
992 519 1235 573 meditati
1272 526 1399 571 sunt
1436 517 1640 571 inania.
1693 517 1998 571 Astiterunt

415 624 592 679 reges,
629 617 684 665 et
731 609 1008 680 principes
1038 616 1410 663 convenerunt
1443 607 1496 661 iu
1528 623 1698 662 unum
1733 608 1996 661 adversus

416 696 703 753 Dominum
722 706 777 754 et
794 699 1059 754 adversus
1082 698 1363 753 Christum
1394 697 1514 766 ejus
1530 697 1571 752 ⁶.
1587 716 1604 748 ι
1629 696 1806 751 Hosce
1833 694 1998 766 porro

413 805 606 843 omnes
642 789 974 843 resurrectio
1020 788 1226 844 Christi
1276 803 1343 842 ex
1395 787 1628 841 mortuis
1657 786 1943 857 dissipavit
1982 805 1994 839 :

413 891 653 949 tuncque
700 878 1021 933 defecerunt
1056 888 1115 931 ut
1146 879 1330 932 delicit
1362 877 1568 940 fumus,
1602 883 1657 931 et
1687 876 1828 932 sicut
1882 874 1999 929 ﬂuit

412 984 540 1027 cera
574 985 603 1024 a
642 970 780 1026 facie
831 971 991 1042 ignis.
1063 969 1220 1025 Hunc
1254 986 1388 1025 sane
1411 970 1690 1025 Christum
1732 967 1823 1023 Dei
1872 967 2001 1021 odio

414 1061 745 1124 habuerunt,
798 1075 861 1115 ac
906 1060 1205 1115 etiamnum
1253 1059 1509 1122 oderunt,
1545 1060 1637 1129 qui
1689 1058 2001 1127 frequenter

412 1156 578 1225 impia
609 1154 776 1216 dicta.
799 1156 1047 1210 convicia
1077 1165 1133 1209 et
1150 1154 1467 1224 blasphema
1498 1155 1663 1207 verba
1692 1151 2027 1223 proferunty

410 1247 533 1317 ejus
557 1245 859 1303 Ecclesiam
889 1257 1207 1318 oppugnant
1236 1262 1300 1301 ac
1332 1247 1638 1301 doctrinam
1662 1246 2003 1300 calumnian-

412 1348 524 1395 tur.
554 1338 688 1393 Nam
720 1340 857 1395 alias
882 1340 1063 1395 nullos
1100 1338 1345 1410 reperire
1376 1346 1461 1393 est
1488 1340 1581 1408 qui
1617 1339 1999 1393 universorum

413 1429 583 1485 Deum
615 1431 870 1498 oderint;
902 1446 1080 1501 neque
1113 1431 1257 1485 enim
1292 1430 1395 1500 ipsi
1428 1430 1574 1485 athei
1604 1437 1657 1485 et
1683 1430 1867 1499 impii,
1900 1444 1998 1484 ne-

411 1538 518 1592 que
553 1524 774 1592 maligni
800 1524 1096 1586 daemones,
1142 1539 1319 1593 neque
1349 1512 1550 1593 impuri
1582 1522 1808 1592 spiritus
1838 1521 1892 1575 id
1919 1521 2003 1575 di-

410 1612 612 1667 xerint.
646 1614 717 1665 At
742 1612 1021 1669 Christum
1056 1613 1149 1669 Dei
1180 1630 1238 1668 se
1261 1612 1387 1667 odio
1420 1612 1622 1667 habere
1651 1620 1837 1683 aperte
1870 1628 2000 1682 pro-

414 1705 659 1768 ﬁtentur,
712 1704 891 1775 primo
942 1704 979 1758 ii
1031 1706 1099 1761 de
1132 1706 1333 1771 quibus
1359 1707 1474 1776 ipse
1509 1723 1606 1777 per
1656 1705 1998 1777 prophetiam

410 1798 487 1852 ita
518 1797 665 1852 fatur
708 1817 721 1852 :

408 1890 559 1952 losa,
593 1898 647 1942 et
675 1887 1022 1943 sermonibus
1050 1882 1161 1940 odii
1190 1883 1664 1943 circumdederunt
1695 1892 1873 1950 Ine,et
1903 1901 1991 1941 ex-

410 1986 789 2050 pugnaverunt
816 1995 902 2034 me
927 1979 1117 2049 gratis.
1149 1977 1254 2034 Pro
1278 1995 1343 2034 eo
1368 1988 1426 2034 ut
1448 1995 1534 2035 me
1555 1979 1866 2050 diligerent,
1897 1978 1997 2033 de-

409 2071 701 2137 trahebant
745 2072 900 2127 mihi.
963 2072 1027 2125 Et
1077 2082 1378 2143 posuerunt
1411 2072 1699 2126 adversum
1736 2087 1821 2127 me
1854 2072 1997 2125 mala

408 2179 511 2233 pro
537 2164 718 2227 bonis,
762 2172 817 2219 et
846 2164 1030 2219 odium
1060 2181 1159 2236 pro
1191 2166 1482 2221 dilectione
1513 2166 1708 2232 mea’;
1748 2184 1766 2213 ι
1802 2164 1997 2220 deinde

407 2253 502 2324 qui
536 2260 661 2323 post
689 2254 814 2309 illos
843 2256 1009 2310 etiam
1044 2271 1192 2310 nunc
1226 2256 1282 2311 in
1324 2257 1503 2327 ipsum
1545 2257 1860 2328 hlasphema
1905 2258 1993 2310 di-

408 2353 500 2399 cta
547 2345 854 2416 proferunt.
913 2346 1181 2402 Caeterum
1228 2363 1419 2402 omnes
1472 2347 1679 2401 inimici
1730 2348 1885 2418 ejus,
1939 2356 1996 2404 et

406 2437 502 2507 qui
564 2437 799 2492 oderunt
858 2452 982 2491 eum
1044 2438 1295 2508 dissipati
1355 2446 1484 2493 sunt
1550 2447 1605 2493 et
1665 2438 1921 2509 fugerunt
1961 2456 1993 2495 ιι

409 2530 553 2586 facie
597 2531 822 2586 virtutis
851 2532 994 2601 ejus,
1041 2532 1465 2601 defeceruntque
1514 2531 1657 2585 sicut
1688 2531 1871 2587 deticit
1903 2533 1992 2587 fu-

407 2638 569 2689 mus,
603 2632 659 2679 et
701 2625 844 2679 sicut
882 2623 999 2679 ﬂuit
1030 2640 1155 2680 cera
1202 2639 1231 2677 a
1280 2623 1421 2679 facie
1454 2624 1618 2695 ignis.
1673 2623 1847 2680 Nemo
1889 2627 1992 2697 igi-

406 2726 500 2773 tur
522 2733 589 2773 ex
621 2719 935 2776 odientibus
964 2735 1090 2774 eum
1124 2719 1348 2789 impune
1376 2735 1621 2790 unquam
1654 2730 1722 2776 e'x
1752 2722 1853 2775 hac
1876 2722 1989 2776 vita

406 2808 680 2882 migravit.
709 2810 814 2867 Sed
846 2813 1011 2867 etiam
1046 2813 1320 2882 principes
1356 2813 1725 2879 sacerdotum,
1760 2813 1985 2880 Scriba,

403 2902 669 2960 Pharisaei
703 2913 758 2960 et
788 2905 1099 2969 Sadducati,
1133 2906 1225 2977 qui
1250 2905 1483 2961 insidias
1521 2907 1652 2960 olim
1688 2906 1793 2976 ipsi
1825 2923 1987 2977 para—

403 3001 557 3059 runt,
593 2996 666 3048 ita
695 2994 1038 3059 defecerunt,
1064 3005 1123 3048 ut
1158 3010 1339 3065 neque
1388 2996 1654 3049 memoria
1690 3011 1882 3051 eorum
1915 2999 1985 3052 ad

404 3087 509 3145 hoc
529 3102 704 3158 usque
729 3095 967 3155 tempus,
1004 3103 1182 3158 neque
1212 3102 1412 3142 nomen
1436 3088 1582 3156 apud
1616 3086 1835 3143 Judaeos
1864 3105 1981 3144 ser-

402 3185 581 3233 vetur.
621 3178 776 3234 Tunc
804 3188 919 3233 tota
947 3194 1139 3234 eorum
1187 3179 1338 3234 natio
1382 3180 1440 3233 in
1472 3194 1666 3237 omnes
1698 3189 1885 3251 gentes
1912 3182 1989 3235 di-

405 3286 596 3341 spersa
631 3272 1012 3342 dissipataque
1049 3280 1154 3327 est.
1191 3271 1615 3342 Insequentibus
1673 3289 1803 3328 vero
1849 3281 1988 3328 tem-

402 3364 632 3434 poribus
656 3372 925 3434 quotquot
959 3365 1264 3419 Ecclesiam
1311 3366 1433 3434 ejus
1471 3372 1880 3436 oppugnarunt,
1914 3366 1989 3420 si-

402 3455 609 3509 militer
630 3464 684 3510 et
717 3455 819 3525 ipsi
852 3454 1171 3511 defecerunt
1194 3456 1337 3511 sicut
1360 3456 1543 3511 deﬁcit
1566 3456 1769 3519 fumus,
1797 3465 1851 3511 et
1885 3457 1990 3511 sic-

403 3555 465 3600 ut
497 3544 615 3600 ﬂuit
646 3562 772 3601 cera
815 3563 843 3601 a
900 3546 1041 3603 facie
1074 3548 1236 3619 ignis.
1274 3547 1488 3603 Inimici
1528 3564 1662 3620 ergo
1692 3548 1899 3604 Christi
1933 3556 1987 3604 et

295 3645 301 3651 '
401 3637 498 3708 qui
534 3637 770 3693 oderunt
793 3654 918 3694 eum
946 3638 1077 3693 talia
1105 3638 1255 3709 passi
1305 3646 1470 3705 sunt;
1525 3638 1871 3709 maximeque
1900 3640 1987 3692 in-

400 3731 649 3786 visibiles
679 3739 735 3785 et
760 3730 961 3785 occulti
998 3730 1230 3792 inimici,
1278 3730 1505 3801 maligni
1537 3746 1733 3801 nempe
1781 3731 1985 3785 daemo-

401 3836 501 3877 nes
524 3830 580 3877 et
605 3822 833 3893 spiritus
861 3838 1119 3893 nequam,
1149 3822 1244 3892 qui
1276 3822 1406 3877 olim
1450 3822 1751 3876 multorum
1800 3824 1986 3877 numi-

402 3930 534 3969 num
567 3915 777 3970 erroris
799 3925 1057 3970 auctores
1090 3921 1250 3970 erant
1283 3933 1297 3969 :
1330 3914 1424 3985 qui
1458 3924 1583 3986 post
1618 3916 1987 3971 resurrectio-

403 4022 526 4077 nem
562 4021 630 4060 ex
677 4007 911 4060 mortuis
942 4007 1190 4075 penitus'
1217 4007 1472 4077 dissipati
1522 4014 1674 4062 sunt.
1708 4007 1987 4077 lidemque

401 4075 506 4166 ipsi
531 4096 901 4165 liquescentes
929 4099 1075 4153 sicut
1103 4113 1231 4167 cera
1250 4112 1279 4151 a
1302 4075 1441 4153 facie
1471 4098 1638 4168 ignis,
1671 4075 1986 4153 clamabant

399 4191 648 4245 dicentes
687 4208 702 4243 :
761 4207 780 4240 ι
814 4188 966 4254 Sine,
995 4190 1129 4261 quid
1166 4191 1327 4246 nobis
1360 4199 1415 4247 et
1442 4191 1565 4253 tibi,
1590 4190 1692 4245 Fili
1726 4191 1860 4246 Dei?
1889 4208 1985 4247 ve-

398 4280 533 4335 nisti
559 4288 683 4335 ante
711 4287 928 4351 tempus
958 4289 1217 4351 torquere
1247 4297 1350 4337 nos
1367 4284 1409 4339 ⁸.
1444 4300 1463 4334 ›
1497 4281 1634 4335 Nam
1657 4283 1879 4337 deitatis
1903 4284 1987 4353 ip-

399 4373 519 4429 sius
560 4372 867 4428 invisibiles
897 4383 953 4429 et
986 4375 1190 4429 occulti
1222 4373 1385 4437 radii,
1425 4382 1700 4429 tormenta
1732 4375 1985 4430 dolores-

779 1816 798 1848 ι
851 1796 1039 1852 Locuti
1083 1808 1213 1853 sunt
1248 1800 1535 1854 adversum
1565 1816 1649 1855 me
1689 1801 1872 1868 lingua
1901 1797 2001 1852 do—
2031 1778 2074 1834 Β

2103 530 2221 582 γου.
2245 513 2315 566 Ἦ
2344 514 2443 585 τῆς
2470 513 2637 583 εὐχῆς
2672 513 2800 583 περὶ
2830 512 2929 583 μὲν
2954 511 3049 565 τοῦ
3078 514 3311 584 Χριστοῦ
3336 515 3693 585 λεγούσηςτδ.

2108 626 2126 659 1
2152 606 2458 677 ’Λναστήτω
2477 646 2491 667 ,
2516 623 2533 655 ι
2556 604 2687 676 πρὸς
2699 604 2756 657 δέ
2774 604 2864 657 τὸν
2880 604 3014 656 Θεὸν
3030 604 3135 656 τῶν
3153 602 3288 657 ὅλων
3300 605 3697 676 ἀναπεμπομέ-

2103 716 2220 769 νης·
2242 693 2350 771 ῖν’ᾗ
2365 698 2445 760 τὸ,
2463 717 2481 747 ‹
2502 699 2529 749 ὁ
2547 696 2697 760 Θεὸς,
2714 716 2732 747 ι
2752 696 2996 760 ἀντὶτοῦ,
3020 690 3198 757 ῶΘεέ,
3216 697 3541 768 ἀναστήτωὸ
3558 699 3601 749 Χ
3609 715 3695 768 ρι-

2105 792 2227 854 στός
2240 808 2355 853 σου,
2369 791 2463 844 καὶ
2478 789 3054 861 διασκορπισθήτωσαν
3083 790 3133 841 οἱ
3150 788 3334 860 ἐχθροὶ
3349 788 3538 841 αὑτοῦ.
3565 790 3696 842 Συν-

2102 884 2345 956 ήχθησαν
2385 884 2481 954 μὲν
2497 882 2605 954 γὰρ
2635 885 2682 935 οἱ
2705 881 2889 952 ἐχθροὶ
2904 880 3069 934 αὑτοῦ
3100 880 3240 941 κατά
3255 883 3343 934 τὸν
3360 881 3453 935 τοῦ
3489 882 3695 945 πάθους

2103 969 2268 1022 αὐτοῦ
2288 969 2497 1040 καιρὸν,
2529 969 2765 1040 ὁπηνίκα
2783 989 2799 1019 ι
2829 967 3106 1038 ἐφρύαξαν
3141 969 3290 1039 ἔθνη,
3308 971 3403 1023 καὶ
3430 970 3549 1023 λαοὶ
3567 972 3696 1040 ἐμε-

2102 1058 2335 1129 λέτησαν
2361 1058 2513 1112 κενά.
2534 1058 2888 1127 Παρέστησαν
2904 1060 2952 1111 οί
2982 1058 3220 1128 βασιλεῖς
3244 1062 3339 1114 καὶ
3355 1063 3405 1114 οί
3433 1062 3695 1132 ἄρχοντες

2105 1150 2447 1221 συνήχθησαν
2463 1150 2555 1204 ἐπὶ
2575 1151 2636 1203 τὸ
2660 1150 2791 1203 αὐτὸ
2810 1150 2951 1204 κατά
2979 1151 3073 1205 τοῦ
3092 1153 3299 1223 Κυρίου
3326 1157 3420 1206 καῖ
3435 1153 3573 1206 κατά
3596 1153 3691 1206 τοῦ

2102 1242 2341 1314 Χριστοῦ
2357 1242 2542 1296 αὐτοῦ.
2559 1261 2577 1293 ι
2599 1242 2822 1296 Πάντων
2839 1244 2896 1297 δὲ
2910 1242 3115 1297 τούτων
3131 1244 3559 1315 διασκορπισμὸν
3576 1248 3609 1316 ἡ
3627 1247 3694 1299 ἐκ

2102 1335 2311 1407 νεκρῶν
2329 1336 2621 1398 ἀνάστασις
2636 1334 2727 1388 τοῦ
2741 1334 2977 1406 Χριστοῦ
3005 1338 3427 1408 κατειργάσατο’
3446 1338 3693 1403 ἐξέλιπόν

2101 1429 2245 1492 τεώς
2257 1428 2496 1481 ἐκλείπει
2512 1428 2737 1492 καπνὸς,
2752 1428 2844 1481 καὶ
2860 1428 2934 1491 ὡς
2955 1430 3182 1499 τήκεται
3204 1430 3372 1500 κηρὸς
3396 1431 3503 1484 ἀπὸ
3521 1449 3695 1503 προσο

2103 1520 2253 1574 ώπου
2290 1522 2482 1594 πυρός.
2514 1523 2625 1575 Καὶ
2666 1521 2854 1575 τοῦτόν
2886 1538 2949 1590 γε
2995 1522 3089 1574 τὸν
3150 1523 3384 1593 Χριστὸν
3424 1522 3519 1576 τοῦ
3552 1524 3691 1578 Θεοῦ

2104 1614 2391 1685 ἐμίσησαν,
2426 1614 2643 1685 μισοῦσί
2679 1631 2738 1666 τε
2772 1614 2937 1667 εἰσέτι
2966 1616 3061 1668 καὶ
3090 1615 3208 1680 νῦν,
3237 1617 3286 1668 οῖ
3320 1617 3559 1686 συνεχῶς
3586 1619 3688 1671 αὖ·-

2104 1706 2193 1759 τὸν
2227 1706 2406 1770 ἀθέοις
2437 1706 2615 1775 λόγοις
2647 1706 2741 1761 καὶ⁴
2780 1705 3067 1777 λοιδορίαις
3098 1706 3563 1778 βλασφημοῦντες,
3591 1712 3691 1781 τήν

2099 1814 2160 1851 τε
2204 1797 2529 1869 Ἐκκλησίαν
2560 1797 2722 1851 αὑτοῦ
2758 1797 3141 1869 πολεμοῦντες,
3185 1801 3278 1852 καὶ
3308 1799 3407 1870 τὴν
3437 1800 3689 1854 διδασκα-

2101 1888 2220 1942 λίαν
2242 1889 2635 1953 διαϐάλλοντες.
2687 1890 2897 1953 Ἀλλως
2928 1890 3035 1963 γάρ
3064 1891 3155 1945 τὸν
3188 1893 3281 1944 ἐπὶ
3306 1892 3521 1946 πάντων
3554 1893 3689 1946 Θεὸν

2100 1976 2199 2029 οὐκ
2247 1976 2314 2030 ἂν
2373 1978 2523 2049 εὖροι
2575 1978 2868 2049 μισοῦντάς
2910 1995 3085 2043 τινας·
3130 1981 3249 2034 οὐδέ
3286 1983 3395 2054 γὰρ
3440 1985 3593 2037 αὐτοὶ
3635 1985 3690 2038 οί

2099 2069 2246 2123 ἄθεοι
2282 2071 2375 2124 καὶ
2406 2071 2705 2135 δυσσεϐεῖς
2757 2072 2871 2125 ἀλλ’
2919 2072 3040 2126 οὑδέ
3068 2076 3118 2126 οἱ
3149 2076 3373 2146 πονηροὶ
3411 2076 3686 2145 δαίμονες,

2098 2159 2219 2212 οὐδὲ
2242 2159 2310 2212 τά
2341 2159 2629 2231 ἀκάθαρτα
2658 2160 2944 2232 πνεύματα
2971 2161 3116 2215 τοῦτ’
3145 2161 3211 2216 ἂν
3241 2163 3464 2217 εἴποιεν.
3497 2164 3600 2216 Τὸν
3626 2164 3688 2217 δὲ

2096 2251 2331 2323 Χριστὸν
2359 2251 2451 2304 τοῦ
2494 2250 2628 2304 Θεοῦ
2667 2250 3117 2322 ὁμολογουμένως
3142 2253 3432 2324 ἐμίσησαν·
3479 2255 3689 2323 πρῶτοι

2101 2344 2198 2413 μὲν
2250 2344 2467 2406 ἐκεῖνοι,
2493 2344 2624 2415 περὶ⁵
2650 2336 2726 2395 ὧν
2751 2344 2912 2406 αὐτὸς
2939 2343 3029 2396 διὰ
3055 2345 3156 2415 τῆς
3183 2345 3521 2417 προφητείας
3547 2344 3685 2414 Egna-

2098 2452 2245 2488 σκεν·
2298 2454 2316 2487 ι
2368 2434 2664 2505 Ἐλάλησαν
2696 2435 2817 2489 κατ’
2852 2434 2986 2506 ἐμοῦ
3015 2435 3235 2509 γλώσσῃ
3272 2436 3439 2508 δολίᾳ,
3473 2438 3565 2489 καὶ
3606 2437 3689 2488 λό-

2095 2544 2211 2595 γοις
2236 2527 2424 2598 μίσους
2440 2526 2755 2581 ἐκύκλωσάν
2777 2545 2865 2598 με,
2884 2527 2979 2580 καὶ
2996 2527 3342 2599 ἐπολέμησάν
3360 2545 3428 2598 με
3450 2528 3683 2599 δωρεάν.

2108 2620 2252 2673 Ἀντῖ
2274 2618 2370 2672 τοῦ
2405 2620 2624 2690 ἀγαπᾷν
2644 2636 2710 2691 με
2738 2620 3074 2673 ἐνδιέϐαλλόν
3109 2638 3195 2691 με.
3228 2620 3338 2674 Καὶ
3352 2620 3684 2675 έθεντοκατ⁹

2092 2710 2227 2781 ἐμοῦ
2243 2711 2387 2764 κακὰ
2414 2712 2534 2765 ἀντὶ
2547 2711 2788 2780 ἀγαθῶν,
2809 2714 2901 2766 καὶ
2921 2715 3073 2783 μῖσος
3085 2712 3204 2765 ἀντὶ
3230 2713 3328 2783 τῆς
3349 2713 3684 2784 ἀγαπήσεώς

2096 2821 2215 2875 μου·
2248 2824 2265 2854 ι
2313 2804 2501 2857 ἔπειτα
2548 2804 2641 2858 καὶ
2681 2806 2730 2857 oi
2767 2805 2882 2876 μετ’
2913 2805 3153 2868 ἐκείνους
3192 2807 3360 2859 εἰσέτι
3390 2805 3485 2859 νῦν
3520 2806 3683 2859 αὑτὸν

2093 2894 2555 2967 βλασφημοῦντες.
2604 2894 2750 2966 Πλὴν
2802 2896 3002 2960 πάντες
3044 2897 3093 2948 οἱ
3129 2895 3313 2968 ἐχθροὶ
3358 2894 3545 2958 αὑτοῦ,
3588 2897 3684 2950 καὶ

2095 2993 2145 3044 οἱ
2179 2989 2463 3062 μισοῦντες
2494 2989 2656 3043 αὑτὸν
2685 2988 3177 3060 διεσκορπίσθησαν
3215 2988 3310 3042 καὶ
3342 2988 3682 3056 πεφεύγασιν

2090 3083 2201 3137 ἀπὸ
2230 3081 2523 3155 προσώπου
2572 3082 2673 3151 τῆς
2714 3081 2997 3151 δυνάμεως
3046 3079 3231 3133 αὑτοῦ.
3298 3079 3572 3146 Ἐξέλιπόν
3617 3097 3680 3132 τε

2090 3175 2166 3238 ώς
2204 3174 2441 3229 ἐκλείπει
2473 3173 2679 3237 καπνὸς
2707 3174 2799 3227 καὶ
2822 3172 2897 3235 ὡς
2934 3174 3157 3243 τήκεται
3188 3172 3355 3243 κηρὸς
3378 3171 3486 3225 ἀπὸ
3507 3189 3678 3243 προσ-

2089 3268 2240 3323 ώπου
2290 3267 2483 3339 πυρός.
2543 3266 2753 3320 Αὐτίκα
2796 3266 2926 3335 γοῦν
2988 3266 3162 3328 οὐδεὶς
3196 3263 3412 3318 πώποτε
3440 3264 3547 3318 τῶν
3584 3283 3682 3335 με-

2093 3362 2399 3433 μισηκότων
2427 3363 2588 3415 αὐτὸν
2615 3360 2960 3433 ἀτιμώρητος
2990 3359 3234 3439 διεξῆλθε
3266 3360 3357 3413 τὸν
3384 3361 3517 3431 βίον·
3541 3361 3682 3415 ἀλλά

2089 3452 2184 3506 καὶ
2215 3454 2264 3505 οί
2301 3453 2468 3507 πάλαι
2524 3454 2624 3525 τὴν
2661 3453 2953 3524 ἐπιϐουλὴν
3002 3451 3153 3523 αὐτῷ
3183 3452 3545 3521 τυρεὺσαντες
3574 3453 3679 3524 ἀρ-

2088 3548 2292 3616 χιερεῖς
2316 3546 2412 3599 καὶ
2444 3550 2811 3617 γραμματεῖς,
2846 3548 3130 3618 Φαρισαῖοι
3187 3544 3283 3597 καὶ
3330 3544 3680 3598 Σαδδουκαῖοι

2086 3637 2260 3701 οὕτως
2284 3639 2548 3705 ἐξέλιπον,
2598 3638 2675 3702 ώς
2713 3638 2846 3710 μηδὲ
2884 3639 3104 3709 μνήμην
3137 3635 3317 3690 αὐτῶν
3371 3637 3537 3689 εἰσέτι
3581 3635 3681 3690 νῦν

2091 3729 2212 3800 μηδ’
2230 3728 2401 3802 ὄνομα
2423 3729 2575 3803 παρά
2606 3730 2881 3792 Ἰουδαίοις
2910 3727 3196 3792 σώζεσθαι.
3232 3728 3364 3781 Τότε
3396 3731 3505 3782 πᾶν
3525 3729 3681 3793 ἔθνος

2088 3822 2266 3876 αὐτῶν
2334 3823 2729 3895 διασκεδασμὸν
2785 3823 2879 3876 καὶ
2931 3821 3362 3894 διασκορπισμὸν
3416 3821 3678 3891 ὑπέμεινε

2087 3916 2166 3979 είς
2193 3914 2371 3970 πάντα
2392 3915 2461 3968 τά
2479 3914 2629 3987 έθνη·
2657 3916 2751 3969 καὶ
2781 3916 2840 3968 ἐν
2872 3918 2986 3979 τοῖς
3006 3914 3143 3986 μετὰ
3171 3913 3341 3969 ταῦτα
3370 3913 3426 3967 δέ
3460 3914 3678 3985 χρόνοις

2088 4008 2289 4073 πάντες
2318 4011 2433 4063 ὅσοι
2465 4009 2563 4081 τὴν
2610 4007 2938 4079 Ἐκκλησίαν
2987 4006 3153 4063 αὐτοῦ
3203 4008 3674 4077 πεπολεμήκασιν,

2086 4101 2287 4172 ὁμοίως
2309 4101 2554 4167 ἐξέλιπον
2586 4101 2680 4155 καὶ
2715 4101 2871 4155 αὐτοὶ
2914 4101 2991 4164 ὡς
3032 4100 3272 4153 ἐκλείπει
3325 4100 3530 4162 καπνὸς
3580 4099 3677 4153 καὶ

2086 4194 2163 4258 ὡς
2187 4196 2411 4263 τήκεται
2475 4193 2644 4265 κηρὸς
2676 4193 2784 4247 ἀπὸ
2814 4190 3105 4265 προσώπου
3139 4192 3328 4263 πυρός.
3356 4192 3419 4245 Oi
3453 4191 3551 4262 μὲν
3580 4188 3674 4244 οὖν

2086 4284 2271 4357 ἐχθροὶ
2297 4284 2391 4339 τοῦ
2413 4283 2650 4357 Χριστοῦ
2701 4285 2797 4339 καὶ
2851 4288 2900 4339 οί
2955 4285 3236 4356 μισοῦντες
3257 4283 3417 4337 αὐτὸν
3444 4281 3675 4336 τοιαῦτα

2088 4375 2411 4439 πεπόνθασι,
2441 4375 2537 4429 καὶ
2561 4374 2642 4428 ἔτι
2679 4374 2880 4444 μᾶλλον
2902 4376 2951 4427 οί
2973 4373 3196 4446 ἀόρατοι
3218 4375 3312 4426 καὶ
3339 4374 3563 4441 ἀφανεῖς
3590 4375 3677 4443 ἐχ-

397 4481 504 4537 que
560 4465 692 4521 talia
757 4465 1072 4520 dicentibus
1134 4466 1481 4521 invexerunt.
1545 4464 1747 4521 Dexter
1818 4481 1984 4536 porro

2095 4469 2226 4540 θροὶ,
2252 4471 2477 4540 πονηροὶ
2500 4468 2752 4540 δαίμονες
2773 4470 2866 4523 καὶ
2895 4467 3145 4541 μοχθηρά
3176 4466 3489 4538 πνεύματα,
3506 4465 3575 4521 διῗ
3595 4460 3674 4520 ὧν

399 4559 702 4613 amicorum
734 4556 827 4613 Dei
851 4558 989 4613 ordo
1018 4559 1221 4629 quibus
1252 4559 1307 4613 in
1333 4556 1645 4613 Servatoris
1680 4558 1853 4613 nostri
1890 4573 1977 4613 re-

399 4653 745 4707 surrectione
779 4651 1057 4706 frueretur
1096 4652 1275 4714 bonis,
1328 4651 1591 4721 deinceps
1638 4649 1795 4705 docet
1850 4666 1982 4720 pro-

398 4743 582 4812 phetia
605 4759 727 4809 quae
756 4743 834 4795 ait
869 4761 882 4796 :
923 4760 942 4793 ι
978 4741 1196 4811 Etjusti
1234 4743 1485 4796 laetentur
1517 4748 1571 4794 et
1610 4741 1886 4795 exsultent
1924 4740 1980 4794 in

398 4844 695 4903 conspectu
745 4835 861 4898 Dei,
891 4835 1233 4890 delectentur
1262 4836 1315 4889 in
1348 4834 1556 4889 laetitia.
1604 4854 1622 4885 ι
1658 4833 1799 4899 Quid
1845 4832 1978 4887 illud

397 4927 492 4989 sit,
520 4942 629 4980 non
661 4927 993 4997 simpliciter
1024 4929 1198 4982 lactari
1225 4935 1280 4983 et
1308 4928 1612 4989 exsultare,
1640 4926 1736 4981 sed
1762 4927 1817 4979 in
1845 4941 1980 4980 con-

397 5027 589 5089 spectu
644 5019 740 5074 Dei
795 5029 851 5074 et
900 5021 1043 5089 apud
1094 5020 1263 5075 Deum
1303 5021 1387 5075 his
1408 5021 1640 5091 perfrui,
1683 5020 1980 5090 divinaque

394 5113 674 5182 voluptate
712 5112 987 5182 gaudere,
1033 5129 1144 5167 non
1172 5117 1371 5184 {potest
1424 5129 1523 5183 pro
1570 5113 1767 5166 merito
1816 5126 1979 5169 enar-

391 5222 531 5262 I‘ﬂl‘l.

2087 4561 2157 4614 τά
2190 4561 2290 4631 τῆς
2318 4561 2581 4614 πολυθέου
2615 4561 2821 4632 πλάνης
2848 4563 3133 4633 ἐνηργεῖτο
3153 4561 3338 4615 πάλαι·
3379 4553 3453 4613 ὦν
3478 4575 3675 4611 παντε-

2088 4652 2186 4724 λὴς
2210 4654 2641 4725 διασκορπισμὸς
2671 4654 2811 4725 μετά
2860 4654 2958 4724 τὴν
3006 4656 3070 4708 ἐκ
3118 4654 3325 4728 νεκρῶν
3375 4655 3674 4709 ἀνάστασιν

2088 4746 2350 4815 γέγονεν·
2421 4746 2469 4799 οί
2524 4746 2569 4798 δ’
2625 4746 2807 4810 αὐτοὶ,
2865 4746 3155 4817 τηκόμενοι
3221 4747 3297 4810 ὡς
3345 4746 3513 4817 κηρὸς
3560 4746 3673 4798 ἀπὸ

2091 4837 2385 4909 προσώπου
2450 4838 2641 4909 πυρὸς,
2685 4838 2855 4892 ἐϐόων
2910 4839 3176 4907 λέγοντες·
3211 4859 3228 4889 ε
3268 4840 3388 4892 Ἔαο
3425 4838 3479 4891 τί
3532 4840 3670 4908 ἡμῖν

2090 4931 2184 4984 καί
2217 4931 2323 4993 σοὶ,
2389 4930 2485 4985 Υἱὲ
2532 4932 2697 4997 Θεοῦ;
2754 4928 2958 4996 Ἦλθες
3032 4932 3137 5004 πρὸ
3194 4932 3383 5003 καιροῦ
3447 4930 3671 5001 βασανί-

2090 5041 2180 5077 σαι
2209 5024 2409 5094 ἡμᾶς.»
2447 5026 2513 5077 Αἰ
2546 5025 2655 5096 γὰρ
2681 5024 2779 5095 τῆς
2826 5023 3076 5095 θεότητος
3121 5024 3285 5079 αὐτοῦ
3316 5024 3537 5093 ἀόρατοι
3575 5022 3670 5075 καὶ

2088 5115 2311 5184 ἀφανεῖς
2343 5117 2579 5180 ἀκτῖνες,
2615 5116 2877 5186 βασάνους
2900 5118 2993 5169 καὶ
3019 5116 3316 5185 ἀλγηδόνας
3358 5117 3470 5177 τοῖς
3494 5114 3667 5168 ταῦτα

2088 5206 2304 5276 λέγουσι
2332 5212 2610 5281 παρεῖχον.
2674 5207 2747 5261 Τὸ
2777 5208 2834 5261 δέ
2868 5226 2931 5277 γε
2979 5208 3151 5272 δεξιὸν
3195 5208 3303 5260 τῶν
3352 5206 3519 5276 φίλων
3570 5204 3665 5259 τοῦ

393 5303 529 5357 Θεοῦ
552 5301 736 5373 τάγμα
758 5302 961 5355 ὁποίων
984 5301 1256 5355 ἀπέλαυεν
1316 5301 1538 5370 ἀγαθῶν
1567 5304 1624 5356 ἐν
1685 5304 1748 5373 τῇ
1782 5302 1878 5356 τοῦ
1925 5302 2181 5374 Σωτῆρος
2241 5305 2399 5375 ἡμῶν
2449 5304 2763 5369 ἀναστάσει,
2826 5304 2953 5375 ἑξῆς
2982 5305 3219 5358 διδάσκει
3262 5306 3295 5374 ὴ
3358 5300 3665 5374 προφητεία

394 5399 644 5468 λέγουσα·
688 5419 706 5450 ι
755 5398 863 5451 Καὶ
900 5398 949 5451 οί
984 5397 1181 5451 δίκαιοι
1231 5397 1714 5469 εὐφρανθήτωσαν,
1764 5398 2213 5467 ἀγαλλιάσθωσαν
2275 5399 2506 5455 ἐνώπιον
2565 5401 2661 5454 τοῦ
2705 5401 2861 5467 Θεοῦ,
2911 5402 3297 5473 τερφθήτωσαν
3346 5400 3403 5453 ἐν
3462 5399 3664 5468 εὐφροκ

393 5496 583 5569 σῦνῃ.»
623 5496 834 5550 Ὀποῖον
862 5493 919 5547 δέ
959 5495 1075 5547 ἐστι
1108 5493 1170 5546 τὸ
1224 5493 1297 5564 μὴ
1358 5492 1545 5557 ἁπλῶς
1594 5493 1983 5565 εὐφραίνεσθαι
2022 5494 2117 5547 καὶ
2180 5496 2462 5567 ἀγαλλιᾷν,
2497 5496 2612 5551 ἀλλ’
2646 5495 2879 5550 ἐνώπιον
2931 5497 3025 5550 τοῦ
3063 5476 3198 5550 Θεοῦ
3235 5496 3327 5550 καὶ
3385 5494 3540 5567 παρά
3584 5493 3665 5565 τῷ

392 5593 511 5665 Θεῷ
537 5592 738 5648 τούτων
759 5593 1069 5657 ἀπολαύειν,
1109 5591 1270 5663 ἡδονῇ
1295 5608 1353 5644 τε
1381 5590 1500 5661 θείᾳ
1533 5590 1824 5663 ἐντρυφᾷν,
1867 5592 1967 5644 οὐκ
2005 5590 2148 5644 ἔστιν
2172 5592 2410 5659 ἐπαξίως
2432 5593 2573 5665 λόγῳ
2604 5592 2986 5664 διηγήσασθαι.

477 5771 904 5843 'Psal.n,l,2.
981 5760 1490 5841 ’Psal.cvm,3-§$.
1569 5775 2071 5845 matremne.
