4068 6546
332 381 442 442 683

1454 375 1961 435 COMMENTARIA
2002 376 2068 431 IN
2108 378 2445 437 PSALMOS.

3494 386 3599 441 696

414 516 434 551 ο
468 496 667 570 ’ᾼσατε
703 495 781 567 τῷ
835 496 974 569 Θεῷ,
1002 495 1207 566 ψάλατε
1231 496 1307 567 τῷ
1340 497 1562 567 ὀνόματι
1597 496 1781 551 αὐτοῦ’
1811 496 1923 551 ὁδο-

2102 494 2267 552 Vans.
2295 496 2349 560 5,
2389 496 2444 552 6.
2492 515 2510 547 ι
2553 496 2781 553 Cantate
2828 497 2959 565 Deo,
2996 498 3267 569 psalmum
3302 498 3470 554 dicite
3507 516 3605 552 no-

346 592 601 663 ωοιήσατε
634 590 712 661 τῷ
734 590 1084 662 ἐπιϐεϐηκότι
1106 590 1199 643 ἐπὶ
1236 589 1507 661 δυσμῶν.»
1541 591 1643 643 Τὸν
1673 591 1771 662 μὲν
1797 592 1925 661 περὶ

343 684 447 739 τῶν
476 683 686 755 ἐχθρῶν
719 684 811 737 καὶ
869 685 1172 755 μισούντων
1204 685 1294 736 τὸν
1325 683 1459 736 Θεὸν
1495 683 1653 752 λόγον
1679 682 1766 737 διὰ
1796 683 1925 754 βρα-

340 776 477 845 χέων
511 776 807 846 ἐπετὲμετο
824 778 856 847 ἡ
874 776 1196 848 προφητείαο
1225 776 1314 828 τὸν
1339 775 1394 827 δὲ
1424 775 1678 845 περὶτῶν
1702 775 1926 828 δικαίων

341 867 583 934 ὲξαπλοῖ,
614 868 1023 939 ἐνδιατρίϐουσα
1047 870 1113 938 τῇ
1147 868 1276 938 περὶ
1326 867 1507 920 αὐτῶν
1543 870 1751 941 μνήμῃ.
1812 868 1924 921 Καὶ

340 959 403 1031 δὴ
438 961 498 1013 τὸ
548 957 773 1030 Πνεῦμα
803 960 863 1012 τὸ
886 959 1039 1028 ἆγιον
1070 958 1505 1031 παρακελεύεται
1552 961 1663 1022 τοῖς
1696 957 1926 1020 δικαίοις

338 1052 487 1123 ᾄδειν
517 1053 611 1107 xui.
640 1053 861 1123 ψάλλειν
892 1052 969 1123 τῷ
1001 1052 1142 1122 Θεῷ,
1198 1053 1274 1114 ὡς
1319 1051 1385 1105 ἂν
1417 1052 1506 1105 διὰ
1536 1051 1739 1104 τούτων
1799 1049 1924 1121 μὲλ-

338 1145 522 1199 λουσιν
544 1144 834 1201 ἀπολαύειν
860 1145 960 1219 τῆς
994 1144 1145 1207 Θείας
1175 1144 1513 1215 εὐφροσύνης
1543 1145 1635 1197 καὶ
1661 1144 1757 1214 τῆς
1791 1160 1924 1215 προ-

337 1236 625 1309 λεχθείσης
655 1237 940 1309 τερπωλῆς
966 1238 1059 1290 καὶ
1113 1236 1506 1305 ἀγαλλιάσεως.
1539 1238 1648 1290 Καὶ
1692 1236 1923 1308 ἐπείπερ

340 1329 451 1383 τῶν
476 1329 569 1383 δύο
604 1329 828 1395 τούτων,
887 1330 1029 1399 λέγω
1078 1330 1136 1383 δὲ
1167 1328 1260 1383 τοῦ
1294 1330 1441 1401 ᾄδειν
1470 1330 1564 1383 καὶ
1593 1329 1835 1399 ψάλλειν,
1862 1330 1924 1382 τὸ

345 1419 447 1489 μὲν
480 1421 725 1491 κρεῖττον
755 1414 822 1489 ἦν
852 1418 911 1471 τὸ
967 1418 1133 1490 ᾅδειν,
1181 1418 1242 1469 τὸ
1278 1418 1336 1471 δὲ
1374 1418 1711 1490 ὑποϐεϐηκὸς
1743 1419 1805 1472 τὸ
1853 1419 1921 1471 δι’

340 1510 575 1582 ὀργάνου
610 1509 1029 1582 ἀνακρούεσθαι,
1078 1510 1301 1574 εἰκότως
1329 1510 1390 1563 τὸ
1425 1510 1525 1581 μὲν
1558 1515 1803 1583 κρεῖττον
1834 1512 1923 1565 άνο

342 1603 509 1674 έθηκε
533 1601 609 1673 τῷ
635 1603 773 1672 Θεῷ,
806 1603 865 1655 τὸ
882 1603 938 1656 δὲ
958 1603 1056 1658 διά
1080 1602 1174 1656 τοῦ
1195 1604 1427 1675 ὀργάνου
1446 1604 1688 1676 ἐνεργεῖν
1715 1604 1792 1675 τῷ
1808 1606 1923 1659 ὀνό-

345 1715 477 1767 ματι
513 1696 697 1752 αὐτοῦ.
747 1718 766 1750 ι
795 1699 995 1769 ’ᾼσατε
1024 1717 1039 1749 t
1103 1698 1233 1771 γὰρ,
1270 1699 1423 1769 φησὶ,
1492 1718 1510 1750 ι
1547 1698 1624 1770 τῷ
1653 1699 1793 1770 Θεῷ,
1827 1700 1923 1753 καὶ

340 1789 549 1858 ψάλατε
581 1789 659 1860 τῷ
700 1790 923 1860 ὀνόματι
973 1790 1194 1844 αὐτοῦ.»
1234 1791 1383 1862 ᾊδει
1431 1792 1489 1845 δέ
1531 1792 1607 1863 τῷ
1660 1791 1921 1863 Θεῷόδι’

342 1882 513 1951 ὑγιῶν
543 1883 827 1953 δογμάτων
856 1883 953 1954 τὴν
986 1882 1161 1955 ψυχὴν
1204 1886 1634 1957 πεπαιδευμένος
1690 1886 1788 1939 καὶ
1829 1886 1929 1949 τὰς

339 1976 660 2048 πρεπούσας
684 1976 831 2046 αύτῷ
857 1975 1136 2045 θεολογίας
1155 1979 1220 2031 ἐκ
1250 1978 1487 2042 διανοίας
1511 1977 1929 2049 κεκαθαρμένης

336 2066 701 2136 ἀναπέμπωνσ
742 2065 933 2135 ψάλλει
965 2067 1022 2120 δὲ
1054 2066 1131 2137 τῷ
1168 2068 1391 2139 ὀνόματι
1426 2068 1615 2133 αὑτοῦ,
1649 2070 1678 2120 6
1708 2068 1796 2121 διά
1820 2069 1928 2121 τῶν

332 2157 433 2211 τοῦ
486 2158 732 2229 σώματος
766 2161 1031 2231 κινήσεων
1060 2160 1153 2213 καὶ
1181 2160 1270 2214 διά
1306 2160 1406 2229 τῆς
1426 2159 1535 2213 τῶν
1556 2161 1927 2232 αἰσθητηρίων

336 2249 625 2318 ἐνεργείας
644 2248 867 2302 τοιαῦτα
893 2250 1166 2322 πράττων,
1197 2250 1275 2313 ὡς
1300 2250 1615 2317 δοξάζεσθαι
1660 2250 1731 2303 δι’
1761 2250 1927 2303 αὑτοῦ

337 2338 493 2409 παρά
511 2342 624 2402 τοῖς
643 2341 810 2412 ὁρῶσι
836 2341 895 2393 τὸ
915 2342 1084 2412 ὄνομα
1110 2341 1201 2396 τοῦ
1227 2341 1383 2396 Θεοῦ.
1446 2342 1631 2397 Ταῦτα
1686 2344 1785 2414 μὲν
1834 2340 1926 2396 οὖν

338 2429 532 2500 πρῶτα
563 2432 1000 2502 παρακελεύεται
1044 2433 1122 2504 τῷ
1167 2434 1275 2487 τῶν
1322 2434 1724 2507 δικαίωνιχορῷ
1754 2436 1926 2506 πράτ-

334 2539 450 2576 τειν
469 2524 499 2575 6
529 2521 705 2591 λόγος·
746 2523 875 2594 ἑξῆς
904 2525 959 2579 δὲ
979 2525 1210 2597 πρᾶγμά
1240 2543 1291 2579 τι
1317 2529 1490 2579 ποιεῖν
1509 2527 1717 2599 ἐτέροις
1741 2530 1926 2599 χρήσι-

340 2633 440 2684 μον
469 2616 817 2688 προστάττει.
846 2619 963 2671 Ἵνα
1018 2621 1126 2691 γὰρ
1181 2619 1343 2691 ἐπιϐῇ
1373 2622 1401 2673 6
1428 2620 1560 2684 Θεὸς
1582 2620 1660 2690 τῷ
1686 2621 1793 2673 τῶν
1829 2621 1922 2674 ἀν-

335 2704 570 2775 θρώπων
607 2705 728 2776 βίῳ,
764 2707 857 2759 καὶ
875 2707 1025 2771 ὅπως
1057 2710 1487 2782 ἐμπεριπατήσῃ
1527 2711 1641 2772 τοῖς
1678 2710 1770 2762 ἐπὶ
1798 2710 1921 2781 γῆς,

331 2798 435 2869 τὴν
460 2798 576 2852 ὁδὸν
608 2799 757 2870 αὐτῷ
788 2800 937 2853 λείαν
981 2803 1076 2854 καὶ
1119 2802 1326 2874 ὁμαλὴν
1373 2802 1783 2875 ἀπεργάζεσθαι
1809 2803 1925 2856 δια-

330 2891 616 2946 κελεύεται
639 2894 882 2962 φάσκων⁹
919 2913 938 2945 ι
963 2894 1368 2967 Ὀδοποιήσατε·
1385 2914 1403 2947 ι
1438 2895 1471 2966 ἢ
1501 2896 1643 2949 κατὰ
1668 2896 1761 2949 τὸν
1778 2896 1925 2966 Σύμ-

333 3001 531 3055 μαχον,
601 3003 618 3035 t
652 2986 1110 3059 Καταστρώσατε’
1139 3006 1158 3039 ι
1211 2988 1353 3042 κατὰ
1404 2989 1462 3042 δέ
1516 2989 1608 3042 τὸν
1671 2988 1922 3051 Ἀκύλαν,

338 3096 359 3127 ί
399 3078 946 3144 Ἀποσκολοπίσατε,›
980 3080 1227 3135 τουτέστι
1281 3083 1388 3135 πᾶν
1419 3082 1630 3136 σκολιὸν
1670 3082 1921 3151 ἀφέλετε,

333 3170 431 3223 καὶ
461 3173 569 3224 πᾶν
597 3174 768 3243 τραχὺ
804 3172 1250 3248 καταστρώσατε,
1280 3174 1355 3238 ὼς
1372 3173 1437 3227 ἂν
1464 3174 1674 3244 γένοιτο
1695 3175 1812 3227 λεία
1827 3175 1921 3228 καὶ
1949 3206 1992 3263 C

328 3265 511 3335 ὁμαλὴ
541 3264 635 3318 τοῦ
668 3264 803 3318 Θεοῦ
833 3268 866 3336 ἠ
919 3268 998 3330 εἰς
1041 3266 1363 3337 ἀνθρώπους
1418 3268 1636 3340 πορεία.
1668 3268 1839 3321 Τοῦτο
1865 3269 1923 3322 δὲ

331 3356 429 3409 καὶ
467 3357 695 3421 Ἡσαΐας
742 3358 931 3428 ἐδήλου
973 3358 1167 3427 λέγων’
1223 3378 1242 3411 ι
1279 3360 1636 3431 Ἑτοιμάσατε
1686 3360 1783 3431 τὴν
1809 3360 1925 3413 ὁδὸν

332 3450 562 3522 Κυρίου,
600 3451 816 3516 εὐθείας
868 3455 1069 3507 ποιεῖτε
1124 3453 1222 3517 τάς
1255 3453 1475 3525 τρίϐους
1524 3453 1712 3509 αὑτοῦ.
1768 3456 1926 3509 Πᾶσα

333 3543 553 3616 φάραγξ
608 3544 1050 3618 πληρωθήσεται,
1094 3548 1190 3601 καὶ
1251 3549 1358 3600 πᾶν
1402 3548 1527 3619 ὅρος
1589 3550 1684 3601 καὶ
1738 3548 1926 3619 βουνὸς

328 3638 826 3708 ταπεινωθήσεται.
884 3641 997 3693 Καὶ
1035 3639 1189 3694 ἔσται
1221 3640 1292 3694 τά
1337 3640 1525 3694 σκολιὰ
1568 3643 1648 3704 είς
1686 3641 1921 3708 εὐθεῖαν,

333 3731 497 3801 καὶὴ
546 3736 775 3802 τραχεῖα
838 3734 920 3797 είς
974 3732 1126 3797 ὁδοὺς
1180 3734 1348 3797 λείας,
1394 3734 1487 3787 καὶ
1534 3733 1725 3804 ὄψεται
1776 3737 1924 3787 πᾶσα

335 3824 474 3896 σὰρξ
503 3824 563 3877 τὸ
598 3827 864 3899 σωτήριον
893 3826 986 3880 τοῦ
1016 3826 1205 3880 Θεοῦ.»
1250 3826 1513 3880 Ἐνταῦθα
1533 3827 1591 3879 δὲ
1634 3828 1694 3879 οὐ
1726 3827 1923 3899 πρότε-

338 3930 430 3983 ρον
462 3912 721 3967 ὄδοποιεῖν
773 3915 985 3969 κελεύει
1048 3917 1083 3989 ἢ
1140 3917 1356 3989 πρῶτον
1405 3918 1605 3981 αὐτοὺς
1650 3917 1924 3989 μαθόντας

332 4007 483 4068 ὅπως
516 4006 621 4077 χρὴ
648 4006 791 4079 ᾄδειν
829 4008 905 4080 τῷ
953 4008 1072 4079 Θεῷ
1104 4010 1198 4062 καὶ
1254 4010 1403 4073 ὅπως
1438 4009 1661 4080 ψάλλειν
1701 4010 1779 4081 τῷ
1804 4012 1921 4064 6V6-

335 4117 469 4169 ματι
488 4099 670 4155 αὐτοῦ.
700 4100 883 4155 Ταῦτα
908 4092 1021 4174 ¹’γὰρ
1050 4103 1428 4174 προμαθόντας
1470 4106 1564 4157 κα)⁵
1596 4104 1779 4177 ἔργοις
1804 4107 1922 4158 ἐπι-

332 4191 677 4256 τελέσαντας,
728 4193 852 4263 ἑξῆς
898 4193 1145 4263 βούλεται
1192 4195 1475 4260 ὁδοποιεῖν,
1530 4196 1776 4251 τουτέστι
1822 4197 1923 4261 τάς

330 4284 490 4355 παρά
522 4285 628 4338 τῶν
659 4285 959 4357 ἀνθρώπων
978 4287 1154 4360 ψυχάς
1186 4289 1647 4359 παρασκευάζειν,
1674 4291 1922 4364 καθαράς

330 4394 391 4431 τε
425 4376 522 4430 καὶ
554 4378 804 4448 ἑτοίμους
836 4378 1005 4442 αὐτάς
1051 4380 1456 4452 ἀπεργάζεσθαι
1485 4382 1566 4445 είς
1606 4382 1707 4452 τὴν
1736 4382 1922 4454 ἐπιδη-

335 4470 466 4542 μίαν
498 4469 591 4523 τοῦ
614 4470 1049 4541 προδηλωθέντος
1077 4470 1233 4526 Θεοῦ.
1262 4472 1353 4524 Διό
1373 4490 1556 4543 φησιν’
1588 4490 1607 4524 t
1644 4473 1922 4544 Ὀδοποιή-

2033 587 2170 641 mini
2213 588 2354 657 ejus,
2385 586 2490 641 iter
2517 586 2680 644 facile
2707 590 2780 652 ei,
2813 590 2907 659 qui
2952 590 3204 645 ascendit
3251 606 3416 660 super
3446 604 3607 643 occu-

2034 694 2175 733 sum.
2217 699 2237 730 ι
2270 679 2590 736 Sermonem
2617 680 2685 736 de
2710 680 2947 736 inimicis
2970 690 3025 736 et
3050 683 3307 737 osoribus
3338 681 3433 737 Dei
3474 679 3610 736 Ver-

2034 772 2087 826 bi
2138 772 2466 841 compendio
2494 772 2730 826 absolvit
2752 773 3074 841 prophetia;
3109 772 3181 826 de
3207 772 3386 845 justis.
3424 779 3607 825 autent

2034 865 2211 919 fusius
2234 866 2365 934 agit,
2395 880 2696 935 eorumque
2721 866 3239 920 commemorationi
3271 866 3499 921 insistit.
3545 865 3611 918 Et

2033 971 2163 1011 sane
2188 954 2430 1025 Spiritus
2452 965 2681 1013 sanctus
2702 957 2859 1027 jubet
2885 958 3069 1027 justos
3096 966 3321 1012 cantare
3354 967 3409 1013 et
3456 959 3607 1027 psal-

2032 1046 2142 1100 lere
2178 1044 2320 1112 Deo;
2342 1055 2533 1117 utpote
2560 1048 2652 1118 qui
2674 1048 2759 1103 bis
2781 1057 3062 1113 vacantes,
3092 1049 3333 1102 divinam
3362 1048 3608 1102 laetitiam

2031 1147 2500 1211 memoratamque
2522 1140 2943 1196 delectationem
2975 1150 3028 1197 et
3064 1143 3486 1197 exsultationem
3510 1157 3610 1196 na-

2031 1232 2174 1285 cturi
2202 1232 2334 1285 sint.
2372 1231 2510 1298 Quia
2544 1249 2777 1289 veroex
2823 1234 2912 1289 his
2960 1234 3197 1298 duobus,
3248 1235 3510 1290 nimirum
3541 1251 3609 1291 ex

2031 1332 2197 1378 cantu
2230 1333 2285 1379 et
2332 1342 2400 1380 ex
2453 1328 2779 1397 psalmodia,
2836 1329 3204 1397 praestabilior
3237 1339 3431 1385 cantus
3466 1338 3607 1391 erat,

2031 1424 2196 1486 atque
2223 1415 2456 1471 inferior
2490 1416 2595 1487 ipsi
2617 1424 2736 1472 erat
2768 1418 3124 1473 instrumenti
3174 1420 3446 1489 pulsatio;
3484 1421 3612 1490 jure

2029 1510 2174 1579 quod
2211 1513 2568 1580 praestantius
2626 1521 2744 1568 erat
2801 1513 2914 1569 Deo
2969 1513 3200 1578 addixit,
3258 1513 3609 1570 instrumenti

2031 1616 2162 1656 vero
2191 1603 2462 1658 actionem
2500 1606 2710 1660 nomini
2739 1606 2881 1676 ejus.
2916 1606 3058 1662 Nam
3093 1607 3293 1678 inquit,
3329 1626 3348 1659 ι
3392 1616 3612 1662 cantate

2031 1690 2163 1756 Deo,
2194 1702 2248 1748 et
2278 1696 2547 1764 psalmum
2577 1696 2746 1752 dicite
2786 1698 2995 1752 nomini
3028 1699 3169 1768 ejus.
3228 1718 3246 1751 ι
3291 1698 3402 1754 1)εο
3427 1709 3611 1755 autem

2029 1795 2234 1850 cantat,
2267 1787 2427 1854 cujus
2458 1789 2642 1842 anima
2673 1805 2807 1844 sana
2838 1790 3090 1845 doctrina
3121 1792 3374 1847 instituta
3415 1801 3522 1857 est,
3555 1801 3611 1847 et

1959 1863 2002 1917 Β
2031 1879 2390 1947 congruentia
2431 1879 2727 1953 divinaque
2778 1882 2947 1937 verba
2993 1899 3060 1938 ex
3102 1900 3239 1954 pura
3269 1886 3610 1940 conscientia

2031 1971 2137 2039 ipsi
2162 1972 2521 2040 transmittit;
2560 1974 2745 2043 psallit
2774 1989 2905 2028 vero
2932 1976 3144 2030 nomini
3165 1977 3309 2046 ejus,
3358 1977 3452 2047 qui
3482 1992 3609 2032 cor—

2030 2062 2213 2130 poreis
2246 2062 2486 2118 motibus
2525 2073 2579 2118 et
2629 2065 2876 2120 sensibili
2940 2068 3159 2123 actione
3200 2069 3331 2123 talia
3362 2070 3608 2135 exhibet,

2028 2169 2150 2224 quae
2182 2163 2521 2224 spectatores
2543 2156 2611 2210 ad
2638 2172 2837 2213 nomen
2869 2158 2963 2215 Dei
3005 2161 3182 2231 gloria
3217 2162 3609 2217 celebrandqu

2029 2246 2312 2301 inducant.
2339 2247 2466 2302 llaec
2494 2248 2662 2319 igitur
2688 2251 2864 2318 primo
2885 2250 3117 2320 jubetur
3155 2253 3431 2322 justorum
3475 2255 3610 2308 cho-

2028 2354 2124 2393 rus
2152 2355 2449 2410 peragere;
2480 2341 2683 2397 deinde
2704 2357 2834 2398 vero
2855 2342 3031 2398 eidem
3052 2346 3367 2414 praecipitur
3392 2353 3452 2399 ut
3473 2361 3612 2415 opus

2027 2429 2149 2484 aliis
2176 2430 2307 2484 utile
2341 2431 2610 2500 perficiat.
2647 2431 2785 2487 Nam
2818 2441 2876 2486 ut
2920 2433 3066 2491 Deus
3098 2436 3167 2489 ad
3194 2435 3480 2492 hominum
3520 2454 3615 2509 ge-

2026 2537 2133 2577 nus
2157 2523 2405 2581 accedat.
2435 2532 2489 2579 et
2510 2540 2636 2579 cum
2675 2526 2967 2597 terrigenis
3001 2528 3367 2598 perambulet,
3413 2532 3611 2600 praeci-

2026 2615 2105 2685 pit
2137 2625 2197 2670 ut
2224 2617 2370 2673 viam
2408 2617 2624 2673 facilem
2650 2626 2814 2689 atque
2846 2622 3065 2691 plenam
3100 2622 3204 2692 ipsi
3234 2623 3504 2686 muniant,
3529 2622 3613 2677 di-

2024 2723 2156 2763 cens
2190 2727 2206 2765 :
2245 2725 2264 2757 σ
2306 2709 2417 2764 lter
2440 2710 2634 2776 facite;
2669 2730 2690 2764 ι
2726 2712 2842 2767 sive
2870 2712 3176 2768 secundum
3198 2713 3609 2784 Symmachum,

2030 2817 2049 2850 c
2079 2799 2356 2868 Sternite;
2386 2822 2403 2852 ι
2442 2802 2747 2857 secundum
2776 2804 3029 2874 Aquilam
3058 2821 3208 2869 vero,
3238 2823 3257 2855 ι
3293 2806 3339 2858 Α
3369 2807 3612 2861 surculis

2025 2895 2310 2959 mundate,
2342 2914 2361 2946 ι
2400 2895 2453 2949 id
2476 2902 2583 2961 est,
2614 2910 2776 2950 omne
2803 2904 3113 2950 tortuosum
3139 2894 3442 2959 auferte,et
3465 2900 3612 2966 quod

2026 3002 2281 3057 asperum
2312 2994 2420 3050 est,
2458 2987 2708 3051 sternite,
2739 2994 2800 3041 ut
2831 2986 2936 3040 iter
2971 2985 3067 3042 Dei
3098 2986 3166 3041 ad
3196 2986 3448 3043 homines
3496 2988 3614 3059 pla-

2025 3094 2159 3133 num
2186 3078 2459 3149 facileque
2509 3080 2725 3134 evadat.
2771 3078 3013 3149 Idipsum
3049 3079 3131 3135 sic
3160 3079 3331 3136 Isaias
3364 3081 3613 3136 declara-

2026 3172 2141 3225 vit’
2174 3190 2186 3225 :
2224 3191 2243 3224 ι
2284 3171 2483 3227 Parate
2513 3172 2657 3226 viam
2686 3170 2927 3238 Domini,
2962 3179 3145 3228 rectas
3171 3172 3334 3229 facite
3385 3174 3613 3229 semitas

2026 3264 2165 3334 ejus.
2204 3262 2397 3321 Omnis
2422 3265 2581 3321 vallis
2624 3265 2960 3334 implebitur,
3006 3272 3061 3321 et
3105 3265 3286 3321 omnis
3344 3281 3501 3321 mons
3560 3277 3616 3321 et

2026 3358 2183 3414 collis
2230 3358 2633 3414 humiliabitur.
2675 3356 2741 3413 Et
2778 3369 2941 3414 erunt
2970 3366 3223 3416 tortuosa
3264 3358 3320 3413 in
3349 3359 3494 3414 viam
3526 3377 3615 3415 re-

2026 3460 2196 3513 ctam,
2226 3458 2280 3506 et
2307 3467 2502 3523 aspera
2530 3453 2586 3507 in
2610 3453 2729 3508 vias
2776 3454 2991 3523 planas.
3058 3451 3124 3508 Et
3175 3455 3384 3511 videbit
3431 3455 3613 3509 omnis

2025 3560 2156 3598 caro
2182 3545 2426 3600 salutare
2454 3546 2570 3600 Dei.
2607 3567 2625 3598 ι
2665 3544 2766 3600 Hic
2785 3562 2915 3601 vero
2943 3562 3054 3601 non
3082 3548 3236 3617 prius
3285 3552 3393 3603 iter
3432 3548 3613 3602 facere

2020 3635 2199 3704 jubet,
2257 3653 2424 3707 quam
2476 3638 2804 3692 edidicerint
2863 3638 2960 3708 qui
3016 3641 3325 3694 canendum
3360 3648 3613 3711 oporteat

2026 3726 2137 3781 Deo
2196 3735 2251 3783 et
2306 3728 2653 3798 psallendum
2701 3728 2915 3782 nomini
2972 3729 3114 3798 ejus.
3173 3729 3271 3786 His
3306 3732 3610 3790 institutos.

2024 3828 2318 3891 postquam
2350 3821 2404 3877 id
2435 3822 2615 3891 reipsa
2651 3822 3027 3892 praestiterint,
3065 3822 3170 3877 iter
3202 3822 3401 3878 deinde
3430 3824 3612 3879 facere

2025 3914 2292 3984 praecipit,
2334 3913 2390 3968 id
2423 3923 2530 3977 est,
2561 3914 2834 3967 humanas
2868 3915 3081 3970 animas
3132 3930 3465 3986 praeparare,
3508 3933 3611 3986 pu-

2024 4022 2223 4077 rasque
2254 4006 2376 4061 illas
2411 4013 2465 4061 et
2495 4004 2562 4059 ad
2588 4006 2762 4076 ipsius
2794 4004 2889 4060 Dei
2917 4006 3211 4062 adventum
3247 4014 3466 4076 paratas
3497 4007 3609 4062 etii-

2023 4104 2169 4154 cere.
2200 4098 2567 4164 Quamobrem
2600 4097 2679 4151 ait
2716 4118 2728 4152 :
2769 4116 2787 4148 ι
2829 4098 2937 4153 lter
2960 4099 3124 4155 facite
3154 4099 3206 4153 ei
3227 4099 3320 4169 qui
3359 4100 3606 4155 ascendit

2026 4206 2194 4260 super
2218 4205 2500 4254 occasum,
2536 4189 2805 4245 Dominus
2830 4206 3031 4245 nomen
3068 4190 3167 4245 illi.
3219 4211 3236 4241 ι
3290 4189 3388 4244 llic
3442 4207 3608 4261 porro

2024 4279 2313 4334 Dominum
2350 4295 2490 4335 nova
2538 4295 2673 4335 voce
2722 4280 3027 4335 secundum
3060 4278 3387 4336 llebraicam
3419 4281 3609 4336 lectio-

2022 4387 2145 4427 nem
2176 4372 2449 4441 expressit
2514 4388 2530 4428 :
2592 4374 2775 4442 ipsum
2806 4373 3030 4444 quippe,
3088 4375 3163 4440 ia,
3213 4375 3604 4444 nuncupavit:

2022 4480 2192 4533 quare
2224 4462 2612 4535 Symmachus,
2651 4482 2670 4515 ι
2712 4464 2815 4520 Ρει·
2846 4467 2903 4518 ia
2930 4466 3256 4522 vocabulum
3285 4467 3429 4535 ejus,
3473 4486 3493 4518 ι
3524 4467 3608 4519 in-

333 4578 467 4615 σατε
522 4559 599 4630 τῷ
636 4560 986 4631 ἐπιϐεϐηκότι
1041 4561 1133 4613 ἐπὶ
1189 4560 1430 4631 δυσμῶν,
1496 4560 1700 4633 Κύριος
1746 4562 1919 4634 ὄνομα

2025 4563 2358 4625 terpretatus
2387 4565 2473 4611 est
2510 4576 2521 4610 :
2560 4558 2752 4627 quinta
2781 4570 2912 4611 vero
2946 4556 3137 4621 editio,
3175 4575 3193 4607 ι
3225 4554 3283 4610 1η
3318 4558 3372 4610 ia
3405 4572 3605 4611 nomen

332 4653 539 4724 αὐτῷ.»
574 4653 826 4725 Κέκληκε
879 4654 935 4707 δὲ
973 4654 1063 4706 τὸν
1115 4653 1319 4727 Κύριον
1368 4654 1598 4708 ἐνταῦθα
1626 4655 1918 4728 καινοτέρα

332 4750 484 4818 φωνῇ
546 4746 689 4800 κατά
755 4748 855 4821 τὴν
909 4748 1202 4820 Ἐϐραῖκὴν
1261 4747 1425 4813 λέξινθ
1478 4750 1539 4801 ἴα
1590 4749 1700 4821 γὰρ
1755 4750 1917 4802 αὐτὸν

328 4840 636 4911 ὠνόμασεν·
667 4842 788 4895 ὅθεν
810 4844 838 4896 6
867 4841 1179 4912 Σύμμαχος,
1238 4860 1255 4891 ι
1285 4842 1383 4896 Διὰ
1415 4840 1508 4895 τοῦ
1545 4843 1605 4895 ἴα
1651 4844 1684 4913 ἡ
1721 4843 1919 4912 ὀνομα-

331 4933 425 4985 σία
454 4932 672 4997 αύτοῦ,›
706 4934 1068 5005 ήρμήνευσεν·
1101 4933 1213 5005 ἡδὲ
1245 4934 1473 5005 πέμπτη
1504 4934 1735 4997 ἔκδυσις,
1769 4953 1787 4985 ι
1830 4935 1917 4986 Ἐν

326 5026 409 5097 τῷ
434 5028 496 5078 Ia
522 5026 584 5079 τὸ
635 5027 806 5097 δνομα
864 5026 1082 5080 αὐτοῦ.»
1118 5027 1367 5098 ᾘνίξατο
1408 5025 1465 5080 δὲ
1508 5026 1568 5079 τὸ
1619 5026 1790 5097 ὄνομα
1820 5026 1914 5079 τοῦ

325 5118 585 5189 Σωτῆρος
623 5117 797 5190 Ἰησοῦ
836 5118 923 5171 διὰ
950 5119 1050 5190 τῆς
1085 5119 1309 5192 πρώτης
1342 5119 1633 5191 συλλαϐῆς.
1659 5120 1770 5172 Καὶ
1795 5119 1919 5173 τοῦ-

322 5227 420 5263 τον
450 5210 791 5284 τὸν·Κύριον,
826 5204 888 5264 οῦ
916 5213 977 5265 τὸ
1004 5212 1175 5283 ὄνομά
1195 5229 1358 5282 φησιν
1387 5207 1527 5265 εἶναι
1559 5212 1646 5265 διά
1683 5211 1779 5264 τοῦ
1834 5212 1914 5274 ἴα,

324 5300 360 5370 ἢ
416 5301 476 5352 ἐν
520 5299 598 5371 τῷ
653 5302 734 5365 la,
784 5302 1171 5375 ἐπιϐεϐηκέναι
1228 5304 1321 5357 ἐπὶ
1373 5302 1593 5375 δυσμῶν
1653 5302 1913 5358 διδάσκει·

326 5393 590 5462 σημαίνει
622 5393 678 5446 δὲ
728 5396 828 5466 τὴν
859 5398 939 5458 είς
964 5395 1284 5468 ἀνθρώπους
1338 5396 1503 5450 αὐτοῦ
1561 5394 1795 5466 πάροδον
1824 5399 1917 5451 καὶ

321 5486 426 5558 τὴν
447 5486 712 5557 ἕνσαρκον
740 5488 1055 5558 ἐπιδημίαν.
1088 5489 1161 5541 Οὐ
1216 5488 1325 5560 γὰρ
1359 5488 1449 5541 τὸν
1485 5490 1543 5542 ἐν
1571 5492 1750 5562 μορφῇ
1781 5490 1915 5543 Θεοῦ

322 5581 462 5635 Θεὸν
478 5581 651 5649 Λόγον
682 5582 890 5651 γυμνὸν
912 5580 1183 5645 ἐπιδείξας
1213 5581 1407 5650 φώτων
1426 5580 1581 5654 δίκην
1608 5582 1916 5655 ἐξήστραψε

324 5674 419 5730 τὸν
440 5675 549 5729 τῶν
578 5675 882 5748 ἀνθρώπων
917 5676 1050 5746 βίον,
1084 5677 1298 5749 μορφὴν
1320 5676 1375 5730 δὲ
1402 5676 1589 5732 δούλου
1615 5678 1794 5733 λαϐὼν
1822 5680 1918 5733 καὶ

397 5836 545 5891 ’Isa.
580 5852 667 5899 XL,
710 5834 823 5891 5-5.
908 5838 948 5869 ¹⁰
980 5835 1179 5908 Ephes.
1217 5854 1283 5900 τι,
1321 5836 1406 5891 12.

2023 4649 2167 4718 ejus.
2208 4667 2228 4700 ι
2270 4646 2374 4703 Per
2394 4649 2629 4718 primam
2667 4656 2848 4702 autem
2876 4648 3140 4719 syllabam
3163 4663 3366 4703 nomen
3391 4646 3605 4723 Serva-

2025 4744 2158 4799 toris
2187 4741 2316 4798 Jesu
2358 4742 2748 4797 subindicavit.
2795 4741 2863 4795 Et
2895 4742 2986 4795 hic
3018 4749 3102 4795 est
3128 4740 3394 4796 Dominus
3447 4741 3608 4811 cujus

2021 4850 2221 4891 nomen
2249 4850 2346 4905 per
2379 4835 2455 4898 ia,
2507 4836 2590 4890 vel
2634 4835 2690 4889 in
2721 4834 2778 4887 ia
2807 4832 2941 4889 dicit
2971 4849 3097 4889 esse
3148 4852 3160 4886 :
3203 4842 3258 4889 et
3291 4834 3610 4891 ascendisse

2020 4942 2144 4982 eum
2177 4926 2245 4981 ad
2278 4940 2541 4980 occasum
2573 4923 2759 4987 docet,
2790 4923 3174 4996 significatque
3195 4925 3316 4995 ejus
3352 4926 3406 4979 in
3439 4941 3607 4981 carne

2020 5019 2317 5073 transitum
2348 5017 2417 5071 ad
2454 5017 2725 5074 homines.
2764 5018 2952 5088 Neque
2997 5022 3146 5074 enim
3208 5033 3355 5084 eum,
3408 5019 3500 5090 qui
3550 5020 3608 5074 in

2021 5110 2197 5165 forma
2230 5108 2327 5163 Dei
2351 5116 2493 5173 erat,
2527 5108 2698 5164 Deum
2731 5108 2968 5165 Verbum
2999 5109 3208 5165 nudum
3240 5110 3511 5166 exhibens
3530 5111 3609 5164 Iu-

2020 5203 2101 5257 cis
2138 5202 2336 5267 instar,
2363 5201 2668 5256 humanum
2708 5216 2883 5273 genus
2934 5202 3265 5266 illustravit;
3301 5201 3396 5257 sed
3426 5200 3603 5256 forma

2022 5295 2166 5349 servi
2198 5303 2447 5363 accepta,
2483 5294 2769 5364 radiisque
2796 5294 3019 5350 deitatis
3045 5311 3161 5351 sua:
3192 5295 3511 5355 contractis,
3547 5301 3603 5347 et

2019 5386 2074 5439 in
2096 5400 2331 5455 corpore
2352 5385 2513 5456 quasi
2539 5385 2850 5448 demersus,
2883 5402 3008 5443 cum
3043 5386 3111 5441 ad
3138 5395 3397 5441 occasum
3429 5398 3605 5453 usque

2022 5479 2269 5536 mortalis
2300 5480 2428 5535 vitae
2467 5480 2781 5537 devenisset
2809 5486 2994 5551 (quam
3031 5481 3198 5535 vitam
3220 5478 3438 5535 divinus
3455 5478 3604 5547 Apo-

2021 5582 2197 5635 stolus
2225 5582 2478 5638 tenebras
2504 5590 2684 5647 vocat,
2709 5582 2901 5637 dicens
2955 5599 2967 5635 :
3038 5598 3056 5631 ι
3102 5580 3381 5636 Adversus
3415 5576 3605 5635 mundi

2020 5686 2265 5733 rectores
2293 5677 2643 5734 tenebrarqu
2678 5676 2875 5731 harum
2897 5676 2939 5706 ¹⁰
2975 5675 3019 5745 ι)
3044 5692 3059 5741 ;
3088 5675 3203 5730 sive
3261 5674 3427 5729 etiam
3477 5684 3605 5730 cum
