4068 6542
429 367 533 420 69.7

1102 368 1371 426 EUSEDII
1422 367 1901 426 CAESABIENSIS
1939 369 2088 426 OPP.
2127 371 2307 426 PARS
2345 370 2431 426 HI.
2473 403 2541 412 ——
2584 369 2992 429 EXEGETlCA.

3590 379 3698 436 688

437 489 612 556 ipsam
666 495 896 543 mortem
925 487 1205 552 subiisset,
1252 486 1571 543 ascendisse
1598 488 1804 542 dicitur
1838 503 2004 559 super

2123 490 2205 554 τὰς
2229 492 2452 555 ἀκτῖνας
2472 493 2570 565 τῆς
2586 492 2778 546 ἑαυτοῦ
2804 491 3054 564 θεότητος
3076 491 3379 558 συστείλας,
3404 491 3699 567 καὶῶσπερ

435 607 716 648 occasum.
743 591 879 647 Huic
915 592 1082 662 igitur
1111 593 1364 657 Domino,
1412 595 1506 664 qui
1560 594 1808 648 ascendit
1843 610 2010 664 super

428 699 708 749 occasum,
739 685 898 752 cujus
931 699 1130 739 nomen
1161 684 1292 740 Jesu
1313 700 1410 756 per
1440 687 1494 738 ia
1519 686 1882 756 significatur,
1907 686 2011 740 iter

431 774 614 830 tacite.
646 775 770 833 Haec
795 791 962 845 porro
983 777 1284 847 apostolico
1318 777 1490 832 choro
1523 778 1746 848 spiritus
1775 777 2011 849 praphe-

431 869 575 924 ticus
629 871 897 942 praecipit,
942 881 995 926 et
1032 872 1162 926 illud
1213 887 1337 926 cum
1375 871 1660 927 alacritate
1693 881 1748 927 et
1811 872 2008 927 ﬁducia

431 975 627 1034 magna
679 963 856 1033 ipsum
916 979 1176 1036 peragere
1201 965 1378 1034 jubet.
1413 965 1780 1031 Quamobrem
1812 964 2010 1020 deinde

433 1053 635 1110 infert:
673 1073 692 1107 ι
727 1054 793 1110 Ει
815 1057 1087 1112 exsultate
1111 1058 1167 1112 in
1193 1065 1494 1128 conspectu
1521 1057 1672 1127 ejus;
1709 1077 1726 1110 ι
1772 1057 1888 1113 sive
1920 1073 2010 1112 se-

431 1146 671 1202 cundum
725 1147 1140 1220 Symmachum,
1200 1167 1219 1201 ‹
1263 1147 1330 1203 Et
1384 1135 1692 1220 gloriamini
1744 1149 1801 1203 in
1872 1148 2011 1204 facie

432 1241 572 1308 ejus.
639 1260 658 1292 ι
707 1240 884 1295 Aliam
930 1258 1148 1314 quoque
1200 1242 1449 1313 praedicti
1503 1243 1721 1297 Domini
1761 1242 2010 1297 notitiam

431 1331 637 1401 praebet
657 1330 848 1387 dicens
874 1350 889 1389 :
927 1351 945 1384 ι
977 1331 1158 1388 Patris
1183 1334 1560 1403 orphanorum
1597 1340 1652 1388 et
1693 1333 1900 1403 judicis
1932 1333 2013 1386 vi-

429 1423 686 1478 duarum.
726 1443 745 1476 ›
783 1421 899 1481 Nisi
931 1425 1076 1480 enim
1109 1432 1266 1496 pater
1317 1427 1693 1496 orphanorum
1731 1433 1787 1480 et
1816 1423 2011 1479 vindex

425 1516 706 1587 judexque
729 1519 1017 1573 viduarum
1057 1519 1197 1574 eﬂici
1225 1519 1487 1591 dignatus
1514 1527 1683 1587 esset,
1728 1518 1878 1577 nulla
1908 1517 2012 1587 ipsi

429 1610 572 1664 ratio
603 1609 798 1666 fuisset
830 1626 955 1666 cum
987 1611 1288 1668 humilibus
1317 1619 1498 1667 terrm.
1529 1611 1598 1665 At
1628 1611 1756 1682 quia
1789 1625 1886 1680 per
1907 1609 2011 1663 hu-

429 1701 713 1758 manitatis
755 1717 1044 1758 excessum
1080 1703 1340 1774 dignatus
1373 1710 1457 1758 est
1490 1702 1791 1758 ascendere
1847 1717 2012 1772 super

430 1808 711 1861 oceasum,
747 1803 802 1852 et
846 1796 900 1852 in
937 1797 1178 1852 tenebris
1216 1796 1590 1865 orphanorum
1624 1803 1780 1867 pater
1802 1794 2008 1859 vocari,

429 1896 483 1942 et
513 1889 802 1945 viduarum
841 1890 1150 1962 patrocinio
1200 1891 1532 1955 carentium,
1593 1890 2012 1958 animarumque

430 1980 712 2046 orbarum,
751 1981 920 2052 judex
965 1990 1019 2038 et
1055 1983 1202 2037 ultor
1245 1981 1422 2049 efﬁci;
1458 1981 1584 2052 jure
1623 1982 1690 2037 a‘d
1735 1982 2012 2051 orphanos

431 2073 678 2130 cmlestis
704 2073 883 2130 Patris
921 2076 1164 2146 ignaros.
1189 2087 1241 2132 et
1264 2079 1329 2133 ad
1347 2078 1543 2133 viduas
1566 2075 1779 2130 animas
1808 2089 2014 2145 sponso

430 2165 593 2220 orbas
624 2167 768 2222 viam
798 2168 1053 2238 apparari
1079 2169 1254 2238 jubet.
1281 2170 1431 2224 Alias
1456 2184 1675 2239 quoque
1708 2167 2014 2223 Providen-

432 2258 523 2314 tiae
580 2259 845 2314 rationem
895 2260 1010 2314 haec
1073 2262 1347 2316 sententia
1383 2260 1767 2322 declaraverit,
1809 2259 2014 2314 docens

435 2349 628 2406 viduas
647 2359 702 2404 et
731 2351 1030 2420 orphanos,
1049 2351 1215 2406 orbos
1253 2358 1304 2406 et
1344 2351 1651 2421 patrocinio
1677 2361 1931 2406 carentes
1959 2350 2014 2404 in

434 2441 642 2497 mundo
681 2442 918 2512 relinqui
950 2458 1060 2496 non
1107 2443 1226 2499 sine
1271 2443 1480 2498 ratione
1515 2450 1569 2497 et
1597 2443 1863 2513 sapientia
1895 2441 2014 2507 Dei;

433 2533 532 2590 sed
579 2534 658 2589 ad
700 2534 822 2604 ejus
869 2534 1122 2606 gloriam,
1157 2535 1386 2604 ejusque
1417 2535 1618 2589 divinm
1652 2533 2017 2605 providentia:

433 2636 836 2700 argumentum.
863 2627 1017 2699 Saepe
1050 2629 1234 2698 itaque
1267 2628 1500 2699 orphani
1530 2627 1853 2698 parentibus
1871 2627 2013 2692 orbi,

434 2722 752 2777 accuratius
780 2722 958 2777 edocti
984 2728 1038 2777 et
1073 2721 1274 2776 litteris
1305 2721 1544 2775 instituti
1576 2721 1750 2785 fuere,
1781 2735 1945 2792 quam
1978 2720 2017 2774 ii

433 2813 527 2884 qui
559 2828 590 2868 a
624 2814 944 2884 parentibus
985 2813 1203 2869 educati
1233 2822 1393 2880 sunt;
1445 2813 1689 2884 itemque
1745 2813 2019 2868 diuturnae

431 2905 560 2961 vitae.
587 2914 641 2961 et
671 2905 866 2961 annosi
899 2908 1229 2962 exstiterunt
1264 2923 1276 2959 :
1315 2921 1492 2976 neque
1533 2906 1711 2960 solum
1746 2906 1814 2960 iis
1844 2906 2016 2961 victui

433 3000 748 3056 necessaria
777 2997 1030 3065 adfuere;
1058 2999 1167 3053 imo
1189 2999 1354 3054 etiam
1390 2999 1640 3069 praeclari
1674 3009 1727 3053 et
1775 2998 2018 3054 illustres

433 3107 659 3148 evasere
687 3091 811 3145 viri.
844 3089 1083 3160 Parique
1114 3092 1278 3146 modo
1322 3091 1583 3145 mulieres
1636 3089 1693 3144 in
1727 3089 2016 3145 viduitatis

434 3185 796 3240 infortunium
830 3186 1016 3254 lapsae,
1061 3183 1338 3249 alacriori,
1384 3183 1614 3238 feliciori
1670 3197 1733 3236 ac
1793 3182 2016 3252 religio-
2045 3225 2087 3282 α

438 3279 576 3334 siori
609 3278 720 3330 vita
755 3276 1057 3347 perfuncta:
1091 3283 1241 3337 sunt,
1266 3290 1429 3345 quam
1459 3275 1565 3330 illae
1591 3289 1714 3344 quae
1737 3275 1792 3327 in
1827 3275 2020 3343 conju-

435 3369 526 3438 gi‘o
549 3370 716 3424 vitam
749 3377 995 3440 egerant.
1032 3367 1178 3424 Deus
1213 3369 1414 3439 quippe
1454 3369 1579 3438 plus
1609 3368 1873 3439 orphanis
1899 3382 2024 3438 pro-

439 3458 622 3528 spicit,
669 3475 834 3530 quam
891 3466 1073 3530 patres
1133 3459 1295 3527 filiis;
1329 3469 1384 3514 et
1419 3462 1708 3515 viduarum
1755 3469 2022 3531 patronus

437 3553 744 3624 vindexque
772 3559 876 3608 est.
905 3552 1086 3619 Quare
1113 3551 1320 3607 dictum
1361 3561 1445 3607 est
1476 3571 1490 3608 :
1538 3572 1556 3605 ι
1612 3552 1794 3613 Patris
1821 3555 2022 3624 orpha-

438 3647 636 3699 n‘orum
668 3643 944 3713 etjudicis
963 3645 1276 3699 viduarum.
1311 3663 1330 3695 ι
1358 3643 1466 3699 Pro
1497 3645 1590 3699 illo
1615 3650 1818 3710 autem,
1856 3664 1874 3697 ι
1917 3647 2021 3712 Qui

441 3735 689 3792 as'cen'dit
717 3753 881 3807 super
921 3752 1219 3804 occasum;
1260 3756 1278 3789 ι
1316 3734 1701 3807 Symmachus,
1739 3755 1757 3788 ι
1795 3738 1896 3805 Qui
1931 3754 2024 3792 ve-

446 3827 597 3882 liitur
645 3829 700 3883 in
751 3815 1074 3884 inhabitata:
1144 3849 1162 3881 ι
1223 3829 1586 3885 lnhabitatam
1639 3846 1804 3901 porro
1840 3839 2021 3895 vocat,

441 3920 870 3994 alicnigenarum
905 3931 960 3978 et
1000 3931 1387 3978 extranearum
1431 3923 1677 3992 gentium
1705 3924 2022 3995 regionem;

442 4043 565 4098 quae
604 4028 727 4082 aliis
760 4029 818 4081 in
866 4028 1008 4082 locis
1043 4028 1324 4083 desertum
1381 4029 1689 4096 nuncupari
1750 4030 1911 4084 solet.
1948 4029 2027 4085 Ac

443 4149 640 4188 rursus
658 4149 756 4203 pro
781 4133 896 4198 illo,
935 4155 954 4187 ο
978 4135 1184 4204 judicis
1212 4132 1545 4202 viduarum;
1585 4154 1603 4187 ι
1640 4134 1858 4204 Aquila,
1889 4155 1906 4186 ι
1938 4135 2030 4204 ju-

443 4242 680 4298 dicanlis
710 4243 944 4309 viduas;
1004 4263 1022 4296 ι
1083 4241 1470 4314 Symmachus,
1517 4261 1537 4294 ι
1575 4243 1896 4298 ulciscentis
1945 4244 2029 4298 vi-

444 4349 606 4405 duas.
648 4369 668 4402 ›
702 4349 967 4420 Apposite
1021 4349 1314 4405 admodum
1373 4357 1586 4421 patrem
1622 4349 2023 4419 orphanorum,

444 4451 994 4524 viduarumjudleem
1015 4461 1194 4508 vocat.
1228 4452 1368 4519 Quia
1405 4452 1550 4508 enim
1584 4467 1695 4508 non
1715 4468 1911 4510 omnes
1945 4455 2031 4508 vi-

446 4561 568 4616 duaa
599 4561 791 4616 eodem
838 4560 964 4616 vitae
1015 4561 1271 4616 instituto
1327 4571 1475 4626 sunt,
1538 4560 1851 4630 dijudicans
1906 4561 2025 4632 ipse

2112 596 2347 661 καταδὺς
2373 599 2431 650 ὲν
2464 597 2540 668 τῷ
2563 595 2795 668 σώματι,
2831 597 2922 650 ἐπὶ
2953 597 3173 668 δυσμῶν
3196 613 3256 649 τε
3281 597 3572 667 γενόμενος
3600 598 3696 652 τοῦ

2112 687 2304 756 θνητοῦ
2337 687 2472 762 βίου,
2499 687 2596 757 (ὃν
2615 689 2643 740 6
2672 686 2814 749 θεῖος
2848 686 3165 750 Ἀπόστολος
3194 686 3382 748 σκότος
3413 685 3698 758 ὠνόμασεν

2113 778 2303 833 εἰπών·
2348 800 2366 830 ι
2391 779 2536 851 Πρὸς
2557 781 2683 842 τοὺς
2709 779 3160 850 κοσμοκράτορας
3193 777 3287 832 τοῦ
3311 779 3535 842 σκότους
3564 779 3698 832 τού-

2109 873 2250 944 του·)
2288 893 2305 924 ι
2329 872 2444 944 ἢέν
2477 871 2626 942 αύτῷ
2646 871 2881 935 καταδὺς
2907 871 2985 942 τῷ
3030 869 3264 942 Θανάτῳ,
3299 870 3546 925 λέλεκται
3578 874 3701 924 ἐπι-

2113 966 2408 1037 ϐεϐηκέναι
2431 967 2524 1019 ἐπὶ
2548 965 2786 1036 δυσμῶν.
2817 964 3005 1036 Τούτῳ
3033 960 3152 1028 οὖν,
3207 964 3362 1034 φησὶ,
3389 963 3470 1034 τῷ
3513 964 3701 1017 ἐπιϐε-

2113 1061 2302 1130 ϐηκότι
2343 1061 2435 1113 ἐπὶ
2479 1058 2702 1130 δυσμῶν
2745 1058 2957 1130 Κυρίῳ,
2989 1053 3050 1112 οὗ
3089 1058 3148 1111 τὸ
3192 1057 3366 1127 Ἰησοῦ
3395 1058 3568 1128 ὄνομα
3608 1056 3702 1110 διὰ

2115 1151 2207 1205 τοῦ
2274 1152 2334 1204 τα
2392 1151 2738 1222 σημαίνεται,
2799 1149 3172 1221 ὀδοποιήσατε.
3231 1149 3567 1219 Προστάττει
3639 1148 3700 1201 δὲ

2112 1245 2286 1299 ταῦτα
2340 1245 2400 1297 τὸ
2438 1245 2661 1315 Πνεῦμα
2718 1242 2780 1296 τὸ
2843 1242 3180 1315 προφητικὸν
3227 1241 3305 1313 τῷ
3355 1241 3703 1313 ἀποστολικῷ

2110 1337 2276 1410 χορῷ,
2314 1337 2407 1390 καὶ
2438 1337 2598 1390 τοῦτο
2627 1337 2885 1408 πράττειν
2936 1335 3033 1388 σὺν
3066 1333 3232 1404 πολλῇ
3288 1333 3568 1405 προθυμίᾳ
3602 1333 3705 1387 καὶ

2112 1431 2396 1502 παρρησία
2422 1428 2816 1482 ὲπικελεύεται.
2867 1427 2958 1480 Διό
3008 1425 3251 1493 ἐπιλέγει
3299 1425 3444 1495 ἑξῆς·
3517 1443 3536 1475 ε
3588 1425 3705 1478 Καὶ

2114 1521 2444 1591 ἀγαλλιᾶσθε
2477 1520 2706 1576 ἐνώπιον
2761 1519 2982 1573 αὐτοῦ’»
3018 1517 3051 1588 ἢ
3084 1517 3225 1571 κατά
3249 1516 3340 1570 τὸν
3380 1516 3700 1588 Σύμμαχον.

2120 1635 2137 1668 ι
2162 1616 2272 1670 Καὶ
2300 1614 2599 1688 γαυριᾶσθε
2625 1616 2707 1677 εἰς
2740 1613 3031 1685 πρόσωπον
3058 1610 3244 1664 αὐτοῦ.
3262 1629 3281 1661 ι
3317 1610 3428 1663 Καὶ
3483 1608 3610 1662 ἄλλο
3640 1609 3702 1662 δὲ

2113 1707 2396 1780 γνώρισμα
2427 1707 2608 1760 δίδωσι
2638 1705 2729 1758 τοῦ
2762 1703 3198 1776 προδηλωθέντος
3245 1703 3471 1773 Κυρίου,
3503 1701 3702 1770 λέγων’

2121 1821 2139 1852 ‹
2177 1800 2283 1854 Τοῦ
2319 1800 2525 1872 πατρὸς
2550 1798 2658 1852 τῶν
2688 1797 2940 1868 ὀρφανῶν
2968 1795 3065 1850 καὶ
3098 1795 3287 1868 κριτοῦ
3319 1794 3424 1848 τῶν
3453 1793 3697 1865 χηρῶν.»

2042 1870 2085 1925 Β
2113 1892 2177 1945 Et
2215 1893 2289 1964 μὴ
2331 1870 2440 1964 γὰρ
2472 1890 2722 1963 ὀρφανῶν
2747 1888 2947 1960 ἠξίωσε
2981 1886 3231 1956 γενέσθαι
3275 1886 3478 1959 πατὴρ,
3514 1884 3705 1957 χηρῶν

2114 2003 2171 2038 τε
2196 1984 2408 2048 ἔκδικος
2438 1984 2530 2037 καὶ
2579 1981 2796 2056 κριτὴς,
2847 1979 3023 2043 οὐδεὶς
3068 1974 3135 2050 ἦν
3172 1976 3320 2048 αύτῷ
3363 1976 3518 2045 λόγος
3563 1977 3706 2048 πρὸς

2113 2078 2239 2140 τοὺς
2264 2076 2356 2128 ἐπὶ
2400 2076 2504 2146 γῆς
2553 2072 2864 2136 ταπεινούς.
2929 2071 3082 2124 Ἐπεὶ
3135 2069 3191 2124 δὲ
3241 2069 3362 2122 καθ’
3397 2067 3708 2140 ὑπερϐολὴν

2115 2168 2524 2239 φιλανθρωπίας
2551 2165 2888 2237 κατηξίωσεν
2913 2163 3170 2234 ἐπιϐῆναι
3211 2163 3304 2215 ἐπὶ
3333 2160 3574 2231 δυσμῶν,
3607 2163 3708 2214 καὶ

2114 2261 2222 2315 τῶν
2251 2263 2308 2314 ὲν
2339 2259 2416 2329 τῷ
2439 2259 2614 2330 σκότῳ
2637 2257 2888 2330 ὀρφανῶν
2916 2255 3252 2328 χρηματίσαι
3284 2253 3486 2325 πατὴρ,
3506 2252 3614 2305 τῶν
3645 2268 3713 2304 τε

2115 2356 2220 2408 ἀπε
2227 2353 2493 2425 ριστάτων
2517 2351 2705 2423 χηρῶν
2724 2369 2782 2404 τε
2810 2350 2904 2404 καὶ
2937 2351 2962 2402 ὲ
2970 2351 3037 2422 ρή
3048 2366 3161 2419 μων
3193 2346 3383 2418 ψυχῶν
3401 2347 3593 2418 κριτὴς
3611 2347 3713 2398 καὶ

2116 2447 2326 2512 ἔκδικος
2358 2445 2630 2514 γενέσθαι’
2668 2444 2894 2508 εἰκότως
2941 2442 3038 2515 τὴν
3068 2442 3182 2496 ὁδὸν
3215 2441 3576 2513 τὴν,ἀγουσαν
3613 2441 3712 2492 ἐπὶ

2115 2543 2238 2606 τοὺς
2266 2540 2538 2613 ὀρφανοὺς
2596 2539 2722 2601 τοὺς
2748 2537 2838 2590 τὸν
2872 2535 3192 2608 ἐπουράνιον
3237 2533 3564 2603 ἀγνοοῦντας
3589 2534 3709 2585 Πα-

2115 2634 2269 2705 τέρα,
2304 2632 2396 2686 ἐπί
2445 2649 2504 2684 τε
2553 2631 2653 2694 τὰς
2701 2630 3069 2702 ὲστερημένας
3101 2628 3196 2682 τοῦ
3243 2627 3478 2698 νυμφίου
3533 2627 3711 2696 χήρας

2116 2728 2294 2800 ψυχάς
2325 2726 2590 2780 ὁδοποιεῖν
2622 2721 3075 2796 παρακελεύεται.
3128 2719 3239 2772 Καὶ
3293 2718 3466 2780 άλλως
3501 2717 3578 2781 δὲ,
3611 2715 3713 2767 τοῦ

2119 2820 2245 2892 περὶ
2271 2817 2536 2891 Προνοίας
2560 2816 2720 2885 λόγου
2753 2815 2949 2883 γένοιτ’
3002 2812 3066 2866 ἂν
3097 2813 3130 2884 ἡ
3178 2810 3386 2864 διάνοια
3423 2826 3712 2882 παραστα-

2116 2912 2266 2984 τικὴ,
2307 2911 2655 2974 διδάσκουσα,
2687 2909 2767 2962 ὅτι
2792 2907 2958 2978 χῆραι
3002 2905 3096 2959 καὶ
3130 2903 3356 2975 ὀρφανοὶ
3386 2901 3581 2974 ἔρημοι
3613 2903 3716 2954 καὶ

2119 3005 2223 3059 ἀπε
2234 3004 2469 3076 ρίστατοι
2495 3000 2917 3055 καταλείπονται
2941 2997 2999 3049 ὲν
3021 2994 3098 3067 τῷ
3125 2994 3227 3066 βίῳ
3254 2995 3355 3047 οὐκ
3399 2992 3526 3046 ἄνευ
3548 2992 3715 3061 λόγου

2119 3097 2212 3149 καὶ
2246 3095 2437 3164 σοφίας
2458 3091 2617 3158 Θεοῦ,
2645 3091 2760 3145 ἀλλ’
2787 3093 2866 3153 είς
2891 3088 3045 3154 δόξαν
3066 3087 3231 3141 αὑτοῦ
3255 3089 3348 3140 καὶ
3377 3090 3457 3150 είς
3488 3086 3717 3151 ἔνδειξιν

2118 3190 2220 3259 τῆς
2246 3187 2410 3242 αὑτοῦ
2445 3185 2595 3249 θείας
2621 3185 2948 3256 ἐπισκοπῆς.
2984 3181 3251 3245 Πολλάκις
3269 3181 3398 3249 γοῦν
3426 3182 3476 3234 ot
3509 3180 3714 3248 γονέων

2127 3280 2480 3353 ἐστερημένοι
2510 3278 2698 3342 παῖδες
2721 3276 2948 3350 ὀρφανοὶ
2981 3274 3180 3346 μᾶλλον
3210 3274 3318 3326 τῶν
3345 3272 3449 3326 ὑπὸ
3473 3272 3716 3342 πατράσι

2126 3372 2442 3446 τραφέντων
2475 3370 2648 3439 λόγων
2680 3369 2772 3422 καὶ
2808 3368 3055 3430 παιδείας
3103 3367 3384 3437 μετέσχον,
3423 3364 3718 3437 μακρόϐιοί

2127 3483 2187 3519 τε
2220 3466 2312 3519 καὶ
2360 3463 2700 3536 πολυχρόνιοι
2755 3462 3030 3531 γεγόνασι’
3064 3461 3156 3514 καὶ
3201 3459 3262 3512 ού
3299 3459 3456 3529 μόνον
3509 3457 3720 3528 τροφῆς

2129 3559 2471 3630 ηὐπόρησαν,
2491 3553 2625 3608 ἀλλὰ
2644 3555 2738 3607 καὶ
2770 3555 2848 3616 εἰς
2879 3553 3180 3624 ἐπισήμους
3209 3549 3407 3621 ἄνδρας
3422 3547 3717 3620 προῆλθον.

2130 3650 2242 3706 Καὶ
2275 3653 2528 3719 γυναῖκες
2556 3647 2818 3710 ὡσαύτως
2849 3645 3046 3719 χηρίαν
3073 3644 3474 3715 δυστυχήσασαι
3516 3640 3719 3712 μᾶλλον

2131 3746 2239 3799 τῶν
2264 3747 2320 3798 έν
2353 3742 2580 3815 συζυγίᾳ
2615 3741 2726 3813 βίον
2755 3739 2989 3812 εὔθυμον
3019 3738 3112 3792 καὶ
3139 3737 3341 3792 ἄλυπον
3363 3735 3457 3790 καὶ
3490 3734 3719 3806 θεωεόῆ

2132 3837 2426 3910 διεξῆλθον·
2460 3837 2553 3891 τοῦ
2602 3833 2738 3890 Θεοῦ
2772 3837 2886 3897 τοῖς
2914 3832 3016 3900 μὲν
3061 3833 3317 3904 ὀρφανοῖς
3366 3830 3504 3900 ὑπὲρ
3538 3829 3720 3882 πάντα

2134 3931 2346 4001 πατέρα
2380 3927 2770 3990 καταστάντος,
2804 3927 2923 3988 ταῖς
2971 3922 3028 3975 δὲ
3080 3925 3278 3994 χήραις
3332 3919 3721 3990 ἀντιλήπτορος

2135 4038 2230 4092 καὶ
2257 4035 2492 4090 ἐκδίκου.
2517 4034 2607 4087 Διό
2635 4032 2865 4106 εἴρηται·
2913 4052 2930 4083 ι
2960 4028 3069 4084 Τοῦ
3111 4029 3313 4100 πατρὸς
3338 4026 3446 4081 τῶν
3467 4025 3722 4098 ὀρφανῶν

2136 4139 2230 4192 καὶ
2261 4137 2446 4208 κριτοῦ
2489 4135 2598 4189 τῶν
2645 4133 2884 4207 χηρῶν.»
2931 4133 3075 4186 Ἀντὶ
3107 4130 3163 4183 δὲ
3199 4129 3319 4194 τοῦ,
3361 4147 3380 4180 ι
3419 4127 3508 4199 Τῷ
3536 4126 3723 4180 67:265-

2138 4244 2331 4315 ϐηκότι
2366 4244 2459 4296 ἐπὶ
2489 4240 2764 4312 δυσμῶν,ι
2799 4241 2826 4292 ὀ
2849 4239 3162 4310 Σύμμαχος·
3206 4256 3224 4287 ι
3254 4234 3344 4306 Τῷ
3372 4230 3725 4304 ἐποχουμένη)

2141 4349 2198 4400 ὲν
2229 4349 2297 4418 τῇ
2336 4345 2629 4417 ἀοικήτῳ.»
2672 4345 2955 4415 Ἀοίκητον
2992 4342 3048 4394 δὲ
3082 4339 3239 4394 καλεῖ
3280 4338 3378 4409 τὴν
3420 4335 3528 4390 τῶν
3563 4334 3722 4388 ἀλλο-

2139 4453 2314 4523 γενῶν
2336 4453 2432 4506 καὶ
2461 4451 2776 4522 ἀλλοφύλων
2805 4449 2973 4504 ἐθνῶν
3001 4446 3208 4521 χώραν’
3245 4446 3312 4516 ἣν
3363 4443 3566 4519 ἔρημον
3607 4441 3726 4494 ὀνο-

2146 4562 2336 4634 μάζειν
2368 4562 2426 4614 ὲν
2451 4562 2662 4631 ἑτέροις
2704 4557 2894 4613 εἴωθεν
2935 4558 2964 4610 6
2995 4555 3172 4626 λόγος.
3211 4551 3321 4606 Καὶ
3368 4549 3529 4603 πάλιν
3578 4548 3720 4609 ἀντὶ,

448 4680 696 4737 quamam
725 4683 784 4723 se
823 4666 1020 4740 dignae,
1053 4683 1175 4739 quae
1208 4683 1318 4723 non
1351 4667 1529 4740 dignae
1575 4668 1706 4731 sint,
1746 4665 1915 4737 judex
1941 4682 2021 4722 ea-

2149 4687 2167 4720 ι
2200 4668 2293 4723 τοῦ
2320 4667 2508 4742 κριτοῦ
2533 4665 2641 4719 τῶν
2663 4663 2901 4736 χηρῶν,›
2933 4663 2961 4716 ὀ
3006 4661 3103 4733 μὲν
3143 4657 3395 4721 Ἀκύλας,
3418 4675 3438 4706 ι
3465 4651 3726 4708 δικαστοῦ

450 4788 572 4826 rum
607 4774 983 4830 constituitur.
1017 4773 1203 4844 Neque
1233 4781 1418 4830 tamen
1469 4774 1587 4845 pari
1635 4772 1798 4827 modo
1827 4773 2029 4844 orpha-

449 4894 645 4934 norum
667 4881 835 4950 judex
870 4880 1036 4935 fuerit
1069 4901 1082 4936 :
1113 4897 1271 4952 mque
1286 4883 1432 4937 enim
1463 4881 1573 4936 illis
1605 4896 1704 4936 ceu
1731 4889 1887 4951 pater
1904 4895 2034 4952 pro-

453 4988 640 5058 spicit.

2140 4774 2346 4846 χηρῶν,
2362 4795 2380 4826 ι
2401 4775 2429 4827 6
2460 4773 2516 4825 δὲ
2535 4751 2859 4841 Σύμμαχος,
2880 4787 2899 4819 ι
2930 4768 3024 4822 καὶ
3041 4762 3456 4838 ὑπερδικοῦντος
3478 4759 3687 4832 χηρῶν,
3702 4777 3720 4807 ι

2140 4883 2517 4952 ήρμήνευσαν.
2556 4879 2770 4949 Σφόδρα
2791 4877 2847 4931 δὲ
2893 4874 3136 4949 ἀκριϐῶς
3162 4870 3410 4945 ὀρφανῶν
3441 4868 3537 4940 μὲν
3561 4867 3726 4920 αὑτὸν

2143 4986 2358 5061 πατέρα
2383 4983 2668 5046 ἀποκαλεῖ,
2702 4982 2886 5054 χηρῶν
2931 4981 2988 5034 δὲ
3033 4979 3248 5051 κριτήν.
3291 4973 3446 5028 Ἐπεὶ
3488 4971 3597 5042 γὰρ
3651 4969 3727 5041 μὴ

454 5083 626 5138 πᾶσαι
653 5084 818 5156 χῆραι
844 5085 944 5155 τῆς
971 5085 1094 5157 ίσης
1127 5086 1431 5156 ὑπάρχουσι
1494 5084 1886 5156 προαιρέσεως,
1945 5083 2238 5156 διακρίνων
2307 5081 2404 5144 τὰς
2463 5078 2618 5147 ἀξίας
2653 5077 2816 5131 αὐτοῦ
2888 5077 2980 5131 καὶ
3021 5074 3119 5138 τὰς
3171 5073 3246 5144 μὴ
3287 5067 3563 5131 τοιαύτας,
3607 5082 3728 5136 κρι-

453 5179 553 5251 τὴς
580 5181 758 5234 αὐτῶν
790 5180 1134 5236 καθίσταται.
1162 5184 1239 5235 Οὐ
1285 5181 1390 5254 μὴν
1429 5183 1522 5235 καὶ
1552 5181 1802 5253 ὀρφανῶν
1837 5181 2037 5250 ὁμοίως
2073 5179 2268 5248 γένοιτ’
2312 5178 2380 5232 ἂν
2403 5177 2628 5250 κριτής’
2660 5174 2718 5240 ἐξ
2752 5175 2868 5226 ἴσου
2901 5172 3011 5243 γὰρ
3034 5169 3239 5224 τούτων
3305 5163 3510 5236 πατρὸς
3572 5159 3728 5228 δίκην

455 5277 692 5346 προνοεῖ.

534 5400 697 5456 Vens.
732 5399 782 5453 7.
824 5417 843 5450 ι
884 5397 1027 5454 Deus
1072 5400 1125 5452 in
1161 5399 1281 5454 loco
1317 5408 1509 5455 saneto
1537 5417 1660 5465 suo,
1705 5401 1851 5458 Deus
1881 5403 2039 5456 inha-

468 5494 643 5548 bitare
663 5491 792 5546 facit
829 5495 993 5546 unius
1013 5491 1185 5546 moris
1217 5493 1270 5545 in
1301 5491 1488 5547 domo.
1529 5513 1547 5546 ι
1581 5493 1720 5559 Quia
1774 5510 2044 5549 memora-

459 5595 576 5639 tum
614 5584 905 5640 Dominum
939 5585 1098 5655 quasi
1146 5583 1458 5653 deprimens
1487 5586 1746 5640 humilem
1775 5588 1830 5641 in
1865 5587 2043 5641 locum

462 5678 785 5739 deduxerat,
828 5678 1018 5733 dicens
1037 5677 1356 5733 ascendisse
1380 5694 1549 5747 super
1579 5693 1861 5742 occasum,
1893 5695 2042 5735 esse-

463 5784 570 5838 que
604 5778 815 5838 patrem
849 5771 1219 5842 orphanorum
1242 5781 1296 5824 et
1322 5769 1564 5838 judicem
1598 5771 1922 5839 viduarum;
1949 5788 2046 5828 ne-

465 5866 706 5921 cessario
754 5867 820 5921 ad
851 5867 971 5937 ejus
1019 5865 1276 5921 deitatem
1329 5863 1734 5933 praedicandam
1790 5866 2040 5931 vertitur.

2226 5422 2244 5455 ι
2282 5403 2340 5455 '0
2369 5401 2502 5463 Θεὸς
2536 5401 2592 5452 ἐν
2631 5399 2781 5466 τόπῳ
2818 5396 2958 5466 ἁγίῳ
2991 5393 3176 5457 αὑτοῦ,
3210 5393 3242 5444 6
3263 5388 3396 5452 Θεὸς
3428 5381 3729 5445 κατοικίζει

2152 5495 2515 5566 μονοτρόπους
2545 5493 2602 5545 ὲν
2661 5491 2846 5562 οἴκῳ.)
2895 5488 3113 5557 Ἐπειδὴ
3169 5485 3259 5539 τὸν
3320 5476 3730 5554 προδηλωθέντα

2149 5587 2352 5658 Κύριον
2383 5587 2532 5640 κάτω
2555 5603 2655 5638 που
2687 5586 2780 5636 ἐπὶ
2826 5583 2887 5636 τὸ
2931 5580 3184 5636 ταπεινὸν
3237 5577 3548 5663 κατήγαγεν
3575 5572 3604 5622 ὀ

2148 5695 2262 5747 γος,
2294 5675 2677 5746 ἐπιϐεϐηκέναι
2707 5674 2799 5725 ἐπὶ
2825 5669 3044 5741 δυσμῶν
3080 5671 3258 5738 φήσας
3279 5661 3460 5721 αὑτὸν,
3481 5658 3736 5728 ὀρφανῶν

2149 5787 2206 5823 τε
2230 5765 2369 5822 εἶναι
2401 5767 2614 5838 πατέρα
2639 5765 2732 5819 καὶ
2759 5763 2943 5836 χηρῶν
2969 5760 3182 5833 κριτὴν,
3215 5751 3525 5823 ἀναγκαίως
3572 5748 3736 5798 ἔπανο

2151 5863 2370 5932 έρχεται
2404 5860 2496 5913 ἐπὶ
2545 5861 2643 5928 τὴν
2710 5861 2840 5925 περὶ.
2881 5853 3044 5910 αὑτοῦ
3103 5848 3403 5918 θεολογίαν,
3443 5841 3738 5914 διδάσκων.
