4068 6524
367 371 478 424 68S

1505 366 2014 424 COMMENTARIA
2053 367 2119 423 IN
2161 367 2500 425 PSALMOS.

3505 439 3515 458 ι
3536 369 3646 426 690

354 491 452 546 ’δτι
476 481 597 553 ταὶς
632 489 729 561 μὶν
756 487 1170 562 προλεχθείσαις
1201 487 1436 557 δυσμαῖς
1463 485 1553 540 διά
1579 503 1732 550 τινας
1750 487 1957 540 οἰκονο-

2062 486 2264 540 docens
2283 500 2409 540 eum
2428 481 2497 538 ad
2524 483 2844 554 praedictum
2871 482 3130 540 occasum
3159 499 3256 553 per
3281 481 3643 542 (economiam

353 584 503 656 μίας
528 582 662 654 πρὸς
697 581 903 652 βραχὺν
934 578 1204 633 ἐπιϐαίνει
1234 579 1445 649 χρόνον·
1477 579 1538 631 τό
1571 596 1635 648 γε
1677 580 1782 651 μὴν
1808 580 1962 650 οίκη-

364 675 558 746 τήριον
596 669 762 726 αὐτοῦ
792 677 886 725 καὶ
924 671 1267 744 ήπρέπουσα
1315 669 1466 740 αὐτῷ
1493 670 1743 742 διατριϐὴ
1771 671 1872 724 οὐκ
1903 665 1961 724 ἐν

364 764 600 835 δυσμαῖς
657 763 828 827 ἐστιν,
888 782 906 814 ι
935 762 1049 816 ἀλλ’
1077 764 1136 815 ἐν
1196 762 1346 833 τόπῳ
1370 763 1533 834 ἀγίῳ’
1571 783 1588 810 ι
1637 764 1672 835 ἦ
1698 764 1842 817 κατὰ
1867 764 1959 817 τὸν

379 851 636 916 Ἀκύλαν,
670 870 688 902 ‹
708 854 766 904 ἐν
798 852 1103 924 οἰκητηρίῳ
1139 851 1460 924 ήγιασμένῳ
1495 853 1716 907 αὐτοῦ’»
1749 855 1781 926 ἥ
1819 852 1962 909 κατὰ

365 943 459 996 τὸν
493 943 811 1014 Σύμμαχον,
871 963 890 996 ι
925 946 982 997 ἐν
1030 945 1322 1016 βασιλείοις
1349 945 1528 1014 ἁγίοις
1547 946 1766 1001 αὑτοῦ.»
1805 947 1960 1000 Ἐστι

371 1037 472 1108 μὲν
499 1036 609 1108 γὰρ
638 1036 786 1107 αὐτῷ
823 1037 985 1102 τόπος
1005 1039 1311 1110 ἐμπρέπων
1351 1039 1448 1093 καὶ
1479 1040 1737 1112 ἁρμόζων
1763 1043 1830 1114 τῇ
1860 1041 1962 1094 αύ-

364 1127 460 1181 τοῦ
492 1128 725 1199 θεότητι·
742 1129 892 1198 ὅμως
917 1130 961 1184 δ’
980 1124 1092 1195 οὖν,
1112 1131 1493 1204 φιλάνθρωπος
1514 1132 1612 1197 ὢν,
1645 1131 1740 1185 τοῦ
1760 1131 1958 1186 οἰκείου

370 1220 634 1292 μεγέθους
686 1221 1137 1288 ὑποκαταϐαίνει,
1195 1224 1620 1292 συγκαταϐαίνει
1655 1241 1714 1278 τε
1757 1226 1872 1288 τοῖς
1904 1226 1961 1277 ἐν

361 1310 598 1382 δυσμαῖς
622 1311 862 1366 οἰκοῦσιν
889 1315 1144 1386 ὀρφανοῖς
1196 1316 1292 1370 καὶ
1344 1317 1563 1390 χήραις.
1607 1315 1698 1370 Διὸ
1728 1317 1822 1370 καὶ
1874 1315 1964 1368 ἀλ-

365 1403 531 1473 λαχοῦ
576 1404 810 1475 εἴρηται·
873 1423 893 1457 ‹
941 1408 1062 1462 Ὅτι
1116 1407 1226 1461 ίδοὺ
1287 1408 1490 1479 Κύριος
1541 1407 1746 1479 Κύριος
1797 1407 1963 1460 ἐκπο-

368 1493 587 1564 ρεύεται
617 1496 710 1548 καὶ
735 1495 1124 1578 καταϐήσεται.
1137 1499 1201 1550 ἐκ
1227 1496 1322 1550 τοῦ
1344 1498 1512 1551 τόπου
1543 1496 1732 1552 αὑτοῦ.
1758 1515 1775 1548 ι
1814 1497 1963 1550 Κατ·

367 1583 464 1639 ιὼν
495 1585 550 1638 δὲ
605 1586 817 1640 ἐνθένδε
875 1587 971 1640 καὶ
1027 1587 1326 1641 ἐπιϐαίνων
1367 1587 1462 1640 ἐπὶ⁷
1509 1587 1740 1659 δυσμὰς,
1766 1578 1768 1580 ⁷
1794 1587 1957 1639 ὁποῖα

361 1677 754 1750 διαπράττεται
798 1680 1142 1752 θεασώμεθα.
1209 1681 1591 1746 «Κατοικίζει,
1651 1681 1807 1752 φησὶ,
1868 1696 1963 1750 μο-

365 1776 664 1848 νοτρόπους
686 1777 743 1829 ἐν
760 1775 948 1847 οἴκῳ.»
983 1775 1142 1829 Κατὰ
1177 1774 1232 1827 δὲ
1276 1774 1368 1828 τὸν
1402 1773 1719 1846 Σύμμαχον,
1752 1792 1771 1824 ι
1798 1772 1962 1826 Δίδω-

2067 578 2136 633 ad
2176 577 2340 632 breve
2385 585 2599 646 tempus
2645 575 2985 632 ascendisse.
3041 573 3389 630 Domicilium
3446 576 3646 648 quippe

2064 671 2186 740 ejus
2216 678 2272 726 et
2299 669 2571 740 condigna
2593 668 2768 739 ipsius
2801 667 3068 724 habitatio
3092 683 3204 724 non
3240 668 3519 725 in‘occasu
3537 678 3644 738 est;

2065 764 2157 819 sed
2203 781 2224 816 ι
2265 763 2321 817 in
2352 763 2473 820 loco
2519 768 2746 828 sancto;
2799 780 2818 814 ι
2880 761 2996 816 sive
3029 761 3332 818 secundum
3368 761 3643 830 Aquilam,

2070 874 2088 906 ι
2137 854 2194 908 in
2217 852 2538 910 habitacqu
2574 851 2921 906 sanctiﬁcato
2948 867 3084 918 suo;
3127 869 3145 903 ι
3192 860 3287 906 aut
3341 853 3644 909 secundum

2067 945 2480 1018 Symmachum,
2508 961 2527 995 ι
2553 944 2610 998 in
2641 943 2788 1016 regia
2818 951 3006 998 sancta
3041 958 3162 999 sua.
3196 964 3214 996 ι
3249 943 3348 1000 Est
3372 946 3518 1000 enim
3539 945 3646 1016 ipsi

2064 1040 2226 1095 locus.
2249 1038 2582 1103 condecens,
2621 1045 2674 1092 et
2709 1037 2900 1092 deitati
2934 1035 3057 1106 ejus
3086 1046 3522 1102 consentaneus;
3546 1037 3648 1093 sed

2062 1139 2247 1187 tamen
2283 1130 2562 1185 humanus
2591 1144 2718 1184 cum
2773 1130 2868 1195 sit,
2916 1143 2948 1183 a
2995 1129 3218 1199 propria
3267 1128 3646 1201 magnitudine

2064 1219 2370 1288 descen'dit,
2401 1221 2778 1293 orphanisque
2810 1231 2868 1277 et
2902 1220 3088 1277 viduis
3127 1221 3184 1276 in
3235 1235 3438 1278 occasu
3490 1221 3647 1278 habi-

2065 1314 2310 1370 tantibus
2360 1329 2482 1369 sese
2547 1320 2892 1384 attemperat.
2953 1312 3135 1380 Quare
3191 1314 3319 1369 alibi
3370 1314 3572 1370 dicitur
3627 1335 3640 1370 :

2070 1425 2090 1458 ι
2125 1405 2266 1472 Quia
2288 1419 2418 1461 ecce
2440 1403 2706 1460 Dominus
2740 1403 3004 1461 Dominus
3039 1405 3320 1476 egreditur
3341 1414 3396 1461 et
3422 1406 3647 1463 descen-

2066 1497 2158 1552 det
2194 1498 2262 1554 de
2286 1497 2411 1552 loco
2446 1512 2570 1552 suo.
2616 1517 2635 1550 ι
2667 1495 2805 1553 Cum
2830 1504 3010 1552 autem
3046 1498 3171 1553 inde
3199 1497 3569 1563 descenderit,
3591 1508 3647 1554 et

2065 1589 2379 1647 ascenderit
2438 1604 2608 1659 super
2650 1603 2934 1655 occasum,
2984 1605 3105 1659 quae
3134 1597 3412 1660 operetur,
3453 1590 3645 1646 videa-

2067 1697 2214 1738 mus.
2255 1701 2276 1735 ι
2317 1679 2634 1736 Inhabitare
2690 1679 2843 1746 facit,
2891 1681 3092 1752 inquit,
3138 1683 3304 1738 unius
3367 1683 3539 1738 moris
3587 1681 3643 1738 in

2065 1774 2251 1830 domo.
2294 1791 2313 1825 ι
2347 1770 2666 1828 Secundum
2695 1771 3084 1844 Symmachum
3132 1782 3337 1841 autem,
3375 1793 3394 1827 ι
3433 1774 3533 1830 Dat
3558 1775 3642 1830 in-

367 1884 457 1921 σιν
484 1870 653 1922 οίκεῖν
679 1869 932 1939 μοναχοῖς
962 1866 1194 1920 οἰκίανσι
1259 1865 1355 1920 καὶ
1381 1865 1524 1920 κατά
1558 1865 1648 1919 τὸν
1710 1863 1958 1926 Ἀκύλαν,

2066 1864 2418 1920 habitandam
2444 1863 2732 1920 monachis
2758 1863 3011 1932 domum;
3063 1884 3082 1918 ι
3119 1867 3422 1922 secundum
3475 1868 3648 1938 Aqui-

370 1979 390 2010 ι
413 1958 639 2023 Καθίζει
668 1961 978 2030 μονογενεῖς
1005 1957 1268 2012 οἴκονδε·»
1305 1957 1446 2013 κατά
1474 1959 1532 2012 δὲ
1561 1958 1662 2030 τὴν
1695 1957 1956 2028 πέμπτην

361 2051 598 2116 ἔκδοσιν,
671 2073 688 2104 ι
715 2052 1032 2116 Κατοικίζει
1074 2050 1410 2123 μονοζώνους
1467 2053 1527 2106 ἐν
1569 2054 1724 2124 οἴκῳ.
1769 2071 1788 2105 ι
1847 2053 1957 2108 Καὶ

357 2143 510 2197 τοῦτ’
545 2140 618 2216 ἦν
642 2145 703 2198 τὸ
731 2146 948 2217 πρῶτον
970 2144 1134 2199 αὐτοῦ
1188 2145 1538 2217 κατόρθωμα⁶
1567 2146 1596 2199 ὃ
1634 2145 1699 2217 δὴ
1733 2147 1828 2200 καὶ
1857 2147 1955 2215 μέ-

359 2253 553 2306 γιστον
584 2236 691 2290 τῶν
717 2236 886 2291 αὑτοῦ
939 2238 1382 2310 κατορθωμάτων
1412 2238 1492 2309 τῷ
1518 2239 1628 2292 τῶν
1651 2237 1956 2311 ἀνθρώπων

356 2325 664 2399 δεδώρηται
704 2328 873 2396 γένει.
934 2329 1008 2381 Τὸ
1059 2327 1191 2397 γοῦν
1249 2327 1465 2400 πρῶτον
1501 2328 1690 2399 τάγμα
1738 2329 1848 2382 τῶν
1897 2330 1955 2382 ἐν

361 2418 587 2492 Χριστῷ
616 2420 1035 2492 προκοπτόντων
1085 2421 1147 2474 τὸ
1209 2421 1321 2474 τῶν
1377 2423 1625 2494 μοναχῶν
1671 2423 1949 2492 τυγχάνει.

360 2510 588 2565 Σπάνιοι
619 2510 679 2563 δέ
719 2513 857 2564 εἰσιν
886 2507 1050 2566 οῦτοιο
1120 2511 1202 2566 διὸ
1251 2512 1394 2567 κατὰ
1449 2514 1540 2568 τὸν
1595 2513 1826 2568 Ἀκύλαν
1861 2531 1956 2585 μο-

359 2604 599 2669 νογενεῖς
661 2601 1058 2673 ὠνομάσθησαν
1084 2603 1508 2674 ἀφωμοιωμένοι
1556 2603 1634 2674 τῷ
1675 2608 1955 2675 μονογενεῖ

365 2693 481 2764 Υἱῴ
510 2693 603 2746 τοῦ
637 2692 794 2747 Θεοῦ.
834 2693 992 2747 Κατά
1018 2694 1075 2748 δὲ
1103 2695 1230 2758 τοὺς
1271 2694 1672 2766 Ἐϐδομήκοντα
1698 2696 1954 2766 μονότρο-

365 2803 456 2840 ποι
514 2787 896 2857 τυγχάνουσιν,
947 2787 1063 2841 ἀλλ’
1092 2787 1154 2840 ού
1203 2787 1553 2859 πολύτροποι,
1603 2788 1722 2841 οὐδὲ
1765 2788 1953 2843 ἄλλοτε

359 2878 537 2942 ἄλλως
561 2878 652 2931 τὸν
687 2877 896 2931 ἑαυτῶν
923 2878 1350 2949 μεταϐάλλοντες
1381 2879 1602 2950 τρόπον,
1655 2879 1750 2933 ’ἐνα
1777 2879 1834 2931 δὲ
1867 2881 1957 2950 μό-

363 2988 454 3024 νον
479 2969 894 3042 κατορθοῦντες,
928 2972 1019 3025 τὸν
1047 2973 1128 3035 είς
1161 2972 1328 3044 ἀκρον
1356 2974 1559 3044 ἥκοντα
1585 2975 1805 3045 ἀρετῆς.
1842 2977 1955 3030 Μο-

360 3065 627 3130 νοζώνους
653 3065 711 3118 δέ
749 3065 944 3129 αὐτοὺς
967 3067 1002 3135 ἡ
1033 3065 1260 3136 πέμπτη
1289 3065 1500 3130 ἐκδοσις
1551 3067 1856 3139 ὠνόμασεν,
1879 3070 1955 3132 ὼς

362 3154 430 3208 ἂν
463 3156 720 3226 μονήρεις
741 3155 836 3209 καὶ
855 3154 1218 3219 καθ’ἐαυτοὺς
1246 3156 1676 3234 ἀνεζωσμένους.
1709 3156 1952 3210 Τοιοῦτοι

358 3249 419 3301 δέ
447 3223 648 3312 πάντες
683 3248 821 3301 εἰσὶν
849 3250 900 3301 οί
933 3249 1026 3302 τὸν
1063 3250 1274 3321 μονήρη
1297 3224 1392 3303 καὶ
1434 3223 1600 3318 aist
1630 3249 1950 3321 κατορθοῦν·
1982 3223 2025 3280 C

359 3355 454 3402 τες
485 3338 619 3408 βίον,
646 3331 722 3392 ὧν
756 3337 965 3410 πρῶτοι
996 3338 1286 3408 γεγόνασιν
1319 3340 1367 3393 οἱ
1393 3338 1488 3393 τοῦ
1522 3340 1773 3410 Σωτῆρος
1801 3340 1957 3411 ήμῶν

363 3430 627 3504 μαθηταὶ,
654 3427 737 3496 οἷς
799 3433 1004 3505 εἴρητο·
1048 3452 1066 3484 ι
1108 3433 1200 3504 Μὴ
1235 3432 1512 3505 κτήσησθε
1568 3433 1790 3505 χρυσὸν,
1825 3434 1958 3505 μηδὲ

359 3525 602 3596 ἄργυρον
631 3526 710 3588 είς
750 3523 854 3588 τὰς
911 3523 1089 3589 ζώνας
1121 3524 1298 3596 ὑμῶν,
1369 3526 1443 3596 μὴ
1488 3527 1669 3597 πήραν
1705 3529 1784 3590 εἰς
1815 3526 1955 3590 ὁδὸν,

363 3616 500 3686 μηδὲ
531 3615 877 3687 ὑποδήματα,
903 3617 1038 3688 μηδέ
1075 3617 1324 3688 ῥάϐδον.)
1373 3619 1462 3672 Ἐν
1494 3617 1603 3691 γὰρ
1653 3619 1732 3689 τῷ
1780 3619 1959 3688 λέγειν

363 3707 440 3778 μὴ
465 3707 576 3761 δεῖν
599 3707 904 3779 κτήσασθαι
927 3708 1126 3780 χρυσὸν
1157 3708 1290 3779 μηδὲ
1314 3708 1552 3780 ἄργυρον
1570 3711 1649 3772 εἰς
1664 3708 1763 3772 τὰς
1784 3708 1960 3774 ζώνας

359 3799 774 3871 ἀνεζωσμένους
829 3801 1027 3864 αὐτοὺς
1087 3801 1320 3870 εἰσάγει.
1356 3799 1516 3855 Οὕτω
1571 3801 1628 3854 δέ
1661 3803 1758 3856 καὶ
1791 3803 1958 3857 πᾶσιν

362 3891 497 3962 ήμῖν
554 3890 583 3942 ό
625 3890 946 3956 Ἀπόστολος
1003 3890 1438 3964 παρακελεύεται
1501 3891 1694 3962 λέγων·
1746 3913 1764 3945 ι
1788 3895 1958 3965 Στῆτε

359 3980 457 4038 οὖν
482 3983 922 4056 περιζωσάμενοι
953 3986 1052 4057 τὴν
1077 3986 1248 4055 ὀσφὺν
1274 3985 1428 4058 ὑμῶν
1457 3988 1515 4040 ἐν
1550 3986 1828 4059 ἀληθείᾳ.»
1851 3990 1961 4042 Καὶ

358 4078 412 4131 οί
452 4076 514 4130 τὸ
543 4077 738 4149 Πάσχα
767 4077 826 4131 δὲ
856 4077 1128 4142 ἐσθίοντες
1155 4078 1468 4132 ἐκελεύοντο
1493 4077 1592 4142 τὰς
1621 4078 1960 4150 ὀσφῦςιέχειν

361 4168 833 4242 περιεζωσμένας.
871 4170 1040 4224 Τοῦτο
1071 4171 1136 4243 δὴ
1169 4167 1263 4226 οὖν
1295 4171 1514 4244 πρῶτον
1561 4173 1819 4244 κατορθοῖ
1848 4176 1961 4238 τοῖς

359 4264 420 4316 ἐν
475 4261 707 4332 δυσμαῖς
757 4262 997 4317 οἰκοῦσιν
1052 4264 1398 4337 ἐπιδημήσας
1453 4269 1484 4319 ὁ
1548 4265 1955 4337 θεσπιζόμενος.

375 4355 508 4408 Ἀπὸ
527 4356 637 4427 γὰρ
662 4356 771 4409 τῶν
805 4356 1209 4429 προλεχθέντων
1249 4358 1501 4430 ὀρφανῶν
1523 4360 1619 4413 καὶ
1649 4360 1758 4413 τῶν
1789 4360 1959 4432 δηλωσ

360 4446 560 4500 θεισῶν
601 4447 788 4518 χηρῶν
818 4447 1119 4520 έάφορίσας,
1183 4449 1463 4523 ἐξαίρετον
1511 4453 1606 4505 καὶ⁵
1629 4450 1959 4521 τιμιώτατον

2065 1957 2195 2022 lam,
2257 1975 2276 2007 ι
2315 1954 2518 2011 Sedere
2549 1956 2680 2011 facit
2724 1957 3038 2028 unigenitos
3074 1957 3252 2028 domi;
3291 1980 3312 2012 ι
3341 1959 3644 2016 secundum

2064 2048 2314 2118 quintam
2364 2048 2684 2111 editionem,
2738 2066 2757 2098 ι
2806 2049 3117 2106 Inhabitare
3165 2049 3300 2106 facit
3346 2067 3455 2107 una
3508 2069 3645 2107 zona

2066 2141 2397 2212 praecinctos
2427 2139 2598 2194 domi.
2643 2158 2662 2192 ι
2697 2138 2764 2194 Et
2796 2141 2929 2195 illud
2957 2149 3077 2197 erat
3103 2143 3342 2212 primum
3371 2145 3492 2215 ejus
3517 2161 3648 2216 pra:-

2064 2234 2275 2287 clarum
2308 2248 2471 2302 opus,
2503 2231 2651 2303 quod
2687 2233 2996 2288 maximum
3018 2235 3142 2304 ejus
3193 2234 3409 2292 facinus
3455 2244 3544 2293 est
3588 2239 3643 2290 in

2063 2326 2296 2396 gratiam
2354 2325 2581 2380 humani
2639 2326 2859 2396 generis
2901 2326 3131 2382 editum.
3187 2326 3408 2383 Primus
3463 2328 3647 2399 itaque

2062 2417 2198 2471 ordo
2225 2432 2417 2472 eorum
2439 2419 2533 2487 qui
2559 2418 2615 2472 in
2643 2416 2863 2473 Christo
2890 2415 3206 2488 proficiunt,
3236 2425 3322 2473 est
3344 2418 3647 2472 monacho-

2061 2526 2206 2565 rum.
2235 2510 2342 2566 Sed
2369 2512 2477 2566 rari
2505 2518 2635 2566 sunt
2661 2512 2780 2580 illi;
2814 2527 2986 2583 quare
3033 2511 3338 2568 secundum
3388 2514 3643 2585 Aquilam

2062 2605 2334 2676 mrigeniti
2373 2606 2551 2661 vocati
2583 2613 2732 2670 sunt,
2772 2605 2984 2663 similes
3022 2606 3152 2661 facti
3195 2606 3478 2678 unigenito
3509 2604 3648 2661 Filio

2061 2699 2179 2756 Dei.
2213 2697 2526 2754 Secundum
2555 2698 2699 2753 LXX
2721 2707 2925 2765 autem,
2946 2700 3133 2765 unius,
3157 2714 3267 2754 non
3298 2700 3502 2755 diversi
3531 2714 3648 2756 mo-

2062 2793 2142 2848 ris
2171 2803 2319 2858 sunt,
2348 2809 2528 2863 neque
2556 2793 2792 2848 subinde
2821 2809 3030 2848 morem
3067 2793 3304 2858 variant,
3349 2793 3446 2848 sed
3476 2807 3645 2846 unum

2063 2885 2252 2938 colunt
2283 2884 2378 2954 qui
2408 2885 2476 2938 ad
2509 2884 2732 2939 virtutis
2763 2899 3029 2939 cacumen
3063 2885 3306 2938 advenit.
3331 2882 3484 2954 Ipsos
3517 2897 3647 2938 vero

2057 2977 2228 3032 unius
2255 2993 2408 3032 zona:
2444 2977 2637 3048 quinta
2666 2977 2838 3032 editio
2868 2977 3109 3040 vocavit,
3149 2985 3338 3046 utpote
3379 2975 3473 3046 qui
3509 2977 3646 3031 soli-

2063 3067 2211 3132 tarii,
2247 3076 2302 3122 et
2335 3084 2432 3138 per
2481 3069 2693 3138 seipsos
2745 3068 3025 3138 praecincti
3061 3069 3191 3123 sint.
3253 3066 3413 3122 Tales
3464 3075 3646 3122 autem

2063 3168 2213 3224 sunt,
2237 3165 2508 3230 quotquot
2533 3160 2893 3214 monasticam
2913 3165 3236 3228 castamque
3262 3160 3429 3212 vitam
3453 3167 3644 3230 agunt,

2059 3267 2293 3323 quorum
2350 3251 2511 3323 primi
2565 3252 2717 3308 fuere
2769 3250 3074 3307 Salvatoris
3131 3252 3305 3308 nostri
3366 3251 3644 3323 discipuli,

2060 3346 2263 3417 quibus
2291 3346 2498 3401 dictum
2531 3354 2616 3402 est
2650 3365 2663 3402 :
2705 3366 2724 3397 ‹
2768 3344 2946 3402 Nolite
2995 3345 3282 3416 possidere
3321 3360 3518 3400 aurum
3549 3361 3648 3402 nc-

2059 3454 2166 3508 que
2215 3449 2501 3510 argentum
2561 3439 2616 3492 in
2672 3439 2825 3493 zonis
2871 3439 3092 3502 vestris,
3136 3453 3313 3509 neque
3351 3452 3538 3508 peram
3589 3437 3646 3492 in

2061 3530 2230 3594 viam,
2260 3543 2441 3599 neque
2469 3528 2866 3592 calce-amenta,
2900 3543 3078 3597 neque
3112 3528 3320 3599 virgam
3342 3528 3405 3582 “.
3452 3548 3470 3580 ι
3507 3526 3644 3582 Cum

2059 3620 2265 3675 dicitur
2292 3621 2460 3684 enim,
2493 3635 2601 3674 non
2635 3630 2892 3690 oportere
2920 3620 3205 3690 possidere
3245 3634 3441 3672 aurum
3472 3635 3649 3689 neque

2061 3713 2425 3784 argentumin
2457 3714 2637 3774 zonis,
2677 3712 2828 3781 ipsos
2862 3712 3020 3766 zonis
3047 3711 3378 3780 praecinctos
3415 3711 3644 3768 indicat.

2063 3806 2155 3859 Sic
2187 3812 2368 3860 autem
2407 3804 2665 3858 omnibus
2720 3805 2881 3859 nobis
2928 3804 3227 3874 Apostolus
3275 3804 3525 3875 praecipit
3565 3805 3649 3858 di-

2061 3911 2230 3952 cens:
2272 3914 2290 3946 ‹
2346 3895 2500 3950 State
2550 3895 2718 3966 igitur
2767 3897 3053 3966 praecincti
3095 3897 3313 3952 lumbos
3341 3905 3556 3952 vestros
3591 3898 3646 3951 in

2061 3989 2294 4043 veritate
2319 3989 2384 4041 ".
2419 4006 2437 4037 ι
2468 3985 2714 4057 Itemque
2739 3988 2832 4058 qui
2859 3988 3061 4058 pascha
3085 3988 3469 4057 comedebant,
3505 3990 3649 4043 lum-

2063 4079 2163 4132 bos
2196 4078 2527 4150 praecinctos
2561 4078 2764 4134 habere
2789 4078 3147 4148 jubebantur.
3199 4078 3254 4134 Id
3311 4079 3482 4150 igitur
3530 4081 3647 4149 pri-

2063 4184 2211 4222 mum
2229 4183 2368 4238 opus
2386 4167 2766 4222 habitantibus
2793 4169 2846 4221 in
2872 4181 3075 4222 occasu
3107 4166 3412 4223 adventans
3427 4165 3646 4221 exhibet

2062 4265 2112 4320 is
2138 4263 2317 4332 quiin
2347 4261 2609 4317 vaticinio
2656 4260 2850 4316 fertur.
2897 4259 3032 4314 Nam
3079 4277 3148 4316 ex
3205 4261 3526 4314 memoratis
3556 4275 3647 4314 or-

2062 4357 2262 4429 phanis
2281 4363 2336 4412 et
2370 4355 2551 4411 viduis
2577 4353 2851 4409 adlectum
2882 4353 2988 4408 sibi
3017 4362 3370 4425 praestantem
3403 4353 3555 4407 illum
3593 4360 3648 4407 et

2064 4448 2524 4521 pretiosissimum
2575 4447 2742 4502 unius
2792 4447 2963 4503 moris
3009 4446 3284 4508 ordinem,
3337 4444 3648 4499 inhabitare

359 4539 542 4611 ἑαυτῷ
575 4540 762 4611 τάγμα
790 4541 851 4594 τὸ
885 4542 994 4595 τῶν
1031 4543 1382 4614 μονοτρόπων
1416 4543 1716 4609 κατοικίζει
1755 4545 1954 4608 αὐτοὺς

2065 4542 2195 4597 facit
2225 4542 2279 4596 in
2304 4540 2491 4603 domo,
2525 4540 2737 4595 scilicet
2765 4539 2823 4593 in
2881 4536 3130 4593 Ecclesia
3166 4553 3289 4598 sua,
3338 4535 3646 4605 dignosque

362 4634 422 4685 ἐν
453 4632 608 4702 οἴκῳ,
640 4633 841 4705 δηλαδὴ
863 4635 922 4688 ἐν
952 4637 1018 4706 τῇ
1057 4636 1353 4709 Ἐκκλησία
1386 4636 1574 4702 αὑτοῦ,
1613 4639 1952 4710 παραμένειν

360 4727 458 4780 καὶ
482 4730 758 4780 κατοικεῖν
819 4730 878 4784 ἐν
935 4730 1074 4800 αὐτῇ
1108 4729 1379 4796 καταξιῶν
1411 4731 1632 4795 αύτούς.
1686 4732 1844 4785 Μετὰ
1898 4731 1955 4784 δέ

360 4817 584 4883 τούτους
619 4819 870 4892 δεύτερον
921 4821 1081 4893 ἔργον
1114 4824 1444 4894 κοινωφελὲς
1474 4826 1568 4878 καὶ
1611 4826 1691 4888 είς
1722 4824 1956 4886 πολλοὺς

359 4907 637 4964 διαϐαῖνον
680 4910 954 4983 κατορθοῖ,
996 4932 1014 4963 ι
1046 4912 1254 4982 ἐξάγων
1306 4914 1718 4985 πεπεδημένους
1751 4916 1808 4966 ἐν
1860 4915 1955 4967 ἀν-

359 4997 537 5071 δρεία·
555 5019 571 5052 ι
611 5003 678 5072 τῇ
703 5001 812 5072 γὰρ
839 5002 1037 5055 ἐαυτοῦ
1064 5003 1288 5075 ἀνδρεία
1312 5003 1497 5072 ἐξάγει
1539 5008 1668 5068 τοὺς
1692 5004 1955 5076 πρότερον

363 5093 576 5162 σειραῖς
612 5093 899 5164 ἁμαρτιῶν
928 5095 1359 5167 πεπεδημένους.
1427 5097 1575 5150 Ἀντὶ
1599 5096 1657 5150 δὲ
1683 5096 1800 5160 τοῦ,
1837 5116 1855 5148 ι
1895 5099 1955 5152 ἐν

359 5184 606 5256 ἀνδρεία,
632 5187 711 5248 εἰς
734 5186 1053 5252 ἀπόλυσιν,›
1097 5190 1440 5260 ἡρμήνευσεν
1469 5191 1498 5242 ὁ
1532 5188 1848 5259 Σύμμαχος,
1879 5191 1956 5243 εί-

363 5274 502 5330 πών·
543 5295 564 5329 ε
605 5276 821 5347 Ἐξάγει
861 5279 1178 5351 δεδεμένους
1221 5283 1300 5344 εἰς
1363 5280 1678 5335 ἀπόλυσιν.»
1728 5281 1956 5352 Νοήσεις

358 5368 422 5424 δὲ
449 5370 546 5423 καὶ
569 5370 729 5425 τοῦτο
751 5374 815 5425 ἐκ
838 5373 937 5444 τῆς
964 5372 1232 5443 λεγούσης
1273 5375 1332 5428 ἐν
1389 5371 1588 5446 Ἡσαΐᾳ.
1617 5375 1955 5446 προφητείας

360 5463 445 5527 είς
466 5462 632 5517 αὐτοῦ
662 5464 956 5535 πρόσωπον
1007 5464 1104 5518 τοῦ
1142 5465 1371 5537 Κυρίουο
1421 5485 1440 5517 ι
1477 5465 1609 5520 Ἰδοὺ
1644 5465 1852 5520 δέδωκά
1896 5482 1955 5520 σε

361 5555 446 5619 είς
473 5554 740 5629 διαθήκην
763 5557 975 5626 γένους,
1012 5559 1093 5621 είς
1146 5557 1263 5627 φῶς
1297 5557 1487 5624 ἐθνῶν,
1513 5557 1722 5624 ἀνοῖξαι
1753 5560 1954 5629 ὀφθαλ-

365 5647 503 5717 μοὺς
540 5647 778 5716 τυφλῶν,
807 5648 1027 5718 ἐξάγειν
1060 5651 1125 5702 ἐκ
1157 5648 1372 5719 δεσμῶν
1398 5650 1737 5722 δεδεμένους,
1775 5652 1868 5705 καὶ
1898 5651 1958 5716 ἐξ

441 5850 698 5905 “Matth.
752 5868 805 5916 Χ,
841 5851 893 5918 9,
935 5851 1016 5905 I0.
1106 5851 1372 5925 ".l‘lphes.
1403 5868 1474 5928 τι,
1513 5853 1592 5906 Η.

2057 4652 2153 4692 eos
2185 4635 2382 4690 habuit
2405 4633 2501 4704 qui
2533 4633 2589 4686 in
2613 4647 2676 4688 ea
2703 4637 2989 4685 manerent
3017 4637 3071 4684 et
3107 4628 3440 4683 habitarent.
3483 4624 3644 4680 Post-

2057 4745 2219 4800 quam
2244 4729 2395 4798 ipsos
2420 4727 2642 4796 delegit,
2677 4722 2827 4777 aliud
2876 4739 3017 4792 opus
3046 4728 3292 4792 prastat,
3335 4721 3390 4774 in
3443 4719 3646 4774 multo-

2056 4837 2177 4877 rum
2208 4821 2502 4875 utilitatem
2535 4825 2591 4873 et
2626 4817 3082 4880 emolumentum,
3145 4833 3164 4866 ι
3228 4813 3472 4870 educens
3522 4813 3646 4867 vin-

2057 4922 2178 4970 ctos
2206 4914 2262 4968 in
2304 4911 2630 4967 fortitudine
2675 4929 2689 4965 :
2754 4927 2774 4961 ι
2833 4923 2960 4964 nam
2997 4909 3206 4962 virtute
3261 4921 3363 4962 sua
3416 4920 3513 4961 eos
3550 4907 3645 4974 qui

2058 5009 2265 5079 pridem
2291 5012 2646 5076 peccatorum
2677 5002 2916 5058 vinculis
2943 4999 3486 5071 constringebantur,
3507 4997 3646 5052 edu-

2058 5102 2153 5154 cit.
2176 5101 2282 5154 Pro
2313 5099 2408 5153 illo
2448 5106 2653 5162 autem,
2695 5115 2714 5149 ‹
2754 5097 2808 5150 in
2844 5094 3187 5157 fortitudine,
3230 5114 3246 5144 ι
3280 5090 3646 5164 Symmachus

2062 5211 2082 5246 ι
2114 5195 2168 5248 ἱη
2197 5193 2572 5248 dimissionem
2614 5211 2634 5244 ι
2675 5192 3070 5261 interpretatus
3093 5195 3178 5244 est
3199 5188 3391 5242 dicens
3417 5205 3430 5241 :
3454 5204 3472 5236 ι
3497 5183 3646 5238 Edu-

2057 5289 2133 5342 cit
2161 5288 2373 5342 vinctos
2401 5285 2460 5340 in
2490 5284 2887 5341 dimissionem.
2934 5304 2952 5335 ι
2988 5281 3114 5338 Haec
3159 5296 3324 5352 porro
3371 5277 3644 5347 intelligas

2057 5397 2123 5436 ex
2157 5378 2442 5451 prophetia
2469 5377 2645 5442 Isaiae,
2676 5391 2798 5447 qua:
2832 5391 2898 5431 ex
2929 5375 3100 5444 ipsius
3145 5371 3362 5427 Domini
3402 5383 3640 5440 persona

2058 5472 2140 5527 sic
2162 5471 2448 5540 loquitur:
2488 5487 2509 5521 ι
2550 5467 2691 5522 Ecce
2717 5465 2842 5521 dedi
2878 5474 2932 5520 te
2971 5465 3027 5518 in
3059 5470 3443 5518 testamentum
3476 5471 3642 5528 gene-

2059 5567 2158 5631 ris,
2198 5564 2252 5619 in
2282 5566 2459 5619 lucem
2501 5563 2769 5635 gentium,
2817 5561 2884 5614 ad
2917 5556 3273 5629 aperiendum
3319 5551 3510 5606 oculos
3543 5566 3642 5604 ca:—

2059 5674 2278 5725 corum,
2314 5657 2382 5713 ad
2425 5654 2769 5712 educendum
2820 5668 2884 5708 ex
2930 5649 3167 5706 vinculis
3220 5646 3439 5716 ligatos,
3479 5651 3534 5699 et
3565 5660 3634 5698 cx
