4068 6534
438 382 545 442 €83

1568 377 2073 435 COMMENTARIA
2114 376 2184 432 ΙΝ
2222 376 2565 435 PSALMOS.

3593 376 3697 430 69‘

514 515 532 549 ι
562 496 770 568 Βροχὴν
795 497 1040 550 ἑκούσιον
1067 497 1331 569 ἀφοριεῖς,
1354 498 1384 549 ὁ
1413 497 1564 562 Θεὸς,
1588 500 1654 569 τῇ
1686 493 1982 568 κληρονομί

2091 535 2098 555 ι
2198 495 2367 553 Vens.
2401 498 2488 563 10,
2518 498 2607 553 ll.
2640 515 2658 548 ι
2691 494 2942 553 Pluviam
2967 493 3328 552 voluntariam
3359 495 3694 567 segregabis,

436 604 567 651 mu,
602 589 695 641 καὶ
727 588 993 660 ἠσθένησε
1014 627 1028 652 ,
1067 590 1132 642 σὺ
1162 588 1219 641 δὲ
1248 589 1563 661 κατηρτίσω
1594 589 1785 658 αὑτήν.
1826 606 1845 639 ι
1880 586 2013 639 Τότε

438 678 569 747 μὲν,
616 678 812 747 φησὶν,
855 696 873 728 ι
903 680 960 731 ὲν
995 678 1074 748 τῷ
1121 677 1521 750 ἐκπορεύεσθαι
1556 694 1615 729 σε
1652 676 1881 730 ἐνώπιον
1918 675 2011 730 τοῦ

432 770 565 825 λαοῦ
596 788 689 823 σου
707 810 722 835 ,
764 772 856 824 καὶ
896 772 953 824 ἐν
983 770 1064 841 τῷ
1092 770 1387 824 διαϐαίνειν
1412 787 1472 823 σε
1502 771 1559 823 ὲν
1587 773 1653 841 τῇ
1687 770 1881 840 ἐρήμῳ
1902 808 1916 831 ,
1941 768 2011 839 γῆ

432 860 650 931 ἐσείσθη
669 900 683 922 ,
712 861 807 913 καὶ
854 863 904 914 οί
932 863 1151 933 οὐρανοὶ
1179 861 1410 927 ἔσταξαν
1430 878 1445 892 ⁸
1474 882 1491 913 ι
1513 862 1605 915 ἐπὶ
1630 862 1689 915 δὲ
1728 861 1824 915 τοῦ
1874 877 2015 932 παρ-

429 948 582 1013 όντος
605 991 620 1013 ,
651 952 738 1004 ἅτε
782 951 1114 1025 ὲπιόἐὸηκας
1140 954 1232 1005 ἐπὶ
1257 953 1498 1024 δυσμῶν,
1530 952 1692 1025 ἔτερα
1735 951 2014 1024 παράδοξα

430 1043 691 1111 εἰργάσω.
745 1042 821 1114 Τῇ
847 1044 957 1116 γὰρ
998 1044 1333 1117 κληρονομίᾳ
1368 1063 1460 1099 σου
1497 1045 1779 1118 ἀφώρισας
1810 1046 2010 1117 βροχὴν

430 1132 693 1188 ἑκούσιον.
724 1136 1073 1207 κληρονομία
1102 1138 1158 1191 δὲ
1192 1138 1357 1192 αὑτοῦ
1386 1140 1472 1204 τίς
1497 1135 1565 1211 ἦν
1596 1140 1735 1211 μετὰ
1752 1141 1843 1193 τὸν
1879 1141 2012 1212 πρό-

428 1242 584 1297 τερον
627 1226 751 1280 λαὸν
791 1228 965 1301 ἁλλ’λή
1011 1230 1070 1294 ἐξ
1113 1229 1284 1283 ἐθνῶν
1333 1231 1659 1303 Ἐκκλησία,
1696 1232 1885 1304 ῶσπερ
1915 1228 2008 1286 οὖν

424 1317 665 1373 διδάσκει
702 1320 873 1389 λέγων
913 1322 1075 1386 αὐτὸς
1118 1326 1175 1377 ὲν
1212 1325 1451 1398 δευτέρῳ
1752 1348 1770 1379 ι
1805 1328 2008 1399 Κύριος

426 1406 546 1464 εἷπε
568 1412 704 1486 πρός
724 1414 790 1484 μέ
810 1431 822 1443 ·
840 1415 967 1478 Υἱός
987 1433 1087 1487 μου
1116 1414 1167 1469 εἴ
1190 1419 1275 1482 σὺ,
1303 1418 1415 1488 ἐγὼ
1440 1422 1681 1493 σήμερον
1702 1422 2009 1492 γεγέννηκά

426 1518 507 1557 σε.
541 1504 772 1574 Αίτησαι
797 1507 928 1577 παρ’
966 1505 1101 1579 ἐμοῦ
1123 1549 1137 1573 ,
1167 1511 1262 1563 καὶ
1288 1509 1443 1565 δώσω
1483 1529 1563 1565 σοι
1594 1513 1719 1584 ἔθνη
1744 1514 1844 1584 τὴν
1876 1514 2007 1585 κλη-

424 1595 682 1664 ρονομίαν
714 1612 807 1649 σου
842 1598 935 1650 καὶ
966 1597 1065 1670 τὴν
1093 1600 1421 1671 κατάσχεσίν
1454 1620 1548 1656 σου
1578 1601 1647 1656 τὰ
1675 1602 1887 1673 πέρατα
1907 1604 2007 1675 τῆς

420 1685 541 1755 γῆς.
586 1707 604 1737 ι
635 1688 762 1752 Υἱὸς
793 1690 901 1761 γὰρ
930 1690 1065 1744 Θεοῦ
1104 1693 1459 1766 κελευόμενος
1498 1698 1635 1769 πρὸς
1661 1696 1757 1750 τοῦ
1792 1698 2007 1769 Πατρὸς

417 1778 588 1829 αίτεῖν
610 1778 995 1851 κληρονομίαν,
1022 1782 1146 1836 οὔτε
1180 1785 1447 1839 Ἰουδαίων
1473 1787 1645 1851 ἔθνος,
1667 1787 1803 1842 ἀλλὰ
1828 1788 2006 1843 πάντα

2120 586 2285 651 Deus,
2317 588 2619 643 haereditati
2649 596 2776 652 tuae,
2808 595 2863 643 et
2900 587 3173 641 inﬁrmata
3198 593 3302 653 est,
3331 592 3388 639 tu
3416 601 3543 640 vero
3573 600 3698 655 per-

2117 680 2297 737 fecisti
2325 696 2467 737 eam.
2497 701 2516 734 ι
2573 679 2750 747 Tunc,
2810 681 3011 751 inquit,
3053 699 3071 732 ι
3097 695 3220 733 cum
3272 679 3614 749 egredereris
3640 678 3695 732 in

2115 778 2410 843 conspectu
2445 772 2625 842 populi
2644 772 2743 835 tui,
2767 779 2959 826 etcum
2984 771 3348 842 pertransires
3376 770 3431 824 in
3455 770 3693 835 deserto,

2117 870 2263 916 terra
2296 870 2445 917 mota
2466 870 2572 925 est,
2604 868 2661 916 et
2684 861 2812 915 coeli
2842 860 3267 916 distillaverunt.
3307 877 3325 910 ι
3348 857 3405 912 In
3437 860 3694 928 praesenti

2116 960 2297 1008 autem
2322 969 2446 1008 cum
2478 952 2775 1008 ascendisti
2806 966 2972 1021 super
2991 965 3274 1013 occasum,
3306 948 3693 1002 mirabiliaalia

2114 1047 2465 1117 perpetrasti.
2498 1046 2633 1101 Nam
2666 1045 2969 1101 luereditati
2990 1054 3097 1099 tua:
3128 1043 3428 1113 segregasti
3454 1040 3692 1111 pluviam

2113 1138 2500 1194 voluntariam.
2538 1137 2841 1193 Hzereditas
2872 1152 3055 1213 porro
3087 1135 3235 1191 illius
3288 1148 3537 1203 quamam
3576 1140 3695 1187 erat

2111 1238 2235 1301 post
2268 1226 2504 1301 priorem
2534 1231 2686 1285 illum
2717 1230 2997 1300 populum,
3026 1228 3129 1283 nisi
3154 1225 3396 1281 Ecclesia
3427 1224 3690 1296 gentium,

2113 1327 2172 1372 ut
2203 1318 2319 1387 ipse
2344 1317 2505 1372 docet
2535 1317 2591 1372 in
2623 1317 2865 1373 secundo
2924 1316 3170 1387 psalmo:
3206 1332 3225 1366 ι
3255 1314 3520 1368 Dominus
3555 1313 3693 1368 dixit

2110 1408 2177 1463 ad
2205 1424 2292 1464 me
2325 1427 2339 1463 :
2378 1407 2551 1463 Filius
2574 1424 2730 1464 meus
2760 1425 2820 1465 es
2854 1415 2933 1476 tu,
2969 1423 3071 1480 ego
3095 1406 3256 1461 hodie
3286 1407 3447 1477 genui
3474 1416 3547 1461 te.
3596 1404 3695 1461 Po-

2112 1501 2256 1555 stula
2287 1514 2318 1554 a
2349 1515 2457 1564 me,
2481 1507 2537 1555 et
2566 1500 2709 1555 dabo
2740 1500 2839 1555 tibi
2862 1508 3050 1571 gentes
3108 1499 3480 1556 haereditatem
3513 1506 3689 1568 tuam,

2108 1599 2163 1647 et
2182 1592 2589 1663 possessionem
2610 1600 2753 1646 tuam
2771 1592 3036 1647 terminos
3050 1600 3208 1649 terraa
3228 1594 3293 1648 ¹⁸.
3323 1612 3342 1645 ι
3368 1591 3501 1645 Nam
3520 1592 3690 1667 Filius

2110 1682 2228 1746 Dei,
2260 1684 2349 1738 cui
2390 1683 2551 1739 Pater
2599 1684 2850 1756 praacipit
2879 1695 2939 1739 ut
2971 1692 3121 1757 petat
3170 1684 3227 1740 in
3286 1684 3689 1749 haereditatem,

2110 1792 2219 1831 non
2252 1774 2565 1831 Judazorum
2594 1786 2831 1847 gentem,
2858 1776 2951 1831 sed
2978 1792 3170 1833 omnes
3197 1785 3387 1847 gentes
3422 1785 3475 1832 et
3500 1780 3691 1833 termi-

416 1868 484 1920 τὰ
517 1868 641 1941 ἔθνη
672 1874 765 1924 καὶ
792 1872 861 1925 τὰ
889 1874 1102 1946 πέρατα
1132 1876 1229 1946 τῆς
1257 1876 1359 1947 γῆς
1378 1918 1399 1941 ,
1428 1879 1515 1941 τίς
1550 1878 1617 1931 ἂν
1650 1880 1859 1947 γένοιτο
1897 1880 1929 1951 ἢ
1970 1883 1983 1933 c‘

2108 1883 2211 1923 nos
2254 1875 2435 1934 terra,
2473 1869 2729 1940 quisnam
2772 1868 2957 1934 fuerit,
3018 1870 3125 1925 nisi
3155 1870 3247 1941 qui
3285 1868 3586 1925 Ecclesiam
3620 1885 3685 1925 ex

414 1957 513 2028 τήν
555 1957 615 2023 ἐξ
647 1959 815 2014 ἐθνῶν
849 1963 1181 2035 Ἐκκλησίαν
1216 1968 1621 2038 συστησάμενος
1645 1985 1658 2033 ;
1684 1969 1868 2041 Ταύτῃ
1902 1965 1995 2023 οὖν

410 2051 480 2118 τῇ
515 2050 849 2125 κληρονομίᾳ
881 2055 1046 2109 αὐτοῦ
1087 2054 1331 2128 ἀφώρισε
1373 2058 1575 2133 βροχήν
1607 2060 1851 2114 ἑκούσιον
1874 2077 1886 2089 ·
1916 2060 1995 2114 διὸ

410 2138 662 2196 λέλεκται
698 2145 825 2217 περὶ
865 2145 1067 2199 αὐτοῦ·
1117 2166 1137 2199 ι
1168 2149 1557 2221 Καταϐήσεται
1596 2152 1672 2216 ώς
1705 2153 1858 2217 ύετὸς
1899 2153 1993 2208 ἐπὶ

409 2231 580 2287 πόκον
598 2274 614 2299 ,
647 2237 739 2288 καὶ
768 2236 898 2290 ὡσεὶ
928 2240 1187 2307 σταγόνες
1215 2241 1507 2306 στάζουσαι
1552 2245 1645 2297 ἐπὶ
1688 2244 1787 2316 τήν
1811 2246 1934 2317 γῆν.
1967 2266 1986 2297 ι

408 2324 582 2393 Λόγος
624 2327 681 2379 δὲ
710 2324 779 2399 ἦν
806 2330 1161 2398 εύαγγελικὸς
1197 2334 1237 2403 ἠΔ
1272 2332 1439 2407 βροχὴ
1465 2337 1497 2406 ή
1523 2336 1777 2401 ἑκουσία,
1809 2338 1903 2391 καὶ
1929 2339 1991 2391 τὸ

406 2418 506 2487 τῆς
532 2419 742 2491 Καινῆς
756 2423 1031 2495 Διαθήκης
1054 2425 1316 2496 κήρυγμα
1337 2430 1401 2498 τῇ
1429 2428 1487 2495 ἐξ
1508 2430 1677 2483 ἐθνῶν
1693 2430 1989 2503 Ἐκκλησίᾳ

406 2510 859 2583 παραδεδομένον.
896 2516 1052 2587 Καλή
1081 2516 1136 2570 δὲ
1167 2519 1199 2589 ή
1237 2519 1525 2591 προσθήκη
1558 2521 1659 2592 τῆς
1692 2541 1709 2572 ι
1734 2524 1987 2589 ἑκουσίας

408 2601 631 2671 βωχῆς·
676 2623 695 2656 ι
736 2605 825 2659 διὰ
874 2609 1149 2675 Μωῦσέως
1196 2613 1425 2684 μὲνγὰρ
1470 2614 1567 2684 ούχ
1606 2614 1850 2681 ἑκούσιος
1875 2620 1986 2683 τοῖς

405 2692 653 2758 παλαιοῖς
680 2696 971 2768 παρείχετο
992 2700 1167 2769 λόγος,
1196 2704 1318 2756 ἐπεὶ
1346 2704 1405 2757 ού
1444 2706 1586 2760 κατὰ
1623 2707 1848 2779 γνώμην
1888 2710 1986 2783 τὴν

403 2784 567 2839 αὐτοῦ
590 2788 974 2858 ὲνομοθετείτο·
1006 2793 1087 2846 διὸ
1118 2794 1253 2866 πρὸς
1283 2797 1479 2860 αὐτοὺς
1506 2796 1688 2867 ἔλεγεν
1717 2800 1745 2852 ὁ
1772 2800 1979 2873 Σωτήρ⁹

408 2896 426 2924 ι
464 2877 704 2949 Μωῦσῆς
731 2880 867 2950 πρὸς
899 2880 997 2952 τὴν
1022 2884 1454 2957 σκληροκαρδίαν
1484 2889 1638 2959 ὑμῶν
1660 2889 1919 2962 ἔγραψενο
1958 2912 1979 2945 ι

400 2968 429 3018 ό
451 2968 507 3020 δὲ
539 2968 695 3039 λόγος
727 2973 755 3026 ό
779 2973 1137 3043 εὐαγγελικὸς
1166 2977 1308 3031 κατὰ
1336 2979 1530 3051 βουλὴν
1561 2981 1654 3035 καὶ
1678 2982 1821 3035 κατὰ
1849 3000 1983 3055 προ-

399 3059 615 3129 αέρεσιν
640 3062 774 3116 Θεοῦ
799 3067 1087 3139 ἀφωρίσθη
1117 3088 1135 3121 ι
1166 3073 1231 3141 τῇ
1260 3070 1593 3145 κληρονομίᾳ
1634 3094 1652 3125 ›
1697 3075 1892 3139 αὐτοῦ,
1916 3075 1983 3147 ἥν

398 3149 779 3221 ὸ;¹)ε·ιήσασαν
828 3155 926 3222 σὺ,
972 3159 1143 3227 φησὶ,
1196 3161 1542 3232 κατηρτίσω·
1600 3164 1742 3218 κατὰ
1787 3165 1844 3218 δὲ
1889 3165 1981 3219 τὸν

412 3241 673 3307 Ἀκύλαν,
722 3262 741 3295 ι
787 3246 1247 3320 Μεμοχθηκυῖαν,
1288 3253 1453 3324 φησὶ,
1498 3255 1562 3308 σὺ
1604 3255 1847 3326 ήδρασας
1888 3258 1985 3310 αύ-

396 3332 528 3403 τήν·
580 3350 599 3383 ι
641 3333 782 3387 κατὰ
823 3335 879 3387 δὲ
921 3338 1012 3391 τὸν
1053 3339 1376 3412 Σύμμαχον,
1420 3362 1439 3395 ι
1476 3346 1577 3399 Ἢν
1614 3346 1978 3419 ἐξεπόνησας,

396 3422 563 3492 φησὶ,
609 3424 702 3477 καὶ
741 3424 1005 3495 ἦδρασας.
1048 3450 1066 3483 ›
1109 3432 1183 3484 Οὐ
1213 3434 1295 3486 δεῖ
1329 3434 1385 3488 δὲ
1423 3436 1636 3491 πολλῶν
1684 3438 1859 3509 λόγων
1900 3442 1981 3507 είς

392 3511 456 3565 τὸ
480 3515 832 3585 παραστῆσαι
859 3518 1009 3583 ὅπως
1043 3523 1075 3593 ή
1118 3522 1178 3588 ἐξ
1223 3524 1392 3581 ἐθνῶν
1423 3529 1587 3583 πάλαι
1624 3531 1889 3604 πρότερον
1911 3529 1979 3605 ἦν

396 3607 779 3698 μεμοχθηκυῖα
813 3611 998 3672 πόνοις
1043 3616 1139 3669 καὶ
1188 3617 1408 3689 μόχθοις
1452 3622 1551 3692 τῆς
1592 3624 1977 3698 εἰδωλολάτρω

392 3696 605 3769 πλάνης
638 3703 1101 3774 καταπονηθεῖσαο
1133 3709 1480 3781 ἀσθενήσασά
1514 3732 1570 3766 τε
1597 3710 1666 3786 ἦν
1699 3718 1778 3780 εἰς
1806 3719 1977 3790 ὑπερ-

391 3788 577 3861 ϐολήν,
613 3790 688 3854 ώς
715 3793 988 3865 μηδεμίαν
1021 3798 1078 3849 ἐν
1105 3799 1241 3871 αὐτῇ
1269 3802 1693 3875 καταλειφθῆναι
1724 3788 1974 3879 δύναμιν.

405 3882 546 3935 Ἀλλ’
576 3884 858 3938 ἀναλαϐὼν
898 3888 1069 3960 αὐτὴν
1102 3892 1130 3943 ό
1162 3892 1352 3965 Σωτὴρ
1386 3896 1753 3967 κατηρτίσατο
1780 3901 1973 3972 αὐτὴν,

388 3974 625 4043 ἔδρασας
669 3976 762 4029 ἐπὶ
804 3978 901 4050 τήν
947 3980 1152 4054 πέτραν
1199 3984 1297 4056 τὴν
1342 3987 1560 4059 ἁρῤαγῆ
1600 3990 1692 4043 καὶ
1725 3991 1975 4047 ἄσειστον

384 4066 509 4157 τῆς
536 4068 698 4122 αὑτοῦ
734 4072 988 4138 πίστεως·
1019 4074 1047 4127 ὃ
1086 4074 1149 4148 δή
1197 4078 1289 4130 καὶ
1330 4080 1694 4151 ἐπηγγείλατο
1724 4086 1972 4157 ποιήσειν

384 4156 578 4210 εἰπών’
615 4179 632 4209 ι
686 4162 808 4216 Ἐπὶ
834 4162 933 4235 τήν
958 4166 1164 4237 πέτραν
1193 4169 1533 4240 οἰκοδομήσω
1574 4191 1673 4244 μου
1703 4175 1802 4245 τὴν
1846 4177 1969 4231 Ἐκ-

384 4251 636 4321 κλησίαν·
675 4257 770 4310 καὶ
802 4257 965 4313 πύλαι
996 4260 1122 4332 ᾅδου
1156 4264 1217 4316 ού
1254 4266 1672 4335 κατισχύσουσιν
1708 4271 1900 4343 αὐτῆς.
1944 4292 1963 4325 ι

391 4343 663 4416 Ἐδράσας
688 4348 744 4402 δὲ
770 4351 941 4423 αὐτὴν
971 4355 1065 4407 καὶ
1094 4358 1584 4429 καταρτισάμενος,
1608 4361 1677 4415 τὰ
1701 4361 1816 4428 ζῶα
1842 4367 1969 4418 ἐαυ-

378 4435 475 4489 τοῦ
524 4438 827 4510 κατῴκισεν
871 4446 930 4498 ὲν
970 4446 1129 4518 αὐτῇ.
1166 4447 1289 4501 Ζῶα
1326 4450 1383 4503 δὲ
1423 4451 1543 4505 τίνα
1566 4452 1632 4505 ἂν
1666 4455 1839 4519 εἴποις
1870 4456 1964 4510 τοῦ

2104 1960 2361 2030 gentibus
2422 1961 2762 2016 constituit?
2816 1959 2957 2016 lluic
2996 1963 3181 2032 itaque
3238 1961 3539 2019 haereditati
3574 1978 3689 2017 suae

2101 2054 2407 2125 segregavit
2452 2055 2690 2125 pluviam
2721 2056 3086 2111 voluntariam
3120 2075 3133 2111 :
3167 2070 3337 2127 quare
3381 2054 3574 2110 de‘illo
3603 2056 3688 2110 di-

2102 2154 2253 2200 ctum
2311 2154 2394 2201 est
2433 2166 2444 2201 :
2486 2166 2505 2199 ‹
2546 2145 2855 2202 Descendet
2913 2148 3057 2203 sicut
3086 2148 3269 2219 pluvia
3316 2147 3370 2201 in
3398 2148 3597 2210 vellus,
3633 2157 3688 2200 et

2100 2238 2244 2292 sicut
2276 2238 2555 2293 stillicidia
2610 2240 2875 2294 stillantia
2905 2256 3072 2311 super
3102 2250 3301 2295 terram
3346 2240 3411 2294 ¹⁹.
3436 2258 3453 2291 ι
3494 2238 3685 2292 Pluvia

2099 2337 2277 2384 autem
2308 2330 2615 2385 voluntaria
2644 2338 2759 2387 erat
2781 2332 3003 2386 verbum
3037 2331 3407 2403 evangelicum
3442 2371 3456 2396 ,
3480 2340 3532 2386 et
3555 2346 3687 2401 pra:-

2097 2418 2301 2473 dicatio
2326 2417 2459 2475 Novi
2493 2419 3104 2476 TestamentiEcclesiae
3129 2420 3368 2493 gentium
3405 2417 3687 2474 tradita.E

2095 2523 2156 2563 re
2186 2508 2440 2580 adjicitur
2462 2510 2528 2564 ad
2563 2530 2582 2564 ι
2618 2512 2857 2581 pluviam
2884 2531 2902 2563 ι
2939 2511 3091 2580 illud,
3160 2530 3180 2563 ι
3218 2511 3621 2568 voluntariam:
3658 2530 3679 2564 ι

2095 2618 2221 2656 nam
2248 2619 2346 2673 per
2377 2603 2621 2676 Moysen]
2678 2620 2789 2659 non
2852 2604 3226 2660 voluntarium
3264 2604 3509 2675 antiquis
3574 2603 3683 2658 illis

2093 2696 2415 2751 tradebatur
2435 2697 2684 2764 verbum,
2719 2698 2845 2769 quia
2875 2714 2985 2755 non
3014 2698 3317 2753 secundum
3350 2698 3526 2769 ipsius
3552 2714 3682 2753 sen-

2093 2788 2320 2841 tentiam
2346 2788 2434 2844 lex
2472 2788 2726 2843 dabatur.
2765 2787 3136 2855 Quamobrem
3168 2790 3292 2845 illos
3318 2790 3397 2844 sic
3428 2788 3682 2844 Salvator

2094 2878 2392 2948 alloquitur
2439 2900 2451 2933 :
2510 2899 2529 2932 ι
2563 2880 2780 2951 Moyses
2838 2881 2903 2934 ad
2958 2880 3221 2935 duritiam
3278 2879 3464 2936 cordis
3506 2880 3678 2935 vestri

2092 2970 2316 3040 scripsit
2360 2973 2428 3027 ὀ.
2467 2992 2485 3025 ι
2553 2973 2623 3028 At
2678 2974 2906 3030 verbum
2948 2974 3319 3045 evangeliorum
3375 2972 3677 3028 secundum

2090 3066 2430 3121 voluntatem
2489 3072 2545 3120 et
2602 3065 2928 3120 electionem
2976 3063 3071 3119 Dei
3125 3084 3143 3116 ι
3180 3064 3477 3118 haereditati
3510 3084 3528 3117 ι
3558 3065 3679 3135 ejus

2090 3158 2351 3211 traditum
2373 3165 2455 3212 est
2484 3176 2496 3212 :
2524 3174 2687 3229 quam
2716 3157 2987 3213 inﬁrmam
3017 3165 3099 3223 tu,
3130 3158 3329 3228 inquit,
3361 3157 3676 3228 perfecisti;

2094 3247 2395 3301 secundum
2450 3249 2739 3318 Aquilam,
2820 3249 3209 3305 «laborantem
3241 3290 3256 3312 .
3318 3250 3497 3321 inquit
3535 3290 3550 3316 ,
3616 3260 3674 3306 tu

2093 3337 2335 3393 fundasti
2390 3354 2551 3406 eam;
2612 3360 2631 3392 ι
2691 3340 2993 3395 secundum
3056 3338 3447 3412 Symmachum
3522 3358 3673 3407 vero,

2095 3450 2305 3504 «quam
2360 3412 2680 3498 elaborasti,
2736 3435 2951 3505 inquit,
3018 3444 3072 3489 et
3115 3433 3379 3491 fundasti.
3412 3456 3430 3488 ι
3488 3434 3677 3508 Neque

2089 3528 2275 3581 multis
2299 3542 2436 3596 opus
2483 3526 2830 3582 sermonibus
2874 3533 2958 3581 est
3004 3526 3071 3581 ad
3118 3527 3508 3583 declarandum
3565 3544 3675 3599 quo

2086 3631 2249 3690 pacto
2276 3619 2521 3689 gentium
2556 3618 2802 3673 Ecclesia
2854 3619 3064 3689 pridem
3092 3619 3331 3684 defessa,
3361 3620 3673 3675 laboribus-

2086 3725 2192 3779 que
2221 3709 2430 3764 erroris
2467 3708 2737 3764 idolorum
2772 3709 3023 3764 confecta
3057 3717 3224 3773 esset,
3260 3727 3325 3764 ac
3357 3726 3523 3779 supra
3552 3726 3672 3764 mu-

2086 3801 2472 3863 duminﬁrma,
2505 3808 2562 3854 ut
2594 3800 2744 3854 nulla
2806 3800 2911 3871 ipsi
2973 3800 3148 3854 virtus
3202 3808 3536 3871 superesset.
3566 3798 3673 3855 Sed

2085 3895 2257 3965 ipsam
2294 3895 2555 3949 Servator
2594 3901 2909 3965 susceptam
2956 3893 3206 3963 perfecit,
3242 3894 3406 3963 inque
3431 3893 3588 3948 ﬁrma
3617 3900 3674 3949 et

2084 3986 2306 4041 immota
2336 3997 2490 4057 petra
2549 3987 2673 4040 ﬁdei
2715 4001 2828 4041 su.e
2895 3985 3187 4040 fundavit:
3219 3986 3365 4056 quod
3404 4001 3464 4041 se
3498 3985 3675 4041 factu-

2082 4094 2202 4133 rum
2240 4080 2525 4150 pollicitus
2562 4088 2680 4135 erat
2714 4080 2946 4134 dicens:
2986 4099 3002 4129 ι
3045 4078 3220 4150 Supra
3258 4088 3467 4151 petram
3499 4080 3670 4135 aediﬁ-

2080 4169 2216 4223 cabo
2265 4168 2566 4225 Ecclesiam
2603 4185 2803 4233 meam,
2837 4178 2891 4224 et
2924 4178 3095 4241 portae
3136 4172 3296 4225 inferi
3327 4186 3435 4226 non
3470 4186 3673 4241 preva-

2078 4262 2267 4317 lebunt
2300 4263 2737 4319 adversusoeam.
2774 4265 2840 4317 ¹¹.
2882 4283 2899 4315 ι
2927 4263 3231 4334 Postquam
3270 4279 3401 4319 vero
3423 4263 3673 4319 fundavit

2076 4364 2130 4411 et
2158 4356 2387 4427 perfecit
2419 4396 2433 4421 ,
2469 4356 2731 4411 animalia
2771 4370 2869 4410 sua
2896 4355 3145 4410 habitare
3182 4355 3307 4410 fecit
3340 4357 3395 4411 in
3426 4372 3513 4412 ea.
3539 4355 3671 4412 Ani-

2075 4451 2237 4504 malia
2266 4465 2396 4505 vero
2439 4449 2531 4503 Dei
2562 4464 2684 4519 qua:
2730 4448 2937 4503 dixeris
2967 4464 3110 4512 esse,
3146 4449 3256 4503 nisi
3289 4448 3504 4505 animas
3555 4450 3668 4504 vita

377 4528 515 4640 ςεοῦ
540 4531 573 4601 ἢ
602 4532 796 4640 τὰς⁹ὲκ
838 4536 940 4608 τῆς
981 4542 1111 4611 παρ’
1143 4541 1291 4613 αύτῷ
1335 4542 1480 4615 ζωῆς
1521 4546 1831 4619 ἀρυομένας
1864 4550 1959 4603 καὶ

2091 4556 2194 4611 [uae
2226 4540 2367 4612 apud
2400 4541 2579 4610 ipsum
2609 4550 2712 4603 est,
2740 4541 3040 4596 instructas
3070 4548 3123 4595 et
3153 4540 3501 4597 donatas?Et
3527 4541 3642 4598 haec

377 4620 818 4696 ζωοποιουμένας
867 4629 1074 4701 ψυχάς;
1128 4635 1239 4689 Καὶ
1288 4635 1462 4693 ταῦτα
1504 4640 1713 4705 πάντα,
1761 4644 1955 4713 φησὶν,

2091 4632 2264 4703 nquit,
2298 4632 2482 4686 omnia
2514 4647 2612 4701 per
2626 4631 2971 4685 dulcedinem
2986 4639 3039 4686 et
3067 4632 3466 4718 humanitatem
3489 4622 3667 4718 tuam:

380 4734 399 4806 ι
436 4717 742 4788 ἡτοίμασας
786 4741 804 4772 ι
844 4722 931 4778 διὰ
959 4727 1058 4797 τῆς
1106 4728 1205 4799 σῆς
1247 4731 1613 4804 χρηστότητος
1650 4736 1744 4789 καὶ
1767 4735 1959 4806 φιλαν-

376 4804 703 4879 θρωπίας,ῆ
734 4810 824 4865 διὰ
864 4830 882 4864 ι
924 4814 1023 4885 τῆς
1053 4816 1153 4887 σῆς
1186 4818 1565 4892 ἀγαθωσύνης,
1605 4843 1623 4875 ι
1651 4804 1792 4880 κατᾶ
1832 4829 1959 4893 τοὺς

373 4896 601 4963 λοιποὺς
635 4903 1005 4976 ὲρμηνευτὰς,
1046 4927 1063 4960 ι
1109 4908 1188 4980 τῷ
1228 4913 1449 4985 πτωχῷ.
1486 4934 1505 4967 ›
1540 4918 1760 4989 Πτωχόν
1788 4920 1843 4973 δὲ
1877 4922 1961 4975 ὲν-

371 4988 545 5083 ταῦθα
580 4992 816 5065 κέκληκε
850 5000 1129 5068 μυστικῶς
1171 5001 1261 5056 τὸν
1293 5005 1435 5059 κατά
1465 5007 1643 5078 σάρκα
1672 4988 1957 5083 ἄνθρωπον

369 5082 465 5135 τοῦ
498 5084 751 5158 Σωτῆρος
780 5088 957 5159 ήμῶν,
985 5092 1045 5155 ὃς
1080 5110 1099 5143 ι
1140 5094 1395 5161 πλούσιος
1428 5096 1506 5151 ὣν
1548 5100 1856 5172 ὲπτώχευσε
1889 5105 1955 5159 δι’

368 5175 539 5263 ημᾶς.
579 5175 666 5229 ἵνα
692 5178 853 5248 ἡμεῖς
886 5184 951 5253 τῇ
983 5182 1146 5237 αὐτοῦ
1189 5187 1432 5259 πτωχείᾳ
1473 5189 1882 5263 πλουτήσωμεν.
1931 5215 1951 5250 ι

382 5261 599 5333 Ἐδήλου
645 5264 703 5317 δὲ
744 5268 907 5321 αὐτοῦ
959 5272 1071 5341 τὴν·
1104 5274 1376 5345 πτωχείαν
1420 5278 1513 5332 καὶ
1555 5261 1718 5344 αὐτὸς
1761 5261 1955 5351 λέγων·

375 5372 392 5402 ι
426 5353 770 5448 Μαθετεὰπ’
810 5360 978 5431 ἐμοῦ,
1013 5364 1094 5418 ὅτι
1132 5370 1305 5440 πρᾶός
1337 5372 1450 5442 είμι
1481 5373 1574 5425 καὶ
1600 5375 1853 5439 ταπεινὸς
1884 5379 1950 5448 τῇ

368 5445 587 5541 καρδίᾳ.
622 5466 666 5541 Η)
714 5450 901 5541 ⁹τούτῳ
932 5450 1025 5508 οὖν
1057 5457 1134 5528 τῷ
1163 5462 1362 5533 πτωχῷ
1401 5466 1429 5518 ό
1465 5463 1597 5529 Θεὸς
1641 5466 1734 5520 καὶ
1764 5445 1953 5541 Πατὴρ

366 5534 535 5588 αὑτοῦ
580 5539 647 5608 τῇ
689 5540 854 5595 αὑτοῦ
883 5544 1263 5622 φιλανθρωπίᾳ
1297 5553 1391 5606 καὶ
1434 5554 1761 5628 χρηστότητι
1806 5534 1956 5628 ήτοί-

447 5720 663 5811 ‘Lll’sal.
720 5742 779 5792 ιι,
822 5730 870 5795 7,
907 5732 958 5787 8.
1041 5732 1249 5789 “Psal.
1304 5751 1452 5803 an,
1484 5736 1534 5793 6.
1618 5742 1661 5773 ³⁸
1690 5740 1855 5799 Marc.
1894 5761 1944 5811 κ,
1982 5784 1983 5791 η

2111 5748 2151 5781 ²¹
2184 5744 2372 5801 Matth.
2414 5763 2504 5811 xv,
2545 5746 2631 5803 18.

367 5803 442 5853 ιι,
473 5791 563 5847 29.

2066 4727 2181 4781 sive
2223 4741 2324 4795 per
2354 4744 2373 4776 ι
2403 4725 2707 4779 bonitatem
2743 4730 2892 4777 tuam
2918 4744 2936 4776 ι
2973 4703 3276 4780 εθειιήἀιιιιι
3309 4727 3553 4798 reliquos
3578 4703 3667 4783 in:

2064 4826 2353 4891 terpretes,
2374 4835 2392 4868 ι
2420 4818 2648 4888 pauperi
2680 4816 2918 4886 parasti.
2948 4837 2967 4869 ι
2988 4816 3293 4889 Pauperem
3331 4819 3419 4874 hic
3434 4823 3667 4892 mystice

2067 4923 2227 4970 vocat
2252 4911 2529 4966 hominem
2557 4909 2861 4967 Salvatoris
2889 4910 3066 4966 nostri
3091 4912 3391 4968 secundum
3416 4928 3660 4980 carnem,

2068 5005 2161 5077 qui
2191 5024 2209 5056 ι
2241 5019 2365 5058 cum
2392 5002 2545 5058 dives
2567 5011 2731 5067 esset,
2749 5018 2954 5074 egenus
2983 5011 3205 5075 propter
3228 5021 3330 5061 nos
3352 5004 3527 5062 factus
3552 5014 3661 5072 est,

2068 5108 2127 5153 ut
2160 5114 2263 5154 nos
2296 5097 2416 5167 ejus
2458 5095 2649 5167 inopia
2674 5096 2874 5152 divites
2900 5112 3153 5153 essemus
3181 5100 3249 5152 ”.
3292 5118 3309 5150 ι
3334 5098 3501 5153 Suam
3533 5116 3661 5156 vero

2066 5193 2184 5263 ipse
2213 5191 2450 5262 inopiam
2484 5190 2569 5244 his
2601 5190 2787 5246 verbis
2818 5187 3118 5244 declaravit
3147 5207 3159 5241 :
3195 5208 3213 5241 ι
3252 5189 3457 5247 Discite
3482 5207 3512 5245 a
3547 5208 3656 5260 me,

2068 5284 2199 5356 quia
2230 5283 2379 5339 mitis
2414 5298 2536 5338 sum
2590 5289 2646 5336 et
2690 5281 2914 5336 humilis
2940 5282 3106 5337 corde
3140 5282 3207 5335 ’³.
3248 5302 3267 5335 ι
3318 5280 3457 5338 Iluic
3490 5284 3658 5354 igitur

2061 5376 2287 5454 pauperi
2328 5373 2471 5429 Deus
2493 5382 2546 5430 et
2576 5374 2737 5429 Pater
2760 5374 2879 5445 ejus
2899 5375 3236 5431 humanitate
3270 5391 3333 5429 ac
3363 5376 3657 5435 dulcedine

2059 5486 2159 5528 sua
2190 5466 2452 5538 praedicta
2476 5467 2660 5521 omnia
2717 5466 3081 5538 przeparavit;
3131 5467 3380 5522 videlicet
3410 5468 3651 5537 pluviam

2061 5561 2457 5626 voluntariam,
2502 5559 2782 5631 praefatam
2820 5560 3195 5616 hmreditatem
3242 5567 3298 5615 et
3349 5574 3650 5617 memorata

2747 5750 2793 5779 ²²
2826 5746 2868 5800 ll
2897 5747 3024 5803 Cor.
3056 5763 3172 5811 vm,
3212 5748 3263 5802 9.
3380 5749 3427 5780 ’³
3453 5749 3641 5804 Matth.
