4068 6526
414 373 523 428 695

1116 369 1384 426 EUSEBII
1421 372 1901 429 CIESARIENSiS
1941 372 2092 427 OPP.
2135 373 2314 427 PARS
2350 372 2438 428 ιιι.
2479 404 2548 412 -—
2588 372 3007 429 EXEGETICA.

3581 374 3686 430 696

415 495 694 548 animalia.
730 490 1096 558 Quamobrem
1153 498 1279 561 post
1330 491 1448 547 hac
1490 492 1675 548 omnia
1707 490 1941 547 i‘nl'ertur
1978 509 1989 544 :

2106 510 2245 563 μασε
2294 493 2361 546 τὰ
2407 491 2781 564 προλεχθέντα
2809 492 3006 545 πάντα·
3038 489 3181 559 λέγω
3224 490 3285 544 δξ
3314 490 3412 562 τήν
3436 491 3686 545 ἑκούσιον

420 604 438 636 ι
462 581 676 638 Parasti
702 583 757 636 in
791 580 1080 637 dulcedine
1129 589 1224 635 tua
1250 583 1498 653 pauperi.
1555 582 1823 640 Dominus
1843 584 1997 639 dabit

410 676 639 731 verbum
666 673 1173 743 evangelizantibus
1204 675 1404 729 virtute
1437 676 1627 731 multa.
1670 696 1692 729 ›
1724 675 1849 732 ΙΙωο
1868 686 1997 731 sunt

411 767 671 837 przeclara
702 764 918 820 Domini
964 780 1155 835 Opera,
1188 766 1281 836 qui
1343 768 1591 823 ascendit
1622 785 1789 840 super
1833 785 1997 826 occa-

412 875 553 914 sum.
583 857 852 925 Quoniam
888 872 1018 912 vero
1049 873 1114 912 ea
1143 858 1402 915 omnibus
1430 860 1702 915 declarari
1729 864 1994 934 oportuit,

411 952 463 1005 id
488 950 651 1005 etiam
688 951 810 1020 ipse
868 949 1131 1005 Dominus
1184 959 1308 1020 post
1329 952 1539 1022 reliqua
1583 955 1767 1008 omnia
1812 954 1994 1011 efﬁcit.

408 1042 692 1110 Quomodo
740 1051 795 1098 et
838 1060 945 1114 qua
977 1044 1239 1098 ratione?
1265 1043 1595 1101 Hominibus
1641 1048 1862 1118 quidem
1903 1050 1994 1119 qui

408 1151 508 1191 nec
532 1135 813 1206 proprium
840 1137 1065 1190 verbum
1096 1153 1197 1191 nec
1228 1138 1506 1207 propriam
1537 1140 1863 1209 sapientiam
1898 1141 1998 1197 ha-

406 1230 557 1291 bent,
584 1228 679 1284 sed
712 1229 804 1299 qui
841 1230 1070 1283 omnino
1133 1232 1299 1287 rudes
1325 1232 1663 1289 etineruditi
1691 1216 1841 1299 sun't,
1879 1236 1996 1304 ipse

404 1320 632 1375 verbum
684 1320 1058 1391 suppeditabit
1104 1322 1324 1393 plenum
1386 1324 1745 1378 inenarrabili
1773 1325 1993 1377 virt’ute.

404 1410 509 1479 Ipsi
569 1426 701 1466 vero
737 1412 983 1466 roborati
1034 1419 1089 1468 et
1144 1414 1349 1469 tradito
1393 1415 1501 1470 sibi
1554 1416 1721 1471 verbo
1775 1416 1995 1481 diserti,

403 1517 683 1571 prreconcs
713 1503 986 1558 bonorum
1042 1505 1214 1560 totius
1244 1506 1436 1561 mundi
1489 1508 1999 1568 constituentur,ut

403 1606 704 1650 memorata
740 1596 1058 1653 hominibus
1114 1601 1376 1656 omnibus
1430 1602 1780 1656 annuntient.
1818 1602 2000 1668 Quare

402 1697 803 1758 consequenter
826 1698 957 1759 post
988 1691 1247 1760 praeclara
1303 1692 1395 1747 illa
1450 1691 1665 1749 Domini
1700 1708 1866 1765 opera
1901 1695 1998 1749 ad-

396 1778 589 1849 jicitur
615 1778 747 1833 illud
792 1800 806 1834 :

2086 584 2319 656 βροχὴν.
2347 582 2445 655 τήν
2468 582 2799 654 δηλωθεῖσαν
2819 580 3204 653 κληρονομίαν,
3227 580 3296 634 τὰ
3317 579 3685 652 προλεχθέντα

2098 676 2232 741 ζῶα.
2270 675 2361 729 Διδ
2401 677 2513 739 τοῖς
2560 675 2725 727 πᾶσιν
2761 675 3115 745 ὲπενήνεκται
3151 673 3250 737 τὸ,
3288 691 3307 725 ι
3350 673 3683 742 Ἠτοίμαοας

2098 770 2156 821 ὲν
2202 770 2265 839 τῇ
2300 765 2628 837 χρηστότητι
2679 781 2773 817 σου
2816 764 2893 835 τῷ
2937 764 3160 835 πτωχῷ.
3201 763 3406 837 Κιῖριος
3434 763 3595 818 δώσει
3624 764 3686 817 τὸ

2100 860 2249 930 ῥῆμα
2297 861 2411 921 τοῖς
2458 856 2969 927 εὖαγγελιζομένοις
3015 856 3243 926 δυνάμει
3294 856 3484 928 πολλῇ.
3539 876 3559 907 ι
3601 857 3685 911 Τὰ

2103 952 2199 1021 μὲν
2265 949 2667 1021 κατορθώματα
2716 948 2810 1002 τοῦ
2865 948 3257 1019 ὲπιϐεόηκότος
3308 949 3403 1001 ἐπὶ
3462 949 3683 1020 δυσμῶν

2098 1043 2306 1114 Κυρίου
2333 1042 2587 1096 τοιαῦτα,
2621 1041 2776 1094 Ἐπεὶ
2804 1041 2849 1093 δ’
2883 1041 3050 1112 ἐχρῆν
3075 1040 3215 1093 αὐτὰ
3246 1039 3546 1105 ἐξάκουστα
3576 1043 3685 1094 πᾶ-

2100 1153 2185 1188 σιν
2221 1134 2527 1206 ἀνθρώποις
2557 1132 2834 1203 γενέσθαι,
2880 1132 3043 1185 πάλιν
3074 1135 3103 1186 ὁ
3145 1134 3308 1197 αὐτὸς
3346 1134 3548 1205 Κύριος
3586 1138 3683 1188 καὶ

2095 1228 2257 1281 τοῦτο
2297 1228 2437 1301 πρὸς
2475 1228 2593 1291 τοῖς
2633 1224 2815 1289 ἄλλοις
2859 1226 3113 1279 ἐπιτελεῖ.
3163 1224 3289 1287 Πῶς
3323 1224 3382 1278 δὲ
3428 1226 3523 1278 καὶ
3560 1226 3684 1278 τίνα

2096 1321 2327 1393 τρόπονς
2385 1318 2718 1390 Ἀνθρώποις
2767 1319 2841 1389 μή
2880 1318 3095 1389 ἔχουσιν
3146 1317 3276 1371 ἴδιον
3321 1316 3478 1386 λόγον
3498 1358 3514 1379 ,
3546 1318 3683 1389 μηδὲ

2098 1413 2303 1466 οἰκείαν
2354 1410 2569 1481 σοφίαν,
2604 1410 2889 1473 παντελῶς
2929 1410 2986 1463 δὲ
3036 1408 3276 1471 ἰδιώταις
3315 1410 3684 1480 ἀνεπιστήμο-

2100 1520 2205 1565 σιν,
2252 1502 2415 1561 αὐτὸς
2458 1500 2851 1573 ἐπιχορηγήσει
2903 1500 3054 1571 ῥῆμα
3089 1500 3287 1571 μεστὸν
3328 1500 3538 1569 άφάτου
3584 1502 3684 1555 καὶ

2099 1596 2300 1667 πολλῆς
2339 1596 2639 1665 δυνάμεως.
2689 1596 2752 1647 Oi
2792 1594 2851 1647 δὲ
2894 1593 3303 1664 δυναμωθέντες
3340 1595 3435 1648 καὶ
3467 1610 3683 1663 στομω-

2098 1688 2285 1751 θέντες
2319 1688 2423 1741 ὑπὸ
2450 1686 2544 1741 τοῦ
2581 1684 2917 1756 δωρηθέντος
2948 1686 3131 1749 αὐτοῖς
3165 1687 3410 1757 ῥήματος
3441 1687 3682 1757 κήρυκες

2098 1780 2317 1850 ἀγαθῶν
2364 1779 2457 1833 τοῦ
2501 1778 2702 1842 παντὸς
2746 1777 2950 1849 κόσμου
2983 1779 3415 1850 καταστήσονται
3449 1779 3683 1847 εὐαγγε-

401 1870 671 1943 λιζόμενοι
721 1876 888 1927 πᾶσιν
936 1876 1248 1946 ἀνθρώποις
1294 1878 1362 1931 τὰ
1414 1880 1845 1951 προλελεγμένα.
1901 1879 1991 1931 Διὸ
2031 1875 2341 1938 ἀκολούθως
2378 1879 2491 1939 τοῖς
2532 1872 2626 1928 τοῦ
2661 1874 2867 1928 Κυοίου
2936 1873 3357 1946 κατορθώμασιν
3424 1876 3682 1946 ὲπενήνε-

401 1982 525 2019 κται
552 1968 611 2019 τό
641 1985 654 1997 ·

478 2105 495 2135 ι
532 2085 798 2144 Dominus
821 2090 973 2145 dabit
996 2092 1223 2146 verbum
1253 2096 1759 2165 evangelizantibus
1793 2096 1993 2151 virtute
2023 2102 2068 2158 B

402 2178 591 2231 multa.
635 2199 652 2229 ι
675 2179 1058 2236 Necessarium
1087 2199 1218 2237 vero
1263 2184 1367 2239 fuit
1398 2186 1447 2240 id
1484 2204 1585 2243 nos
1618 2204 1974 2259 cognoscere,

400 2272 529 2337 quia
552 2275 811 2343 superius
836 2275 1059 2344 quidam
1101 2276 1246 2345 jussi
1279 2286 1409 2332 sunt
1436 2261 1637 2334 cauere
1667 2292 1719 2335 et
1753 2280 1990 2351 psallere

400 2359 533 2425 Deo,
568 2363 780 2432 iterque
814 2363 994 2419 facere
1026 2366 1075 2419 ei
1100 2367 1193 2436 qui
1223 2368 1474 2423 ascendit
1502 2385 1667 2439 super
1690 2386 1985 2425 occasum:

400 2451 562 2523 idque
594 2452 836 2507 declarat
892 2455 1081 2511 dicens
1121 2477 1132 2510 :
1172 2476 1190 2509 ι
1246 2457 1511 2516 Dominus
1558 2462 1711 2516 dabit
1763 2462 1987 2517 verbum

399 2544 905 2614 evangelizantibus
944 2548 1147 2604 virtute
1196 2551 1384 2604 multa.
1428 2570 1447 2603 ›
1496 2550 1595 2605 His
1636 2554 1782 2607 enim
1816 2570 1987 2609 cvan-

396 2636 785 2705 gelizantibus,
812 2638 904 2708 qui
942 2654 1044 2693 suo
1064 2640 1133 2693 ad
1160 2641 1411 2697 homines
1431 2643 1692 2698 transilui
1726 2645 1869 2699 viam
1900 2662 1990 2716 pa-

400 2726 624 2791 rabunt,
666 2727 784 2797 ipse
818 2730 912 2801 qui
954 2731 1369 2785 annuntiandus
1400 2732 1469 2787 ab
1522 2734 1657 2803 ipsis
1700 2745 1804 2795 est.
1837 2735 1989 2791 dabit

400 2820 622 2874 verbum
655 2822 925 2877 divinum.
958 2822 1097 2879 Nam
1127 2823 1283 2878 multi
1343 2834 1500 2879 erant
1543 2826 1791 2894 ejusdem
1834 2830 1986 2884 verbi

396 2926 630 2983 capaces
662 2929 786 2969 cum
818 2916 1023 2970 virtute
1054 2915 1223 2969 multa
1251 2935 1264 2970 :
1297 2933 1665 2989 magnumque
1700 2920 1834 2990 ipsis
1872 2931 1989 2975 erat

398 3005 711 3075 bujusmodi
742 3008 991 3063 verbum.
1023 3010 1169 3079 quod
1202 3008 1269 3062 ad
1310 3008 1590 3078 Evangelii
1621 3013 1985 3069 ministerium

398 3101 692 3156 suﬂiceret.
734 3100 857 3171 ipse
899 3118 1136 3173 namque
1194 3102 1461 3158 Dominus
1516 3105 1819 3173 perfectum
1870 3114 1988 3161 erat

398 3190 492 3248 Dei
525 3191 787 3248 Verbum.
815 3192 855 3245 li
889 3210 1017 3247 vero
1049 3196 1143 3265 qui
1169 3196 1394 3249 verbum
1456 3206 1788 3267 acceperunt
1834 3197 1984 3252 brevi

396 3284 639 3356 quodam
689 3283 912 3339 virtutis
950 3286 1071 3355 ejus
1120 3286 1304 3340 amatu
1342 3286 1572 3355 dignati,
1621 3288 1823 3341 virtute
1862 3303 1985 3341 cum

396 3375 569 3429 multa
592 3375 975 3444 praedicantes.
1003 3377 1324 3432 universum
1348 3379 1534 3432 orbem
1577 3376 1869 3449 Evangelia
1899 3396 1986 3435 re-

398 3468 684 3535 pleverunt
723 3467 914 3537 :quod
946 3468 1061 3538 ipse
1093 3469 1287 3525 iisdem
1337 3469 1615 3539 pollicitus
1665 3448 1752 3526 his
1803 3448 2053 3527 verbisC

396 3567 517 3611 erat
548 3577 561 3611 :
603 3577 625 3609 σ
650 3557 763 3613 Vos
790 3570 970 3613 autem
1000 3560 1284 3631 accipietis
1311 3562 1568 3617 virtutem
1594 3565 1985 3633 supervenien-

399 3652 469 3708 iis
506 3651 748 3723 Spiritus
792 3652 970 3707 sancti
1001 3654 1053 3706 in
1100 3669 1197 3708 vos
1221 3653 1301 3719 ἰς
1338 3673 1355 3704 ι
1388 3652 1701 3708 Secundum
1736 3654 1985 3728 Symma-

396 3744 561 3800 chum
619 3753 853 3799 autem:
921 3765 947 3796 σε
1005 3743 1299 3806 Dominus,
1366 3747 1565 3816 inquit,
1620 3748 1770 3803 dedit
1818 3750 1983 3804 verba

396 3840 798 3909 evangeiizanti
827 3840 1094 3895 exercitui
1125 3841 1320 3895 multo.
1366 3860 1384 3891 ι
1414 3839 1610 3911 ingens
1634 3851 1815 3898 autem
1867 3853 1987 3899 erat

396 3932 699 3989 Salvatoris
730 3932 901 3989 nostri
932 3933 1228 3998 exercitus,
1279 3949 1469 3988 eorum
1531 3934 1743 3990 scilicet
1783 3935 1984 4006 quibus

395 4027 562 4081 verba
612 4026 703 4080 illa
735 4025 861 4078 data
896 4034 947 4078 et
991 4024 1315 4077 annuntiata
1354 4023 1617 4089 fuerant;
1658 4025 1835 4095 primo
1856 4026 1979 4095 qui-

394 4116 519 4171 dem
554 4116 928 4183 apostolorum
964 4113 1254 4167 duodecim
1278 4132 1294 4179 ;
1320 4114 1564 4169 secundo
1584 4117 1980 4185 discipulorum

396 4205 778 4277 septuaginta;
822 4212 1019 4275 prteter
1061 4204 1178 4259 haec
1214 4221 1345 4261 vero
1376 4206 1611 4260 aliorum
1658 4209 1984 4279 quingento-

393 4311 543 4357 rum,
566 4295 769 4365 quibus
794 4295 961 4350 simul
990 4302 1116 4365 post
1140 4296 1603 4351 resurrectionem
1633 4300 1907 4369 apparuit,
1926 4311 1983 4355 ut

394 4386 617 4442 divinus
663 4385 960 4456 Apostolus
986 4384 1315 4441 testiﬁcatur
1347 4387 1433 4441 his
1454 4388 1637 4443 verbis
1673 4408 1687 4445 :
1723 4410 1741 4441 ι
1778 4389 1983 4447 Deinde

393 4479 545 4534 visus
568 4486 655 4534 est
695 4480 999 4549 plusquam
1040 4479 1358 4549 quingentis
1392 4478 1655 4536 fratribus
1677 4482 1839 4537 simul
1874 4501 1887 4539 :
1916 4498 1983 4538 ex

392 4572 595 4641 quibus
624 4570 782 4626 multi
832 4579 1057 4627 manent
1090 4587 1263 4641 usque
1309 4572 1509 4638 adhuc,
1541 4574 1761 4644 quidam
1801 4588 1981 4631 autem

391 4664 737 4719 dormierunt
765 4664 852 4730 ¹⁸;
890 4682 908 4715 ι
935 4673 1124 4734 postea
1157 4664 1441 4736 subjungit
1471 4684 1483 4720 :
1532 4685 1551 4718 ι
1591 4665 1794 4723 Deinde
1828 4670 1982 4724 visus

391 4765 476 4812 est
533 4757 797 4827 apostolis
853 4757 1113 4811 omnibus
1145 4758 1213 4809 ".
1256 4777 1276 4808 ›
1338 4757 1405 4811 Et
1448 4765 1604 4813 crant
1659 4776 1791 4815 sane
1853 4777 1976 4816 cum

392 4848 503 4904 illis
541 4848 852 4909 duodecim,
906 4864 1032 4902 cum
1072 4849 1179 4903 illis
1221 4851 1595 4921 septuaginta.
1628 4859 1837 4908 etcum
1873 4854 1979 4910 illis

392 4936 728 5011 quingentis,
786 4939 877 4993 alii
926 4940 1064 4994 bene
1116 4940 1273 4995 multi
1338 4940 1617 5013 Evangelii
1676 4962 1976 5015 prmcones,

393 5030 716 5100 apostolicis
764 5030 1128 5098 temporibus,
1170 5038 1225 5084 et
1255 5040 1379 5101 post
1434 5033 1557 5089 illos
1608 5034 1723 5097 alii,
1752 5034 1846 5106 qui
1882 5051 1980 5105 per

389 5128 565 5175 totum
591 5122 777 5176 orbem
814 5123 868 5175 in
897 5121 1158 5177 Ecclesiis
1178 5121 1530 5196 Evangelium
1560 5128 1683 5194 ejus
1713 5129 1978 5197 praedica-

393 5220 544 5276 runt,
570 5213 773 5287 quibus
810 5228 904 5269 rex
940 5214 1206 5269 virtutum
1256 5214 1449 5272 Dilecti
1485 5218 1740 5272 virtutem
1777 5236 1975 5290 suppe-

392 5301 626 5359 ditabat.
658 5304 794 5359 Alite
823 5304 954 5360 item
995 5313 1194 5375 przeter
1239 5307 1362 5362 illas
1394 5315 1553 5363 erant
1578 5307 1772 5363 Dilecti
1798 5312 1976 5367 virtu-

392 5403 498 5456 tes.
524 5395 779 5451 cceiestcs
816 5398 1077 5452 nimirum
1115 5398 1413 5460 exercitus,
1442 5401 1643 5470 angeli.
1679 5404 1977 5473 archange-

390 5486 427 5539 li
457 5492 511 5539 et
541 5488 713 5542 divini
739 5490 985 5559 spiritus.
1020 5487 1113 5543 Hze
1136 5490 1370 5545 virtutes
1399 5490 1591 5547 Dilecti
1615 5502 1794 5549 erant.
1830 5494 1976 5563 Qua-

459 5641 653 5699 “Act.
695 5660 734 5705 ι.
768 5646 821 5700 8.
897 5645 986 5697 ¹⁸1
1018 5644 1146 5699 Cor.
1184 5662 1272 5707 xv,
1316 5646 1369 5700 6.
1448 5647 1493 5681 ³⁸
1516 5648 1646 5703 ibid.
1678 5650 1723 5704 7.

463 5802 540 5871 (ι)
582 5800 831 5869 Drusius,
863 5800 1393 5871 εὖαγ·,·ελιζομένοις.

2174 2114 2191 2145 ι
2246 2092 2451 2163 Κύριος
2498 2090 2655 2143 δώσει
2696 2089 2843 2161 ῥῆμα
2891 2091 3006 2151 τοῖς
3042 2088 3547 2158 εὖαγγελιζομένοις
3583 2088 3678 2143 δυ-

2089 2186 2250 2257 νάμει
2294 2184 2485 2255 πολλῇ.
2524 2201 2543 2233 ›
2588 2183 2909 2250 Ἀναγκαῖον
2949 2181 3003 2234 δὲ
3052 2177 3120 2252 ἦν
3160 2181 3363 2249 γνῶναι
3393 2183 3541 2251 ἡμᾶς
3585 2183 3679 2235 καὶ

2090 2282 2267 2334 τοῦτο.
2323 2276 2543 2347 Ἐπειδὴ
2586 2276 2843 2347 ἀνωτέρω
2899 2273 3295 2344 παρεκελεύετό
3341 2290 3483 2326 τισιν
3529 2274 3678 2345 ᾄδειν

2091 2372 2187 2426 καὶ
2232 2371 2458 2440 ψάλλειν
2498 2368 2576 2439 τῷ
2617 2366 2756 2440 Θεῷ,
2800 2368 3066 2420 ὁδοποιεῖν
3115 2383 3173 2419 τε
3214 2364 3293 2435 τῷ
3326 2365 3677 2434 ὲπιϐεδηκότι

2090 2466 2182 2520 ἐπὶ
2234 2463 2493 2535 δυσμῶν,
2541 2460 2888 2533 παρέστησεν
2943 2458 3140 2512 εἰπών·
3192 2478 3211 2510 ι
3265 2457 3469 2529 Κύριος
3512 2458 3677 2512 δώσει

2092 2559 2245 2631 ῥῆμα
2279 2559 2391 2620 τοῖς
2426 2552 2937 2623 εὐαγγελιζομένοις
2980 2549 3208 2633 δυνάμει
3253 2549 3443 2620 πολλῇ.
3484 2568 3502 2599 ›
3534 2548 3674 2602 Τού-

2089 2667 2203 2713 τοις
2236 2648 2344 2720 γὰρ
2375 2650 2486 2711 τοῖς
2515 2642 3026 2715 εὖαγγελιζομένοις
3048 2642 3142 2695 καὶ
3164 2640 3498 2695 ὁδοποιΟὖσιν
3525 2640 3679 2711 αὐτῷ

2087 2741 2186 2813 τήν
2214 2743 2292 2804 εἰς
2317 2738 2635 2812 ἀνθρώπους
2664 2734 2895 2807 πάροδον
2911 2733 3073 2797 αὐτὸς
3096 2734 3125 2786 0
3158 2734 3293 2804 πρὸς
3319 2733 3498 2787 αὐτῶν
3542 2753 3677 2788 κατ-

2090 2832 2484 2903 αγγελλόμενος
2543 2829 2704 2883 δώσει
2772 2827 2922 2898 ῥῆμα
2997 2824 3198 2879 θεῖκόν.
3254 2826 3511 2880 Τοσοῦτοι
3564 2828 3677 2896 γὰο

2086 2919 2227 2994 ἦσαν
2277 2918 2574 2993 χωρητικοὶ
2620 2917 2716 2971 σὺν
2762 2915 2930 2986 πολλῇ
2966 2916 3226 2988 δυνάμει·
3270 2918 3363 2970 καὶ
3407 2918 3548 2988 μέγα
3600 2914 3671 2986 ἦν

2090 3019 2274 3080 αὐτοῖς
2301 3016 2451 3068 τουτὶ
2475 3013 2535 3067 τὸ
2569 3012 2720 3084 ῥῆμα
2747 3011 2842 3063 καὶ
2880 3009 3153 3083 αὔταρκες
3182 3013 3261 3075 εἰς
3290 3010 3388 3082 τὴν
3425 3010 3516 3063 τοῦ
3565 3010 3675 3063 Εὖ-

2087 3106 2342 3175 αγγελίου
2386 3103 2684 3158 διακονίαν.
2735 3101 2905 3164 Αὐτὸς
2943 3100 3042 3171 μὲν
3088 3100 3193 3173 γάρ
3225 3102 3253 3153 0
3281 3101 3485 3171 Κύριος
3526 3102 3556 3153 0
3586 3100 3676 3152 τὲ-

2087 3198 2230 3261 λειος
2275 3192 2345 3268 ἦν
2375 3194 2468 3248 τοῦ
2512 3194 2648 3248 Θεοῢ
2683 3194 2875 3262 Λόγος.
2917 3194 2980 3245 Οἱ
3011 3192 3067 3245 δὲ
3104 3192 3257 3263 ῥῆμα
3294 3190 3549 3254 λαϐόντες
3577 3192 3675 3243 καὶ

2089 3291 2345 3363 βραχείας
2373 3289 2516 3351 τινὸς
2538 3287 2638 3358 τῆς
2665 3286 2828 3340 αὐτοῦ
2849 3286 3128 3356 δυνάμεως
3154 3282 3502 3355 ὲμπνεῦσεως
3541 3301 3675 3336 κατ-

2089 3381 2409 3447 αξιωθέντες
2437 3379 2536 3451 τὴν
2593 3379 2887 3451 σύμπασαν
2929 3378 3199 3449 ἐπλήρουν
3226 3375 3547 3447 οἰκουμένην
3574 3374 3674 3428 τοῦ

2089 3473 2420 3543 Εὑαγγελίου
2465 3473 2561 3526 σὺν
2604 3471 2771 3543 πολλῇ
2817 3470 3044 3541 δυνάμει
3089 3468 3468 3541 κηρύττοντες.
3499 3467 3681 3521 Τοῦτο

2088 3568 2216 3637 γοῦν
2246 3566 2337 3620 καὶ⁸
2372 3565 2676 3638 ὲπήγγελτο
2708 3567 2890 3629 αὐτοῖς
2910 3565 2977 3617 δι’
3003 3563 3196 3619 ἑαυτοῦ
3220 3563 3417 3632 φήσας·
3440 3582 3459 3613 ‹
3481 3562 3679 3632 ’Υμεξ

2087 3662 2145 3716 δὲ
2174 3660 2411 3731 λήψεσθε
2443 3660 2673 3729 δύναμιν
2701 3657 3020 3721 ἐπελθόντος
3045 3656 3140 3710 τοῦ
3169 3655 3325 3724 ἁγίου
3354 3653 3675 3724 Πνεύματος

2087 3754 2172 3823 ἐφ’
2202 3754 2367 3825 ὑμᾶς.
2403 3772 2422 3803 ›
2449 3752 2609 3805 Κατὰ
2636 3750 2691 3804 δὲ
2718 3750 2808 3803 τὸν
2835 3750 3150 3820 Σύμμαχον,
3182 3768 3200 3799 ί
3233 3747 3457 3819 Κύριος,
3482 3747 3671 3815 φησὶν,

2085 3844 2251 3899 ἔδωκε
2305 3846 2492 3916 ῥήσεις
2522 3845 2599 3912 (l)
2634 3840 3092 3913 εὐαγγελιζομένῃ
3131 3842 3358 3913 στρατιᾷ
3401 3838 3592 3909 πολλῇ.
3647 3858 3667 3890 ›

2086 3935 2319 4006 Στρατιὰ
2351 3935 2406 3989 δὲ
2428 3930 2495 4007 ἦν
2526 3932 2696 4004 πολλὴ
2720 3931 2813 3985 τοῦ
2849 3932 3099 4003 Σωτῆρος
3126 3930 3281 4003 ἡμῶν
3311 3932 3342 4001 ή
3375 3928 3482 3982 τῶν
3512 3929 3675 3997 εὐαγ-

2085 4026 2450 4098 γελιζομένων
2482 4026 2580 4089 τὰς
2608 4024 2855 4089 δοθείσας
2878 4025 3062 4088 αὐτοῖς
3092 4025 3298 4096 ῥήσεις,
3322 4020 3537 4093 πρῶτον
3571 4022 3676 4092 μὲν

2086 4119 2398 4172 ἀποστόλων
2448 4116 2536 4171 t6"
2582 4116 2771 4171 ἔπειτα
2819 4116 3075 4189 μαθητῶν
3106 4116 3168 4169 ο’·
3204 4117 3298 4169 καὶ
3338 4116 3429 4168 ἐπὶ
3459 4114 3673 4177 τούτοις

2086 4208 2287 4279 ἐτέρων
2325 4214 2395 4277 φ’,
2443 4205 2524 4271 οἷς
2554 4208 2767 4278 ἁθρόως
2806 4208 2979 4277 ἐφάνη
3029 4204 3168 4278 μετὰ
3213 4207 3313 4276 τήν
3350 4205 3670 4261 ἀνάστασιν,

2085 4299 2160 4364 ὡς
2190 4302 2219 4352 0
2253 4300 2392 4365 θεῖος
2426 4300 2809 4373 ἐμαρτύρησεν
2835 4300 3155 4363 Ἀπόστολος
3180 4297 3365 4353 εἰπών·
3391 4318 3408 4349 ι
3438 4298 3674 4349 Ἔπειτα.

2086 4390 2242 4461 ὤφθη
2276 4392 2463 4445 ἐπάνω
2498 4398 2550 4461 φ’
2577 4392 2827 4461 ἀδελφοῖς
2856 4389 3092 4459 ἐφάπαξ·
3130 4388 3189 4455 ἐξ
3231 4382 3306 4442 ὧν
3345 4389 3393 4441 οἱ
3425 4386 3675 4449 πλείονες

2090 4484 2312 4557 μένουσι
2356 4484 2461 4549 ἕως
2508 4485 2665 4555 ἄρτι,
2698 4485 2841 4547 τινὲς
2878 4484 2934 4537 δὲ
2979 4484 3072 4538 καὶ
3108 4482 3493 4555 ἐκοιμήθησαν·
3535 4500 3553 4531 ι
3588 4474 3673 4542 οἷς

2085 4578 2344 4647 ἐπιλέγει·
2399 4595 2417 4629 ι
2452 4579 2683 4631 Ἔπειτα
2727 4576 2883 4647 ὤφθη
2918 4580 3028 4639 τοῖς
3075 4575 3392 4637 ἀποστόλοις
3419 4574 3606 4625 πᾶσιν.
3646 4591 3667 4620 ι

2084 4666 2265 4723 *Ησαν
2293 4669 2402 4741 γὰρ
2432 4671 2551 4739 (sic)
2582 4664 2721 4741 ἦσαν
2766 4670 2859 4723 καὶ
2906 4668 3043 4740 μετὰ
3095 4670 3219 4733 τοὺς
3268 4667 3354 4732 ιϐ’,
3390 4667 3487 4719 καὶ
3529 4665 3673 4736 μετὰ

2083 4762 2209 4824 τοὺς
2259 4768 2322 4824 0',
2368 4761 2461 4814 καὶ
2518 4760 2658 4831 μετὰ
2688 4760 2816 4824 τοὺς
2858 4767 2907 4829 φ’
2937 4761 3115 4833 ἕτεροι
3164 4759 3382 4823 πλείους
3426 4757 3673 4828 κήρυκες

2084 4851 2178 4905 τοῦ
2206 4851 2562 4920 Εὐαγγελίου,
2612 4852 2753 4905 κατά
2779 4869 2836 4904 τε
2873 4852 2998 4914 τοὺς
3030 4850 3253 4921 χρόνους
3282 4849 3408 4912 τοὺς
3441 4848 3675 4901 ἀποστο-

2086 4944 2290 5008 λικοὺς,
2325 4945 2419 4998 καὶ
2457 4946 2572 5015 μετ’
2608 4944 2849 5008 ἐκείνους
2887 4945 3064 5015 ⁹ιέτεροι
3099 4944 3148 4996 οἱ
3192 4941 3332 4995 κατὰ
3370 4941 3548 4993 πᾶσαν
3570 4937 3671 5009 τὴν

2085 5038 2407 5109 οἰκουμένην
2442 5041 2499 5091 ὲν
2537 5041 2657 5102 ταῖς
2692 5036 3039 5107 Ἐκκλησίαις
3062 5034 3226 5089 αὑτοῦ
3248 5033 3309 5088 τὸ
3340 5032 3672 5101 Εὑαγγέλιον

2085 5131 2251 5185 αὑτοῦ
2278 5132 2656 5204 κηρύττοντες,
2681 5126 2761 5194 οἷς
2784 5134 2812 5185 0
2841 5130 3093 5201 βασιλεὺς
3125 5128 3233 5181 τῶν
3267 5126 3545 5197 δυνάμεων
3570 5124 3670 5195 τήν

2082 5222 2174 5275 τοῦ
2212 5223 2520 5295 ’Λγαπητοῧ
2566 5224 2794 5294 δύναμιν
2846 5224 3117 5293 ἐχορήγει.
3157 5222 3379 5290 Ἔτεραι
3420 5218 3476 5270 δὲ
3518 5216 3670 5288 παρὰ

2084 5314 2307 5378 ταύταις
2334 5315 2428 5368 τοῦ
2464 5315 2773 5386 Ἀγαπητοῦ
2797 5314 3057 5385 δυνάμεις
3088 5309 3229 5384 ἦσαν
3264 5313 3318 5366 αἱ
3350 5312 3469 5365 κατ’
3503 5310 3669 5381 οὖρα-

2084 5407 2175 5460 νὸν
2202 5410 2471 5480 στρατιαὶ,
2501 5408 2721 5477 ἄγγελοι
2756 5410 2849 5462 καὶ
2879 5406 3233 5479 ὰρχάγγελοι,
3257 5404 3351 5457 καὶ
3379 5401 3670 5475 πνεύματα

2084 5500 2222 5555 θεῖα.
2260 5496 2429 5555 Αὗται
2473 5501 2581 5575 γὰρ
2622 5496 2761 5573 ἦσαν
2804 5503 2858 5555 αί
2896 5500 3153 5572 δυνάμεις
3194 5494 3288 5553 τοῦ
3332 5495 3666 5569 Ἀγαπητοῦ.
