  <div class='ocr_page' id='page_1' title='image "/cluster/home/n/w/nwhite01/storage/ocr_20150623/23/hvd.32044019207711/378.png"; bbox 0 0 4068 6584; ppageno 0'>
   <div class='ocr_carea' id='block_1_1' title="bbox 366 392 472 448">
    <p class='ocr_par' dir='ltr' id='par_1_1' title="bbox 366 392 472 448">
     <span class='ocr_line' id='line_1_1' title="bbox 366 392 472 448; baseline -0.009 -1"><span class='ocrx_word' id='word_1_1' title='bbox 366 392 472 448; x_wconf 77' lang='lat'><strong>697</strong></span> 
     </span>
    </p>
   </div>
   <div class='ocr_carea' id='block_1_2' title="bbox 1495 382 2486 446">
    <p class='ocr_par' dir='ltr' id='par_1_2' title="bbox 1495 382 2486 446">
     <span class='ocr_line' id='line_1_2' title="bbox 1495 382 2486 446; baseline 0.004 -4"><span class='ocrx_word' id='word_1_2' title='bbox 1495 382 2001 443; x_wconf 73' lang='lat' dir='ltr'><strong>COMMENTARl-A</strong></span> <span class='ocrx_word' id='word_1_3' title='bbox 2038 384 2106 440; x_wconf 80' lang='lat' dir='ltr'><strong>IN</strong></span> <span class='ocrx_word' id='word_1_4' title='bbox 2145 384 2486 446; x_wconf 74' lang='lat' dir='ltr'><strong>PSALMOS&#39;.</strong></span> 
     </span>
    </p>
   </div>
   <div class='ocr_carea' id='block_1_3' title="bbox 3533 393 3638 449">
    <p class='ocr_par' dir='ltr' id='par_1_3' title="bbox 3533 393 3638 449">
     <span class='ocr_line' id='line_1_3' title="bbox 3533 393 3638 449; baseline 0.038 -4"><span class='ocrx_word' id='word_1_5' title='bbox 3533 393 3638 449; x_wconf 73' lang='lat'><strong>€88</strong></span> 
     </span>
    </p>
   </div>
   <div class='ocr_carea' id='block_1_4' title="bbox 362 507 1920 584">
    <p class='ocr_par' dir='ltr' id='par_1_4' title="bbox 362 507 1919 584">
     <span class='ocr_line' id='line_1_4' title="bbox 362 507 1919 584; baseline -0.004 -18"><span class='ocrx_word' id='word_1_6' title='bbox 362 510 458 569; x_wconf 74' lang='grc' dir='ltr'><strong>Διδ</strong></span> <span class='ocrx_word' id='word_1_7' title='bbox 486 510 692 584; x_wconf 77' lang='grc' dir='ltr'>Κύριος</span> <span class='ocrx_word' id='word_1_8' title='bbox 733 509 845 564; x_wconf 75' lang='grc' dir='ltr'><strong>τῶν</strong></span> <span class='ocrx_word' id='word_1_9' title='bbox 882 509 1168 582; x_wconf 76' lang='grc' dir='ltr'><strong>δυνάμεων</strong></span> <span class='ocrx_word' id='word_1_10' title='bbox 1203 508 1585 580; x_wconf 80' lang='grc' dir='ltr'><strong>ἀνηγόρευται.</strong></span> <span class='ocrx_word' id='word_1_11' title='bbox 1644 507 1919 579; x_wconf 78' lang='grc' dir='ltr'>Ἀγαπητὸ</span> 
     </span>
    </p>
   </div>
   <div class='ocr_carea' id='block_1_5' title="bbox 2021 507 3632 584">
    <p class='ocr_par' dir='ltr' id='par_1_5' title="bbox 2021 508 3632 577">
     <span class='ocr_line' id='line_1_5' title="bbox 2021 508 3632 577; baseline 0.004 -16"><span class='ocrx_word' id='word_1_12' title='bbox 2021 562 2023 570; x_wconf 29' lang='grc' dir='ltr'>λ</span> <span class='ocrx_word' id='word_1_13' title='bbox 2055 523 2113 563; x_wconf 92' lang='lat' dir='ltr'><strong>re</strong></span> <span class='ocrx_word' id='word_1_14' title='bbox 2145 508 2411 568; x_wconf 87' lang='lat' dir='ltr'><strong>Dominus</strong></span> <span class='ocrx_word' id='word_1_15' title='bbox 2442 511 2707 567; x_wconf 87' lang='lat' dir='ltr'><strong>virtutum</strong></span> <span class='ocrx_word' id='word_1_16' title='bbox 2752 521 3001 570; x_wconf 76' lang='lat' dir='ltr'><strong>vocatur.</strong></span> <span class='ocrx_word' id='word_1_17' title='bbox 3051 513 3295 577; x_wconf 74' lang='lat' dir='ltr'><strong>Dilectus</strong></span> <span class='ocrx_word' id='word_1_18' title='bbox 3320 521 3499 569; x_wconf 80' lang='lat' dir='ltr'><strong>autem</strong></span> <span class='ocrx_word' id='word_1_19' title='bbox 3535 508 3632 567; x_wconf 87' lang='lat' dir='ltr'><strong>Dei</strong></span> 
     </span>
    </p>
   </div>
   <div class='ocr_carea' id='block_1_6' title="bbox 358 593 1941 676">
    <p class='ocr_par' dir='ltr' id='par_1_6' title="bbox 358 593 1941 676">
     <span class='ocr_line' id='line_1_6' title="bbox 358 593 1941 676; baseline -0.004 -18"><span class='ocrx_word' id='word_1_20' title='bbox 358 604 421 659; x_wconf 68' lang='grc' dir='ltr'>δὲ</span> <span class='ocrx_word' id='word_1_21' title='bbox 441 603 538 658; x_wconf 87' lang='grc' dir='ltr'><strong>τοῦ</strong></span> <span class='ocrx_word' id='word_1_22' title='bbox 566 603 703 657; x_wconf 87' lang='grc' dir='ltr'>Θεοῦ</span> <span class='ocrx_word' id='word_1_23' title='bbox 734 604 818 668; x_wconf 89' lang='grc' dir='ltr'><strong>τίς</strong></span> <span class='ocrx_word' id='word_1_24' title='bbox 843 600 912 675; x_wconf 79' lang='grc' dir='ltr'>ἦν</span> <span class='ocrx_word' id='word_1_25' title='bbox 937 604 972 676; x_wconf 83' lang='grc' dir='ltr'>ἢ</span> <span class='ocrx_word' id='word_1_26' title='bbox 1015 605 1044 656; x_wconf 92' lang='lat'><strong>6</strong></span> <span class='ocrx_word' id='word_1_27' title='bbox 1071 602 1381 673; x_wconf 83' lang='grc' dir='ltr'>Μονογενὴς</span> <span class='ocrx_word' id='word_1_28' title='bbox 1416 602 1545 665; x_wconf 86' lang='grc' dir='ltr'>Υἱὸς</span> <span class='ocrx_word' id='word_1_29' title='bbox 1576 600 1667 654; x_wconf 90' lang='grc' dir='ltr'><strong>τοῦ</strong></span> <span class='ocrx_word' id='word_1_30' title='bbox 1693 599 1861 664; x_wconf 90' lang='grc' dir='ltr'>Θεοῦ;</span> <span class='ocrx_word' id='word_1_31' title='bbox 1896 593 1941 669; x_wconf 81' lang='grc' dir='ltr'>ᾧ</span> 
     </span>
    </p>
   </div>
   <div class='ocr_carea' id='block_1_7' title="bbox 358 690 1942 769">
    <p class='ocr_par' dir='ltr' id='par_1_7' title="bbox 358 690 1942 769">
     <span class='ocr_line' id='line_1_7' title="bbox 358 690 1942 769; baseline -0.003 -17"><span class='ocrx_word' id='word_1_32' title='bbox 358 700 392 769; x_wconf 83' lang='grc' dir='ltr'><strong>ή</strong></span> <span class='ocrx_word' id='word_1_33' title='bbox 431 698 673 769; x_wconf 69' lang='grc' dir='ltr'>πατρική</span> <span class='ocrx_word' id='word_1_34' title='bbox 705 698 857 766; x_wconf 81' lang='grc' dir='ltr'>φωνὴ</span> <span class='ocrx_word' id='word_1_35' title='bbox 886 695 1188 768; x_wconf 70' lang='grc' dir='ltr'><strong>ἐμαρτύρει</strong></span> <span class='ocrx_word' id='word_1_36' title='bbox 1236 695 1456 766; x_wconf 77' lang='grc' dir='ltr'>φήσασα</span> <span class='ocrx_word' id='word_1_37' title='bbox 1478 712 1492 724; x_wconf 93' lang='grc'><strong>·</strong></span> <span class='ocrx_word' id='word_1_38' title='bbox 1526 713 1544 745; x_wconf 77' lang='grc' dir='ltr'><strong>ι</strong></span> <span class='ocrx_word' id='word_1_39' title='bbox 1586 690 1755 757; x_wconf 69' lang='grc' dir='ltr'>Οὗτός</span> <span class='ocrx_word' id='word_1_40' title='bbox 1795 694 1942 747; x_wconf 76' lang='grc' dir='ltr'>ἐστιν</span> 
     </span>
    </p>
   </div>
   <div class='ocr_carea' id='block_1_8' title="bbox 356 777 1942 859">
    <p class='ocr_par' dir='ltr' id='par_1_8' title="bbox 356 777 1942 859">
     <span class='ocr_line' id='line_1_8' title="bbox 356 777 1942 859; baseline -0.005 -15"><span class='ocrx_word' id='word_1_41' title='bbox 356 791 387 844; x_wconf 90' lang='lat'><strong>6</strong></span> <span class='ocrx_word' id='word_1_42' title='bbox 438 788 571 851; x_wconf 78' lang='grc' dir='ltr'>Υἱός</span> <span class='ocrx_word' id='word_1_43' title='bbox 620 806 721 859; x_wconf 89' lang='grc' dir='ltr'><strong>μου</strong></span> <span class='ocrx_word' id='word_1_44' title='bbox 766 790 796 841; x_wconf 97' lang='lat'><strong>6</strong></span> <span class='ocrx_word' id='word_1_45' title='bbox 834 788 1141 859; x_wconf 81' lang='grc' dir='ltr'>ἀγαπητὸς,</span> <span class='ocrx_word' id='word_1_46' title='bbox 1174 790 1255 851; x_wconf 83' lang='grc' dir='ltr'>εἰς</span> <span class='ocrx_word' id='word_1_47' title='bbox 1294 786 1353 840; x_wconf 82' lang='grc' dir='ltr'>ὃν</span> <span class='ocrx_word' id='word_1_48' title='bbox 1393 785 1690 857; x_wconf 82' lang='grc' dir='ltr'>ηὑδόκησα·</span> <span class='ocrx_word' id='word_1_49' title='bbox 1728 805 1745 836; x_wconf 72' lang='grc' dir='ltr'><strong>ι</strong></span> <span class='ocrx_word' id='word_1_50' title='bbox 1774 777 1942 847; x_wconf 75' lang='grc' dir='ltr'>Οὗτος</span> 
     </span>
    </p>
   </div>
   <div class='ocr_carea' id='block_1_9' title="bbox 354 876 1938 949">
    <p class='ocr_par' dir='ltr' id='par_1_9' title="bbox 354 876 1938 949">
     <span class='ocr_line' id='line_1_9' title="bbox 354 876 1938 949; baseline -0.003 -19"><span class='ocrx_word' id='word_1_51' title='bbox 354 876 544 930; x_wconf 79' lang='grc' dir='ltr'>τοίνυν</span> <span class='ocrx_word' id='word_1_52' title='bbox 581 877 611 928; x_wconf 91' lang='lat'><strong>6</strong></span> <span class='ocrx_word' id='word_1_53' title='bbox 656 876 911 947; x_wconf 83' lang='grc' dir='ltr'>βασιλεὺς</span> <span class='ocrx_word' id='word_1_54' title='bbox 958 876 1075 931; x_wconf 84' lang='grc' dir='ltr'><strong>τῶν</strong></span> <span class='ocrx_word' id='word_1_55' title='bbox 1110 877 1206 930; x_wconf 90' lang='grc' dir='ltr'><strong>τοῦ</strong></span> <span class='ocrx_word' id='word_1_56' title='bbox 1264 876 1575 949; x_wconf 83' lang='grc' dir='ltr'>Ἀγαπητοῦ</span> <span class='ocrx_word' id='word_1_57' title='bbox 1614 877 1899 947; x_wconf 76' lang='grc' dir='ltr'><strong>δυνάμεων</strong></span> <span class='ocrx_word' id='word_1_58' title='bbox 1922 912 1938 937; x_wconf 94' lang='grc'><strong>,</strong></span> 
     </span>
    </p>
   </div>
   <div class='ocr_carea' id='block_1_10' title="bbox 354 967 1941 1042">
    <p class='ocr_par' dir='ltr' id='par_1_10' title="bbox 354 967 1941 1042">
     <span class='ocr_line' id='line_1_10' title="bbox 354 967 1941 1042; baseline 0.001 -19"><span class='ocrx_word' id='word_1_59' title='bbox 354 967 548 1041; x_wconf 80' lang='grc' dir='ltr'>ὥσπερ</span> <span class='ocrx_word' id='word_1_60' title='bbox 588 972 709 1032; x_wconf 84' lang='grc' dir='ltr'>ταῖς</span> <span class='ocrx_word' id='word_1_61' title='bbox 758 972 880 1022; x_wconf 85' lang='grc' dir='ltr'>κατ’</span> <span class='ocrx_word' id='word_1_62' title='bbox 927 969 1153 1041; x_wconf 80' lang='grc' dir='ltr'>οὐρανὸν</span> <span class='ocrx_word' id='word_1_63' title='bbox 1202 969 1497 1041; x_wconf 87' lang='grc' dir='ltr'>δυνάμεσιν</span> <span class='ocrx_word' id='word_1_64' title='bbox 1548 971 1802 1042; x_wconf 77' lang='grc' dir='ltr'><strong>ἐχορήγει</strong></span> <span class='ocrx_word' id='word_1_65' title='bbox 1841 971 1941 1035; x_wconf 85' lang='grc' dir='ltr'><strong>τάς</strong></span> 
     </span>
    </p>
   </div>
   <div class='ocr_carea' id='block_1_11' title="bbox 354 1060 1941 1134">
    <p class='ocr_par' dir='ltr' id='par_1_11' title="bbox 354 1060 1941 1134">
     <span class='ocr_line' id='line_1_11' title="bbox 354 1060 1941 1134; baseline 0.001 -18"><span class='ocrx_word' id='word_1_66' title='bbox 354 1060 548 1116; x_wconf 77' lang='grc' dir='ltr'>ἑαυτοῦ</span> <span class='ocrx_word' id='word_1_67' title='bbox 582 1061 920 1133; x_wconf 75' lang='grc' dir='ltr'><strong>εὐεργεσίας,</strong></span> <span class='ocrx_word' id='word_1_68' title='bbox 959 1063 1133 1126; x_wconf 86' lang='grc' dir='ltr'>οῦτως</span> <span class='ocrx_word' id='word_1_69' title='bbox 1169 1063 1266 1118; x_wconf 79' lang='grc' dir='ltr'><strong>καὶ</strong></span> <span class='ocrx_word' id='word_1_70' title='bbox 1301 1066 1414 1127; x_wconf 80' lang='grc' dir='ltr'>τοῖς</span> <span class='ocrx_word' id='word_1_71' title='bbox 1443 1064 1536 1117; x_wconf 78' lang='grc' dir='ltr'>ἐπὶ</span> <span class='ocrx_word' id='word_1_72' title='bbox 1566 1063 1669 1134; x_wconf 87' lang='grc' dir='ltr'><strong>γῆς</strong></span> <span class='ocrx_word' id='word_1_73' title='bbox 1710 1064 1941 1133; x_wconf 84' lang='grc' dir='ltr'>εὐαγγε-</span> 
     </span>
    </p>
   </div>
   <div class='ocr_carea' id='block_1_12' title="bbox 354 1155 1939 1229">
    <p class='ocr_par' dir='ltr' id='par_1_12' title="bbox 354 1155 1939 1229">
     <span class='ocr_line' id='line_1_12' title="bbox 354 1155 1939 1229; baseline -0.002 -17"><span class='ocrx_word' id='word_1_74' title='bbox 354 1158 659 1229; x_wconf 85' lang='grc' dir='ltr'>λιζομένοις</span> <span class='ocrx_word' id='word_1_75' title='bbox 694 1158 876 1211; x_wconf 83' lang='grc' dir='ltr'>δίδωσι</span> <span class='ocrx_word' id='word_1_76' title='bbox 902 1157 964 1210; x_wconf 78' lang='grc' dir='ltr'>τὸ</span> <span class='ocrx_word' id='word_1_77' title='bbox 1000 1155 1352 1225; x_wconf 82' lang='grc' dir='ltr'>εύαγγελικὸν</span> <span class='ocrx_word' id='word_1_78' title='bbox 1390 1156 1543 1227; x_wconf 80' lang='grc' dir='ltr'>ῥῆμα</span> <span class='ocrx_word' id='word_1_79' title='bbox 1582 1155 1678 1208; x_wconf 81' lang='grc' dir='ltr'><strong>σὺν</strong></span> <span class='ocrx_word' id='word_1_80' title='bbox 1712 1155 1939 1226; x_wconf 82' lang='grc' dir='ltr'>δυνάμει</span> 
     </span>
    </p>
   </div>
   <div class='ocr_carea' id='block_1_13' title="bbox 353 1232 1937 1322">
    <p class='ocr_par' dir='ltr' id='par_1_13' title="bbox 353 1232 1937 1322">
     <span class='ocr_line' id='line_1_13' title="bbox 353 1232 1937 1322; baseline -0.003 -17"><span class='ocrx_word' id='word_1_81' title='bbox 353 1251 545 1322; x_wconf 73' lang='grc' dir='ltr'>πολλῇ.</span> <span class='ocrx_word' id='word_1_82' title='bbox 579 1251 690 1305; x_wconf 77' lang='grc' dir='ltr'><strong>Καὶ</strong></span> <span class='ocrx_word' id='word_1_83' title='bbox 714 1250 867 1305; x_wconf 79' lang='grc' dir='ltr'>αὐτοὶ</span> <span class='ocrx_word' id='word_1_84' title='bbox 903 1250 962 1304; x_wconf 81' lang='grc' dir='ltr'>δὲ</span> <span class='ocrx_word' id='word_1_85' title='bbox 993 1232 1138 1305; x_wconf 72' lang='grc' dir='ltr'>οὗτοι</span> <span class='ocrx_word' id='word_1_86' title='bbox 1165 1251 1216 1304; x_wconf 84' lang='grc' dir='ltr'>οἱ</span> <span class='ocrx_word' id='word_1_87' title='bbox 1249 1250 1342 1303; x_wconf 76' lang='grc' dir='ltr'>ἐπὶ</span> <span class='ocrx_word' id='word_1_88' title='bbox 1376 1249 1482 1319; x_wconf 81' lang='grc' dir='ltr'><strong>γῆς</strong></span> <span class='ocrx_word' id='word_1_89' title='bbox 1513 1250 1764 1321; x_wconf 86' lang='grc' dir='ltr'>στρατιαὶ</span> <span class='ocrx_word' id='word_1_90' title='bbox 1795 1244 1937 1319; x_wconf 81' lang='grc' dir='ltr'>ἦσαν</span> 
     </span>
    </p>
   </div>
   <div class='ocr_carea' id='block_1_14' title="bbox 350 1338 1936 1413">
    <p class='ocr_par' dir='ltr' id='par_1_14' title="bbox 350 1338 1936 1413">
     <span class='ocr_line' id='line_1_14' title="bbox 350 1338 1936 1413; baseline -0.006 -13"><span class='ocrx_word' id='word_1_91' title='bbox 350 1343 520 1400; x_wconf 78' lang='grc' dir='ltr'>αὑτοῦ</span> <span class='ocrx_word' id='word_1_92' title='bbox 562 1344 657 1397; x_wconf 78' lang='grc' dir='ltr'><strong>καὶ</strong></span> <span class='ocrx_word' id='word_1_93' title='bbox 705 1342 963 1413; x_wconf 81' lang='grc' dir='ltr'>δυνάμεις</span> <span class='ocrx_word' id='word_1_94' title='bbox 1006 1340 1193 1396; x_wconf 76' lang='grc' dir='ltr'>αὐτοῦ.</span> <span class='ocrx_word' id='word_1_95' title='bbox 1221 1340 1312 1394; x_wconf 88' lang='grc' dir='ltr'><strong>Διὸ</strong></span> <span class='ocrx_word' id='word_1_96' title='bbox 1348 1339 1488 1393; x_wconf 86' lang='grc' dir='ltr'><strong>κατά</strong></span> <span class='ocrx_word' id='word_1_97' title='bbox 1515 1339 1606 1393; x_wconf 82' lang='grc' dir='ltr'><strong>τὸν</strong></span> <span class='ocrx_word' id='word_1_98' title='bbox 1642 1338 1936 1410; x_wconf 79' lang='grc' dir='ltr'>Σύμμαχον</span> 
     </span>
    </p>
   </div>
   <div class='ocr_carea' id='block_1_15' title="bbox 349 1429 1927 1502">
    <p class='ocr_par' dir='ltr' id='par_1_15' title="bbox 349 1429 1927 1502">
     <span class='ocr_line' id='line_1_15' title="bbox 349 1429 1927 1502; baseline -0.005 -13"><span class='ocrx_word' id='word_1_99' title='bbox 349 1435 619 1491; x_wconf 83' lang='grc' dir='ltr'>λέλεκται·</span> <span class='ocrx_word' id='word_1_100' title='bbox 659 1453 678 1485; x_wconf 77' lang='grc' dir='ltr'><strong>ι</strong></span> <span class='ocrx_word' id='word_1_101' title='bbox 710 1432 963 1496; x_wconf 84' lang='grc' dir='ltr'><strong>Βασιλεῖς</strong></span> <span class='ocrx_word' id='word_1_102' title='bbox 991 1431 1099 1485; x_wconf 88' lang='grc' dir='ltr'><strong>τῶν</strong></span> <span class='ocrx_word' id='word_1_103' title='bbox 1141 1431 1441 1502; x_wconf 81' lang='grc' dir='ltr'>στρατειῶν</span> <span class='ocrx_word' id='word_1_104' title='bbox 1481 1429 1868 1502; x_wconf 70' lang='grc' dir='ltr'>ἠγαπήθησαν,</span> <span class='ocrx_word' id='word_1_105' title='bbox 1908 1449 1927 1481; x_wconf 74' lang='grc' dir='ltr'><strong>ι</strong></span> 
     </span>
    </p>
   </div>
   <div class='ocr_carea' id='block_1_16' title="bbox 346 1523 1935 1599">
    <p class='ocr_par' dir='ltr' id='par_1_16' title="bbox 346 1523 1935 1599">
     <span class='ocr_line' id='line_1_16' title="bbox 346 1523 1935 1599; baseline -0.004 -17"><span class='ocrx_word' id='word_1_106' title='bbox 346 1528 405 1599; x_wconf 71' lang='grc' dir='ltr'>ἣ,</span> <span class='ocrx_word' id='word_1_107' title='bbox 452 1528 727 1598; x_wconf 78' lang='grc' dir='ltr'>ἀγαπητοὶ</span> <span class='ocrx_word' id='word_1_108' title='bbox 780 1526 1046 1595; x_wconf 77' lang='grc' dir='ltr'>ἐγένοντο.</span> <span class='ocrx_word' id='word_1_109' title='bbox 1087 1524 1309 1588; x_wconf 84' lang='grc' dir='ltr'>Τούτοις</span> <span class='ocrx_word' id='word_1_110' title='bbox 1351 1524 1409 1578; x_wconf 81' lang='grc' dir='ltr'>δὲ</span> <span class='ocrx_word' id='word_1_111' title='bbox 1450 1524 1632 1587; x_wconf 84' lang='grc' dir='ltr'>αὐτοῖς</span> <span class='ocrx_word' id='word_1_112' title='bbox 1675 1524 1769 1578; x_wconf 79' lang='grc' dir='ltr'><strong>καὶ</strong></span> <span class='ocrx_word' id='word_1_113' title='bbox 1806 1523 1935 1579; x_wconf 80' lang='grc' dir='ltr'>ἄλλο</span> 
     </span>
    </p>
   </div>
   <div class='ocr_carea' id='block_1_17' title="bbox 346 1612 1933 1691">
    <p class='ocr_par' dir='ltr' id='par_1_17' title="bbox 346 1612 1933 1691">
     <span class='ocr_line' id='line_1_17' title="bbox 346 1612 1933 1691; baseline -0.003 -17"><span class='ocrx_word' id='word_1_114' title='bbox 346 1619 595 1691; x_wconf 79' lang='grc' dir='ltr'>χάρισμα</span> <span class='ocrx_word' id='word_1_115' title='bbox 627 1619 965 1691; x_wconf 62' lang='grc' dir='ltr'>ἐδωρήσατω</span> <span class='ocrx_word' id='word_1_116' title='bbox 990 1616 1149 1671; x_wconf 82' lang='grc' dir='ltr'>τοῦτο</span> <span class='ocrx_word' id='word_1_117' title='bbox 1188 1617 1245 1670; x_wconf 83' lang='grc' dir='ltr'><strong>δὲ</strong></span> <span class='ocrx_word' id='word_1_118' title='bbox 1276 1612 1344 1688; x_wconf 82' lang='grc' dir='ltr'>ἦν</span> <span class='ocrx_word' id='word_1_119' title='bbox 1374 1617 1434 1669; x_wconf 85' lang='grc' dir='ltr'><strong>τὸ</strong></span> <span class='ocrx_word' id='word_1_120' title='bbox 1465 1616 1737 1673; x_wconf 73' lang='grc' dir='ltr'>διελέσθαι</span> <span class='ocrx_word' id='word_1_121' title='bbox 1760 1616 1933 1670; x_wconf 86' lang='grc' dir='ltr'>σκύλα</span> 
     </span>
    </p>
   </div>
   <div class='ocr_carea' id='block_1_18' title="bbox 343 1708 1934 1784">
    <p class='ocr_par' dir='ltr' id='par_1_18' title="bbox 343 1708 1934 1784">
     <span class='ocr_line' id='line_1_18' title="bbox 343 1708 1934 1784; baseline -0.003 -18"><span class='ocrx_word' id='word_1_122' title='bbox 343 1714 427 1777; x_wconf 80' lang='grc' dir='ltr'><strong>είς</strong></span> <span class='ocrx_word' id='word_1_123' title='bbox 467 1712 778 1784; x_wconf 74' lang='grc' dir='ltr'>ὡραιότητα</span> <span class='ocrx_word' id='word_1_124' title='bbox 816 1712 910 1765; x_wconf 90' lang='grc' dir='ltr'><strong>τοῦ</strong></span> <span class='ocrx_word' id='word_1_125' title='bbox 959 1711 1130 1766; x_wconf 82' lang='grc' dir='ltr'>οἴκου.</span> <span class='ocrx_word' id='word_1_126' title='bbox 1191 1709 1477 1782; x_wconf 85' lang='grc' dir='ltr'>Ὠραιότης</span> <span class='ocrx_word' id='word_1_127' title='bbox 1524 1710 1620 1780; x_wconf 79' lang='grc' dir='ltr'><strong>μὲν</strong></span> <span class='ocrx_word' id='word_1_128' title='bbox 1670 1710 1822 1763; x_wconf 82' lang='grc' dir='ltr'>οἴκου</span> <span class='ocrx_word' id='word_1_129' title='bbox 1862 1708 1934 1763; x_wconf 83' lang='grc' dir='ltr'><strong>τά</strong></span> 
     </span>
    </p>
   </div>
   <div class='ocr_carea' id='block_1_19' title="bbox 340 1801 1928 1878">
    <p class='ocr_par' dir='ltr' id='par_1_19' title="bbox 340 1801 1928 1878">
     <span class='ocr_line' id='line_1_19' title="bbox 340 1801 1928 1878; baseline -0.004 -18"><span class='ocrx_word' id='word_1_130' title='bbox 340 1806 712 1878; x_wconf 81' lang='grc' dir='ltr'>διαπρέποντα</span> <span class='ocrx_word' id='word_1_131' title='bbox 761 1806 821 1857; x_wconf 81' lang='grc' dir='ltr'>ἐν</span> <span class='ocrx_word' id='word_1_132' title='bbox 860 1807 928 1875; x_wconf 84' lang='grc' dir='ltr'>τῇ</span> <span class='ocrx_word' id='word_1_133' title='bbox 976 1802 1274 1874; x_wconf 77' lang='grc' dir='ltr'>Ἐκκλησία</span> <span class='ocrx_word' id='word_1_134' title='bbox 1303 1801 1395 1856; x_wconf 91' lang='grc' dir='ltr'><strong>τοῦ</strong></span> <span class='ocrx_word' id='word_1_135' title='bbox 1438 1802 1574 1856; x_wconf 84' lang='grc' dir='ltr'>Θεοῦ</span> <span class='ocrx_word' id='word_1_136' title='bbox 1616 1802 1702 1873; x_wconf 78' lang='grc' dir='ltr'><strong>εἴη</strong></span> <span class='ocrx_word' id='word_1_137' title='bbox 1734 1801 1801 1855; x_wconf 85' lang='grc' dir='ltr'><strong>ἂν</strong></span> <span class='ocrx_word' id='word_1_138' title='bbox 1829 1802 1928 1855; x_wconf 83' lang='grc' dir='ltr'>τά·</span> 
     </span>
    </p>
   </div>
   <div class='ocr_carea' id='block_1_20' title="bbox 2044 600 3633 675">
    <p class='ocr_par' dir='ltr' id='par_1_20' title="bbox 2044 600 3633 675">
     <span class='ocr_line' id='line_1_20' title="bbox 2044 600 3633 675; baseline 0.002 -20"><span class='ocrx_word' id='word_1_139' title='bbox 2044 602 2171 673; x_wconf 91' lang='lat' dir='ltr'><strong>quis</strong></span> <span class='ocrx_word' id='word_1_140' title='bbox 2197 600 2382 667; x_wconf 83' lang='lat' dir='ltr'><strong>fuerit,</strong></span> <span class='ocrx_word' id='word_1_141' title='bbox 2414 602 2522 658; x_wconf 86' lang='lat' dir='ltr'><strong>nisi</strong></span> <span class='ocrx_word' id='word_1_142' title='bbox 2554 601 2877 675; x_wconf 85' lang='lat' dir='ltr'><strong>Unigenitus</strong></span> <span class='ocrx_word' id='word_1_143' title='bbox 2910 605 3083 663; x_wconf 86' lang='lat' dir='ltr'><strong>Filius</strong></span> <span class='ocrx_word' id='word_1_144' title='bbox 3114 606 3228 671; x_wconf 88' lang='lat' dir='ltr'><strong>Dei,</strong></span> <span class='ocrx_word' id='word_1_145' title='bbox 3263 607 3349 661; x_wconf 85' lang='lat' dir='ltr'><strong>eui</strong></span> <span class='ocrx_word' id='word_1_146' title='bbox 3374 606 3489 660; x_wconf 68' lang='lat' dir='ltr'><strong>baze</strong></span> <span class='ocrx_word' id='word_1_147' title='bbox 3538 620 3633 674; x_wconf 81' lang='lat' dir='ltr'><strong>[a-</strong></span> 
     </span>
    </p>
   </div>
   <div class='ocr_carea' id='block_1_21' title="bbox 2044 695 3631 755">
    <p class='ocr_par' dir='ltr' id='par_1_21' title="bbox 2044 695 3631 755">
     <span class='ocr_line' id='line_1_21' title="bbox 2044 695 3631 755; baseline 0.001 -7"><span class='ocrx_word' id='word_1_148' title='bbox 2044 702 2200 749; x_wconf 87' lang='lat' dir='ltr'><strong>terna</strong></span> <span class='ocrx_word' id='word_1_149' title='bbox 2229 710 2335 749; x_wconf 77' lang='lat' dir='ltr'><strong>vox</strong></span> <span class='ocrx_word' id='word_1_150' title='bbox 2361 695 2762 751; x_wconf 81' lang='lat' dir='ltr'><strong>testificabatur</strong></span> <span class='ocrx_word' id='word_1_151' title='bbox 2791 716 2804 753; x_wconf 91' lang='lat'>:</span> <span class='ocrx_word' id='word_1_152' title='bbox 2845 717 2863 750; x_wconf 78' lang='grc' dir='ltr'><strong>ι</strong></span> <span class='ocrx_word' id='word_1_153' title='bbox 2905 697 3004 753; x_wconf 82' lang='lat' dir='ltr'><strong>llic</strong></span> <span class='ocrx_word' id='word_1_154' title='bbox 3035 707 3121 755; x_wconf 91' lang='lat' dir='ltr'><strong>cst</strong></span> <span class='ocrx_word' id='word_1_155' title='bbox 3150 698 3320 754; x_wconf 87' lang='lat' dir='ltr'><strong>Filius</strong></span> <span class='ocrx_word' id='word_1_156' title='bbox 3359 714 3513 753; x_wconf 87' lang='lat' dir='ltr'><strong>mens</strong></span> <span class='ocrx_word' id='word_1_157' title='bbox 3547 697 3631 752; x_wconf 90' lang='lat' dir='ltr'><strong>di-</strong></span> 
     </span>
    </p>
   </div>
   <div class='ocr_carea' id='block_1_22' title="bbox 2044 786 3627 861">
    <p class='ocr_par' dir='ltr' id='par_1_22' title="bbox 2044 786 3627 861">
     <span class='ocr_line' id='line_1_22' title="bbox 2044 786 3627 861; baseline 0.003 -21"><span class='ocrx_word' id='word_1_158' title='bbox 2044 786 2240 852; x_wconf 89' lang='lat' dir='ltr'><strong>lectus,</strong></span> <span class='ocrx_word' id='word_1_159' title='bbox 2283 787 2339 841; x_wconf 91' lang='lat' dir='ltr'><strong>in</strong></span> <span class='ocrx_word' id='word_1_160' title='bbox 2370 804 2480 857; x_wconf 89' lang='lat' dir='ltr'><strong>quo</strong></span> <span class='ocrx_word' id='word_1_161' title='bbox 2510 788 2641 843; x_wconf 90' lang='lat' dir='ltr'><strong>mihi</strong></span> <span class='ocrx_word' id='word_1_162' title='bbox 2681 792 2991 859; x_wconf 88' lang='lat' dir='ltr'><strong>complacui</strong></span> <span class='ocrx_word' id='word_1_163' title='bbox 3022 792 3109 845; x_wconf 66' lang='lat'><strong>‘7?</strong></span> <span class='ocrx_word' id='word_1_164' title='bbox 3147 810 3165 843; x_wconf 74' lang='grc' dir='ltr'><strong>ι</strong></span> <span class='ocrx_word' id='word_1_165' title='bbox 3194 790 3293 846; x_wconf 80' lang='lat' dir='ltr'><strong>llic</strong></span> <span class='ocrx_word' id='word_1_166' title='bbox 3315 791 3494 861; x_wconf 85' lang='lat' dir='ltr'><strong>itaque</strong></span> <span class='ocrx_word' id='word_1_167' title='bbox 3535 805 3627 844; x_wconf 83' lang='lat' dir='ltr'><strong>rex</strong></span> 
     </span>
    </p>
   </div>
   <div class='ocr_carea' id='block_1_23' title="bbox 2041 877 3625 951">
    <p class='ocr_par' dir='ltr' id='par_1_23' title="bbox 2041 877 3625 951">
     <span class='ocr_line' id='line_1_23' title="bbox 2041 877 3625 951; baseline 0.001 -20"><span class='ocrx_word' id='word_1_168' title='bbox 2041 879 2304 932; x_wconf 81' lang='lat' dir='ltr'><strong>virtutum</strong></span> <span class='ocrx_word' id='word_1_169' title='bbox 2330 877 2545 942; x_wconf 88' lang='lat' dir='ltr'><strong>Dilecti,</strong></span> <span class='ocrx_word' id='word_1_170' title='bbox 2576 881 3034 950; x_wconf 80' lang='lat' dir='ltr'><strong>quemadmodum</strong></span> <span class='ocrx_word' id='word_1_171' title='bbox 3066 882 3383 951; x_wconf 65' lang='lat' dir='ltr'><strong>caelestibus</strong></span> <span class='ocrx_word' id='word_1_172' title='bbox 3402 881 3625 934; x_wconf 88' lang='lat' dir='ltr'><strong>virtuti-</strong></span> 
     </span>
    </p>
   </div>
   <div class='ocr_carea' id='block_1_24' title="bbox 2040 970 3627 1045">
    <p class='ocr_par' dir='ltr' id='par_1_24' title="bbox 2040 970 3627 1045">
     <span class='ocr_line' id='line_1_24' title="bbox 2040 970 3627 1045; baseline 0.001 -20"><span class='ocrx_word' id='word_1_173' title='bbox 2040 970 2145 1025; x_wconf 88' lang='lat' dir='ltr'><strong>bus</strong></span> <span class='ocrx_word' id='word_1_174' title='bbox 2176 971 2441 1026; x_wconf 88' lang='lat' dir='ltr'><strong>benelicia</strong></span> <span class='ocrx_word' id='word_1_175' title='bbox 2486 988 2588 1028; x_wconf 84' lang='lat' dir='ltr'><strong>sua</strong></span> <span class='ocrx_word' id='word_1_176' title='bbox 2633 974 3123 1040; x_wconf 70' lang='lat' dir='ltr'><strong>subministrabat,</strong></span> <span class='ocrx_word' id='word_1_177' title='bbox 3157 976 3238 1032; x_wconf 91' lang='lat' dir='ltr'><strong>sic</strong></span> <span class='ocrx_word' id='word_1_178' title='bbox 3265 985 3320 1031; x_wconf 85' lang='lat' dir='ltr'><strong>et</strong></span> <span class='ocrx_word' id='word_1_179' title='bbox 3349 975 3627 1045; x_wconf 71' lang='lat' dir='ltr'><strong>evangeli~</strong></span> 
     </span>
    </p>
   </div>
   <div class='ocr_carea' id='block_1_25' title="bbox 2041 1060 3624 1137">
    <p class='ocr_par' dir='ltr' id='par_1_25' title="bbox 2041 1060 3624 1137">
     <span class='ocr_line' id='line_1_25' title="bbox 2041 1060 3624 1137; baseline 0.001 -21"><span class='ocrx_word' id='word_1_180' title='bbox 2041 1060 2297 1116; x_wconf 85' lang='lat' dir='ltr'><strong>zantibus</strong></span> <span class='ocrx_word' id='word_1_181' title='bbox 2343 1065 2398 1116; x_wconf 91' lang='lat' dir='ltr'><strong>in</strong></span> <span class='ocrx_word' id='word_1_182' title='bbox 2446 1069 2594 1119; x_wconf 88' lang='lat' dir='ltr'><strong>terra</strong></span> <span class='ocrx_word' id='word_1_183' title='bbox 2644 1064 2873 1121; x_wconf 80' lang='lat' dir='ltr'><strong>verbum</strong></span> <span class='ocrx_word' id='word_1_184' title='bbox 2931 1066 3025 1120; x_wconf 89' lang='lat' dir='ltr'><strong>dat</strong></span> <span class='ocrx_word' id='word_1_185' title='bbox 3084 1067 3457 1137; x_wconf 77' lang='lat' dir='ltr'><strong>evangelicum</strong></span> <span class='ocrx_word' id='word_1_186' title='bbox 3500 1080 3624 1119; x_wconf 89' lang='lat' dir='ltr'><strong>cum</strong></span> 
     </span>
    </p>
   </div>
   <div class='ocr_carea' id='block_1_26' title="bbox 2040 1151 3623 1227">
    <p class='ocr_par' dir='ltr' id='par_1_26' title="bbox 2040 1151 3623 1227">
     <span class='ocr_line' id='line_1_26' title="bbox 2040 1151 3623 1227; baseline 0.003 -25"><span class='ocrx_word' id='word_1_187' title='bbox 2040 1151 2243 1206; x_wconf 89' lang='lat' dir='ltr'><strong>virtute</strong></span> <span class='ocrx_word' id='word_1_188' title='bbox 2276 1153 2466 1206; x_wconf 84' lang='lat' dir='ltr'><strong>multa.</strong></span> <span class='ocrx_word' id='word_1_189' title='bbox 2500 1152 2541 1206; x_wconf 92' lang='lat' dir='ltr'><strong>li</strong></span> <span class='ocrx_word' id='word_1_190' title='bbox 2575 1169 2705 1208; x_wconf 86' lang='lat' dir='ltr'><strong>vero</strong></span> <span class='ocrx_word' id='word_1_191' title='bbox 2756 1156 2881 1225; x_wconf 88' lang='lat' dir='ltr'><strong>ipsi,</strong></span> <span class='ocrx_word' id='word_1_192' title='bbox 2915 1159 3008 1225; x_wconf 88' lang='lat' dir='ltr'><strong>qui</strong></span> <span class='ocrx_word' id='word_1_193' title='bbox 3066 1156 3120 1210; x_wconf 92' lang='lat' dir='ltr'><strong>in</strong></span> <span class='ocrx_word' id='word_1_194' title='bbox 3156 1164 3302 1211; x_wconf 85' lang='lat' dir='ltr'><strong>terra</strong></span> <span class='ocrx_word' id='word_1_195' title='bbox 3332 1156 3623 1227; x_wconf 80' lang='lat' dir='ltr'><strong>degebant,</strong></span> 
     </span>
    </p>
   </div>
   <div class='ocr_carea' id='block_1_27' title="bbox 2039 1230 3624 1318">
    <p class='ocr_par' dir='ltr' id='par_1_27' title="bbox 2039 1230 3624 1318">
     <span class='ocr_line' id='line_1_27' title="bbox 2039 1230 3624 1318; baseline 0.002 -19"><span class='ocrx_word' id='word_1_196' title='bbox 2039 1246 2315 1300; x_wconf 75' lang='lat' dir='ltr'><strong>exercitus</strong></span> <span class='ocrx_word' id='word_1_197' title='bbox 2343 1254 2398 1300; x_wconf 90' lang='lat' dir='ltr'><strong>et</strong></span> <span class='ocrx_word' id='word_1_198' title='bbox 2426 1246 2661 1303; x_wconf 80' lang='lat' dir='ltr'><strong>virtutes</strong></span> <span class='ocrx_word' id='word_1_199' title='bbox 2704 1248 2825 1318; x_wconf 86' lang='lat' dir='ltr'><strong>ejus</strong></span> <span class='ocrx_word' id='word_1_200' title='bbox 2873 1230 3052 1305; x_wconf 43' lang='lat' dir='ltr'><strong>eran‘t.</strong></span> <span class='ocrx_word' id='word_1_201' title='bbox 3110 1248 3290 1315; x_wconf 86' lang='lat' dir='ltr'><strong>Quare</strong></span> <span class='ocrx_word' id='word_1_202' title='bbox 3320 1248 3624 1304; x_wconf 89' lang='lat' dir='ltr'><strong>secundum</strong></span> 
     </span>
    </p>
   </div>
   <div class='ocr_carea' id='block_1_28' title="bbox 2040 1336 3622 1413">
    <p class='ocr_par' dir='ltr' id='par_1_28' title="bbox 2040 1336 3622 1413">
     <span class='ocr_line' id='line_1_28' title="bbox 2040 1336 3622 1413; baseline 0.003 -22"><span class='ocrx_word' id='word_1_203' title='bbox 2040 1336 2426 1409; x_wconf 79' lang='lat' dir='ltr'><strong>Symmachum</strong></span> <span class='ocrx_word' id='word_1_204' title='bbox 2477 1340 2715 1405; x_wconf 88' lang='lat' dir='ltr'><strong>dicitur,</strong></span> <span class='ocrx_word' id='word_1_205' title='bbox 2760 1360 2777 1391; x_wconf 79' lang='grc' dir='ltr'><strong>ι</strong></span> <span class='ocrx_word' id='word_1_206' title='bbox 2824 1340 3002 1413; x_wconf 76' lang='lat' dir='ltr'><strong>Reges</strong></span> <span class='ocrx_word' id='word_1_207' title='bbox 3042 1342 3381 1397; x_wconf 80' lang='lat' dir='ltr'><strong>exercituum</strong></span> <span class='ocrx_word' id='word_1_208' title='bbox 3438 1342 3622 1396; x_wconf 87' lang='lat' dir='ltr'><strong>dilecti</strong></span> 
     </span>
    </p>
   </div>
   <div class='ocr_carea' id='block_1_29' title="bbox 2037 1432 3622 1507">
    <p class='ocr_par' dir='ltr' id='par_1_29' title="bbox 2037 1432 3622 1507">
     <span class='ocr_line' id='line_1_29' title="bbox 2037 1432 3622 1507; baseline 0.003 -22"><span class='ocrx_word' id='word_1_209' title='bbox 2037 1438 2187 1492; x_wconf 82' lang='lat' dir='ltr'><strong>sunt.</strong></span> <span class='ocrx_word' id='word_1_210' title='bbox 2220 1452 2238 1481; x_wconf 74' lang='grc' dir='ltr'><strong>ι</strong></span> <span class='ocrx_word' id='word_1_211' title='bbox 2272 1432 2387 1488; x_wconf 87' lang='lat' dir='ltr'><strong>sive</strong></span> <span class='ocrx_word' id='word_1_212' title='bbox 2417 1433 2602 1488; x_wconf 84' lang='lat' dir='ltr'><strong>dilecti</strong></span> <span class='ocrx_word' id='word_1_213' title='bbox 2632 1445 2946 1493; x_wconf 89' lang='lat' dir='ltr'><strong>evaserunt.</strong></span> <span class='ocrx_word' id='word_1_214' title='bbox 2996 1434 3093 1490; x_wconf 85' lang='lat' dir='ltr'><strong>His</strong></span> <span class='ocrx_word' id='word_1_215' title='bbox 3123 1452 3253 1491; x_wconf 89' lang='lat' dir='ltr'><strong>vero</strong></span> <span class='ocrx_word' id='word_1_216' title='bbox 3287 1436 3421 1507; x_wconf 85' lang='lat' dir='ltr'><strong>ipsis</strong></span> <span class='ocrx_word' id='word_1_217' title='bbox 3450 1437 3622 1490; x_wconf 86' lang='lat' dir='ltr'><strong>altera</strong></span> 
     </span>
    </p>
   </div>
   <div class='ocr_carea' id='block_1_30' title="bbox 2035 1525 3621 1599">
    <p class='ocr_par' dir='ltr' id='par_1_30' title="bbox 2035 1525 3621 1599">
     <span class='ocr_line' id='line_1_30' title="bbox 2035 1525 3621 1599; baseline 0.005 -23"><span class='ocrx_word' id='word_1_218' title='bbox 2035 1525 2212 1594; x_wconf 87' lang='lat' dir='ltr'><strong>gratia</strong></span> <span class='ocrx_word' id='word_1_219' title='bbox 2264 1526 2464 1580; x_wconf 91' lang='lat' dir='ltr'><strong>collata</strong></span> <span class='ocrx_word' id='word_1_220' title='bbox 2503 1535 2620 1592; x_wconf 91' lang='lat' dir='ltr'><strong>est;</strong></span> <span class='ocrx_word' id='word_1_221' title='bbox 2656 1527 2709 1581; x_wconf 93' lang='lat' dir='ltr'><strong>id</strong></span> <span class='ocrx_word' id='word_1_222' title='bbox 2754 1537 2893 1592; x_wconf 82' lang='lat' dir='ltr'><strong>erat,</strong></span> <span class='ocrx_word' id='word_1_223' title='bbox 2927 1537 2986 1583; x_wconf 92' lang='lat' dir='ltr'><strong>ut</strong></span> <span class='ocrx_word' id='word_1_224' title='bbox 3019 1528 3326 1585; x_wconf 85' lang='lat' dir='ltr'><strong>dividerent</strong></span> <span class='ocrx_word' id='word_1_225' title='bbox 3356 1530 3530 1599; x_wconf 90' lang='lat' dir='ltr'><strong>spolia</strong></span> <span class='ocrx_word' id='word_1_226' title='bbox 3566 1530 3621 1584; x_wconf 91' lang='lat' dir='ltr'><strong>in</strong></span> 
     </span>
    </p>
   </div>
   <div class='ocr_carea' id='block_1_31' title="bbox 2036 1618 3622 1692">
    <p class='ocr_par' dir='ltr' id='par_1_31' title="bbox 2036 1618 3622 1692">
     <span class='ocr_line' id='line_1_31' title="bbox 2036 1618 3622 1692; baseline 0.004 -22"><span class='ocrx_word' id='word_1_227' title='bbox 2036 1618 2275 1687; x_wconf 90' lang='lat' dir='ltr'><strong>speciem</strong></span> <span class='ocrx_word' id='word_1_228' title='bbox 2309 1618 2528 1675; x_wconf 90' lang='lat' dir='ltr'><strong>domus.</strong></span> <span class='ocrx_word' id='word_1_229' title='bbox 2560 1618 2785 1691; x_wconf 85' lang='lat' dir='ltr'><strong>Species</strong></span> <span class='ocrx_word' id='word_1_230' title='bbox 2822 1623 3043 1692; x_wconf 88' lang='lat' dir='ltr'><strong>quidem</strong></span> <span class='ocrx_word' id='word_1_231' title='bbox 3075 1623 3271 1679; x_wconf 87' lang='lat' dir='ltr'><strong>domus</strong></span> <span class='ocrx_word' id='word_1_232' title='bbox 3296 1621 3499 1678; x_wconf 84' lang='lat' dir='ltr'><strong>fuerint</strong></span> <span class='ocrx_word' id='word_1_233' title='bbox 3530 1638 3622 1678; x_wconf 90' lang='lat' dir='ltr'><strong>or-</strong></span> 
     </span>
    </p>
   </div>
   <div class='ocr_carea' id='block_1_32' title="bbox 2034 1708 3619 1785">
    <p class='ocr_par' dir='ltr' id='par_1_32' title="bbox 2034 1708 3619 1785">
     <span class='ocr_line' id='line_1_32' title="bbox 2034 1708 3619 1785; baseline 0.004 -25"><span class='ocrx_word' id='word_1_234' title='bbox 2034 1708 2148 1761; x_wconf 84' lang='lat' dir='ltr'><strong>nati</strong></span> <span class='ocrx_word' id='word_1_235' title='bbox 2178 1715 2234 1761; x_wconf 89' lang='lat' dir='ltr'><strong>et</strong></span> <span class='ocrx_word' id='word_1_236' title='bbox 2259 1708 2443 1764; x_wconf 88' lang='lat' dir='ltr'><strong>decori</strong></span> <span class='ocrx_word' id='word_1_237' title='bbox 2476 1709 2553 1763; x_wconf 91' lang='lat' dir='ltr'><strong>illi</strong></span> <span class='ocrx_word' id='word_1_238' title='bbox 2587 1712 2641 1765; x_wconf 94' lang='lat' dir='ltr'><strong>in</strong></span> <span class='ocrx_word' id='word_1_239' title='bbox 2671 1711 2918 1769; x_wconf 89' lang='lat' dir='ltr'><strong>Ecclesia</strong></span> <span class='ocrx_word' id='word_1_240' title='bbox 2968 1713 3062 1768; x_wconf 88' lang='lat' dir='ltr'><strong>Dei</strong></span> <span class='ocrx_word' id='word_1_241' title='bbox 3094 1713 3347 1780; x_wconf 85' lang='lat' dir='ltr'><strong>ordines;</strong></span> <span class='ocrx_word' id='word_1_242' title='bbox 3386 1730 3619 1785; x_wconf 90' lang='lat' dir='ltr'><strong>quorum</strong></span> 
     </span>
    </p>
   </div>
   <div class='ocr_carea' id='block_1_33' title="bbox 2034 1798 3622 1871">
    <p class='ocr_par' dir='ltr' id='par_1_33' title="bbox 2034 1798 3622 1871">
     <span class='ocr_line' id='line_1_33' title="bbox 2034 1798 3622 1871; baseline 0.002 -16"><span class='ocrx_word' id='word_1_243' title='bbox 2034 1815 2095 1855; x_wconf 90' lang='lat' dir='ltr'><strong>se</strong></span> <span class='ocrx_word' id='word_1_244' title='bbox 2127 1798 2384 1869; x_wconf 87' lang='lat' dir='ltr'><strong>cupidum</strong></span> <span class='ocrx_word' id='word_1_245' title='bbox 2416 1800 2688 1871; x_wconf 77' lang='lat' dir='ltr'><strong>quiSpiam</strong></span> <span class='ocrx_word' id='word_1_246' title='bbox 2714 1801 3145 1866; x_wconf 85' lang='lat' dir='ltr'><strong>fatetur,dicens</strong></span> <span class='ocrx_word' id='word_1_247' title='bbox 3171 1824 3184 1859; x_wconf 76' lang='grc' dir='ltr'><strong><em>τ</em></strong></span> <span class='ocrx_word' id='word_1_248' title='bbox 3212 1823 3230 1854; x_wconf 82' lang='grc' dir='ltr'><strong>ι</strong></span> <span class='ocrx_word' id='word_1_249' title='bbox 3258 1803 3505 1867; x_wconf 85' lang='lat' dir='ltr'><strong>Domine,</strong></span> <span class='ocrx_word' id='word_1_250' title='bbox 3537 1804 3622 1859; x_wconf 89' lang='lat' dir='ltr'><strong>di-</strong></span> 
     </span>
    </p>
   </div>
   <div class='ocr_carea' id='block_1_34' title="bbox 339 1884 1920 1969">
    <p class='ocr_par' dir='ltr' id='par_1_34' title="bbox 339 1891 1920 1969">
     <span class='ocr_line' id='line_1_34' title="bbox 339 1891 1920 1969; baseline -0.003 -18"><span class='ocrx_word' id='word_1_251' title='bbox 339 1914 548 1969; x_wconf 73' lang='grc' dir='ltr'>γματαο</span> <span class='ocrx_word' id='word_1_252' title='bbox 596 1891 672 1951; x_wconf 86' lang='grc' dir='ltr'>ὧν</span> <span class='ocrx_word' id='word_1_253' title='bbox 717 1897 812 1950; x_wconf 74' lang='grc' dir='ltr'><strong>καὶ</strong></span> <span class='ocrx_word' id='word_1_254' title='bbox 839 1895 1183 1967; x_wconf 76' lang='grc' dir='ltr'>ἐπιθυμητὴς</span> <span class='ocrx_word' id='word_1_255' title='bbox 1211 1894 1463 1966; x_wconf 86' lang='grc' dir='ltr'>ὁμολογεῖ</span> <span class='ocrx_word' id='word_1_256' title='bbox 1504 1912 1588 1958; x_wconf 82' lang='grc' dir='ltr'><strong>τις</strong></span> <span class='ocrx_word' id='word_1_257' title='bbox 1625 1894 1920 1964; x_wconf 80' lang='grc' dir='ltr'>γεγονέναι,</span> 
     </span>
    </p>
   </div>
   <div class='ocr_carea' id='block_1_35' title="bbox 2021 1884 3622 1969">
    <p class='ocr_par' dir='ltr' id='par_1_35' title="bbox 2034 1891 3622 1964">
     <span class='ocr_line' id='line_1_35' title="bbox 2034 1891 3622 1964; baseline 0.003 -19"><span class='ocrx_word' id='word_1_258' title='bbox 2034 1891 2137 1946; x_wconf 79' lang='lat' dir='ltr'><strong>lexi</strong></span> <span class='ocrx_word' id='word_1_259' title='bbox 2169 1892 2424 1946; x_wconf 87' lang='lat' dir='ltr'><strong>decorem</strong></span> <span class='ocrx_word' id='word_1_260' title='bbox 2448 1892 2645 1948; x_wconf 88' lang='lat' dir='ltr'><strong>domus</strong></span> <span class='ocrx_word' id='word_1_261' title='bbox 2673 1901 2799 1959; x_wconf 84' lang='lat' dir='ltr'><strong>tuae,</strong></span> <span class='ocrx_word' id='word_1_262' title='bbox 2826 1905 2879 1950; x_wconf 90' lang='lat' dir='ltr'><strong>et</strong></span> <span class='ocrx_word' id='word_1_263' title='bbox 2905 1896 3084 1950; x_wconf 90' lang='lat' dir='ltr'><strong>locum</strong></span> <span class='ocrx_word' id='word_1_264' title='bbox 3118 1895 3470 1950; x_wconf 78' lang='lat' dir='ltr'><strong>habitationis</strong></span> <span class='ocrx_word' id='word_1_265' title='bbox 3504 1895 3622 1964; x_wconf 82' lang='lat' dir='ltr'><strong>glo-</strong></span> 
     </span>
    </p>
   </div>
   <div class='ocr_carea' id='block_1_36' title="bbox 338 1984 1925 2059">
    <p class='ocr_par' dir='ltr' id='par_1_36' title="bbox 338 1984 1925 2059">
     <span class='ocr_line' id='line_1_36' title="bbox 338 1984 1925 2059; baseline -0.003 -18"><span class='ocrx_word' id='word_1_266' title='bbox 338 1989 543 2059; x_wconf 72' lang='grc' dir='ltr'>φήσαςο</span> <span class='ocrx_word' id='word_1_267' title='bbox 578 2006 598 2038; x_wconf 74' lang='grc' dir='ltr'><strong>ι</strong></span> <span class='ocrx_word' id='word_1_268' title='bbox 647 1987 861 2059; x_wconf 77' lang='grc' dir='ltr'>Κύριε,</span> <span class='ocrx_word' id='word_1_269' title='bbox 897 1986 1163 2057; x_wconf 73' lang='grc' dir='ltr'>ἠγάπησα</span> <span class='ocrx_word' id='word_1_270' title='bbox 1219 1984 1551 2056; x_wconf 80' lang='grc' dir='ltr'>εὐπρέπειαν</span> <span class='ocrx_word' id='word_1_271' title='bbox 1607 1984 1757 2037; x_wconf 75' lang='grc' dir='ltr'>οἴκου</span> <span class='ocrx_word' id='word_1_272' title='bbox 1809 2002 1925 2047; x_wconf 85' lang='grc' dir='ltr'>σου,</span> 
     </span>
    </p>
   </div>
   <div class='ocr_carea' id='block_1_37' title="bbox 335 2074 1923 2147">
    <p class='ocr_par' dir='ltr' id='par_1_37' title="bbox 335 2074 1923 2147">
     <span class='ocr_line' id='line_1_37' title="bbox 335 2074 1923 2147; baseline -0.003 -16"><span class='ocrx_word' id='word_1_273' title='bbox 335 2078 435 2131; x_wconf 71' lang='grc' dir='ltr'>καὶ</span> <span class='ocrx_word' id='word_1_274' title='bbox 481 2077 647 2130; x_wconf 81' lang='grc' dir='ltr'>τόπον</span> <span class='ocrx_word' id='word_1_275' title='bbox 702 2076 1060 2147; x_wconf 72' lang='grc' dir='ltr'>σκηνώματός</span> <span class='ocrx_word' id='word_1_276' title='bbox 1107 2074 1265 2146; x_wconf 78' lang='grc' dir='ltr'>δόξης</span> <span class='ocrx_word' id='word_1_277' title='bbox 1318 2092 1433 2128; x_wconf 88' lang='grc' dir='ltr'>σου.</span> <span class='ocrx_word' id='word_1_278' title='bbox 1490 2096 1509 2128; x_wconf 83' lang='grc'>›</span> <span class='ocrx_word' id='word_1_279' title='bbox 1559 2075 1669 2129; x_wconf 76' lang='grc' dir='ltr'><strong>Καὶ</strong></span> <span class='ocrx_word' id='word_1_280' title='bbox 1729 2074 1923 2128; x_wconf 71' lang='grc' dir='ltr'><strong>⁸πάλιν⁸</strong></span> 
     </span>
    </p>
   </div>
   <div class='ocr_carea' id='block_1_38' title="bbox 340 2167 1927 2240">
    <p class='ocr_par' dir='ltr' id='par_1_38' title="bbox 340 2167 1927 2240">
     <span class='ocr_line' id='line_1_38' title="bbox 340 2167 1927 2240; baseline -0.001 -19"><span class='ocrx_word' id='word_1_281' title='bbox 340 2187 359 2221; x_wconf 75' lang='grc' dir='ltr'><strong>ι</strong></span> <span class='ocrx_word' id='word_1_282' title='bbox 396 2170 548 2223; x_wconf 85' lang='grc' dir='ltr'>Μίαν</span> <span class='ocrx_word' id='word_1_283' title='bbox 574 2170 866 2240; x_wconf 77' lang='grc' dir='ltr'>ᾐτησάμην</span> <span class='ocrx_word' id='word_1_284' title='bbox 898 2167 1050 2239; x_wconf 85' lang='grc' dir='ltr'><strong>παρά</strong></span> <span class='ocrx_word' id='word_1_285' title='bbox 1083 2168 1287 2239; x_wconf 80' lang='grc' dir='ltr'>Κυρίου</span> <span class='ocrx_word' id='word_1_286' title='bbox 1309 2208 1324 2230; x_wconf 90' lang='grc'><strong>,</strong></span> <span class='ocrx_word' id='word_1_287' title='bbox 1358 2167 1562 2238; x_wconf 87' lang='grc' dir='ltr'>ταύτην</span> <span class='ocrx_word' id='word_1_288' title='bbox 1594 2167 1831 2238; x_wconf 78' lang='grc' dir='ltr'>ζητήσω,</span> <span class='ocrx_word' id='word_1_289' title='bbox 1866 2167 1927 2219; x_wconf 83' lang='grc' dir='ltr'><strong>τὸ</strong></span> 
     </span>
    </p>
   </div>
   <div class='ocr_carea' id='block_1_39' title="bbox 332 2257 1927 2331">
    <p class='ocr_par' dir='ltr' id='par_1_39' title="bbox 332 2257 1927 2331">
     <span class='ocr_line' id='line_1_39' title="bbox 332 2257 1927 2331; baseline -0.004 -16"><span class='ocrx_word' id='word_1_290' title='bbox 332 2264 612 2315; x_wconf 82' lang='grc' dir='ltr'>κατοικεῖν</span> <span class='ocrx_word' id='word_1_291' title='bbox 647 2277 714 2330; x_wconf 90' lang='grc' dir='ltr'><strong>με</strong></span> <span class='ocrx_word' id='word_1_292' title='bbox 741 2262 801 2313; x_wconf 81' lang='grc' dir='ltr'>ὲν</span> <span class='ocrx_word' id='word_1_293' title='bbox 826 2262 960 2330; x_wconf 73' lang='grc' dir='ltr'>οἴκῳ</span> <span class='ocrx_word' id='word_1_294' title='bbox 994 2258 1202 2331; x_wconf 82' lang='grc' dir='ltr'>Κυρίου</span> <span class='ocrx_word' id='word_1_295' title='bbox 1242 2259 1421 2323; x_wconf 87' lang='grc' dir='ltr'>πάσας</span> <span class='ocrx_word' id='word_1_296' title='bbox 1458 2258 1557 2320; x_wconf 82' lang='grc' dir='ltr'>τὰς</span> <span class='ocrx_word' id='word_1_297' title='bbox 1588 2257 1800 2328; x_wconf 72' lang='grc' dir='ltr'>ἡμέρας</span> <span class='ocrx_word' id='word_1_298' title='bbox 1827 2259 1927 2327; x_wconf 84' lang='grc' dir='ltr'><strong>τῆς</strong></span> 
     </span>
    </p>
   </div>
   <div class='ocr_carea' id='block_1_40' title="bbox 334 2350 1923 2423">
    <p class='ocr_par' dir='ltr' id='par_1_40' title="bbox 334 2350 1923 2423">
     <span class='ocr_line' id='line_1_40' title="bbox 334 2350 1923 2423; baseline -0.001 -18"><span class='ocrx_word' id='word_1_299' title='bbox 334 2351 481 2421; x_wconf 82' lang='grc' dir='ltr'>ζωῆς</span> <span class='ocrx_word' id='word_1_300' title='bbox 527 2369 664 2422; x_wconf 85' lang='grc' dir='ltr'>μου,</span> <span class='ocrx_word' id='word_1_301' title='bbox 714 2352 810 2404; x_wconf 91' lang='grc' dir='ltr'><strong>τοῦ</strong></span> <span class='ocrx_word' id='word_1_302' title='bbox 857 2352 1081 2422; x_wconf 81' lang='grc' dir='ltr'>θεωρεῖν</span> <span class='ocrx_word' id='word_1_303' title='bbox 1131 2369 1197 2423; x_wconf 89' lang='grc' dir='ltr'><strong>με</strong></span> <span class='ocrx_word' id='word_1_304' title='bbox 1229 2353 1328 2423; x_wconf 81' lang='grc' dir='ltr'>τὴν</span> <span class='ocrx_word' id='word_1_305' title='bbox 1355 2350 1694 2423; x_wconf 85' lang='grc' dir='ltr'>τερπνότητα</span> <span class='ocrx_word' id='word_1_306' title='bbox 1720 2350 1923 2420; x_wconf 81' lang='grc' dir='ltr'>Κυρίου</span> 
     </span>
    </p>
   </div>
   <div class='ocr_carea' id='block_1_41' title="bbox 332 2443 1444 2500">
    <p class='ocr_par' dir='ltr' id='par_1_41' title="bbox 332 2443 1444 2500">
     <span class='ocr_line' id='line_1_41' title="bbox 332 2443 1444 2500; baseline -0.002 0"><span class='ocrx_word' id='word_1_307' title='bbox 332 2445 432 2500; x_wconf 72' lang='grc' dir='ltr'><strong>καὶ</strong></span> <span class='ocrx_word' id='word_1_308' title='bbox 464 2444 891 2498; x_wconf 81' lang='grc' dir='ltr'>ἐπισκέπτεσθαι</span> <span class='ocrx_word' id='word_1_309' title='bbox 913 2444 1004 2497; x_wconf 84' lang='grc' dir='ltr'>τὸν</span> <span class='ocrx_word' id='word_1_310' title='bbox 1039 2443 1165 2498; x_wconf 75' lang='grc' dir='ltr'>ναὸν</span> <span class='ocrx_word' id='word_1_311' title='bbox 1194 2445 1381 2498; x_wconf 85' lang='grc' dir='ltr'>αὑτοῦ.</span> <span class='ocrx_word' id='word_1_312' title='bbox 1425 2464 1444 2498; x_wconf 68' lang='grc' dir='ltr'><strong>ι</strong></span> 
     </span>
    </p>
   </div>
   <div class='ocr_carea' id='block_1_42' title="bbox 403 2555 1923 2628">
    <p class='ocr_par' dir='ltr' id='par_1_42' title="bbox 403 2555 1923 2628">
     <span class='ocr_line' id='line_1_42' title="bbox 403 2555 1923 2628; baseline 0.001 -19"><span class='ocrx_word' id='word_1_313' title='bbox 403 2556 486 2609; x_wconf 85' lang='grc' dir='ltr'>Τὰ</span> <span class='ocrx_word' id='word_1_314' title='bbox 505 2557 671 2626; x_wconf 74' lang='grc' dir='ltr'>’Ἅγια</span> <span class='ocrx_word' id='word_1_315' title='bbox 691 2555 869 2608; x_wconf 82' lang='grc' dir='ltr'>τοίνυν</span> <span class='ocrx_word' id='word_1_316' title='bbox 892 2555 1001 2608; x_wconf 87' lang='grc' dir='ltr'><strong>τῶν</strong></span> <span class='ocrx_word' id='word_1_317' title='bbox 1026 2555 1197 2624; x_wconf 85' lang='grc' dir='ltr'>ἁγίων</span> <span class='ocrx_word' id='word_1_318' title='bbox 1219 2555 1303 2627; x_wconf 82' lang='grc' dir='ltr'><strong>εἴη</strong></span> <span class='ocrx_word' id='word_1_319' title='bbox 1332 2555 1398 2610; x_wconf 86' lang='grc' dir='ltr'><strong>ἂν</strong></span> <span class='ocrx_word' id='word_1_320' title='bbox 1430 2557 1463 2627; x_wconf 80' lang='grc' dir='ltr'>ἡ</span> <span class='ocrx_word' id='word_1_321' title='bbox 1495 2557 1797 2628; x_wconf 85' lang='grc' dir='ltr'>τερπνότης</span> <span class='ocrx_word' id='word_1_322' title='bbox 1829 2559 1923 2611; x_wconf 74' lang='grc' dir='ltr'>καὶ</span> 
     </span>
    </p>
   </div>
   <div class='ocr_carea' id='block_1_43' title="bbox 330 2645 1923 2720">
    <p class='ocr_par' dir='ltr' id='par_1_43' title="bbox 330 2645 1923 2720">
     <span class='ocr_line' id='line_1_43' title="bbox 330 2645 1923 2720; baseline 0.001 -19"><span class='ocrx_word' id='word_1_323' title='bbox 330 2647 605 2720; x_wconf 82' lang='grc' dir='ltr'>ὡραιότης</span> <span class='ocrx_word' id='word_1_324' title='bbox 638 2645 731 2699; x_wconf 90' lang='grc' dir='ltr'><strong>τοῦ</strong></span> <span class='ocrx_word' id='word_1_325' title='bbox 761 2645 909 2699; x_wconf 75' lang='grc' dir='ltr'>οἴκου</span> <span class='ocrx_word' id='word_1_326' title='bbox 952 2646 1046 2699; x_wconf 89' lang='grc' dir='ltr'><strong>τοῦ</strong></span> <span class='ocrx_word' id='word_1_327' title='bbox 1090 2646 1248 2701; x_wconf 81' lang='grc' dir='ltr'>Θεοῦ.</span> <span class='ocrx_word' id='word_1_328' title='bbox 1293 2646 1474 2700; x_wconf 89' lang='grc' dir='ltr'>Ταῦτα</span> <span class='ocrx_word' id='word_1_329' title='bbox 1510 2648 1568 2701; x_wconf 89' lang='grc' dir='ltr'><strong>δέ</strong></span> <span class='ocrx_word' id='word_1_330' title='bbox 1609 2649 1724 2701; x_wconf 76' lang='grc' dir='ltr'>ἐστι</span> <span class='ocrx_word' id='word_1_331' title='bbox 1768 2648 1838 2702; x_wconf 76' lang='grc' dir='ltr'><strong>τά</strong></span> <span class='ocrx_word' id='word_1_332' title='bbox 1866 2651 1923 2701; x_wconf 83' lang='grc' dir='ltr'><strong>ἐν</strong></span> 
     </span>
    </p>
   </div>
   <div class='ocr_carea' id='block_1_44' title="bbox 332 2738 1925 2814">
    <p class='ocr_par' dir='ltr' id='par_1_44' title="bbox 332 2738 1925 2814">
     <span class='ocr_line' id='line_1_44' title="bbox 332 2738 1925 2814; baseline 0.001 -21"><span class='ocrx_word' id='word_1_333' title='bbox 332 2738 659 2811; x_wconf 76' lang='grc' dir='ltr'>σωφροσύνῃ</span> <span class='ocrx_word' id='word_1_334' title='bbox 689 2740 782 2792; x_wconf 75' lang='grc' dir='ltr'><strong>καὶ</strong></span> <span class='ocrx_word' id='word_1_335' title='bbox 819 2739 1031 2809; x_wconf 69' lang='grc' dir='ltr'>ἁγνείᾳ,</span> <span class='ocrx_word' id='word_1_336' title='bbox 1066 2741 1159 2795; x_wconf 84' lang='grc' dir='ltr'><strong>καὶ</strong></span> <span class='ocrx_word' id='word_1_337' title='bbox 1188 2739 1520 2814; x_wconf 79' lang='grc' dir='ltr'>δικαιοσύνῃ,</span> <span class='ocrx_word' id='word_1_338' title='bbox 1553 2739 1646 2793; x_wconf 77' lang='grc' dir='ltr'><strong>καὶ</strong></span> <span class='ocrx_word' id='word_1_339' title='bbox 1673 2744 1791 2804; x_wconf 83' lang='grc' dir='ltr'>ταῖς</span> <span class='ocrx_word' id='word_1_340' title='bbox 1816 2743 1925 2795; x_wconf 87' lang='grc' dir='ltr'>λοι-</span> 
     </span>
    </p>
   </div>
   <div class='ocr_carea' id='block_1_45' title="bbox 330 2830 1921 2903">
    <p class='ocr_par' dir='ltr' id='par_1_45' title="bbox 330 2830 1921 2903">
     <span class='ocr_line' id='line_1_45' title="bbox 330 2830 1921 2903; baseline 0.003 -20"><span class='ocrx_word' id='word_1_341' title='bbox 330 2834 463 2895; x_wconf 84' lang='grc' dir='ltr'>παῖς</span> <span class='ocrx_word' id='word_1_342' title='bbox 493 2831 715 2903; x_wconf 79' lang='grc' dir='ltr'>ἀρεταῖς</span> <span class='ocrx_word' id='word_1_343' title='bbox 746 2830 1117 2901; x_wconf 84' lang='grc' dir='ltr'>διαλάμποντα</span> <span class='ocrx_word' id='word_1_344' title='bbox 1146 2835 1247 2903; x_wconf 84' lang='grc' dir='ltr'>τῆς</span> <span class='ocrx_word' id='word_1_345' title='bbox 1293 2832 1617 2903; x_wconf 82' lang='grc' dir='ltr'>Ἐκκλησίας</span> <span class='ocrx_word' id='word_1_346' title='bbox 1655 2833 1748 2886; x_wconf 86' lang='grc' dir='ltr'><strong>τοῦ</strong></span> <span class='ocrx_word' id='word_1_347' title='bbox 1785 2834 1921 2887; x_wconf 87' lang='grc' dir='ltr'>Θεοῦ</span> 
     </span>
    </p>
   </div>
   <div class='ocr_carea' id='block_1_46' title="bbox 328 2923 1922 2997">
    <p class='ocr_par' dir='ltr' id='par_1_46' title="bbox 328 2923 1922 2997">
     <span class='ocr_line' id='line_1_46' title="bbox 328 2923 1922 2997; baseline 0.002 -20"><span class='ocrx_word' id='word_1_348' title='bbox 328 2924 608 2994; x_wconf 84' lang='grc' dir='ltr'>τάγματα.</span> <span class='ocrx_word' id='word_1_349' title='bbox 642 2925 736 2988; x_wconf 83' lang='grc' dir='ltr'><strong>Εἰς</strong></span> <span class='ocrx_word' id='word_1_350' title='bbox 769 2923 825 2976; x_wconf 83' lang='grc' dir='ltr'>δὲ</span> <span class='ocrx_word' id='word_1_351' title='bbox 848 2924 948 2996; x_wconf 80' lang='grc' dir='ltr'>τὴν</span> <span class='ocrx_word' id='word_1_352' title='bbox 976 2924 1282 2997; x_wconf 83' lang='grc' dir='ltr'>ὡραιότητα</span> <span class='ocrx_word' id='word_1_353' title='bbox 1311 2924 1515 2997; x_wconf 87' lang='grc' dir='ltr'>ταύτην</span> <span class='ocrx_word' id='word_1_354' title='bbox 1548 2926 1719 2980; x_wconf 86' lang='grc' dir='ltr'>σκύλα</span> <span class='ocrx_word' id='word_1_355' title='bbox 1752 2927 1922 2980; x_wconf 73' lang='grc' dir='ltr'>διελέο</span> 
     </span>
    </p>
   </div>
   <div class='ocr_carea' id='block_1_47' title="bbox 329 3015 1922 3090">
    <p class='ocr_par' dir='ltr' id='par_1_47' title="bbox 329 3015 1922 3090">
     <span class='ocr_line' id='line_1_47' title="bbox 329 3015 1922 3090; baseline 0.003 -21"><span class='ocrx_word' id='word_1_356' title='bbox 329 3016 458 3070; x_wconf 82' lang='grc' dir='ltr'>σθαι</span> <span class='ocrx_word' id='word_1_357' title='bbox 492 3018 603 3079; x_wconf 83' lang='grc' dir='ltr'>τοῖς</span> <span class='ocrx_word' id='word_1_358' title='bbox 644 3016 810 3069; x_wconf 81' lang='grc' dir='ltr'>αὑτοῦ</span> <span class='ocrx_word' id='word_1_359' title='bbox 855 3015 1214 3087; x_wconf 84' lang='grc' dir='ltr'>στρατιώταις</span> <span class='ocrx_word' id='word_1_360' title='bbox 1259 3017 1564 3090; x_wconf 85' lang='grc' dir='ltr'>ἐδωρήσατο</span> <span class='ocrx_word' id='word_1_361' title='bbox 1609 3020 1637 3071; x_wconf 92' lang='lat'><strong>6</strong></span> <span class='ocrx_word' id='word_1_362' title='bbox 1673 3019 1922 3089; x_wconf 79' lang='grc' dir='ltr'>βασιλεὺς</span> 
     </span>
    </p>
   </div>
   <div class='ocr_carea' id='block_1_48' title="bbox 325 3108 1922 3183">
    <p class='ocr_par' dir='ltr' id='par_1_48' title="bbox 325 3108 1922 3183">
     <span class='ocr_line' id='line_1_48' title="bbox 325 3108 1922 3183; baseline 0.003 -22"><span class='ocrx_word' id='word_1_363' title='bbox 325 3109 437 3161; x_wconf 88' lang='grc' dir='ltr'><strong>τῶν</strong></span> <span class='ocrx_word' id='word_1_364' title='bbox 489 3108 789 3179; x_wconf 81' lang='grc' dir='ltr'>δυνάμεων.</span> <span class='ocrx_word' id='word_1_365' title='bbox 852 3108 972 3162; x_wconf 88' lang='grc' dir='ltr'><strong>Τῶν</strong></span> <span class='ocrx_word' id='word_1_366' title='bbox 1030 3109 1139 3181; x_wconf 86' lang='grc' dir='ltr'><strong>γὰρ</strong></span> <span class='ocrx_word' id='word_1_367' title='bbox 1188 3109 1461 3180; x_wconf 82' lang='grc' dir='ltr'>πολεμίων</span> <span class='ocrx_word' id='word_1_368' title='bbox 1506 3112 1922 3183; x_wconf 80' lang='grc' dir='ltr'>ἀνατραπέντων</span> 
     </span>
    </p>
   </div>
   <div class='ocr_carea' id='block_1_49' title="bbox 324 3202 1919 3274">
    <p class='ocr_par' dir='ltr' id='par_1_49' title="bbox 324 3202 1919 3274">
     <span class='ocr_line' id='line_1_49' title="bbox 324 3202 1919 3274; baseline 0.003 -19"><span class='ocrx_word' id='word_1_369' title='bbox 324 3202 426 3257; x_wconf 73' lang='grc' dir='ltr'><strong>καὶ</strong></span> <span class='ocrx_word' id='word_1_370' title='bbox 477 3204 557 3265; x_wconf 85' lang='grc' dir='ltr'><strong>είς</strong></span> <span class='ocrx_word' id='word_1_371' title='bbox 600 3202 779 3273; x_wconf 82' lang='grc' dir='ltr'>φυγὴν</span> <span class='ocrx_word' id='word_1_372' title='bbox 826 3202 1244 3273; x_wconf 84' lang='grc' dir='ltr'>κεχωρηκότων,</span> <span class='ocrx_word' id='word_1_373' title='bbox 1284 3202 1428 3270; x_wconf 85' lang='grc' dir='ltr'>λέγω</span> <span class='ocrx_word' id='word_1_374' title='bbox 1460 3203 1518 3256; x_wconf 86' lang='grc' dir='ltr'><strong>δὲ</strong></span> <span class='ocrx_word' id='word_1_375' title='bbox 1557 3204 1665 3258; x_wconf 91' lang='grc' dir='ltr'><strong>τῶν</strong></span> <span class='ocrx_word' id='word_1_376' title='bbox 1695 3206 1919 3274; x_wconf 77' lang='grc' dir='ltr'>ἀφανῶν</span> 
     </span>
    </p>
   </div>
   <div class='ocr_carea' id='block_1_50' title="bbox 322 3289 1911 3369">
    <p class='ocr_par' dir='ltr' id='par_1_50' title="bbox 322 3289 1911 3369">
     <span class='ocr_line' id='line_1_50' title="bbox 322 3289 1911 3369; baseline 0.003 -21"><span class='ocrx_word' id='word_1_377' title='bbox 322 3294 426 3349; x_wconf 69' lang='grc' dir='ltr'>γαί</span> <span class='ocrx_word' id='word_1_378' title='bbox 470 3294 721 3365; x_wconf 86' lang='grc' dir='ltr'>ἀοράτων</span> <span class='ocrx_word' id='word_1_379' title='bbox 748 3294 1052 3365; x_wconf 81' lang='grc' dir='ltr'>δυνάμεων,</span> <span class='ocrx_word' id='word_1_380' title='bbox 1091 3296 1220 3366; x_wconf 76' lang='grc' dir='ltr'>περὶ</span> <span class='ocrx_word' id='word_1_381' title='bbox 1258 3289 1333 3349; x_wconf 85' lang='grc' dir='ltr'>ὧν</span> <span class='ocrx_word' id='word_1_382' title='bbox 1373 3296 1630 3369; x_wconf 80' lang='grc' dir='ltr'>ἀνωτέρω</span> <span class='ocrx_word' id='word_1_383' title='bbox 1675 3297 1911 3367; x_wconf 74' lang='grc' dir='ltr'>ἐλέγετο·</span> 
     </span>
    </p>
   </div>
   <div class='ocr_carea' id='block_1_51' title="bbox 329 3386 1916 3461">
    <p class='ocr_par' dir='ltr' id='par_1_51' title="bbox 329 3386 1916 3461">
     <span class='ocr_line' id='line_1_51' title="bbox 329 3386 1916 3461; baseline 0.003 -22"><span class='ocrx_word' id='word_1_384' title='bbox 329 3406 350 3438; x_wconf 77' lang='grc' dir='ltr'><strong><em>ο</em></strong></span> <span class='ocrx_word' id='word_1_385' title='bbox 420 3387 735 3458; x_wconf 78' lang='grc' dir='ltr'>Ἀναστήτω</span> <span class='ocrx_word' id='word_1_386' title='bbox 793 3387 822 3440; x_wconf 94' lang='lat'><strong>6</strong></span> <span class='ocrx_word' id='word_1_387' title='bbox 882 3386 1015 3450; x_wconf 84' lang='grc' dir='ltr'>Θεὸς</span> <span class='ocrx_word' id='word_1_388' title='bbox 1078 3389 1173 3440; x_wconf 75' lang='grc' dir='ltr'><strong>καὶ</strong></span> <span class='ocrx_word' id='word_1_389' title='bbox 1230 3387 1812 3461; x_wconf 83' lang='grc' dir='ltr'>διασκορπισθήτωσαν</span> <span class='ocrx_word' id='word_1_390' title='bbox 1866 3392 1916 3444; x_wconf 87' lang='grc' dir='ltr'><strong>οί</strong></span> 
     </span>
    </p>
   </div>
   <div class='ocr_carea' id='block_1_52' title="bbox 319 3476 1915 3551">
    <p class='ocr_par' dir='ltr' id='par_1_52' title="bbox 319 3476 1915 3551">
     <span class='ocr_line' id='line_1_52' title="bbox 319 3476 1915 3551; baseline 0.003 -19"><span class='ocrx_word' id='word_1_391' title='bbox 319 3476 515 3549; x_wconf 76' lang='grc' dir='ltr'>ἐχθροὶ</span> <span class='ocrx_word' id='word_1_392' title='bbox 543 3476 732 3541; x_wconf 78' lang='grc' dir='ltr'>αὑτοῦ,</span> <span class='ocrx_word' id='word_1_393' title='bbox 764 3476 1084 3546; x_wconf 77' lang='grc' dir='ltr'>φυγέτωσαν</span> <span class='ocrx_word' id='word_1_394' title='bbox 1115 3478 1316 3543; x_wconf 83' lang='grc' dir='ltr'>πάντες</span> <span class='ocrx_word' id='word_1_395' title='bbox 1358 3482 1406 3533; x_wconf 88' lang='grc' dir='ltr'><strong>οί</strong></span> <span class='ocrx_word' id='word_1_396' title='bbox 1442 3481 1725 3551; x_wconf 87' lang='grc' dir='ltr'>μισοῦντες</span> <span class='ocrx_word' id='word_1_397' title='bbox 1754 3483 1915 3538; x_wconf 72' lang='grc' dir='ltr'>αύτὲν</span> 
     </span>
    </p>
   </div>
   <div class='ocr_carea' id='block_1_53' title="bbox 320 3569 1916 3644">
    <p class='ocr_par' dir='ltr' id='par_1_53' title="bbox 320 3569 1916 3644">
     <span class='ocr_line' id='line_1_53' title="bbox 320 3569 1916 3644; baseline 0.001 -18"><span class='ocrx_word' id='word_1_398' title='bbox 320 3571 437 3626; x_wconf 76' lang='grc' dir='ltr'><strong>ἀπὸ</strong></span> <span class='ocrx_word' id='word_1_399' title='bbox 488 3570 781 3642; x_wconf 83' lang='grc' dir='ltr'>προσώπου</span> <span class='ocrx_word' id='word_1_400' title='bbox 826 3569 1028 3634; x_wconf 80' lang='grc' dir='ltr'>αὐτοῦ,</span> <span class='ocrx_word' id='word_1_401' title='bbox 1083 3589 1101 3622; x_wconf 74' lang='grc' dir='ltr'><strong>ι</strong></span> <span class='ocrx_word' id='word_1_402' title='bbox 1143 3574 1190 3624; x_wconf 85' lang='grc' dir='ltr'><strong>οἱ</strong></span> <span class='ocrx_word' id='word_1_403' title='bbox 1232 3571 1327 3625; x_wconf 91' lang='grc' dir='ltr'><strong>τοῦ</strong></span> <span class='ocrx_word' id='word_1_404' title='bbox 1380 3573 1600 3643; x_wconf 83' lang='grc' dir='ltr'>νικητοῦ</span> <span class='ocrx_word' id='word_1_405' title='bbox 1652 3573 1916 3644; x_wconf 78' lang='grc' dir='ltr'>βασιλέως</span> 
     </span>
    </p>
   </div>
   <div class='ocr_carea' id='block_1_54' title="bbox 325 3652 1911 3738">
    <p class='ocr_par' dir='ltr' id='par_1_54' title="bbox 325 3652 1911 3738">
     <span class='ocr_line' id='line_1_54' title="bbox 325 3652 1911 3738; baseline 0.003 -22"><span class='ocrx_word' id='word_1_406' title='bbox 325 3662 665 3733; x_wconf 89' lang='grc' dir='ltr'>στρατιῶται</span> <span class='ocrx_word' id='word_1_407' title='bbox 698 3660 766 3715; x_wconf 86' lang='grc' dir='ltr'><strong>τά</strong></span> <span class='ocrx_word' id='word_1_408' title='bbox 812 3661 983 3715; x_wconf 79' lang='grc' dir='ltr'>σκύλα</span> <span class='ocrx_word' id='word_1_409' title='bbox 1014 3652 1218 3715; x_wconf 88' lang='grc' dir='ltr'>τούτων</span> <span class='ocrx_word' id='word_1_410' title='bbox 1250 3664 1329 3727; x_wconf 82' lang='grc' dir='ltr'>εἰς</span> <span class='ocrx_word' id='word_1_411' title='bbox 1360 3664 1584 3727; x_wconf 76' lang='grc' dir='ltr'>ἑαυτοὺς</span> <span class='ocrx_word' id='word_1_412' title='bbox 1612 3664 1911 3738; x_wconf 83' lang='grc' dir='ltr'>διῃροῦντο.</span> 
     </span>
    </p>
   </div>
   <div class='ocr_carea' id='block_1_55' title="bbox 323 3748 1914 3827">
    <p class='ocr_par' dir='ltr' id='par_1_55' title="bbox 323 3748 1914 3827">
     <span class='ocr_line' id='line_1_55' title="bbox 323 3748 1914 3827; baseline 0.003 -23"><span class='ocrx_word' id='word_1_413' title='bbox 323 3751 512 3805; x_wconf 86' lang='grc' dir='ltr'>Σκύλα</span> <span class='ocrx_word' id='word_1_414' title='bbox 563 3752 619 3805; x_wconf 81' lang='grc' dir='ltr'>δὲ</span> <span class='ocrx_word' id='word_1_415' title='bbox 668 3748 810 3823; x_wconf 81' lang='grc' dir='ltr'>ἦμεν</span> <span class='ocrx_word' id='word_1_416' title='bbox 842 3754 1009 3823; x_wconf 85' lang='grc' dir='ltr'>ἡμεῖς</span> <span class='ocrx_word' id='word_1_417' title='bbox 1046 3754 1141 3808; x_wconf 73' lang='grc' dir='ltr'>καὶ</span> <span class='ocrx_word' id='word_1_418' title='bbox 1190 3754 1297 3807; x_wconf 75' lang='grc' dir='ltr'>πᾶν</span> <span class='ocrx_word' id='word_1_419' title='bbox 1343 3753 1405 3808; x_wconf 83' lang='grc' dir='ltr'>τὸ</span> <span class='ocrx_word' id='word_1_420' title='bbox 1454 3755 1561 3808; x_wconf 87' lang='grc' dir='ltr'><strong>τῶν</strong></span> <span class='ocrx_word' id='word_1_421' title='bbox 1613 3754 1914 3827; x_wconf 80' lang='grc' dir='ltr'>ἀνθρώπων</span> 
     </span>
    </p>
   </div>
   <div class='ocr_carea' id='block_1_56' title="bbox 325 3844 1913 3918">
    <p class='ocr_par' dir='ltr' id='par_1_56' title="bbox 325 3844 1913 3918">
     <span class='ocr_line' id='line_1_56' title="bbox 325 3844 1913 3918; baseline 0.002 -21"><span class='ocrx_word' id='word_1_422' title='bbox 325 3844 509 3913; x_wconf 86' lang='grc' dir='ltr'>γένος,</span> <span class='ocrx_word' id='word_1_423' title='bbox 542 3844 604 3897; x_wconf 84' lang='grc' dir='ltr'><strong>τὸ</strong></span> <span class='ocrx_word' id='word_1_424' title='bbox 645 3844 814 3898; x_wconf 87' lang='grc' dir='ltr'>πάλαι</span> <span class='ocrx_word' id='word_1_425' title='bbox 860 3845 1128 3917; x_wconf 84' lang='grc' dir='ltr'>πρότερον</span> <span class='ocrx_word' id='word_1_426' title='bbox 1176 3846 1487 3918; x_wconf 84' lang='grc' dir='ltr'>ὑποχείριον</span> <span class='ocrx_word' id='word_1_427' title='bbox 1531 3847 1641 3901; x_wconf 89' lang='grc' dir='ltr'><strong>τῶν</strong></span> <span class='ocrx_word' id='word_1_428' title='bbox 1672 3850 1913 3902; x_wconf 80' lang='grc' dir='ltr'>ἀντικει-</span> 
     </span>
    </p>
   </div>
   <div class='ocr_carea' id='block_1_57' title="bbox 326 3931 1912 4008">
    <p class='ocr_par' dir='ltr' id='par_1_57' title="bbox 326 3931 1912 4008">
     <span class='ocr_line' id='line_1_57' title="bbox 326 3931 1912 4008; baseline 0.001 -18"><span class='ocrx_word' id='word_1_429' title='bbox 326 3936 509 4008; x_wconf 81' lang='grc' dir='ltr'>μένων</span> <span class='ocrx_word' id='word_1_430' title='bbox 551 3936 835 4005; x_wconf 87' lang='grc' dir='ltr'>δυνάμεων</span> <span class='ocrx_word' id='word_1_431' title='bbox 868 3937 1264 4007; x_wconf 80' lang='grc' dir='ltr'>γεγενημένον·</span> <span class='ocrx_word' id='word_1_432' title='bbox 1295 3931 1369 3991; x_wconf 85' lang='grc' dir='ltr'>ὧν</span> <span class='ocrx_word' id='word_1_433' title='bbox 1402 3938 1833 4004; x_wconf 86' lang='grc' dir='ltr'>ἀπελασθεισῶν,</span> <span class='ocrx_word' id='word_1_434' title='bbox 1864 3943 1912 3993; x_wconf 87' lang='grc' dir='ltr'>οἱ</span> 
     </span>
    </p>
   </div>
   <div class='ocr_carea' id='block_1_58' title="bbox 320 4029 1915 4103">
    <p class='ocr_par' dir='ltr' id='par_1_58' title="bbox 320 4029 1915 4103">
     <span class='ocr_line' id='line_1_58' title="bbox 320 4029 1915 4103; baseline 0.001 -17"><span class='ocrx_word' id='word_1_435' title='bbox 320 4030 422 4086; x_wconf 85' lang='grc' dir='ltr'><strong>τοῦ</strong></span> <span class='ocrx_word' id='word_1_436' title='bbox 454 4030 704 4101; x_wconf 77' lang='grc' dir='ltr'>Σωτῆρος</span> <span class='ocrx_word' id='word_1_437' title='bbox 728 4029 885 4101; x_wconf 82' lang='grc' dir='ltr'>ἡμῶν</span> <span class='ocrx_word' id='word_1_438' title='bbox 910 4029 1147 4101; x_wconf 79' lang='grc' dir='ltr'>μαθηταὶ</span> <span class='ocrx_word' id='word_1_439' title='bbox 1173 4031 1267 4085; x_wconf 73' lang='lat' dir='ltr'><strong>ml.</strong></span> <span class='ocrx_word' id='word_1_440' title='bbox 1296 4032 1602 4097; x_wconf 84' lang='grc' dir='ltr'>ἀπόστολοι,</span> <span class='ocrx_word' id='word_1_441' title='bbox 1633 4036 1727 4086; x_wconf 78' lang='grc' dir='ltr'><strong>καὶ</strong></span> <span class='ocrx_word' id='word_1_442' title='bbox 1759 4034 1915 4103; x_wconf 82' lang='grc' dir='ltr'>εὐαγ-</span> 
     </span>
    </p>
   </div>
   <div class='ocr_carea' id='block_1_59' title="bbox 321 4123 1911 4195">
    <p class='ocr_par' dir='ltr' id='par_1_59' title="bbox 321 4123 1911 4195">
     <span class='ocr_line' id='line_1_59' title="bbox 321 4123 1911 4195; baseline -0.001 -14"><span class='ocrx_word' id='word_1_443' title='bbox 321 4123 609 4194; x_wconf 74' lang='grc' dir='ltr'>γελισταὶ,</span> <span class='ocrx_word' id='word_1_444' title='bbox 640 4125 675 4194; x_wconf 83' lang='grc' dir='ltr'>ἦ</span> <span class='ocrx_word' id='word_1_445' title='bbox 720 4141 781 4177; x_wconf 92' lang='grc' dir='ltr'><strong>τε</strong></span> <span class='ocrx_word' id='word_1_446' title='bbox 826 4123 985 4195; x_wconf 84' lang='grc' dir='ltr'>λοιπὴ</span> <span class='ocrx_word' id='word_1_447' title='bbox 1040 4124 1203 4178; x_wconf 81' lang='grc' dir='ltr'>αὑτοῦ</span> <span class='ocrx_word' id='word_1_448' title='bbox 1260 4125 1550 4195; x_wconf 84' lang='grc' dir='ltr'>στρατεία,</span> <span class='ocrx_word' id='word_1_449' title='bbox 1599 4126 1697 4189; x_wconf 82' lang='grc' dir='ltr'><strong>τάς</strong></span> <span class='ocrx_word' id='word_1_450' title='bbox 1746 4127 1911 4180; x_wconf 82' lang='grc' dir='ltr'>πάλαι</span> 
     </span>
    </p>
   </div>
   <div class='ocr_carea' id='block_1_60' title="bbox 324 4216 1913 4293">
    <p class='ocr_par' dir='ltr' id='par_1_60' title="bbox 324 4216 1913 4293">
     <span class='ocr_line' id='line_1_60' title="bbox 324 4216 1913 4293; baseline 0.001 -21"><span class='ocrx_word' id='word_1_451' title='bbox 324 4217 598 4289; x_wconf 79' lang='grc' dir='ltr'>πρότερον</span> <span class='ocrx_word' id='word_1_452' title='bbox 636 4216 1038 4287; x_wconf 86' lang='grc' dir='ltr'>ὲσκυλευμένας</span> <span class='ocrx_word' id='word_1_453' title='bbox 1064 4216 1262 4287; x_wconf 75' lang='grc' dir='ltr'>ψυχάς,</span> <span class='ocrx_word' id='word_1_454' title='bbox 1297 4218 1484 4290; x_wconf 81' lang='grc' dir='ltr'>κτῆμα</span> <span class='ocrx_word' id='word_1_455' title='bbox 1518 4220 1647 4273; x_wconf 81' lang='grc' dir='ltr'>ἴδιον</span> <span class='ocrx_word' id='word_1_456' title='bbox 1686 4221 1913 4293; x_wconf 83' lang='grc' dir='ltr'>ποιησά-</span> 
     </span>
    </p>
   </div>
   <div class='ocr_carea' id='block_1_61' title="bbox 325 4307 1913 4381">
    <p class='ocr_par' dir='ltr' id='par_1_61' title="bbox 325 4307 1913 4381">
     <span class='ocr_line' id='line_1_61' title="bbox 325 4307 1913 4381; baseline 0.001 -19"><span class='ocrx_word' id='word_1_457' title='bbox 325 4327 514 4381; x_wconf 85' lang='grc' dir='ltr'>μενοι,</span> <span class='ocrx_word' id='word_1_458' title='bbox 565 4308 902 4380; x_wconf 85' lang='grc' dir='ltr'>διενείμαντο</span> <span class='ocrx_word' id='word_1_459' title='bbox 958 4309 1037 4372; x_wconf 80' lang='grc' dir='ltr'>εἰς</span> <span class='ocrx_word' id='word_1_460' title='bbox 1083 4308 1364 4378; x_wconf 86' lang='grc' dir='ltr'>ἀλλήλους.</span> <span class='ocrx_word' id='word_1_461' title='bbox 1412 4308 1625 4374; x_wconf 84' lang='grc' dir='ltr'>Παῦλος</span> <span class='ocrx_word' id='word_1_462' title='bbox 1672 4311 1769 4380; x_wconf 79' lang='grc' dir='ltr'><strong>μὲν</strong></span> <span class='ocrx_word' id='word_1_463' title='bbox 1820 4307 1913 4364; x_wconf 81' lang='grc' dir='ltr'>οὖν</span> 
     </span>
    </p>
   </div>
   <div class='ocr_carea' id='block_1_62' title="bbox 319 4400 1911 4474">
    <p class='ocr_par' dir='ltr' id='par_1_62' title="bbox 319 4400 1911 4474">
     <span class='ocr_line' id='line_1_62' title="bbox 319 4400 1911 4474; baseline 0 -18"><span class='ocrx_word' id='word_1_464' title='bbox 319 4403 435 4456; x_wconf 81' lang='grc' dir='ltr'><strong>ἀπὸ</strong></span> <span class='ocrx_word' id='word_1_465' title='bbox 493 4400 847 4474; x_wconf 82' lang='grc' dir='ltr'>Ἰερουσαλὴμ</span> <span class='ocrx_word' id='word_1_466' title='bbox 897 4400 989 4454; x_wconf 76' lang='grc' dir='ltr'><strong>καὶ</strong></span> <span class='ocrx_word' id='word_1_467' title='bbox 1038 4400 1222 4471; x_wconf 84' lang='grc' dir='ltr'>κύκλῳ</span> <span class='ocrx_word' id='word_1_468' title='bbox 1268 4400 1428 4471; x_wconf 88' lang='grc' dir='ltr'>μέχρι</span> <span class='ocrx_word' id='word_1_469' title='bbox 1466 4401 1560 4454; x_wconf 90' lang='grc' dir='ltr'><strong>τοῦ</strong></span> <span class='ocrx_word' id='word_1_470' title='bbox 1618 4401 1911 4474; x_wconf 83' lang='grc' dir='ltr'>Ἰλλυρικοῦ</span> 
     </span>
    </p>
   </div>
   <div class='ocr_carea' id='block_1_63' title="bbox 319 4490 1914 4564">
    <p class='ocr_par' dir='ltr' id='par_1_63' title="bbox 319 4490 1914 4564">
     <span class='ocr_line' id='line_1_63' title="bbox 319 4490 1914 4564; baseline -0.001 -17"><span class='ocrx_word' id='word_1_471' title='bbox 319 4493 395 4547; x_wconf 84' lang='grc' dir='ltr'><strong>τά</strong></span> <span class='ocrx_word' id='word_1_472' title='bbox 426 4492 486 4558; x_wconf 79' lang='grc' dir='ltr'>ἐξ</span> <span class='ocrx_word' id='word_1_473' title='bbox 516 4493 685 4546; x_wconf 77' lang='grc' dir='ltr'>ἐθνῶν</span> <span class='ocrx_word' id='word_1_474' title='bbox 718 4490 1017 4564; x_wconf 79' lang='grc' dir='ltr'>ἐκληροῦτο</span> <span class='ocrx_word' id='word_1_475' title='bbox 1048 4491 1240 4546; x_wconf 66' lang='grc' dir='ltr'>σκύλων</span> <span class='ocrx_word' id='word_1_476' title='bbox 1265 4492 1472 4564; x_wconf 80' lang='grc' dir='ltr'>Πέτρος</span> <span class='ocrx_word' id='word_1_477' title='bbox 1514 4493 1572 4546; x_wconf 86' lang='grc' dir='ltr'><strong>δὲ</strong></span> <span class='ocrx_word' id='word_1_478' title='bbox 1603 4493 1763 4548; x_wconf 85' lang='grc' dir='ltr'>πάλιν</span> <span class='ocrx_word' id='word_1_479' title='bbox 1796 4494 1914 4547; x_wconf 79' lang='grc' dir='ltr'>ἐτέ-</span> 
     </span>
    </p>
   </div>
   <div class='ocr_carea' id='block_1_64' title="bbox 2029 1981 3617 2056">
    <p class='ocr_par' dir='ltr' id='par_1_64' title="bbox 2029 1981 3617 2056">
     <span class='ocr_line' id='line_1_64' title="bbox 2029 1981 3617 2056; baseline 0.003 -22"><span class='ocrx_word' id='word_1_480' title='bbox 2029 1981 2124 2035; x_wconf 63' lang='lat' dir='ltr'><strong>ria:</strong></span> <span class='ocrx_word' id='word_1_481' title='bbox 2160 1989 2269 2035; x_wconf 65' lang='lat' dir='ltr'><strong>tum</strong></span> <span class='ocrx_word' id='word_1_482' title='bbox 2298 1981 2371 2046; x_wconf 62' lang='lat'><strong>’3;</strong></span> <span class='ocrx_word' id='word_1_483' title='bbox 2408 2001 2427 2033; x_wconf 81' lang='grc'>›</span> <span class='ocrx_word' id='word_1_484' title='bbox 2465 1997 2529 2037; x_wconf 88' lang='lat' dir='ltr'><strong>ac</strong></span> <span class='ocrx_word' id='word_1_485' title='bbox 2560 1999 2778 2038; x_wconf 88' lang='lat' dir='ltr'><strong>rursum</strong></span> <span class='ocrx_word' id='word_1_486' title='bbox 2808 2003 2821 2039; x_wconf 89' lang='lat'>:</span> <span class='ocrx_word' id='word_1_487' title='bbox 2868 2002 2888 2036; x_wconf 84' lang='grc'><strong>‹</strong></span> <span class='ocrx_word' id='word_1_488' title='bbox 2932 1985 3107 2041; x_wconf 88' lang='lat' dir='ltr'><strong>Unam</strong></span> <span class='ocrx_word' id='word_1_489' title='bbox 3150 1986 3275 2056; x_wconf 81' lang='lat' dir='ltr'><strong>petii</strong></span> <span class='ocrx_word' id='word_1_490' title='bbox 3303 2001 3332 2038; x_wconf 88' lang='lat' dir='ltr'><strong>a</strong></span> <span class='ocrx_word' id='word_1_491' title='bbox 3364 1984 3617 2048; x_wconf 87' lang='lat' dir='ltr'><strong>Domino.</strong></span> 
     </span>
    </p>
   </div>
   <div class='ocr_carea' id='block_1_65' title="bbox 2028 2070 3618 2141">
    <p class='ocr_par' dir='ltr' id='par_1_65' title="bbox 2028 2070 3618 2141">
     <span class='ocr_line' id='line_1_65' title="bbox 2028 2070 3618 2141; baseline 0.003 -18"><span class='ocrx_word' id='word_1_492' title='bbox 2028 2070 2169 2124; x_wconf 86' lang='lat' dir='ltr'><strong>bane</strong></span> <span class='ocrx_word' id='word_1_493' title='bbox 2193 2070 2490 2141; x_wconf 88' lang='lat' dir='ltr'><strong>requiram,</strong></span> <span class='ocrx_word' id='word_1_494' title='bbox 2517 2079 2576 2127; x_wconf 87' lang='lat' dir='ltr'><strong>ut</strong></span> <span class='ocrx_word' id='word_1_495' title='bbox 2605 2073 2903 2129; x_wconf 89' lang='lat' dir='ltr'><strong>inbabitem</strong></span> <span class='ocrx_word' id='word_1_496' title='bbox 2934 2076 2989 2129; x_wconf 91' lang='lat' dir='ltr'><strong>in</strong></span> <span class='ocrx_word' id='word_1_497' title='bbox 3016 2076 3179 2131; x_wconf 90' lang='lat' dir='ltr'><strong>domo</strong></span> <span class='ocrx_word' id='word_1_498' title='bbox 3210 2074 3618 2130; x_wconf 87' lang='lat' dir='ltr'><strong>Dominiomni-</strong></span> 
     </span>
    </p>
   </div>
   <div class='ocr_carea' id='block_1_66' title="bbox 2026 2161 3619 2238">
    <p class='ocr_par' dir='ltr' id='par_1_66' title="bbox 2026 2161 3619 2238">
     <span class='ocr_line' id='line_1_66' title="bbox 2026 2161 3619 2238; baseline 0.001 -22"><span class='ocrx_word' id='word_1_499' title='bbox 2026 2161 2129 2217; x_wconf 90' lang='lat' dir='ltr'><strong>bus</strong></span> <span class='ocrx_word' id='word_1_500' title='bbox 2148 2162 2343 2217; x_wconf 86' lang='lat' dir='ltr'><strong>diebus</strong></span> <span class='ocrx_word' id='word_1_501' title='bbox 2372 2165 2494 2218; x_wconf 60' lang='lat' dir='ltr'><strong>vita:</strong></span> <span class='ocrx_word' id='word_1_502' title='bbox 2527 2180 2658 2219; x_wconf 62' lang='lat' dir='ltr'><strong>mete</strong></span> <span class='ocrx_word' id='word_1_503' title='bbox 2683 2182 2697 2225; x_wconf 87' lang='lat'><strong>;</strong></span> <span class='ocrx_word' id='word_1_504' title='bbox 2720 2173 2778 2218; x_wconf 92' lang='lat' dir='ltr'><strong>ut</strong></span> <span class='ocrx_word' id='word_1_505' title='bbox 2815 2165 3026 2221; x_wconf 89' lang='lat' dir='ltr'><strong>videam</strong></span> <span class='ocrx_word' id='word_1_506' title='bbox 3046 2167 3381 2238; x_wconf 84' lang='lat' dir='ltr'><strong>voluptatem</strong></span> <span class='ocrx_word' id='word_1_507' title='bbox 3403 2165 3619 2221; x_wconf 83' lang='lat' dir='ltr'><strong>Domini</strong></span> 
     </span>
    </p>
   </div>
   <div class='ocr_carea' id='block_1_67' title="bbox 2025 2256 2936 2328">
    <p class='ocr_par' dir='ltr' id='par_1_67' title="bbox 2025 2256 2936 2328">
     <span class='ocr_line' id='line_1_67' title="bbox 2025 2256 2936 2328; baseline 0.004 -19"><span class='ocrx_word' id='word_1_508' title='bbox 2025 2262 2080 2309; x_wconf 94' lang='lat' dir='ltr'><strong>et</strong></span> <span class='ocrx_word' id='word_1_509' title='bbox 2113 2256 2331 2312; x_wconf 88' lang='lat' dir='ltr'><strong>visitem</strong></span> <span class='ocrx_word' id='word_1_510' title='bbox 2367 2258 2631 2328; x_wconf 89' lang='lat' dir='ltr'><strong>templum</strong></span> <span class='ocrx_word' id='word_1_511' title='bbox 2663 2259 2787 2328; x_wconf 84' lang='lat' dir='ltr'><strong>ejus</strong></span> <span class='ocrx_word' id='word_1_512' title='bbox 2813 2260 2879 2314; x_wconf 82' lang='lat'><strong>&quot;.</strong></span> <span class='ocrx_word' id='word_1_513' title='bbox 2916 2279 2936 2313; x_wconf 72' lang='grc' dir='ltr'><strong>ι</strong></span> 
     </span>
    </p>
   </div>
   <div class='ocr_carea' id='block_1_68' title="bbox 2097 2540 3614 2618">
    <p class='ocr_par' dir='ltr' id='par_1_68' title="bbox 2097 2540 3614 2618">
     <span class='ocr_line' id='line_1_68' title="bbox 2097 2540 3614 2618; baseline 0.006 -23"><span class='ocrx_word' id='word_1_514' title='bbox 2097 2540 2301 2597; x_wconf 87' lang='lat' dir='ltr'><strong>Sancta</strong></span> <span class='ocrx_word' id='word_1_515' title='bbox 2359 2551 2680 2599; x_wconf 88' lang='lat' dir='ltr'><strong>sanctorum</strong></span> <span class='ocrx_word' id='word_1_516' title='bbox 2738 2546 2926 2616; x_wconf 87' lang='lat' dir='ltr'><strong>itaque</strong></span> <span class='ocrx_word' id='word_1_517' title='bbox 2979 2554 3233 2616; x_wconf 76' lang='lat' dir='ltr'><strong>vo.uptas</strong></span> <span class='ocrx_word' id='word_1_518' title='bbox 3289 2562 3355 2601; x_wconf 86' lang='lat' dir='ltr'><strong>ac</strong></span> <span class='ocrx_word' id='word_1_519' title='bbox 3399 2550 3614 2618; x_wconf 81' lang='lat' dir='ltr'><strong>species</strong></span> 
     </span>
    </p>
   </div>
   <div class='ocr_carea' id='block_1_69' title="bbox 2024 2632 3613 2707">
    <p class='ocr_par' dir='ltr' id='par_1_69' title="bbox 2024 2632 3613 2707">
     <span class='ocr_line' id='line_1_69' title="bbox 2024 2632 3613 2707; baseline 0.005 -20"><span class='ocrx_word' id='word_1_520' title='bbox 2024 2632 2221 2689; x_wconf 87' lang='lat' dir='ltr'><strong>domus</strong></span> <span class='ocrx_word' id='word_1_521' title='bbox 2252 2633 2345 2689; x_wconf 89' lang='lat' dir='ltr'><strong>Dei</strong></span> <span class='ocrx_word' id='word_1_522' title='bbox 2382 2634 2604 2690; x_wconf 89' lang='lat' dir='ltr'><strong>fuerint.</strong></span> <span class='ocrx_word' id='word_1_523' title='bbox 2638 2635 2703 2691; x_wconf 82' lang='lat' dir='ltr'><strong>lli</strong></span> <span class='ocrx_word' id='word_1_524' title='bbox 2739 2651 2907 2707; x_wconf 90' lang='lat' dir='ltr'><strong>porro</strong></span> <span class='ocrx_word' id='word_1_525' title='bbox 2941 2647 3069 2693; x_wconf 93' lang='lat' dir='ltr'><strong>sunt</strong></span> <span class='ocrx_word' id='word_1_526' title='bbox 3101 2639 3362 2695; x_wconf 66' lang='lat' dir='ltr'><strong>Ecclesiae</strong></span> <span class='ocrx_word' id='word_1_527' title='bbox 3404 2639 3497 2695; x_wconf 88' lang='lat' dir='ltr'><strong>Dei</strong></span> <span class='ocrx_word' id='word_1_528' title='bbox 3523 2657 3613 2695; x_wconf 86' lang='lat' dir='ltr'><strong>or-</strong></span> 
     </span>
    </p>
   </div>
   <div class='ocr_carea' id='block_1_70' title="bbox 2023 2725 3611 2799">
    <p class='ocr_par' dir='ltr' id='par_1_70' title="bbox 2023 2725 3611 2799">
     <span class='ocr_line' id='line_1_70' title="bbox 2023 2725 3611 2799; baseline 0.004 -19"><span class='ocrx_word' id='word_1_529' title='bbox 2023 2725 2200 2788; x_wconf 85' lang='lat' dir='ltr'><strong>dines,</strong></span> <span class='ocrx_word' id='word_1_530' title='bbox 2252 2727 2637 2797; x_wconf 89' lang='lat' dir='ltr'><strong>temperantia,</strong></span> <span class='ocrx_word' id='word_1_531' title='bbox 2697 2730 2953 2785; x_wconf 88' lang='lat' dir='ltr'><strong>castitate</strong></span> <span class='ocrx_word' id='word_1_532' title='bbox 2983 2770 2997 2792; x_wconf 91' lang='lat'><strong>,</strong></span> <span class='ocrx_word' id='word_1_533' title='bbox 3042 2730 3257 2799; x_wconf 90' lang='lat' dir='ltr'><strong>justitia</strong></span> <span class='ocrx_word' id='word_1_534' title='bbox 3306 2740 3360 2785; x_wconf 91' lang='lat' dir='ltr'><strong>et</strong></span> <span class='ocrx_word' id='word_1_535' title='bbox 3396 2734 3611 2786; x_wconf 69' lang='lat' dir='ltr'><strong>eteteris</strong></span> 
     </span>
    </p>
   </div>
   <div class='ocr_carea' id='block_1_71' title="bbox 2024 2817 3609 2893">
    <p class='ocr_par' dir='ltr' id='par_1_71' title="bbox 2024 2817 3609 2893">
     <span class='ocr_line' id='line_1_71' title="bbox 2024 2817 3609 2893; baseline 0.004 -25"><span class='ocrx_word' id='word_1_536' title='bbox 2024 2817 2322 2874; x_wconf 79' lang='lat' dir='ltr'><strong>virtutibus</strong></span> <span class='ocrx_word' id='word_1_537' title='bbox 2354 2819 2649 2889; x_wconf 85' lang='lat' dir='ltr'><strong>fulgentes.</strong></span> <span class='ocrx_word' id='word_1_538' title='bbox 2683 2819 2762 2873; x_wconf 84' lang='lat' dir='ltr'><strong>Ad</strong></span> <span class='ocrx_word' id='word_1_539' title='bbox 2798 2822 2962 2875; x_wconf 87' lang='lat' dir='ltr'><strong>talem</strong></span> <span class='ocrx_word' id='word_1_540' title='bbox 2998 2837 3129 2893; x_wconf 86' lang='lat' dir='ltr'><strong>ergo</strong></span> <span class='ocrx_word' id='word_1_541' title='bbox 3170 2823 3404 2892; x_wconf 91' lang='lat' dir='ltr'><strong>speciem</strong></span> <span class='ocrx_word' id='word_1_542' title='bbox 3436 2823 3609 2892; x_wconf 82' lang='lat' dir='ltr'><strong>spolia</strong></span> 
     </span>
    </p>
   </div>
   <div class='ocr_carea' id='block_1_72' title="bbox 2024 2909 3612 2971">
    <p class='ocr_par' dir='ltr' id='par_1_72' title="bbox 2024 2909 3612 2971">
     <span class='ocr_line' id='line_1_72' title="bbox 2024 2909 3612 2971; baseline 0.003 -7"><span class='ocrx_word' id='word_1_543' title='bbox 2024 2909 2269 2966; x_wconf 81' lang='lat' dir='ltr'><strong>dividere</strong></span> <span class='ocrx_word' id='word_1_544' title='bbox 2295 2926 2391 2966; x_wconf 78' lang='lat' dir='ltr'><strong>rex</strong></span> <span class='ocrx_word' id='word_1_545' title='bbox 2418 2913 2683 2967; x_wconf 85' lang='lat' dir='ltr'><strong>virtutum</strong></span> <span class='ocrx_word' id='word_1_546' title='bbox 2709 2913 2979 2968; x_wconf 90' lang='lat' dir='ltr'><strong>militibus</strong></span> <span class='ocrx_word' id='word_1_547' title='bbox 3008 2915 3124 2969; x_wconf 91' lang='lat' dir='ltr'><strong>suis</strong></span> <span class='ocrx_word' id='word_1_548' title='bbox 3153 2916 3447 2970; x_wconf 87' lang='lat' dir='ltr'><strong>concessit.</strong></span> <span class='ocrx_word' id='word_1_549' title='bbox 3478 2915 3612 2971; x_wconf 86' lang='lat' dir='ltr'><strong>Ver-</strong></span> 
     </span>
    </p>
   </div>
   <div class='ocr_carea' id='block_1_73' title="bbox 2025 3002 3611 3074">
    <p class='ocr_par' dir='ltr' id='par_1_73' title="bbox 2025 3002 3611 3074">
     <span class='ocr_line' id='line_1_73' title="bbox 2025 3002 3611 3074; baseline 0.004 -17"><span class='ocrx_word' id='word_1_550' title='bbox 2025 3002 2103 3057; x_wconf 89' lang='lat' dir='ltr'><strong>sis</strong></span> <span class='ocrx_word' id='word_1_551' title='bbox 2136 3003 2280 3057; x_wconf 89' lang='lat' dir='ltr'><strong>enim</strong></span> <span class='ocrx_word' id='word_1_552' title='bbox 2340 3010 2395 3057; x_wconf 85' lang='lat' dir='ltr'><strong>et</strong></span> <span class='ocrx_word' id='word_1_553' title='bbox 2442 3002 2645 3074; x_wconf 78' lang='lat' dir='ltr'><strong>fugatis</strong></span> <span class='ocrx_word' id='word_1_554' title='bbox 2700 3005 2962 3070; x_wconf 90' lang='lat' dir='ltr'><strong>inimicis,</strong></span> <span class='ocrx_word' id='word_1_555' title='bbox 3007 3009 3240 3063; x_wconf 84' lang='lat' dir='ltr'><strong>occultis</strong></span> <span class='ocrx_word' id='word_1_556' title='bbox 3273 3009 3521 3065; x_wconf 85' lang='lat' dir='ltr'><strong>videlicet</strong></span> <span class='ocrx_word' id='word_1_557' title='bbox 3555 3017 3611 3064; x_wconf 84' lang='lat' dir='ltr'><strong>et</strong></span> 
     </span>
    </p>
   </div>
   <div class='ocr_carea' id='block_1_74' title="bbox 2024 3093 3579 3169">
    <p class='ocr_par' dir='ltr' id='par_1_74' title="bbox 2024 3093 3579 3169">
     <span class='ocr_line' id='line_1_74' title="bbox 2024 3093 3579 3169; baseline 0.005 -21"><span class='ocrx_word' id='word_1_558' title='bbox 2024 3093 2396 3150; x_wconf 89' lang='lat' dir='ltr'><strong>invisibilibus</strong></span> <span class='ocrx_word' id='word_1_559' title='bbox 2427 3096 2746 3161; x_wconf 85' lang='lat' dir='ltr'><strong>virtutibus,</strong></span> <span class='ocrx_word' id='word_1_560' title='bbox 2773 3096 2839 3151; x_wconf 91' lang='lat' dir='ltr'><strong>de</strong></span> <span class='ocrx_word' id='word_1_561' title='bbox 2867 3098 3070 3167; x_wconf 90' lang='lat' dir='ltr'><strong>quibus</strong></span> <span class='ocrx_word' id='word_1_562' title='bbox 3113 3100 3365 3169; x_wconf 86' lang='lat' dir='ltr'><strong>superius</strong></span> <span class='ocrx_word' id='word_1_563' title='bbox 3388 3100 3579 3155; x_wconf 85' lang='lat' dir='ltr'><strong>diceba</strong></span> 
     </span>
    </p>
   </div>
   <div class='ocr_carea' id='block_1_75' title="bbox 2026 3186 3605 3263">
    <p class='ocr_par' dir='ltr' id='par_1_75' title="bbox 2026 3186 3605 3263">
     <span class='ocr_line' id='line_1_75' title="bbox 2026 3186 3605 3263; baseline 0.006 -23"><span class='ocrx_word' id='word_1_564' title='bbox 2026 3196 2116 3241; x_wconf 91' lang='lat' dir='ltr'><strong>tur</strong></span> <span class='ocrx_word' id='word_1_565' title='bbox 2145 3206 2157 3240; x_wconf 90' lang='lat'><strong>:</strong></span> <span class='ocrx_word' id='word_1_566' title='bbox 2192 3206 2210 3239; x_wconf 76' lang='grc' dir='ltr'><strong>ι</strong></span> <span class='ocrx_word' id='word_1_567' title='bbox 2249 3186 2522 3259; x_wconf 84' lang='lat' dir='ltr'><strong>Exsurgat</strong></span> <span class='ocrx_word' id='word_1_568' title='bbox 2556 3187 2723 3251; x_wconf 91' lang='lat' dir='ltr'><strong>Deus,</strong></span> <span class='ocrx_word' id='word_1_569' title='bbox 2753 3197 2807 3243; x_wconf 91' lang='lat' dir='ltr'><strong>et</strong></span> <span class='ocrx_word' id='word_1_570' title='bbox 2838 3189 3182 3261; x_wconf 89' lang='lat' dir='ltr'><strong>dissipentur</strong></span> <span class='ocrx_word' id='word_1_571' title='bbox 3216 3192 3420 3247; x_wconf 89' lang='lat' dir='ltr'><strong>inimici</strong></span> <span class='ocrx_word' id='word_1_572' title='bbox 3463 3194 3605 3263; x_wconf 88' lang='lat' dir='ltr'><strong>ejus.</strong></span> 
     </span>
    </p>
   </div>
   <div class='ocr_carea' id='block_1_76' title="bbox 1945 3247 3603 3354">
    <p class='ocr_par' dir='ltr' id='par_1_76' title="bbox 1945 3247 3603 3354">
     <span class='ocr_line' id='line_1_76' title="bbox 1945 3247 3603 3354; baseline 0.004 -24"><span class='ocrx_word' id='word_1_573' title='bbox 1945 3247 1987 3303; x_wconf 60' lang='grc' dir='ltr'><strong>θ</strong></span> <span class='ocrx_word' id='word_1_574' title='bbox 2021 3278 2233 3348; x_wconf 85' lang='lat' dir='ltr'><strong>fugiant</strong></span> <span class='ocrx_word' id='word_1_575' title='bbox 2291 3293 2484 3334; x_wconf 91' lang='lat' dir='ltr'><strong>omnes</strong></span> <span class='ocrx_word' id='word_1_576' title='bbox 2524 3280 2617 3349; x_wconf 91' lang='lat' dir='ltr'><strong>qui</strong></span> <span class='ocrx_word' id='word_1_577' title='bbox 2660 3280 2893 3335; x_wconf 89' lang='lat' dir='ltr'><strong>oderunt</strong></span> <span class='ocrx_word' id='word_1_578' title='bbox 2949 3298 3073 3337; x_wconf 91' lang='lat' dir='ltr'><strong>eum</strong></span> <span class='ocrx_word' id='word_1_579' title='bbox 3127 3298 3156 3337; x_wconf 86' lang='lat' dir='ltr'><strong>a</strong></span> <span class='ocrx_word' id='word_1_580' title='bbox 3198 3282 3336 3339; x_wconf 91' lang='lat' dir='ltr'><strong>facie</strong></span> <span class='ocrx_word' id='word_1_581' title='bbox 3382 3284 3538 3354; x_wconf 87' lang='lat' dir='ltr'><strong>ejus;</strong></span> <span class='ocrx_word' id='word_1_582' title='bbox 3581 3305 3603 3337; x_wconf 70' lang='grc' dir='ltr'><strong>ι</strong></span> 
     </span>
    </p>
   </div>
   <div class='ocr_carea' id='block_1_77' title="bbox 2019 3371 3607 3444">
    <p class='ocr_par' dir='ltr' id='par_1_77' title="bbox 2019 3371 3607 3444">
     <span class='ocr_line' id='line_1_77' title="bbox 2019 3371 3607 3444; baseline 0.005 -20"><span class='ocrx_word' id='word_1_583' title='bbox 2019 3371 2245 3426; x_wconf 88' lang='lat' dir='ltr'><strong>victoris</strong></span> <span class='ocrx_word' id='word_1_584' title='bbox 2276 3371 2421 3440; x_wconf 88' lang='lat' dir='ltr'><strong>regis</strong></span> <span class='ocrx_word' id='word_1_585' title='bbox 2455 3372 2658 3429; x_wconf 88' lang='lat' dir='ltr'><strong>milites</strong></span> <span class='ocrx_word' id='word_1_586' title='bbox 2694 3374 2866 3444; x_wconf 89' lang='lat' dir='ltr'><strong>spolia</strong></span> <span class='ocrx_word' id='word_1_587' title='bbox 2910 3390 3099 3429; x_wconf 89' lang='lat' dir='ltr'><strong>eorum</strong></span> <span class='ocrx_word' id='word_1_588' title='bbox 3152 3376 3294 3431; x_wconf 88' lang='lat' dir='ltr'><strong>inter</strong></span> <span class='ocrx_word' id='word_1_589' title='bbox 3330 3392 3388 3432; x_wconf 88' lang='lat' dir='ltr'><strong>se</strong></span> <span class='ocrx_word' id='word_1_590' title='bbox 3418 3377 3607 3432; x_wconf 82' lang='lat' dir='ltr'><strong>distri—</strong></span> 
     </span>
    </p>
   </div>
   <div class='ocr_carea' id='block_1_78' title="bbox 2015 3464 3607 3541">
    <p class='ocr_par' dir='ltr' id='par_1_78' title="bbox 2015 3464 3607 3541">
     <span class='ocr_line' id='line_1_78' title="bbox 2015 3464 3607 3541; baseline 0.004 -22"><span class='ocrx_word' id='word_1_591' title='bbox 2015 3464 2277 3520; x_wconf 87' lang='lat' dir='ltr'><strong>buerunt.</strong></span> <span class='ocrx_word' id='word_1_592' title='bbox 2312 3464 2497 3536; x_wconf 88' lang='lat' dir='ltr'><strong>Spolia</strong></span> <span class='ocrx_word' id='word_1_593' title='bbox 2531 3475 2714 3523; x_wconf 86' lang='lat' dir='ltr'><strong>autem</strong></span> <span class='ocrx_word' id='word_1_594' title='bbox 2759 3483 2859 3524; x_wconf 89' lang='lat' dir='ltr'><strong>nos</strong></span> <span class='ocrx_word' id='word_1_595' title='bbox 2889 3484 3153 3537; x_wconf 89' lang='lat' dir='ltr'><strong>eramus;</strong></span> <span class='ocrx_word' id='word_1_596' title='bbox 3187 3479 3471 3541; x_wconf 88' lang='lat' dir='ltr'><strong>totumque</strong></span> <span class='ocrx_word' id='word_1_597' title='bbox 3505 3472 3607 3526; x_wconf 77' lang='lat' dir='ltr'><strong>bo-</strong></span> 
     </span>
    </p>
   </div>
   <div class='ocr_carea' id='block_1_79' title="bbox 2016 3558 3606 3628">
    <p class='ocr_par' dir='ltr' id='par_1_79' title="bbox 2016 3558 3606 3628">
     <span class='ocr_line' id='line_1_79' title="bbox 2016 3558 3606 3628; baseline 0.006 -18"><span class='ocrx_word' id='word_1_598' title='bbox 2016 3558 2226 3611; x_wconf 89' lang='lat' dir='ltr'><strong>minum</strong></span> <span class='ocrx_word' id='word_1_599' title='bbox 2278 3574 2474 3628; x_wconf 82' lang='lat' dir='ltr'><strong>genus,</strong></span> <span class='ocrx_word' id='word_1_600' title='bbox 2511 3561 2642 3615; x_wconf 92' lang='lat' dir='ltr'><strong>olim</strong></span> <span class='ocrx_word' id='word_1_601' title='bbox 2694 3560 3033 3617; x_wconf 84' lang='lat' dir='ltr'><strong>adversariis</strong></span> <span class='ocrx_word' id='word_1_602' title='bbox 3076 3564 3375 3619; x_wconf 80' lang='lat' dir='ltr'><strong>virtutibus</strong></span> <span class='ocrx_word' id='word_1_603' title='bbox 3421 3564 3606 3619; x_wconf 82' lang='lat' dir='ltr'><strong>subdi-</strong></span> 
     </span>
    </p>
   </div>
   <div class='ocr_carea' id='block_1_80' title="bbox 2016 3650 3604 3728">
    <p class='ocr_par' dir='ltr' id='par_1_80' title="bbox 2016 3650 3604 3728">
     <span class='ocr_line' id='line_1_80' title="bbox 2016 3650 3604 3728; baseline 0.007 -26"><span class='ocrx_word' id='word_1_604' title='bbox 2016 3656 2154 3704; x_wconf 88' lang='lat' dir='ltr'><strong>tum.</strong></span> <span class='ocrx_word' id='word_1_605' title='bbox 2188 3650 2402 3716; x_wconf 84' lang='lat' dir='ltr'><strong>Quibus</strong></span> <span class='ocrx_word' id='word_1_606' title='bbox 2450 3653 2687 3721; x_wconf 89' lang='lat' dir='ltr'><strong>repulsis</strong></span> <span class='ocrx_word' id='word_1_607' title='bbox 2738 3652 3039 3711; x_wconf 85' lang='lat' dir='ltr'><strong>Salvatoris</strong></span> <span class='ocrx_word' id='word_1_608' title='bbox 3088 3657 3260 3712; x_wconf 79' lang='lat' dir='ltr'><strong>nostri</strong></span> <span class='ocrx_word' id='word_1_609' title='bbox 3323 3657 3604 3728; x_wconf 86' lang='lat' dir='ltr'><strong>discipuli,</strong></span> 
     </span>
    </p>
   </div>
   <div class='ocr_carea' id='block_1_81' title="bbox 2017 3745 3607 3818">
    <p class='ocr_par' dir='ltr' id='par_1_81' title="bbox 2017 3745 3607 3818">
     <span class='ocr_line' id='line_1_81' title="bbox 2017 3745 3607 3818; baseline 0.008 -23"><span class='ocrx_word' id='word_1_610' title='bbox 2017 3745 2249 3812; x_wconf 86' lang='lat' dir='ltr'><strong>apostoli</strong></span> <span class='ocrx_word' id='word_1_611' title='bbox 2291 3753 2345 3799; x_wconf 90' lang='lat' dir='ltr'><strong>et</strong></span> <span class='ocrx_word' id='word_1_612' title='bbox 2371 3747 2741 3813; x_wconf 64' lang='lat' dir='ltr'><strong>evangelistm,</strong></span> <span class='ocrx_word' id='word_1_613' title='bbox 2777 3754 2831 3801; x_wconf 88' lang='lat' dir='ltr'><strong>et</strong></span> <span class='ocrx_word' id='word_1_614' title='bbox 2881 3748 3127 3818; x_wconf 91' lang='lat' dir='ltr'><strong>reliquus</strong></span> <span class='ocrx_word' id='word_1_615' title='bbox 3165 3749 3285 3817; x_wconf 91' lang='lat' dir='ltr'><strong>ejus</strong></span> <span class='ocrx_word' id='word_1_616' title='bbox 3328 3752 3607 3807; x_wconf 80' lang='lat' dir='ltr'><strong>exercitus</strong></span> 
     </span>
    </p>
   </div>
   <div class='ocr_carea' id='block_1_82' title="bbox 2017 3837 3600 3914">
    <p class='ocr_par' dir='ltr' id='par_1_82' title="bbox 2017 3837 3600 3914">
     <span class='ocr_line' id='line_1_82' title="bbox 2017 3837 3600 3914; baseline 0.007 -26"><span class='ocrx_word' id='word_1_617' title='bbox 2017 3837 2254 3901; x_wconf 89' lang='lat' dir='ltr'><strong>animas,</strong></span> <span class='ocrx_word' id='word_1_618' title='bbox 2289 3853 2411 3907; x_wconf 84' lang='lat' dir='ltr'><strong>quae</strong></span> <span class='ocrx_word' id='word_1_619' title='bbox 2441 3839 2569 3892; x_wconf 90' lang='lat' dir='ltr'><strong>olim</strong></span> <span class='ocrx_word' id='word_1_620' title='bbox 2598 3848 2769 3910; x_wconf 76' lang='lat' dir='ltr'><strong>rapta:</strong></span> <span class='ocrx_word' id='word_1_621' title='bbox 2800 3839 3041 3905; x_wconf 89' lang='lat' dir='ltr'><strong>fuerant,</strong></span> <span class='ocrx_word' id='word_1_622' title='bbox 3072 3843 3229 3912; x_wconf 89' lang='lat' dir='ltr'><strong>quasi</strong></span> <span class='ocrx_word' id='word_1_623' title='bbox 3270 3843 3323 3897; x_wconf 93' lang='lat' dir='ltr'><strong>in</strong></span> <span class='ocrx_word' id='word_1_624' title='bbox 3355 3853 3600 3914; x_wconf 89' lang='lat' dir='ltr'><strong>potesta-</strong></span> 
     </span>
    </p>
   </div>
   <div class='ocr_carea' id='block_1_83' title="bbox 2014 3927 3604 3997">
    <p class='ocr_par' dir='ltr' id='par_1_83' title="bbox 2014 3927 3604 3997">
     <span class='ocr_line' id='line_1_83' title="bbox 2014 3927 3604 3997; baseline 0.008 -18"><span class='ocrx_word' id='word_1_625' title='bbox 2014 3934 2125 3981; x_wconf 90' lang='lat' dir='ltr'><strong>tem</strong></span> <span class='ocrx_word' id='word_1_626' title='bbox 2153 3935 2207 3981; x_wconf 90' lang='lat' dir='ltr'><strong>et</strong></span> <span class='ocrx_word' id='word_1_627' title='bbox 2241 3927 2503 3983; x_wconf 87' lang='lat' dir='ltr'><strong>ditionem</strong></span> <span class='ocrx_word' id='word_1_628' title='bbox 2553 3945 2708 3984; x_wconf 87' lang='lat' dir='ltr'><strong>suam</strong></span> <span class='ocrx_word' id='word_1_629' title='bbox 2753 3931 3025 3997; x_wconf 84' lang='lat' dir='ltr'><strong>redactas,</strong></span> <span class='ocrx_word' id='word_1_630' title='bbox 3054 3934 3195 3988; x_wconf 88' lang='lat' dir='ltr'><strong>inter</strong></span> <span class='ocrx_word' id='word_1_631' title='bbox 3216 3949 3276 3989; x_wconf 90' lang='lat' dir='ltr'><strong>se</strong></span> <span class='ocrx_word' id='word_1_632' title='bbox 3304 3935 3604 3991; x_wconf 87' lang='lat' dir='ltr'><strong>distribue-</strong></span> 
     </span>
    </p>
   </div>
   <div class='ocr_carea' id='block_1_84' title="bbox 2015 4018 3603 4092">
    <p class='ocr_par' dir='ltr' id='par_1_84' title="bbox 2015 4018 3603 4092">
     <span class='ocr_line' id='line_1_84' title="bbox 2015 4018 3603 4092; baseline 0.006 -19"><span class='ocrx_word' id='word_1_633' title='bbox 2015 4027 2163 4074; x_wconf 86' lang='lat' dir='ltr'><strong>runt.</strong></span> <span class='ocrx_word' id='word_1_634' title='bbox 2194 4018 2398 4075; x_wconf 89' lang='lat' dir='ltr'><strong>Paulus</strong></span> <span class='ocrx_word' id='word_1_635' title='bbox 2429 4021 2699 4092; x_wconf 88' lang='lat' dir='ltr'><strong>siquidem</strong></span> <span class='ocrx_word' id='word_1_636' title='bbox 2722 4023 2791 4077; x_wconf 88' lang='lat' dir='ltr'><strong>ab</strong></span> <span class='ocrx_word' id='word_1_637' title='bbox 2818 4022 3123 4080; x_wconf 85' lang='lat' dir='ltr'><strong>Jerusalem</strong></span> <span class='ocrx_word' id='word_1_638' title='bbox 3155 4034 3209 4081; x_wconf 90' lang='lat' dir='ltr'><strong>et</strong></span> <span class='ocrx_word' id='word_1_639' title='bbox 3244 4027 3439 4082; x_wconf 90' lang='lat' dir='ltr'><strong>vicinis</strong></span> <span class='ocrx_word' id='word_1_640' title='bbox 3466 4027 3603 4083; x_wconf 87' lang='lat' dir='ltr'><strong>locis</strong></span> 
     </span>
    </p>
   </div>
   <div class='ocr_carea' id='block_1_85' title="bbox 2016 4112 3598 4187">
    <p class='ocr_par' dir='ltr' id='par_1_85' title="bbox 2016 4112 3598 4187">
     <span class='ocr_line' id='line_1_85' title="bbox 2016 4112 3598 4187; baseline 0.005 -22"><span class='ocrx_word' id='word_1_641' title='bbox 2016 4128 2190 4182; x_wconf 87' lang='lat' dir='ltr'><strong>usque</strong></span> <span class='ocrx_word' id='word_1_642' title='bbox 2244 4112 2313 4166; x_wconf 87' lang='lat' dir='ltr'><strong>ad</strong></span> <span class='ocrx_word' id='word_1_643' title='bbox 2366 4113 2663 4185; x_wconf 82' lang='lat' dir='ltr'><strong>lllyricum,</strong></span> <span class='ocrx_word' id='word_1_644' title='bbox 2692 4116 2935 4185; x_wconf 89' lang='lat' dir='ltr'><strong>gentium</strong></span> <span class='ocrx_word' id='word_1_645' title='bbox 2982 4117 3157 4187; x_wconf 89' lang='lat' dir='ltr'><strong>spolia</strong></span> <span class='ocrx_word' id='word_1_646' title='bbox 3204 4119 3433 4173; x_wconf 88' lang='lat' dir='ltr'><strong>sortitus</strong></span> <span class='ocrx_word' id='word_1_647' title='bbox 3465 4127 3598 4174; x_wconf 90' lang='lat' dir='ltr'><strong>est:</strong></span> 
     </span>
    </p>
   </div>
   <div class='ocr_carea' id='block_1_86' title="bbox 2014 4204 3603 4284">
    <p class='ocr_par' dir='ltr' id='par_1_86' title="bbox 2014 4204 3603 4284">
     <span class='ocr_line' id='line_1_86' title="bbox 2014 4204 3603 4284; baseline 0.004 -25"><span class='ocrx_word' id='word_1_648' title='bbox 2014 4204 2211 4262; x_wconf 87' lang='lat' dir='ltr'><strong>Petrus</strong></span> <span class='ocrx_word' id='word_1_649' title='bbox 2250 4208 2377 4260; x_wconf 90' lang='lat' dir='ltr'><strong>item</strong></span> <span class='ocrx_word' id='word_1_650' title='bbox 2410 4208 2640 4262; x_wconf 88' lang='lat' dir='ltr'><strong>aliarum</strong></span> <span class='ocrx_word' id='word_1_651' title='bbox 2667 4211 2934 4279; x_wconf 87' lang='lat' dir='ltr'><strong>gentium,</strong></span> <span class='ocrx_word' id='word_1_652' title='bbox 2966 4209 3207 4266; x_wconf 88' lang='lat' dir='ltr'><strong>Joannes</strong></span> <span class='ocrx_word' id='word_1_653' title='bbox 3235 4212 3439 4284; x_wconf 89' lang='lat' dir='ltr'><strong>pariter</strong></span> <span class='ocrx_word' id='word_1_654' title='bbox 3472 4213 3603 4265; x_wconf 89' lang='lat' dir='ltr'><strong>alia-</strong></span> 
     </span>
    </p>
   </div>
   <div class='ocr_carea' id='block_1_87' title="bbox 2013 4299 3600 4374">
    <p class='ocr_par' dir='ltr' id='par_1_87' title="bbox 2013 4299 3600 4374">
     <span class='ocr_line' id='line_1_87' title="bbox 2013 4299 3600 4374; baseline 0.004 -22"><span class='ocrx_word' id='word_1_655' title='bbox 2013 4313 2159 4361; x_wconf 88' lang='lat' dir='ltr'><strong>rum,</strong></span> <span class='ocrx_word' id='word_1_656' title='bbox 2187 4313 2253 4353; x_wconf 81' lang='lat' dir='ltr'><strong>cx</strong></span> <span class='ocrx_word' id='word_1_657' title='bbox 2286 4299 2511 4368; x_wconf 85' lang='lat' dir='ltr'><strong>reliquis</strong></span> <span class='ocrx_word' id='word_1_658' title='bbox 2542 4303 2807 4371; x_wconf 86' lang='lat' dir='ltr'><strong>apostolis</strong></span> <span class='ocrx_word' id='word_1_659' title='bbox 2841 4303 3042 4374; x_wconf 81' lang='lat' dir='ltr'><strong>singuli</strong></span> <span class='ocrx_word' id='word_1_660' title='bbox 3083 4303 3312 4359; x_wconf 89' lang='lat' dir='ltr'><strong>aliarum</strong></span> <span class='ocrx_word' id='word_1_661' title='bbox 3347 4306 3600 4360; x_wconf 85' lang='lat' dir='ltr'><strong>similiter</strong></span> 
     </span>
    </p>
   </div>
   <div class='ocr_carea' id='block_1_88' title="bbox 2014 4392 3600 4469">
    <p class='ocr_par' dir='ltr' id='par_1_88' title="bbox 2014 4392 3600 4469">
     <span class='ocr_line' id='line_1_88' title="bbox 2014 4392 3600 4469; baseline 0.006 -24"><span class='ocrx_word' id='word_1_662' title='bbox 2014 4392 2260 4462; x_wconf 78' lang='lat' dir='ltr'><strong>gentium</strong></span> <span class='ocrx_word' id='word_1_663' title='bbox 2291 4393 2469 4462; x_wconf 88' lang='lat' dir='ltr'><strong>spolia</strong></span> <span class='ocrx_word' id='word_1_664' title='bbox 2496 4394 2805 4451; x_wconf 87' lang='lat' dir='ltr'><strong>obtinuere.</strong></span> <span class='ocrx_word' id='word_1_665' title='bbox 2848 4395 2923 4451; x_wconf 84' lang='lat' dir='ltr'><strong>Ex</strong></span> <span class='ocrx_word' id='word_1_666' title='bbox 2955 4398 3158 4468; x_wconf 91' lang='lat' dir='ltr'><strong>quibus</strong></span> <span class='ocrx_word' id='word_1_667' title='bbox 3195 4399 3385 4469; x_wconf 90' lang='lat' dir='ltr'><strong>spoliis</strong></span> <span class='ocrx_word' id='word_1_668' title='bbox 3414 4399 3600 4454; x_wconf 77' lang='lat' dir='ltr'><strong>excel-</strong></span> 
     </span>
    </p>
   </div>
   <div class='ocr_carea' id='block_1_89' title="bbox 2016 4483 3597 4561">
    <p class='ocr_par' dir='ltr' id='par_1_89' title="bbox 2016 4483 3597 4561">
     <span class='ocr_line' id='line_1_89' title="bbox 2016 4483 3597 4561; baseline 0.006 -25"><span class='ocrx_word' id='word_1_669' title='bbox 2016 4483 2249 4537; x_wconf 89' lang='lat' dir='ltr'><strong>lentiora</strong></span> <span class='ocrx_word' id='word_1_670' title='bbox 2279 4484 2503 4539; x_wconf 88' lang='lat' dir='ltr'><strong>donaria</strong></span> <span class='ocrx_word' id='word_1_671' title='bbox 2531 4485 2597 4539; x_wconf 89' lang='lat' dir='ltr'><strong>ad</strong></span> <span class='ocrx_word' id='word_1_672' title='bbox 2617 4488 2853 4557; x_wconf 84' lang='lat' dir='ltr'><strong>speciem</strong></span> <span class='ocrx_word' id='word_1_673' title='bbox 2876 4488 3073 4545; x_wconf 89' lang='lat' dir='ltr'><strong>domus</strong></span> <span class='ocrx_word' id='word_1_674' title='bbox 3104 4489 3196 4544; x_wconf 89' lang='lat' dir='ltr'><strong>Dei</strong></span> <span class='ocrx_word' id='word_1_675' title='bbox 3221 4499 3597 4561; x_wconf 87' lang='lat' dir='ltr'><strong>segregarunt.</strong></span> 
     </span>
    </p>
   </div>
   <div class='ocr_carea' id='block_1_90' title="bbox 320 4576 1920 4663">
    <p class='ocr_par' dir='ltr' id='par_1_90' title="bbox 320 4580 1909 4657">
     <span class='ocr_line' id='line_1_90' title="bbox 320 4580 1909 4657; baseline -0.003 -19"><span class='ocrx_word' id='word_1_676' title='bbox 320 4602 436 4657; x_wconf 85' lang='grc' dir='ltr'><strong>ρων</strong></span> <span class='ocrx_word' id='word_1_677' title='bbox 468 4583 639 4637; x_wconf 79' lang='grc' dir='ltr'>ἐθνῶν</span> <span class='ocrx_word' id='word_1_678' title='bbox 669 4581 763 4636; x_wconf 73' lang='grc' dir='ltr'><strong>καὶ</strong></span> <span class='ocrx_word' id='word_1_679' title='bbox 814 4581 1066 4650; x_wconf 86' lang='grc' dir='ltr'>Ἰωάννης</span> <span class='ocrx_word' id='word_1_680' title='bbox 1102 4580 1361 4645; x_wconf 85' lang='grc' dir='ltr'>ὡσαύτως</span> <span class='ocrx_word' id='word_1_681' title='bbox 1393 4580 1595 4653; x_wconf 79' lang='grc' dir='ltr'>ἑτέρων</span> <span class='ocrx_word' id='word_1_682' title='bbox 1614 4621 1629 4646; x_wconf 95' lang='grc'><strong>,</strong></span> <span class='ocrx_word' id='word_1_683' title='bbox 1673 4581 1767 4634; x_wconf 75' lang='grc' dir='ltr'>καὶ</span> <span class='ocrx_word' id='word_1_684' title='bbox 1800 4580 1909 4634; x_wconf 88' lang='grc' dir='ltr'><strong>τῶν</strong></span> 
     </span>
    </p>
   </div>
   <div class='ocr_carea' id='block_1_91' title="bbox 2021 4576 3601 4663">
    <p class='ocr_par' dir='ltr' id='par_1_91' title="bbox 2021 4576 3601 4650">
     <span class='ocr_line' id='line_1_91' title="bbox 2021 4576 3601 4650; baseline 0.006 -23"><span class='ocrx_word' id='word_1_685' title='bbox 2021 4576 2377 4640; x_wconf 72' lang='lat' dir='ltr'><strong>Quamobrem</strong></span> <span class='ocrx_word' id='word_1_686' title='bbox 2412 4578 2617 4633; x_wconf 89' lang='lat' dir='ltr'><strong>dictum</strong></span> <span class='ocrx_word' id='word_1_687' title='bbox 2647 4587 2765 4633; x_wconf 87' lang='lat' dir='ltr'><strong>est:</strong></span> <span class='ocrx_word' id='word_1_688' title='bbox 2808 4598 2826 4630; x_wconf 79' lang='grc' dir='ltr'><strong>ι</strong></span> <span class='ocrx_word' id='word_1_689' title='bbox 2865 4579 2929 4634; x_wconf 87' lang='lat' dir='ltr'><strong>Et</strong></span> <span class='ocrx_word' id='word_1_690' title='bbox 2969 4582 3170 4650; x_wconf 89' lang='lat' dir='ltr'><strong>speciei</strong></span> <span class='ocrx_word' id='word_1_691' title='bbox 3216 4581 3413 4636; x_wconf 87' lang='lat' dir='ltr'><strong>domus</strong></span> <span class='ocrx_word' id='word_1_692' title='bbox 3459 4581 3601 4636; x_wconf 87' lang='lat' dir='ltr'><strong>divi-</strong></span> 
     </span>
    </p>
   </div>
   <div class='ocr_carea' id='block_1_92' title="bbox 315 4666 1909 4745">
    <p class='ocr_par' dir='ltr' id='par_1_92' title="bbox 315 4666 1909 4745">
     <span class='ocr_line' id='line_1_92' title="bbox 315 4666 1909 4745; baseline -0.002 -15"><span class='ocrx_word' id='word_1_693' title='bbox 315 4675 528 4731; x_wconf 86' lang='grc' dir='ltr'>λοιπῶν</span> <span class='ocrx_word' id='word_1_694' title='bbox 573 4674 886 4729; x_wconf 67' lang='grc' dir='ltr'>ἀποστόλων</span> <span class='ocrx_word' id='word_1_695' title='bbox 928 4674 1158 4736; x_wconf 73' lang='grc' dir='ltr'>ἕκαστος</span> <span class='ocrx_word' id='word_1_696' title='bbox 1198 4674 1614 4745; x_wconf 77' lang='grc' dir='ltr'>παραπλησίως.</span> <span class='ocrx_word' id='word_1_697' title='bbox 1666 4674 1782 4744; x_wconf 85' lang='grc' dir='ltr'><strong>Ἀφ’</strong></span> <span class='ocrx_word' id='word_1_698' title='bbox 1834 4666 1909 4727; x_wconf 82' lang='grc' dir='ltr'>ὧν</span> 
     </span>
    </p>
   </div>
   <div class='ocr_carea' id='block_1_93' title="bbox 319 4764 1906 4838">
    <p class='ocr_par' dir='ltr' id='par_1_93' title="bbox 319 4764 1906 4838">
     <span class='ocr_line' id='line_1_93' title="bbox 319 4764 1906 4838; baseline -0.001 -17"><span class='ocrx_word' id='word_1_699' title='bbox 319 4766 537 4822; x_wconf 86' lang='grc' dir='ltr'>σκύλων</span> <span class='ocrx_word' id='word_1_700' title='bbox 580 4765 650 4820; x_wconf 89' lang='grc' dir='ltr'>τὰ</span> <span class='ocrx_word' id='word_1_701' title='bbox 693 4764 947 4838; x_wconf 76' lang='grc' dir='ltr'>ἐξαίρετα</span> <span class='ocrx_word' id='word_1_702' title='bbox 980 4766 1327 4836; x_wconf 84' lang='grc' dir='ltr'>ἀναθήματα,</span> <span class='ocrx_word' id='word_1_703' title='bbox 1368 4768 1448 4830; x_wconf 83' lang='grc' dir='ltr'><strong>είς</strong></span> <span class='ocrx_word' id='word_1_704' title='bbox 1478 4766 1788 4838; x_wconf 88' lang='grc' dir='ltr'>ὡραιότητα</span> <span class='ocrx_word' id='word_1_705' title='bbox 1812 4765 1906 4819; x_wconf 90' lang='grc' dir='ltr'><strong>τοῦ</strong></span> 
     </span>
    </p>
   </div>
   <div class='ocr_carea' id='block_1_94' title="bbox 315 4850 1905 4931">
    <p class='ocr_par' dir='ltr' id='par_1_94' title="bbox 315 4850 1905 4931">
     <span class='ocr_line' id='line_1_94' title="bbox 315 4850 1905 4931; baseline -0.002 -16"><span class='ocrx_word' id='word_1_706' title='bbox 315 4860 473 4915; x_wconf 78' lang='grc' dir='ltr'>οἴκου</span> <span class='ocrx_word' id='word_1_707' title='bbox 501 4859 594 4914; x_wconf 91' lang='grc' dir='ltr'><strong>τοῦ</strong></span> <span class='ocrx_word' id='word_1_708' title='bbox 620 4858 753 4913; x_wconf 87' lang='grc' dir='ltr'>Θεοῦ</span> <span class='ocrx_word' id='word_1_709' title='bbox 789 4858 1084 4930; x_wconf 75' lang='grc' dir='ltr'>άφὼριζον.</span> <span class='ocrx_word' id='word_1_710' title='bbox 1116 4850 1208 4910; x_wconf 65' lang='grc' dir='ltr'>Δίδ</span> <span class='ocrx_word' id='word_1_711' title='bbox 1236 4857 1503 4912; x_wconf 83' lang='grc' dir='ltr'>λέλεκται’</span> <span class='ocrx_word' id='word_1_712' title='bbox 1528 4878 1546 4911; x_wconf 82' lang='grc' dir='ltr'><strong>ι</strong></span> <span class='ocrx_word' id='word_1_713' title='bbox 1572 4859 1683 4911; x_wconf 72' lang='grc' dir='ltr'>Καὶ</span> <span class='ocrx_word' id='word_1_714' title='bbox 1704 4859 1905 4931; x_wconf 79' lang='grc' dir='ltr'>ὡραιό-</span> 
     </span>
    </p>
   </div>
   <div class='ocr_carea' id='block_1_95' title="bbox 314 4946 1907 5021">
    <p class='ocr_par' dir='ltr' id='par_1_95' title="bbox 314 4946 1907 5021">
     <span class='ocr_line' id='line_1_95' title="bbox 314 4946 1907 5021; baseline -0.002 -17"><span class='ocrx_word' id='word_1_715' title='bbox 314 4967 443 5021; x_wconf 83' lang='grc' dir='ltr'>τητι</span> <span class='ocrx_word' id='word_1_716' title='bbox 509 4948 602 5003; x_wconf 89' lang='grc' dir='ltr'><strong>τοῦ</strong></span> <span class='ocrx_word' id='word_1_717' title='bbox 653 4950 804 5002; x_wconf 73' lang='grc' dir='ltr'>οἴκου</span> <span class='ocrx_word' id='word_1_718' title='bbox 864 4946 1129 5003; x_wconf 83' lang='grc' dir='ltr'>διελέσθαι</span> <span class='ocrx_word' id='word_1_719' title='bbox 1180 4946 1371 5002; x_wconf 83' lang='grc' dir='ltr'>σκύλα.</span> <span class='ocrx_word' id='word_1_720' title='bbox 1422 4948 1546 5001; x_wconf 76' lang='grc' dir='ltr'><strong>Ἐάν</strong></span> <span class='ocrx_word' id='word_1_721' title='bbox 1606 4948 1907 5020; x_wconf 82' lang='grc' dir='ltr'>κοιμηθῆτε</span> 
     </span>
    </p>
   </div>
   <div class='ocr_carea' id='block_1_96' title="bbox 312 5040 1906 5112">
    <p class='ocr_par' dir='ltr' id='par_1_96' title="bbox 312 5040 1906 5112">
     <span class='ocr_line' id='line_1_96' title="bbox 312 5040 1906 5112; baseline -0.002 -15"><span class='ocrx_word' id='word_1_722' title='bbox 312 5043 423 5098; x_wconf 80' lang='grc' dir='ltr'>ἀνὰ</span> <span class='ocrx_word' id='word_1_723' title='bbox 473 5042 635 5112; x_wconf 86' lang='grc' dir='ltr'>μέσον</span> <span class='ocrx_word' id='word_1_724' title='bbox 667 5041 776 5094; x_wconf 89' lang='grc' dir='ltr'><strong>τῶν</strong></span> <span class='ocrx_word' id='word_1_725' title='bbox 808 5040 1024 5112; x_wconf 83' lang='grc' dir='ltr'>κλήρων</span> <span class='ocrx_word' id='word_1_726' title='bbox 1071 5040 1339 5112; x_wconf 76' lang='grc' dir='ltr'>πτέρυγες</span> <span class='ocrx_word' id='word_1_727' title='bbox 1384 5043 1713 5112; x_wconf 76' lang='grc' dir='ltr'>περιστερᾶς</span> <span class='ocrx_word' id='word_1_728' title='bbox 1748 5058 1906 5111; x_wconf 84' lang='grc' dir='ltr'>περι-</span> 
     </span>
    </p>
   </div>
   <div class='ocr_carea' id='block_1_97' title="bbox 311 5130 1908 5206">
    <p class='ocr_par' dir='ltr' id='par_1_97' title="bbox 311 5130 1908 5206">
     <span class='ocr_line' id='line_1_97' title="bbox 311 5130 1908 5206; baseline 0 -21"><span class='ocrx_word' id='word_1_729' title='bbox 311 5132 733 5206; x_wconf 84' lang='grc' dir='ltr'>ηργυρωμέναι,</span> <span class='ocrx_word' id='word_1_730' title='bbox 788 5134 882 5186; x_wconf 74' lang='grc' dir='ltr'><strong>καὶ</strong></span> <span class='ocrx_word' id='word_1_731' title='bbox 915 5133 984 5186; x_wconf 76' lang='grc' dir='ltr'>τὰ</span> <span class='ocrx_word' id='word_1_732' title='bbox 1033 5133 1348 5203; x_wconf 85' lang='grc' dir='ltr'>μετάφρενα</span> <span class='ocrx_word' id='word_1_733' title='bbox 1396 5132 1565 5203; x_wconf 82' lang='grc' dir='ltr'>αὐτῆς</span> <span class='ocrx_word' id='word_1_734' title='bbox 1592 5130 1657 5185; x_wconf 75' lang='grc' dir='ltr'>ἒν</span> <span class='ocrx_word' id='word_1_735' title='bbox 1703 5133 1908 5205; x_wconf 64' lang='grc' dir='ltr'>χλωρός</span> 
     </span>
    </p>
   </div>
   <div class='ocr_carea' id='block_1_98' title="bbox 309 5223 1907 5297">
    <p class='ocr_par' dir='ltr' id='par_1_98' title="bbox 309 5223 1907 5297">
     <span class='ocr_line' id='line_1_98' title="bbox 309 5223 1907 5297; baseline -0.001 -18"><span class='ocrx_word' id='word_1_736' title='bbox 309 5243 441 5295; x_wconf 81' lang='grc' dir='ltr'>τητι</span> <span class='ocrx_word' id='word_1_737' title='bbox 490 5226 734 5297; x_wconf 85' lang='grc' dir='ltr'>χρυσίου.</span> <span class='ocrx_word' id='word_1_738' title='bbox 790 5246 809 5277; x_wconf 71' lang='grc' dir='ltr'><strong>ι</strong></span> <span class='ocrx_word' id='word_1_739' title='bbox 859 5226 1257 5297; x_wconf 85' lang='grc' dir='ltr'>Μνημονεύσας</span> <span class='ocrx_word' id='word_1_740' title='bbox 1300 5228 1329 5278; x_wconf 87' lang='lat'><strong>6</strong></span> <span class='ocrx_word' id='word_1_741' title='bbox 1379 5224 1535 5293; x_wconf 86' lang='grc' dir='ltr'>λόγος</span> <span class='ocrx_word' id='word_1_742' title='bbox 1579 5223 1688 5278; x_wconf 89' lang='grc' dir='ltr'><strong>τῶν</strong></span> <span class='ocrx_word' id='word_1_743' title='bbox 1745 5226 1907 5294; x_wconf 80' lang='grc' dir='ltr'>εὐαγ-</span> 
     </span>
    </p>
   </div>
   <div class='ocr_carea' id='block_1_99' title="bbox 311 5315 1906 5389">
    <p class='ocr_par' dir='ltr' id='par_1_99' title="bbox 311 5315 1906 5389">
     <span class='ocr_line' id='line_1_99' title="bbox 311 5315 1906 5389; baseline -0.001 -18"><span class='ocrx_word' id='word_1_744' title='bbox 311 5317 681 5389; x_wconf 82' lang='grc' dir='ltr'>γελιζομένων</span> <span class='ocrx_word' id='word_1_745' title='bbox 726 5317 952 5389; x_wconf 88' lang='grc' dir='ltr'>δυνάμει</span> <span class='ocrx_word' id='word_1_746' title='bbox 999 5317 1167 5388; x_wconf 78' lang='grc' dir='ltr'>πολλῇ</span> <span class='ocrx_word' id='word_1_747' title='bbox 1222 5317 1315 5370; x_wconf 89' lang='grc' dir='ltr'><strong>τοῦ</strong></span> <span class='ocrx_word' id='word_1_748' title='bbox 1363 5333 1420 5370; x_wconf 87' lang='grc' dir='ltr'><strong>τε</strong></span> <span class='ocrx_word' id='word_1_749' title='bbox 1472 5315 1622 5369; x_wconf 75' lang='grc' dir='ltr'>οἴκου</span> <span class='ocrx_word' id='word_1_750' title='bbox 1664 5316 1759 5369; x_wconf 80' lang='grc' dir='ltr'><strong>καὶ</strong></span> <span class='ocrx_word' id='word_1_751' title='bbox 1806 5318 1906 5387; x_wconf 85' lang='grc' dir='ltr'>τῆς</span> 
     </span>
    </p>
   </div>
   <div class='ocr_carea' id='block_1_100' title="bbox 309 5406 1902 5483">
    <p class='ocr_par' dir='ltr' id='par_1_100' title="bbox 309 5406 1902 5483">
     <span class='ocr_line' id='line_1_100' title="bbox 309 5406 1902 5483; baseline -0.001 -21"><span class='ocrx_word' id='word_1_752' title='bbox 309 5409 653 5483; x_wconf 84' lang='grc' dir='ltr'>ὡραιότητος</span> <span class='ocrx_word' id='word_1_753' title='bbox 691 5409 878 5472; x_wconf 74' lang='grc' dir='ltr'>αὐτοῦ,</span> <span class='ocrx_word' id='word_1_754' title='bbox 924 5409 1003 5462; x_wconf 74' lang='grc' dir='ltr'>ἔτι</span> <span class='ocrx_word' id='word_1_755' title='bbox 1059 5408 1163 5480; x_wconf 82' lang='grc' dir='ltr'>μὴν</span> <span class='ocrx_word' id='word_1_756' title='bbox 1203 5410 1292 5461; x_wconf 75' lang='grc' dir='ltr'>καὶ</span> <span class='ocrx_word' id='word_1_757' title='bbox 1334 5407 1443 5460; x_wconf 87' lang='grc' dir='ltr'><strong>τῶν</strong></span> <span class='ocrx_word' id='word_1_758' title='bbox 1483 5409 1541 5460; x_wconf 82' lang='grc' dir='ltr'><strong>ἐν</strong></span> <span class='ocrx_word' id='word_1_759' title='bbox 1580 5406 1728 5477; x_wconf 82' lang='grc' dir='ltr'>αύτῷ</span> <span class='ocrx_word' id='word_1_760' title='bbox 1774 5407 1902 5461; x_wconf 86' lang='grc' dir='ltr'>σκύ-</span> 
     </span>
    </p>
   </div>
   <div class='ocr_carea' id='block_1_101' title="bbox 311 5492 1902 5571">
    <p class='ocr_par' dir='ltr' id='par_1_101' title="bbox 311 5492 1902 5571">
     <span class='ocr_line' id='line_1_101' title="bbox 311 5492 1902 5571; baseline 0 -20"><span class='ocrx_word' id='word_1_761' title='bbox 311 5500 454 5562; x_wconf 68' lang='grc' dir='ltr'>λων,</span> <span class='ocrx_word' id='word_1_762' title='bbox 513 5499 581 5553; x_wconf 83' lang='grc' dir='ltr'>δι’</span> <span class='ocrx_word' id='word_1_763' title='bbox 640 5492 715 5551; x_wconf 83' lang='grc' dir='ltr'>ὧν</span> <span class='ocrx_word' id='word_1_764' title='bbox 779 5499 1027 5571; x_wconf 72' lang='grc' dir='ltr'>ᾐνίττετο</span> <span class='ocrx_word' id='word_1_765' title='bbox 1080 5500 1178 5569; x_wconf 80' lang='grc' dir='ltr'><strong>τὴν</strong></span> <span class='ocrx_word' id='word_1_766' title='bbox 1241 5499 1566 5569; x_wconf 84' lang='grc' dir='ltr'>Ἐκκλησίαν</span> <span class='ocrx_word' id='word_1_767' title='bbox 1620 5498 1713 5552; x_wconf 90' lang='grc' dir='ltr'><strong>τοῦ</strong></span> <span class='ocrx_word' id='word_1_768' title='bbox 1768 5499 1902 5552; x_wconf 83' lang='grc' dir='ltr'>Θεοῦ</span> 
     </span>
    </p>
   </div>
   <div class='ocr_carea' id='block_1_102' title="bbox 314 5589 1904 5663">
    <p class='ocr_par' dir='ltr' id='par_1_102' title="bbox 314 5589 1904 5663">
     <span class='ocr_line' id='line_1_102' title="bbox 314 5589 1904 5663; baseline 0 -18"><span class='ocrx_word' id='word_1_769' title='bbox 314 5593 411 5645; x_wconf 69' lang='grc' dir='ltr'><strong>καὶ</strong></span> <span class='ocrx_word' id='word_1_770' title='bbox 466 5592 595 5656; x_wconf 78' lang='grc' dir='ltr'>τους</span> <span class='ocrx_word' id='word_1_771' title='bbox 646 5593 707 5644; x_wconf 74' lang='grc' dir='ltr'>ὲν</span> <span class='ocrx_word' id='word_1_772' title='bbox 762 5593 899 5663; x_wconf 83' lang='grc' dir='ltr'><strong>αὑτῇ</strong></span> <span class='ocrx_word' id='word_1_773' title='bbox 949 5591 1384 5663; x_wconf 79' lang='grc' dir='ltr'>διαπρέποντας’</span> <span class='ocrx_word' id='word_1_774' title='bbox 1449 5589 1757 5656; x_wconf 83' lang='grc' dir='ltr'>ἀκολούθως</span> <span class='ocrx_word' id='word_1_775' title='bbox 1814 5591 1904 5646; x_wconf 79' lang='grc' dir='ltr'>διὰ</span> 
     </span>
    </p>
   </div>
   <div class='ocr_carea' id='block_1_103' title="bbox 312 5683 1902 5757">
    <p class='ocr_par' dir='ltr' id='par_1_103' title="bbox 312 5683 1902 5757">
     <span class='ocr_line' id='line_1_103' title="bbox 312 5683 1902 5757; baseline 0.001 -20"><span class='ocrx_word' id='word_1_776' title='bbox 312 5684 424 5737; x_wconf 85' lang='grc' dir='ltr'><strong>τῶν</strong></span> <span class='ocrx_word' id='word_1_777' title='bbox 462 5683 604 5753; x_wconf 85' lang='grc' dir='ltr'>μετὰ</span> <span class='ocrx_word' id='word_1_778' title='bbox 635 5687 820 5756; x_wconf 79' lang='grc' dir='ltr'>χεῖρας</span> <span class='ocrx_word' id='word_1_779' title='bbox 853 5684 948 5738; x_wconf 74' lang='grc' dir='ltr'><strong>καὶ</strong></span> <span class='ocrx_word' id='word_1_780' title='bbox 985 5684 1093 5738; x_wconf 86' lang='grc' dir='ltr'><strong>τῶν</strong></span> <span class='ocrx_word' id='word_1_781' title='bbox 1137 5683 1508 5739; x_wconf 82' lang='grc' dir='ltr'>θεοπνεύστων</span> <span class='ocrx_word' id='word_1_782' title='bbox 1540 5685 1902 5757; x_wconf 76' lang='grc' dir='ltr'>ἀναγνωσμάο</span> 
     </span>
    </p>
   </div>
   <div class='ocr_carea' id='block_1_104' title="bbox 2017 4666 3596 4744">
    <p class='ocr_par' dir='ltr' id='par_1_104' title="bbox 2017 4666 3596 4744">
     <span class='ocr_line' id='line_1_104' title="bbox 2017 4666 3596 4744; baseline 0.004 -24"><span class='ocrx_word' id='word_1_783' title='bbox 2017 4666 2147 4721; x_wconf 89' lang='lat' dir='ltr'><strong>dere</strong></span> <span class='ocrx_word' id='word_1_784' title='bbox 2178 4667 2373 4738; x_wconf 89' lang='lat' dir='ltr'><strong>spolia.</strong></span> <span class='ocrx_word' id='word_1_785' title='bbox 2413 4668 2471 4723; x_wconf 88' lang='lat' dir='ltr'><strong>Si</strong></span> <span class='ocrx_word' id='word_1_786' title='bbox 2506 4670 2796 4725; x_wconf 87' lang='lat' dir='ltr'><strong>dormiatis</strong></span> <span class='ocrx_word' id='word_1_787' title='bbox 2839 4671 2983 4726; x_wconf 88' lang='lat' dir='ltr'><strong>inter</strong></span> <span class='ocrx_word' id='word_1_788' title='bbox 3013 4673 3225 4729; x_wconf 89' lang='lat' dir='ltr'><strong>medios</strong></span> <span class='ocrx_word' id='word_1_789' title='bbox 3257 4674 3437 4729; x_wconf 91' lang='lat' dir='ltr'><strong>cleros</strong></span> <span class='ocrx_word' id='word_1_790' title='bbox 3466 4690 3596 4744; x_wconf 86' lang='lat' dir='ltr'><strong>pen-</strong></span> 
     </span>
    </p>
   </div>
   <div class='ocr_carea' id='block_1_105' title="bbox 2016 4761 3599 4836">
    <p class='ocr_par' dir='ltr' id='par_1_105' title="bbox 2016 4761 3599 4836">
     <span class='ocr_line' id='line_1_105' title="bbox 2016 4761 3599 4836; baseline 0.004 -23"><span class='ocrx_word' id='word_1_791' title='bbox 2016 4775 2101 4815; x_wconf 75' lang='lat' dir='ltr'><strong>nae</strong></span> <span class='ocrx_word' id='word_1_792' title='bbox 2126 4761 2393 4815; x_wconf 76' lang='lat' dir='ltr'><strong>columba:</strong></span> <span class='ocrx_word' id='word_1_793' title='bbox 2413 4762 2797 4832; x_wconf 88' lang='lat' dir='ltr'><strong>deargentatae,</strong></span> <span class='ocrx_word' id='word_1_794' title='bbox 2827 4772 2879 4818; x_wconf 90' lang='lat' dir='ltr'><strong>et</strong></span> <span class='ocrx_word' id='word_1_795' title='bbox 2915 4765 3216 4834; x_wconf 87' lang='lat' dir='ltr'><strong>posteriora</strong></span> <span class='ocrx_word' id='word_1_796' title='bbox 3247 4764 3369 4833; x_wconf 90' lang='lat' dir='ltr'><strong>ejus</strong></span> <span class='ocrx_word' id='word_1_797' title='bbox 3397 4765 3451 4819; x_wconf 91' lang='lat' dir='ltr'><strong>in</strong></span> <span class='ocrx_word' id='word_1_798' title='bbox 3482 4766 3599 4836; x_wconf 86' lang='lat' dir='ltr'><strong>pal-</strong></span> 
     </span>
    </p>
   </div>
   <div class='ocr_carea' id='block_1_106' title="bbox 2015 4853 3596 4928">
    <p class='ocr_par' dir='ltr' id='par_1_106' title="bbox 2015 4853 3596 4928">
     <span class='ocr_line' id='line_1_106' title="bbox 2015 4853 3596 4928; baseline 0.004 -22"><span class='ocrx_word' id='word_1_799' title='bbox 2015 4853 2128 4909; x_wconf 92' lang='lat' dir='ltr'><strong>lore</strong></span> <span class='ocrx_word' id='word_1_800' title='bbox 2143 4854 2285 4910; x_wconf 89' lang='lat' dir='ltr'><strong>auri.</strong></span> <span class='ocrx_word' id='word_1_801' title='bbox 2305 4874 2324 4906; x_wconf 77' lang='grc'><strong>»</strong></span> <span class='ocrx_word' id='word_1_802' title='bbox 2346 4853 2641 4926; x_wconf 86' lang='lat' dir='ltr'><strong>Postquam</strong></span> <span class='ocrx_word' id='word_1_803' title='bbox 2681 4857 3167 4928; x_wconf 84' lang='lat' dir='ltr'><strong>evangelizantium</strong></span> <span class='ocrx_word' id='word_1_804' title='bbox 3195 4857 3396 4913; x_wconf 86' lang='lat' dir='ltr'><strong>virtute</strong></span> <span class='ocrx_word' id='word_1_805' title='bbox 3427 4859 3596 4914; x_wconf 83' lang='lat' dir='ltr'><strong>multa</strong></span> 
     </span>
    </p>
   </div>
   <div class='ocr_carea' id='block_1_107' title="bbox 2014 4946 3599 5021">
    <p class='ocr_par' dir='ltr' id='par_1_107' title="bbox 2014 4946 3599 5021">
     <span class='ocr_line' id='line_1_107' title="bbox 2014 4946 3599 5021; baseline 0.001 -19"><span class='ocrx_word' id='word_1_806' title='bbox 2014 4946 2323 5018; x_wconf 89' lang='lat' dir='ltr'><strong>domusque</strong></span> <span class='ocrx_word' id='word_1_807' title='bbox 2346 4963 2410 5002; x_wconf 88' lang='lat' dir='ltr'><strong>ac</strong></span> <span class='ocrx_word' id='word_1_808' title='bbox 2471 4948 2672 5018; x_wconf 86' lang='lat' dir='ltr'><strong>speciei</strong></span> <span class='ocrx_word' id='word_1_809' title='bbox 2710 4948 2853 5017; x_wconf 90' lang='lat' dir='ltr'><strong>ejus,</strong></span> <span class='ocrx_word' id='word_1_810' title='bbox 2887 4965 3101 5004; x_wconf 89' lang='lat' dir='ltr'><strong>necnon</strong></span> <span class='ocrx_word' id='word_1_811' title='bbox 3140 4950 3439 5018; x_wconf 88' lang='lat' dir='ltr'><strong>spoliorum</strong></span> <span class='ocrx_word' id='word_1_812' title='bbox 3475 4966 3599 5021; x_wconf 62' lang='lat' dir='ltr'><strong>qua:</strong></span> 
     </span>
    </p>
   </div>
   <div class='ocr_carea' id='block_1_108' title="bbox 2012 5038 3596 5115">
    <p class='ocr_par' dir='ltr' id='par_1_108' title="bbox 2012 5038 3596 5115">
     <span class='ocr_line' id='line_1_108' title="bbox 2012 5038 3596 5115; baseline 0.004 -22"><span class='ocrx_word' id='word_1_813' title='bbox 2012 5038 2069 5093; x_wconf 89' lang='lat' dir='ltr'><strong>in</strong></span> <span class='ocrx_word' id='word_1_814' title='bbox 2101 5039 2217 5109; x_wconf 89' lang='lat' dir='ltr'><strong>ipsa</strong></span> <span class='ocrx_word' id='word_1_815' title='bbox 2249 5047 2427 5105; x_wconf 87' lang='lat' dir='ltr'><strong>erant,</strong></span> <span class='ocrx_word' id='word_1_816' title='bbox 2458 5041 2617 5112; x_wconf 90' lang='lat' dir='ltr'><strong>queis</strong></span> <span class='ocrx_word' id='word_1_817' title='bbox 2659 5039 2901 5096; x_wconf 83' lang='lat' dir='ltr'><strong>Ecclesia</strong></span> <span class='ocrx_word' id='word_1_818' title='bbox 2943 5042 3034 5097; x_wconf 90' lang='lat' dir='ltr'><strong>Dei</strong></span> <span class='ocrx_word' id='word_1_819' title='bbox 3076 5050 3129 5098; x_wconf 87' lang='lat' dir='ltr'><strong>et</strong></span> <span class='ocrx_word' id='word_1_820' title='bbox 3161 5044 3197 5098; x_wconf 89' lang='lat' dir='ltr'><strong>ii</strong></span> <span class='ocrx_word' id='word_1_821' title='bbox 3237 5044 3331 5114; x_wconf 91' lang='lat' dir='ltr'><strong>qui</strong></span> <span class='ocrx_word' id='word_1_822' title='bbox 3376 5044 3432 5098; x_wconf 93' lang='lat' dir='ltr'><strong>in</strong></span> <span class='ocrx_word' id='word_1_823' title='bbox 3478 5044 3596 5115; x_wconf 87' lang='lat' dir='ltr'><strong>ipsa</strong></span> 
     </span>
    </p>
   </div>
   <div class='ocr_carea' id='block_1_109' title="bbox 2013 5132 3597 5204">
    <p class='ocr_par' dir='ltr' id='par_1_109' title="bbox 2013 5132 3597 5204">
     <span class='ocr_line' id='line_1_109' title="bbox 2013 5132 3597 5204; baseline 0.001 -17"><span class='ocrx_word' id='word_1_824' title='bbox 2013 5133 2298 5203; x_wconf 89' lang='lat' dir='ltr'><strong>conspicui</strong></span> <span class='ocrx_word' id='word_1_825' title='bbox 2330 5132 2481 5189; x_wconf 90' lang='lat' dir='ltr'><strong>fuere</strong></span> <span class='ocrx_word' id='word_1_826' title='bbox 2513 5134 3024 5201; x_wconf 88' lang='lat' dir='ltr'><strong>subindicabantur,</strong></span> <span class='ocrx_word' id='word_1_827' title='bbox 3064 5138 3270 5191; x_wconf 83' lang='lat' dir='ltr'><strong>mentio</strong></span> <span class='ocrx_word' id='word_1_828' title='bbox 3295 5136 3438 5192; x_wconf 87' lang='lat' dir='ltr'><strong>facta</strong></span> <span class='ocrx_word' id='word_1_829' title='bbox 3466 5144 3597 5204; x_wconf 80' lang='lat' dir='ltr'><strong>est;</strong></span> 
     </span>
    </p>
   </div>
   <div class='ocr_carea' id='block_1_110' title="bbox 2012 5227 3599 5299">
    <p class='ocr_par' dir='ltr' id='par_1_110' title="bbox 2012 5227 3599 5299">
     <span class='ocr_line' id='line_1_110' title="bbox 2012 5227 3599 5299; baseline 0.003 -21"><span class='ocrx_word' id='word_1_830' title='bbox 2012 5232 2418 5295; x_wconf 82' lang='lat' dir='ltr'><strong>consequenter</strong></span> <span class='ocrx_word' id='word_1_831' title='bbox 2443 5227 2497 5280; x_wconf 91' lang='lat' dir='ltr'><strong>in</strong></span> <span class='ocrx_word' id='word_1_832' title='bbox 2530 5227 2598 5283; x_wconf 92' lang='lat' dir='ltr'><strong>iis</strong></span> <span class='ocrx_word' id='word_1_833' title='bbox 2622 5243 2745 5298; x_wconf 61' lang='lat' dir='ltr'><strong>qua</strong></span> <span class='ocrx_word' id='word_1_834' title='bbox 2764 5227 2877 5299; x_wconf 89' lang='lat' dir='ltr'><strong>jam</strong></span> <span class='ocrx_word' id='word_1_835' title='bbox 2898 5236 3201 5285; x_wconf 89' lang='lat' dir='ltr'><strong>tractamus</strong></span> <span class='ocrx_word' id='word_1_836' title='bbox 3231 5228 3493 5284; x_wconf 87' lang='lat' dir='ltr'><strong>divinitus</strong></span> <span class='ocrx_word' id='word_1_837' title='bbox 3518 5229 3599 5283; x_wconf 84' lang='lat' dir='ltr'><strong>in-</strong></span> 
     </span>
    </p>
   </div>
   <div class='ocr_carea' id='block_1_111' title="bbox 2012 5318 3590 5393">
    <p class='ocr_par' dir='ltr' id='par_1_111' title="bbox 2012 5318 3590 5393">
     <span class='ocr_line' id='line_1_111' title="bbox 2012 5318 3590 5393; baseline 0.002 -19"><span class='ocrx_word' id='word_1_838' title='bbox 2012 5318 2251 5388; x_wconf 90' lang='lat' dir='ltr'><strong>spiratas</strong></span> <span class='ocrx_word' id='word_1_839' title='bbox 2280 5320 2543 5377; x_wconf 91' lang='lat' dir='ltr'><strong>lectiones</strong></span> <span class='ocrx_word' id='word_1_840' title='bbox 2567 5330 2982 5388; x_wconf 77' lang='lat' dir='ltr'><strong>commemorat,</strong></span> <span class='ocrx_word' id='word_1_841' title='bbox 3002 5338 3103 5377; x_wconf 89' lang='lat' dir='ltr'><strong>nos</strong></span> <span class='ocrx_word' id='word_1_842' title='bbox 3121 5323 3195 5376; x_wconf 85' lang='lat' dir='ltr'><strong>ita</strong></span> <span class='ocrx_word' id='word_1_843' title='bbox 3222 5323 3590 5393; x_wconf 86' lang='lat' dir='ltr'><strong>compellans:</strong></span> 
     </span>
    </p>
   </div>
   <div class='ocr_carea' id='block_1_112' title="bbox 2014 5408 3596 5478">
    <p class='ocr_par' dir='ltr' id='par_1_112' title="bbox 2014 5408 3596 5478">
     <span class='ocr_line' id='line_1_112' title="bbox 2014 5408 3596 5478; baseline 0.005 -17"><span class='ocrx_word' id='word_1_844' title='bbox 2014 5408 2102 5463; x_wconf 69' lang='lat' dir='ltr'><strong>uSi</strong></span> <span class='ocrx_word' id='word_1_845' title='bbox 2124 5410 2407 5467; x_wconf 88' lang='lat' dir='ltr'><strong>dormiatis</strong></span> <span class='ocrx_word' id='word_1_846' title='bbox 2424 5412 2565 5468; x_wconf 90' lang='lat' dir='ltr'><strong>inter</strong></span> <span class='ocrx_word' id='word_1_847' title='bbox 2592 5413 2799 5469; x_wconf 91' lang='lat' dir='ltr'><strong>medios</strong></span> <span class='ocrx_word' id='word_1_848' title='bbox 2815 5415 3042 5469; x_wconf 66' lang='lat' dir='ltr'><strong>cleros.»</strong></span> <span class='ocrx_word' id='word_1_849' title='bbox 3070 5414 3213 5469; x_wconf 84' lang='lat' dir='ltr'><strong>Cleri</strong></span> <span class='ocrx_word' id='word_1_850' title='bbox 3243 5422 3445 5478; x_wconf 89' lang='lat' dir='ltr'><strong>autem,</strong></span> <span class='ocrx_word' id='word_1_851' title='bbox 3479 5414 3596 5469; x_wconf 69' lang='lat' dir='ltr'><strong>sive</strong></span> 
     </span>
    </p>
   </div>
   <div class='ocr_carea' id='block_1_113' title="bbox 2007 5503 3591 5568">
    <p class='ocr_par' dir='ltr' id='par_1_113' title="bbox 2007 5503 3591 5568">
     <span class='ocr_line' id='line_1_113' title="bbox 2007 5503 3591 5568; baseline -0.001 -10"><span class='ocrx_word' id='word_1_852' title='bbox 2007 5503 2177 5561; x_wconf 86' lang='lat' dir='ltr'><strong>fortes</strong></span> <span class='ocrx_word' id='word_1_853' title='bbox 2208 5505 2484 5568; x_wconf 64' lang='lat' dir='ltr'><strong>Ecclesiae,</strong></span> <span class='ocrx_word' id='word_1_854' title='bbox 2522 5515 2651 5562; x_wconf 90' lang='lat' dir='ltr'><strong>sunt</strong></span> <span class='ocrx_word' id='word_1_855' title='bbox 2669 5506 2837 5563; x_wconf 82' lang='lat' dir='ltr'><strong>Vetus</strong></span> <span class='ocrx_word' id='word_1_856' title='bbox 2866 5516 2920 5562; x_wconf 93' lang='lat' dir='ltr'><strong>et</strong></span> <span class='ocrx_word' id='word_1_857' title='bbox 2948 5506 3157 5562; x_wconf 86' lang='lat' dir='ltr'><strong>Novum</strong></span> <span class='ocrx_word' id='word_1_858' title='bbox 3182 5505 3591 5561; x_wconf 87' lang='lat' dir='ltr'><strong>Testamentum</strong></span> 
     </span>
    </p>
   </div>
   <div class='ocr_carea' id='block_1_114' title="bbox 2007 5594 3595 5670">
    <p class='ocr_par' dir='ltr' id='par_1_114' title="bbox 2007 5594 3595 5670">
     <span class='ocr_line' id='line_1_114' title="bbox 2007 5594 3595 5670; baseline 0.001 -21"><span class='ocrx_word' id='word_1_859' title='bbox 2007 5594 2101 5650; x_wconf 90' lang='lat' dir='ltr'><strong>Dei</strong></span> <span class='ocrx_word' id='word_1_860' title='bbox 2138 5616 2151 5651; x_wconf 89' lang='lat'><strong>:</strong></span> <span class='ocrx_word' id='word_1_861' title='bbox 2188 5596 2473 5669; x_wconf 86' lang='lat' dir='ltr'><strong>docetque,</strong></span> <span class='ocrx_word' id='word_1_862' title='bbox 2519 5614 2615 5653; x_wconf 88' lang='lat' dir='ltr'><strong>eos</strong></span> <span class='ocrx_word' id='word_1_863' title='bbox 2659 5599 2750 5670; x_wconf 83' lang='lat' dir='ltr'><strong>qui</strong></span> <span class='ocrx_word' id='word_1_864' title='bbox 2786 5600 2839 5654; x_wconf 90' lang='lat' dir='ltr'><strong>in</strong></span> <span class='ocrx_word' id='word_1_865' title='bbox 2874 5598 3054 5655; x_wconf 90' lang='lat' dir='ltr'><strong>medio</strong></span> <span class='ocrx_word' id='word_1_866' title='bbox 3088 5614 3276 5654; x_wconf 85' lang='lat' dir='ltr'><strong>eorum</strong></span> <span class='ocrx_word' id='word_1_867' title='bbox 3306 5604 3595 5653; x_wconf 85' lang='lat' dir='ltr'><strong>versantur</strong></span> 
     </span>
    </p>
   </div>
   <div class='ocr_carea' id='block_1_115' title="bbox 2007 5691 3591 5764">
    <p class='ocr_par' dir='ltr' id='par_1_115' title="bbox 2007 5691 3591 5764">
     <span class='ocr_line' id='line_1_115' title="bbox 2007 5691 3591 5764; baseline 0.001 -22"><span class='ocrx_word' id='word_1_868' title='bbox 2007 5704 2215 5745; x_wconf 83' lang='lat' dir='ltr'><strong>Dcnuas</strong></span> <span class='ocrx_word' id='word_1_869' title='bbox 2244 5691 2512 5747; x_wconf 67' lang='lat' dir='ltr'><strong>columbae</strong></span> <span class='ocrx_word' id='word_1_870' title='bbox 2550 5692 2931 5764; x_wconf 82' lang='lat' dir='ltr'><strong>deargcntatas</strong></span> <span class='ocrx_word' id='word_1_871' title='bbox 2961 5692 3281 5749; x_wconf 83' lang='lat' dir='ltr'><strong>inventuros</strong></span> <span class='ocrx_word' id='word_1_872' title='bbox 3311 5704 3464 5759; x_wconf 84' lang='lat' dir='ltr'><strong>esse;</strong></span> <span class='ocrx_word' id='word_1_873' title='bbox 3494 5705 3591 5744; x_wconf 82' lang='lat' dir='ltr'><strong>cu-</strong></span> 
     </span>
    </p>
   </div>
   <div class='ocr_carea' id='block_1_116' title="bbox 390 5820 2258 5913">
    <p class='ocr_par' dir='ltr' id='par_1_116' title="bbox 390 5820 2258 5913">
     <span class='ocr_line' id='line_1_116' title="bbox 390 5820 2258 5913; baseline 0.003 -21"><span class='ocrx_word' id='word_1_874' title='bbox 390 5840 431 5870; x_wconf 83' lang='grc'>²⁷</span> <span class='ocrx_word' id='word_1_875' title='bbox 469 5837 657 5894; x_wconf 71' lang='lat' dir='ltr'><strong>Matth.</strong></span> <span class='ocrx_word' id='word_1_876' title='bbox 698 5856 777 5906; x_wconf 60' lang='lat' dir='ltr'><strong>Ill,</strong></span> <span class='ocrx_word' id='word_1_877' title='bbox 812 5839 915 5907; x_wconf 77' lang='lat' dir='ltr'><strong>i7;</strong></span> <span class='ocrx_word' id='word_1_878' title='bbox 953 5820 1083 5905; x_wconf 75' lang='lat' dir='ltr'><strong>xvn,</strong></span> <span class='ocrx_word' id='word_1_879' title='bbox 1116 5840 1166 5896; x_wconf 74' lang='grc' dir='ltr'><strong>ὅ.</strong></span> <span class='ocrx_word' id='word_1_880' title='bbox 1240 5839 1428 5898; x_wconf 72' lang='lat' dir='ltr'><strong>“Psal</strong></span> <span class='ocrx_word' id='word_1_881' title='bbox 1481 5858 1606 5907; x_wconf 70' lang='lat' dir='ltr'><strong>xxv,</strong></span> <span class='ocrx_word' id='word_1_882' title='bbox 1644 5842 1695 5897; x_wconf 88' lang='lat'><strong>8.</strong></span> <span class='ocrx_word' id='word_1_883' title='bbox 1778 5843 1819 5875; x_wconf 79' lang='lat'><strong>”</strong></span> <span class='ocrx_word' id='word_1_884' title='bbox 1841 5840 1985 5902; x_wconf 89' lang='lat' dir='ltr'><strong>Psal.</strong></span> <span class='ocrx_word' id='word_1_885' title='bbox 2024 5860 2172 5913; x_wconf 75' lang='lat' dir='ltr'><strong>xm,</strong></span> <span class='ocrx_word' id='word_1_886' title='bbox 2206 5845 2258 5899; x_wconf 73' lang='grc'><strong>4.</strong></span> 
     </span>
    </p>
   </div>
  </div>
