4068 6538
514 376 619 433 699

1208 374 1477 432 EUSEBII
1516 350 1997 433 CASSARIENSIS
2036 372 2187 431 OPP.
2230 372 2411 427 PARS
2452 371 2539 427 Ill.
2580 402 2650 413 ο-
2689 370 3100 429 EXEGETICA.

3690 375 3799 432 709

514 499 604 568 jus
636 497 899 551 columbae
952 495 1257 561 posteriora
1304 495 1437 548 dicit
1466 510 1588 549 esse
1616 494 1669 547 in
1701 495 1909 564 pallore
1956 494 2074 548 auri

2203 509 2312 545 των
2370 492 2470 563 τὴν
2524 492 2745 563 μνήμην
2804 492 3030 544 ποιεῖται
3081 491 3154 556 ὡς
3206 492 3341 564 πρὸς
3394 493 3543 563 ἡμᾶς

513 585 646 643 Nam
679 605 802 643 cum
838 588 1079 659 Spiritus
1111 595 1335 642 sanctus
1384 587 1636 641 columba
1667 601 1792 641 esse
1834 585 2102 656 intelliga-

512 686 626 741 tur,
647 694 768 748 quae
793 677 956 731 verba
985 676 1039 729 in
1067 674 1248 730 Veteri
1279 683 1327 730 et
1354 674 1506 729 Novo
1528 674 1880 731 Testamento
1911 675 2101 744 legun-

512 777 627 833 tur,
685 767 986 824 secundum
1020 766 1219 821 nudam
1250 774 1304 821 et
1331 766 1546 821 obviam
1576 766 1866 822 lectionem
1888 805 1903 829 ,
1940 760 2098 834 quasi

513 860 618 914 sub
650 860 752 915 alis
783 859 997 913 occulta
1022 865 1173 921 sunt,
1206 858 1330 925 alis,
1362 860 1605 928 inquam,
1639 857 1938 919 deauratis,
1970 855 2098 925 quia

510 953 727 1022 eloquia
778 953 993 1008 Domini
1041 960 1325 1024 argentum
1362 961 1487 1007 sunt
1534 952 1658 1021 igne
1703 950 2096 1012 examinatum,

511 1044 800 1115 probatum
828 1055 1008 1100 terrae.
1067 1044 1237 1100 Sensa
1272 1054 1453 1098 autem
1489 1044 1541 1098 iu
1568 1040 1841 1114 profundo
1865 1042 2101 1096 abscon-

509 1135 646 1197 dita,
701 1150 822 1204 qua:
869 1143 1183 1201 memorate
1228 1134 1515 1197 columbre,
1563 1133 1824 1187 nimirum
1859 1130 2098 1201 Spiritus

510 1226 712 1290 sancti,
746 1225 1143 1295 posterioribus
1174 1225 1561 1297 comparanda,
1594 1226 1650 1279 in
1673 1225 1881 1296 pallore
1902 1224 2097 1279 dicun-

510 1323 600 1369 tur
631 1330 777 1381 esse,
821 1317 948 1385 quia
974 1318 1246 1371 sententia
1277 1326 1330 1371 et
1358 1318 1653 1387 purissima
1690 1333 1845 1373 mens
1875 1318 1978 1373 sub
2013 1318 2096 1372 di-

508 1407 692 1461 ctione
724 1406 1045 1461 abscondita
1082 1408 1202 1461 auri
1241 1408 1415 1463 instar
1456 1408 1692 1478 effulget.
1750 1407 1955 1477 Hisque
1981 1423 2097 1461 rur-

509 1512 630 1551 sum
665 1513 766 1551 nos
795 1498 1086 1567 compellat
1110 1513 1323 1561 omnes,
1342 1498 1434 1567 qui
1466 1498 1521 1551 in
1554 1498 1718 1551 domo
1744 1496 1839 1553 Dei
1864 1513 2096 1569 congre-

509 1590 620 1658 gati
664 1604 878 1655 sumus,
924 1604 1062 1660 quos
1098 1590 1271 1660 spolia
1303 1590 1556 1661 superius
1578 1590 1932 1660 nuncupavit.
1983 1590 2092 1647 Pro

508 1680 605 1734 illo
634 1688 852 1746 autem,
904 1698 923 1730 ι
970 1680 1026 1734 Si
1062 1680 1368 1744 dormiatis,
1410 1698 1427 1731 ›
1471 1679 1833 1750 Symmachus
1882 1680 1961 1735 sic
1988 1680 2090 1734 ha-

506 1774 620 1835 bet,
681 1790 699 1823 ι
739 1771 795 1826 Si
821 1773 1129 1828 recideritis
1174 1774 1316 1827 inter
1361 1774 1559 1829 cleros.
1600 1792 1619 1824 ι
1665 1771 1797 1827 Nam
1827 1772 2088 1837 dormire,

2217 601 2237 635 ι
2259 582 2383 636 Ἐάν
2422 583 2724 654 κοιμηθῆτε
2768 582 2874 637 ἀνά
2911 582 3072 654 μέσον
3103 582 3211 636 τῶν
3257 583 3494 656 κλήρων.
3528 603 3547 636 ι
3584 567 3797 656 κλῆροι

2208 674 2264 727 δὲ
2307 675 2405 745 τῆς
2446 675 2771 744 Ἐκκλησίας
2802 675 2940 726 είς-ἰν
2982 674 3017 744 ἦ
3073 692 3133 727 τε
3184 674 3399 729 Παλαιὰ
3428 677 3521 729 καὶ
3555 678 3797 747 ήΚαινὴ

2207 764 2449 836 Διαθήκη
2478 764 2572 818 τοῦ
2597 764 2732 818 Θεοῦ
2750 782 2763 795 ο
2789 760 2864 817 ὧν
2892 765 3017 828 τούς
3040 766 3098 818 ἐν
3124 765 3275 836 μέσῳ
3300 766 3794 838 διαστρεφομένους

2206 851 2444 905 διδάσκει
2479 853 2755 925 πτέρυγας
2782 856 3110 925 περιστερᾶς
3141 856 3670 928 περιηργυρωμένας
3701 859 3795 910 εὐ-

2211 947 2424 1017 ρήσεινο
2460 942 2529 1019 ἦς
2560 950 2887 1020 περιστερᾶς
2920 949 2993 1001 τά»
3035 951 3347 1022 μετάφρενα
3387 947 3525 1004 εἶναι
3567 953 3625 1004 ὲν
3650 951 3794 1022 χλωσ

2209 1039 2397 1111 ρότητι
2422 1042 2666 1113 χρυσίου.
2703 1045 2809 1097 Τοῦ
2838 1044 2947 1117 γὰρ
2986 1046 3139 1114 ἁγίου
3180 1044 3499 1114 Πνεύματος
3537 1060 3790 1115 περιστε-

2210 1132 2306 1203 ρᾶς
2342 1134 2650 1205 νοουμένου,
2680 1137 2729 1188 οί
2763 1138 2819 1190 ὲν
2855 1138 3069 1208 Παλαιᾷ
3104 1137 3196 1188 καὶ
3226 1138 3403 1207 Καινῇ
3434 1134 3787 1206 λελαλημένοι

2205 1223 2375 1292 λόγοι,
2397 1225 2539 1278 κατὰ
2572 1228 2667 1297 μὲν
2703 1228 2800 1299 τὴν
2831 1228 3149 1281 ἐπιπόλαιον
3176 1227 3502 1295 ἀνάγνωσιν,
3528 1226 3785 1298 πτέρυξιν

2204 1315 2392 1385 ὥσπερ
2426 1317 2897 1390 ἐγκεκαλυμμένοι
2921 1318 3271 1388 τυγχάνουσι,
3302 1317 3396 1369 καὶ
3432 1315 3658 1388 πτέρυξι
3690 1334 3785 1369 πε-

2205 1407 2698 1480 ριηργυρωμέναις,
2745 1410 2931 1481 ἐπειδὴ
2972 1409 3041 1462 τὰ
3086 1408 3240 1477 λόγια
3272 1409 3479 1479 Κυρίου
3520 1408 3783 1480 ἀργύριόν

2202 1500 2320 1550 ἐστι
2344 1499 2757 1569 πεπυρωμένον,
2786 1500 3027 1571 δοκίμιον
3046 1502 3113 1571 τῇ
3136 1497 3310 1570 γῇητὰ
3331 1498 3386 1551 δὲ
3412 1498 3553 1552 κατὰ
3584 1498 3784 1569 βάθους

2200 1591 2625 1661 ὲγκεκρυμμένα
2651 1593 2917 1663 νοήματα,
2954 1593 3096 1665 άπερ
3130 1592 3272 1645 ἔοικε
3304 1592 3657 1662 μεταφρένοις
3681 1591 3779 1661 τῆς

2199 1679 2558 1752 ἀποδοθείσης
2591 1684 2943 1754 περιστερᾶς,
2977 1682 3177 1754 δηλαδὴ
3220 1681 3313 1735 τοῦ
3342 1683 3497 1751 ἁγίου
3527 1680 3773 1753 Πνεύμα-

2195 1789 2307 1835 τος,
2344 1773 2400 1824 ὲν
2433 1771 2735 1845 χλωρότητι
2762 1773 2980 1843 λέγεται
3009 1772 3168 1840 εἶναι,
3194 1775 3294 1847 τῆς
3324 1772 3786 1871 ὲγκεκρυμμένης.

505 1879 653 1919 nunc
680 1865 1022 1935 requiescere
1056 1866 1347 1935 significat.
1384 1865 1454 1919 lis
1479 1865 1644 1935 igitur
1677 1866 1770 1935 qui
1799 1880 2080 1921 sacrorum

2192 1866 2259 1935 τῇ
2304 1862 2447 1928 λέξει
2490 1863 2729 1928 διανοίας
2776 1866 2994 1919 καὶτοῦ
3035 1867 3421 1939 καθαρωτάτου
3451 1866 3540 1919 νοῦ
3571 1860 3773 1938 χρυσοῦ

502 1956 799 2011 verborum
825 1957 1203 2011 exercitationi
1234 1963 1447 2021 vacant,
1469 1957 1771 2012 hortatorio
1788 1956 1948 2012 modo
1970 1972 2093 2027 pro~

505 2048 744 2103 mittitur
776 2049 1082 2103 divinarum
1108 2048 1514 2120 Scripturarum
1548 2048 1756 2104 utilitas
1790 2069 1803 2104 :
1840 2063 1964 2103 nam
1996 2063 2086 2104 sa-

502 2156 723 2195 crarum
754 2141 1047 2196 lectionum
1083 2142 1248 2196 dictio
1280 2150 1507 2212 purgata
1540 2150 1625 2196 est
1655 2142 1829 2196 instar
1869 2142 2081 2213 argenti

504 2232 625 2301 igne
653 2234 971 2298 examinati,
1007 2236 1306 2290 secundum
1336 2234 1478 2289 hanc
1500 2236 1823 2289 sententiam
1858 2254 1869 2289 :
1911 2252 1929 2285 ‹
1953 2234 2078 2288 Elo-

501 2326 629 2390 quia
654 2323 866 2379 Domini
898 2326 1019 2397 igne
1049 2327 1356 2380 examinata
1384 2326 1428 2357 ³ο
1450 2344 1463 2392 ;
1489 2344 1508 2378 ι
1538 2341 1601 2379 ac
1630 2341 1848 2380 rursum
1879 2344 1892 2379 :
1921 2345 1939 2377 ι
1961 2326 2080 2380 Elo-

500 2416 628 2485 quia
670 2415 881 2470 Domini
913 2418 1126 2487 eloquia
1172 2426 1347 2482 casta,
1400 2425 1684 2486 argentum
1723 2417 1847 2486 igne
1874 2418 2079 2472 exami-

501 2513 714 2568 natum,
750 2504 1036 2574 probatum
1064 2514 1244 2569 terrae,
1278 2514 1568 2577 purgatum
1616 2506 1924 2576 septuplum
1953 2506 2018 2562 “.
2055 2525 2073 2558 ι

501 2596 785 2650 Sententia
819 2611 948 2651 vero
978 2598 1279 2668 spiritualis
1324 2605 1590 2669 praastans
1640 2606 1694 2653 et
1741 2598 1921 2670 magni
1958 2616 2081 2670 pre-

500 2689 558 2742 tii
594 2704 735 2753 esse,
787 2703 911 2743 cum
964 2690 1187 2758 dicitur,
1228 2709 1247 2742 ι
1282 2691 1340 2745 1η
1388 2692 1594 2763 pallore
1644 2690 1798 2756 auri,
1834 2710 1853 2743 ι
1894 2692 2078 2747 decla-

498 2788 669 2835 ratur.

2189 1956 2347 2028 δίκην
2380 1958 2887 2029 ἀπαστράπτοντος.
2915 1960 3098 2013 Ταῦτα
3130 1961 3187 2013 δὲ
3222 1962 3581 2029 άναφωνεῖται
3608 1960 3775 2013 πᾶσιν

2185 2049 2318 2119 ἡμῖν
2351 2052 2463 2113 τοῖς
2497 2051 2555 2102 ὲν
2586 2048 2663 2120 τῷ
2688 2048 2822 2120 οἴκῳ
2851 2050 2945 2104 τοῦ
2976 2051 3111 2105 Θεοῦ
3149 2052 3524 2122 συνηγμένοις,
3559 2050 3653 2119 οὓς
3686 2050 3774 2103 δια

2181 2141 2292 2195 τῶν
2322 2142 2630 2214 ἔμπροσθεν
2666 2142 2836 2196 σκὺλα
2854 2144 2882 2195 ό
2907 2143 3062 2213 λόγος
3088 2144 3387 2214 ὠνόμαζεν.
3409 2145 3554 2198 Ἀντὶ
3573 2144 3631 2196 δὲ
3652 2142 3767 2201 τοῦ.

2184 2249 2203 2282 ι
2226 2232 2353 2286 Ἐάν
2377 2233 2695 2306 κοιμηθῆτε,
2728 2254 2747 2289 ι
2788 2230 2931 2288 κατά
2961 2235 3053 2287 τὸν
3081 2234 3395 2306 Σύμμαχον,
3434 2254 3453 2285 ι
3476 2234 3600 2287 Ἐὰν
3625 2244 3771 2290 ανα-

2184 2323 2386 2395 πέσητε
2414 2325 2617 2395 μεταξὺ
2655 2326 2764 2380 τῶν
2795 2328 3032 2399 κλήρων,
3067 2346 3085 2379 ι
3122 2327 3356 2401 εἴρηται.
3389 2327 3461 2379 Τὸ
3502 2326 3610 2398 γάρ
3655 2345 3769 2381 κοιρ

2186 2414 2421 2487 μηθῆναι
2446 2417 2539 2471 νῦν
2559 2418 3022 2474 διαναπαύσεσὲαι
3043 2420 3344 2492 δηλοῖ.Ἱόῖς
3363 2417 3456 2473 οὖν
3477 2419 3584 2472 τῶν
3607 2420 3769 2492 ἱερῶν

2177 2508 2450 2579 ἀσκηταῖς
2484 2510 2660 2581 λόγων
2687 2512 3105 2584 προτρεπτικῶς
3132 2515 3164 2584 ή
3196 2512 3581 2585 προσφώνησις
3604 2515 3771 2583 ἐπαγ-

2181 2600 2430 2669 γέλλεται
2463 2604 2561 2676 τὴν
2589 2606 2654 2659 ἐκ
2679 2605 2786 2659 τῶν
2816 2606 2972 2659 θείων
2998 2606 3170 2676 λόγων
3190 2606 3458 2675 ὠφέλειαν
3478 2623 3491 2636 ⁸
3514 2605 3549 2676 ἦ
3574 2621 3630 2657 τε
3659 2605 3771 2678 γὰρ

2178 2693 2322 2760 λέξις
2372 2696 2481 2751 τῶν
2530 2698 2688 2770 ἱερῶν
2736 2699 3181 2770 ἀναγνωσμάτων
3230 2698 3564 2771 κεκάθαρται
3614 2702 3769 2772 δίκην

2180 2787 2445 2861 ἀργυρίου
2492 2791 2915 2862 πεπυρωμένου,
2952 2791 3092 2845 κατά
3135 2791 3228 2845 τὸν
3279 2792 3525 2863 φήσαντα
3566 2794 3723 2862 λόγον
3748 2811 3764 2825 ο

498 2898 519 2930 ι
548 2878 629 2932 Τά
659 2879 814 2949 λόγια
858 2880 1063 2952 Κυρίου
1112 2880 1516 2952 πεπυρωμένα·
1553 2900 1571 2932 ι
1604 2882 1699 2934 καὶ
1727 2881 1915 2934 πάλιν·
1984 2899 2003 2932 ι
2067 2881 2149 2936 Τά
2186 2884 2342 2953 λόγια
2377 2886 2582 2959 Κυρίου
2631 2886 2788 2957 λόγια
2834 2887 2992 2955 ἁγνά,
3035 2886 3310 2960 ἀργύριονι
3348 2890 3767 2961 πεπυρωμένον,

496 2971 739 3040 δοκίμιον
761 2975 824 3043 τῇ
853 2975 945 3044 γῇ,
967 2972 1430 3044 κεκαθαρισμένον
1454 2972 1868 3037 έπταπλασίωςσ
1909 2992 1927 3024 ι
1958 2973 1993 3044 ἧ
2015 2990 2074 3026 τε
2111 2974 2319 3032 διάνοια
2344 2981 2377 3050 ἡ
2409 2979 2751 3051 πνευματικὴ
2779 2978 3056 3050 ἐξαίρετος
3116 2980 3211 3032 καὶ
3274 2980 3636 3051 πολυτίμητος
3679 2982 3767 3036 διὰ

496 3064 591 3116 τοῦ
638 3064 922 3133 λέγεσθαι,
961 3086 979 3119 ι
1004 3068 1091 3120 Ἐν
1133 3067 1434 3138 χλωρότητι
1474 3067 1723 3139 χρυσίου,
1754 3087 1772 3120 ι
1813 3068 2170 3139 παρίσταται.

561 3181 730 3237 Vens.
761 3184 949 3237 15-17.
996 3202 1015 3236 ι
1056 3183 1188 3238 Dum
1217 3184 1481 3240 discernit
1535 3186 1775 3241 caelestis
1798 3201 1957 3256 reges
1989 3203 2082 3242 su-
2110 3204 2152 3261 ο

496 3289 589 3347 per
617 3290 737 3327 eam
770 3275 896 3329 nive
923 3274 1323 3329 dealbabuntur
1369 3275 1425 3329 in
1474 3274 1713 3330 Selmon.
1755 3295 1773 3327 ι
1812 3275 1919 3330 Pro
1956 3278 2068 3342 illo,

500 3381 519 3411 ‹
536 3361 669 3416 Dum
686 3363 949 3417 discernit
970 3363 1230 3430 cmlestis,
1246 3384 1262 3416 ι
1284 3372 1337 3417 et
1353 3373 1567 3429 caetera,
1586 3364 1665 3419 sic
1684 3365 2071 3435 interpretatur

494 3452 856 3524 Symmachus
892 3472 904 3507 :
950 3472 968 3505 ι
1000 3453 1227 3520 Quando
1256 3454 1594 3526 dispensavit
1625 3465 1818 3526 potens
1843 3472 2071 3528 regnare

494 3545 665 3608 Illam,
700 3546 855 3614 quasi
883 3545 1005 3601 nive
1028 3545 1278 3602 dealbata
1305 3558 1440 3603 erat.
1516 3546 1735 3603 Selmon
1767 3565 1924 3607 mons
1952 3550 2068 3618 Dei,

490 3651 648 3691 mons
670 3637 908 3708 pinguis,
928 3653 1086 3694 mons
1104 3640 1426 3708 altissimus,
1443 3657 1601 3697 mons
1620 3643 1838 3714 pinguis
1864 3663 1875 3697 :
1901 3658 2070 3713 quare

490 3729 708 3783 curiose
738 3731 1137 3800 investigantur
1190 3742 1403 3788 montes
1426 3735 1673 3790 excelsi?
1702 3734 1855 3791 Mons
1880 3735 1934 3789 in
1960 3751 2068 3806 quo

491 3820 821 3876 desideravit
863 3822 1005 3879 Deus
1047 3823 1315 3889 habitare,
1350 3834 1402 3880 et
1428 3825 1692 3883 Dominus
1719 3828 1982 3883 habitabit
2010 3829 2065 3882 in

492 3912 677 3969 finem.
709 3934 727 3967 ι
765 3914 859 3971 His
886 3925 1064 3972 autem
1089 3919 1371 3986 docemur,
1399 3936 1522 3974 cum
1548 3922 1786 3977 caelestis
1814 3922 1922 3987 ille,
1955 3924 2067 3977 sive

489 4004 793 4059 caelestium
831 4007 1132 4060 incolarum
1176 4007 1353 4077 Deus,
1407 4011 1717 4080 praedictam
1766 4012 2073 4066 columbam

489 4096 711 4164 regibus
739 4103 899 4150 terra:
937 4098 1184 4164 donavit,
1220 4100 1272 4154 id
1298 4109 1400 4163 est,
1434 4102 1504 4157 iis
1538 4100 1629 4170 qui
1658 4102 1713 4154 in
1740 4109 1884 4156 terra
1921 4102 2071 4173 regni

489 4186 612 4255 ejus
644 4198 925 4244 consortes
967 4190 1189 4245 fuerunt
1229 4193 1305 4263 (hi
1358 4209 1520 4263 porro
1570 4201 1727 4247 erant
1772 4194 2069 4264 prophetae,

487 4277 622 4348 justi
667 4287 721 4333 et
754 4280 825 4350 pii
854 4282 980 4345 viri,
1023 4298 1087 4337 ac
1115 4283 1373 4353 discipuli
1423 4294 1477 4339 et
1508 4286 1737 4356 apostoli
1768 4284 2073 4343 Salvatoris

489 4370 687 4437 nostri,
732 4372 932 4441 quibus
973 4372 1238 4446 Spiritum
1271 4382 1520 4429 sanctum
1547 4376 1788 4435 cmlestis
1815 4377 1905 4433 ille
1931 4378 2073 4435 Deus

488 4463 820 4533 distribuit);
868 4474 1001 4521 tunc
1046 4483 1142 4523 eos
1181 4467 1276 4538 qui
1311 4466 1481 4522 divini
1533 4466 1773 4539 Spiritus
1806 4470 1964 4528 donis
1991 4488 2074 4526 or-

488 4556 603 4609 nati
637 4556 873 4625 fuerant,
903 4558 1078 4615 instar
1110 4560 1253 4614 nivis
1279 4560 1540 4617 candidos
1568 4561 1854 4634 clarosque
1876 4563 2063 4620 fuisse.

487 4649 669 4717 Quare
700 4652 904 4705 dictum
949 4661 1075 4709 est:
1117 4674 1135 4706 ι
1174 4652 1378 4724 thuid
1449 4654 1803 4724 suspicamini
1853 4667 2067 4715 montes

486 4742 846 4812 coagulatos?
883 4764 901 4796 ι
952 4743 1329 4817 Ohjurgantur
1370 4746 1579 4803 scilicet
1620 4748 1713 4818 qui
1763 4748 1964 4819 aliquid
1995 4752 2072 4807 si-

486 4833 614 4886 mile
640 4835 909 4891 exsistere
936 4839 1273 4892 arbitrantur
1305 4857 1318 4893 :
1346 4838 1500 4893 addit
1524 4855 1654 4894 vero
1684 4856 1789 4910 qua
1817 4842 1882 4896 de
1905 4857 2070 4896 causa

485 4939 596 4978 non
641 4936 891 4996 oporteat
929 4930 1146 5000 quidvis
1176 4930 1323 4985 aliud
1355 4948 1477 4986 cum
1523 4932 1645 5003 ipso
1688 4931 1958 4997 conferre,
1986 4934 2069 4988 di-

484 5033 615 5072 cens
646 5060 659 5073 .
695 5019 882 5076 «Mons
912 5022 966 5076 in
998 5038 1108 5093 quo
1136 5023 1537 5095 beneplacitum
1567 5034 1651 5081 est
1686 5024 1796 5080 Deo
1823 5025 2068 5081 habitare

484 5107 540 5161 in
578 5125 644 5163 eo
681 5130 694 5165 :
729 5112 929 5166 etenim
961 5111 1225 5170 Dominus
1258 5116 1526 5171 habitabit
1562 5118 1617 5170 in
1652 5116 1833 5172 ﬁnem.
1874 5136 1893 5169 ι
1931 5117 2063 5173 Nam

484 5200 575 5255 ille
602 5203 755 5257 solus
788 5218 945 5259 mons
975 5214 1059 5260 est
1090 5207 1143 5261 in
1178 5223 1286 5278 quo
1316 5206 1461 5262 Deus
1490 5207 1740 5262 habitare
1766 5210 2062 5279 cooptavit,

481 5303 535 5348 et
563 5296 616 5349 in
648 5313 755 5366 quo
775 5295 935 5353 Pater
963 5299 1301 5357 domicilium
1334 5302 1497 5356 habet
1521 5302 1574 5355 in
1596 5301 1791 5355 sarcula
1821 5302 2061 5369 infinita;

484 5402 653 5456 quare
689 5404 797 5443 non
824 5389 976 5446 decet
1012 5393 1175 5446 alium
1212 5408 1337 5447 cum
1366 5392 1460 5445 illo
1482 5389 1751 5445 conferre.
1798 5391 1932 5447 Nam
1957 5394 2060 5448 etsi

481 5479 549 5533 de
573 5481 694 5535 aliis
726 5482 929 5537 dictum
964 5484 1067 5539 fuit
1096 5485 1230 5539 illud
1254 5525 1269 5549 ,
1326 5502 1343 5533 ι
1380 5481 1699 5540 Inhabitabo
1747 5484 1801 5538 in
1851 5486 1958 5541 illis
2005 5494 2059 5540 et

483 5569 852 5637 iuambuiabo,
884 5582 935 5629 et
965 5590 1059 5629 ero
1095 5575 1311 5628 illorum
1343 5573 1577 5638 Deus,et
1606 5574 1710 5645 ipsi
1743 5576 2055 5630 eruntmihi

483 5665 717 5734 populus
743 5664 815 5732 ³⁸;
855 5686 872 5717 ι
906 5676 961 5719 at
993 5683 1099 5723 non
1132 5666 1354 5737 perinde
1385 5666 1439 5719 in
1472 5666 1607 5737 ipsis
1634 5666 1841 5721 habitat
1864 5675 1917 5721 et
1940 5682 2055 5721 am-

562 5820 603 5850 "
634 5818 753 5876 Psel
821 5836 951 5885 xw,
988 5822 1077 5874 ⁸51.
1160 5823 1197 5853 ³⁸
1228 5820 1371 5876 Psal.
1416 5839 1489 5887 xu,
1524 5822 1571 5875 7.

2269 3206 2287 3239 ι
2312 3187 2398 3239 Ἐν
2430 3185 2509 3257 τῷ
2531 3186 2859 3239 διαστέλλειν
2889 3186 2979 3239 τὸν
3007 3186 3255 3258 οὐράνιον
3288 3186 3524 3257 βασιλεῖς
3555 3186 3641 3240 ἐπ’
3666 3186 3775 3241 αὐιι

2176 3280 2299 3351 τὴν,
2338 3278 2763 3350 χιονωθήσονται
2790 3280 2847 3331 ἐν
2874 3277 3116 3349 Σελμών.
3140 3298 3158 3331 ι
3181 3279 3326 3332 Ἀντί
3358 3280 3471 3345 τοῦ,
3514 3300 3531 3331 ι
3557 3281 3645 3333 Ἑν
3685 3281 3769 3351 τῷ

2172 3372 2504 3426 διαστέλλειν
2522 3372 2615 3425 τὸν
2632 3370 2953 3443 ἐπουράνιον
2978 3390 2995 3423 ι
3030 3372 3124 3425 καὶ⁵
3146 3372 3214 3425 τὰ
3245 3372 3390 3443 ἑξῆς,
3413 3375 3441 3426 ό
3469 3372 3765 3443 Σύμμαχος

2171 3464 2357 3518 τοῦτον
2387 3465 2696 3535 ἡρμήνευσε
2740 3462 2832 3517 τὸν
2871 3462 3100 3532 τρόπον·
3144 3480 3162 3513 ι
3187 3461 3375 3516 Ὁπότε
3404 3462 3763 3533 κατεμέριζεν

2171 3560 2200 3611 6
2236 3556 2421 3620 ἱκανὸς
2451 3553 2758 3626 βασιλεύειν
2791 3554 2983 3626 αὐτὴν,
3028 3552 3105 3616 ὼς
3151 3553 3481 3624 χιονισθείσα
3510 3549 3599 3625 ἦν.
3633 3553 3764 3606 Σελ-

2175 3648 2291 3720 μὼν
2336 3648 2460 3720 ὅρος
2504 3646 2664 3711 Θεοῦ,
2705 3647 2831 3719 ὅρος
2885 3646 3193 3719 εὐτροφίας,
3229 3646 3354 3716 ὅρος
3404 3644 3760 3716 ὑψηλότατον,

2172 3742 2297 3813 ὅρος
2336 3739 2658 3811 εὐτροφίας·
2695 3740 2775 3803 είς
2814 3737 2869 3791 τί
2915 3736 3405 3810 περισπουδάζεται
3452 3736 3520 3789 τὰ
3559 3737 3661 3808 ὅρη
3683 3739 3753 3791 τὰ

2174 3833 2387 3904 ὑψηλά;
2419 3832 2491 3885 Τὸ
2526 3832 2652 3903 ὅρος
2684 3833 2820 3903 ὅπερ
2851 3830 3116 3901 ἐπόθησεν
3147 3831 3176 3882 6
3207 3829 3339 3892 Θεὸς
3375 3830 3455 3892 είς
3486 3830 3547 3881 τὸ
3574 3847 3761 3884 κατοι-

2174 3930 2289 3980 κεῖν
2338 3928 2395 3978 ὲν
2439 3926 2606 3996 αὐτῷ,
2639 3926 2734 3980 καὶ
2760 3925 2963 3997 Κύριος
2989 3922 3402 3995 κατασκηνώσει
3427 3924 3507 3986 εἰς
3526 3923 3702 3987 τέλος.
3734 3944 3754 3973 ι

2174 4018 2425 4071 Διδάσκει
2458 4018 2514 4070 δὲ
2546 4019 2574 4070 ό
2602 4016 2779 4086 λόγος,
2812 4017 2887 4079 ὡς
2916 4016 3025 4088 ἄρα
3064 4015 3204 4068 κατά
3239 4014 3329 4068 τὸν
3353 4015 3539 4086 καιρὸν
3568 4015 3627 4068 ὲν
3652 4008 3699 4082 ᾧ
3731 4018 3761 4068 6

2174 4111 2516 4183 ἐπουράνιος,
2543 4109 2744 4180 δηλαδὴ
2772 4112 2801 4163 ό
2820 4110 2928 4163 τῶν
2948 4111 3006 4163 ὲν
3026 4110 3272 4181 οὐρανοῖς
3291 4107 3582 4161 οἰκούντων
3601 4108 3754 4173 Θεὸς,

2173 4204 2272 4276 τὴν
2318 4202 2707 4277 προλεχθεῖσαν
2756 4201 3084 4272 περιστεράν
3133 4200 3461 4271 κατεμέριζε
3492 4202 3608 4262 τοῖς
3662 4201 3758 4252 ἐπὶ

2174 4296 2273 4367 τῆς
2314 4296 2417 4366 γῆς
2468 4292 2767 4364 βασιλεῦσι,
2799 4292 3041 4345 τουτέστι
3065 4294 3176 4355 τοῖς
3205 4292 3262 4344 ὲν
3299 4294 3365 4361 τῇ
3506 4291 3755 4362 μετόχοις

2174 4386 2276 4456 τῆς
2307 4384 2469 4438 αὐτοῦ
2517 4382 2811 4455 βασιλείας,
2848 4381 3159 4454 (προφῆται
3203 4381 3261 4433 δὲ
3306 4378 3446 4452 ἦσαν
3476 4372 3641 4443 οὗτοι,
3670 4380 3753 4434 δί-

2176 4478 2321 4532 καιοί
2351 4494 2409 4529 τε
2436 4477 2529 4531 καὶ
2555 4475 2818 4545 θεοφιλεῖς
2837 4473 3046 4545 ἄνδρες,
3077 4472 3207 4526 οἵτε
3235 4472 3470 4544 μαθηταὶ
3498 4473 3592 4526 καί
3616 4471 3759 4526 ἀπό-

2179 4568 2353 4621 στολοι
2384 4566 2477 4619 τοῦ
2506 4567 2755 4638 Σωτῆρος
2783 4564 2962 4637 ἡμῶν,
2994 4560 3076 4628 οἷς
3107 4563 3169 4617 τὸ
3201 4563 3423 4635 Πνεῦμα
3452 4564 3514 4617 τὸ
3538 4566 3695 4633 ἅγιον
3725 4565 3757 4616 6

2174 4661 2305 4725 Θεὸς
2334 4660 2635 4733 διεμέριζεν
2659 4660 2688 4712 6
2714 4657 3082 4731 ὲπούρανιος,)
3103 4656 3279 4727 χιόνος
3300 4656 3454 4727 δίκην
3478 4655 3757 4727 ἐλαμπρύ-

2174 4769 2328 4805 νοντο
2354 4753 2405 4804 οἱ
2438 4750 2547 4804 τῶν
2573 4749 2668 4803 τοῦ
2698 4750 2840 4804 θείου
2872 4749 3189 4820 Πνεύματος
3247 4748 3599 4819 χαρισμάτων
3628 4764 3757 4801 κατι

2172 4841 2497 4913 αξιούμενοι.
2543 4840 2634 4894 Διδ
2651 4839 2915 4893 λέλεκταιο
2950 4840 3098 4893 «Ἵνα
3122 4837 3177 4891 τί
3212 4836 3620 4908 ὑπολαμϐάνετε
3650 4838 3751 4909 ὅρη

2172 4933 2523 5006 τετυρωμένα
2544 4949 2558 4998 ;
2582 4951 2599 4983 ι
2621 4932 3013 5002 Ἐπιτιμῶντος
3037 4930 3132 4984 τοῦ
3164 4929 3323 4998 λόγου
3352 4932 3461 4992 τοῖς
3491 4929 3678 5000 ἕτερόν
3701 4946 3753 4981 τι

2172 5026 2695 5098 νομίζουσινᾼὸμοιον
2724 5024 2873 5095 αὐτῷ
2899 5020 3057 5078 εἶναι.
3077 5021 3349 5091 Ἐπιλέγει
3371 5023 3425 5076 δὲ
3448 5024 3540 5077 καὶ
3569 5022 3752 5074 αἰτίαν

2170 5090 2250 5171 δι’,
2268 5119 2335 5190 ἦν
2361 5119 2422 5171 οὐ
2454 5090 2718 5189 προσήκει
2744 5090 3234 5188 ἀντιπαραϐάλλειν
3255 5090 3404 5185 αὐτῷ
3434 5115 3619 5185 ἕτερον
3637 5130 3650 5143 ’
3673 5113 3751 5166 διό

2175 5228 2305 5281 φησι
2326 5228 2339 5241 ·
2375 5230 2393 5261 ι
2422 5210 2494 5263 Τὸ
2530 5210 2656 5281 ὅρος
2683 5210 2711 5263 ὃ
2737 5210 3036 5281 ηὐδόκησεν
3063 5211 3091 5262 ὁ
3124 5208 3257 5273 Θεὸς
3282 5210 3555 5263 κατοικεῖν
3584 5208 3641 5259 ἐν
3660 5207 3752 5261 αὐο

2170 5302 2280 5373 τῷ·
2312 5304 2405 5356 καὶ
2448 5302 2556 5373 γάρ
2607 5302 2636 5352 6
2683 5302 2887 5373 Κύριος
2937 5301 3352 5373 κατασκηνώσει
3398 5304 3476 5364 είς
3519 5300 3695 5357 τέλος.
3724 5319 3743 5351 ι

2167 5397 2343 5451 Μόνον
2378 5396 2487 5466 γάρ
2517 5398 2632 5447 ἐστι
2660 5394 2819 5448 τοῦτο
2848 5397 2905 5447 ὲν
2932 5389 2976 5464 ᾧ
2997 5395 3298 5465 ηὐδόκησεν
3336 5397 3364 5448 ό
3400 5394 3529 5458 Θεὸς
3560 5410 3748 5448 κατοι-

2168 5491 2301 5549 κεῖν,
2331 5488 2426 5541 καὶ
2452 5489 2509 5540 ὲν
2532 5482 2575 5555 ᾧ
2602 5490 2630 5541 ὁ
2661 5489 2852 5559 Πατὴρ
2878 5489 3208 5557 κατασκηνοῖ
3235 5488 3316 5548 εἰς
3343 5485 3599 5554 ἀπείρους
3624 5484 3745 5539 αίῶ-

2164 5596 2259 5641 νας
2278 5595 2289 5607 ·
2321 5577 2401 5631 διὸ
2440 5578 2501 5630 οὐ
2550 5578 2815 5648 προσήκει
2845 5577 3031 5647 ἕτερον
3057 5573 3548 5646 ἀντιπαραϐάλλειν
3575 5572 3743 5644 αὐτῷ.

2162 5669 2225 5722 Εἰ
2257 5668 2365 5741 γάρ
2392 5669 2487 5723 καὶ
2527 5668 2775 5723 λέλεκται
2811 5671 2939 5741 περὶ
2971 5668 3172 5741 έτέρων
3200 5668 3281 5733 τὸ,
3321 5686 3341 5720 ι
3367 5668 3664 5740 Ἐνοικήσω
3682 5666 3744 5721 ιν

1651 5824 1695 5856 δ’
1722 5822 1892 5881 Levii.
1927 5841 2073 5893 XXVI,
2112 5825 2212 5895 12;
2252 5824 2292 5879 ll
2324 5827 2450 5883 Cor.
2490 5842 2562 5893 γι,
2610 5826 2696 5883 l6.
