4068 6536
351 356 445 412 τοι

1479 358 1988 417 COMMENTARIA
2025 363 2092 418 IN
2129 363 2472 423 PSALMOS.

3503 376 3606 433 702

345 477 536 542 αὐτοῖς
575 478 669 534 καὶ⁹
715 479 1169 551 ὲμπεριπατήσω,
1197 479 1290 532 καὶ
1320 477 1515 549 ἔσομαι
1558 478 1736 533 αὐτῶν
1775 479 1927 543 Θεὸς,

2044 480 2206 546 hulat,
2239 490 2403 553 atque
2436 483 2491 538 in
2519 492 2703 541 monte
2731 501 2833 542 suo
2879 505 2895 543 :
2935 487 3133 544 etenim
3167 488 3329 545 Pater
3355 491 3410 546 in
3441 490 3603 558 Filio,

345 568 444 623 καὶ
473 570 629 623 αύτοῖ⁴
671 569 882 623 ἔσονταί
932 587 1034 641 μου
1063 570 1188 633 λαός
1207 587 1220 600 ο
1261 587 1278 620 ι
1319 569 1432 622 ἀλλ’
1457 569 1556 639 οὐχ
1587 567 1760 632 οὕτως
1791 571 1928 622 ἐνοι-

346 665 435 716 κεί
466 663 560 715 καὶ
585 663 951 733 ὲμπεριπατεῖ
977 662 1036 716 ὲν
1066 660 1296 724 τούτοις,
1321 661 1396 724 ὡς
1418 663 1473 714 ὲν
1501 661 1577 732 τῷ
1600 661 1762 714 αὑτοῦ
1789 660 1924 733 ὄρει-

344 757 374 807 6
400 753 510 825 γὰρ
533 754 721 824 Πατὴρ
741 755 800 807 ὲν
827 752 899 824 τῷ
923 753 1036 824 Υίῷ
1067 754 1158 806 καὶ
1179 753 1208 805 6
1246 752 1372 815 Υίὸς
1394 754 1450 806 ὲν
1469 750 1547 822 τῷ
1568 752 1768 823 Πατρ-ί·
1799 774 1816 802 ι
1836 752 1931 805 καὶ

347 847 406 898 ὲν
435 845 585 916 αὐτῷ
613 845 880 918 ηύδόκησε
908 847 1014 899 πᾶν
1039 845 1100 898 τὸ
1116 845 1393 916 πλήρωμα
1413 844 1512 915 τῆς
1534 843 1784 914 θεότητος
1805 860 1934 896 κατ-

345 935 570 1006 οικῆσαι
589 953 602 966 °
640 956 658 989 ι
689 937 783 991 καὶ
805 937 864 990 ού
909 937 1041 990 ποτὲ
1090 938 1186 1008 μὲν
1213 935 1426 1008 ᾤκησεν
1453 938 1510 989 ὲν
1540 935 1708 1006 αύτῷ,
1741 934 1928 988 ἄλλοτε

346 1029 405 1083 δὲ
431 1029 596 1082 αὐτοῦ
626 1030 838 1102 ἀπέστη
856 1047 869 1060 ⁸
899 1029 1013 1083 ἀλλ’
1043 1031 1122 1093 εἰς
1151 1030 1210 1082 τὸ
1236 1030 1460 1100 ἄπειρον
1483 1027 1634 1091 τέλος
1659 1029 1744 1081 ἀεὶ
1768 1030 1796 1080 6
1825 1027 1932 1079 Πα-

347 1120 453 1192 τήρ
472 1121 530 1173 ὲν
549 1119 627 1190 τῷ
654 1121 766 1192 Υίῷ
789 1124 1048 1174 κατοικεῖ.
1067 1121 1238 1184 Αὐτὸς
1255 1120 1312 1173 δέ
1338 1122 1483 1173 ἐστιν
1507 1121 1540 1190 ἡ
1565 1121 1751 1190 εἰρήνη
1774 1116 1930 1189 ἡμῶν

349 1211 494 1265 κατὰ
515 1212 606 1265 τὸν
634 1213 970 1267 Ἀπόστολον.
988 1213 1080 1266 Διὸ
1099 1214 1192 1267 κςι.)⁸
1208 1210 1434 1283 Σαλμὼν
1454 1211 1574 1283 (sic)
1597 1211 1929 1281 ὠνόμασται,

2035 579 2090 626 et
2117 571 2290 628 Filius
2332 575 2388 629 in
2430 574 2616 642 Patre,
2661 595 2679 628 ι
2715 587 2769 633 et
2796 578 2851 632 in
2878 579 2999 649 ipso
3031 582 3360 651 complacuit
3389 598 3605 639 onmem

2035 663 2428 733 plenitudinem
2449 666 2752 725 divinitatis
2783 671 3085 728 inhabitare
3106 675 3149 704 ³³
3179 691 3192 730 ι
3220 693 3240 726 ›
3267 691 3442 745 neque
3460 677 3607 730 enim

2038 756 2200 811 modo
2231 757 2495 813 habitavit
2525 760 2728 826 inillo,
2765 764 2928 818 modo
2957 766 3185 821 recessit
3217 767 3285 827 ab
3311 783 3412 834 eo;
3437 769 3530 824 sed
3553 769 3609 822 in

2037 846 2310 903 inﬁnitum
2347 865 2410 905 ac
2443 867 2658 923 semper
2682 853 2843 915 Pater
2874 856 2928 910 in
2967 855 3106 912 Filio
3148 857 3432 914 inhabitat.
3488 857 3611 930 Ipse

2037 947 2218 994 autem
2234 951 2318 995 est
2338 957 2441 1012 pax
2456 954 2664 1008 nostra,
2690 948 2994 1003 secundum
3011 949 3331 1020 Apostolum
3345 951 3407 1005 “.
3430 950 3611 1017 Quare

2039 1028 2260 1085 Selmon
2291 1041 2538 1100 vocat-ur,
2579 1036 2634 1091 id
2655 1044 2739 1092 est
2759 1079 2774 1103 ,
2803 1037 2950 1106 Pax;
2983 1049 3038 1093 et
3072 1041 3226 1095 locus
3264 1039 3359 1094 Dei
3390 1057 3492 1112 pax
3522 1040 3610 1094 di-

2037 1119 2215 1183 citur,
2279 1123 2578 1178 secundum
2629 1125 2805 1194 illud,
2865 1145 2885 1178 ι
2927 1127 2986 1183 In
3041 1144 3176 1200 pace
3225 1136 3417 1185 sancta
3457 1129 3612 1186 locus

2037 1211 2156 1281 ejus
2185 1212 2249 1267 ³⁸.
2279 1233 2298 1266 ›

349 1306 490 1376 ὅπερ
520 1306 664 1359 ἐστὶν
689 1306 893 1377 Εἰρήνη
913 1323 926 1335 °
956 1307 1051 1359 καὶ
1084 1306 1248 1369 τόπος
1277 1305 1372 1359 τοῦ
1400 1305 1534 1360 Θεοῦ
1564 1306 1597 1375 ἠ
1628 1304 1818 1374 εἰρήνη
1852 1301 2119 1367 λέλεκται,
2151 1304 2292 1358 κατὰ
2319 1306 2402 1370 τὸ,
2439 1328 2458 1358 ι
2481 1309 2570 1362 Ἐν
2602 1310 2793 1383 εἰρήνῃ
2825 1310 2954 1384 ἁγίᾳ
2996 1313 3026 1366 6
3059 1313 3226 1374 τόπος
3255 1313 3441 1366 αὐτοῦ.
3480 1333 3500 1363 ι

429 1416 446 1447 ι
484 1397 557 1450 Τὸ
586 1397 739 1469 ἆρμα
769 1395 863 1450 τοῦ
913 1396 1046 1450 Θεοῦ
1082 1397 1492 1469 μυριοπλάσιον,
1521 1397 1755 1468 χιλιάδες
1779 1393 1937 1465 εὐθη-

2111 1397 2280 1454 Vsns.
2317 1400 2404 1454 18.
2428 1419 2447 1450 ι
2471 1400 2681 1458 Curi-us
2706 1402 2798 1460 Dei
2820 1405 3007 1461 decem
3039 1407 3280 1462 millibus
3308 1407 3611 1478 multiplex,

351 1487 606 1541 νούντων·
623 1488 826 1560 Κύριος
855 1489 913 1542 ἐν
943 1490 1124 1552 αὐτοῖς
1148 1491 1206 1542 ὲν
1223 1488 1374 1543 Σιναῒ
1390 1491 1448 1543 ὲν
1467 1489 1546 1560 τῷ
1569 1489 1727 1559 ἁγίῳ.
1744 1507 1762 1540 ι
1783 1489 1938 1540 Ἀπο-

2044 1491 2206 1545 millia
2237 1493 2554 1556 laetantium,
2585 1493 2850 1551 Dominus
2881 1497 2936 1552 in
2963 1497 3065 1563 eis,
3107 1499 3161 1552 in
3191 1496 3363 1564 Siuai,
3399 1498 3454 1552 in
3481 1515 3613 1554 san-

350 1580 476 1642 δοὺς
511 1581 538 1632 6
567 1580 724 1649 λόγος
763 1580 984 1652 πρώτην
1017 1581 1117 1652 τὴν
1147 1582 1276 1652 περὶ
1303 1579 1396 1634 τοῦ
1430 1582 1587 1649 ἁγίου
1617 1579 1935 1651 Πνεύματος

2044 1593 2146 1639 cto.
2190 1605 2208 1637 ι
2247 1584 2379 1641 Post
2404 1587 2632 1657 primam
2667 1589 2922 1644 traditam
2950 1589 3018 1645 de
3047 1588 3258 1660 Spiritu
3297 1599 3488 1645 sancto
3517 1589 3614 1643 do-

350 1669 701 1723 διδασκαλίαν
727 1670 813 1723 διὰ
842 1669 942 1740 τῆς
971 1670 1319 1742 περιστερᾶς,
1349 1671 1536 1724 ἔπειτα
1563 1671 1660 1743 τὴν
1687 1671 1816 1744 περὶ
1838 1671 1934 1725 τοῦ

2044 1677 2271 1730 ctrinam
2302 1695 2398 1748 per
2425 1679 2694 1734 columbae
2719 1680 3136 1738 similitudinem
3156 1723 3172 1747 ,
3215 1681 3520 1753 deindeque
3547 1682 3616 1738 de

354 1760 486 1814 Υἰοῦ
517 1761 604 1815 διὰ
648 1760 740 1814 τοῦ
769 1761 929 1834 ὅρους
953 1761 1046 1814 τοῦ
1076 1761 1231 1828 Θεοῦ,
1263 1762 1579 1817 καταϐαίνει
1618 1761 1802 1815 λοιπὸν
1843 1763 1935 1816 ἐπὶ

2044 1763 2176 1822 Filio
2209 1783 2304 1836 per
2331 1767 2558 1838 ﬁguram
2592 1770 2792 1824 montis
2822 1771 2947 1837 Dei,
2981 1771 3048 1827 ad
3083 1772 3371 1827 inferiores
3396 1773 3615 1827 demum

351 1853 452 1917 τὰς
478 1854 878 1926 ύποϐεϐηκυίας
904 1853 1161 1926 δυνάμεις
1181 1871 1194 1884 ⁶
1220 1855 1508 1928 παριστὰς,
1537 1857 1639 1919 ὅτι,
1674 1857 1724 1908 εί
1747 1855 1840 1908 καὶ
1865 1855 1934 1908 τὰ

356 1943 594 2014 μάλιστα
619 1944 678 1996 τὸ
710 1945 834 2015 ὅρος
879 1944 940 1997 τὸ
981 1945 1239 1999 ἁποδοθὲν
1287 1946 1523 2000 τοιοῦτον
1553 1948 1828 2018 τυγχάνει,
1860 1947 1935 2010 ὡς

352 2038 413 2088 ὲν
462 2035 610 2106 αὐτῷ
658 2041 933 2090 κατοικεῖν
981 2037 1092 2091 πᾶν
1135 2038 1196 2090 τὸ
1239 2036 1513 2110 πλήρωμα
1539 2039 1637 2110 τῆς
1665 2039 1936 2109 πατρικῆς

352 2128 630 2200 θεότητος,
650 2129 764 2182 ἀλλ’
780 2131 841 2183 οὐ
871 2130 1029 2201 μόνον
1052 2130 1208 2184 τοῦτο
1237 2131 1424 2201 κτῆμά
1446 2133 1563 2184 ἐστι
1587 2131 1680 2185 τοῦ
1703 2132 1932 2202 Πατρὸς,

352 2219 468 2290 ἔχει
512 2221 568 2273 δὲ
612 2223 707 2274 καὶ
730 2221 895 2284 ἄλλας
924 2222 1324 2295 ὑποϐεϐηκυίας
1364 2222 1674 2286 διακονικὰς
1707 2222 1801 2276 καὶ
1833 2223 1938 2276 λει-

352 2311 650 2382 τουργικὰς
673 2312 948 2383 δυνάμεις,
976 2313 1042 2377 ἃς
1079 2315 1275 2385 μυρίας
1304 2313 1468 2378 οὔσας
1506 2315 1600 2367 καὶ
1626 2313 1844 2377 πολλὰς,
1867 2317 1932 2385 τῇ

353 2420 414 2456 τε
442 2404 608 2474 ἀρετῇ
636 2402 997 2474 διαφερούσας
1023 2406 1112 2475 ὑφ’
1141 2407 1235 2460 ἕνα
1277 2405 1438 2475 ζυγὸν
1469 2405 1933 2477 καταδησάμενος,

353 2495 508 2566 ἆρμα
533 2494 708 2565 ἐαυτῷ
731 2496 1051 2563 κατέζευξεν
1075 2500 1103 2551 6
1121 2498 1498 2570 παμϐασιλεὺς
1537 2498 1690 2562 Θεὸς,
1722 2498 1810 2567 ὑφ’
1827 2501 1936 2569 ήνι-

354 2586 464 2657 όχῳ
495 2585 572 2657 τῷ
602 2588 896 2655 Μονογενεῖ
923 2588 1084 2641 αὑτοῦ
1117 2590 1290 2660 Λόγῳ.
1315 2590 1388 2643 Τὸ
1413 2591 1471 2643 δὲ
1497 2589 1701 2643 τούτων
1734 2589 1934 2661 πλῆθος

355 2680 450 2731 καὶ
479 2679 675 2750 Δανιὴλ
701 2683 730 2734 6
755 2682 1036 2753 προφήτης
1071 2683 1128 2736 ἐν
1155 2686 1221 2754 τῇ
1253 2682 1478 2756 θεοπτίᾳ
1521 2684 1814 2755 παρίστησι
1848 2682 1936 2736 λέ-

353 2787 494 2841 γων’
526 2790 544 2820 ι
566 2772 771 2844 Μύριαι
799 2773 1056 2845 μυριάδες
1076 2774 1452 2848 ἐλειτούργουν
1482 2776 1648 2848 αὐτῷ,
1664 2776 1758 2830 καὶ
1771 2775 1936 2848 χίλιαι

356 2863 592 2936 χιλιάδες
618 2868 1078 2944 παρειστήκεισαν
1104 2867 1409 2940 ἔμπροσθεν
1440 2868 1622 2922 αὐτοῦ.
1655 2888 1673 2919 ι
1691 2863 1760 2940 ᾯ
1795 2887 1936 2940 συμ-

356 2954 550 3025 φώνως
577 2958 669 3009 καὶ
702 2957 795 3010 νῦν
830 2958 1078 3013 λέλεκται
1096 2977 1108 2990 ·
1143 2979 1160 3011 ι
1185 2959 1257 3012 T6
1282 2961 1432 3032 ἅρμα
1461 2960 1553 3013 τοῦ
1582 2961 1717 3014 Θεοῦ
1754 2978 1940 3032 μυριο-

357 3049 605 3113 πλάσιον,
645 3049 881 3120 χιλιάδες
913 3050 1302 3122 εὐθηνούντων.
1334 3071 1352 3102 ι
1374 3051 1512 3104 Ἀνθ’
1541 3044 1601 3104 οὗ
1643 3054 1670 3105 6
1712 3052 1939 3123 Σύμμα-

2042 1865 2340 1927 potestates
2365 1860 2693 1928 descendit;
2723 1862 3030 1928 declarans,
3066 1863 3279 1918 etiamsi
3324 1879 3482 1919 mons
3525 1865 3617 1920 ille

2041 1962 2376 2010 memoratus
2427 1954 2738 2024 bujusmodi
2794 1957 2902 2022 sit,
2965 1964 3024 2011 ut
3072 1957 3132 2011 in
3183 1955 3303 2028 ipso
3355 1957 3617 2012 inhabitet

2041 2043 2222 2099 omnis
2268 2045 2552 2116 plenitudo
2583 2056 2824 2117 paterna:
2845 2047 3179 2112 divinitatis,
3210 2064 3320 2102 non
3361 2064 3484 2104 esse
3528 2057 3613 2101 ta-

2040 2149 2167 2188 men
2201 2137 2373 2192 solam
2422 2134 2604 2193 Patris
2643 2139 3085 2210 possessionem;
3133 2140 3228 2194 sed
3258 2141 3437 2210 ipsum
3479 2140 3617 2194 alias

2042 2223 2244 2280 habere
2274 2225 2630 2283 administras
2655 2236 2710 2282 et
2738 2229 2987 2284 subditas
3016 2229 3266 2289 virtutes.
3299 2245 3460 2299 quas,
3491 2230 3618 2284 licet

2041 2311 2256 2366 inﬁnito
2286 2328 2516 2368 numero
2539 2313 2671 2379 sint,
2700 2324 2864 2384 atque
2898 2315 3098 2369 virtute
3138 2322 3481 2385 praestantes,
3512 2314 3618 2369 sub

2042 2416 2152 2455 uno
2177 2402 2311 2472 jugo
2333 2403 2598 2473 colligans
2626 2404 2869 2458 onmium
2891 2419 2984 2459 rex
3017 2405 3106 2459 ille
3132 2404 3276 2460 Deus
3305 2405 3489 2459 currui
3517 2404 3618 2459 ad-

2035 2492 2220 2563 junxit
2252 2508 2374 2555 suo,
2409 2495 2693 2575 aurigante
2720 2493 3012 2565 Unigenito
3036 2493 3213 2551 Verbo
3237 2511 3358 2550 suo.
3410 2494 3617 2552 Harum

2041 2597 2172 2637 vero
2203 2582 2607 2639 multitudinem
2652 2584 2709 2638 in
2749 2585 2932 2639 divina
2977 2600 3074 2640 sua
3124 2585 3334 2640 visione
3377 2585 3618 2640 declarat

2042 2673 2254 2741 Daniel,
2282 2677 2470 2732 dicens
2501 2698 2514 2733 :
2559 2696 2576 2727 ι
2607 2676 2798 2733 Decies
2831 2678 3028 2734 millies
3065 2679 3204 2733 dena
3242 2678 3409 2733 millia
3455 2678 3621 2733 mini--

2043 2778 2291 2834 strabant
2317 2779 2388 2842 ei,
2415 2786 2468 2832 et
2489 2777 2661 2832 millia
2693 2777 2924 2832 millium
2951 2778 3205 2832 astabant
3238 2778 3295 2832 in
3321 2786 3619 2850 conspectu

2043 2871 2164 2938 ejus
2195 2871 2262 2927 ³⁸.
2299 2890 2320 2924 ›
2358 2871 2456 2926 Cui
2483 2870 2684 2925 accinit
2712 2871 2803 2924 hic
2829 2870 2984 2926 locus
3014 2889 3027 2924 :
3071 2890 3090 2922 ι
3127 2871 3337 2926 Curi-us
3361 2869 3454 2926 Dei
3485 2872 3621 2925 mul-

2045 2965 2211 3034 tiplex
2243 2963 2412 3017 millia
2453 2963 2774 3018 laetantium.
2805 2981 2825 3015 ι
2877 2962 2984 3017 Pro
3015 2977 3123 3032 quo
3152 2963 3510 3034 Symmachus
3540 2964 3620 3018 sic

2046 3058 2459 3128 interpretatur,
2497 3054 2763 3112 «Vectura
2791 3054 2888 3110 Dei
2919 3055 3183 3110 denorum
3212 3053 3461 3120 millium,
3496 3055 3620 3108 mil-

357 3161 453 3214 χος
480 3143 820 3215 ήρμήνευσεν
836 3160 849 3172 °
883 3141 1146 3214 ιὌχησις
1169 3142 1261 3196 τοῦ
1285 3142 1419 3196 Θεοῦ
1443 3143 1736 3215 μυριάδων,
1766 3143 1939 3215 χιλιά-

2046 3151 2115 3205 lia
2150 3150 2485 3207 sonantium.
2520 3169 2539 3201 ι
2581 3147 2722 3215 Quid
2753 3146 2909 3212 illud,
2941 3165 2960 3198 ι
2985 3147 3351 3209 sonantium,»
3385 3145 3492 3200 nisi
3517 3163 3618 3200 voc

357 3238 449 3301 δες
498 3236 794 3307 ἠχούντων.
825 3255 843 3288 ι
885 3236 950 3289 Τί
999 3236 1054 3288 δὲ
1091 3257 1108 3287 ι
1139 3236 1413 3307 ἠχούντων
1442 3257 1460 3287 ι
1493 3237 1525 3309 ἢ
1574 3237 1790 3301 πάντως
1837 3255 1937 3292 που

359 3329 546 3400 φωνὰς
577 3330 803 3402 πλήρεις
832 3329 1136 3399 δοξολογίας
1169 3331 1262 3383 καὶ
1290 3329 1596 3399 θεολογίας;
1631 3325 1730 3384 Οἷα
1754 3331 1847 3384 καὶ
1872 3330 1940 3386 τὰ

360 3421 634 3493 σεραφεὶμ
656 3422 1072 3494 ἀναγέγραπται
1099 3422 1250 3494 παρὰ
1277 3421 1354 3492 τῷ
1389 3422 1586 3494 Ἠσαίᾳ
1617 3422 1823 3494 βοῶντα
1847 3424 1941 3476 καὶ

358 3512 586 3582 λέγοντα
604 3529 617 3541 ’
648 3513 890 3581 (Ἄγιος,
917 3513 1090 3582 ἆγιος,
1122 3514 1275 3582 ἆγιος
1301 3513 1504 3586 Κύριος
1534 3513 1779 3580 Σαϐαὼθ,
1804 3514 1941 3587 πλή-

363 3623 465 3677 ρης
498 3606 648 3658 πᾶσα
675 3607 708 3677 ή
735 3608 804 3677 γῆ
833 3605 933 3676 τῆς
951 3604 1110 3677 δόξης
1129 3604 1312 3660 αὐτοῦ.
1344 3626 1362 3657 ι
1383 3607 1471 3659 Ἐν
1491 3606 1712 3672 ταύταις
1735 3607 1790 3660 δὲ
1821 3610 1941 3672 ταῖς

360 3697 566 3768 χιλιάσι
628 3698 722 3752 καὶ
771 3699 892 3762 ταῖς
947 3697 1172 3770 μυριάσι
1215 3701 1336 3762 ταῖς
1388 3699 1820 3770 ὑπεζευγμέναις
1863 3701 1942 3771 τῷ

360 3790 566 3863 ἅρματι
595 3789 688 3844 τοῦ
721 3790 856 3843 Θεοῦ
899 3790 993 3843 καὶ
1021 3791 1181 3854 αὐτὸς
1223 3792 1251 3844 6
1285 3789 1488 3862 Κύριος
1516 3791 1678 3862 μέσος
1718 3791 1943 3863 ἐμπολι-

356 3883 597 3948 τεύεται,
631 3881 820 3953 ὥσπερ
849 3882 1077 3954 ἡνιοχῶν
1107 3882 1276 3946 αὑτὰς
1303 3885 1397 3937 καὶ
1421 3882 1498 3955 τῷ
1532 3884 1808 3955 Πνεύματι
1837 3901 1942 3937 πα-

361 3973 736 4044 ρασκευάζων.
785 3974 876 4027 Διὸ
919 3975 1249 4044 έπιλέγεται,
1294 3993 1313 4025 ι
1341 3975 1539 4048 Κύριος
1577 3977 1636 4028 ὲν
1685 3977 1884 4040 αὐτοῖς.
1915 3996 1934 4029 ι

360 4067 521 4130 Ποῖος
553 4065 610 4118 δὲ
642 4065 866 4137 Κύριος,
899 4067 1152 4138 σημαίνει
1182 4066 1386 4138 προῖὼν
1411 4068 1503 4121 καὶ
1527 4067 1776 4138 φάσκων
1812 4086 1831 4119 ι
1855 4068 1942 4120 Ἐν

359 4157 514 4212 Σιναῒ
546 4159 601 4211 ὲν
629 4158 708 4230 τῷ
735 4158 894 4230 ἁγίῳ.
928 4177 946 4210 ›
976 4159 1148 4223 Αύτὸς
1172 4159 1281 4232 γὰρ
1315 4162 1540 4224 ἐκεῖνος,
1575 4161 1762 4230 φησὶν,
1787 4162 1815 4213 6
1839 4159 1945 4212 Κύ-

343 4242 478 4324 ’ριος
515 4252 543 4304 6
587 4253 643 4305 ὲν
692 4251 843 4304 Σιναῖ
875 4250 952 4322 τῷ
980 4251 1120 4323 ἁγίῳ
1151 4253 1266 4324 δρει
1294 4252 1510 4321 ὀφθείς·
1547 4248 1615 4324 ἦν
1647 4253 1702 4307 δὲ
1733 4245 1888 4316 οὗτος
1914 4253 1942 4305 6

354 4343 454 4398 τοῦ
490 4344 624 4402 Θεοῦ
651 4344 844 4414 Λόγος,
879 4344 1079 4418 δηλαδὴ
1124 4349 1235 4410 τοῖς
1279 4347 1384 4399 ὑπὸ
1415 4346 1476 4399 τὸ
1501 4345 1655 4416 ἅρμα
1683 4344 1775 4399 τοῦ
1808 4343 1940 4398 Θεοῦ

355 4435 729 4506 ἐζευγμένοις.
751 4437 842 4489 Διὸ
853 4437 912 4490 ού
935 4436 1010 4508 τῷ
1024 4435 1191 4510 [Γιτιν]
1207 4437 1617 4508 τετραγράμμῳ
1629 4436 1939 4507 κέχρηταιὴ

2043 3260 2136 3300 ces
2165 3243 2416 3299 laudibus
2451 3242 2761 3312 divinisque
2784 3238 3130 3296 sermonibus
3155 3239 3345 3309 plenas
3373 3237 3622 3293 emitten-

2043 3336 2213 3392 tium?
2243 3335 2435 3402 Qualia
2466 3333 2739 3404 serapbim
2769 3331 2911 3402 apud
2935 3329 3133 3386 lsaiam
3180 3329 3419 3384 clamare
3445 3343 3507 3382 ac
3530 3328 3618 3382 di-

2042 3443 2166 3483 cere
2197 3427 2459 3496 scriptum
2483 3432 2567 3481 est
2599 3442 2612 3478 :
2650 3442 2668 3475 ι
2705 3421 2960 3486 Sanctus,
2988 3427 3236 3484 sanctus,
3260 3426 3484 3474 sanctus
3513 3417 3620 3472 Do.

2042 3519 2224 3574 minus
2251 3516 2509 3580 Sabaoth,
2530 3517 2689 3586 plena
2712 3523 2796 3572 est
2811 3515 2990 3569 omnis
3007 3521 3153 3568 terra
3181 3509 3354 3584 gloria
3378 3510 3498 3580 ejus
3515 3509 3616 3565 ³⁷.»

2042 3610 2190 3667 lnler
2239 3611 2355 3666 haec
2401 3610 2572 3664 millia
2611 3616 2666 3665 et
2692 3607 2831 3663 dena
2865 3607 3070 3672 millia,
3123 3621 3244 3676 quae
3293 3603 3388 3660 Dei
3437 3601 3621 3659 currui

2039 3703 2232 3774 juncta
2262 3709 2422 3764 sunt.
2459 3701 2672 3756 medius
2699 3706 2950 3755 versatur
2981 3699 3099 3769 ipse
3133 3696 3432 3760 Dominus,
3463 3696 3621 3765 quasi

2045 3794 2304 3864 aurigans
2336 3808 2399 3846 ac
2428 3790 2656 3862 Spiritui
2685 3803 2996 3860 praeparans
3021 3790 3191 3858 ipsas.
3255 3785 3622 3852 Quamobrem

2045 3887 2415 3956 subjungitur,
2454 3903 2474 3937 ι
2506 3885 2769 3938 Dominus
2814 3882 2868 3936 in
2903 3882 3005 3936 eis.
3042 3900 3060 3932 ι
3115 3879 3219 3945 Qui
3255 3879 3326 3934 sit
3360 3876 3624 3931 Dominus

2046 3975 2278 4031 subinde
2300 3975 2544 4030 declarat
2576 3973 2660 4028 his
2683 3972 2885 4038 verbis,
2923 3990 2942 4023 ι
2981 3971 3039 4026 Ιιι
3075 3969 3248 4032 Siuai,
3282 3969 3338 4022 in
3373 3975 3617 4023 sancto.)

2046 4071 2178 4126 Nam
2207 4072 2340 4142 ipse,
2375 4069 2574 4140 inquit,
2607 4068 2872 4123 Dominus
2897 4077 2980 4123 est
3014 4067 3108 4136 qui
3142 4065 3195 4120 in
3225 4072 3408 4120 monte
3433 4071 3624 4119 Sancto

2048 4161 2198 4216 Sinai
2228 4161 2380 4217 visus
2403 4167 2525 4226 est;
2560 4169 2677 4214 erat
2707 4167 2886 4214 autem
2915 4158 3005 4213 ille
3038 4156 3134 4212 Dei
3169 4155 3406 4210 Verbum
3429 4193 3444 4219 ,
3472 4155 3625 4209 visus

2045 4252 2254 4307 scilicet
2282 4251 2351 4305 iis
2380 4250 2474 4322 qui
2525 4251 2627 4306 sub
2655 4265 2824 4304 curru
2868 4248 2962 4304 Dei
3005 4248 3182 4318 juncti
3213 4256 3392 4302 erant.
3443 4245 3624 4310 Quare

2046 4343 2314 4399 llebraica
2345 4344 2526 4408 lectio,
2568 4358 2678 4397 non
2729 4351 3148 4412 tetragrammo,
3187 4340 3302 4395 sive
3334 4353 3466 4392 voce
3495 4351 3625 4406 qua-

2046 4444 2171 4492 tuor
2193 4438 2494 4492 litterarum
2530 4436 2722 4501 utitur,
2755 4434 2850 4490 sed
2874 4434 3141 4489 elementa
3173 4430 3482 4486 communia
3516 4427 3624 4482 Do-

369 4528 630 4601 Ἑϐραῖκὴ
664 4527 828 4594 λέξις,
862 4507 1143 4600 στοιχείοις
1265 4507 1463 4594 κοινοίς
1611 4529 1813 4601 Κύριον
1843 4545 1939 4581 πε-

2047 4528 2252 4582 minum
2281 4543 2590 4583 memorans
2616 4530 2848 4596 usurpat
2874 4525 2930 4578 in
2948 4523 3063 4587 illo,
3095 4520 3389 4575 cDominus
3408 4519 3461 4571 in
3483 4519 3617 4572 eis.»

360 4621 532 4693 ριέχει
577 4622 635 4674 ὲν
679 4622 778 4694 τῷ,
817 4641 834 4672 ι
862 4621 1066 4696 Κύριος
1101 4624 1158 4676 ὲν
1209 4623 1412 4688 αὐτοῖς.
1447 4623 1592 4676 »Ἵνα
1620 4623 1729 4694 γὰρ
1757 4622 1940 4692 ἕτερον

354 4716 687 4790 παραστήσῃ
713 4715 899 4770 τοῦτον
930 4714 1024 4768 τοῦ
1055 4715 1310 4788 ἀνωτέρω
1352 4715 1438 4768 διὰ
1465 4713 1559 4768 τοῦ
1592 4713 1940 4786 τετραγράμ-

359 4826 462 4879 μου
490 4808 856 4879 σημανθέντος
884 4809 1039 4873 Θεοῦ,
1069 4810 1158 4863 ὅτε
1193 4808 1292 4880 μὲν
1325 4829 1343 4860 ι
1371 4807 1431 4862 τὸ
1453 4807 1604 4878 ἅρμα
1629 4805 1722 4860 τοῦ
1751 4805 1885 4859 Θεοῦ
1915 4824 1934 4856 ι

355 4899 594 4968 ἐλέγετο,
630 4899 718 4954 διὰ
767 4901 872 4954 τῶν
916 4902 1316 4972 ἀνεκφωνήτων
1351 4901 1480 4971 παρ’
1518 4898 1786 4971 Ἑϐραίοις
1819 4897 1941 4968 ἐδη-

352 4995 516 5049 λοῦτο
545 4996 822 5066 στοιχείων
845 5011 860 5027 ⁸
894 4995 1012 5050 νυνὶ
1043 4995 1101 5048 δὲ
1132 4997 1241 5059 τοῖς
1272 4993 1598 5066 κοινοτέροις
1627 4995 1941 5065 χαρακτῆρ-

352 5103 464 5153 σιν,
482 5082 563 5151 οἷς
590 5088 684 5142 καὶ
704 5089 732 5140 6
757 5089 886 5158 παρ’
914 5086 1225 5159 ἀνθρώποις
1244 5087 1518 5158 γράφεται
1541 5083 1608 5137 κύ
1617 5101 1747 5156 ριος,
1767 5085 1944 5156 Ἀκρι-

353 5174 468 5240 ϐὦς
499 5176 556 5230 δὲ
593 5179 684 5231 καὶ
709 5177 800 5230 τὸν
826 5177 989 5230 τόπον
1014 5177 1438 5247 ἐπισημαίνεται
1462 5175 1552 5229 τὸν
1586 5195 1603 5227 ι
1633 5176 1690 5228 έν
1717 5172 1887 5239 Σιναῒ,
1916 5192 1934 5225 ι

355 5269 445 5323 ἶνα
488 5271 708 5342 σημήνῃ
736 5270 826 5324 τὸν
859 5271 950 5323 ἐπὶ
979 5270 1080 5341 γῆς
1119 5270 1353 5339 ὀφθέντα
1380 5268 1604 5340 Κύριον.
1639 5267 1850 5340 Σφόδρα
1884 5267 1940 5320 δὲ

361 5363 671 5427 ἀκολούθως
693 5363 933 5432 ἐπιλέγει
961 5361 1110 5432 ἑξῆς

470 5478 488 5510 ι
543 5460 768 5530 Ἀνέϐης
835 5461 915 5523 εἰς
992 5456 1163 5527 ὕψος,
1233 5452 1661 5526 ῂχμαλὼτευσας
1731 5455 1934 5525 αἰχμα-

366 5552 599 5605 λωσίαν·
674 5552 864 5615 ἔλαϐες
931 5550 1139 5622 δόματα
1203 5550 1262 5602 ὲν
1319 5545 1646 5620 ἀνθρώποις.
1692 5564 1709 5598 ι
1753 5547 1934 5599 Αἰνίτ-

432 5788 474 5821 ³³
501 5791 712 5848 Coloss.
751 5810 785 5856 ι,
839 5794 918 5848 l9.
998 5793 1264 5864 “Ephcs.
1302 5809 1362 5859 ιι,
1412 5792 1497 5848 Η.
1565 5792 1608 5826 ³³
1633 5790 1775 5848 Psal.
1813 5806 1971 5856 Lxxv,
2009 5790 2061 5847 5.

2051 4619 2117 4675 Ut
2145 4620 2290 4675 enim
2338 4635 2461 4674 eum
2494 4619 2660 4673 alium
2684 4633 2806 4673 esse
2843 4615 3148 4671 declararet
3188 4611 3256 4666 ab
3285 4626 3372 4674 eo,
3404 4610 3496 4680 qui
3530 4625 3624 4664 su-

2045 4714 2230 4784 perius
2278 4729 2377 4783 per
2424 4729 2622 4767 nomen
2651 4717 2888 4782 quatuor
2919 4709 3222 4762 litterarum
3253 4703 3620 4765 indicabatur,

2046 4803 2178 4869 Deo,
2218 4819 2344 4858 cum
2377 4821 2396 4855 ι
2431 4817 2629 4856 currus
2659 4798 2753 4854 Dei
2791 4817 2808 4850 ι
2844 4798 3142 4862 diceretur,
3171 4794 3456 4850 elementis
3476 4790 3622 4862 apud

2042 4897 2300 4953 Hebrmos
2325 4894 2690 4950 ineﬁ‘abilibus
2716 4907 2849 4947 usus
2894 4898 3016 4957 est;
3046 4903 3192 4942 nunc
3214 4901 3344 4942 vero
3377 4899 3623 4939 commu-

2043 4991 2294 5048 nioribus
2323 4984 2757 5051 characteribus,
2804 4983 3006 5054 quibus
3055 4980 3330 5036 indicatur
3363 4976 3622 5032 dominus

2043 5084 2273 5156 quilibet
2303 5080 2445 5152 apud
2474 5078 2741 5133 homines.
2793 5074 2999 5129 Locum
3036 5074 3164 5128 item
3194 5077 3449 5126 accurate
3478 5067 3625 5123 indi-

2044 5185 2152 5240 cat,
2190 5194 2208 5226 ι
2242 5176 2298 5230 in
2329 5172 2513 5238 Sinai,
2550 5192 2569 5225 ι
2601 5180 2661 5226 ιιι
2701 5170 3033 5242 signiﬁcaret
3066 5165 3354 5222 Dominum
3388 5165 3444 5218 in
3476 5170 3624 5218 terra

2045 5271 2245 5325 visum.
2316 5265 2519 5324 Deinde
2575 5273 2971 5334 consequenter
3029 5259 3324 5315 admodum
3384 5254 3552 5309 infert
3602 5268 3620 5308 :

2117 5452 2283 5509 Vens.
2315 5450 2406 5505 29..
2470 5468 2488 5500 ι
2527 5445 2837 5503 Ascendisti
2870 5443 2925 5498 in
2953 5442 3143 5503 altum,
3171 5436 3363 5508 cepisti
3396 5431 3622 5502 captivi-
3696 5430 3703 5436 '

2044 5554 2232 5610 tatem,
2269 5541 2525 5613 accepisti
2567 5540 2710 5594 dona
2760 5537 2814 5590 in
2855 5532 3189 5589 hominibus.
3229 5547 3245 5577 ι
3289 5527 3622 5588 Desccnsuta

2139 5789 2184 5822 ³⁸
2206 5787 2342 5844 Dan.
2377 5801 2474 5848 vn,
2514 5783 2592 5837 l0.
2672 5781 2712 5812 ³⁷
2741 5777 2844 5835 lsa.
2876 5792 2950 5839 vi,
2982 5775 3035 5829 5.
