4068 6556
341 343 449 403 705

1476 348 1987 406 (ἶΟΜΜ-ΕΝΤΑΜΑ
2026 353 2100 407 1N
2141 353 2482 413 PSALMOS.

3514 368 3615 426 706

337 459 430 515 Διὸ
468 461 744 516 λέλεκται·
778 480 796 512 ι
821 462 878 515 '0
929 462 1061 528 Θεὸς
1112 466 1289 536 ἡμῶν,
1317 468 1347 520 6
1376 467 1507 532 Θεὸς
1540 468 1632 522 τοῦ
1665 469 1877 534 σώζειν.
1905 491 1916 524 ι

2032 474 2281 545 vestigiis
2334 475 2519 546 abyssi
2569 475 2884 532 ambulasti.
2935 475 3271 548 Aperiuntur
3309 492 3486 537 autem
3515 484 3614 539 tibi

336 552 429 606 Διὸ
463 553 551 605 καὶ
591 552 669 624 τῷ
713 553 830 607 Ἰὼϐ
874 556 903 607 6
935 556 1096 620 αὐτὸς
1131 553 1287 621 οὗτος
1320 560 1674 631 χπματίζων
1704 560 1888 630 ἔλεγεν
1911 577 1929 595 ·

343 641 576 713 «ιἹΙλθες
601 646 657 698 δέ
688 648 782 699 ἐπὶ
810 650 994 719 πηγὴν
1029 649 1332 721 θαλάσσης·
1357 653 1415 704 ἐν
1443 651 1499 704 δὲ
1533 653 1734 722 ἴχνεσιν
1763 655 1931 709 66:36-

340 752 433 789 σου
481 738 1265 810 περιεπάτησας.Ἀνοίγονται
1317 742 1375 795 δέ
1426 760 1508 796 σοι
1559 745 1709 817 φόϐῳ
1763 746 1928 801 πύλαι

337 827 593 883 θανάτου.
653 830 903 902 Πυλωροὶ
951 833 1007 884 δὲ
1063 832 1191 904 ᾆδου
1249 834 1449 899 ἰδόντες
1503 854 1561 889 σε
1606 838 1864 909 ἔπτηξαν.
1903 860 1922 892 ι

336 921 643 993 ,διαρρήδην
675 923 769 975 καὶ
798 923 855 977 ἐν
881 925 1110 989 ἐκείνοις
1138 926 1236 997 τὴν
1273 928 1353 990 είς
1382 926 1471 982 τὸν
1503 928 1732 984 θάνατον
1762 932 1925 986 αὑτοῦ

337 1013 562 1068 κάθοδον
607 1015 702 1068 καὶ
749 1015 847 1087 τὴν
901 1018 1113 1070 ἐκεῖθεν
1162 1018 1395 1082 διέξοδον
1422 1022 1927 1095 παριστάς,ῶσπερ

334 1101 430 1159 οὖν
458 1105 551 1159 καὶ
584 1108 642 1159 ἐν
667 1110 780 1169 τοῖς
803 1108 1207 1179 προκειμένοις,
1239 1108 1319 1174 οἷς
1359 1111 1667 1177 ἀκολούθως
1697 1116 1795 1186 τὴν
1819 1116 1926 1169 τῶν

336 1195 548 1267 ἐχθρῶν
592 1196 758 1249 αὐτοῦ
804 1198 1093 1270 συντριΰὴν
1127 1198 1370 1253 διδάσκει
1411 1201 1618 1271 λέγων·
1669 1222 1687 1253 ι
1720 1205 1867 1277 Πλὴν
1898 1208 1926 1258 ὁ

331 1286 469 1351 Θεὸς
505 1286 787 1341 συνθλάσει
823 1289 1067 1358 κεφαλὰς
1099 1290 1312 1361 ἐχθρῶν
1354 1292 1540 1345 αὑτοῦ.
1572 1312 1590 1345 ι
1628 1295 1737 1347 Καὶ
1770 1295 1925 1348 τοῦτο

332 1378 392 1433 δὲ
425 1380 637 1451 νοήσεις
681 1381 949 1453 παραθεὶς
979 1383 1078 1455 τὴν
1110 1386 1166 1437 ἐν
1190 1384 1362 1457 ἑτέρῳ
1394 1387 1658 1455 λέγουσαν
1702 1389 1887 1459 φωνήν
1907 1407 1921 1422 ο

338 1488 357 1519 ι
389 1470 461 1523 Σὺ
495 1472 874 1542 ἐκραταίωσας
904 1476 968 1545 τῇ
997 1474 1223 1545 δυνάμει
1266 1494 1360 1529 σου
1392 1478 1489 1549 τὴν
1521 1478 1814 1543 θάλασσαν,
1858 1482 1923 1535 σὺ

334 1564 661 1635 συνέτριψας
680 1566 778 1629 τὰς
806 1568 1049 1635 κεφαλὰς
1078 1568 1187 1621 τῶν
1214 1570 1525 1642 δρακόντων
1551 1574 1643 1625 ἐπὶ
1671 1573 1765 1626 τοῦ
1799 1573 1925 1629 ὓδα-

330 1671 443 1719 τος.
468 1656 540 1710 Σὺ
576 1658 906 1723 συνέθλασας
932 1659 1030 1731 τὴν
1060 1662 1302 1733 κεφαλὴν
1325 1665 1418 1717 τοῦ
1448 1665 1760 1737 δράκοντος.
1787 1688 1803 1718 i
1826 1667 1924 1721 Διά

330 1746 442 1819 γάρ
468 1747 671 1803 τούτων
688 1751 782 1803 καὶ
818 1754 868 1804 οἱ
889 1751 1071 1824 ἐχθροὶ
1102 1753 1195 1807 τοῦ
1229 1755 1365 1808 Θεοῦ
1396 1756 1763 1828 ἐδηλώθησαν,
1796 1758 1924 1830 περὶ

2030 564 2225 619 timore
2261 574 2432 635 porta:
2478 565 2665 620 inferi.
2723 565 2946 622 Ostiarii
2976 584 3106 624 vero
3136 571 3337 625 inferni
3366 572 3613 631 videntes

2030 664 2085 711 te
2125 658 2411 713 conterriti
2458 667 2588 737 sunt
2628 658 2696 712 ⁸ο.
2737 679 2756 711 ι
2798 659 3011 716 Diserte
3044 664 3099 716 in
3133 663 3244 719 illis
3274 681 3491 737 quoque
3518 667 3615 723 de-

2029 765 2285 807 scensum
2322 752 2443 822 ejus
2466 736 2520 805 in
2550 761 2782 807 mortem
2820 763 2875 809 et
2915 756 3119 810 exitum
3153 758 3280 813 inde
3302 758 3610 826 declarans,

2028 847 2486 915 quemadmodum
2518 832 2657 902 et‘in
2693 851 3077 919 pra-sentibus,
3105 861 3294 923 postea
3324 870 3455 909 vero
3481 865 3616 910 co'n—

2028 946 2322 1007 sequenter
2370 938 2719 992 inimicorum
2751 956 2978 995 suorum
3028 945 3412 1001 contritionem
3453 946 3614 1001 docet

2027 1031 2116 1085 his
2142 1031 2325 1085 verbis
2359 1050 2371 1085 :
2410 1051 2427 1082 ι
2463 1028 2855 1088 Verumtamen
2905 1034 3048 1091 Deus
3081 1036 3389 1108 confringet
3430 1038 3611 1109 capita

2026 1122 2377 1176 inimicorum
2404 1137 2653 1178 suorum.
2695 1143 2713 1174 ι
2778 1123 2903 1181 Haec
2926 1142 3090 1196 porro
3123 1128 3413 1200 intelliges,
3441 1124 3489 1184 si
3516 1141 3614 1184 vo-

2025 1228 2142 1268 cem
2174 1214 2283 1268 alio
2312 1214 2365 1268 in
2401 1215 2615 1284 psalmo
2644 1217 2875 1285 positam
2900 1217 3025 1273 huic
3054 1234 3359 1290 compares.
3378 1235 3606 1291 nempe:

2030 1328 2049 1356 ι
2082 1304 2160 1360 Τυ
2192 1305 2531 1362 confirmasti
2560 1308 2761 1363 virtute
2785 1319 2876 1364 tua
2901 1326 3071 1375 mare,
3100 1321 3158 1365 tu
3184 1313 3490 1368 contrivisti
3519 1328 3611 1367 ca-

2025 1399 2137 1469 pita
2159 1397 2459 1452 draconum
2494 1399 2549 1452 in
2584 1414 2746 1468 aqua.
2780 1398 2860 1453 Tu
2890 1402 3209 1474 confregisti
3237 1411 3399 1473 caput
3423 1404 3613 1458 draco-

2024 1493 2133 1548 nis.
2175 1512 2194 1545 ›
2232 1491 2329 1549 llis
2356 1492 2505 1548 enim
2536 1494 2744 1547 inimici
2798 1493 2891 1550 Dei
2921 1496 3291 1561 declarantur,
3320 1494 3387 1550 de
3410 1495 3609 1565 quibus

2024 1585 2113 1639 hic
2136 1584 2343 1640 dictum
2380 1593 2504 1640 est:
2543 1603 2561 1637 ι
2596 1584 2982 1643 Verumtamen
3016 1587 3160 1643 Deus
3182 1587 3488 1656 confringet
3516 1576 3609 1642 ca-

2024 1676 2135 1746 pita
2169 1676 2520 1731 inimicorum
2546 1692 2791 1732 suorum.
2833 1698 2853 1732 ι
2914 1679 3083 1733 Erant
3110 1688 3290 1734 autem
3317 1679 3395 1733 illi
3420 1679 3611 1733 draco-

2025 1785 2123 1824 nes
2154 1770 2210 1824 in
2240 1773 2377 1827 mari
2411 1780 2465 1827 et
2490 1774 2545 1827 in
2569 1774 2792 1829 humida
2826 1774 3131 1830 substantia
3171 1781 3387 1838 nantes,
3417 1773 3609 1828 videli-

329 1830 407 1889 ὧθ
434 1839 667 1893 ἐνταῦθα
689 1840 971 1895 λέλεκταγ
1002 1862 1018 1892 ‹
1049 1844 1198 1916 Πλὴν
1225 1845 1254 1896 6
1285 1845 1417 1909 Θεὸς
1446 1847 1732 1901 συνθλάσει
1754 1866 1916 1919 κεφα-

2024 1869 2110 1916 cet
2140 1863 2469 1919 adversariae
2511 1874 2814 1935 potestates
2858 1866 2951 1922 Dei
2986 1867 3241 1931 inimicae,
3272 1867 3329 1920 in
3360 1866 3523 1922 salsis
3553 1872 3609 1921 et

328 1928 429 1993 λάς
471 1931 681 2003 ἐχθρῶν
725 1933 913 1987 αὑτοῦ.
948 1931 1157 1988 »Ἱίσαν
1192 1936 1247 1988 δὲ
1280 1932 1426 1991 οὗτοι
1469 1939 1762 2010 δράκοντες
1788 1943 1835 1993 οί
1865 1943 1923 1994 ἐν

327 2018 577 2093 θαλάσσῃ
626 2022 723 2075 καὶ
769 2022 861 2074 ἐπὶ
891 2024 1065 2095 ὑγρᾶς
1094 2023 1284 2089 ούσίας
1330 2027 1637 2099 νηχόμενοι,
1668 2030 1923 2100 δυνάμεις

322 2110 532 2183 δηλαδὴ
562 2114 940 2185 ἀντικείμεναι
979 2117 1171 2187 ἐχθραὶ
1207 2118 1301 2172 τοῦ
1329 2120 1486 2183 Θεοῦ,
1516 2124 1628 2185 τοῖς
1658 2122 1922 2193 ἁλμυροῖς

325 2205 425 2256 καὶ
484 2208 732 2277 ρευστοῖς
797 2206 890 2259 τοῦ
943 2207 1060 2277 βίου
1122 2209 1360 2281 κύμασιν
1415 2211 1917 2284 ἐγκαλινδούμεναι.

327 2296 494 2351 Ὅθεν
524 2300 617 2351 καὶ
648 2300 704 2352 ἐν
732 2298 809 2371 τῷ
852 2298 971 2353 Ἰὼϐ
1003 2300 1249 2370 ἐλέγετω
1278 2299 1511 2368 «Ἶὶλθες
1535 2304 1590 2358 δὲ
1613 2306 1706 2358 ἐπὶ
1736 2307 1921 2377 πηγὴν

323 2388 643 2461 θαλάσσης,
698 2394 755 2444 ἐν
807 2392 864 2445 δὲ
914 2393 1115 2464 ἴχνεσιν
1175 2393 1414 2449 ἀϐύσσου
1485 2397 1913 2468 περιεπάτησας.

339 2482 673 2550 Ἀνοίγονται
701 2482 759 2536 δέ
791 2501 872 2537 σοι
908 2484 1058 2555 φόϐῳ
1099 2485 1266 2539 πύλαι
1299 2486 1550 2541 θανάτου.
1580 2488 1830 2560 Πυλωροὶ
1858 2489 1915 2542 δὲ

323 2574 475 2647 ᾅδου,
502 2574 703 2639 ἰδόντες
736 2593 817 2638 σε,
850 2576 1111 2647 ἔπτηξαν.
1145 2597 1164 2628 ι
1198 2578 1642 2650 Συντριῦομένων
1671 2580 1781 2651 γάρ
1804 2580 1915 2634 τῶν

322 2665 576 2734 κεφαλῶν
619 2667 728 2720 τῶν
772 2666 1101 2739 δρακόντων,
1137 2668 1407 2741 ἔπτησσον
1450 2672 1498 2723 οἱ
1547 2672 1788 2743 πυλωροὶ
1818 2669 1913 2725 τοῦ

321 2757 453 2829 ᾅδου
473 2777 485 2789 ·
518 2757 598 2810 διὸ
636 2759 729 2811 καὶ
775 2759 924 2831 φόϐῳ
957 2760 1054 2823 τὰς
1086 2759 1261 2824 πύλας
1295 2762 1512 2832 ἤνοιγον
1552 2761 1648 2814 τοῦ
1682 2762 1912 2816 θανάτου

319 2848 403 2920 τῷ
437 2850 536 2913 τὰς
567 2851 808 2919 κεφαλὰς
838 2850 944 2904 τῶν
972 2849 1182 2923 ἐχθρῶν
1214 2851 1379 2905 αὑτοῦ
1410 2852 1727 2906 συνθλῶντι.
1754 2847 1912 2909 Οὗτοι

318 2942 379 2995 δὲ
405 2945 451 2995 oi
493 2942 679 3015 ἐχθροὶ
717 2943 811 2997 τού
850 2945 1057 3016 Κυρίου
1082 2944 1143 2997 τὸ
1175 2944 1388 2998 πάντων
1424 2944 1726 3018 ἀνθρώπων
1782 2964 1915 2999 κατ-

318 3036 560 3089 επάτουν
606 3036 781 3105 γένος.
824 3038 914 3090 Διὸ
933 3038 1180 3093 λέλεκται
1205 3040 1361 3109 ἑξῆς·
1393 3059 1410 3090 ι
1444 3040 1702 3112 Κορυφὴν
1729 3042 1912 3112 τριχὸς

314 3129 791 3203 διαπορευομένων
838 3133 897 3187 ὲν
938 3132 1340 3204 πλημμελείαις
1381 3134 1580 3189 αὐτῶν.
1624 3155 1641 3187 ι
1696 3136 1911 3190 Τούτων

314 3220 431 3293 γὰρ
478 3222 505 3274 6
552 3221 682 3285 Θεὸς
717 3222 1001 3277 συνθλάσει
1033 3203 1132 3288 τὰς
1176 3225 1436 3295 κεφαλάς,
1470 3228 1623 3298 φησι,
1658 3228 1766 3281 τῶν
1800 3229 1913 3282 δια-
1939 3203 1984 3263 C

314 3314 703 3384 πορευομένων
750 3316 849 3378 τάς
874 3316 981 3369 τῶν
1012 3316 1315 3390 ἀνθρώπων
1348 3318 1612 3388 κεφαλάς.
1633 3321 1778 3374 Ἀντὶ
1804 3322 1911 3394 γάρ

313 3405 436 3469 τού,
478 3425 495 3457 ι
526 3407 768 3478 κορυφὴν
822 3408 1026 3478 τριχὸς,
1074 3408 1318 3482 κορυφὴν
1368 3409 1632 3483 ἔντριχον,
1666 3431 1685 3463 ι
1734 3414 1913 3485 ἡρμή-

312 3513 508 3550 νευσεν
556 3499 584 3549 ὁ
629 3498 943 3570 Σύμμαχος.
982 3502 1211 3574 Κορυφὴ
1242 3503 1299 3555 δὲ
1329 3503 1574 3576 ἐντριχος
1617 3506 1650 3576 ή
1700 3505 1910 3578 κεφαλὴ

313 3588 429 3643 τῶν
471 3590 775 3661 ἀνθρώπων
824 3594 1170 3663 σημαίνεται.
1204 3594 1423 3649 Τούτων
1470 3592 1562 3649 οὖν
1592 3598 1770 3651 αὐτῶν
1803 3598 1911 3651 τῶν

313 3683 531 3754 ἐχθρῶν
562 3685 778 3751 ἐαυτοῦ,
802 3686 911 3739 τῶν
937 3686 1202 3758 πρότερον
1228 3688 1327 3751 τὰς
1353 3689 1462 3743 τῶν
1494 3689 1591 3743 ἀνθ
1602 3688 1797 3762 ρώπων
1826 3708 1913 3743 κε-

314 3776 495 3845 φαλὰς
521 3775 991 3850 διαπορευομένων
1027 3780 1121 3833 καὶ
1146 3780 1251 3833 ὑπὸ
1274 3784 1386 3844 τοῖς
1418 3781 1627 3834 ἑαυτῶν
1656 3783 1781 3835 ποσὶ
1810 3801 1910 3838 κα-

312 3868 726 3935 ταπατούντων,
759 3872 788 3924 6
811 3872 909 3935 τὰς
934 3872 1202 3938 διεξόδους
1225 3872 1319 3925 τού
1349 3872 1579 3927 θανάτου
1610 3877 1910 3947 πεποιημέ-

315 3978 410 4023 νος
454 3961 585 4022 Θεὸς
631 3962 731 4026 τάς
775 3962 1016 4032 κεφαλάς
1052 3963 1359 4018 συνθλάσει.
1380 3966 1524 4018 Ἀντί
1556 3965 1612 4019 δὲ
1644 3965 1759 4029 τού,
1800 3986 1818 4017 ι
1851 3968 1909 4020 ἐν

317 4052 722 4123 πλημμελείαις
750 4054 946 4120 αὐτῶν,
981 4074 998 4106 ›
1038 4056 1068 4107 6
1097 4054 1412 4128 Σύμμαχος,
1451 4076 1468 4107 ι
1503 4058 1560 4109 ἐν
1589 4059 1710 4118 ταῖς
1736 4056 1909 4128 πλημ-

318 4144 565 4215 μελείαις
591 4146 780 4217 αὐτῆς,
815 4166 834 4198 ι
870 4148 1211 4220 ἠρμήνευσεν
1244 4146 1413 4201 είπὼν
1440 4166 1453 4179 ο
1491 4167 1508 4199 ε
1539 4149 1799 4221 Κορυφὴν
1825 4149 1909 4202 ἐν·

312 4254 504 4309 τριχον
538 4240 1015 4311 ἀναστρεφομένην
1034 4242 1091 4295 ἐν
1110 4244 1229 4305 ταῖς
1244 4241 1350 4313 πλη
1360 4241 1645 4312 μμελείαις
1667 4243 1854 4314 αὐτῆς.
1882 4262 1900 4296 ι

314 4330 455 4384 uase
488 4332 598 4402 γάρ
630 4332 806 4396 ἄλλως
837 4333 1061 4389 δυνατὸν
1100 4330 1171 4405 ἦν
1216 4337 1329 4395 τοῖς
1362 4333 1579 4406 ἐχθροῖς
1623 4334 1717 4388 τοῦ
1769 4335 1905 4389 Θεοῦ

312 4426 652 4478 καταπατεῖν
690 4424 934 4497 κορυφὴν
966 4426 1230 4497 ἕντριχον,
1264 4427 1510 4481 τουτέστι
1543 4426 1641 4490 τὰς
1672 4427 1779 4481 τῶν
1810 4430 1906 4483 ἀν-

2025 1954 2361 2010 volubilibus
2408 1956 2532 2012 vita:
2565 1958 2823 2013 ﬂuctibus
2868 1959 3143 2013 volutatte.
3190 1957 3370 2024 Quare
3413 1957 3469 2011 in
3504 1955 3607 2013 Job

2024 2061 2242 2116 quoque
2269 2048 2556 2104 dicebatur
2584 2069 2598 2105 :
2647 2068 2665 2101 ι
2706 2049 2917 2106 Venisti
2945 2059 3126 2107 autem
3158 2051 3213 2105 in
3255 2050 3461 2105 fontem
3490 2065 3608 2104 ma-

2023 2138 2125 2201 ris,
2152 2146 2206 2193 et
2230 2140 2284 2193 in
2313 2141 2559 2211 vestigiis
2584 2142 2766 2211 abyssi
2799 2144 3113 2198 ambulasti.
3150 2142 3486 2213 Aperiuntur
3509 2157 3609 2195 au-

2021 2235 2131 2281 tem
2158 2230 2258 2285 tibi
2292 2232 2489 2287 timore
2540 2242 2709 2303 portae
2738 2234 2917 2289 inferi.
2985 2233 3211 2289 Ostiarii
3240 2250 3370 2289 vero
3404 2233 3607 2287 inferni

2020 2319 2268 2377 videntes
2296 2329 2350 2377 te
2383 2325 2667 2379 conterriti
2698 2337 2882 2381 sunt.»
2913 2326 3179 2381 Contritis
3210 2340 3447 2395 namque
3472 2324 3605 2377 dra-

2019 2428 2220 2466 conum
2264 2414 2541 2484 capitibus
2583 2416 2797 2471 ostiarii
2847 2417 3045 2472 iuferni
3091 2418 3376 2473 conterriti
3423 2426 3603 2476 sunt“:

2017 2518 2189 2573 quare
2214 2504 2413 2561 timore
2442 2507 2682 2576 correpti
2706 2514 2893 2577 portas
2924 2509 3117 2563 mortis
3143 2511 3325 2579 capita
3351 2511 3607 2565 inimico-

2016 2609 2137 2647 rum
2162 2610 2388 2649 suorum
2426 2594 2793 2667 confringenti
2824 2600 3165 2668 aperiebant.
3212 2598 3279 2654 Hi
3328 2616 3458 2656 vero
3500 2603 3607 2655 ini-

2016 2686 2144 2741 mici
2186 2686 2405 2743 Domini
2453 2690 2769 2745 universum
2801 2691 3082 2747 hominum
3107 2708 3280 2763 genus
3319 2695 3607 2749 conculca-

2013 2779 2165 2835 bant.
2224 2781 2574 2853 Quapropter
2606 2782 2839 2837 inferius
2867 2783 3111 2839 dicitur:
3148 2801 3168 2834 ε
3208 2784 3475 2839 Verticem
3512 2801 3607 2840 ca-

2014 2873 2130 2942 pilli
2163 2874 2661 2942 perambulantium
2690 2876 2744 2928 in
2779 2875 2991 2931 delictis
3018 2876 3156 2930 suis.
3193 2894 3212 2926 »
3248 2874 3452 2929 Horum
3474 2918 3489 2942 ,
3520 2876 3604 2929 in-

2014 2964 2154 3033 quit.
2188 2962 2331 3018 Deus
2366 2963 2548 3031 capita
2576 2963 2907 3033 confringet,
2936 2963 3457 3034 perambulantium,
3500 2963 3601 3027 ait,

2011 3062 2067 3109 et
2100 3054 2431 3108 calcantium
2483 3054 2663 3123 capita
2709 3054 3012 3110 hominum.
3068 3052 3174 3109 Pro
3217 3055 3310 3108 illo
3343 3070 3600 3126 namque,

2020 3164 2038 3197 ι
2068 3148 2329 3201 verticem
2381 3147 2586 3217 capilli,
2633 3166 2652 3199 ι
2690 3144 3075 3217 Symmachus,
3137 3164 3155 3197 ‹
3204 3146 3466 3201 verticem
3510 3161 3603 3201 ca-

2016 3238 2289 3308 pillatum,
2330 3258 2349 3291 »
2403 3240 2586 3294 vertit.
2631 3236 2831 3294 Vertex
2874 3248 3053 3292 autem
3084 3238 3390 3308 capillatus.
3420 3242 3602 3308 ipsum

2014 3326 2298 3381 hominum
2323 3336 2488 3397 caput
2511 3327 2802 3399 signiﬁcat.
2836 3325 3041 3380 Horum
3072 3327 3257 3397 itaque
3285 3328 3389 3383 sibi
3419 3328 3600 3383 inimi-

2012 3434 2230 3483 corum,
2278 3420 2369 3489 qui
2408 3420 2563 3489 prius
2617 3420 2900 3474 hominum
2945 3419 3125 3489 capita
3166 3419 3418 3473 terebant
3448 3420 3602 3489 pedi-

2013 3512 2227 3582 busque
2257 3514 2373 3568 suis
2406 3514 2717 3579 calcabant,
2750 3514 2930 3583 capita
2961 3513 3269 3584 confringet
3302 3513 3467 3580 Deus,
3505 3514 3600 3585 qui

2012 3615 2195 3659 exitus
2228 3605 2422 3659 mortis
2468 3604 2666 3659 effecit.
2734 3602 2842 3657 Pro
2876 3604 2968 3658 illo
2992 3612 3199 3668 autem,
3244 3624 3262 3655 ι
3299 3606 3351 3658 in
3385 3605 3600 3660 delictis

2011 3695 2149 3756 suis,
2183 3713 2201 3745 ›
2237 3693 2622 3765 Symmachus,
2653 3714 2671 3747 ι
2707 3695 2762 3749 in
2804 3694 3021 3749 delictis
3066 3697 3186 3764 ejus
3223 3714 3241 3746 ι
3272 3695 3599 3765 interpreta-

2011 3793 2102 3841 tus
2126 3793 2233 3848 est,
2258 3785 2453 3840 dicens
2483 3804 2496 3839 :
2536 3784 2836 3842 «Verticem
2862 3786 3174 3855 capillatum
3205 3786 3511 3841 revolutum
3542 3785 3599 3841 in

2012 3877 2232 3933 delictis
2255 3877 2395 3946 ejus.
2413 3896 2430 3928 ι
2449 3876 2637 3947 Neque
2659 3879 2802 3933 enim
2823 3879 2930 3932 alio
2948 3879 3108 3933 modo
3127 3885 3373 3948 poterant
3390 3877 3598 3933 inimici

2012 3970 2106 4026 Dei
2126 3971 2384 4026 verticem
2404 3971 2744 4040 capillatum.
2766 3970 2818 4025 id
2831 3978 2914 4026 est
2942 3970 3225 4025 hominum
3242 3971 3442 4040 capita,
3465 3982 3600 4026 con-

2010 4063 2251 4130 culcarc,
2270 4062 2371 4116 nisi
2391 4060 2628 4132 propriis
2641 4060 2856 4117 delictis
2871 4076 2935 4116 ac
2953 4061 3193 4131 peccatis
3205 4060 3447 4131 depressi
3463 4059 3600 4116 fuis-

2013 4161 2157 4209 sent.
2196 4152 2379 4218 Quare
2422 4152 2490 4207 iis
2516 4153 2607 4222 qui
2637 4154 2775 4208 tales
2812 4166 2921 4207 non
2952 4161 3111 4207 erant
3150 4152 3367 4207 dicebat
3400 4151 3601 4207 Serva-

2012 4255 2097 4301 tor
2131 4265 2144 4300 :
2196 4265 2214 4296 ‹
2243 4244 2419 4301 Vestri
2453 4253 2635 4299 autem
2661 4245 2844 4315 capilli
2869 4245 3067 4315 capitis
3101 4261 3293 4301 omnes
3322 4247 3597 4302 numerati

2010 4344 2139 4390 sunt
2159 4336 2225 4391 εί.
2258 4353 2277 4387 ι
2299 4334 2433 4389 Nam
2460 4335 2853 4406 discipulorum
2874 4336 3054 4407 capilli
3079 4337 3280 4407 singuli
3310 4338 3598 4393 nobilioris

2009 4426 2260 4495 corporis
2289 4427 2484 4495 partis,
2532 4433 2593 4481 ut
2619 4428 2920 4483 necessarii
2956 4437 3010 4482 et
3044 4428 3111 4482 ad
3141 4437 3397 4482 ornatum
3425 4428 3598 4485 totius

315 4513 554 4586 Θρώπων
584 4516 849 4585 κεφαλὰς,
886 4519 935 4570 εί
967 4518 1042 4589 μὴ
1080 4520 1203 4582 ταῖς
1244 4518 1475 4583 οἰκείαις
1502 4519 1905 4591 πλημμελείαις

2017 4517 2359 4572 conferentes
2379 4557 2395 4583 ,
2436 4518 2850 4573 enumeratione
2882 4527 2935 4573 et
2962 4518 3211 4573 custodia
3233 4517 3415 4571 divina
3445 4517 3597 4587 digni

312 4608 410 4660 καὶ
438 4608 735 4679 ἁμαρτίαις
766 4610 1182 4664 τεταπείνωντο.
1207 4611 1297 4664 Διὸ
1325 4615 1438 4675 τοῖς
1477 4611 1552 4683 μὴ
1591 4612 1852 4675 τοιούτοις
1879 4615 1907 4666 6

314 4697 512 4770 Σωτὴρ
545 4698 759 4767 ἔλεγεν·
793 4719 810 4750 ι
834 4700 1019 4771 ’Υμῶν
1047 4700 1105 4754 δὲ
1129 4701 1224 4755 καὶ
1247 4702 1303 4754 αί
1328 4702 1513 4775 τρίχες
1535 4702 1632 4774 τῆς
1662 4703 1905 4774 κεφαλῆς

314 4792 491 4845 πᾶσαι
531 4792 908 4863 ἠριθμημέναι
950 4793 1106 4846 είσίν.
1140 4812 1159 4844 ι
1197 4793 1319 4847 Τῶν
1352 4795 1463 4865 γὰρ
1496 4796 1677 4850 αὐτῶν
1724 4795 1903 4867 μαθη-

2012 4607 2202 4674 fuere;
2236 4617 2296 4661 ut
2339 4622 2408 4662 ne
2450 4607 2779 4663 raderentur
2803 4608 3070 4663 novacula
3100 4608 3473 4672 inimicorum,
3500 4608 3597 4678 qui

2011 4702 2393 4771 perambulant
2436 4708 2490 4757 et
2518 4702 2849 4755 conculcant
2886 4717 3104 4756 omnem
3132 4700 3392 4755 verticem
3426 4700 3597 4770 capil—

2010 4794 2181 4848 latum
2216 4794 2523 4848 revolutum
2549 4793 2605 4846 in
2628 4791 2845 4849 delictis
2870 4792 3011 4862 ejus.

312 4884 426 4938 τῶν
454 4886 549 4939 καὶ
580 4886 785 4957 ἑκάστη
815 4886 937 4960 θρὶξ
968 4886 1062 4939 τοῦ
1090 4888 1421 4958 τιμιωτέρου
1453 4890 1657 4961 μέρους
1683 4889 1777 4944 τοῦ
1807 4888 2089 4961 σώματος,
2132 4887 2208 4950 ὼς
2235 4886 2511 4955 ἀναγκαία
2544 4884 2638 4938 καὶ
2706 4885 2895 4957 κόσμῳ
2959 4883 3052 4938 τοῦ
3113 4883 3315 4949 παντὸς
3350 4882 3595 4956 συμϐαλ-

314 4981 540 5053 λομένη,
571 4982 804 5053 ἀριθμοῦ
850 4983 1184 5053 κατηξίωται
1216 4982 1362 5037 θείου
1390 4986 1482 5038 καὶ
1517 4986 1764 5058 φυλακῆς
1787 5004 1801 5017 ·
1832 4986 1908 5048 ὼς
1945 4982 2010 5036 ἂν
2039 4983 2115 5055 μὴ
2151 4980 2426 5054 ξυρηθῶσι
2450 4980 2531 5051 τῷ
2564 4978 2712 5052 ξυρῷ
2727 4978 2837 5033 τῶν
2881 4979 3091 5052 ἐχθρῶν
3148 4979 3257 5034 τῶν
3286 4982 3595 5056 ἐμπεριπα-

312 5078 552 5133 τούντων
576 5078 1035 5133 καταπατούντων
1069 5081 1253 5134 πᾶσαν
1276 5079 1522 5151 κορυφὴν
1544 5081 1788 5152 έντριχον
1812 5081 1912 5153 τὴν
1950 5078 2435 5152 ἀναστρεφομένην
2467 5078 2525 5132 ἐν
2559 5076 2665 5149 πλη
2675 5076 2959 5149 μμελείαις
2984 5077 3175 5148 αὐτῆς.

393 5216 411 5245 ε
444 5191 579 5247 Εἶπε
632 5194 836 5266 Κύριος
860 5212 872 5224 ·
893 5195 988 5248 Ἐκ
1011 5195 1192 5250 Βασάν
1223 5196 1560 5269 ἐπιστρέψω,
1589 5197 1903 5269 ἐπιστρέψω

317 5288 376 5340 ἐν
414 5286 593 5357 βυθοῖς
622 5286 917 5359 θαλάσσης.
946 5307 964 5339 ι
1002 5287 1172 5341 Πάλιν
1220 5288 1497 5343 κάνταῦθα
1542 5308 1560 5339 ι
1591 5291 1620 5341 6
1647 5289 1847 5360 Κύριος
1880 5309 1897 5342 ι

314 5381 377 5435 ού
397 5378 487 5432 διὰ
506 5380 928 5452 τετραγράμμου
953 5384 1082 5454 παρ’
1107 5382 1375 5454 Ἑϐραίοις
1398 5381 1802 5453 ἐκπεφώνηται,
1818 5382 1906 5437 διὰ

315 5472 375 5525 δὲ
401 5471 509 5525 τῶν
532 5472 852 5545 κοινοτέρων
888 5474 1187 5545 στοιχείων.
1224 5475 1363 5545 Ἤδη
1416 5475 1474 5529 δὲ
1498 5475 1682 5547 τρίτον
1716 5475 1905 5531 τοῦτον

317 5564 589 5635 ἐδήλωσεν
614 5568 647 5635 ἡ
670 5565 918 5636 παροῦσα
938 5567 1127 5637 Γραφὴ
1152 5568 1427 5635 ἐφιστῶσα
1456 5567 1547 5621 τὸν
1578 5568 1653 5631 ὼς
1678 5567 1743 5621 ἂν
1764 5570 1907 5624 εἴποι

315 5673 423 5721 τις,
457 5658 707 5727 δεύτερον
738 5657 959 5729 Κύριον.
979 5659 1130 5713 Ἐπεὶ
1158 5663 1250 5715 καὶ
1283 5663 1341 5715 ἐν
1365 5660 1445 5732 τῷ
1478 5663 1739 5731 φάσκοντι
1770 5662 1906 5733 ψαλ-

392 5814 437 5846 δο
466 5813 567 5871 Job
604 5832 833 5878 xxxvul.
870 5816 954 5885 ιο,
995 5817 1082 5873 l7.
1159 5817 1418 5875 “Matth.
1456 5834 1512 5886 ι,
1550 5819 1639 5875 30.

2080 5194 2249 5252 Vens.
2284 5196 2374 5250 25.
2424 5215 2442 5247 ι
2482 5195 2630 5250 Dixit
2681 5194 2963 5262 Dominus,
3010 5192 3089 5248 L1
3125 5192 3309 5250 Basan
3363 5208 3592 5249 conver-

2010 5299 2141 5355 tam,
2168 5298 2482 5347 convertam
2512 5291 2568 5345 in
2604 5288 2934 5360 profundum
2966 5289 3157 5343 maris.
3188 5307 3208 5340 ι
3251 5287 3349 5341 Hic
3372 5301 3591 5341 rursum

2016 5405 2033 5437 ι
2065 5385 2354 5448 Dominus,
2389 5404 2407 5436 ι
2440 5400 2549 5439 non
2578 5385 2669 5438 illa
2694 5391 2933 5454 quatuor
2970 5383 3275 5437 litterarum
3294 5396 3424 5435 voce
3449 5378 3591 5447 apud

2013 5478 2271 5534 liebrteos
2300 5477 2645 5547 exprimitur,
2690 5476 2784 5531 sed
2826 5475 3295 5531 communioribus
3345 5473 3588 5527 elemen-

2011 5572 2101 5627 tis.
2134 5568 2366 5639 Jamque
2397 5570 2558 5625 tertio
2586 5571 2732 5625 hunc
2756 5584 2997 5641 prmscns
3030 5566 3303 5635 scriptura
3340 5564 3587 5618 nomina-

2010 5664 2110 5731 vit,
2135 5664 2550 5735 secundumque
2574 5664 2865 5721 Dominum
2886 5701 2901 5729 ,
2950 5668 3009 5714 ut
3048 5657 3322 5730 quispiam
3365 5654 3589 5722 dixerit,
