4068 6516
526 326 636 386 ’107

1241 324 1512 383 EUSEBll
1552 323 2031 381 CAESARIENSIS
2068 327 2219 383 OPP.
2262 328 2442 382 PARS
2480 328 2567 383 ΠΙ.
2608 360 2678 368 -
2716 328 3131 386 EXEGETICA.

3696 333 3799 389 708

528 444 766 501 induxit.
801 444 1082 514 Siquidem
1113 441 1167 496 in
1190 441 1402 512 psalmo
1434 431 1525 509 qui
1563 440 1643 495 sic
1673 441 1877 496 habet:
1909 460 1927 493 ‹
1959 441 2092 496 Dixil

2211 446 2331 518 μῷ·
2369 467 2386 497 ι
2414 442 2549 499 Εἷπε
2574 444 2776 519 Κύριος
2807 445 2885 515 τῷ
2915 444 3104 516 Κυρίῳ
3130 461 3255 516 μου.
3295 446 3479 500 Κάθου
3512 447 3575 501 ἐκ
3608 448 3797 515 δεξιῶν

528 537 794 591 Dominus
853 534 1083 588 Domino
1113 548 1236 587 meo
1271 551 1287 585 :
1330 531 1469 586 Sede
1505 547 1534 584 a
1569 531 1778 587 dextris
1803 534 2038 597 meis",
2079 554 2098 586 ι

526 629 739 699 primus
782 643 879 697 per
913 625 1209 680 ineffabilia
1235 624 1376 693 apud
1415 624 1672 679 Hebraeos
1704 634 1941 695 quatuor
1989 629 2103 681 ele-

527 728 708 776 menta
746 719 1047 783 scribitur;
1079 718 1355 773 secundus
1387 725 1590 780 autem,
1617 732 1779 787 quem
1806 719 1892 774 sui
1928 718 2107 773 Domi-

525 827 656 866 num
704 809 977 879 PrOpheta
1032 808 1276 863 declarat
1316 794 1541 871 dicens:
1562 826 1581 859 ι
1612 806 1842 863 Domino
1872 819 1995 864 meo
2019 850 2035 873 ,
2080 829 2099 863 ι

524 905 646 959 aliis
678 903 965 958 elementis
997 902 1345 971 exprimitur,
1377 902 1534 971 queis
1560 900 1808 971 cujusvis
1839 902 1983 957 servi
2012 902 2105 957 do-

522 996 707 1050 minus
735 994 1102 1065 signiﬁcatur.
1131 992 1222 1048 Sic
1247 1009 1380 1064 ergo
1408 1010 1557 1048 nunc
1585 1009 1804 1064 quoque
1825 994 1939 1065 jam
1992 1003 2106 1050 ter-

522 1088 601 1142 tio
630 1088 720 1142 ille
745 1086 1031 1154 Dominus,
1060 1086 1154 1157 qui
1178 1101 1354 1156 usque
1385 1085 1453 1139 ad
1488 1085 1763 1141 infernum
1794 1087 2101 1154 descendit,

522 1180 811 1247 exitusque
854 1182 1049 1233 mortis
1085 1178 1318 1249 paravit,
1354 1176 1677 1248 vulgaribus
1726 1185 1780 1231 et
1822 1178 2102 1233 consuetis

523 1270 667 1341 apud
706 1269 963 1325 Hebr-reos
990 1270 1277 1325 elementis
1327 1268 1676 1339 exprimitur.
1733 1268 1915 1334 Quare
1947 1268 2105 1341 Sym-

521 1364 754 1418 machus
805 1363 1092 1433 δεσπότην,
1136 1363 1251 1418 sive
1287 1362 1674 1416 dominatorem
1712 1362 2103 1433 interpretatus

520 1464 626 1511 est.
663 1454 760 1509 llic
804 1470 936 1526 ergo
970 1454 1256 1517 Dominus,
1287 1453 1538 1508 videlicet
1568 1452 1661 1508 Dei
1696 1452 1955 1518 Verbum,
2006 1454 2101 1519 ait,

527 1565 549 1599 ι
582 1546 657 1600 Ex
680 1546 857 1602 Basan
889 1554 1241 1611 convertam;
1283 1565 1301 1596 ι
1344 1560 1407 1600 ac
1439 1561 1693 1610 rursum,
1724 1564 1743 1598 ι
1774 1546 2101 1601 Convertam

521 1656 586 1695 ex
620 1640 895 1711 profundo
922 1640 1109 1693 maris.
1140 1657 1158 1690 ι
1186 1638 1294 1692 Pro
1315 1639 1406 1692 illo
1426 1647 1632 1702 autem,
1663 1658 1682 1689 ‹
1713 1646 2048 1702 convertam,
2079 1657 2097 1690 ι

521 1750 586 1790 ac
616 1735 882 1797 secundo,
922 1751 941 1783 ι
972 1741 1308 1794 convertam,
1352 1751 1371 1783 ι
1413 1730 1777 1802 Symmachus
1816 1731 1897 1787 sic
1934 1732 2103 1785 inter-

2214 556 2337 610 μου,
2369 558 2386 590 ι
2417 539 2503 591 διὰ
2531 538 2638 593 τῶν
2670 539 3067 609 ἀνεκφωνήτων
3113 539 3246 608 παρ’
3288 537 3559 609 Ἑϐραίοις
3601 542 3794 596 τεττά-

2211 649 2320 703 ρων
2354 631 2630 704 στοιχείων
2658 630 2987 701 ἐγέγραπτο.
3028 628 3085 682 '0
3114 628 3171 682 δέ
3201 629 3473 699 δεύτερος,
3505 630 3565 683 ὃν
3597 632 3793 686 ἑαυτοῦ

2208 723 2413 795 Κύριον
2436 726 2464 777 6
2487 724 2772 794 προφήτης
2790 721 2977 794 ἐδήλου
3000 722 3248 790 φάσκων,
3275 721 3395 793 (Τῷ
3414 723 3606 795 Κυρίῳ
3631 744 3788 795 μου,›

2208 816 2416 888 ἐτέροις
2448 816 2733 886 στοιχείοις
2765 814 3037 887 ἐδηλοῦτο,
3070 809 3151 878 οἷς
3183 815 3276 868 καὶ
3306 816 3412 879 πᾶς
3438 818 3467 869 6
3493 818 3550 869 ἐν
3579 817 3796 890 ἀνθρώ-

2207 924 2330 970 ποις
2359 906 2545 959 δούλου
2576 906 2763 976 κύριος
2810 905 3156 976 σημαίνεται.
3192 904 3379 969 Οὕτως
3424 900 3516 959 οὖν
3556 908 3652 960 καὶ
3706 909 3795 959 ἐν-

2207 999 2381 1053 ταῦθα
2426 1000 2527 1070 ἤδη
2563 999 2743 1070 τρίτον
2792 1000 2820 1051 6
2874 997 3067 1069 μέχρις
3106 996 3233 1069 ᾅδου
3283 997 3529 1061 καταϐὰς
3571 1000 3667 1051 καλ⁵
3710 998 3793 1052 δι-

2207 1092 2419 1156 εξόδους
2457 1090 2687 1144 θανάτου
2721 1090 3089 1160 πεποιημένος
3139 1090 3345 1161 Κύριος
3392 1090 3479 1143 διά
3523 1090 3633 1142 τῶν
3662 1094 3794 1163 παρ’

2219 1184 2486 1256 Ἑϐραίοις
2532 1182 2725 1245 κοινῶς
2754 1180 3115 1255 γρανψομένων
3150 1182 3426 1251 στοιχείων
3456 1178 3791 1252 ὠνόμασται.

2206 1274 2406 1345 Διόπερ
2432 1276 2460 1326 6
2489 1272 2781 1343 Σύμμαχος
2814 1290 2831 1321 ‹
2861 1271 3128 1341 δεσπότην
3160 1290 3177 1320 ι
3210 1272 3559 1343 ήρμήνευσεν
3606 1272 3789 1325 αὐτόν.

2207 1362 2375 1431 Οὗτος
2402 1363 2492 1421 οὖν
2514 1369 2542 1420 6
2574 1366 2798 1438 Κύριος,
2824 1364 2985 1427 αὐτὸς
3013 1366 3041 1416 6
3067 1364 3161 1418 τοῦ
3196 1364 3331 1416 Θεοῦ
3368 1365 3537 1433 Λόγος
3565 1365 3790 1436 δηλαδὴ,

2206 1455 2325 1511 εἷπε
2339 1475 2352 1487 ·
2366 1477 2384 1507 ι
2408 1458 2502 1510 Ἐκ
2515 1457 2697 1509 Βασὰν
2714 1455 3044 1525 ἐπιστρέψω·
3061 1454 3182 1507 »καὶ
3199 1454 3361 1508 πάλιν
3376 1471 3388 1483 ’
3403 1472 3420 1504 ι
3446 1454 3792 1525 Ἐπιστρέψω

2205 1552 2269 1603 ἐκ
2294 1550 2467 1620 βυθῶν
2496 1550 2825 1621 θαλάσσης.)
2847 1550 2991 1602 Ἀντί⁹
3015 1549 3071 1602 δέ
3091 1548 3208 1613 τοῦ,
3236 1568 3254 1600 ι
3286 1548 3621 1620 ἐπιστρέψω,
3648 1569 3665 1600 ι
3697 1549 3791 1601 καὶ

2203 1645 2298 1698 τοῦ
2328 1645 2599 1718 δεύτερον,
2632 1665 2651 1696 ι
2676 1644 3009 1717 ἐπιστρέψω,
3042 1663 3060 1696 ι
3097 1645 3125 1696 6
3152 1643 3447 1714 Σύμμαχος
3472 1643 3661 1696 τοῦτον
3692 1645 3789 1714 ἡρ-

2208 1740 2442 1811 μήνευσε
2462 1740 2552 1793 τὸν
2583 1739 2784 1811 τρόπον
2804 1756 2817 1769 ⁸
2847 1757 2866 1791 ι
2894 1734 3027 1791 Εἶπε
3054 1738 3261 1810 Κύριος
3278 1756 3289 1767 υ
3310 1738 3440 1790 Ἀπὸ
3462 1737 3643 1790 Βασὰν
3671 1740 3790 1789 ἐπι-

520 1832 790 1897 pretatur,
830 1843 848 1875 ι
880 1823 1027 1877 Dixit
1058 1822 1320 1875 Dominus
1350 1840 1366 1875 :
1408 1820 1483 1873 Ex
1525 1819 1703 1874 Basan
1734 1828 2011 1885 revertar,
2048 1828 2092 1876 et

2206 1797 2443 1902 στρέψω,
2471 1830 2567 1883 καὶ
2594 1797 2931 1901 ἀναστρέψαι
2974 1797 3187 1899 ποιὴσῶ
3232 1797 3340 1881 άπὺ
3378 1827 3552 1897 βυθῶν
3587 1827 3788 1881 θαλάσ-

521 1916 719 1971 reverti
770 1916 965 1969 faciam
1013 1930 1079 1969 ex
1130 1912 1404 1982 profundo
1453 1911 1642 1965 maris.
1682 1931 1700 1963 ι
1740 1908 1936 1965 Viden‘
1980 1927 2102 1981 quae

519 2020 686 2075 opera
728 2003 962 2059 ediderit
1010 2001 1276 2058 Dominus
1314 2017 1441 2056 eum
1490 1998 1869 2055 descendisset
1894 2000 1949 2054 in
1976 2016 2103 2071 pro-

519 2097 750 2157 fundum
775 2097 982 2153 maris?
1011 2096 1293 2167 Confregit
1316 2094 1493 2165 capita
1523 2093 1825 2148 draconum
1856 2093 1911 2146 in
1936 2108 2099 2163 aqua,

519 2205 733 2248 necnon
764 2189 992 2260 capillos
1023 2188 1372 2243 inimicorum
1405 2202 1655 2249 suorum,
1678 2185 1773 2255 qui
1796 2204 1815 2235 ‹
1844 2185 2097 2240 verticem

517 2284 833 2354 capillatum
868 2283 925 2336 in
963 2281 1182 2337 delictis
1213 2300 1231 2331 ι
1266 2278 1700 2344 conculcabant;
1731 2278 1931 2332 reverti
1974 2276 2100 2331 fecit

517 2393 585 2431 ex
633 2376 811 2431 Basan
842 2383 896 2430 et
940 2390 1005 2429 ex
1035 2373 1308 2445 profundo
1356 2372 1527 2426 maris
1571 2373 1785 2427 animas
1821 2371 1946 2426 istic
1968 2370 2100 2425 olim

518 2470 820 2523 demersas.
870 2466 1048 2521 Basan
1096 2473 1280 2519 autem
1315 2464 1623 2533 explicatur
1668 2460 1992 2533 ignominia,
2044 2462 2099 2514 in

516 2575 684 2633 quam
735 2559 996 2629 delapsus
1045 2564 1129 2613 est
1171 2556 1437 2610 Dominus
1487 2570 1585 2626 per
1636 2560 1937 2609 memorata
1989 2552 2101 2607 ele-

515 2662 702 2707 menta
749 2652 1045 2713 indicatus,
1089 2650 1182 2720 qui
1228 2649 1591 2719 ignominiam
1628 2646 1961 2718 contempsit
2000 2661 2100 2716 pro

516 2748 694 2802 salute
723 2761 913 2801 eorum
946 2746 1037 2814 qui
1071 2745 1195 2800 istic
1238 2743 1293 2797 in
1343 2742 1659 2813 captivitate
1681 2741 1887 2795 detenti
1918 2748 2096 2795 erant.

515 2840 883 2909 Quamobrem
932 2839 1137 2892 dicitur
1166 2856 1179 2892 :
1210 2855 1229 2887 ι
1268 2835 1413 2890 Dixit
1462 2834 1765 2890 Dominus:
1800 2832 1878 2887 Ex
1917 2832 2097 2888 Basan

513 2940 1187 2998 eonvertam,convertam
1216 2945 1281 2984 ex
1308 2927 1583 2999 profundo
1613 2927 1822 2982 maris:
1851 2945 1869 2979 ι
1897 2925 2096 2981 deinde

514 3026 809 3095 adjicitur:
840 3043 859 3075 ι
894 3022 965 3079 Ut
997 3024 1300 3093 intingalur
1349 3036 1446 3091 pes
1481 3029 1607 3076 tuus
1635 3019 1693 3074 in
1736 3020 2023 3090 sanguine.
2067 3037 2087 3071 ι

2206 1939 2325 1994 σης.
2359 1940 2377 1973 ι
2426 1921 2593 1994 Ὀρᾷς
2624 1922 2785 1974 ὁποῖα
2837 1918 3235 1992 κατορθώματα
3280 1919 3572 1992 εἰργάσατο
3618 1937 3787 1975 κατα-

2201 2013 2305 2078 ϐάς
2352 2014 2434 2077 εἰς
2465 2014 2590 2077 τοὺς
2632 2012 2827 2083 βυθοὺς
2853 2012 2954 2083 τῆς
2993 2011 3266 2083 θαλάσσης
3296 2013 3323 2064 6
3368 2010 3608 2082 Κύριος;
3663 2030 3786 2066 συν-

2202 2106 2393 2160 έθλασε
2425 2106 2523 2170 τὰς
2556 2104 2798 2175 κεφαλάς
2830 2104 2939 2158 τῶν
2977 2104 3284 2177 δρακόντων
3310 2104 3400 2157 ἐπὶ
3432 2104 3525 2158 τοῦ
3570 2104 3784 2169 ὓδατος,

2204 2199 2297 2253 καί
2325 2198 2423 2263 τὰς
2452 2198 2643 2270 τρίχας
2665 2197 2771 2250 τῶν
2798 2196 3006 2268 ἐχθρῶν
3038 2195 3202 2249 αὐτοῦ
3230 2196 3342 2250 τῶν
3372 2215 3390 2248 ι
3415 2197 3515 2267 τὴν
3542 2196 3788 2268 ἕντριχον

2202 2289 2444 2361 κορυφὴν
2488 2291 2547 2341 ἐν
2592 2288 2990 2361 πλημμελείαις
3027 2307 3044 2339 ι
3089 2288 3562 2359 διαπορευομένων
3592 2303 3609 2320 ο
3659 2290 3786 2342 ἐπι-

2204 2382 2432 2454 στρέψαι
2490 2382 2546 2436 δέ
2590 2383 2761 2435 ἐποίει
2806 2381 2912 2434 ἀπὸ
2944 2380 3124 2435 Βασὰν
3170 2382 3265 2434 καὶ
3320 2381 3428 2435 ἀπὸ
3480 2380 3657 2451 βυθῶν
3688 2381 3787 2452 τῆς

2202 2473 2480 2545 θαλάσσης
2536 2474 2636 2537 τὰς
2710 2472 2878 2526 πάλαι
2951 2472 3518 2543 καταπεποντωμὲνας
3588 2474 3783 2526 αὐτόσε

2200 2565 2397 2636 ψυχάς.
2431 2565 2610 2619 Βασὰν
2643 2565 2698 2617 δέ
2729 2566 3068 2637 ἡρμήνευται
3095 2563 3347 2636 αἰσχύνη,
3376 2564 3505 2617 ἔνθα
3536 2565 3604 2618 δι’
3632 2568 3785 2637 ἡμᾶς

2201 2658 2465 2730 κατῆλθεν
2502 2659 2530 2710 6
2562 2657 2649 2711 διὰ
2690 2657 2799 2713 τῶν
2850 2658 3155 2729 εἰρημένων
3190 2657 3471 2728 στοιχείων
3519 2658 3784 2730 δηλωθεὶς

2201 2751 2427 2822 Κύριος,
2458 2751 2717 2823 αἰσχύνης
2749 2754 3169 2823 καταφρονήσας
3202 2750 3340 2822 ὺπέρ
3376 2751 3645 2821 σωτηρίας
3673 2751 3781 2803 τῶν

2201 2846 2387 2900 αύτόθι
2417 2846 2992 2917 καταδεδουλωμένων.
3018 2846 3109 2899 Διὸ
3138 2845 3388 2899 λέλεκται
3412 2864 3426 2876 ·
3458 2865 3477 2898 ι
3508 2840 3642 2899 Εἶπε
3671 2848 3783 2900 Κύ-

2203 2957 2316 3011 ριος
2341 2956 2353 2968 ·
2396 2940 2491 2993 Ἐκ
2524 2937 2702 2991 Βασάν
2748 2938 3058 3011 ἐπιστρέψω
3086 2979 3101 2996 ,
3147 2938 3459 3010 ἐπιστρέψω
3507 2940 3571 2991 ἐκ
3604 2938 3783 3009 βυθῶν

2203 3029 2476 3103 θαλάσσης
2499 3048 2511 3060 ·
2546 3050 2563 3082 ι
2598 3026 2695 3083 εἷθ’
2724 3029 2851 3100 ἐξῆς
2875 3029 3161 3083 λέλεκται·
3208 3050 3227 3081 ‹
3261 3032 3446 3093 Ὅπως
3477 3030 3542 3083 ἂν
3578 3031 3723 3103 βαφῇ
3754 3033 3782 3084 6

511 3116 619 3173 Pro
648 3134 757 3188 quo
801 3114 1164 3188 Symmachus
1187 3116 1605 3184 interpretatur.
1645 3130 1665 3164 ι
1699 3110 2091 3183 Utconl‘ringa-

2203 3123 2338 3188 ποῦς
2387 3141 2480 3177 σου
2534 3126 2591 3177 ἐν
2621 3124 2834 3194 αἵματι.
2868 3142 2885 3174 ι
2929 3122 3070 3175 Ἀνθ’
3117 3117 3177 3177 οὗ
3203 3126 3232 3177 6
3276 3123 3570 3195 Σύμμαχος
3601 3125 3783 3197 ἡρμή-

513 3221 602 3266 tur
626 3226 721 3282 pes
750 3217 879 3265 tuus
899 3225 1025 3264 cum
1055 3208 1342 3277 sanguine,
1367 3213 1421 3260 et
1449 3205 1654 3259 lambat
1679 3205 1864 3274 lingua
1893 3219 2090 3259 canum

512 3312 731 3357 tuorum
763 3302 830 3356 ab
863 3315 1193 3372 unoquoque
1229 3297 1581 3352 inimicorum
1610 3305 1857 3353 tuorum.
1898 3318 1917 3350 ι
1957 3295 2093 3352 Nam

511 3409 637 3448 cum
694 3392 949 3448 inimicos
1002 3406 1136 3448 suos
1188 3392 1515 3453 contereret,
1572 3397 1627 3444 et
1671 3391 1851 3461 capita
1902 3404 2092 3445 eorum

510 3486 908 3556 confringeret,
939 3484 1129 3557 pedem
1158 3499 1319 3540 suum
1349 3483 1619 3554 sanguine
1653 3498 1721 3538 ex
1768 3483 1946 3554 capite
1989 3483 2095 3537 ini-

504 3579 638 3641 mici
673 3579 757 3633 sui
789 3576 992 3631 ﬂuente
1022 3576 1285 3647 replebat.
1311 3574 1494 3642 Quare
1550 3577 1606 3630 in
1661 3574 1801 3630 lsaia
1848 3576 2087 3631 dicitur:

513 3689 535 3722 ι
575 3668 713 3738 Quis
765 3676 851 3724 est
901 3668 989 3722 hic
1044 3667 1139 3737 qui
1186 3667 1337 3722 venit
1382 3684 1449 3724 ex
1505 3666 1703 3732 Edom,
1734 3668 1902 3722 rubor
1925 3668 2093 3722 vesti-

508 3770 816 3817 mentorum
846 3776 911 3816 ex
945 3759 1117 3815 Bosor
1131 3760 1217 3815 “?
1244 3780 1262 3813 ι
1303 3774 1366 3814 ac
1400 3759 1597 3816 deinde
1624 3779 1637 3814 :
1675 3778 1694 3810 ‹
1720 3758 1902 3826 Quare
1927 3761 2090 3815 rubra

506 3858 835 3912 vestimenta
860 3863 975 3921 tua,
1004 3862 1059 3910 et
1106 3854 1426 3909 indumenta
1450 3862 1543 3908 tua
1574 3852 1720 3908 sicut
1749 3853 1945 3908 calcati
1976 3860 2091 3907 tor-

507 3947 735 4011 cularis,
768 3946 962 4017 plenus
993 3946 1419 4002 conculcata“?
1455 3967 1472 3999 ι
1513 3946 1714 4000 Postea
1766 3946 2088 4016 rogantibus

506 4039 583 4093 ita
619 4038 914 4107 respondet
946 4056 958 4090 2
998 4056 1017 4088 ι
1059 4036 1278 4092 Calcavi
1312 4038 1462 4107 ipsos
1490 4038 1545 4091 in
1596 4037 1784 4091 furore
1818 4051 1942 4090 meo
1964 4036 2029 4091 ".
2064 4056 2082 4088 ι

504 4126 607 4183 Hic
652 4128 780 4182 item
830 4136 958 4197 post
995 4128 1204 4182 calcata
1256 4127 1557 4182 draconum
1595 4128 1799 4198 capita,
1834 4126 2037 4181 dicitur
2069 4147 2083 4183 :

508 4239 529 4272 ι
562 4218 635 4275 Ut
685 4218 1065 4289 confringatur
1115 4234 1212 4289 pes
1254 4227 1385 4274 tuus
1430 4234 1554 4273 cum
1605 4219 1892 4289 sanguine,
1923 4238 1941 4270 ι
1977 4218 2083 4285 vel,

510 4329 530 4362 ι
571 4309 642 4365 Ut
675 4311 979 4381 intingatur
1003 4325 1101 4379 pes
1133 4318 1262 4365 tuus
1285 4310 1340 4364 in
1366 4310 1655 4381 sanguine,
1687 4317 1741 4365 et
1778 4310 1964 4381 lingua
1990 4324 2083 4365 ca-

504 4419 633 4459 num
658 4412 876 4458 tuorum
903 4420 970 4459 ex
995 4402 1233 4457 inimicis
1265 4403 1333 4457 ab
1360 4403 1498 4472 ipso.
1541 4422 1559 4454 ι
1603 4400 1711 4456 Pro
1741 4417 1850 4472 quo
1878 4402 2081 4458 clarius

2197 3233 2385 3269 νευσεν
2412 3216 2607 3270 εἰπὼν·
2644 3236 2662 3267 ι
2696 3216 2883 3279 Ὅπως
2914 3214 3263 3288 συγκατεάξῃ
3293 3217 3321 3269 6
3354 3215 3489 3279 ποῦς
3520 3234 3609 3269 σου
3643 3216 3783 3287 μετὰ

2196 3311 2446 3381 αἵματος,
2490 3308 2584 3363 καὶ
2630 3308 2774 3380 λάψῃ
2818 3307 3105 3380 ήγλῶσσα
3150 3307 3256 3360 τῶν
3302 3308 3479 3361 κυνῶν
3534 3326 3625 3361 σου
3674 3310 3783 3362 ἀπὸ

2195 3402 2426 3454 ἑκάστου
2482 3399 2590 3453 τῶν
2640 3399 2849 3473 ἐχθρῶν
2899 3416 3012 3452 σου.
3062 3418 3080 3450 ι
3145 3399 3453 3470 Συντρίόων
3499 3400 3607 3471 γὰρ
3654 3402 3782 3464 τοὺς

2196 3488 2391 3544 ἐαυτοῦ
2438 3488 2666 3561 ἐχθροὺς
2697 3489 2793 3542 καὶ
2839 3488 2938 3552 τὰς
2990 3486 3232 3557 κεφαλὰς
3280 3486 3457 3540 αὐτῶν
3512 3487 3778 3549 συνθλῶν,

2194 3582 2434 3653 ἐπλήρου
2480 3580 2573 3633 τὸν
2606 3578 2798 3633 ἐαυτοῦ
2844 3578 2980 3630 πόδα
3012 3578 3264 3647 αἵματος,
3298 3574 3391 3627 τοῦ
3439 3577 3503 3628 ἐκ
3530 3575 3638 3627 τῶν
3688 3592 3781 3629 κε-

2194 3672 2381 3741 φαλῶν
2428 3669 2524 3724 τοῦ
2560 3671 2755 3743 ἐχθροῦ
2808 3668 2972 3723 αὑτοῦ
3028 3668 3267 3740 ῥυέντος.
3321 3666 3413 3719 Διὸ
3463 3666 3680 3735 ἐλέγετο
3720 3669 3780 3721 ἐν

2204 3764 2436 3834 Ἡσαΐᾳ·
2476 3783 2493 3814 ι
2529 3764 2624 3826 Τίς
2654 3756 2811 3825 οὗτος
2862 3764 2891 3815 6
2939 3760 3386 3832 παραγενόμενος
3436 3755 3497 3822 ἐξ
3561 3756 3775 3827 Eadm"

2192 3859 2442 3930 ἐρύθημα
2480 3858 2711 3929 ἱματίων
2742 3859 2805 3909 ἐκ
2827 3854 2997 3926 Βοσόρ
3023 3870 3036 3918 ;
3067 3874 3084 3904 ι
3111 3853 3204 3906 καὶ
3234 3850 3360 3921 ἐξῆς
3380 3869 3393 3882 ·
3418 3870 3437 3904 ι
3464 3850 3562 3904 Διὰ
3595 3851 3646 3902 τί
3684 3866 3778 3901 σου

2191 3948 2395 4020 ἐρυθρὰ
2434 3948 2502 4000 τὰ
2532 3948 2740 4018 ἱμάτια,
2787 3945 2877 4000 καὶ
2907 3946 2975 3998 τὰ
3009 3942 3281 4014 ἐνδύματα
3310 3960 3401 3995 σου
3444 3941 3519 4004 ῶς
3555 3941 3777 3993 ἀποπα-

2188 4041 2353 4113 τητοῦ
2378 4038 2561 4110 ληνοῦ,
2588 4038 2801 4110 πλήρης
2828 4054 3044 4105 πεπατη
3057 4035 3221 4106 μένης
3246 4050 3261 4098 ;
3292 4052 3310 4084 ι
3336 4028 3449 4085 Εἶθ’
3479 4031 3607 4103 ἐξῆς
3638 4032 3776 4084 ἀπο-

2191 4135 2436 4207 κρίνεται
2469 4131 2603 4205 πρὸς
2630 4132 2754 4195 τοὺς
2783 4130 3186 4203 ἐρωτήσαντας,
3222 4127 3317 4180 καί
3354 4143 3521 4197 φησι·
3568 4144 3587 4175 ι
3620 4127 3775 4178 Κατ-

2190 4226 2441 4296 επάτησα
2466 4224 2662 4287 αὐτοὺς
2696 4225 2754 4275 ἐν
2783 4222 2939 4293 θυμῷ
2973 4239 3096 4293 μου.
3150 4239 3168 4271 ι
3197 4220 3307 4273 Καὶ
3341 4215 3576 4272 ἐνταῦθα
3592 4215 3774 4268 τοίνυν

2191 4316 2330 4389 μετὰ
2375 4314 2471 4385 τὴν
2522 4312 2811 4385 συντριϐὴν
2842 4312 2951 4365 τῶν
2999 4309 3253 4381 κεφαλῶν
3295 4306 3405 4361 τῶν
3464 4305 3776 4376 δρακόντων

2189 4410 2461 4462 λέλεκται·
2498 4426 2515 4457 ι
2550 4406 2734 4469 Ὅπως
2765 4403 2830 4458 ἂν
2878 4402 3226 4475 συγκατεάξῃ
3255 4402 3283 4454 6
3315 4398 3449 4462 ποῦς
3486 4412 3581 4450 σου
3634 4396 3775 4467 μετὰ

504 4492 870 4566 Symmachus
905 4494 1295 4562 interpretatus
1330 4502 1414 4548 est
1457 4492 1669 4555 dicens,
1707 4510 1725 4543 ‹
1765 4491 1831 4545 Ει
1872 4493 2079 4548 lambat

2197 4503 2436 4572 ιῖματος,
2452 4521 2469 4552 ι
2490 4500 2546 4570 ἦ,
2567 4500 2786 4562 «Ὅπως
2809 4498 2953 4569 βαφῇ
2977 4500 3004 4550 6
3023 4496 3155 4559 ποῦς
3179 4512 3271 4549 σου
3299 4496 3355 4547 ἐν
3382 4493 3593 4563 αἵματι,
3613 4491 3710 4543 καὶ
3736 4496 3769 4561 ὴ

502 4586 686 4658 lingua
715 4602 913 4641 canum
950 4594 1193 4648 tuorum,
1225 4586 1294 4641 ab
1343 4600 1677 4655 unoquoque
1724 4585 2080 4640 inimicorum

500 4688 742 4735 tuorum.
787 4700 805 4732 ι
843 4678 1022 4735 Canes
1059 4694 1223 4749 porro
1256 4678 1471 4733 Domini
1525 4677 1850 4748 sanguinem
1893 4678 2079 4731 inimi-

498 4788 689 4827 corum
724 4771 845 4841 ejus
880 4771 1204 4836 lambentes,
1242 4786 1382 4840 quos
1410 4784 1534 4824 esse
1564 4769 1796 4832 dixeris,
1826 4769 1931 4823 nisi
1958 4785 2076 4839 gre-

497 4866 582 4935 gis
630 4864 804 4935 ipsius
844 4864 1103 4919 custodes
1148 4863 1440 4934 pervigiles
1486 4862 1580 4932 qui
1630 4861 1931 4916 Ecclesiam
1959 4860 2079 4930 ejus

497 4964 742 5022 tuentur,
797 4959 913 5012 sive
940 4958 1166 5012 ultrices
1212 4955 1481 5027 quasdam
1527 4956 1782 5017 virtutes,
1810 4968 1930 5022 qua:
1956 4968 2083 5008 con-

495 5048 738 5104 terendis
772 5049 1010 5105 inimicis
1025 5049 1145 5119 ejus
1171 5048 1516 5111 incumbunt,
1536 5061 1763 5117 quaeque
1776 5046 2075 5116 perniciem

498 5158 689 5196 eorum
720 5142 1124 5213 quodammodo
1148 5140 1442 5213 degustare
1465 5139 1760 5211 satagunt?

2179 4592 2401 4663 γλῶσσα
2457 4589 2564 4643 τῶν
2599 4589 2776 4643 κυνῶν
2831 4606 2922 4641 σου
2981 4588 3040 4653 ἐξ
3096 4586 3306 4658 ἐχθρῶν
3355 4586 3481 4656 παρ’
3519 4582 3707 4637 αὐτοῦ.
3748 4601 3768 4631 ι

2193 4684 2334 4739 Ἀνθ“
2365 4676 2425 4736 οὗ
2461 4682 2781 4754 λευκότερον
2809 4684 2837 4735 6
2859 4681 3154 4752 Σύμμαχος
3185 4679 3531 4750 ἡρμήνευσεν
3557 4674 3730 4727 εἰπών
3755 4690 3769 4703 ο

2184 4796 2202 4828 ι
2232 4778 2344 4829 Καὶ
2376 4775 2519 4846 mea
2548 4777 2582 4845 ή
2621 4774 2840 4843 γλῶσσα
2885 4772 2993 4827 τῶν
3032 4771 3211 4826 κυνῶν
3242 4769 3334 4823 σου
3381 4768 3488 4822 ἀπὸ
3536 4766 3772 4819 ἑκάστου

2178 4868 2286 4921 τῶν
2318 4867 2528 4940 ἐχθρῶν
2576 4884 2689 4920 σου.
2723 4887 2740 4918 ι
2777 4867 2959 4931 Κύνας
2993 4866 3050 4919 δὲ
3083 4864 3176 4917 τοῦ
3226 4861 3428 4933 Κυρίου
3463 4859 3773 4920 λάπτοντας

2178 4960 2238 5011 τὸ
2260 4954 2399 5029 αἷμα
2431 4959 2539 5013 τῶν
2571 4957 2782 5030 ἐχθρῶν
2814 4956 2977 5010 αὑτοῦ
3010 4955 3164 5017 τίνας
3191 4952 3257 5007 ἂν
3285 4952 3458 5012 εἴποις
3490 4950 3523 5019 ἢ
3554 4950 3682 5011 τοὺς
3704 4948 3773 5000 ti

2184 5050 2410 5120 ποίμνια
2454 5048 2621 5103 αὐτοῦ
2658 5048 3020 5119 φυλάττοντας
3054 5045 3299 5115 φύλακάς
3336 5058 3489 5104 τινας
3536 5040 3771 5110 ἐγρηγό-

2185 5159 2332 5213 ρους,
2360 5142 2457 5214 τὴν
2490 5141 2815 5211 Ἐκκλησίαν
2849 5138 3012 5192 αὑτοῦ
3049 5136 3439 5208 φρουροῦντας,
3460 5132 3493 5203 ἢ
3518 5148 3766 5202 τιμωρη·

491 5238 652 5303 τικάς
670 5256 822 5302 τινας
845 5239 1103 5310 δυνάμεις
1127 5235 1566 5309 ἐπεμϐαινούσας
1591 5237 1657 5306 τῇ
1715 5233 1976 5306 συντριϐῇ
2002 5235 2112 5289 τῶν
2150 5237 2361 5310 ἐχθρῶν
2389 5238 2554 5292 αὐτοῦ
2572 5278 2588 5303 ,
2647 5237 2741 5290 καὶ
2773 5235 2961 5306 ῶσπερ
3009 5230 3373 5301 ἀπογεύεσθαι
3419 5226 3767 5296 πειρωμένοις

488 5335 587 5407 τῆς
620 5334 897 5396 ἀπωλείας
928 5333 1106 5387 αὐτῶν
1132 5349 1147 5398 ;

558 5447 726 5505 Vens.
758 5450 847 5512 ‘25,
880 5449 971 5504 26.
1007 5467 1025 5501 ι
1084 5448 1201 5503 Visi
1252 5454 1382 5502 sunt
1428 5446 1712 5515 ingressus
1749 5443 1854 5508 tui,
1904 5444 2071 5509 Deus,

486 5546 771 5615 ingressus
803 5543 893 5596 Dei
921 5543 1049 5606 mei,
1092 5540 1237 5610 regis
1272 5539 1414 5601 mei,
1443 5538 1538 5608 qui
1576 5545 1661 5591 est
1705 5537 1759 5590 in
1793 5547 2005 5592 sancto.
2046 5556 2065 5588 ι

484 5636 612 5692 Haec
639 5642 1041 5705 consequenter
1070 5631 1507 5703 pmcedentibus
1533 5630 1892 5701 adjiciuntur.
1927 5628 2069 5695 Quia

557 5794 600 5824 "
623 5790 770 5849 Psal.
797 5806 911 5859 cu,
940 5790 992 5846 ἰ.
1067 5790 1112 5823 ⁸³
1136 5789 1242 5846 lsa.
1274 5799 1428 5855 um,
1454 5788 1505 5843 l.

2253 5466 2271 5498 ι
2316 5446 2733 5518 Ἐθεωρήθησαν
2771 5447 2827 5499 αἰ
2861 5443 3077 5517 πορεῖαί
3118 5460 3233 5507 σου,
3260 5443 3411 5505 Θεὸς,
3453 5442 3508 5493 αἱ
3544 5457 3762 5511 πορειαι

2174 5536 2269 5591 τοῦ
2303 5535 2437 5589 Θεοῦ
2476 5552 2600 5607 μου,
2641 5535 2734 5589 τοῦ
2773 5534 3034 5607 βασιλέως
3066 5551 3190 5604 μου,
3233 5532 3324 5586 τοῦ
3353 5535 3409 5585 ἐν
3438 5530 3517 5601 τῷ
3551 5530 3709 5601 ἁγίῳ.
3737 5549 3755 5578 ι

2172 5631 2283 5684 Καὶ
2310 5628 2478 5683 ταῦτα
2498 5632 2610 5693 τοῖς
2643 5629 3015 5700 προλεχθεῖσιν
3044 5625 3352 5688 ἀκολούθως
3379 5612 3753 5693 ἐπενὴνεκταῖ.

1622 5788 1669 5820 ⁸⁸
1692 5787 1824 5844 ibid.
1851 5785 1905 5841 Ξ.
1982 5784 2028 5820 ⁵⁸
2057 5786 2188 5843 ibid.
2227 5788 2280 5841 ὅ.
