4068 6536
268 328 379 387 Ἷθο

1410 326 1913 385 COMMENTARIA
1954 327 2021 383 IN
2062 327 2402 385 PSALMOS.

3412 334 3539 388 ’⁸110

282 444 503 516 Ἐπειδὴ
542 444 653 517 γάρ
698 444 766 499 τά
818 444 1186 518 θεσπιζόμενα
1234 448 1365 520 πρὶν
1408 448 1659 518 γενέσθαι
1721 466 1840 521 προ·

1960 422 2105 504 εηῖιη
2136 464 2258 519 qua:
2281 449 2337 503 in
2366 446 2631 503 vaticinio
2675 446 2949 515 feruntur,
3006 456 3296 519 antequam
3349 456 3537 504 essent

269 534 560 608 εθεωρεῖτο
587 539 700 600 τοῖς
734 537 909 605 ἁγίοις
937 538 1029 591 τοῦ
1061 538 1196 591 Θεοῦ
1222 540 1545 611 προφήταις,
1582 539 1669 592 διά
1692 538 1852 593 τοῦτό

269 642 435 698 φησιν
469 626 712 695 όλόγος·
762 645 782 678 ι
828 628 1245 701 Ἐθεωρήθησαν
1288 633 1342 684 αἱ
1389 632 1603 703 πορεῖαί
1662 648 1776 694 σου,
1823 632 1852 684 6

265 721 419 784 Θεός.
448 742 467 774 ι
497 722 656 775 Ποῖαι
681 722 735 775 δὲ
760 727 1003 795 πορεῖαι;
1038 723 1173 777 ἀλλὰ
1202 724 1390 797 πρώτη
1429 724 1533 796 μὴν
1565 727 1599 797 ἠ
1628 726 1852 791 κάθοδος

258 811 487 884 αὐτοῦὴ
527 813 585 866 ὲν
615 812 783 877 Σιναῒ,
813 816 907 867 καὶ
941 814 1103 869 πάλιν
1144 816 1177 885 ἡ
1211 815 1474 879 ἀνάϐασις
1503 820 1535 888 ή
1582 819 1662 881 είς
1696 818 1849 887 ὕψος,

265 904 364 960 καὶ⁹
396 901 554 969 αὖθις
593 908 625 977 ἡ
649 906 924 979 κάθοδοςή
951 909 1044 961 ἐπὶ
1069 908 1249 962 Βασὰν
1291 910 1385 963 καὶ
1427 912 1459 981 ἡ
1495 909 1704 963 ἐκεῖθεν
1726 914 1849 964 ἐπι-

264 997 505 1071 στροφὴ,
555 999 590 1069 ἦ
631 1017 689 1053 τε
738 1000 900 1071 μέχρι
949 1000 1043 1054 τοῦ
1095 1002 1327 1055 Θανάτου
1375 1002 1707 1068 κατάϐασις,
1756 1004 1850 1056 καὶ

262 1088 514 1141 ἐντεῦθεν
564 1089 784 1155 διέξοδοι
830 1091 1032 1154 αὑτοῦ,
1081 1093 1175 1145 καὶ
1212 1094 1305 1145 ἐπὶ
1342 1094 1566 1163 πᾶσινὴ
1616 1094 1681 1146 ὲκ
1741 1093 1849 1147 τῶν

258 1181 443 1251 βυθῶν
468 1183 569 1254 τῆς
592 1182 867 1254 θαλάσσης
899 1184 1161 1247 ἐπάνοδος
1186 1200 1201 1249 ;
1228 1178 1400 1238 Αῦται
1436 1187 1607 1238 πᾶσαι
1634 1188 1847 1257 πορεῖαι

259 1271 403 1346 ἦσαν
437 1275 531 1329 τοῦ
564 1275 891 1347 δηλουμένου
932 1276 1162 1349 Κυρίου,
1194 1278 1396 1341 αἵτινες
1433 1281 1545 1342 τοῖς
1585 1278 1677 1331 τοῦ
1712 1277 1845 1331 Θεοῦ

262 1370 573 1440 προφήταις
593 1367 974 1439 ὲθεωρήθησαν
998 1369 1129 1440 πρὶν
1162 1368 1413 1437 γενέσθαι
1432 1386 1445 1399 ’
1490 1368 1569 1422 διὸ
1607 1371 1699 1423 καὶ
1727 1375 1847 1435 ταῖς

260 1462 629 1531 προφητικαῖς
677 1458 1054 1531 παρεδόθησαν
1118 1460 1381 1531 Γραφαῖς.
1451 1461 1691 1524 Εἰκότως
1752 1459 1845 1516 οὖν

259 1548 504 1620 εἴρηται·
536 1567 553 1599 α
595 1548 1007 1621 Ἐθεωρήθησαν
1051 1551 1107 1603 αὶ
1157 1552 1372 1622 πορεῖαί
1402 1570 1492 1605 σου
1520 1592 1533 1617 ,
1564 1554 1593 1606 6
1630 1553 1837 1618 Θεὸς..)

258 1637 375 1694 Εἶτ’
415 1641 770 1711 άσφαλίζεται
819 1642 1086 1697 διδάσκων
1138 1643 1293 1697 ποίου
1340 1644 1474 1698 Θεοῦ
1521 1648 1577 1699 αἱ
1628 1651 1842 1719 πορεῖαι

248 1734 676 1805 ηέθεωρὴθησανο
723 1734 802 1787 διὸ
843 1734 1123 1803 ἐπιλέγει·
1173 1754 1194 1787 ‹
1226 1737 1291 1788 Αἰ
1331 1742 1543 1809 πορεῖαι
1571 1739 1665 1792 τοῦ
1704 1740 1841 1794 Θεοῦ

1954 540 2398 611 ριένὶιιεὺοηιυι·
2422 557 2450 594 a
2476 541 2683 596 sanctis
2706 539 2801 595 Dei
2830 541 3130 611 prophetis,
3154 541 3275 596 ideo
3296 540 3496 595 dicitur
3513 558 3531 595 :

1958 651 1977 683 ι
2025 630 2136 687 Visi
2194 640 2327 688 sunt
2375 635 2658 703 ingressus
2707 634 2808 697 tui,
2843 632 3007 687 Deus.
3040 653 3059 685 ι
3095 634 3196 699 Qui
3227 634 3529 705 ingressus.

1953 724 2062 778 nisi
2118 725 2353 794 primum
2412 725 2715 780 descensus
2745 726 2866 793 ejus
2907 727 2961 780 in
2997 725 3171 790 Sinai,
3204 741 3270 779 ac
3310 741 3532 779 rursum

1952 831 2220 872 ascensus
2256 818 2312 870 in
2348 817 2542 881 altum,
2580 817 2889 887 iterumque
2916 818 3217 874 descensus
3248 819 3304 872 in
3352 818 3533 872 Basan

1951 922 2014 961 ac
2044 923 2330 978 regressus
2352 908 2407 961 in
2439 908 2633 971 altum,
2665 916 2719 963 et
2758 925 2951 964 rursus
2982 910 3248 965 demissio
3278 909 3404 978 ejus
3435 926 3535 967 us-

1952 1015 2059 1069 que
2113 1000 2181 1053 ad
2239 1008 2499 1063 mortem,
2527 1008 2582 1054 et
2627 1001 2809 1055 exitus
2854 1003 3001 1057 illius
3027 1018 3090 1056 ex
3116 1018 3202 1067 ea,
3227 1018 3291 1056 ac
3335 1012 3534 1072 praeter

1952 1094 2068 1147 haec
2125 1093 2312 1147 omnia
2375 1094 2584 1149 reditus
2612 1110 2675 1148 ex
2708 1094 2982 1164 profundo
3009 1095 3210 1151 maris?
3244 1094 3305 1148 Hi
3339 1110 3533 1151 omnes

1950 1184 2233 1255 ingressus
2278 1192 2435 1238 erant
2482 1188 2768 1241 memorati
2814 1187 3051 1254 Domini,
3083 1187 3177 1257 qui
3238 1198 3529 1257 antequam

1948 1276 2278 1331 exsisterent
2308 1292 2337 1330 a
2373 1277 2655 1347 prophetis
2691 1276 2787 1331 Dei
2842 1278 2945 1333 visi
2993 1286 3123 1332 sunt
3156 1296 3168 1331 ε
3200 1294 3371 1347 quare
3404 1292 3531 1347 pro-

1948 1366 2181 1436 pheticis
2210 1367 2266 1421 in
2320 1368 2540 1438 scriptis
2569 1370 2897 1439 consignati,
2920 1377 3068 1425 sunt.
3122 1369 3255 1425 Jure
3294 1384 3425 1439 ergo
3451 1369 3531 1427 di-

1946 1467 2094 1513 ctum
2129 1468 2214 1515 est
2250 1479 2265 1515 z
2305 1478 2324 1512 ι
2362 1459 2476 1515 Visi
2510 1470 2638 1515 sunt
2666 1462 2947 1532 ingressus
2977 1462 3081 1526 tui,
3109 1462 3273 1517 Deus.
3311 1482 3329 1514 ι
3370 1460 3532 1515 Dein-

1946 1551 2122 1622 deque
2146 1568 2259 1607 rem
2283 1553 2573 1607 conﬁrmat
2602 1553 2855 1608 indicans
2880 1555 3169 1623 cujusnam
3196 1552 3289 1609 Dei
3316 1554 3531 1624 ingres-

1946 1659 2042 1699 sus
2074 1644 2176 1699 visi
2208 1644 2447 1712 fuerint;
2482 1660 2607 1699 nam
2640 1645 2829 1715 adjicit
2860 1666 2871 1699 :
2904 1665 2920 1696 ι
2959 1646 3244 1717 Ingressus
3277 1646 3372 1703 Dei
3396 1647 3525 1709 mei,

1945 1736 2089 1806 regis
2136 1736 2265 1791 mei.
2304 1756 2324 1790 ι
2372 1735 2493 1791 Non
2539 1738 2858 1807 simpliciter
2886 1736 3011 1803 Dei,
3047 1750 3137 1794 aut
3185 1740 3330 1806 regis
3359 1780 3374 1803 ,
3431 1738 3530 1794 sed

259 1844 387 1897 μου,
422 1826 516 1880 τοῦ
544 1826 807 1897 βασιλέως
839 1846 961 1898 μου.
992 1848 1011 1880 ι
1044 1829 1119 1881 Οὐ
1165 1827 1273 1900 γὰρ
1303 1830 1488 1895 ἁπλῶς
1532 1832 1690 1897 Θεοῦ,
1722 1834 1840 1887 οὐδὲ

1950 1845 1969 1877 ι
1997 1826 2089 1881 Dei
2120 1828 2250 1881 mei.
2275 1846 2292 1878 ι
2324 1825 2439 1897 Hoc
2469 1843 2635 1898 porro
2660 1828 2837 1883 simile
2870 1828 3033 1882 fuerit
3066 1828 3167 1893 illi,
3189 1847 3206 1879 ι
3238 1828 3384 1882 Dixit
3422 1829 3531 1890 Do-

256 1918 559 1987 βασιλέως,
596 1918 732 1973 ἀλλὰ
758 1919 852 1973 τοῦ
902 1939 920 1971 ι
950 1920 1085 1974 Θεοῦ
1128 1939 1250 1992 μου.
1302 1942 1321 1974 ι
1362 1922 1531 1976 Τοῦτο
1572 1924 1628 1977 δὲ
1660 1926 1842 1996 ὅμοιον

252 2011 515 2081 τυγχάνει
543 2010 653 2082 τῷ,
684 2031 703 2062 ι
735 2006 868 2064 Εἶπε
898 2011 1101 2083 Κύριος
1125 2013 1203 2083 τῷ
1236 2015 1426 2085 Κυρίῳ
1453 2032 1552 2086 μου
1574 2033 1587 2046 ο
1637 2036 1656 2068 ι
1687 2020 1715 2071 6
1745 2019 1842 2088 μὲν

250 2104 367 2174 γὰρ
388 2103 608 2174 πρῶτος
635 2105 663 2156 6
686 2104 780 2157 ἐπὶ
808 2105 1024 2158 πάντων
1057 2106 1142 2176 εἴη
1174 2105 1239 2159 ἂν
1269 2106 1429 2171 Θεός·
1458 2110 1485 2161 6
1508 2108 1565 2162 δὲ
1589 2108 1843 2183 δεύτερος

244 2194 463 2267 Κύριος
505 2196 534 2247 6
578 2195 823 2249 ἀκούων·
877 2215 895 2247 ι
930 2195 1114 2249 Κάθου
1156 2198 1220 2251 ἐκ
1271 2196 1460 2263 δεξιῶν
1513 2218 1635 2271 μου,
1660 2220 1677 2253 ι
1711 2203 1841 2272 ἐμὸς

236 2284 515 2356 *τυγχάνει
535 2283 738 2355 Κύριος
756 2300 769 2314 ·
804 2283 902 2347 διὸ,
926 2303 944 2335 ι
969 2279 1107 2336 Εἷπε
1132 2284 1334 2356 Κύριος
1352 2285 1429 2357 τῷ
1457 2287 1647 2357 Κυρίῳ
1671 2304 1791 2357 μου.
1815 2306 1833 2338 ι

244 2377 369 2429 Καὶ
392 2375 628 2429 ἐνταῦθα
653 2375 832 2429 τοίνυν
860 2375 953 2427 τὸν
997 2374 1247 2447 δεύτερον
1311 2378 1589 2448 σημαίνων
1618 2380 1646 2430 ὁ
1677 2378 1839 2442 αὐτὸς

253 2470 542 2542 προφήτης
591 2470 792 2540 φησίνο
830 2487 850 2521 ι
880 2470 947 2523 Al
990 2474 1204 2543 πορεῖαι
1252 2472 1347 2525 τοῦ
1392 2472 1527 2527 Θεοῦ
1561 2491 1660 2545 μου
1684 2513 1699 2538 ,
1742 2473 1836 2527 τοῦ

253 2559 522 2631 βασιλέως
553 2577 687 2632 μου,
734 2559 829 2613 τοῦ
876 2561 936 2614 ἐν
966 2560 1045 2632 τῷ
1089 2561 1248 2632 ἁγίῳ.
1280 2581 1299 2613 ι
1362 2562 1487 2615 Ἐάν
1533 2562 1642 2634 γάρ
1694 2563 1838 2632 λέγω

251 2652 635 2725 θεωρουμένας
671 2652 930 2723 πορείας,
988 2654 1062 2725 μή
1098 2670 1184 2716 τις
1220 2652 1491 2725 νομιζέτω
1546 2672 1612 2725 με
1658 2654 1837 2724 λέγειν

248 2740 349 2796 τοῦ
383 2742 477 2794 ἐπὶ
525 2743 741 2795 πάντων
783 2741 950 2794 Θεοῦο
984 2741 1121 2796 ἀλλὰ
1164 2742 1259 2796 τοῦ
1296 2743 1431 2796 Θεοῦ
1464 2761 1565 2815 μου
1609 2745 1701 2797 καὶ
1742 2743 1836 2797 τοῦ

1945 1917 2128 1972 minus
2160 1917 2389 1973 Domino
2423 1934 2543 1974 meo
2585 1938 2597 1973 :
2650 1940 2668 1972 ι
2718 1922 2926 1989 primus
2987 1920 3187 1989 quippe
3243 1920 3529 1974 universo-

1944 2022 2069 2060 rum
2104 2005 2246 2062 Deus
2278 2006 2445 2062 fuerit
2472 2026 2486 2074 ;
2519 2009 2793 2063 secundus
2820 2024 2948 2063 vero
2977 2006 3263 2070 Dominus,
3300 2006 3393 2076 qui
3436 2020 3531 2058 au-

1943 2098 2043 2162 dit,
2083 2118 2101 2151 ι
2142 2096 2281 2154 Sede
2311 2115 2341 2153 a
2365 2098 2573 2155 dextris
2603 2103 2741 2155 meis
2756 2100 2822 2165 “,
2862 2119 2881 2150 ›
2917 2115 3072 2154 meus
3092 2098 3357 2152 Dominus
3387 2106 3523 2167 est:

1942 2207 2133 2261 quare,
2170 2210 2189 2243 ι
2236 2191 2382 2246 Dixit
2426 2191 2689 2249 Dominus
2722 2192 2950 2247 Domino
2973 2208 3114 2247 meo.
3150 2211 3169 2244 ›
3210 2190 3311 2245 Hic
3356 2191 3528 2260 igitur

1942 2282 2094 2337 illum
2132 2284 2377 2338 secundo
2408 2284 2528 2339 loco
2576 2286 2811 2355 poSitum
2840 2287 2955 2354 ipse
2994 2283 3265 2353 Propheta
3314 2282 3527 2352 signiti-

1940 2388 2074 2429 cans
2104 2372 2239 2427 dicit
2268 2393 2282 2428 :
2320 2392 2339 2425 ι
2378 2373 2666 2444 Ingressus
2696 2374 2787 2429 Dei
2812 2375 2939 2439 mei,
2977 2374 3123 2444 regis
3162 2374 3293 2439 mei,
3326 2374 3417 2444 qui
3441 2381 3529 2429 est

1941 2464 1996 2518 in
2034 2473 2249 2521 sancto.
2282 2463 2464 2518 iNam
2522 2481 2647 2520 cum
2694 2466 2979 2536 ingressus
3038 2465 3210 2519 videri
3260 2464 3408 2530 dico,
3456 2480 3527 2519 ne

1940 2556 2067 2625 quis
2092 2557 2367 2613 existimet
2399 2559 2783 2614 universorum
2809 2556 2902 2612 Dei
2942 2557 3066 2611 illos
3092 2572 3250 2621 esse;
3288 2556 3384 2611 sed
3430 2555 3525 2610 Dei

1939 2647 2080 2712 mei,
2116 2648 2258 2719 regis
2288 2649 2395 2703 mei
2438 2649 2725 2720 ingressus
2750 2656 2900 2704 sunt.
2937 2646 3136 2704 Verum
3161 2648 3290 2719 quia
3330 2666 3348 2699 ι
3386 2665 3527 2719 prae-

1938 2747 2206 2794 venerunt
2233 2740 2511 2810 principes
2539 2740 2821 2808 conjuncti
2850 2739 3235 2809 psallentibus,
3264 2739 3318 2792 in
3341 2740 3523 2793 medio

252 2833 526 2905 βασιλέως
572 2850 671 2903 μου
716 2835 951 2903 πορεῖαι.
1008 2833 1146 2887 Ἀλλ’
1194 2835 1381 2906 ἐπειδὴ
1431 2854 1449 2887 ι
1488 2834 1836 2907 προέφθασαν

1944 2829 2354 2899 iuvencularum
2412 2830 2942 2901 tympanistriarum.
2988 2850 3007 2881 ι
3066 2828 3130 2882 Hi
3194 2829 3339 2883 enim
3415 2830 3522 2899 ipsi

248 2928 515 2998 ἄρχοντες
574 2926 823 2997 ἐχόμενοι
880 2926 1189 2997 ψαλλόντων
1246 2928 1305 2981 ἐν
1374 2928 1526 2999 μέσῳ
1580 2928 1835 2984 νεανίδων

246 3023 724 3095 τυμπανιστριῶν.
761 3042 781 3076 ι
816 3024 981 3077 Αὐτοὶ
1017 3023 1125 3093 γάρ
1158 3014 1303 3076 οὗτοι
1335 3024 1383 3075 οἱ
1426 3022 1837 3093 προφθάσαντες

1941 2921 2219 2991 principes
2251 2921 2343 2992 qui
2385 2928 2788 2991 przevenerunt,
2817 2921 2932 2975 sive
2964 2920 3057 2990 qui
3099 2932 3325 2985 canunt,
3364 2930 3419 2974 et
3465 2922 3523 2974 in

1942 3010 2152 3083 Spiritu
2187 3020 2382 3070 sancto
2411 3011 2595 3067 futura
2620 3012 3015 3082 praenuntiant,
3041 3011 3411 3082 pmviderunt
3436 3011 3525 3065 in-

248 3117 538 3189 ἄρχοντες,
576 3117 609 3189 ἢ
641 3119 691 3171 οἱ
715 3117 931 3190 ᾄδοντες
955 3118 1048 3171 καὶ¹
1077 3116 1351 3187 Πνεῦματι
1380 3116 1520 3187 ἁγίῳ
1546 3116 1606 3169 τὸ
1645 3115 1836 3187 μέλλον

1944 3122 2170 3177 gressus
2222 3104 2316 3160 Dei
2364 3106 2469 3160 mei
2521 3104 2665 3175 regis
2714 3104 2839 3160 mei.
2898 3104 2978 3158 illi
3026 3119 3197 3169 vero,
3246 3104 3525 3174 prophetae

250 3208 644 3272 Οεσπίζοντες,
686 3206 1110 3279 προεθεώρησαν
1157 3205 1256 3270 τὰς
1303 3207 1526 3278 πορείας
1570 3204 1664 3259 τοῦ
1700 3204 1835 3259 Θεοῦ

1944 3211 2156 3268 nempe,
2189 3198 2490 3268 apostolos,
2520 3197 2614 3268 qui
2666 3205 2788 3268 post
2840 3212 3072 3264 venere,
3107 3204 3521 3267 praevenerunt.

254 3318 362 3372 μου
394 3300 607 3354 καὶτοῦ
634 3300 900 3371 βασιλέως
936 3318 1058 3371 μου.
1097 3294 1254 3354 Οὗτοι
1281 3299 1336 3352 δὲ
1372 3294 1511 3369 ἦσαν
1537 3300 1589 3351 οἱ
1624 3298 1836 3369 προφῆ“

248 3411 366 3457 ται,
399 3396 447 3447 οἱ
490 3394 901 3466 προφθάσαντες
935 3395 1061 3458 τοὺς
1105 3392 1244 3466 μετὰ
1268 3393 1444 3447 ταῦτα
1474 3391 1839 3464 προελθόντας

249 3485 607 3549 ἀποστόλους.
639 3485 743 3538 Δύο
780 3484 888 3559 γάρ
921 3486 1098 3558 χορῶν
1126 3486 1225 3555 τὴν
1257 3484 1349 3538 τοῦ
1383 3485 1635 3557 Σωτῆρος
1680 3484 1837 3555 ήμῶν

251 3578 535 3647 θεολογίαν
556 3576 861 3649 ἀνθρώποις
896 3577 1375 3650 παραδεδωκότων,
1394 3577 1428 3628 6
1456 3577 1555 3647 μὲν
1588 3575 1836 3648 προφθά-

253 3686 358 3732 σας
388 3669 548 3740 χορὸς
578 3664 645 3740 ἦν
673 3670 701 3721 6
734 3667 1093 3739 προφητικὸς,
1143 3670 1172 3720 6
1202 3667 1259 3720 δὲ
1306 3666 1559 3739 δεύτερος
1596 3664 1836 3719 ἐπελθὼν

247 3761 280 3813 6
302 3760 421 3815 τῶν
461 3759 773 3835 ἀποστόλων
809 3760 902 3812 καὶ
941 3757 1197 3829 μαθητῶν
1235 3757 1328 3811 τοῦ
1380 3759 1653 3829 Σωτῆρος.
1689 3757 1837 3828 Πλὴν

249 3852 393 3907 ἀλλὰ
422 3851 807 3924 ἐθεωρήθησαν
849 3853 904 3903 αἱ
932 3854 1146 3922 πορεῖαι
1188 3850 1282 3904 τοῦ
1313 3838 1643 3921 δηλωθέντος
1666 3848 1831 3902 Θεοῦ·

248 3944 285 4015 ἢ
328 3945 444 4007 τοῖς
497 3944 596 4013 μὲν
654 3942 972 4006 ἀποστόλοις
1016 3941 1431 4013 ἐθεωρήθησαν,
1476 3943 1525 3995 οἶ
1574 3943 1669 3995 καὶ
1715 3941 1837 4011 ὄψει

250 4035 567 4108 παρέλαϐον
621 4034 690 4088 τά
743 4034 910 4088 πάλαι
969 4033 1275 4106 προγνώσει
1336 4034 1833 4105 προπεφωνημένα.

250 4121 419 4181 Οὗτοι
455 4126 554 4196 μὲν
592 4120 683 4178 οὖν
717 4126 903 4188 αὐτοῖς
946 4124 1246 4195 ὀφθαλμοῖς
1274 4124 1373 4188 τάς
1413 4124 1635 4194 πορείας
1676 4122 1838 4177 ἐθεώ-

254 4236 430 4291 ρησαν
478 4217 573 4270 τοῦ
613 4217 783 4271 Θεοῦ·
834 4217 1186 4289 προέφθασαν
1230 4216 1289 4270 δὲ
1333 4217 1530 4280 αὐτοὺς
1579 4217 1838 4288 ἄρχοντές

248 4328 397 4374 τινες
428 4305 575 4365 οῦτοι
606 4313 653 4364 οἱ
697 4310 945 4381 ἐχόμενοι
983 4309 1092 4364 τῶν
1123 4308 1451 4379 ψαλλόντων.
1488 4309 1749 4380 Σημαίνει
1780 4308 1837 4361 δὲ

249 4404 279 4452 ὁ
306 4402 464 4471 λόγος
492 4401 586 4454 τὸν
614 4401 777 4454 Δαυῖδ
808 4401 971 4455 αὑτὸν
1004 4402 1246 4464 καὶτοὺς
1278 4401 1373 4454 σὺν
1397 4400 1545 4471 αὐτῷ
1573 4401 1666 4453 καὶ
1698 4398 1838 4454 κατά

1939 3290 2155 3346 Etenim
2213 3306 2338 3345 eum
2381 3290 2491 3346 duo
2524 3290 2681 3355 chori
2732 3288 3033 3344 Salvatoris
3088 3288 3263 3343 nostri
3308 3288 3524 3343 theolo-

1938 3382 2082 3453 giam
2136 3382 2469 3447 hominibus
2503 3382 2850 3445 tradiderint,
2898 3381 2990 3450 qui
3041 3380 3250 3450 primus
3296 3380 3522 3449 prodiit,

1939 3473 2293 3545 propheticus
2322 3475 2705 3543 chorus.erat;
2737 3473 2829 3543 qui
2864 3488 2992 3527 vero
3032 3472 3310 3527 secundus
3336 3486 3525 3527 acces-

1938 3564 2031 3629 sit,
2066 3565 2447 3636 apostolorum
2472 3575 2528 3620 et
2545 3564 2940 3634 discipulorum
2969 3562 3172 3617 Christi
3199 3562 3404 3617 chorus
3429 3578 3526 3617 ex-

1939 3658 2100 3714 stitit.
2132 3656 2403 3713 Czcterum
2435 3658 2538 3713 visi
2573 3664 2703 3712 sunt
2749 3657 3032 3725 ingressus
3060 3656 3347 3710 memorati
3384 3654 3522 3724 Dei;

1939 3749 2055 3805 sive
2081 3748 2344 3818 apostolis
2373 3747 2596 3817 quidem
2626 3746 2728 3801 visi
2778 3753 2929 3808 sunt,
2958 3744 3051 3814 qui
3101 3760 3223 3814 quae
3274 3744 3405 3798 olim
3454 3760 3525 3799 ex

1941 3841 2291 3913 praascientia
2333 3840 2696 3912 praenuntiata
2733 3839 2949 3894 fuerant
2999 3839 3133 3909 ipsis
3174 3837 3351 3893 oculis
3389 3851 3525 3891 con-

1941 3944 2257 4009 spexerunt.
2306 3936 2373 3991 Hi
2412 3937 2598 4006 itaque
2645 3935 2848 3991 oculati
2883 3935 3167 4005 ingressus
3214 3934 3321 3989 Dei.
3350 3943 3523 3990 testes

1942 4033 2094 4087 fuere
2126 4050 2139 4085 :
2174 4030 2323 4101 ipsos
2357 4037 2539 4083 tamen
2566 4036 2942 4097 prmvenerunt
2974 4026 3248 4096 principes
3300 4026 3522 4095 quidam

1940 4124 2223 4195 conjuncti
2275 4120 2635 4194 psallentihus
2667 4139 2680 4174 :
2714 4119 2872 4190 queis
2950 4118 3331 4189 signiﬁcantur
3393 4130 3523 4171 cum

1941 4219 2059 4289 ipse
2098 4215 2289 4281 David,
2341 4223 2453 4269 tum
2512 4214 2550 4268 ii
2601 4214 2695 4283 qui
2745 4226 2855 4266 una
2912 4226 3036 4264 cum
3067 4225 3133 4265 eo
3184 4217 3319 4277 tunc
3352 4209 3523 4286 duces

1944 4306 2130 4379 populi
2161 4312 2337 4361 erant.
2391 4302 2456 4356 Hi
2491 4300 2774 4370 conjuncti
2830 4299 3196 4371 psallentibus
3242 4313 3524 4368 praevene-

1939 4401 2067 4447 runt
2091 4393 2145 4447 in
2162 4392 2341 4447 medio
2357 4390 2775 4460 juvencularum
2808 4388 3336 4458 tympanistriarum.
3362 4386 3525 4443 Tales

249 4498 379 4559 τοὺς
412 4496 614 4559 αὐτοὺς
659 4495 885 4567 χρόνους
922 4495 1257 4567 ἡγουμένους
1284 4494 1382 4548 τοῦ
1429 4493 1591 4549 λαοῦ·
1644 4494 1837 4557 οἵτινες

1944 4494 2090 4540 certe
2118 4493 2275 4541 erant
2320 4480 2563 4536 Judaica:
2591 4494 2900 4551 synagogae,
2942 4476 3278 4546 imperfectae
3310 4476 3523 4530 scilicet

250 4590 504 4663 ἐχόμενοι
534 4588 641 4642 τῶν
687 4588 1001 4657 ψαλλόντων
1037 4588 1389 4659 προέφθασαν
1434 4590 1492 4640 ὲν
1535 4588 1687 4658 μέσῳ
1715 4603 1839 4641 νεα-

250 4683 413 4737 νίδων
444 4680 907 4753 τυμπανιστριῶν.
929 4680 1188 4733 Τοιαῦται
1218 4680 1275 4733 δὲ
1297 4676 1436 4751 ἦσαν
1462 4681 1518 4733 αἱ
1552 4678 1839 4733 ἰουδαῖκαὶ

253 4774 596 4843 συναγωγαὶ,
626 4772 838 4836 ἀτελεῖς
866 4774 961 4826 καὶ
1000 4773 1164 4826 εἰσέτι
1193 4775 1451 4838 νεάνιδες,
1494 4775 1651 4828 πλέον
1684 4774 1838 4828 οὐδὲν

251 4866 619 4936 ἐπιστάμεναι
663 4866 697 4937 ἢ
745 4866 1048 4936 τυμπάνοις
1091 4864 1326 4936 χρῆσθαι
1353 4869 1467 4928 τοῖς
1508 4867 1839 4936 σωματικοῖς

251 4959 506 5034 ὀργάνοις
544 4960 606 5011 ἐκ
645 4958 806 5029 δορᾶς
846 4957 1053 5026 νεκρῶν
1088 4956 1243 5020 ζώων
1288 4958 1831 5028 κατεσκευασμένοις.

251 5048 347 5102 Διδ
372 5048 799 5119 τυμπανίστριαι
828 5047 1094 5119 εἴρηνται,
1126 5046 1203 5116 τῷ
1232 5046 1396 5117 μηδὲν
1428 5046 1611 5116 ἕτερον
1638 5046 1837 5100 ειδέναι

253 5142 288 5215 ἢ
319 5142 389 5195 τὰ
428 5140 714 5212 σωματικά
744 5139 838 5193 τοῦ
862 5140 1030 5210 νόμου
1056 5140 1514 5211 παραγγέλματα.

334 5274 354 5306 ι
395 5255 488 5307 Ἐν
530 5254 875 5325 Ἑκκλησίαις
904 5255 1174 5324 εὐλογεῖτε
1202 5254 1294 5307 τὸν
1343 5252 1475 5305 Θεὸν
1519 5251 1721 5323 Κύριον
1777 5251 1841 5303 ἐκ

256 5346 455 5425 πηγῶν
500 5346 735 5419 Ἰσραήλ.
768 5367 785 5400 ι
846 5349 1001 5401 Μετὰ
1051 5350 1176 5410 τοὺς
1210 5346 1702 5419 προθεωρήσαντας
1744 5342 1843 5406 τὰς

255 5438 351 5494 τοῦ
408 5439 739 5509 δηλωθέντος
776 5438 912 5492 Θεοῦ
950 5439 1207 5511 πορείας,
1255 5436 1563 5500 ἀκολούθως
1604 5438 1632 5488 6
1687 5434 1843 5503 λόγος

257 5532 469 5603 ἑτέροις
499 5533 609 5583 τισὶ
662 5530 801 5603 μετὰ
842 5534 967 5595 τοὺς
1018 5530 1268 5603 πρώτους
1294 5529 1619 5600 γενομένους
1675 5543 1846 5600 προσ-

260 5626 431 5693 φωνεῖ
447 5622 621 5692 λέγων
641 5641 654 5654 ·
693 5643 711 5675 ι
754 5624 842 5677 Ἐν
867 5622 1189 5695 ἐκκλησίαις
1219 5622 1489 5693 εὐλογεῖτε
1511 5622 1604 5675 τὸν
1624 5619 1786 5674 Θεόν·
1816 5637 1835 5671 ι

329 5782 376 5813 δ⁶
396 5780 543 5836 Psai.
574 5794 685 5847 cu,
721 5780 775 5836 1.

1942 4584 1996 4632 et
2048 4575 2227 4629 adhuc
2265 4573 2592 4643 juvenculm,
2628 4571 2778 4624 nulla
2834 4569 2939 4621 alia
2982 4566 3213 4619 scientia
3256 4564 3519 4634 praedita,

1942 4684 2108 4740 quam
2146 4675 2205 4721 ut
2227 4665 2499 4738 tympanis
2530 4664 2645 4718 sive
2672 4659 2953 4732 corporeis
2986 4656 3369 4711 instrumentis
3394 4664 3519 4710 ute-

1942 4770 2157 4825 rentur,
2204 4776 2269 4814 ex
2300 4767 2643 4812 mortuorum
2679 4752 3000 4807 animalium
3045 4750 3184 4819 pelle
3232 4747 3518 4803 confectis.

1942 4854 2125 4919 Quare
2185 4848 2583 4922 tympanistria
2645 4846 2928 4909 dicuntur,
2989 4841 3136 4913 quod
3180 4840 3320 4895 nihil
3374 4838 3523 4894 aliud

1944 4954 2196 5012 nossent,
2221 4960 2385 5015 quam
2412 4954 2677 5012 corporea
2702 4939 2836 5009 legis
2860 4944 3152 5009 praecepta.

2017 5243 2188 5299 Vens.
2216 5241 2308 5307 27,
2334 5239 2424 5294 28.
2456 5256 2473 5289 ι
2502 5235 2561 5291 in
2594 5234 2853 5290 Ecclesiis
2882 5230 3186 5287 hencdicite
3242 5227 3353 5283 Deo
3417 5224 3524 5283 Do-

1948 5335 2100 5389 mino
2130 5332 2197 5387 de
2244 5329 2489 5384 fontibus
2535 5326 2721 5382 Israel.
2761 5345 2780 5376 ι
2818 5323 2891 5376 De
2926 5324 2992 5376 iis
3034 5322 3250 5377 locutus
3292 5319 3384 5388 qui
3429 5316 3523 5371 Dei

1946 5428 2059 5500 jam
2107 5424 2393 5480 memorati
2444 5422 2730 5493 ingressus
2778 5417 3163 5488 praeviderant,
3230 5420 3351 5483 post
3401 5411 3525 5465 illos

1950 5523 2164 5595 primos
2194 5525 2595 5587 consequenter
2642 5513 2780 5567 alios
2814 5511 3104 5579 compellat
3133 5507 3321 5560 dicens
3351 5519 3416 5595 εξ(
3466 5503 3525 5595 l-n

1947 5589 2197 5673 ecclesiis
2244 5608 2550 5667 benedicite
2599 5603 2730 5661 Deo.
2772 5624 2789 5656 ι
2824 5602 2962 5668 Quia
3006 5614 3133 5655 vero
3174 5598 3225 5650 hi
3258 5611 3288 5649 a
3319 5589 3527 5664 prineio
