4068 6518
558 308 653 361 7H

1226 302 1496 359 EUSEBII
1535 298 2012 357 CA‘ISARIENSIS
2048 296 2201 352 OPP.
2239 295 2423 352 PARS
2456 296 2550 356 ῙΠ.
2594 329 2655 341 ——
2701 298 3113 355 EXEGETICA.

3707 294 3828 377 ⁷ἰιέι

558 426 722 495 pibus
771 424 881 479 illis
922 421 1016 493 qui
1073 429 1458 491 prtnvenerunt
1518 419 1725 475 diversi
1782 424 1977 485 erant;
2006 417 2130 487 jure

2236 418 2327 471 καὶ
2349 418 2647 490 ἐπειδήπρ
2679 419 2855 490 ἕτεροι
2898 415 3038 490 ἦσαν
3061 414 3203 474 οῦτοι
3231 418 3384 490 παρὰ
3418 419 3544 483 τοὺς
3582 420 3826 491 προφθιί⁹

558 525 738 574 cattus
773 517 988 571 illorum
1020 512 1289 569 ecclesias
1323 520 1504 576 vocat,
1536 512 1693 581 queis
1718 511 2002 581 pr0phetia
2031 526 2133 565 nec

555 610 793 665 obscure
841 605 1152 660 Servatoris
1199 603 1374 657 nostri
1421 602 1687 658 ecclesias
1719 609 2129 656 commemorat.

555 698 825 753 Jubeutur
852 710 1015 766 porro
1046 694 1099 748 hi
1136 693 1365 748 secundi
1392 733 1407 758 ,
1439 708 1549 747 non
1582 693 1637 745 in
1667 691 1846 747 medio
1872 691 2135 762 iuvencu-

558 790 734 843 larum
783 785 1320 858 tympanistriarum,
1366 783 1462 840 sed
1513 783 1571 837 in
1616 783 1868 838 ecclesiis
1910 782 2134 837 benedi-

553 896 679 936 cere
708 878 838 934 Deo.
868 880 1002 946 Quis
1052 879 1125 933 sit
1167 876 1311 933 Deus
1352 878 1443 932 ille
1477 893 1601 931 mox
1656 878 1863 931 indicat
1918 876 2130 940 dicens,

558 991 577 1024 ι
616 970 868 1026 Domitio.
904 990 922 1022 ι
965 968 1118 1033 Unde
1148 985 1277 1024 vero
1330 969 1384 1023 id
1445 968 1747 1032 hauserint,
1798 966 1945 1037 quod
1977 982 2132 1037 opor-

551 1073 664 1121 teat
689 1064 951 1119 Ecclesiis
985 1062 1201 1118 Domini
1231 1062 1307 1134 (ι)
1334 1062 1657 1129 theologiam
1680 1060 1917 1127 tradere,
1952 1076 2138 1115 necesp

552 1156 702 1210 sario
758 1155 996 1225 explicat
1039 1155 1126 1210 his
1183 1155 1409 1209 verbis;
1440 1171 1457 1205 ι
1494 1151 1725 1208 Domino
1772 1152 1840 1209 de
1885 1152 2130 1208 fontibus

552 1247 752 1314 Israel,
792 1268 811 1301 ι
862 1247 1289 1318 vulgaribusque
1324 1246 1524 1301 iterum
1578 1246 2001 1301 characteribus
2044 1245 2133 1298 hic

554 1341 821 1397 Dominus
848 1340 1195 1411 exprimitur.
1241 1338 1446 1395 Fontes
1475 1353 1604 1393 vero
1632 1338 1820 1403 Israel,
1856 1337 2135 1408 propheti-

551 1452 631 1491 ca:
679 1434 976 1505 Scriptura:
1029 1441 1158 1489 sunt
1206 1439 1371 1503 atque
1400 1432 1484 1486 lex
1514 1430 1738 1502 Moysis.
1793 1430 1871 1484 Ex
1930 1430 2133 1500 quibus

552 1525 711 1595 quasi
743 1540 810 1579 ex
832 1523 1099 1586 fontibus,
1127 1538 1223 1593 per
1256 1522 1451 1576 hausta
1499 1520 1566 1576 de
1612 1519 1899 1575 Salvatore
1943 1528 2135 1576 nostro

554 1616 896 1680 testimonia,
934 1616 1163 1671 secundi
1195 1614 1273 1668 illi
1304 1616 1361 1669 in
1398 1614 1649 1670 ecclesiis
1683 1614 2008 1669 benedicere
2030 1613 2132 1684 ipsi

546 1710 829 1780 iubentur.
854 1708 1058 1765 Deinde
1081 1707 1363 1778 subiungit
1391 1725 1404 1760 :
1442 1725 1461 1758 ι
1502 1705 1579 1761 lbi
1613 1706 1897 1777 Beniamin
1943 1706 2133 1762 adole-

2239 528 2439 575 σαντας
2468 512 2733 583 ἄρχοντας
2752 554 2768 576 ,
2818 512 3043 576 εἰκότως
3075 512 3171 565 καὶ
3214 511 3313 576 τὰς
3364 512 3615 576 συνόδους
3645 513 3826 566 αὐτῶν

2232 604 2533 674 ἐκκλησίας
2551 605 2838 667 ἀποκαλεῖ,
2875 604 3158 674 μονονουχὶ
3183 608 3367 675 γυμνῇ
3395 608 3460 675 τῇ
3491 604 3703 676 κεφαλῇ
3729 603 3825 668 τὰς

2232 696 2329 750 τοῦ
2369 697 2813 769 Σωτῆροςὴμῶν
2856 696 3153 768 ἐκκλησίας
3200 696 3681 769 προαγορευούσης
3727 698 3825 767 τῆς

2236 788 2591 860 προφητείας.
2629 785 2951 840 Κελεύονται
2985 786 3043 839 δὲ
3071 780 3217 838 οὗτοι
3252 786 3302 837 οἱ
3346 784 3591 856 δεύτεροι
3628 786 3737 837 οὐκ
3770 787 3827 838 ἐν

2238 881 2389 952 μέσῳ
2445 879 2699 932 νεανίδων
2730 876 3177 950 τυμπανιστριῶν
3198 918 3213 941 ,
3236 876 3353 930 ἀλλ’
3396 878 3456 930 ἐν
3504 876 3825 947 ἐκκλησίαις

2234 972 2478 1039 εὐλογεῖν
2508 970 2599 1023 τὸν
2634 970 2786 1023 Θεόν.
2837 970 2949 1024 Καὶ
2983 972 3135 1022 ποῖον
3182 969 3338 1032 Θεὸν,
3385 970 3548 1023 πάλιν
3578 969 3826 1036 ἐπιλέγει

2236 1063 2385 1133 ἑξῆς,
2423 1082 2441 1114 ι
2471 1062 2699 1135 Κύριον.
2731 1082 2751 1113 ι
2787 1061 2897 1115 Καὶ
2944 1059 3108 1113 πόθεν
3146 1061 3483 1133 ἀρνυμένους
3526 1061 3665 1132 χρῆν
3704 1063 3825 1123 ταῖς

2234 1154 2553 1225 ἐκκλησίαις
2590 1153 2688 1225 τὴν
2730 1152 2824 1206 τοῦ
2876 1152 3084 1225 Κυρίου
3139 1153 3492 1225 παραδιδόναι
3546 1152 3824 1221 θεολογίαν

2232 1247 2547 1316 ἀναγκαίως
2606 1246 2905 1318 παρίστησι
2943 1245 3148 1314 λέγων·
3200 1265 3221 1297 ι
3259 1245 3460 1318 Κύριον
3518 1247 3583 1298 ἐκ
3632 1245 3824 1315 πηγῶν

2245 1338 2464 1409 Ἰσραὴλ
2485 1378 2499 1400 ,
2544 1357 2561 1389 ι
2612 1340 2726 1402 τοῖς
2764 1338 3095 1409 κοινοτέροις
3144 1338 3490 1409 χαρακτῆρσι
3543 1336 3824 1391 κάνταῦθα

2233 1431 2398 1484 πάλιν
2431 1429 2526 1483 τοῦ
2561 1430 2769 1501 Κυρίου
2802 1431 3227 1501 σημαινομένου.
3272 1430 3453 1501 Πηγαί
3503 1429 3561 1482 δὲ
3607 1428 3824 1501 Ἰσραὴλ

2240 1523 2296 1574 αἱ
2348 1524 2683 1595 προφητικαὶ
2733 1523 2947 1594 Γραφαὶ
2975 1523 3354 1593 τυγχάνουσιν,
3384 1522 3418 1593 ἦ
3453 1540 3513 1575 τε
3542 1523 3823 1584 Μωῡσέως

2230 1615 2527 1686 νομοθεσία
2547 1632 2559 1644 ·
2595 1615 2653 1681 ἐξ
2686 1610 2761 1668 ὧν
2782 1614 2971 1685 ὥσπερ
3000 1614 3109 1668 ἀπὸ
3147 1613 3341 1685 πηγῶν
3364 1614 3702 1686 ἀρυομένους
3726 1611 3822 1675 τὰς

2239 1708 2370 1779 περὶ
2420 1706 2515 1760 τοῦ
2547 1707 2799 1778 Σωτῆρος
2834 1706 2996 1777 ἡμῶν
3033 1705 3336 1779 μαρτυρίας
3384 1704 3626 1773 εὐλογεῖν
3660 1702 3824 1757 αὑτὸν

552 1802 836 1858 scentulus
907 1803 965 1856 in
1025 1802 1225 1856 mentis
1273 1815 1525 1856 excessu.
1563 1817 1583 1852 ι
1620 1797 1728 1873 Pro
1780 1799 1875 1853 ilio
1926 1806 2129 1863 autem,

2236 1800 2293 1853 ἐν
2341 1801 2461 1863 ταῖς
2499 1798 2821 1869 ἐκκλησίαις
2872 1800 2987 1861 τοῖς
3032 1797 3306 1869 δευτέροις
3360 1791 3820 1869 παρακελεύεται.

556 1915 577 1946 ι
612 1895 708 1960 ibi,
735 1914 754 1947 ι
782 1893 1144 1965 Symmachus
1166 1895 1262 1958 ait,
1290 1911 1309 1946 ι
1338 1893 1428 1948 ubi
1465 1892 1753 1961 Beniamin
1786 1891 2082 1957 minimus;
2107 1911 2126 1944 ι

550 1985 748 2056 Aquila
797 1999 926 2040 vero
966 1984 1241 2049 similiter,
1280 2002 1300 2036 ι
1336 1984 1410 2037 ibi
1459 1983 1740 2051 Beniamin
1796 1982 1998 2047 brevis,
2030 1983 2135 2035 im-

551 2062 753 2149 perans
788 2076 945 2147 ipsis.
985 2096 1003 2128 ι
1043 2075 1325 2145 Beniamin
1356 2090 1483 2129 vero
1510 2074 1722 2143 iunior,
1757 2074 2018 2129 minimus
2040 2083 2135 2127 aut

551 2170 910 2226 brevissimus
966 2168 1171 2224 Paulus
1220 2177 1339 2222 erat
1402 2167 1622 2223 divinus
1676 2168 1996 2237 Apostolus,
2066 2180 2134 2222 ex

551 2264 694 2318 tribu
737 2261 1042 2332 Beniamin,
1082 2259 1344 2315 Hebraaus
1371 2274 1438 2315 ex
1469 2258 1712 2314 Hebreis
1731 2300 1746 2325 ,
1776 2259 2134 2328 quemadmo-

551 2355 682 2410 dum
710 2356 827 2425 ipse
876 2352 1037 2408 docet
1086 2353 1173 2408 his
1204 2353 1387 2407 verbis
1421 2370 1435 2406 :
1478 2371 1497 2404 ι
1537 2351 1905 2407 Circumcisio
1939 2361 2135 2407 octavo

551 2447 660 2507 die,
695 2461 761 2500 ex
787 2460 984 2516 genere
1019 2445 1205 2507 Israel,
1239 2444 1310 2500 de
1343 2446 1490 2499 tribu
1526 2445 1839 2516 Beniamin,
1872 2445 2134 2503 llebrazus

550 2554 619 2592 ex
645 2536 888 2593 Hebreis
909 2536 974 2589 ‘7.
1021 2555 1039 2588 ι
1080 2534 1275 2591 Junior
1310 2552 1439 2593 vero
1467 2537 1693 2599 dicitur,
1730 2538 1847 2593 sive
1875 2540 2135 2593 minimus

551 2640 646 2685 aut
675 2630 878 2694 brevis,
909 2630 1038 2699 quia
1080 2630 1132 2684 id
1166 2629 1283 2699 ipse
1336 2631 1580 2685 declarat
1612 2631 1803 2687 dicens
1836 2651 1850 2687 :
1889 2650 1908 2684 ι
1946 2629 2138 2687 Novis-

554 2726 696 2782 simo
747 2732 927 2778 autem
974 2724 1220 2778 omnium
1274 2724 1434 2794 quasi
1472 2724 1724 2778 abortivo
1768 2725 1922 2779 visus
1950 2733 2035 2779 est
2083 2731 2136 2779 et

552 2816 689 2872 mihi
709 2816 776 2871 ‘3.
812 2835 831 2868 ι
887 2815 992 2870 Pro
1023 2817 1116 2870 illo
1150 2824 1359 2880 autem,
1399 2833 1418 2867 ι
1452 2817 1508 2871 in
1564 2818 1766 2873 mentis
1810 2833 2067 2881 excessu,
2110 2837 2128 2869 ι

549 2910 745 2982 Aquila
774 2949 791 2974 ,
850 2927 869 2961 ι
925 2910 1202 2980 imperans
1255 2910 1429 2980 ipsis;
1469 2930 1488 2963 ι
1532 2911 1841 2968 Theodotio
1900 2922 2132 2977 autent,

555 3023 575 3056 ι
613 3010 913 3075 praeceptor
958 3017 1190 3071 eorum;
1226 3022 1245 3057 ι
1290 3005 1481 3074 quinta
1525 3004 1716 3070 editio,
1771 3024 1790 3057 ι
1845 3006 2136 3061 instituen-

550 3106 682 3161 tem,
715 3117 733 3149 ι
803 3105 897 3152 aut
958 3116 977 3148 ι
1016 3096 1327 3163 docentem,
1362 3117 1379 3150 ι
1418 3098 1764 3168 interpretati
1817 3108 1966 3154 sunt.
2022 3099 2134 3156 Nec

2234 1886 2370 1946 Εἶτα
2408 1890 2681 1959 ἐπιλέγειο
2713 1910 2731 1941 ι
2766 1890 2913 1943 Ἐκεῖ
2939 1890 3195 1960 Βενιαμὶν
3235 1887 3498 1960 νεώτερος
3535 1890 3593 1941 ἐν
3625 1890 3822 1941 ἐκστά-

2238 2001 2337 2037 σει.
2372 2003 2391 2035 ι
2437 1984 2581 2035 Ἀντὶ
2614 1982 2672 2036 δὲ
2697 1981 2791 2035 τοῦ
2827 2001 2846 2035 ι
2881 1985 3036 2046 ἐκεῖ,
3081 2001 3099 2033 ι
3135 1983 3163 2034 6
3208 1979 3536 2054 Σύμμαχος,
3590 2000 3609 2033 ι
3645 1982 3781 2034 ὅπου
3804 2022 3819 2044 ,

2237 2076 2403 2147 φησὶ,
2464 2075 2724 2145 Βενιαμὶν
2790 2074 2819 2126 6
2879 2075 3239 2147 μικρότατοςι
3284 2092 3304 2125 ι
3362 2072 3458 2126 καὶ
3508 2072 3537 2123 6
3593 2073 3823 2135 Ἀκύλας

2230 2166 2436 2237 ὁμοίως
2456 2182 2471 2196 ο
2500 2184 2519 2217 ι
2556 2167 2721 2230 Ἐκεῖ,
2747 2167 2900 2237 φησι,
2927 2167 3186 2238 Βενιαμὶν
3212 2168 3240 2219 ό
3264 2165 3488 2237 βραχὺς,
3506 2165 3823 2235 ἐπικρατῶν

2236 2257 2435 2310 αὐτῶν.
2474 2276 2493 2309 ›
2547 2258 2805 2329 Βενιαμὶν
2853 2258 2910 2312 δὲ
2954 2257 3215 2331 νεώτερος
3262 2259 3355 2312 καὶ
3409 2258 3737 2329 μικρότατος
3788 2257 3819 2326 ἦ

2238 2349 2573 2422 βραχύτατος
2605 2349 2816 2415 Παῦλος
2846 2346 2913 2422 ἦν
2933 2353 2961 2404 6
2990 2351 3131 2415 θεῖος
3176 2351 3517 2415 Ἀπόστολος,
3550 2351 3725 2422 φυλῆς
3749 2350 3823 2403 ῶν

2237 2444 2515 2514 Βενιαμὶν,
2571 2443 2823 2514 Ἐϐραῖος
2860 2443 2920 2508 ἐξ
2975 2443 3276 2516 Ἐϐραίων,
3320 2442 3502 2506 καθὼς
3546 2443 3711 2505 αύτὺς
3749 2442 3824 2495 δι-

2234 2535 2422 2589 δάσκει
2470 2535 2679 2605 λέγων·
2738 2555 2756 2588 ι
2801 2536 3082 2608 Περιτομὴ
3128 2538 3472 2607 ὀκταήμερος
3518 2535 3585 2586 ἐκ
3629 2535 3823 2603 γένους

2248 2628 2485 2700 Ἰσραὴλ,
2514 2628 2688 2698 φυλῆς
2733 2629 3027 2699 ὼνιαμὶν,
3074 2629 3325 2700 Ἐϐραῖος
3368 2628 3426 2695 ἐξ
3475 2626 3764 2697 Ἐϐραίων.
3798 2644 3817 2677 ι

2236 2717 2517 2790 Νεώτερος
2543 2719 2601 2771 δὲ
2637 2718 2873 2790 εἴρηται,
2903 2719 2937 2789 ἢ
2970 2720 3320 2791 μικρότατος,
3352 2719 3386 2789 ἢ
3435 2717 3663 2789 βραχὺς,
3702 2720 3822 2771 ἐπεὶ

2238 2812 2333 2865 καὶ
2364 2811 2527 2874 αὐτὸς
2556 2809 2713 2865 τοῦτο
2735 2810 2974 2864 διδάσκει
3000 2810 3175 2877 λέγων
3196 2826 3210 2839 ο
3246 2829 3263 2860 ι
3296 2809 3562 2880 Ὕστερον
3592 2808 3649 2861 δὲ
3685 2809 3820 2861 πάν-

2235 2921 2343 2957 των
2382 2901 2573 2974 ὥσπερ
2607 2901 2685 2974 τῷ
2723 2900 3036 2974 ἐκτρώματι
3073 2900 3230 2971 ὤφθη
3281 2900 3471 2971 κάμοί.
3506 2920 3525 2952 ι
3582 2900 3730 2952 Ἀντὶ
3767 2900 3822 2955 δὲ

2235 2995 2329 3049 τοῦ
2349 3037 2364 3061 ,
2397 3014 2415 3047 ι
2443 2994 2501 3049 ἐν
2544 2995 2839 3057 ἐκστάσει,
2887 3012 2907 3045 ι
2942 2994 2971 3045 6
3022 2993 3120 3063 μὲν
3155 2991 3417 3059 Ἀκύλας,
3458 3010 3478 3044 ι
3511 2991 3822 3063 ἐπικρατῶν

2237 3084 2417 3138 αὐτῶν
2436 3103 2448 3113 ·
2480 3102 2499 3135 ι
2532 3085 2561 3137 6
2588 3083 2644 3135 δὲ
2680 3082 2995 3148 Θεοδοτίων,
3026 3101 3044 3134 ι
3071 3084 3364 3153 παιδευτὴς
3405 3080 3610 3135 αὐτῶν·
3650 3101 3668 3132 ι
3707 3085 3742 3152 ὴ
3767 3081 3822 3134 δὲ

715 3142 732 3149 -
803 3142 897 3152 -.η
962 3142 976 3148 -
1018 3142 1327 3163 .--ηπ--..η
1362 3142 1377 3150 -
1418 3142 1764 3168 ..πων-υ--.
1817 3142 1966 3154 μω...
2022 3142 2134 3156 ..νυ

550 3192 741 3246 multis
797 3191 980 3245 verbis
1020 3206 1159 3260 opus
1210 3191 1275 3245 ad
1326 3191 1823 3260 comprobandum,
1881 3201 2131 3249 sanctum

2239 3176 2460 3248 πέμπτη
2484 3176 2712 3240 ἔκδοσις,
2743 3196 2761 3227 ι
2785 3142 3125 3241 παιδεύοντα,
3141 3176 3221 3247 γῆ,
3236 3142 3582 3229 «διδάσκοντα
3608 3194 3626 3226 ι
3643 3142 3823 3247 ἡρμή-

548 3283 894 3352 Apostolum,
929 3281 1022 3351 qui
1057 3280 1340 3350 Beniamin
1366 3290 1618 3344 vocatur,
1647 3280 1913 3338 Ecclesiis
1960 3284 2135 3352 impe-

550 3387 696 3433 rare,
730 3386 1030 3441 earumque
1060 3378 1450 3441 praeceptorem
1485 3387 1629 3426 esse.
1681 3370 1803 3427 Non
1836 3374 1987 3428 solus
2030 3374 2131 3427 ita-

550 3479 658 3534 que
688 3462 973 3531 Benjamin
1005 3462 1080 3517 ibi
1108 3469 1266 3526 erat,
1296 3462 1553 3516 videlicet
1595 3463 1650 3517 in
1698 3461 1962 3521 Ecclesiis
1994 3463 2089 3520 Dei
2115 3482 2131 3532 ;

552 3553 646 3608 sed
676 3553 838 3607 etiam
883 3571 901 3602 ι
938 3552 1215 3622 principes
1243 3549 1385 3619 Juda
1411 3551 1583 3606 duces
1605 3567 1818 3616 eorum,
1854 3554 2133 3627 principes

552 3646 832 3709 Zabulon,
896 3644 1175 3714 principes
1225 3643 1537 3713 Nephthali.
1579 3664 1597 3695 ι
1635 3643 1732 3699 His
1779 3661 1943 3715 porro
1992 3648 2135 3703 indi-

551 3740 748 3787 cantur
780 3731 974 3801 reliqui
998 3733 1254 3801 apostoli,
1283 3747 1517 3802 quorum
1550 3732 1640 3786 alii
1671 3749 1738 3788 ex
1767 3737 1916 3791 tribu
1967 3736 2131 3806 Juda,

552 3823 642 3875 alii
668 3838 734 3876 ex
760 3823 907 3876 tribu
927 3822 1194 3889 Zabulon,
1227 3824 1321 3877 alii
1348 3838 1417 3877 ex
1449 3823 1596 3877 tribu
1631 3823 1923 3895 Nephthali
1949 3838 2130 3883 erant.

551 3913 733 3979 Quare
764 3915 961 3970 horum
994 3923 1198 3971 terram
1229 3927 1496 3971 memorat
1525 3916 1766 3987 Spiritus
1788 3928 2014 3976 sanctus
2038 3937 2135 3993 per

549 4004 747 4060 Isaiam
803 4007 1122 4076 prophetam
1193 4007 1439 4064 dicens:
1482 4027 1501 4059 ι
1541 4007 1713 4063 'l‘erra
1772 4010 2021 4067 Zabulon
2079 4020 2134 4068 et

552 4112 696 4152 terra
738 4096 1105 4169 Nephthalim,
1152 4100 1297 4153 viam
1343 4100 1514 4155 maris
1541 4139 1556 4161 ,
1592 4108 1745 4157 trans
1813 4101 2131 4169 Jordanem,

549 4188 769 4244 Galila'a
805 4189 1049 4260 gentium
1072 4189 1137 4243 “.
1177 4209 1196 4242 ι
1236 4184 1353 4260 Ipse
1380 4206 1599 4262 quoque
1652 4192 1911 4250 Servator
1948 4203 2135 4253 trans-

552 4282 671 4337 iens
714 4281 870 4351 iuxta
920 4295 1073 4336 mare
1104 4280 1361 4350 Galilaaae,
1394 4284 1601 4339 isthinc
1652 4301 1783 4342 suos
1836 4287 2134 4359 discipulos

550 4376 787 4431 vocavit.
846 4374 1048 4446 Aperte
1095 4376 1279 4446 itaque
1330 4376 1494 4432 docet
1552 4377 1815 4436 Ecclesiis
1867 4380 2135 4452 imperare

2235 3286 2452 3324 νευσαν.
2486 3270 2558 3323 Uti
2593 3270 2674 3323 δεῖ
2700 3268 2757 3323 δὲ
2786 3270 2918 3340 ἡμῖν
2948 3269 3209 3323 πλειόνων
3242 3269 3416 3337 λόγων
3450 3270 3529 3331 είς
3550 3268 3823 3333 ἀπόδειξιν

2233 3360 2327 3413 τοῦ
2361 3363 2583 3432 κρατεῖν
2625 3360 2732 3413 τῶν
2789 3359 3156 3431 Ἐκκλησιῶν,
3190 3362 3285 3414 καὶ
3316 3359 3610 3431 παιδευτὴν
3642 3360 3823 3413 αὐτῶν

2234 3447 2370 3507 εἶναι
2399 3454 2490 3506 τὸν
2522 3453 2665 3525 ἱερὸν
2693 3452 3011 3505 Ἀπόστολον
3036 3453 3294 3524 Βενιαμὶν
3321 3452 3820 3523 ὠνομασμένον.οῦ

2238 3544 2398 3615 μόνος
2432 3543 2489 3597 δὲ
2534 3544 2642 3615 ἄρα
2688 3546 2716 3597 ὁ
2762 3544 3022 3615 Βενιαμὶν
3051 3540 3119 3615 ἦν
3158 3546 3305 3611 ἐκεῖ,
3337 3544 3536 3616 δηλαδὴ
3596 3545 3654 3597 ἐν
3703 3548 3822 3609 ταῖς

2247 3636 2594 3707 Ἐκκλησίαις
2624 3635 2717 3690 τοῦ
2748 3636 2904 3702 Θεοῦ,
2928 3637 3066 3691 ἀλλά
3111 3638 3204 3690 καὶ¹
3236 3658 3254 3689 ι
3282 3639 3330 3690 οἱ
3359 3636 3617 3708 ἄρχοντες
3651 3634 3823 3690 Ἰούδα

2233 3728 2502 3801 ἡγεμόνες
2533 3728 2745 3794 αὐτῶν,
2792 3730 2846 3782 οἵ
2875 3746 2934 3782 τε
2985 3730 3246 3800 ἄρχοντες
3297 3726 3582 3781 Ζαϐουλὼν
3635 3728 3733 3781 καὶ
3773 3728 3822 3780 οἱ

2233 3822 2494 3892 ἄρχοντες
2522 3821 2858 3892 Νεφθαλείμ.
2889 3821 3151 3893 Σημαίνει
3180 3820 3236 3873 δὲ
3266 3822 3295 3873 6
3317 3820 3473 3888 λόγος
3499 3819 3589 3873 διὰ
3617 3818 3823 3872 τούτων

2232 3913 2359 3977 τοὺς
2400 3913 2621 3977 λοιποὺς
2654 3912 3006 3977 ἀποστόλους,
3047 3906 3123 3966 ὧν
3150 3914 3197 3965 οἱ
3237 3912 3336 3984 μὲν
3367 3907 3507 3983 ἦσαν
3548 3913 3614 3965 ἐκ
3649 3912 3824 3982 φυλῆς

2246 4005 2437 4069 Ἰούδα,
2468 4008 2518 4059 oi
2546 4006 2601 4059 δὲ
2628 4007 2694 4058 ἐκ
2727 4004 2903 4076 φυλῆς
2929 4003 3217 4058 Ζαϐουλὼν
3242 4004 3344 4058 καὶ
3370 4003 3711 4075 Νεφθαλείμ.
3734 4004 3823 4055 Διὸ

2179 4126 2191 4136 -
2232 4101 2331 4172 τῆς
2375 4101 2579 4154 τούτων
2620 4101 2893 4172 μέμνηται
2940 4099 3125 4172 χώρας
3171 4099 3233 4152 τὸ
3281 4100 3434 4167 ἅγιον
3470 4094 3699 4170 Πνεῦμα
3735 4097 3823 4151 διὰ

2245 4194 2468 4247 Ἡσαΐου
2489 4192 2588 4247 τοῦ
2614 4194 2893 4265 προφήτου
2928 4191 3084 4260 λέγον
3105 4209 3118 4221 ·
3150 4212 3167 4242 ι
3194 4192 3268 4263 Γῆ
3298 4189 3584 4245 Ζαϐουλὼν
3628 4191 3726 4244 καὶ
3753 4191 3822 4261 γῆ

2232 4286 2583 4357 Νεφθαλείμ,
2635 4285 2752 4339 ὁδὸν
2789 4285 3068 4354 θαλάσσης
3092 4324 3108 4350 ,
3149 4284 3325 4355 πέραν
3366 4282 3461 4336 τοῦ
3522 4282 3820 4354 Ἰορδάνου,

2233 4377 2489 4431 Γαλιλαία
2510 4376 2618 4430 τῶν
2644 4375 2834 4429 ἐθνῶν.
2851 4395 2869 4427 ι
2890 4376 3002 4430 Καὶ
3024 4375 3185 4439 αὐτὸς
3206 4375 3262 4428 δὲ
3287 4377 3315 4427 6
3333 4374 3543 4445 Σωτὴρ,
3570 4392 3822 4445 παραγα-

551 4468 728 4538 primo
777 4466 1034 4531 Paulum,
1090 4467 1476 4524 brevissimum
1508 4478 1561 4524 et
1594 4472 1879 4526 minimum
1903 4515 1917 4540 ,
1948 4490 2013 4529 ac
2036 4474 2129 4544 iu-

2236 4472 2346 4540 γὼν
2379 4469 2529 4541 παρά
2555 4469 2653 4542 τὴν
2687 4469 2962 4523 θάλασσαν
2992 4468 3092 4539 τῆς
3119 4467 3428 4530 Γαλιλαίας,
3463 4468 3591 4531 τοὺς
3625 4467 3823 4521 ἑαυτοῦ

548 4562 758 4617 niorem
814 4560 1029 4615 caeteris
1068 4562 1334 4631 apostolis
1361 4601 1375 4625 ,
1408 4564 1463 4618 in
1511 4563 1710 4619 mentis
1761 4580 1991 4621 excessu
2032 4567 2131 4621 ali-

548 4653 768 4724 quando
800 4654 1063 4724 positum,
1101 4653 1785 4725 quandopersequebatur
1828 4655 2127 4713 Ecclesiam

548 4743 667 4809 Dei,
705 4760 936 4815 eamque
970 4747 1241 4811 vastabat,
1275 4747 1391 4801 sive
1440 4746 1660 4816 quando
1702 4748 1759 4803 in
1796 4750 2129 4804 revelatione

548 4837 888 4892 Salvatorem
921 4837 1091 4903 vidit;
1124 4840 1206 4894 vel
1240 4840 1462 4909 quando
1496 4851 1685 4911 raptus
1714 4849 1799 4898 est
1822 4842 1876 4896 in
1911 4844 2134 4913 paradi-

548 4942 668 4981 sum
702 4944 875 4998 usque
904 4929 969 4982 ad
1001 4930 1219 4984 tertium
1247 4931 1471 4985 coelum.
1513 4929 1647 4986 Post
1694 4930 1923 4987 Paulum
1974 4949 2128 4999 vero,

546 5028 776 5075 caeteros
823 5022 1103 5090 apostolos
1136 5040 1154 5072 ι
1196 5022 1292 5086 ibi,
1334 5042 1353 5075 ι
1392 5023 1604 5078 scilicet
1636 5024 1691 5078 in
1732 5024 1851 5094 ipsa
1884 5024 2131 5081 Ecclesia

546 5120 741 5168 ornate
796 5121 1112 5170 versaturos
1169 5115 1521 5180 vaticinatur,
1570 5117 1957 5188 principesque
2015 5117 2132 5175 fore

546 5214 771 5263 nostros
798 5223 864 5262 ex
893 5208 1037 5263 tribu
1071 5207 1233 5272 Juda,
1265 5224 1329 5263 ac
1361 5209 1639 5279 principes
1674 5209 1944 5277 Zabulon,
1981 5212 2131 5283 prin-

546 5300 698 5370 cipes
730 5299 1043 5371 Nephthali.
1079 5301 1138 5355 Si
1172 5302 1295 5374 quis
1325 5318 1457 5357 vero
1502 5317 1598 5372 per
1652 5304 1823 5357 otium
1873 5314 2129 5363 accurate

549 5393 919 5464 perquisierit,
964 5393 1235 5463 cujusque
1282 5394 1514 5464 apostoli
1584 5394 1788 5449 tribum
1840 5397 2123 5466 reperiet:

619 5577 665 5609 "
693 5574 928 5646 Philipp.
979 5591 1061 5641 ιιι,
1104 5575 1158 5629 5.
1231 5573 1318 5627 “l
1347 5561 1484 5629 Cor.
1523 5591 1612 5641 xv,
1646 5575 1702 5629 8.
1778 5576 1822 5608 ⁸³
1848 5574 1955 5630 lsa.
1990 5591 2065 5639 tx,
2110 5576 2161 5630 1.

2242 4562 2488 4634 μαθητὰς
2517 4562 2726 4615 ἐνθένδε
2772 4560 3107 4615 ἀνεκαλεῖτο.
3141 4559 3335 4630 Σαφῶς
3364 4556 3458 4613 οὖν
3503 4561 3824 4629 ἐπικρατεῖν

2236 4656 2343 4709 τῶν
2385 4654 2718 4726 Ἐκκλησιῶν
2748 4655 2961 4727 πρῶτον
2994 4657 3092 4727 μὲν
3121 4655 3332 4709 Παῦλον
3358 4654 3450 4709 τὸν
3484 4654 3824 4726 βραχύτατον

2238 4747 2331 4800 καὶ
2362 4747 2717 4819 μικρότατον,
2751 4748 2845 4802 καὶ
2874 4747 3143 4802 νεώτατον
3168 4747 3278 4801 τῶν
3308 4747 3620 4801 ἀποστόλων
3649 4748 3824 4801 ἐδίδα-

2239 4836 2360 4905 ξεν,
2394 4841 2451 4892 ἐν
2502 4839 2758 4894 ἐκστάσει
2790 4841 2919 4895 ποτὲ
2960 4842 3284 4912 γενόμενον,
3340 4840 3428 4893 ὅτε
3482 4839 3677 4892 ἐδίωκε
3728 4842 3824 4912 τὴν

2250 4930 2577 5003 Ἐκκλησίαν
2608 4932 2702 4986 τοῦ
2737 4933 2906 4997 Θεοῦ,
2951 4933 3047 4986 καὶ
3082 4932 3300 5004 ἐπόρθει
3326 4931 3516 5002 αὐτὴν,
3561 4932 3598 5001 ἢ
3626 4932 3721 4985 ὅτε
3770 4935 3823 4986 ἐν

2238 5025 2575 5094 ἀποκαλύψει
2601 5027 2691 5081 τὸν
2726 5027 2956 5099 Σωτῆρα
2991 5025 3246 5080 τεθέατο·
3284 5026 3318 5096 ἢ
3350 5027 3440 5078 ὅτε
3477 5026 3710 5097 ἡρπάγη
3748 5026 3824 5086 είς

2238 5119 2329 5171 τὸν
2378 5118 2706 5191 παράδεισον
2749 5120 2853 5182 ἕως
2886 5120 3081 5191 τρίτου
3132 5118 3394 5191 ούρανοῦο
3449 5118 3588 5188 μετά
3644 5118 3702 5170 δὲ
3738 5116 3824 5174 τὸν

2239 5210 2453 5265 Παῦλον
2493 5213 2622 5275 τοὺς
2671 5211 2893 5274 λοιποὺς
2943 5210 3272 5274 ἀποστόλους
3303 5210 3421 5263 ἐκεῖ
3469 5209 3528 5261 ἐν
3572 5210 3639 5278 τῇ
3684 5208 3821 5275 αὐτῇ

2250 5303 2545 5376 Ἐκκλησία
2610 5302 2936 5377 διαπρέπειν
2989 5302 3269 5367 θεσπίζει,
3338 5301 3606 5372 ἄρχοντας
3664 5298 3822 5359 ὄντας

2238 5398 2539 5470 ἡμετέρους
2570 5399 2635 5452 ἐκ
2660 5397 2834 5469 φυλῆς
2874 5394 3065 5461 Ἰούδα,
3098 5396 3194 5449 καί
3230 5394 3496 5466 ἄρχοντας
3532 5387 3823 5446 Ζαϐουλὼν

624 5732 699 5804 (l)
747 5733 803 5789 ιιι
850 5742 934 5790 est
962 5772 975 5798 ,
1029 5732 1194 5789 Deum
1225 5733 1375 5788 illum
1416 5748 1525 5789 esse
1562 5732 1613 5785 in
1652 5729 1889 5786 Ecclesia
1924 5730 2233 5800 prwdicare.
