4068 6522
340 320 445 375 713

1460 319 1965 381 COMMENTABIA
2003 316 2070 380 IN
2111 327 2447 385 PSALMOS.

3464 344 3565 397 7H

336 438 431 491 καὶ
461 438 725 509 ἄρχοντας
765 439 1098 512 Νεφθαλείμ.
1145 442 1267 497 Ἐπὶ
1299 445 1491 517 σχολῆς
1517 448 1560 500 δ’
1601 450 1667 503 ἀν
1697 467 1781 511 τις
1813 468 1868 517 cp:

1969 499 1971 508 ,
2003 467 2125 504 nam
2162 455 2335 509 cuivis
2369 456 2630 524 quaerenti
2656 456 2816 512 datur
2843 473 2876 514 a
2925 458 3211 518 Servatore
3254 465 3560 521 inveniendi

335 530 667 601 λοκαλήσας,
724 532 819 603 τὴν
873 533 1100 587 ἑκάστου
1162 536 1270 589 τῶν
1322 538 1630 593 ἀποστόλων
1682 542 1903 613 εὑρήσει

336 620 542 691 φυλήν·
597 623 719 675 ἐπεὶ
772 626 933 677 παντὶ
982 626 1063 696 τῷ
1120 627 1366 697 ζητοῦντι
1417 631 1449 700 ἡ
1498 631 1598 701 τῆς
1638 633 1902 704 εὑρέσεως

331 711 538 765 δέδοται
562 713 665 766 ὑπὸ
683 714 776 767 τοῦ
812 716 1061 787 Σωτῆρος
1091 718 1409 787 ἐπαγγελία.

410 821 427 853 ι
458 804 747 869 Ἔντειλαι,
778 806 809 857 6
846 806 996 871 Θεὸς,
1034 808 1130 879 τὴν
1158 809 1382 881 δύναμιν
1413 829 1526 878 σου,
1564 814 1898 886 δυνάμωσον,

330 898 359 949 6
378 896 529 960 Θεὸς,
555 898 711 951 τοῦτο
728 898 755 950 ὃ
777 902 1123 971 κατειργάσω
1148 902 1296 972 ἡμῖν.
1319 923 1338 955 ι
1368 905 1596 959 Ἕπεται
1620 909 1897 963 καὶταῦτα

330 990 442 1051 τοῖς
490 989 883 1060 προλεχθεῖσιν.
934 993 1150 1063 Ἐπειδὴ
1192 994 1297 1065 γὰρ
1335 999 1685 1069 προφητικῶς
1733 1018 1899 1070 προσ-

330 1078 552 1132 έταττεν
584 1083 611 1133 6
649 1080 803 1149 λόγος
830 1086 940 1146 τοῖς
971 1084 1284 1151 ἀποστόλοις
1309 1089 1365 1141 ἑν
1394 1090 1707 1161 ἐκκλησίαις
1743 1093 1895 1146 εὐλο-

328 1171 447 1233 γεῖν
472 1170 562 1223 τὸν
593 1171 815 1243 Κύριον,
846 1174 939 1227 καὶ
985 1175 1141 1229 τοῦτο
1180 1183 1349 1232 ποιεῖν
1390 1180 1462 1251 μὴ
1491 1183 1693 1256 ἐτέρων
1734 1185 1894 1239 τινῶν

327 1263 680 1333 ὁρμωμένους
729 1267 933 1337 λόγων,
969 1271 1083 1323 ἀλλ’
1132 1274 1196 1326 ὲκ
1249 1274 1355 1329 τῶν
1404 1278 1592 1348 πηγῶν
1659 1280 1889 1350 Ἰσραὴλ,

327 1353 633 1419 ἀκολούθως
671 1358 809 1430 ὑπὲρ
840 1361 1017 1414 αὐτῶν
1044 1363 1207 1435 εὐχὴν
1234 1366 1544 1438 ἀναπέμπει
1580 1370 1640 1422 τὸ
1669 1370 1891 1441 Πνεῦμα

325 1445 386 1497 τὸ
412 1450 761 1519 προφητικὸν,
794 1454 999 1519 φάσκον
1022 1473 1034 1485 ’
1064 1474 1080 1506 ι
1114 1457 1398 1523 Ἔντειλαι,
1431 1462 1459 1512 ό
1493 1460 1642 1527 Θεὸς,
1670 1463 1768 1534 τὴν
1794 1463 1887 1516 δύ-

324 1538 486 1609 ναμίν
530 1557 622 1593 σου
646 1559 660 1573 ’
696 1562 715 1595 ι
759 1544 890 1597 ὡσεὶ
934 1547 1263 1620 σαφέστερον
1313 1551 1531 1621 ἔλεγεν·
1596 1555 1889 1609 Ἐπισπευ-

326 1628 470 1719 σάτω
504 1632 535 1702 ή
561 1631 789 1704 δύναμίς
820 1653 935 1699 σου,
973 1639 1065 1690 καὶ
1092 1642 1416 1713 συνεργείτω
1447 1648 1558 1708 τοῖς
1596 1647 1850 1719 ἀνδράσιν
1870 1666 1881 1679 ⁸

322 1718 459 1774 ἀλλά
496 1723 587 1775 καὶ
612 1724 708 1796 ἤδη
740 1728 869 1779 ποτὲ
894 1731 959 1800 τῇ
987 1730 1130 1800 ίσχύῖ
1157 1748 1247 1785 σου
1279 1733 1345 1785 δι’
1374 1734 1549 1807 ἔργων
1582 1718 1884 1811 χωρησάτω

320 1812 388 1865 τά
418 1818 873 1889 προφητευόμενα
895 1836 907 1849 ·
944 1822 1214 1876 καὶτοῦτο
1244 1824 1300 1878 δὲ
1327 1825 1355 1878 ὃ
1386 1830 1730 1900 κατειργάσω
1759 1834 1889 1902 ἡμῖν

317 1906 385 1974 τῇ
421 1908 484 1976 σῇ
514 1906 674 1979 βουλῇ
708 1912 1024 1983 προορίσας,
1060 1916 1153 1968 καὶ
1184 1917 1314 1970 αὑτὸ
1346 1918 1659 1990 δυνάμωσον
1681 1938 1696 1955 ·
1740 1924 1887 1987 ὅπως

314 1996 381 2086 τῇ
421 2000 487 2086 σῇ
515 1998 739 2071 δυνάμει
766 2002 945 2073 ἔργοις
987 2006 1375 2081 ἐπιτελεσθείη.
1402 2011 1466 2063 Τί
1495 2012 1550 2064 δὲ
1578 2008 1646 2084 ἦν
1668 2014 1823 2067 τοῦτο
1850 2016 1882 2086 ἢ

312 2084 375 2136 τὸ
407 2085 536 2156 ἑξῆς
585 2089 998 2162 ἐπιφερόμενον,
1042 2113 1060 2145 ι
1102 2096 1224 2148 Ἐπὶ
1266 2098 1357 2152 τὸν
1391 2100 1515 2154 ναόν
1549 2118 1641 2156 σου
1690 2104 1781 2156 τὸν
1826 2084 1885 2157 ὲν

320 2177 681 2251 Ἰερουσαλὴμ
719 2184 800 2236 σοὶ
827 2184 1033 2239 οίσουσι
1071 2187 1311 2258 βασιλεῖς
1338 2191 1513 2263 δῶρα;
1547 2212 1565 2245 ι
1591 2195 1749 2249 τοῦτο
1776 2198 1882 2270 γὰρ

310 2270 443 2323 αὐτὸ
471 2272 935 2345 ἐπαγγειλάμενος
975 2280 1107 2349 ἡμῖν
1136 2280 1448 2352 δυνάμωσον
1476 2285 1746 2353 γενέσθαι.
1778 2289 1882 2341 Βα-

314 2360 481 2426 σιλεῖς
515 2363 572 2416 δὲ
614 2364 705 2419 διὰ
728 2366 886 2420 τοῦτο
918 2370 973 2421 αἱ
1026 2369 1290 2440 βασιλεῖαι
1328 2374 1428 2445 τῆς
1459 2376 1563 2446 γῆς
1611 2378 1875 2450 εἴρηνται,

438 2452 606 2543 ἐθνῷν
626 2456 879 2511 ἁπάντων
901 2460 1087 2515 τοῦτον
1116 2467 1525 2537 σημαινομένων
1542 2468 1634 2524 τὸν
1654 2473 1871 2543 τρόπον.

307 2540 465 2606 Νεὼς
499 2542 557 2596 δὲ
581 2544 639 2597 ἐν
679 2545 1048 2620 Ἰερουσαλὴμ,
1077 2551 1161 2621 ἐφ’
1187 2552 1246 2605 ὃν
1275 2555 1343 2607 τά
1375 2556 1522 2627 δῶρα
1561 2540 1797 2615 οἴσουσιν
1824 2564 1873 2615 οι

307 2633 566 2704 βασιλεῖς,
595 2637 703 2691 οὐδ’
733 2639 918 2711 ἕτερος
969 2640 1035 2694 ἂν
1073 2643 1157 2714 εἴη
1191 2644 1289 2716 τῆς
1335 2646 1611 2717 βασιλείας
1651 2652 1759 2706 τῶν
1786 2652 1875 2705 ού-

308 2728 519 2800 ρανῶνο
574 2732 734 2803 εἴπερ
785 2734 943 2805 ῖσμεν
1000 2737 1349 2810 Ἰερουσαλὴμ
1398 2742 1754 2813 ἐπουράνιον,
1804 2748 1871 2818 ἢν

300 2820 505 2886 ἔδειξεν
543 2822 573 2875 6
605 2823 807 2878 εἰπών’
846 2845 865 2878 ι
899 2827 962 2880 Ἦ
993 2828 1049 2881 δὲ
1081 2830 1192 2884 ἀνω
1234 2831 1586 2906 Ἰερουσαλὴμ
1611 2837 1871 2912 ἐλευθέρα

300 2913 471 2979 ἔστιν,
498 2914 621 2986 ἣτις
639 2916 756 2970 ἐστὶ
788 2919 970 2991 μήτηρ
988 2921 1173 2991 ἡμῶν
1202 2940 1220 2973 ι
1241 2924 1355 2988 καὶ,
1386 2943 1404 2976 ι
1432 2927 1869 3001 Προσεληλύθατε

299 3002 446 3057 Σιὼν
467 3005 583 3077 ὄρει
616 3008 708 3059 καὶ
732 3006 882 3061 πόλει
905 3009 1039 3063 Θεοῦ
1068 3011 1288 3078 ζῶντος,
1333 3014 1686 3091 Ἰερουσαλὴμ
1709 3021 1869 3073 ἐπου-

2006 545 2293 611 promissio
2316 546 2377 600 ⁵ο.

2073 817 2234 871 Vens.
2270 817 2360 873 29.
2401 837 2418 868 ι
2459 819 2672 884 Munda,
2704 820 2866 886 Deus,
2899 823 3085 877 virtuti
3116 833 3259 891 ture;
3300 830 3557 882 contirma

2001 907 2122 971 hoc,
2156 907 2318 974 Deus,
2348 910 2493 979 quod
2527 919 2782 981 operatus
2817 930 2876 968 es
2912 915 2966 969 in
3001 916 3181 971 nobis.
3212 937 3229 967 ι
3267 915 3392 971 Haec
3422 933 3557 988 pra;-

1998 1000 2317 1056 cedentibus
2374 1011 2791 1057 connectuntur.
2853 1006 2990 1071 Quia
3044 1008 3188 1062 enim
3248 1010 3557 1079 prophetiae

1996 1091 2307 1160 praecipitur
2361 1094 2624 1163 apostolis
2670 1095 2725 1148 in
2779 1095 3030 1151 ecclesiis
3090 1097 3411 1153 benedicere
3454 1098 3556 1151 Do-

1995 1184 2177 1250 mino,
2214 1184 2375 1254 idque
2415 1196 2672 1255 praestare
2716 1202 2824 1241 non
2874 1188 2996 1243 aliis
3030 1176 3372 1246 sermonibus
3400 1207 3553 1247 exorv

1995 1291 2086 1330 sos
2110 1317 2123 1339 ,
2155 1277 2250 1331 sed
2282 1293 2343 1332 ex
2383 1278 2624 1333 fontibus
2680 1279 2878 1345 Israel;
2912 1291 3314 1351 consequenter
3349 1299 3450 1353 pro
3490 1285 3557 1340 iis

1992 1366 2287 1421 orationem
2347 1368 2585 1438 Spiritus
2638 1369 2991 1439 propheticus
3038 1371 3285 1438 eITundit,
3318 1374 3552 1430 dicens:

1995 1477 2012 1508 ι
2053 1458 2268 1525 Manda,
2302 1459 2462 1526 Deus,
2496 1462 2682 1515 virtuti
2712 1471 2859 1523 tute;
2901 1482 2919 1514 ›
2959 1477 3022 1518 ac
3055 1464 3101 1518 si
3134 1466 3376 1534 apertius
3409 1467 3557 1520 dice-

1988 1558 2070 1604 ret
2107 1569 2119 1604 :
2156 1550 2397 1607 Festinet
2420 1553 2591 1609 virtus
2624 1561 2714 1607 tua
2736 1592 2750 1615 ,
2779 1554 2996 1624 illisque
3024 1555 3155 1611 viris
3179 1565 3502 1627 eooperetur
3527 1576 3542 1621 ;

1988 1642 2083 1696 sed
2134 1643 2218 1698 vel
2249 1659 2373 1699 sero
2406 1645 2624 1698 tandem
2678 1646 2880 1700 virtute
2934 1654 3024 1699 tua
3080 1663 3200 1717 quae
3240 1648 3552 1718 prophetico

1987 1732 2133 1787 dicta
2163 1742 2291 1790 sunt
2323 1751 2487 1805 Opere
2515 1737 2893 1805 compleantur
2920 1756 2932 1792 :
2969 1746 3021 1791 et
3051 1739 3155 1793 hoc
3197 1740 3375 1808 ipsum
3404 1742 3549 1810 quod

1990 1833 2246 1895 Operatus
2286 1842 2346 1881 es
2385 1828 2439 1881 in
2491 1828 2651 1883 nobis
2698 1837 2983 1897 postquam
3027 1830 3273 1885 luturum
3303 1848 3425 1887 esse
3456 1849 3551 1885 νυ-

1990 1918 2197 1973 luntate
2225 1929 2314 1972 tua
2355 1918 2664 1981 delinieras,
2698 1922 2961 1974 confirma
2988 1961 3002 1983 ,
3037 1928 3095 1975 ut
3142 1930 3409 1991 potestate
3459 1932 3549 1977 tua

1987 2022 2074 2062 res
2108 2008 2226 2079 ipsa
2270 2007 2604 2077 perﬁciatur.
2635 2008 2774 2074 Quid
2826 2020 3004 2065 autem
3041 2012 3184 2067 aliud
3228 2012 3363 2066 illud
3407 2024 3545 2074 erat,

1985 2117 2146 2170 quam
2178 2101 2230 2155 id
2260 2100 2405 2169 quod
2433 2100 2698 2170 sequitur,
2739 2118 2757 2151 ι
2796 2101 2874 2156 Ad
2905 2104 3161 2174 templum
3196 2114 3345 2158 tuum
3378 2104 3432 2158 in
3454 2103 3547 2158 Je-

1984 2195 2220 2248 rusalem
2266 2193 2363 2247 tibi
2416 2192 2644 2249 oll‘erent
2690 2210 2847 2264 reges
2877 2197 3148 2251 munera?
3187 2217 3205 2249 ι
3245 2195 3359 2252 Hoc
3401 2198 3545 2252 enim

1981 2287 2157 2355 ipsum
2183 2285 2328 2355 quod
2365 2285 2523 2340 nobis
2556 2286 2856 2355 promisisti
2901 2288 3181 2354 conﬁrma,
3222 2298 3281 2343 ut
3312 2289 3541 2345 eveniat.

1981 2376 2153 2448 Reges
2184 2385 2364 2431 autem
2392 2390 2557 2446 regna
2604 2385 2766 2432 teme
2808 2378 3140 2447 significant,
3177 2395 3285 2449 qua
3332 2381 3544 2435 ratione

1977 2466 2245 2521 universa:
2266 2476 2453 2537 gentes
2486 2466 2815 2523 indicantur.
2847 2468 3131 2540 Templum
3160 2478 3341 2526 autem
3368 2471 3425 2525 in
3453 2469 3545 2527 Je-

1976 2559 2236 2622 rusalem,
2290 2574 2399 2629 quo
2449 2557 2695 2613 deferent
2751 2576 2909 2630 reges
2958 2576 3206 2627 munera,
3240 2578 3351 2619 non
3391 2564 3541 2619 aliud

1974 2649 2136 2706 fuerit
2170 2666 2331 2720 quam
2362 2666 2587 2720 regnum
2621 2652 2906 2708 caelorum.
2957 2652 3217 2710 Novimus
3268 2656 3539 2725 siquidem

1971 2741 2271 2798 Jerusalem
2302 2744 2577 2800 cmlestem
2634 2758 2797 2812 quam
2849 2744 3107 2800 indicavit
3149 2747 3423 2817 quispiam
3452 2746 3539 2803 his

1972 2836 2193 2891 verbis:
2225 2854 2245 2885 ι
2275 2835 2349 2889 Ea
2392 2851 2523 2891 vero
2568 2852 2689 2907 qua:
2730 2851 2951 2892 sursum
2995 2846 3081 2893 est
3110 2836 3434 2905 Jerusalem,
3469 2839 3539 2891 li-

1971 2928 2100 2983 bera
2130 2935 2234 2991 est,
2266 2943 2386 2998 qua:
2414 2935 2499 2984 est
2552 2936 2723 2983 mater
2767 2942 2953 2984 nostra
2973 2930 3014 2962 ⁸¹
3043 2949 3057 2997 ;
3101 2952 3120 2982 ι
3154 2937 3208 2985 et
3237 2949 3250 2985 :
3278 2948 3298 2981 ι
3343 2930 3541 2986 Acces-

1970 3014 2123 3071 sistis
2169 3015 2238 3070 ad
2283 3016 2416 3071 Sion
2464 3024 2703 3071 montem
2747 3028 2800 3072 et
2840 3018 3118 3074 civitatem
3166 3019 3261 3076 Dei
3303 3021 3538 3077 viventis

304 3097 498 3167 ρανίῳ.
531 3117 552 3150 ι
604 3099 821 3172 Ταύτης
873 3097 966 3155 οὖν
1012 3104 1113 3175 τῆς
1164 3107 1481 3180 ἐπουρανίου
1527 3112 1733 3178 πόλεως
1779 3118 1868 3171 τοῦ

1974 3106 2273 3163 Jerusalem
2308 3110 2583 3166 caelestem
2606 3111 2671 3164 ⁸⁸.
2711 3129 2729 3162 ι
2763 3108 2916 3177 Quod
2941 3112 3105 3185 igitur
3126 3113 3181 3169 in
3213 3114 3305 3169 illa
3325 3114 3535 3172 caelesti

304 3188 443 3242 Θεοῦ
470 3189 531 3243 τὸ
558 3189 834 3262 ἐξαίρετον
868 3194 961 3247 καὶ
993 3195 1262 3252 ἀνώτατον
1292 3200 1385 3253 καὶ
1411 3204 1652 3272 κρεῖττον
1678 3207 1706 3258 6
1739 3205 1872 3269 νεώς

294 3282 413 3335 ἔστι
437 3282 531 3336 τσῦ
565 3282 721 3338 Θεοῦ.
763 3285 882 3337 Ἐπὶ
910 3285 1095 3341 τοῦτον
1126 3290 1302 3346 τοίνυν
1328 3293 1418 3346 τὸν
1450 3294 1585 3349 νεών
1611 3313 1726 3361 σου,
1763 3315 1869 3370 φη-

294 3372 403 3438 σιν,
456 3374 537 3426 σοὶ
582 3374 785 3429 οἴσουσι
819 3377 1055 3461 βασιλεῖς
1099 3380 1273 3452 δῶρα⁶
1316 3387 1364 3437 οἱ
1415 3386 1513 3457 τὴν
1556 3387 1743 3461 λοιπὴν
1775 3390 1868 3463 δη-

291 3462 427 3536 λαδὴ
460 3465 612 3517 πόλιν
636 3466 736 3537 τὴν
765 3468 1080 3539 ἐπουράνιον
1123 3472 1398 3538 οἰκοῦντες
1428 3476 1663 3546 βασιλεῖς
1693 3462 1862 3547 ὄντες,

287 3556 383 3609 διὰ
407 3556 470 3609 τὸ
492 3557 862 3630 κατηξιῶσθαι
889 3560 989 3630 τῆς
1020 3561 1296 3631 βασιλείας
1316 3567 1423 3620 τῶν
1470 3570 1733 3641 οὐρανῶν,
1772 3575 1865 3626 καὶ

288 3647 381 3702 διὰ
407 3647 565 3703 τοῦτο
587 3649 999 3720 συμϐασιλεύειν
1019 3653 1097 3723 τῷ
1120 3656 1329 3711 ἑαυτῶν
1360 3659 1567 3730 Κυρίῳ.
1603 3680 1622 3713 ι
1660 3662 1724 3714 Εἰ
1756 3664 1862 3734 γὰρ

289 3742 731 3814 συναπεθάνομεν
752 3783 767 3809 ,
797 3744 891 3797 καὶ
939 3743 1243 3819 συζήσομεν
1268 3789 1283 3813 ,
1314 3752 1410 3803 καὶ
1438 3753 1487 3804 εί
1522 3754 1862 3825 ὑπομένομεν

284 3832 444 3897 Θεὸν,
478 3835 569 3887 καὶ
606 3835 1122 3908 συμδασιλεύσομεν.
1161 3857 1181 3890 ι
1207 3835 1363 3894 Οὗτοι
1392 3838 1486 3895 οὖν
1523 3845 1573 3895 οἱ
1603 3844 1881 3921 βασιλεῖς,

281 3930 363 3995 ὡς
393 3931 460 3985 ἂν
489 3932 592 3985 ὑπὸ
643 3933 860 4003 μεγάλῳ
899 3934 1146 4004 ἀρχιερεῖ
1179 3933 1258 4004 τῷ
1291 3935 1584 4004 Μονογενεῖ
1607 3935 1701 3989 τοῦ
1724 3936 1858 3991 Θεοῦ

282 4026 743 4097 λειτουργοῦντες,
772 4028 935 4098 ἱερεῖς
954 4044 1013 4080 τε
1037 4026 1206 4089 ὄντες,
1234 4028 1329 4080 καὶ
1350 4029 1501 4082 αὐτοὶ
1528 4029 1672 4101 δῶρα
1699 4048 1859 4101 προσ-

280 4118 522 4171 οίσουσιν
553 4120 633 4182 είς
673 4120 762 4173 τὸν
796 4120 921 4172 ναὸν
960 4121 1123 4173 αὐτοῦ
1150 4121 1241 4174 τὸν
1272 4121 1609 4192 ἐπουράνιον,
1643 4140 1855 4176 συνεισι

282 4212 567 4283 ερχόμενοι
606 4212 683 4281 τῷ
724 4213 940 4283 μεγάλῳ
971 4214 1233 4286 ἀρχιερεῖ.
1263 4215 1450 4277 Ὅπως
1485 4214 1540 4266 δὲ
1573 4214 1729 4267 τοῦτο
1760 4216 1853 4283 γέ-

279 4323 440 4377 νηται
466 4306 558 4358 καὶ⁵
584 4305 649 4358 δι’
676 4306 849 4375 ἔργων
874 4310 1220 4379 προχωρήσῃ,
1249 4306 1560 4376 ἀναγκαίως
1584 4307 1854 4376 ἐπηύξατο

278 4396 481 4451 εἰπών·
518 4415 537 4447 ι
576 4397 863 4459 Ἐντειλαι,
893 4399 922 4450 6
955 4397 1107 4461 Θεὸς,
1150 4396 1246 4469 τὴν
1283 4396 1507 4467 δύναμίν
1542 4413 1655 4461 σου,
1696 4397 1853 4450 δυνά-

279 4506 496 4560 μωσον,
539 4491 567 4541 6
600 4488 749 4553 Θεὸς,
782 4490 938 4543 τοῦτο
970 4490 998 4543 ὃ
1037 4490 1378 4559 κατειργάσω
1423 4491 1571 4559 ἡμῖν.
1609 4508 1627 4541 ι

360 4601 379 4633 ‹
401 4581 751 4652 Ἐπιτίμησον
765 4584 877 4645 τοῖς
894 4582 1099 4654 θηρίοις
1114 4581 1207 4635 τοῦ
1226 4582 1491 4652 καλάμου.
1506 4601 1523 4633 ι
1535 4582 1741 4652 Ὥσπερ
1757 4579 1852 4651 1:6-

276 4676 411 4742 ξατο
429 4675 879 4745 συνεργῆσαιτοῖς
892 4676 1262 4747 προλεχθεῖσιν
1273 4673 1457 4727 εἰπών·
1480 4692 1498 4724 ι
1514 4673 1799 4732 Ἔντειλαι,
1823 4676 1850 4726 6

272 4769 429 4833 Θεὸς,
459 4768 556 4841 τὴν
582 4768 806 4838 δύναμίν
828 4785 941 4820 σου·
970 4786 987 4818 ι
1011 4769 1103 4821 καὶ
1121 4767 1494 4837 «Δυνὰμωσον,
1514 4765 1705 4829 όΘεὸς,
1731 4765 1847 4817 τοῦ·-

270 4861 378 4914 τοὸ
404 4862 747 4931 κατειργάσω
762 4863 893 4931 ἡμῖν
913 4878 926 4891 ο
963 4880 980 4912 ι
1007 4860 1149 4914 οὓτω
1166 4860 1324 4913 πάλιν
1350 4858 1561 4928 εὔχεται
1581 4859 1648 4912 τὰ
1670 4858 1811 4911 κωλύ
1828 4890 1851 4909 -ν

274 4969 426 5023 ματα
453 4952 692 5006 ἐκποδὼν
720 4952 948 5024 ἀρθῆναι
988 4952 1051 5005 ὲκ
1097 4949 1282 5021 μέσου,
1310 4952 1457 5009 ὅπως
1501 4949 1790 5014 ἀκωλύτως
1816 4953 1844 5002 ό

267 5045 431 5113 λόγος
480 5044 770 5119 διαδράμῃ.
818 5043 1069 5117 Συνεώρα
1116 5042 1223 5113 γὰρ
1266 5044 1329 5113 τῇ
1374 5041 1675 5113 προγνώσει
1717 5043 1843 5105 τοὺς

270 5136 564 5208 μέλλοντας
609 5135 992 5190 ἐπανίστασθαι
1033 5135 1109 5207 τῷ
1153 5134 1487 5205 εύαγγελικῷ
1528 5134 1838 5205 κηρύγματι

263 5232 541 5302 διωγμοὺς
568 5232 661 5284 καὶ
685 5232 808 5293 τοὺς
844 5229 1063 5301 νοητοὺς
1100 5228 1291 5298 θῆρας,
1321 5221 1394 5281 ὧν
1420 5226 1615 5297 ηὔχετο
1644 5224 1840 5299 ῥυσθῆ-

264 5339 358 5375 ναι
390 5324 419 5374 6
441 5321 634 5374 εἰπών·
674 5338 690 5371 ι
728 5320 819 5390 Μὴ
854 5317 1108 5390 παραδῷς
1150 5321 1261 5380 τοῖς
1305 5315 1512 5387 θηρίοις
1548 5316 1722 5385 ψυχὰς
1755 5315 1839 5379 ἐξ·

266 5414 706 5485 ομολογουμένας
770 5429 883 5465 σοι·
924 5431 945 5463 ι
982 5410 1142 5482 θηρία
1185 5410 1241 5463 δὲ
1296 5408 1540 5478 καλάμου
1595 5407 1833 5476 νοήσεις,

270 5507 460 5579 μαθὼν
488 5504 594 5560 ἀπὸ
621 5506 711 5559 τοῦ
752 5504 869 5557 ’1ὼό
900 5506 1046 5567 ὅπως
1070 5504 1279 5573 εἴρηται
1311 5496 1415 5554 ὑπὸ
1440 5500 1534 5553 τοῦ
1555 5499 1795 5552 διαϐόλου
1817 5515 1829 5527 ·

271 5621 289 5653 ι
344 5599 482 5653 Ὑπὸ
510 5598 820 5653 παντοδαπά
863 5596 1051 5667 δένδρα
1099 5596 1373 5665 κοιμᾶται,
1409 5592 1557 5646 παρὰ
1586 5590 1833 5643 πάπυοον

1975 3194 2067 3252 Dei
2114 3198 2332 3253 civitate
2383 3201 2751 3268 praestantius.
2798 3201 3087 3257 sublimius
3124 3210 3180 3258 et
3219 3204 3414 3260 melius
3439 3204 3527 3259 Ιιε-

1969 3288 2147 3354 betur,
2181 3291 2438 3360 templum
2484 3291 2576 3347 Dei
2605 3303 2707 3348 est.
2752 3295 2811 3347 In
2836 3294 2938 3349 hoc
2964 3295 3166 3367 templo
3188 3304 3303 3364 tuo,
3333 3295 3532 3368 inquit,

1970 3381 2066 3436 tibi
2127 3381 2356 3438 olTerent
2404 3399 2561 3455 reges
2642 3387 3028 3457 munerazqui
3095 3388 3308 3443 scilicet
3370 3389 3534 3445 aliam

1968 3471 2113 3526 illam
2167 3472 2441 3527 civitatem
2499 3474 2777 3530 emlestem
2836 3476 3123 3541 incolunt,
3174 3492 3303 3532 vere
3350 3493 3529 3549 reges.

1964 3564 2091 3634 quia
2158 3580 2333 3641 regno
2410 3566 2670 3621 caelorum
2750 3566 2958 3638 dignati
3047 3576 3223 3636 sunt;
3301 3569 3533 3641 ideoque

1964 3671 2070 3710 una
2132 3640 2256 3712 cum
2329 3657 2559 3713 Domino
2611 3673 2713 3714 suo
2771 3670 3019 3731 regnant.
3060 3680 3079 3713 ι
3114 3660 3250 3716 Nam
3292 3662 3338 3717 si
3381 3678 3532 3717 com~

1961 3749 2161 3803 mortui
2191 3766 2415 3817 sumus,
2468 3760 2522 3805 et
2569 3753 2938 3819 convivemus,
2999 3762 3052 3809 et
3086 3754 3134 3809 si
3193 3755 3530 3812 sustinemus

1961 3836 2129 3894 Deum
2181 3849 2233 3894 et
2284 3840 2738 3909 conregnabimus
2761 3840 2828 3895 ⁸³.
2865 3860 2883 3892 ι
2922 3840 2985 3894 Hi
3024 3841 3205 3911 itaque
3231 3856 3405 3912 reges,
3442 3855 3530 3896 ut-

1960 3940 2081 3999 pote
2109 3931 2201 4000 qui
2230 3932 2331 3986 sub
2365 3947 2560 4002 magno
2586 3931 2930 3988 sacerdotum
2964 3933 3208 4002 principe
3236 3931 3527 4003 Uuigenito

1958 4004 2053 4077 Dei
2084 4023 2445 4078 ministerium
2471 4024 2686 4088 obeant,
2714 4032 2769 4078 et
2800 4024 3113 4079 sacerdotes
3135 4025 3267 4088 sint,
3300 4040 3526 4079 munera

1955 4120 2008 4167 et
2042 4112 2145 4181 ipsi
2172 4112 2228 4165 in
2258 4112 2516 4181 templum
2565 4113 2683 4182 ejus
2713 4113 2932 4167 caeleste
2971 4113 3220 4177 silerent,
3244 4128 3353 4167 uua
3397 4126 3523 4168 cum

1955 4219 2153 4275 magno
2183 4203 2527 4259 sacerdotum
2558 4204 2804 4274 principe
2854 4205 3212 4263 introeuntes.
3244 4203 3315 4260 Ut
3341 4216 3521 4261 autem

1957 4296 2058 4349 hoc
2085 4296 2177 4348 Iiat
2204 4301 2258 4349 et
2284 4310 2447 4363 opere
2476 4295 2834 4364 compleatur,
2872 4296 3188 4352 neceSsario
3221 4296 3303 4352 sic
3331 4312 3524 4366 preca-

1955 4391 2041 4439 tus
2066 4392 2149 4439 est
2178 4402 2191 4438 :
2229 4402 2247 4434 ι
2280 4382 2496 4449 Manda,
2529 4382 2692 4457 Deus,
2729 4384 2918 4439 virtuti
2940 4392 3046 4438 tum
3066 4402 3080 4444 :
3101 4385 3363 4439 conﬁrma
3391 4386 3519 4453 hoc,

1883 4458 1928 4518 Ῐ)
1956 4476 2118 4543 Deus,
2150 4476 2297 4545 quod
2328 4484 2585 4544 operatus
2611 4491 2670 4531 es
2701 4476 2753 4530 in
2780 4476 2960 4531 nobis.
2997 4496 3015 4527 ι

2024 4566 2190 4623 Vsus.
2224 4568 2407 4622 51.53.
2455 4586 2472 4618 ι
2512 4567 2733 4637 lucrepa
2771 4566 2912 4623 feras
2941 4568 3248 4623 arundinis.
3279 4588 3297 4619 ι
3318 4567 3518 4637 Quem-

1952 4660 2242 4714 admodum
2286 4670 2538 4729 precatus
2586 4660 2785 4724 fuerat,
2825 4666 2882 4711 ut
2930 4659 3222 4727 praedictos
3268 4659 3519 4716 homines

1951 4753 2233 4824 adjuvaret
2264 4734 2452 4809 dicens
2498 4772 2509 4805 :
2567 4771 2583 4801 ι
2610 4750 2827 4813 Manda,
2876 4750 3039 4815 Deus,
3071 4751 3260 4805 virtuti
3317 4760 3458 4816 tum;
3491 4772 3509 4803 ι

1948 4854 2002 4901 et
2023 4886 2037 4908 ,
2076 4865 2093 4896 ι
2116 4845 2393 4899 Confirma
2417 4844 2542 4908 hoc,
2573 4843 2738 4905 Deus.
2770 4842 2915 4913 quod
2946 4852 3203 4914 Operatus
3232 4860 3293 4899 es
3324 4844 3378 4897 in
3413 4860 3515 4900 no-

1950 4939 2069 5003 bis;
2096 4958 2114 4991 ›
2152 4938 2232 4993 sic
2263 4936 2423 4990 modo
2458 4943 2731 5006 precatur,
2768 4944 2827 4989 ut
2859 4935 3045 4991 obices
3085 4934 3153 4991 de
3189 4937 3369 4991 medio
3412 4937 3514 4992 tol-

1950 5034 2149 5095 lantur,
2212 5037 2265 5085 et
2326 5030 2443 5085 sine
2504 5028 2889 5097 impedimento
2955 5044 3135 5084 sermo
3201 5041 3503 5101 percurrat.

1946 5125 2293 5181 Praescientia
2321 5126 2519 5194 quippe
2544 5131 2766 5178 noverat
2798 5139 2892 5179 eas
2918 5139 3039 5193 quae
3069 5123 3336 5180 adversus
3366 5141 3505 5195 pra:-

1944 5217 2272 5273 dieationem
2315 5213 2681 5283 evangelicam
2718 5212 3020 5267 excitanda}
3058 5220 3213 5266 erant
3246 5228 3505 5281 persecu-

1938 5313 2137 5375 tiones,
2184 5307 2604 5378 spiritualesque
2642 5305 2807 5368 feras,
2863 5320 2893 5359 a
2939 5304 3142 5375 quibus
3171 5306 3307 5375 eripi
3341 5320 3500 5373 roga-

1939 5404 2032 5457 bat
2081 5403 2171 5457 ille
2197 5402 2291 5471 qui
2332 5401 2443 5454 haec
2478 5400 2800 5469 loquebatur
2841 5418 2854 5452 :
2909 5397 3029 5454 «Ne
3063 5398 3251 5453 tradas
3307 5397 3513 5451 bestiis.

1937 5496 2148 5551 animas
2195 5493 2514 5549 conﬁtentes
2570 5490 2783 5545 tibi".i
2850 5489 2981 5556 Quae
3031 5491 3140 5545 sint
3202 5489 3307 5543 illa:
3369 5490 3496 5541 tera;

1937 5586 2221 5642 arundinis
2250 5585 2542 5654 intelligas.
2580 5586 2625 5637 si
2674 5598 2702 5636 a
2731 5582 2833 5637 Job
2868 5582 3085 5637 ediscas
3127 5580 3259 5650 quid
3289 5580 3493 5634 dictum

336 5760 381 5791 '°
410 5757 597 5812 Matth.
633 5772 725 5821 vn,
760 5754 809 5821 7,
849 5755 903 5810 8.
976 5755 1019 5786 ⁵¹
1048 5752 1221 5807 Galat.
1259 5767 1330 5817 IV,
1361 5750 1448 5805 23.
1527 5751 1571 5782 ⁸³
1600 5748 1763 5804 Hebr.
1799 5764 1868 5802 xu

1969 5746 2017 5800 Ξ.
2097 5747 2142 5777 ⁵³
2170 5744 2210 5797 ll
2238 5743 2377 5799 Tim.
2414 5759 2472 5809 ιι,
2510 5742 2595 5805 II,
2628 5739 2712 5793 I2.
2791 5740 2835 5770 ⁵⁵
2863 5738 3005 5793 Psal.
3032 5752 3223 5796 ιχιιιιι,
3255 5736 3342 5790 I9.

511 5857 782 5915 ΡΑτιιοι..
829 5852 947 5913 Gn.
994 5850 1230 5913 XXIII.

3104 5832 3181 5889 23
