4068 6542
543 328 649 385 ἨΒ

1210 321 1478 383 EUSEBII
1516 319 1987 379 CESARIENSIS
2022 321 2171 378 OPP.
2211 321 2403 378 PARS’
2428 322 2516 379 lll.
2553 352 2625 368 —
2661 322 3075 381 EXEGETICA.

3676 328 3777 383 7ιεῖ

543 450 611 505 dc
636 448 853 505 diabolo
883 446 954 502 sit
986 465 997 500 :
1029 463 1048 497 ι
1088 444 1202 501 Sub
1238 447 1415 500 omnis
1436 445 1646 515 generis
1668 444 1953 499 arboribus
1974 443 2099 527 dor-1

2204 444 2296 498 καὶ
2335 444 2573 515 κάλαμον
2610 445 2702 499 καὶ
2745 445 3026 516 βούτομον.
3064 463 3085 499 ι
3114 444 3190 499 Ού
3240 443 3347 517 γὰρ
3385 443 3535 516 παρᾶ
3584 444 3776 516 συκῆν,

548 544 667 610 mit,
696 543 851 612 juxta
878 555 1165 611 papyrum,
1198 539 1467 591 calamum
1500 544 1553 592 et
1581 537 1930 600 caricem".i
1988 535 2103 591 Non

538 636 693 703 juxta
724 633 907 696 ticum,
937 633 1127 693 vitem,
1178 631 1349 684 oleam
1404 639 1496 682 aut
1549 629 1804 697 palmam,
1839 636 1932 681 aut
1975 630 2104 697 quid

542 729 612 782 iis
632 726 812 781 simile
838 764 853 787 ,
886 725 978 779 sed
1002 723 1157 792 juxta
1180 737 1460 792 papyrum,
1493 722 1761 774 calamum
1789 728 1841 772 et
1868 719 2103 772 caricem

542 816 825 886 quiescere
864 814 1043 883 ipsum
1085 813 1191 876 ait,
1225 812 1491 870 inﬁrmas.
1528 808 1751 879 frigidas
1788 808 2105 877 nullumque

544 908 779 961 fructum
814 906 1017 961 bonum
1070 904 1413 974 prolerentes
1458 903 1669 957 animas
1720 901 1806 956 bis
1858 901 2107 957 subindi-

541 1013 714 1064 cans;
751 997 908 1062 juxta
934 996 1055 1049 illas
1088 995 1288 1065 quippe
1315 994 1479 1049 draco
1511 994 1846 1064 quiescebat.
1895 992 2105 1047 Truces

540 1100 720 1141 autem
756 1087 861 1141 illa:
913 1085 1039 1140 lem
1084 1085 1391 1149 arundinis,
1423 1092 1551 1140 sunt
1599 1083 1923 1141 adversariae
1956 1094 2105 1154 pote-

542 1190 733 1243 states,
764 1179 984 1248 maligni
1018 1179 1313 1241 daemones,
1369 1188 1423 1232 et
1466 1178 1726 1233 venenosi
1771 1177 2103 1246 reptilesque

541 1273 787 1343 spiritus,
819 1286 959 1341 quos
993 1276 1051 1323 ut
1081 1269 1322 1338 increpet
1365 1267 1529 1330 Deus,
1583 1266 1823 1337 Spiritus
1875 1276 2103 1322 sanctus

540 1372 696 1433 rogat
723 1363 874 1417 hisce
905 1362 1118 1418 verbis:
1157 1379 1175 1413 ‹
1200 1360 1424 1431 lncrepa
1458 1361 1602 1415 feras
1637 1361 1945 1416 arundinis.
1981 1381 1999 1413 ι
2039 1361 2104 1414 Ει

539 1456 1013 1527 congregationem
1056 1464 1374 1522 taurorum;
1420 1456 1554 1520 sive,
1598 1456 1895 1511 secundum
1946 1456 2105 1527 Sym-

540 1546 815 1609 machum,
882 1554 1122 1602 rcaztum
1177 1545 1576 1617 pnegrandium
1606 1565 1620 1613 ;
1653 1566 1671 1599 ι
1726 1562 1925 1602 vaccas
1972 1548 2101 1602 item

539 1640 863 1709 populorum
900 1637 1167 1708 increpari
1202 1638 1441 1708 postulat
1489 1657 1502 1692 :

539 1735 791 1804 pulorum
861 1740 915 1787 et
981 1732 1146 1794 tauri,
1213 1738 1339 1787 sunt
1397 1732 1433 1786 ii
1509 1731 1649 1786 inter
1726 1730 1946 1786 Judteos
2009 1730 2102 1801 qui

539 1825 694 1880 verbi
747 1830 1125 1894 persecutores
1172 1830 1319 1879 sunt.
1383 1822 1479 1878 llis
1524 1824 1671 1878 aliud
1698 1838 1837 1894 opus
1875 1823 2106 1892 subjun-

539 1920 707 1988 gitur,
742 1916 1223 1971 rutexoludantur
1264 1916 1301 1969 ii
1339 1917 1432 1986 qui
1457 1917 1668 1986 probati
1713 1922 1842 1971 sunt
1899 1930 2101 1987 argen-

538 2017 631 2065 to:
658 2028 676 2059 ι
722 2006 863 2078 quod
904 2006 1167 2075 liquidius
1208 2005 1444 2077 explicat
1466 2003 1835 2076 Symmachus
1878 2002 2098 2057 dicens:

545 2119 564 2150 α
585 2100 688 2167 Qui
718 2099 960 2154 calcibus
1007 2099 1214 2169 pellunt
1241 2114 1337 2154 eos
1361 2097 1459 2169 qui
1504 2095 1723 2167 probati
1764 2103 1894 2151 sunt
1936 2095 2094 2165 quasi

537 2192 862 2262 probatione
907 2191 1170 2261 argentin
1228 2188 1294 2242 lzli
1341 2203 1577 2258 namque
1604 2187 1774 2252 tauri,
1805 2194 1864 2241 et
1894 2200 2101 2262 memo-

539 2260 670 2337 rata:
700 2297 899 2347 vaccae,
933 2260 1127 2335 adieris
1160 2278 1448 2333 arundinis
1488 2278 1726 2348 agitata,
1778 2276 1988 2331 nullum
2022 2260 2104 2328 la—

543 2376 719 2444 pidem
744 2391 854 2429 non
876 2380 1114 2435 movent,
1148 2379 1205 2424 ut
1246 2371 1423 2426 sancti
1454 2369 1548 2423 Dei
1578 2385 1606 2422 a
1631 2384 1727 2439 spe
1755 2368 1860 2422 sibi
1898 2382 2102 2437 propo-

539 2470 645 2523 sita
693 2467 1072 2524 deturbentur.
1114 2463 1304 2519 Sancti
1333 2476 1463 2517 vero
1498 2460 1590 2515 Dci
1617 2470 1744 2515 sunt
1766 2459 1859 2529 qui
1889 2458 2101 2529 probati

540 2567 669 2614 sunt
706 2566 953 2629 argento.
994 2554 1461 2624 Quemadmodum
1506 2552 1651 2607 enim
1703 2552 1960 2622 «eloquia
1998 2549 2104 2605 Do-

541 2651 674 2706 mini
704 2658 877 2713 casta,
909 2656 1193 2720 argentum
1224 2646 1349 2718 igne
1376 2644 1749 2701 examinatum
1766 2644 1850 2710 ⁵⁶;
1881 2665 1898 2694 ι
1941 2642 2025 2698 sic
2048 2649 2102 2698 et

540 2744 786 2799 homines
826 2742 918 2797 Dei
975 2740 1187 2811 probati
1243 2748 1372 2793 sunt
1425 2745 1485 2791 ut
1548 2744 1876 2808 argentum:
1930 2749 2102 2805 quare

534 2838 759 2892 dicunt:
796 2854 814 2888 ι
837 2834 1089 2889 Probasti
1119 2847 1240 2899 nos,
1272 2830 1433 2893 Deus,
1479 2830 1603 2902 igne
1647 2844 1749 2886 nos
1780 2828 2098 2885 examinasti

534 2928 681 2983 sicut
707 2926 1048 2982 examinatur
1098 2932 1381 2996 argentum
1401 2923 1500 2975 ⁸⁷.)
1545 2921 1714 2994 igitur
1759 2922 1885 2979 ferae
1933 2936 2101 2977 aruu-

2207 537 2326 590 οὐδὲ
2359 538 2510 608 παρά
2532 538 2794 608 ἄμπελον,
2821 540 2940 593 οὐδὲ
2992 537 3142 609 παρά
3188 536 3392 600 ἐλαίαν,
3419 537 3451 608 ἢ
3477 535 3714 605 φοίνικα,
3743 539 3779 609 ﬂ

2207 645 2259 681 τι
2304 628 2411 682 τῶν
2454 628 2662 692 τούτοις
2708 629 3128 701 παραπλησίων,
3176 627 3310 682 ἀλλὰ
3339 628 3489 699 παρὰ
3530 627 3781 699 πάπυρον

2207 722 2299 774 καὶ
2331 720 2572 791 κάλαμον
2602 721 2693 774 καὶ
2719 720 2976 792 βούτομον
3005 719 3375 775 ἀναπαύεσθαί
3402 738 3566 791 φησιν
3594 722 3780 784 αὐτὸν,

2206 813 2305 875 τὰς
2335 812 2555 877 ἀτόνους
2587 814 2679 867 καὶ
2705 813 3008 885 καθύγρους
3032 814 3125 867 καί
3156 812 3363 883 μηδένα,
3385 812 3596 883 καρπὸν
3621 814 3783 881 ἀναγ-

2208 906 2359 957 καῖον
2411 903 2787 975 προφερούσας
2831 903 3007 974 ψυχὰς
3069 903 3256 957 τοῦτον
3305 904 3648 974 αἰνιξάμενος
3689 904 3782 957 τὸν

2204 996 2437 1067 τρόπον·
2490 995 2640 1067 παρά
2685 995 2960 1059 τοιαύταις
3003 995 3113 1066 γὰρ
3154 994 3454 1048 ἀνεπαύετο
3484 997 3512 1049 ὁ
3541 994 3778 1066 δράκων.

2206 1087 2364 1141 Δεινά
2397 1087 2453 1140 δὲ
2477 1086 2639 1159 θηρία
2662 1087 2906 1158 καλάμου
2941 1090 3290 1159 τυγχάνουσιν
3319 1089 3373 1141 αἱ
3409 1087 3781 1157 ἀντικείμεναι

2203 1179 2480 1249 δυνάμεις,
2520 1179 2574 1231 οἵ
2608 1196 2666 1231 τε
2714 1181 2938 1251 πονηροὶ
2977 1180 3225 1251 δαίμονες
3255 1180 3355 1233 καὶ
3380 1179 3449 1233 τὰ
3482 1180 3660 1233 ἰοὸόλα
3683 1180 3783 1233 καὶ

2204 1269 2507 1340 ἐρπυστικὰ
2550 1269 2853 1341 πνεύματα,
2902 1264 2983 1334 οἷς
3027 1270 3348 1340 ἐπιτιμῆσαι
3395 1269 3485 1322 τὸν
3538 1269 3671 1322 Θεὸν
3722 1268 3785 1323 τὸ

2204 1361 2425 1432 Πνεῦμα
2451 1361 2513 1415 τὸ
2545 1362 2695 1430 ἅγιον
2725 1362 2811 1416 διὰ
2840 1362 2947 1415 τῶν
2978 1362 3114 1433 μετὰ
3137 1366 3324 1434 χεῖρας
3349 1361 3566 1433 εὔχεται
3599 1362 3778 1430 λέγον·

2210 1470 2226 1502 ι
2281 1452 2631 1524 Ἐπιτίμησον
2672 1456 2782 1518 τοῖς
2827 1453 3035 1525 θηρίοις
3082 1453 3177 1506 τοῦ
3220 1452 3489 1522 καλάμου.
3522 1472 3539 1504 ι
3574 1453 3778 1525 Καὶτῇ

2206 1548 2487 1617 συναγωγῇ
2537 1545 2593 1598 δὲ
2641 1544 2749 1598 τῶν
2794 1545 3027 1616 ταύρων,
3068 1544 3124 1615 ἢ,
3155 1544 3293 1598 κατὰ
3340 1543 3430 1597 τὸν
3465 1543 3777 1616 Σύμμαχον,

1568 1653 1746 1692 vacca:
1778 1645 1958 1693 autem
2007 1652 2099 1709 po-

2210 1656 2228 1689 ι
2264 1638 2464 1708 συνόδῳ
2512 1636 2912 1709 παμμεγέθων,
2960 1656 2978 1689 ι
3031 1636 3125 1689 καὶ
3176 1639 3297 1701 ταῖς
3352 1635 3613 1707 δαμάλεσι
3670 1636 3781 1691 τῶν

2201 1730 2343 1784 λαῶν
2397 1730 2719 1800 ἐπιτιμῆσαι
2769 1727 3032 1782 ἱκετεύει·
3084 1728 3344 1800 δαμάλεις
3390 1729 3446 1782 δὲ
3491 1728 3635 1781 λαῶν
3680 1729 3777 1783 καὶ

2201 1820 2390 1893 ταῦροι
2437 1820 2487 1873 οἱ
2540 1820 2689 1891 παρὰ
2732 1820 3003 1883 Ἰουδαίοις
3058 1820 3164 1873 εἰσὶ
3202 1820 3425 1874 διῶκται
3458 1819 3552 1874 τοῦ
3592 1821 3775 1889 λόγου.

2206 1906 2312 1965 Ὧν
2360 1911 2535 1983 ἔργων
2579 1911 2639 1965 τὸ
2689 1910 2815 1980 ἐξῆς
2857 1910 3235 1983 ἐπιλεγόμενον
3272 1915 3330 1967 ἐν
3373 1912 3470 1984 τῷ,
3500 1932 3519 1965 ι
3549 1912 3643 1967 τοῦ
3689 1916 3780 1967 ἐκ·

2200 2002 2512 2075 κλεισθῆναι
2570 2002 2698 2066 τοὺς
2752 2002 3242 2074 δεδοκιμασμένους
3292 2004 3369 2076 τῷ
3420 2004 3698 2077 ἀργυρίῳ·
3750 2023 3774 2059 ο

2200 2095 2337 2167 ὅπερ
2384 2094 2712 2165 σαφέστερον
2757 2094 3097 2167 ήρμήνευσεν
3134 2098 3171 2149 ὸ
3225 2095 3516 2168 Σύμμαχος
3572 2096 3776 2151 εἰπών’

2208 2206 2226 2239 ι
2258 2188 2382 2252 Τοῖς
2404 2186 2805 2250 διαλακτίςουσι
2832 2188 2959 2252 τοὺς
2984 2187 3302 2260 εὐδοκήτους
3320 2189 3396 2253 ὡς
3424 2188 3651 2260 δοκιμὴν
3678 2192 3781 2262 ἀρ-

2202 2277 2416 2349 γυρίου.
2453 2296 2473 2331 ι
2503 2271 2663 2331 Οὗτοι
2700 2275 2809 2348 γὰρ
2852 2278 2902 2331 οἱ
2954 2275 3167 2349 ταῦροι,
3192 2278 3295 2331 καὶ
3319 2278 3375 2331 αί
3400 2279 3781 2350 προλεχθεῖδιι

2200 2370 2478 2440 δαμάλεις,
2514 2369 2619 2422 ὑπὸ
2646 2368 2754 2422 τῶν
2796 2368 2998 2439 θηρίων
3028 2368 3120 2423 τοῦ
3173 2370 3418 2441 καλάμου
3458 2370 3780 2444 ἐνεργούμε-

2202 2478 2309 2523 ναι,
2338 2460 2438 2531 τὴν
2468 2461 2648 2513 πᾶσαν
2685 2458 2957 2512 ποιοῦνται
3012 2459 3246 2533 σπουδὴν
3290 2459 3426 2532 πρὸς
3465 2461 3525 2514 τὸ
3568 2462 3781 2517 ἐκκλει-

2204 2554 2393 2626 σθῆναι
2422 2557 2547 2619 τοὺς
2581 2555 2768 2623 ἁγίους
2799 2554 2893 2608 τοῦ
2926 2554 3061 2609 Θεοῦ
3098 2557 3197 2628 τῆς
3232 2557 3646 2629 ἐπηγγελμένης
3674 2559 3777 2614 αὐ-

2201 2647 2311 2707 τοῖς
2338 2646 2568 2710 ἐλπίδος.
2600 2646 2781 2714 ’Ἅγιοι
2828 2645 2884 2699 δέ
2931 2645 3065 2699 Θεοῦ
3113 2647 3162 2700 οι
3205 2646 3651 2719 δεδοκιμασμένοι
3699 2650 3779 2721 τῷ

2200 2737 2463 2809 ἀργυρίῳ.
2505 2738 2712 2810 Ὥσπερ
2742 2737 2850 2811 γὰρ
2877 2757 2895 2791 ι
2924 2738 2991 2793 τὰ
3015 2738 3168 2807 λόγια
3195 2739 3399 2811 Κυρίου
3422 2740 3582 2809 ἀγνά,
3609 2742 3779 2815 ἀργύ-

2204 2847 2317 2901 ριον
2346 2829 2755 2901 πεπυρωμένον,
2788 2849 2807 2883 ι
2834 2828 3007 2894 οὕτως
3040 2830 3134 2883 καὶ
3155 2830 3205 2883 ot
3230 2830 3322 2883 τοῦ
3347 2831 3481 2886 Θεοῦ
3504 2832 3778 2904 ἄνθρωποι

2209 2920 2653 2992 δεδοκιμασμένοι
2700 2920 2836 2975 είσὶν
2882 2922 2957 2984 ὡς
3007 2921 3070 2975 τὸ
3121 2921 3409 2993 ἀργύριον·
3464 2924 3543 2978 διό
3584 2943 3773 2994 φασιν

538 3022 705 3084 (linis,
744 3020 1089 3091 congregatio
1113 3027 1416 3080 taurorum,
1450 3026 1503 3074 et
1527 3033 1707 3072 vacca:
1736 3018 2081 3088 populorum,

2206 3032 2224 3064 ι
2265 3013 2624 3084 Ἐδοκίμασας
2647 3014 2814 3085 ἡμᾶς,
2840 3013 2868 3065 δ
2899 3013 3049 3078 Θεὸς,
3085 3013 3372 3085 ἐπύρωσας
3400 3018 3546 3087 ἡμᾶς
3564 3017 3649 3082 νὼς
3676 3036 3775 3072 πυ-

536 3128 631 3167 eos
667 3112 761 3184 qui
792 3111 1003 3182 probati
1036 3118 1165 3165 sunt
1195 3116 1424 3182 argento
1457 3124 1488 3162 a
1532 3110 1813 3195 proposita
1862 3109 1965 3195 sibi
2002 3123 2099 3179 spe

533 3181 823 3257 excludere
852 3209 1125 3272 satagunt.
1182 3181 1327 3265 Sive,
1356 3200 1653 3256 secundum
1689 3181 2098 3271 Symmachum,

540 3312 562 3345 ‹
584 3294 842 3349 Calcibus
876 3294 1084 3363 pellunt
1114 3308 1209 3347 eos
1251 3293 1346 3363 qui
1376 3292 1591 3363 probati
1627 3303 1753 3347 sunt
1782 3292 1939 3362 quasi
1973 3306 2102 3361 pro—

538 3386 755 3440 batione
790 3386 1056 3457 argenti.»
1101 3382 1172 3439 Ut
1200 3399 1269 3440 ne
1301 3384 1485 3454 itaque
1517 3384 1595 3437 illi
1622 3397 1787 3453 supra
1810 3383 1943 3436 dicti
1970 3398 2102 3437 san-

536 3478 643 3533 ctis
680 3477 777 3533 Dei
806 3478 1198 3548 impedimento
1232 3477 1362 3537 sint,
1392 3476 1703 3531 necessario
1750 3474 1960 3529 dictum
1984 3482 2098 3531 est:

542 3574 807 3644 «increpa
863 3572 1005 3628 feras
1050 3570 1361 3631 arundinis.
1412 3569 1762 3640 congregatio
1815 3577 2099 3624 taurorum

538 3666 595 3718 in
646 3663 830 3718 vaccis
874 3662 1257 3733 populorum.»
1312 3659 1433 3714 Alia
1487 3660 1615 3715 item
1655 3660 1869 3716 ratione
1914 3667 2100 3716 tauros

537 3753 808 3824 intelligas
823 3749 1133 3806 iudaeorum
1150 3750 1463 3821 principes:
1495 3764 1690 3804 vaccas
1714 3757 1893 3805 autem
1910 3765 2099 3805 eorum

537 3858 840 3917 synagogas
894 3844 962 3898 iis
1012 3840 1284 3905 subditas,
1329 3849 1383 3895 et
1432 3840 1661 3911 pepulos
1711 3841 1805 3911 qui
1856 3848 2101 3911 tempore

536 3935 811 4008 passionis
833 3933 1150 3989 Servatoris
1171 3931 1347 3988 nostri
1379 3934 1814 3987 insurrexerunt.
1849 3931 1949 3986 Cui
1973 3948 2099 3987 sen-

536 4029 721 4083 tentia:
775 4025 1101 4095 astipulatur
1135 4038 1243 4078 vox
1298 4023 1391 4077 illa
1439 4037 1505 4078 ex
1566 4022 1740 4092 ipsius
1796 4020 2099 4079 Salvatoris

537 4133 772 4189 persona
818 4115 1116 4185 in-psalmo
1156 4129 1248 4168 rm
1282 4113 1499 4183 posita:
1542 4112 1846 4179 «Quoniam
1871 4114 2101 4167 circum-

537 4210 801 4265 dederunt
831 4223 917 4262 me
941 4206 1098 4261 vituli
1131 4206 1309 4269 multi,
1337 4206 1483 4259 tauri
1511 4206 1744 4276 pingues
1766 4204 2098 4260 obsederunt

536 4316 645 4354 me.
684 4299 1031 4368 Aperuerunt
1082 4297 1135 4349 in
1167 4311 1253 4350 me
1286 4310 1353 4351 os
1380 4310 1541 4351 suum
1558 4296 1665 4351 ⁸⁸.»
1707 4295 1875 4362 Queis
1904 4296 2097 4351 subin-

2202 3105 2388 3178 ροῦται
2436 3105 2498 3159 τὸ
2539 3105 2819 3178 ἀργύριον.
2860 3124 2878 3158 ›
2909 3107 2970 3159 Ol
3004 3100 3094 3160 οὖν
3124 3106 3285 3180 θῆρες
3316 3109 3365 3162 οἱ
3405 3109 3498 3162 τοῦ
3529 3110 3774 3181 καλάμου

2202 3198 2296 3250 καὶ
2330 3199 2364 3268 ή
2407 3197 2693 3269 συναγωγὴ
2724 3197 2832 3250 τῶν
2862 3196 3095 3268 ταύρων,
3128 3199 3219 3252 καὶ
3263 3201 3317 3252 αί
3365 3200 3624 3271 δαμάλεις
3666 3202 3774 3255 τῶν

2200 3284 2364 3349 λαῶν,
2396 3286 2522 3348 τοὺς
2544 3285 3025 3356 δεδοκιμασμένους
3048 3286 3126 3358 τῷ
3153 3288 3397 3359 ἀργυρίῳ
3412 3290 3776 3363 ἀποκλεισθῆ-

2201 3392 2287 3428 ναι
2328 3374 2682 3439 σπουδάζουσι
2720 3378 2816 3447 τῆς
2866 3377 3278 3449 ἐπηγγελμένης
3313 3380 3495 3444 αὐτοῖς
3537 3381 3771 3447 ἐλπίδος.

2202 3466 2296 3529 Ἦ,
2347 3465 2486 3519 κατά
2533 3467 2624 3519 τὸν
2657 3464 2978 3536 Σύμμαχον,
3024 3486 3043 3519 ι
3090 3468 3498 3534 Διαλακτίζουσι
3554 3472 3776 3539 τούτους

2202 3555 2396 3619 αύτούς
2446 3556 2768 3629 εύδοκήτους
2812 3556 2968 3620 ὄντας
3027 3557 3103 3622 ὡς
3154 3558 3380 3632 δοκιμὴν
3428 3562 3712 3635 ἀργυρίου.
3747 3585 3766 3617 ι

2204 3650 2297 3702 Ἴν’
2326 3645 2416 3703 οὖν
2448 3649 2522 3721 μὴ
2556 3650 2802 3721 ἐμποδὼν
2832 3650 3090 3720 γένωνται
3140 3655 3252 3717 τοῖς
3298 3655 3474 3723 ἁγίοις
3501 3656 3596 3709 τοῦ
3630 3656 3770 3713 Θεοῦ

2200 3743 2249 3795 oi
2281 3740 2682 3813 προλεχθέντες,
2726 3742 3037 3811 ἀναγκαίως
3078 3744 3322 3815 εἴρηται·
3354 3764 3375 3797 r
3418 3747 3769 3821 Ἑπιτίμησον

2200 3835 2309 3895 τοῖς
2341 3831 2547 3903 θηρίοις
2574 3832 2669 3886 τοῦ
2702 3832 2969 3903 καλάμου,
3016 3834 3049 3904 ἡ
3101 3836 3387 3907 συναγωγὴ
3420 3838 3525 3891 τῶν
3553 3840 3769 3912 ταύρων

2201 3923 2259 3976 ἐν
2299 3926 2419 3987 ταῖς
2456 3923 2716 3994 δαμάλεσι
2759 3923 2866 3977 τῶν
2898 3923 3062 3977 λαῶν.
3109 3944 3127 3977 ι
3164 3928 3272 3980 Καὶ
3318 3926 3489 3992 ἄλλως
3537 3930 3772 4002 ταύρους

2200 4018 2411 4088 νοήσεις
2439 4018 2563 4081 τοὺς
2596 4017 2857 4071 Ἰουδαίων
2893 4018 3159 4090 ἄρχοντας
3178 4040 3192 4053 ο
3227 4023 3485 4093 δαμάλεις
3508 4025 3769 4081 δὲιαύτῶν

2198 4109 2298 4173 τὰς
2336 4110 2439 4163 ὑπὸ
2480 4109 2698 4174 τούτους
2740 4107 3061 4181 συναγωγάς
3110 4114 3207 4167 καὶ
3267 4117 3390 4180 τοὺς
3438 4117 3598 4182 λαοὺς
3641 4121 3767 4185 τοὺς

2200 4203 2588 4266 ἐπισυστάντας
2637 4202 2776 4257 κατά
2819 4202 2880 4256 τὺ
2930 4204 3101 4269 πάθος
3153 4204 3249 4260 τοῦ
3295 4206 3545 4280 Σωτῆρος
3582 4210 3764 4281 ἡμῶν.

2200 4290 2479 4362 Μαρτυρεῖ
2501 4289 2557 4343 δὲ
2580 4288 2657 4361 τῷ
2692 4289 2833 4362 λόγῳ
2859 4293 2892 4362 ἡ
2926 4292 2986 4357 ἐξ
3011 4292 3174 4347 αὑτοῦ
3208 4295 3495 4366 προσώπου
3522 4296 3619 4350 τοῦ
3653 4298 3767 4353 Σω-

535 4389 756 4457 dicabat
781 4390 1055 4462 principes
1095 4390 1307 4449 Judaici
1352 4394 1558 4464 populi,
1590 4409 1809 4449 necnon
1842 4394 2093 4449 multitu-

2200 4381 2362 4452 τῆρος
2390 4382 2447 4434 ἐν
2470 4388 2550 4435 κα⁹
2578 4381 2775 4454 ψαλμῷ
2803 4383 2952 4455 φωνὴ
2978 4384 3287 4452 φάσκουσα’
3318 4404 3342 4439 r
3375 4389 3492 4442 Ὀτι
3526 4389 3767 4445 ἐκύκλω-

531 4482 717 4538 dinem
775 4484 909 4558 ipsis
955 4484 1231 4541 subditam
1282 4500 1403 4557 qua:
1451 4484 1742 4543 adversum
1797 4501 1861 4542 se
1908 4487 2095 4542 insur-

534 4577 698 4635 rexit.

610 4829 867 4903 «Dissipa
907 4839 1098 4903 gentes
1142 4820 1433 4903 quae'bella
1474 4835 1716 4891 volunt»
1761 4834 1893 4902 Quae
1930 4852 2094 4908 supe-

534 4923 651 4979 rius
680 4922 952 4987 l'eruntur,
998 4924 1066 4978 de
1118 4923 1449 4981 adversariis
1499 4928 1866 4999 potestatibus
1919 4936 1975 4983 et
2026 4929 2095 4983 de

533 5015 872 5086 principibus
902 5015 1214 5072 Iudaeorum
1279 5028 1533 5074 enarrata
1577 5028 1744 5076 sunt:
1799 5019 1915 5075 haec
1966 5036 2094 5075 vero

531 5105 602 5160 de
635 5106 871 5162 inimicis
913 5106 1169 5163 Ecclesia:
1216 5123 1281 5162 ex
1322 5108 1651 5179 reliquarum
1702 5110 1945 5180 gentium
1990 5126 2095 5164 nu-

532 5213 703 5255 mero.
744 5196 1090 5269 Prospiciens
1125 5215 1360 5270 namque
1393 5198 1631 5270 Spiritus
1658 5208 1884 5256 sanctus
1911 5214 2006 5256 eos
2021 5215 2093 5255 ex

532 5288 783 5360 gentibus
808 5289 902 5359 qui
937 5288 993 5345 in
1040 5290 1426 5346 incredulitate
1470 5290 1871 5360 perseveraturi
1911 5299 2091 5357 erant,

531 5381 795 5437 adversus
824 5380 1011 5437 ﬁdeles
1033 5382 1172 5437 bella
1194 5390 1250 5436 et
1278 5382 1684 5452 persecutiones
1700 5390 1946 5439 moturos
1970 5398 2092 5439 esse

530 5480 723 5526 contra
764 5470 1069 5528 Ecclesiam
1112 5472 1228 5531 Dei.
1278 5473 1593 5528 necessario
1644 5474 1747 5529 hac
1792 5474 1861 5530 de
1904 5491 1964 5531 re
2010 5475 2091 5531 sic

530 5572 785 5633 precatur
822 5581 836 5619 :
877 5582 895 5615 ι
914 5562 1131 5635 Dissipa
1160 5572 1350 5633 gentes
1377 5579 1498 5633 qua:
1527 5564 1666 5620 bella
1696 5566 1936 5621 volunt.)
1993 5566 2092 5622 His

530 5670 769 5737 namque
798 5655 1105 5728 dissipatis,
1143 5655 1320 5727 gratia
1351 5657 1662 5729 evangelica
1712 5657 1889 5713 locum
1918 5658 2089 5714 habe-

2197 4471 2295 4525 σάν
2336 4488 2403 4542 με
2450 4472 2637 4543 μόσχοι
2678 4472 2879 4538 πολλοὶ,
2929 4473 3120 4548 ταῦροι
3154 4477 3335 4541 πίονες
3359 4479 3645 4551 περιέσχον
3675 4498 3763 4553 με.

2199 4562 2450 4628 Ἤνοιξαν
2475 4564 2562 4615 ἐπ’
2590 4561 2691 4634 ἐμὲ
2722 4562 2783 4616 τὸ
2810 4563 2984 4636 στόμα
3016 4565 3215 4622 αὐτῶν.
3249 4586 3269 4620 ι
3302 4570 3379 4621 Δι’
3413 4563 3487 4623 ὧν
3523 4571 3769 4641 ᾐνίττετο

2193 4654 2318 4718 τοὺς
2344 4654 2608 4726 ἄρχοντας
2632 4654 2725 4708 τοῦ
2751 4655 3021 4711 Ἰουδαίων
3041 4657 3171 4712 λαοῦ
3211 4659 3306 4713 καὶ
3338 4660 3408 4715 τὰ
3436 4660 3526 4715 ὑπ’
3569 4662 3769 4729 αὐτοὺς

2196 4744 2374 4816 πλήθη
2399 4744 2469 4799 τὰ
2496 4746 2854 4801 ἐπισυστάντα
2884 4751 3003 4802 κατ’
3031 4750 3215 4805 αὑτοῦ.

2270 4853 2288 4886 ι
2327 4836 2718 4907 Διασκόρπισον
2748 4837 2874 4911 ἔθνη
2915 4840 2981 4895 τὰ
3017 4842 3143 4906 τοὺς
3182 4842 3444 4914 πολέμους
3467 4842 3711 4905 θέλοντα.
3742 4868 3764 4903 ι

2190 4926 2273 4980 Τὰ
2304 4927 2400 4998 μὲν
2438 4926 2682 5000 ἀνώτερα
2727 4931 2855 5002 περὶ
2896 4931 3003 4986 τῶν
3039 4934 3425 5006 ἀντικειμένων
3459 4937 3766 5009 δυνάμεων,

2190 5018 2284 5071 καὶ
2334 5020 2459 5091 περὶ
2504 5020 2613 5075 τῶν
2659 5022 2931 5094 ἀρχόντων
2978 5024 3071 5078 τοῦ
3113 5004 3377 5081 Ἰουδαίων
3421 5004 3609 5093 ἔθνους
3648 5004 3771 5099 ἐδηέ

2190 5108 2375 5177 λοῦτο,
2420 5110 2488 5165 τὰ
2523 5111 2579 5164 δὲ
2624 5113 2960 5185 προκείμενα
3001 5115 3127 5186 περὶ
3164 5116 3270 5170 τῶν
3311 5118 3370 5171 ἐν
3409 5121 3519 5182 τοῖς
3559 5119 3767 5182 λοιποῖς

2188 5200 2365 5255 ἔθνεσι
2398 5203 2668 5276 πολεμίων
2691 5205 2794 5277 τῆς
2839 5206 3184 5279 Ἐκκλησίας.
3225 5210 3437 5281 Ἐπειδὴ
3471 5208 3579 5281 γὰρ
3617 5212 3765 5284 ἐώρα

2190 5292 2253 5345 τὺ
2281 5294 2502 5366 Πνεῦμα
2534 5296 2595 5350 τὸ
2640 5297 2793 5364 ἅγιον
2836 5300 2960 5363 τοὺς
3004 5300 3062 5352 ἐν
3094 5300 3321 5372 ἀπιστίᾳ
3365 5300 3765 5370 ἀπομείναντας

2189 5386 2299 5439 τῶν
2347 5388 2515 5443 ἐθνῶν
2541 5390 3075 5462 ἐπαναστησομένους
3114 5393 3224 5455 τοῖς
3255 5394 3480 5458 πιστοῖς,
3520 5394 3615 5446 καὶ
3646 5394 3765 5447 διω-

2189 5478 2361 5549 γμοὺς
2402 5480 2541 5535 κατά
2594 5482 2692 5552 τῆς
2738 5482 3059 5553 Ἑκκλησίας
3100 5483 3194 5538 τοῦ
3244 5483 3377 5537 Θεοῦ
3419 5485 3758 5556 κινήσοντας,

2190 5569 2499 5637 ἀναγκαίως
2547 5572 2641 5625 καὶ¹
2683 5573 2811 5643 περὶ
2851 5571 3039 5625 τούτου
3090 5572 3305 5643 εὔχεται
3345 5573 3496 5643 λέγον
3516 5591 3530 5604 ·
3573 5593 3592 5626 ι
3633 5577 3760 5629 Ata-

2190 5661 2479 5731 σκόρπισον
2521 5662 2648 5734 ἔθνη
2698 5664 2765 5721 τὰ
2816 5665 2941 5729 τοὺς
2990 5665 3259 5737 πολέμους
3306 5666 3543 5722 θέλοντα.
3575 5686 3595 5721 ι
3630 5671 3754 5723 Δια-

599 5812 645 5843 "
667 5809 768 5867 Job
792 5826 881 5876 at,
917 5811 998 5867 16.
1074 5811 1119 5844 ⁸⁸
1149 5809 1293 5869 Psal.
1331 5827 1403 5877 ιι,
1428 5810 1481 5867 7.
1558 5812 1600 5845 ⁸⁷
1625 5812 1766 5869 Psal.
1801 5827 1923 5881 uv,
1958 5812 2046 5880 i0,

2200 5814 2343 5871 Psal.
2368 5832 2482 5885 xxi,
2511 5817 2598 5887 l5,
2626 5818 2711 5875 14.
