4068 6526
336 340 436 394 717

1456 342 1954 401 COMMENTARIA
1994 344 2062 400 IN
2100 343 2441 402 PSALMOS.

3460 342 3562 399 718

333 456 778 530 σκορπιζομένων
800 459 909 534 γὰρ
959 462 1185 529 τούτων,
1226 466 1261 535 ἡ
1306 464 1464 538 χάρις
1500 467 1534 537 ἠ
1581 467 1905 539 εύαγγελικὴ

2008 466 2108 521 bit.
2168 466 2286 521 Jam
2331 465 2574 519 futurum
2631 470 2749 518 erat
2795 469 2854 516 ut
2892 460 3064 532 gratia
3115 465 3454 531 operaretur,
3494 458 3564 512 ab

327 551 512 623 χώραν
536 553 666 618 ἕξει.
700 555 937 625 Ἦμελλε
960 556 1052 609 τοῦ
1079 560 1317 629 ἐνεργεῖν
1350 557 1444 612 καὶ
1470 557 1529 622 ἐξ
1554 558 1731 611 αὐτῶν
1753 558 1903 628 πρώ-

326 661 435 697 των
488 644 751 715 ἄρχεσθαι
799 646 906 699 τῶν
956 648 1077 701 καθ’
1134 649 1432 721 ὑπερϐολὴν
1489 649 1900 720 εἰδωλολατρῶν.

326 733 615 803 Αἰγύπτιοι
644 737 700 790 δὲ
727 734 866 810 ἦσαν
904 741 953 792 οἰ
981 740 1195 795 πάντων
1244 740 1542 812 ἀνθρώπων
1571 743 1663 796 καὶ
1690 744 1903 797 πάντων

2003 558 2072 613 iis
2123 558 2398 627 prioribus
2450 571 2576 611 orsa
2627 555 2718 627 qui
2767 569 2931 626 supra
2989 551 3209 607 modum
3260 549 3564 604 idololatra:

2002 657 2193 705 crant:
2236 648 2474 719 Egyptii
2512 655 2691 702 autem
2724 646 2798 700 illi
2842 650 2999 700 erant
3039 643 3280 700 omnium
3321 640 3562 712 gentium

2004 756 2067 795 ac
2097 742 2420 811 p0pulorum
2452 737 2999 809 superstitiosissimi.
3032 735 3211 802 Quare
3228 740 3418 805 postea
3443 730 3568 786 sub-

329 826 499 879 ἐθνῶν
520 827 1085 900 δεισιδαιμονέστατοι.
1110 832 1200 885 Διὸ
1222 832 1352 901 ἑξῆς
1368 833 1628 903 ἐπιλέγειδ
1650 834 1904 899 ‹”Ηξουσι

2008 834 2181 904 iungit
2220 853 2232 887 :
2278 852 2295 885 ι
2327 832 2556 887 Venieut
2599 831 2759 901 legati
2809 846 2874 883 ex
2923 828 3212 900 AZgypto»
3256 824 3564 880 Secundum

331 918 589 989 πρέσϐεις
616 919 675 985 ἐξ
698 922 989 990 Αἰγύπτου.
1028 942 1045 972 3
1079 925 1235 976 Κατά
1274 924 1329 977 δέ
1352 926 1444 978 τὸν
1480 926 1728 992 Ἀκύλαν,
1766 946 1783 973 σ
1816 927 1906 981 Οἰ-

330 1027 511 1065 σουσιν
538 1014 916 1084 ἐσπευσμένως
940 1015 998 1081 ἐξ
1023 1016 1294 1083 Αἰγύπτου
1311 1034 1325 1048 ·
1364 1036 1382 1067 3
1411 1018 1551 1072 κατά
1574 1019 1628 1073 δὲ
1648 1020 1737 1073 τὸν
1761 1020 1906 1091 Σύμ-

333 1120 524 1173 μαχον,
558 1124 576 1155 ι
601 1104 930 1159 Ἑλθέτωσαν
974 1108 1303 1176 ἐκφάναντες
1342 1110 1390 1161 οἱ
1438 1109 1496 1173 ἐξ
1548 1112 1841 1180 Αἰγύπτου.
1881 1130 1898 1162 3

330 1194 442 1247 Καὶ
492 1194 553 1247 τὸ
604 1196 702 1266 μέν
749 1199 965 1253 πάντων
1014 1198 1410 1270 εἰδωλολατρῶν
1453 1202 1609 1268 γένος
1657 1200 1744 1255 διά
1797 1202 1905 1254 τῶν

328 1281 697 1353 ἐλευσομένων
720 1285 777 1351 ἐξ
808 1286 1079 1354 Αἰγύπτου
1114 1287 1208 1339 καὶ
1235 1288 1637 1359 διαϐησομένων
1674 1291 1767 1343 ἐπὶ
1806 1289 1904 1359 τὴν

328 1373 425 1426 τοῦ
464 1375 597 1428 Θεοῦ
621 1377 819 1444 γνῶσιν
856 1378 1177 1449 δεδήλωται·
1214 1380 1301 1434 διὰ
1336 1381 1391 1434 δὲ
1437 1382 1530 1435 τοῦ
1564 1382 1689 1453 ἐξῆς
1729 1383 1907 1436 ἐπιλε-

330 1459 584 1531 γομένου·
605 1480 623 1511 ι
642 1463 889 1519 Αἰθιοπία
910 1466 1209 1537 προφθάσει
1238 1471 1393 1539 χεῖρα
1418 1472 1585 1541 αὐτῆς
1606 1470 1682 1542 τῷ
1709 1471 1847 1543 Θεῷ,
1881 1493 1900 1525 3

329 1550 400 1603 τά
433 1552 576 1623 ἀκρα
614 1554 712 1625 τῆς
756 1556 862 1609 τῶν
901 1557 1199 1628 ἀνθρώπων
1249 1562 1592 1633 οἰκουμένης,
1646 1563 1904 1634 Σημαίνει

328 1644 441 1715 γὰρ
484 1647 512 1698 ὁ
544 1646 719 1715 λόγος,
765 1649 841 1711 ὡς
874 1650 980 1720 ἄρα
1030 1650 1089 1715 ἐξ
1134 1652 1387 1706 ἁπάντων
1430 1654 1537 1707 τῶν
1586 1654 1754 1709 ἐθνῶν
1797 1656 1905 1709 τῶν

330 1735 424 1788 ἀπ’
454 1736 715 1809 ἀνατολῆς
741 1740 891 1811 ἡλίου
927 1741 1085 1813 μέχρι
1138 1743 1355 1813 δυσμῶν
1398 1745 1635 1815 ἥξουσιν,
1680 1747 1817 1801 κατά
1846 1750 1907 1802 τὸ

2004 927 2256 996 Aquilam
2293 940 2444 986 vero,
2501 944 2518 975 ι
2545 922 2743 978 Ferent
2791 921 3114 976 festinanter
3137 934 3201 973 ex
3237 916 3473 987 JEgypto
3499 932 3514 980 ;
3540 931 3561 963 3

2006 1018 2305 1072 secundum
2362 1015 2772 1088 Symmachum,
2828 1012 3106 1067 «Veniant
3160 1009 3444 1065 eﬂ‘erentes
3500 1021 3568 1060 ex

2005 1108 2292 1181 Egypton
2329 1108 2633 1177 Totumque
2674 1107 3083 1161 idololatrarum
3114 1117 3308 1174 genus,
3342 1115 3437 1171 per
3472 1112 3569 1153 eos

2005 1203 2098 1270 qui
2135 1217 2198 1255 ex
2236 1200 2470 1270 Aigvpto
2501 1199 2737 1262 venturi,
2784 1206 2837 1251 et
2872 1196 2937 1250 ad
2973 1195 3063 1250 Dei
3095 1195 3343 1249 notitiam
3396 1202 3571 1245 trans-

2007 1293 2134 1346 ituri
2163 1299 2310 1354 sunt,
2346 1292 2654 1357 indicatur;
2687 1306 2786 1361 per
2830 1290 2880 1343 id
2913 1302 3042 1343 vero
3082 1285 3226 1356 quod
3262 1298 3386 1338 mox
3415 1280 3571 1336 addi-

2006 1392 2131 1438 tur:
2182 1402 2199 1434 ι
2223 1382 2500 1453 [Ειὶιίορῑιι
2530 1383 2770 1452 porriget
2823 1394 3041 1433 manum
3067 1390 3221 1432 suam
3256 1375 3386 1437 Deo,
3418 1392 3436 1425 3
3475 1387 3571 1426 ex-

2006 1483 2175 1530 trema
2208 1475 2357 1530 orbis
2392 1475 2789 1545 significantur.
2835 1470 3152 1526 Declaratur
3174 1482 3339 1539 porro
3360 1480 3425 1520 ex
3453 1465 3573 1518 uni-

2004 1567 2178 1620 versis
2210 1566 2462 1635 gentibus
2491 1565 2560 1619 ab
2591 1566 2802 1618 oriente
2841 1563 2955 1619 sole
2988 1568 3161 1631 usque
3204 1558 3270 1613 ad
3314 1555 3573 1611 occiden-

2006 1665 2115 1712 tem
2150 1672 2473 1712 accessuros
2522 1672 2663 1719 esse,
2715 1664 2775 1709 ut
2808 1654 2937 1708 alibi
2988 1652 3193 1708 dicitur
3226 1669 3241 1705 :
3278 1667 3297 1700 ι
3321 1646 3573 1703 Remini-

2008 1759 2230 1804 scentur
2254 1758 2308 1803 et
2344 1755 2732 1803 convertentur
2757 1746 2825 1800 ad
2852 1745 3140 1800 Dominum
3174 1741 3416 1797 universi
3437 1739 3572 1795 ﬁnes

275 1810 307 1845 ⁶
329 1827 537 1896 φάσκον
572 1832 628 1884 ἐν
663 1810 871 1904 ἑτέροις
898 1810 1105 1902 λόγιονο
1148 1854 1166 1886 ι
1199 1810 1613 1908 ΜνησθήΙσονται
1646 1840 1739 1892 καὶ
1785 1843 1904 1894 ἐπι-

2008 1844 2166 1892 ιειεινω
2209 1854 2223 1890 :
2271 1844 2325 1891 et
2372 1836 2676 1890 adorabunt
2702 1835 2758 1889 in
2790 1840 3089 1904 conspectu
3130 1832 3251 1901 ejus
3302 1829 3572 1884 universa:

329 1923 731 1993 στραφήσονται
781 1925 917 2003 πρὸς
967 1926 1173 1998 Κύριον
1222 1928 1395 1981 πάντα
1444 1929 1511 1981 τὰ
1555 1930 1767 2001 πέρατα
1802 1932 1900 2002 τῆς

325 2013 450 2083 γῆς,
478 2015 574 2067 καὶ
620 2019 1084 2088 προσκυνήσουσιν
1136 2017 1362 2073 ἐνώπιον
1410 2022 1571 2075 αὑτοῦ
1629 2026 1795 2085 πᾶσαι
1840 2026 1899 2079 αἰ

324 2107 555 2175 πατριαὶ
602 2106 709 2159 τῶν
753 2109 939 2162 ἐθνῶν.
976 2130 995 2162 3
1033 2111 1187 2164 Κατά
1230 2113 1285 2165 δὲ
1322 2113 1412 2166 τὸν
1456 2116 1711 2169 Ἀκύλαψ
1748 2136 1766 2167 ι
1803 2119 1899 2171 Αἰ-

323 2194 472 2265 θίοψ,
498 2198 947 2271 φησὶυδρομώσει
973 2206 1128 2273 χεῖρα
1150 2204 1314 2257 αὑτοῦ
1339 2205 1415 2275 τῷ
1444 2204 1587 2276 Θεῷο
1626 2226 1644 2259 3
1679 2208 1816 2261 κατά
1842 2209 1899 2261 δὲ

322 2284 414 2340 τὸν
447 2287 770 2360 Σύμμαχονο
805 2309 823 2341 ι
864 2293 1114 2345 Αἰθιοπία
1160 2295 1446 2348 σπευσάτω
1491 2295 1702 2349 διδοῦσα
1742 2299 1901 2367 χεῖρα

322 2376 403 2446 τῷ
436 2376 571 2447 Θεῷ.
614 2398 629 2428 3
670 2381 822 2433 Ἔστι
868 2382 925 2434 δὲ
977 2385 1070 2437 καὶ
1122 2383 1262 2437 κατά
1318 2386 1416 2455 τὴν
1459 2386 1694 2458 ἱστορίαν
1742 2387 1900 2441 τοῦτο

324 2467 713 2539 πεπληρῶσθαι
749 2471 913 2539 φάναι
952 2473 1042 2525 ἐπὶ
1072 2473 1163 2526 τοῦ
1198 2475 1471 2540 Αἰθίοπος,
1503 2470 1562 2528 οὗ
1599 2477 1899 2548 μέμνηνται

321 2557 432 2611 τῶν
465 2559 772 2613 ἀποστόλων
804 2564 858 2615 αἰ
892 2563 1145 2634 Πράξεις.
1194 2566 1387 2636 Σχεδὸν
1420 2566 1527 2638 γὰρ
1561 2567 1899 2638 προέφθασεν

320 2643 478 2715 οὗτος
510 2651 579 2704 τά
623 2652 783 2705 λοιπά
816 2653 963 2725 ἔθνη,
1019 2656 1376 2723 καταξιωθείς
1408 2659 1513 2729 πρὸ
1555 2660 1769 2714 πάντων
1800 2661 1901 2731 τῆς

321 2742 577 2813 γνώσεως
602 2745 695 2798 τοῦ
724 2747 991 2818 Σωτῆρος.
1024 2748 1209 2811 Ὅπως
1232 2748 1287 2801 δὲ
1325 2750 1419 2803 καὶ
1460 2752 1713 2822 πρέσϐεις
1740 2749 1900 2823 ἦλθον

322 2832 387 2898 ἐξ
432 2828 703 2902 Αἰγύπτου
738 2836 880 2890 κατά
924 2835 1020 2909 τὴν
1066 2839 1337 2910 ἱστορίαν,
1380 2842 1540 2895 πάλιν
1577 2846 1632 2897 αἰ
1668 2845 1901 2917 Πράξεις

320 2923 433 2977 τῶν
483 2924 792 2979 ἀποστόλων
838 2919 1105 3000 δηλοῦσιν,
1158 2932 1215 2982 ἐν
1266 2924 1353 2995 αἶς
1404 2933 1632 3004 εἴρηται,
1681 2936 1755 2997 ὼς
1795 2938 1902 3008 ἀρα

322 3015 467 3070 κατά
511 3017 610 3089 τὴν
657 3018 868 3091 ἡμέραν
915 3021 1015 3091 τῆς
1062 3018 1437 3094 Πεντηκοστῆς
1466 3020 1539 3077 ,τὸ
1585 3026 1807 3097 Πνεῦμα
1841 3028 1903 3081 τὸ

321 3106 481 3176 ἅγιον
520 3108 804 3182 ἐπλήρωσε
842 3108 933 3164 τὸν
976 3107 1123 3166 οἷκον
1166 3113 1292 3167 ἔνθα
1323 3111 1462 3187 ἦσαν
1502 3117 1553 3169 οἱ
1596 3118 1899 3184 ἀπόστολοι,

323 3197 546 3254 ἐκάθισέ
573 3220 632 3255 τε
665 3202 757 3255 ἐπὶ
792 3204 917 3268 τοὺς
946 3204 1218 3276 παρόντας
1252 3206 1525 3271 ἅπαντας·
1560 3211 1616 3262 ἐν
1647 3206 1727 3273 οἷς
1767 3207 1905 3283 ἦσαν
1931 3186 1973 3243 C

324 3292 533 3367 Πάρθοι
568 3295 661 3347 καὶ
692 3295 869 3365 Μῆδοι
908 3297 999 3350 καὶ
1043 3296 1325 3369 Ἐλαμῖτιιι
1373 3300 1466 3352 καὶ
1507 3298 1555 3353 οἰ
1597 3304 1908 3357 κατοικοῦν-

320 3402 419 3451 τες
455 3385 553 3458 τὴν
599 3388 1051 3460 Μεσοποταμίαν,
1088 3390 1346 3443 Ἰουδαίαν
1378 3410 1439 3444 τε
1484 3394 1579 3447 καὶ
1616 3397 1909 3450 Καππαδο-

323 3479 471 3543 κίαν,
503 3480 706 3533 Πόντον
754 3482 846 3534 καὶ
887 3481 985 3553 τὴν
1021 3483 1223 3548 Ἀσίαν,
1255 3485 1493 3555 Φρυγίαν
1523 3504 1583 3540 τε
1620 3487 1712 3540 καὶ
1750 3489 1907 3559 Παμ-

325 3569 544 3639 φυλίαν,
578 3568 850 3637 Αἴγυπτον
881 3570 974 3623 καὶ
1001 3570 1069 3623 τά
1112 3572 1249 3643 μέρη
1285 3574 1382 3643 τῆς
1414 3572 1619 3646 Λιϐύης
1642 3576 1742 3647 τῆς
1768 3578 1911 3630 κατά

323 3661 607 3732 Κυρήνην.
654 3654 812 3714 Οὗτοι
864 3658 927 3733 δὴ
976 3660 1068 3716 οὖν
1122 3664 1319 3727 πάντες
1363 3656 1602 3736 ὡσπερεὶ
1652 3668 1910 3737 πρέσϐεις

324 3754 620 3823 ἐτύγχανον
676 3755 782 3809 τῶν
832 3750 1033 3820 ἐθνῶν,
1084 3758 1187 3828 τῆς
1232 3760 1326 3813 τοῦ
1382 3761 1536 3829 ἁγίου
1594 3762 1911 3832 Πνεύματος

324 3843 585 3916 ἀπαρχῆς
641 3846 1055 3916 κατηξιωμένοι.
1098 3847 1258 3901 Ἀλλά
1308 3848 1415 3919 γὰρ
1473 3849 1609 3920 μετά
1669 3852 1794 3914 τοὺς
1851 3851 1910 3915 ἐξ

328 3934 632 4005 Αἰγύπτου,
682 3937 776 3990 καί⁵
824 3938 961 4008 μετὰ
1009 3939 1108 4009 τὴν
1166 3939 1556 4011 προφθάσασαν
1606 3934 1907 4008 Αἰθιοπίαν,

326 4029 460 4100 ἑξῆς
492 4032 548 4082 αἰ
577 4029 761 4082 λοιπαὶ
804 4029 1068 4100 βασιλεῖαι
1109 4032 1209 4102 τῆς
1238 4033 1341 4102 γῆς
1369 4032 1677 4097 καλοῦνται,
1712 4034 1909 4107 δηλαδὴ

328 4123 426 4175 καὶ
453 4120 520 4175 τά
552 4116 655 4174 ὑπὸ
682 4122 903 4186 ταύταις
936 4122 1084 4194 ἔθνη.
1116 4122 1207 4176 Διὸ
1243 4124 1584 4193 ἐπιλέγεταιο
1614 4145 1632 4176 ι
1662 4127 1727 4179 Αἰ
1758 4127 1911 4197 βασι-

325 4210 469 4265 λεῖαι
494 4211 594 4281 τῆς
632 4212 754 4281 γῆς,
807 4211 973 4282 ᾷσατε
1013 4211 1091 4282 τῷ
1120 4210 1258 4283 Θεῷ,
1293 4211 1498 4282 ψάλατε
1529 4212 1605 4284 τῷ
1634 4215 1839 4286 Κυρίῳ.
1884 4235 1902 4268 3

335 4304 407 4356 Ἀ
447 4302 542 4355 καὶ
580 4302 688 4354 οὐδ’
726 4301 897 4367 ἄλλως
937 4302 970 4373 ἢ
1028 4302 1115 4355 διὰ
1165 4304 1332 4374 μόνης
1376 4295 1476 4375 τῆς
1520 4304 1612 4358 τοῦ
1659 4306 1909 4378 Σωτῆρος

329 4388 489 4465 ήμῶν
520 4387 868 4457 διδασκαλίας
901 4394 1087 4457 τέλους
1130 4396 1443 4466 ἐτύγχανεν.
1481 4397 1594 4450 Ούκ
1635 4397 1781 4451 ἐστιν
1817 4395 1908 4453 οῦν

328 4485 504 4550 ἔθνος,
547 4486 609 4539 οὐ
655 4483 827 4557 χώρα,
878 4486 937 4540 οὺ
991 4486 1145 4555 γένος
1193 4486 1513 4560 ἀνθρώπων,
1560 4491 1621 4542 ού
1665 4491 1908 4561 βασιλεία

2006 1928 2228 1983 familiae
2258 1928 2568 1997 gentium”.
2598 1947 2614 1977 3
2638 1925 2948 1981 Secundum
2967 1923 3214 1993 Aquilam
3243 1939 3297 1975 τι
3317 1920 3572 1990 Ᾱέἰῑιιίορς

2008 2035 2295 2075 accurrere
2338 2018 2499 2073 faciet
2555 2033 2775 2071 manum
2825 2032 2979 2072 suam
3032 2015 3173 2081 Deo;
3204 2031 3223 2066 3
3267 2011 3568 2069 secundum

2009 2110 2443 2181 Symmachum:
2482 2107 2799 2178 «Ethiopia
2865 2107 3086 2162 festinet
3157 2106 3290 2161 dare
3346 2118 3573 2159 manum

2009 2203 2170 2257 Deo.3
2213 2201 2293 2255 Ex
2322 2202 2551 2255 historia
2588 2216 2753 2271 porro
2802 2201 2927 2254 licet
2975 2214 3095 2253 eam
3135 2213 3250 2253 rem
3295 2196 3574 2265 impletam

2007 2294 2191 2348 dicere
2226 2293 2280 2346 in
2315 2291 2596 2363 EthiOpe,
2623 2293 2785 2359 cujus
2814 2290 3146 2343 mentionem
3184 2288 3390 2342 habent
3436 2286 3571 2340 Acta

2007 2384 2401 2454 apostolorum.
2466 2383 2589 2452 lpse
2642 2397 2877 2451 namque
2929 2387 3157 2434 caeteras
3203 2385 3393 2447 gentes
3456 2375 3569 2429 fere

2011 2476 2291 2545 praevenit,
2325 2474 2629 2529 Salvatoris
2659 2474 2973 2544 cognitione
3001 2478 3128 2526 ante
3169 2485 3360 2525 omnes
3384 2469 3577 2539 digna-

2007 2575 2115 2621 tus.
2159 2564 2443 2632 Quomodo
2478 2574 2659 2618 autem
2710 2564 2869 2636 legati
2920 2563 3169 2618 venerint
3213 2576 3278 2615 ex
3310 2558 3572 2630 IEgypto,

2006 2673 2225 2713 rursum
2279 2665 2540 2712 enarrant
2589 2656 2727 2710 Acta
2783 2652 3178 2725 apostolorum,
3228 2651 3323 2706 ubi
3350 2650 3574 2713 dicitur,

2008 2751 2064 2804 in
2103 2750 2191 2805 die
2242 2747 2595 2804 Pentecostes
2654 2746 2919 2817 Spiritum
2972 2756 3223 2802 sanctum
3280 2743 3579 2813 replevisse

2007 2839 2250 2901 domum,
2283 2838 2375 2891 ubi
2412 2845 2569 2891 erant
2603 2837 2859 2905 apostoli,
2906 2836 3227 2905 sedisseque
3256 2848 3423 2903 supra
3457 2848 3580 2887 om-

2010 2947 2109 2987 nes
2163 2930 2258 3001 qui
2313 2929 2562 2984 aderant.
2604 2927 2661 2981 In
2708 2928 2909 2998 quibus
2951 2936 3109 2982 erant
3156 2916 3365 2988 Parthi,
3411 2920 3574 2987 Medi,

2009 3021 2270 3087 Elamitae,
2327 3030 2379 3076 et
2428 3019 2520 3089 qui
2579 3020 2899 3073 habitabant
2969 3017 3438 3088 Mesopotamiam,
3479 3014 3580 3069 εἰει--

2009 3112 2180 3167 dazam
2230 3120 2285 3166 et
2333 3110 2757 3182 Cappadociam,
2794 3098 3034 3163 Pontum
3062 3118 3115 3164 et
3149 3107 3361 3173 Asiam,
3402 3106 3577 3179 Phry-

2006 3206 2149 3277 giam
2182 3213 2236 3261 et
2284 3204 2683 3274 Pamphyliam,
2724 3202 3019 3274 Egyptum
3061 3208 3115 3256 ct
3173 3209 3359 3271 partes
3392 3199 3577 3272 Libya:

2008 3296 2155 3351 circa
2186 3295 2537 3367 Cyrenem“.
2580 3293 2645 3347 Hi
2678 3294 2844 3366 igitur
2877 3308 3071 3348 omnes
3115 3307 3215 3347 ceu
3252 3292 3414 3363 legati
3442 3307 3575 3361 gen-

2008 3393 2141 3446 tium
2201 3398 2378 3454 erant,
2428 3389 2666 3460 Spiritus
2714 3388 2887 3443 sancti
2925 3386 3180 3457 primitiis
3218 3385 3421 3440 donati.
3473 3388 3570 3439 At-

2010 3485 2155 3539 enim
2191 3492 2317 3555 post
2334 3483 2643 3554 lEgyptios,
2686 3489 2809 3553 post
2851 3479 3187 3550 Ethiopiam
3221 3493 3341 3548 quae
3372 3492 3577 3548 praeve-

2008 3586 2186 3640 nerat,
2229 3584 2423 3630 caetera
2451 3574 2651 3630 deinde
2698 3590 2861 3645 regna
2900 3583 3057 3628 terrae
3086 3579 3377 3633 vocantur,
3424 3567 3573 3623 vide-

2008 3668 2138 3722 licet
2217 3675 2407 3736 gentes
2471 3667 2540 3721 iis
2596 3664 2877 3733 subjectae.
2953 3663 3134 3729 Quare
3190 3660 3575 3730 subjungitur:

2015 3756 2244 3829 «Regna
2296 3770 2478 3825 teme,
2535 3766 2752 3812 cantate
2809 3756 2939 3821 Deo,
3010 3755 3225 3827 psallite
3285 3752 3572 3807 Domino.3

2012 3852 2143 3919 Quae
2174 3868 2282 3907 non
2335 3851 2444 3905 alio
2492 3849 2654 3904 modo
2698 3864 2861 3919 quam
2911 3863 3008 3918 per
3053 3862 3218 3901 unam
3269 3844 3579 3901 Servatoris

2010 3944 2187 4000 nostri
2234 3944 2541 3998 doctrinam
2587 3941 2748 3997 ﬁnem
2804 3946 3157 4010 acceperunt.
3196 3936 3358 3992 Nulla
3410 3936 3580 4006 igitur

2011 4051 2163 4107 gens,
2191 4034 2338 4089 nulla
2370 4035 2543 4105 regio,
2565 4033 2777 4087 nullum
2809 4048 2981 4103 genus
3023 4032 3327 4096 hominum,
3352 4030 3572 4085 nullum

2010 4128 2067 4182 in
2100 4134 2216 4181 toto
2244 4126 2375 4181 orbe
2402 4140 2653 4197 regnum,
2698 4124 2755 4179 in
2795 4139 2904 4194 quo
2934 4140 3043 4179 non
3076 4124 3263 4195 populi
3298 4122 3408 4179 Deo
3438 4137 3576 4178 con-

2009 4221 2218 4293 gregati
2239 4220 2456 4291 jussum
2486 4229 2883 4290 exsequantur.
2938 4218 3038 4273 llic
3062 4233 3195 4273 vero
3225 4233 3444 4274 rursum
3486 4233 3582 4273 cao

2009 4327 2139 4367 nere
2186 4310 2317 4375 Deo,
2371 4311 2602 4382 psallere
2644 4310 2873 4365 Domino
2918 4310 3093 4379 jubet.
3144 4325 3252 4365 non
3302 4325 3399 4380 per
3446 4309 3578 4364 illud

2010 4409 2244 4473 quatuor
2269 4402 2575 4457 litterarum
2608 4417 2828 4465 nomen,
2878 4401 2972 4458 sed
3005 4417 3071 4457 eo
3116 4401 3211 4472 qui
3259 4401 3580 4472 vulgaribus

2011 4495 2295 4551 elementis
2337 4495 2675 4551 enuntiatur.
2714 4494 2891 4563 Atque
2936 4501 2997 4548 ut
3039 4493 3243 4548 clarius
3276 4493 3580 4564 perspicia-

327 4576 454 4632 καθ’
496 4576 625 4649 ὅλης
654 4579 753 4649 τῆς
795 4579 1134 4649 οἰκουμένης,
1169 4580 1295 4634 ἔνθα
1344 4581 1464 4652 οὐχὶ
1510 4580 1626 4635 λαοὶ
1669 4582 1747 4653 τῷ
1788 4584 1905 4655 Θεῷ

2010 4604 2131 4643 mus
2161 4588 2283 4658 quis
2325 4588 2396 4642 sit
2434 4588 2524 4643 ille
2552 4587 2836 4652 Dominus,
2888 4584 3113 4642 subdit:
3153 4603 3172 4637 ι
3199 4585 3301 4651 Qui
3335 4585 3581 4640 ascendit

328 4669 622 4733 συστάντες
652 4663 713 4723 τὸ
744 4670 1018 4742 κέλευσμα
1047 4671 1469 4744 ἀποπληροῦσιν.
1492 4673 1660 4730 Πάλιν
1690 4675 1747 4729 δέ
1779 4677 1907 4731 κάν-

326 4759 504 4815 ταῦθα
532 4761 677 4833 ᾅδειν
707 4762 806 4832 μὲν
835 4763 1156 4834 προστάττει
1183 4763 1264 4835 τῷ
1295 4764 1433 4836 Θεῷ,
1471 4766 1692 4835 ψάλλειν
1733 4768 1790 4821 δέ
1828 4768 1921 4838 τῷ

326 4852 521 4925 Κυρίῳ
536 4855 634 4925 οὐχ
655 4855 739 4907 ἴνα
758 4854 832 4927 (1)
849 4854 942 4908 τοῦ
958 4857 1405 4928 τετραγράμμου,
1419 4858 1495 4930 τῷ
1510 4859 1565 4912 δὲ
1583 4861 1907 4933 κοινοτέροις

330 4945 617 5016 στοιχείοις
659 4946 971 5018 δηλουμένῳ
1012 4948 1254 5020 ὀνόματι.
1290 4949 1399 5003 Καὶ
1439 4951 1527 5005 ἵνα
1578 4952 1906 5023 σαφέστερον

327 5036 549 5108 γνῶμεν
562 5036 644 5101 τίς
660 5056 788 5091 ποτε
809 5035 875 5111 ἦν
894 5034 1046 5103 οὗτος
1064 5041 1093 5092 ὁ
1118 5039 1339 5112 Κύριος,
1358 5042 1711 5097 ἐπισυνάπτει
1731 5044 1906 5113 λέγων

328 5135 490 5206 ἐξῆς·
526 5152 547 5185 ι
577 5134 667 5207 Τῷ
713 5136 1061 5207 ἐπιϐεϐηκὸτι
1101 5137 1195 5190 ἐπὶ
1237 5128 1327 5191 τὸν
1361 5138 1585 5211 οὐρανὸν
1615 5139 1707 5193 τοῦ
1739 5142 1903 5213 ούρα-

328 5226 423 5279 νοῦ
476 5227 618 5281 κατά
659 5228 921 5292 ἀνατολάς
941 5245 955 5260 ³
1010 5248 1029 5281 3
1082 5230 1285 5300 σφόδρα
1332 5231 1636 5295 ἀκολούθως
1655 5249 1667 5262 ·
1721 5232 1903 5304 ἐπειδὴ

326 5317 441 5387 γὰρ
487 5316 577 5370 διά
632 5316 741 5370 τῶν
792 5319 1047 5391 ἀνωτέρω
1094 5320 1309 5392 εἴρητοο
1345 5341 1363 5373 σ
1410 5322 1785 5392 Ὀδοποιήσατε
1828 5323 1906 5395 τῷ

328 5406 683 5479 ἐπιϐεϐηκότι
742 5409 834 5462 ἐπὶ
889 5410 1129 5480 δυσμῶν,
1182 5413 1384 5483 Κύριος
1440 5413 1610 5484 ὄνομα
1665 5414 1840 5485 αὐτῷ’
1882 5435 1900 5467 3

328 5498 639 5563 ἀκολούθως
662 5498 752 5554 διὰ
791 5499 900 5553 τῶν
928 5501 1066 5572 μετά
1098 5503 1285 5572 χεῖρας
1313 5503 1492 5556 οὐκέτι
1523 5504 1905 5578 ἐπιϐεϐηκέναι

333 5592 497 5646 αὐτὸν
536 5593 630 5646 ἐπὶ
670 5592 886 5664 δυσμῶν
919 5609 1103 5665 φησιν,
1134 5593 1245 5650 ἀλλ’
1276 5597 1366 5648 ἐπὶ
1400 5596 1488 5650 τὸν
1522 5598 1746 5669 οὐρανὸν
1786 5602 1903 5654 κατ’

404 5704 451 5736 ⁸⁸
474 5702 622 5762 Psal.
656 5720 770 5772 χιι,
799 5708 890 5765 28.
966 5709 1011 5741 θ’
1037 5710 1156 5766 Act.
1190 5726 1252 5776 ιι,
1281 5711 1431 5768 140.

408 5799 483 5872 (ι)
504 5798 645 5872 Lege
669 5800 730 5853 οὐ
759 5800 863 5857 διά.

2015 4695 2178 4751 super
2206 4680 2405 4735 caelum
2441 4680 2567 4735 οωιί
2596 4680 2663 4734 ad
2693 4679 2996 4735 orientem:
3028 4696 3046 4729 3
3091 4676 3255 4746 idque
3283 4676 3575 4731 admodum

2013 4780 2429 4843 consequenter,
2453 4773 2579 4842 quia
2608 4771 2859 4842 superius
2891 4768 3098 4824 dictum
3129 4768 3269 4823 fuit:
3308 4786 3327 4820 ι
3358 4769 3466 4823 lter
3500 4767 3580 4823 fa-

2013 4864 2121 4921 cite
2146 4865 2192 4919 ei
2216 4864 2309 4934 qui
2336 4864 2583 4921 ascendit
2606 4879 2769 4935 super
2790 4876 3068 4924 occasum,
3096 4859 3359 4916 Dominus
3381 4875 3576 4915 nomen

2012 4956 2143 5012 illi.3
2187 4957 2230 5010 E
2261 4974 2321 5013 re
2371 4958 2429 5013 in
2474 4957 2726 5029 praesenti
2774 4970 2884 5010 non
2934 4954 3009 5009 ait
3038 4953 3216 5025 ipsum
3263 4952 3579 5009 ascendisse

2011 5066 2174 5122 super
2219 5065 2496 5115 occasum,
2555 5049 2649 5105 sed
2701 5064 2866 5118 super
2919 5047 3118 5104 coelum
3162 5043 3228 5098 ad
3280 5045 3575 5100 orientem.

2010 5143 2114 5197 Par
2143 5144 2340 5215 quippe
2375 5150 2494 5199 erat
2527 5157 2628 5197 nos
2664 5142 2759 5212 qui
2798 5140 3126 5197 descensum
3166 5139 3287 5208 ejus
3330 5137 3574 5194 edidice-

2010 5250 2217 5299 ramus,
2260 5235 2493 5291 reditum
2547 5237 2674 5290 item
2722 5233 2962 5289 edoceri.
3028 5231 3341 5288 Desceusus
3383 5229 3570 5299 itaque

2012 5337 2071 5382 ut
2120 5328 2339 5383 deitatis
2381 5343 2493 5384 suae
2525 5327 2731 5382 lumina
2763 5326 3067 5382 occultaret
3098 5323 3165 5378 ad
3202 5336 3459 5379 occasum
3493 5319 3575 5373 fa-

2012 5427 2137 5473 ctus
2159 5426 2271 5484 est;
2316 5433 2581 5474 ascensus
2611 5425 2791 5473 autem
2840 5414 2963 5488 ejus
2989 5416 3057 5470 ad
3095 5415 3294 5471 cmlum
3324 5412 3473 5473 caeli,
3506 5412 3571 5464 ad

2016 5510 2304 5576 orientem,
2340 5511 2410 5565 ob
2444 5510 2738 5581 gloriosam
2798 5509 2919 5580 ejus
2957 5509 3013 5562 in
3069 5507 3267 5562 caelum
3307 5502 3573 5573 remigra-

2012 5601 2233 5658 tionem.
2274 5600 2389 5657 Hoc
2420 5616 2582 5673 porro
2610 5600 2817 5656 dictum
2847 5599 3098 5669 exemplo
3122 5597 3255 5653 solis
3277 5593 3572 5665 intelligas.
