4068 6524
546 339 651 399 ’119

1227 336 1493 395 EUSEBII
1532 335 2003 395 CESARIENSIS
2040 336 2188 394 OPP.
2230 335 2408 392 PARS
2445 336 2531 391 ιιι.
2569 364 2639 376 -—
2666 336 3077 393 EXEGETICA.

3677 338 3778 395 720

548 458 703 514 Sicut
746 456 893 511 enim
938 455 1019 510 scl
1053 454 1107 508 in
1148 453 1432 509 occidente
1462 454 1675 510 occulte
1718 453 2098 523 progreditur,

2219 451 2488 514 Ξινατολάς.
2538 451 2686 504 Ἔδει
2718 453 2824 522 γὰρ
2857 452 3024 521 ἡμᾶς,
3055 450 3152 521 τὴν
3192 447 3413 502 κάθοδον
3448 451 3614 506 αὑτοῦ
3648 467 3781 525 προ’

543 546 847 617 deindeque
876 553 1162 615 postquam
1189 544 1256 597 ad
1289 544 1611 598 orientalem
1645 544 1981 599 horizontem
2008 544 2103 596 ad-

544 641 714 705 Venit,
759 645 905 693 recta
937 638 992 690 in
1021 637 1164 691 ccelo
1195 636 1388 706 pergit,
1437 636 1620 689 omnia
1656 636 1992 699 illuininans,
2026 636 2108 688 lu-

546 730 837 797 cidamque
866 728 1007 781 diem
1040 727 1299 790 elﬁciens,
1350 726 1537 780 eadem
1586 725 1801 779 ratione
1846 724 2106 778 Dominus

548 822 638 874 hic
664 819 1007 881 enuntiatus,
1040 818 1132 887 qui
1163 824 1415 887 tempore
1460 817 1738 887 passionis
1780 823 1833 869 et
1888 814 2105 876 mortis,

548 925 828 972 occasum,
856 920 914 963 ut
944 910 1019 963 ita
1061 909 1261 972 dicam,
1298 908 1521 971 fecerat,
1553 917 1840 977 postquam
1872 906 2109 976 regionis

546 1002 697 1057 illius
723 1016 947 1057 cursum
979 1000 1326 1063 confecisset,
1357 1008 1542 1069 postea
1566 1000 1768 1053 dicitur
1797 999 2111 1054 ascendisse

548 1110 715 1165 super
747 1095 950 1150 coelum
980 1094 1105 1148 caeli
1154 1093 1222 1147 ad
1266 1094 1551 1147 orientem.
1598 1090 1909 1145 Secundum
1939 1090 2112 1159 Aqui-

547 1186 657 1240 lam
684 1202 847 1242 vero:
873 1204 891 1237 ι
915 1186 1019 1251 Qui
1048 1183 1292 1240 ascendit
1322 1183 1375 1237 in
1405 1183 1601 1239 coelum
1633 1183 1755 1236 mali
1782 1183 1849 1236 ab
1871 1182 2063 1249 initio;
2088 1200 2105 1233 ι

548 1277 847 1333 secundum
879 1275 1261 1347 Symmachum
1287 1295 1299 1329 :
1327 1293 1347 1325 ι
1368 1273 1471 1340 Qui
1499 1273 1713 1327 vehitur
1746 1274 1799 1327 in
1833 1274 1971 1327 cmlo
1996 1274 2117 1327 (δα)ιί

547 1384 613 1421 ex
647 1368 871 1436 primaJ
916 1366 1050 1420 Illud
1081 1374 1281 1430 autem,
1319 1384 1338 1416 ι
1388 1382 1454 1419 ex
1496 1366 1692 1435 prima,
1724 1384 1742 1416 ι
1777 1374 1860 1428 et,
1900 1384 1917 1414 c
1944 1366 2010 1418 ab
2035 1365 2117 1419 in-

550 1459 699 1521 itio,»
728 1458 902 1527 probe
932 1472 1231 1528 cognoscas
1272 1457 1498 1511 audiens
1542 1455 1880 1511 Servatorem
1914 1457 1985 1508 ita
2038 1456 2116 1509 lo-

548 1559 804 1621 quentem
855 1570 917 1605 ιε
953 1548 1135 1615 Pater,
1171 1552 1410 1621 gloriﬁca
1460 1568 1545 1607 me
1586 1550 1757 1621 gloria
1803 1564 1965 1618 quam
2018 1548 2114 1601 ha-

549 1642 640 1696 bui
673 1650 964 1713 antequam
998 1644 1235 1699 mundus
1270 1653 1416 1699 esset
1446 1644 1587 1714 apud
1612 1651 1663 1697 te
1682 1643 1748 1694 ⁸¹.
1789 1660 1807 1692 ι

2217 543 2615 613 μεμαθηκότας,
2641 543 2749 595 διαὶ
2790 543 2885 613 τὴν
2920 542 3175 596 ἐπάνοδον
3208 541 3539 611 διδαχθῆναι.
3580 543 3647 596 Ἠ
3688 545 3783 613 μὲν

2214 631 2303 687 οὖν
2332 634 2551 697 κάθοδος
2597 633 2684 686 διὰ
2729 632 2823 686 τοῦ
2874 633 3168 687 καλύπτειν
3211 632 3377 686 αὑτοῦ
3408 635 3476 686 τὰ
3500 633 3653 703 φῶτα
3686 637 3783 704 τῆς

2215 725 2462 795 θεότητος
2504 726 2594 778 ἐπὶ
2641 724 2860 795 δυσμῶν
2910 726 3151 793 ἐγίνετφ
3187 728 3219 796 ή
3260 726 3317 779 δὲ
3356 726 3538 788 ἄνοδος
3572 726 3663 777 ἐπὶ⁵
3694 726 3784 777 τὸν

2213 816 2435 887 οὐρανὸν
2468 815 2559 869 τοῦ
2589 813 2816 887 ούρανοῦ
2863 816 2981 867 κατ’
3014 816 3274 879 ἀνατολὰς
3324 816 3411 869 διὰ
3452 816 3551 887 τὴν
3584 815 3786 882 ἔνδοξον

2216 905 2376 958 αὐτοῦ
2424 908 2503 968 εἰς
2555 905 2811 975 οὐρανοὺς
2847 906 3304 960 ἀποκατάστασιν.
3362 906 3591 975 Νοήσεις
3636 905 3693 959 δὲ
3727 904 3786 957 τὸ

2215 997 2531 1068 λελεγμένον
2572 1000 2635 1050 ἐκ
2686 996 2777 1050 τοῦ
2830 997 2969 1049 κατὰ
3011 997 3102 1050 τὸν
3146 997 3295 1068 ῆλιον
3328 995 3782 1066 παραδείγματος.

2219 1092 2433 1162 ’Ὠσπερ
2459 1091 2567 1162 γὰρ
2614 1091 2642 1142 ό
2685 1090 2831 1161 ῆλιος
2856 1132 2870 1153 ,
2920 1090 3059 1144 κατὰ
3104 1090 3311 1162 δυσμὰς
3349 1091 3656 1160 γενόμενος,
3691 1090 3787 1159 τὴν

2216 1182 2393 1253 ἀφανῆ
2424 1182 2647 1251 πορείαν
2681 1184 2935 1244 ποιεῖται,
2965 1177 3061 1234 εἶτ’
3089 1181 3181 1233 ἐπὶ
3217 1181 3309 1235 τὸν
3340 1179 3648 1234 ἀνατολικὸν
3676 1178 3789 1249 όρί-

2223 1272 2380 1337 ζοντα
2436 1273 2809 1343 καταντήσας,
2867 1273 2993 1326 εὐθὺ
3035 1272 3129 1325 τοῦ
3176 1271 3401 1343 ούρανοῦ
3455 1270 3678 1343 φέρεται
3721 1270 3789 1323 τὰ

2224 1364 2506 1434 σύμπαντα
2540 1364 2785 1433 φωτίζων
2815 1365 2907 1418 καὶ
2952 1364 3205 1436 λαμπρὰν
3238 1364 3450 1436 ἡμέραν
3487 1363 3789 1436 ἐργαζόμε-

2220 1473 2327 1519 νος,
2375 1457 2512 1509 κατά
2551 1456 2645 1509 τὸν
2695 1456 2853 1509 αὐτὸν
2885 1456 3084 1527 τρόπον
3132 1458 3225 1510 καὶ
3275 1459 3303 1509 ό
3348 1455 3668 1526 δηλούμενος
3707 1458 3791 1507 ὲν-

2218 1547 2393 1600 ταῦθα
2426 1546 2648 1618 Κύριος,
2693 1548 2789 1617 τὴν
2833 1547 3179 1602 ἀποδοθεῖσαν
3228 1548 3518 1602 κατάδυσιν
3561 1546 3790 1617 ποιησά-

2223 1656 2379 1709 μενος
2423 1638 2563 1692 κατὰ
2593 1639 2682 1691 τὸν
2716 1638 2903 1710 καιρὸν
2934 1638 3026 1691 τοῦ
3060 1638 3265 1702 πάθους
3292 1640 3386 1693 κα)⁹
3412 1637 3505 1691 τοῦ
3542 1638 3789 1699 θανάτου,

548 1737 646 1808 τὴν
698 1736 880 1809 χώραν
926 1737 1318 1809 διαπορευθεὶς,
1369 1740 1504 1810 μετὰ
1524 1738 1695 1791 ταῦτα
1738 1736 1951 1804 λέγεται
1985 1733 2374 1803 ἀναϐεϐηκέναι
2438 1734 2529 1786 ἐπὶ
2575 1734 2665 1786 τὸν
2709 1734 2936 1805 οὐρανὸν
2999 1733 3093 1787 τοῦ
3156 1734 3383 1805 ούρανοῦ
3422 1734 3538 1787 κατ’
3599 1734 3791 1785 ἀνατο-

548 1829 664 1892 λάς.
706 1830 939 1884 Κατὰδὲ
963 1832 1053 1884 τὸν
1086 1831 1333 1895 Ἀκύλαν,
1376 1849 1395 1882 ι
1432 1832 1521 1903 Τῷ
1554 1830 1900 1901 ἐπιϐεϐηκότι
1942 1831 1999 1882 ἐν
2058 1829 2272 1900 οὐρανῷ
2304 1828 2532 1900 ούρανοῦ
2575 1828 2809 1899 ἀρχῆθεν
2858 1844 2871 1858 ·

2947 1846 2965 1879 ι
3034 1828 3188 1882 Κατὰ
3238 1829 3294 1882 δὲ
3346 1829 3435 1882 τὸν
3478 1808 3828 1898 Σύμμαχον,’

555 1940 575 1972 ι
616 1920 705 1993 Τῷ
732 1923 1074 1996 ἐποχουμένῳ
1121 1925 1212 1977 ἐπὶ
1254 1925 1344 1978 τὸν
1394 1924 1621 1995 οὐρανὸν
1658 1924 1748 1977 τοῦ
1790 1922 2017 1997 ούρανοῦ
2086 1925 2149 1975 ἐκ
2182 1921 2423 1994 πρώτης,
2474 1941 2493 1973 ι
2550 1921 2784 1992 εἴρηται.
2819 1920 2891 1973 Τὸ
2931 1921 3007 1985 δὲ,
3040 1940 3057 1971 ι
3084 1923 3148 1974 ἐκ
3179 1920 3398 1995 πρώτης
3428 1939 3448 1972 ι
3476 1920 3589 1983 καὶ,
3622 1938 3641 1970 ι
3696 1920 3794 1988 ἀρ·

547 2018 733 2090 χῆθεν,
768 2038 787 2071 ι
821 2021 1031 2091 νοήσεις
1075 2018 1237 2073 αὑτοῦ
1272 2021 1523 2089 λέγοντος
1568 2020 1779 2074 ἀκούων
1812 2019 1906 2072 τοῦ
1941 2019 2186 2090 Σωτῆρος

548 2110 642 2164 τὸν
675 2109 879 2182 κόσμον
914 2108 1052 2165 εἶναι
1087 2110 1240 2183 παρά
1273 2113 1373 2165 σοί.
1421 2130 1440 2164 ι

2230 2035 2243 2049 ο
2280 2037 2298 2070 ι
2337 2018 2539 2089 Πάτερ,
2587 2016 2807 2082 δόξασόν
2858 2033 2924 2087 με
2970 2019 3034 2086 τῇ
3075 2010 3259 2088 δόξῃῇ
3323 2010 3465 2084 εἶχον
3530 2010 3636 2084 πρὸ
3698 2008 3791 2063 τοῦ

624 2223 788 2281 Vsus.
822 2226 1009 2281 31-56.
1047 2246 1064 2277 ι
1092 2226 1230 2283 EcCe
1262 2228 1414 2282 dabit
1447 2226 1565 2282 voci
1623 2242 1736 2282 suae
1777 2242 1961 2281 vocem
2016 2226 2114 2280 vir-

2298 2260 2316 2293 ι
2366 2240 2494 2294 Ἰδοὺ
2540 2238 2700 2293 δώσει
2743 2241 2810 2311 τῇ
2863 2240 3011 2309 φωνῇ
3062 2235 3224 2290 αὑτοῦ
3271 2235 3449 2308 φωνὴν
3490 2235 3789 2307 δυνάμεως,

552 2316 710 2380 tutis,
770 2316 894 2372 date
930 2319 1157 2388 gloriam
1207 2318 1313 2374 Deo
1374 2334 1537 2389 super
1582 2316 1804 2373 Israel.»
1856 2317 2111 2372 Notitiam

553 2409 755 2480 praebet
780 2410 1067 2463 memorati
1107 2408 1319 2465 Domini
1344 2411 1535 2468 dicens
1565 2429 1579 2465 :
1605 2429 1623 2463 ι
1654 2410 1794 2466 Ecce
1826 2410 1973 2465 dabit
1996 2411 2114 2464 voci

554 2512 668 2553 suae
702 2506 892 2552 vacem
930 2498 1203 2553 virtutis.)
1247 2498 1349 2554 IIic
1402 2516 1530 2555 vere
1563 2500 1691 2554 licet
1745 2499 1971 2553 formam
2023 2499 2118 2554 de-

552 2590 791 2646 scribere
834 2589 1053 2644 virtutis
1087 2589 1204 2661 ejus
1228 2630 1244 2656 ,
1277 2591 1370 2661 qui
1400 2609 1418 2643 ι
1447 2590 1504 2646 in
1534 2590 1803 2662 principio
1826 2598 1943 2646 erat
1973 2590 2115 2663 apud

550 2680 723 2737 Deum
739 2682 807 2749 ",
844 2698 862 2735 ι
891 2680 987 2738 Dei
1016 2681 1200 2747 Verbi,
1233 2682 1377 2754 quod
1399 2698 1500 2738 vox
1528 2683 1648 2752 ejus
1693 2698 1800 2736 non
1835 2682 2114 2736 hominum

551 2775 673 2830 voci
719 2775 940 2844 similis,
993 2775 1092 2831 sed
1134 2776 1318 2831 divina
1366 2779 1569 2832 virtute
1621 2776 1780 2847 plena
1832 2777 1924 2831 sit.
1974 2774 2111 2829 Nam

556 2865 769 2932 «dabit,
832 2867 1032 2941 inquit,
1100 2869 1222 2925 voci
1279 2884 1392 2924 suae
1435 2884 1623 2924 vocem
1689 2869 1968 2923 virtutis.»
2014 2866 2117 2921 Su-

550 2959 739 3030 perius
770 2961 901 3017 item
930 2961 1218 3016 dicebatur
1254 2980 1270 3017 :
1327 2979 1345 3013 ι
1376 2961 1643 3017 Dominus
1692 2960 1843 3017 dabit
1886 2961 2115 3017 verbum

551 3052 1073 3122 evangelizantibus,
1125 3054 1329 3110 virtute
1376 3054 1601 3109 multa.»
1644 3054 1784 3121 Quia
1817 3056 1962 3111 enim
2013 3069 2115 3110 vox

551 3143 672 3213 ejus
729 3144 932 3199 virtute
987 3145 1322 3215 replebatur,
1403 3146 1600 3200 merito
1672 3144 2114 3216 praedicationem

550 3249 710 3290 suam
754 3235 1257 3307 evangelizantibus
1285 3238 1510 3292 verbum
1558 3237 1722 3291 dabat
1748 3251 1871 3291 eum
1916 3237 2117 3291 virtute

552 3327 745 3383 multa.
784 3326 935 3398 Opus
965 3337 1143 3381 autem
1172 3328 1348 3399 ipsum
1382 3328 1637 3382 virtutem
1674 3327 1937 3382 declarat.
1977 3327 2114 3381 Nam

553 3434 679 3475 cum
699 3419 935 3490 simplici
981 3419 1173 3473 vocula
1220 3418 1505 3491 discipulis
1535 3419 1650 3474 suis
1676 3418 1926 3483 dixisset,
1968 3437 1985 3470 ι
2011 3416 2117 3472 Ve-

552 3512 686 3574 nite,
733 3511 1027 3581 sequimini
1072 3528 1180 3577 me,
1212 3519 1267 3567 et
1300 3512 1495 3567 faciam
1551 3527 1646 3567 vos
1678 3512 1980 3581 piscatores
2012 3511 2113 3565 ho-

2219 2333 2338 2387 δότε
2366 2331 2520 2396 δόξαν
2548 2330 2626 2402 τῷ
2658 2329 2776 2401 Θεῷ
2808 2329 2899 2382 ἐπὶ
2932 2329 3020 2381 τὸν
3053 2326 3282 2399 Ἰσραήλ.
3320 2346 3339 2379 ι
3376 2325 3664 2399 Γνὼρισμα
3696 2328 3793 2382 τοῦ

2219 2423 2544 2495 δηλωθέντος
2588 2422 2796 2493 Κυρίου
2842 2420 3174 2492 παραδίδωσι
3223 2419 3423 2489 λέγων·
3458 2438 3477 2471 ι
3522 2419 3649 2474 Ἰδοὺ
3691 2419 3792 2473 δὼ-

2223 2535 2304 2571 σει
2328 2518 2394 2588 τῇ
2427 2517 2575 2586 φωνῇ
2600 2512 2762 2567 αὐτοῦ
2794 2513 2973 2583 φωνὴν
3002 2512 3298 2583 δυνάμεως.
3339 2531 3356 2562 ι
3398 2510 3673 2565 Ἐντεῦθεν
3699 2509 3793 2566 οὖν

2219 2609 2433 2680 ἀληθῶς
2466 2609 2580 2660 ἐστι
2610 2606 3011 2677 χαρακτηρίσαι
3037 2604 3134 2675 τὴν
3167 2603 3365 2675 ἀρετήν
3401 2622 3420 2655 ι
3450 2603 3545 2658 τοῦ
3564 2606 3623 2659 ἐν
3648 2605 3792 2677 ἀρχῇ

2222 2698 2354 2770 πρὸς
2386 2697 2476 2751 τὸν
2505 2696 2637 2750 Θεὸν
2668 2715 2687 2748 ι
2708 2695 2844 2749 Θεοῦ
2876 2693 3070 2764 Λόγου,
3098 2695 3160 2747 ἐκ
3182 2695 3273 2748 τοῦ
3295 2695 3392 2766 τὴν
3420 2695 3601 2767 φωνὴν
3630 2695 3794 2750 αὑτοῦ

2224 2791 2298 2863 μὴ
2327 2790 2515 2862 ὁμοίαν
2548 2785 2686 2843 εἶναι
2719 2786 3046 2861 ἀνθρώποις,
3084 2787 3361 2859 δυνάμεως
3399 2789 3455 2842 δὲ
3497 2789 3793 2862 πεπληρῶ-

2223 2883 2343 2936 σθαι
2378 2882 2545 2947 θείας.
2588 2900 2606 2935 ι
2640 2880 2808 2934 Δώσει
2848 2899 2868 2933 ι
2898 2879 3027 2952 γὰρ,
3072 2880 3224 2951 φησὶ,
3260 2898 3280 2932 ι
3309 2883 3375 2952 τῇ
3428 2885 3577 2954 φωνῇ
3630 2882 3792 2936 αὑτοῦ

2221 2975 2401 3048 φωνὴν
2434 2975 2737 3047 δυνάμεως.
2772 2992 2790 3025 ι
2817 2972 2927 3027 Καὶ
2968 2971 3225 3044 ἀνωτέρω
3252 2972 3310 3027 δὲ
3347 2968 3589 3042 ἐλέγετο*
3623 2993 3642 3027 ι
3684 2974 3795 3029 Κύ-

2225 3083 2336 3139 ριος
2390 3065 2548 3120 δώσει
2612 3066 2763 3137 ῥῆμα
2828 3066 2941 3128 τοῖς
3014 3062 3514 3135 εύαγγελιξομένοις
3568 3065 3793 3138 δυνάμει

2220 3159 2404 3229 πολλῇ.
2444 3176 2463 3211 ι
2504 3156 2718 3228 Ἐπειδὴ
2750 3157 2858 3229 γὰρ
2902 3157 2935 3229 ή
2984 3156 3133 3227 φωνὴ
3162 3156 3324 3210 αὐτοῦ
3355 3157 3678 3231 πεπλήρωτο
3704 3160 3793 3213 δυ-

2220 3248 2453 3317 νάμεως,
2487 3246 2708 3309 εἰκότως
2746 3245 2840 3299 καὶ
2889 3246 3000 3309 τοῖς
3040 3243 3543 3315 εύαγγελιζομένοις
3572 3246 3634 3300 τὸ
3666 3248 3792 3320 περὶ

2220 3337 2381 3391 αὐτοῦ
2406 3338 2663 3408 κήρυγμα
2686 3334 2851 3390 ἐδίδου
2879 3336 3025 3408 ῥῆμα
3053 3336 3147 3389 σὺν
3170 3335 3395 3408 δυνάμει
3419 3336 3606 3410 πολλῇ.
3632 3338 3795 3410 Παρί-

2220 3446 2374 3500 στησι
2406 3429 2463 3482 δὲ
2495 3428 2554 3481 τὸ
2586 3427 2745 3500 ἔργον
2794 3427 2891 3500 τὴν
2921 3426 3167 3499 δύναμιν.
3196 3428 3338 3500 Ψιλῇ
3367 3428 3474 3501 γὰρ
3500 3431 3649 3501 φωνῇ
3681 3432 3795 3494 τοῖς

2221 3520 2383 3575 αὑτοῦ
2431 3520 2698 3592 μαθηταῖς
2745 3518 2944 3573 εἰπών’
3010 3537 3028 3570 ι
3081 3517 3244 3572 Δεῦτε
3292 3518 3631 3573 ἀκολουθεῖτέ
3679 3536 3790 3591 μοι,

552 3601 758 3655 minum
779 3601 878 3665 ⁸³,ι
934 3617 1071 3672 opus
1129 3601 1306 3672 ipsum
1360 3602 1562 3658 virtute
1613 3618 1713 3656 sua
1771 3601 1965 3658 edebat
2002 3621 2015 3655 :
2050 3617 2113 3658 ac

2219 3611 2307 3664 καὶ
2323 3611 2531 3682 ποιήσω
2547 3610 2688 3680 ὑμᾶς
2705 3606 2871 3671 ἁλιεῖς
2886 3607 2981 3662 ἀνθ
2990 3606 3206 3680 ρώπων,
3245 3627 3264 3660 ι
3292 3608 3515 3679 δυνάμει
3542 3608 3604 3661 τὸ
3634 3608 3795 3681 ἔργον

552 3707 773 3748 rursum
806 3709 927 3748 cum
964 3695 1309 3764 przecepisset
1345 3695 1535 3751 iisdem
1586 3695 1775 3752 dicens
1812 3715 1825 3751 :
1864 3716 1880 3748 ι
1911 3697 2115 3755 Euntes

551 3783 743 3839 docete
768 3800 957 3839 omnes
984 3794 1171 3855 gentes
1204 3787 1255 3839 in
1280 3787 1499 3841 nomine
1532 3787 1767 3852 meo“,i
1804 3804 1968 3859 Opere
1998 3789 2114 3843 vir-

551 3885 721 3933 tutem
751 3878 1028 3933 exhibuit:
1062 3895 1125 3932 ac
1157 3893 1374 3934 rursum
1413 3894 1538 3933 cum
1573 3880 1806 3934 diceret:
1850 3899 1867 3931 ι
1894 3879 2116 3950 Oportet

552 3970 837 4041 prmdicari
872 3970 1221 4041 Evangelium
1276 3972 1429 4041 regni
1464 3972 1516 4026 in
1570 3982 1683 4027 toto
1713 3974 1851 4027 orbe
1874 3974 1928 4027 in
1963 3974 2112 4029 testi-

552 4060 794 4115 monium
819 4061 1075 4115 omnibus
1107 4063 1474 4131 gentibus",i
1512 4064 1664 4118 verbi
1696 4065 1949 4118 virtutem
1983 4065 2114 4134 ipsis

552 4151 817 4222 operibus
856 4152 1296 4222 conspiciendam
1337 4154 1566 4223 pnehuit
1594 4196 1607 4217 ,
1639 4164 1691 4209 et
1744 4154 1880 4209 alias
1932 4158 2011 4209 sic
2038 4156 2116 4208 lo-

552 4251 714 4298 cutus
747 4261 761 4298 :
794 4262 811 4295 ι
834 4241 1010 4313 Supra
1042 4252 1249 4314 petram
1279 4244 1557 4300 mdlﬁt‘aIEO
1594 4245 1885 4300 Ecclesiam
1916 4262 2111 4312 meam,

551 4345 606 4390 et
638 4343 811 4406 porta:
851 4334 1009 4390 inferi
1041 4352 1149 4390 non
1176 4339 1547 4406 praevalebunt
1574 4339 1837 4396 adversus
1872 4357 1989 4395 eam
2010 4343 2109 4406 “,i

550 4443 611 4483 re
645 4429 765 4498 ipsa
797 4427 907 4482 vim
955 4428 1269 4483 declaravit.
1319 4429 1518 4484 Eodem
1573 4447 1798 4501 prorsus
1847 4432 2009 4487 modo
2062 4435 2113 4487 in

552 4519 767 4575 czetcris
818 4520 1075 4591 omnibus
1132 4520 1250 4589 ejus
1288 4522 1555 4577 doctrina:
1591 4524 1774 4580 verbis
1820 4526 2110 4581 adniistam

553 4611 792 4665 divinam
832 4612 952 4682 ejus
990 4613 1246 4668 virtutem
1285 4615 1684 4685 deprehendas.
1740 4617 1909 4690 Cujus
1946 4612 2113 4673 causa

552 4703 758 4757 dictum
787 4712 872 4760 est
898 4724 910 4760 :
949 4723 966 4755 ι
993 4704 1130 4760 Ecce
1154 4707 1305 4760 dabit
1338 4708 1460 4762 voci
1485 4724 1597 4763 suae
1624 4725 1810 4764 vocem
1842 4712 2107 4765 virtutis,

556 4792 662 4849 Sed
702 4795 862 4849 etiam
919 4795 1004 4850 his
1035 4796 1251 4851 traditis
1303 4798 1591 4863 institutis,
1627 4801 1730 4855 sub
1772 4801 1884 4855 hare
1926 4803 2116 4872 praeci—

553 4886 667 4955 pit:
708 4904 725 4936 ι
748 4884 880 4941 Date
912 4888 1139 4957 gloriam
1198 4889 1304 4944 Deo
1342 4907 1504 4961 super
1539 4892 1733 4948 Israel:
1767 4894 2115 4965 magnificen-

554 4976 633 5028 tia
665 4974 785 5045 ejus
821 4984 876 5031 et
904 4977 1077 5032 virtus
1106 4978 1225 5048 ejus
1256 4980 1309 5034 in
1354 4982 1646 5037 nubibus»
1709 4981 1842 5036 Illud
1871 4983 2111 5052 quidem,

562 5085 581 5118 ι
608 5066 740 5123 Date
783 5068 1012 5139 gloriam
1045 5069 1205 5136 Deo,»
1237 5074 1494 5128 omnibus
1520 5073 1743 5139 dicitur,
1784 5074 1876 5144 qui
1925 5074 1993 5128 ad
2024 5090 2112 5129 sa-

2220 3703 2424 3757 ἐποίει’
2463 3702 2558 3755 καὶ⁴
2597 3700 2755 3753 πάλιν
2808 3699 3180 3771 ἐντειλάμενος
3223 3700 3404 3764 αὐτοῖς
3456 3700 3550 3753 καὶ
3591 3698 3790 3753 εἰπών’

2221 3814 2240 3846 ι
2280 3794 2637 3867 Πορευθέντες
2701 3791 3071 3864 μαθητεύσατε
3114 3793 3292 3847 πάντα
3326 3791 3394 3845 τὰ
3433 3791 3559 3862 ἔθνη
3600 3793 3659 3844 ἐν
3714 3792 3792 3864 τῷ

2215 3887 2437 3957 ὀνόματί
2470 3904 2592 3957 μου,
2637 3903 2655 3936 ι
2688 3883 2832 3954 ἔργῳ
2862 3884 2960 3956 τὴν
2993 3884 3217 3954 δύναμιν
3250 3883 3451 3936 ἐδείκνυ
3472 3900 3485 3913 ο
3515 3881 3607 3936 καὶ
3635 3879 3791 3946 αὖθις

2215 3976 2414 4031 εἰπών·
2455 3998 2473 4029 ι
2529 3979 2621 4030 Δεῖ
2668 3974 3004 4047 κηρυχθῆναι
3048 3974 3107 4028 τὸ
3136 3974 3460 4042 Εύαγγέλιον
3502 3974 3600 4044 τῆς
3646 3974 3792 4043 βασι-

2214 4069 2363 4133 λείας
2402 4072 2458 4123 ἐν
2502 4070 2598 4141 ὅλῃ
2648 4070 2713 4139 τῇ
2748 4067 3043 4139 οἰκουμένῃ
3089 4068 3166 4130 είς
3198 4066 3489 4137 μαρτύριον
3519 4067 3651 4118 πᾶσι
3680 4069 3792 4129 τοῖς

2216 4160 2412 4224 ἔθνεσι,
2442 4179 2459 4211 ι
2497 4159 2589 4211 τοῦ
2622 4158 2779 4227 λόγου
2814 4158 2911 4228 τὴν
2941 4156 3163 4226 δύναμιν
3192 4157 3371 4218 αὐτοῖς
3401 4155 3579 4226 ἔργοις
3603 4158 3793 4227 παρεῖ-

2216 4269 2307 4322 χεν
2342 4252 2470 4322 όρᾷν
2492 4267 2503 4280 ·
2539 4250 2630 4302 κα)⁵
2674 4248 2857 4303 ἄλλοτε
2891 4248 3093 4317 φήσας·
3134 4265 3151 4297 ι
3201 4247 3324 4299 Ἐπὶ
3354 4246 3451 4318 τὴν
3483 4246 3686 4318 πέτραν
3714 4247 3792 4299 oi-

2215 4342 2498 4411 κοδομήσω
2549 4356 2648 4411 μου
2692 4338 2791 4409 τὴν
2832 4338 3173 4409 Ἐκκλησίαν,
3222 4338 3314 4391 καὶ
3360 4338 3521 4391 πύλαι
3561 4339 3688 4409 ᾅδου
3728 4340 3789 4392 ού

2216 4431 2623 4499 κατισχύσουσιν
2649 4430 2838 4500 αὐτῆς,
2874 4450 2890 4482 ι
2930 4428 3077 4499 αύτῷ
3116 4429 3395 4499 πράγματι
3422 4429 3519 4499 τὴν
3556 4428 3789 4500 δύναμιν

2215 4521 2612 4593 παρεστήσατο.
2648 4520 2749 4573 Τὸν
2783 4520 2941 4574 αὐτὸν
2968 4516 3060 4573 οὖν
3090 4519 3289 4591 τρόπον
3322 4519 3414 4573 καὶ
3440 4522 3552 4583 τοῖς
3583 4519 3790 4581 λοιποΐς

2216 4613 2387 4666 ἅπασι
2414 4616 2523 4677 τοῖς
2555 4614 2651 4683 τῆς
2681 4612 3019 4675 διδασκαλίας
3049 4610 3213 4664 αὐτοῦ
3245 4613 3446 4683 ῥήμασι
3484 4628 3791 4684 συγκεκρα-

2219 4706 2383 4778 μένην
2414 4706 2590 4778 εὕροις
2622 4707 2686 4761 ἂν
2712 4708 2810 4779 τὴν
2844 4706 3027 4778 θεῖκὴν
3068 4704 3311 4776 δύναμιν.
3349 4700 3422 4759 υἷι
3456 4706 3613 4778 χάριν
3640 4708 3790 4777 εἴρη-

2215 4815 2335 4852 ται·
2367 4818 2383 4849 ι
2421 4799 2549 4852 Ἰδοὺ
2574 4797 2735 4853 δώσει
2762 4802 2826 4869 τῇ
2851 4801 2999 4870 φωνῇ
3025 4797 3188 4851 αὐτοῦ
3223 4798 3403 4869 φωνὴν
3432 4799 3732 4869 δυνάμεως.
3765 4820 3784 4852 ι

2230 4889 2387 4942 Ἀλλὰ
2423 4888 2531 4960 γὰρ
2562 4889 2733 4943 ταῦτα
2756 4890 3068 4953 παιδεύσας,
3091 4888 3218 4958 ἑξῆς
3238 4890 3659 4960 παρακελεύεται
3686 4891 3790 4960 φά-

2220 4998 2361 5033 σκων
2388 5001 2399 5011 ·
2439 5002 2456 5031 ι
2489 4981 2615 5033 Δότε
2646 4982 2800 5049 δόξαν
2832 4981 2910 5052 τῷ
2938 4981 3055 5052 Θεῷ
3091 4981 3182 5034 ἐπὶ
3210 4981 3299 5035 τὸν
3340 4976 3587 5052 Ἰσραήλ’
3618 4982 3652 5052 ή
3694 4998 3791 5051 με·

2216 5069 2581 5140 γαλοπρέπεια
2612 5071 2773 5124 αὑτοῦ
2810 5070 2904 5124 καὶ
2932 5074 2965 5141 ἡ
2995 5071 3219 5141 δύναμις
3245 5070 3406 5124 αὑτοῦ
3443 5072 3499 5125 ὲν
3540 5072 3660 5133 ταῖς
3705 5086 3790 5123 νε-

558 5159 787 5213 Iutarem
812 5158 968 5215 fidem
996 5172 1292 5230 vocantur;
1326 5164 1459 5218 illud
1482 5172 1684 5228 autem,
1724 5184 1741 5215 ι
1771 5180 1935 5234 super
1956 5164 2114 5219 Israel

2219 5162 2420 5231 φέλαις.
2465 5182 2482 5214 ι
2505 5162 2576 5214 Τὸ
2612 5163 2709 5234 μὲν
2750 5159 2862 5225 οὖν,
2899 5182 2917 5214 ι
2954 5164 3081 5217 Δότε
3110 5164 3262 5227 δόξαν
3287 5161 3363 5232 τῷ
3394 5160 3529 5231 Θεῷ,
3569 5179 3588 5211 ι
3618 5163 3787 5213 πᾶσιν

558 5248 962 5319 magnificentia
1019 5251 1194 5321 ejus,»
1255 5251 1522 5321 signiﬁcat
1552 5268 1646 5307 eos
1684 5269 1747 5306 ex
1794 5252 1993 5307 Israele
2022 5253 2112 5320 qui

2222 5256 2428 5327 εἴρηται
2468 5256 2579 5316 τοῖς
2608 5253 2960 5325 κεκλημένοις
2998 5254 3102 5308 ὑπὸ
3141 5254 3237 5325 τὴν
3270 5256 3525 5325 σωτήριον
3564 5252 3746 5305 πίστιν
3770 5271 3784 5282 ο

557 5342 774 5399 deitatis
824 5343 943 5413 ejus
984 5359 1265 5415 praecones
1306 5343 1546 5403 fuerunt.
1590 5345 1865 5413 apostolos
1910 5344 2114 5399 scilicet

2224 5347 2296 5401 Τὸ
2321 5347 2396 5410 δέ,
2428 5366 2444 5398 ι
2476 5346 2568 5398 ἐπὶ
2611 5347 2701 5399 τὸν
2750 5347 2959 5417 Ἰσραὴλ
2998 5349 3031 5417 ἡ
3070 5345 3508 5417 μεγαλοπρέπεια
3536 5344 3723 5407 αὐτοῦ,
3761 5364 3781 5395 ι

559 5442 613 5487 et
644 5433 1033 5504 evangelistas,
1066 5448 1095 5487 a
1125 5434 1325 5502 quibus
1364 5433 1764 5504 magniﬁcentia
1794 5422 1936 5503 ejus,
1965 5432 2113 5486 vide—

2223 5439 2472 5507 σημαίνει
2514 5437 2639 5500 τοὺς
2684 5437 2740 5503 ἐξ
2782 5437 2993 5509 Ἰσραὴλ
3030 5438 3349 5509 γενομένους
3394 5437 3491 5507 τῆς
3530 5434 3785 5507 θεότητος

559 5527 686 5582 licet
747 5526 984 5592 deitatis,
1060 5526 1412 5581 noscebatur.
1472 5523 1652 5591 Quare
1702 5526 1829 5578 alibi
1870 5525 2109 5578 dicitur:

2221 5526 2382 5579 αὐτοῦ
2412 5526 2672 5596 κήρυκας,
2700 5526 3019 5590 ἀποστόλους
3040 5526 3238 5598 δηλαδὴ
3263 5528 3354 5579 καὶ
3371 5524 3783 5595 εὐαγγελιστάς,

628 5683 667 5712 ⁶¹
694 5680 851 5806 ligari.
884 5699 1017 5747 xvn,
1048 5684 1100 5738 5.
1178 5682 1221 5714 "
1249 5680 1405 5736 Joan.
1438 5697 1474 5747 ι,
1500 5682 1552 5733 1.
1627 5682 1670 5713 ⁸³
1693 5680 1877 5735 Matth.
1918 5696 1988 5742 Iv,
2019 5680 2102 5735 I9.
2178 5680 2224 5712 “
2249 5680 2436 5733 Matth.
2472 5695 2659 5745 xxvnt,
2693 5680 2779 5737 19.

634 5767 668 5806 ι.
777 5792 789 5803 .

560 5765 668 5813 ινι,
706 5765 789 5806 ιδ.

2854 5682 2899 5713 ⁸⁸⁸
2930 5681 3113 5735 Matth.
3168 5697 3317 5745 xx",
3351 5682 3437 5737 Ν.
3512 5681 3559 5713 ⁸⁸
3588 5679 3776 5734 Matth.
