4068 6532
354 359 451 414 72!

1483 355 1989 416 COMMENTARIA
2027 354 2094 410 IN
2135 353 2474 410 PSALMOS.

3513 346 3622 401 7‘23.

349 479 476 549 παρ’
503 474 585 543 οἷς
623 480 656 550 ἡ
707 477 1147 551 μεγαλοπρέπεια
1187 479 1352 535 αὐτοῦ
1399 479 1726 551 ἐγνωρίζετο
1749 497 1764 510 ο
1799 477 1935 532 οὓτω

2054 473 2367 541 «Quoniam
2420 474 2630 528 elevata
2688 479 2774 527 est
2847 466 3250 540 magniﬁcentia
3303 477 3392 522 tua
3451 479 3616 533 super

347 569 444 640 τῆς
475 569 730 640 θεότητος
763 571 928 625 αὑτοῦ
963 571 1318 644 καλουμένης.
1347 572 1436 624 Διὸ
1460 571 1704 625 λέλεκται
1733 573 1789 624 ἐν
1819 571 1938 624 ἑτέ--

349 662 498 728 ροίςο
536 677 556 711 ι
599 660 720 713 Ὀτι
763 661 976 734 ἐπήρθη
1009 665 1040 732 ἠ
1080 646 1526 733 μεγαλοπρέπεια
1561 679 1654 717 σου
1689 660 1942 731 ὑπεράνω

345 749 456 802 τῶν
485 751 749 823 οὐρανῶν.
801 772 818 804 ι
849 754 970 806 ’Ὁτι
1002 754 1059 807 δὲ
1095 754 1156 807 οὐ
1184 753 1386 818 πάντες
1414 755 1464 807 οἱ
1499 754 1558 820 ἐξ
1603 753 1818 825 Ἰσραὴλ
1848 747 1939 806 οὗ·

350 860 431 896 τοι
473 844 710 916 Ἰσραὴλ,
743 845 861 898 οὐδὲ
904 847 984 899 ὅτι
1023 847 1132 900 εἰσὶ
1186 846 1407 918 σπέρμα
1443 845 1693 918 Ἀϐραὰμ
1742 848 1941 911 πάντες

348 935 516 990 τέκνα
537 953 550 966 ·
584 936 678 990 καὶ
704 936 780 1000 ὡς
813 937 874 991 ού
902 936 970 990 τὰ
1003 936 1167 990 τέκνα
1211 938 1309 1008 τῆς
1338 936 1540 1008 σαρκὸς
1568 935 1740 990 ταῦτα
1771 938 1937 991 τέκνα

348 1026 445 1080 τοῦ
482 1026 646 1080 Θεοῦ’
687 1027 807 1081 οὐδὲ
830 1030 858 1082 6
883 1029 941 1082 ὲν
969 1026 1046 1098 τῷ
1085 1027 1304 1098 φανερῷ
1347 1027 1597 1092 Ἰουδαῖός
1619 1030 1788 1093 ἐστιν,
1821 1029 1942 1083 οὐδὲ

349 1117 384 1186 ἡ
414 1116 471 1168 ἐν
504 1115 582 1186 τῷ
611 1115 833 1188 φανερῷ
882 1117 940 1168 ἐν
991 1117 1154 1187 σαρκὶ
1203 1117 1494 1189 περιτομὴ,
1527 1119 1642 1171 ἀλλ’
1687 1121 1733 1172 6.
1761 1120 1818 1172 ὲν
1863 1117 1940 1188 τῷ

348 1209 575 1281 κρυπτῷ
607 1209 878 1274 Ἰουδαῖος,
908 1212 1002 1265 καὶ
1027 1211 1296 1284 περιτομὴ
1322 1211 1546 1282 καρδίας
1573 1215 1630 1266 ἐν
1647 1211 1936 1282 πνεύματι,
1979 1257 1991 1277 ,

347 1301 410 1354 ού
439 1301 748 1373 γράμματι,
782 1303 1022 1358 διδάσκει
1054 1303 1240 1374 σαφῶς
1266 1305 1295 1357 6
1329 1306 1666 1369 Ἀπόστολος.
1696 1306 1818 1359 Ἐπὶ
1848 1306 1938 1358 τὸν

360 1391 577 1465 Ἰσραὴλ
595 1394 773 1447 τοίνυν
794 1397 826 1466 ἡ
862 1397 1309 1468 μεγαλοπρέπεια
1349 1397 1512 1450 αὐτοῦ
1537 1415 1549 1427 ·
1579 1397 1714 1453 ἀλλά
1739 1398 1834 1451 καὶ
1858 1417 1875 1449 ι
1904 1400 1936 1469 ή

344 1483 574 1554 δύναμις
617 1486 779 1540 αὐτοῦ
806 1489 862 1540 ἐν
887 1491 1004 1552 ταῖς
1037 1489 1320 1558 νεφέλαιςο
1358 1509 1378 1544 ι
1411 1490 1539 1564 περὶ
1583 1483 1658 1544 ὧν
1711 1493 1938 1558 Ἡσαΐας

346 1573 592 1639 θεσπίζει
627 1577 824 1646 λέγων·
867 1597 886 1632 ι
919 1580 1028 1634 Καὶ
1063 1583 1184 1644 ταῖς
1217 1580 1465 1651 νεφέλαις
1509 1582 1826 1653 ὲντελοῦμαι
1863 1585 1938 1655 μὴ

347 1664 536 1738 βρέξαι
578 1668 670 1721 ἐπὶ
718 1669 808 1723 τὸν
854 1671 1151 1742 ἀμπελῶνα
1182 1673 1357 1727 ὑετόν.
1396 1693 1414 1725 ι
1463 1673 1678 1744 Ἐδήλου
1724 1674 1781 1727 δὲ
1826 1675 1936 1746 ἄρα

347 1760 480 1823 τοὺς
516 1762 801 1832 προφήτας
829 1764 922 1816 καὶ
971 1764 1096 1828 τοὺς
1137 1763 1248 1819 τῶν
1292 1765 1450 1819 θείων
1493 1765 1829 1838 μαθημάτων
1858 1768 1939 1820 δι-

2043 568 2322 624 cmlos“.i
2369 563 2524 630 Quod
2572 571 2894 618 autemnon
2941 575 3131 615 omnes
3170 557 3266 629 qu-i
3311 573 3378 611 ex
3413 555 3618 609 lsraele

2042 667 2191 722 sunt,
2223 658 2385 713 Israel
2416 653 2647 712 vocandi
2679 657 2820 722 sint;
2853 669 3030 724 neque
3056 653 3185 722 quia
3217 666 3402 706 semen
3442 648 3617 702 Abra-

2041 750 2125 804 hae
2150 755 2298 811 sunt,
2338 747 2461 802 ideo
2495 761 2688 800 omnes
2735 744 2828 798 ﬁlii
2873 744 2995 813 ejus
3041 744 3181 807 sint;
3229 740 3486 812 quodque
3521 739 3615 793 ﬁlii

2041 843 2228 897 carnis
2255 857 2364 896 non
2415 841 2510 894 ﬁlii
2543 839 2638 894 Dei
2687 838 2882 901 sint“,
2932 852 3111 906 neque
3166 834 3257 906 qui
3306 835 3486 904 palam
3519 830 3619 887 Ju-

2040 933 2212 995 daaus.
2244 912 2372 988 vere
2411 932 2538 987 talis
2568 933 2661 990 sit.
2694 945 2872 1001 neque
2903 945 3032 985 vera
3065 927 3417 984 circumcisio
3447 927 3522 982 sit
3554 942 3617 982 ea

2041 1040 2163 1095 qua:
2198 1025 2253 1079 in
2286 1040 2452 1079 carne
2483 1023 2579 1087 ﬁt;
2617 1023 2713 1080 sed
2740 1019 2967 1077 Judzeus
2993 1036 3155 1076 verus
3196 1020 3250 1074 in
3290 1017 3529 1083 occulto,
3563 1027 3620 1072 et

2040 1117 2394 1172 circumcisio
2422 1115 2606 1172 cordis
2643 1115 2698 1171 in
2729 1114 2924 1184 spiritu
2950 1156 2965 1180 ,
3011 1128 3124 1167 non
3153 1113 3210 1166 iu
3238 1112 3421 1166 littera
3451 1111 3614 1175 sit“,

2040 1208 2189 1262 clare
2219 1207 2380 1262 docet
2406 1207 2720 1277 Apostolus.
2764 1204 2942 1276 Super
2973 1202 3145 1258 Israel
3196 1202 3366 1273 igitur
3405 1201 3617 1272 magni-

2041 1299 2257 1354 ﬁcentia
2283 1299 2443 1369 ejus;
2485 1297 2583 1354 sed
2609 1297 2775 1353 etiam
2812 1315 2830 1348 ι
2856 1297 3035 1350 virtus
3057 1295 3191 1365 ejus.
3210 1296 3264 1350 in
3295 1295 3567 1350 nubibus:
3589 1312 3612 1349 ι

2039 1394 2106 1450 de
2140 1394 2341 1464 quibus
2389 1393 2560 1447 Isaias
2584 1392 2915 1447 vaticinatur
2968 1389 3195 1446 dicens:
3239 1407 3258 1440 ι
3286 1387 3353 1444 Ει
3378 1388 3616 1445 nubibus

2041 1486 2313 1540 mandabo
2341 1500 2411 1540 ne
2438 1485 2629 1555 pluant
2654 1497 2822 1554 supra
2849 1483 3063 1540 vineam
3101 1481 3344 1552 pluviam
3362 1480 3408 1513 ⁷⁸
3431 1498 3445 1548 ;
3472 1499 3491 1532 ι
3527 1480 3615 1535 in-

2041 1580 2236 1635 dicans
2290 1579 2500 1636 scilicet
2554 1577 2872 1648 prophetas,
2925 1583 2980 1632 et
3013 1575 3325 1630 divinarum
3356 1573 3612 1643 discipli-

2039 1685 2233 1725 narum
2287 1670 2564 1733 doctores,
2595 1669 2710 1739 qui,
2743 1667 3198 1724 subministrante
3226 1664 3460 1736 Spiritu,
3501 1679 3617 1720 cut.-

2040 1762 2163 1818 lesti
2190 1762 2372 1832 pluvia
2399 1763 2613 1817 animas
2642 1761 2926 1817 hominum
2958 1768 3024 1815 ut»
3043 1761 3248 1816 bonum
3282 1773 3472 1830 agrum
3498 1757 3621 1812 irri-

342 1850 666 1918 δασκάλους,
700 1855 749 1908 o7.
779 1858 846 1926 τῇ
884 1855 978 1909 τοῦ
1023 1856 1341 1926 Πνεύματος
1368 1859 1602 1930 χορηγίᾳ
1646 1859 1736 1912 τὸν
1777 1860 1935 1932 ούρὰ-

2041 1854 2264 1926 gabant.
2305 1855 2380 1908 Ita
2413 1869 2544 1926 ergo
2571 1854 2748 1909 virtus
2783 1852 2905 1922 ejus
2939 1853 2995 1907 in
3031 1852 3298 1907 nubibus.
3346 1868 3366 1903 ι
3389 1848 3617 1905 Mirabi-

342 1959 458 1998 νιον
485 1943 640 1999 ὑετὸν
663 1948 781 2010 ταῖς
817 1945 927 2000 τῶν
962 1945 1262 2019 ἀνθρώπων
1285 1948 1484 2019 ψυχαῖς
1529 1948 1718 2023 ὥσπερ
1740 1951 1799 2004 ὲν
1832 1949 1940 2022 χώ-

341 2051 470 2106 ραις
497 2036 728 2104 ἀγαθαῖς
753 2037 1072 2108 ἐπήρδευον.
1120 2037 1307 2104 Οὕτως
1358 2035 1450 2094 οὖν
1499 2041 1592 2094 καὶ
1630 2043 1664 2112 ἡ
1711 2040 1938 2112 δύναμις

339 2125 512 2180 αὐτοῦ
559 2129 616 2181 ἐν
637 2129 760 2192 ταῖς
793 2128 1062 2198 νεφέλαις.
1097 2148 1119 2184 ι
1146 2130 1469 2203 Θαυμαστὸς
1512 2133 1541 2186 6
1584 2131 1714 2197 Θεὸς
1742 2133 1800 2186 ὲν
1826 2136 1938 2197 τοῖς

339 2216 524 2286 ἁγίοις
545 2217 734 2284 αὑτοῦ,
766 2237 786 2272 ι
825 2219 1032 2293 ἑτέροις
1051 2216 1169 2276 οὖσι
1189 2222 1338 2295 παρά
1360 2224 1485 2288 τοὺς
1510 2223 1938 2296 προωνομασμέ-

338 2325 467 2372 νους
486 2310 773 2380 προφήτας
803 2311 899 2364 καὶ
924 2311 1278 2377 ἀποστόλους.
1315 2313 1472 2378 Τίνες
1496 2314 1540 2367 δ’
1567 2314 1633 2368 ἂν
1658 2309 1766 2368 εἶεν
1793 2309 1936 2369 οὗτοι

336 2399 456 2454 ἀλλ’
480 2400 531 2453 oi
557 2398 618 2466 ἐξ
646 2401 902 2456 ἀπάντων
925 2401 1033 2457 τῶν
1058 2404 1233 2459 ἐθνῶν
1263 2405 1486 2475 ἁγνείας
1507 2407 1602 2460 καὶ¹
1627 2406 1935 2479 ἁγιωσύνης

339 2490 668 2574 ἠξιωμένοις
699 2493 757 2546 ἐν
782 2486 864 2556 οἷς
891 2493 986 2547 καὶ
1019 2493 1334 2566 θαυμαστός
1355 2497 1504 2551 ἐστιν
1525 2498 1555 2550 6
1582 2497 1734 2563 Θεὸς,
1761 2497 1934 2564 διδοὺς

336 2580 525 2644 αὐτοῖς
551 2579 779 2652 δύναμιν
819 2583 916 2636 καὶ
953 2585 1309 2656 κραταίωσιν.
1337 2587 1430 2641 Διὸ
1470 2587 1739 2659 συνῆπται
1776 2588 1930 2661 ἑξῆςο

342 2687 366 2722 ι
408 2669 467 2725 '0
492 2670 625 2735 Θεὸς
668 2672 886 2745 Ἰσραὴλ
909 2673 1072 2737 αὐτὸς
1099 2673 1259 2729 δώσει
1285 2675 1516 2749 δύναμιν
1541 2680 1635 2734 καὶ
1663 2681 1935 2751 κραταίω-

340 2777 427 2816 σιν
459 2761 536 2834 τῷ
563 2761 680 2834 λαῷ
708 2763 897 2828 αὑτοῦ,
922 2764 1213 2838 εὐλογητὸς
1239 2767 1268 2820 6
1297 2768 1448 2834 Θεός.
1484 2789 1502 2822 ι
1530 2770 1699 2826 Πάλιν
1727 2772 1783 2826 δὲ
1807 2773 1930 2828 κάνσ

338 2853 514 2908 ταῦοα
553 2853 784 2925 δύναμιν
831 2857 1144 2927 ἀναγκαίως
1172 2858 1370 2914 διδόναι
1396 2859 1642 2916 λέλεκται
1677 2862 1754 2935 τῷ
1791 2865 1934 2937 ἀγίῳ

341 2942 454 3012 λαῷ
480 2942 669 3010 αὑτοῦ,
719 2944 807 2998 ἵνα
852 2945 1075 3018 δύνηται
1123 2947 1338 3019 λέγειν·
1370 2967 1392 3002 ‹
1432 2950 1618 3006 Πάντα
1669 2953 1834 3025 ἰσχύω
1874 2955 1932 3008 ἐν

335 3037 419 3108 τῷ
443 3037 830 3111 ἐνδυναμοῦντί
862 3058 948 3111 με.
979 3059 998 3092 ι
1023 3042 1170 3099 Ἔδει
1200 3043 1329 3116 γὰρ,
1359 3043 1547 3116 ὥσπερ
1567 3049 1680 3110 τοῖς
1704 3048 1930 3117 εὐαγγε-

339 3129 643 3202 λιζομένοις
671 3131 850 3185 δέδοτο
873 3132 1026 3204 ῥῆμα
1058 3136 1155 3189 σὺν
1182 3135 1408 3208 δυνάμει
1441 3137 1634 3211 πολλῇ,
1660 3139 1802 3194 οὕτω
1836 3141 1927 3194 καὶ

2044 1947 2113 2003 lis
2160 1945 2303 2001 Deus
2339 1946 2394 2000 in
2444 1947 2650 2001 sane-tis
2707 1945 2878 2010 suis,-
2935 1944 3032 2015 qui
3082 1943 3174 1998 alii
3226 1952 3412 2000 sunta
3449 1957 3618 2013 supra

2043 2038 2360 2094 memoratis
2408 2037 2690 2108 prophetis
2741 2045 2798 2092 et
2866 2036 3155 2109 apostolis.
3211 2034 3449 2103 Quinam
3507 2035 3613 2100 illi,

2044 2131 2151 2187 nisi
2191 2131 2285 2202 qui
2318 2146 2387 2186 ex
2412 2131 2672 2185 onmibus
2714 2130 2975 2201 gentibus
3009 2130 3268 2186 castitate
3312 2135 3368 2185 et
3411 2128 3619 2186 sancti-

2043 2223 2226 2279 monia
2259 2222 2450 2278 donati
2482 2223 2647 2280 sunt?
2675 2223 2728 2277 in
2770 2221 2971 2293 quibus
3021 2221 3294 2277 mirabilis
3332 2219 3480 2278 Deus
3506 2228 3615 2284 est.

2041 2319 2137 2390 qui
2166 2318 2426 2374 virtutem
2451 2324 2508 2372 et
2535 2317 2705 2372 robur
2726 2315 2862 2386 ipsis
2894 2314 3174 2384 impertiit.
3208 2314 3389 2380 Quare
3419 2312 3620 2370 deinde

2040 2409 2390 2480 subjungitur
2420 2426 2433 2463 :
2495 2425 2513 2459 ‹
2535 2406 2680 2463 Deus
2727 2403 2895 2463 Israel
2945 2405 3065 2476 ipse
3097 2402 3251 2459 dabit
3278 2403 3533 2462 virtutem
3561 2409 3620 2458 ct

2040 2503 2419 2558 fortitudinem
2464 2500 2610 2571 plebi
2675 2514 2810 2564 suae,
2859 2496 3188 2554 benedictus
3247 2494 3447 2552 Deus.»
3515 2492 3619 2551 Hic

2040 2609 2262 2652 rursum
2317 2593 2572 2649 virtutem
2625 2598 2822 2649 sancto
2870 2590 3075 2661 popqu
3125 2590 3251 2660 ejus
3297 2587 3616 2662 necessario

2038 2685 2154 2741 dari
2189 2684 2287 2750 ait,
2338 2691 2399 2740 ut
2427 2682 2604 2755 possit
2631 2681 2816 2738 dicere
2854 2699 2869 2736 :
2927 2699 2946 2733 ι
2969 2678 3166 2736 Omnia
3196 2687 3422 2752 pessum
3450 2679 3508 2733 in
3549 2693 3618 2734 eo

2037 2777 2133 2850 qui
2179 2793 2268 2832 me
2313 2775 2708 2832 confortat'h
2745 2772 3006 2845 Oportuit
3031 2772 3204 2836 enim,
3236 2778 3295 2825 ut
3330 2769 3612 2839 evangelio

2039 2867 2295 2924 zantibus
2327 2867 2555 2922 verbum
2583 2864 2772 2920 datum
2821 2862 3000 2918 fuerat
3025 2876 3148 2917 cum
3182 2862 3386 2917 virtute
3415 2859 3612 2924 multa,

2039 2957 2114 3012 ita
2145 2971 2366 3027 quoque
2401 2954 2606 3026 populo
2650 2953 2774 3023 ejus
2823 2952 2993 3007 robur
3023 2959 3079 3007 et
3108 2951 3363 3006 virtutem
3400 2947 3614 3006 submi-

2037 3047 2287 3112 nistrari,
2321 3053 2382 3101 ut
2413 3045 2590 3116 possit
2633 3053 2826 3101 contra
2857 3044 3147 3101 versutias.
3179 3042 3386 3098 diaboli
3425 3042 3614 3098 consi-

2038 3148 2203 3207 stere,
2236 3155 2302 3195 ac
2333 3139 2560 3211 perinde
2589 3145 2754 3210 atque
2785 3135 2988 3193 Paulus
3020 3137 3206 3192 dicere
3237 3153 3252 3190 :
3298 3154 3316 3188 ι
3346 3133 3481 3202 Quis
3510 3149 3614 3190 nos

334 3221 416 3300 τῷ
461 3221 574 3294 λαῷ
613 3223 776 3277 αὑτοῦ
828 3225 1160 3296 κραταίωσιν
1216 3229 1311 3282 καὶ
1353 3229 1580 3302 δύναμιν
1639 3234 1921 3305 παρέχειν,

2038 3231 2300 3305 separabit
2332 3246 2362 3287 a
2393 3231 2665 3289 cbaritate
2691 3231 2821 3286 Dei?
2859 3229 3167 3293 tribulatio,
3218 3243 3288 3283 an
3328 3226 3610 3299 angustia,

336 3314 477 3384 πρὸς
511 3316 570 3368 τὸ
597 3315 853 3370 δύνασθαι
894 3318 1142 3372 ἵστασθαι
1189 3321 1326 3392 πρὸς
1373 3320 1472 3388 τὰς
1504 3323 1785 3395 μεθοδείας
1830 3325 1922 3380 τοῦ

2032 3343 2100 3382 an
2133 3324 2468 3398 persecutio,
2495 3339 2564 3378 an
2594 3323 2828 3378 fames"
2849 3322 2872 3376 ?
2893 3340 2913 3376 ›
2951 3331 3006 3378 et
3034 3322 3120 3378 his
3147 3319 3370 3376 similia.

333 3404 603 3476 διαϐόλου,
629 3412 722 3464 καὶ
760 3411 938 3481 λέγειν
971 3413 1172 3483 ὁμοίως
1235 3414 1465 3488 Παύλῳυ
1522 3436 1541 3470 ι
1576 3419 1672 3485 Τίς
1729 3421 1878 3492 ἡμᾶς
1913 3423 2138 3494 χωρίσει
2181 3421 2289 3476 ἀπὸ
2329 3420 2432 3491 τῆς
2473 3418 2692 3489 ἀγάπης
2744 3413 2839 3470 τοῦ
2880 3415 3015 3469 θεοῦ
3041 3431 3076 3482 ς’.
3107 3413 3284 3484 Θλίψις
3328 3413 3362 3485 ἢ
3433 3427 3616 3469 στενο⁶

336 3500 532 3571 χωρία,
564 3500 596 3572 ἦ
624 3501 880 3574 διωγμὸς,
923 3505 955 3576 ἤ
1003 3505 1188 3576 λιμός;
1223 3525 1241 3557 ι
1276 3509 1371 3561 καὶ
1401 3507 1468 3561 τὰ.
1507 3509 1718 3575 τούτοις
1753 3512 2128 3586 παραπλήσια.

337 3613 450 3666 ΕΙΣ
491 3611 578 3667 ΤΟ
618 3615 874 3675 ΤΕΛΟΣ.
928 3616 1114 3670 ΥΠΕΡ
1174 3619 1309 3672 ΤΩΝ
1357 3622 1925 3680 ΛΛΛΟΙΩΘΗΣΟΜΕ-

777 3687 938 3751 NnN,
979 3688 1067 3760 Τῼ
1108 3689 1330 3744 ΔΑΥιΔ.
1370 3690 1494 3745 ΞΗν.

417 3792 437 3826 ‹
478 3773 660 3828 Σῶσόν
715 3793 803 3848 με,
851 3777 880 3829 6
924 3776 1077 3843 Θεὸς,
1110 3779 1191 3832 ὅτι
1239 3781 1560 3853 είσήλθοσαν
1609 3784 1778 3840 ὕδατα
1823 3786 1928 3850 ἕως

337 3864 520 3938 ψυχῆς
577 3885 698 3938 μου.
742 3888 762 3920 ›
825 3869 1096 3940 Τέτταρές
1152 3872 1290 3926 εἰσιν
1347 3875 1396 3927 oi
1456 3875 1926 3949 ἐπιγεγραμμένοι

345 3975 365 4008 ι
411 3956 582 4030 ’Υπὲρ
606 3960 716 4014 τῶν
738 3960 1283 4033 ἀλλοιωθηιτομένων⁸
1322 3983 1342 4016 ι
1377 3965 1470 4020 δύο
1497 3968 1596 4039 μὲν
1619 3969 1713 4022 τοῦ
1742 3970 1924 4035 Δαυῒδ,

340 4051 369 4104 6
401 4051 540 4121 μετά
566 4055 753 4124 χεῖρας
777 4056 870 4108 καὶ
895 4057 924 4108 6
955 4055 1056 4108 v0"
1075 4055 1184 4109 τῶν
1216 4057 1274 4110 δὲ
1304 4057 1436 4110 υίῶν
1457 4060 1600 4132 Κορὲ
1625 4056 1726 4126 εἷς,
1756 4065 1785 4116 6
1821 4064 1924 4135 μδ’,

343 4141 438 4191 καὶ
483 4141 578 4193 τοῦ
621 4141 792 4212 Ἀσὰφ
836 4143 1039 4213 ὁμοίως
1085 4145 1114 4197 6
1155 4144 1249 4198 00'.
1297 4146 1421 4201 Ἐπὶ
1465 4149 1680 4203 πάντων
1718 4151 1773 4206 δὲ
1807 4153 1927 4207 ἀντὶ

342 4229 460 4294 τοῦ,
505 4250 524 4282 ι
568 4233 740 4308 ’Υπὲρ
789 4235 898 4288 τῶν
943 4236 1477 4311 ἀλλοιωθησομένων,
1513 4263 1532 4294 ι
1567 4245 1596 4297 6
1631 4244 1727 4314 μὲν
1769 4245 1926 4299 Ἀκύ-ι

343 4322 460 4387 λας,
497 4343 515 4374 ι
567 4325 690 4378 Ἐπὶ
733 4327 955 4398 κρίνων,
992 4349 1010 4382 ι
1057 4330 1386 4384 ἐκδέδωκεν
1436 4334 1464 4385 6
1505 4335 1562 4387 δὲ
1610 4334 1926 4408 Σύμμαχος,

347 4434 366 4466 ι
412 4415 588 4486 Ὑπὲρ
627 4416 735 4470 τῶν
778 4417 974 4472 ἀνθῶν.
1015 4438 1034 4472 ι
1083 4419 1140 4474 '0
1168 4422 1264 4493 μὲν
1291 4418 1382 4477 οὖν
1419 4425 1501 4494 μδ¹
1527 4424 1623 4496 τὴν
1670 4429 1798 4498 περὶ
1833 4429 1926 4481 τοῦ

2029 3624 2094 3679 IN
2144 3623 2395 3689 manu,
2435 3619 2574 3676 rno
2624 3619 2712 3674 us
2762 3617 2879 3684 QUI
2936 3613 3610 3689 cottitU'rABUNTun,

2469 3691 2600 3748 lPSI
2641 3689 2876 3745 DAVID.
2919 3686 3150 3743 LXVIII.

2099 3785 2268 3843 Vens.
2300 3785 2356 3847 2,
2387 3785 2440 3840 5.
2481 3803 2500 3836 ‹
2539 3783 2761 3839 Salvum
2791 3797 2878 3837 me
2916 3778 3216 3842 fac,-Deus,
3250 3776 3614 3848 quoniam-in-

2031 3887 2315 3935 traverunt
2338 3893 2491 3948 aqua:
2519 3891 2692 3946 usque
2721 3874 2788 3928 ad
2812 3873 3050 3927 animam
3079 3885 3278 3924 meam.
3310 3888 3329 3920 ι
3366 3867 3615 3934 Quatuor

2030 3971 2223 4043 psalmi
2262 3990 2281 4021 ε
2336 3967 2445 4023 Pro
2497 3967 2565 4023 iis
2616 3966 2710 4038 qui
2751 3962 3244 4021 commutabuntur
3293 3981 3312 4014 ι
3359 3961 3618 4033 inscripti

2031 4066 2180 4115 sunt.
2214 4057 2332 4112 Duo
2364 4055 2608 4119 Davidis,
2642 4069 2838 4125 nempe
2872 4053 2961 4108 hic
3009 4067 3170 4124 quem
3224 4059 3526 4109 tractamus
3558 4061 3616 4108 et

2033 4169 2124 4207 ιιι
2156 4172 2169 4205 :
2199 4151 2434 4204 ﬁliorum
2462 4147 2602 4203 Core
2624 4162 2788 4208 unus,
2807 4146 3018 4202 scilicet
3039 4158 3164 4199 πων
3189 4144 3433 4218 ;_Asajhi
3461 4145 3613 4200 simi-

2028 4244 2151 4299 liter
2183 4257 2370 4299 um.
2403 4240 2460 4294 In
2489 4238 2747 4294 omnibus
2796 4251 2962 4308 porro
2989 4236 3138 4291 illius
3169 4236 3308 4302 loco,
3343 4258 3361 4287 ς
3407 4236 3513 4292 Pro
3545 4237 3612 4294 iis

2030 4335 2124 4406 qui
2155 4334 2662 4395 commutabuntur,
2703 4351 2722 4384 ι
2761 4329 2980 4400 Aquila,
3014 4347 3033 4380 ι
3069 4327 3246 4400 Super
3268 4329 3400 4396 lilia,
3437 4348 3459 4381 ι
3493 4329 3612 4384 edi-

2032 4429 2113 4482 dit
2141 4447 2155 4494 ;
2181 4426 2541 4499 Symmachus
2572 4440 2724 4486 vero,
2757 4441 2774 4474 ι
2819 4422 2925 4476 Pro
2954 4421 3198 4477 ﬂoribus.
3239 4440 3265 4472 »-
3298 4419 3615 4493 Quadrage-

354 4507 666 4579 Ἀγαπητοῦ
717 4512 1054 4583 προφητείαν
1094 4517 1358 4586 περιεῖχε,
1405 4516 1504 4588 τῆς
1545 4534 1604 4570 τε
1654 4517 1713 4582 ἐξ
1757 4518 1924 4572 ἐθνῶν

2038 4522 2207 4575 simus
2235 4520 2419 4589 itaque
2450 4524 2682 4588 quartus
2711 4515 2778 4570 de
2811 4513 3020 4567 Dilecto
3060 4513 3422 4583 prophetiam,
3445 4521 3612 4583 atque

354 4599 681 4671 Ἑκκλησίας
725 4602 825 4674 τὴν
859 4604 967 4657 ἀπὸ
1009 4605 1116 4658 τῶν
1145 4607 1399 4679 χειρόνων
1440 4609 1534 4664 ἐπὶ
1574 4609 1645 4664 τὰ
1691 4611 1924 4683 κρείττω

2038 4615 2267 4686 gentium
2309 4611 2572 4666 Ecclesiae
2601 4623 2632 4661 a
2673 4607 2955 4678 pejoribus
2988 4605 3053 4659 ad
3091 4604 3316 4659 meliora
3359 4605 3612 4673 immuta-

339 4694 628 4749 ἀλλοίωσιν
651 4713 664 4728 ο
707 4697 737 4750 6
779 4697 836 4751 δὲ
881 4701 1246 4771 πεντηκοστὸς
1291 4701 1477 4768 ἔνατος
1517 4703 1788 4776 ἀποϐολὴν
1828 4704 1922 4758 τοῦ

2038 4709 2254 4769 tionem,
2307 4701 2730 4772 complectitur;
2770 4696 3260 4767 quinquagesimus
3294 4712 3473 4751 nonus
3513 4698 3612 4750 ab-

355 4786 626 4841 Ἰουδαίων
657 4788 843 4855 ἔθνους
873 4792 965 4844 καὶ
997 4793 1105 4847 τῶν
1139 4794 1448 4864 ἀλλοφύλων
1488 4795 1656 4850 ἐθνῶν
1698 4797 1796 4867 τὴν
1831 4797 1923 4850 ἐπὶ

2038 4797 2319 4866 iectionem
2341 4793 2554 4848 Judaici
2578 4791 2784 4863 populi,
2803 4789 3342 4860 alienigenarumque
3365 4790 3608 4858 gentium

340 4877 409 4928 τά
438 4876 700 4932 κάλλιστα
730 4879 1031 4951 μεταϐολήν
1049 4897 1064 4912 ·
1104 4883 1132 4935 6
1159 4883 1216 4936 δὲ
1243 4883 1317 4937 οθ’
1351 4881 1505 4949 αὖθις
1535 4887 1633 4956 τὴν
1663 4885 1756 4939 τοῦ
1796 4887 1925 4940 Ἰου-

2038 4891 2097 4945 ad
2149 4885 2600 4959 praastantissima
2628 4879 3044 4938 conversionem
3075 4897 3091 4947 ;
3130 4894 3348 4936 rursum
3384 4890 3609 4951 septua-

338 4966 504 5022 δαίων
532 4968 717 5034 ἔθνους
746 4972 1083 5039 ἀπόπτωσιν,
1111 4977 1205 5030 καὶ
1237 4975 1329 5030 τοῦ
1353 4977 1603 5049 Σωτῆρος
1631 4980 1663 5049 ἡ
1674 4977 1790 5049 μῶν
1824 4978 1921 5048 τὴν

2038 4981 2270 5052 gesimus
2310 4993 2488 5032 nonus
2536 4973 2753 5031 J’udaici
2783 4973 2968 5045 populi
3004 4973 3235 5044 lapsum,
3270 4980 3324 5028 et
3358 4971 3608 5045 Salvato-

340 5059 753 5133 ἐνανθρὼπησιν
788 5064 1059 5135 σημαίνει.
1089 5068 1326 5132 Εἰκότως
1354 5062 1448 5121 οὖν
1476 5069 1569 5121 καὶ
1599 5070 1627 5120 6
1653 5067 1790 5140 μετὰ
1815 5071 1924 5139 χεῖ-

2038 5077 2109 5132 ris
2163 5074 2338 5130 nostri
2393 5070 2824 5126 incarnationem
2889 5066 3181 5139 signiﬁcat.
3231 5063 3363 5121 Jure
3422 5065 3607 5136 itaque

346 5169 463 5225 ρας,
518 5172 536 5205 ι
585 5154 755 5228 ’Υπὲρ
802 5157 909 5211 τῶν
951 5159 1480 5232 ἀλλοιωθησομένων,
1535 5179 1552 5211 ι
1586 5160 1641 5231 ἦ,
1689 5180 1707 5211 ι
1756 5162 1924 5234 ’Υπὲρ

2038 5185 2271 5241 praesens
2301 5169 2430 5224 item
2462 5167 2728 5238 psalmus,
2767 5183 2786 5214 ι
2823 5163 2927 5218 Pro
2965 5163 3033 5220 iis
3060 5162 3153 5233 qui
3185 5159 3606 5218 commutabitu-

341 5246 450 5299 τῶν
472 5247 670 5312 ἀνθῶν,
704 5269 722 5300 ι
755 5251 897 5304 κατά
918 5253 1007 5306 τὸν
1043 5252 1442 5324 Σύμμαχον,’ἧ,
1477 5272 1494 5303 ι
1520 5254 1642 5307 Ἐπὶ
1664 5253 1916 5326 κρίνων.»

2038 5273 2158 5328 lur;
2207 5282 2226 5314 ι
2260 5267 2354 5315 aut
2404 5277 2422 5310 ι
2460 5257 2564 5312 Pro
2602 5255 2850 5318 ﬁoribus,
2897 5277 2914 5308 ι
2959 5261 3017 5308 ut
3062 5252 3602 5324 Symmachus;aut,

345 5335 488 5390 κατά
518 5336 607 5390 τὸν
650 5338 898 5406 Ἀκύλαν,
926 5343 1356 5413 ἐπιγέγραπται·
1388 5346 1576 5418 ἐπειδὴ
1605 5347 1704 5418 τὴν
1737 5347 1828 5399 ἐπὶ
1861 5348 1921 5401 τὸ

2038 5375 2053 5407 ι
2090 5356 2266 5424 Super
2289 5353 2424 5417 lilia,
2464 5370 2484 5403 ι
2523 5359 2583 5404 ut
2620 5349 2836 5420 Aquila.
2869 5346 3169 5417 inscriptus
3199 5353 3304 5410 est,
3338 5344 3465 5415 quia
3503 5359 3604 5414 po-

344 5429 527 5500 χεῖρον
574 5429 854 5485 ἀλλοίωσιν
890 5434 984 5487 τοῦ
1020 5437 1084 5488 ἐκ
1128 5437 1430 5508 περιτομῆς
1462 5435 1591 5490 λαοῦ
1637 5438 1729 5491 καὶ
1762 5438 1922 5503 αὐτὸς

2038 5447 2140 5514 puli
2166 5462 2233 5503 ex
2264 5442 2689 5500 circumcisione
2721 5440 2787 5497 ad
2814 5440 3001 5510 pejora
3041 5437 3395 5493 mutationem
3430 5434 3608 5489 conti-

345 5519 611 5592 περιέχει,
640 5521 752 5588 οὓς,
779 5524 938 5596 κρίνα
967 5529 1060 5580 καὶ
1087 5528 1222 5598 ἄνθη
1252 5530 1391 5584 κατά
1420 5529 1610 5602 καιρὸν
1635 5529 1918 5601 ὀφθέντας,

2038 5545 2139 5603 net,
2192 5537 2283 5609 qui
2331 5550 2455 5590 cum
2508 5534 2641 5588 liliis
2696 5539 2749 5587 et
2791 5530 3022 5586 ﬂoribus
3069 5530 3197 5584 olim
3245 5527 3453 5584 similes
3501 5527 3602 5582 visi

342 5615 375 5682 ή
409 5613 503 5666 ἐπὶ
544 5613 610 5666 τὰ
637 5615 801 5687 χείρω
835 5617 1104 5686 διεδέξατο
1150 5623 1437 5696 μεταϐολή.
1472 5622 1690 5676 Ἀνθεσι
1716 5622 1772 5675 δὲ
1820 5624 1920 5675 αύ-

2038 5627 2282 5693 :‘uissent,
2335 5626 2448 5696 jam
2493 5623 2559 5678 ad
2612 5623 2886 5679 deteriora
2939 5620 3305 5676 declinarunt.
3350 5617 3604 5672 Floribus

418 5728 462 5764 ⁸⁷
486 5727 628 5814 Psal.
668 5747 786 5798 vm,
863 5737 920 5793 2.
997 5740 1040 5773 ⁸⁸
1073 5738 1228 5796 Rom.
1267 5757 1341 5808 ix,
1373 5742 1480 5796 (3-8.
1586 5742 1628 5775 ⁶⁰
1655 5741 1810 5799 llom.
1847 5760 1906 5808 II,
1942 5745 2032 5814 28,
2071 5746 2174 5804 29..

2740 5744 2783 5776 τι
2809 5741 3045 5814 Pliilipp.
3081 5756 3155 5804 tv,
3202 5740 3289 5794 I5.
3367 5740 3410 5773 ⁷³
3441 5737 3598 5794 Itoni.

345 5815 466 5864 VIII,
499 5800 585 5856 35.

2266 5749 2312 5780 ⁷ο
2352 5749 2462 5802 Isa.
2498 5762 2550 5811 v,
2586 5743 2636 5800 6.
