4068 6544
468 374 573 429 7:25

1146 373 1415 431 EUSEBII
1454 360 1932 445 CESARIENSIS
1971 370 2119 425 OPP.
2161 368 2341 423 PARS
2377 366 2463 424 ill.
2498 398 2564 407 ——
2602 361 3010 420 EXEGEI‘ICA.

3613 358 3714 411 71$

469 498 653 546 autem
682 490 805 546 illos
848 490 1018 547 lsaias
1070 500 1353 561 comparat
1382 492 1607 549 dicens:
1644 511 1661 541 ι
1695 490 1886 545 Omnis
1911 504 2040 542 caro

2151 488 2265 549 τοὺς
2293 482 2627 556 παραϐάλλει
2656 482 2749 535 καὶ
2782 482 2809 532 6
2844 480 3068 540 Ἡσαΐας
3094 477 3266 545 λέγων
3287 494 3301 511 ν
3342 495 3359 527 ι
3398 478 3554 531 Πᾶσα
3580 477 3714 547 σάρξ

469 583 677 648 fenum,
709 588 763 635 et
793 582 971 637 omnis
998 582 1169 651 gloria
1203 583 1325 651 ejus
1354 583 1511 652 quasi
1547 582 1644 637 llos
1676 581 1807 636 feni.
1848 580 2040 636 Exsic-

468 678 651 725 catum
680 679 767 732 est
815 661 1021 736 fenum,
1062 678 1115 725 et
1148 672 1248 727 llos
1287 671 1487 726 decidit
1515 672 1582 726 τ’.
1628 691 1646 724 ι
1699 668 1866 737 Queis
1918 685 2043 738 spe-

466 762 678 818 ciosum
711 761 862 817 illum
884 762 953 825 ad
980 761 1142 817 breve
1167 769 1382 832 tempus
1408 761 1691 817 ﬂorentem
1717 775 2040 830 corporeum

465 849 777 906 Iudaeorum
809 848 1016 905 cultum
1056 849 1182 905 l'eno
1212 860 1268 906 et
1296 851 1523 907 ﬂoribus
1554 851 1785 907 confert.
1816 849 1874 904 In
1900 865 2041 920 prai-

468 945 610 1005 senti
642 959 860 1027 quoque
887 943 1064 998 ﬂoridi
1095 959 1283 999 eorum
1319 952 1496 1011 status
1519 945 1585 999 ad
1612 944 1883 999 deteriora
1916 959 2040 998 mu-

466 1036 729 1090 lationem
766 1042 821 1089 et
850 1034 1263 1090 conversionem
1295 1033 1535 1089 declarat
1577 1035 1631 1089 in
1666 1035 2039 1105 sequentibus,

467 1129 563 1199 ubi
602 1127 808 1183 dicitur
837 1147 850 1183 :
879 1145 897 1179 ‹
935 1125 1054 1182 Fiat
1086 1142 1273 1185 mensa
1329 1142 1518 1182 eorum
1571 1141 1754 1181 coram
1806 1127 1940 1197 ipsis
1986 1127 2041 1180 in

467 1218 762 1289 laqueum,
813 1224 867 1272 et
921 1217 977 1271 in
1024 1217 1438 1273 retributionem
1491 1224 1545 1271 et
1589 1217 1644 1271 in
1698 1217 2039 1273 scandalum.

467 1308 843 1371 Obscurentur
871 1308 1017 1363 oculi
1059 1323 1273 1385 eorum,
1326 1323 1395 1363 ne
1446 1308 1689 1376 videant,
1746 1327 1764 1361 ι
1819 1316 1926 1363 etc.
1980 1307 2042 1360 Et

467 1399 595 1469 quia
628 1398 808 1469 longis
840 1406 1027 1469 postea
1050 1398 1390 1469 temporibus
1428 1399 1545 1453 haec
1573 1406 1834 1454 eventura
1859 1404 2038 1459 erant,

470 1486 809 1550 necessario,
852 1504 871 1536 ι
904 1484 964 1539 ln
1004 1486 1190 1558 tinem,
1234 1502 1254 1537 ι
1290 1483 1615 1554 inscriptum
1664 1492 1767 1539 est.
1806 1483 1870 1537 Et
1914 1498 2042 1537 vero

468 1591 647 1646 neque
685 1576 952 1646 psalmus,
993 1591 1171 1646 neque
1213 1578 1509 1639 canticum,
1560 1590 1738 1646 neque
1786 1575 2038 1645 hymnus,

473 1681 648 1736 neque
672 1666 802 1736 quid
833 1665 1013 1720 simile
1042 1674 1126 1720 est
1155 1684 1167 1719 :
1200 1666 1327 1735 quia
1378 1680 1443 1720 ea
1486 1680 1606 1735 quae
1633 1666 2043 1734 subscqnuntur

470 1772 581 1813 non
630 1765 999 1814 consentanea
1028 1757 1122 1811 tali
1175 1757 1333 1811 titulo
1385 1766 1561 1812 erant.
1613 1756 1793 1823 Quare
1838 1759 2043 1815 dixeris

471 1852 811 1923 prophetiam
837 1866 961 1907 esse
994 1866 1062 1905 ex
1091 1865 1323 1922 persona
1356 1849 1662 1905 Servatoris
1686 1852 1862 1906 nostri
1893 1868 2049 1908 enar—
2079 1854 2121 1912 Β

471 1945 646 1999 rantis
690 1959 753 1999 ea
788 1960 909 2014 quae
948 1944 1054 2000 sibi
1089 1952 1279 2015 postea
1317 1944 1702 2014 contigerunt;
1734 1945 2045 2014 praedictio-

470 2051 705 2106 nemque
733 2051 921 2091 eorum
950 2052 1070 2107 qua:
1092 2035 1297 2093 Judaais
1326 2046 1447 2107 post
1481 2045 1666 2091 tantos
1696 2052 1866 2092 ausus
1898 2037 2048 2091 illata

471 2135 623 2183 sinit.
661 2128 887 2183 Orditur
924 2130 1109 2198 itaque
1158 2130 1417 2184 Servator
1456 2130 1758 2184 orationem
1792 2131 2047 2185 emittcns

471 2220 541 2275 ad
587 2220 801 2278 Patrem
854 2222 940 2277 bis
990 2223 1170 2277 verbis
1224 2243 1236 2277 :
1296 2240 1315 2271 η
1360 2221 1578 2276 Salvum
1613 2238 1698 2277 me
1748 2223 1853 2285 fac,
1882 2221 2045 2287 Deus,

470 2312 731 2383 quoniam
801 2314 1147 2368 intraverunt
1217 2330 1372 2384 aqua:
1432 2329 1607 2384 usque
1675 2314 1743 2368 ad
1810 2314 2047 2368 animam

472 2420 670 2460 meam.
707 2424 725 2456 ι
773 2404 1148 2476 Videnturque
1185 2406 1316 2460 mihi
1356 2406 1423 2459 de
1452 2406 1719 2459 industria
1756 2407 1873 2460 haec
1921 2422 2044 2460 cum

472 2497 634 2552 dictis
664 2497 722 2551 in
753 2498 1080 2568 praecedenti
1115 2498 1329 2567 psalmo
1363 2496 1657 2567 conjuncta
1687 2513 1828 2553 esse.
1864 2498 1922 2551 In
1952 2497 2049 2551 illo

471 2604 708 2659 namque
759 2588 1082 2643 dicebatur:
1132 2608 1149 2639 ι
1212 2587 1355 2642 Dixit
1388 2587 1690 2645 Dominus:
1743 2588 1821 2642 Ex
1870 2588 2047 2644 Basan

470 2687 808 2746 convertam,
842 2690 1156 2737 convertam
1187 2696 1252 2735 ex
1279 2681 1553 2751 profundo
1597 2682 1765 2737 maris
1788 2682 1865 2747 7";
1923 2700 1941 2731 ι
1992 2680 2046 2737 ἱη

472 2774 577 2829 hoc
605 2788 753 2837 vero,
783 2791 802 2825 ι
839 2772 971 2829 Veni
1003 2775 1058 2828 in
1090 2774 1432 2829 altitudinem
1457 2775 1646 2838 maris,
1668 2783 1722 2829 et
1751 2782 2048 2847 tempestas

471 2866 731 2922 demersit
756 2882 862 2922 me.
901 2886 919 2919 ι
948 2866 1201 2937 Oportuit
1223 2869 1365 2923 enim
1386 2868 1604 2923 edoceri
1630 2884 1731 2923 nos
1757 2884 1867 2939 quo
1886 2879 2048 2939 pacto

471 2960 821 3018 descenderit
853 2960 1113 3017 Dominus
1133 2965 1188 3017 in
1222 2963 1419 3026 Basan,
1445 2964 1590 3033 quod
1614 2971 1699 3018 est
1725 2964 2044 3035 ignominia,

470 3063 526 3108 et
555 3054 831 3126 quomodo
857 3054 1075 3118 dixerit,
1112 3074 1130 3106 ι
1165 3054 1492 3111 Convertam
1525 3071 1592 3110 ex
1632 3056 1904 3126 profundo
1933 3072 2050 3110 ma-

471 3149 572 3202 ris.
622 3167 640 3200 ›
688 3146 869 3213 Quare
919 3148 1035 3201 baac
1085 3148 1202 3218 ipsa
1254 3146 1309 3201 in
1345 3148 1597 3216 praesenti
1648 3148 1933 3202 declarat:
1979 3147 2048 3203 de

472 3238 769 3310 ignominia
814 3240 1035 3310 quidem
1072 3240 1127 3293 in
1160 3240 1535 3309 sequentibus,
1561 3239 1750 3294 dicens
1780 3260 1792 3293 :
1834 3259 1853 3291 ‹
1896 3239 2045 3305 Quo-
2075 3228 2116 3283 ο

471 3332 620 3386 niam
647 3340 868 3402 propter
894 3339 947 3386 te
993 3332 1233 3388 sustinui
1261 3333 1637 3403 opprobrium,
1670 3333 1886 3401 operuit
1913 3348 2049 3387 con-

475 3420 619 3475 fusio
644 3419 838 3476 faciem
878 3436 1050 3476 meam
1078 3439 1094 3487 ;
1137 3440 1155 3472 ι
1193 3437 1257 3476 ac
1280 3437 1473 3476 rursus
1499 3440 1513 3476 :
1543 3441 1561 3473 ι
1599 3420 1682 3475 Tu
1710 3422 1817 3478 scis
1844 3423 2049 3493 impro-

474 3512 685 3583 perium
712 3528 892 3567 meum
924 3520 976 3568 et
1003 3511 1383 3569 confusionem
1410 3529 1584 3569 meam
1611 3522 1664 3569 et
1690 3516 2048 3570 reverentiam

475 3621 672 3660 meam.
705 3625 724 3658 ι
764 3605 836 3660 De
861 3606 1133 3676 profundo
1163 3613 1345 3662 autem
1374 3608 1543 3662 maris
1575 3608 1731 3672 illud,
1763 3627 1782 3660 ι
1829 3606 2051 3666 Salvum

474 3710 563 3750 me
596 3694 705 3761 fac,
736 3695 900 3760 Deus,
927 3698 1185 3767 quoniam
1221 3700 1563 3753 intraverunt
1598 3714 1942 3770 aquaeusque
1984 3700 2053 3754 ad

474 3786 715 3841 animam
747 3804 944 3845 meam.
985 3789 1192 3845 lnﬁxus
1227 3807 1349 3847 sum
1402 3792 1457 3845 in
1508 3792 1638 3846 limo
1686 3790 1965 3861 profundi,
2000 3799 2055 3847 et

476 3894 586 3935 non
611 3890 696 3936 est
734 3882 1063 3939 substantia.
1097 3883 1231 3939 Veni
1285 3886 1339 3938 in
1389 3884 1734 3939 altitudinem
1775 3884 1965 3947 maris,
2000 3891 2055 3937 et

471 3980 770 4042 tempestas
809 3973 1069 4029 demersit
1096 3989 1203 4028 me.
1253 3992 1271 4024 ι
1316 3971 1444 4027 Hac
1470 3974 1613 4027 enim
1654 3988 1906 4043 magnam
1942 3971 2056 4026 alli-

474 4065 701 4119 nitatem
737 4065 973 4119 habeant
1005 4080 1129 4119 cum
1156 4065 1223 4118 iis
1247 4081 1367 4134 qua:
1396 4068 1451 4119 in
1494 4065 1819 4134 prarccdenti
1846 4066 2057 4135 psalmo

476 4155 622 4231 dicta
658 4166 808 4233 sunt,
859 4172 1055 4227 nempe
1102 4158 1155 4209 in
1206 4158 1339 4211 illo:
1379 4176 1397 4208 ι
1439 4156 1585 4210 Dixit
1624 4157 1924 4212 Dominus:
1979 4157 2056 4212 Ex

476 4250 656 4304 Basan
686 4257 1023 4314 convertam,
1059 4259 1370 4305 convertam
1404 4266 1470 4305 ex
1496 4250 1768 4321 profundo
1813 4252 1998 4305 maris.
2032 4270 2050 4302 ι

474 4340 614 4409 Quia
662 4341 718 4395 in
752 4342 845 4417 illo
895 4342 1012 4412 ipse
1060 4341 1324 4397 Dominus
1379 4343 1460 4397 sic
1511 4342 1768 4407 dicebat;
1810 4350 1863 4396 et
1911 4358 2057 4398 nunc

475 4434 958 4506 quoqueeumdem
1006 4434 1184 4509 ipsum
1229 4450 1351 4490 esse
1391 4435 1482 4505 qui
1524 4435 1651 4488 haec.
1668 4435 1903 4507 loquitur
1945 4436 2057 4490 exi-

477 4522 832 4579 stimandum.

550 4728 670 4803 Ipse
697 4729 865 4805 igitur
901 4745 1060 4805 quem
1089 4745 1197 4792 non
1248 4731 1414 4785 alium
1447 4747 1569 4796 esse
1617 4748 1779 4803 quam
1806 4731 1899 4786 Dei
1927 4731 2056 4787 Ver-

480 4822 609 4878 bum
641 4824 895 4892 superius
933 4822 1449 4897 demonstravimus,
1490 4826 1795 4880 orationem
1828 4824 2056 4880 effundit

479 4916 550 4971 ad
578 4914 815 4979 Patrem,
846 4914 1083 4969 bominis
1111 4931 1274 4985 quem
1306 4917 1606 4987 assumpsit
1638 4918 1914 4993 cruciatus
1948 4918 2053 4973 sibi

481 5005 737 5079 proprios
780 5014 1063 5075 reputans,
1104 5022 1274 5078 quare
1324 5010 1440 5063 ait:
1482 5029 1499 5060 ι
1540 5008 1759 5063 Salvum
1812 5025 1897 5065 me
1948 5010 2052 5075 fac,

482 5084 649 5161 Deus,
680 5096 937 5167 quoniam
971 5086 1313 5156 intraverunt
1342 5117 1497 5172 aquae
1527 5118 1701 5171 usque
1722 5102 1791 5172 ad~
1820 5102 2057 5177 animam

481 5204 685 5268 meam.
731 5188 936 5246 inlisus
975 5206 1095 5245 sum
1129 5192 1185 5245 in
1236 5194 1366 5267 limo
1407 5182 1689 5263 profundi,
1727 5203 1782 5250 et
1818 5211 1924 5250 non
1972 5204 2057 5251 est

483 5281 808 5338 substantia.
838 5280 973 5337 Veni
1003 5284 1055 5337 in
1083 5285 1423 5339 altitudinem
1457 5285 1647 5351 maris,
1679 5298 1732 5342 et
1761 5295 2055 5358 tempestas

483 5376 744 5432 demersit
771 5391 876 5431 me.
920 5396 939 5428 ι
972 5375 1293 5433 Praecedens
1316 5379 1501 5448 utique
1528 5380 1771 5449 psalmus
1797 5375 2057 5437 bis'com-

483 5467 761 5541 pellabat:
798 5488 815 5519 ι
855 5468 963 5523 lter
985 5468 1147 5522 facite
1193 5468 1241 5523 ei
1296 5468 1389 5537 qui
1422 5469 1668 5523 ascendit
1706 5458 2057 5541 super'occa-

482 5575 626 5634 sum,
668 5558 931 5615 Dominus
978 5576 1176 5615 nomen
1221 5560 1298 5613 illi
1320 5560 1386 5615 ".
1438 5580 1455 5611 ι
1493 5560 1696 5618 Deinde
1747 5578 1902 5617 suam
1932 5578 2055 5618 cum

557 5717 605 5750 ⁷³
630 5718 733 5774 lsa.
760 5735 848 5784 ιι,
879 5720 933 5783 6,
979 5721 1029 5783 7.
1106 5719 1150 5750 ⁷⁸
1189 5716 1333 5783 Psal.
1375 5733 1542 5783 uvn,
1582 5718 1671 5773 25.
1749 5720 1793 5750 ⁷⁸
1833 5718 1962 5789 ibid.
2003 5718 2056 5773 5.

2147 579 2356 650 χόρτος,
2387 577 2480 629 καὶ
2506 578 2654 629 πᾶσα
2685 574 2811 638 δόξα
2843 573 3012 643 αὐτῆς
3041 570 3115 635 ὡς
3155 569 3313 634 ἄνθος
3340 570 3534 641 χόρτου
3554 588 3567 606 ’
3596 570 3717 639 ἐξηο

2152 670 2319 744 ράνθη
2351 672 2379 722 6
2421 669 2634 740 χόρτος,
2668 669 2761 720 καὶ
2789 667 2850 720 τὸ
2891 664 3049 728 ἄνθος
3077 662 3302 730 ἐξέπεσε
3327 679 3341 693 ·
3380 682 3398 714 ι
3450 662 3515 715 δι’
3541 656 3614 716 ὧν
3658 664 3716 714 τὸ

2147 766 2283 836 πρὸς
2323 762 2529 835 βραχύν
2557 778 2676 814 τινα
2715 759 2905 830 χρόνον
2938 756 3175 827 ἀνθῆσαν
3204 754 3297 808 καὶ
3330 754 3529 826 ὡραῖον
3557 754 3719 823 ἀρθὲν

2146 858 2245 928 τῆς
2273 854 2590 926 σωματικῆς
2624 852 2893 906 Ἰουδαίων
2937 847 3230 921 θρησκείας
3273 847 3450 920 χόρτῳ
3488 846 3582 900 καὶ
3624 846 3721 913 άν-

2147 947 2297 1001 θεσιν
2343 944 2649 1008 ἀπεικάζει.
2687 942 2795 996 Καὶ
2838 939 2926 994 διὰ
2966 939 3075 995 τῶν
3119 938 3494 1010 προκειμένων
3538 937 3719 990 τοίνυν

2274 1043 2556 1097 ἀλλοίωσιν
2588 1040 2680 1094 καὶ
2710 1039 2809 1109 τὴν
2845 1036 2935 1090 ἐπὶ
2975 1036 3036 1089 τὸ
3064 1038 3242 1107 χεῖρον
3294 1032 3590 1105 μεταϐολὴν
3619 1033 3722 1102 τῆς

2146 1134 2314 1204 άνθης
2343 1133 2460 1204 (sic)
2506 1131 2682 1187 αὐτῶν
2727 1129 3023 1201 παρίστησι
3066 1127 3269 1200 προῖὼν
3298 1128 3325 1179 6
3352 1126 3508 1195 λόγος
3549 1128 3605 1178 ἐν
3638 1120 3722 1188 οἷς

2114 1252 2121 1267 ι
2149 1243 2281 1296 φησι
2304 1243 2317 1257 ·
2358 1245 2376 1277 ι
2411 1223 2696 1295 Γενηθήτω
2730 1219 3035 1292 ήτράπεζα
3077 1218 3256 1273 αὐτῶν
3289 1215 3516 1272 ἐνώπιον
3543 1215 3725 1270 αὐτῶν

2148 1319 2228 1381 είς
2257 1316 2461 1386 παγίδα
2502 1314 2595 1368 καὶ¹
2629 1314 2709 1376 είς
2753 1310 3106 1366 ἀνταπόδοσιν
3146 1310 3239 1363 καὶ
3286 1310 3366 1373 εἰς
3408 1306 3719 1361 σκάνδαλον.

2148 1407 2594 1479 Σκοτισθήτωσαν
2621 1408 2671 1460 oi
2696 1403 2964 1475 ὀφθαλμοὶ
2990 1402 3167 1456 αὐτῶν
3192 1400 3284 1453 τοῦ
3320 1399 3394 1471 μὴ
3429 1399 3667 1470 βλέπειν,
3700 1418 3718 1450 ι

2147 1500 2242 1554 καὶ
2267 1500 2333 1554 τὰ
2357 1499 2503 1569 ἐξῆς.
2528 1499 2638 1553 Καὶ
2666 1496 2963 1567 ἐπειδήπερ
3000 1496 3228 1566 μακροῖς
3255 1491 3477 1561 ὕστερον
3511 1490 3727 1561 χρόνοις

2146 1592 2321 1647 ταῦτα
2352 1592 2416 1644 δι’
2446 1591 2620 1663 ἔργων
2652 1590 2849 1661 χωρεῖν
2876 1586 3117 1657 ἔμελλον,
3142 1583 3448 1653 ἀναγκαίως
3484 1601 3502 1634 ι
3538 1583 3633 1646 Et;
3663 1583 3726 1635 τὸ

2148 1684 2299 1748 τέλος
2336 1704 2354 1735 ι
2391 1682 2829 1755 προγέγραπται.
2865 1677 3002 1731 Οὔτε
3050 1678 3107 1731 δὲ
3150 1676 3362 1747 ψαλμός
3393 1678 3561 1740 ἐστιν,
3600 1676 3724 1729 οὔτε

2148 1776 2276 1848 ᾠδὴ,
2311 1776 2433 1829 οὔτε
2477 1776 2663 1845 ὕμνος,
2687 1771 2810 1826 οὔτε
2852 1789 2905 1825 τι
2947 1769 3221 1824 τοιοῦτονο
3251 1769 3371 1822 ἐπεὶ
3415 1768 3550 1839 μηδὲ
3595 1785 3731 1822 κατ-

2150 1869 2351 1938 άλληλα
2378 1864 2445 1939 ἦν
2491 1866 2559 1919 τὰ
2592 1865 2952 1935 ἐπιλεγόμενα
3011 1862 3234 1933 τοιαύτῃ
3275 1863 3591 1934 προγραφῇ.
3636 1858 3729 1913 Διὸ

2148 1961 2323 2024 εἴποις
2373 1959 2436 2013 ἂν
2488 1958 2825 2031 προφητείαν
2873 1958 2936 2009 ἐκ
2982 1955 3273 2027 προσώπου
3317 1954 3411 2006 τοῦ
3472 1954 3727 2025 Σωτῆρος

2150 2053 2304 2124 ἡμῶν
2334 2051 2619 2116 διεξιόντος
2680 2050 2748 2103 τά
2783 2048 2911 2119 περὶ
2942 2047 3105 2101 αὑτὸν
3143 2046 3548 2117 συμϐεϐηκότα,
3596 2062 3730 2117 προ-

2148 2146 2493 2218 αναφώνησίν
2534 2163 2592 2199 τε
2638 2144 2746 2198 τῶν
2796 2144 3067 2207 Ἰουδαίοις
3088 2142 3421 2196 ἐπελθόντων
3475 2141 3609 2213 μετὰ
3660 2142 3730 2195 τὰ

2148 2239 2266 2291 κατ’
2302 2238 2497 2300 αὐτοὺς
2535 2235 2934 2307 τετολμημένα.
2972 2233 3298 2305 Ἀρχόμενος
3328 2232 3373 2285 δ’
3405 2226 3497 2284 οὖν
3544 2232 3572 2283 ὁ
3611 2232 3728 2283 Σω-

2146 2331 2269 2404 τὴρ,
2297 2331 2463 2402 εὐχὴν
2489 2329 2803 2399 ἀναπέμπει
2829 2325 2965 2397 πρὸς
2996 2324 3087 2377 τὸν
3112 2323 3329 2395 Πατέρα
3348 2322 3519 2390 λέγων
3545 2340 3559 2353 ·
3588 2342 3605 2373 ι
3624 2322 3727 2374 Σῶ-

2150 2426 2242 2481 σόν
2297 2442 2386 2496 με,
2435 2426 2464 2478 ὁ
2516 2422 2669 2485 Θεὸς,
2719 2422 2800 2474 ὅτι
2850 2417 3166 2489 εἰσήλθοσαν
3220 2415 3386 2469 ὓδατα
3415 2415 3521 2477 ἕως
3550 2414 3730 2485 ψυχῆς

2152 2534 2273 2589 μου.
2316 2535 2336 2567 ι
2372 2514 2483 2568 Καί
2527 2530 2615 2585 μοι
2653 2512 2801 2565 δοκεῖ
2840 2507 2982 2562 κατὰ
3013 2507 3167 2576 λόγον
3209 2505 3380 2560 ταῦτα
3417 2508 3531 2568 τοῖς
3563 2506 3620 2557 ἐν
3651 2504 3730 2575 τῷ

2149 2607 2502 2681 προλεχθέντι
2538 2604 2805 2675 συνῆφθαι
2851 2600 3069 2671 ψαλμῷ.
3117 2602 3204 2654 Ἐν
3246 2599 3440 2669 ἐκείνῳ
3483 2598 3583 2669 μὲν
3620 2597 3733 2669 γάρ

2148 2699 2364 2767 ἐλέγετο
2386 2712 2398 2725 ·
2439 2716 2456 2747 ι
2490 2691 2623 2748 Εἷπε
2658 2692 2862 2764 Κύριος
2884 2708 2897 2722 ·
2935 2690 3029 2743 Ἐκ
3058 2689 3236 2743 Βασάν
3263 2687 3593 2759 ἐπιστρέψω,
3619 2688 3732 2739 ἐπιο

2159 2791 2375 2863 στρέψω
2417 2790 2482 2842 ἐκ
2529 2786 2705 2858 βυθῶν
2736 2786 3042 2857 θαλάσσηςο
3078 2802 3096 2835 ι
3135 2784 3191 2835 ἐν
3225 2781 3399 2851 τούτῳ
3425 2781 3504 2841 δέ.
3544 2800 3562 2831 ι
3594 2774 3730 2832 Ἦλ-

2149 2883 2238 2935 θον
2269 2883 2348 2943 είς
2396 2880 2465 2933 τά
2499 2877 2637 2949 βάθη
2682 2877 2781 2948 τῆς
2815 2876 3109 2946 θαλάσσης,
3168 2874 3263 2927 καὶ
3306 2870 3559 2939 καταιγὶς
3597 2886 3731 2923 κατ-

2147 2972 2394 3027 επόντισέ
2439 2988 2526 3042 με.
2563 2989 2580 3021 ι
2619 2969 2766 3023 Ἔδει
2812 2967 2920 3037 γάρ
2953 2967 3098 3037 ἡμᾶς
3124 2964 3435 3035 διδαχθῆναι
3482 2961 3601 3025 πῶς
3650 2964 3731 3024 είς

2147 3065 2243 3136 τὴν
2273 3063 2452 3117 Βασὰν
2484 3059 2750 3130 κατῆλθεν
2790 3061 2818 3111 ὀ
2865 3058 3086 3129 Κύριος,
3124 3056 3259 3125 ὅπερ
3293 3055 3438 3107 ἐστὶν
3476 3051 3728 3123 αίσχύνη,

2151 3161 2244 3214 καὶ
2266 3158 2381 3222 πῶς
2410 3156 2614 3224 ἔλεγεν,
2646 3173 2665 3206 ι
2706 3155 2892 3207 Ἐπιστ
2906 3151 3052 3225 ρέψω
3083 3152 3146 3204 ἐκ
3174 3148 3350 3220 βυθῶν
3383 3148 3677 3219 θαλάσσης.
3704 3167 3724 3200 ι

2150 3253 2240 3305 Διὸ
2273 3252 2336 3322 δὴ
2364 3250 2535 3303 ταῦτα
2566 3247 2705 3301 αὐτὰ
2731 3246 2821 3300 διὰ
2847 3246 2957 3297 τῶν
2986 3242 3360 3315 προκειμένων
3396 3242 3729 3314 παρίστησιο

2150 3344 2279 3415 περὶ
2313 3342 2411 3415 μὲν
2454 3340 2554 3410 τῆς
2586 3338 2847 3408 αἰσχύνης
2891 3333 3095 3407 προϊὼν
3144 3334 3238 3387 καὶ
3285 3332 3496 3401 λέγων·
3547 3351 3566 3383 ι
3608 3332 3731 3384 ’θτι

2149 3437 2312 3489 ἕνεκα
2361 3432 2456 3487 σοῦ
2504 3434 2788 3504 ὑπήνεγκα
2832 3428 3151 3498 ὀνειδισμὸν,
3188 3426 3453 3496 ἐκάλυψεν
3495 3424 3733 3496 ἐντροπὴ

2150 3530 2211 3581 τὸ
2238 3527 2527 3600 πρόσωπόν
2568 3543 2670 3597 μου
2697 3543 2713 3556 ·
2746 3545 2771 3575 θ
2815 3524 2909 3577 καὶ
2953 3519 3108 3585 αὖθις
3128 3540 3141 3553 ’
3177 3541 3194 3573 ι
3222 3521 3295 3574 Συ
3326 3519 3612 3589 γινώσκεις
3642 3519 3734 3571 τὸν

2152 3621 2454 3692 ὀνειδισμόν
2488 3637 2586 3691 μου
2614 3620 2707 3672 καὶ
2733 3618 2832 3688 τὴν
2866 3614 3125 3686 αἰσχύνην
3165 3633 3266 3686 μου
3294 3614 3388 3667 καὶ
3422 3612 3521 3683 τὴν
3548 3614 3735 3683 ἐντρο-

2154 3718 2263 3786 πήν
2319 3720 2462 3786 μου’·
2508 3733 2526 3766 ι
2584 3713 2712 3784 περί
2760 3712 2817 3765 δὲ
2863 3711 2957 3764 τοῦ
3004 3710 3166 3782 βυθοῦ
3204 3708 3303 3777 τῆς
3336 3706 3611 3776 θαλάσσης
3648 3704 3731 3769 τὸ,

2159 3827 2178 3860 ι
2215 3807 2395 3861 Σῶσόν
2422 3824 2511 3878 με,
2537 3809 2565 3860 ὁ
2590 3804 2741 3868 Θεὸς,
2770 3804 2848 3857 ὅτι
2875 3803 3192 3874 είσήλθοσαν
3224 3799 3391 3852 ὕδατα
3422 3797 3527 3861 ἓως
3551 3797 3737 3866 ψυχῆς

2159 3915 2281 3969 μου.
2301 3897 2697 3967 Ἐνεπάγηνείς
2726 3895 2857 3965 ὕλην
2885 3894 2960 3963 (Ι)
2978 3892 3162 3963 βυθοῦ,
3194 3893 3287 3946 καὶ
3315 3891 3414 3943 οῦκ
3435 3887 3737 3942 ἕστινὺπό-

2158 4009 2364 4055 στασις.
2401 3987 2603 4044 Ἦλθον
2634 3992 2714 4053 εἰς
2740 3988 2808 4041 τὰ
2850 3986 2987 4059 βάθη
3020 3986 3119 4055 τῆς
3142 3985 3437 4055 θαλάσσης,
3464 3983 3556 4035 καὶ
3601 4000 3737 4035 κατ-

2157 4086 2303 4153 αιγὶς
2331 4082 2681 4137 κατεπόντισέ
2743 4098 2830 4150 με.
2880 4099 2897 4131 ›
2936 4078 3120 4131 Ταῦτα
3155 4078 3263 4150 γὰρ
3322 4077 3580 4145 πλείστην
3620 4074 3736 4147 ἔχοι

2160 4177 2224 4231 ἂν
2255 4175 2574 4229 ἀκολουθίαν
2605 4174 2740 4243 πρὸς
2766 4172 2832 4225 τὰ
2874 4172 2931 4222 ἐν
2960 4169 3037 4239 τῷ
3068 4168 3173 4240 πρὸ
3201 4169 3392 4221 τούτου
3417 4166 3619 4237 ψαλμῷ
3648 4166 3707 4217 λε

2158 4267 2423 4337 λεγμένα·
2457 4267 2514 4318 ἐν
2544 4264 2640 4334 τῷ,
2679 4284 2696 4314 ι
2732 4258 2899 4316 Εἶπεν
2937 4264 2965 4314 ό
2991 4261 3226 4331 Κύριος·
3268 4260 3360 4311 Ἐκ
3392 4256 3572 4309 Βασάν
3612 4259 3736 4308 ἑπι-

2162 4360 2397 4431 στρέψω,
2432 4356 2747 4429 ἐπιστρέψω
2794 4356 2857 4406 ἐκ
2906 4352 3081 4423 βυθῶν
3114 4351 3409 4420 θαλάσσης.
3449 4369 3467 4399 ι
3514 4347 3733 4418 Ἐπειδὴ

2160 4454 2217 4504 ὲν
2246 4451 2437 4520 ἐκείνῳ
2470 4449 2630 4511 αὐτὸς
2662 4444 2728 4518 ῆν
2756 4448 2784 4498 ὁ
2806 4446 3008 4515 Κύριος
3052 4447 3080 4497 ὁ
3118 4442 3287 4496 ταῦτα
3313 4441 3513 4510 λέγων’
3545 4440 3736 4493 ἔπειτα

2088 4565 2130 4618 ι)
2162 4542 2252 4595 καὶ
2283 4540 2379 4592 νῦν
2419 4540 2510 4592 τὸν
2539 4538 2698 4591 αὑτὸν
2728 4534 2867 4590 εἶναι
2898 4534 3144 4608 ἡγεῖσθαι
3179 4533 3269 4585 τὸν
3304 4532 3372 4585 τά
3398 4531 3736 4603 προκείμενα

2159 4632 2441 4705 διεξιόντα.

2230 4745 2398 4813 Αὐτὸς
2427 4743 2733 4816 τοιγαροῦν,
2762 4743 2819 4796 ὃν
2858 4742 2966 4796 οὐδ’
3005 4742 3191 4811 ἕτερον
3226 4735 3363 4793 εἴναι
3392 4739 3425 4809 ἦ
3466 4735 3560 4789 τοῦ
3596 4734 3735 4789 Θεοῦ

2159 4832 2328 4900 Λόγον
2353 4831 2439 4885 διὰ
2476 4831 2581 4883 τῶν
2604 4831 2910 4904 ἔμπροσθεν
2942 4831 3383 4902 παρεστήσαμεν,
3413 4827 3577 4898 εὐχὴν
3605 4829 3737 4880 ἀνα-

2160 4924 2369 4995 πέμπει
2400 4923 2477 4996 τῷ
2505 4924 2698 4995 Πατρὶ,
2738 4922 3155 4992 ίδιοποιούμενος
3182 4922 3249 4975 τὰ
3280 4921 3400 4975 καθ’
3433 4914 3493 4973 οὗ
3524 4919 3738 4990 ἀνείλη-

2161 5034 2259 5087 φεν
2291 5015 2576 5087 ἀνθρώπου
2608 5016 2752 5085 πάθη
2772 5033 2785 5046 ·
2820 5016 2901 5068 διό
2930 5031 3097 5085 φησι·
3136 5034 3154 5065 ι
3192 5012 3371 5066 Σῶσόν
3405 5028 3492 5083 με,
3521 5014 3551 5064 6
3579 5010 3733 5073 Θεὸς,

2158 5109 2239 5161 ὅτι
2272 5108 2588 5180 είσήλθοσαν
2618 5108 2784 5161 ὕδατα
2815 5109 2917 5171 ἐως
2944 5106 3119 5177 ψυχῆς
3153 5123 3279 5181 μου.
3318 5103 3624 5173 Ἐνεπάγην
3656 5104 3736 5166 είς

2162 5198 2292 5269 ὓλην
2320 5192 2504 5268 βυθοῦ,
2533 5200 2627 5255 καὶ
2666 5182 2767 5251 οῦκ
2799 5198 2945 5250 ἐστιν
2980 5198 3296 5273 ὑπόστασις.
3323 5191 3526 5247 Ἷίλθον
3555 5195 3636 5256 εἰς
3668 5193 3735 5245 τά

2165 5290 2300 5361 βάθη
2332 5292 2430 5365 τῆς
2464 5290 2758 5361 θαλάσσης,
2788 5290 2880 5343 καὶ
2918 5290 3169 5357 καταιγὶς
3202 5285 3556 5343 κατεπόντισέ
3590 5301 3678 5355 με.
3708 5303 3727 5335 ι

2173 5383 2229 5437 '0
2264 5383 2360 5453 μέν
2388 5375 2480 5435 οῦν
2511 5383 2616 5455 πρὸ
2650 5383 2839 5435 τούτου
2866 5379 3077 5453 ψαλμὸς
3111 5378 3445 5452 προσεφώνει
3472 5377 3697 5451 φάσκων
3716 5391 3729 5405 ·

2168 5493 2185 5525 ι
2236 5474 2613 5545 Ὀδοποιήσᾳτε
2643 5474 2722 5544 τῷ
2757 5472 3105 5544 ἐπιϐεϐηκότι
3146 5472 3237 5524 ἐπὶ
3264 5470 3509 5543 δυσμῶν,
3529 5468 3733 5538 Κύριος

2161 5565 2329 5636 ὄνομα
2364 5566 2539 5637 αὐτῷ’
2581 5586 2604 5628 ›Δ
2640 5563 2737 5620 εἷθ’
2771 5566 2897 5637 ἐξῆς
2928 5565 3030 5642 τὴν
3053 5565 3166 5636 ἅμα
3191 5562 3495 5634 ἀνθρώποις
3522 5561 3729 5637 διατρι-

555 5807 841 5896 (υὟλην.
879 5809 1145 5882 lnterpres
1177 5810 1372 5883 legisse
1394 5810 1606 5868 videtur
1634 5810 1765 5879 ἰλύν,
1801 5810 1948 5881 quod
1976 5824 2051 5866 vel

2151 5807 2325 5865 milius
2349 5817 2434 5871 est
2460 5820 2515 5868 et
2535 5809 2694 5867 nobis
2716 5823 2931 5879 quoque
2965 5808 3135 5879 magis
3175 5808 3369 5877 placet.
3404 5806 3557 5862 Enn.
