4068 6530
344 360 452 420 725

1470 367 1975 427 COMMENTARIA
2013 370 2079 426 IN
2118 368 2453 427 PSALMOS.

3506 365 3607 420 726

342 483 446 556 σήν
469 483 637 538 αὐτου
674 485 968 559 παρίστησι
993 486 1255 573 λέγων-,ι
1284 489 1393 544 Kal.
1421 489 1747 560 ἀγαλλιᾶσθε
1780 489 1913 546 ἐνώ-

2021 490 2334 548 hominibus
2360 490 2845 545 commorationem
2867 487 3185 544 enuntiabat
3219 486 3412 542 dicens
3440 504 3453 540 :
3487 504 3505 538 ι
3539 484 3605 538 Et

342 590 466 628 πιον
496 574 683 641 αὑτοῦ,
707 577 803 631 τοῦ
831 578 1035 651 πατρὸς
1056 580 1166 635 τῶν
1197 580 1447 651 ὀρφανῶν
1475 580 1575 636 καὶ,
1593 581 1777 653 κριτοῦ
1807 582 1916 636 τῶν

340 663 545 737 χηρῶν.
591 689 610 718 ο
641 667 752 720 Καὶ
787 668 895 743 τῷν
930 669 1188 741 μαθητῶν
1214 671 1269 724 δέ
1309 670 1474 725 αὐτοῦ
1510 671 1603 728 καὶ
1646 671 1754 727 τῶν
1786 672 1921 726 ἀπο-

341 757 546 812 στόλων
589 758 688 829 τὴν
723 760 914 832 κλῆσιν
967 762 1156 833 ἐδήλου
1206 764 1264 816 ἐν
1309 763 1407 834 τῷ,
1461 782 1479 815 ι
1523 763 1725 837 Κύριος
1763 763 1922 818 δώσει

340 850 495 921 ῥῆμα
542 856 657 915 τοῖς
698 853 1207 926 εύαγγελιζομένοις
1257 856 1487 928 δυνάμει
1516 858 1704 928 πολλῇ.
1740 877 1757 909 ι
1808 854 1921 912 Εἶθ’

337 942 464 1017 ἑξῆς
492 947 573 1011 είς
599 946 689 1000 τὸν
717 946 942 1003 θάνατον
965 948 1130 1002 αὑτοῦ
1162 948 1385 1002 κάθοδον
1428 950 1522 1009 καὶ
1553 948 1651 1022 τὴν
1694 949 1923 1017 διέξοδον

337 1036 437 1108 τὴν
464 1038 715 1092 ἐντεῦθεν
745 1039 1024 1095 ἐδίδασκεν
1052 1042 1109 1094 ἐν
1136 1038 1234 1111 τῷ,
1268 1058 1286 1093 ι
1320 1040 1429 1094 Καὶ
1455 1041 1549 1095 τοῦ
1582 1041 1785 1115 Κυρίου
1810 1044 1924 1096 Ku-

339 1131 455 1203 ρίου
488 1133 545 1185 at
565 1130 788 1196 διέξοδοι
804 1131 896 1186 τοῦ
926 1131 1156 1186 θανάτου
1180 1149 1195 1162 θ
1223 1152 1242 1185 ι
1280 1133 1376 1190 καὶ
1400 1134 1458 1186 ἐν
1482 1133 1583 1205 τῷ,
1621 1152 1639 1185 ι
1663 1129 1799 1188 Εἷπε
1818 1132 1926 1187 Κύ-

338 1241 471 1296 ριος·
490 1225 583 1278 Ἐκ
598 1224 775 1278 Βασὰν
790 1224 1121 1297 ἐπιστρέψω,
1136 1225 1446 1297 ἐπιστρέψω
1456 1228 1525 1281 ἐκ
1538 1225 1713 1297 βυθῶν
1732 1226 1926 1284 θαλάσ-

338 1333 499 1387 σηςοι
534 1316 626 1371 ἐπὶ
653 1318 785 1370 πᾶσι
815 1317 874 1370 δὲ
902 1316 1112 1381 τούτοις
1142 1318 1240 1388 τὴν
1269 1319 1349 1382 είς
1379 1318 1639 1390 οὐρανοὺς
1666 1319 1923 1373 ἐπάνοδον

336 1407 500 1463 αὑτοῦ
521 1409 610 1463 διὰ
642 1408 736 1462 τοῦ
759 1408 925 1464 αὐτοῦ
955 1410 1141 1482 ἐδήλου
1173 1409 1379 1480 λέγων·
1410 1412 1660 1467 «mm
1692 1412 1771 1484 τῷ
1802 1413 1922 1484 Θεῷ

335 1500 413 1572 τῷ
429 1501 777 1574 ἐπιδεδηκότι
805 1503 896 1556 ἐπὶ
923 1504 1014 1557 τὸν
1029 1503 1259 1575 οὐρανὸν
1279 1502 1374 1563 τοῦ
1393 1505 1622 1576 ούρανοῦ
1649 1507 1770 1560 κατ’
1799 1507 1927 1560 ἀνα-

335 1591 516 1656 τολάς.
557 1613 575 1646 ι
612 1593 796 1647 Ταῦτα
826 1597 924 1667 μὲν
952 1614 1045 1651 ουν
1074 1598 1132 1649 ἐν
1161 1597 1390 1663 ἐκείνοις
1411 1615 1423 1629 ·
1448 1597 1537 1653 διὰ
1563 1598 1621 1652 δὲ
1652 1598 1760 1652 τῶν
1787 1615 1923 1671 προ-

335 1685 612 1755 κειμένων
646 1685 715 1739 τά
744 1687 820 1749 ὠς
846 1689 903 1742 ἐν
930 1688 1257 1761 παραδρομῇ
1294 1689 1417 1743 τότε
1446 1689 1750 1761 λελεγμένα
1782 1691 1923 1744 πλα-

334 1774 505 1841 τύνει,
545 1768 759 1843 δεικνῦς
786 1780 934 1844 ὅπως
970 1780 1189 1840 λέλεκτο
1208 1797 1221 1812 ·
1262 1800 1279 1832 ι
1312 1782 1423 1835 Καὶ
1454 1782 1548 1836 τοῦ
1576 1784 1782 1855 Κυρίου
1806 1786 1922 1838 Κυ-

336 1865 453 1939 ρίου
497 1868 554 1921 αἱ
597 1868 817 1932 διέξοδοι
858 1870 950 1925 τοῦ
982 1872 1249 1936 θανάτου,
1280 1892 1299 1924 ι
1336 1874 1430 1927 κα)⁸
1461 1875 1541 1942 τὸ,
1586 1894 1615 1927 ι
1647 1872 1783 1929 Εῐπε
1812 1876 1924 1929 Κύ-

335 1975 483 2030 ριος·
538 1961 634 2013 Ἐκ
668 1961 851 2016 Βασὰν
895 1964 1231 2036 ἐπιστρέψω,
1274 1965 1589 2037 ἐπιστρέψω
1637 1968 1704 2021 ἐκ
1747 1967 1922 2038 βυθῶν

330 2048 633 2122 θαλάσσης.
664 2070 682 2104 ι
718 2053 904 2107 Ταῦτα
929 2054 1038 2126 γὰρ
1068 2057 1149 2119 είς
1178 2055 1379 2119 πλάτος
1408 2056 1503 2110 ἐπὶ
1532 2056 1628 2111 τοῦ
1661 2058 1923 2129 παρόντος

327 2142 665 2217 διεξέρχεται
693 2145 872 2217 λέγων
892 2164 905 2178 ο
937 2167 954 2200 ι
987 2147 1167 2202 Σῶσόν
1202 2166 1290 2221 με,
1321 2151 1349 2202 6
1378 2148 1531 2215 Θεὸς,
1561 2152 1644 2205 ὅτι
1682 2151 1925 2223 εἰσήλθο-

329 2251 434 2290 σαν
473 2235 642 2291 ὕδατα
674 2238 779 2302 ἕως
828 2238 1005 2311 ψυχῆς
1040 2259 1164 2313 μου.
1206 2244 1509 2316 Ἐνεπάγην
1549 2246 1627 2310 εἰς
1663 2245 1794 2316 ὓλην
1826 2245 1920 2315 βυ-

329 2325 448 2391 θοῦ,
482 2328 575 2381 καὶ
620 2328 721 2382 οὐκ
767 2330 914 2384 ἔστιν
953 2333 1270 2399 ὑπόστασις.
1303 2333 1503 2390 ’Ἦλθον
1549 2340 1630 2401 είς
1671 2337 1741 2392 τὰ
1783 2338 1922 2410 βάθη

328 2419 431 2490 τῆς
474 2420 750 2493 θαλάσσης
797 2424 893 2477 καὶ
933 2427 1187 2495 καταιγὶς
1218 2430 1574 2483 κατεπόντισε
1622 2448 1711 2502 με.
1740 2451 1760 2484 ι
1797 2433 1924 2485 Πει-

332 2514 581 2586 ,τασμοὺς
618 2514 675 2568 δὲ
719 2516 813 2569 καὶ
847 2516 1119 2589 διωγμοὺς
1150 2521 1243 2575 καὶ
1275 2521 1669 2588 ἐπαναστάσεις
1710 2523 1922 2578 ἀσεϐῶν

328 2604 543 2677 ἀνδρῶν
569 2604 734 2660 ὕδατα
766 2608 948 2662 καλεῖν
979 2610 1169 2664 εἴωθεν
1196 2612 1225 2664 6
1254 2613 1428 2683 Λόγος
1446 2631 1460 2644 ’
1501 2613 1657 2669 Οῦτω
1688 2614 1821 2684 γοῦν
1846 2615 1923 2669 εί-

333 2713 496 2769 ρηται
543 2697 811 2769 ἀλλαχοῦο
854 2720 872 2753 ι
909 2703 1014 2758 Τὸν
1062 2704 1364 2779 χείμαρρον
1414 2706 1630 2779 διῆλθεν
1688 2710 1722 2779 ἡ
1775 2708 1921 2781 ψυχὴ

329 2792 490 2865 ήμῶν
507 2810 521 2823 '
550 2793 659 2866 ἄρα
684 2793 898 2865 διῆλθεν
925 2797 957 2867 ἡ
982 2796 1128 2868 ψυχὴ
1154 2797 1311 2869 ἡμῶν
1351 2798 1413 2852 τὸ
1448 2798 1593 2872 ὔδωρ
1621 2800 1924 2854 ἀνυπόστα-

328 2901 441 2942 τον.
485 2902 503 2937 ι
537 2885 647 2941 Kal.
684 2885 845 2950 αὐτὸς
877 2887 934 2940 δὲ
965 2888 993 2939 6
1027 2889 1218 2961 Σωτήρ
1252 2890 1501 2944 ἐδίδασκε
1524 2891 1682 2945 τοῦτο
1714 2891 1919 2961 λέγων·

334 2996 356 3027 ι
394 2977 615 3049 Κατέᾶη
653 2980 687 3050 ἡ
738 2978 929 3055 βροχὴ,
975 2975 1138 3051 ἦλθον
1181 2983 1230 3034 oi
1261 2985 1519 3054 ποταμοὶ,
1567 2983 1834 3038 ἔπνευσαν
1872 2986 1922 3037 oi

327 3068 543 3141 ἄνεμοι,
574 3072 671 3125 καὶ
715 3071 1096 3143 προσέρρηξαν
1133 3076 1199 3145 τῇ
1241 3074 1387 3147 οίκίᾳ
1433 3076 1640 3149 ἐκείνῃ,
1678 3076 1775 3131 καὶ
1821 3078 1922 3131 οὐκ

327 3162 529 3217 ἔπεσε·
550 3164 1053 3239 τεθεμελίωτογὰρ
1090 3168 1183 3221 ἐπὶ
1241 3168 1340 3240 τὴν
1372 3169 1596 3241 πέτραν.
1632 3189 1655 3222 ι
1695 3171 1806 3225 Καὶ
1834 3170 1923 3225 διὰ

2025 584 2299 639 cxsultate
2332 583 2387 637 in
2413 589 2710 650 conspectu
2745 580 2885 650 ejus,
2920 580 3093 650 patris
3130 579 3501 650 orphanorum
3550 585 3606 632 et

2020 676 2226 748 judicis
2251 675 2537 729 viduarum
2559 674 2629 728 ⁷⁸.
2656 691 2674 724 ι
2713 672 3115 742 Discipulorum
3141 670 3268 724 item
3302 677 3356 725 et
3387 677 3605 740 aposto-

2023 773 2201 827 lorum
2225 784 2451 827 suorum
2479 767 2824 823 vocationem
2851 765 3167 821 declarabat
3197 764 3252 818 in
3281 764 3409 819 illo:
3448 782 3465 815 ι
3500 762 3606 815 Do-

2024 864 2207 918 minus
2276 861 2425 917 dabit
2497 859 2724 914 verbum
2790 856 3328 927 evangelizantibus,
3408 855 3605 910 virtute

2024 956 2195 1010 multa
2219 955 2286 1010 τ’.
2334 973 2355 1006 ι
2402 951 2517 1007 Sub
2550 952 2666 1007 haec
2709 950 2831 1021 ejus
2879 950 2949 1004 ad
2993 958 3222 1004 mortem
3256 947 3602 1011 descensum,

2023 1048 2221 1105 etinde
2240 1046 2473 1103 reditum
2505 1045 2696 1101 docuit
2725 1044 2798 1099 ita
2827 1042 2974 1099 fatus
2994 1065 3007 1099 ;
3031 1063 3048 1094 ι
3075 1041 3141 1095 Et
3157 1040 3372 1098 Domini
3390 1038 3604 1095 Domini

2022 1142 2199 1197 exitus
2228 1139 2424 1195 mortis
2443 1139 2524 1206 '8;
2567 1157 2586 1190 ι
2624 1144 2679 1194 et
2702 1137 2757 1191 in
2791 1136 2905 1204 illo,
2944 1154 2962 1188 ι
3010 1134 3155 1189 Dixit
3178 1133 3443 1188 Dominus
3477 1150 3492 1187 :
3525 1122 3605 1187 Ex

2024 1232 2200 1289 Basan
2223 1239 2560 1295 convertam,
2583 1215 2897 1286 convertam
2939 1243 3007 1284 ex
3046 1224 3319 1298 profundo
3364 1223 3553 1281 maris.
3579 1243 3597 1275 ι

2022 1326 2104 1381 Ad
2135 1326 2249 1382 hac
2287 1332 2469 1380 autem
2496 1323 2702 1389 omnia,
2758 1321 2994 1378 reditum
3042 1320 3165 1391 eius
3202 1319 3269 1374 ad
3300 1319 3499 1374 cretum
3550 1319 3605 1373 in

2023 1416 2212 1473 eodem
2260 1417 2473 1488 psalmo
2525 1418 2606 1473 sic
2655 1415 2975 1473 enarravit:
3035 1432 3053 1466 ‹
3098 1412 3323 1470 Psallite
3372 1412 3482 1467 Deo
3510 1413 3604 1483 qui

2024 1510 2272 1566 ascendit
2298 1525 2464 1583 super
2501 1511 2700 1565 coelum
2748 1509 2870 1564 coeli
2905 1508 2969 1563 ad
3026 1507 3291 1562 orientem
3314 1506 3382 1561 ⁸ο.
3426 1524 3444 1558 ι
3480 1504 3607 1560 llaec

2026 1601 2123 1657 ibi.
2184 1600 2243 1656 In
2299 1602 2556 1673 praesenti
2603 1610 2784 1657 autem
2815 1614 2935 1669 quae
2972 1600 3128 1670 quasi
3182 1601 3237 1654 iu
3283 1605 3605 1661 transcursu

2025 1700 2160 1749 tunc
2207 1693 2355 1749 dicta
2404 1692 2620 1748 fuerant
2679 1691 2857 1747 fusius
2909 1691 3103 1761 aperit,
3152 1688 3449 1745 ostendens
3495 1703 3607 1758 quo

2028 1800 2197 1840 sensu
2247 1782 2453 1839 dictum
2479 1785 2547 1839 de
2587 1784 2818 1838 Domino
2848 1782 3011 1838 fuerit
3046 1801 3059 1837 :
3107 1800 3126 1834 ι
3164 1781 3229 1835 Et
3258 1780 3472 1836 Domini
3504 1779 3608 1835 Do-

1954 1910 1995 1965 B
2026 1876 2160 1930 mini
2199 1875 2629 1940 exitusmortis,
2684 1893 2701 1926 ι
2738 1881 2901 1944 atque
2950 1871 3083 1927 illud
3112 1913 3127 1937 ,
3163 1890 3181 1924 ι
3222 1871 3367 1927 Dixit
3422 1870 3608 1924 Domi-

2024 1988 2129 2027 nus
2162 1991 2173 2025 :
2212 1969 2289 2025 Ex
2320 1969 2493 2025 Basan
2521 1978 2862 2034 convertam,
2894 1976 3209 2023 convertam
3231 1982 3298 2023 ex
3333 1965 3608 2037 profundo

2022 2063 2212 2119 maris.
2256 2081 2274 2114 ι
2329 2061 2457 2118 Haec
2490 2062 2636 2118 enim
2677 2061 2854 2117 fusius
2889 2060 2944 2114 in
2980 2060 3236 2130 praesenti
3270 2068 3491 2114 enarrat
3521 2057 3609 2112 di-

2023 2171 2155 2211 cens
2182 2174 2196 2211 :
2231 2173 2251 2207 (
2285 2153 2508 2210 Salvum
2538 2170 2625 2210 me
2650 2154 2756 2220 fac,
2782 2155 2947 2219 Deus,
2976 2153 3234 2224 quoniam
3266 2152 3609 2207 intraverunt

2023 2263 2178 2319 aqua:
2210 2262 2386 2319 usque
2418 2247 2484 2302 ad
2510 2248 2746 2303 animam
2777 2260 2975 2301 meam.
3009 2243 3213 2301 lnfixus
3247 2259 3369 2298 sum
3397 2243 3450 2298 in
3479 2243 3608 2298 limo

2022 2338 2303 2409 profundi,
2339 2347 2393 2394 et
2435 2353 2545 2392 non
2593 2345 2677 2393 est
2732 2336 3060 2393 substantia.
3103 2333 3240 2389 Veni
3276 2334 3331 2388 in
3361 2334 3607 2388 altitudi-

2024 2447 2149 2487 nem
2185 2431 2377 2496 maris,
2411 2437 2465 2486 et
2495 2436 2791 2500 tempestas
2821 2429 3082 2484 demersit
3125 2444 3232 2483 me.
3270 2448 3289 2480 ι
3328 2426 3609 2482 Tentatio-

2022 2542 2121 2580 nes
2152 2532 2356 2589 autem,
2404 2524 2720 2579 vexationes
2755 2532 2809 2577 et
2851 2520 3094 2599 insultus
3141 2519 3433 2590 impiorum
3462 2518 3609 2573 viro-

2021 2634 2166 2683 rum,
2219 2632 2390 2688 aquas
2430 2630 2627 2671 vocare
2671 2613 2970 2683 Scriptura:
3023 2628 3144 2669 mos
3184 2620 3289 2668 est.
3339 2612 3417 2666 lta
3460 2612 3605 2667 enim

2021 2709 2227 2765 dicitur
2291 2708 2419 2764 alibi
2478 2727 2491 2764 :
2561 2725 2580 2760 ι
2650 2706 2972 2762 Torrentem
3009 2705 3365 2776 pertransivit
3424 2705 3606 2759 anima

2022 2810 2233 2867 nostra,
2264 2800 2494 2855 forsitan
2528 2799 2921 2869 pertransisset
2951 2798 3133 2852 anima
3178 2805 3365 2853 nostra
3408 2811 3607 2867 aquam

2024 2895 2144 2951 sine
2178 2892 2347 2948 fundo
2372 2892 2440 2947 δι.
2484 2911 2502 2944 ι
2537 2889 2892 2960 ldipsumque
2938 2889 3082 2945 idem
3137 2887 3395 2943 Servator
3447 2888 3608 2943 docet

2026 2986 2111 3041 his
2140 2985 2324 3041 verbis
2353 3002 2365 3037 :
2402 3001 2421 3034 ι
2472 2981 2765 3038 Descendit
2794 2981 3001 3053 pluvia,
3053 2988 3324 3036 venerunt
3358 2979 3604 3045 flumina,

2024 3076 2295 3132 (laverunt
2324 3076 2494 3141 venti,
2527 3080 2582 3130 et
2612 3074 2958 3146 impegerunt
2992 3074 3048 3127 in
3082 3072 3304 3128 domum
3357 3072 3526 3139 illam,
3554 3080 3609 3128 et

2024 3184 2135 3223 non
2172 3166 2372 3224 cecidit
2402 3186 2416 3222 :
2448 3165 2673 3221 fundata
2707 3165 2854 3220 enim
2881 3173 3001 3221 erat
3036 3180 3204 3236 supra
3237 3174 3447 3236 petram
3470 3165 3537 3220 ⁸⁸.
3582 3184 3603 3219 ι

329 3255 447 3310 τῶν
487 3257 863 3328 προκειμένων
909 3259 1089 3313 τοίνυν
1138 3261 1265 3324 τοὺς
1314 3263 1659 3333 πειρασμοὺς
1687 3263 1782 3316 καὶ
1823 3263 1920 3330 τὰς

2026 3260 2083 3316 ln
2114 3260 2200 3317 his
2232 3262 2415 3331 itaque
2444 3258 2609 3316 dictis
2634 3258 2971 3314 tentationes
3006 3266 3061 3313 et
3107 3258 3341 3314 insidias
3373 3257 3478 3314 sibi
3509 3273 3609 3328 pa-

329 3348 455 3403 κατ’
482 3348 990 3416 αὐτοῦ.ἐπιόουλὰς,
1032 3351 1201 3407 ὕδατα
1245 3354 1529 3425 ὀνομάζων
1575 3355 1916 3426 εἰσεληλυθέ-

328 3458 419 3496 ναι
441 3441 549 3505 ἕως
579 3440 681 3512 τῆς
706 3442 887 3514 ψυχῆς
918 3444 1082 3498 αὐτοῦ
1117 3445 1377 3500 διδάσκει.
1424 3447 1675 3520 Ἐπὶομέν
1702 3445 1794 3503 οὖν
1819 3450 1915 3505 τοῦ

344 3530 496 3596 Ἰὼϐ,
542 3532 748 3605 καίπερ
792 3533 941 3599 ὄντος
990 3535 1225 3607 ἀθλητοῦ
1283 3539 1553 3608 γενναίου,
1608 3541 1918 3615 γέγραπται

329 3620 639 3696 εἰρηκὼς”ὀ
675 3625 806 3689 Θεὸς
852 3625 931 3697 τῷ
968 3629 1312 3700 πειράζοντι·
1366 3648 1383 3682 ‹
1427 3631 1559 3685 Ἰδοὺ
1603 3632 1781 3687 πάντα
1818 3636 1918 3688 ὅσα

331 3716 569 3791 ὑπάρχει
604 3716 977 3790 αὑτῷνδίδωμι
1009 3721 1066 3773 ἐν
1096 3724 1163 3793 τῇ
1195 3722 1337 3794 χειρί
1366 3740 1482 3789 σου,
1510 3725 1670 3795 μόνον
1695 3725 1793 3796 τὴν
1819 3726 1919 3795 ψυ-

330 3807 433 3879 χὴν
459 3808 625 3863 αὑτοῦ
654 3808 997 3879 διαφύλαξον.
1033 3830 1051 3863 ι
1101 3813 1364 3868 Ἐνταῦθα
1391 3815 1447 3869 δέ
1484 3816 1584 3888 τὴν
1617 3816 1794 3889 ψυχὴν
1823 3820 1919 3873 αύ-

329 3900 430 3973 τήν
479 3901 509 3954 6
560 3902 839 3974 πειράζων
890 3903 1160 3975 πειράζει,
1211 3908 1334 3978 ἥτις
1380 3908 1510 3962 ποτὲ
1542 3904 1611 3980 ἦν
1642 3908 1800 3981 αῦτη,
1850 3906 1919 3983 ἧς

333 3992 581 4064 μέμνητο
604 3994 698 4050 καὶ
730 3994 892 4058 αὐτὸς
916 3993 1089 4063 λέγων
1108 4013 1123 4029 ο
1164 4015 1182 4047 ι
1225 3997 1415 4062 Οὐδεὶς
1444 3998 1589 4069 αἴρει
1618 4000 1714 4071 τὴν
1738 4000 1917 4073 ψυχήν

334 4101 437 4156 μου
469 4086 563 4139 άπέ
599 4083 734 4156 ἐμοῦ
757 4100 769 4113 ³
800 4083 1048 4150 ἐξουσίαν
1080 4085 1189 4158 ἐχω
1218 4086 1391 4141 θεῖναι
1419 4088 1611 4161 αὐτὴν,
1638 4091 1734 4144 καὶ
1767 4089 1917 4157 ἐξου-

332 4176 465 4231 σίαν
501 4175 609 4246 ἔχω
649 4175 831 4230 λαϐεῖν
860 4176 1067 4249 αὑτήν·
1106 4198 1124 4229 ι
1164 4180 1259 4232 καὶ
1300 4180 1490 4235 πάλιν·
1532 4199 1550 4232 ι
1596 4182 1707 4253 Τὴν
1739 4181 1917 4254 ψυχήν

335 4283 438 4336 μιν
480 4264 673 4339 τίθημι
714 4267 855 4339 ὑπὲρ
894 4267 1004 4321 τῶν
1044 4269 1331 4341 προϐάτων
1368 4288 1502 4342 μου·
1536 4292 1556 4325 δ
1602 4274 1717 4338 καὶ,
1754 4293 1771 4325 ι
1803 4274 1917 4329 Νῦν

332 4357 538 4428 ήξψυχή
570 4374 669 4429 μου
696 4357 1026 4429 τετάρακται
1046 4378 1058 4389 ·
1101 4381 1120 4413 ι
1152 4362 1266 4423 καὶ,
1304 4381 1321 4413 ι
1353 4362 1658 4434 Περίλυπός
1703 4365 1851 4418 ἐστιν
1882 4367 1916 4437 ὴ

332 4449 477 4521 ψυχή
530 4468 633 4521 μου
693 4450 798 4514 ἕως
844 4450 1097 4506 θανάτου.
1139 4474 1157 4505 ι
1207 4453 1370 4509 Ὅθεν
1427 4457 1522 4509 καὶ
1566 4455 1663 4510 νῦν
1715 4474 1912 4530 φησιν’

340 4561 359 4594 ι
394 4544 520 4600 Ὅτι
556 4542 875 4614 είσήλθοσαν
905 4543 1072 4599 ὕδατα
1100 4545 1205 4610 ἕως
1235 4546 1413 4618 ψυχῆς
1460 4566 1559 4618 μου
1580 4565 1594 4579 ⁸
1632 4567 1652 4601 ι
1691 4548 1833 4603 κατὰ
1858 4549 1915 4605 δὲ

2018 3358 2189 3413 ratas.
2222 3367 2394 3423 aquas
2433 3366 2784 3421 nuncupans,
2840 3365 3014 3420 usque
3043 3349 3111 3404 ad
3161 3350 3400 3404 animam
3449 3364 3605 3404 suam

2017 3443 2234 3498 venisse
2285 3441 2465 3498 docet.
2522 3440 2598 3497 De
2655 3439 2794 3496 Jobo
2855 3456 3027 3505 sane,
3080 3441 3296 3496 tametsi
3346 3448 3607 3496 strenuus

2018 3536 2223 3591 athleta
2252 3543 2392 3604 erat,
2429 3534 2637 3593 dixisse
2662 3534 2834 3591 Deum
2865 3536 3123 3591 tentatori
3161 3534 3371 3591 fertur:
3413 3554 3429 3589 ι
3469 3533 3607 3590 Ecce

2017 3630 2203 3683 omnia
2243 3644 2585 3700 quaecunque
2615 3629 2720 3699 ipsi
2756 3636 2886 3685 sunt
2912 3629 2984 3685 do
3020 3629 3074 3683 in
3110 3644 3272 3683 manu
3332 3637 3446 3693 tua,
3485 3636 3606 3684 tan-

2020 3729 2135 3775 tum
2172 3721 2410 3775 animam
2442 3719 2562 3790 ejus
2591 3730 2807 3776 servato
2830 3720 2897 3774 ⁸³.
2936 3739 2954 3771 ι
2992 3718 3093 3775 llic
3122 3735 3250 3775 vero
3282 3719 3456 3790 ipsam
3486 3720 3608 3775 ani-

2019 3828 2162 3867 mam
2189 3819 2427 3869 tentator
2449 3810 2786 3882 aggreditur,
2811 3826 2930 3866 eam
2958 3811 3131 3881 ipsam
3172 3811 3382 3867 scilicet
3406 3810 3607 3881 de;qua

2019 3903 2283 3959 Dominus
2303 3904 2434 3959 dicit
2449 3923 2460 3958 :
2474 3923 2491 3956 ι
2516 3902 2686 3958 Nemo
2700 3902 2841 3957 tollit
2859 3903 3094 3957 animam
3118 3917 3293 3958 meam
3311 3916 3341 3957 a
3356 3918 3445 3959 me
3469 3918 3609 3973 :po-

2019 4003 2271 4051 testatem
2284 3995 2458 4051 habeo
2472 3994 2708 4065 ponendi
2737 3994 2882 4049 illam
2893 4003 2966 4061 ,et
2982 4001 3306 4065 potestatem
3324 3995 3501 4052 habeo
3519 4011 3608 4053 ac-

2020 4086 2258 4159 cipiendi
2286 4103 2406 4144 eam
2428 4088 2495 4143 3‘.
2534 4107 2554 4140 ι
2586 4086 2653 4141 Et
2686 4087 2916 4142 iterum:
2947 4105 2966 4138 ι
2993 4086 3247 4140 Animam
3267 4102 3441 4141 meam
3463 4103 3607 4159 pono

2022 4196 2121 4253 pro
2155 4180 2352 4236 ovibus
2386 4180 2522 4236 meis
2546 4180 2613 4245 ⁸⁸,
2654 4198 2673 4231 ι
2711 4187 2786 4243 et,
2820 4197 2838 4231 ι
2871 4176 3027 4233 Nunc
3044 4179 3226 4234 anima
3254 4193 3372 4234 mea
3390 4180 3605 4235 turbata

2018 4274 2160 4330 est“
2178 4272 2545 4341 ;iet,«Tristis
2561 4279 2643 4328 est
2660 4272 2839 4326 anima
2859 4287 3167 4342 meausque
3180 4272 3247 4326 ad
3266 4273 3568 4328 mortem".
3581 4292 3601 4326 ι

2022 4367 2387 4433 Quamobrem
2431 4382 2579 4421 nunc
2605 4380 2824 4439 quoque
2856 4364 2932 4419 ait
2970 4383 2984 4420 :
3016 4362 3332 4430 ¢.Quoniam
3366 4363 3608 4419 intrave-

2020 4468 2148 4514 runt
2168 4474 2321 4530 aquae
2350 4475 2522 4529 usque
2535 4458 2603 4513 ad
2624 4458 2863 4513 animam
2898 4472 3105 4512 meam:
3131 4458 3285 4512 rsive
3304 4456 3605 4512 secundum

2024 4549 2409 4622 Symmachum
2437 4570 2449 4606 :
2476 4571 2493 4602 ι
2519 4550 2785 4617 Quoniam
2800 4558 3152 4604 accesserunt
3168 4563 3322 4618 aquae
3343 4564 3515 4618 usque
3537 4549 3605 4602 ad

330 4636 425 4691 τὸν
476 4611 803 4706 Σύμμάχονο
863 4656 881 4687 ι
914 4638 1036 4690 ’Ότι
1069 4611 1531 4711 ἐπῆλθενηῦδατα
1580 4642 1685 4707 ἕως
1738 4643 1917 4715 ψυχῆς

2024 4641 2261 4695 animam
2277 4655 2473 4697 meam.
2500 4660 2519 4693 ι
2546 4639 2750 4698 Deinde
2769 4637 3052 4709 subjungit
3079 4657 3091 4691 :
3128 4655 3145 4688 ι
3177 4637 3379 4693 lnlixus
3398 4654 3517 4693 sum
3551 4639 3607 4694 in

336 4743 461 4797 μου.
506 4747 525 4780 ›
576 4724 712 4787 Εἶτα
742 4729 1017 4799 ἐπιλέγει’
1051 4750 1069 4783 ‹
1118 4732 1423 4804 Ἑνεπάγην
1456 4737 1534 4799 είς
1562 4734 1695 4806 ὓλην
1732 4736 1916 4807 βυθοῦ,

334 4817 430 4871 καὶ
455 4819 555 4873 οὐκ
598 4818 746 4874 ἔστιν
777 4820 1075 4884 ὑπόστασις
1100 4838 1114 4852 ο
1151 4841 1170 4873 ι
1200 4823 1343 4876 κατά
1379 4823 1436 4876 δὲ
1464 4824 1553 4877 τὸν
1579 4825 1874 4897 Σύμμαχον
1901 4843 1914 4855 ·

338 4929 358 4962 ι
408 4910 777 4985 Ἐὀαπτίσθην
819 4916 900 4978 είς
946 4916 1285 4988 ἀπεράντους
1314 4918 1657 4984 καταδύσεις,
1686 4922 1782 4974 καὶ
1819 4922 1921 4975 οὐκ

334 5002 451 5056 ἔστι
476 5004 737 5069 στάσιςμ
772 5007 1084 5078 ἡρμήνευσε
1107 5026 1120 5039 ο
1154 5009 1359 5081 σφόδρα
1390 5009 1717 5074 ἀκολούθως.
1753 5012 1924 5069 Ἔνθα

330 5092 442 5165 γάρ
466 5095 567 5149 οὐκ
587 5092 870 5167 ῆνοστάσις
895 5098 1121 5171 ἑτέροις,
1151 5099 1238 5153 διά
1262 5100 1324 5154 τὸ
1350 5100 1554 5163 πάντας
1584 5100 1711 5159 τοὺς
1733 5101 1920 5155 αὐτόθι

334 5186 697 5253 κατελθόντας
747 5189 947 5262 ὀλίσθῳ
993 5195 1311 5264 περιπεσεῖν
1362 5194 1455 5246 καὶ
1513 5192 1918 5265 κατασύρεσθαι

334 5277 445 5334 ὑπὸ
484 5278 595 5333 τῶν
627 5280 721 5334 τοῦ
754 5279 987 5335 θανάτου
1033 5284 1341 5353 ῥευμάτων,
1371 5283 1603 5338 ἐνταῦθα
1633 5285 1727 5339 καὶ
1754 5266 1920 5349 αὐτὸς

329 5365 529 5441 ἦλθον,
548 5372 784 5442 ὁπηνίκα
814 5375 893 5437 εἰς
925 5373 995 5427 τά
1034 5374 1173 5445 βάθη
1199 5376 1301 5445 τῆς
1342 5375 1617 5448 θαλάσσης
1651 5374 1882 5447 ἐλήλυθα
1901 5394 1915 5407 ·

336 5462 393 5532 ῆ,
425 5462 567 5519 κατὰ
592 5464 680 5519 τὸν
715 5464 1029 5537 Σύμμαχον,
1059 5486 1077 5518 ι
1111 5466 1372 5539 Εἰσῆλθον
1400 5470 1480 5533 είς
1518 5468 1587 5523 τά
1630 5467 1769 5540 βάθη
1812 5468 1921 5523 τῶν

333 5555 565 5617 ύδάτων,
612 5558 706 5615 καὶ
739 5558 951 5630 ῥεῖθρον
994 5560 1261 5615 ἐπέκλυσε
1297 5579 1383 5633 με.
1425 5582 1442 5614 ι
1480 5562 1593 5615 Καὶ
1634 5561 1703 5615 τά
1744 5578 1923 5633 παρα-

334 5648 543 5719 πλήσια
575 5649 632 5703 δέ
683 5650 893 5717 τούτοις
925 5653 1019 5707 καὶ
1057 5654 1241 5718 Ἰωνᾶς
1288 5656 1317 5708 6
1358 5656 1645 5728 προφήτης
1680 5654 1787 5709 ἀπὸ
1820 5654 1921 5725 τῆς

409 5807 455 5836 ⁷⁸
492 5806 635 5864 Psal.
675 5825 844 5874 LXHI,
879 5810 933 5874 5,
976 5810 1029 5865 6.
1120 5813 1164 5843 ⁷⁷
1208 5812 1336 5868 ibid.
1381 5812 1464 5866 12.

335 5876 381 5907 ⁸⁸
416 5875 519 5934 Job
559 5895 618 5946 ιι,
661 5883 713 5937 ti.
787 5883 833 5915 "
871 5879 1030 5938 loan.
1066 5899 1120 5953 x,
1159 5883 1220 5945 l8
1318 5884 1367 5917 ⁸⁸
1403 5882 1536 5942 ibid.
1583 5884 1669 5941 15.

2025 4733 2154 4787 limo
2170 4732 2448 4805 profundi,
2482 4743 2690 4788 etnon.
2723 4743 2807 4787 est
2854 4730 3199 4797 substantia;
3241 4750 3259 4782 ι
3303 4730 3603 4787 secundum

2027 4821 2415 4898 Symmachum
2432 4837 2592 4878 vero:
2621 4841 2637 4874 ι
2658 4820 2954 4877 lmmersus
2971 4837 3091 4877 sum
3111 4820 3167 4875 in
3187 4820 3428 4876 infinitas
3450 4836 3604 4875 vora-

2026 4917 2198 4987 gines,
2239 4922 2293 4970 et
2325 4929 2434 4969 non
2465 4920 2548 4969 est
2601 4921 2801 4977 status,
2852 4931 2870 4964 ι
2917 4910 3260 4982 explicatur;
3300 4918 3354 4967 et
3382 4911 3605 4982 quidem

2025 5025 2056 5064 c
2090 5024 2149 5063 re
2177 5005 2493 5063 admodum.
2522 5002 2657 5058 Nam
2690 5004 2781 5058 ubi
2821 5003 3005 5058 nullus
3049 5002 3229 5057 standi
3257 5002 3452 5059 modus
3483 5003 3607 5058 aliis

2026 5108 2164 5164 erat,
2205 5099 2335 5168 quia
2360 5104 2629 5167 quotquot
2654 5111 2720 5150 eo
2755 5094 3154 5150 descenderant
3200 5093 3257 5148 in
3309 5094 3605 5164 perniciem

2028 5192 2199 5255 ibant,
2226 5197 2279 5245 et
2325 5204 2357 5244 a
2391 5189 2650 5244 fluctibus
2686 5187 2879 5242 mortis
2917 5186 3363 5251 detrahebantur,
3415 5187 3606 5241 eodem

2028 5283 2236 5342 accessi
2281 5283 2501 5363 quando
2534 5281 2651 5337 veni
2706 5281 2760 5335 in
2814 5280 3157 5336 altitudinem
3214 5279 3423 5345 maris;
3456 5278 3602 5340 sive,

2028 5376 2333 5435 secundum
2370 5375 2782 5448 Symmachum,
2831 5392 2849 5425 ι
2886 5371 3173 5443 Ingressus
3206 5386 3325 5427 sum
3375 5370 3429 5425 in
3479 5385 3605 5439 pro-

2029 5472 2257 5526 fundum
2289 5486 2578 5541 aquarum,
2605 5478 2659 5526 et
2691 5468 2890 5524 ﬂuctus
2920 5466 3204 5523 inundavit
3228 5481 3329 5520 me.
3369 5483 3387 5516 ι
3424 5462 3489 5517 Ει
3519 5462 3604 5520 his

2028 5562 2228 5619 similia
2264 5560 2434 5618 Jonas
2475 5562 2737 5633 propheta
2761 5575 2790 5613 a
2818 5569 3008 5615 ventre
3035 5557 3141 5613 ceti
3185 5561 3439 5627 precatus
3468 5554 3605 5614 seri:

2029 5656 2211 5722 bitur;
2253 5655 2327 5709 ait
2357 5655 2521 5726 igitur
2552 5655 2681 5710 ille:
2730 5674 2747 5705 ι
2791 5649 3137 5708 Circumfusa
3170 5660 3253 5706 est
3296 5650 3429 5703 mihi
3463 5662 3604 5720 aqua

1576 5813 1622 5844 ⁷⁸
1662 5810 1791 5867 ibid.
1832 5810 1920 5864 2i.
2000 5812 2117 5845 7"”
2161 5814 2291 5869 ibid.
2331 5813 2418 5869 δέ.
2495 5810 2706 5866 “Psal.
2746 5811 3009 5875 cxxut,5.
3088 5811 3131 5843 "
3151 5807 3343 5866 Matth.
3377 5823 3474 5875 vlt,
3510 5805 3599 5867 35'.

1745 5884 1790 5919 ⁸⁵
1827 5880 1987 5939 Joan.
2040 5898 2138 5954 xu,
2178 5883 2269 5941 27.
2344 5885 2387 5917 "
2430 5881 2618 5940 Matth.
2662 5898 2809 5949 τινι,
2851 5882 2938 5939 58.
