4068 6532
493 375 595 427 ἼΞἸ

1175 371 1449 427 EUSEBH‘
1480 371 1958 426 CJESARIENSIS
1994 370 2146 427 OPP.
2201 370 2382 424 PARS
2423 369 2508 425 Ill.
2550 398 2619 408 -
2660 367 3071 425 EXEGETICA.
3626 369 3721 424 728

490 504 665 559 usque
695 490 762 544 ad
796 490 1031 544 animam
1080 504 1279 553 meam,
1329 490 1560 559 abyssus
1607 491 1796 543 ultima
1827 494 2060 545 circum—

2167 489 2367 552 κοιλίας
2394 488 2485 541 τοῦ
2512 490 2711 560 κήτους
2734 490 3144 561 ἀναγέγραπται
3171 488 3462 559 ηύγμένος.
3499 486 3658 554 Λέγει
3679 488 3721 540 δ’

487 582 637 637 dedit
666 598 771 637 me.
799 581 974 636 Subiit
1021 589 1185 651 caput
1231 598 1408 637 meum
1464 584 1530 638 ad
1577 583 1874 639 divisiones
1904 600 2060 637 mon-

489 675 645 738 tium,
684 674 938 729 descendi
969 673 1022 727 in
1054 681 1278 735 terram,
1321 674 1480 741 cujus
1519 685 1698 731 vectes
1731 686 1858 731 sunt
1890 678 2061 731 admi-

488 765 673 821 nicula
706 775 905 819 aeterna
928 764 992 817 ⁸⁸.
1048 783 1066 814 ι
1101 763 1443 835 Quapmpter
1480 769 1728 837 exemplo
1756 766 1905 823 Jonte
1934 784 2062 838 pro-

489 858 664 928 pheta:
695 872 828 911 usus
867 853 1125 910 Servator
1153 864 1237 911 est
1274 856 1339 910 ad
1374 872 1489 921 eos,
1522 860 1613 927 qui
1654 861 1867 930 signum
1910 861 1977 914 ab
2002 876 2062 915 se

489 947 762 1017 petebant,
798 946 1025 1000 dicens:
1086 964 1104 999 ι
1153 947 1444 1002 Generatio
1495 965 1661 1019 prava
1711 959 1763 1007 et
1816 951 2061 1006 adultera

487 1040 703 1109 signum
738 1038 953 1108 quaerit,
982 1047 1034 1093 et
1066 1039 1279 1109 signum
1330 1056 1440 1095 non
1472 1042 1691 1096 dabitur
1738 1044 1808 1105 ei,
1848 1045 1955 1099 nisi
1994 1046 2063 1099 si-

486 1146 653 1201 gnum
681 1127 832 1184 Jo'nze
865 1131 1160 1200 prophetae.
1201 1131 1353 1186 Sicut
1391 1134 1533 1188 enim
1583 1134 1683 1187 fuit
1735 1133 1901 1188 Jonas
1931 1151 2059 1205 pro-

488 1221 649 1292 pheta
674 1220 728 1273 iu
753 1229 940 1275 ventre
968 1224 1069 1275 ceti
1100 1223 1278 1279 tribus
1294 1223 1487 1278 diebus
1507 1237 1561 1278 et
1584 1226 1754 1280 tribus
1776 1226 2029 1280 noctibus
2044 1264 2059 1290 ,

488 1312 569 1367 sic
595 1312 699 1366 erit
723 1320 774 1366 et
805 1312 975 1368 Filius
1005 1314 1241 1370 hominis
1274 1315 1326 1369 in
1359 1317 1523 1371 corde
1550 1324 1708 1371 terra:
1742 1317 1918 1373 tribus
1948 1319 2063 1373 die-

489 1404 592 1470 bus
622 1415 675 1460 et
702 1406 879 1461 tribus
909 1407 1164 1462 noctibus
1181 1408 1246 1462 ".
1282 1428 1300 1459 ι
1334 1409 1442 1463 Cor
1467 1416 1627 1463 terra:
1646 1418 1802 1465 vorat
1833 1412 1885 1465 id
1918 1411 2061 1481 quod

489 1496 578 1551 hic
609 1497 813 1552 dicitur
841 1498 1170 1568 profundum
1203 1501 1393 1564 maris,
1430 1500 1627 1556 inferni
1658 1503 1775 1555 loca
1812 1504 2062 1557 subindi-

487 1605 640 1646 cans.
672 1589 1036 1657 Quamobrem
1068 1592 1122 1647 in
1164 1590 1267 1647 Job
1296 1608 1515 1663 quoque
1561 1594 1781 1647 oracula
1831 1594 2063 1650 fundens

487 1682 607 1755 ipse
650 1681 913 1737 Dominus
946 1682 1146 1738 similia
1196 1682 1494 1739 declaravit
1525 1686 1757 1741 dicens:
1796 1706 1813 1736 ι
1857 1685 2062 1741 Venisti

487 1780 670 1829 autem
706 1774 771 1827 ad
825 1774 1028 1829 fontem
1072 1776 1260 1840 maris,
1312 1776 1367 1830 in
1418 1778 1665 1848 vestigiis
1699 1793 1827 1832 vero
1877 1780 2060 1850 abyssi

487 1863 875 1920 deambulasti.
906 1865 1245 1936 Aperiantur
1283 1866 1380 1921 tibi
1412 1868 1606 1922 timore
1635 1875 1805 1937 portae
1831 1870 2023 1924 mortis
2049 1887 2061 1923 :

487 1960 698 2021 ostiarii
725 1961 925 2016 inferni
956 1961 1205 2017 videntes
1236 1969 1290 2017 te
1319 1963 1601 2018 conterriti
1624 1971 1755 2018 sunt
1777 1966 1842 2018 9°.
1888 1984 1905 2016 ι

2160 579 2252 635 οὖν
2276 583 2367 636 καὶ
2391 582 2551 644 αὑτός
2570 598 2583 611 ο
2614 598 2633 632 ι
2665 579 2964 652 Περιεχύθη
2994 596 3081 650 μοι
3107 578 3248 650 ὕδωρ
3268 578 3371 640 ἓως
3396 577 3573 646 ψυχῆς
3604 592 3723 647 μου·

2161 675 2393 737 ἄϐυσσος
2422 673 2695 727 ἐκύκλωσὲ
2726 690 2791 743 με
2816 672 3039 743 ἐσχάτη.
3069 671 3251 741 Ἔδυή
3281 670 3491 739 κεφαλή
3524 686 3625 739 μου
3650 669 3727 733 είς

2164 767 2397 839 σχισμάς
2429 768 2619 839 ὀρέων,
2651 766 2882 837 κατέϐην
2909 768 2987 829 εἰς
3016 766 3138 835 γῆν,
3168 760 3235 836 ἧς
3266 766 3312 816 οἱ
3346 763 3530 834 μοχλοί
3562 764 3729 835 αὐτῆς

2163 861 2378 929 κάτοχοι
2437 857 2661 913 αἱώνιοι.
2707 876 2725 908 ι
2783 858 2982 927 Διόπερ
3037 855 3114 925 τῷ
3172 854 3573 925 παραδείγματι
3633 852 3728 906 τοῦ

2175 952 2327 1005 Ἰωνᾶ
2363 952 2626 1021 κέχρηται
2664 952 2691 1003 6
2726 949 2914 1019 Σωτὴρ
2946 948 3081 1018 πρὸς
3117 949 3243 1011 τοὺς
3276 948 3603 1017 αἰτήσαντας
3632 947 3730 999 αύ-

2160 1044 2252 1095 τὸν
2300 1046 2542 1113 σημεῖον,
2593 1041 2792 1095 εἰπών’
2828 1060 2845 1091 ι
2881 1028 3046 1093 Γενεὰ
3090 1039 3301 1110 πονηρά
3346 1038 3439 1091 καὶ
3486 1038 3732 1109 μοιχαλὶς

2163 1134 2385 1201 σημεῖον
2424 1131 2685 1201 ἐπιζητεῖ,
2722 1130 2814 1182 καὶ
2856 1132 3078 1201 σημεῖον
3106 1130 3165 1183 οὐ
3195 1128 3476 1199 δοθήσεται
3500 1129 3636 1198 αὐτῇ
3680 1128 3733 1181 εἰ

2165 1223 2239 1294 μὴ
2290 1224 2349 1277 τὸ
2396 1226 2618 1293 σημεῖον
2674 1224 2828 1277 Ἰωνᾶ
2882 1222 2975 1275 τοῦ
3025 1224 3325 1294 προφήτου.
3365 1223 3574 1292 ’Ὠσπερ
3624 1222 3734 1292 γὰρ

2162 1315 2378 1385 ἐγένετο
2418 1317 2597 1378 Ἰωνᾶς
2623 1318 2651 1369 6
2692 1317 2976 1386 προφήτης
3007 1317 3064 1368 ὲν
3094 1318 3159 1386 τῇ
3194 1314 3370 1385 κοιλίᾳ
3410 1314 3505 1366 τοῦ
3533 1315 3735 1384 κήτους

2160 1411 2311 1480 τρεῖς
2342 1409 2557 1479 ἡμέρας
2588 1410 2681 1461 καὶ
2717 1412 2865 1479 τρεῖς
2906 1408 3126 1472 νύκτας,
3162 1408 3332 1471 οὕτως
3376 1408 3526 1461 ἔσται
3574 1409 3669 1460 καὶ
3704 1409 3735 1458 ὁ

2164 1501 2292 1563 Υἱὸς
2322 1501 2415 1553 τοῦ
2444 1499 2728 1573 ἀνθρώπου
2754 1502 2811 1553 ἐν
2838 1503 2903 1571 τῇ
2935 1500 3131 1571 καρδίᾳ
3158 1501 3257 1571 τῆς
3296 1500 3399 1569 γῆς
3427 1502 3575 1571 τρεῖς
3603 1499 3726 1569 ἠμέ-

2168 1611 2266 1665 ρας
2303 1595 2396 1647 καὶ
2419 1597 2567 1667 τρεῖς
2608 1593 2825 1656 νύκτας.
2866 1613 2884 1644 ι
2923 1592 3164 1663 Καρδίαν
3188 1592 3244 1645 δὲ
3270 1592 3372 1664 γῆς
3396 1592 3466 1645 τὰ
3504 1591 3739 1645 ἐνταῦθα

2163 1686 2426 1756 λεγόμενα
2459 1686 2598 1756 βάθη
2628 1685 2904 1754 θαλάσσης
2942 1684 3218 1754 ὀνομάζει,
3248 1684 3317 1737 τὰ
3345 1684 3441 1739 τοῦ
3473 1684 3601 1755 ᾅδου
3633 1704 3739 1755 χω-

2166 1778 2257 1849 ρία
2293 1776 2681 1847 αἰνιττόμενος.
2711 1776 2800 1827 Διὸ
2834 1774 2927 1828 καὶ
2964 1778 3022 1828 ὲν
3052 1774 3132 1845 τῷ
3175 1773 3296 1828 Ἰὼϐ
3327 1776 3685 1849 χρηματίζων
3711 1778 3743 1831 ὁ

2171 1868 2334 1932 αὐτὸς
2364 1867 2565 1940 Κύριος
2596 1869 2666 1921 τὰ
2701 1868 2861 1938 ὃμοια
2895 1868 3133 1940 παρίστη
3162 1866 3333 1935 λέγων
3352 1884 3365 1896 ο
3408 1887 3425 1918 ι
3451 1864 3654 1933 Ἧλθες
3684 1869 3742 1922 δὲ

2175 1965 2267 2017 ἐπὶ
2296 1963 2477 2034 πηγὴν
2502 1963 2793 2033 θαλάσσης,
2822 1963 2878 2016 ὲν
2903 1962 2960 2015 δὲ
2987 1962 3185 2033 ἴχνεσιν
3214 1960 3449 2015 ἀϐύσσου
3478 1962 3744 2033 περιεπά-

486 2071 679 2126 τησας.
707 2055 1033 2124 Ἀνοίγονται
1063 2056 1121 2111 δέ
1154 2073 1237 2109 σοι
1274 2056 1418 2128 φόϐῳ
1449 2056 1613 2110 πύλαι
1640 2058 1889 2123 θανάτου,
1929 2058 2167 2130 πυλωροί
2199 2058 2323 2130 ᾇδου
2349 2057 2544 2119 ἰδόντες
2570 2072 2627 2107 σε
2662 2054 2953 2125 ἔπτηξαν.»

564 2169 724 2228 Vides
759 2180 936 2227 autem
971 2174 1246 2244 quomodo
1293 2174 1382 2228 hic
1436 2191 1654 2248 quoque
1686 2192 1811 2231 cum
1858 2177 2061 2233 fontem
2097 2187 2137 2241 Β

489 2263 658 2319 maris
713 2264 1081 2329 nominasset,
1136 2272 1191 2320 et
1250 2265 1580 2335 adiecisset,
1636 2286 1655 2318 ‹
1713 2268 1769 2322 ln
1819 2268 2060 2338 vestigiis

490 2353 674 2424 abyssi
704 2355 1014 2422 ambulasti,
1053 2375 1071 2409 υ
1107 2356 1347 2411 declaret
1379 2359 1508 2427 quid
1538 2360 1609 2414 sit
1643 2359 1895 2430 abyssus,
1930 2360 2060 2429 quid

488 2458 659 2506 mare,
691 2443 1027 2512 subjiciens:
1076 2464 1094 2497 ι
1138 2444 1470 2514 Aperiantur
1501 2455 1680 2501 autem
1737 2448 1835 2507 tibi
1867 2450 2062 2503 timore

490 2543 660 2608 portae
692 2536 903 2598 mortis,
933 2535 1143 2603 ostiarii
1177 2551 1307 2591 vero
1348 2536 1544 2591 inferni
1577 2537 1820 2595 videntes
1852 2546 1904 2594 te
1933 2555 2062 2593 con-

491 2628 669 2691 territi
700 2636 848 2685 sunt.
892 2648 909 2680 ι
971 2627 1070 2682 Hic
1106 2628 1274 2699 igitur
1303 2628 1465 2684 etiam
1515 2630 1845 2700 profundum
1896 2632 2061 2686 maris

492 2723 686 2780 mortis
718 2722 968 2792 regiones
1000 2721 1309 2784 adumbrat,
1355 2737 1465 2791 quo
1500 2722 1840 2779 descendens
1872 2722 2059 2777 Salva-

490 2824 577 2868 tor
614 2820 677 2868 ett
720 2811 981 2868 Dominus
1034 2819 1243 2874 noster,
1283 2812 1436 2868 solus
1469 2814 1594 2869 inde
1642 2830 1926 2885 regressus
1956 2825 2058 2870 est.

489 2904 669 2972 Quare
718 2906 774 2959 in
823 2905 1148 2976 prmeedenti
1198 2920 1417 2977 quoque
1472 2909 1685 2980 psalmo
1728 2908 2056 2964 dicebatur:

494 3017 512 3048 ι
548 2996 615 3050 Et
643 2995 854 3059 Domini
886 2998 1097 3053 Domini
1129 3001 1310 3055 exitus
1334 3001 1525 3057 mortis
1549 3002 1629 3068 ";
1666 3020 1683 3053 ι
1714 3016 1778 3055 ac
1807 3016 2058 3057 rursum:

495 3108 513 3140 ι
553 3088 699 3144 Dixit
728 3088 988 3147 Dominus
1021 3110 1033 3145 :
1061 3090 1143 3145 Ex
1173 3091 1350 3147 Basan
1376 3101 1711 3160 convertam,
1747 3100 2059 3148 convertam

486 3196 552 3236 ex
600 3180 868 3252 profundo
898 3185 1066 3237 maris
1089 3185 1156 3238 ".
1196 3204 1214 3236 ι
1263 3184 1367 3239 Pro
1395 3186 1487 3239 illo
1513 3193 1713 3251 autem,
1759 3204 1777 3236 ι
1832 3187 1898 3239 Et
1935 3194 2065 3239 tem-

490 3281 671 3343 pestas
721 3272 980 3329 demersit
1031 3291 1136 3341 me,
1201 3296 1219 3328 ι
1274 3276 1489 3347 Aquila,
1548 3294 1566 3329 ι
1623 3276 1689 3329 Et
1737 3276 2061 3347 profluvium

492 3366 773 3421 inundavit
802 3383 918 3434 me;
944 3388 961 3418 ι
986 3367 1346 3440 Symmachus
1366 3386 1516 3434 vero,
1551 3388 1568 3421 (
1592 3370 1655 3424 Et
1684 3374 1880 3424 ﬂuctus
1906 3370 2063 3423 inun-

489 3458 637 3514 davit
686 3474 792 3524 me,
846 3478 864 3513 ι
909 3461 1249 3532 interpretati
1285 3470 1435 3519 sunt.
1476 3461 1611 3517 Nam
1657 3463 1950 3517 verisimile
1979 3471 2062 3517 est

2248 2178 2407 2248 Ὁρᾷς
2434 2176 2541 2246 γὰρ
2586 2176 2733 2239 ὃπως
2773 2176 2868 2228 καὶ
2901 2176 2957 2228 ἐν
2995 2174 3203 2239 τούτοις
3247 2173 3428 2246 πηγὴν
3465 2173 3743 2244 θαλασσης

2164 2267 2459 2338 ὀνομάσας,
2491 2267 2583 2320 καὶ
2615 2266 2869 2339 προσθεὶς
2895 2268 2977 2328 τὸ,
3011 2286 3030 2318 ι
3081 2267 3169 2319 Ἐν
3195 2266 3253 2319 δὲ
3282 2266 3479 2337 ἴχνεσιν
3504 2265 3742 2318 ἀϐύσσου

2165 2358 2591 2429 περιεπάτησας,
2630 2377 2647 2409 ι
2682 2357 2777 2429 τὴν
2811 2358 3044 2413 ἄϐυσσον
3079 2359 3171 2411 καὶ
3198 2358 3295 2429 τὴν
3325 2356 3599 2410 θάλασσαν
3623 2357 3744 2411 τίνα

2163 2451 2279 2503 ἐστί
2325 2449 2582 2518 διασαφεῖ
2617 2449 2882 2519 ἐπιλέγων
2907 2465 2921 2479 ·
2960 2468 2978 2501 ι
3022 2449 3351 2517 Ἀνοίγονται
3391 2448 3447 2501 δέ
3476 2466 3558 2502 σοι
3594 2449 3745 2519 φόϐῳ

2164 2541 2324 2595 πύλαι
2350 2541 2600 2603 θανάτου,
2630 2540 2867 2612 πυλωροὶ
2890 2541 2944 2594 δὲ
2976 2541 3100 2612 ᾇδου
3131 2541 3327 2605 ἰδόντες
3358 2558 3416 2594 σε
3444 2540 3736 2611 ἔπτηξαν.»

2163 2629 2372 2684 Οὐκοῦν
2402 2630 2494 2683 καὶ
2526 2631 2583 2682 ὲν
2610 2632 2723 2694 τοῖς
2754 2629 3135 2702 προκειμένοις
3159 2630 3226 2683 τὰ
3250 2629 3388 2700 βάθη
3418 2631 3513 2699 τῆς
3543 2629 3746 2683 θαλάσσ-

2166 2738 2264 2792 σης
2305 2721 2374 2775 τὰ
2413 2720 2506 2774 τοῦ
2555 2720 2786 2775 θανάτου
2830 2720 3004 2793 χωρία
3046 2720 3360 2783 αἰνίττεται,
3408 2720 3535 2774 ἔνθα
3586 2721 3746 2791 μόνος

2165 2812 2409 2876 καταϐὰς
2434 2814 2462 2865 6
2486 2811 2674 2883 Σωτὴρ
2703 2812 2797 2866 καὶ
2822 2812 3025 2884 Κύριος
3045 2811 3201 2882 ήμῶν
3227 2811 3523 2881 διεξῆλθεν.
3560 2813 3652 2865 Διὸ
3688 2814 3746 2865 ὲν

2162 2903 2238 2975 τῷ
2287 2903 2393 2975 πρὸ
2430 2902 2618 2956 τούτου
2657 2901 2857 2973 ψαλμῷ
2905 2901 3125 2970 ἐλέγετο
3148 2918 3161 2931 ’
3196 2919 3215 2952 ι
3255 2901 3363 2954 Καὶ
3396 2900 3488 2954 τοῦ
3534 2900 3745 2971 Κυρίου

2164 2994 2367 3067 Κυρίου
2397 2996 2449 3047 αἱ
2481 2993 2699 3057 διέξοδοι
2732 2991 2824 3045 τοῦ
2859 2991 3086 3047 θανάτου
3113 3009 3126 3022 ο
3165 3010 3184 3043 ι
3212 2993 3303 3046 καὶ
3329 2992 3523 3045 πάλινθ
3563 3011 3582 3043 ι
3608 2988 3746 3044 Εἷπε

2163 3085 2385 3159 Κύριοςο
2404 3087 2497 3139 Ἐκ
2512 3085 2691 3139 Βασάν
2708 3084 3039 3157 ἐπιστρέψω.
3059 3085 3369 3156 ἐπιστρέψω
3385 3087 3446 3138 ὲκ
3466 3085 3639 3156 βυθῶν
3659 3084 3750 3138 θα-

2162 3179 2417 3252 λάσσης.»
2440 3179 2580 3233 Ἀντὶ
2612 3178 2668 3231 δὲ
2709 3178 2801 3232 τοῦ
2822 3195 2836 3208 °
2889 3197 2907 3229 ι
2958 3178 3068 3231 Kai.
3107 3180 3357 3246 καταιγίς
3390 3178 3747 3231 κατεπόντισέ

2168 3291 2253 3343 με,
2285 3292 2302 3325 ι
2336 3275 2363 3325 6
2390 3272 2489 3344 μὲν
2505 3271 2751 3334 Ἀκύλας,
2785 3291 2803 3322 ι
2835 3272 2944 3325 Καὶ
2976 3271 3102 3342 ρούς
3136 3272 3396 3324 ἐπέκλυσέ
3427 3288 3492 3341 με
3521 3286 3531 3295 '
3573 3290 3591 3322 ι
3631 3273 3661 3323 6
3690 3270 3749 3322 δὲ

2166 3365 2477 3435 Σύμμαχος,
2516 3383 2533 3415 ι
2562 3364 2671 3416 Καὶ
2700 3362 2911 3434 ῥεῖθρον
2933 3363 3195 3416 ὲπέκλυσέ
3221 3381 3341 3433 με,›
3380 3366 3745 3433 ἡρμήνευσεν.

2168 3458 2324 3521 Εἰκὸς
2371 3457 2479 3529 γὰρ
2527 3457 2654 3527 περί
2701 3455 2862 3509 αὑτὸν
2894 3455 3175 3525 γεγονέναι
3227 3456 3324 3520 τὰς
3363 3455 3749 3527 ἀντικειμένας

494 3550 837 3609 adversarias
884 3562 1184 3623 potestates
1246 3554 1299 3609 in
1359 3555 1592 3609 circuitu
1642 3556 1759 3624 ejus
1828 3555 2063 3617 stetisse,

2171 3552 2443 3621 δυνάμεις,
2474 3552 2583 3614 ὅτε,
2614 3550 2805 3615 ἐπιϐὰς
2841 3553 2904 3621 τῇ
2941 3550 3206 3627 θαλάσσῃ,
3235 3551 3510 3623 συνέτριϐε
3540 3552 3640 3615 τὰς
3666 3570 3750 3605 κε-

491 3644 711 3713 quando
744 3644 1027 3716 ingressus
1061 3662 1208 3702 mare
1259 3647 1524 3718 confregit
1555 3650 1731 3718 capita
1763 3648 2060 3703 draconum

493 3730 546 3783 in
581 3746 743 3801 aqua.
778 3732 1042 3798 Quocirca
1075 3735 1129 3791 in
1162 3737 1483 3807 prmeedenti
1509 3740 1717 3808 psalmo
1744 3740 2059 3794 dicebatur:

494 3842 516 3874 c
561 3821 628 3876 Et
663 3823 876 3880 Domini
929 3825 1143 3882 Domini
1181 3830 1359 3885 exitus
1410 3832 1622 3886 mortis.
1683 3831 2061 3886 Verumtamen

493 3911 632 3968 Deus
660 3914 965 3986 confringet
994 3918 1168 3986 capita
1191 3918 1536 3972 inimicorum
1562 3921 1864 3975 suorum”.
1899 3941 1916 3972 ι
1944 3919 2062 3975 Νοη

488 4006 633 4057 enim
670 4006 775 4059 alio
826 4008 986 4061 modo
1028 4010 1152 4063 illos
1190 4012 1380 4067 mortis
1421 4012 1601 4066 exitus
1653 4013 2059 4082 pertransissct,

493 4095 597 4153 nisi
633 4097 993 4167 confregisset
1043 4100 1221 4169 capita
1275 4101 1620 4156 inimicorum
1674 4119 1917 4165 suorum,
1970 4104 2062 4172 qui

494 4190 615 4242 istic
646 4186 823 4243 erant.
866 4188 1021 4255 Quod
1071 4191 1115 4244 si
1148 4192 1271 4260 quis
1302 4192 1415 4246 hare
1443 4209 1508 4247 eo
1553 4194 1758 4248 dixisse
1810 4192 2062 4247 Davidcm

494 4289 667 4351 putet,
697 4282 840 4351 quod
872 4282 989 4352 ipse
1021 4284 1074 4336 in
1104 4286 1302 4341 nuiltas
1332 4288 1661 4342 tentationes
1689 4287 1941 4341 inciderit
1967 4328 1981 4350 ,
2017 4287 2062 4341 is

495 4374 795 4447 perpendat
819 4375 1092 4445 quomodo
1130 4378 1344 4446 possint
1392 4380 1581 4433 isthazc
1614 4379 1801 4433 Davidi
1845 4395 2064 4449 compe-

494 4476 646 4523 tere:
684 4486 701 4519 ι
736 4466 1011 4522 Dcderunt
1038 4469 1090 4522 in
1113 4485 1300 4524 escam
1332 4488 1505 4525 meam
1539 4470 1630 4535 fel,
1662 4479 1715 4525 et
1746 4472 1799 4523 in
1832 4470 1920 4524 siti
1946 4486 2064 4525 mea

494 4567 817 4630 potaverunt
866 4575 951 4615 me
1002 4569 1196 4629 aceto;
1238 4580 1255 4613 ι
1316 4572 1407 4616 aut
1431 4563 1603 4629 illud,
1652 4583 1668 4614 ι
1707 4561 1825 4615 Fiat
1878 4579 2062 4617 mensa

490 4667 680 4707 eorum
711 4667 894 4707 coram
928 4654 1062 4723 ipsis
1089 4654 1147 4707 in
1180 4654 1453 4724 laqueum,
1496 4656 1625 4719 etin
1675 4656 2063 4709 retributiones

489 4754 539 4800 et
572 4745 628 4800 in
659 4746 995 4802 scandalum.
1037 4746 1415 4803 Obscurentur
1460 4750 1602 4802 oculi
1638 4766 1826 4803 eorum
1878 4765 1946 4804 ne
1980 4750 2063 4802 vi»

489 4839 674 4901 deant,
706 4843 760 4891 et
788 4838 1011 4892 dorsum
1045 4853 1234 4892 eorum
1263 4854 1479 4909 semper
1509 4840 1756 4895 incurva.
1789 4861 1806 4892 ι
1839 4842 2066 4897 Czetera-

2174 3642 2347 3711 φαλὰς
2373 3642 2479 3695 τῶν
2506 3642 2813 3715 δρακόντων
2844 3643 2934 3695 ἐπὶ
2957 3642 3049 3695 τοῦ
3078 3642 3287 3707 ὓδατος.
3311 3643 3402 3695 Διὸ
3446 3644 3538 3696 καί
3566 3647 3622 3696 ὲν
3668 3645 3746 3713 τῷ

2172 3734 2276 3806 πρὸ
2315 3735 2505 3787 τούτου
2540 3735 2757 3804 ἐλέγετο
2785 3736 2982 3807 ψαλμῴ
3010 3755 3022 3765 ·
3060 3754 3079 3787 ι
3112 3737 3221 3789 Καὶ
3253 3735 3345 3788 τοῦ
3385 3737 3591 3807 Κυρίου
3629 3738 3745 3789 Κυ-

2173 3828 2287 3899 ρίου
2318 3830 2373 3881 αἱ
2399 3828 2618 3892 διέξοδοι
2657 3829 2748 3882 τοῦ
2776 3829 3022 3883 θανάτου.
3050 3828 3198 3899 Πλὴν
3223 3829 3251 3880 6
3290 3828 3420 3891 Θεὸς
3462 3828 3747 3880 συνθλάσει

2172 3919 2410 3987 κεᾳαλὰς
2429 3919 2536 3971 τῶν
2560 3918 2767 3989 ἐχθρῶν
2792 3918 2977 3972 αὐτοῦ.
3030 3938 3051 3970 ›
3079 3920 3148 3971 0'1.
3179 3918 3286 3991 γάρ
3314 3917 3379 3971 ἂν
3407 3917 3579 3977 ἄλλως
3604 3918 3747 3984 διεξ-

2172 4010 2416 4081 εληλύθει
2458 4010 2555 4073 τὰς
2584 4010 2843 4077 διεξόδους
2882 4010 2974 4063 τοῦ
3014 4010 3297 4082 θανάτουῆ
3327 4008 3627 4072 συνθλάσας
3649 4010 3747 4073 τὰς

2172 4102 2408 4170 κεφαλὰς
2433 4102 2540 4154 τῶν
2567 4101 2751 4155 αὐτόθι
2784 4100 2992 4173 ἐχθρῶν
3022 4100 3208 4157 αὑτοῦ.
3246 4102 3370 4154 Ἐὰν
3392 4100 3447 4153 δέ
3469 4118 3552 4164 τις
3575 4099 3748 4153 ταῦτα

2172 4192 2367 4266 νομίζῃ
2402 4193 2577 4259 λέγειν
2604 4193 2693 4245 τὸν
2729 4192 2889 4247 Δαυῖδ
2923 4193 3011 4247 διὰ
3047 4193 3107 4245 τὸ
3149 4192 3362 4254 πολλοῖς
3394 4208 3746 4264 περιπεπτω-

2173 4289 2323 4341 κέναι
2368 4290 2711 4360 πειρασμοῖς,
2759 4285 3105 4358 ἐπιστησάτω
3145 4285 3261 4347 πῶς
3297 4280 3405 4336 οἷόν
3452 4301 3509 4335 τε
3555 4280 3623 4354 ἦν
3669 4283 3747 4352 τῷ

2172 4381 2331 4434 Δαυῒδ
2366 4380 2625 4452 ἁρμόζειν
2659 4380 2718 4433 τὸ
2747 4379 2957 4447 λέγειν·
3003 4400 3019 4430 ι
3058 4378 3305 4431 Ἐδωκαν
3341 4380 3417 4441 εἰς
3460 4377 3519 4429 τὸ
3552 4376 3748 4447 βρῶμά

2176 4494 2276 4546 μου
2306 4474 2488 4545 χολὴν,
2518 4472 2609 4526 καὶ
2635 4474 2713 4535 εἰς
2736 4472 2833 4543 τὴν
2855 4471 3011 4540 δίψαν
3043 4487 3143 4542 μου
3173 4470 3426 4523 ὲπότισάν
3463 4486 3528 4539 με
3556 4469 3742 4534 ὅξος-ι

2172 4562 2312 4634 ἢτὸ,
2352 4581 2369 4613 ι
2406 4560 2692 4631 Γενηθήτω
2726 4562 2757 4629 ἡ
2806 4558 3051 4630 τράπεζα
3081 4558 3260 4611 αὐτῶν
3297 4557 3525 4610 ἐνώπιον
3567 4558 3748 4611 αὐτῶν

2173 4660 2251 4718 εἰς
2276 4655 2475 4724 παγίδα
2516 4655 2608 4707 καὶ
2637 4656 2717 4717 εἰς
2744 4653 3123 4717 ἀνταποδόσεις
3172 4651 3265 4704 καὶ
3305 4652 3383 4713 εἰς
3428 4649 3747 4708 σκάνδαλον,

2174 4747 2621 4817 Σκοτισθήτωσαν
2661 4748 2708 4799 οἰ
2738 4744 3004 4816 ὀφθαλμοὶ
3036 4744 3215 4798 αὐτῶν
3249 4743 3341 4796 τοῦ
3382 4743 3455 4813 μὴ
3506 4743 3745 4812 βλέπειν.

2174 4840 2267 4893 καὶ
2303 4840 2393 4891 τὸν
2426 4840 2593 4891 νῶτον
2624 4838 2800 4891 αὐτῶν
2838 4838 2923 4891 διὰ
2963 4839 3163 4901 παντὸς
3198 4836 3539 4907 σύγκαμψον.
3582 4855 3600 4886 ι
3639 4836 3749 4888 Καὶ

488 4946 596 4999 que
624 4929 711 4983 his
740 4929 938 4984 similia
967 4928 1013 4985 si
1042 4930 1168 5000 quis
1205 4930 1310 4985 sibi
1341 4932 1643 5000 collegerit,
1679 4932 1898 4987 Davidis
1936 4950 2063 5002 per-

2167 4932 2235 4984 τὰ
2292 4931 2453 4984 λοιπὰ
2516 4931 2573 4983 δὲ
2627 4932 2834 4993 τούτοις
2881 4931 3238 5002 παραπλήσια
3292 4926 3615 4997 συναγαγών
3663 4946 3746 4991 τις

490 5034 640 5075 εοηω
670 5020 984 5075 nullatenus
1020 5037 1321 5091 congruere
1362 5024 1748 5091 deprehendet.
1790 5024 2063 5093 Interpre-

490 5111 685 5165 tationi
717 5125 895 5166 autem
933 5114 1007 5167 illi
1058 5114 1124 5167 de
1156 5112 1445 5169 Servatore
1495 5127 1682 5171 nostro
1720 5117 2065 5171 evidentibus

490 5204 823 5273 argumentis
855 5202 1013 5259 fidem
1047 5206 1303 5259 conciliat
1334 5220 1615 5259 sacrorum
1652 5204 2063 5275 Evangeliorum

492 5295 884 5356 testimonium.
916 5312 1037 5350 cum
1068 5299 1135 5350 ab
1168 5298 1329 5351 allato
1364 5297 1516 5351 Jonaa
1548 5300 1818 5367 exemplo,
1856 5308 1969 5352 tum
1998 5316 2060 5353 ex

492 5388 655 5458 hujus
698 5388 891 5459 psalmi
938 5389 1105 5452 dicto,
1160 5407 1179 5439 ι
1218 5387 1487 5454 Quoniam
1519 5389 1674 5443 zelus
1720 5390 1913 5444 domus
1962 5400 2065 5443 tuae

495 5482 731 5537 comedit
771 5498 879 5545 me,
921 5502 939 5534 ι
967 5483 1111 5552 quod
1142 5483 1195 5535 in
1237 5481 1527 5552 Evangelio
1568 5483 1866 5537 secundum
1900 5482 2065 5537 Joan-

496 5586 642 5636 nem,
688 5574 979 5644 ipsissimis
1016 5574 1195 5628 verbis
1249 5574 1527 5642 impletum
1570 5574 1918 5638 declaratur,
1974 5576 2064 5630 ubi

563 5728 777 5782 "Joan.
824 5747 880 5789 ll,
923 5730 973 5791 6,
1020 5730 1065 5781 7.

496 5799 543 5849 ιι
576 5800 709 5865 iam.
749 5800 836 5859 τε.

1168 5729 1411 5783 "Matth.
1451 5746 1548 5795 xu,
1587 5731 1677 5795 39,
1720 5730 1807 5784 Δίθ.

1908 5728 2075 5789 ’°J:>b
2115 5749 2321 5788 χχιι-ιιι
2347 5774 2359 5793 ,
2402 5733 2480 5800 l6,
2515 5733 2597 5788 i7.

2169 5024 2366 5093 ἐαυτῷ,
2398 5023 2547 5093 εὖροι
2580 5024 2645 5076 ἂν
2686 5022 2937 5095 οὐδαμῶς
2974 5023 3283 5094 ἁρμόζοντα
3324 5022 3402 5092 τῷ
3443 5020 3538 5073 τοῦ
3589 5020 3748 5074 Δαυῒδ

2170 5116 2464 5187 προσώπῳ.
2503 5114 2613 5185 Τὴν
2644 5114 2700 5167 δέ
2740 5132 2802 5182 γε
2835 5115 2927 5167 ἐπὶ
2972 5115 3060 5167 τὸν
3100 5114 3368 5185 ἡμέτερον
3399 5114 3629 5185 Σωτῆρα
3661 5114 3749 5184 ἐρ-

2172 5207 2397 5277 μηνείαν
2427 5204 2755 5258 πιστώσεται
2790 5207 3077 5276 σφραγῖσιν
3110 5205 3530 5275 ἀναμφιλέκτοις
3566 5208 3598 5273 ἡ
3641 5204 3745 5256 τῶν

2171 5298 2329 5371 ἱερῶν
2359 5297 2702 5367 Εὑαγγελίων
2740 5298 3036 5369 μαρτυρία,
3064 5298 3170 5350 ἀπό
3197 5315 3253 5349 τε
3282 5296 3373 5350 τοῦ
3413 5296 3747 5367 παρατεθέν-

2171 5410 2259 5455 τος
2293 5391 2384 5444 τοῦ
2430 5393 2583 5444 Ἰωνᾶ
2625 5390 3083 5461 παραδείγματος,
3114 5390 3207 5444 καὶ
3237 5390 3341 5443 ἀπὸ
3374 5388 3466 5441 τοῦ
3496 5387 3746 5456 λέγεσθαι

2174 5486 2229 5535 ἐν
2270 5486 2380 5546 τοῖς
2415 5483 2812 5553 προκειμένοις,
2850 5502 2865 5532 ι
2902 5484 3018 5531 Ὅτι
3054 5484 3082 5534 6
3118 5482 3275 5551 ζῆλος
3322 5480 3414 5533 τοῦ
3454 5479 3601 5533 οἴκου
3655 5495 3744 5531 σου

2175 5577 2451 5646 κατέφαγε
2500 5592 2598 5647 με*
2638 5597 2653 5626 ι
2710 5577 2845 5647 ὅπερ
2885 5574 3156 5641 αὑτολεξεὶ
3208 5573 3624 5645 μεμαρτύρηται
3670 5574 3745 5634 εἰς

2696 5736 2735 5764 ⁹¹
2781 5732 2922 5788 Psal.
2970 5748 3135 5795 ωιτη,
3177 5732 3265 5784 9.1.
3380 5733 3422 5760 9’
3466 5729 3616 5790 ibid.,
3658 5727 3740 5779 Ξῖ).
