4068 6528
376 369 481 422 7'29

1501 377 2003 433 COMMENTARIA
2045 380 2110 435 IN
2154 379 2487 436 PSALMOS.
3508 386 3610 441 τεο

372 487 536 540 αὑτὸν
582 488 1006 563 πεπληρωμένον
1047 493 1103 545 ἐν
1137 494 1213 565 τῷ
1245 494 1384 548 κατά
1418 496 1668 567 Ἰωάννην
1708 499 1923 566 Εύαγγεη

2048 500 2248 555 dicitur
2284 521 2297 554 :
2340 520 2358 552 ι
2416 500 2482 553 Et
2519 499 2762 555 ascendit
2790 500 2951 555 Jesus
2995 499 3406 572 Jerosolymam,
3440 509 3493 555 et
3522 503 3610 557 in-

371 578 491 649 λίῳ,
516 581 574 633 ἐν
605 574 649 649 ᾧ
672 582 1009 654 γέγραπται·
1048 604 1064 636 ι
1099 586 1208 638 Καὶ
1238 586 1404 657 ἀνέϐη
1433 590 1461 640 6
1502 589 1707 659 Ἰησοῦς
1732 592 1811 652 είς
1848 591 1943 642 Ἰε-

377 671 666 742 ροσόλυμα,
701 674 794 726 καὶ
822 668 978 746 εὗρεν
1008 677 1063 728 ἐν
1091 676 1167 746 τῷ
1203 678 1331 748 ἱερῷ
1362 679 1602 749 πρόϐατα
1632 680 1942 746 πωλοῦντας

371 763 464 817 καὶ
499 761 626 833 βόας
668 765 760 817 καὶ
799 768 1145 837 περιστεράς.
1184 788 1201 819 ι
1252 766 1363 821 Εἶθ’
1395 769 1469 833 ώς
1512 770 1676 840 ήλασε
1722 772 1941 835 τούτους

372 854 571 908 είπών·
606 874 625 906 ι
664 856 865 925 Ἀρατε
888 858 1057 911 ταῦτα
1103 860 1371 925 ἐντεῦθεν,
1406 862 1480 931 μὴ
1514 866 1714 915 ποιεῖτε
1748 863 1838 916 τὸν
1867 860 1943 916 οἷ-

371 964 465 1001 κον
502 946 597 1000 τοῦ
641 948 855 1019 Πατρός
907 966 1007 1020 μου
1051 947 1196 1005 οἷκον
1234 953 1517 1024 ἐμπορίου,
1558 973 1576 1005 ι
1625 954 1869 1023 ἐπιλέγει
1914 957 1943 1008 6

370 1041 794 1115 εὐαγγέλια-της*
850 1064 868 1096 ι
919 1045 1299 1117 Ἐμνήσθησαν
1352 1048 1401 1099 οἱ
1460 1047 1699 1117 μαθηταὶ
1755 1049 1937 1115 αὐτοῦ,

369 1133 449 1186 ὅτι
482 1138 864 1208 γεγραμμένον
896 1139 1070 1191 ἐστίν’
1111 1140 1169 1191 'O
1192 1139 1352 1210 ζῆλος
1384 1140 1477 1193 τοῦ
1506 1142 1653 1194 οἴκου
1678 1157 1769 1193 σου
1817 1158 1942 1194 κατ-

366 1223 538 1294 έφαγέ
585 1245 672 1297 με.
711 1247 729 1279 ι
786 1228 943 1283 Ἀλλά
986 1230 1079 1283 καὶ
1128 1231 1208 1293 τὸ,
1241 1250 1259 1282 ι
1311 1232 1555 1284 Ἔδωκαν
1599 1232 1678 1294 είς
1744 1230 1941 1302 βρῶμά

366 1329 470 1382 μου
496 1314 676 1385 χολὴν,
698 1318 794 1371 καὶ
818 1320 894 1381 εἰς
919 1319 1017 1387 τὴν
1044 1318 1199 1389 δίψαν
1224 1338 1325 1391 μου
1358 1320 1614 1375 ἐπότισάν
1649 1337 1715 1391 με
1749 1319 1890 1386 ὅξος,
1912 1339 1931 1371 ι

363 1403 421 1455 ἐν
453 1407 565 1468 τοῖς
592 1407 727 1475 μετὰ
758 1411 945 1479 χεῖρας
972 1409 1243 1478 κείμενον,
1274 1413 1337 1463 ἐκ
1379 1409 1669 1481 προσώπου
1697 1408 1789 1463 τοῦ
1827 1410 1939 1461 Σω-

361 1494 525 1565 τῆρος
577 1496 733 1567 ἡμῶν
797 1500 1215 1571 μεμαρτύρηται
1268 1500 1618 1569 λελεγμένον,
1650 1500 1789 1554 κατά
1844 1499 1935 1552 τὸν

373 1584 643 1658 Ἰωάννην,
672 1590 936 1660 φήσαντα’
971 1608 991 1642 ι
1023 1591 1177 1645 Μετὰ
1199 1590 1372 1645 ταῦτα
1400 1590 1521 1644 ἰδὼν
1544 1593 1572 1643 6
1604 1588 1827 1661 Ἰησοῦς,
1855 1590 1935 1642 ὅτι

359 1677 536 1730 πάντα
562 1678 869 1733 τετέλεσται
895 1682 1018 1752 ἤδη,
1048 1682 1136 1735 ἵνα
1163 1682 1423 1754 πληρωθῇ
1447 1684 1478 1753 ἡ
1510 1680 1720 1752 Γραφὴ,
1746 1679 1892 1749 λέγει
1918 1697 1931 1711 ·

357 1765 524 1836 Διψῶ.
568 1768 782 1841 Δεκάνη
812 1769 988 1823 ἔκειτο
1028 1770 1181 1838 ὄξους
1213 1772 1383 1843 μεστή
1404 1790 1418 1803 ο
1457 1772 1693 1840 σπόγγον
1719 1766 1811 1824 οὖν
1848 1786 1936 1840 με·

2050 591 2198 643 venit
2226 590 2281 643 in
2319 592 2519 660 templo
2552 590 2847 645 vendentes
2882 605 3011 645 oves
3043 598 3097 646 et
3130 590 3292 645 boves
3320 601 3371 644 et
3398 591 3609 645 colum-

2049 682 2168 737 bas.
2206 702 2224 733 ι
2258 682 2459 737 Deinde
2480 693 2763 753 postquam
2793 683 3043 752 ejecisset
3064 699 3159 739 eos
3185 684 3409 737 dicens:
3444 703 3461 734 ι
3500 686 3611 737 Λιι-

2049 773 2184 828 ferte
2221 775 2324 829 ista
2363 775 2527 841 hinc;
2566 774 2733 829 nolite
2774 775 2954 829 facere
3009 773 3228 829 domum
3280 774 3457 831 Patris
3503 776 3609 829 mei

2048 866 2267 919 domum
2316 867 2718 935 negotiationis,
2749 886 2767 917 ι
2796 866 2983 920 subdit
3032 866 3405 935 evangelista:
3444 884 3463 916 ι
3504 865 3611 920 Re-

2048 953 2255 1007 cordati
2281 963 2408 1009 sunt
2429 954 2678 1023 discipuli
2703 956 2819 1023 ejus
2849 956 2975 1022 quia
3004 956 3264 1023 scriptum
3289 964 3373 1011 est
3402 975 3414 1010 :
3451 955 3610 1011 Zelus

2047 1041 2241 1097 domus
2295 1050 2399 1096 tua:
2448 1042 2684 1096 comedit
2736 1058 2822 1097 me
2842 1043 2907 1097 9‘.
2974 1062 2991 1093 ι
3051 1042 3157 1097 Sed
3220 1044 3383 1098 etiam
3434 1044 3604 1107 illud,

2052 1152 2069 1184 ι
2109 1133 2382 1188 Dederunt
2414 1134 2467 1187 in
2499 1150 2681 1190 escam
2716 1150 2889 1189 meam
2915 1134 3008 1199 fel,
3046 1144 3099 1189 et
3130 1136 3186 1189 in
3228 1135 3319 1190 siti
3349 1149 3468 1191 mea
3511 1150 3610 1205 po-

2046 1232 2300 1277 taverunt
2334 1240 2419 1279 me
2446 1233 2621 1287 aceto,
2658 1244 2677 1275 ι
2720 1224 2863 1293 quod
2898 1225 2954 1278 in
2988 1225 3089 1278 hoc
3118 1226 3327 1294 psalmo
3355 1226 3605 1289 habetur,

2043 1330 2108 1369 ex
2141 1330 2372 1385 persona
2402 1314 2701 1370 Salvatoris
2732 1315 3125 1370 nostridictum
3155 1316 3483 1379 declaratur,
3515 1333 3600 1371 se-

2042 1405 2279 1459 cundum
2318 1402 2601 1466 Joannem,
2647 1405 2741 1474 qui
2792 1406 2911 1457 ait:
2946 1424 2963 1456 ι
3002 1404 3194 1461 Postea
3228 1407 3418 1461 videns
3446 1405 3606 1462 Jesus

2040 1497 2165 1565 quia
2214 1496 2396 1550 omnia
2427 1504 2802 1552 consummata
2836 1504 2984 1561 sunt,
3020 1506 3078 1551 ut
3110 1498 3424 1567 impleretur
3458 1496 3609 1553 Scri-

2040 1594 2219 1656 ptura,
2242 1586 2381 1640 dixit
2410 1606 2425 1642 :
2460 1584 2618 1641 Sitio.
2642 1584 2751 1640 Vas
2775 1596 2891 1642 erat
2917 1588 3151 1657 positum
3180 1596 3335 1645 accto
3366 1590 3602 1658 plenum.

2039 1674 2121 1730 llli
2162 1681 2340 1729 autem
2376 1677 2656 1745 spongiam
2692 1676 2905 1745 plenam
2956 1684 3110 1732 aceto
3140 1693 3263 1732 cum
3307 1677 3430 1733 felle
3477 1679 3605 1750 hys-

2039 1782 2173 1836 sopo
2222 1767 2739 1837 circumponentes,
2784 1769 3100 1827 obtulerunt
3141 1771 3224 1825 ori
3279 1770 3417 1841 ejus.
3467 1770 3603 1827 Cum

357 1858 479 1911 στὸν
525 1860 847 1931 ποιήσαντες
885 1862 1040 1927 δξους
1094 1864 1231 1934 μετά
1274 1863 1457 1934 χολῆς,
1494 1863 1729 1933 ὑσσώπῳ
1773 1878 1923 1933 περι-

2030 1873 2155 1928 ergo
2200 1858 2499 1929 accepisset
2550 1856 2711 1913 Iesus
2764 1869 2975 1915 acetum
3033 1876 3156 1916 cum
3208 1862 3372 1930 felle,
3424 1863 3601 1918 dixit;

354 1950 557 2017 θέντες,
608 1956 988 2025 προσήνεγκαν
1038 1957 1205 2009 αὐτοῦ
1248 1956 1325 2027 τῷ
1368 1957 1615 2027 στόματι.
1665 1956 1793 2008 Ὅτε
1838 1950 1932 2007 οὖν

349 2043 542 2099 ἔλασεν
589 2047 618 2099 6
666 2046 872 2118 Ἰησοῦς
913 2050 975 2102 τὸ
1015 2048 1135 2113 ὅξος
1170 2048 1309 2120 μετά
1339 2048 1524 2120 χολῆς,
1564 2044 1683 2101 εἷπε
1708 2064 1722 2078 ο
1769 2045 1933 2099 Τετέ-

345 2137 538 2193 λεσται
591 2141 687 2195 καὶ
730 2140 866 2213 αὕτη
910 2145 943 2214 ἡ
990 2143 1202 2216 Γραφὴ,
1241 2162 1259 2195 ι
1302 2144 1397 2198 καί⁵
1428 2142 1497 2196 τὰ
1543 2141 1703 2196 λοιπά
1745 2140 1801 2193 δὲ
1854 2140 1933 2201 εἰς

2037 1949 2431 2005 Consutnmata
2459 1959 2623 2005 estet
2651 1952 2767 2006 hrec
2818 1951 3189 2023 Scriptura",
3229 1974 3249 2007 ι
3301 1964 3357 2010 et
3405 1963 3603 2011 caetera

2036 2057 2160 2112 qua:
2185 2042 2251 2095 ad
2279 2057 2569 2113 personam
2603 2041 2915 2101 Servatoris
2959 2048 3133 2103 nostri
3162 2049 3474 2104 referuntur
3504 2067 3521 2117 ;
3549 2056 3605 2105 et

2036 2134 2155 2189 sine
2182 2134 2292 2188 ulla
2328 2134 2588 2190 violentia
2617 2136 3125 2207 interpretationem
3156 2140 3297 2195 hanc
3323 2149 3546 2197 tuentur

345 2230 648 2301 πρόσωπσν
688 2230 783 2285 τοῦ
829 2234 1079 2305 Σωτῆρος
1121 2235 1276 2306 ἡμῶν
1316 2236 1713 2307 ἀναφερόμενα,
1760 2233 1922 2298 σώζοι
1947 2228 2265 2285 ἀναὸίαστον
2299 2228 2375 2301 (1)
2412 2230 2509 2300 τὴν
2537 2232 2852 2301 ἑρμηνείαν.

423 2342 442 2375 ι
467 2321 764 2378 Έκοπίασα
808 2325 1049 2398 κράζων,
1102 2329 1467 2400 ἐδραγχίασεν
1506 2333 1533 2384 6
1560 2329 1764 2402 λάρυγξ
1799 2346 1924 2399 μου,

346 2414 595 2483 ἐξέλιπον
636 2419 684 2471 οἱ
725 2417 993 2490 ὀφθαλμοί
1037 2438 1137 2491 μου
1179 2422 1287 2475 ἀπὸ
1318 2422 1412 2475 τοῦ
1455 2422 1693 2487 ἐλπίζειν
1734 2439 1801 2492 με
1846 2423 1926 2485 είς

346 2505 437 2561 τὸν
474 2506 605 2561 Θεόν
641 2525 763 2580 μου.
805 2528 823 2561 ι
890 2511 1001 2564 Kal.
1038 2510 1212 2566 ταῦτα
1258 2514 1316 2566 ἐν
1358 2512 1440 2585 τῷ
1483 2514 1623 2567 κατά
1673 2512 1923 2583 Ἰωάννην

345 2596 646 2668 ἐπληροῦτο
677 2598 993 2672 Εὐαγγελίῳ
1014 2618 1029 2632 ε
1076 2604 1132 2656 ἐν
1170 2596 1215 2671 ᾧ
1245 2604 1488 2675 εἱστήκει
1524 2607 1553 2658 6
1596 2603 1801 2677 Ἰησοῦς
1833 2604 1925 2658 καὶ

345 2686 544 2760 ἐκραζε
586 2689 797 2759 λέγων’
840 2710 858 2744 ι
899 2693 1022 2747 Ἐάν
1067 2712 1152 2759 τις
1195 2695 1351 2767 διψᾷ,
1399 2695 1642 2768 ἐρχέσθω
1682 2697 1818 2769 πρὸς
1853 2696 1922 2768 μὲ

345 2780 442 2834 καὶ
473 2781 701 2836 πινέτω*
728 2803 747 2836 ι
782 2780 938 2847 αὖθις
974 2785 1031 2839 δέ
1064 2788 1300 2859 εἴρηταιο
1341 2806 1359 2839 ι
1406 2788 1610 2860 Ἰησοῦς
1640 2789 1698 2842 δὲ
1724 2788 1921 2860 ἐκραζε

343 2875 440 2928 καὶ
489 2874 702 2944 ἔλεγενο
753 2877 811 2930 '0
852 2877 1119 2933 πιστεύων
1162 2882 1241 2944 είς
1289 2880 1390 2951 ἐμὲ
1441 2881 1503 2934 ού
1552 2880 1798 2935 πιστεύει
1843 2881 1923 2945 είς

2106 2322 2270 2378 Vens.
2304 2324 2359 2390 4,
2392 2324 2446 2378 5.
2494 2343 2512 2376 ι
2558 2324 2829 2381 Laboravi
2881 2327 3151 2394 clamans,
3204 2343 3385 2385 rauce
3443 2330 3603 2385 facta

2029 2431 2161 2475 sunt
2211 2419 2399 2476 fauces
2435 2436 2590 2485 meae,
2621 2420 2943 2478 defecerunt
2974 2420 3118 2477 oculi
3149 2424 3255 2479 mei
3286 2424 3414 2479 dum
3438 2439 3602 2495 spero

2027 2511 2082 2566 in
2114 2510 2281 2566 Deum
2316 2526 2517 2566 meum.
2543 2530 2564 2565 ι
2596 2510 2720 2568 Haec
2743 2528 2960 2584 quoque
2998 2513 3053 2568 in
3079 2513 3372 2586 Evangelio
3401 2531 3603 2570 secun-

2029 2603 2159 2658 dum
2193 2602 2456 2659 Joannem
2490 2604 2715 2675 impleta
2762 2605 3032 2670 feruntur,
3061 2608 3282 2678 quando
3309 2609 3488 2663 stabat
3511 2607 3604 2664 Je-

2028 2712 2125 2753 sus
2157 2703 2211 2751 et
2240 2696 2326 2752 bis
2349 2696 2532 2754 verbis
2565 2697 2839 2753 clamabat
2869 2719 2882 2754 :
2920 2717 2938 2751 ι
2977 2698 3034 2753 Si
3068 2698 3195 2771 quis
3242 2700 3380 2767 sitit,
3416 2701 3603 2757 veniat

2029 2787 2095 2841 ad
2128 2802 2214 2842 me
2247 2796 2300 2841 et
2338 2787 2489 2842 bibat
2514 2790 2583 2844 ".
2618 2808 2636 2841 ι
2669 2787 2886 2846 Rursus
2937 2806 3157 2861 quoque
3199 2793 3407 2848 dictum
3460 2799 3595 2848 est:

2035 2896 2054 2928 ι
2094 2876 2257 2932 Jesus
2290 2886 2470 2932 autem
2504 2879 2776 2933 clamabat
2806 2888 2862 2936 et
2880 2880 3090 2935 dicebat
3124 2901 3137 2935 :
3176 2880 3278 2947 Qui
3329 2882 3499 2936 credit
3541 2882 3600 2938 in

344 2967 466 3040 ἐμὲ,
514 2968 627 3022 ἀλλ’
660 2971 738 3032 είς
779 2970 869 3023 τὸν
909 2970 1203 3041 πέμψαντά
1246 2988 1332 3042 με.
1370 2972 1476 3025 Καὶ
1508 2974 1537 3025 6
1570 2972 1788 3045 θεωρῶν
1821 2973 1922 3044 ἐμὲ

2032 2983 2140 3032 me,
2168 2983 2276 3023 non
2310 2968 2488 3023 credit
2518 2968 2573 3022 in
2607 2986 2714 3036 me,
2738 2970 2834 3026 sed
2858 2971 2911 3025 in
2936 2987 3060 3025 eum
3092 2972 3182 3045 qui
3205 2987 3290 3027 me
3336 2972 3505 3027 misit.
3529 2971 3599 3027 Et

342 3059 539 3132 θεωρεῖ
567 3060 657 3114 τὸν
691 3062 984 3132 πέμψαντά
1025 3080 1112 3134 με.
1155 3063 1297 3133 Ἐγὼ
1323 3064 1437 3133 φῶς
1469 3067 1549 3128 είς
1589 3064 1682 3117 τὸν
1716 3065 1918 3135 κόσμον

2030 3056 2119 3127 qui
2152 3056 2295 3111 videt
2324 3072 2430 3119 me,
2462 3058 2609 3113 videt
2642 3074 2768 3113 eum
2802 3060 2895 3129 qui
2925 3060 3073 3114 misit
3113 3076 3219 3115 me.
3247 3059 3358 3131 Ego
3408 3061 3499 3113 lux
3536 3061 3596 3117 in

340 3151 605 3225 ἐλήλυθα,
639 3153 723 3207 ἵνα
766 3156 871 3217 πᾶς
902 3156 931 3208 6
964 3155 1237 3209 πιστεύων
1268 3157 1348 3220 είς
1380 3158 1479 3228 ἐμὲ
1522 3159 1581 3210 ἐν
1624 3160 1688 3228 τῇ
1728 3156 1919 3229 σκοτίᾳ

2030 3149 2292 3204 mundum
2318 3150 2464 3213 veni,
2496 3156 2556 3203 ut
2594 3149 2774 3207 omnis
2797 3151 2891 3221 qui
2926 3150 3097 3207 credit
3130 3151 3184 3204 in
3214 3168 3319 3217 me,
3357 3151 3412 3206 in
3436 3160 3591 3207 tene-

342 3245 419 3318 μὴ
476 3246 654 3319 μείνῃ.
686 3267 703 3299 ι
746 3248 856 3301 Καὶ
905 3247 997 3301 ἐπὶ
1030 3247 1122 3301 τοῦ
1152 3248 1404 3320 Λαζάρου
1449 3248 1505 3301 δέ
1552 3250 1759 3323 ἐπάρας
1791 3250 1917 3313 τοὺς

2030 3240 2139 3296 bris
2162 3256 2269 3295 non
2290 3242 2585 3295 maneat".
2616 3260 2634 3294 ι
2668 3241 2728 3295 Ει
2756 3258 2919 3312 super
2936 3240 3197 3296 Lazarum
3230 3243 3451 3299 elevatis
3470 3258 3596 3299 ocu-

337 3335 650 3408 ὀφθαλμοὺς
691 3336 856 3390 αὑτοῦ
898 3340 981 3402 εἰς
1024 3339 1117 3392 τὸν
1159 3340 1388 3409 οὐρανὸν
1442 3335 1591 3393 εἷπε·
1651 3359 1669 3390 ι
1710 3341 1912 3411 Πάτερ,

339 3431 647 3503 εὐχαριστῶ
679 3448 781 3495 σοι,
817 3431 898 3483 ὅτι
932 3430 1171 3501 ἤκουσάς
1206 3448 1328 3500 μου.
1377 3430 1516 3499 Ἐγὼ
1548 3431 1605 3484 δὲ
1638 3432 1804 3502 ῇδειν,
1833 3431 1913 3484 ὅτι

338 3523 571 3578 πάντοτέ
607 3540 706 3593 μου
741 3522 977 3585 ἀκούεις.
1026 3524 1137 3576 Καὶ
1181 3523 1352 3576 ταῦτα
1399 3521 1587 3587 εἰπὼν,
1631 3526 1780 3594 φωνῇ
1818 3540 1915 3594 με-

336 3613 481 3685 γάλῃ
523 3614 868 3686 ἐκραύγασε·
922 3615 1159 3685 Λάζαρε,
1205 3612 1362 3686 δεῦρο
1410 3614 1531 3681 ἔξω.
1568 3634 1586 3666 ι
1634 3615 1791 3668 Ἀλλά
1821 3616 1914 3668 καὶ

337 3709 459 3760 κατ’
488 3707 618 3759 αὐτὸ
645 3706 705 3758 τὸ
734 3705 903 3768 πάθος
934 3707 1133 3775 ἱστορεῖ
1160 3709 1187 3759 6
1210 3706 1486 3769 Ματθαῖος
1511 3706 1711 3775 λέγων·
1753 3706 1915 3760 «Ἀπὸ

334 3797 393 3852 δέ
436 3798 601 3869 ἕκτης
629 3797 777 3868 ὥρας
829 3796 1017 3861 σκότος
1064 3797 1279 3865 ἐγένετο
1333 3799 1424 3851 ἐπὶ
1469 3800 1649 3851 πᾶσαν
1676 3799 1775 3870 τὴν
1812 3801 1915 3871 γῆν

335 3890 443 3953 ἔως
470 3890 617 3962 ὥρας
646 3891 858 3960 ἐνάτης.
894 3889 1028 3960 Περὶ
1057 3889 1113 3942 δέ
1142 3888 1240 3959 τὴν
1272 3890 1465 3959 ἐνάτην
1490 3888 1658 3961 ὤραν,
1694 3891 1915 3962 ἀνεὸόη-

338 4000 432 4037 σεν
486 3985 515 4036 6
555 3980 759 4053 Ἰησοῦς
813 3984 961 4053 φωνῇ
1024 3982 1233 4053 μεγάλῃ
1283 3981 1486 4050 λέγων·
1536 3982 1704 4047 Ἠλεὶ,
1747 3982 1911 4048 Ἠλεὶ,

335 4075 500 4145 Λαμὰ
532 4074 883 4144 Σαϐαχθανεί.
912 4093 930 4125 ι
967 4075 1099 4126 Τότε
1128 4074 1224 4145 μὲν
1252 4069 1345 4127 οὖν
1377 4073 1550 4127 συνὼν
1585 4074 1910 4146 ἀνθρώποις,

337 4164 546 4228 πάντας
589 4164 727 4234 βοῶν
756 4163 1055 4233 παρεκάλει
1084 4165 1240 4234 ἥκειν
1271 4163 1364 4217 καὶ
1400 4164 1648 4217 σπεύδειν
1694 4166 1784 4217 ἐπὶ
1815 4165 1913 4236 τὴν

334 4254 499 4307 αὐτοῦ
544 4254 920 4308 διδασκαλίανο
978 4255 1070 4307 καὶ
1114 4253 1205 4307 τὸν
1252 4258 1568 4326 τεταρταῖον
1616 4256 1673 4309 δὲ
1721 4257 1913 4331 νεκρὸν

339 4345 476 4414 μετά
519 4344 758 4417 μεγάλης
799 4344 1110 4398 ἀνεκαλεῖτο
1152 4345 1420 4415 κραυγῆς.
1471 4346 1627 4400 Ἀλλά
1659 4348 1752 4401 καὶ
1784 4348 1910 4420 περὶ

2026 3332 2094 3387 lis
2115 3332 2230 3388 suis
2279 3332 2336 3386 in
2377 3333 2575 3387 caelum
2616 3334 2799 3388 dixit:
2840 3352 2858 3385 ι
2896 3333 3076 3398 Pater,
3119 3337 3320 3406 gratias
3369 3352 3470 3408 ago
3492 3336 3590 3391 tibi

2024 3426 2152 3495 quia
2187 3424 2386 3480 audisti
2416 3441 2524 3481 me.
2553 3424 2665 3497 Ego
2695 3434 2875 3480 autem
2925 3427 3163 3482 sciebam
3216 3430 3344 3498 quia
3375 3444 3593 3500 semper

2023 3533 2111 3572 me
2134 3516 2311 3572 audis.
2345 3516 2409 3570 Et
2430 3532 2553 3572 cum
2578 3518 2692 3573 haec
2720 3520 2968 3585 dixisset,
3000 3534 3133 3573 voce
3156 3534 3351 3590 magna
3387 3521 3592 3575 clama-

2020 3610 2149 3663 vit:
2186 3609 2411 3673 Lazare,
2461 3608 2579 3665 veni
2636 3610 2868 3667 foras".
2911 3630 2929 3661 ι
2968 3608 3075 3665 Sed
3133 3612 3296 3665 etiam
3353 3611 3420 3666 de
3471 3612 3591 3682 ipso

2022 3701 2297 3770 passionis
2317 3710 2564 3772 tempore
2593 3702 2708 3756 haec
2726 3710 2916 3756 narrat
2947 3703 3231 3757 Matthaeus
3261 3722 3275 3757 :
3312 3722 3331 3753 ι
3369 3704 3411 3757 Α
3435 3712 3591 3760 sexta

2021 3800 2203 3846 autem
2240 3793 2372 3847 hora
2407 3796 2643 3848 tenebrae
2686 3793 2844 3848 facta:
2901 3801 3030 3849 sunt
3075 3810 3241 3863 super
3280 3795 3588 3850 universam

2020 3891 2221 3938 terram
2274 3899 2447 3953 usque
2502 3884 2569 3937 ad
2600 3885 2787 3939 horam
2831 3900 3052 3940 nonam.
3103 3884 3168 3937 Et
3195 3885 3343 3938 circa
3399 3886 3587 3939 horam

2020 3990 2218 4028 nonam
2266 3976 2521 4029 clamavit
2564 3975 2729 4031 Jesus
2783 3992 2914 4031 voce
2968 3992 3162 4043 magna
3197 3975 3387 4031 dicens
3423 3993 3438 4030 :
3478 3974 3586 4041 Eli,

2020 4066 2123 4127 Eli,
2158 4063 2318 4119 Lama
2364 4066 2732 4121 Sabachthani
2760 4068 2826 4122 ⁸³.
2868 4088 2887 4119 ι
2929 4067 3083 4122 Tunc
3133 4068 3316 4137 itaque
3340 4085 3461 4123 cum
3488 4068 3591 4125 ho-

2020 4158 2261 4214 minibus
2318 4159 2541 4230 degens,
2594 4159 2879 4215 clamando
2933 4176 3123 4216 omnes
3177 4160 3584 4227 cohortabatur,

2020 4259 2080 4304 ut
2110 4251 2357 4305 venirent
2400 4260 2844 4322 maturarentque
2887 4250 2954 4304 ad
2992 4251 3114 4321 ejus
3146 4252 3449 4306 doctrinam
3483 4270 3499 4307 :
3532 4260 3587 4308 et

2018 4338 2447 4408 quatriduanum
2483 4348 2756 4394 mortuum
2806 4339 3045 4394 clamore
3076 4355 3275 4410 magno
3301 4340 3583 4396 evocabat.

333 4436 432 4507 τὴν
464 4414 657 4508 ἐνάτην
691 4414 839 4509 ώραν
870 4435 964 4489 τοῦ
998 4414 1201 4500 πάθους
1231 4414 1427 4491 ἀνεϐόα
1460 4442 1610 4511 φωνῇ
1664 4414 1904 4512 μεγάλη·

2030 4429 2123 4485 Sed
2157 4432 2320 4486 etiam
2356 4432 2501 4485 circa
2533 4447 2731 4486 nouam
2756 4432 3028 4502 passionis
3068 4432 3282 4493 horam,
3314 4433 3587 4487 clamabat

336 4530 429 4581 καὶ
477 4528 616 4599 μετά
671 4527 845 4581 ταῦτα
887 4526 1082 4582 πάλιν·
1144 4548 1162 4580 ι
1194 4528 1419 4597 Κράξας
1466 4531 1615 4600 φωνῇ
1675 4528 1905 4601 μεγάλῃ,

2030 4538 2141 4577 voce
2171 4538 2367 4593 magna
2399 4543 2411 4577 :
2456 4537 2520 4577 ac
2561 4532 2748 4593 postea
2807 4538 3027 4579 rursum
3068 4542 3081 4577 :
3114 4542 3131 4572 ι
3163 4523 3420 4578 Clamans
3451 4538 3586 4591 voce

333 4622 513 4689 ἀφῆκε
558 4620 619 4673 τὸ
662 4619 896 4690 πνεῦμα,
958 4620 1067 4673 Καὶ
1116 4620 1224 4673 ἰδοὺ
1274 4620 1335 4673 τὸ
1374 4620 1768 4690 καταπέτασμα
1813 4618 1907 4671 τοῦ

2030 4629 2234 4684 magna,
2267 4615 2448 4669 emisit
2472 4614 2747 4684 spiritum.
2781 4615 2847 4668 Et
2875 4630 3003 4669 ecce
3027 4614 3202 4667 velum
3235 4614 3416 4684 templi
3441 4614 3586 4673 scis-

331 4711 460 4765 ναοῦ
488 4711 709 4782 ἐσχίσθη
732 4712 811 4774 είς
833 4710 945 4773 δύο,
974 4712 1065 4763 καὶ
1092 4712 1124 4781 ἡ
1148 4711 1219 4782 γῆ
1242 4711 1481 4783 ἐσείσθη,
1507 4713 1601 4765 καὶ
1627 4713 1681 4764 αἱ
1712 4711 1907 4783 πέτραι

2030 4722 2141 4760 sum
2170 4714 2254 4761 est
2278 4707 2483 4770 induo,
2519 4714 2575 4760 et
2605 4714 2748 4761 terra
2777 4715 2923 4760 mota
2971 4714 3077 4771 est,
3115 4715 3169 4761 et
3198 4718 3359 4776 petra:
3399 4707 3592 4764 scissa

334 4803 668 4875 ἐρῤάγησαν,
704 4803 799 4855 κα)⁸
836 4801 903 4855 τὰ
932 4806 1168 4872 μνημεῖα
1196 4802 1565 4874 ἀνεῴχθησαν,
1604 4804 1696 4855 καὶ
1740 4804 1907 4857 πολλὰ

2030 4809 2164 4862 sunt,
2196 4808 2249 4853 et
2280 4807 2633 4854 monumenta
2658 4808 2843 4869 aperta
2872 4808 3020 4861 sunt,
3048 4808 3101 4853 et
3148 4800 3316 4853 multa
3349 4815 3588 4869 corpora

333 4892 561 4964 σώματα
601 4893 710 4945 τῶν
748 4894 1166 4963 κεκοιμημένων
1210 4894 1378 4962 ἀγίων
1417 4894 1726 4965 ἠγέρθησαν
1750 4912 1801 4945 ἰ
1841 4894 1911 4948 τὰ

2030 4898 2335 4945 sanctorum
2361 4891 2453 4960 qui
2501 4892 2837 4945 dormierant
2868 4900 3287 4946 resurrexerunt
3321 4894 3360 4946 ιη.
3402 4910 3422 4944 ι
3458 4890 3587 4946 Haec

331 4986 571 5040 τοσαῦτα
613 4986 709 5056 τῆς
748 4986 987 5057 μεγάλης
1026 4983 1191 5038 αὑτοῦ
1227 4984 1413 5053 φωνῆς
1462 4986 1701 5054 ἐνεργεῖν
1750 4984 1910 5037 δυνα-

335 5075 527 5147 μένης.
565 5077 626 5129 Εἰ
657 5075 713 5128 δέ
742 5074 1049 5146 ἐπιστήσειέ
1098 5091 1202 5136 τις,
1246 5074 1322 5136 ὼς
1368 5074 1425 5141 ἐξ
1465 5075 1673 5126 ἐκείνου
1711 5076 1803 5127 καὶ
1830 5076 1911 5137 εἰς

331 5168 493 5239 δεῦρο
533 5168 654 5222 καθ’
690 5168 818 5238 ὅλης
851 5168 949 5237 τῆς
982 5166 1283 5237 ἀνθρώπων
1328 5168 1653 5237 οἰκουμένης
1689 5167 1746 5217 ἐν
1788 5170 1909 5229 ταῖς

332 5260 652 5331 ἐκκλησίαις
702 5259 866 5313 αὑτοῦ
919 5258 1037 5329 βοᾷ,
1093 5258 1343 5311 σπεύδειν
1394 5259 1485 5311 ἐπὶ
1540 5259 1599 5311 τὸ
1648 5258 1907 5323 ζωοποιὸν

331 5351 497 5405 αὑτοῦ
532 5353 683 5423 πόμα
706 5350 1057 5421 παρακαλῶν,
1086 5349 1179 5402 καὶ
1208 5350 1333 5411 τοὺς
1365 5351 1483 5412 ταῖς
1516 5349 1651 5420 πρὸς
1683 5349 1907 5404 θάνατον

329 5442 630 5513 ἁμαρτίαις
704 5439 1144 5511 νενεκρωμένους
1205 5437 1683 5507 ἀνακαλούμενοςο
1730 5437 1806 5507 τῷ
1847 5454 1905 5489 τε

2018 4983 2229 5038 scilicet
2259 4998 2451 5053 magna
2484 4984 2655 5053 ipsius
2688 4998 2791 5038 vox
2845 4985 3007 5039 edere
3067 4992 3299 5053 poterat.
3334 4984 3488 5050 Quod
3537 4986 3586 5041 si

2013 5073 2135 5141 quis
2158 5072 2465 5127 consideret
2499 5073 2590 5143 qui
2641 5073 2709 5126 ab
2739 5074 2830 5127 illo
2872 5074 2940 5126 ad
2999 5074 3101 5127 hoc
3146 5090 3318 5144 usque
3368 5082 3589 5143 tempus.

2014 5181 2110 5233 per
2140 5173 2313 5218 totum
2338 5166 2524 5220 orbem
2574 5166 2628 5219 in
2670 5166 2921 5221 ecclesiis
2950 5168 3065 5222 suis
3088 5168 3204 5237 ipse
3234 5168 3453 5231 clamet,
3490 5183 3584 5220 co-

2015 5256 2246 5313 llortans
2275 5258 2522 5327 singulos
2567 5266 2625 5311 ut
2668 5266 2943 5312 maturent
2997 5259 3061 5313 ad
3100 5260 3374 5313 vivificum
3406 5258 3587 5327 ipsius

2014 5354 2235 5416 potum;
2271 5362 2336 5402 ac
2386 5364 2651 5403 revocans
2702 5348 2824 5401 illos
2864 5349 2957 5418 qui
2990 5350 3313 5403 mortalibus
3346 5349 3587 5418 peccatis

2013 5441 2270 5495 exstim-‘a
2325 5452 2484 5509 sunt;
2538 5440 2723 5496 audiat
2778 5442 2907 5497 item
2958 5443 3280 5497 clamantem
3328 5440 3585 5511 passione

402 5598 449 5631 ’⁸
486 5596 644 5651 Joan.
673 5613 732 5655 ιι.
760 5594 947 5649 15-17.
1022 5595 1067 5625 ³⁸
1105 5593 1263 5647 Joan.
1304 5609 1415 5655 xix,
1455 5591 1644 5663 23-50.
1722 5592 1767 5623 "
1805 5592 1922 5647 Joai

2030 5612 2100 5660 'u,
2144 5596 2233 5650 57.
2311 5599 2354 5630 ⁸⁷
2394 5595 2549 5651 Joan.
2584 5614 2682 5662 xtl,
2726 5596 2913 5652 44-46.
2990 5597 3036 5631 ’⁸
3073 5595 3229 5652 Joan.
3274 5612 3351 5663 xl,
3390 5596 3577 5660 ιι-ιᾶ.

330 5671 379 5704 ⁹¹¹
422 5667 609 5722 Matth.
654 5682 822 5728 xxvu,
862 5664 952 5728 43,
1002 5664 1089 5717 46.
1170 5668 1184 5694 ¹
1232 5664 1361 5717 ibid.
1431 5662 1607 5716 50-32.

409 5781 485 5852 (l)
518 5780 687 5843 Σώζοι
721 5781 1101 5835 ἁναϐίαστον.
1135 5779 1293 5834 Forte
1325 5777 1485 5841 σώζει
1513 5778 1923 5847 ἀκατςιϐίαστον1

2030 5778 2050 5831 :l
2081 5776 2355 5839 ἀδίαστον.
2394 5774 2547 5829 Enn.
