4068 6540
480 378 601 439 7δί

1168 375 1439 434 EUSEBII
1473 374 1944 432 CESARIENSIS
1980 375 2129 432 OPP.
2170 374 2349 430 PARS
2384 374 2560 429 lll.——
2598 365 3002 425 EXEGETICA.

3611 360 3717 415 732

478 511 577 551 sua
608 496 675 551 ad
714 504 885 551 totum
920 494 1127 561 orbem,
1156 495 1328 565 magis
1351 508 1513 564 quam
1539 501 1679 548 tunc-
1702 493 1769 548 ad
1800 492 2043 555 Sionem,

2151 492 2406 564 βοωμένῳ
2458 487 2622 543 αὑτοῦ
2680 484 2841 539 πάθει
2891 482 2990 551 τὴν
3047 476 3338 549 σύμπασαν
3394 475 3717 547 οἰκουμένην

481 589 751 659 siquidem
789 608 806 641 ‹
850 591 903 644 in
946 603 1165 643 omnem
1198 597 1401 643 terram
1428 587 1595 642 exivit
1622 602 1792 642 sonus
1834 601 2046 651 eorum,

479 690 537 737 et
568 682 623 735 in
654 681 788 737 fines
833 682 983 737 orbis
1035 689 1195 735 terra:
1247 681 1408 735 verba
1459 694 1649 735 eorum
1678 680 1734 746 ';
1762 697 1780 730 ι
1814 679 1862 734 is
1918 692 2052 732 sane

482 771 621 827 sciet
652 786 753 825 cur
796 771 851 825 in
892 771 1149 841 praesenti
1172 787 1236 827 ex
1266 770 1386 840 ejus
1430 785 1665 840 persona
1692 768 1900 824 dictum
1932 769 2005 823 sit
2033 781 2047 818 :

488 882 507 916 ι
541 863 809 919 Laboravi
875 864 1141 926 clamans,
1192 878 1371 919 raucae
1442 861 1597 917 factm
1665 868 1797 917 sunt
1866 859 2051 915 fauces

483 972 637 1011 meae.
678 976 697 1010 ι
724 954 858 1010 Nam
890 957 1042 1011 vocis
1076 955 1196 1025 ejus
1256 954 1715 1024 perseverantiam
1773 952 1859 1007 his
1910 950 2053 1005 indi-

482 1057 591 1103 cat.
628 1047 746 1103 Non
781 1048 925 1103 enim
960 1063 1083 1101 cum
1114 1048 1282 1102 semel
1308 1049 1603 1102 clamasset
1623 1045 1925 1111 abscessit;
1956 1043 2053 1101 sed

484 1156 701 1210 semper
745 1139 1139 1209 discipulorum
1185 1155 1318 1194 voce
1374 1140 1575 1193 clamat
1624 1145 1678 1191 et
1711 1136 1777 1192 ad
1806 1137 2052 1191 omnium

484 1232 694 1285 animas
723 1229 1057 1285 vociferatur
1091 1247 1105 1283 :
1134 1244 1351 1299 semper
1398 1231 1524 1284 item
1590 1228 1658 1282 ad
1700 1225 1914 1283 Patrem
1948 1228 2055 1281 cla-

484 1332 709 1390 matpro
741 1322 807 1376 iis
830 1321 923 1391 qui
958 1321 1212 1391 inipsum
1247 1320 1618 1375 crediderunt.
1652 1319 1832 1385 Quare
1853 1317 2051 1373 deinde

484 1410 810 1482 subjungit:
852 1429 870 1462 ι
912 1410 1236 1467 Defecerunt
1281 1411 1428 1466 oculi
1467 1411 1571 1466 mei
1598 1411 1727 1465 dum
1797 1425 1959 1481 spero
1996 1412 2051 1464 in

482 1502 652 1556 Deum
705 1518 905 1557 meum.
964 1522 982 1555 ι
1040 1502 1147 1558 Pro
1188 1505 1282 1558 illo
1335 1512 1554 1569 autem,
1595 1522 1613 1555 ι
1646 1503 1987 1567 defecerunt,
2028 1521 2047 1553 ι

482 1594 700 1664 Aquila,
738 1593 1018 1650 «confecti
1080 1603 1227 1659 sunt,
1285 1597 1400 1657 ait,
1471 1594 1615 1649 oculi
1667 1594 1795 1655 mei,
1859 1607 2053 1663 exspe-

484 1690 698 1738 ctantes
728 1682 919 1739 Deum.
947 1702 965 1736 ›
987 1683 1269 1739 Clamabat
1300 1698 1463 1755 porro
1482 1692 1535 1738 et
1554 1682 1953 1757 vociferabatur
1981 1680 2053 1736 ob

488 1774 893 1830 multitudinem
925 1775 1267 1829 inimicorum
1302 1790 1550 1830 suorum.
1580 1773 1734 1841 Quod
1761 1774 1846 1828 his
1874 1772 2052 1828 verbis

488 1864 734 1919 declarat
762 1880 776 1917 :
816 1884 835 1917 ι
874 1864 1212 1936 Multiplicati
1248 1874 1377 1922 sunt
1407 1882 1572 1937 super
1598 1866 1823 1936 capillos
1857 1865 2052 1935 capitis
2086 1855 2125 1908 Β

482 1957 587 2011 mei
626 1958 721 2029 qui
780 1961 1014 2015 oderunt
1073 1975 1157 2015 me
1202 1962 1393 2030 gratis.
1443 1979 1461 2012 ι
1498 1959 1654 2026 Quod
1699 1960 1745 2014 si
1809 1958 2053 2014 Ecclesia

480 2048 601 2115 ejus
634 2050 707 2105 sit
740 2066 943 2121 corpus
969 2053 1110 2122 ejus,
1144 2052 1445 2107 secundum
1475 2052 1820 2123 Apostolum,
1851 2051 1944 2121 qui
1998 2049 2053 2105 id

480 2141 641 2197 docet
662 2140 748 2197 his
778 2142 959 2199 verbis
995 2161 1007 2198 :
1049 2162 1069 2194 ‹
1106 2141 1217 2198 Vos
1250 2150 1429 2197 autem
1472 2142 1609 2197 estis
1658 2156 1859 2211 corpus
1889 2140 2052 2195 Chri-

480 2230 576 2291 sti,
602 2239 657 2285 et
688 2233 934 2286 membra
963 2248 1029 2287 ex
1077 2240 1235 2303 parte
1258 2234 1310 2299 ³;
1344 2252 1364 2285 ι
1395 2232 1600 2288 dixeris
1641 2232 1885 2287 membra
1930 2247 2054 2286 cor-

480 2323 636 2394 poris
680 2340 801 2393 qua:
850 2325 1024 2395 magis
1082 2325 1393 2380 necessaria
1456 2332 1609 2392 sunt,
1661 2332 1845 2393 atque,
1877 2333 1935 2378 ut
1979 2323 2053 2377 ita

485 2416 692 2479 dicam,
722 2430 938 2479 sensus,
974 2432 1070 2471 eos
1104 2432 1171 2472 ex
1221 2418 1423 2487 populo
1476 2431 1597 2471 esse
1630 2417 1722 2487 qui
1756 2414 2053 2471 necessarii

479 2504 783 2571 habentur;
818 2513 899 2568 ut,
935 2506 1088 2561 verbi
1120 2522 1307 2568 causa,
1342 2516 1505 2577 caput
1539 2506 1780 2576 praefecti
1818 2506 2049 2571 fuerint;

480 2607 564 2655 os,
618 2592 902 2663 magistri;
954 2610 1136 2658 aures,
1208 2596 1505 2665 prudentes
1541 2594 1852 2661 auditores;
1883 2595 2050 2658 oculi,

480 2683 573 2753 qui
616 2684 669 2737 in
701 2682 998 2753 Scripturis
1025 2687 1369 2755 perspicaces
1403 2693 1561 2751 sunt;
1602 2701 1817 2750 manus,
1842 2687 1934 2756 qui
1967 2700 2055 2739 re-

481 2774 585 2829 bus
616 2776 840 2845 agendis
866 2778 1227 2846 promptiores
1264 2796 1276 2830 :
1302 2786 1466 2847 atque
1495 2792 1618 2830 cum
1660 2777 1892 2847 quadam
1921 2793 2053 2848 pro-

486 2864 737 2934 portione
769 2867 849 2921 sic
878 2868 1087 2937 reliqua
1129 2870 1375 2938 corporis
1426 2869 1670 2924 membra
1715 2868 2052 2927 distribuan-

486 2963 597 3013 tur.
622 2955 747 3011 Pari
778 2959 939 3014 modo
967 2961 1194 3031 capillos
1251 2962 1522 3033 intelligas
1570 2979 1693 3020 esse
1740 2965 2050 3020 multitudi-

482 3060 608 3101 nem
637 3054 830 3113 Mam,
862 3063 926 3102 ac
955 3049 1282 3119 superfluam
1316 3052 1532 3106 turbam
1568 3068 1780 3119 eorum,
1813 3055 1902 3124 qui
1954 3058 2053 3109 ali-

481 3154 648 3209 quem
715 3148 969 3194 ornatum
1047 3143 1145 3195 toti
1218 3144 1435 3211 corpori
1504 3145 1819 3207 conciliant,
1873 3162 2050 3216 neque

482 3238 664 3285 tamen
696 3231 921 3300 perinde
951 3234 1246 3287 necessarii
1274 3244 1400 3289 sunt
1438 3250 1503 3289 ac
1532 3235 1746 3305 reliqua
1780 3238 2046 3294 membra.

482 3317 709 3375 Talibus
737 3321 899 3391 igitur
919 3323 1131 3391 capillis
1160 3324 1331 3378 multo
1358 3325 1542 3394 plures
1594 3340 1821 3379 numero
1850 3325 2051 3381 fuerint

480 3410 575 3481 qui
609 3412 771 3465 alieni
795 3421 923 3467 sunt
954 3428 984 3466 a
1016 3413 1138 3479 fide,
1176 3422 1361 3485 utpote
1390 3415 1483 3486 qui
1517 3415 1703 3470 inlata
1729 3425 1781 3471 et
1810 3418 2049 3486 spatiosa

481 3504 569 3557 via
627 3502 903 3557 incedant.
936 3503 1299 3571 Quamobrem
1334 3507 1541 3562 dictum
1577 3517 1663 3563 est
1694 3528 1707 3563 :
1742 3526 1759 3559 ‹
1788 3507 2050 3579 Multipli-

489 3594 599 3649 cati
626 3604 754 3650 sunt
782 3613 947 3668 super
978 3599 1206 3669 capillos
1236 3599 1432 3669 capitis
1468 3602 1573 3656 mei
1596 3600 1935 3672 quiodcrunt
1964 3618 2050 3658 me

481 3687 670 3755 gratis.
684 3706 703 3739 ι
724 3686 903 3745 Gratis
918 3698 1096 3745 autem
1111 3691 1289 3746 odisse
1304 3691 1577 3757 dicuntur,
1594 3693 1688 3763 qui
1706 3694 1906 3747 nullam
1926 3709 2049 3764 pro-

484 3776 625 3831 ferre
650 3778 829 3832 valent
856 3780 970 3834 odii
1001 3796 1245 3846 causam,
1272 3791 1331 3837 ut
1389 3783 1483 3853 qui
1534 3784 1775 3839 salutare
1823 3786 2045 3840 verbum

482 3879 917 3940 persequuntur,
945 3887 1069 3927 cum
1099 3876 1247 3929 nulla
1272 3876 1560 3931 incusandi
1583 3877 1703 3947 ejus
1750 3880 1891 3932 ratio
1918 3895 2048 3951 sup-

481 3968 650 4029 petat.
681 3961 788 4018 Pro
823 3964 919 4018 illo
968 3976 1169 4033 autem,
1207 3985 1226 4018 ‹
1260 3969 1355 4037 qui
1403 3967 1637 4022 oderunt
1681 3984 1767 4024 me
1794 3971 1982 4041 gratis,
2023 3993 2042 4026 ι

481 4054 863 4125 Symmachus,
912 4076 931 4108 ι
968 4059 1213 4113 odientes
1257 4074 1363 4123 me,
1394 4059 1595 4129 inquit,
1645 4062 1763 4116 sine
1795 4079 1981 4120 causa.
2024 4085 2042 4118 ›

478 4140 563 4198 llli
590 4145 793 4215 itaque,
827 4148 923 4207 ait.
958 4150 1308 4220 multiplicati
1335 4159 1463 4205 sunt
1504 4154 1628 4222 plus
1674 4169 1835 4223 quam
1863 4156 2046 4225 capilli

479 4236 677 4305 capitis
710 4238 834 4291 mei.
872 4238 1014 4304 Quin
1042 4242 1203 4295 etiam
1230 4241 1521 4297 confortati
1552 4252 1677 4299 sunt
1698 4245 1901 4301 inimici
1933 4262 2048 4316 per-

480 4334 775 4396 sequentes
820 4344 966 4383 eum.
999 4329 1063 4382 Et
1128 4346 1259 4386 sane
1302 4332 1487 4389 ridere
1515 4343 1619 4400 est,
1647 4351 1755 4403 quo
1805 4343 2046 4407 tempore

479 4417 843 4487 persequendi
910 4418 1143 4475 facultas
1217 4421 1400 4490 datur,
1449 4424 1770 4489 confortari,
1837 4429 2040 4496 extolli,

2154 587 2354 658 μᾶλλον
2385 585 2418 655 ἢ
2452 585 2573 637 τότε
2612 579 2749 634 Σιὼν
2769 618 2784 644 ,
2823 576 3050 646 ἐπείπερ
3097 592 3116 625 ι
3163 574 3252 635 εἰς.
3274 572 3453 624 πᾶσαν
3485 569 3581 641 τὴν
3612 570 3719 639 γῆν

2150 678 2369 748 ἐξῆλθεν
2419 676 2448 727 ὁ
2481 674 2711 745 φθόγγος
2759 669 2958 730 αὐτῶν,
3007 667 3099 719 καὶ
3132 667 3211 727 εἰς
3251 662 3317 715 τὰ
3364 661 3573 732 πέρατα
3618 662 3719 732 τῆς

2150 768 2475 838 οἰκουμένης
2523 765 2592 818 τὰ
2630 765 2847 835 ῥήματα
2896 758 3104 812 αὐτῶν·
3140 776 3159 808 ι
3210 755 3415 808 εἴσεται
3462 753 3610 817 ὅπως
3659 754 3717 806 ἐν

2149 864 2263 925 τοῖς
2296 858 2675 932 προκειμένοις
2721 853 2782 920 ἐξ
2822 851 2984 908 αὐτοῦ
3034 848 3322 923 προσώπου
3376 848 3588 918 εἰρηται
3632 843 3714 910 τὸ,

2156 971 2175 1006 ι
2212 952 2510 1006 Ἐκοπίασα
2563 948 2800 1021 κράζων,
2854 942 3213 1015 ἐϐραγχίασεν
3238 942 3267 993 ό
3308 937 3517 1011 λάρυγξ
3541 954 3663 1007 μου.
3692 956 3713 989 ι

2150 1045 2225 1098 Τὸ
2278 1043 2387 1115 γάρ
2433 1041 2744 1113 παράμονον
2795 1035 2960 1092 αὐτοῦ
3010 1036 3110 1106 τῆς
3157 1032 3283 1104 βοῆς
3354 1031 3444 1085 διὰ
3512 1029 3716 1083 τούτων

2155 1133 2427 1205 σημαίνει.
2482 1130 2555 1184 Ού
2606 1129 2717 1200 γὰρ
2770 1124 2916 1190 ἀπαξ
2973 1122 3100 1179 ποτέ
3151 1121 3350 1192 βοήσας
3406 1116 3711 1188 παρῆλθεν·

2152 1224 2263 1279 ἀλλ’
2305 1225 2392 1278 ἀεὶ
2433 1223 2531 1295 βοᾷ
2568 1223 2659 1276 καὶ
2704 1221 2971 1291 κέκραγεν
3016 1218 3093 1280 εἰς
3135 1213 3233 1277 τὰς
3279 1212 3496 1267 πάντων
3540 1209 3716 1279 ψυχὰς

2151 1316 2237 1370 διά
2261 1315 2369 1369 τῶν
2397 1314 2559 1368 αὑτοῦ
2595 1311 2875 1385 μαθητῶν·
2906 1311 2992 1365 ἀεὶ
3018 1309 3074 1362 δέ
3098 1307 3190 1361 καὶ
3220 1305 3355 1377 πρὸς
3382 1304 3473 1356 τὸν
3497 1301 3717 1371 Πατέρα

2155 1409 2254 1481 βοᾷ
2286 1411 2424 1480 ὑπὲρ
2469 1408 2576 1461 τῶν
2615 1408 2695 1469 εἰς
2737 1404 2895 1458 αὐτὸν
2946 1399 3405 1454 πεπιστευκότων.
3458 1394 3547 1447 Διὸ
3590 1392 3716 1462 ἐξῆς

2152 1499 2420 1568 ἐπιλέγει·
2504 1518 2522 1550 ι
2566 1496 2837 1561 Ἐξέλιπον
2900 1496 2948 1547 οἰ
2994 1490 3257 1562 ὀφθαλμοί
3311 1505 3411 1559 μου
3463 1486 3571 1541 ἀπὸ
3620 1483 3714 1537 τοῦ

2154 1592 2391 1656 ἐλπίζειν
2449 1608 2516 1661 με
2572 1590 2664 1641 ἐπὶ
2712 1588 2802 1641 τὸν
2860 1586 2989 1639 Θεόν
3044 1602 3166 1655 μου.
3197 1602 3216 1635 ι
3279 1579 3422 1634 ’Δντὶ
3476 1577 3533 1631 δὲ
3583 1574 3714 1638 τοῦ,

2160 1700 2177 1733 ι
2207 1681 2469 1747 ἐξέλιπον,
2520 1700 2539 1732 ›
2586 1681 2615 1732 ό
2660 1677 2925 1741 Ἀκύλας,
2978 1694 2996 1726 ι
3063 1671 3468 1740 Ἐτελέσθησαν,
3529 1668 3714 1735 φησὶν,

2153 1776 2201 1827 οἰ
2233 1772 2495 1843 ὀφθαλμοί
2533 1788 2633 1842 μου
2681 1768 3064 1839 περιμένοντες
3120 1765 3211 1817 τὸν
3235 1762 3381 1816 Θεόν.
3408 1780 3425 1812 ι
3462 1757 3620 1811 Ἐϐόα
3658 1756 3716 1809 δὲ

2153 1866 2246 1919 καὶ
2280 1863 2565 1935 ἐκεκράγει
2616 1861 2703 1915 διὰ
2751 1861 2813 1913 τὸ
2857 1859 3057 1929 πλῆθος
3102 1857 3210 1909 τῶν
3259 1851 3468 1923 ἐχθρῶν
3513 1847 3712 1903 αὐτοῦ·

2151 1958 2180 2012 ὃ
2206 1957 2270 2029 δὴ
2302 1957 2597 2030 παρίστησι
2641 1955 2840 2022 λέγων·
2908 1971 2926 2005 ι
2958 1947 3396 2019 Ἐπληθύνθησαν
3437 1944 3579 2015 ὑπὲρ
3617 1941 3718 2004 τὰς

2151 2051 2341 2121 τρίχας
2373 2049 2474 2119 τῆς
2503 2047 2741 2118 κεφαλῆς
2784 2063 2883 2118 μου
2927 2046 2977 2097 οἰ
3014 2041 3292 2115 μισοῦντές
3333 2055 3399 2109 με
3438 2035 3665 2107 δωρεάν.
3691 2051 3711 2085 ι

2153 2144 2216 2196 Εἰ
2255 2141 2313 2195 δὲ
2352 2140 2510 2210 σῶμα
2535 2137 2699 2192 αὑτοῦ
2720 2136 3022 2206 τυγχάνειή
3046 2128 3334 2202 Ἐκκλησία
3362 2124 3545 2187 αὑτοῦ,
3578 2125 3717 2177 κατά

2152 2236 2242 2289 τὸν
2280 2231 2616 2296 Ἀπόστολον,
2651 2231 2708 2294 ὃς
2741 2230 2986 2288 ἐδίδασκε
3006 2226 3177 2295 λέγων
3196 2241 3209 2253 ·
3252 2241 3270 2274 ι
3292 2222 3481 2292 Ὑμεῖς
3508 2219 3566 2271 δέ
3592 2219 3717 2269 ἐστε

2155 2328 2311 2398 σῶμα
2334 2326 2568 2397 Χριστοῦ
2603 2325 2696 2380 καὶ
2731 2323 2866 2394 μέλη
2898 2324 2962 2374 ἐκ
2997 2319 3192 2391 μέρους
3213 2334 3226 2347 ·
3271 2334 3289 2367 ι
3345 2314 3517 2375 εἴποις
3553 2311 3616 2364 ἂν
3648 2309 3717 2362 τὰ

2158 2418 2256 2488 μὲν
2296 2416 2693 2486 ἀναγκαιότερα
2748 2414 2879 2485 μέλη
2927 2412 3019 2464 τοῦ
3061 2410 3328 2481 σώματος,
3369 2409 3463 2462 καί⁵
3504 2406 3600 2469 τά,
3639 2406 3705 2458 ἵν’

2151 2505 2321 2569 οὕτως
2356 2506 2493 2558 εῐπω
2512 2546 2525 2569 ,
2564 2503 2910 2574 αἰσθητήρια,
2938 2502 3061 2564 τοὺς
3093 2498 3419 2568 ἀναγκαίους
3454 2494 3592 2551 εἶναι
3618 2494 3715 2550 τοῦ

2152 2596 2311 2650 λαοῦ·
2367 2591 2476 2649 οἷον
2521 2595 2761 2666 κεφαλὴν
2802 2596 2927 2657 τοὺς
2977 2592 3338 2663 ἡγουμένους,
3390 2590 3561 2660 στόμα
3591 2590 3720 2653 τοὺς
3759 2600 3763 2603 ‘

2151 2688 2522 2752 διδασκάλους,
2562 2689 2655 2741 καὶ
2702 2688 2828 2750 τοὺς
2863 2684 3117 2747 συνετοὺς
3158 2681 3431 2754 ἀκροατὰς
3468 2681 3537 2733 τά
3578 2674 3715 2742 ὦτα,

2149 2780 2275 2843 τοὺς
2334 2778 2642 2849 ὀφθαλμοὺς
2709 2778 2835 2840 τοὺς
2901 2776 3240 2847 διορατικοὺς
3298 2774 3403 2828 τῶν
3465 2774 3502 2825 Γ
3509 2773 3715 2843 ραφῶν,

2151 2872 2338 2941 χεῖρας
2369 2869 2492 2931 τοὺς
2540 2867 3042 2939 πρακτικωτέρους,
3088 2864 3295 2928 τούτοις
3334 2881 3395 2917 τε
3443 2863 3718 2932 ἀναλόγως

2150 2960 2220 3012 τὰ
2250 2959 2413 3013 λοιπά
2446 2960 2583 3030 μέλη
2613 2958 2706 3012 τοῦ
2738 2958 3005 3028 σώματος,
3031 2953 3110 3021 οἷς
3143 2956 3429 3010 ἀκόλουθον
3459 2956 3544 3026 εἴη
3576 2958 3717 3007 νοεῖν

2149 3052 2340 3124 τρίχας
2366 3048 2503 3107 εἶναι
2536 3051 2628 3105 τοῦ
2664 3053 2860 3116 παντὸς
2892 3052 2960 3106 τά
2989 3051 3188 3123 πλήθη,
3224 3051 3316 3104 καὶ
3344 3050 3434 3103 τὸν
3464 3049 3718 3120 περιττὴν

2151 3144 2305 3215 ὄχλον
2340 3145 2602 3217 φέροντας
2651 3145 2748 3214 μέν
2792 3162 2913 3197 τινα
2949 3144 3151 3214 κόσμον
3204 3143 3309 3212 ὅλῳ
3358 3140 3435 3211 τῷ
3479 3139 3716 3210 σώματι,

2155 3233 2228 3305 μὴ
2281 3234 2384 3306 μὴν
2429 3234 2732 3302 ἀναγκαίαν
2780 3233 2900 3286 τινὰ
2958 3233 3149 3304 χρῆσιν
3203 3230 3391 3302 ὁμοίαν
3432 3228 3499 3281 τά
3555 3228 3721 3282 λοιπά

2155 3326 2309 3397 μέλη.
2347 3326 2466 3379 Τῶν
2490 3322 2582 3379 οὖν
2605 3326 2861 3379 τοιούτων
2897 3324 3098 3396 τριχῶν
3127 3322 3306 3393 πολλῷ
3338 3322 3578 3375 πλεῖστοι
3609 3315 3719 3374 εἷεν

2149 3416 2215 3471 ἂν
2254 3419 2302 3470 οἰ
2341 3416 2608 3489 ἀλλότριοι
2648 3417 2748 3487 τῆς
2795 3416 3049 3483 πίστεως,
3085 3416 3177 3469 ἆτε
3216 3415 3280 3487 δὴ
3317 3414 3415 3485 τὴν
3458 3414 3718 3467 πλατεῖαν

2151 3512 2245 3564 καὶ
2308 3511 2405 3583 τὴν
2468 3509 2776 3583 εὐρύχωρον
2847 3509 3171 3579 βαδίζοντες.
3256 3508 3349 3561 Διὸ
3432 3506 3714 3558 λέλεκται·

2155 3620 2173 3652 ι
2198 3600 2637 3672 Ἐπληθύνθησαν
2682 3601 2821 3672 ὑπὲρ
2856 3599 2953 3663 τὰς
2980 3600 3166 3671 τρίχας
3200 3599 3299 3669 τῆς
3329 3597 3571 3666 κεφαλῆς
3615 3613 3715 3666 μου

2148 3695 2197 3745 οἰ
2235 3694 2517 3765 μισοῦντές
2555 3711 2620 3765 με
2653 3694 2879 3764 δωρεάν.
2914 3712 2932 3744 ι
2983 3692 3197 3763 Δωρεάν
3230 3692 3285 3744 δὲ
3322 3694 3497 3761 μισεῖν
3530 3689 3715 3755 λέγον-

2148 3801 2240 3837 ται
2272 3786 2320 3837 οἰ
2355 3786 2456 3838 ούκ
2490 3785 2704 3855 ἔχοντες
2736 3784 2913 3837 αἰτίαν
2940 3786 3111 3836 εἰπεῖν
3159 3782 3249 3835 τοῦ
3297 3783 3505 3853 μίσους,
3555 3781 3631 3842 ῶς
3668 3781 3717 3832 οἰ

2148 3872 2236 3927 τὸν
2269 3876 2531 3946 σωτήριον
2556 3874 2708 3944 λόγον
2731 3874 3014 3937 διώκοντες
3042 3876 3135 3928 καὶ
3156 3860 3327 3945 ’μηδὲν
3360 3872 3714 3942 καταμέμφε-

2151 3964 2272 4017 σθαι
2314 3965 2462 4036 αύτῷ
2494 3966 2799 4037 δυνάμενοι.
2850 3966 2993 4019 Ἀντὶ
3025 3966 3080 4021 δὲ
3114 3967 3227 4031 τοῦ,
3274 3986 3291 4017 ι
3328 3968 3377 4018 οἰ
3430 3966 3713 4036 μισοῦντές

2151 4071 2219 4125 με
2260 4053 2497 4124 δωρεάν,
2530 4074 2548 4106 ι
2604 4058 2631 4108 ὁ
2684 4053 3008 4125 Σύμμαχος,
3074 4075 3093 4106 ι
3146 4057 3208 4109 Οἱ
3259 4054 3542 4126 μισοῦντές
3610 4074 3710 4126 με,

2150 4144 2336 4215 φησὶν,
2395 4144 2671 4208 ἀναιτίως.
2727 4164 2746 4196 ›
2787 4138 2945 4197 Οὗτοι
2983 4142 3076 4200 οὖν
3122 4146 3317 4217 μᾶλλον
3357 4145 3710 4207 ἐπλεόνασαν,

2150 4236 2332 4307 φησὶν,
2382 4236 2414 4306 ἦ
2458 4236 2515 4289 αἰ
2555 4236 2741 4307 τρίχες
2791 4237 2890 4307 τῆς
2938 4236 3180 4307 κεφαλῆς
3229 4255 3351 4309 μου.
3407 4237 3569 4290 Ἀλλά
3619 4238 3711 4290 καί

2149 4325 2595 4399 ὲκραταιώθησαν
2626 4329 2675 4380 οἰ
2708 4327 2891 4399 ἐχθροὶ
2921 4328 3085 4382 αὐτοῦ
3120 4332 3167 4381 οἰ
3198 4328 3481 4392 διώκοντες
3528 4330 3708 4382 αὐτόν.

2153 4419 2280 4471 Ἷδοι
2318 4417 2447 4485 γοῦν
2477 4436 2580 4484 τις,
2614 4418 2736 4472 καθ’
2771 4420 2996 4473 ἕκαστον
3036 4421 3221 4492 καιρὸν
3255 4420 3377 4476 καθ’
3408 4421 3465 4473 ὃν
3499 4420 3710 4474 διώκειν

478 4509 758 4579 malaque
781 4525 941 4580 posse
977 4512 1225 4567 inimicos
1255 4515 1394 4582 ejus.
1450 4515 1653 4585 Injuste
1701 4528 1880 4573 autem
1915 4536 2038 4589 per-

2150 4509 2587 4580 συγχωροῢνται,
2640 4514 3105 4583 κραταιουμένους
3156 4515 3248 4566 καὶ
3298 4514 3709 4584 ἐπαιρομένους,

481 4611 785 4671 sequuntur
807 4603 979 4666 illum,
1002 4611 1056 4660 et
1081 4605 1251 4674 gratis
1280 4607 1531 4663 oderunt.
1557 4610 1691 4664 Cum
1722 4613 1864 4666 enim
1894 4614 2044 4668 nulla

478 4692 657 4748 subsit
691 4693 991 4751 inimicitiae
1019 4711 1220 4762 causa,
1254 4714 1431 4769 neque
1477 4714 1899 4758 consentaneam
1956 4721 2045 4757 ra-

478 4783 683 4838 tionem
719 4783 967 4852 proferre
997 4786 1211 4840 valeant
1236 4802 1336 4841 cur
1364 4798 1794 4859 persequantur,
1842 4790 2045 4859 injuste

475 4882 660 4929 tamen
694 4882 909 4928 vexant.
943 4876 1040 4931 Ille
1068 4892 1201 4932 vero
1255 4894 1378 4932 cum
1428 4881 1565 4934 nihil
1618 4884 1877 4951 rapuerit,
1905 4882 2041 4935 nihil

477 4962 691 5032 injuriae
723 4966 987 5031 intulerit,
1011 4970 1336 5041 supplicium
1366 4972 1484 5027 luit.
1509 4972 1641 5027 Nam
1665 4974 1711 5028 si
1741 4974 2043 5029 secundum

474 5055 623 5125 leges
653 5071 829 5125 poma:
855 5073 884 5111 a
931 5061 1040 5115 reis
1095 5064 1399 5131 repetenda:
1434 5065 1563 5129 sint,
1593 5081 1768 5135 neque
1800 5067 1916 5134 ipse
1945 5080 2043 5119 ne-

474 5161 581 5215 que
614 5152 859 5215 germani
906 5151 1026 5220 ejus
1074 5152 1330 5223 discipuli
1366 5156 1548 5226 aliquo
1577 5156 1631 5210 in
1684 5155 1922 5210 facinore
1946 5156 2042 5210 de-

475 5237 732 5308 prehensi
784 5248 935 5296 sunt.
1003 5240 1137 5297 Jure
1191 5260 1322 5315 ergo
1366 5248 1441 5300 ait
1476 5265 1489 5300 :
1524 5266 1543 5298 ‹
1578 5247 1709 5313 Quae
1744 5264 1852 5301 non
1884 5249 2038 5318 rapui

472 5335 607 5383 tunc
666 5329 1037 5385 exsolvebam.
1087 5351 1105 5384 ι
1158 5333 1236 5386 Ac
1287 5344 1533 5403 tempore
1594 5337 1869 5404 passionis
1928 5354 2042 5394 sua:

472 5421 642 5490 gratis
662 5421 1036 5489 cruciabatur,
1069 5431 1124 5478 ct
1152 5424 1481 5494 supplicium
1507 5425 1707 5490 luebat,
1740 5442 1866 5481 cum
1907 5430 2039 5485 nulli

2149 4599 2242 4653 καὶ
2272 4600 2441 4653 πολλὰ
2479 4600 2806 4672 δυναμένους
2841 4605 2968 4666 τοὺς
2996 4603 3220 4675 ἐχθροὺς
3262 4605 3445 4659 αὑτοῦ,
3488 4605 3709 4668 ’Λδίκως

2145 4692 2202 4745 δὲ
2228 4692 2387 4744 αὐτὸν
2414 4691 2694 4747 διώκουσιν
2722 4689 2886 4759 οὗτοι,
2918 4695 3011 4748 καὶ
3043 4696 3264 4767 ἐμίσουν
3291 4697 3449 4753 αὑτὸν
3481 4697 3709 4768 δωρεάν.

2145 4783 2431 4854 Μηδεμίαν
2460 4784 2567 4856 γὰρ
2598 4786 2810 4857 ἔχοντες
2840 4786 3091 4839 ὑπόθεσιν
3120 4786 3337 4858 ἔχθρας,
3373 4788 3507 4858 μηδέ
3536 4790 3710 4851 αἰτίας

2146 4874 2317 4927 εἰπεῖν
2346 4873 2599 4943 εὐλόγους
2627 4870 2728 4927 οἷοί
2767 4891 2827 4926 τε
2861 4874 2928 4927 δι’
2959 4874 3045 4937 ἃς,
3064 4875 3369 4939 διώκουσιν,
3403 4876 3553 4944 ὅμως
3592 4874 3710 4927 ἁδί-

2146 4981 2257 5027 κως
2304 4966 2465 5019 αὐτὸν
2499 4965 2800 5019 διώκουσιν.
2862 4967 2921 5021 '0
2953 4968 3010 5020 δὲ
3056 4967 3194 5038 ὑπὲρ
3236 4962 3311 5021 ὧν
3362 4968 3436 5039 μὴ
3470 4969 3710 5039 ἥρπασε,

2148 5055 2282 5127 μηδὲ
2313 5057 2554 5127 ἠδίκησε,
2588 5058 2809 5112 κόλασιν
2843 5059 3149 5129 ὑπέμεινεν.
3184 5060 3245 5111 Εἰ
3294 5058 3401 5129 γὰρ
3443 5058 3585 5111 κατὰ
3622 5060 3707 5113 νό-

2148 5164 2281 5217 μους
2328 5151 2590 5220 προσήκει
2625 5149 2780 5220 δίκην
2818 5149 3232 5222 εἰσπράττεσθαι
3282 5152 3408 5213 τοὺς
3452 5150 3709 5219 ἠδικηκό-

2146 5256 2279 5304 τας,
2309 5240 2429 5293 ούτε
2470 5241 2525 5293 δὲ
2557 5241 2718 5304 αὐτὸς
2758 5240 2880 5294 οὔτε
2924 5242 2974 5293 οἰ
3015 5239 3178 5294 αὑτοῦ
3212 5242 3425 5311 γνήσιοι
3470 5243 3707 5313 μαθηταί

2144 5333 2359 5403 ἤλωσάν
2400 5350 2528 5385 ποτε
2579 5333 2670 5385 ἐπὶ
2709 5334 3055 5406 παρανομίᾳ·
3100 5333 3324 5396 εἰκότως
3368 5334 3564 5404 φησίν·
3607 5337 3705 5386 «Ἀ

2144 5426 2241 5495 οὐχ
2275 5426 2494 5496 ἦρπασα
2537 5426 2655 5478 τότε
2687 5426 3025 5480 ἀπετίννυον.
3051 5445 3071 5479 ι
3104 5426 3216 5479 Καὶ
3241 5425 3381 5479 κατά
3404 5425 3494 5479 τὸν
3521 5427 3709 5496 καιρὸν

471 5511 728 5580 injuriam
758 5512 997 5570 fecisset.
1036 5514 1217 5581 Quare
1252 5526 1381 5569 tunc
1411 5515 1622 5571 dicebat
1661 5534 1674 5568 :
1715 5538 1733 5571 ι
1766 5518 1897 5586 Qua:
1932 5538 2037 5575 non

2150 5517 2196 5570 Ξὲ
2239 5517 2331 5570 τοῦ
2375 5518 2577 5581 πάθους
2620 5517 2781 5570 αὐτοῦ
2825 5517 3029 5588 δωρεὰν
3074 5518 3298 5588 ἔπασχε,
3339 5519 3433 5571 καὶ
3471 5502 3609 5588 mp
3634 5512 3716 5570 ὧοι

471 5603 628 5673 rapui
652 5612 782 5658 tunc
826 5604 1212 5671 exsolvebam;
1258 5626 1277 5659 ι
1329 5606 1467 5673 sive,
1528 5608 1828 5664 secundum
1877 5610 2041 5680 Aqui-

546 5778 565 5809 ’
611 5776 753 5836 Dsal.
797 5796 951 5850 mu,
994 5782 1044 5836 5.
1122 5782 1143 5814 ³
1185 5781 1199 5836 l
1239 5783 1364 5841 Cor.
1409 5800 1505 5854 xu,
1544 5786 1632 5840 27.

2147 5610 2220 5681 μὴ
2254 5608 2500 5679 ἠδικήκει
2545 5610 2813 5681 τιμωρίαν
2856 5608 3045 5663 ἐδίδου.
3098 5609 3189 5662 Διὸ
3221 5610 3314 5663 καὶ
3344 5608 3462 5662 τότε
3494 5607 3705 5677 ἔλεγεν·
