4068 6534
361 380 465 436 7'55

1491 375 1997 434 COMMENTARIA
2036 375 2100 431 IN
2138 375 2475 433 PSALMOS.

3500 368 3602 424 754

362 512 382 546 ι
417 491 487 545 Ἀ
536 490 635 562 οὐχ
677 490 923 562 ἥρπαζον
972 490 1092 545 τότε
1135 489 1478 546 ἀπετίννυον·
1515 510 1534 544 ι
1560 492 1619 563 ἢ,
1658 490 1796 545 κατὰ
1835 492 1919 545 τὸν

2030 492 2182 546 lam:
2227 512 2246 545 ι
2288 492 2419 559 Quae
2453 506 2561 546 non
2591 490 2861 545 violenter
2905 488 3107 545 abstuli
3166 493 3299 542 tunc
3345 485 3603 541 restitue-

368 584 630 640 ’Δκύλανο
671 586 773 639 «Ἃ
802 585 903 639 οὐκ
935 584 1239 656 ὲὸιασάμην
1271 585 1390 638 τότε
1424 584 1777 658 ἐπέστρεφον.
1801 605 1820 637 ι

430 716 451 750 ε
471 696 533 751 ’0
556 696 710 763 Θεὸς,
742 698 805 751 σὺ
833 696 1004 766 ἔγνως
1026 696 1125 767 τὴν
1158 696 1469 769 ἀφροσύνην
1499 714 1623 769 μου.
1660 716 1679 750 ι
1718 698 1927 768 Ὠσπερ

351 788 701 859 ἀνεγκλήτως
723 788 753 840 ό
782 787 924 851 θεῖος
947 785 1266 851 Ἀπόστολος
1283 789 1483 857 μωρὸν
1498 788 1606 842 τοῦ
1623 789 1770 843 Θεοῦ
1790 788 1897 843 ὠνό
1911 817 1928 830 ο

357 896 497 951 μασε
521 879 583 933 τὸ
606 877 779 942 πάθος
799 878 894 931 τοῦ
916 878 1191 950 Σωτῆρος,
1216 879 1312 932 καὶ
1335 878 1621 934 ἀσθένειαν
1641 880 1735 935 τὸν
1761 897 1926 934 σταυ-

356 972 467 1045 ρὸν,
506 970 675 1026 εἰπών
692 989 706 1004 ·
736 989 755 1024 ι
779 968 1125 1044 Ἐσταυρώθη
1150 970 1209 1036 ἐξ
1239 971 1522 1036 ἀσθενείας
1542 989 1589 1024 ἰ
1613 973 1707 1027 καὶ
1731 972 1891 1027 πάλιν
1907 989 1923 1005 ’

355 1086 375 1120 ι
409 1068 601 1138 Ἡμεῖς
664 1065 721 1119 δὲ
780 1063 1128 1135 κηρύσσομεν
1192 1064 1427 1135 Χριστὸν
1490 1064 1923 1138 ἐσταυρωμένον,

362 1156 637 1219 Ἰουδαίοις
672 1155 769 1225 μὲν
800 1152 1116 1217 σκάνδαλον,
1155 1151 1333 1207 ἔθνεσι
1358 1152 1417 1207 δὲ
1459 1154 1703 1225 μωρίαν’
1744 1154 1826 1207 ὅτι
1865 1154 1926 1207 τὸ

353 1246 534 1318 μωρὸν
562 1244 656 1298 τοῦ
688 1243 823 1298 Θεοῦ
863 1241 1167 1316 σοφώτερον
1194 1242 1301 1297 τῶν
1329 1242 1628 1317 ἀνθρώπων
1660 1245 1797 1310 ἐστὶ,
1831 1245 1925 1299 καὶ

346 1339 408 1393 τὸ
437 1338 664 1402 ἀσθενὲς
696 1338 789 1391 τοῦ
814 1334 949 1390 Θεοῦ
985 1335 1335 1408 ἰσχυρότερον
1381 1336 1489 1390 τῶν
1531 1336 1833 1408 ἀνθρώπων
1852 1353 1866 1368 ο
1896 1357 1917 1390 ι

344 1430 488 1484 οὕτω
527 1431 621 1484 καὶ
659 1429 755 1485 νῦν
794 1430 895 1484 οὐκ
933 1429 1001 1485 ἂν
1043 1429 1309 1502 ἁμάρτοις
1342 1430 1441 1501 τὴν
1496 1430 1725 1484 ἐνταῦθα
1765 1430 1920 1500 λεγο-

347 1524 517 1596 μένην
566 1524 876 1595 ἀφροσύνην
923 1522 1322 1596 παραπλησίως
1367 1523 1566 1595 νοήσας
1611 1526 1676 1594 τῇ
1725 1523 1923 1595 ὄνομα-ο

345 1616 529 1687 σθείσῃ
557 1615 708 1688 παρά
735 1615 811 1687 τῷ
848 1615 1154 1688 Ἀποστόλῳ
1187 1615 1384 1688 μωρίᾳ.
1425 1614 1583 1668 Ἀλλὰ
1611 1615 1706 1669 καὶ
1733 1614 1922 1686 ὥσπερ

342 1708 487 1777 ἔγνω
518 1707 723 1780 Κύριος
770 1709 898 1772 τοὺς
942 1708 1101 1773 ὄντας
1144 1707 1345 1772 αὐτοῦ,
1384 1708 1613 1780 ἐπείπερ
1653 1707 1921 1779 ἐξαίρετοι

339 1800 485 1863 τινές
524 1800 663 1854 εἰσιν
691 1802 741 1854 οἱ
774 1801 874 1872 τῆς
904 1800 998 1854 τοῦ
1023 1801 1159 1855 Θεοῦ
1200 1801 1452 1871 γνώσεως
1490 1800 1914 1873 κατηξιωμένοι·

338 1890 512 1955 οὕτως
539 1893 634 1946 καὶ
663 1894 697 1964 ἡ
745 1892 980 1947 ἐνταῦθα
1027 1892 1328 1965 ἀφροσύνη,
1364 1891 1489 1957 ἀξία
1528 1892 1625 1962 τῆς
1668 1890 1920 1960 γνώσεως

337 1982 682 2052 τυγχάνουσα
726 1984 821 2036 τοῦ
870 1982 1025 2048 Θεοῦ,
1080 1984 1252 2054 μέγαν
1294 1982 1415 2036 τινὰ
1451 1982 1545 2035 καὶ
1592 1981 1759 2053 βαθὺν
1805 1977 1918 2052 εἶχε

336 2072 514 2142 λόγον.
561 2074 637 2127 Οὐ
679 2072 790 2144 γὰρ
846 2073 999 2144 παρὰ
1046 2073 1143 2145 τὴν
1198 2073 1295 2145 σὴν
1341 2073 1555 2144 βουλὴν,
1602 2073 1725 2126 οὐδὲ
1770 2072 1921 2144 παρά

334 2164 436 2236 τὴν
490 2164 589 2237 σὴν
618 2164 820 2234 γνῶσιν
863 2165 1099 2235 ἐγένετο,
1153 2166 1338 2237 φησὶν,
1384 2169 1417 2236 ὴ
1467 2164 1747 2237 ἀφροσύνη
1793 2182 1917 2236 μου.

338 2255 479 2309 Ποία
528 2256 586 2309 δὲ
636 2256 774 2327 αῦτη
824 2258 874 2310 εἰ
930 2257 1003 2327 μὴ
1050 2259 1084 2328 ἡ
1124 2255 1456 2328 νομιζομένη
1523 2260 1635 2322 τοῖς
1677 2256 1917 2324 πολλοῖς;

349 2345 440 2409 Ὦς
480 2345 588 2417 γὰρ
630 2347 664 2417 ἡ
704 2346 882 2417 μωρία
914 2347 1167 2418 Ἕλλησιν
1220 2347 1496 2419 ἐνομίζετο
1543 2348 1744 2420 μωρία,
1778 2348 1922 2402 κατά

342 2434 528 2505 βαθεῖς
586 2434 643 2488 δὲ
688 2434 880 2503 λόγους
931 2435 1067 2489 Θεοῦ
1131 2435 1529 2490 συνεστελεῖτον
1592 2438 1687 2491 καὶ
1739 2433 1806 2509 ἦν
1859 2437 1920 2491 τὸ

337 2527 471 2599 παρ’
500 2525 807 2598 ἀνθρώποις
845 2527 1028 2599 μωρὸν
1072 2528 1426 2600 νομιζόμενον
1475 2527 1780 2602 σοφώτερον
1810 2529 1918 2585 τῶν

337 2618 676 2691 ἀνθρώπων
720 2619 989 2692 ηὑδόκησε
1036 2620 1146 2693 γὰρ
1193 2621 1222 2673 ὁ
1266 2619 1400 2684 Θεὸς
1442 2619 1530 2675 διὰ
1575 2621 1674 2692 τῆς
1708 2621 1919 2693 μωρίας

334 2711 431 2766 τοῦ
463 2711 814 2784 κηρύγματος
840 2712 1011 2766 σῶσαι
1055 2713 1179 2776 τοὺς
1215 2711 1587 2777 πιστεύονταςο
1620 2713 1790 2777 οὕτως
1823 2714 1918 2769 καὶ

336 2804 372 2873 ἡ
402 2801 718 2874 ἀφροσύνη,
758 2804 825 2874 ἣν
869 2802 936 2856 δι’
984 2805 1132 2875 ἡμᾶς
1174 2804 1382 2874 ὑπῆλθε
1438 2802 1680 2869 κενώσας
1727 2804 1918 2859 ἑαυτὸν

336 2896 433 2951 καὶ
480 2894 692 2968 μορφὴν
719 2894 906 2948 δούλου
950 2894 1128 2951 λαϐὼν
1154 2897 1249 2949 καὶ
1289 2896 1479 2969 μέχρις
1512 2896 1741 2950 θανάτου
1774 2914 1918 2968 παρ-

335 2987 530 3052 ελθὼν,
595 2989 878 3060 σοφωτέρα
923 2989 1021 3060 τῆς
1069 2989 1178 3042 τῶν
1230 2987 1530 3061 ἀνθρώπων
1595 2990 1786 3058 σοφίας
1827 2985 1916 3062 ἦν.

347 3081 408 3138 Ὀ
431 3082 587 3151 λόγος
614 3082 723 3154 γάρ
766 3084 795 3136 ό
835 3081 929 3135 τοῦ
964 3080 1199 3154 σταυροῦ
1232 3084 1344 3146 τοῖς
1381 3083 1478 3154 μὲν
1503 3082 1915 3154 ἀπολλυμένοις,

2030 584 2175 637 bam.
2208 601 2228 634 ι

2100 693 2269 751 Vens.
2300 695 2354 750 (ἱ.
2391 713 2409 746 ι
2450 694 2613 758 Deus,
2649 702 2707 748 tu
2753 694 2863 750 scis
2914 690 3280 769 insipientiam
3338 703 3537 743 meam.
3576 707 3593 738 ι

2029 786 2502 853 Quemadmodum
2578 786 2800 841 divinus
2852 783 3148 854 Apostolus
3202 780 3427 837 stultum
3475 778 3595 841 Dei,

2028 879 2339 950 passionem
2374 876 2675 932 Salvatoris
2698 917 2713 941 .
2745 883 2799 932 et
2833 891 3075 939 crucem,
3108 873 3480 928 inﬁrmitatem
3508 871 3597 925 in-

2026 971 2287 1041 culpatim
2315 970 2532 1026 vocavit
2575 970 2766 1025 dicens
2808 987 2822 1023 :
2859 988 2879 1021 ‹
2915 968 3223 1023 Crucilixus
3247 976 3420 1021 estex
3448 963 3599 1020 inﬁr—

2025 1063 2219 1117 mitate
2242 1062 2306 1129 ⁸;
2344 1080 2366 1115 ι
2399 1077 2463 1116 ac
2508 1077 2770 1117 rursum:
2808 1078 2827 1111 ι
2867 1059 2979 1115 Nos
3026 1069 3204 1115 autem
3241 1057 3598 1130 pmdicamus

2025 1148 2304 1204 Christum
2359 1147 2707 1213 crucifixum,
2736 1147 2942 1204 Judaeis
2986 1149 3207 1219 quidem
3241 1146 3595 1211 scandalum,

2024 1240 2282 1310 gentibus
2311 1247 2491 1295 autem
2549 1240 2861 1305 stultitiam,
2889 1242 3015 1311 quia
3062 1239 3206 1310 quod
3252 1239 3480 1293 stultum
3512 1243 3599 1291 est

2025 1330 2143 1395 Dei,
2175 1332 2480 1402 sapientius
2509 1341 2595 1389 est
2619 1332 2962 1387 hominibus:
2984 1340 3038 1387 et
3053 1331 3200 1403 quod
3219 1330 3491 1385 inﬁrmum
3512 1334 3598 1383 est

2024 1423 2142 1486 Dei.
2170 1423 2364 1479 fortius
2380 1432 2464 1479 est
2486 1424 2801 1480 hominibus
2820 1426 2840 1456 ⁵
2863 1443 2877 1492 ;
2904 1445 2920 1476 ι
2944 1426 3022 1481 sic
3044 1433 3100 1479 ct
3130 1424 3183 1477 in
3214 1421 3468 1493 praesenti
3484 1434 3595 1474 non

2030 1516 2396 1579 aberraveris,
2430 1517 2477 1571 si
2514 1517 2885 1586 insipientiam
2926 1517 3013 1572 hic
3065 1524 3442 1577 memoratam,
3479 1509 3598 1581 pari

2021 1608 2235 1661 ratione
2278 1607 2550 1679 intelligas
2583 1618 2745 1678 atque
2792 1608 3083 1663 stultitiam
3116 1608 3185 1662 ab
3216 1604 3478 1677 Apostolo
3512 1600 3600 1658 di-

2022 1703 2188 1751 ctam.
2216 1696 2321 1751 Sed
2355 1697 2499 1751 sicut
2528 1700 2679 1753 novit
2714 1698 2977 1753 Dominus
3007 1697 3098 1767 qui
3129 1707 3257 1753 sunt
3278 1696 3420 1766 ejds,
3461 1708 3592 1765 quo-

2022 1786 2170 1840 niam
2195 1787 2415 1857 quidam
2445 1788 2631 1843 selecti
2657 1789 2905 1844 homines
2931 1797 3060 1844 sunt
3077 1787 3172 1844 Dei
3191 1787 3501 1859 cognitione
3521 1785 3601 1839 di-

2022 1879 2192 1947 gnati,
2244 1878 2316 1932 ita
2364 1878 2466 1933 hoc
2520 1879 2641 1934 loco
2694 1882 3005 1951 insipientia
3034 1880 3146 1947 illa,
3173 1896 3294 1950 qua:
3319 1879 3483 1949 digna
3512 1883 3599 1932 est

2023 1968 2118 2024 Dei
2167 1971 2497 2040 cognitione,
2533 1988 2786 2044 magnam
2835 1973 3275 2045 profundamque
3328 1972 3598 2027 rationem

2022 2059 2434 2131 habuit.Neque
2459 2063 2602 2117 enim
2630 2073 2827 2133 praeter
2856 2064 3190 2119 voluntatem
3218 2079 3281 2118 ac
3299 2073 3493 2134 praeter
3511 2077 3600 2117 co-

2021 2151 2322 2221 gnitionem
2348 2161 2496 2206 tuam
2528 2153 2631 2207 fuit
2653 2154 2743 2209 illa
2798 2154 3112 2225 insipientia
3154 2168 3297 2209 mea.
3337 2152 3597 2219 Quaenam

2023 2243 2137 2311 illa,
2162 2244 2268 2299 nisi
2291 2260 2412 2315 quae
2441 2247 2565 2300 talis
2614 2263 2647 2300 a
2683 2248 2872 2303 multis
2900 2246 3228 2318 reputatur?
3258 2245 3413 2302 Sicut
3455 2245 3600 2299 enim

2022 2334 2343 2407 insipientia
2368 2340 2460 2393 illa
2489 2340 2695 2396 Grecis
2726 2341 3042 2412 insipientia
3082 2339 3488 2402 aestimabatur,
3514 2351 3601 2393 se-

2021 2432 2267 2485 cundum
2299 2434 2629 2503 profundam
2658 2450 2788 2490 vero
2829 2434 2925 2491 Dei
2965 2435 3257 2498 rationem,
3296 2433 3364 2488 ad
3401 2431 3599 2487 melius

2022 2525 2377 2592 vertebatur;
2407 2533 2461 2579 et
2492 2524 2639 2595 quod
2673 2524 2744 2580 ab
2780 2523 3097 2580 hominibus
3117 2523 3343 2579 stultum
3372 2521 3603 2593 putaba-

2023 2622 2136 2681 tur,
2187 2616 2492 2687 sapientius
2530 2625 2648 2672 erat
2680 2616 3034 2683 hominibus;
3069 2631 3195 2671 nam
3245 2613 3356 2670 Deo
3396 2612 3603 2685 placuit

2021 2722 2117 2778 per
2149 2707 2435 2763 stultitiam
2460 2708 2867 2777 praedicationis
2883 2708 3169 2763 credentes
3190 2707 3373 2763 salvos
3396 2706 3598 2769 facere.

2024 2801 2105 2855 sic
2132 2810 2186 2856 et
2216 2801 2470 2865 stultitia,
2494 2817 2657 2872 quam
2688 2810 2911 2873 propter
2935 2817 3038 2855 nos
3083 2801 3272 2864 subiit,
3304 2800 3601 2855 humiliatus

2021 2893 2286 2961 seipsum,
2348 2891 2581 2946 formam
2662 2893 2806 2947 servi
2876 2891 3177 2961 accipiens,
3204 2901 3258 2946 et
3302 2906 3476 2961 usque
3530 2889 3604 2944 ad

2023 2993 2255 3039 mortem
2297 2985 2587 3049 accedens,
2637 2985 2939 3055 sapientior
2988 2985 3106 3056 ipsa
3167 2985 3449 3040 hominum
3511 2999 3601 3039 sa-

2023 3076 2229 3152 pientia
2261 3087 2398 3133 erat.
2425 3076 2560 3131 Nam
2596 3078 2779 3133 crucis
2806 3079 2942 3134 ratio
2969 3080 3323 3150 pereuntibus
3354 3078 3598 3149 quidem,

334 3176 503 3247 φησιν
555 3176 584 3228 ό
634 3173 1000 3238 ’Δπόστολος,
1054 3173 1235 3245 μωρία
1283 3175 1463 3239 ἐστὶν,
1505 3176 1554 3230 εἰ
1602 3175 1659 3228 δὲ
1712 3175 1915 3247 μωρία,

2024 3170 2201 3241 inquit
2229 3168 2548 3240 Apostolus,
2587 3168 2823 3225 stultitia
2853 3179 2957 3228 est.
2989 3170 3149 3237 Quod
3188 3171 3235 3227 si
3284 3170 3513 3227 stultitia
3546 3177 3603 3225 et

332 3270 430 3322 καὶ
478 3264 794 3337 ἀφροσύνη,
855 3268 968 3329 τοῖς
1019 3266 1076 3319 δὲ
1124 3266 1455 3340 σωζομένοις
1508 3270 1640 3339 ἡμῖν
1690 3266 1919 3339 δύναμις

331 3357 472 3412 Θεοῦ
534 3358 670 3411 ἐστι.
733 3356 945 3428 Ταύτην
1003 3353 1095 3412 οὖν
1144 3358 1244 3429 τὴν
1300 3359 1612 3431 ἀφροσύνην
1675 3360 1769 3413 καὶ
1820 3358 1919 3430 τὴν

336 3441 549 3521 μωρίαν
598 3447 700 3502 οὐκ
749 3450 1016 3520 ἠγνόησεν
1059 3452 1087 3504 ὁ
1138 3449 1302 3514 Θεόςο
1347 3450 1511 3508 αὐτοῦ
1571 3450 1680 3523 γὰρ
1739 3451 1919 3523 κρίσει

332 3542 648 3613 γεγένηται.
711 3542 801 3596 Διό
850 3559 1050 3613 φησιν·
1111 3560 1129 3594 ι
1166 3542 1223 3596 '0
1276 3541 1437 3607 Θεὸς,
1486 3544 1549 3598 σὺ
1597 3543 1767 3611 ἔγνως
1820 3542 1918 3614 τὴν

330 3633 648 3705 ἀφροσύνην
683 3651 805 3704 μου.
839 3653 857 3684 ι
928 3632 1227 3704 ’Δπήλλαξε
1280 3632 1337 3686 δὲ
1376 3635 1523 3705 ἡμᾶς
1576 3635 1918 3706 πραγμάτων

330 3728 362 3779 ὁ
389 3724 717 3798 Σύμμαχος,
756 3725 1098 3797 ἑρμηνεύσας
1135 3725 1229 3779 καὶ
1270 3725 1474 3779 εἰπών·
1533 3744 1550 3776 ι
1574 3726 1632 3779 '0
1665 3725 1817 3789 Θεὸς,
1853 3728 1916 3780 σὺ

330 3818 483 3887 οἶδας
513 3821 612 3893 τὴν
645 3819 899 3891 ἀπειρίαν
946 3837 1046 3891 μου
1074 3835 1087 3849 ·
1123 3838 1140 3869 ι
1199 3820 1457 3891 ἀπειρίαν
1489 3820 1690 3892 δηλαδὴ
1727 3822 1826 3891 τὴν
1860 3823 1918 3875 ὲν

332 3915 663 3989 ἀνθρώποις.
709 3915 820 3985 Τῆς
845 3912 954 3985 γὰρ
981 3915 1038 3968 ὲν
1071 3912 1377 3985 ἀνθρώποις
1417 3914 1615 3976 κακίας
1643 3913 1919 3985 ἀλλότριος

333 4009 433 4071 ὣν,
464 4009 562 4080 τὴν
592 4006 762 4078 καλὴν
793 4006 994 4077 ταύτην
1021 4006 1274 4076 ἀπειρίαν
1306 4005 1594 4076 ἀνατίθησι
1624 4008 1689 4076 τῇ
1720 4004 1918 4073 γνώσει

331 4101 430 4155 τοῦ
469 4099 663 4155 ἑαυτοῦ
692 4098 926 4171 Πατρός.
968 4100 1079 4153 Καὶ
1112 4100 1243 4171 άλλη
1286 4099 1345 4152 δὲ
1377 4098 1566 4170 Γραφὴ
1600 4098 1719 4152 θεία
1750 4100 1920 4170 ἀφρο-

338 4194 506 4265 σύνης
542 4194 813 4265 μέμνηται
844 4191 938 4245 τοῦ
968 4192 1222 4265 Σωτῆρος
1258 4190 1561 4262 συμφώνως
1598 4194 1663 4261 τῇ
1696 4208 1915 4262 προκει-

341 4285 498 4359 μένῃ.
536 4284 850 4356 Γέγραπται
896 4282 1027 4351 γοῦν
1067 4283 1123 4335 ὲν
1150 4283 1480 4354 Παροιμίαις
1504 4300 1516 4312 ·
1557 4301 1573 4331 ι
1599 4281 1736 4335 Τάδε
1773 4282 1917 4351 λέγει

336 4378 475 4451 ἀνὴρ
519 4380 631 4441 τοῖς
680 4377 992 4431 πιστεύουσι
1031 4376 1170 4447 Θεῷ,
1212 4377 1303 4429 καὶ
1348 4376 1612 4447 παύομαι.
1667 4376 1920 4447 Ἀφρονέ-

338 4487 534 4533 στέατος
568 4470 678 4539 γάρ
722 4471 838 4538 εἰμι
884 4469 1103 4522 πάντων
1156 4467 1479 4539 ἀνθρώπων,
1516 4467 1609 4521 καὶ
1656 4469 1918 4540 φρόνησις

336 4559 624 4633 ἀνθρώπου
650 4560 749 4613 οὐκ
774 4559 918 4611 ἔστιν
946 4561 1003 4612 έν
1029 4558 1170 4631 ὲμοί.
1189 4558 1320 4621 Θεὸς
1345 4558 1582 4629 δεδίδαχέ
1608 4577 1673 4630 με
1705 4561 1917 4631 σοφίαν,

336 4656 433 4709 καὶ
484 4653 684 4723 γνῶσιν
738 4654 909 4721 ἁγίων
954 4653 1188 4723 ἔγνωκα.
1216 4672 1234 4705 ι
1296 4654 1406 4707 Καὶ
1462 4655 1523 4707 ὲν
1565 4653 1773 4718 τούτοις
1811 4654 1920 4727 γὰρ

337 4746 556 4800 πάντων
609 4745 707 4817 μὲν
750 4744 1053 4817 ἀνθρώπων
1105 4747 1501 4818 ἀφρονέστατον
1550 4747 1740 4799 ἑαυτὸν
1781 4742 1920 4805 εἶναι

336 4838 509 4907 λέγει,
540 4838 634 4891 καὶ¹
662 4839 924 4910 φρόνησιν
970 4837 1256 4910 ἀνθρώπου
1301 4839 1375 4914 μὴ
1417 4839 1735 4909 ὲσχηκέναν
1772 4841 1921 4912 ὅμως

335 4928 392 4981 δὲ
430 4927 559 4999 παρ’
588 4926 752 4980 αὑτοῦ
791 4925 885 4979 τοῦ
910 4925 1044 4980 Θεοῦ
1078 4926 1381 4997 δεδιδάχθαι
1414 4928 1512 4996 τὴν
1547 4929 1920 5001 πνευματικὴν

339 5017 553 5087 σοφίαν,
589 5018 684 5070 καὶ
707 5017 806 5086 τὴν
834 5016 1035 5084 γνῶσιν
1061 5016 1168 5070 τῶν
1195 5016 1364 5085 ἀγίων
1393 5017 1710 5085 ἐγνωκέναι.
1761 5020 1920 5074 Ἀλλά

338 5111 435 5165 καὶ
474 5130 492 5162 ι
537 5112 594 5165 αἱ
653 5110 1027 5181 πλημμέλειαι
1070 5129 1207 5181 μου,
1258 5112 1458 5181 φησὶν,
1523 5111 1630 5164 ἀπὸ
1680 5112 1774 5166 σοῦ
1821 5114 1921 5166 ούκ

338 5200 754 5273 ἀπεκρύὸησαν.
785 5220 803 5251 ι
858 5200 921 5252 Εἰ
962 5199 1072 5272 γὰρ
1118 5196 1259 5271 ἦσάν
1302 5217 1447 5263 τινες
1491 5202 1548 5252 ὲν
1579 5202 1703 5272 ἐμοὶ
1742 5201 1923 5272 πλημ-

341 5291 574 5361 μέλειαι,
619 5293 687 5346 δι’
731 5292 797 5356 ἂς
840 5290 917 5363 τῷ
958 5292 1174 5363 σταυρῷ
1207 5309 1275 5362 με
1311 5292 1740 5364 προσετίμησαν,
1782 5294 1922 5364 τάχα

339 5399 445 5436 που
492 5385 556 5437 σὺ
596 5384 813 5456 πρῶτος
845 5382 1048 5452 ἔγνως,
1095 5383 1153 5436 ὃν
1182 5382 1466 5445 λανθάνειν
1502 5382 1653 5435 οὐδὲν
1690 5377 1801 5436 οἷόν
1829 5400 1919 5437 τεο

338 5474 457 5529 ἀλλ’
486 5474 698 5538 οὐδένες
725 5472 845 5545 (sic)
880 5469 1048 5545 ἦσανέ
1085 5472 1177 5525 Διὸ
1209 5475 1258 5526 οἱ
1295 5471 1579 5544 μισοῦντές
1614 5490 1679 5544 με
1712 5472 1922 5545 δωρεὰν

341 5566 599 5637 ἑμίσουν,
676 5566 771 5621 καὶ
828 5568 876 5619 oi
946 5564 1298 5635 ὲκδιώκοντές
1352 5582 1418 5635 με
1474 5565 1675 5628 ἀδίκως
1739 5564 1773 5618 ἀ
1827 5566 1924 5636 ούχ

341 5660 571 5737 ἥρπασα
623 5659 974 5732 ἐξέπραττον.
1038 5656 1190 5714 Ἐπεὶ
1232 5658 1289 5711 δὲ
1324 5656 1779 5729 ψευδομάρτυρας
1832 5658 1925 5710 καὶ

422 5818 441 5859 ξ
480 5816 523 5871 ll
556 5817 683 5875 Cor.
727 5835 844 5888 xm,
884 5818 935 5872 4.
1013 5820 1033 5851 ⁸
1074 5818 1093 5872 l
1128 5819 1248 5874 Cor.
1299 5833 1334 5884 I,
1373 5815 1563 5872 (ΞΒ-25.

2022 3261 2337 3332 insipientia
2365 3270 2470 3329 est,
2511 3261 2673 3317 nobis
2703 3270 2884 3317 tamen
2914 3262 3147 3318 salutem
3211 3262 3390 3319 nactis
3421 3262 3601 3318 virtus

2022 3349 2117 3406 Dei
2146 3358 2249 3405 est.
2279 3350 2430 3406 [lane
2459 3350 2627 3421 igitur
2668 3350 3040 3421 insipientiam
3077 3362 3130 3407 et
3169 3352 3458 3407 stultitiam
3490 3368 3601 3406 non

2021 3443 2293 3517 ignoravit
2331 3442 2511 3511 Deus;
2545 3459 2673 3498 nam
2730 3442 2906 3513 ipsius
2951 3443 3161 3513 judicio
3207 3444 3437 3499 exstitit.
3472 3444 3602 3498 ldeo

2020 3536 2136 3590 ait:
2177 3556 2194 3587 ι
2236 3535 2399 3601 Deus,
2454 3546 2511 3591 tu
2570 3538 2681 3592 scis
2749 3537 3119 3609 insipientiam
3189 3552 3385 3592 meam.
3432 3557 3450 3590 ι
3488 3535 3601 3591 Nos

2018 3622 2151 3687 vero
2185 3626 2548 3698 Symmachus
2578 3628 2648 3682 ab
2693 3628 2795 3682 hac
2828 3644 2888 3683 re
2933 3627 3228 3697 expedivit,
3283 3627 3363 3682 sic
3425 3628 3599 3681 inter-

2020 3727 2269 3789 pretatus
2301 3739 2314 3773 :
2353 3738 2371 3770 ι
2413 3718 2577 3781 Deus,
2611 3729 2667 3773 tu
2700 3720 2811 3775 scis
2837 3720 3164 3790 imperitiam
3198 3735 3395 3787 meam,
3440 3739 3459 3772 ›
3496 3720 3605 3773 im-

2021 3810 2273 3881 peritiam
2303 3811 2516 3866 scilicet
2546 3828 2667 3881 quae
2714 3813 2770 3866 in
2817 3811 3134 3868 hominibus
3171 3819 3274 3868 est.
3300 3811 3436 3865 Nam
3474 3828 3598 3866 cum

2022 3902 2091 3956 ab
2124 3901 2406 3957 hominum
2459 3904 2668 3957 malitia
2728 3905 2944 3960 alienus
2978 3913 3146 3969 esset,
3179 3906 3321 3960 hanc
3372 3905 3601 3975 probam

2020 3998 2350 4067 imperitiam
2385 3997 2566 4053 Patris
2621 4001 2708 4054 sui
2791 4001 3089 4071 cognitioni
3146 3998 3411 4068 assignat.
3458 3996 3601 4051 Alibi

2021 4105 2239 4159 quoque
2264 4090 2449 4144 divina
2483 4090 2770 4163 Scriptura
2796 4093 3127 4163 insipientia:
3160 4090 3462 4146 Salvatoris
3487 4105 3601 4144 me-

2022 4181 2201 4247 minit,
2240 4181 2438 4253 hisque
2495 4193 2786 4240 consonat.
2848 4184 3126 4257 Scriptum
3187 4185 3371 4254 itaque
3413 4190 3498 4237 est
3544 4182 3603 4236 in
3694 4230 3696 4233 .

2020 4275 2331 4331 Proverbiis
2397 4296 2410 4331 :
2450 4295 2468 4327 ι
2526 4275 2651 4332 Hazc
2678 4278 2813 4333 dicit
2852 4280 2936 4333 vir
2987 4278 3338 4334 credentibus
3373 4278 3503 4341 Deo,
3549 4285 3605 4331 et

2020 4381 2201 4422 cesso.
2254 4365 2623 4424 Stultissimus
2646 4370 2792 4424 enim
2825 4387 2947 4426 sum
3001 4372 3244 4426 omnium
3296 4371 3602 4433 hominum,

2021 4468 2075 4514 et
2106 4460 2398 4530 prudentia
2442 4460 2683 4517 hominis
2714 4477 2822 4516 non
2867 4472 2952 4519 est
3005 4464 3059 4518 in
3096 4480 3203 4519 me.
3247 4462 3389 4517 Deus
3418 4462 3605 4516 docuit

2027 4565 2114 4604 me
2145 4550 2494 4620 sapientiam,
2522 4560 2576 4607 et
2605 4553 2972 4623 cognitionem
3004 4564 3319 4609 sanctorum
3362 4553 3483 4605 novi
3505 4550 3545 4605 ⁸.
3579 4569 3598 4601 ι

2027 4641 2086 4695 In
2120 4642 2209 4699 his
2244 4659 2485 4714 namque
2508 4659 2568 4700 se
2602 4645 2847 4699 omnium
2900 4645 3183 4700 hominum
3225 4641 3608 4712 insipientissi-

2028 4747 2178 4786 mum
2215 4733 2557 4802 pronuntiat.
2598 4741 2653 4789 et
2706 4732 3054 4802 prudentiam
3104 4732 3341 4787 hominis
3397 4747 3456 4787 se
3492 4746 3603 4785 non

2030 4825 2230 4880 habere
2261 4825 2394 4880 dicit
2428 4844 2441 4879 :
2472 4825 2568 4881 sed
2619 4832 2803 4881 tamen
2838 4825 2907 4880 ab
2943 4825 3063 4896 ipso
3094 4823 3207 4880 Deo
3244 4824 3497 4880 edoctum
3547 4840 3607 4880 se

2029 4917 2373 4989 spiritualem
2411 4918 2759 4986 sapientiam,
2790 4926 2845 4972 et
2877 4917 3247 4988 cognitionem
3291 4925 3605 4971 sanctorum

2029 5026 2196 5067 nosse
2218 5017 2431 5064 narrat.
2467 5007 2574 5064 Sed
2610 5009 2798 5074 etiam,
2838 5009 3038 5080 inquit,
3064 5027 3083 5060 ι
3120 5007 3319 5063 delicta
3351 5024 3471 5063 mea
3492 5022 3523 5062 a
3555 5017 3607 5062 te

2025 5119 2139 5159 non
2201 5111 2328 5158 sunt
2391 5103 2732 5159 abscondita.
2769 5121 2789 5155 ι
2826 5101 2962 5156 Nam
2997 5103 3043 5158 si
3098 5103 3346 5173 quaedam
3400 5101 3458 5155 in
3521 5117 3608 5156 me

2028 5195 2232 5252 delicta
2279 5204 2488 5261 essent,
2548 5197 2619 5251 ob
2665 5211 2788 5267 qua:
2844 5211 2932 5250 me
2988 5196 3142 5251 cruci
3189 5194 3606 5259 destinaverint,

2029 5303 2162 5343 sane
2188 5296 2247 5342 tu
2281 5288 2491 5359 primus
2517 5303 2735 5353 nosses,
2760 5288 2848 5342 cui
2887 5289 3057 5345 latere
3091 5288 3228 5342 nihil
3260 5294 3475 5357 potest;
3508 5285 3605 5341 sed

2030 5381 2181 5435 nulla
2203 5389 2382 5436 erant.
2425 5380 2607 5447 Quare
2627 5382 2719 5453 qui
2743 5381 2973 5438 oderant
2996 5396 3102 5447 me,
3131 5381 3302 5452 gratis
3334 5379 3561 5435 oderant
3589 5396 3603 5430 :

2030 5480 2085 5529 et
2110 5473 2203 5544 qui
2226 5474 2700 5545 persequebantur
2731 5491 2837 5540 me,
2883 5475 3088 5545 injuste
3132 5490 3254 5544 quae
3307 5488 3416 5528 non
3450 5474 3606 5544 rapui

2031 5566 2342 5639 exigebant.
2377 5565 2518 5634 Quia
2566 5584 2698 5624 vero
2724 5567 2894 5624 falsos
2937 5574 3107 5623 testes
3152 5575 3207 5622 et
3240 5566 3608 5638 sycophantas

2031 5658 2101 5713 ad
2136 5674 2222 5716 me
2252 5662 2625 5718 accusandum
2682 5661 3083 5727 subornarunt,
3110 5668 3166 5716 tu
3207 5660 3375 5730 nosti,
3406 5660 3605 5732 inquit,

1642 5817 1662 5847 ⁸
1703 5814 1864 5872 Prov.
1909 5831 2035 5880 xxx,
2080 5816 2188 5873 1-5.
