  <div class='ocr_page' id='page_1' title='image "/cluster/home/n/w/nwhite01/storage/ocr_20150623/23/hvd.32044019207711/397.png"; bbox 0 0 4068 6520; ppageno 0'>
   <div class='ocr_carea' id='block_1_1' title="bbox 489 410 593 464">
    <p class='ocr_par' dir='ltr' id='par_1_1' title="bbox 489 410 593 464">
     <span class='ocr_line' id='line_1_1' title="bbox 489 410 593 464; baseline 0.01 -1"><span class='ocrx_word' id='word_1_1' title='bbox 489 410 593 464; x_wconf 77' lang='grc'><strong>755</strong></span> 
     </span>
    </p>
   </div>
   <div class='ocr_carea' id='block_1_2' title="bbox 1149 365 3033 455">
    <p class='ocr_par' dir='ltr' id='par_1_2' title="bbox 1149 365 3033 455">
     <span class='ocr_line' id='line_1_2' title="bbox 1149 365 3033 455; baseline -0.02 0"><span class='ocrx_word' id='word_1_2' title='bbox 1149 394 1421 455; x_wconf 85' lang='lat' dir='ltr'><strong>EUSEBII</strong></span> <span class='ocrx_word' id='word_1_3' title='bbox 1458 383 1937 449; x_wconf 65' lang='lat' dir='ltr'><strong>CAESARIENSIS</strong></span> <span class='ocrx_word' id='word_1_4' title='bbox 1971 377 2124 437; x_wconf 85' lang='lat' dir='ltr'><strong>OPP.</strong></span> <span class='ocrx_word' id='word_1_5' title='bbox 2165 373 2348 432; x_wconf 76' lang='lat' dir='ltr'><strong>PARS</strong></span> <span class='ocrx_word' id='word_1_6' title='bbox 2386 371 2471 428; x_wconf 89' lang='lat' dir='ltr'><strong>Ill.</strong></span> <span class='ocrx_word' id='word_1_7' title='bbox 2513 400 2584 415; x_wconf 88' lang='lat'><strong>—-</strong></span> <span class='ocrx_word' id='word_1_8' title='bbox 2620 365 3033 425; x_wconf 76' lang='lat' dir='ltr'><strong>EXEGETICA.</strong></span> 
     </span>
    </p>
   </div>
   <div class='ocr_carea' id='block_1_3' title="bbox 3645 356 3748 412">
    <p class='ocr_par' dir='ltr' id='par_1_3' title="bbox 3645 356 3748 412">
     <span class='ocr_line' id='line_1_3' title="bbox 3645 356 3748 412; baseline 0.01 -1"><span class='ocrx_word' id='word_1_9' title='bbox 3645 356 3748 412; x_wconf 74' lang='lat'><strong>736</strong></span> 
     </span>
    </p>
   </div>
   <div class='ocr_carea' id='block_1_4' title="bbox 489 479 2073 595">
    <p class='ocr_par' dir='ltr' id='par_1_4' title="bbox 489 502 2070 595">
     <span class='ocr_line' id='line_1_4' title="bbox 489 502 2070 595; baseline -0.016 -13"><span class='ocrx_word' id='word_1_10' title='bbox 489 528 635 585; x_wconf 89' lang='lat' dir='ltr'><strong>Deus</strong></span> <span class='ocrx_word' id='word_1_11' title='bbox 658 542 788 582; x_wconf 90' lang='lat' dir='ltr'><strong>num</strong></span> <span class='ocrx_word' id='word_1_12' title='bbox 823 523 951 595; x_wconf 92' lang='lat' dir='ltr'><strong>quid</strong></span> <span class='ocrx_word' id='word_1_13' title='bbox 979 529 1264 593; x_wconf 89' lang='lat' dir='ltr'><strong>peccatum</strong></span> <span class='ocrx_word' id='word_1_14' title='bbox 1298 535 1329 571; x_wconf 93' lang='lat' dir='ltr'><strong>a</strong></span> <span class='ocrx_word' id='word_1_15' title='bbox 1369 531 1455 570; x_wconf 89' lang='lat' dir='ltr'><strong>me</strong></span> <span class='ocrx_word' id='word_1_16' title='bbox 1504 515 1593 569; x_wconf 91' lang='lat' dir='ltr'><strong>sit.</strong></span> <span class='ocrx_word' id='word_1_17' title='bbox 1623 510 1809 580; x_wconf 81' lang='lat' dir='ltr'><strong>Neque</strong></span> <span class='ocrx_word' id='word_1_18' title='bbox 1850 506 1996 562; x_wconf 90' lang='lat' dir='ltr'><strong>enim</strong></span> <span class='ocrx_word' id='word_1_19' title='bbox 2024 502 2070 557; x_wconf 87' lang='lat' dir='ltr'><strong>si</strong></span> 
     </span>
    </p>
   </div>
   <div class='ocr_carea' id='block_1_5' title="bbox 2175 479 3752 595">
    <p class='ocr_par' dir='ltr' id='par_1_5' title="bbox 2176 479 3752 595">
     <span class='ocr_line' id='line_1_5' title="bbox 2176 479 3752 567; baseline -0.013 -15"><span class='ocrx_word' id='word_1_20' title='bbox 2176 497 2516 567; x_wconf 80' lang='grc' dir='ltr'><strong>συκοφάντας</strong></span> <span class='ocrx_word' id='word_1_21' title='bbox 2551 493 2781 563; x_wconf 76' lang='grc' dir='ltr'>ἔστησαν</span> <span class='ocrx_word' id='word_1_22' title='bbox 2817 491 2875 542; x_wconf 78' lang='grc' dir='ltr'><strong>ἐν</strong></span> <span class='ocrx_word' id='word_1_23' title='bbox 2904 490 2971 558; x_wconf 83' lang='grc' dir='ltr'>τῇ</span> <span class='ocrx_word' id='word_1_24' title='bbox 3007 486 3125 539; x_wconf 77' lang='grc' dir='ltr'>κατ’</span> <span class='ocrx_word' id='word_1_25' title='bbox 3160 481 3293 555; x_wconf 81' lang='grc' dir='ltr'>ἐμοῦ</span> <span class='ocrx_word' id='word_1_26' title='bbox 3326 479 3650 551; x_wconf 74' lang='grc' dir='ltr'>κατηγορίᾳ,</span> <span class='ocrx_word' id='word_1_27' title='bbox 3685 480 3752 532; x_wconf 71' lang='grc' dir='ltr'><strong>σὺ</strong></span> 
     </span>
     <span class='ocr_line' id='line_1_6' title="bbox 2199 572 3720 595; baseline 0 0"><span class='ocrx_word' id='word_1_28' title='bbox 2199 587 2242 595; x_wconf 68' lang='grc'><strong>--</strong></span> <span class='ocrx_word' id='word_1_29' title='bbox 2500 588 2511 595; x_wconf 78' lang='lat'><em>.</em></span> <span class='ocrx_word' id='word_1_30' title='bbox 2630 589 2642 595; x_wconf 74' lang='grc'><strong>-</strong></span> <span class='ocrx_word' id='word_1_31' title='bbox 2682 585 2714 595; x_wconf 75' lang='grc' dir='ltr'><strong>Α</strong></span> <span class='ocrx_word' id='word_1_32' title='bbox 2753 584 2766 595; x_wconf 83' lang='grc' dir='ltr'>ι</span> <span class='ocrx_word' id='word_1_33' title='bbox 2923 581 2945 595; x_wconf 73' lang='grc' dir='ltr'>ιν</span> <span class='ocrx_word' id='word_1_34' title='bbox 3068 579 3081 595; x_wconf 72' lang='grc'><strong><em>1</em></strong></span> <span class='ocrx_word' id='word_1_35' title='bbox 3180 594 3213 595; x_wconf 59' lang='lat'><strong>,,</strong></span> <span class='ocrx_word' id='word_1_36' title='bbox 3273 572 3720 595; x_wconf 67' lang='lat'><strong>___‘.___.-1\.._...</strong></span> 
     </span>
    </p>
   </div>
   <div class='ocr_carea' id='block_1_6' title="bbox 486 597 2063 691">
    <p class='ocr_par' dir='ltr' id='par_1_6' title="bbox 486 597 2063 691">
     <span class='ocr_line' id='line_1_7' title="bbox 486 597 2063 691; baseline -0.016 -15"><span class='ocrx_word' id='word_1_37' title='bbox 486 620 736 691; x_wconf 75' lang='lat' dir='ltr'><strong>quzedam</strong></span> <span class='ocrx_word' id='word_1_38' title='bbox 761 617 896 671; x_wconf 92' lang='lat' dir='ltr'><strong>mihi</strong></span> <span class='ocrx_word' id='word_1_39' title='bbox 950 614 1149 668; x_wconf 88' lang='lat' dir='ltr'><strong>delicta</strong></span> <span class='ocrx_word' id='word_1_40' title='bbox 1181 613 1446 670; x_wconf 88' lang='lat' dir='ltr'><strong>inessent,</strong></span> <span class='ocrx_word' id='word_1_41' title='bbox 1484 607 1580 660; x_wconf 90' lang='lat' dir='ltr'><strong>tibi</strong></span> <span class='ocrx_word' id='word_1_42' title='bbox 1610 609 1794 659; x_wconf 85' lang='lat' dir='ltr'><strong>essent</strong></span> <span class='ocrx_word' id='word_1_43' title='bbox 1830 597 2063 653; x_wconf 87' lang='lat' dir='ltr'><strong>occulta.</strong></span> 
     </span>
    </p>
   </div>
   <div class='ocr_carea' id='block_1_7' title="bbox 486 689 2067 769">
    <p class='ocr_par' dir='ltr' id='par_1_7' title="bbox 486 689 2067 769">
     <span class='ocr_line' id='line_1_8' title="bbox 486 689 2067 769; baseline -0.015 -5"><span class='ocrx_word' id='word_1_44' title='bbox 486 689 555 764; x_wconf 79' lang='lat' dir='ltr'><strong>Et</strong></span> <span class='ocrx_word' id='word_1_45' title='bbox 587 708 745 769; x_wconf 91' lang='lat' dir='ltr'><strong>alias,</strong></span> <span class='ocrx_word' id='word_1_46' title='bbox 779 706 825 760; x_wconf 88' lang='lat' dir='ltr'><strong>si</strong></span> <span class='ocrx_word' id='word_1_47' title='bbox 856 713 1040 757; x_wconf 90' lang='lat' dir='ltr'><strong>nostra</strong></span> <span class='ocrx_word' id='word_1_48' title='bbox 1076 702 1193 769; x_wconf 91' lang='lat' dir='ltr'><strong>ipse</strong></span> <span class='ocrx_word' id='word_1_49' title='bbox 1226 707 1446 768; x_wconf 88' lang='lat' dir='ltr'><strong>peccata</strong></span> <span class='ocrx_word' id='word_1_50' title='bbox 1481 693 1760 757; x_wconf 87' lang='lat' dir='ltr'><strong>abstersit,</strong></span> <span class='ocrx_word' id='word_1_51' title='bbox 1786 700 1838 745; x_wconf 91' lang='lat' dir='ltr'><strong>et</strong></span> <span class='ocrx_word' id='word_1_52' title='bbox 1893 689 2067 741; x_wconf 88' lang='lat' dir='ltr'><strong>factus</strong></span> 
     </span>
    </p>
   </div>
   <div class='ocr_carea' id='block_1_8' title="bbox 485 783 2066 871">
    <p class='ocr_par' dir='ltr' id='par_1_8' title="bbox 485 783 2066 871">
     <span class='ocr_line' id='line_1_9' title="bbox 485 783 2066 871; baseline -0.018 -14"><span class='ocrx_word' id='word_1_53' title='bbox 485 810 571 858; x_wconf 89' lang='lat' dir='ltr'><strong>est</strong></span> <span class='ocrx_word' id='word_1_54' title='bbox 600 814 700 871; x_wconf 84' lang='lat' dir='ltr'><strong>pro</strong></span> <span class='ocrx_word' id='word_1_55' title='bbox 745 797 906 852; x_wconf 91' lang='lat' dir='ltr'><strong>nobis</strong></span> <span class='ocrx_word' id='word_1_56' title='bbox 956 793 1332 852; x_wconf 79' lang='lat' dir='ltr'><strong>maledictum.</strong></span> <span class='ocrx_word' id='word_1_57' title='bbox 1367 791 1442 843; x_wconf 89' lang='lat' dir='ltr'><strong>ita</strong></span> <span class='ocrx_word' id='word_1_58' title='bbox 1485 796 1543 841; x_wconf 91' lang='lat' dir='ltr'><strong>ut</strong></span> <span class='ocrx_word' id='word_1_59' title='bbox 1587 786 1654 840; x_wconf 93' lang='lat' dir='ltr'><strong>de</strong></span> <span class='ocrx_word' id='word_1_60' title='bbox 1681 786 1774 838; x_wconf 92' lang='lat' dir='ltr'><strong>illo</strong></span> <span class='ocrx_word' id='word_1_61' title='bbox 1801 783 2015 837; x_wconf 77' lang='lat' dir='ltr'><strong>dicatur</strong></span> <span class='ocrx_word' id='word_1_62' title='bbox 2052 795 2066 829; x_wconf 89' lang='lat'><strong>:</strong></span> 
     </span>
    </p>
   </div>
   <div class='ocr_carea' id='block_1_9' title="bbox 493 876 2071 963">
    <p class='ocr_par' dir='ltr' id='par_1_9' title="bbox 493 876 2071 963">
     <span class='ocr_line' id='line_1_10' title="bbox 493 876 2071 963; baseline -0.013 -18"><span class='ocrx_word' id='word_1_63' title='bbox 493 914 510 945; x_wconf 77' lang='grc' dir='ltr'><strong>ι</strong></span> <span class='ocrx_word' id='word_1_64' title='bbox 552 892 673 963; x_wconf 90' lang='lat' dir='ltr'><strong>Ipse</strong></span> <span class='ocrx_word' id='word_1_65' title='bbox 708 896 935 961; x_wconf 88' lang='lat' dir='ltr'><strong>peccata</strong></span> <span class='ocrx_word' id='word_1_66' title='bbox 977 894 1163 941; x_wconf 89' lang='lat' dir='ltr'><strong>nostra</strong></span> <span class='ocrx_word' id='word_1_67' title='bbox 1214 890 1417 954; x_wconf 81' lang='lat' dir='ltr'><strong>portat,</strong></span> <span class='ocrx_word' id='word_1_68' title='bbox 1444 890 1496 935; x_wconf 89' lang='lat' dir='ltr'><strong>et</strong></span> <span class='ocrx_word' id='word_1_69' title='bbox 1542 895 1639 949; x_wconf 86' lang='lat' dir='ltr'><strong>pro</strong></span> <span class='ocrx_word' id='word_1_70' title='bbox 1670 878 1828 931; x_wconf 88' lang='lat' dir='ltr'><strong>nobis</strong></span> <span class='ocrx_word' id='word_1_71' title='bbox 1858 876 2071 929; x_wconf 85' lang='lat' dir='ltr'><strong>crucia-</strong></span> 
     </span>
    </p>
   </div>
   <div class='ocr_carea' id='block_1_10' title="bbox 486 974 2066 1053">
    <p class='ocr_par' dir='ltr' id='par_1_10' title="bbox 486 974 2066 1053">
     <span class='ocr_line' id='line_1_11' title="bbox 486 974 2066 1053; baseline -0.015 -13"><span class='ocrx_word' id='word_1_72' title='bbox 486 996 597 1040; x_wconf 88' lang='lat' dir='ltr'><strong>tur.</strong></span> <span class='ocrx_word' id='word_1_73' title='bbox 632 984 697 1037; x_wconf 85' lang='lat' dir='ltr'><strong>Et</strong></span> <span class='ocrx_word' id='word_1_74' title='bbox 729 986 844 1053; x_wconf 88' lang='lat' dir='ltr'><strong>ipse</strong></span> <span class='ocrx_word' id='word_1_75' title='bbox 869 982 1189 1036; x_wconf 86' lang='lat' dir='ltr'><strong>vulneratus</strong></span> <span class='ocrx_word' id='word_1_76' title='bbox 1225 984 1309 1031; x_wconf 91' lang='lat' dir='ltr'><strong>est</strong></span> <span class='ocrx_word' id='word_1_77' title='bbox 1341 982 1566 1044; x_wconf 83' lang='lat' dir='ltr'><strong>propter</strong></span> <span class='ocrx_word' id='word_1_78' title='bbox 1596 978 1818 1040; x_wconf 81' lang='lat' dir='ltr'><strong>peccata</strong></span> <span class='ocrx_word' id='word_1_79' title='bbox 1858 974 2066 1028; x_wconf 90' lang='lat' dir='ltr'><strong>nostra,</strong></span> 
     </span>
    </p>
   </div>
   <div class='ocr_carea' id='block_1_11' title="bbox 489 1056 2067 1141">
    <p class='ocr_par' dir='ltr' id='par_1_11' title="bbox 489 1056 2067 1141">
     <span class='ocr_line' id='line_1_12' title="bbox 489 1056 2067 1141; baseline -0.015 -9"><span class='ocrx_word' id='word_1_80' title='bbox 489 1080 797 1132; x_wconf 90' lang='lat' dir='ltr'><strong>infirmatus</strong></span> <span class='ocrx_word' id='word_1_81' title='bbox 828 1084 909 1129; x_wconf 90' lang='lat' dir='ltr'><strong>est</strong></span> <span class='ocrx_word' id='word_1_82' title='bbox 955 1081 1175 1141; x_wconf 81' lang='lat' dir='ltr'><strong>propter</strong></span> <span class='ocrx_word' id='word_1_83' title='bbox 1215 1066 1534 1136; x_wconf 84' lang='lat' dir='ltr'><strong>iniquitates</strong></span> <span class='ocrx_word' id='word_1_84' title='bbox 1592 1068 1835 1115; x_wconf 80' lang='lat' dir='ltr'><strong>nostras.</strong></span> <span class='ocrx_word' id='word_1_85' title='bbox 1867 1059 1930 1111; x_wconf 81' lang='lat' dir='ltr'><strong>Et</strong></span> <span class='ocrx_word' id='word_1_86' title='bbox 1966 1056 2067 1110; x_wconf 88' lang='lat' dir='ltr'><strong>Do-</strong></span> 
     </span>
    </p>
   </div>
   <div class='ocr_carea' id='block_1_12' title="bbox 490 1149 2071 1230">
    <p class='ocr_par' dir='ltr' id='par_1_12' title="bbox 490 1149 2071 1230">
     <span class='ocr_line' id='line_1_13' title="bbox 490 1149 2071 1230; baseline -0.015 -6"><span class='ocrx_word' id='word_1_87' title='bbox 490 1171 678 1224; x_wconf 87' lang='lat' dir='ltr'><strong>minus</strong></span> <span class='ocrx_word' id='word_1_88' title='bbox 714 1166 941 1220; x_wconf 84' lang='lat' dir='ltr'><strong>tradidit</strong></span> <span class='ocrx_word' id='word_1_89' title='bbox 971 1179 1095 1217; x_wconf 84' lang='lat' dir='ltr'><strong>eum</strong></span> <span class='ocrx_word' id='word_1_90' title='bbox 1148 1160 1386 1230; x_wconf 74' lang='lat' dir='ltr'><strong>peccatis</strong></span> <span class='ocrx_word' id='word_1_91' title='bbox 1448 1154 1711 1210; x_wconf 82' lang='lat' dir='ltr'><strong>nostris&#39;.</strong></span> <span class='ocrx_word' id='word_1_92' title='bbox 1749 1172 1766 1204; x_wconf 78' lang='grc' dir='ltr'><strong>ι</strong></span> <span class='ocrx_word' id='word_1_93' title='bbox 1807 1150 1952 1213; x_wconf 71' lang='lat' dir='ltr'><strong>Haec,</strong></span> <span class='ocrx_word' id='word_1_94' title='bbox 1989 1149 2071 1202; x_wconf 85' lang='lat' dir='ltr'><strong>in-</strong></span> 
     </span>
    </p>
   </div>
   <div class='ocr_carea' id='block_1_13' title="bbox 488 1240 2067 1332">
    <p class='ocr_par' dir='ltr' id='par_1_13' title="bbox 488 1240 2067 1332">
     <span class='ocr_line' id='line_1_14' title="bbox 488 1240 2067 1332; baseline -0.015 -17"><span class='ocrx_word' id='word_1_95' title='bbox 488 1263 628 1332; x_wconf 86' lang='lat' dir='ltr'><strong>quit,</strong></span> <span class='ocrx_word' id='word_1_96' title='bbox 675 1259 874 1314; x_wconf 87' lang='lat' dir='ltr'><strong>delicta</strong></span> <span class='ocrx_word' id='word_1_97' title='bbox 946 1270 1047 1326; x_wconf 85' lang='lat' dir='ltr'><strong>pro</strong></span> <span class='ocrx_word' id='word_1_98' title='bbox 1095 1250 1410 1306; x_wconf 86' lang='lat' dir='ltr'><strong>hominibus</strong></span> <span class='ocrx_word' id='word_1_99' title='bbox 1480 1244 1695 1314; x_wconf 84' lang='lat' dir='ltr'><strong>suscepi</strong></span> <span class='ocrx_word' id='word_1_100' title='bbox 1734 1259 1746 1293; x_wconf 94' lang='lat'>:</span> <span class='ocrx_word' id='word_1_101' title='bbox 1788 1249 1847 1295; x_wconf 93' lang='lat' dir='ltr'><strong>tu</strong></span> <span class='ocrx_word' id='word_1_102' title='bbox 1898 1240 2067 1304; x_wconf 88' lang='lat' dir='ltr'><strong>nosti,</strong></span> 
     </span>
    </p>
   </div>
   <div class='ocr_carea' id='block_1_14' title="bbox 490 1334 2062 1422">
    <p class='ocr_par' dir='ltr' id='par_1_14' title="bbox 490 1334 2062 1422">
     <span class='ocr_line' id='line_1_15' title="bbox 490 1334 2062 1422; baseline -0.016 -12"><span class='ocrx_word' id='word_1_103' title='bbox 490 1353 655 1417; x_wconf 83' lang='lat' dir='ltr'><strong>Deus,</strong></span> <span class='ocrx_word' id='word_1_104' title='bbox 686 1351 814 1422; x_wconf 85' lang='lat' dir='ltr'><strong>quia</strong></span> <span class='ocrx_word' id='word_1_105' title='bbox 846 1364 955 1402; x_wconf 91' lang='lat' dir='ltr'><strong>non</strong></span> <span class='ocrx_word' id='word_1_106' title='bbox 990 1343 1308 1401; x_wconf 84' lang='lat' dir='ltr'><strong>abscondita</strong></span> <span class='ocrx_word' id='word_1_107' title='bbox 1353 1342 1450 1394; x_wconf 86' lang='lat' dir='ltr'><strong>tibi</strong></span> <span class='ocrx_word' id='word_1_108' title='bbox 1508 1346 1655 1393; x_wconf 91' lang='lat' dir='ltr'><strong>sunt.</strong></span> <span class='ocrx_word' id='word_1_109' title='bbox 1696 1335 1882 1404; x_wconf 86' lang='lat' dir='ltr'><strong>Neque</strong></span> <span class='ocrx_word' id='word_1_110' title='bbox 1913 1334 2062 1389; x_wconf 88' lang='lat' dir='ltr'><strong>enim</strong></span> 
     </span>
    </p>
   </div>
   <div class='ocr_carea' id='block_1_15' title="bbox 490 1426 2071 1517">
    <p class='ocr_par' dir='ltr' id='par_1_15' title="bbox 490 1426 2071 1517">
     <span class='ocr_line' id='line_1_16' title="bbox 490 1426 2071 1517; baseline -0.015 -16"><span class='ocrx_word' id='word_1_111' title='bbox 490 1453 687 1517; x_wconf 70' lang='lat' dir='ltr'><strong>praater</strong></span> <span class='ocrx_word' id='word_1_112' title='bbox 716 1442 1007 1497; x_wconf 88' lang='lat' dir='ltr'><strong>consilium</strong></span> <span class='ocrx_word' id='word_1_113' title='bbox 1042 1450 1191 1492; x_wconf 89' lang='lat' dir='ltr'><strong>tuum</strong></span> <span class='ocrx_word' id='word_1_114' title='bbox 1245 1434 1435 1488; x_wconf 59' lang='lat' dir='ltr'><strong>isthaac</strong></span> <span class='ocrx_word' id='word_1_115' title='bbox 1488 1430 1727 1487; x_wconf 76' lang='lat' dir='ltr'><strong>suscepi.</strong></span> <span class='ocrx_word' id='word_1_116' title='bbox 1757 1426 1937 1494; x_wconf 83' lang='lat' dir='ltr'><strong>Quare</strong></span> <span class='ocrx_word' id='word_1_117' title='bbox 1980 1426 2071 1479; x_wconf 92' lang='lat' dir='ltr'><strong>illa</strong></span> 
     </span>
    </p>
   </div>
   <div class='ocr_carea' id='block_1_16' title="bbox 492 1528 1292 1604">
    <p class='ocr_par' dir='ltr' id='par_1_16' title="bbox 492 1528 1292 1604">
     <span class='ocr_line' id='line_1_17' title="bbox 492 1528 1292 1604; baseline -0.018 -9"><span class='ocrx_word' id='word_1_118' title='bbox 492 1539 683 1595; x_wconf 86' lang='lat' dir='ltr'><strong>notitia</strong></span> <span class='ocrx_word' id='word_1_119' title='bbox 717 1545 811 1590; x_wconf 89' lang='lat' dir='ltr'><strong>tua</strong></span> <span class='ocrx_word' id='word_1_120' title='bbox 841 1535 1004 1604; x_wconf 83' lang='lat' dir='ltr'><strong>digna</strong></span> <span class='ocrx_word' id='word_1_121' title='bbox 1041 1528 1292 1586; x_wconf 73' lang='lat' dir='ltr'><strong>effecisti.</strong></span> 
     </span>
    </p>
   </div>
   <div class='ocr_carea' id='block_1_17' title="bbox 562 1808 2070 1879">
    <p class='ocr_par' dir='ltr' id='par_1_17' title="bbox 562 1808 2070 1879">
     <span class='ocr_line' id='line_1_18' title="bbox 562 1808 2070 1879; baseline -0.015 -2"><span class='ocrx_word' id='word_1_122' title='bbox 562 1821 730 1877; x_wconf 75' lang='lat' dir='ltr'><strong>Vens.</strong></span> <span class='ocrx_word' id='word_1_123' title='bbox 762 1821 813 1875; x_wconf 90' lang='lat'><strong>7.</strong></span> <span class='ocrx_word' id='word_1_124' title='bbox 844 1838 862 1870; x_wconf 77' lang='grc' dir='ltr'><strong>ι</strong></span> <span class='ocrx_word' id='word_1_125' title='bbox 902 1817 1020 1873; x_wconf 89' lang='lat' dir='ltr'><strong>Non</strong></span> <span class='ocrx_word' id='word_1_126' title='bbox 1050 1815 1382 1873; x_wconf 88' lang='lat' dir='ltr'><strong>erubescant</strong></span> <span class='ocrx_word' id='word_1_127' title='bbox 1432 1813 1487 1867; x_wconf 94' lang='lat' dir='ltr'><strong>in</strong></span> <span class='ocrx_word' id='word_1_128' title='bbox 1510 1826 1596 1865; x_wconf 92' lang='lat' dir='ltr'><strong>me</strong></span> <span class='ocrx_word' id='word_1_129' title='bbox 1626 1808 1719 1879; x_wconf 93' lang='lat' dir='ltr'><strong>qui</strong></span> <span class='ocrx_word' id='word_1_130' title='bbox 1747 1812 2070 1876; x_wconf 80' lang='lat' dir='ltr'><strong>exspectant</strong></span> 
     </span>
    </p>
   </div>
   <div class='ocr_carea' id='block_1_18' title="bbox 491 1894 2072 1981">
    <p class='ocr_par' dir='ltr' id='par_1_18' title="bbox 491 1894 2072 1981">
     <span class='ocr_line' id='line_1_19' title="bbox 491 1894 2072 1981; baseline -0.018 -8"><span class='ocrx_word' id='word_1_131' title='bbox 491 1924 567 1981; x_wconf 87' lang='lat' dir='ltr'><strong>te,</strong></span> <span class='ocrx_word' id='word_1_132' title='bbox 623 1913 873 1976; x_wconf 87' lang='lat' dir='ltr'><strong>Domine,</strong></span> <span class='ocrx_word' id='word_1_133' title='bbox 924 1909 1151 1963; x_wconf 87' lang='lat' dir='ltr'><strong>Domine</strong></span> <span class='ocrx_word' id='word_1_134' title='bbox 1194 1907 1479 1961; x_wconf 87' lang='lat' dir='ltr'><strong>virtutum.</strong></span> <span class='ocrx_word' id='word_1_135' title='bbox 1521 1922 1539 1953; x_wconf 84' lang='grc'><strong>›</strong></span> <span class='ocrx_word' id='word_1_136' title='bbox 1573 1898 1712 1966; x_wconf 84' lang='lat' dir='ltr'><strong>Quia</strong></span> <span class='ocrx_word' id='word_1_137' title='bbox 1768 1894 2072 1951; x_wconf 88' lang='lat' dir='ltr'><strong>doctrinam</strong></span> 
     </span>
    </p>
   </div>
   <div class='ocr_carea' id='block_1_19' title="bbox 492 1990 2073 2077">
    <p class='ocr_par' dir='ltr' id='par_1_19' title="bbox 492 1990 2073 2077">
     <span class='ocr_line' id='line_1_20' title="bbox 492 1990 2073 2077; baseline -0.015 -14"><span class='ocrx_word' id='word_1_138' title='bbox 492 2023 669 2065; x_wconf 86' lang='lat' dir='ltr'><strong>meam</strong></span> <span class='ocrx_word' id='word_1_139' title='bbox 696 2005 973 2077; x_wconf 89' lang='lat' dir='ltr'><strong>sapientes</strong></span> <span class='ocrx_word' id='word_1_140' title='bbox 1020 2002 1185 2071; x_wconf 83' lang='lat' dir='ltr'><strong>hujus</strong></span> <span class='ocrx_word' id='word_1_141' title='bbox 1219 1999 1406 2056; x_wconf 66' lang='lat' dir='ltr'><strong>saeculi</strong></span> <span class='ocrx_word' id='word_1_142' title='bbox 1449 1995 1833 2055; x_wconf 86' lang='lat' dir='ltr'><strong>criminantur,</strong></span> <span class='ocrx_word' id='word_1_143' title='bbox 1868 1990 2073 2058; x_wconf 87' lang='lat' dir='ltr'><strong>ipsam-</strong></span> 
     </span>
    </p>
   </div>
   <div class='ocr_carea' id='block_1_20' title="bbox 491 2084 2073 2172">
    <p class='ocr_par' dir='ltr' id='par_1_20' title="bbox 491 2084 2073 2172">
     <span class='ocr_line' id='line_1_21' title="bbox 491 2084 2073 2172; baseline -0.015 -16"><span class='ocrx_word' id='word_1_144' title='bbox 491 2116 599 2172; x_wconf 89' lang='lat' dir='ltr'><strong>que</strong></span> <span class='ocrx_word' id='word_1_145' title='bbox 624 2099 836 2171; x_wconf 89' lang='lat' dir='ltr'><strong>pellunt</strong></span> <span class='ocrx_word' id='word_1_146' title='bbox 863 2103 924 2150; x_wconf 92' lang='lat' dir='ltr'><strong>ut</strong></span> <span class='ocrx_word' id='word_1_147' title='bbox 957 2092 1275 2165; x_wconf 85' lang='lat' dir='ltr'><strong>insipientia</strong></span> <span class='ocrx_word' id='word_1_148' title='bbox 1317 2096 1372 2145; x_wconf 89' lang='lat' dir='ltr'><strong>et</strong></span> <span class='ocrx_word' id='word_1_149' title='bbox 1424 2086 1657 2143; x_wconf 88' lang='lat' dir='ltr'><strong>stultitia</strong></span> <span class='ocrx_word' id='word_1_150' title='bbox 1692 2084 1906 2156; x_wconf 87' lang='lat' dir='ltr'><strong>plenam</strong></span> <span class='ocrx_word' id='word_1_151' title='bbox 1945 2094 2073 2151; x_wconf 85' lang='lat' dir='ltr'><strong>pro-</strong></span> 
     </span>
    </p>
   </div>
   <div class='ocr_carea' id='block_1_21' title="bbox 491 2189 2073 2266">
    <p class='ocr_par' dir='ltr' id='par_1_21' title="bbox 491 2189 2073 2266">
     <span class='ocr_line' id='line_1_22' title="bbox 491 2189 2073 2266; baseline -0.012 -17"><span class='ocrx_word' id='word_1_152' title='bbox 491 2201 613 2266; x_wconf 85' lang='lat' dir='ltr'><strong>pter</strong></span> <span class='ocrx_word' id='word_1_153' title='bbox 673 2189 1096 2263; x_wconf 81' lang='lat' dir='ltr'><strong>ignominiosam</strong></span> <span class='ocrx_word' id='word_1_154' title='bbox 1149 2200 1392 2247; x_wconf 89' lang='lat' dir='ltr'><strong>crucem,</strong></span> <span class='ocrx_word' id='word_1_155' title='bbox 1446 2196 1641 2252; x_wconf 74' lang='lat' dir='ltr'><strong>precor</strong></span> <span class='ocrx_word' id='word_1_156' title='bbox 1675 2194 1739 2233; x_wconf 90' lang='lat' dir='ltr'><strong>ac</strong></span> <span class='ocrx_word' id='word_1_157' title='bbox 1791 2192 1942 2248; x_wconf 82' lang='lat' dir='ltr'><strong>rogo,</strong></span> <span class='ocrx_word' id='word_1_158' title='bbox 1977 2190 2073 2230; x_wconf 89' lang='lat' dir='ltr'><strong>eos</strong></span> 
     </span>
    </p>
   </div>
   <div class='ocr_carea' id='block_1_22' title="bbox 491 2268 2073 2357">
    <p class='ocr_par' dir='ltr' id='par_1_22' title="bbox 491 2268 2073 2357">
     <span class='ocr_line' id='line_1_23' title="bbox 491 2268 2073 2357; baseline -0.014 -15"><span class='ocrx_word' id='word_1_159' title='bbox 491 2286 587 2357; x_wconf 79' lang='lat' dir='ltr'><strong>qui</strong></span> <span class='ocrx_word' id='word_1_160' title='bbox 619 2283 853 2339; x_wconf 87' lang='lat' dir='ltr'><strong>credunt</strong></span> <span class='ocrx_word' id='word_1_161' title='bbox 896 2281 951 2335; x_wconf 91' lang='lat' dir='ltr'><strong>in</strong></span> <span class='ocrx_word' id='word_1_162' title='bbox 982 2296 1068 2335; x_wconf 90' lang='lat' dir='ltr'><strong>me</strong></span> <span class='ocrx_word' id='word_1_163' title='bbox 1103 2279 1202 2333; x_wconf 87' lang='lat' dir='ltr'><strong>abs</strong></span> <span class='ocrx_word' id='word_1_164' title='bbox 1231 2286 1283 2332; x_wconf 89' lang='lat' dir='ltr'><strong>te</strong></span> <span class='ocrx_word' id='word_1_165' title='bbox 1324 2274 1530 2331; x_wconf 89' lang='lat' dir='ltr'><strong>servari</strong></span> <span class='ocrx_word' id='word_1_166' title='bbox 1581 2269 1967 2330; x_wconf 86' lang='lat' dir='ltr'><strong>immutabiles,</strong></span> <span class='ocrx_word' id='word_1_167' title='bbox 1999 2268 2073 2321; x_wconf 91' lang='lat' dir='ltr'><strong>ita</strong></span> 
     </span>
    </p>
   </div>
   <div class='ocr_carea' id='block_1_23' title="bbox 492 2362 2071 2448">
    <p class='ocr_par' dir='ltr' id='par_1_23' title="bbox 492 2362 2071 2448">
     <span class='ocr_line' id='line_1_24' title="bbox 492 2362 2071 2448; baseline -0.011 -15"><span class='ocrx_word' id='word_1_168' title='bbox 492 2384 555 2433; x_wconf 85' lang='lat' dir='ltr'><strong>ut</strong></span> <span class='ocrx_word' id='word_1_169' title='bbox 611 2390 891 2448; x_wconf 88' lang='lat' dir='ltr'><strong>nunquam</strong></span> <span class='ocrx_word' id='word_1_170' title='bbox 955 2373 1305 2428; x_wconf 85' lang='lat' dir='ltr'><strong>erubescant.</strong></span> <span class='ocrx_word' id='word_1_171' title='bbox 1340 2368 1522 2436; x_wconf 86' lang='lat' dir='ltr'><strong>Quare</strong></span> <span class='ocrx_word' id='word_1_172' title='bbox 1550 2362 1610 2420; x_wconf 87' lang='lat' dir='ltr'><strong>tu</strong></span> <span class='ocrx_word' id='word_1_173' title='bbox 1646 2365 1783 2435; x_wconf 84' lang='lat' dir='ltr'><strong>ipse,</strong></span> <span class='ocrx_word' id='word_1_174' title='bbox 1824 2362 2071 2425; x_wconf 88' lang='lat' dir='ltr'><strong>Domine,</strong></span> 
     </span>
    </p>
   </div>
   <div class='ocr_carea' id='block_1_24' title="bbox 494 2452 2072 2531">
    <p class='ocr_par' dir='ltr' id='par_1_24' title="bbox 494 2452 2072 2531">
     <span class='ocr_line' id='line_1_25' title="bbox 494 2452 2072 2531; baseline -0.012 -7"><span class='ocrx_word' id='word_1_175' title='bbox 494 2468 726 2524; x_wconf 88' lang='lat' dir='ltr'><strong>Domine</strong></span> <span class='ocrx_word' id='word_1_176' title='bbox 782 2467 1069 2528; x_wconf 78' lang='lat' dir='ltr'><strong>virtutum,</strong></span> <span class='ocrx_word' id='word_1_177' title='bbox 1105 2477 1200 2519; x_wconf 91' lang='lat' dir='ltr'><strong>eos</strong></span> <span class='ocrx_word' id='word_1_178' title='bbox 1255 2461 1351 2531; x_wconf 90' lang='lat' dir='ltr'><strong>qui</strong></span> <span class='ocrx_word' id='word_1_179' title='bbox 1403 2466 1626 2530; x_wconf 83' lang='lat' dir='ltr'><strong>propter</strong></span> <span class='ocrx_word' id='word_1_180' title='bbox 1704 2452 2072 2525; x_wconf 82' lang='lat' dir='ltr'><strong>cognitionem</strong></span> 
     </span>
    </p>
   </div>
   <div class='ocr_carea' id='block_1_25' title="bbox 493 2544 2072 2623">
    <p class='ocr_par' dir='ltr' id='par_1_25' title="bbox 493 2544 2072 2623">
     <span class='ocr_line' id='line_1_26' title="bbox 493 2544 2072 2623; baseline -0.011 -6"><span class='ocrx_word' id='word_1_181' title='bbox 493 2569 643 2617; x_wconf 87' lang='lat' dir='ltr'><strong>tuam</strong></span> <span class='ocrx_word' id='word_1_182' title='bbox 706 2574 737 2613; x_wconf 90' lang='lat' dir='ltr'><strong>a</strong></span> <span class='ocrx_word' id='word_1_183' title='bbox 788 2574 875 2614; x_wconf 90' lang='lat' dir='ltr'><strong>me</strong></span> <span class='ocrx_word' id='word_1_184' title='bbox 929 2556 1190 2611; x_wconf 82' lang='lat' dir='ltr'><strong>traditam</strong></span> <span class='ocrx_word' id='word_1_185' title='bbox 1242 2554 1656 2623; x_wconf 79' lang='lat' dir='ltr'><strong>impugnantur,</strong></span> <span class='ocrx_word' id='word_1_186' title='bbox 1725 2546 1819 2619; x_wconf 90' lang='lat' dir='ltr'><strong>qui</strong></span> <span class='ocrx_word' id='word_1_187' title='bbox 1886 2544 2072 2616; x_wconf 78' lang='lat' dir='ltr'><strong>gravia</strong></span> 
     </span>
    </p>
   </div>
   <div class='ocr_carea' id='block_1_26' title="bbox 493 2642 2061 2721">
    <p class='ocr_par' dir='ltr' id='par_1_26' title="bbox 493 2642 2061 2721">
     <span class='ocr_line' id='line_1_27' title="bbox 493 2642 2061 2721; baseline -0.011 -14"><span class='ocrx_word' id='word_1_188' title='bbox 493 2666 708 2721; x_wconf 82' lang='lat' dir='ltr'><strong>semper</strong></span> <span class='ocrx_word' id='word_1_189' title='bbox 730 2649 1036 2719; x_wconf 91' lang='lat' dir='ltr'><strong>patiuntur,</strong></span> <span class='ocrx_word' id='word_1_190' title='bbox 1056 2654 1110 2701; x_wconf 90' lang='lat' dir='ltr'><strong>et</strong></span> <span class='ocrx_word' id='word_1_191' title='bbox 1136 2660 1311 2715; x_wconf 93' lang='lat' dir='ltr'><strong>usque</strong></span> <span class='ocrx_word' id='word_1_192' title='bbox 1337 2642 1404 2698; x_wconf 90' lang='lat' dir='ltr'><strong>ad</strong></span> <span class='ocrx_word' id='word_1_193' title='bbox 1432 2649 1663 2696; x_wconf 89' lang='lat' dir='ltr'><strong>mortem</strong></span> <span class='ocrx_word' id='word_1_194' title='bbox 1686 2643 2061 2710; x_wconf 83' lang='lat' dir='ltr'><strong>perseverant,</strong></span> 
     </span>
    </p>
   </div>
   <div class='ocr_carea' id='block_1_27' title="bbox 492 2731 2071 2812">
    <p class='ocr_par' dir='ltr' id='par_1_27' title="bbox 492 2731 2071 2812">
     <span class='ocr_line' id='line_1_28' title="bbox 492 2731 2071 2812; baseline -0.009 -12"><span class='ocrx_word' id='word_1_195' title='bbox 492 2760 562 2800; x_wconf 88' lang='lat' dir='ltr'><strong>ne</strong></span> <span class='ocrx_word' id='word_1_196' title='bbox 609 2743 982 2812; x_wconf 89' lang='lat' dir='ltr'><strong>derelinquas,</strong></span> <span class='ocrx_word' id='word_1_197' title='bbox 1016 2755 1084 2794; x_wconf 86' lang='lat' dir='ltr'><strong>ne</strong></span> <span class='ocrx_word' id='word_1_198' title='bbox 1139 2738 1194 2793; x_wconf 93' lang='lat' dir='ltr'><strong>in</strong></span> <span class='ocrx_word' id='word_1_199' title='bbox 1246 2752 1332 2791; x_wconf 89' lang='lat' dir='ltr'><strong>me</strong></span> <span class='ocrx_word' id='word_1_200' title='bbox 1373 2742 1659 2807; x_wconf 87' lang='lat' dir='ltr'><strong>sperantes</strong></span> <span class='ocrx_word' id='word_1_201' title='bbox 1724 2731 2071 2788; x_wconf 83' lang='lat' dir='ltr'><strong>confundan-</strong></span> 
     </span>
    </p>
   </div>
   <div class='ocr_carea' id='block_1_28' title="bbox 490 2823 2073 2908">
    <p class='ocr_par' dir='ltr' id='par_1_28' title="bbox 490 2823 2073 2908">
     <span class='ocr_line' id='line_1_29' title="bbox 490 2823 2073 2908; baseline -0.01 -16"><span class='ocrx_word' id='word_1_202' title='bbox 490 2844 604 2904; x_wconf 75' lang='lat' dir='ltr'><strong>tur,</strong></span> <span class='ocrx_word' id='word_1_203' title='bbox 634 2835 728 2908; x_wconf 90' lang='lat' dir='ltr'><strong>qui</strong></span> <span class='ocrx_word' id='word_1_204' title='bbox 766 2842 820 2889; x_wconf 91' lang='lat' dir='ltr'><strong>te</strong></span> <span class='ocrx_word' id='word_1_205' title='bbox 865 2832 1035 2889; x_wconf 90' lang='lat' dir='ltr'><strong>Deum</strong></span> <span class='ocrx_word' id='word_1_206' title='bbox 1092 2829 1263 2886; x_wconf 84' lang='lat' dir='ltr'><strong>Israel</strong></span> <span class='ocrx_word' id='word_1_207' title='bbox 1310 2827 1628 2899; x_wconf 74' lang='lat' dir='ltr'><strong>exquirunt.</strong></span> <span class='ocrx_word' id='word_1_208' title='bbox 1658 2823 1886 2879; x_wconf 84' lang='lat' dir='ltr'><strong>Etiamsi</strong></span> <span class='ocrx_word' id='word_1_209' title='bbox 1929 2824 2073 2878; x_wconf 91' lang='lat' dir='ltr'><strong>enim</strong></span> 
     </span>
    </p>
   </div>
   <div class='ocr_carea' id='block_1_29' title="bbox 491 2916 2072 2994">
    <p class='ocr_par' dir='ltr' id='par_1_29' title="bbox 491 2916 2072 2994">
     <span class='ocr_line' id='line_1_30' title="bbox 491 2916 2072 2994; baseline -0.008 -10"><span class='ocrx_word' id='word_1_210' title='bbox 491 2940 544 2984; x_wconf 88' lang='lat' dir='ltr'><strong>te</strong></span> <span class='ocrx_word' id='word_1_211' title='bbox 572 2930 703 2984; x_wconf 90' lang='lat' dir='ltr'><strong>olim</strong></span> <span class='ocrx_word' id='word_1_212' title='bbox 733 2944 844 2984; x_wconf 88' lang='lat' dir='ltr'><strong>non</strong></span> <span class='ocrx_word' id='word_1_213' title='bbox 873 2931 1187 2989; x_wconf 87' lang='lat' dir='ltr'><strong>noscerent,</strong></span> <span class='ocrx_word' id='word_1_214' title='bbox 1218 2922 1346 2994; x_wconf 91' lang='lat' dir='ltr'><strong>quia</strong></span> <span class='ocrx_word' id='word_1_215' title='bbox 1371 2921 1714 2976; x_wconf 66' lang='lat' dir='ltr'><strong>daemonibus</strong></span> <span class='ocrx_word' id='word_1_216' title='bbox 1744 2918 1905 2973; x_wconf 88' lang='lat' dir='ltr'><strong>malis</strong></span> <span class='ocrx_word' id='word_1_217' title='bbox 1941 2916 2072 2974; x_wconf 89' lang='lat' dir='ltr'><strong>sub-</strong></span> 
     </span>
    </p>
   </div>
   <div class='ocr_carea' id='block_1_30' title="bbox 492 3010 2069 3089">
    <p class='ocr_par' dir='ltr' id='par_1_30' title="bbox 492 3010 2069 3089">
     <span class='ocr_line' id='line_1_31' title="bbox 492 3010 2069 3089; baseline -0.009 -13"><span class='ocrx_word' id='word_1_218' title='bbox 492 3021 593 3076; x_wconf 87' lang='lat' dir='ltr'><strong>diti</strong></span> <span class='ocrx_word' id='word_1_219' title='bbox 628 3028 826 3088; x_wconf 87' lang='lat' dir='ltr'><strong>erant;</strong></span> <span class='ocrx_word' id='word_1_220' title='bbox 856 3028 911 3073; x_wconf 88' lang='lat' dir='ltr'><strong>at</strong></span> <span class='ocrx_word' id='word_1_221' title='bbox 932 3019 1044 3089; x_wconf 88' lang='lat' dir='ltr'><strong>jam</strong></span> <span class='ocrx_word' id='word_1_222' title='bbox 1072 3033 1195 3072; x_wconf 90' lang='lat' dir='ltr'><strong>cum</strong></span> <span class='ocrx_word' id='word_1_223' title='bbox 1216 3024 1268 3071; x_wconf 90' lang='lat' dir='ltr'><strong>te</strong></span> <span class='ocrx_word' id='word_1_224' title='bbox 1288 3025 1540 3078; x_wconf 88' lang='lat' dir='ltr'><strong>noscant,</strong></span> <span class='ocrx_word' id='word_1_225' title='bbox 1560 3014 1613 3068; x_wconf 89' lang='lat' dir='ltr'><strong>in</strong></span> <span class='ocrx_word' id='word_1_226' title='bbox 1643 3013 1890 3068; x_wconf 90' lang='lat' dir='ltr'><strong>omnium</strong></span> <span class='ocrx_word' id='word_1_227' title='bbox 1923 3010 2069 3065; x_wconf 88' lang='lat' dir='ltr'><strong>obli-</strong></span> 
     </span>
    </p>
   </div>
   <div class='ocr_carea' id='block_1_31' title="bbox 493 3105 2075 3179">
    <p class='ocr_par' dir='ltr' id='par_1_31' title="bbox 493 3105 2075 3179">
     <span class='ocr_line' id='line_1_32' title="bbox 493 3105 2075 3179; baseline -0.008 -10"><span class='ocrx_word' id='word_1_228' title='bbox 493 3115 708 3169; x_wconf 85' lang='lat' dir='ltr'><strong>vionem</strong></span> <span class='ocrx_word' id='word_1_229' title='bbox 742 3120 1035 3176; x_wconf 87' lang='lat' dir='ltr'><strong>venerunt,</strong></span> <span class='ocrx_word' id='word_1_230' title='bbox 1067 3119 1229 3179; x_wconf 89' lang='lat' dir='ltr'><strong>teque</strong></span> <span class='ocrx_word' id='word_1_231' title='bbox 1268 3108 1446 3163; x_wconf 88' lang='lat' dir='ltr'><strong>solum</strong></span> <span class='ocrx_word' id='word_1_232' title='bbox 1497 3105 1791 3178; x_wconf 64' lang='lat' dir='ltr'><strong>maerendo</strong></span> <span class='ocrx_word' id='word_1_233' title='bbox 1822 3119 2075 3174; x_wconf 87' lang='lat' dir='ltr'><strong>perseve-</strong></span> 
     </span>
    </p>
   </div>
   <div class='ocr_carea' id='block_1_32' title="bbox 494 3198 2142 3274">
    <p class='ocr_par' dir='ltr' id='par_1_32' title="bbox 494 3198 2142 3274">
     <span class='ocr_line' id='line_1_33' title="bbox 494 3198 2142 3274; baseline -0.007 -13"><span class='ocrx_word' id='word_1_234' title='bbox 494 3214 637 3262; x_wconf 90' lang='lat' dir='ltr'><strong>rant.</strong></span> <span class='ocrx_word' id='word_1_235' title='bbox 668 3205 1035 3272; x_wconf 90' lang='lat' dir='ltr'><strong>Quamobrem</strong></span> <span class='ocrx_word' id='word_1_236' title='bbox 1067 3202 1338 3273; x_wconf 92' lang='lat' dir='ltr'><strong>supplicio</strong></span> <span class='ocrx_word' id='word_1_237' title='bbox 1373 3216 1443 3255; x_wconf 90' lang='lat' dir='ltr'><strong>ne</strong></span> <span class='ocrx_word' id='word_1_238' title='bbox 1489 3198 1923 3260; x_wconf 76' lang='lat' dir='ltr'><strong>confundantur,</strong></span> <span class='ocrx_word' id='word_1_239' title='bbox 1966 3212 2070 3251; x_wconf 90' lang='lat' dir='ltr'><strong>neu</strong></span> <span class='ocrx_word' id='word_1_240' title='bbox 2102 3217 2142 3274; x_wconf 70' lang='grc' dir='ltr'>ο</span> 
     </span>
    </p>
   </div>
   <div class='ocr_carea' id='block_1_33' title="bbox 498 3291 2074 3366">
    <p class='ocr_par' dir='ltr' id='par_1_33' title="bbox 498 3291 2074 3366">
     <span class='ocr_line' id='line_1_34' title="bbox 498 3291 2074 3366; baseline -0.004 -17"><span class='ocrx_word' id='word_1_241' title='bbox 498 3315 517 3349; x_wconf 77' lang='grc' dir='ltr'><strong>ι</strong></span> <span class='ocrx_word' id='word_1_242' title='bbox 559 3295 861 3366; x_wconf 82' lang='lat' dir='ltr'><strong>ignominia</strong></span> <span class='ocrx_word' id='word_1_243' title='bbox 910 3293 1239 3359; x_wconf 76' lang='lat' dir='ltr'><strong>afficiantur;</strong></span> <span class='ocrx_word' id='word_1_244' title='bbox 1282 3311 1301 3342; x_wconf 74' lang='grc' dir='ltr'><strong>ι</strong></span> <span class='ocrx_word' id='word_1_245' title='bbox 1350 3291 1431 3346; x_wconf 90' lang='lat' dir='ltr'><strong>sic</strong></span> <span class='ocrx_word' id='word_1_246' title='bbox 1486 3291 1631 3345; x_wconf 90' lang='lat' dir='ltr'><strong>enim</strong></span> <span class='ocrx_word' id='word_1_247' title='bbox 1681 3291 2074 3359; x_wconf 84' lang='lat' dir='ltr'><strong>interpretatus</strong></span> 
     </span>
    </p>
   </div>
   <div class='ocr_carea' id='block_1_34' title="bbox 495 3380 2072 3456">
    <p class='ocr_par' dir='ltr' id='par_1_34' title="bbox 495 3380 2072 3456">
     <span class='ocr_line' id='line_1_35' title="bbox 495 3380 2072 3456; baseline -0.005 -15"><span class='ocrx_word' id='word_1_248' title='bbox 495 3382 861 3456; x_wconf 85' lang='lat' dir='ltr'><strong>Symmachus</strong></span> <span class='ocrx_word' id='word_1_249' title='bbox 910 3392 994 3439; x_wconf 92' lang='lat' dir='ltr'><strong>est</strong></span> <span class='ocrx_word' id='word_1_250' title='bbox 1029 3400 1041 3435; x_wconf 91' lang='lat'><strong>:</strong></span> <span class='ocrx_word' id='word_1_251' title='bbox 1081 3402 1098 3434; x_wconf 79' lang='grc' dir='ltr'><strong>ι</strong></span> <span class='ocrx_word' id='word_1_252' title='bbox 1144 3382 1221 3437; x_wconf 86' lang='lat' dir='ltr'><strong>Ne</strong></span> <span class='ocrx_word' id='word_1_253' title='bbox 1282 3380 1696 3435; x_wconf 65' lang='lat' dir='ltr'><strong>confundantur</strong></span> <span class='ocrx_word' id='word_1_254' title='bbox 1745 3395 1911 3450; x_wconf 91' lang='lat' dir='ltr'><strong>super</strong></span> <span class='ocrx_word' id='word_1_255' title='bbox 1964 3395 2072 3442; x_wconf 88' lang='lat' dir='ltr'><strong>me,</strong></span> 
     </span>
    </p>
   </div>
   <div class='ocr_carea' id='block_1_35' title="bbox 495 3472 2079 3549">
    <p class='ocr_par' dir='ltr' id='par_1_35' title="bbox 495 3472 2079 3549">
     <span class='ocr_line' id='line_1_36' title="bbox 495 3472 2079 3549; baseline -0.003 -20"><span class='ocrx_word' id='word_1_256' title='bbox 495 3478 587 3549; x_wconf 90' lang='lat' dir='ltr'><strong>qui</strong></span> <span class='ocrx_word' id='word_1_257' title='bbox 626 3484 946 3547; x_wconf 81' lang='lat' dir='ltr'><strong>exspectant</strong></span> <span class='ocrx_word' id='word_1_258' title='bbox 979 3484 1053 3544; x_wconf 88' lang='lat' dir='ltr'><strong>te,</strong></span> <span class='ocrx_word' id='word_1_259' title='bbox 1083 3475 1312 3531; x_wconf 90' lang='lat' dir='ltr'><strong>Domine</strong></span> <span class='ocrx_word' id='word_1_260' title='bbox 1339 3476 1482 3530; x_wconf 90' lang='lat' dir='ltr'><strong>Deus</strong></span> <span class='ocrx_word' id='word_1_261' title='bbox 1512 3474 1799 3537; x_wconf 90' lang='lat' dir='ltr'><strong>virtutum,</strong></span> <span class='ocrx_word' id='word_1_262' title='bbox 1831 3488 1899 3526; x_wconf 89' lang='lat' dir='ltr'><strong>ne</strong></span> <span class='ocrx_word' id='word_1_263' title='bbox 1922 3472 2079 3541; x_wconf 82' lang='lat' dir='ltr'><strong>igno-</strong></span> 
     </span>
    </p>
   </div>
   <div class='ocr_carea' id='block_1_36' title="bbox 494 3563 2077 3637">
    <p class='ocr_par' dir='ltr' id='par_1_36' title="bbox 494 3563 2077 3637">
     <span class='ocr_line' id='line_1_37' title="bbox 494 3563 2077 3637; baseline -0.003 -14"><span class='ocrx_word' id='word_1_264' title='bbox 494 3569 664 3624; x_wconf 90' lang='lat' dir='ltr'><strong>minia</strong></span> <span class='ocrx_word' id='word_1_265' title='bbox 711 3566 1024 3621; x_wconf 78' lang='lat' dir='ltr'><strong>afficiantur</strong></span> <span class='ocrx_word' id='word_1_266' title='bbox 1069 3582 1236 3636; x_wconf 87' lang='lat' dir='ltr'><strong>super</strong></span> <span class='ocrx_word' id='word_1_267' title='bbox 1277 3583 1362 3622; x_wconf 93' lang='lat' dir='ltr'><strong>me</strong></span> <span class='ocrx_word' id='word_1_268' title='bbox 1395 3567 1490 3637; x_wconf 89' lang='lat' dir='ltr'><strong>qui</strong></span> <span class='ocrx_word' id='word_1_269' title='bbox 1540 3576 1790 3635; x_wconf 73' lang='lat' dir='ltr'><strong>quaerunt</strong></span> <span class='ocrx_word' id='word_1_270' title='bbox 1822 3572 1896 3627; x_wconf 86' lang='lat' dir='ltr'><strong>te,</strong></span> <span class='ocrx_word' id='word_1_271' title='bbox 1934 3563 2077 3618; x_wconf 89' lang='lat' dir='ltr'><strong>Deus</strong></span> 
     </span>
    </p>
   </div>
   <div class='ocr_carea' id='block_1_37' title="bbox 496 3655 2074 3729">
    <p class='ocr_par' dir='ltr' id='par_1_37' title="bbox 496 3655 2074 3729">
     <span class='ocr_line' id='line_1_38' title="bbox 496 3655 2074 3729; baseline -0.004 -15"><span class='ocrx_word' id='word_1_272' title='bbox 496 3660 683 3715; x_wconf 88' lang='lat' dir='ltr'><strong>Israel.</strong></span> <span class='ocrx_word' id='word_1_273' title='bbox 730 3678 748 3711; x_wconf 74' lang='grc' dir='ltr'><strong>ι</strong></span> <span class='ocrx_word' id='word_1_274' title='bbox 792 3657 1063 3715; x_wconf 81' lang='lat' dir='ltr'><strong>Observes</strong></span> <span class='ocrx_word' id='word_1_275' title='bbox 1124 3674 1289 3729; x_wconf 88' lang='lat' dir='ltr'><strong>porro</strong></span> <span class='ocrx_word' id='word_1_276' title='bbox 1366 3657 1645 3729; x_wconf 86' lang='lat' dir='ltr'><strong>quomodo</strong></span> <span class='ocrx_word' id='word_1_277' title='bbox 1706 3656 1913 3711; x_wconf 90' lang='lat' dir='ltr'><strong>dictum</strong></span> <span class='ocrx_word' id='word_1_278' title='bbox 1983 3655 2074 3716; x_wconf 86' lang='lat' dir='ltr'><strong>sit.</strong></span> 
     </span>
    </p>
   </div>
   <div class='ocr_carea' id='block_1_38' title="bbox 501 3744 2079 3816">
    <p class='ocr_par' dir='ltr' id='par_1_38' title="bbox 501 3744 2079 3816">
     <span class='ocr_line' id='line_1_39' title="bbox 501 3744 2079 3816; baseline -0.004 -13"><span class='ocrx_word' id='word_1_279' title='bbox 501 3769 521 3803; x_wconf 76' lang='grc' dir='ltr'><strong>ι</strong></span> <span class='ocrx_word' id='word_1_280' title='bbox 568 3748 821 3811; x_wconf 84' lang='lat' dir='ltr'><strong>Domine,</strong></span> <span class='ocrx_word' id='word_1_281' title='bbox 853 3748 1081 3805; x_wconf 90' lang='lat' dir='ltr'><strong>Domine</strong></span> <span class='ocrx_word' id='word_1_282' title='bbox 1120 3751 1420 3816; x_wconf 84' lang='lat' dir='ltr'><strong>virtutum;</strong></span> <span class='ocrx_word' id='word_1_283' title='bbox 1458 3770 1476 3802; x_wconf 76' lang='grc' dir='ltr'><strong>ι</strong></span> <span class='ocrx_word' id='word_1_284' title='bbox 1514 3749 1586 3803; x_wconf 92' lang='lat' dir='ltr'><strong>ita</strong></span> <span class='ocrx_word' id='word_1_285' title='bbox 1634 3758 1691 3801; x_wconf 94' lang='lat' dir='ltr'><strong>ut</strong></span> <span class='ocrx_word' id='word_1_286' title='bbox 1746 3762 1942 3801; x_wconf 92' lang='lat' dir='ltr'><strong>nomen</strong></span> <span class='ocrx_word' id='word_1_287' title='bbox 1974 3744 2079 3798; x_wconf 88' lang='lat' dir='ltr'><strong>Do-</strong></span> 
     </span>
    </p>
   </div>
   <div class='ocr_carea' id='block_1_39' title="bbox 496 3838 2077 3911">
    <p class='ocr_par' dir='ltr' id='par_1_39' title="bbox 496 3838 2077 3911">
     <span class='ocr_line' id='line_1_40' title="bbox 496 3838 2077 3911; baseline -0.005 -15"><span class='ocrx_word' id='word_1_288' title='bbox 496 3841 629 3896; x_wconf 91' lang='lat' dir='ltr'><strong>mini</strong></span> <span class='ocrx_word' id='word_1_289' title='bbox 656 3840 965 3911; x_wconf 88' lang='lat' dir='ltr'><strong>repetitum,</strong></span> <span class='ocrx_word' id='word_1_290' title='bbox 999 3847 1052 3894; x_wconf 92' lang='lat' dir='ltr'><strong>et</strong></span> <span class='ocrx_word' id='word_1_291' title='bbox 1092 3838 1159 3893; x_wconf 91' lang='lat' dir='ltr'><strong>ad</strong></span> <span class='ocrx_word' id='word_1_292' title='bbox 1190 3838 1361 3895; x_wconf 86' lang='lat' dir='ltr'><strong>Deum</strong></span> <span class='ocrx_word' id='word_1_293' title='bbox 1402 3840 1786 3894; x_wconf 88' lang='lat' dir='ltr'><strong>universorum</strong></span> <span class='ocrx_word' id='word_1_294' title='bbox 1845 3838 2077 3892; x_wconf 86' lang='lat' dir='ltr'><strong>relatum</strong></span> 
     </span>
    </p>
   </div>
   <div class='ocr_carea' id='block_1_40' title="bbox 496 3934 586 3989">
    <p class='ocr_par' dir='ltr' id='par_1_40' title="bbox 496 3934 586 3989">
     <span class='ocr_line' id='line_1_41' title="bbox 496 3934 586 3989; baseline -0.022 0"><span class='ocrx_word' id='word_1_295' title='bbox 496 3934 586 3989; x_wconf 85' lang='lat' dir='ltr'><strong>sit.</strong></span> 
     </span>
    </p>
   </div>
   <div class='ocr_carea' id='block_1_41' title="bbox 570 4042 2081 4116">
    <p class='ocr_par' dir='ltr' id='par_1_41' title="bbox 570 4042 2081 4116">
     <span class='ocr_line' id='line_1_42' title="bbox 570 4042 2081 4116; baseline -0.005 -14"><span class='ocrx_word' id='word_1_296' title='bbox 570 4048 740 4103; x_wconf 76' lang='lat' dir='ltr'><strong>Vens.</strong></span> <span class='ocrx_word' id='word_1_297' title='bbox 768 4049 823 4109; x_wconf 92' lang='lat'><strong>8,</strong></span> <span class='ocrx_word' id='word_1_298' title='bbox 852 4048 906 4102; x_wconf 88' lang='grc'><strong>9.</strong></span> <span class='ocrx_word' id='word_1_299' title='bbox 944 4067 963 4098; x_wconf 75' lang='grc' dir='ltr'><strong>ι</strong></span> <span class='ocrx_word' id='word_1_300' title='bbox 1004 4046 1276 4113; x_wconf 89' lang='lat' dir='ltr'><strong>Quoniam</strong></span> <span class='ocrx_word' id='word_1_301' title='bbox 1335 4055 1559 4116; x_wconf 90' lang='lat' dir='ltr'><strong>propter</strong></span> <span class='ocrx_word' id='word_1_302' title='bbox 1607 4052 1661 4100; x_wconf 89' lang='lat' dir='ltr'><strong>te</strong></span> <span class='ocrx_word' id='word_1_303' title='bbox 1714 4042 1953 4099; x_wconf 88' lang='lat' dir='ltr'><strong>sustinui</strong></span> <span class='ocrx_word' id='word_1_304' title='bbox 1982 4056 2081 4111; x_wconf 85' lang='lat' dir='ltr'><strong>op-</strong></span> 
     </span>
    </p>
   </div>
   <div class='ocr_carea' id='block_1_42' title="bbox 496 4134 2078 4214">
    <p class='ocr_par' dir='ltr' id='par_1_42' title="bbox 496 4134 2078 4214">
     <span class='ocr_line' id='line_1_43' title="bbox 496 4134 2078 4214; baseline -0.006 -18"><span class='ocrx_word' id='word_1_305' title='bbox 496 4142 808 4214; x_wconf 86' lang='lat' dir='ltr'><strong>probrium.</strong></span> <span class='ocrx_word' id='word_1_306' title='bbox 840 4142 1056 4211; x_wconf 86' lang='lat' dir='ltr'><strong>operuit</strong></span> <span class='ocrx_word' id='word_1_307' title='bbox 1100 4140 1354 4194; x_wconf 87' lang='lat' dir='ltr'><strong>confusio</strong></span> <span class='ocrx_word' id='word_1_308' title='bbox 1412 4138 1605 4193; x_wconf 87' lang='lat' dir='ltr'><strong>faciem</strong></span> <span class='ocrx_word' id='word_1_309' title='bbox 1657 4152 1858 4191; x_wconf 86' lang='lat' dir='ltr'><strong>meam.</strong></span> <span class='ocrx_word' id='word_1_310' title='bbox 1904 4156 1921 4187; x_wconf 71' lang='grc' dir='ltr'><strong>ι</strong></span> <span class='ocrx_word' id='word_1_311' title='bbox 1963 4134 2078 4189; x_wconf 56' lang='lat' dir='ltr'><strong>Creo</strong></span> 
     </span>
    </p>
   </div>
   <div class='ocr_carea' id='block_1_43' title="bbox 496 4226 2073 4301">
    <p class='ocr_par' dir='ltr' id='par_1_43' title="bbox 496 4226 2073 4301">
     <span class='ocr_line' id='line_1_44' title="bbox 496 4226 2073 4301; baseline -0.008 -12"><span class='ocrx_word' id='word_1_312' title='bbox 496 4232 625 4297; x_wconf 85' lang='lat' dir='ltr'><strong>teri,</strong></span> <span class='ocrx_word' id='word_1_313' title='bbox 660 4233 861 4301; x_wconf 88' lang='lat' dir='ltr'><strong>inquit,</strong></span> <span class='ocrx_word' id='word_1_314' title='bbox 898 4232 1149 4285; x_wconf 88' lang='lat' dir='ltr'><strong>homines</strong></span> <span class='ocrx_word' id='word_1_315' title='bbox 1190 4231 1259 4283; x_wconf 89' lang='lat' dir='ltr'><strong>ob</strong></span> <span class='ocrx_word' id='word_1_316' title='bbox 1305 4235 1527 4299; x_wconf 86' lang='lat' dir='ltr'><strong>peccata</strong></span> <span class='ocrx_word' id='word_1_317' title='bbox 1578 4244 1677 4283; x_wconf 91' lang='lat' dir='ltr'><strong>sua</strong></span> <span class='ocrx_word' id='word_1_318' title='bbox 1710 4226 2073 4297; x_wconf 80' lang='lat' dir='ltr'><strong>correptioni-</strong></span> 
     </span>
    </p>
   </div>
   <div class='ocr_carea' id='block_1_44' title="bbox 498 4319 2078 4393">
    <p class='ocr_par' dir='ltr' id='par_1_44' title="bbox 498 4319 2078 4393">
     <span class='ocr_line' id='line_1_45' title="bbox 498 4319 2078 4393; baseline -0.005 -15"><span class='ocrx_word' id='word_1_319' title='bbox 498 4325 603 4379; x_wconf 89' lang='lat' dir='ltr'><strong>bus</strong></span> <span class='ocrx_word' id='word_1_320' title='bbox 627 4334 680 4378; x_wconf 89' lang='lat' dir='ltr'><strong>ct</strong></span> <span class='ocrx_word' id='word_1_321' title='bbox 707 4323 1023 4393; x_wconf 80' lang='lat' dir='ltr'><strong>approbriis</strong></span> <span class='ocrx_word' id='word_1_322' title='bbox 1075 4322 1480 4392; x_wconf 85' lang='lat' dir='ltr'><strong>subjiciuntur;</strong></span> <span class='ocrx_word' id='word_1_323' title='bbox 1510 4336 1609 4391; x_wconf 82' lang='lat' dir='ltr'><strong>ego</strong></span> <span class='ocrx_word' id='word_1_324' title='bbox 1658 4335 1789 4374; x_wconf 87' lang='lat' dir='ltr'><strong>vero</strong></span> <span class='ocrx_word' id='word_1_325' title='bbox 1814 4319 1906 4388; x_wconf 89' lang='lat' dir='ltr'><strong>qui</strong></span> <span class='ocrx_word' id='word_1_326' title='bbox 1952 4334 2078 4388; x_wconf 79' lang='lat' dir='ltr'><strong>pec-</strong></span> 
     </span>
    </p>
   </div>
   <div class='ocr_carea' id='block_1_45' title="bbox 496 4412 2075 4485">
    <p class='ocr_par' dir='ltr' id='par_1_45' title="bbox 496 4412 2075 4485">
     <span class='ocr_line' id='line_1_46' title="bbox 496 4412 2075 4485; baseline -0.005 -14"><span class='ocrx_word' id='word_1_327' title='bbox 496 4428 680 4472; x_wconf 80' lang='lat' dir='ltr'><strong>catum</strong></span> <span class='ocrx_word' id='word_1_328' title='bbox 718 4434 828 4471; x_wconf 86' lang='lat' dir='ltr'><strong>non</strong></span> <span class='ocrx_word' id='word_1_329' title='bbox 863 4416 1009 4479; x_wconf 90' lang='lat' dir='ltr'><strong>novi,</strong></span> <span class='ocrx_word' id='word_1_330' title='bbox 1047 4425 1272 4485; x_wconf 88' lang='lat' dir='ltr'><strong>propter</strong></span> <span class='ocrx_word' id='word_1_331' title='bbox 1307 4424 1357 4470; x_wconf 92' lang='lat' dir='ltr'><strong>te</strong></span> <span class='ocrx_word' id='word_1_332' title='bbox 1404 4414 1639 4471; x_wconf 83' lang='lat' dir='ltr'><strong>sustinui</strong></span> <span class='ocrx_word' id='word_1_333' title='bbox 1696 4412 2075 4485; x_wconf 83' lang='lat' dir='ltr'><strong>cpprobrium,</strong></span> 
     </span>
    </p>
   </div>
   <div class='ocr_carea' id='block_1_46' title="bbox 495 4506 2075 4581">
    <p class='ocr_par' dir='ltr' id='par_1_46' title="bbox 495 4506 2075 4581">
     <span class='ocr_line' id='line_1_47' title="bbox 495 4506 2075 4581; baseline -0.004 -17"><span class='ocrx_word' id='word_1_334' title='bbox 495 4510 627 4581; x_wconf 88' lang='lat' dir='ltr'><strong>quia</strong></span> <span class='ocrx_word' id='word_1_335' title='bbox 658 4517 715 4564; x_wconf 88' lang='lat' dir='ltr'><strong>tu</strong></span> <span class='ocrx_word' id='word_1_336' title='bbox 744 4510 882 4579; x_wconf 87' lang='lat' dir='ltr'><strong>ipse,</strong></span> <span class='ocrx_word' id='word_1_337' title='bbox 912 4507 1056 4563; x_wconf 88' lang='lat' dir='ltr'><strong>Deus</strong></span> <span class='ocrx_word' id='word_1_338' title='bbox 1113 4509 1395 4563; x_wconf 90' lang='lat' dir='ltr'><strong>hominum</strong></span> <span class='ocrx_word' id='word_1_339' title='bbox 1446 4520 1676 4568; x_wconf 86' lang='lat' dir='ltr'><strong>amator,</strong></span> <span class='ocrx_word' id='word_1_340' title='bbox 1704 4522 1804 4577; x_wconf 91' lang='lat' dir='ltr'><strong>pro</strong></span> <span class='ocrx_word' id='word_1_341' title='bbox 1840 4506 2075 4559; x_wconf 92' lang='lat' dir='ltr'><strong>humano</strong></span> 
     </span>
    </p>
   </div>
   <div class='ocr_carea' id='block_1_47' title="bbox 494 4598 2069 4673">
    <p class='ocr_par' dir='ltr' id='par_1_47' title="bbox 494 4598 2069 4673">
     <span class='ocr_line' id='line_1_48' title="bbox 494 4598 2069 4673; baseline -0.004 -18"><span class='ocrx_word' id='word_1_342' title='bbox 494 4616 698 4673; x_wconf 79' lang='lat' dir='ltr'><strong>genere</strong></span> <span class='ocrx_word' id='word_1_343' title='bbox 730 4617 815 4656; x_wconf 91' lang='lat' dir='ltr'><strong>me</strong></span> <span class='ocrx_word' id='word_1_344' title='bbox 850 4609 1135 4671; x_wconf 87' lang='lat' dir='ltr'><strong>peccatum</strong></span> <span class='ocrx_word' id='word_1_345' title='bbox 1161 4599 1367 4664; x_wconf 87' lang='lat' dir='ltr'><strong>fecisti;</strong></span> <span class='ocrx_word' id='word_1_346' title='bbox 1399 4610 1455 4654; x_wconf 93' lang='lat' dir='ltr'><strong>ut</strong></span> <span class='ocrx_word' id='word_1_347' title='bbox 1488 4600 1578 4669; x_wconf 88' lang='lat' dir='ltr'><strong>qui</strong></span> <span class='ocrx_word' id='word_1_348' title='bbox 1612 4598 1847 4654; x_wconf 84' lang='lat' dir='ltr'><strong>credunt</strong></span> <span class='ocrx_word' id='word_1_349' title='bbox 1877 4598 1930 4651; x_wconf 90' lang='lat' dir='ltr'><strong>in</strong></span> <span class='ocrx_word' id='word_1_350' title='bbox 1962 4613 2069 4661; x_wconf 91' lang='lat' dir='ltr'><strong>me,</strong></span> 
     </span>
    </p>
   </div>
   <div class='ocr_carea' id='block_1_48' title="bbox 490 4689 2071 4767">
    <p class='ocr_par' dir='ltr' id='par_1_48' title="bbox 490 4689 2071 4767">
     <span class='ocr_line' id='line_1_49' title="bbox 490 4689 2071 4767; baseline -0.004 -20"><span class='ocrx_word' id='word_1_351' title='bbox 490 4692 707 4767; x_wconf 84' lang='lat' dir='ltr'><strong>justitia</strong></span> <span class='ocrx_word' id='word_1_352' title='bbox 738 4692 1061 4748; x_wconf 74' lang='lat' dir='ltr'><strong>efficiantur.</strong></span> <span class='ocrx_word' id='word_1_353' title='bbox 1094 4691 1207 4746; x_wconf 88' lang='lat' dir='ltr'><strong>lmo</strong></span> <span class='ocrx_word' id='word_1_354' title='bbox 1246 4692 1408 4747; x_wconf 87' lang='lat' dir='ltr'><strong>etiam</strong></span> <span class='ocrx_word' id='word_1_355' title='bbox 1444 4711 1461 4742; x_wconf 78' lang='grc' dir='ltr'><strong>ι</strong></span> <span class='ocrx_word' id='word_1_356' title='bbox 1494 4700 1714 4762; x_wconf 87' lang='lat' dir='ltr'><strong>propter</strong></span> <span class='ocrx_word' id='word_1_357' title='bbox 1746 4701 1796 4745; x_wconf 90' lang='lat' dir='ltr'><strong>te</strong></span> <span class='ocrx_word' id='word_1_358' title='bbox 1835 4689 2071 4745; x_wconf 87' lang='lat' dir='ltr'><strong>sustinui</strong></span> 
     </span>
    </p>
   </div>
   <div class='ocr_carea' id='block_1_49' title="bbox 495 4781 2071 4857">
    <p class='ocr_par' dir='ltr' id='par_1_49' title="bbox 495 4781 2071 4857">
     <span class='ocr_line' id='line_1_50' title="bbox 495 4781 2071 4857; baseline -0.005 -17"><span class='ocrx_word' id='word_1_359' title='bbox 495 4786 870 4857; x_wconf 74' lang='lat' dir='ltr'><strong>opprobrium,</strong></span> <span class='ocrx_word' id='word_1_360' title='bbox 903 4805 921 4837; x_wconf 85' lang='grc'><strong>›</strong></span> <span class='ocrx_word' id='word_1_361' title='bbox 954 4802 1076 4839; x_wconf 84' lang='lat' dir='ltr'><strong>cum</strong></span> <span class='ocrx_word' id='word_1_362' title='bbox 1107 4801 1175 4839; x_wconf 83' lang='lat' dir='ltr'><strong>ex</strong></span> <span class='ocrx_word' id='word_1_363' title='bbox 1212 4784 1494 4839; x_wconf 78' lang='lat' dir='ltr'><strong>voluntate</strong></span> <span class='ocrx_word' id='word_1_364' title='bbox 1524 4791 1616 4837; x_wconf 75' lang='lat' dir='ltr'><strong>tua</strong></span> <span class='ocrx_word' id='word_1_365' title='bbox 1640 4798 1723 4837; x_wconf 88' lang='lat' dir='ltr'><strong>me</strong></span> <span class='ocrx_word' id='word_1_366' title='bbox 1745 4782 1811 4836; x_wconf 91' lang='lat' dir='ltr'><strong>ad</strong></span> <span class='ocrx_word' id='word_1_367' title='bbox 1842 4781 2071 4834; x_wconf 87' lang='lat' dir='ltr'><strong>nihilum</strong></span> 
     </span>
    </p>
   </div>
   <div class='ocr_carea' id='block_1_50' title="bbox 494 4876 2076 4947">
    <p class='ocr_par' dir='ltr' id='par_1_50' title="bbox 494 4876 2076 4947">
     <span class='ocr_line' id='line_1_51' title="bbox 494 4876 2076 4947; baseline -0.004 -15"><span class='ocrx_word' id='word_1_368' title='bbox 494 4877 703 4947; x_wconf 77' lang='lat' dir='ltr'><strong>redegi,</strong></span> <span class='ocrx_word' id='word_1_369' title='bbox 754 4887 807 4932; x_wconf 90' lang='lat' dir='ltr'><strong>et</strong></span> <span class='ocrx_word' id='word_1_370' title='bbox 862 4876 931 4930; x_wconf 88' lang='lat' dir='ltr'><strong>ad</strong></span> <span class='ocrx_word' id='word_1_371' title='bbox 970 4885 1202 4932; x_wconf 89' lang='lat' dir='ltr'><strong>mortem</strong></span> <span class='ocrx_word' id='word_1_372' title='bbox 1234 4893 1411 4947; x_wconf 82' lang='lat' dir='ltr'><strong>usque</strong></span> <span class='ocrx_word' id='word_1_373' title='bbox 1452 4876 1722 4947; x_wconf 87' lang='lat' dir='ltr'><strong>depressi,</strong></span> <span class='ocrx_word' id='word_1_374' title='bbox 1781 4890 1889 4944; x_wconf 88' lang='lat' dir='ltr'><strong>quo</strong></span> <span class='ocrx_word' id='word_1_375' title='bbox 1939 4883 2076 4928; x_wconf 88' lang='lat' dir='ltr'><strong>tem-</strong></span> 
     </span>
    </p>
   </div>
   <div class='ocr_carea' id='block_1_51' title="bbox 495 4970 2074 5043">
    <p class='ocr_par' dir='ltr' id='par_1_51' title="bbox 495 4970 2074 5043">
     <span class='ocr_line' id='line_1_52' title="bbox 495 4970 2074 5043; baseline -0.004 -19"><span class='ocrx_word' id='word_1_376' title='bbox 495 4986 628 5043; x_wconf 88' lang='lat' dir='ltr'><strong>pore</strong></span> <span class='ocrx_word' id='word_1_377' title='bbox 682 4977 1076 5038; x_wconf 63' lang='lat' dir='ltr'><strong>praetereuntes</strong></span> <span class='ocrx_word' id='word_1_378' title='bbox 1130 4970 1609 5039; x_wconf 83' lang='lat' dir='ltr'><strong>blasphemabant,</strong></span> <span class='ocrx_word' id='word_1_379' title='bbox 1668 4975 1949 5020; x_wconf 87' lang='lat' dir='ltr'><strong>moventes</strong></span> <span class='ocrx_word' id='word_1_380' title='bbox 1983 4981 2074 5019; x_wconf 89' lang='lat' dir='ltr'><strong>ca-</strong></span> 
     </span>
    </p>
   </div>
   <div class='ocr_carea' id='block_1_52' title="bbox 494 5057 2071 5134">
    <p class='ocr_par' dir='ltr' id='par_1_52' title="bbox 494 5057 2071 5134">
     <span class='ocr_line' id='line_1_53' title="bbox 494 5057 2071 5134; baseline -0.005 -18"><span class='ocrx_word' id='word_1_381' title='bbox 494 5065 606 5134; x_wconf 88' lang='lat' dir='ltr'><strong>pita</strong></span> <span class='ocrx_word' id='word_1_382' title='bbox 643 5078 741 5118; x_wconf 88' lang='lat' dir='ltr'><strong>sua</strong></span> <span class='ocrx_word' id='word_1_383' title='bbox 773 5068 827 5116; x_wconf 90' lang='lat' dir='ltr'><strong>et</strong></span> <span class='ocrx_word' id='word_1_384' title='bbox 856 5062 1100 5117; x_wconf 80' lang='lat' dir='ltr'><strong>dicentes</strong></span> <span class='ocrx_word' id='word_1_385' title='bbox 1132 5081 1144 5116; x_wconf 93' lang='lat'>:</span> <span class='ocrx_word' id='word_1_386' title='bbox 1183 5082 1200 5113; x_wconf 77' lang='grc' dir='ltr'><strong>ι</strong></span> <span class='ocrx_word' id='word_1_387' title='bbox 1234 5060 1371 5124; x_wconf 81' lang='lat' dir='ltr'><strong>Vah,</strong></span> <span class='ocrx_word' id='word_1_388' title='bbox 1401 5061 1496 5131; x_wconf 89' lang='lat' dir='ltr'><strong>qui</strong></span> <span class='ocrx_word' id='word_1_389' title='bbox 1520 5058 1757 5115; x_wconf 88' lang='lat' dir='ltr'><strong>destruis</strong></span> <span class='ocrx_word' id='word_1_390' title='bbox 1787 5057 2071 5126; x_wconf 84' lang='lat' dir='ltr'><strong>templum,</strong></span> 
     </span>
    </p>
   </div>
   <div class='ocr_carea' id='block_1_53' title="bbox 495 5150 2073 5215">
    <p class='ocr_par' dir='ltr' id='par_1_53' title="bbox 495 5150 2073 5215">
     <span class='ocr_line' id='line_1_54' title="bbox 495 5150 2073 5215; baseline -0.004 -7"><span class='ocrx_word' id='word_1_391' title='bbox 495 5163 549 5212; x_wconf 80' lang='lat' dir='ltr'><strong>et</strong></span> <span class='ocrx_word' id='word_1_392' title='bbox 600 5156 654 5209; x_wconf 93' lang='lat' dir='ltr'><strong>in</strong></span> <span class='ocrx_word' id='word_1_393' title='bbox 707 5155 883 5210; x_wconf 88' lang='lat' dir='ltr'><strong>tribus</strong></span> <span class='ocrx_word' id='word_1_394' title='bbox 926 5156 1119 5210; x_wconf 89' lang='lat' dir='ltr'><strong>diebus</strong></span> <span class='ocrx_word' id='word_1_395' title='bbox 1176 5155 1436 5215; x_wconf 59' lang='lat' dir='ltr'><strong>aedificas,</strong></span> <span class='ocrx_word' id='word_1_396' title='bbox 1474 5154 1684 5208; x_wconf 86' lang='lat' dir='ltr'><strong>salvum</strong></span> <span class='ocrx_word' id='word_1_397' title='bbox 1744 5150 1833 5205; x_wconf 90' lang='lat' dir='ltr'><strong>fac</strong></span> <span class='ocrx_word' id='word_1_398' title='bbox 1881 5159 2073 5204; x_wconf 85' lang='lat' dir='ltr'><strong>temet-</strong></span> 
     </span>
    </p>
   </div>
   <div class='ocr_carea' id='block_1_54' title="bbox 496 5242 2075 5319">
    <p class='ocr_par' dir='ltr' id='par_1_54' title="bbox 496 5242 2075 5319">
     <span class='ocr_line' id='line_1_55' title="bbox 496 5242 2075 5319; baseline -0.004 -18"><span class='ocrx_word' id='word_1_399' title='bbox 496 5248 701 5319; x_wconf 88' lang='lat' dir='ltr'><strong>ipsum.</strong></span> <span class='ocrx_word' id='word_1_400' title='bbox 729 5247 785 5302; x_wconf 89' lang='lat' dir='ltr'><strong>Si</strong></span> <span class='ocrx_word' id='word_1_401' title='bbox 825 5246 998 5303; x_wconf 88' lang='lat' dir='ltr'><strong>Filius</strong></span> <span class='ocrx_word' id='word_1_402' title='bbox 1026 5247 1119 5303; x_wconf 88' lang='lat' dir='ltr'><strong>Dei</strong></span> <span class='ocrx_word' id='word_1_403' title='bbox 1150 5266 1231 5310; x_wconf 85' lang='lat' dir='ltr'><strong>es,</strong></span> <span class='ocrx_word' id='word_1_404' title='bbox 1260 5246 1531 5303; x_wconf 89' lang='lat' dir='ltr'><strong>descende</strong></span> <span class='ocrx_word' id='word_1_405' title='bbox 1555 5246 1621 5300; x_wconf 93' lang='lat' dir='ltr'><strong>de</strong></span> <span class='ocrx_word' id='word_1_406' title='bbox 1651 5260 1837 5301; x_wconf 87' lang='lat' dir='ltr'><strong>cruce.</strong></span> <span class='ocrx_word' id='word_1_407' title='bbox 1874 5242 2075 5297; x_wconf 83' lang='lat' dir='ltr'><strong>Simili-</strong></span> 
     </span>
    </p>
   </div>
   <div class='ocr_carea' id='block_1_55' title="bbox 497 5339 2076 5410">
    <p class='ocr_par' dir='ltr' id='par_1_55' title="bbox 497 5339 2076 5410">
     <span class='ocr_line' id='line_1_56' title="bbox 497 5339 2076 5410; baseline -0.004 -17"><span class='ocrx_word' id='word_1_408' title='bbox 497 5348 579 5393; x_wconf 89' lang='lat' dir='ltr'><strong>ter</strong></span> <span class='ocrx_word' id='word_1_409' title='bbox 602 5347 656 5395; x_wconf 88' lang='lat' dir='ltr'><strong>et</strong></span> <span class='ocrx_word' id='word_1_410' title='bbox 691 5339 970 5410; x_wconf 88' lang='lat' dir='ltr'><strong>principes</strong></span> <span class='ocrx_word' id='word_1_411' title='bbox 1012 5340 1360 5394; x_wconf 87' lang='lat' dir='ltr'><strong>sacerdotum</strong></span> <span class='ocrx_word' id='word_1_412' title='bbox 1397 5339 1688 5392; x_wconf 90' lang='lat' dir='ltr'><strong>illudentes</strong></span> <span class='ocrx_word' id='word_1_413' title='bbox 1721 5351 1843 5390; x_wconf 89' lang='lat' dir='ltr'><strong>cum</strong></span> <span class='ocrx_word' id='word_1_414' title='bbox 1894 5348 2076 5389; x_wconf 89' lang='lat' dir='ltr'><strong>sacer-</strong></span> 
     </span>
    </p>
   </div>
   <div class='ocr_carea' id='block_1_56' title="bbox 497 5428 2075 5489">
    <p class='ocr_par' dir='ltr' id='par_1_56' title="bbox 497 5428 2075 5489">
     <span class='ocr_line' id='line_1_57' title="bbox 497 5428 2075 5489; baseline -0.003 -3"><span class='ocrx_word' id='word_1_415' title='bbox 497 5432 718 5488; x_wconf 90' lang='lat' dir='ltr'><strong>dotibus</strong></span> <span class='ocrx_word' id='word_1_416' title='bbox 766 5440 819 5489; x_wconf 85' lang='lat' dir='ltr'><strong>et</strong></span> <span class='ocrx_word' id='word_1_417' title='bbox 845 5432 1057 5487; x_wconf 86' lang='lat' dir='ltr'><strong>Scribis</strong></span> <span class='ocrx_word' id='word_1_418' title='bbox 1113 5440 1165 5487; x_wconf 90' lang='lat' dir='ltr'><strong>et</strong></span> <span class='ocrx_word' id='word_1_419' title='bbox 1213 5431 1506 5485; x_wconf 72' lang='lat' dir='ltr'><strong>Pharisazis</strong></span> <span class='ocrx_word' id='word_1_420' title='bbox 1546 5429 1803 5484; x_wconf 87' lang='lat' dir='ltr'><strong>dicebant</strong></span> <span class='ocrx_word' id='word_1_421' title='bbox 1862 5442 1875 5478; x_wconf 89' lang='lat'><strong>:</strong></span> <span class='ocrx_word' id='word_1_422' title='bbox 1924 5428 2075 5481; x_wconf 89' lang='lat' dir='ltr'><strong>Alios</strong></span> 
     </span>
    </p>
   </div>
   <div class='ocr_carea' id='block_1_57' title="bbox 500 5517 2073 5592">
    <p class='ocr_par' dir='ltr' id='par_1_57' title="bbox 500 5517 2073 5592">
     <span class='ocr_line' id='line_1_58' title="bbox 500 5517 2073 5592; baseline -0.004 -14"><span class='ocrx_word' id='word_1_423' title='bbox 500 5524 682 5578; x_wconf 89' lang='lat' dir='ltr'><strong>salvos</strong></span> <span class='ocrx_word' id='word_1_424' title='bbox 741 5522 892 5586; x_wconf 76' lang='lat' dir='ltr'><strong>fecit,</strong></span> <span class='ocrx_word' id='word_1_425' title='bbox 925 5523 1167 5592; x_wconf 89' lang='lat' dir='ltr'><strong>seipsum</strong></span> <span class='ocrx_word' id='word_1_426' title='bbox 1222 5538 1331 5576; x_wconf 81' lang='lat' dir='ltr'><strong>non</strong></span> <span class='ocrx_word' id='word_1_427' title='bbox 1380 5528 1557 5591; x_wconf 89' lang='lat' dir='ltr'><strong>potest</strong></span> <span class='ocrx_word' id='word_1_428' title='bbox 1609 5520 1821 5574; x_wconf 85' lang='lat' dir='ltr'><strong>salvum</strong></span> <span class='ocrx_word' id='word_1_429' title='bbox 1872 5517 2073 5572; x_wconf 86' lang='lat' dir='ltr'><strong>facere.</strong></span> 
     </span>
    </p>
   </div>
   <div class='ocr_carea' id='block_1_58' title="bbox 501 5613 2075 5678">
    <p class='ocr_par' dir='ltr' id='par_1_58' title="bbox 501 5613 2075 5678">
     <span class='ocr_line' id='line_1_59' title="bbox 501 5613 2075 5678; baseline -0.003 -9"><span class='ocrx_word' id='word_1_430' title='bbox 501 5616 559 5671; x_wconf 91' lang='lat' dir='ltr'><strong>Si</strong></span> <span class='ocrx_word' id='word_1_431' title='bbox 616 5633 710 5673; x_wconf 76' lang='lat' dir='ltr'><strong>rex</strong></span> <span class='ocrx_word' id='word_1_432' title='bbox 773 5617 942 5671; x_wconf 89' lang='lat' dir='ltr'><strong>lsrael</strong></span> <span class='ocrx_word' id='word_1_433' title='bbox 990 5625 1097 5678; x_wconf 88' lang='lat' dir='ltr'><strong>est,</strong></span> <span class='ocrx_word' id='word_1_434' title='bbox 1133 5616 1432 5672; x_wconf 84' lang='lat' dir='ltr'><strong>descendat</strong></span> <span class='ocrx_word' id='word_1_435' title='bbox 1487 5630 1632 5670; x_wconf 92' lang='lat' dir='ltr'><strong>nunc</strong></span> <span class='ocrx_word' id='word_1_436' title='bbox 1677 5613 1745 5669; x_wconf 90' lang='lat' dir='ltr'><strong>de</strong></span> <span class='ocrx_word' id='word_1_437' title='bbox 1810 5626 1994 5670; x_wconf 88' lang='lat' dir='ltr'><strong>cruce.</strong></span> <span class='ocrx_word' id='word_1_438' title='bbox 2022 5618 2075 5665; x_wconf 87' lang='lat' dir='ltr'><strong>et</strong></span> 
     </span>
    </p>
   </div>
   <div class='ocr_carea' id='block_1_59' title="bbox 498 5703 2073 5778">
    <p class='ocr_par' dir='ltr' id='par_1_59' title="bbox 498 5703 2073 5778">
     <span class='ocr_line' id='line_1_60' title="bbox 498 5703 2073 5778; baseline -0.001 -15"><span class='ocrx_word' id='word_1_439' title='bbox 498 5708 786 5763; x_wconf 69' lang='lat' dir='ltr'><strong>eredemus</strong></span> <span class='ocrx_word' id='word_1_440' title='bbox 828 5708 901 5762; x_wconf 92' lang='lat' dir='ltr'><strong>ei.</strong></span> <span class='ocrx_word' id='word_1_441' title='bbox 945 5708 1192 5777; x_wconf 80' lang='lat' dir='ltr'><strong>Speravit</strong></span> <span class='ocrx_word' id='word_1_442' title='bbox 1258 5709 1309 5763; x_wconf 92' lang='lat' dir='ltr'><strong>in</strong></span> <span class='ocrx_word' id='word_1_443' title='bbox 1363 5708 1550 5772; x_wconf 75' lang='lat' dir='ltr'><strong>Deum,</strong></span> <span class='ocrx_word' id='word_1_444' title='bbox 1589 5706 1785 5778; x_wconf 88' lang='lat' dir='ltr'><strong>eripiat</strong></span> <span class='ocrx_word' id='word_1_445' title='bbox 1835 5719 1980 5769; x_wconf 88' lang='lat' dir='ltr'><strong>eum,</strong></span> <span class='ocrx_word' id='word_1_446' title='bbox 2027 5703 2073 5761; x_wconf 88' lang='lat' dir='ltr'><strong>si</strong></span> 
     </span>
    </p>
   </div>
   <div class='ocr_carea' id='block_1_60' title="bbox 575 5840 1061 5905">
    <p class='ocr_par' dir='ltr' id='par_1_60' title="bbox 575 5840 1061 5905">
     <span class='ocr_line' id='line_1_61' title="bbox 575 5840 1061 5905; baseline 0 -8"><span class='ocrx_word' id='word_1_447' title='bbox 575 5842 593 5880; x_wconf 81' lang='grc' dir='ltr'><strong><em>τ</em></strong></span> <span class='ocrx_word' id='word_1_448' title='bbox 634 5840 735 5901; x_wconf 87' lang='lat' dir='ltr'><strong>lsa.</strong></span> <span class='ocrx_word' id='word_1_449' title='bbox 782 5857 897 5905; x_wconf 81' lang='lat' dir='ltr'>LIII,</span> <span class='ocrx_word' id='word_1_450' title='bbox 942 5841 1061 5897; x_wconf 65' lang='grc'><strong>4-6.</strong></span> 
     </span>
    </p>
   </div>
   <div class='ocr_carea' id='block_1_61' title="bbox 2171 572 3747 660">
    <p class='ocr_par' dir='ltr' id='par_1_61' title="bbox 2171 572 3747 660">
     <span class='ocr_line' id='line_1_62' title="bbox 2171 572 3747 660; baseline -0.013 -16"><span class='ocrx_word' id='word_1_451' title='bbox 2171 587 2336 654; x_wconf 79' lang='grc' dir='ltr'>οἶδας,</span> <span class='ocrx_word' id='word_1_452' title='bbox 2389 588 2574 660; x_wconf 76' lang='grc' dir='ltr'>φησὶν,</span> <span class='ocrx_word' id='word_1_453' title='bbox 2622 589 2650 640; x_wconf 84' lang='grc' dir='ltr'>ὁ</span> <span class='ocrx_word' id='word_1_454' title='bbox 2678 584 2845 646; x_wconf 83' lang='grc' dir='ltr'>Θεὸς,</span> <span class='ocrx_word' id='word_1_455' title='bbox 2892 581 2945 634; x_wconf 80' lang='grc' dir='ltr'><strong>εἴ</strong></span> <span class='ocrx_word' id='word_1_456' title='bbox 2971 579 3091 632; x_wconf 86' lang='grc' dir='ltr'>τινά</span> <span class='ocrx_word' id='word_1_457' title='bbox 3132 594 3221 647; x_wconf 91' lang='grc' dir='ltr'><strong>μοι</strong></span> <span class='ocrx_word' id='word_1_458' title='bbox 3268 572 3747 644; x_wconf 79' lang='grc' dir='ltr'><strong>πεπλημμέληται.</strong></span> 
     </span>
    </p>
   </div>
   <div class='ocr_carea' id='block_1_62' title="bbox 2170 661 3752 753">
    <p class='ocr_par' dir='ltr' id='par_1_62' title="bbox 2170 661 3752 753">
     <span class='ocr_line' id='line_1_63' title="bbox 2170 661 3752 753; baseline -0.013 -18"><span class='ocrx_word' id='word_1_459' title='bbox 2170 683 2243 736; x_wconf 86' lang='grc' dir='ltr'>Οὑ</span> <span class='ocrx_word' id='word_1_460' title='bbox 2287 682 2395 753; x_wconf 83' lang='grc' dir='ltr'><strong>γὰρ</strong></span> <span class='ocrx_word' id='word_1_461' title='bbox 2442 681 2508 734; x_wconf 85' lang='grc' dir='ltr'>ἂν</span> <span class='ocrx_word' id='word_1_462' title='bbox 2546 676 2854 749; x_wconf 75' lang='grc' dir='ltr'>ἐκρύϐησάν</span> <span class='ocrx_word' id='word_1_463' title='bbox 2907 690 3002 735; x_wconf 83' lang='grc' dir='ltr'><strong>σε,</strong></span> <span class='ocrx_word' id='word_1_464' title='bbox 3052 670 3102 723; x_wconf 78' lang='grc' dir='ltr'><strong>εἴ</strong></span> <span class='ocrx_word' id='word_1_465' title='bbox 3143 685 3286 730; x_wconf 85' lang='grc' dir='ltr'>τινες</span> <span class='ocrx_word' id='word_1_466' title='bbox 3335 661 3476 737; x_wconf 79' lang='grc' dir='ltr'>ἦσαν</span> <span class='ocrx_word' id='word_1_467' title='bbox 3522 665 3581 715; x_wconf 81' lang='grc' dir='ltr'><strong>ἐν</strong></span> <span class='ocrx_word' id='word_1_468' title='bbox 3628 663 3752 733; x_wconf 81' lang='grc' dir='ltr'>ἐμοὶ</span> 
     </span>
    </p>
   </div>
   <div class='ocr_carea' id='block_1_63' title="bbox 2172 756 3752 847">
    <p class='ocr_par' dir='ltr' id='par_1_63' title="bbox 2172 756 3752 847">
     <span class='ocr_line' id='line_1_64' title="bbox 2172 756 3752 847; baseline -0.015 -17"><span class='ocrx_word' id='word_1_469' title='bbox 2172 773 2559 847; x_wconf 78' lang='grc' dir='ltr'><strong>πλημμέλειαι.</strong></span> <span class='ocrx_word' id='word_1_470' title='bbox 2586 771 2695 824; x_wconf 75' lang='grc' dir='ltr'>Καὶ</span> <span class='ocrx_word' id='word_1_471' title='bbox 2721 768 2917 829; x_wconf 82' lang='grc' dir='ltr'>ἄλλως,</span> <span class='ocrx_word' id='word_1_472' title='bbox 2944 767 2990 818; x_wconf 87' lang='grc' dir='ltr'>εἰ</span> <span class='ocrx_word' id='word_1_473' title='bbox 3015 763 3113 826; x_wconf 85' lang='grc' dir='ltr'>τὰς</span> <span class='ocrx_word' id='word_1_474' title='bbox 3134 759 3408 832; x_wconf 87' lang='grc' dir='ltr'>ήμετέρας</span> <span class='ocrx_word' id='word_1_475' title='bbox 3441 756 3752 827; x_wconf 79' lang='grc' dir='ltr'><strong>ἀνεμάξατο</strong></span> 
     </span>
    </p>
   </div>
   <div class='ocr_carea' id='block_1_64' title="bbox 2172 848 3753 939">
    <p class='ocr_par' dir='ltr' id='par_1_64' title="bbox 2172 848 3753 939">
     <span class='ocr_line' id='line_1_65' title="bbox 2172 848 3753 939; baseline -0.015 -18"><span class='ocrx_word' id='word_1_476' title='bbox 2172 867 2474 939; x_wconf 80' lang='grc' dir='ltr'>ἁμαρτίας,</span> <span class='ocrx_word' id='word_1_477' title='bbox 2511 864 2605 917; x_wconf 70' lang='grc' dir='ltr'><strong>καὶ</strong></span> <span class='ocrx_word' id='word_1_478' title='bbox 2637 862 2861 930; x_wconf 81' lang='grc' dir='ltr'>γέγονεν</span> <span class='ocrx_word' id='word_1_479' title='bbox 2895 857 3036 925; x_wconf 79' lang='grc' dir='ltr'>ὑπὲρ</span> <span class='ocrx_word' id='word_1_480' title='bbox 3081 853 3235 926; x_wconf 83' lang='grc' dir='ltr'>ήμῶν</span> <span class='ocrx_word' id='word_1_481' title='bbox 3278 851 3523 922; x_wconf 86' lang='grc' dir='ltr'>κατάρα,</span> <span class='ocrx_word' id='word_1_482' title='bbox 3556 849 3631 911; x_wconf 83' lang='grc' dir='ltr'>ὡς</span> <span class='ocrx_word' id='word_1_483' title='bbox 3662 848 3753 900; x_wconf 84' lang='grc' dir='ltr'>λέ-</span> 
     </span>
    </p>
   </div>
   <div class='ocr_carea' id='block_1_65' title="bbox 2170 941 3750 1028">
    <p class='ocr_par' dir='ltr' id='par_1_65' title="bbox 2170 941 3750 1028">
     <span class='ocr_line' id='line_1_66' title="bbox 2170 941 3750 1028; baseline -0.012 -16"><span class='ocrx_word' id='word_1_484' title='bbox 2170 959 2362 1028; x_wconf 88' lang='grc' dir='ltr'>γεσθαι</span> <span class='ocrx_word' id='word_1_485' title='bbox 2413 957 2540 1028; x_wconf 70' lang='grc' dir='ltr'>περὶ</span> <span class='ocrx_word' id='word_1_486' title='bbox 2593 952 2790 1009; x_wconf 71' lang='grc' dir='ltr'>αὑτοῦ*</span> <span class='ocrx_word' id='word_1_487' title='bbox 2851 971 2868 1003; x_wconf 83' lang='grc' dir='ltr'><strong>ι</strong></span> <span class='ocrx_word' id='word_1_488' title='bbox 2903 945 3069 1009; x_wconf 79' lang='grc' dir='ltr'>Οῦτος</span> <span class='ocrx_word' id='word_1_489' title='bbox 3121 947 3220 1009; x_wconf 82' lang='grc' dir='ltr'><strong>τάς</strong></span> <span class='ocrx_word' id='word_1_490' title='bbox 3266 943 3541 1015; x_wconf 85' lang='grc' dir='ltr'>ἁμαρτίας</span> <span class='ocrx_word' id='word_1_491' title='bbox 3586 941 3750 1012; x_wconf 76' lang='grc' dir='ltr'>ἡμῶν</span> 
     </span>
    </p>
   </div>
   <div class='ocr_carea' id='block_1_66' title="bbox 2173 1032 3751 1123">
    <p class='ocr_par' dir='ltr' id='par_1_66' title="bbox 2173 1032 3751 1123">
     <span class='ocr_line' id='line_1_67' title="bbox 2173 1032 3751 1123; baseline -0.013 -21"><span class='ocrx_word' id='word_1_492' title='bbox 2173 1048 2348 1123; x_wconf 84' lang='grc' dir='ltr'>φέρει,</span> <span class='ocrx_word' id='word_1_493' title='bbox 2383 1047 2477 1100; x_wconf 75' lang='grc' dir='ltr'><strong>καὶ</strong></span> <span class='ocrx_word' id='word_1_494' title='bbox 2526 1046 2654 1116; x_wconf 76' lang='grc' dir='ltr'>περὶ</span> <span class='ocrx_word' id='word_1_495' title='bbox 2682 1041 2837 1114; x_wconf 85' lang='grc' dir='ltr'>ήμῶν</span> <span class='ocrx_word' id='word_1_496' title='bbox 2882 1040 3150 1092; x_wconf 83' lang='grc' dir='ltr'>ὁδυνᾶται.</span> <span class='ocrx_word' id='word_1_497' title='bbox 3198 1036 3309 1088; x_wconf 68' lang='grc' dir='ltr'><strong>Καὶ¹</strong></span> <span class='ocrx_word' id='word_1_498' title='bbox 3353 1032 3514 1095; x_wconf 86' lang='grc' dir='ltr'>αὑτὸς</span> <span class='ocrx_word' id='word_1_499' title='bbox 3553 1032 3751 1103; x_wconf 85' lang='grc' dir='ltr'>ἐτραυ-</span> 
     </span>
    </p>
   </div>
   <div class='ocr_carea' id='block_1_67' title="bbox 2175 1124 3750 1211">
    <p class='ocr_par' dir='ltr' id='par_1_67' title="bbox 2175 1124 3750 1211">
     <span class='ocr_line' id='line_1_68' title="bbox 2175 1124 3750 1211; baseline -0.013 -17"><span class='ocrx_word' id='word_1_500' title='bbox 2175 1140 2409 1211; x_wconf 87' lang='grc' dir='ltr'>ματίσθη</span> <span class='ocrx_word' id='word_1_501' title='bbox 2444 1138 2533 1192; x_wconf 85' lang='grc' dir='ltr'>διὰ</span> <span class='ocrx_word' id='word_1_502' title='bbox 2564 1138 2663 1203; x_wconf 84' lang='grc' dir='ltr'>τὰς</span> <span class='ocrx_word' id='word_1_503' title='bbox 2694 1133 2964 1206; x_wconf 83' lang='grc' dir='ltr'>ἁμαρτίας</span> <span class='ocrx_word' id='word_1_504' title='bbox 3002 1130 3177 1203; x_wconf 79' lang='grc' dir='ltr'>ἡμῶν,</span> <span class='ocrx_word' id='word_1_505' title='bbox 3209 1128 3302 1182; x_wconf 67' lang='grc' dir='ltr'><strong>καλ⁸</strong></span> <span class='ocrx_word' id='word_1_506' title='bbox 3347 1124 3750 1198; x_wconf 83' lang='grc' dir='ltr'>μεμαλάκισται</span> 
     </span>
    </p>
   </div>
   <div class='ocr_carea' id='block_1_68' title="bbox 2171 1217 3749 1302">
    <p class='ocr_par' dir='ltr' id='par_1_68' title="bbox 2171 1217 3749 1302">
     <span class='ocr_line' id='line_1_69' title="bbox 2171 1217 3749 1302; baseline -0.01 -15"><span class='ocrx_word' id='word_1_507' title='bbox 2171 1233 2257 1287; x_wconf 78' lang='grc' dir='ltr'><strong>διὰ</strong></span> <span class='ocrx_word' id='word_1_508' title='bbox 2283 1232 2385 1296; x_wconf 75' lang='grc' dir='ltr'><strong>τὰς</strong></span> <span class='ocrx_word' id='word_1_509' title='bbox 2417 1230 2645 1302; x_wconf 81' lang='grc' dir='ltr'>ἀνομίας</span> <span class='ocrx_word' id='word_1_510' title='bbox 2676 1227 2850 1299; x_wconf 80' lang='grc' dir='ltr'>ήμῶν,</span> <span class='ocrx_word' id='word_1_511' title='bbox 2879 1225 2990 1278; x_wconf 76' lang='grc' dir='ltr'>Καὶ</span> <span class='ocrx_word' id='word_1_512' title='bbox 3011 1222 3215 1295; x_wconf 78' lang='grc' dir='ltr'>Κύριος</span> <span class='ocrx_word' id='word_1_513' title='bbox 3249 1219 3561 1291; x_wconf 79' lang='grc' dir='ltr'>παρέδωκεν</span> <span class='ocrx_word' id='word_1_514' title='bbox 3587 1217 3749 1271; x_wconf 80' lang='grc' dir='ltr'>αὑτὸν</span> 
     </span>
    </p>
   </div>
   <div class='ocr_carea' id='block_1_69' title="bbox 2171 1313 3751 1396">
    <p class='ocr_par' dir='ltr' id='par_1_69' title="bbox 2171 1313 3751 1396">
     <span class='ocr_line' id='line_1_70' title="bbox 2171 1313 3751 1396; baseline -0.01 -18"><span class='ocrx_word' id='word_1_515' title='bbox 2171 1328 2287 1387; x_wconf 87' lang='grc' dir='ltr'>ταῖς</span> <span class='ocrx_word' id='word_1_516' title='bbox 2312 1324 2605 1396; x_wconf 79' lang='grc' dir='ltr'>ἁμαρτίαις</span> <span class='ocrx_word' id='word_1_517' title='bbox 2629 1322 2837 1393; x_wconf 80' lang='grc' dir='ltr'>ἡμῶν.»</span> <span class='ocrx_word' id='word_1_518' title='bbox 2872 1318 2980 1373; x_wconf 66' lang='grc' dir='ltr'>καὶ</span> <span class='ocrx_word' id='word_1_519' title='bbox 3006 1316 3225 1378; x_wconf 88' lang='grc' dir='ltr'>ταύτας,</span> <span class='ocrx_word' id='word_1_520' title='bbox 3260 1313 3410 1385; x_wconf 76' lang='grc' dir='ltr'>φησὶ,</span> <span class='ocrx_word' id='word_1_521' title='bbox 3442 1313 3538 1376; x_wconf 76' lang='grc' dir='ltr'><strong>τάς</strong></span> <span class='ocrx_word' id='word_1_522' title='bbox 3569 1313 3751 1383; x_wconf 76' lang='grc' dir='ltr'>πλημ-</span> 
     </span>
    </p>
   </div>
   <div class='ocr_carea' id='block_1_70' title="bbox 2175 1402 3746 1486">
    <p class='ocr_par' dir='ltr' id='par_1_70' title="bbox 2175 1402 3746 1486">
     <span class='ocr_line' id='line_1_71' title="bbox 2175 1402 3746 1486; baseline -0.008 -18"><span class='ocrx_word' id='word_1_523' title='bbox 2175 1416 2394 1486; x_wconf 85' lang='grc' dir='ltr'>μελείας</span> <span class='ocrx_word' id='word_1_524' title='bbox 2445 1416 2586 1485; x_wconf 80' lang='grc' dir='ltr'>ὑπὲρ</span> <span class='ocrx_word' id='word_1_525' title='bbox 2649 1412 2949 1485; x_wconf 83' lang='grc' dir='ltr'>ἀνθρώπων</span> <span class='ocrx_word' id='word_1_526' title='bbox 3002 1407 3367 1478; x_wconf 79' lang='grc' dir='ltr'>ἀνεδεξάμην·</span> <span class='ocrx_word' id='word_1_527' title='bbox 3433 1407 3496 1458; x_wconf 83' lang='grc' dir='ltr'><strong>σὺ</strong></span> <span class='ocrx_word' id='word_1_528' title='bbox 3552 1402 3746 1471; x_wconf 75' lang='grc' dir='ltr'>ἔγνως,</span> 
     </span>
    </p>
   </div>
   <div class='ocr_carea' id='block_1_71' title="bbox 2171 1493 3749 1576">
    <p class='ocr_par' dir='ltr' id='par_1_71' title="bbox 2171 1493 3749 1576">
     <span class='ocr_line' id='line_1_72' title="bbox 2171 1493 3749 1576; baseline -0.001 -17"><span class='ocrx_word' id='word_1_529' title='bbox 2171 1509 2199 1559; x_wconf 82' lang='grc' dir='ltr'>ὁ</span> <span class='ocrx_word' id='word_1_530' title='bbox 2232 1506 2382 1569; x_wconf 85' lang='grc' dir='ltr'>Θεὸς,</span> <span class='ocrx_word' id='word_1_531' title='bbox 2406 1506 2527 1558; x_wconf 75' lang='grc' dir='ltr'>ἐπεὶ</span> <span class='ocrx_word' id='word_1_532' title='bbox 2576 1504 2650 1576; x_wconf 80' lang='grc' dir='ltr'><strong>μή</strong></span> <span class='ocrx_word' id='word_1_533' title='bbox 2693 1502 3084 1574; x_wconf 80' lang='grc' dir='ltr'>άπεκρύὸησάν</span> <span class='ocrx_word' id='word_1_534' title='bbox 3115 1517 3194 1554; x_wconf 89' lang='grc' dir='ltr'><strong>σε.</strong></span> <span class='ocrx_word' id='word_1_535' title='bbox 3235 1499 3308 1551; x_wconf 86' lang='grc' dir='ltr'>Οὑ</span> <span class='ocrx_word' id='word_1_536' title='bbox 3350 1495 3457 1568; x_wconf 79' lang='grc' dir='ltr'>γὰρ</span> <span class='ocrx_word' id='word_1_537' title='bbox 3490 1496 3613 1565; x_wconf 81' lang='grc' dir='ltr'>δίχα</span> <span class='ocrx_word' id='word_1_538' title='bbox 3645 1493 3749 1563; x_wconf 81' lang='grc' dir='ltr'>τῆς</span> 
     </span>
    </p>
   </div>
   <div class='ocr_carea' id='block_1_72' title="bbox 2174 1586 3749 1669">
    <p class='ocr_par' dir='ltr' id='par_1_72' title="bbox 2174 1586 3749 1669">
     <span class='ocr_line' id='line_1_73' title="bbox 2174 1586 3749 1669; baseline -0.001 -18"><span class='ocrx_word' id='word_1_539' title='bbox 2174 1599 2271 1669; x_wconf 82' lang='grc' dir='ltr'>σῆς</span> <span class='ocrx_word' id='word_1_540' title='bbox 2304 1598 2609 1669; x_wconf 84' lang='grc' dir='ltr'><strong>βουλήσεως</strong></span> <span class='ocrx_word' id='word_1_541' title='bbox 2668 1599 2872 1661; x_wconf 85' lang='grc' dir='ltr'>ταύτας</span> <span class='ocrx_word' id='word_1_542' title='bbox 2919 1594 3290 1664; x_wconf 81' lang='grc' dir='ltr'>ἀνεδεξάμην·</span> <span class='ocrx_word' id='word_1_543' title='bbox 3335 1590 3415 1644; x_wconf 88' lang='grc' dir='ltr'><strong>διὸ</strong></span> <span class='ocrx_word' id='word_1_544' title='bbox 3460 1588 3554 1642; x_wconf 64' lang='grc' dir='ltr'><strong>καὶ</strong></span> <span class='ocrx_word' id='word_1_545' title='bbox 3589 1586 3749 1653; x_wconf 72' lang='grc' dir='ltr'>ἀξίας</span> 
     </span>
    </p>
   </div>
   <div class='ocr_carea' id='block_1_73' title="bbox 2172 1686 3249 1761">
    <p class='ocr_par' dir='ltr' id='par_1_73' title="bbox 2172 1686 3249 1761">
     <span class='ocr_line' id='line_1_74' title="bbox 2172 1686 3249 1761; baseline -0.005 -19"><span class='ocrx_word' id='word_1_546' title='bbox 2172 1690 2267 1761; x_wconf 77' lang='grc' dir='ltr'>τῆς</span> <span class='ocrx_word' id='word_1_547' title='bbox 2298 1689 2495 1743; x_wconf 81' lang='grc' dir='ltr'>σαυτοῦ</span> <span class='ocrx_word' id='word_1_548' title='bbox 2521 1688 2775 1759; x_wconf 84' lang='grc' dir='ltr'>γνώσεως</span> <span class='ocrx_word' id='word_1_549' title='bbox 2798 1687 2968 1751; x_wconf 85' lang='grc' dir='ltr'>αὑτὰς</span> <span class='ocrx_word' id='word_1_550' title='bbox 2992 1686 3249 1755; x_wconf 80' lang='grc' dir='ltr'>ἐποιήσω.</span> 
     </span>
    </p>
   </div>
   <div class='ocr_carea' id='block_1_74' title="bbox 2220 1792 3748 1873">
    <p class='ocr_par' dir='ltr' id='par_1_74' title="bbox 2220 1792 3748 1873">
     <span class='ocr_line' id='line_1_75' title="bbox 2220 1792 3748 1873; baseline -0.005 -21"><span class='ocrx_word' id='word_1_551' title='bbox 2220 1821 2236 1851; x_wconf 83' lang='grc' dir='ltr'><strong>ι</strong></span> <span class='ocrx_word' id='word_1_552' title='bbox 2250 1800 2339 1873; x_wconf 85' lang='grc' dir='ltr'><strong>Μὴ</strong></span> <span class='ocrx_word' id='word_1_553' title='bbox 2356 1801 2771 1872; x_wconf 76' lang='grc' dir='ltr'>αἰσχυνθείησαν</span> <span class='ocrx_word' id='word_1_554' title='bbox 2787 1800 2982 1870; x_wconf 78' lang='grc' dir='ltr'>ἐπ’ἐμὲ</span> <span class='ocrx_word' id='word_1_555' title='bbox 3005 1799 3054 1852; x_wconf 77' lang='grc' dir='ltr'>οἱ</span> <span class='ocrx_word' id='word_1_556' title='bbox 3073 1798 3433 1868; x_wconf 81' lang='grc' dir='ltr'>ὑπομένοντες</span> <span class='ocrx_word' id='word_1_557' title='bbox 3451 1811 3530 1859; x_wconf 91' lang='grc' dir='ltr'><strong>σε,</strong></span> <span class='ocrx_word' id='word_1_558' title='bbox 3552 1792 3748 1865; x_wconf 79' lang='grc' dir='ltr'>Κύριε,</span> 
     </span>
    </p>
   </div>
   <div class='ocr_carea' id='block_1_75' title="bbox 2106 1874 3752 1966">
    <p class='ocr_par' dir='ltr' id='par_1_75' title="bbox 2106 1874 3752 1966">
     <span class='ocr_line' id='line_1_76' title="bbox 2106 1874 3752 1966; baseline -0.002 -20"><span class='ocrx_word' id='word_1_559' title='bbox 2106 1874 2147 1929; x_wconf 76' lang='grc' dir='ltr'><strong><em>Β</em></strong></span> <span class='ocrx_word' id='word_1_560' title='bbox 2177 1892 2347 1966; x_wconf 84' lang='grc' dir='ltr'>Κύριε</span> <span class='ocrx_word' id='word_1_561' title='bbox 2371 1894 2479 1948; x_wconf 84' lang='grc' dir='ltr'>τῶν</span> <span class='ocrx_word' id='word_1_562' title='bbox 2510 1895 2845 1965; x_wconf 76' lang='grc' dir='ltr'>δυνάμεων.»</span> <span class='ocrx_word' id='word_1_563' title='bbox 2864 1892 3084 1963; x_wconf 76' lang='grc' dir='ltr'>Ἐπειδὴ</span> <span class='ocrx_word' id='word_1_564' title='bbox 3112 1890 3210 1963; x_wconf 78' lang='grc' dir='ltr'><strong>τήν</strong></span> <span class='ocrx_word' id='word_1_565' title='bbox 3237 1889 3373 1961; x_wconf 85' lang='grc' dir='ltr'>ἐμὴν</span> <span class='ocrx_word' id='word_1_566' title='bbox 3401 1887 3752 1943; x_wconf 73' lang='grc' dir='ltr'>διδασκαλίαν</span> 
     </span>
    </p>
   </div>
   <div class='ocr_carea' id='block_1_76' title="bbox 2174 1980 3750 2055">
    <p class='ocr_par' dir='ltr' id='par_1_76' title="bbox 2174 1980 3750 2055">
     <span class='ocr_line' id='line_1_77' title="bbox 2174 1980 3750 2055; baseline -0.003 -16"><span class='ocrx_word' id='word_1_567' title='bbox 2174 1987 2223 2039; x_wconf 90' lang='grc' dir='ltr'>οἱ</span> <span class='ocrx_word' id='word_1_568' title='bbox 2265 1987 2419 2055; x_wconf 74' lang='grc' dir='ltr'>σοφοὶ</span> <span class='ocrx_word' id='word_1_569' title='bbox 2460 1986 2555 2039; x_wconf 83' lang='grc' dir='ltr'><strong>τοῦ</strong></span> <span class='ocrx_word' id='word_1_570' title='bbox 2584 1987 2779 2049; x_wconf 78' lang='grc' dir='ltr'>αἰῶνος</span> <span class='ocrx_word' id='word_1_571' title='bbox 2810 1984 2997 2038; x_wconf 84' lang='grc' dir='ltr'>τούτου</span> <span class='ocrx_word' id='word_1_572' title='bbox 3038 1982 3429 2045; x_wconf 78' lang='grc' dir='ltr'>διαϐάλλουσιν,</span> <span class='ocrx_word' id='word_1_573' title='bbox 3464 1980 3750 2035; x_wconf 83' lang='grc' dir='ltr'>ἐλαύνουσί</span> 
     </span>
    </p>
   </div>
   <div class='ocr_carea' id='block_1_77' title="bbox 2173 2074 3749 2150">
    <p class='ocr_par' dir='ltr' id='par_1_77' title="bbox 2173 2074 3749 2150">
     <span class='ocr_line' id='line_1_78' title="bbox 2173 2074 3749 2150; baseline -0.001 -18"><span class='ocrx_word' id='word_1_574' title='bbox 2173 2097 2232 2132; x_wconf 87' lang='grc' dir='ltr'><strong>τε</strong></span> <span class='ocrx_word' id='word_1_575' title='bbox 2270 2079 2439 2150; x_wconf 78' lang='grc' dir='ltr'>αὑτὴν</span> <span class='ocrx_word' id='word_1_576' title='bbox 2474 2079 2550 2143; x_wconf 85' lang='grc' dir='ltr'>ὡς</span> <span class='ocrx_word' id='word_1_577' title='bbox 2588 2079 2788 2150; x_wconf 81' lang='grc' dir='ltr'>μεστήν</span> <span class='ocrx_word' id='word_1_578' title='bbox 2824 2077 3133 2150; x_wconf 80' lang='grc' dir='ltr'>ἀφροσύνης</span> <span class='ocrx_word' id='word_1_579' title='bbox 3160 2076 3254 2130; x_wconf 74' lang='grc' dir='ltr'>καὶ</span> <span class='ocrx_word' id='word_1_580' title='bbox 3299 2076 3507 2147; x_wconf 86' lang='grc' dir='ltr'>μωρίας</span> <span class='ocrx_word' id='word_1_581' title='bbox 3535 2074 3621 2129; x_wconf 82' lang='grc' dir='ltr'>διὰ</span> <span class='ocrx_word' id='word_1_582' title='bbox 3657 2076 3749 2130; x_wconf 86' lang='grc' dir='ltr'><strong>τὸν</strong></span> 
     </span>
    </p>
   </div>
   <div class='ocr_carea' id='block_1_78' title="bbox 2174 2167 3752 2242">
    <p class='ocr_par' dir='ltr' id='par_1_78' title="bbox 2174 2167 3752 2242">
     <span class='ocr_line' id='line_1_79' title="bbox 2174 2167 3752 2242; baseline -0.004 -17"><span class='ocrx_word' id='word_1_583' title='bbox 2174 2173 2534 2227; x_wconf 82' lang='grc' dir='ltr'>ἐπονείδιστον</span> <span class='ocrx_word' id='word_1_584' title='bbox 2570 2171 2821 2242; x_wconf 81' lang='grc' dir='ltr'>σταυρὸν,</span> <span class='ocrx_word' id='word_1_585' title='bbox 2849 2168 3111 2223; x_wconf 77' lang='grc' dir='ltr'>άντιόολῶ</span> <span class='ocrx_word' id='word_1_586' title='bbox 3142 2167 3235 2221; x_wconf 71' lang='grc' dir='ltr'><strong>καὶ</strong></span> <span class='ocrx_word' id='word_1_587' title='bbox 3265 2167 3474 2237; x_wconf 85' lang='grc' dir='ltr'>δέομαι,</span> <span class='ocrx_word' id='word_1_588' title='bbox 3503 2168 3630 2231; x_wconf 72' lang='grc' dir='ltr'>τοὺς</span> <span class='ocrx_word' id='word_1_589' title='bbox 3669 2170 3752 2231; x_wconf 83' lang='grc' dir='ltr'><strong>εις</strong></span> 
     </span>
    </p>
   </div>
   <div class='ocr_carea' id='block_1_79' title="bbox 2173 2257 3746 2339">
    <p class='ocr_par' dir='ltr' id='par_1_79' title="bbox 2173 2257 3746 2339">
     <span class='ocr_line' id='line_1_80' title="bbox 2173 2257 3746 2339; baseline -0.007 -18"><span class='ocrx_word' id='word_1_590' title='bbox 2173 2268 2273 2339; x_wconf 87' lang='grc' dir='ltr'><strong>ἐμὲ</strong></span> <span class='ocrx_word' id='word_1_591' title='bbox 2302 2263 2655 2328; x_wconf 85' lang='grc' dir='ltr'>πιστεύοντας</span> <span class='ocrx_word' id='word_1_592' title='bbox 2683 2261 3042 2333; x_wconf 82' lang='grc' dir='ltr'>φυλάττεσθαι</span> <span class='ocrx_word' id='word_1_593' title='bbox 3071 2261 3176 2315; x_wconf 89' lang='grc' dir='ltr'><strong>ὑπὸ</strong></span> <span class='ocrx_word' id='word_1_594' title='bbox 3209 2257 3302 2313; x_wconf 92' lang='grc' dir='ltr'><strong>σοῦ</strong></span> <span class='ocrx_word' id='word_1_595' title='bbox 3335 2259 3746 2330; x_wconf 84' lang='grc' dir='ltr'>άδιατρέπτους,</span> 
     </span>
    </p>
   </div>
   <div class='ocr_carea' id='block_1_80' title="bbox 2172 2346 3746 2432">
    <p class='ocr_par' dir='ltr' id='par_1_80' title="bbox 2172 2346 3746 2432">
     <span class='ocr_line' id='line_1_81' title="bbox 2172 2346 3746 2432; baseline -0.005 -19"><span class='ocrx_word' id='word_1_596' title='bbox 2172 2361 2249 2425; x_wconf 85' lang='grc' dir='ltr'>ὼς</span> <span class='ocrx_word' id='word_1_597' title='bbox 2286 2358 2494 2432; x_wconf 77' lang='grc' dir='ltr'>μήποτε</span> <span class='ocrx_word' id='word_1_598' title='bbox 2523 2355 2999 2429; x_wconf 84' lang='grc' dir='ltr'>καταισχυνθῆναι.</span> <span class='ocrx_word' id='word_1_599' title='bbox 3030 2354 3120 2408; x_wconf 86' lang='grc' dir='ltr'>Διὸ</span> <span class='ocrx_word' id='word_1_600' title='bbox 3157 2356 3219 2408; x_wconf 78' lang='grc' dir='ltr'><strong>σὺ</strong></span> <span class='ocrx_word' id='word_1_601' title='bbox 3254 2353 3443 2419; x_wconf 87' lang='grc' dir='ltr'>αὑτὸς,</span> <span class='ocrx_word' id='word_1_602' title='bbox 3477 2346 3522 2406; x_wconf 82' lang='grc' dir='ltr'>ὧ</span> <span class='ocrx_word' id='word_1_603' title='bbox 3549 2352 3746 2423; x_wconf 81' lang='grc' dir='ltr'>Κύριε,</span> 
     </span>
    </p>
   </div>
   <div class='ocr_carea' id='block_1_81' title="bbox 2173 2442 3751 2525">
    <p class='ocr_par' dir='ltr' id='par_1_81' title="bbox 2173 2442 3751 2525">
     <span class='ocr_line' id='line_1_82' title="bbox 2173 2442 3751 2525; baseline -0.007 -19"><span class='ocrx_word' id='word_1_604' title='bbox 2173 2454 2347 2525; x_wconf 83' lang='grc' dir='ltr'>Κύριε</span> <span class='ocrx_word' id='word_1_605' title='bbox 2387 2451 2495 2505; x_wconf 83' lang='grc' dir='ltr'><strong>τῶν</strong></span> <span class='ocrx_word' id='word_1_606' title='bbox 2537 2448 2838 2521; x_wconf 83' lang='grc' dir='ltr'>δυνάμεων,</span> <span class='ocrx_word' id='word_1_607' title='bbox 2888 2448 3012 2512; x_wconf 78' lang='grc' dir='ltr'>τοὺς</span> <span class='ocrx_word' id='word_1_608' title='bbox 3061 2444 3498 2517; x_wconf 79' lang='grc' dir='ltr'>πολεμουμένους</span> <span class='ocrx_word' id='word_1_609' title='bbox 3528 2442 3615 2497; x_wconf 77' lang='grc' dir='ltr'>διὰ</span> <span class='ocrx_word' id='word_1_610' title='bbox 3648 2445 3751 2516; x_wconf 82' lang='grc' dir='ltr'>τὴν</span> 
     </span>
    </p>
   </div>
   <div class='ocr_carea' id='block_1_82' title="bbox 2176 2537 3750 2621">
    <p class='ocr_par' dir='ltr' id='par_1_82' title="bbox 2176 2537 3750 2621">
     <span class='ocr_line' id='line_1_83' title="bbox 2176 2537 3750 2621; baseline -0.005 -23"><span class='ocrx_word' id='word_1_611' title='bbox 2176 2543 2273 2617; x_wconf 79' lang='grc' dir='ltr'>σὴν</span> <span class='ocrx_word' id='word_1_612' title='bbox 2322 2543 2556 2621; x_wconf 84' lang='grc' dir='ltr'>γνῶσιν,</span> <span class='ocrx_word' id='word_1_613' title='bbox 2606 2543 2675 2614; x_wconf 69' lang='grc' dir='ltr'>ἢν</span> <span class='ocrx_word' id='word_1_614' title='bbox 2721 2541 2811 2595; x_wconf 74' lang='grc' dir='ltr'>ὑπ’</span> <span class='ocrx_word' id='word_1_615' title='bbox 2863 2538 2996 2613; x_wconf 90' lang='grc' dir='ltr'>ἐμοῦ</span> <span class='ocrx_word' id='word_1_616' title='bbox 3055 2537 3461 2612; x_wconf 76' lang='grc' dir='ltr'>παρειλήφασι,</span> <span class='ocrx_word' id='word_1_617' title='bbox 3519 2537 3750 2591; x_wconf 84' lang='grc' dir='ltr'>πάντοτε</span> 
     </span>
    </p>
   </div>
   <div class='ocr_carea' id='block_1_83' title="bbox 2175 2629 3753 2709">
    <p class='ocr_par' dir='ltr' id='par_1_83' title="bbox 2175 2629 3753 2709">
     <span class='ocr_line' id='line_1_84' title="bbox 2175 2629 3753 2709; baseline -0.005 -18"><span class='ocrx_word' id='word_1_618' title='bbox 2175 2636 2543 2709; x_wconf 86' lang='grc' dir='ltr'>ὑπομένοντας</span> <span class='ocrx_word' id='word_1_619' title='bbox 2570 2635 2639 2689; x_wconf 83' lang='grc' dir='ltr'>τὰ</span> <span class='ocrx_word' id='word_1_620' title='bbox 2665 2634 2816 2689; x_wconf 82' lang='grc' dir='ltr'>δεινὰ</span> <span class='ocrx_word' id='word_1_621' title='bbox 2845 2634 2938 2688; x_wconf 55' lang='grc' dir='ltr'><strong>καὶ⁹</strong></span> <span class='ocrx_word' id='word_1_622' title='bbox 2974 2634 3131 2706; x_wconf 83' lang='grc' dir='ltr'>μέχρι</span> <span class='ocrx_word' id='word_1_623' title='bbox 3157 2632 3389 2687; x_wconf 88' lang='grc' dir='ltr'>θανάτου</span> <span class='ocrx_word' id='word_1_624' title='bbox 3422 2629 3753 2703; x_wconf 80' lang='grc' dir='ltr'>καρτεροῦν-</span> 
     </span>
    </p>
   </div>
   <div class='ocr_carea' id='block_1_84' title="bbox 2173 2723 3752 2802">
    <p class='ocr_par' dir='ltr' id='par_1_84' title="bbox 2173 2723 3752 2802">
     <span class='ocr_line' id='line_1_85' title="bbox 2173 2723 3752 2802; baseline -0.006 -18"><span class='ocrx_word' id='word_1_625' title='bbox 2173 2747 2302 2795; x_wconf 85' lang='grc' dir='ltr'>τας,</span> <span class='ocrx_word' id='word_1_626' title='bbox 2341 2728 2415 2802; x_wconf 84' lang='grc' dir='ltr'><strong>μὴ</strong></span> <span class='ocrx_word' id='word_1_627' title='bbox 2449 2727 2848 2801; x_wconf 81' lang='grc' dir='ltr'>ἐγκαταλείπῃς</span> <span class='ocrx_word' id='word_1_628' title='bbox 2872 2766 2887 2791; x_wconf 91' lang='grc'><strong>,</strong></span> <span class='ocrx_word' id='word_1_629' title='bbox 2926 2725 3059 2798; x_wconf 86' lang='grc' dir='ltr'><strong>μηδέ</strong></span> <span class='ocrx_word' id='word_1_630' title='bbox 3101 2724 3501 2797; x_wconf 84' lang='grc' dir='ltr'>ἐντραπείησαν</span> <span class='ocrx_word' id='word_1_631' title='bbox 3544 2723 3752 2795; x_wconf 81' lang='grc' dir='ltr'>θαρσή-</span> 
     </span>
    </p>
   </div>
   <div class='ocr_carea' id='block_1_85' title="bbox 2177 2810 3752 2890">
    <p class='ocr_par' dir='ltr' id='par_1_85' title="bbox 2177 2810 3752 2890">
     <span class='ocr_line' id='line_1_86' title="bbox 2177 2810 3752 2890; baseline -0.006 -15"><span class='ocrx_word' id='word_1_632' title='bbox 2177 2838 2367 2885; x_wconf 80' lang='grc' dir='ltr'>σαντες</span> <span class='ocrx_word' id='word_1_633' title='bbox 2411 2821 2496 2873; x_wconf 73' lang='grc' dir='ltr'><strong>ἐπ⁸</strong></span> <span class='ocrx_word' id='word_1_634' title='bbox 2525 2819 2680 2890; x_wconf 79' lang='grc' dir='ltr'>ἐμοὶ,</span> <span class='ocrx_word' id='word_1_635' title='bbox 2721 2819 2772 2872; x_wconf 81' lang='grc' dir='ltr'>οἱ</span> <span class='ocrx_word' id='word_1_636' title='bbox 2814 2817 2874 2871; x_wconf 84' lang='grc' dir='ltr'>σὲ</span> <span class='ocrx_word' id='word_1_637' title='bbox 2916 2817 3007 2870; x_wconf 90' lang='grc' dir='ltr'><strong>τὸν</strong></span> <span class='ocrx_word' id='word_1_638' title='bbox 3035 2814 3165 2868; x_wconf 82' lang='grc' dir='ltr'>Θεὸν</span> <span class='ocrx_word' id='word_1_639' title='bbox 3198 2812 3290 2868; x_wconf 84' lang='grc' dir='ltr'><strong>τοῦ</strong></span> <span class='ocrx_word' id='word_1_640' title='bbox 3327 2811 3545 2886; x_wconf 73' lang='grc' dir='ltr'>Ἰσραήλ</span> <span class='ocrx_word' id='word_1_641' title='bbox 3586 2810 3752 2884; x_wconf 76' lang='grc' dir='ltr'>ἐκζη-</span> 
     </span>
    </p>
   </div>
   <div class='ocr_carea' id='block_1_86' title="bbox 2173 2904 3754 2986">
    <p class='ocr_par' dir='ltr' id='par_1_86' title="bbox 2173 2904 3754 2986">
     <span class='ocr_line' id='line_1_87' title="bbox 2173 2904 3754 2986; baseline -0.005 -19"><span class='ocrx_word' id='word_1_642' title='bbox 2173 2913 2412 2978; x_wconf 85' lang='grc' dir='ltr'>τοῦντες.</span> <span class='ocrx_word' id='word_1_643' title='bbox 2432 2915 2493 2966; x_wconf 78' lang='grc' dir='ltr'><strong>Εἰ</strong></span> <span class='ocrx_word' id='word_1_644' title='bbox 2520 2913 2626 2986; x_wconf 86' lang='grc' dir='ltr'>γὰρ</span> <span class='ocrx_word' id='word_1_645' title='bbox 2642 2912 2738 2966; x_wconf 73' lang='grc' dir='ltr'><strong>καὶ</strong></span> <span class='ocrx_word' id='word_1_646' title='bbox 2760 2910 2827 2965; x_wconf 79' lang='grc' dir='ltr'><strong>τά</strong></span> <span class='ocrx_word' id='word_1_647' title='bbox 2861 2909 3091 2982; x_wconf 86' lang='grc' dir='ltr'>μάλιστα</span> <span class='ocrx_word' id='word_1_648' title='bbox 3115 2904 3254 2981; x_wconf 80' lang='grc' dir='ltr'>ἦσάν</span> <span class='ocrx_word' id='word_1_649' title='bbox 3273 2925 3401 2961; x_wconf 86' lang='grc' dir='ltr'>ποτε</span> <span class='ocrx_word' id='word_1_650' title='bbox 3432 2906 3754 2976; x_wconf 77' lang='grc' dir='ltr'>ἀγνοοῦντές</span> 
     </span>
    </p>
   </div>
   <div class='ocr_carea' id='block_1_87' title="bbox 2176 3000 3748 3078">
    <p class='ocr_par' dir='ltr' id='par_1_87' title="bbox 2176 3000 3748 3078">
     <span class='ocr_line' id='line_1_88' title="bbox 2176 3000 3748 3078; baseline -0.005 -17"><span class='ocrx_word' id='word_1_651' title='bbox 2176 3025 2235 3061; x_wconf 89' lang='grc' dir='ltr'><strong>σε</strong></span> <span class='ocrx_word' id='word_1_652' title='bbox 2274 3006 2362 3061; x_wconf 83' lang='grc' dir='ltr'><strong>διά</strong></span> <span class='ocrx_word' id='word_1_653' title='bbox 2398 3006 2458 3061; x_wconf 88' lang='grc' dir='ltr'><strong>τὸ</strong></span> <span class='ocrx_word' id='word_1_654' title='bbox 2489 3007 2708 3078; x_wconf 90' lang='grc' dir='ltr'>δαίμοσι</span> <span class='ocrx_word' id='word_1_655' title='bbox 2749 3006 3007 3076; x_wconf 83' lang='grc' dir='ltr'>πονηροῖς</span> <span class='ocrx_word' id='word_1_656' title='bbox 3040 3000 3422 3065; x_wconf 84' lang='grc' dir='ltr'>δεδουλῶσθαι,</span> <span class='ocrx_word' id='word_1_657' title='bbox 3463 3000 3599 3054; x_wconf 79' lang='grc' dir='ltr'>ἀλλὰ</span> <span class='ocrx_word' id='word_1_658' title='bbox 3631 3000 3748 3066; x_wconf 89' lang='grc' dir='ltr'>νῦν,</span> 
     </span>
    </p>
   </div>
   <div class='ocr_carea' id='block_1_88' title="bbox 2176 3088 3752 3168">
    <p class='ocr_par' dir='ltr' id='par_1_88' title="bbox 2176 3088 3752 3168">
     <span class='ocr_line' id='line_1_89' title="bbox 2176 3088 3752 3168; baseline -0.008 -16"><span class='ocrx_word' id='word_1_659' title='bbox 2176 3098 2486 3168; x_wconf 79' lang='grc' dir='ltr'>ἐπιγνόντες</span> <span class='ocrx_word' id='word_1_660' title='bbox 2533 3114 2625 3159; x_wconf 91' lang='grc' dir='ltr'><strong>σε,</strong></span> <span class='ocrx_word' id='word_1_661' title='bbox 2678 3096 2896 3150; x_wconf 86' lang='grc' dir='ltr'>πάντων</span> <span class='ocrx_word' id='word_1_662' title='bbox 2942 3092 3039 3164; x_wconf 81' lang='grc' dir='ltr'><strong>μὲν</strong></span> <span class='ocrx_word' id='word_1_663' title='bbox 3084 3090 3253 3163; x_wconf 87' lang='grc' dir='ltr'>λήθην</span> <span class='ocrx_word' id='word_1_664' title='bbox 3301 3090 3657 3160; x_wconf 80' lang='grc' dir='ltr'>ἐποιήσαντο,</span> <span class='ocrx_word' id='word_1_665' title='bbox 3694 3088 3752 3141; x_wconf 82' lang='grc' dir='ltr'><strong>σέ</strong></span> 
     </span>
    </p>
   </div>
   <div class='ocr_carea' id='block_1_89' title="bbox 2175 3180 3752 3260">
    <p class='ocr_par' dir='ltr' id='par_1_89' title="bbox 2175 3180 3752 3260">
     <span class='ocr_line' id='line_1_90' title="bbox 2175 3180 3752 3260; baseline -0.007 -17"><span class='ocrx_word' id='word_1_666' title='bbox 2175 3190 2233 3243; x_wconf 72' lang='grc' dir='ltr'><strong>δὲ</strong></span> <span class='ocrx_word' id='word_1_667' title='bbox 2294 3189 2451 3260; x_wconf 81' lang='grc' dir='ltr'>μόνον</span> <span class='ocrx_word' id='word_1_668' title='bbox 2508 3185 2809 3242; x_wconf 77' lang='grc' dir='ltr'>διατελοῦσι</span> <span class='ocrx_word' id='word_1_669' title='bbox 2866 3183 3174 3256; x_wconf 80' lang='grc' dir='ltr'>ζητοῦντες.</span> <span class='ocrx_word' id='word_1_670' title='bbox 3243 3181 3333 3234; x_wconf 85' lang='grc' dir='ltr'>Διὸ</span> <span class='ocrx_word' id='word_1_671' title='bbox 3392 3181 3619 3234; x_wconf 77' lang='grc' dir='ltr'>ἱκετεύω</span> <span class='ocrx_word' id='word_1_672' title='bbox 3678 3180 3752 3252; x_wconf 75' lang='grc' dir='ltr'>μὴ</span> 
     </span>
    </p>
   </div>
   <div class='ocr_carea' id='block_1_90' title="bbox 2178 3272 3754 3354">
    <p class='ocr_par' dir='ltr' id='par_1_90' title="bbox 2178 3272 3754 3354">
     <span class='ocr_line' id='line_1_91' title="bbox 2178 3272 3754 3354; baseline -0.007 -18"><span class='ocrx_word' id='word_1_673' title='bbox 2178 3280 2868 3354; x_wconf 81' lang='grc' dir='ltr'>καταισχυνθῆναιαὺτοὺς,</span> <span class='ocrx_word' id='word_1_674' title='bbox 2906 3277 3040 3349; x_wconf 80' lang='grc' dir='ltr'>μηδὲ</span> <span class='ocrx_word' id='word_1_675' title='bbox 3076 3296 3093 3328; x_wconf 78' lang='grc' dir='ltr'><strong>ι</strong></span> <span class='ocrx_word' id='word_1_676' title='bbox 3120 3274 3494 3347; x_wconf 79' lang='grc' dir='ltr'>ἀσχημονῆσαι</span> <span class='ocrx_word' id='word_1_677' title='bbox 3520 3292 3533 3304; x_wconf 90' lang='grc'><strong>·</strong></span> <span class='ocrx_word' id='word_1_678' title='bbox 3567 3292 3585 3326; x_wconf 73' lang='grc' dir='ltr'><strong>ι</strong></span> <span class='ocrx_word' id='word_1_679' title='bbox 3610 3272 3754 3327; x_wconf 84' lang='grc' dir='ltr'>οῦτω</span> 
     </span>
    </p>
   </div>
   <div class='ocr_carea' id='block_1_91' title="bbox 2177 3367 3755 3448">
    <p class='ocr_par' dir='ltr' id='par_1_91' title="bbox 2177 3367 3755 3448">
     <span class='ocr_line' id='line_1_92' title="bbox 2177 3367 3755 3448; baseline -0.007 -20"><span class='ocrx_word' id='word_1_680' title='bbox 2177 3376 2285 3448; x_wconf 85' lang='grc' dir='ltr'>γὰρ</span> <span class='ocrx_word' id='word_1_681' title='bbox 2310 3376 2651 3446; x_wconf 81' lang='grc' dir='ltr'>ἡρμήνευσεν</span> <span class='ocrx_word' id='word_1_682' title='bbox 2678 3375 2706 3426; x_wconf 86' lang='grc' dir='ltr'><strong>ὁ</strong></span> <span class='ocrx_word' id='word_1_683' title='bbox 2731 3370 3024 3443; x_wconf 80' lang='grc' dir='ltr'>Σύμμαχος</span> <span class='ocrx_word' id='word_1_684' title='bbox 3045 3367 3211 3421; x_wconf 81' lang='grc' dir='ltr'>εἰπών</span> <span class='ocrx_word' id='word_1_685' title='bbox 3227 3387 3241 3398; x_wconf 75' lang='grc'><strong>’</strong></span> <span class='ocrx_word' id='word_1_686' title='bbox 3276 3387 3293 3418; x_wconf 86' lang='grc' dir='ltr'><strong>ι</strong></span> <span class='ocrx_word' id='word_1_687' title='bbox 3317 3368 3408 3438; x_wconf 82' lang='grc' dir='ltr'><strong>Μὴ</strong></span> <span class='ocrx_word' id='word_1_688' title='bbox 3430 3383 3755 3437; x_wconf 82' lang='grc' dir='ltr'>καταισχυν-</span> 
     </span>
    </p>
   </div>
   <div class='ocr_carea' id='block_1_92' title="bbox 2179 3456 3755 3537">
    <p class='ocr_par' dir='ltr' id='par_1_92' title="bbox 2179 3456 3755 3537">
     <span class='ocr_line' id='line_1_93' title="bbox 2179 3456 3755 3537; baseline -0.007 -18"><span class='ocrx_word' id='word_1_689' title='bbox 2179 3466 2399 3537; x_wconf 83' lang='grc' dir='ltr'>θείησαν</span> <span class='ocrx_word' id='word_1_690' title='bbox 2443 3464 2529 3517; x_wconf 81' lang='grc' dir='ltr'>ἐπ’</span> <span class='ocrx_word' id='word_1_691' title='bbox 2579 3462 2702 3534; x_wconf 72' lang='grc' dir='ltr'>ἐμοὶ</span> <span class='ocrx_word' id='word_1_692' title='bbox 2752 3463 2802 3514; x_wconf 83' lang='grc' dir='ltr'>οἱ</span> <span class='ocrx_word' id='word_1_693' title='bbox 2846 3458 3253 3529; x_wconf 76' lang='grc' dir='ltr'>προσδοκῶντες</span> <span class='ocrx_word' id='word_1_694' title='bbox 3298 3474 3390 3519; x_wconf 88' lang='grc' dir='ltr'><strong>σε,</strong></span> <span class='ocrx_word' id='word_1_695' title='bbox 3439 3458 3611 3528; x_wconf 82' lang='grc' dir='ltr'>Κύριε</span> <span class='ocrx_word' id='word_1_696' title='bbox 3652 3456 3755 3510; x_wconf 79' lang='grc' dir='ltr'>Θεὲ</span> 
     </span>
    </p>
   </div>
   <div class='ocr_carea' id='block_1_93' title="bbox 2178 3549 3756 3628">
    <p class='ocr_par' dir='ltr' id='par_1_93' title="bbox 2178 3549 3756 3628">
     <span class='ocr_line' id='line_1_94' title="bbox 2178 3549 3756 3628; baseline -0.006 -17"><span class='ocrx_word' id='word_1_697' title='bbox 2178 3558 2285 3611; x_wconf 81' lang='grc' dir='ltr'><strong>τῶν</strong></span> <span class='ocrx_word' id='word_1_698' title='bbox 2323 3557 2604 3628; x_wconf 88' lang='grc' dir='ltr'>δυνάμεων</span> <span class='ocrx_word' id='word_1_699' title='bbox 2627 3572 2640 3585; x_wconf 90' lang='grc'><strong>·</strong></span> <span class='ocrx_word' id='word_1_700' title='bbox 2680 3555 2754 3626; x_wconf 84' lang='grc' dir='ltr'>μὴ</span> <span class='ocrx_word' id='word_1_701' title='bbox 2780 3554 3219 3625; x_wconf 80' lang='grc' dir='ltr'>άσχημονήσαιεν</span> <span class='ocrx_word' id='word_1_702' title='bbox 3259 3551 3344 3604; x_wconf 81' lang='grc' dir='ltr'>ἐπ’</span> <span class='ocrx_word' id='word_1_703' title='bbox 3378 3551 3477 3621; x_wconf 81' lang='grc' dir='ltr'>ἐμὲ</span> <span class='ocrx_word' id='word_1_704' title='bbox 3505 3552 3555 3603; x_wconf 85' lang='grc' dir='ltr'>οἱ</span> <span class='ocrx_word' id='word_1_705' title='bbox 3590 3549 3756 3621; x_wconf 75' lang='grc' dir='ltr'>ἐκζη-</span> 
     </span>
    </p>
   </div>
   <div class='ocr_carea' id='block_1_94' title="bbox 2178 3643 3754 3717">
    <p class='ocr_par' dir='ltr' id='par_1_94' title="bbox 2178 3643 3754 3717">
     <span class='ocr_line' id='line_1_95' title="bbox 2178 3643 3754 3717; baseline -0.006 -13"><span class='ocrx_word' id='word_1_706' title='bbox 2178 3650 2395 3714; x_wconf 86' lang='grc' dir='ltr'>τοῦντές</span> <span class='ocrx_word' id='word_1_707' title='bbox 2447 3667 2528 3714; x_wconf 86' lang='grc' dir='ltr'><strong>σε,</strong></span> <span class='ocrx_word' id='word_1_708' title='bbox 2576 3648 2675 3701; x_wconf 81' lang='grc' dir='ltr'><strong>Θεέ</strong></span> <span class='ocrx_word' id='word_1_709' title='bbox 2714 3645 2808 3700; x_wconf 88' lang='grc' dir='ltr'><strong>τοῦ</strong></span> <span class='ocrx_word' id='word_1_710' title='bbox 2849 3646 3083 3717; x_wconf 87' lang='grc' dir='ltr'>Ἰσραήλ.</span> <span class='ocrx_word' id='word_1_711' title='bbox 3119 3665 3136 3696; x_wconf 76' lang='grc' dir='ltr'><strong>ι</strong></span> <span class='ocrx_word' id='word_1_712' title='bbox 3200 3645 3477 3717; x_wconf 79' lang='grc' dir='ltr'>Ἐπιτήρει</span> <span class='ocrx_word' id='word_1_713' title='bbox 3515 3643 3573 3695; x_wconf 84' lang='grc' dir='ltr'><strong>δέ</strong></span> <span class='ocrx_word' id='word_1_714' title='bbox 3604 3644 3754 3706; x_wconf 75' lang='grc' dir='ltr'>ὅπως</span> 
     </span>
    </p>
   </div>
   <div class='ocr_carea' id='block_1_95' title="bbox 2181 3734 3758 3817">
    <p class='ocr_par' dir='ltr' id='par_1_95' title="bbox 2181 3734 3758 3817">
     <span class='ocr_line' id='line_1_96' title="bbox 2181 3734 3758 3817; baseline -0.008 -19"><span class='ocrx_word' id='word_1_715' title='bbox 2181 3745 2393 3817; x_wconf 72' lang='grc' dir='ltr'>εἴρηται</span> <span class='ocrx_word' id='word_1_716' title='bbox 2414 3743 2493 3805; x_wconf 90' lang='grc' dir='ltr'><strong>τὸ,</strong></span> <span class='ocrx_word' id='word_1_717' title='bbox 2514 3761 2532 3793; x_wconf 78' lang='grc' dir='ltr'><strong>ι</strong></span> <span class='ocrx_word' id='word_1_718' title='bbox 2558 3740 2749 3812; x_wconf 82' lang='grc' dir='ltr'>Κύριε,</span> <span class='ocrx_word' id='word_1_719' title='bbox 2777 3736 2947 3809; x_wconf 81' lang='grc' dir='ltr'>Κύριε</span> <span class='ocrx_word' id='word_1_720' title='bbox 2960 3736 3067 3790; x_wconf 81' lang='grc' dir='ltr'>τῶν</span> <span class='ocrx_word' id='word_1_721' title='bbox 3083 3737 3381 3807; x_wconf 86' lang='grc' dir='ltr'>δυνάμεων,</span> <span class='ocrx_word' id='word_1_722' title='bbox 3404 3755 3423 3788; x_wconf 69' lang='grc' dir='ltr'><strong>ι</strong></span> <span class='ocrx_word' id='word_1_723' title='bbox 3450 3734 3758 3805; x_wconf 87' lang='grc' dir='ltr'>δευτεροῦν-</span> 
     </span>
    </p>
   </div>
   <div class='ocr_carea' id='block_1_96' title="bbox 2181 3827 3756 3907">
    <p class='ocr_par' dir='ltr' id='par_1_96' title="bbox 2181 3827 3756 3907">
     <span class='ocr_line' id='line_1_97' title="bbox 2181 3827 3756 3907; baseline -0.008 -16"><span class='ocrx_word' id='word_1_724' title='bbox 2181 3856 2269 3902; x_wconf 87' lang='grc' dir='ltr'><strong>τος</strong></span> <span class='ocrx_word' id='word_1_725' title='bbox 2302 3836 2395 3891; x_wconf 87' lang='grc' dir='ltr'><strong>τοῦ</strong></span> <span class='ocrx_word' id='word_1_726' title='bbox 2424 3835 2582 3904; x_wconf 80' lang='grc' dir='ltr'>λόγου</span> <span class='ocrx_word' id='word_1_727' title='bbox 2627 3834 2725 3907; x_wconf 83' lang='grc' dir='ltr'><strong>τὴν</strong></span> <span class='ocrx_word' id='word_1_728' title='bbox 2758 3832 3101 3905; x_wconf 89' lang='grc' dir='ltr'>κυριολογίαν</span> <span class='ocrx_word' id='word_1_729' title='bbox 3122 3832 3215 3884; x_wconf 73' lang='grc' dir='ltr'><strong>καὶ</strong></span> <span class='ocrx_word' id='word_1_730' title='bbox 3235 3828 3328 3883; x_wconf 73' lang='grc' dir='ltr'>ἐπὶ</span> <span class='ocrx_word' id='word_1_731' title='bbox 3350 3828 3443 3882; x_wconf 90' lang='grc' dir='ltr'><strong>τὸν</strong></span> <span class='ocrx_word' id='word_1_732' title='bbox 3475 3827 3583 3881; x_wconf 83' lang='grc' dir='ltr'><strong>τῶν</strong></span> <span class='ocrx_word' id='word_1_733' title='bbox 3617 3828 3756 3881; x_wconf 82' lang='grc' dir='ltr'>ὅλων</span> 
     </span>
    </p>
   </div>
   <div class='ocr_carea' id='block_1_97' title="bbox 2182 3929 2771 3999">
    <p class='ocr_par' dir='ltr' id='par_1_97' title="bbox 2182 3929 2771 3999">
     <span class='ocr_line' id='line_1_98' title="bbox 2182 3929 2771 3999; baseline -0.005 -15"><span class='ocrx_word' id='word_1_734' title='bbox 2182 3930 2313 3983; x_wconf 85' lang='grc' dir='ltr'>Θεὸν</span> <span class='ocrx_word' id='word_1_735' title='bbox 2339 3929 2771 3999; x_wconf 86' lang='grc' dir='ltr'>ἀναπέμποντος.</span> 
     </span>
    </p>
   </div>
   <div class='ocr_carea' id='block_1_98' title="bbox 2259 4034 3755 4110">
    <p class='ocr_par' dir='ltr' id='par_1_98' title="bbox 2259 4034 3755 4110">
     <span class='ocr_line' id='line_1_99' title="bbox 2259 4034 3755 4110; baseline -0.007 -14"><span class='ocrx_word' id='word_1_736' title='bbox 2259 4065 2277 4096; x_wconf 77' lang='grc' dir='ltr'><strong>ι</strong></span> <span class='ocrx_word' id='word_1_737' title='bbox 2308 4047 2430 4098; x_wconf 84' lang='grc' dir='ltr'>Ὅτι</span> <span class='ocrx_word' id='word_1_738' title='bbox 2461 4042 2627 4095; x_wconf 71' lang='grc' dir='ltr'>ἕνεκά</span> <span class='ocrx_word' id='word_1_739' title='bbox 2663 4057 2756 4094; x_wconf 88' lang='grc' dir='ltr'><strong>σου</strong></span> <span class='ocrx_word' id='word_1_740' title='bbox 2800 4040 3081 4110; x_wconf 80' lang='grc' dir='ltr'>ὑπήνεγκα</span> <span class='ocrx_word' id='word_1_741' title='bbox 3124 4036 3445 4107; x_wconf 85' lang='grc' dir='ltr'>ὀνειδισμὸν,</span> <span class='ocrx_word' id='word_1_742' title='bbox 3487 4034 3755 4104; x_wconf 57' lang='grc' dir='ltr'>ἐκάλυψεν</span> 
     </span>
    </p>
   </div>
   <div class='ocr_carea' id='block_1_99' title="bbox 2181 4129 3751 4210">
    <p class='ocr_par' dir='ltr' id='par_1_99' title="bbox 2181 4129 3751 4210">
     <span class='ocr_line' id='line_1_100' title="bbox 2181 4129 3751 4210; baseline -0.006 -19"><span class='ocrx_word' id='word_1_743' title='bbox 2181 4137 2414 4210; x_wconf 79' lang='grc' dir='ltr'>ἐντροπὴ</span> <span class='ocrx_word' id='word_1_744' title='bbox 2451 4136 2512 4189; x_wconf 89' lang='grc' dir='ltr'><strong>τὸ</strong></span> <span class='ocrx_word' id='word_1_745' title='bbox 2546 4133 2835 4205; x_wconf 79' lang='grc' dir='ltr'>πρόσωπόν</span> <span class='ocrx_word' id='word_1_746' title='bbox 2872 4150 2991 4203; x_wconf 90' lang='grc' dir='ltr'>μου.</span> <span class='ocrx_word' id='word_1_747' title='bbox 3020 4151 3038 4182; x_wconf 75' lang='grc' dir='ltr'><strong>ι</strong></span> <span class='ocrx_word' id='word_1_748' title='bbox 3104 4132 3167 4185; x_wconf 81' lang='grc' dir='ltr'><strong>Οἱ</strong></span> <span class='ocrx_word' id='word_1_749' title='bbox 3213 4130 3308 4201; x_wconf 84' lang='grc' dir='ltr'>μὲν</span> <span class='ocrx_word' id='word_1_750' title='bbox 3336 4129 3533 4191; x_wconf 67' lang='grc' dir='ltr'>λοιποὶ,</span> <span class='ocrx_word' id='word_1_751' title='bbox 3568 4131 3751 4199; x_wconf 65' lang='grc' dir='ltr'>φησιν,</span> 
     </span>
    </p>
   </div>
   <div class='ocr_carea' id='block_1_100' title="bbox 2180 4221 3751 4302">
    <p class='ocr_par' dir='ltr' id='par_1_100' title="bbox 2180 4221 3751 4302">
     <span class='ocr_line' id='line_1_101' title="bbox 2180 4221 3751 4302; baseline -0.007 -18"><span class='ocrx_word' id='word_1_752' title='bbox 2180 4230 2450 4302; x_wconf 82' lang='grc' dir='ltr'>ἄνθρωποι</span> <span class='ocrx_word' id='word_1_753' title='bbox 2490 4228 2556 4280; x_wconf 77' lang='grc' dir='ltr'>δι’</span> <span class='ocrx_word' id='word_1_754' title='bbox 2590 4226 2796 4289; x_wconf 79' lang='grc' dir='ltr'>οἰκείας</span> <span class='ocrx_word' id='word_1_755' title='bbox 2840 4224 3115 4296; x_wconf 88' lang='grc' dir='ltr'>ἁμαρτίας</span> <span class='ocrx_word' id='word_1_756' title='bbox 3154 4222 3395 4293; x_wconf 76' lang='grc' dir='ltr'>ἐλέγχοις</span> <span class='ocrx_word' id='word_1_757' title='bbox 3430 4222 3522 4275; x_wconf 69' lang='grc' dir='ltr'>καὶ</span> <span class='ocrx_word' id='word_1_758' title='bbox 3561 4221 3751 4274; x_wconf 79' lang='grc' dir='ltr'>ὀνειδι-</span> 
     </span>
    </p>
   </div>
   <div class='ocr_carea' id='block_1_101' title="bbox 2182 4314 3753 4393">
    <p class='ocr_par' dir='ltr' id='par_1_101' title="bbox 2182 4314 3753 4393">
     <span class='ocr_line' id='line_1_102' title="bbox 2182 4314 3753 4393; baseline -0.006 -19"><span class='ocrx_word' id='word_1_759' title='bbox 2182 4325 2337 4393; x_wconf 84' lang='grc' dir='ltr'>σμοῖς</span> <span class='ocrx_word' id='word_1_760' title='bbox 2380 4318 2804 4373; x_wconf 61' lang='grc' dir='ltr'>ὑποὸάλλονταν</span> <span class='ocrx_word' id='word_1_761' title='bbox 2851 4316 2960 4385; x_wconf 83' lang='grc' dir='ltr'><strong>ἐγὼ</strong></span> <span class='ocrx_word' id='word_1_762' title='bbox 2995 4315 3051 4369; x_wconf 86' lang='grc' dir='ltr'>δὲ</span> <span class='ocrx_word' id='word_1_763' title='bbox 3091 4317 3119 4367; x_wconf 80' lang='grc' dir='ltr'>ὁ</span> <span class='ocrx_word' id='word_1_764' title='bbox 3166 4314 3242 4385; x_wconf 85' lang='grc' dir='ltr'>μὴ</span> <span class='ocrx_word' id='word_1_765' title='bbox 3278 4314 3437 4382; x_wconf 70' lang='grc' dir='ltr'>γνοὺς</span> <span class='ocrx_word' id='word_1_766' title='bbox 3478 4314 3753 4384; x_wconf 83' lang='grc' dir='ltr'>ἁμαρτίαν</span> 
     </span>
    </p>
   </div>
   <div class='ocr_carea' id='block_1_102' title="bbox 2179 4405 3754 4480">
    <p class='ocr_par' dir='ltr' id='par_1_102' title="bbox 2179 4405 3754 4480">
     <span class='ocr_line' id='line_1_103' title="bbox 2179 4405 3754 4480; baseline -0.006 -15"><span class='ocrx_word' id='word_1_767' title='bbox 2179 4411 2343 4465; x_wconf 74' lang='grc' dir='ltr'>ἕνεκά</span> <span class='ocrx_word' id='word_1_768' title='bbox 2372 4429 2462 4465; x_wconf 88' lang='grc' dir='ltr'><strong>σου</strong></span> <span class='ocrx_word' id='word_1_769' title='bbox 2495 4411 2777 4480; x_wconf 83' lang='grc' dir='ltr'>ὑπήνεγκα</span> <span class='ocrx_word' id='word_1_770' title='bbox 2802 4408 3131 4479; x_wconf 77' lang='grc' dir='ltr'>ὀνειδισμόν’</span> <span class='ocrx_word' id='word_1_771' title='bbox 3170 4406 3462 4477; x_wconf 80' lang='grc' dir='ltr'>ἐπειδήπερ</span> <span class='ocrx_word' id='word_1_772' title='bbox 3501 4406 3565 4457; x_wconf 72' lang='grc' dir='ltr'><strong>σὺ</strong></span> <span class='ocrx_word' id='word_1_773' title='bbox 3594 4405 3754 4468; x_wconf 84' lang='grc' dir='ltr'>αὑτὸς</span> 
     </span>
    </p>
   </div>
   <div class='ocr_carea' id='block_1_103' title="bbox 2179 4498 3753 4575">
    <p class='ocr_par' dir='ltr' id='par_1_103' title="bbox 2179 4498 3753 4575">
     <span class='ocr_line' id='line_1_104' title="bbox 2179 4498 3753 4575; baseline -0.004 -18"><span class='ocrx_word' id='word_1_774' title='bbox 2179 4506 2207 4557; x_wconf 87' lang='grc' dir='ltr'>ὁ</span> <span class='ocrx_word' id='word_1_775' title='bbox 2232 4503 2607 4575; x_wconf 78' lang='grc' dir='ltr'>φιλάνθρωπος</span> <span class='ocrx_word' id='word_1_776' title='bbox 2631 4501 2762 4565; x_wconf 84' lang='grc' dir='ltr'>Θεὸς</span> <span class='ocrx_word' id='word_1_777' title='bbox 2797 4502 2936 4572; x_wconf 83' lang='grc' dir='ltr'>ὑπὲρ</span> <span class='ocrx_word' id='word_1_778' title='bbox 2973 4500 3067 4553; x_wconf 88' lang='grc' dir='ltr'><strong>τοῦ</strong></span> <span class='ocrx_word' id='word_1_779' title='bbox 3094 4499 3201 4553; x_wconf 77' lang='grc' dir='ltr'><strong>τῶν</strong></span> <span class='ocrx_word' id='word_1_780' title='bbox 3231 4498 3530 4571; x_wconf 84' lang='grc' dir='ltr'>ἀνθρώπων</span> <span class='ocrx_word' id='word_1_781' title='bbox 3563 4500 3753 4567; x_wconf 84' lang='grc' dir='ltr'>γένους</span> 
     </span>
    </p>
   </div>
   <div class='ocr_carea' id='block_1_104' title="bbox 2180 4592 3752 4670">
    <p class='ocr_par' dir='ltr' id='par_1_104' title="bbox 2180 4592 3752 4670">
     <span class='ocr_line' id='line_1_105' title="bbox 2180 4592 3752 4670; baseline -0.003 -20"><span class='ocrx_word' id='word_1_782' title='bbox 2180 4596 2452 4670; x_wconf 82' lang='grc' dir='ltr'>ἁμαρτίαν</span> <span class='ocrx_word' id='word_1_783' title='bbox 2483 4613 2549 4666; x_wconf 86' lang='grc' dir='ltr'><strong>με</strong></span> <span class='ocrx_word' id='word_1_784' title='bbox 2580 4595 2862 4665; x_wconf 80' lang='grc' dir='ltr'>ἐποίησας.</span> <span class='ocrx_word' id='word_1_785' title='bbox 2904 4596 3050 4657; x_wconf 80' lang='grc' dir='ltr'>ὅπως</span> <span class='ocrx_word' id='word_1_786' title='bbox 3084 4595 3133 4646; x_wconf 87' lang='grc' dir='ltr'>οἱ</span> <span class='ocrx_word' id='word_1_787' title='bbox 3166 4592 3509 4655; x_wconf 86' lang='grc' dir='ltr'>πιστεύοντες</span> <span class='ocrx_word' id='word_1_788' title='bbox 3542 4594 3621 4655; x_wconf 79' lang='grc' dir='ltr'>εἱς</span> <span class='ocrx_word' id='word_1_789' title='bbox 3655 4593 3752 4662; x_wconf 76' lang='grc' dir='ltr'><strong>ἐμὲ</strong></span> 
     </span>
    </p>
   </div>
   <div class='ocr_carea' id='block_1_105' title="bbox 2174 4685 3753 4761">
    <p class='ocr_par' dir='ltr' id='par_1_105' title="bbox 2174 4685 3753 4761">
     <span class='ocr_line' id='line_1_106' title="bbox 2174 4685 3753 4761; baseline -0.006 -16"><span class='ocrx_word' id='word_1_790' title='bbox 2174 4693 2435 4761; x_wconf 89' lang='grc' dir='ltr'>γένωνται</span> <span class='ocrx_word' id='word_1_791' title='bbox 2454 4687 2789 4756; x_wconf 83' lang='grc' dir='ltr'>δικαιοσύνη.</span> <span class='ocrx_word' id='word_1_792' title='bbox 2811 4686 2967 4739; x_wconf 84' lang='grc' dir='ltr'>Ἀλλά</span> <span class='ocrx_word' id='word_1_793' title='bbox 2994 4688 3087 4740; x_wconf 77' lang='grc' dir='ltr'><strong>καὶ</strong></span> <span class='ocrx_word' id='word_1_794' title='bbox 3112 4706 3128 4736; x_wconf 77' lang='grc' dir='ltr'><strong>ι</strong></span> <span class='ocrx_word' id='word_1_795' title='bbox 3152 4685 3315 4738; x_wconf 70' lang='grc' dir='ltr'>ἕνεκά</span> <span class='ocrx_word' id='word_1_796' title='bbox 3345 4702 3435 4737; x_wconf 90' lang='grc' dir='ltr'><strong>σου</strong></span> <span class='ocrx_word' id='word_1_797' title='bbox 3468 4686 3753 4755; x_wconf 74' lang='grc' dir='ltr'>ὑπήνεγκα</span> 
     </span>
    </p>
   </div>
   <div class='ocr_carea' id='block_1_106' title="bbox 2179 4774 3753 4850">
    <p class='ocr_par' dir='ltr' id='par_1_106' title="bbox 2179 4774 3753 4850">
     <span class='ocr_line' id='line_1_107' title="bbox 2179 4774 3753 4850; baseline -0.004 -17"><span class='ocrx_word' id='word_1_798' title='bbox 2179 4780 2511 4850; x_wconf 83' lang='grc' dir='ltr'>ὀνειδισμὸν,</span> <span class='ocrx_word' id='word_1_799' title='bbox 2546 4797 2564 4830; x_wconf 71' lang='grc' dir='ltr'><strong>ι</strong></span> <span class='ocrx_word' id='word_1_800' title='bbox 2604 4778 2690 4831; x_wconf 80' lang='grc' dir='ltr'><strong>διὰ</strong></span> <span class='ocrx_word' id='word_1_801' title='bbox 2719 4777 2816 4849; x_wconf 85' lang='grc' dir='ltr'><strong>τὴν</strong></span> <span class='ocrx_word' id='word_1_802' title='bbox 2842 4777 2940 4848; x_wconf 81' lang='grc' dir='ltr'>σὴν</span> <span class='ocrx_word' id='word_1_803' title='bbox 2989 4775 3180 4846; x_wconf 81' lang='grc' dir='ltr'>βουλὴν</span> <span class='ocrx_word' id='word_1_804' title='bbox 3222 4774 3466 4838; x_wconf 85' lang='grc' dir='ltr'>κενώσας</span> <span class='ocrx_word' id='word_1_805' title='bbox 3517 4774 3753 4845; x_wconf 76' lang='grc' dir='ltr'>ἐμαυτὸν</span> 
     </span>
    </p>
   </div>
   <div class='ocr_carea' id='block_1_107' title="bbox 2176 4867 3753 4944">
    <p class='ocr_par' dir='ltr' id='par_1_107' title="bbox 2176 4867 3753 4944">
     <span class='ocr_line' id='line_1_108' title="bbox 2176 4867 3753 4944; baseline -0.004 -18"><span class='ocrx_word' id='word_1_806' title='bbox 2176 4874 2271 4926; x_wconf 72' lang='grc' dir='ltr'>καὶ</span> <span class='ocrx_word' id='word_1_807' title='bbox 2324 4872 2484 4944; x_wconf 84' lang='grc' dir='ltr'>μέχρι</span> <span class='ocrx_word' id='word_1_808' title='bbox 2536 4871 2767 4925; x_wconf 90' lang='grc' dir='ltr'>θανάτου</span> <span class='ocrx_word' id='word_1_809' title='bbox 2834 4867 3205 4933; x_wconf 85' lang='grc' dir='ltr'>ταπεινώσας,</span> <span class='ocrx_word' id='word_1_810' title='bbox 3268 4868 3388 4921; x_wconf 83' lang='grc' dir='ltr'>καθ’</span> <span class='ocrx_word' id='word_1_811' title='bbox 3448 4870 3506 4921; x_wconf 84' lang='grc' dir='ltr'>ὃν</span> <span class='ocrx_word' id='word_1_812' title='bbox 3565 4870 3753 4938; x_wconf 78' lang='grc' dir='ltr'>καιρὸν</span> 
     </span>
    </p>
   </div>
   <div class='ocr_carea' id='block_1_108' title="bbox 2175 4959 3755 5035">
    <p class='ocr_par' dir='ltr' id='par_1_108' title="bbox 2175 4959 3755 5035">
     <span class='ocr_line' id='line_1_109' title="bbox 2175 4959 3755 5035; baseline -0.005 -17"><span class='ocrx_word' id='word_1_813' title='bbox 2175 4968 2223 5018; x_wconf 75' lang='grc' dir='ltr'>οἱ</span> <span class='ocrx_word' id='word_1_814' title='bbox 2286 4962 2795 5035; x_wconf 84' lang='grc' dir='ltr'>παραπορευόμενοι</span> <span class='ocrx_word' id='word_1_815' title='bbox 2855 4960 3235 5031; x_wconf 75' lang='grc' dir='ltr'>ἐϐλασφήμουν</span> <span class='ocrx_word' id='word_1_816' title='bbox 3319 4959 3596 5022; x_wconf 75' lang='grc' dir='ltr'>κινοῦντες</span> <span class='ocrx_word' id='word_1_817' title='bbox 3658 4959 3755 5023; x_wconf 70' lang='grc' dir='ltr'>τὰς</span> 
     </span>
    </p>
   </div>
   <div class='ocr_carea' id='block_1_109' title="bbox 2176 5051 3753 5127">
    <p class='ocr_par' dir='ltr' id='par_1_109' title="bbox 2176 5051 3753 5127">
     <span class='ocr_line' id='line_1_110' title="bbox 2176 5051 3753 5127; baseline -0.005 -16"><span class='ocrx_word' id='word_1_818' title='bbox 2176 5057 2417 5127; x_wconf 74' lang='grc' dir='ltr'>κεφαλὰς</span> <span class='ocrx_word' id='word_1_819' title='bbox 2442 5056 2621 5110; x_wconf 82' lang='grc' dir='ltr'>αὑτῶν</span> <span class='ocrx_word' id='word_1_820' title='bbox 2648 5055 2741 5109; x_wconf 71' lang='grc' dir='ltr'><strong>καὶ</strong></span> <span class='ocrx_word' id='word_1_821' title='bbox 2767 5054 3015 5123; x_wconf 86' lang='grc' dir='ltr'>λέγοντες</span> <span class='ocrx_word' id='word_1_822' title='bbox 3039 5071 3051 5083; x_wconf 81' lang='grc'><em>’</em></span> <span class='ocrx_word' id='word_1_823' title='bbox 3101 5072 3117 5103; x_wconf 77' lang='grc' dir='ltr'><strong>ι</strong></span> <span class='ocrx_word' id='word_1_824' title='bbox 3150 5051 3263 5105; x_wconf 83' lang='grc' dir='ltr'><strong>υὺά</strong></span> <span class='ocrx_word' id='word_1_825' title='bbox 3294 5055 3322 5105; x_wconf 82' lang='grc' dir='ltr'>ὁ</span> <span class='ocrx_word' id='word_1_826' title='bbox 3355 5053 3640 5106; x_wconf 83' lang='grc' dir='ltr'>καταλύων</span> <span class='ocrx_word' id='word_1_827' title='bbox 3664 5053 3753 5104; x_wconf 87' lang='grc' dir='ltr'><strong>τὸν</strong></span> 
     </span>
    </p>
   </div>
   <div class='ocr_carea' id='block_1_110' title="bbox 2175 5145 3752 5221">
    <p class='ocr_par' dir='ltr' id='par_1_110' title="bbox 2175 5145 3752 5221">
     <span class='ocr_line' id='line_1_111' title="bbox 2175 5145 3752 5221; baseline -0.004 -16"><span class='ocrx_word' id='word_1_828' title='bbox 2175 5152 2332 5211; x_wconf 87' lang='grc' dir='ltr'>ναὸν,</span> <span class='ocrx_word' id='word_1_829' title='bbox 2382 5152 2475 5203; x_wconf 71' lang='grc' dir='ltr'><strong>καὶ</strong></span> <span class='ocrx_word' id='word_1_830' title='bbox 2518 5152 2574 5202; x_wconf 81' lang='grc' dir='ltr'><strong>ἐν</strong></span> <span class='ocrx_word' id='word_1_831' title='bbox 2628 5150 2804 5221; x_wconf 75' lang='grc' dir='ltr'>τρισὶν</span> <span class='ocrx_word' id='word_1_832' title='bbox 2864 5147 3096 5219; x_wconf 79' lang='grc' dir='ltr'>ἡμέραις</span> <span class='ocrx_word' id='word_1_833' title='bbox 3167 5145 3499 5217; x_wconf 76' lang='grc' dir='ltr'>οἰκοδομῶν,</span> <span class='ocrx_word' id='word_1_834' title='bbox 3581 5146 3752 5199; x_wconf 82' lang='grc' dir='ltr'>σῶσον</span> 
     </span>
    </p>
   </div>
   <div class='ocr_carea' id='block_1_111' title="bbox 2179 5238 3753 5310">
    <p class='ocr_par' dir='ltr' id='par_1_111' title="bbox 2179 5238 3753 5310">
     <span class='ocr_line' id='line_1_112' title="bbox 2179 5238 3753 5310; baseline -0.004 -13"><span class='ocrx_word' id='word_1_835' title='bbox 2179 5244 2420 5299; x_wconf 75' lang='grc' dir='ltr'>σεαυτόν.</span> <span class='ocrx_word' id='word_1_836' title='bbox 2474 5244 2536 5296; x_wconf 75' lang='grc' dir='ltr'><strong>Εἰ</strong></span> <span class='ocrx_word' id='word_1_837' title='bbox 2562 5243 2690 5307; x_wconf 76' lang='grc' dir='ltr'>Υἱὸς</span> <span class='ocrx_word' id='word_1_838' title='bbox 2740 5238 2790 5295; x_wconf 75' lang='grc' dir='ltr'>εἷ</span> <span class='ocrx_word' id='word_1_839' title='bbox 2856 5240 2951 5294; x_wconf 84' lang='grc' dir='ltr'><strong>τοῦ</strong></span> <span class='ocrx_word' id='word_1_840' title='bbox 2994 5239 3159 5304; x_wconf 81' lang='grc' dir='ltr'>Θεοῦ,</span> <span class='ocrx_word' id='word_1_841' title='bbox 3205 5238 3471 5310; x_wconf 78' lang='grc' dir='ltr'>κατάϐηθι</span> <span class='ocrx_word' id='word_1_842' title='bbox 3511 5239 3619 5291; x_wconf 80' lang='grc' dir='ltr'><strong>άπὸ</strong></span> <span class='ocrx_word' id='word_1_843' title='bbox 3659 5238 3753 5292; x_wconf 87' lang='grc' dir='ltr'><strong>τοῦ</strong></span> 
     </span>
    </p>
   </div>
   <div class='ocr_carea' id='block_1_112' title="bbox 2178 5331 3753 5408">
    <p class='ocr_par' dir='ltr' id='par_1_112' title="bbox 2178 5331 3753 5408">
     <span class='ocr_line' id='line_1_113' title="bbox 2178 5331 3753 5408; baseline -0.004 -18"><span class='ocrx_word' id='word_1_844' title='bbox 2178 5336 2428 5408; x_wconf 83' lang='grc' dir='ltr'>σταυροῦ.</span> <span class='ocrx_word' id='word_1_845' title='bbox 2479 5336 2707 5407; x_wconf 80' lang='grc' dir='ltr'>Ὁμοίως</span> <span class='ocrx_word' id='word_1_846' title='bbox 2747 5334 2803 5388; x_wconf 84' lang='grc' dir='ltr'><strong>δὲ</strong></span> <span class='ocrx_word' id='word_1_847' title='bbox 2843 5335 2936 5387; x_wconf 73' lang='grc' dir='ltr'><strong>καὶ</strong></span> <span class='ocrx_word' id='word_1_848' title='bbox 2980 5335 3027 5385; x_wconf 73' lang='grc' dir='ltr'>οἱ</span> <span class='ocrx_word' id='word_1_849' title='bbox 3078 5334 3351 5404; x_wconf 81' lang='grc' dir='ltr'>ἀρχιερεῖς</span> <span class='ocrx_word' id='word_1_850' title='bbox 3396 5331 3753 5401; x_wconf 77' lang='grc' dir='ltr'>ἐμπαίζοντες</span> 
     </span>
    </p>
   </div>
   <div class='ocr_carea' id='block_1_113' title="bbox 2179 5422 3754 5500">
    <p class='ocr_par' dir='ltr' id='par_1_113' title="bbox 2179 5422 3754 5500">
     <span class='ocr_line' id='line_1_114' title="bbox 2179 5422 3754 5500; baseline -0.004 -19"><span class='ocrx_word' id='word_1_851' title='bbox 2179 5427 2318 5500; x_wconf 80' lang='grc' dir='ltr'>μετὰ</span> <span class='ocrx_word' id='word_1_852' title='bbox 2370 5427 2478 5481; x_wconf 83' lang='grc' dir='ltr'><strong>τῶν</strong></span> <span class='ocrx_word' id='word_1_853' title='bbox 2520 5428 2710 5500; x_wconf 82' lang='grc' dir='ltr'>ἱερέων</span> <span class='ocrx_word' id='word_1_854' title='bbox 2748 5426 2841 5480; x_wconf 69' lang='grc' dir='ltr'><strong>καὶ</strong></span> <span class='ocrx_word' id='word_1_855' title='bbox 2879 5425 3260 5497; x_wconf 81' lang='grc' dir='ltr'>Γραμματέων</span> <span class='ocrx_word' id='word_1_856' title='bbox 3306 5423 3399 5477; x_wconf 75' lang='grc' dir='ltr'>καὶ</span> <span class='ocrx_word' id='word_1_857' title='bbox 3443 5422 3754 5495; x_wconf 73' lang='grc' dir='ltr'>Φαρισαίων</span> 
     </span>
    </p>
   </div>
   <div class='ocr_carea' id='block_1_114' title="bbox 2177 5514 3749 5589">
    <p class='ocr_par' dir='ltr' id='par_1_114' title="bbox 2177 5514 3749 5589">
     <span class='ocr_line' id='line_1_115' title="bbox 2177 5514 3749 5589; baseline -0.003 -15"><span class='ocrx_word' id='word_1_858' title='bbox 2177 5520 2382 5589; x_wconf 72' lang='grc' dir='ltr'>ἕλεγοψ</span> <span class='ocrx_word' id='word_1_859' title='bbox 2409 5519 2635 5584; x_wconf 84' lang='grc' dir='ltr'>’Δλλους</span> <span class='ocrx_word' id='word_1_860' title='bbox 2680 5518 2903 5581; x_wconf 73' lang='grc' dir='ltr'>ἔσωσεν,</span> <span class='ocrx_word' id='word_1_861' title='bbox 2952 5517 3141 5570; x_wconf 72' lang='grc' dir='ltr'>ἑαυτὸν</span> <span class='ocrx_word' id='word_1_862' title='bbox 3185 5517 3245 5570; x_wconf 89' lang='grc' dir='ltr'><strong>οὑ</strong></span> <span class='ocrx_word' id='word_1_863' title='bbox 3293 5515 3512 5568; x_wconf 85' lang='grc' dir='ltr'>δύναται</span> <span class='ocrx_word' id='word_1_864' title='bbox 3554 5514 3749 5570; x_wconf 79' lang='grc' dir='ltr'>σῶσαι.</span> 
     </span>
    </p>
   </div>
   <div class='ocr_carea' id='block_1_115' title="bbox 2178 5606 3750 5685">
    <p class='ocr_par' dir='ltr' id='par_1_115' title="bbox 2178 5606 3750 5685">
     <span class='ocr_line' id='line_1_116' title="bbox 2178 5606 3750 5685; baseline -0.004 -19"><span class='ocrx_word' id='word_1_865' title='bbox 2178 5614 2240 5666; x_wconf 80' lang='grc' dir='ltr'><strong>Εἰ</strong></span> <span class='ocrx_word' id='word_1_866' title='bbox 2290 5613 2541 5685; x_wconf 77' lang='grc' dir='ltr'>βασιλεὺς</span> <span class='ocrx_word' id='word_1_867' title='bbox 2580 5611 2796 5683; x_wconf 73' lang='grc' dir='ltr'>Ἰσραήλ</span> <span class='ocrx_word' id='word_1_868' title='bbox 2839 5612 2988 5676; x_wconf 84' lang='grc' dir='ltr'>ἐστι,</span> <span class='ocrx_word' id='word_1_869' title='bbox 3042 5609 3333 5663; x_wconf 76' lang='grc' dir='ltr'>καταϐάτω</span> <span class='ocrx_word' id='word_1_870' title='bbox 3372 5608 3466 5660; x_wconf 92' lang='grc' dir='ltr'><strong>νῦν</strong></span> <span class='ocrx_word' id='word_1_871' title='bbox 3504 5607 3613 5661; x_wconf 82' lang='grc' dir='ltr'><strong>άπὸ</strong></span> <span class='ocrx_word' id='word_1_872' title='bbox 3658 5606 3750 5660; x_wconf 81' lang='grc' dir='ltr'><strong>τοῦ</strong></span> 
     </span>
    </p>
   </div>
   <div class='ocr_carea' id='block_1_116' title="bbox 2180 5696 3749 5775">
    <p class='ocr_par' dir='ltr' id='par_1_116' title="bbox 2180 5696 3749 5775">
     <span class='ocr_line' id='line_1_117' title="bbox 2180 5696 3749 5775; baseline -0.008 -14"><span class='ocrx_word' id='word_1_873' title='bbox 2180 5708 2436 5775; x_wconf 82' lang='grc' dir='ltr'>σταυροῦ,</span> <span class='ocrx_word' id='word_1_874' title='bbox 2483 5705 2573 5759; x_wconf 73' lang='grc' dir='ltr'><strong>καὶ</strong></span> <span class='ocrx_word' id='word_1_875' title='bbox 2618 5703 2980 5773; x_wconf 83' lang='grc' dir='ltr'>πιστεύσομεν</span> <span class='ocrx_word' id='word_1_876' title='bbox 3027 5699 3194 5771; x_wconf 77' lang='grc' dir='ltr'>αύτῷ.</span> <span class='ocrx_word' id='word_1_877' title='bbox 3244 5698 3506 5753; x_wconf 77' lang='grc' dir='ltr'>Ιιέποιθεν</span> <span class='ocrx_word' id='word_1_878' title='bbox 3536 5697 3629 5751; x_wconf 75' lang='grc' dir='ltr'>ἐπὶ</span> <span class='ocrx_word' id='word_1_879' title='bbox 3659 5696 3749 5751; x_wconf 79' lang='grc' dir='ltr'><strong>τὸν</strong></span> 
     </span>
    </p>
   </div>
  </div>
