4068 6532
391 344 495 399 737

1508 342 2014 399 COMMENTARIA
2052 341 2119 396 lN
2156 342 2495 400 PSALMOS.

3518 347 3622 403 738

387 459 548 513 Θεόνο
585 459 838 532 ῥυσάσθω
891 459 1075 523 αὐτὸν,
1126 461 1175 513 εἰ
1226 458 1369 513 θέλει
1417 460 1599 516 αὐτόν.
1641 457 1776 514 Εἷπε
1826 460 1935 531 γὰρ

2061 460 2178 514 vult
2216 475 2364 515 eum.
2420 460 2566 514 Dixit
2611 460 2779 524 enim,
2812 460 2939 531 quia
2989 458 3162 516 Filius
3209 460 3304 516 Dei
3353 477 3471 516 sum
3514 463 3556 515 ⁸.
3602 484 3622 516 ι

385 551 467 605 ὅτι
506 550 640 604 Θεοῦ
668 550 795 615 Υἱός
835 553 970 623 είμι.
1010 570 1029 604 ι
1070 552 1254 606 Ταῦτα
1297 552 1360 624 δὴ
1411 548 1504 605 οὖν
1550 551 1817 615 θεσπίζων
1862 554 1955 606 ἐπὶ

382 641 477 695 τοῦ
532 643 815 713 παρόντος,
868 644 1061 715 φησίν*
1114 662 1134 695 ι
1161 646 1282 696 Ὅτι
1327 644 1491 697 ἐνεκά
1535 661 1629 697 σου
1673 645 1954 715 ὑπήνεγκα

383 732 702 805 ὀνειδισμὸν,
741 734 1009 804 ἐκάλυψεν
1047 734 1281 806 ἐντροπὴ
1322 735 1383 788 τὸ
1423 736 1710 806 πρόσωπόν
1781 753 1902 806 μου.
1928 755 1946 788 ι

383 828 459 879 Ού
503 827 611 899 γὰρ
660 827 726 881 δι’
777 827 1051 899 ἁμαρτίας
1096 828 1254 898 ἐμάς,
1304 827 1424 881 οὐδὲ
1469 827 1557 880 διά
1603 828 1953 898 παρανόμους

383 920 643 989 πράξεις,
676 919 826 983 ἀλλ’,
866 938 885 971 ι
920 919 1083 972 ἐνεκά
1118 937 1208 973 σου
1248 938 1266 970 ι
1319 920 1412 972 καὶ
1450 919 1540 972 τὸν
1590 919 1951 990 προλεχθέντα

388 1030 406 1062 ι
445 1010 746 1080 ὀνειδισμὸν
778 1011 1071 1081 ὑπέμεινα,
1096 1010 1276 1063 καὶτὸ
1301 1011 1589 1081 πρόσωπόν
1626 1029 1725 1081 μου
1759 1010 1953 1064 ἐκάλυ-

380 1101 479 1170 ψεν
518 1102 749 1172 ἐντροπὴ
772 1118 786 1131 ’
813 1120 831 1153 ι
871 1101 928 1171 ἢ,
961 1099 1100 1153 κατά
1142 1101 1233 1153 τὸν
1268 1100 1579 1171 Σύμμαχον,
1614 1119 1631 1151 ι
1657 1099 1950 1169 Ἐκάλυψεν

381 1195 753 1265 ἀτχημόνησις
775 1194 836 1247 τὸ
869 1194 1156 1264 πρόσωπον
1180 1192 1363 1248 αὐτοῦ.
1396 1214 1415 1245 ι
1449 1194 1556 1246 Kal
1570 1193 1742 1247 ταῦτα
1771 1194 1951 1247 πάντα

380 1286 665 1355 ὑπέμεινα,
702 1287 884 1357 φησὶν,
910 1284 1075 1337 ἕνεκά
1102 1302 1215 1348 σου,
1251 1285 1526 1337 τουτέστιν
1550 1286 1710 1338 ἕνεκα
1726 1286 1819 1338 τοῦ
1853 1284 1945 1338 σοῦ

379 1374 699 1446 θελήματος.
749 1376 906 1429 Ἀλλά
948 1376 1041 1429 καὶ
1086 1393 1104 1425 ι
1135 1374 1643 1446 ἀπηλλοτριωμένος
1686 1374 1946 1447 ἐγενήθην

375 1469 487 1531 τοῖς
507 1468 750 1537 ἀδελφοῖς
790 1485 924 1539 μου,
957 1469 1051 1521 καὶ
1101 1466 1248 1533 ξένος
1284 1470 1395 1530 τοῖς
1425 1469 1558 1531 υἱοῖς
1601 1465 1700 1536 τῆς
1743 1466 1945 1537 μητρός

380 1576 501 1629 μου.
536 1578 554 1610 ι
592 1558 696 1611 Δύο
726 1559 783 1612 δὲ
806 1559 1060 1628 τάγματα
1081 1558 1138 1609 ἐν
1163 1556 1371 1620 τούτοις
1391 1557 1735 1627 παρίστησιν·
1767 1555 1825 1608 ἓν
1848 1556 1944 1625 μὲν

374 1648 436 1701 τὸ
457 1648 565 1701 τῶν
597 1648 807 1719 ἀληθῶς
840 1647 1077 1715 ἀδελφῶν
1105 1644 1268 1699 αὑτοῦ
1290 1686 1304 1709 ,
1334 1641 1413 1708 οἷς
1453 1645 1680 1716 ἐγενήθη
1714 1644 1945 1715 ἀπηλλο-

373 1738 691 1808 τριωμένος-
726 1738 909 1809 ἕτερον
941 1736 1078 1790 δὲτὸ
1106 1736 1214 1788 τῶν
1239 1734 1368 1788 υἱῶν
1389 1736 1489 1805 τῆς
1520 1735 1725 1805 μητρὸς
1753 1734 1940 1797 αὑτοῦ,

2056 551 2182 607 Haec
2232 568 2380 607 nunc
2438 553 2746 608 vaticinans
2798 552 2978 607 dicit:
3023 572 3043 605 ι
3085 552 3351 619 Quoniam
3404 562 3628 623 propter

2054 651 2109 700 te
2164 644 2402 699 sustinui
2444 646 2819 715 opprobrium,
2849 647 3065 715 operuit
3118 644 3369 700 confusio
3430 645 3623 699 faciem

2053 751 2250 790 meam.
2280 755 2298 788 ι
2329 735 2447 789 Non
2473 737 2617 791 enim
2653 737 2723 791 ob
2756 747 2974 806 peccata
3010 746 3063 791 et
3108 736 3353 806 improha
3384 735 3627 791 facinora

2052 841 2210 893 mea;
2245 826 2338 882 sed
2372 846 2390 878 ι
2428 836 2649 897 propter
2679 834 2731 882 te
2781 846 2800 879 ›
2836 827 3153 897 praedictum
3205 846 3222 878 ι
3261 827 3625 897 opprobrium

2051 919 2310 982 sustinui,
2331 927 2385 973 et
2420 919 2639 987 operuit
2667 918 2918 973 confusio
2945 918 3140 973 faciem
3171 935 3346 974 meam
3377 936 3392 986 ;
3426 938 3445 971 ι
3486 922 3624 983 sive,

2052 1010 2349 1063 secundum
2404 1009 2785 1081 Symmachum
2823 1028 2835 1065 :
2873 1028 2894 1063 ι
2931 1011 3157 1080 Operuit
3199 1012 3497 1083 ignominia
3540 1010 3629 1065 fa-

2050 1101 2189 1155 ciem
2216 1101 2358 1170 ejus.
2394 1122 2414 1154 ι
2452 1101 2518 1155 Ει
2542 1102 2656 1159 ιιαξο
2683 1102 2888 1170 omnia,
2918 1102 3094 1173 inquit
3120 1142 3135 1163 .
3168 1112 3392 1174 propter
3421 1115 3473 1158 te
3499 1119 3627 1172 pas-

2049 1205 2144 1245 sus
2182 1207 2327 1257 sum,
2358 1193 2411 1247 id
2461 1201 2566 1259 est,
2612 1202 2833 1263 propter
2882 1194 3214 1250 voluntatem
3252 1205 3423 1249 tuam.
3478 1196 3622 1261 Quin

2047 1285 2207 1338 etiam
2254 1306 2273 1337 ‹
2329 1296 2623 1342 extraneus
2674 1286 2853 1343 factus
2900 1302 3019 1341 sum
3072 1286 3336 1343 fratribus
3370 1289 3529 1351 meis,
3570 1297 3625 1344 et

2048 1372 2367 1441 peregrinus
2412 1372 2539 1426 filiis
2577 1374 2770 1429 matris
2820 1390 2971 1429 meae.
3019 1394 3039 1425 ι
3076 1374 3223 1430 Duos
3273 1377 3363 1431 hic
3404 1376 3627 1432 ordines

2046 1460 2357 1530 signiﬁcat;
2406 1462 2633 1517 alterum
2690 1478 2877 1517 eorum
2934 1465 3027 1533 qui
3081 1481 3208 1520 vere
3270 1466 3471 1521 fratres
3505 1467 3624 1536 cjus

2044 1559 2220 1616 erant,
2256 1553 2455 1623 quibus
2478 1561 2773 1609 extraneos
2808 1553 2986 1609 factus
3012 1564 3130 1622 est;
3164 1558 3393 1610 alterum
3428 1572 3621 1611 eorum

2045 1641 2137 1710 qui
2169 1639 2263 1693 lilii
2316 1641 2509 1696 matris
2561 1642 2682 1711 ejus
2712 1651 2890 1710 erant,
2923 1644 3015 1699 sed
3065 1660 3173 1698 non
3230 1644 3430 1700 fratres
3477 1646 3621 1714 ejus,

2044 1734 2244 1803 quibus
2272 1736 2589 1805 peregrinus
2622 1736 2847 1793 effectus
2875 1745 2979 1793 est.
3032 1737 3097 1792 Et
3143 1747 3326 1795 tamen
3379 1742 3621 1810 oportuit

372 1831 433 1883 ού
469 1830 572 1903 μὴν
604 1831 843 1901 ἀδελφῶν
888 1829 1052 1884 αὐτοῦ
1073 1868 1088 1892 ,
1119 1824 1201 1892 οἷς
1228 1828 1457 1899 ἐγενήθη
1483 1828 1649 1893 ξένος.
1697 1828 1806 1881 Kal
1842 1828 1937 1898 μὴι.

2052 1822 2192 1878 filios
2228 1825 2421 1879 matris
2447 1824 2589 1894 ejus,
2622 1842 2745 1879 cum
2784 1826 2981 1884 fratres
3014 1829 3137 1899 ejus
3163 1838 3369 1891 essent,
3395 1829 3622 1900 perinde

372 1924 539 1994 ἐχρῆν
572 1925 721 1988 υἱοὺς
754 1923 957 1995 μητρὸς
989 1921 1175 1985 αὐτοῦ,
1207 1921 1365 1985 ὸντας
1407 1920 1689 1989 ἀδελφοὺς,
1726 1922 1819 1973 καὶ
1854 1922 1948 1973 αὺ-

369 2016 495 2078 τοὺς
532 2015 731 2085 ὁμοίως
769 2018 883 2077 τοῖς
923 2013 1207 2086 προτέροις
1240 2012 1616 2084 χρηματίζειν.
1678 2011 1813 2065 Ἀλλ’
1849 2012 1949 2065 οὐκ

368 2106 619 2177 ὠνόμασε
642 2108 768 2170 τοὺς
796 2106 942 2168 υἱοὺς
962 2106 1062 2177 τῆς
1102 2105 1305 2176 μητρὸς
1328 2103 1606 2173 ἀδελφοὺς,
1636 2102 1710 2166 ὡς
1731 2102 1948 2175 ἐτέρους

367 2198 528 2262 om;
551 2197 749 2269 δηλαδὴ
773 2197 923 2269 παρά
949 2197 1009 2250 τὸ
1033 2196 1245 2268 πρῶτον
1277 2195 1463 2266 τάγμα
1491 2194 1599 2248 τῶν
1627 2194 1948 2265 ὀνομασθέν-

366 2289 745 2359 τωνάδελφῶν
776 2288 968 2342 αὐτοῦ.
1008 2288 1085 2359 (l)
1118 2289 1212 2351 Εἰς
1238 2283 1329 2341 οὖν
1359 2286 1618 2356 ἀδελφοὺς
1649 2285 1747 2355 μὲν
1782 2284 1943 2338 αύτοῦ

367 2381 715 2450 γεγεγονέναι
740 2381 865 2444 τοὺς
891 2380 1053 2433 αὑτοῦ
1084 2378 1348 2451 μαθητάς,
1379 2372 1588 2449 mplth
1606 2379 1698 2431 καὶ
1712 2379 1769 2431 ἐν
1784 2377 1945 2449 ἐτέρᾳ

369 2471 549 2542 φησίν·
582 2490 600 2522 ι
640 2468 959 2539 Ἀπαγγελῶ
971 2469 1033 2522 τὸ
1056 2469 1227 2539 ὄνομά
1250 2485 1343 2521 σου
1378 2471 1491 2531 τοῖς
1528 2467 1774 2535 ἀδελφοῖς
1803 2483 1903 2536 μου
1926 2505 1940 2529 ,

367 2565 463 2617 καὶ
480 2566 538 2619 ἐν
566 2564 715 2635 μέσῳ
744 2563 1070 2635 Ἐκκλησίας
1088 2562 1315 2633 ὑμνήσω
1331 2577 1412 2614 σε.
1439 2580 1457 2611 ι
1477 2560 1588 2613 Kal
1607 2562 1664 2613 ἐν
1679 2558 1758 2630 τῷ
1772 2560 1944 2628 Εὐαγ-

366 2655 529 2726 γελίῳ
551 2658 616 2727 τῇ
640 2654 828 2727 Μαρία
866 2654 1054 2723 φανεὶς
1085 2652 1222 2724 μετά
1252 2653 1351 2724 τὴν
1384 2654 1448 2705 ἐκ
1480 2650 1688 2723 νεκρῶν
1711 2650 1943 2704 ἀνάστα-

366 2762 451 2800 σιν
477 2746 653 2816 ἔλεγε·
678 2765 696 2799 ι
721 2744 959 2816 Πορεύου
992 2744 1126 2816 πρὸς
1156 2744 1283 2807 τοὺς
1312 2741 1576 2811 ἀδελφούς
1608 2759 1730 2813 μου,
1754 2743 1847 2795 καὶ
1861 2736 1941 2794 εί-

366 2853 466 2894 πον
491 2839 691 2903 αὐτοῖς·
726 2837 1027 2891 Ἀναϐαίνω
1054 2835 1191 2909 πρὸς
1212 2835 1305 2889 τὸν
1332 2834 1550 2907 Πατέρα
1584 2850 1683 2905 μου
1712 2836 1805 2887 καὶ
1825 2834 1939 2887 Πα-

364 2931 497 3003 τέρα
531 2932 560 2984 ύ
568 2930 703 3002 μῶν,
728 2931 821 2985 καὶ
844 2929 976 2983 Θεόν
996 2946 1097 3000 μου
1120 2928 1215 2982 κα)⁸
1229 2926 1363 2981 Θεὸν
1379 2925 1553 2999 ὑμῶν.
1568 2944 1587 2979 ι
1607 2925 1831 2989 Τούτοις
1848 2921 1940 2979 οὖν

362 3027 473 3087 τοῖς
505 3022 750 3093 ἀδελφοῖς
781 3020 945 3076 αὑτοῦ
981 3019 1487 3093 ἀπηλλοτριωμένος
1521 3016 1753 3089 ἐγενήθη
1798 3017 1941 3071 κατά

2048 1922 2211 1984 atque
2259 1915 2471 1985 priores
2524 1918 2831 1987 nuncupari
2891 1916 3110 1974 fratres.
3140 1919 3210 1972 At
3262 1919 3404 1973 filios
3434 1920 3625 1975 matris

2047 2006 2244 2062 fratres
2269 2021 2379 2060 non
2401 2007 2637 2069 vocavit,
2671 2016 2859 2078 utpote
2892 2009 3029 2064 alios
3052 2020 3106 2063 et
3126 2009 3373 2065 diversos
3409 2024 3439 2062 a
3473 2012 3622 2080 prio-

2048 2113 2108 2154 re
2133 2100 2326 2153 ordine
2369 2114 2559 2154 eorum
2594 2100 2686 2169 qui
2733 2100 2932 2156 fratres
2962 2102 3140 2155 vocati
3191 2108 3340 2157 sunt.
3398 2100 3621 2157 Fratres

2046 2206 2178 2261 ergo
2206 2192 2350 2259 ejus,
2382 2191 2637 2261 discipuli
2676 2192 3044 2260 existimandi,
3071 2193 3138 2249 de
3158 2195 3355 2264 quibus
3382 2194 3509 2248 alibi
3538 2194 3623 2248 di-

2044 2284 2120 2338 cit
2153 2304 2165 2339 :
2203 2303 2221 2336 ι
2255 2283 2501 2339 Narrabo
2533 2301 2732 2340 nomen
2769 2296 2920 2340 tuum
2974 2286 3239 2343 fratribus
3296 2288 3451 2349 meis,
3482 2294 3535 2342 et
3564 2289 3620 2343 in

2044 2376 2222 2431 medio
2239 2377 2504 2431 Ecclesiae
2528 2377 2760 2432 laudabo
2784 2385 2836 2432 te
2860 2379 2903 2435 '.
2944 2397 2965 2431 ι
3000 2377 3065 2431 Ει
3096 2378 3148 2431 in
3179 2377 3470 2448 Evangello
3496 2387 3619 2449 post

2042 2470 2500 2523 resurrectionem
2543 2484 2611 2523 ex
2656 2469 2910 2533 mortuis,
2950 2484 3074 2524 cum
3116 2468 3299 2525 Mariae
3333 2471 3483 2525 visus
3511 2479 3615 2533 est,

2042 2558 2256 2614 dicebat
2300 2577 2314 2614 :
2362 2577 2382 2611 ι
2418 2558 2566 2615 Vade
2607 2560 2675 2614 ad
2727 2558 2926 2616 fratres
2980 2574 3152 2625 meos,
3209 2568 3264 2615 et
3320 2560 3410 2615 die
3459 2560 3613 2615 illis:

2040 2650 2293 2707 Ascendo
2312 2651 2380 2706 ad
2402 2649 2619 2706 Patrem
2641 2667 2819 2706 meum
2850 2662 2901 2706 et
2926 2650 3139 2707 Patrem
3157 2660 3422 2715 vestrum,
3447 2651 3615 2706 Deum

2040 2759 2223 2799 meum
2256 2752 2310 2800 et
2342 2743 2512 2799 Deum
2543 2753 2786 2799 vestrum
2814 2745 2878 2798 ‘°.
2918 2763 2936 2797 ι
2973 2743 3069 2799 His
3109 2745 3293 2814 itaque
3352 2745 3615 2799 fratribus

2041 2836 2158 2892 suis
2173 2843 2471 2891 extraneus
2502 2834 2682 2891 factus
2709 2845 2795 2892 est
2829 2842 3072 2906 tempore
3094 2836 3367 2905 praedicta:
3402 2837 3615 2906 passio-

2039 2928 2146 2989 nis,
2181 2926 2404 2997 quando
2442 2941 2633 2983 omnes
2674 2926 2934 2997 discipuli
2957 2927 3079 2996 ejus
3112 2926 3304 2981 relicto
3340 2942 3406 2983 eo
3441 2926 3615 2997 fugie-

2040 3017 2191 3082 bant,
2223 3018 2447 3089 ipseque
2499 3018 2808 3090 przecipuus
2867 3019 3241 3090 apostolorum
3298 3016 3492 3073 Petrus
3532 3027 3613 3073 ter

363 3115 555 3187 καιρὸν
574 3114 668 3169 τοῦ
694 3114 1023 3187 δηλουμένου
1048 3112 1272 3178 πάθους,
1296 3112 1384 3166 ὅτε
1410 3111 1609 3176 πάντες
1625 3111 1674 3163 oi
1703 3110 1937 3182 μαθηταὶ

2041 3112 2258 3181 negavit
2283 3125 2431 3166 eum.
2463 3108 2561 3166 His
2611 3110 2933 3181 peregrinus
2981 3118 3035 3165 et
3063 3119 3359 3166 extraneos
3387 3109 3611 3165 effectus

361 3207 527 3261 αὑτοῦ
556 3206 783 3276 ἀφέντες
809 3206 972 3261 αὑτὸν
1014 3206 1242 3275 ἔφευγον
1266 3244 1281 3270 ,
1310 3203 1472 3267 αὑτός
1495 3219 1554 3255 τε
1580 3204 1608 3255 ό
1639 3205 1935 3276 κορυφαῖος

359 3299 469 3355 τῶν
492 3300 801 3355 ἀποστόλων
829 3300 1033 3371 Πέτρος
1057 3301 1330 3372 ἠρνήσατο
1362 3295 1524 3351 αὐτὸν
1564 3296 1765 3369 τρίτον.
1804 3296 1939 3350 Τού-

360 3412 473 3458 τοις
493 3393 642 3461 ξένος
668 3394 760 3448 καὶ
781 3391 1289 3465 ἀπηλλοτριωμένος
1305 3389 1559 3463 ἐγενήθηο
1586 3392 1701 3453 τοῖς
1722 3389 1779 3442 δὲ
1803 3391 1937 3453 υίοῖς

358 3482 461 3553 τῆς
492 3481 695 3554 μητρὸς
723 3481 906 3545 αὑτοῦ,
939 3482 1000 3535 ού
1036 3481 1142 3551 μὴν
1166 3481 1261 3534 xal
1291 3481 1538 3551 ἀδελφοῖς
1566 3476 1712 3534 οὖσιν
1749 3478 1933 3543 αὑτοῦ,

361 3574 509 3641 ξένος
536 3576 746 3644 γέγονε.
805 3574 1093 3645 Μέμνηται
1139 3572 1195 3627 δὲ
1231 3574 1293 3626 τὸ
1320 3572 1649 3643 Εὑαγγέλιον
1693 3571 1937 3642 ἀδελφῶν

360 3664 525 3720 αὐτοῦ
553 3666 648 3719 καὶ
681 3665 904 3738 μητρὸς,
923 3666 1032 3730 ὅτε,
1055 3664 1223 3719 ἐλθὼν
1250 3668 1328 3729 είς
1358 3666 1458 3736 τήν
1488 3664 1721 3735 πατρίδα
1747 3662 1932 3729 αὑτοῦ,

360 3757 636 3811 ἐδίδασκεν
670 3759 728 3811 ἐν
760 3760 826 3829 τῇ
863 3760 1173 3829 συναγωγῇ,
1206 3757 1280 3822 ὡς
1311 3756 1712 3828 ἐκπλήσσεσθαι
1738 3757 1936 3821 αὐτοὺς

359 3850 457 3904 καὶ
482 3849 680 3917 λέγειν·
720 3867 740 3901 ι
772 3848 941 3902 Πόθεν
974 3849 1148 3921 τούτῳ
1182 3851 1216 3920 ή
1249 3848 1408 3918 σοφία
1447 3848 1616 3919 αὖτη;
1647 3849 1757 3918 Ούχ
1782 3842 1934 3910 οὗτός

360 3940 507 3992 ἐστιν
529 3940 557 3990 ό
576 3936 669 3991 τοῦ
699 3936 945 4001 τέκτονος
971 3937 1113 4002 υίός;
1145 3938 1257 4007 υύχ
1281 3939 1315 4009 ή
1357 3938 1541 4009 μήτηρ
1568 3936 1732 3990 αὐτοῦ
1766 3936 1859 3989 καὶ
1884 3937 1932 3988 oi

357 4030 576 4101 ἀδελφοὶ
609 4029 772 4084 αὑτοῦ
802 4030 895 4082 καὶ
914 4031 969 4084 αἱ
1000 4029 1223 4101 ἀδελφαὶ
1236 4028 1399 4082 αὐτοῦ
1428 4030 1596 4081 πᾶσαι
1628 4028 1762 4099 πρὸς
1788 4029 1933 4099 ήμᾶς

357 4124 493 4188 είσι;
522 4123 690 4176 Πόθεν
728 4122 901 4195 τούτῳ
913 4123 1083 4177 ταῦτα
1148 4124 1359 4187 πάντα;
1388 4139 1407 4173 ι
1429 4120 1552 4175 Ἐάν
1577 4119 1674 4190 μὲν
1699 4114 1790 4171 οὖν
1810 4119 1933 4181 τοὺς

358 4216 418 4268 ἐν
455 4213 533 4285 τῷ
577 4214 714 4286 μετά
748 4218 935 4287 χεῖρας
986 4215 1307 4286 λεγομένους
1350 4212 1498 4275 υἱοὺς
1536 4210 1738 4283 μητρὸς
1768 4209 1931 4263 αὑτοῦ

356 4305 578 4369 τούτους
615 4303 752 4359 εἶναι
790 4305 1134 4376 ἐκλάῦοιμεν,
1168 4304 1381 4375 ἀνάγκη
1405 4304 1502 4373 τὴν
1530 4300 1688 4370 ἁγίαν
1720 4298 1931 4371 Παρθέ-

357 4415 447 4452 νον
479 4400 692 4471 μητέρα
713 4400 875 4469 φάναι
912 4397 1190 4467 γεγονέναι
1214 4396 1321 4449 τῶν
1348 4394 1550 4448 λοιπῶν
1573 4391 1813 4462 ἀδελφῶν
1832 4392 1930 4444 αύ-

2039 3208 2143 3257 est.
2181 3199 2338 3258 Filiis
2388 3203 2518 3257 item
2577 3201 2772 3257 matris
2803 3217 2937 3266 suae,
2965 3202 3058 3273 qui
3108 3202 3306 3258 fratres
3361 3203 3447 3258 sui
3498 3216 3609 3258 non

2037 3298 2216 3360 erant,
2247 3292 2564 3364 peregrinus
2611 3290 2735 3347 fuit.
2787 3290 3032 3346 Meminit
3061 3305 3225 3362 porro
3259 3289 3603 3361 Evangelium

2037 3381 2269 3437 fratrum
2322 3389 2375 3437 et
2422 3380 2614 3437 matris
2649 3380 2789 3451 ejus,
2819 3381 2913 3436 ubi
2964 3396 3088 3436 cum
3124 3380 3366 3436 venisset
3413 3381 3467 3434 in
3513 3396 3611 3450 pa-

2036 3473 2193 3528 triam
2225 3487 2404 3537 suam,
2436 3472 2671 3526 docebat
2717 3471 2772 3526 in
2830 3486 3125 3543 synagoga,
3158 3472 3229 3525 ita
3268 3479 3325 3526 ut
3356 3472 3458 3541 ipsi
3492 3479 3611 3526 stu-

2035 3570 2224 3633 perent
2257 3577 2321 3616 ac
2347 3562 2593 3616 dicerent
2624 3581 2637 3617 :
2686 3580 2707 3615 ι
2744 3560 2898 3616 Unde
2954 3562 3081 3616 huic
3129 3562 3397 3632 sapientia
3446 3561 3612 3618 ha'c?

2032 3652 2226 3708 Nonne
2252 3652 2341 3706 hic
2365 3660 2450 3707 est
2475 3652 2613 3706 fabri
2649 3652 2827 3708 illius?
2856 3651 3047 3707 Nonne
3076 3659 3249 3707 mater
3270 3650 3388 3721 ejus
3416 3663 3468 3707 et
3500 3653 3610 3706 fra.

2035 3751 2148 3798 tres
2171 3742 2311 3811 ejus,
2347 3747 2401 3795 et
2428 3756 2648 3796 sorores
2700 3743 2821 3810 ejus
2862 3756 3054 3794 omnes
3096 3740 3239 3810 apud
3288 3757 3389 3796 nos
3438 3741 3609 3797 sunt?

2035 3839 2191 3894 Unde
2227 3838 2356 3892 huic
2407 3837 2521 3892 haac
2559 3838 2742 3892 omnia
2774 3838 2855 3890 “?
2890 3857 2907 3889 ι
2938 3836 2995 3890 Si
3025 3838 3191 3907 igitur
3239 3837 3382 3893 filios
3414 3838 3607 3893 matris

2032 3930 2154 4000 ejus
2185 3930 2241 3985 in
2285 3931 2387 3985 hoc
2445 3931 2653 4000 psalmo
2684 3930 2764 3984 sic
2797 3938 3046 3993 vocatos,
3081 3944 3179 3999 pro
3213 3929 3334 3985 istis
3367 3928 3604 4000 accipia-

2032 4038 2178 4090 mus,
2214 4038 2439 4079 necesse
2468 4030 2551 4077 est
2595 4036 2696 4078 nos
2745 4029 2990 4077 sanctam
3028 4021 3321 4091 Virginem,
3362 4022 3603 4091 reliquo-

2031 4129 2153 4168 rum
2195 4116 2427 4169 fratrum
2471 4114 2587 4184 ejus
2622 4122 2848 4168 matrem
2899 4114 3099 4168 dicere.
3135 4110 3333 4167 Verum
3363 4110 3606 4168 Jacobus

2032 4209 2123 4278 qui
2168 4208 2367 4261 dicitur
2426 4207 2594 4260 frater
2624 4205 2860 4267 Domini,
2892 4220 2997 4259 non
3033 4204 3249 4258 videtur
3282 4204 3603 4275 peregrinus

2031 4302 2132 4371 ipsi
2164 4300 2353 4366 fuisse,
2387 4314 2487 4353 nec
2519 4298 2641 4355 fidei
2671 4298 2725 4351 iu
2767 4298 2942 4367 ipsum
2975 4306 3302 4361 extraneos;
3327 4296 3437 4349 imo
3470 4310 3602 4349 vero

2031 4406 2173 4445 unus
2208 4404 2270 4444 ex
2323 4389 2391 4443 iis
2448 4388 2541 4459 qui
2575 4402 2697 4441 cum
2756 4387 2946 4455 primis
2996 4385 3138 4438 inter
3164 4400 3452 4455 germanos
3480 4384 3602 4453 ejus

355 4490 470 4544 τοῦ.
519 4490 655 4543 Ἀλλ’
683 4492 1023 4561 ἐπιφαίνεται
1062 4488 1311 4551 Ἰάκωϐος
1345 4488 1373 4540 ὁ
1398 4485 1737 4557 χρηματίσας
1760 4482 1921 4535 αὑτοῦ

2039 4481 2327 4549 discipulos
2358 4486 2551 4541 erant;
2587 4478 2660 4531 ita
2686 4483 2742 4530 ul
2780 4477 2894 4545 ipse
2917 4476 3124 4545 primus
3156 4474 3601 4544 Hierosolymita-

355 4580 583 4651 ἀδελφὸς
609 4583 707 4634 οὐκ
731 4581 1139 4651 ἀπεξενωμένος
1155 4577 1318 4631 αὐτοῦ
1341 4577 1598 4646 γεγονὼς,
1626 4574 1744 4627 οὐδὲ
1773 4572 1927 4627 ἀλλό-

354 4690 504 4745 τριος
536 4674 636 4745 τῆς
665 4676 743 4738 εἰς
771 4675 931 4727 αὐτὸν
958 4674 1213 4735 πίστεως,
1239 4666 1319 4733 εἷς
1347 4670 1403 4722 δέ
1428 4669 1534 4722 τῶν
1568 4668 1773 4739 σφόδρα
1791 4684 1924 4737 γνη-

357 4767 487 4818 σίων
524 4766 688 4820 αύτοῦ
723 4765 997 4838 μαθητῶν·
1031 4765 1103 4827 ὡς
1134 4765 1227 4818 καὶ
1246 4764 1335 4815 τὸν
1367 4762 1552 4832 θρόνον
1569 4758 1925 4823 ἀναδέξασθαι

355 4858 573 4928 πρῶτον
595 4859 694 4929 τῆς
719 4861 776 4911 ἐν
809 4858 1198 4929 Ἱεροσολύμοις
1236 4854 1579 4924 Ἐκκλησίας.
1614 4852 1723 4905 Kal
1744 4854 1792 4904 οἱ
1824 4850 1928 4903 λοι-

355 4953 447 5005 ποὶ
472 4951 528 5005 δέ
556 4952 718 5005 αὑτοῦ
752 4952 998 5022 ἀδελφοὶ,
1038 4954 1084 5004 εἰ
1117 4950 1212 5003 καὶ
1241 4947 1312 5004 τά
1339 4948 1569 5019 μάλιστα
1602 4946 1719 4999 κατ’
1752 4943 1924 5015 ἀρχὰς

353 5045 455 5097 οὐκ
482 5045 761 5098 ἐπίστευον
792 5047 871 5108 είς
904 5045 1085 5108 αὑτὸν,
1114 5041 1249 5097 ἀλλά
1280 5040 1416 5112 μετὰ
1446 5039 1618 5091 ταῦτα
1648 5036 1795 5107 δῆλοί
1817 5038 1924 5088 είσι

354 5136 762 5199 πιστεύσαντες.
799 5137 1021 5206 Ἱστορεῖ
1042 5136 1084 5187 δ’
1115 5130 1207 5188 οὖν
1238 5132 1299 5185 τὸ
1334 5129 1680 5199 Εὑαγγέλιον,
1714 5129 1789 5190 ὡς
1817 5128 1923 5198 ἄρα

350 5228 386 5299 ἠ
422 5230 599 5301 μήτηρ
626 5227 790 5283 αὐτοῦ
821 5229 913 5282 καὶ
934 5229 982 5281 οἱ
1012 5226 1227 5296 ἀδελφοὶ
1253 5223 1415 5279 αὐτοῦ
1450 5222 1790 5291 είστήκεισαν
1820 5218 1923 5285 ἔξω

352 5318 641 5390 ζητοῦντες
668 5318 895 5391 λαλῆσαι
917 5318 1085 5389 αὐτῷ.
1111 5317 1221 5371 Kal
1248 5318 1304 5368 ἐν
1330 5317 1450 5375 ταῖς
1478 5312 1713 5381 Πράξεσι
1733 5310 1788 5363 δὲ
1812 5308 1918 5363 τῶν

351 5411 663 5464 ἀποστόλων
685 5410 952 5473 λέλεκται,
986 5408 1059 5472 ὡς
1092 5408 1199 5480 ἀρα
1218 5402 1354 5477 ἦσαν
1381 5405 1429 5457 οἱ
1459 5401 1741 5456 ἀπόστολοι
1767 5401 1916 5471 κοινῇ

351 5500 551 5564 πάντες
580 5498 1110 5573 προσκαρτεροῦντες
1141 5500 1207 5569 τῇ
1242 5496 1513 5568 προσευχῇ
1558 5492 1652 5544 σὺν
1689 5488 1919 5562 Μαριάμ

423 5616 445 5647 ⁸
485 5614 674 5669 Matth.
717 5628 890 5673 xxvii,
930 5613 1114 5668 40-43.
1192 5614 1212 5646 ⁹
1249 5609 1395 5665 Psal.
1439 5622 1554 5670 xxi,
1595 5606 1688 5659 εδ.
1766 5604 1807 5635 ⁸⁵
1845 5602 2003 5658 Joan.
2047 5618 2139 5666 xx,
2184 5602 2269 5657 l7.

352 5685 444 5739 Π.
526 5685 568 5717 ³³
610 5688 731 5739 Act.
771 5700 811 5747 ι,
857 5683 943 5739 14.

428 5778 504 5849 (l)
537 5777 738 5833 Textus
763 5775 1005 5829 vitiatus.

2027 4589 2111 4628 me
2140 4571 2397 4625 Ecclesia:
2427 4569 2682 4623 thronum
2735 4567 3025 4635 acciperet.
3085 4562 3296 4633 lleliqui
3321 4564 3446 4618 item
3479 4563 3603 4632 ejus

2028 4665 2247 4725 fratres,
2279 4662 2381 4716 etsi
2418 4675 2446 4713 a
2474 4657 2741 4729 principio
2776 4672 2883 4710 non
2909 4656 3195 4710 crederent
3230 4656 3284 4708 in
3311 4656 3513 4725 ipsum,
3544 4663 3598 4707 :.t

2025 4766 2234 4813 certum
2286 4760 2369 4809 est
2419 4767 2513 4805 eos
2572 4760 2759 4820 postea
2815 4748 3130 4803 credidisse.
3187 4746 3384 4801 Narrat
3450 4747 3595 4802 enim

2026 4846 2373 4918 Evangelium
2407 4845 2470 4909 ¹²,
2497 4853 2724 4896 matrem
2774 4848 2827 4894 et
2876 4840 3073 4919 fratres
3105 4838 3227 4908 ejus
3278 4838 3423 4893 foras
3480 4847 3595 4894 ste-

2028 4943 2164 4996 tisse
2192 4942 2498 5009 quaarentes
2526 4949 2651 4989 eum
2683 4932 2904 5003 alloqui.
2941 4929 3007 4985 Et
3040 4932 3094 4985 in
3128 4931 3355 4986 Actibus
3381 4939 3597 5000 aposto-

2030 5033 2207 5087 lorum
2244 5029 2286 5061 ¹³
2310 5026 2530 5089 dicitur,
2582 5024 2751 5078 fuisse
2780 5024 3056 5093 apostolos
3092 5038 3200 5075 una
3240 5034 3597 5090 perseveran-

2028 5132 2113 5178 tes
2144 5122 2198 5175 in
2227 5118 2475 5175 oratione
2497 5130 2619 5170 cum
2658 5114 2827 5168 Maria
2857 5122 3029 5170 matre
3053 5115 3175 5185 ejus
3218 5120 3272 5167 et
3330 5110 3591 5165 fratribus

2030 5217 2171 5287 ejus.
2224 5212 2326 5280 Qui
2378 5225 2508 5280 ergo
2544 5208 2888 5264 existimetur
2941 5208 3010 5263 iis
3061 5207 3380 5279 peregrinus
3432 5204 3593 5258 esse?

2023 5304 2219 5360 Nullus
2264 5303 2447 5370 itaque
2494 5298 2649 5353 locus
2700 5307 2945 5367 superest
2996 5307 3056 5351 ut
3089 5297 3155 5350 de
3207 5296 3275 5349 iis
3325 5294 3584 5348 dicatur:

2032 5415 2050 5448 ι
2087 5395 2390 5450 Extraneus
2416 5390 2593 5445 factus
2625 5403 2746 5443 sum
2779 5387 3042 5443 fratribus
3065 5387 3222 5450 meis,
3254 5391 3309 5440 et
3346 5378 3588 5452 peregri-

2026 5505 2129 5543 nus
2163 5488 2288 5540 filiis
2321 5484 2511 5538 matris
2554 5496 2706 5535 meae.
2743 5500 2762 5533 ι
2806 5481 2923 5535 Non
2967 5481 3113 5535 enim
3147 5480 3212 5533 iis
3248 5474 3587 5546 peregrinus.

2360 5601 2399 5630 ¹¹
2444 5594 2629 5652 Matth.
2686 5610 2808 5661 xm,
2866 5592 3053 5651 δαί-56.
3170 5592 3213 5622 ¹¹
3255 5586 3442 5643 Matth.
3484 5598 3585 5653 xxx,
