4068 6528
522 340 625 398 759

1212 336 1481 395 EUSEBII
1517 334 1995 396 CIESARIENSIS
2032 341 2181 397 OPP.
2222 342 2401 398 PARS
2432 340 2515 399 Ill.
2541 373 2610 384 -—
2647 340 3059 400 EXEGETICA.

3666 343 3776 401 τω

520 453 617 510 sed
646 453 875 508 multum
906 454 1181 524 pretiosus
1205 463 1343 519 erat,
1369 456 1443 509 ita
1480 462 1538 509 ut
1562 456 1875 514 nullatenus
1905 458 2086 516 crede-

2195 466 2261 535 τῇ
2298 464 2463 535 μητρὶ
2490 462 2653 516 αὑτοῦ
2678 463 2771 516 καὶ
2793 464 2905 526 τοῖς
2933 461 3177 532 ἀδελφοῖς
3204 456 3390 515 αὐτοῦ.
3424 462 3549 526 Πῶς
3570 459 3664 516 οὖν
3687 462 3777 516 δύ-

516 562 579 601 re
610 545 771 601 liceat
790 556 1122 603 memoratos
1156 546 1356 602 fratres
1377 548 1498 617 ejus
1527 547 1669 605 ﬁlios
1693 550 1875 606 Maria:
1900 551 2090 609 fuisse.

516 638 624 692 Alii
661 652 796 695 sane
826 637 1029 694 fuerint
1056 641 1149 710 qui
1186 641 1239 694 in
1275 640 1486 711 psalmo
1520 640 1615 695 lilii
1653 644 1842 698 matris
1864 642 1984 714 ejus
2012 644 2096 699 di-

517 736 740 794 cuntur,
783 730 1094 801 quibusque
1133 739 1430 788 extraneus
1470 732 1650 787 factus
1680 739 1783 787 est.
1818 731 2094 805 lntelligas

516 836 683 892 porro
706 830 935 878 matrem
964 822 1184 892 quidem
1215 824 1336 893 ejus
1367 841 1490 881 esse
1512 823 1827 879 Iudaeorum
1849 826 2095 897 Synago-

515 930 638 985 gam
689 931 1017 986 omnemque
1070 917 1452 987 cognationem
1502 918 1801 973 secundum
1851 934 2093 984 carnem,

514 1019 706 1058 eorum
754 1005 964 1060 scilicet
1006 1006 1099 1076 qui
1143 1022 1210 1060 ex
1246 1006 1669 1062 circumcisione
1708 1016 1903 1074 erant;
1957 1008 2095 1064 ﬁlios

514 1113 647 1152 vero
670 1097 983 1167 hujusmodi
1008 1098 1223 1163 matris,
1257 1114 1352 1155 eos
1386 1101 1478 1169 qui
1508 1099 1687 1169 ipsum
1723 1100 2092 1169 abnegarunt,

515 1203 581 1241 ac
609 1188 867 1243 dixerunt
906 1207 919 1243 :
960 1207 977 1239 ι
1022 1189 1180 1244 Hunc
1205 1198 1387 1245 autem
1417 1191 1697 1247 nescimus
1721 1190 1864 1246 unde
1891 1192 1961 1247 sit
1993 1192 2089 1248 “.r

514 1278 660 1345 ldeo,
698 1295 821 1335 cum
859 1281 1010 1335 illum
1064 1282 1411 1353 peregrinum
1452 1283 1853 1343 existimarent,
1878 1284 2095 1339 dicebat

512 1370 594 1424 eis
625 1390 638 1425 :
676 1388 695 1422 ι
733 1371 843 1425 Cur
863 1373 1133 1442 loquelam
1184 1390 1357 1429 meam
1400 1389 1510 1429 non
1538 1376 1761 1429 nostis?
1801 1376 1932 1446 quia
1984 1393 2095 1431 non

511 1462 745 1531 potestis
794 1464 986 1519 audire
1016 1480 1325 1521 sermonem
1372 1483 1554 1521 meum
1583 1469 1649 1521 ³⁸.
1687 1488 1704 1520 ι
1742 1468 2094 1540 Peregrinum

510 1554 677 1608 etiam
714 1554 865 1609 illum
898 1558 1159 1626 putabant
1188 1573 1313 1612 cum
1346 1559 1591 1614 dicerent
1626 1579 1639 1615 :
1678 1579 1697 1611 ι
1735 1559 1927 1616 Nonne
1960 1561 2096 1617 bene

510 1642 746 1700 dicimus
773 1662 894 1711 nos,
918 1648 1048 1718 quia
1079 1646 1461 1705 Samaritanus
1489 1667 1548 1707 es
1588 1660 1665 1715 tu,
1685 1660 1738 1707 et
1767 1652 2094 1709 daemonium

510 1737 681 1793 habes
713 1739 795 1791 “?
836 1758 854 1791 ι
891 1740 1074 1806 Quare
1102 1741 1322 1796 dicebat
1355 1745 1436 1798 eis
1469 1763 1482 1799 :
1522 1763 1540 1796 ι
1582 1743 1696 1816 Ego
1720 1748 1843 1802 veni
1894 1748 1949 1802 in
1992 1764 2095 1803 no-

2194 571 2350 607 ναται
2376 554 2582 618 τούτοις
2610 551 2756 618 ξένος
2782 548 2919 605 εἰναι
2952 551 3259 623 νομίζεσθαι
3280 554 3471 618 ;”Ωστε
3500 554 3574 625 μὴ
3594 553 3777 626 χώραν

2196 643 2339 713 ἔχειν
2380 643 2509 715 περί
2549 641 2752 695 τούτων
2783 641 3035 711 λέγεσθαι
3066 641 3147 708 τὸ,
3180 661 3198 694 ι
3242 644 3779 715 Ἀπηλλοτριωμένος

2195 735 2458 807 ἐγενήθην
2489 737 2603 798 τοῖς
2626 734 2875 803 ἀδελφοῖς
2904 751 3003 805 μου
3030 773 3044 798 ,
3075 735 3169 787 καί⁵
3195 734 3342 801 ξένος
3373 738 3487 800 τοῖς
3515 737 3651 800 υἱοῖς
3676 737 3779 807 τῆς

2199 828 2402 899 μητρός
2428 844 2549 897 μου.
2592 845 2613 879 ι
2636 827 2708 880 Οὐ
2740 826 2849 897 γὰρ
2875 822 2943 899 ἧν
2966 828 3169 881 τούτων
3189 828 3355 895 ξένος,
3370 828 3506 883 ἀλλά
3520 832 3614 881 καὶ
3640 831 3780 898 ἄγαν

2194 917 2392 988 τίμιος⁸
2424 916 2500 980 ὼς
2524 916 2716 987 μηκέτι
2737 916 2863 980 τοὺς
2888 916 3283 988 προλεχθέντας
3318 918 3481 972 αὑτοῦ
3517 918 3781 989 ἀδελφοὺς

2195 1010 2345 1073 υἱοὺς
2389 1004 2525 1063 εἶναι
2570 1010 2667 1081 τῆς
2708 1008 2924 1080 Μαρίας
2962 1010 3234 1080 ἡγεῖσθαι,
3265 1009 3442 1081 ἐτεροι
3482 1010 3527 1063 δ’
3563 1010 3630 1064 ἂν
3667 1006 3778 1063 εἷεν

2196 1101 2347 1173 παρὰ
2373 1102 2595 1181 τούτους
2627 1101 2691 1181 οίῗ
2714 1099 2802 1154 διὰ
2834 1099 2928 1153 τοῦ
2960 1100 3174 1170 ψαλμοῦ
3224 1100 3505 1171 λεγόμενοι
3538 1102 3642 1154 υἱοὶ
3677 1102 3779 1174 τῆς

2200 1186 2406 1257 μητρὸς
2429 1180 2616 1250 αὑτοῦ,
2649 1180 2731 1248 οἷς
2761 1184 2906 1249 ξένος
2924 1185 3178 1258 ἐγενήθη.
3205 1186 3438 1257 Νοήσεις
3469 1186 3525 1240 δὲ
3562 1189 3780 1259 μητέρα

2200 1278 2298 1347 μὲν
2326 1277 2425 1349 τὴν
2449 1276 2555 1329 τῶν
2579 1275 2846 1328 Ἰουδαίων
2867 1276 3195 1347 Συναγωγὴν
3212 1278 3304 1330 καὶ
3321 1279 3500 1330 πᾶσαν
3520 1278 3617 1349 τὴν
3639 1280 3782 1334 κατά

2200 1371 2377 1441 σάρκα
2411 1369 2723 1438 συγγένειαν
2759 1367 2866 1419 τῶν
2901 1369 2966 1421 ἐκ
3004 1368 3307 1439 περιτομῆς
3337 1386 3350 1399 ·
3385 1370 3531 1433 υἰοὺς
3573 1370 3631 1423 δὲ
3678 1372 3780 1442 τῆς

2196 1461 2449 1533 τοιαύτης
2482 1460 2683 1532 μητρὸς
2706 1462 2831 1524 τοὺς
2875 1462 3281 1533 ἀρνησαμένους
3301 1462 3481 1525 αὑτὸν,
3511 1464 3605 1515 καὶ
3627 1464 3782 1535 εἰρη-

2197 1554 2390 1617 κότας’
2432 1571 2449 1604 ι
2475 1552 2673 1606 Τοῦτον
2698 1551 2755 1604 δὲ
2793 1553 2894 1604 οὐκ
2937 1550 3153 1620 οἴδαμεν
3216 1549 3378 1603 πόθεν
3418 1552 3595 1603 ἐστίν’
3628 1572 3648 1603 ι
3684 1553 3783 1605 Διὸ

2197 1647 2378 1717 ἔλεγεν
2414 1647 2627 1711 αὐτοῖς,
2664 1645 2848 1717 ἐπειδὴ
2879 1644 3027 1712 ξένον
3058 1643 3218 1697 αὑτὸν
3250 1642 3517 1715 ἐνόμιζον·
3559 1664 3577 1696 ι
3601 1645 3700 1698 Διά
3721 1644 3781 1698 τί

2196 1740 2293 1812 τὴν
2318 1739 2505 1793 λαλιὰν
2546 1739 2643 1810 τὴν
2686 1738 2825 1809 ἐμὴν
2863 1737 2923 1789 ού
2960 1735 3291 1805 γινώσκετε;
3336 1737 3418 1790 ὅτι
3454 1737 3514 1789 οὐ
3544 1736 3777 1791 δύνασθε

509 1829 660 1885 mine
690 1830 869 1886 Patris
904 1833 1031 1896 mei,
1062 1846 1115 1887 et
1146 1850 1251 1887 non
1288 1836 1540 1905 accipitis
1585 1852 1709 1903 me;
1740 1837 1788 1892 si
1826 1838 1966 1893 alius
1998 1854 2086 1894 ve-

2198 1834 2413 1887 ἀκούειν
2445 1834 2535 1887 τὸν
2573 1833 2729 1900 λόγον
2756 1832 2847 1885 τὸν
2887 1831 3037 1901 ἐμόν.
3069 1850 3088 1882 ›
3125 1827 3284 1883 Ξένον
3315 1829 3372 1882 δὲ
3404 1830 3567 1883 αὑτὸν
3613 1830 3779 1883 πάλιν

510 1922 654 1976 nerit
687 1922 739 1975 in
777 1922 999 1976 nomine
1027 1924 1272 1993 proprio,
1302 1925 1481 1994 ipsum
1518 1925 1802 1995 accipietis
1840 1928 1904 1979 ".
1948 1946 1966 1979 ι
2002 1926 2095 1983 Sic

507 2012 678 2083 igitur
715 2014 1043 2084 peregrinus
1075 2023 1131 2069 et
1159 2025 1454 2073 extraneus
1481 2017 1659 2073 factus
1688 2026 1776 2075 est
1822 2020 1951 2074 ﬁliis
1982 2035 2098 2073 ma-

508 2106 612 2162 tris
639 2122 772 2162 suae.
802 2106 927 2162 Hmc
965 2123 1130 2178 porro
1168 2110 1353 2164 omnia
1391 2111 1657 2167 sustinuit
1699 2112 1769 2167 ob
1797 2128 1940 2179 eam,
1975 2128 2096 2184 quae

507 2212 634 2251 mox
662 2198 909 2265 aﬁertur,
944 2214 1191 2265 causam,
1215 2218 1379 2273 quam
1407 2208 1724 2261 necessario
1762 2207 1957 2278 aperit,
2012 2208 2096 2262 di-

507 2303 639 2343 cens
666 2308 681 2344 2

2196 1926 2425 1998 ἡγοῦντο
2455 1924 2722 1994 λέγοντες·
2761 1941 2778 1973 ι
2804 1923 2878 1976 Οὺ
2911 1921 3090 1984 καλῶς
3114 1924 3276 1993 ἡμεῖς
3300 1920 3528 1991 λέγομεν
3560 1922 3643 1975 ὅτι
3669 1922 3778 1975 Σα-

2202 2019 2462 2090 μαρείτης
2479 2013 2527 2069 εἰ
2552 2017 2636 2078 σὺ,
2670 2015 2764 2069 καὶ
2784 2014 3056 2085 δαιμόνιον
3082 2013 3255 2083 ἔχεις;
3288 2032 3306 2064 ι
3334 2014 3424 2066 Διὸ
3456 2013 3606 2081 ἐλεγε
3638 2014 3780 2086 πρὸς

2198 2110 2412 2173 αὐτούς·
2439 2129 2457 2161 ι
2482 2108 2624 2178 Ἐγὼ
2646 2106 2876 2178 ἐλήλυθα
2896 2105 3041 2176 ἐντῷ
3057 2106 3281 2175 ὀνόματι
3302 2104 3395 2158 τοῦ
3414 2106 3626 2177 Πατρός
3650 2124 3778 2177 μου,

2200 2206 2293 2259 καὶ
2325 2206 2385 2257 ού
2419 2200 2724 2273 λαμϐάνετέ
2767 2214 2865 2270 με’
2891 2198 2985 2251 ἐὰν
3013 2197 3169 2261 ἀλλος
3194 2198 3321 2268 ἔλθῃ
3360 2199 3416 2250 ἐν
3447 2198 3527 2269 τῷ
3554 2199 3780 2270 ὀνόματι

2199 2297 2278 2367 τῷ
2298 2296 2433 2366 ἰδίῳ,
2462 2296 2666 2349 ἐκεῖνον
2686 2288 2941 2361 λήψεσθε.
2965 2308 2981 2339 ι
3005 2288 3161 2342 Οὕτω
3183 2288 3363 2341 τοίνυν
3393 2288 3540 2353 ξένος
3570 2290 3667 2343 καὶ
3686 2290 3782 2343 ἀλ-

505 2377 715 2452 λότριος
742 2381 931 2451 γέγονε
958 2387 1071 2448 τοῖς
1102 2386 1237 2450 υἱοῖς
1261 2385 1359 2458 τῆς
1383 2388 1589 2461 μητρὸς
1613 2390 1799 2445 αὐτοῦ.
1828 2391 2087 2447 Ταῦταδέ
2124 2393 2302 2447 πάντα
2324 2390 2583 2461 ὑπέμεινε
2600 2385 2687 2441 διὰ
2713 2385 2812 2457 τὴν
2840 2382 3236 2453 ἐπιλεγομένην
3287 2382 3488 2445 αἰτίαν,
3532 2386 3597 2455 ἣν
3612 2385 3780 2451 ἀναγ-

505 2472 678 2536 καίως
700 2474 995 2549 παρίστησι
1023 2476 1220 2546 λέγων’

576 2589 742 2646 νιιιε.
774 2592 958 2648 10-15.
1000 2610 1018 2644 ι
1059 2593 1327 2659 Quoniam
1368 2592 1519 2648 zelus
1564 2592 1761 2650 domus
1796 2602 1902 2651 tuae
1932 2611 2085 2651 com-

504 2684 618 2741 edit
647 2701 754 2750 me,
806 2692 860 2741 et
901 2686 1198 2757 opprobria
1237 2686 1690 2757 exprobrantium
1733 2686 1836 2741 tibi
1881 2688 2087 2743 cecide-

504 2786 634 2831 runt
664 2794 828 2848 super
860 2794 967 2833 me.
1013 2799 1032 2831 ι
1081 2779 1219 2845 Quia
1250 2779 1396 2834 enim
1447 2779 1618 2833 multa
1671 2795 1807 2834 usus
1866 2779 2085 2845 ﬁducia,

502 2886 599 2926 eos
628 2871 723 2941 qui
746 2872 965 2926 domum
999 2870 1179 2927 Patris
1209 2873 1316 2936 sui,
1353 2872 1578 2928 domum
1617 2872 2005 2944 negotiationis
2034 2882 2089 2929 et

502 2965 820 3035 speluncam
846 2966 1121 3020 latronum
1151 2965 1445 3032 faciebant,
1471 2968 1805 3038 coarguebat
1829 2974 1885 3023 et
1914 2968 2085 3039 pelle-

500 3057 625 3122 bat,
654 3057 779 3113 ideo
807 3057 1212 3113 insidiabantur
1233 3059 1358 3130 ipsi.
1395 3058 1552 3125 Quod
1575 3059 1816 3116 declarat
1844 3076 2079 3133 evange-

2267 2613 2287 2646 ι
2328 2595 2449 2648 Ὀτι
2479 2594 2506 2647 ό
2548 2591 2708 2665 ζῆλος
2753 2590 2848 2645 τοῦ
2876 2592 3029 2646 οἴκου
3086 2611 3183 2647 σου
3216 2594 3497 2664 κατέφαγέ
3551 2611 3652 2665 με,
3683 2594 3783 2648 καὶ

2189 2686 2242 2739 οἰ
2298 2683 2590 2754 ὀνειδισμοὶ
2634 2683 2743 2737 τῶν
2811 2683 3174 2748 ὀνειδιζόντων
3242 2703 3301 2739 σε
3362 2687 3639 2741 ἐπέπεσαν
3689 2671 3777 2742 ἐπ’

2192 2775 2313 2846 ἐμέ.
2359 2792 2378 2826 ι
2437 2772 2655 2845 Ἐπειδὴ
2701 2772 2842 2844 γὰρ,
2907 2774 3075 2846 πολλῇ
3134 2776 3418 2849 παρρησίᾳ
3474 2776 3776 2851 χρώμενος,

2192 2867 2319 2930 τοὺς
2360 2866 2449 2920 τὸν
2491 2862 2639 2920 οἶκον
2691 2866 2786 2920 τοῦ
2844 2868 3057 2940 Πατρὸς
3096 2868 3260 2922 αὐτοῦ
3299 2865 3448 2923 οἰκον
3508 2871 3776 2942 ἐμπορίου

2190 2961 2283 3013 καὶ
2356 2960 2619 3032 σπήλαιον
2678 2960 2891 3033 λῃστῶν
2964 2961 3255 3026 ποιοῦντας
3307 2962 3505 3035 ῆλεγχέ
3564 2980 3625 3016 τε
3685 2963 3783 3018 καὶ

2190 3053 2406 3128 ᾖλαυνε,
2440 3053 2630 3107 τούτου
2658 3053 2817 3126 χάριν
2874 3053 3229 3107 ἐπεϐούλευον
3272 3055 3439 3128 αὐτῷ·
3477 3056 3505 3109 δ
3542 3055 3606 3126 δὴ
3638 3072 3779 3127 παρ-

500 3120 647 3212 lista,
675 3150 899 3205 dicens:
938 3169 957 3201 ι
996 3149 1062 3204 Et
1099 3120 1273 3221 prope
1306 3120 1441 3207 erat.
1475 3150 1688 3207 Pascha
1738 3120 2076 3219 Judaeoruvm,

2189 3120 2396 3220 ἰστησιν
2412 3148 2440 3200 ό
2456 3120 3043 3219 εὐαγγελιστὴςείπών·
3068 3168 3086 3202 ι
3106 3148 3215 3204 Καὶ
3230 3145 3299 3223 ῆν
3320 3120 3486 3219 ἐγγὺς
3500 3150 3561 3203 τὸ
3581 3120 3780 3221 ίΙάσχα

499 3250 554 3295 et
578 3223 826 3295 ascendit
855 3237 1015 3295 Jesus
1056 3236 1453 3311 Jerosolymam
1484 3260 1500 3295 :
1535 3248 1591 3295 et
1624 3240 1831 3296 invenit
1859 3240 1915 3295 in
1948 3247 2087 3295 tem-

500 3333 592 3403 plo
623 3331 921 3388 vendentes
976 3347 1106 3388 oves
1150 3340 1205 3387 et
1255 3333 1445 3396 boves,
1486 3339 1542 3388 et
1589 3333 2085 3388 nummulariorum

500 3422 692 3479 effudit
738 3441 814 3481 tes
862 3432 917 3481 et
966 3440 1209 3481 mensas.
1244 3423 1312 3479 Et
1337 3425 1407 3481 iis
1431 3425 1525 3496 qui
1568 3426 1856 3483 columbas
1885 3425 2087 3482 vende-

501 3515 635 3571 bant
679 3516 857 3572 dixit:
890 3515 1115 3573 Auferte
1169 3517 1276 3573 ista
1340 3517 1491 3579 hinc,
1557 3524 1613 3572 et
1674 3518 1847 3573 nolite
1906 3517 2089 3573 facere

500 3608 723 3664 domum
751 3609 930 3666 Patris
958 3609 1087 3675 mei,
1136 3609 1339 3665 donum
1381 3609 1769 3681 negotiationis
1800 3611 1865 3666 ¹⁸.
1908 3629 1927 3663 ›
1955 3610 2088 3677 Qui-

500 3699 608 3756 bus
659 3700 993 3771 subjungit:
1047 3718 1066 3753 (
1128 3700 1419 3757 Recordati
1461 3710 1590 3757 sunt
1642 3702 1897 3773 discipuli
1945 3703 2085 3773 ejus,

500 3792 630 3863 quia
698 3794 965 3865 scriptum
1027 3805 1168 3850 est:
1222 3793 1383 3850 Zelus
1434 3795 1631 3852 domus
1700 3804 1805 3851 tuae
1850 3796 2089 3852 comedit

499 3886 670 3940 me".
699 3904 716 3937 ι
738 3884 844 3941 Sed
889 3887 1056 3942 etiam
1087 3887 1378 3957 opprobria
1412 3888 1858 3958 exprobrantium
1890 3887 2000 3944 Deo
2032 3890 2089 3944 in

499 3993 560 4034 se
602 3980 894 4049 recipiens,
926 3995 1119 4035 eorum
1177 3982 1323 4037 ultor
1353 3980 1494 4035 fuit:
1542 3982 1899 4051 quamobrem
1946 3982 2091 4039 dice-

500 4070 594 4124 bat
622 4088 636 4125 :
664 4089 683 4123 ι
707 4070 773 4125 Et
803 4072 1096 4142 opprobria
1141 4072 1587 4143 exprobrantium
1634 4071 1729 4127 tibi
1771 4072 2089 4128 ceciderunt

499 4178 664 4233 super
692 4179 798 4219 me.
840 4184 860 4216 ι
894 4163 1015 4219 Non
1042 4163 1221 4221 ferens
1252 4165 1398 4221 enim
1429 4181 1527 4221 eos
1560 4166 1653 4237 qui
1679 4166 1940 4235 operibus
1970 4165 2088 4222 suis

501 4256 859 4329 opprobrium
888 4256 1171 4328 religionis
1202 4257 1412 4329 legibus
1440 4257 1772 4322 inferebant,
1810 4257 2088 4329 principes

500 4350 678 4422 gentis
708 4349 1059 4421 coarguebat.
1092 4348 1275 4416 Quare
1304 4349 1497 4406 turbas
1530 4356 1585 4405 et
1624 4348 1928 4419 discipulos
1956 4362 2088 4405 suos

2184 3238 2292 3291 τῶν
2336 3236 2624 3301 Ἰουδαίων,
2656 3238 2750 3293 καὶ
2781 3238 2948 3310 ἀνέϐη
2977 3239 3005 3291 ό
3048 3238 3255 3312 Ἰησοῦς
3284 3241 3364 3305 εἰς
3405 3240 3771 3313 Ἱεροσόλυμα·

2187 3330 2279 3384 καὶ
2308 3346 2467 3402 ευρεν
2505 3332 2562 3383 ἐν
2590 3329 2667 3400 τῷ
2698 3330 2829 3402 ἰερῷ
2861 3331 3175 3396 πωλοῦντας
3212 3332 3460 3404 πρόϐατα
3492 3334 3585 3386 καὶ
3622 3332 3776 3403 βόας‹

2188 3424 2283 3476 καὶ
2309 3422 2418 3475 τῶν
2453 3422 2815 3477 κολλυϐιστῶν
2837 3422 3017 3494 ἐξέχεε
3033 3425 3099 3477 τὰ
3123 3425 3370 3496 κέρματα
3397 3425 3491 3478 καὶ
3514 3425 3614 3489 τὰς
3640 3443 3773 3497 τρα-

2188 3512 2377 3579 πέζας.
2398 3516 2507 3568 Καὶ
2520 3517 2633 3579 τοῖς
2654 3515 2751 3579 τὰς
2769 3533 2993 3587 περιστε
3003 3515 3099 3588 ράς
3125 3517 3395 3570 πωλοῦσιν
3411 3515 3583 3571 εἰπενε
3612 3520 3777 3589 ’Δρα-

2186 3624 2245 3660 τε
2274 3606 2447 3660 ταῦτα
2481 3607 2750 3673 ἐντεῦθεν,
2776 3608 2870 3662 καὶ
2907 3607 2983 3680 μὴ
3015 3612 3217 3662 ποιεῖτε
3246 3609 3334 3663 τὸν
3363 3606 3508 3663 οἷκον
3540 3609 3634 3662 τοῦ
3664 3610 3774 3663 Πα-

2187 3698 2313 3771 τρός
2329 3716 2429 3769 μου
2452 3695 2597 3752 οἷκον
2617 3699 2879 3771 ἐμπορίου
2900 3715 2913 3727 ·
2942 3718 2959 3750 ι
2991 3699 3252 3768 ἐπιλέγει’
3282 3720 3299 3751 ι
3325 3701 3706 3772 Ἐμνήσθησαν
3726 3702 3773 3752 οἱ

2192 3790 2431 3862 μαθηταὶ
2456 3789 2642 3855 αὐτοῦ,
2671 3792 2752 3845 ὃτι
2784 3793 3171 3865 γεγραμμένον
3200 3793 3367 3846 ἐστίν·
3399 3793 3457 3847 Ὀ
3486 3792 3650 3864 ζῆλος
3679 3792 3775 3846 τοῦ

2188 3884 2338 3937 οἴκου
2375 3901 2467 3937 σου
2490 3883 2769 3954 κατέφαγέ
2796 3902 2884 3956 με.
2917 3904 2936 3938 ι
2982 3884 3143 3939 Ἀλλά
3173 3884 3411 3949 καὶτοὺς
3437 3884 3773 3956 ὀνειδισμοὺς

2188 3975 2296 4029 τῶν
2322 3976 2689 4041 ὀνειδιζόντων
2723 3976 2813 4030 τὸν
2852 3976 2983 4030 Θεὸν
3012 3979 3091 4041 εἰς
3122 3977 3312 4031 ἐαυτὸν
3349 3976 3771 4048 ἀναλαμϐάνων,

2189 4066 2399 4133 ἔκδικος
2432 4070 2647 4137 ἐγένετο
2672 4068 2894 4123 τούτων·
2912 4069 2991 4122 διὸ
3006 4069 3179 4139 έλεγε-
3211 4088 3229 4122 ι
3253 4071 3363 4124 Καὶ
3389 4071 3440 4123 οἰ
3472 4070 3771 4141 ὀνειδισμοὶ
3800 4132 3807 4139 ο

2188 4161 2296 4214 τῶν
2323 4162 2687 4227 ὀνειδιζόντων
2727 4178 2787 4214 σε
2821 4162 3095 4216 ἐπέπεσαν
3116 4160 3207 4215 ἐπ’
3230 4162 3351 4235 ἐμέ.
3386 4181 3405 4216 ι
3436 4163 3511 4216 Ού
3541 4162 3652 4235 γάρ
3678 4162 3772 4231 φέ-

2194 4275 2299 4329 ρων
2319 4258 2443 4321 τοὺς
2468 4256 2557 4311 διὰ
2590 4256 2699 4310 τῶν
2726 4256 2942 4312 οἰκείων
2965 4258 3143 4332 ἔργων
3174 4258 3375 4322 δνειδος
3408 4258 3771 4330 προστρίϐον-

2190 4348 2385 4421 ταςτῷ
2414 4349 2513 4421 τῆς
2547 4349 2852 4416 θεοσεϐείας
2890 4351 3060 4423 νόμῳ,
3093 4350 3222 4415 τοὺς
3258 4348 3511 4421 ἐλέγχους
3533 4351 3776 4404 ἐποιεῖτο

498 4440 916 4505 cohortabatur,
957 4440 1147 4497 dicens
1182 4459 1195 4496 :
1232 4458 1251 4493 ι
1295 4439 1475 4513 Super
1523 4440 1840 4496 cathedram
1883 4438 2085 4512 Moysis

2189 4440 2331 4496 κατὰ
2344 4442 2451 4497 τῶν
2481 4442 2758 4513 ἀρχόντων
2781 4441 2874 4497 τοῦ
2891 4442 3095 4508 ἔθνους.
3120 4441 3211 4496 Διὸ
3225 4445 3335 4507 τοῖς
3350 4442 3527 4513 ὄχλοις
3549 4443 3641 4496 καὶ
3656 4445 3775 4507 τοῖς

500 4533 759 4589 sederunt
788 4530 996 4587 Scribat
1019 4538 1074 4587 et
1105 4529 1368 4588 Pharisaei
1403 4550 1419 4588 :
1450 4531 1635 4586 omnia
1663 4546 1794 4602 ergo
1813 4545 2075 4601 qurecuno

497 4641 606 4697 que
629 4623 868 4679 dixerint
898 4622 1059 4679 vobis
1094 4622 1257 4677 facite
1290 4630 1344 4678 et
1370 4629 1604 4689 servate,
1622 4621 1923 4677 secundum
1946 4636 2077 4693 ope-

496 4738 560 4777 ra
584 4729 766 4776 autem
796 4734 988 4776 eorum
1019 4719 1191 4774 nolite
1225 4717 1425 4776 facere.
1462 4716 1663 4773 Dicunt
1689 4718 1857 4785 enim,
1882 4725 1937 4773 et
1966 4732 2075 4772 non

497 4812 707 4871 faciunt
729 4811 798 4865 '°.
851 4832 870 4864 ι
918 4808 1125 4867 Deinde
1169 4825 1299 4867 vero
1336 4825 1574 4883 arguens
1622 4809 1738 4865 haec
1773 4808 1830 4864 in
1885 4822 2075 4864 eorum

496 4916 786 4974 personam
816 4899 1128 4972 proferebat
1161 4917 1176 4954 :
1209 4918 1229 4953 ι
1272 4900 1367 4956 Va:
1385 4901 1567 4967 vobis,
1599 4900 1809 4956 Scriba:
1849 4907 1903 4955 et
1932 4898 2076 4954 Pha-

494 4993 637 5051 risaei
667 4992 986 5063 hypocrita),
1017 4993 1147 5063 quia
1170 4992 1427 5050 clauditis
1460 5010 1690 5066 regnum
1719 4994 1988 5049 caelorum
2015 4992 2073 5046 in

494 5093 792 5155 conspectu
824 5085 1104 5140 hominum
1134 5086 1218 5154 ἰς
1259 5105 1279 5139 ι
1318 5101 1383 5142 ac
1411 5102 1632 5143 rursum
1666 5104 1679 5141 :
1722 5104 1741 5138 ι
1778 5084 1872 5140 Va:
1892 5084 2071 5149 vobis,

494 5177 701 5233 Scriba:
754 5184 810 5233 et
865 5175 1148 5243 Pharisaei,
1176 5177 1307 5248 quia
1358 5178 1563 5234 similes
1620 5177 1756 5234 estis
1801 5176 2067 5247 sepulcris

488 5269 763 5329 dealbatis
792 5271 858 5323 ".
899 5289 917 5322 ι
950 5268 1033 5325 Ob
1070 5271 1211 5326 tales
1244 5260 1431 5341 itaque
1478 5272 1876 5340 correptiones,
1938 5266 2071 5323 insi-

490 5362 611 5419 dias
658 5363 765 5434 ipsi
802 5371 1089 5434 pararunt.
1148 5362 1493 5434 Quapropter
1530 5362 1621 5417 hic
1673 5363 1748 5416 ait
1780 5381 1793 5417 :
1831 5380 1851 5414 ι
1906 5359 2069 5416 Zelus

487 5457 685 5511 domus
713 5464 819 5511 tua:
837 5455 1073 5511 comedit
1092 5470 1201 5520 me,
1224 5464 1277 5511 et
1297 5454 1591 5526 approbria
1617 5453 2068 5523 exprobrantium

488 5551 588 5611 tibi
623 5551 942 5608 ceciderunt
970 5564 1137 5620 super
1158 5563 1264 5603 me.
1291 5546 1357 5601 Et
1385 5546 1581 5618 aperui
1606 5546 1661 5600 in
1706 5545 1919 5616 jejunio
1948 5543 2070 5598 ani-

562 5709 606 5740 “
642 5706 797 5763 Joan.
843 5722 919 5769 Ix,
958 5706 1050 5761 29.
1128 5706 1169 5737 "
1207 5703 1363 5759 Joan.
1406 5717 1525 5766 vni,
1564 5702 1655 5756 43.
1733 5701 1779 5732 ⁸⁸
1820 5699 1951 5754 ibid.
1992 5697 2083 5754 ιε.

2189 5699 2202 5731 '
2240 5696 2398 5753 Joan.
2442 5715 2496 5766 v,
2540 5698 2627 5754 45.

488 5779 747 5834 "Matth.
794 5792 952 5843 xxm,
991 5777 1046 5841 2,
1088 5776 1140 5830 5.
1218 5778 1257 5807 ’³
1301 5774 1431 5830 ibid.
1466 5774 1517 5828 3.
1596 5774 1641 5803 “
1682 5770 1815 5827 ibid.
1865 5769 1954 5823 ‘27.

2187 4533 2457 4606 μαθηταῖς
2480 4534 2645 4589 αὑτοῦ
2679 4532 3117 4608 παρῄνειλέγων·
3155 4554 3173 4589 ι
3219 4534 3340 4589 Ἐπὶ
3363 4534 3465 4606 τῆς
3496 4535 3767 4606 καθέδρας

2181 4626 2459 4690 Μωῦσέως
2494 4626 2753 4683 ἐκάθισαν
2784 4630 2834 4681 οἰ
2863 4628 3214 4700 Γραμματεῖς
3239 4628 3333 4681 καὶ
3371 4628 3421 4681 οί
3448 4628 3766 4698 Φαρισαῖον

2181 4716 2359 4771 πάντα
2384 4714 2478 4772 οῦν
2497 4719 2597 4776 ὅσα
2619 4718 2686 4773 ἃν
2718 4718 2946 4773 εῐπωσιν
2969 4720 3099 4791 ὑμῖν
3132 4720 3391 4791 ποιήσατε
3407 4718 3500 4773 καὶ
3524 4721 3763 4791 τηρεῖτεο

2181 4809 2323 4864 κατά
2351 4809 2408 4863 δὲ
2440 4810 2509 4864 τά
2532 4809 2669 4883 ἔργα
2697 4810 2876 4865 αὐτῶν
2912 4811 2988 4883 μὴ
3016 4808 3239 4865 ποιεῖτε.
3266 4810 3502 4880 Λέγουσι
3528 4811 3639 4883 γὰρ
3673 4809 3767 4863 καὶ

2180 4905 2242 4957 οὐ
2272 4903 2537 4959 ποιοῦσιν.
2571 4923 2589 4957 ι
2621 4899 2877 4977 Εἶθ’ἐξῆς
2903 4905 3219 4977 ἀπελέγχων
3246 4906 3442 4969 αὐτοὺς
3470 4908 3551 4970 εἰς
3583 4904 3763 4960 αὐτῶν

2180 4997 2468 5069 πρόσωπον
2501 4997 2707 5067 ἐλεγενο
2730 5019 2748 5052 ι
2773 4998 2909 5053 0ύαί
2938 5000 3087 5069 ὑμῖν,
3105 4998 3456 5073 Γραμματεῖς
3473 5000 3569 5054 καὶ
3598 5002 3763 5071 Φαρι-

2182 5094 2320 5145 σαῖοι
2356 5092 2672 5165 ὑποκριταὶ,
2703 5093 2783 5146 ὅτι
2805 5093 3014 5147 κλείετε
3037 5092 3136 5165 τὴν
3160 5091 3436 5164 βασιλείαν
3459 5092 3569 5146 τῶν
3598 5090 3760 5164 οὖρα-

2177 5181 2283 5234 νῶν
2313 5180 2622 5255 ἔμπροσθεν
2655 5182 2764 5235 τῶν
2800 5182 3132 5254 ἀνθρώπων·
3173 5203 3191 5237 ι
3237 5183 3333 5236 καί⁵
3369 5181 3548 5237 πάλιν·
3584 5200 3602 5232 ι
3625 5181 3759 5235 0ύαί

2170 5270 2321 5341 ὑμῖν,
2355 5274 2705 5343 γραμματεῖς
2743 5272 2835 5325 καὶ
2871 5274 3184 5345 Φαρισαῖοι,
3235 5267 3317 5325 ὅτι
3357 5270 3758 5344 παρομοιάζετε

2169 5362 2360 5431 τάφοις
2411 5362 2830 5433 κεκονιαμένοις.
2864 5382 2882 5415 ι
2922 5362 3041 5417 Τῶν
3084 5362 3218 5433 γοῦν
3249 5362 3501 5416 τοιούτων
3522 5361 3759 5431 ἐλέγχων

2173 5452 2335 5507 ἐνεκα
2353 5453 2450 5525 τὴν
2467 5452 2754 5526 ἐπιϐουλὴν
2773 5454 2921 5525 αὑτῷ
2948 5454 3422 5509 συνεσκευάσαντο.
3455 5454 3654 5525 Διόπερ
3675 5455 3758 5505 ὲν-

2174 5542 2348 5597 ταῦθά
2365 5560 2548 5615 φησιν’
2584 5562 2601 5595 ι
2626 5545 2683 5597 '0
2714 5543 2874 5613 ζῆλος
2903 5543 2997 5598 τοῦ
3026 5543 3175 5597 οἴκου
3216 5561 3307 5597 σου
3341 5543 3619 5614 κατέφαγέ
3650 5559 3716 5613 με
3737 5580 3756 5605 ,

2741 5700 2783 5731 "
2821 5698 2979 5756 Joan.
3018 5716 3085 5765 ιι,
3125 5700 3292 5756 15-16
3416 5701 3459 5733 ⁸³
3486 5698 3618 5755 ibid.
3663 5695 3749 5751 17.
