4068 6512
343 315 435 369 74]

1462 308 1969 367 COMMENTARIA
2006 310 2075 367 ΙΝ
2112 311 2453 372 PSALMOS.

3477 324 3580 379 7&2

338 432 431 486 καὶ
459 432 508 485 oi
539 428 833 501 ὀνειδισμοὶ
861 428 971 483 τῶν
1008 428 1371 493 ὀνειδιζόντων
1421 446 1479 482 σε
1514 430 1785 485 ἐπέπεσαν
1817 429 1903 482 ἐπ’

2009 445 2151 485 mam
2208 448 2405 501 meam,
2448 443 2502 489 et
2531 433 2732 490 factum
2770 435 2931 493 estin
2962 436 3309 507 Opprobrium
3360 438 3514 494 mihi.
3552 459 3572 492 ι

338 523 459 594 ἐμέ.
554 523 665 576 Καὶ
729 520 1072 591 συνεκάλυψα
1147 522 1203 573 ἐν
1278 521 1501 592 νηστείᾳ
1568 520 1666 590 τὴν
1726 520 1903 590 ψυχήν

340 631 445 689 μου
473 654 489 679 ,
537 614 631 667 καὶ
691 612 923 683 ἐγενήθη
980 615 1060 675 είς
1117 612 1453 682 ὀνειδισμοὺς
1508 612 1650 682 ἐμοί.
1692 633 1710 665 ι
1775 613 1904 664 Ὅτε

340 706 463 779 μὲν,
510 706 693 777 φησιν,
744 705 927 777 ἐώρων
977 705 1067 757 τὸν
1117 704 1205 757 σὺν
1248 700 1394 758 οἷκον
1442 704 1623 774 πάσης
1666 702 1905 775 πληρού-

342 815 501 869 μενον
540 796 786 866 ἀνομίας,
814 796 907 849 καὶ
941 796 1069 848 ποτὲ
1105 796 1200 866 μὲν
1226 795 1540 866 γιγνόμενον
1566 791 1712 848 οἷκον
1744 796 1907 865 ἐμπο-

340 888 477 961 ρίου,
506 888 633 941 ποτὲ
659 888 713 940 δὲ
731 888 991 958 σπήλαιον
1014 885 1242 959 λῃστῶν,
1276 885 1613 956 πυρούμενος
1638 885 1741 938 ὑπὸ
1760 884 1903 937 θείου

337 982 523 1053 ζήλου,
550 980 777 1052 ήλαυνον
807 982 931 1043 τοὺς
960 979 1104 1032 ἐνδον
1133 978 1601 1049 παρανομοῦντας
1642 977 1776 1031 άλλά
1811 979 1904 1031 καὶ

335 1073 425 1127 ὅτε
475 1074 596 1136 ταῖς
632 1072 839 1126 ἑαυτῶν
862 1071 1140 1143 ἀθεμίτοις
1186 1072 1447 1143 πράξεσιν
1490 1071 1692 1135 ὄνειδος
1741 1088 1898 1142 περι-

335 1165 505 1237 ῆπτόν
522 1182 602 1218 σοι
613 1164 690 1235 τῷ
710 1164 847 1234 Θεῷ,
865 1158 924 1217 οῦ
940 1162 1035 1235 τὴν
1050 1163 1357 1218 θεοσέϐειαν
1368 1164 1777 1235 ἐπηγγέλλοντο,
1800 1163 1904 1215 πά-

333 1256 416 1311 λιν
447 1259 526 1320 είς
562 1256 750 1310 ἐαυτὸν
814 1255 1204 1327 ἀναλαμϐάνων
1247 1258 1373 1320 τοὺς
1411 1256 1680 1320 τοιούτους
1717 1255 1903 1308 ὀνειδι-

334 1348 526 1418 σμοὺς,
540 1346 925 1418 ἠναγκαζόμην
942 1347 1221 1419 παρρησίᾳ
1235 1346 1490 1417 χρῆσθαι,
1510 1348 1737 1401 καὶτοὺς
1751 1347 1903 1415 ἐλέγ-

333 1456 462 1510 χους
489 1442 669 1502 αὐτοῖς
702 1438 1108 1510 θεραπευτικῶς
1142 1439 1485 1511 προσφέρειν·
1522 1440 1610 1493 ὅτε
1629 1439 1686 1491 δὲ
1715 1438 1901 1509 ἐώρων

332 1531 671 1601 ἀναισθήτως
700 1530 895 1593 αὐτοὺς
914 1528 1154 1599 ἐχοντας,
1178 1530 1269 1584 καὶ
1305 1530 1378 1600 μὴ
1406 1531 1900 1602 ἐπιστρεφομένους

329 1623 459 1685 τοὺς
490 1623 654 1692 ἐμοὺς
681 1622 959 1693 ἐλέγχους,
1002 1621 1427 1691 ἀποκλαιόμενος
1456 1621 1634 1676 αὐτῶν
1670 1622 1767 1694 τὴν
1791 1624 1899 1676 ἀπ-

328 1714 546 1777 ώλειαν,
585 1715 868 1785 ἐνήστευον
901 1714 991 1767 καὶ
1014 1714 1342 1767 κατεπόνουν
1375 1715 1608 1784 ἐμαυτὸν
1625 1715 1765 1786 ὑπὲρ
1800 1716 1898 1769 αύ-

2006 520 2166 587 Cum,
2197 522 2628 595 inquit,domum
2668 535 2817 582 tuam
2845 527 3085 583 viderem
3119 529 3265 585 omni
3293 528 3579 600 iniquitate

2006 615 2293 684 repletam,
2314 627 2368 671 et
2391 619 2554 673 modo
2585 619 2809 673 domum
2842 620 3249 691 negotiationis,
3268 621 3427 677 modo
3456 638 3580 692 spe-

2006 705 2223 761 luncam
2258 709 2530 764 latronum
2580 710 2849 775 effectam,
2894 713 3082 767 divino
3122 714 3385 771 incensus
3438 716 3574 779 zelo,
3672 744 3675 746 -

2005 810 2100 852 eos
2145 800 2240 868 qui
2287 800 2434 855 intus
2471 801 2815 871 iniquitatem
2851 806 3225 874 operabantur
3272 806 3430 876 ejeci.
3466 806 3578 860 lmo

2002 890 2166 944 etiam
2208 908 2333 946 cum
2363 892 2591 950 nefariis
2623 896 2792 966 gestis
2817 898 2932 951 suis
2962 899 3314 967 opprobrium
3343 901 3441 954 tibi
3469 899 3579 955 Deo

2004 982 2287 1052 inferrent,
2310 1002 2437 1057 erga
2467 1002 2627 1057 quem
2670 995 2850 1042 tamen
2886 989 3206 1059 religionem
3242 990 3579 1059 profiteban-

2002 1084 2111 1139 tur,
2148 1075 2204 1129 in
2235 1091 2319 1130 me
2345 1092 2565 1131 rursum
2595 1078 2887 1148 opprobria
2924 1078 3238 1147 hujusmodi
3286 1080 3579 1149 recipiens,

2001 1168 2333 1223 necessitate
2360 1169 2703 1238 compulsus,
2738 1171 3115 1239 correptiones
3145 1170 3281 1241 ipsis
3305 1173 3371 1227 ad
3404 1187 3581 1228 reme-

2000 1259 2149 1314 dium
2192 1260 2567 1315 admovebam.
2620 1260 2692 1315 Ut
2746 1262 2998 1317 videbam
3058 1270 3238 1317 autem
3275 1265 3396 1320 illos
3429 1267 3581 1321 nullo

2000 1368 2164 1409 sensu
2210 1353 2438 1416 moveri,
2467 1368 2643 1423 neque
2677 1354 3002 1423 resipiscere
3044 1371 3111 1410 ex
3158 1356 3582 1425 reprehensione

1999 1457 2140 1505 mea,
2162 1457 2350 1497 eorum
2386 1444 2682 1512 perniciem
2709 1443 3003 1514 deplorans
3028 1443 3362 1515 jejunabam,
3385 1462 3582 1519 meque

1998 1533 2214 1587 illorum
2242 1547 2409 1588 causa
2434 1533 2899 1588 macerabam.llli
2928 1543 3107 1589 autem
3134 1541 3266 1588 tunc
3292 1536 3453 1590 etiam
3476 1552 3577 1591 ex-

1998 1623 2339 1693 probrabant
2360 1623 2516 1686 mihi,
2536 1630 2591 1677 et
2615 1622 2882 1692 jejunium
2906 1638 3085 1678 meum
3104 1623 3343 1694 profusis
3357 1625 3583 1681 cachin-

1996 1713 2088 1768 nis
2115 1712 2438 1767 irridebant.
2467 1712 2604 1767 Cum
2646 1714 2840 1769 vellem
2874 1729 3039 1784 porro
3071 1717 3378 1787 exemplum
3405 1718 3581 1787 pinni-

328 1804 458 1859 τῶν.
491 1775 552 1858 Oi
583 1804 639 1858 δὲ
666 1775 768 1858 ’καὶ
796 1804 970 1868 οὔτως
1003 1803 1273 1868 ὠνείδιζόν
1318 1775 1420 1875 μοι·
1438 1775 1779 1877 διασύροντες
1806 1807 1899 1859 καὶ

2003 1804 2185 1857 tentize
2216 1804 2352 1873 ipsis
2384 1818 2714 1874 proponere,
2755 1819 2865 1859 non
2896 1806 3056 1861 modo
3085 1807 3315 1877 jejuniis
3346 1823 3432 1863 me
3462 1823 3579 1862 ma-

328 1882 678 1968 χλευάζοντες
696 1896 791 1968 τὴν
818 1897 955 1968 ἐμὴν
986 1896 1257 1967 νηστείαν.
1281 1896 1609 1968 Βουλόμενος
1630 1898 1687 1951 δέ
1718 1899 1899 1961 αὐτοῖς

328 1985 692 2058 ὑπογραμμὸν
725 1986 1011 2057 μετανοίας
1034 1984 1324 2047 δεικνύναι,
1351 1986 1410 2038 ού
1449 1986 1607 2056 μόνον
1625 1986 1900 2054 νηστείαις

324 2077 564 2150 ἐμαυτὸν
595 2078 940 2141 κατεπόνουν,
971 2076 1106 2131 ἀλλά
1136 2076 1227 2130 καὶ
1262 2076 1322 2129 τὸ
1342 2075 1458 2130 ἐνδυ
1468 2077 1544 2148 μά
1572 2094 1671 2147 μου
1699 2077 1899 2131 σάκκον

324 2169 650 2241 ἐποιούμην,
684 2169 928 2234 κολάζων
959 2168 1050 2221 καὶ
1089 2167 1495 2239 τιμωρούμενος
1526 2167 1622 2239 τὴν
1657 2167 1897 2239 ἐμαυτοῦ

326 2261 530 2332 σάρκα,
560 2260 709 2331 αὐτῷ
728 2278 788 2314 τε
814 2260 959 2333 ἔργῳ
989 2260 1188 2333 τρόπον
1212 2259 1647 2330 ἐξομολογήσεως
1665 2261 1758 2314 καὶ
1790 2260 1897 2315 τῶν

325 2350 607 2424 προτέρων
654 2352 1066 2424 ἁμαρτημάτων
1104 2351 1423 2422 καθάρσεως
1470 2351 1777 2415 ἐπιδεικνὺς
1802 2352 1899 2405 αύ-

324 2447 460 2509 τςῖς.
495 2446 557 2497 υἱ
589 2445 646 2498 δὲ
667 2444 761 2499 καλ¹
792 2445 959 2498 ταῦτα
976 2444 1241 2513 γελῶντες
1261 2444 1382 2498 ἀντὶ
1403 2444 1718 2516 παραϐολῆς
1739 2462 1806 2516 με
1821 2440 1898 2498 εἷ-

324 2553 441 2608 χον,
474 2536 852 2608 συνερχόμενοι
888 2537 986 2607 μὲν
1012 2536 1128 2607 ἅμα
1158 2537 1251 2590 καὶ
1284 2537 1418 2609 πρὸς
1431 2540 1550 2601 ταῖς
1565 2537 1771 2591 ἐαυτῶν
1789 2535 1896 2592 πύ-

324 2628 445 2692 λαις
478 2628 845 2699 καθεζόμενοι,
880 2631 1058 2683 πᾶσαν
1079 2628 1255 2699 δὲτὴν
1285 2629 1492 2683 ἐαυτῶν
1524 2629 1737 2700 ὁμιλίαν
1767 2629 1897 2704 περὶ

325 2718 463 2790 ἐμοῦ
491 2719 832 2790 ποιούμενοι,
877 2719 972 2773 καὶ
1005 2721 1286 2791 μονονουχὶ
1318 2720 1729 2792 άδολεσχοῦντες
1760 2723 1896 2795 πρὸς

322 2812 587 2883 ἀλλήλους
620 2813 677 2865 ἐν
705 2814 771 2884 τῇ
796 2812 913 2866 κατ’
935 2812 1068 2885 ἐμοῦ
1098 2813 1280 2885 χλεύῃ.
1319 2814 1430 2866 Ούκ
1450 2815 1687 2885 άπήρκει
1715 2815 1769 2869 δὲ
1798 2817 1897 2868 αύ-

321 2906 436 2966 τοίς
477 2901 749 2975 διασύρειν
779 2904 873 2957 καὶ
917 2903 1199 2974 χλευάζειν
1240 2905 1337 2967 τὰς
1369 2904 1507 2976 ἐμὰς
1536 2906 1677 2978 ὑπὲρ
1717 2907 1898 2959 αὐτῶν

322 2997 616 3066 ἀσκήσεις,
656 2994 790 3049 ἀλλά
822 2996 917 3049 καὶ
952 2994 1231 3065 συμπόσια
1268 2998 1721 3068 συγκροτοῦντες.,
1755 3000 1895 3070 ᾠδὰς

322 3089 419 3141 καὶ
446 3088 663 3160 ᾅσματα
692 3091 771 3153 είς
796 3088 894 3159 ἐμὲ
916 3087 1192 3159 διεξῄεσαν
1211 3088 1652 3158 οίνοφλυγοῦντες
1677 3091 1769 3145 καὶ
1801 3110 1895 3163 με·
1920 3124 1965 3183 C

323 3178 648 3250 θυσκόμενοι
675 3181 732 3234 ἐν
758 3182 876 3242 ταῖς
906 3181 1024 3233 κατ’
1054 3178 1188 3250 ἐμοῦ
1210 3180 1533 3250 παροινίαις.
1570 3182 1685 3252 Ἐφ’
1715 3178 1795 3247 οἷς
1813 3184 1894 3238 ἔτι

324 3273 524 3345 μᾶλλον
551 3272 661 3342 ἐγὼ
691 3273 1087 3327 συνεκάλυπτον
1120 3274 1178 3326 ἐν
1209 3274 1432 3345 νηστείᾳ
1455 3273 1552 3346 τὴν
1575 3274 1754 3348 ψυχήν
1778 3295 1903 3348 μου,

321 3366 420 3421 καὶ
454 3366 711 3439 ἐτιθέμην
737 3366 798 3419 τὸ
834 3365 1037 3437 ἐνδυμά
1068 3383 1168 3437 μου
1203 3365 1427 3430 σάκκον,
1457 3367 1555 3439 τὴν
1590 3368 1770 3423 αὐτῶν
1792 3371 1902 3423 ἀπ-

319 3456 521 3512 ώλειαν
552 3457 996 3529 άποκλαιόμενος.
1022 3459 1113 3512 Διὸ
1148 3458 1287 3512 κατά
1308 3457 1401 3511 τὸν
1416 3457 1645 3513 Ἀκύλαν
1661 3459 1898 3532 εἴρηται⁶

328 3569 347 3600 ι
390 3551 502 3603 Kal.
544 3549 785 3603 ἔκλαυσα
806 3550 863 3603 ἐν
902 3550 1126 3622 νηστείᾳ
1155 3549 1333 3620 ψυχήν
1378 3567 1479 3620 μου
1499 3589 1514 3615 ,
1545 3550 1639 3605 καὶ
1669 3550 1901 3625 ἐγενήθη

322 3644 406 3709 είς
426 3643 762 3715 ὀνειδισμοὺς
789 3643 931 3714 ἐμοί.
950 3643 1061 3696 Kal.
1086 3642 1284 3696 ἔδωκεν
1308 3641 1517 3697 ἐνδυσίν
1546 3660 1646 3714 μου
1672 3643 1897 3709 σάκκον,

321 3735 420 3789 καὶ
454 3734 720 3807 ἐγενόμην
742 3734 926 3797 αὐτοῖς
949 3735 1029 3797 είς
1046 3734 1380 3805 παραϐολήν.
1421 3734 1669 3805 Ὠμὶλουν
1692 3735 1750 3787 ἐν
1779 3735 1903 3806 ἐμοὶ

320 3827 620 3898 καθήμενοι
654 3827 857 3899 πύλην·
925 3826 1019 3880 καλ¹
1051 3825 1254 3897 ψαλμοὶ
1292 3826 1550 3879 πινόντων
1570 3826 1838 3897 μέθυσμα.
1878 3845 1897 3878 ι

322 3916 467 3971 κατά
493 3916 549 3969 δέ
577 3916 667 3970 τὸν
690 3915 1001 3988 Σύμμαχον·
1038 3934 1055 3967 ι
1095 3915 1207 3968 Καὶ
1233 3914 1450 3969 κλάοντι
1486 3914 1625 3986 μετὰ
1651 3914 1905 3985 νηστείας

320 4008 423 4078 τὴν
453 4006 631 4078 ψυχήν
662 4025 762 4079 μου
793 4007 1007 4076 ἐγένετο
1039 4008 1119 4070 είς
1148 4006 1346 4070 ὄνειδος
1379 4008 1522 4077 ἐμοί.
1551 4006 1662 4061 Καὶ
1689 4006 1904 4061 τάσσων

322 4101 387 4155 τὸ
409 4101 526 4154 ἐνδυ
534 4101 609 4173 μά
631 4118 732 4173 μου
765 4101 986 4166 σάκκον,
1010 4102 1103 4155 καὶ
1124 4100 1389 4172 ἐγενόμην
1416 4100 1596 4164 αὐτοῖς
1617 4102 1695 4164 είς
1728 4117 1906 4171 παρα-

324 4193 510 4263 ϐολήν.
544 4193 837 4265 Διηγοῦντό
869 4211 936 4265 με
981 4193 1279 4265 καθήμενοι
1310 4194 1367 4246 ἐν
1399 4192 1539 4264 πύλῃ
1559 4233 1573 4257 ,
1608 4193 1701 4246 καὶ
1742 4191 1905 4262 ἔψαλ-

322 4282 418 4337 λόν
450 4300 517 4353 με
574 4284 621 4337 oi
663 4282 910 4347 πίνοντες
951 4284 1227 4355 μέθυσμα.
1271 4302 1291 4336 ι
1343 4282 1502 4336 Ἀλλά
1520 4282 1746 4347 ντούτοις
1781 4301 1906 4337 συν·-

326 4368 578 4433 εξετάσαι
604 4370 917 4440 ἀναγκαῖον,
949 4371 1065 4437 πῶς
1082 4372 1293 4443 εἴρηται
1325 4372 1431 4425 ὑπὸ
1444 4372 1538 4426 τοῦ
1570 4373 1820 4445 Σωτῆρος
1844 4374 1904 4427 ἐν

2002 1895 2276 1961 cerabam,
2312 1895 2406 1950 sed
2441 1896 2605 1950 etiam
2648 1912 2748 1966 pro
2794 1898 3122 1953 vestimento
3157 1900 3425 1969 ponebam
3455 1901 3581 1955 cili-

2003 1988 2170 2054 cium,
2195 1999 2415 2054 carnem
2473 2003 2648 2043 meam
2709 1990 2987 2061 castigans
3027 1998 3083 2046 et
3123 1993 3379 2062 puniens,
3415 2002 3581 2064 atque

2002 2081 2123 2152 ipso
2172 2096 2335 2151 opere
2382 2081 2601 2135 modum
2636 2082 3001 2140 confessionis
3028 2092 3191 2155 atque
3242 2087 3583 2156 purgationis

2000 2170 2359 2241 pristinorum
2387 2180 2735 2241 peccatorum
2765 2173 2902 2242 ipsis
2938 2178 3465 2233 commonstrabam.
3500 2158 3582 2234 Illi

1999 2280 2129 2320 vero
2175 2265 2291 2319 haec
2333 2280 2553 2335 quoque
2583 2264 2898 2321 deridentes
2920 2282 3019 2337 pro
3059 2269 3315 2337 parabola
3355 2286 3442 2326 me
3482 2271 3582 2325 ha-

1998 2358 2256 2421 buerunt,
2285 2357 2450 2413 simul
2477 2359 2890 2425 convenientes,
2918 2368 2973 2415 et
3015 2361 3083 2415 ad
3116 2370 3301 2431 portas
3332 2376 3463 2417 suas
3491 2377 3584 2418 se-

1998 2448 2210 2514 dentes,
2242 2449 2309 2504 de
2340 2465 2426 2505 me
2471 2464 2578 2504 una
2633 2449 2906 2519 colloquia
2951 2450 3269 2518 miscentes,
3296 2470 3360 2510 ac
3389 2462 3582 2508 mutuo

1997 2554 2173 2610 nugas
2213 2548 2535 2611 spargentes
2574 2540 2703 2594 dum
2748 2555 2834 2594 me
2886 2540 3206 2599 irriderent.
3266 2543 3457 2616 Neque
3494 2552 3583 2602 sat

1997 2631 2107 2685 illis
2138 2629 2239 2684 fuit
2268 2631 2415 2701 quod
2455 2647 2541 2687 me
2573 2633 2914 2697 deluderent,
2947 2643 3110 2705 atque
3145 2636 3214 2690 ob
3239 2652 3358 2691 mea
3388 2652 3488 2708 pro
3516 2637 3583 2691 il-

1996 2724 2065 2778 lis
2094 2731 2348 2792 suscepta
2381 2723 2645 2778 exercitia
2678 2725 2972 2778 ridiculum
3009 2736 3264 2798 agerent;
3290 2726 3384 2782 sed
3413 2727 3579 2781 etiam

1998 2816 2251 2869 convivia
2284 2823 2533 2884 agentes,
2564 2816 2868 2871 cantilenas
2896 2817 3023 2870 vino
3058 2817 3199 2886 capti
3236 2825 3290 2871 et
3338 2817 3497 2881 ebrii,
3525 2817 3580 2871 in

1998 2922 2084 2960 me
2110 2905 2513 2961 debacchantes
2538 2905 2792 2960 edebant.
2832 2906 2949 2973 Qua
2987 2905 3053 2962 de
3091 2922 3256 2960 causa
3276 2922 3377 2977 ego
3409 2907 3583 2960 multo

1998 2997 2173 3067 magis
2198 2997 2509 3067 Operiebam
2546 2997 2600 3051 in
2630 2998 2839 3068 jejunio
2888 2997 3125 3051 animam
3159 3013 3354 3059 meam,
3389 3005 3443 3053 et
3480 3013 3581 3067 po-

2000 3090 2193 3143 nebam
2219 3089 2602 3143 vestimentum
2648 3104 2829 3143 meum
2858 3089 3123 3151 cilicium,
3158 3088 3382 3143 exitium
3436 3089 3584 3157 ipso-

2003 3195 2124 3234 rum
2147 3182 2458 3251 deplorans.
2491 3180 2690 3247 Quare,
2710 3180 3012 3236 secundum
3042 3180 3315 3251 Aquilam,
3340 3180 3539 3235 dicitur

2009 3291 2028 3324 ι
2068 3273 2135 3329 Et
2174 3274 2383 3344 ploravi
2436 3274 2493 3329 in
2520 3274 2733 3345 jejunio
2761 3274 2998 3329 animam
3050 3289 3248 3339 meam,
3275 3283 3329 3329 et
3373 3273 3579 3329 factum

2004 3369 2089 3419 est
2122 3365 2178 3419 in
2203 3362 2500 3435 opprobria
2527 3363 2684 3418 mihi.
2717 3362 2783 3416 Et
2812 3362 2962 3418 dedit
2984 3363 3370 3419 vestimentum
3397 3378 3577 3418 meum

2005 3471 2248 3521 saccum,
2268 3464 2322 3511 et
2353 3455 2533 3511 factus
2564 3471 2685 3511 sum
2715 3455 2826 3510 illis
2846 3456 2899 3509 in
2933 3456 3269 3527 parabolam.
3299 3454 3585 3527 Collaque-

2005 3547 2208 3602 bantur
2251 3547 2307 3602 in
2348 3563 2435 3603 me
2468 3547 2722 3603 sedentes
2750 3547 2817 3602 ad
2867 3556 3080 3618 portam
3128 3566 3142 3602 :
3184 3553 3239 3602 et
3269 3547 3465 3617 psalmi
3500 3547 3558 3601 bi

2003 3640 2247 3696 bentium
2280 3641 2634 3708 ebrietatem;
2673 3660 2691 3692 ι
2725 3639 3028 3696 secundum
3066 3638 3454 3711 Symmachum
3482 3653 3586 3692 au-

2005 3740 2115 3788 tem
2146 3752 2159 3788 :
2201 3751 2217 3782 ι
2258 3731 2326 3784 Ει
2365 3732 2603 3802 ploranti
2633 3738 2757 3802 post
2777 3731 2987 3801 jejunia
3012 3730 3249 3785 animam
3276 3744 3472 3793 meam,
3504 3727 3588 3783 fa-

2004 3837 2151 3880 ctum
2199 3826 2362 3881 estin
2393 3824 2746 3895 opprobrium
2781 3822 3016 3876 mibi.Et
3051 3838 3259 3892 ponens
3292 3821 3587 3874 indumen-

2003 3926 2118 3971 tum
2147 3932 2328 3971 meum
2361 3930 2605 3980 saccum,
2637 3922 2692 3971 et
2726 3915 2906 3971 factus
2947 3930 3069 3969 sum
3111 3914 3220 3969 illis
3265 3912 3319 3966 in
3349 3911 3582 3983 parabo-

2004 4007 2135 4063 lam.
2165 4006 2509 4061 Enarrabant
2553 4021 2640 4061 me
2663 4005 2916 4061 sedentes
2959 4006 3014 4059 in
3067 4011 3246 4075 porta,
3282 4010 3337 4058 et
3369 4002 3541 4073 psalle

2004 4100 2137 4155 bant
2160 4114 2247 4155 me
2266 4099 2518 4155 bibentes
2548 4099 2888 4154 ebrietatem.
2922 4117 2941 4149 ι
2971 4096 3038 4150 At
3069 4097 3261 4150 horum
3294 4094 3583 4151 occasione

2003 4189 2415 4261 disquirendum
2445 4198 2552 4254 est,
2584 4204 2685 4244 cur
2710 4205 2739 4243 a
2768 4188 3060 4244 Servatore
3084 4187 3293 4241 dictum
3325 4186 3379 4240 in
3409 4184 3557 4239 Evan

2002 4283 2144 4354 gelio
2176 4282 2340 4338 fuerit
2375 4300 2389 4338 :
2425 4301 2444 4336 ι
2486 4282 2650 4339 Venit
2700 4283 2939 4339 Joannes
2995 4295 3172 4351 neque
3221 4278 3583 4339 manducans,

2006 4388 2184 4442 neque
2221 4373 2436 4438 bibens,
2471 4380 2527 4428 et
2556 4373 2789 4429 dicunt:
2822 4371 3161 4428 Dzemonium
3210 4369 3392 4423 habet.
3422 4356 3585 4421 Venit

327 4458 698 4528 Εὐαγγελίοις·
738 4478 758 4513 ι
790 4455 993 4514 Ἦλθεν
1048 4460 1298 4532 Ἰωάννης
1346 4461 1481 4532 μήτε
1524 4459 1718 4513 ἐσθίων
1762 4460 1899 4531 μήτε

2003 4464 2174 4520 Filius
2215 4465 2454 4521 hominis
2499 4466 2840 4521 manducans
2887 4471 2942 4520 et
2989 4463 3205 4524 bibens,
3236 4469 3290 4515 et
3340 4457 3581 4513 dicunt:

330 4549 526 4613 πίνων,
565 4551 659 4605 καὶ
683 4551 951 4620 λέγουσιν·
996 4552 1282 4624 Δαιμόνιον
1316 4553 1447 4625 ἔχει.
1474 4548 1676 4606 Ἦλθεν
1713 4554 1742 4606 ό
1774 4553 1901 4617 Υἱὸς

2006 4557 2146 4613 Ecce
2174 4557 2339 4611 homo
2363 4572 2531 4612 vorax
2570 4564 2625 4612 et
2664 4563 2883 4627 potator
2910 4555 3043 4619 vini,
3077 4552 3498 4623 publicanorum
3529 4554 3585 4603 et

326 4640 427 4694 τοῦ
454 4640 739 4711 ἀνθρώπου
763 4640 958 4695 ἐσθίων
984 4642 1077 4696 καὶ
1108 4642 1299 4708 πίνων,
1332 4644 1425 4697 καὶ
1462 4643 1729 4713 λέγουσιν·
1770 4643 1902 4697 Ἰδοὺ

2007 4654 2356 4719 peccatorum
2398 4650 2609 4704 amicus
2630 4649 2698 4701 ”.
2727 4668 2746 4701 ι
2776 4647 2885 4702 Sed
2912 4647 3064 4701 dicas
3092 4644 3208 4697 hac
3231 4640 3387 4695 initio
3408 4638 3585 4692 Evan-

331 4731 619 4804 ἄνθρωπος
652 4732 823 4802 φάγος
849 4734 943 4788 καὶ
976 4734 1256 4805 οἰνοπότης
1278 4775 1293 4801 ,
1336 4735 1581 4790 τελωνῶν
1613 4736 1766 4806 φίλος
1811 4737 1903 4791 καὶ

2010 4736 2133 4805 gelii
2158 4736 2305 4792 facta
2331 4751 2474 4801 esse,
2502 4734 2725 4807 quando
2751 4751 2817 4791 eo
2839 4734 2985 4806 quod
3016 4730 3272 4802 discipuli
3306 4728 3428 4797 ejus
3473 4741 3583 4782 non

333 4824 695 4895 ἁμαρτωλῶν.
722 4844 739 4878 ι
770 4824 908 4879 Ἀλλ’
926 4828 1071 4898 ἐρεῖς
1084 4825 1255 4880 ταῦτα
1280 4829 1398 4881 κατ’
1419 4828 1592 4900 ἀρχὰς
1616 4826 1709 4882 τοῦ
1727 4828 1905 4899 Εὐαγ-

332 4918 519 4987 γελίου
564 4916 862 4987 γίγνεσθαι,
898 4918 987 4972 ὅτε
1013 4918 1100 4971 διὰ
1130 4918 1192 4971 τὸ
1228 4919 1301 4991 μὴ
1332 4920 1609 4991 νηστεύειν
1639 4922 1764 4985 τοὺς
1804 4939 1908 4993 μα-

336 5010 507 5081 θητάς
529 5010 712 5078 αὐτοῦ,
743 5010 840 5082 τὴν
865 5011 1004 5082 ὑπὲρ
1032 5011 1207 5064 αὐτῶν
1235 5010 1527 5080 ἀπολογίαν
1570 5011 1908 5083 ποιούμενος,

336 5102 575 5171 ἔφασκεν
594 5120 607 5133 ο
634 5103 736 5156 «Uti
749 5103 997 5156 δύνανται
1012 5105 1060 5156 oi
1082 5102 1187 5156 υἱοὶ
1199 5101 1291 5156 τοῦ
1307 5104 1593 5175 νυμφῶνος
1608 5102 1908 5174 νηστεύειν,

338 5193 425 5261 ἐφ’
455 5194 578 5247 ὅσον
609 5195 724 5264 μετ’
751 5194 929 5247 αὐτῶν
952 5196 1099 5248 ἐστιν
1131 5195 1160 5247 ό
1186 5194 1417 5265 νυμφίος
1434 5211 1449 5226 ·
1476 5194 1772 5267 ἀρθήσεται
1809 5194 1905 5247 ἀπ’

337 5284 519 5339 αὐτῶν
563 5284 593 5337 ό
629 5284 879 5355 νυμφίος,
927 5284 1020 5337 καὶ
1057 5284 1179 5337 τότε
1230 5283 1629 5355 νηστεύσουσιν.
1665 5303 1685 5336 ι
1748 5284 1909 5356 Ὁρᾷς

338 5374 471 5448 γάρ,
501 5374 576 5439 ὼς
616 5377 708 5428 καὶ⁵
740 5374 900 5438 αὐτὸς
931 5373 1197 5444 ἠπίστατο
1233 5375 1322 5428 τὸν
1358 5376 1457 5446 τῆς
1497 5375 1750 5448 νηστείας
1786 5395 1909 5431 και-

343 5466 466 5542 ρόνς
493 5466 745 5520 Είτοίνυν
765 5466 854 5520 τὸν
879 5465 1069 5539 καιρὸν
1096 5466 1189 5520 τοῦ
1212 5467 1417 5530 πάθους
1440 5467 1605 5522 αὐτοῦ
1630 5468 1911 5536 συνεξετά-

342 5576 495 5623 σειας
524 5561 635 5624 τοῖς
664 5559 797 5631 μετὰ
824 5561 1011 5632 χεῖρας
1034 5561 1433 5632 προκειμένοις,
1467 5559 1648 5634 εὕροις
1671 5560 1735 5616 ἂν
1762 5562 1909 5628 ὅπως

422 5740 466 5772 ³³
496 5737 689 5797 Matth.
737 5757 815 5808 ιι,
866 5742 952 5810 18,
994 5741 1082 5797 l9.
1158 5742 1205 5775 “
1246 5739 1435 5796 Matth.
1481 5754 1562 5797 ιχ.
1607 5740 1697 5795 15.

2008 4830 2349 4902 jejunarent,
2398 4845 2500 4900 pro
2536 4829 2697 4900 ipsis,
2729 4828 2942 4898 objecta
2973 4825 3252 4897 depellens
3272 4862 3287 4888 ,
3313 4822 3531 4878 dicebat
3565 4842 3580 4879 :

2018 4940 2037 4973 ι
2100 4920 2220 4975 Νοη
2273 4928 2504 4992 possunt
2560 4919 2654 4974 lilii
2709 4918 2933 4973 thalami
2987 4915 3266 4987 sponsalis
3306 4914 3580 4984 jejunare,

2012 5011 2252 5082 quandiu
2292 5028 2415 5067 cum
2470 5012 2579 5067 illis
2627 5021 2710 5066 est
2758 5024 3034 5080 sponsus:
3073 5006 3349 5062 auferetur
3383 5006 3452 5059 ab
3503 5004 3583 5058 eis

2014 5119 2276 5175 Sponsus,
2308 5110 2363 5159 et
2394 5112 2527 5158 tunc
2551 5103 2877 5174 jejunabunt
2901 5102 2966 5154 ’⁸.
3007 5119 3026 5152 ι
3062 5098 3256 5153 Viden’
3288 5095 3433 5168 quod
3467 5095 3586 5165 ipse

2011 5211 2229 5266 quoque
2274 5194 2467 5265 jejunii
2515 5204 2728 5267 tempus
2754 5195 2924 5266 probe
2962 5193 3164 5250 sciret?
3200 5190 3256 5246 Si
3290 5204 3420 5258 ergo
3449 5196 3586 5241 tem-

2011 5302 2116 5358 pus
2157 5286 2432 5355 passionis
2483 5286 2660 5356 ipsius
2713 5302 2836 5342 cum
2888 5286 2956 5341 iis
2984 5300 3105 5355 quae
3134 5283 3249 5352 jam
3283 5288 3585 5334 tractamus

2015 5378 2318 5435 contuleris
2375 5379 2755 5450 deprehendes
2814 5377 3088 5449 quomodo
3136 5376 3253 5430 haec
3316 5370 3585 5440 completa

2016 5471 2240 5536 fuerint,
2271 5472 2492 5542 quando
2551 5471 2766 5528 sublato
2805 5471 3024 5527 demum
3074 5481 3298 5538 sponso,
3330 5458 3583 5531 discipuli

2012 5562 2135 5634 ejus
2157 5563 2500 5635 jejunahant.
2527 5563 2713 5636 Neque
2740 5565 2852 5621 veri
2883 5561 3135 5619 absimile
3157 5567 3263 5624 est,
3297 5569 3421 5612 eum
3444 5562 3588 5625 pre-
