4068 6542
514 333 619 388 763

1237 327 1506 387 EUSEBll
1544 325 2025 383 CIESARIENSIS
2056 325 2202 384 OPP.
2244 325 2420 381 PARS
2455 324 2541 380 Ill.
2580 356 2651 368 —-
2689 324 3091 381 EXEGETICA.

3647 331 3757 387 7“

514 452 786 506 videntem
839 464 900 505 se
940 448 1091 504 brevi
1136 460 1260 519 post
1313 458 1555 519 tempore
1589 448 1724 519 ipsis
1772 457 2071 503 extraneuu

2190 446 2358 500 ταῦτα
2387 446 2704 519 ἐπληροῦτο,
2739 449 2827 500 ὅτε
2863 447 3045 502 λοιπὸν
3075 446 3361 519 αίρομένου
3389 449 3484 502 τοῦ
3516 454 3753 522 νυμφίου

512 541 649 606 fore,
677 550 733 597 et
767 550 939 597 totum
985 557 1050 596 ex
1097 541 1524 596 circumcisione
1566 542 1824 611 populum
1861 540 2084 610 sangui-

513 650 638 690 nem
670 650 828 689 suum
862 634 1268 705 postulaturum
1295 650 1440 697 esse,
1472 632 1693 688 Petrum
1735 641 2080 703 negaturum,

513 734 569 779 et
598 725 727 778 talia
779 732 971 778 contra
1017 740 1075 779 se
1124 723 1486 794 perpetranda
1527 740 1688 790 esse;
1740 732 1799 778 ut
1838 723 2082 777 futurum

511 823 662 871 esset
713 816 965 870 tenebras
1016 816 1197 868 omnia
1257 815 1465 868 circum
1523 814 1849 876 obvolvere,
1912 815 2081 869 solem

511 908 689 977 ipsum
721 906 1030 969 obscurari,
1078 906 1256 959 velum
1303 906 1487 974 templi
1539 906 1737 968 scindi,
1792 907 2082 974 omniaque

508 1000 638 1054 olim
667 1000 723 1053 in
753 997 954 1053 lsraele
987 997 1295 1053 veneranda
1326 998 1529 1063 everti;
1558 998 1812 1052 nimirum
1854 1014 2078 1069 regnum

508 1090 1101 1155 eorum,sacerdotium
1125 1098 1179 1144 et
1210 1090 1409 1145 Sancta
1440 1099 1784 1156 sanctorum;
1816 1092 2080 1145 omnium-

508 1198 615 1253 que
650 1197 838 1237 eorum
878 1180 1239 1249 abjectionem
1278 1188 1333 1235 et
1372 1180 1641 1235 excidium
1674 1180 1963 1235 confertim
1994 1180 2079 1234 fu-

508 1281 692 1325 turum
724 1290 738 1325 :
775 1286 882 1324 non
912 1270 1047 1334 veri,
1079 1269 1323 1339 inquam,
1349 1270 1599 1325 absimile
1638 1279 1742 1334 est,
1774 1271 1951 1341 ipsum
1985 1272 2077 1326 ho-

507 1379 629 1418 rum
652 1379 817 1418 causa
841 1378 1148 1418 macerasse
1185 1364 1239 1417 in
1264 1364 1475 1432 jejunio
1519 1366 1756 1418 animam
1809 1382 1985 1431 suam,
2020 1375 2076 1421 et

504 1456 757 1527 posuisse
791 1456 1173 1510 vestimentum
1204 1471 1363 1509 suum
1397 1471 1641 1511 saccum.
1682 1456 1801 1522 Qua
1824 1458 1892 1512 de
1910 1475 2074 1513 causa

506 1548 658 1617 impii
685 1548 933 1602 homines
955 1548 1131 1617 ipsum
1162 1548 1479 1611 irridebant,
1504 1548 1631 1603 dum
1666 1549 1785 1604 loco
1808 1553 2076 1621 parabolas

504 1636 758 1692 futilibus
781 1638 897 1692 suis
929 1637 1273 1692 sermonibus
1320 1646 1684 1709 nugarentur;
1714 1640 1929 1709 alioque
1966 1641 2074 1696 dici

504 1742 748 1801 tempore
778 1730 831 1783 in
866 1730 1034 1799 portis
1082 1730 1319 1796 collecti,
1350 1746 1445 1785 eos
1470 1730 1563 1800 qui
1597 1733 1946 1800 prteteribaut
1978 1750 2074 1804 per

502 1823 806 1877 calumnias
856 1822 910 1876 in
962 1822 1138 1891 ipsum
1182 1831 1420 1877 structas
1460 1823 1515 1876 in
1550 1839 1789 1878 errorem
1836 1824 2071 1881 deduce-
2106 1811 2149 1871 Β

501 1926 657 1984 rent;
701 1924 946 1986 tempore
980 1922 1160 1969 autem
1194 1915 1322 1978 cibi,
1355 1917 1481 1970 vino
1512 1924 1565 1970 et
1587 1916 1839 1971 ebrietati
1874 1932 2073 1972 vacan-

502 2023 604 2072 tes.
632 2011 935 2065 cantilenas
985 2015 1177 2062 contra
1226 2008 1402 2073 ipsqu
1449 2008 1697 2063 ederent.
1750 2009 1928 2075 Quare
1982 2011 2072 2065 ille

498 2103 780 2191 operiebat
814 2103 867 2156 in
905 2101 1117 2170 jejunio
1150 2101 1386 2153 animam
1420 2116 1598 2166 suam,
1632 2110 1687 2157 et
1731 2104 1966 2173 ponebat
1993 2106 2071 2159 iu-

500 2190 819 2249 dutnentum
870 2206 1028 2247 suum
1066 2206 1311 2251 saccum,
1347 2190 1510 2260 idque
1532 2206 1632 2261 pro
1662 2193 1891 2247 aliorum
1925 2195 2071 2249 salu-

498 2292 552 2339 te
581 2300 648 2339 ει
673 2282 934 2338 bonitatis
960 2282 1346 2351 exsuperantia
1378 2283 1688 2352 praestabat.

2187 540 2279 592 καὶ
2306 540 2356 591 οί
2389 539 2623 610 μαθηταὶ
2642 539 2805 593 αὑτοῦ
2828 541 3133 609 ἐνήστευον.
3165 541 3277 607 Ἐφ’
3294 535 3375 604 οἷς
3398 542 3499 595 οὐκ
3525 543 3757 609 ἀπεικὸς

2182 625 2249 701 ῆν
2274 632 2368 684 καὶ
2402 632 2561 685 αὐτὸν
2590 631 2923 703 προορῶντα,
2952 631 3026 694 ὡς
3051 631 3244 702 μικρὸν
3266 632 3488 704 ὕστερον
3516 635 3757 705 ἀπηλλο-

2181 723 2479 794 τριωμένος
2508 724 2657 776 ἐσται
2700 724 2899 786 αὐτοῖς,
2932 723 3027 775 καὶ
3058 723 3132 786 ὼς
3156 723 3217 775 τὸ
3246 726 3352 777 πᾶν
3378 724 3529 788 ἔθνος
3559 726 3655 780 τοῦ
3688 731 3755 781 ἐκ

2183 814 2482 885 περιτομῆς
2514 814 2641 867 λαοῦ
2680 814 2741 865 τὸ
2768 807 2905 883 αἷμα
2942 812 3107 866 αὑτοῦ
3141 814 3516 885 ἐξαιτήσεται,
3553 819 3646 870 καὶ
3675 820 3753 881 ὡς

2182 907 2384 978 Πέτρος
2410 906 2567 959 αὑτὸν
2597 907 2910 977 ἀρνήσεται,
2944 906 3038 958 καὶ
3059 906 3282 960 τοιαῦτα
3300 910 3418 961 κατ’
3440 911 3602 963 αὑτοῦ
3630 912 3754 964 τολ-

2184 998 2505 1069 μηθήσεται,
2531 996 2669 1050 ὥστε
2704 996 2889 1060 σκότος
2922 996 3193 1050 διαλαϐεῖν
3223 999 3281 1051 τὸ
3308 1000 3577 1071 περιέχον,
3598 1002 3750 1072 ἥλιόν

2178 1106 2237 1141 τε
2266 1088 2427 1143 αὑτὸν
2459 1088 2803 1158 σκπισθῆναι
2827 1131 2840 1153 ,
2871 1090 2964 1142 καὶ
2997 1088 3057 1141 τὸ
3093 1090 3487 1161 καταπέτασμα
3518 1093 3612 1145 τοῦ
3643 1093 3750 1146 νεὼ

2180 1181 2492 1252 σχισθῆναι,
2552 1181 2923 1252 ἀνατραπῆναι
2969 1198 3027 1233 τε
3091 1183 3269 1234 πάντα
3327 1182 3393 1235 τά
3432 1183 3597 1237 πάλαι
3651 1184 3747 1237 τοῦ

2189 1271 2401 1342 Ἰσραὴλ
2432 1288 2490 1323 σε
2499 1270 2621 1340 μνὰ,
2657 1270 2798 1339 λέγω
2828 1271 2885 1323 δέ
2908 1270 3005 1342 τὴν
3032 1270 3300 1341 βασιλείαν
3322 1272 3499 1326 αὐτῶν
3532 1273 3628 1327 καῖ⁵
3647 1275 3747 1345 τὴν

2180 1362 2473 1434 ἱερωσύνην
2506 1362 2599 1414 καὶ
2632 1362 2701 1415 τὰ
2725 1364 2888 1432 ’Ἅγια
2916 1364 3023 1415 τῶν
3054 1363 3245 1431 ἁγίων*
3279 1366 3492 1418 πάντων
3527 1383 3585 1417 τε
3621 1365 3748 1418 τού-

2177 1474 2284 1509 των
2317 1454 2584 1526 ἀποϐολὴν
2621 1456 2715 1507 καὶ
2740 1456 3048 1527 ἀνατροπὴν
3080 1456 3279 1528 ἀθρόαν
3307 1457 3557 1525 γενέσθαι
3575 1472 3590 1487 '
3620 1459 3745 1511 τού-ι

2175 1566 2281 1602 των
2311 1547 2475 1601 ἕνεκα
2512 1548 2611 1601 οὐκ
2652 1548 2877 1611 ἀπεικὸς
2908 1544 2975 1619 ἦν
3012 1548 3171 1601 αὐτὸν
3206 1551 3522 1601 κατα-πονεῖν
3550 1551 3607 1602 ἐν
3645 1567 3744 1620 νη-

2178 1642 2328 1712 στείᾳ
2358 1640 2452 1711 τὴν
2487 1639 2662 1710 ψυχὴν
2685 1639 2869 1702 αὑτοῦ,
2904 1639 2997 1693 καὶ
3020 1639 3223 1691 τιθέναι
3248 1638 3309 1691 τὸ
3345 1639 3546 1709 ἔνδυμα
3573 1641 3743 1695 αὐτοῦ

2176 1734 2377 1787 σάκκον
2415 1735 2500 1801 ἐφ’
2528 1727 2573 1801 ᾧ
2602 1733 2694 1785 καὶ
2730 1731 3015 1802 ἐχλεύαζον
3049 1732 3210 1783 αὑτὸν
3240 1733 3287 1784 οί
3332 1732 3546 1795 ἀσεϐεῖς
3572 1771 3586 1795 ,
3622 1734 3745 1785 ἀντὶ

2177 1825 2486 1897 παραϐολῆς
2506 1828 2624 1887 ταῖς
2657 1825 2773 1877 κατ’
2800 1824 2963 1877 αὐτοῦ
2980 1824 3291 1895 διηγήσεσιν
3310 1824 3740 1910 ἀδολεσχοῦντεςο

2176 1919 2374 1973 καὶτὸν
2394 1919 2490 1988 μὲν
2518 1918 2673 1971 ἀλλον
2692 1917 2880 1988 καιρὸν
2906 1917 3004 1986 τῆς
3031 1917 3262 1987 ἡμέρας,
3290 1918 3347 1969 ἐν
3378 1920 3497 1979 ταῖς
3545 1916 3744 1979 πύλαις

2177 2010 2560 2079 συναγόμενοι,
2582 2009 2706 2072 τοὺς
2739 2008 2805 2060 δι’
2836 2008 3015 2061 αὐτῶν
3055 2009 3432 2080 διερχομένους
3463 2012 3586 2071 ταῖς
3619 2008 3739 2062 κατ’

2174 2099 2338 2151 αὑτοῦ
2370 2097 2639 2160 διαϐολαῖς
2661 2096 2924 2150 ἐπλάνων·
2957 2099 3014 2149 ἐν
3036 2097 3093 2150 δὲ
3111 2098 3188 2168 τῷ
3204 2097 3379 2169 καιρῷ
3399 2099 3497 2167 τῆς
3514 2100 3740 2169 τροφῆς.

2174 2194 2300 2263 οἴνῳ
2331 2192 2424 2245 καὶ
2466 2190 2604 2263 μέθῃ
2640 2190 3006 2260 σχολάζοντες,
3047 2190 3189 2260 ᾠδὰς
3234 2192 3576 2245 συνετίθεσαν
3622 2192 3741 2247 κατ⁶

2174 2285 2357 2338 αὑτοῦ.
2388 2283 2479 2335 Διὸ
2505 2282 2724 2337 συνεκά)
2737 2299 2902 2335 υπτεν
2929 2285 2985 2336 ἐν
3014 2284 3231 2355 νηστείᾳ
3250 2285 3347 2355 τὴν
3359 2284 3534 2355 ψυχὴν
3553 2284 3743 2354 αὑτοῦ⁹

498 2375 593 2428 καὶ
625 2373 830 2428 ἐτίθετο
860 2373 920 2427 τὸ
988 2372 1191 2443 ἔνδυμα
1237 2373 1401 2427 αὑτοῦ
1437 2374 1668 2440 σάκκον,
1738 2374 1877 2447 ὑπὲρ
1914 2377 2012 2449 τῆς
2075 2378 2275 2450 ἐτέρων
2323 2376 2623 2447 σωτηρίας,
2667 2375 2734 2429 δι’
2782 2376 3085 2448 ὑπερϐολὴν
3129 2376 3536 2449 φιλανθρωπίας
3570 2378 3741 2432 ταῦτα

497 2470 774 2541 πράττων.

572 2588 738 2642 Vens.
765 2585 852 2640 M.
883 2603 901 2636 ‹
924 2583 1034 2655 Ego
1068 2599 1198 2640 vero
1220 2584 1523 2640 orationem
1553 2600 1731 2641 meam
1758 2587 1824 2641 ad
1860 2594 1930 2652 te,
1965 2587 2066 2641 Do-

498 2682 666 2745 mine,
700 2686 915 2747 tempus
970 2677 1315 2747 beneplaciti,
1360 2675 1544 2733 Deus:
1604 2678 1665 2733 In
1722 2678 2067 2738 multitudine

497 2771 885 2828 misericordia:
911 2776 1017 2823 tua:
1037 2768 1231 2824 exaudi
1264 2784 1367 2824 me.
1410 2788 1429 2822 ι
1464 2768 1545 2824 llli
1578 2771 1818 2840 quidem,
1844 2773 1937 2839 ait,
1972 2772 2066 2827 de—

495 2862 764 2924 ridebant,
808 2859 1267 2927 aﬂlictionemque
1311 2872 1485 2912 meam
1524 2858 1901 2914 traducebant.
1953 2860 2066 2932 Ego

495 2969 624 3009 vero
656 2952 1092 3022 perseverabam,
1124 2951 1424 3005 orationem
1474 2967 1651 3007 meam
1682 2952 1782 3007 tibi
1836 2952 2065 3007 Domino

494 3045 747 3102 offerens.
779 3044 1047 3099 Observes
1094 3058 1261 3113 porro
1311 3044 1493 3108 velim,
1536 3042 1858 3100 Hebraicam
1919 3044 2064 3100 Scri-

498 3144 715 3208 pturam
743 3136 833 3190 hic
858 3150 1075 3205 quoque
1104 3142 1342 3204 quatuor
1386 3135 1691 3190 litterarum
1716 3151 1849 3191 voce
1875 3136 2060 3193 Domi-

496 3246 626 3284 num
659 3229 983 3298 exprimere.
1010 3226 1087 3281 Te
1114 3242 1245 3282 vero
1279 3225 1569 3281 Dominum
1600 3227 1901 3297 deprecans
1926 3229 2067 3285 dice-
2092 3200 2134 3258 ο

494 3320 621 3375 bam
654 3338 668 3374 :
704 3338 723 3371 ι
760 3318 1001 3388 Tempus
1036 3318 1386 3387 beneplaciti,
1419 3316 1603 3383 Deus;
1644 3336 1663 3370 ι
1700 3318 1837 3383 sive,
1869 3334 2068 3374 secun-

494 3412 623 3466 dum
646 3408 1031 3481 Symmachum
1057 3426 1070 3461 :
1101 3426 1118 3457 ι
1139 3406 1375 3477 Tempus
1400 3406 1881 3463 reconciliationis.
1900 3406 2063 3473 Deus,

494 3503 549 3561 in
573 3500 919 3556 multitudine
954 3499 1348 3554 misericordia
1386 3506 1493 3552 tua:
1512 3498 1709 3553 exaudi
1744 3514 1849 3554 me.
1886 3518 1904 3552 ι
1932 3497 2064 3553 Nam

493 3595 541 3650 si
570 3593 705 3648 alias
737 3608 839 3645 vox
869 3597 965 3644 tua
1002 3589 1181 3645 Patris
1203 3590 1309 3644 mei
1342 3588 1613 3655 mihihzec
1635 3588 1921 3643 testificata
1949 3596 2063 3644 est:

499 3706 519 3738 ε
560 3684 660 3739 Hic
692 3693 775 3740 est
814 3682 985 3738 Filius
1034 3698 1188 3738 meus
1237 3681 1469 3737 dilectus
1515 3681 1569 3734 in
1606 3696 1715 3751 quo
1764 3680 1896 3734 mihi
1931 3680 2067 3735 bene

492 3778 796 3849 complacui
836 3778 918 3845 ";
962 3796 979 3828 ι
1019 3790 1163 3830 nunc
1203 3774 1440 3828 maxime
1470 3782 1682 3844 tempus
1740 3770 2063 3843 beneplaciti

490 3879 579 3927 est
613 3885 823 3940 :quare
852 3883 1048 3939 precor
1094 3875 1155 3920 ut
1188 3866 1244 3920 in
1292 3864 1641 3919 multitudine
1678 3862 2065 3918 misericordiae

492 3967 603 4014 tua;
632 3959 893 4013 exaudias
924 3974 1025 4023 me,
1057 3965 1110 4011 et
1144 3956 1197 4008 in
1246 3955 1476 4010 veritate
1518 3954 1713 4009 salutis
1748 3961 1853 4007 tua:
1880 3968 2064 4007 serves

490 4066 597 4105 me.
648 4048 767 4103 Non
814 4050 1107 4102 humanam
1156 4049 1355 4117 quippe
1406 4045 1624 4115 postulo
1681 4045 1932 4107 salutem,
1968 4042 2065 4097 sed

490 4157 697 4196 veram.
729 4140 876 4193 Talis
902 4152 1066 4208 porro
1094 4148 1178 4194 est
1218 4154 1338 4209 qua:
1368 4154 1434 4193 ex
1458 4147 1511 4191 te
1541 4135 1810 4207 provenit,
1842 4150 1947 4205 qua
1977 4150 2065 4189 me

490 4246 627 4302 rogo
677 4230 814 4300 eripi
867 4244 896 4282 a
930 4230 1044 4283 luto
1077 4237 1138 4281 ut
1181 4245 1291 4283 non
1338 4228 1550 4298 inligar.
1579 4227 1623 4279 A
1652 4242 1760 4296 quo
1788 4227 1923 4292 luto,
1957 4225 2062 4280 nisi

492 4320 560 4375 de
598 4334 706 4389 quo
735 4319 983 4388 superius
1010 4317 1295 4372 dicebam:
1344 4334 1362 4366 ι
1414 4316 1615 4369 lulixus
1658 4329 1777 4369 sum
1829 4314 1885 4368 in
1935 4314 2064 4367 limo

491 4412 768 4485 profundi,
803 4420 856 4465 et
887 4425 991 4462 non
1017 4419 1099 4464 est
1130 4408 1464 4463 substantia?
1491 4426 1509 4459 ι
1534 4406 1665 4460 Nam
1695 4407 1784 4476 qui
1811 4406 2061 4475 superius

491 4508 657 4561 limus
707 4502 960 4574 profundi
1024 4502 1204 4555 dictus
1262 4510 1375 4563 cst,
1436 4500 1524 4553 hic
1581 4500 1754 4552 lutum
1808 4508 2057 4554 vocatur.
2090 4541 2133 4595 Β

490 4597 588 4655 His
672 4612 832 4668 porro
910 4595 1177 4665 significat
1271 4592 1599 4647 Solutionem
1674 4590 1919 4661 corporis
2004 4592 2059 4643 in

490 4699 698 4754 morte,
763 4689 829 4743 de
888 4704 994 4757 qua
1061 4687 1115 4740 iu
1184 4686 1290 4739 alio
1336 4686 1417 4740 sic
1464 4683 1835 4753 loquebatur:
1874 4701 1892 4733 ί
1940 4680 2057 4735 Non

490 4785 837 4852 derelinques
878 4780 1115 4833 animam
1171 4794 1346 4833 meam
1392 4778 1447 4832 in
1497 4775 1729 4838 inferno,
1763 4789 1863 4829 nec
1902 4773 2059 4828 dabis

487 4884 737 4934 sanctum
765 4882 916 4926 tuum
950 4871 1135 4926 videre
1160 4871 1566 4941 corruptionem
1598 4869 1665 4922 “.
1708 4886 1726 4919 ι
1762 4864 1865 4931 Qui
1896 4865 2060 4935 igitur

490 4984 520 5020 ιι
555 4972 729 5019 morte
757 4964 1091 5027 detinentur,
1140 4963 1541 5031 corruptionem
1586 4958 1758 5029 passi,
1799 4958 1853 5011 in
1885 4972 2055 5027 eaque

488 5056 796 5118 constituti,
832 5069 955 5109 cum
992 5055 1046 5107 in
1089 5068 1151 5107 ea
1182 5053 1615 5123 permanserint,
1646 5050 1794 5104 infixi
1830 5059 1956 5103 sunt
2000 5050 2054 5103 in

488 5148 603 5201 luto
639 5165 652 5201 :
685 5160 784 5215 ego
816 5159 942 5198 vero
971 5143 1187 5197 etiamsi
1232 5142 1626 5205 descenderim,
1656 5142 1721 5195 ad
1758 5142 1929 5194 lutum
1963 5156 2053 5195 us-

490 5253 594 5310 que
627 5236 921 5290 humilians
957 5236 1241 5303 meipsum,
1270 5248 1464 5303 precor
1502 5242 1680 5287 tamen
1713 5234 1799 5288 his
1830 5233 2047 5289 verbis:

2246 2600 2263 2633 ι
2302 2577 2470 2649 Κάγὼ
2491 2579 2547 2633 δέ
2571 2580 2602 2651 ή
2632 2581 2901 2651 προσευχὴ
2926 2596 3025 2650 μου
3066 2580 3203 2653 πρὸς
3232 2582 3310 2648 σὲ,
3333 2582 3526 2655 Κύριε,
3551 2603 3740 2659 καιρος

2169 2671 2434 2737 εὐδοκίας,
2471 2673 2500 2725 6
2527 2670 2687 2734 Θεόςο
2717 2671 2776 2725 ἐν
2814 2671 2892 2743 τῷ
2922 2672 3113 2743 πλήθει
3131 2670 3235 2728 ’τοῦ
3268 2674 3450 2736 ἐλέους
3477 2693 3573 2729 σου
3605 2679 3739 2732 ἐπά-

2170 2759 2362 2813 κουσόν
2398 2776 2519 2829 μου.
2556 2779 2573 2811 ›
2609 2760 2672 2812 Οί
2704 2760 2803 2831 μὲν
2856 2761 3170 2830 ἐχλεύαζον,
3198 2764 3349 2834 φησὶ,
3370 2765 3464 2818 καὶ⁵
3492 2766 3742 2840 διέσυρον

2170 2851 2270 2915 τάς
2318 2850 2458 2922 ἐμάς
2503 2849 2793 2916 κακώσεις*
2842 2850 2953 2921 ἐγὼ
3001 2852 3057 2905 δὲ
3114 2856 3605 2928 προσεκαρτέρουν,
3639 2860 3738 2931 τὴν

2170 2944 2310 3015 ἐμὴν
2342 2944 2647 3015 προσευχήν
2672 2959 2752 2996 σοι
2783 2942 2862 3014 τῷ
2883 2943 3071 3016 Κυρίῳ
3090 2946 3532 3019 προσαναφέρων.
3569 2951 3739 3022 Τήρει

2167 3036 2244 3101 δὲ,
2278 3035 2353 3100 ὡς
2390 3035 2481 3089 καὶ
2514 3033 2743 3088 ἐνταῦθα
2775 3034 2868 3088 τὸν
2904 3035 3106 3107 Κύριον
3136 3037 3223 3090 διὰ
3250 3038 3343 3091 τοῦ
3386 3042 3737 3113 τετραγράμ-

2170 3144 2273 3199 μου
2305 3129 2338 3199 ὴ
2376 3127 2637 3200 Ἑϐραῖκὴ
2666 3129 3083 3200 ἐπισημαίνεται
3113 3133 3320 3204 γραφή.
3346 3133 3649 3204 Εὐχόμενος
3678 3135 3736 3189 δὲ

2168 3222 2303 3294 πρὸς
2333 3222 2390 3274 σέ
2412 3222 2500 3275 τὸν
2530 3220 2733 3293 Κύριον
2750 3221 2921 3275 ταῦτα
2942 3222 3145 3292 ελεγον·
3188 3243 3208 3276 ι
3234 3227 3439 3296 Καιρὸς
3469 3225 3738 3290 εὐδοκίας,
3800 3211 3813 3219 ’

2167 3313 2196 3364 6
2230 3312 2380 3376 Θεός·
2416 3332 2434 3365 ι
2465 3312 2519 3384 ἢ,
2550 3312 2688 3366 κατὰ
2718 3313 3133 3387 τὸνΣύμμαχονο
3171 3334 3190 3366 ι
3214 3316 3400 3388 καιρὸς
3424 3316 3731 3389 διαλλαγῆς.

2178 3403 2236 3456 '0
2252 3403 2402 3469 Θεὸς,
2433 3405 2489 3457 ἐν
2513 3404 2589 3475 τῷ
2604 3404 2799 3476 πλήθει
2814 3406 2907 3459 τοῦ
2928 3406 3111 3471 ἐλέους
3127 3424 3218 3460 σου
3238 3409 3539 3462 ὲπάκουσόν
3560 3426 3681 3480 μου.
3709 3429 3729 3461 ι

2167 3494 2230 3549 Εί
2256 3495 2363 3567 γὰρ
2399 3495 2493 3549 καί
2525 3511 2654 3549 ποτε
2678 3495 2863 3550 ἄλλοτε
2892 3497 3119 3569 ήσὴτοῦ
3146 3498 3357 3569 Πατρὸς
3391 3499 3735 3573 ἐμαρτύρησε

2167 3589 2317 3659 φωνή
2350 3589 2597 3657 λέγουσα·
2642 3609 2659 3643 ι
2687 3585 2853 3654 Οὗτός
2879 3594 3025 3645 ἐστιν
3044 3593 3071 3645 6
3102 3592 3228 3655 Υἱός
3257 3610 3355 3663 μου
3385 3596 3413 3646 6
3432 3595 3732 3665 ἀγαπητὸς,

2164 3685 2223 3737 ἐν
2246 3678 2290 3752 ᾧ
2320 3684 2614 3756 ηὐδόκησα.
2646 3704 2666 3737 ι
2714 3685 2871 3738 Ἀλλά
2898 3686 2991 3740 νῦν
3024 3686 3257 3756 μάλιστα
3280 3688 3470 3759 καιρός
3502 3690 3618 3742 ἐστι
3636 3691 3735 3760 τῆς

2164 3774 2429 3839 εὐδοκίας·
2458 3776 2536 3828 διὸ
2568 3775 2793 3829 ἱκετεύω
2825 3779 2883 3830 ἐν
2932 3776 3008 3847 τῷ
3050 3778 3238 3849 πλήθει
3271 3778 3364 3832 τοῦ
3408 3779 3589 3844 ἐλέους
3636 3797 3731 3833 σου

2164 3864 2465 3918 ἐπακοῦσαί
2492 3883 2615 3935 μου,
2643 3866 2736 3918 καὶ
2766 3866 2820 3918 ἐν
2843 3867 3069 3939 ἀληθείᾳ
3085 3868 3185 3939 τῆς
3208 3869 3477 3941 σωτηρίας
3500 3885 3595 3923 σου
3626 3870 3731 3923 σῶ-

2166 3952 2253 4005 σαί
2283 3971 2368 4023 με.
2405 3953 2477 4007 Ού
2514 3954 2623 4025 γὰρ
2660 3955 3003 4028 ἀνθρωπίνης
3035 3958 3222 4029 δέομαι
3254 3960 3558 4029 σωτηρίας,
3592 3959 3729 4015 ἀλλά

2162 4044 2258 4114 τῆς
2280 4044 2528 4115 ἀληθοῦς
2566 4046 2798 4114 Τοιαύτη
2836 4046 2893 4099 δέ
2928 4048 3074 4099 ἐστιν
3104 4049 3137 4118 ἠ
3172 4048 3321 4120 παρά
3361 4048 3475 4113 σοῦ,
3506 4049 3628 4103 καθ’
3663 4050 3733 4120 ην

2165 4134 2399 4205 σωθῆναι
2420 4136 2642 4190 ἱκετεύω
2657 4135 2762 4189 ἀπὸ
2784 4136 2976 4207 πηλοῦ,
2998 4138 3085 4191 ἵνα
3114 4140 3186 4209 μὴ
3213 4140 3463 4209 ἐμπαγῶ.
3498 4140 3729 4193 Ποίουδὲ

2162 4226 2402 4296 πηλοῦ,ἦ
2432 4245 2497 4279 πε
2506 4229 2559 4297 pl.
2571 4221 2630 4279 οὗ
2644 4229 2896 4298 ἀνωτέρω
2915 4228 3117 4298 ἔλεγον⁸
3145 4250 3162 4281 ι
3186 4232 3483 4303 Ἐνεπάγην
3498 4234 3577 4296 είς
3596 4232 3729 4303 ὕλην

2164 4314 2345 4385 βυθοῦ,
2371 4318 2463 4370 καὶ
2490 4319 2588 4370 οὐκ
2606 4317 2748 4371 ἐστιν
2770 4320 3061 4383 ὑπόστασις
3082 4337 3095 4385 ;
3125 4340 3143 4372 ι
3164 4321 3224 4374 Ἦ
3249 4321 3355 4390 γὰρ
3374 4323 3627 4394 ἀνωτέρω
3640 4322 3727 4377 λε-

2162 4406 2347 4477 χθεῖσα
2368 4409 2480 4470 ίλὺς
2499 4409 2658 4479 βυθοῦ
2681 4409 2911 4463 ἐνταῦθα
2929 4411 3096 4481 πηλὸς
3118 4411 3451 4482 ὠνόμασται.
3466 4415 3539 4484 Ση
3548 4414 3725 4483 μαίνει

2162 4499 2217 4551 δὲ
2242 4499 2326 4552 διὰ
2347 4498 2545 4551 τούτων
2570 4500 2666 4570 τὴν
2696 4500 2788 4553 τοῦ
2835 4500 3083 4571 σώματος
3116 4504 3173 4554 ἐν
3212 4502 3288 4573 τῷ
3314 4502 3523 4573 θανάτῳ
3552 4503 3723 4566 λύσιν,

2162 4590 2288 4661 περὶ
2337 4587 2403 4661 ἦς
2462 4593 2517 4643 ἐν
2574 4592 2743 4662 ἑτέρῳ
2786 4592 3019 4660 ἔφασκεν
3051 4609 3065 4623 ⁸
3107 4612 3125 4646 ι
3176 4594 3287 4647 Οὐκ
3319 4595 3726 4665 ἐγκαταλείψεις

2158 4682 2256 4751 τὴν
2307 4681 2482 4751 ψυχήν
2536 4700 2636 4751 μου
2688 4684 2767 4735 cf:
2816 4684 2904 4737 τὸν
2970 4684 3101 4755 ᾅδην
3130 4725 3145 4750 ,
3208 4686 3326 4738 οὐδὲ
3383 4685 3573 4749 δώσεις
3636 4688 3725 4741 τὸν

2156 4772 2297 4825 ὅσιόν
2352 4790 2445 4825 σου
2496 4773 2620 4825 ίδεῖν
2670 4774 2982 4847 διαφθοράν.
3028 4796 3045 4827 ι
3092 4778 3155 4830 Οί
3195 4777 3293 4847 μὲν
3336 4773 3426 4831 οὖν
3477 4779 3582 4831 ὑπὸ
3629 4778 3723 4831 τοῦ

2158 4864 2387 4918 θανάτου
2435 4866 2812 4937 κρατηθέντες,
2852 4868 3145 4940 διαφθορὰν
3188 4870 3573 4941 ὑπομείναντες
3632 4872 3724 4923 καὶ

2157 4956 2214 5008 ἐν
2249 4955 2421 5029 φθορᾷ
2455 4958 2753 5029 γενόμενοι,
2789 4960 3238 5031 ἐναπομείναντές
3261 4978 3317 5013 τε
3348 4962 3505 5031 αὐτῇ,
3530 4960 3723 5014 ἐνεπά-

2155 5064 2329 5117 γησαν
2353 5050 2430 5112 είς
2462 5049 2550 5102 τὸν
2585 5049 2771 5119 πηλόν.
2814 5050 2952 5119 Ἐγὼ
2983 5052 3038 5104 δὲ
3073 5054 3121 5104 εί
3148 5053 3240 5106 καὶ
3262 5050 3528 5123 κατῆλθον
3554 5049 3721 5103 κενώ-

2160 5156 2257 5202 σας
2304 5139 2533 5210 ἐμαυτὸν
2594 5140 2752 5213 μέχρι
2799 5142 3020 5195 τούτου·
3074 5143 3187 5197 ἀλλ’
3237 5143 3458 5197 ἱκετεύω
3513 5128 3716 5211 λέγων·

2164 5252 2182 5283 ί
2209 5232 2387 5284 Σῶσόν
2418 5250 2482 5303 με
2502 5232 2607 5286 ἀπὸ
2630 5233 2822 5303 πηλοῦ,
2847 5235 2934 5289 ἵνα
2971 5234 3043 5307 μὴ
3072 5234 3320 5306 ἐμπαγῶ.
3352 5254 3369 5286 ι
3395 5233 3473 5287 Τά
3503 5234 3561 5287 δὲ
3594 5235 3719 5305 ἑξῆς

495 5350 513 5383 ι
559 5328 717 5398 Eripe
747 5342 831 5381 me
867 5326 933 5380 de
978 5326 1113 5389 luto,
1148 5334 1205 5379 ut
1252 5340 1360 5379 nou
1411 5325 1625 5395 inligar.
1665 5343 1681 5375 ι
1710 5323 1839 5389 Quae
1881 5340 2042 5395 porro

2170 5323 2505 5395 ,πιλεγόμενα
2535 5324 2634 5388 τάς
2669 5328 2724 5378 ἐν
2758 5326 2903 5397 αὐτῷ
2930 5327 3007 5398 τῷ
3037 5328 3247 5398 θανάτῳ
3280 5327 3532 5397 δυνάμεις
3580 5342 3717 5396 παρ-

490 5420 917 5489 subsequuntur,
943 5416 1168 5469 virtutes
1190 5414 1245 5468 in
1274 5415 1387 5484 ipsa
1412 5423 1584 5468 morte
1613 5415 1745 5469 sitas
1761 5415 2041 5481 denotant,

2152 5416 2385 5487 ίστησιν*
2419 5419 2509 5487 ἀφ’
2535 5412 2609 5471 ὧν
2655 5419 2914 5489 ρυσθῆναι
2946 5419 3159 5492 εὔχεται
3191 5421 3379 5490 λέγων·
3400 5438 3418 5470 ι
3442 5419 3716 5489 Ῥυσθείην

488 5529 520 5567 a
548 5512 743 5584 quibus
774 5511 904 5581 eripi
938 5525 994 5564 se
1027 5516 1177 5579 rogat
1207 5506 1394 5560 dicens
1422 5523 1435 5558 :
1468 5525 1486 5557 ι
1525 5504 1745 5559 Liberer
1769 5506 1838 5560 ab
1864 5506 1929 5560 iis
1951 5506 2043 5577 qui

2170 5526 2213 5561 ,κ
2234 5509 2340 5563 τῶν
2366 5508 2662 5581 μισούντων
2691 5529 2757 5582 με
2787 5513 2879 5566 καὶ
2904 5515 2965 5567 ἐκ
2994 5513 3099 5568 τῶν
3126 5512 3328 5585 βαθέων
3357 5511 3462 5565 τῶν
3489 5510 3708 5564 ὑδάτων.

490 5605 723 5661 oderunt
748 5617 855 5669 me,
886 5611 941 5657 et
975 5600 1039 5656 de
1070 5598 1354 5671 profundis
1380 5612 1663 5669 aquarum.
1693 5595 1807 5651 Non
1844 5614 1927 5653 me
1953 5598 2045 5654 de‘

2170 5601 2238 5671 ιίή
2267 5619 2329 5671 με
2360 5604 2803 5657 καταποντισάτω
2840 5608 3090 5674 καταιγὶς
3134 5605 3339 5669 ὓδατος,
3379 5602 3510 5675 μηδὲ
3550 5619 3713 5656 κατα-

568 5787 613 5824 "
642 5785 826 5842 Matth.
870 5801 953 5853 ιιι,
995 5784 1091 5854 l7;
1124 5799 1254 5852 xvu,
1282 5784 1333 5838 5.
1412 5782 1455 5813 "
1495 5778 1641 5835 Psal.
1681 5794 1775 5846 xv,
1811 5779 1896 5834 lO.
