4068 6546
345 325 466 386 τις

1484 330 1995 389 ΟΟΜΜΕΝΤΑΒΙΑ
2034 333 2100 388 IN
2136 333 2480 390 PSALMOS.

3502 346 3611 408 7“

352 449 522 505 πιέτω
549 466 614 521 με
642 447 819 520 βυθός.
852 464 871 501 ι
908 442 1091 503 Ταῦτα
1117 449 1175 504 δὲ
1200 449 1268 505 τὰ
1301 450 1465 507 ὕδατα
1491 453 1545 507 οῐ
1572 470 1631 507 τε
1655 456 1713 508 ὲν
1739 455 1910 519 αὐτοῖς

2024 466 2229 528 mergat
2258 464 2558 536 tempestas
2588 471 2763 528 aquae,
2808 474 2985 532 neque
3029 460 3322 517 absorbeat
3360 475 3451 516 me
3476 475 3613 534 pro-

348 540 634 611 δράκοντες
666 540 756 594 καὶ
802 540 890 595 διὰ
938 539 1045 593 τῶν
1093 541 1400 613 ἔμπροσθεν
1454 545 1755 617 ἐδηλοῦντο,
1783 549 1924 601 κατὰ

347 631 438 685 τό·
481 651 500 685 ι
531 632 710 687 Σῶσόν
741 647 829 703 με,
861 633 893 685 δ
919 631 1071 696 Θεὸς,
1112 633 1194 687 ὅτι
1236 634 1552 706 είσήλθοσαν
1612 637 1777 692 ὕδατα
1817 639 1923 704 ἓως

347 726 521 800 ψυχῆς
559 742 687 796 μοιν
723 724 1026 797 Ἐνεπάγην
1060 725 1140 789 είς
1162 723 1295 798 ὓλην
1322 727 1503 797 βυθοῦ,
1528 729 1623 782 καὶ
1646 729 1745 783 οὔκ
1776 730 1923 785 ἔστιν

346 816 659 881 ὐτιπόστασις⁸
691 811 894 870 Ἦλθον
958 818 1038 881 εἰς
1095 816 1165 871 τὰ
1198 818 1334 891 βάθη
1365 821 1471 890 τῆς
1502 821 1797 894 θαλάσσης,
1828 824 1923 877 καὶ

346 911 598 978 καταιγὶς
629 908 981 963 κατεπόντισέ
1019 926 1106 981 με.
1132 931 1159 962 θ
1214 909 1492 965 Ἀλλὰιδιά
1528 913 1626 984 μὲν
1646 913 1752 967 τῶν
1785 932 1919 985 προ-

342 1002 515 1077 τέρων
543 1002 640 1074 τὴν
668 1001 891 1056 κάθοδον
930 1000 1092 1055 αὐτοῦ
1122 1001 1221 1075 τὴν
1250 1004 1330 1067 είς
1357 1003 1528 1059 ταῦτα
1554 1007 1812 1080 παρίστη,
1836 1008 1921 1062 διὰ

342 1091 400 1146 δὲ
426 1091 532 1146 τῶν
563 1090 698 1163 μετὰ
726 1094 912 1164 χεῖρας
932 1091 1031 1162 τὴν
1042 1091 1170 1162 ⁴τέιπὸ
1191 1091 1397 1147 τούτων
1424 1095 1705 1153 ἐπάνοδον⁴
1732 1114 1750 1148 ι
1799 1098 1923 1151 Ῥυ-

344 1183 527 1253 σθείην
547 1203 569 1235 ι
594 1183 702 1255 γάρ
735 1200 898 1253 φησιν
934 1203 952 1235 ι
995 1185 1061 1238 ὲκ
1094 1183 1202 1237 τῶν
1233 1184 1441 1255 βαθέων
1471 1186 1578 1241 τῶν
1601 1189 1808 1242 ὑδάτων
1829 1190 1923 1243 καὶ

345 1279 419 1349 μή
464 1295 529 1350 με
562 1279 1007 1332 καταποντισάτω
1053 1280 1304 1347 καταιγὶς
1338 1278 1548 1345 ὕδατος,
1586 1281 1719 1353 μηδὲ
1752 1298 1921 1334 καταο

342 1371 510 1424 πιὲτω
545 1388 610 1442 με
656 1370 832 1441 βυθὸς,
866 1371 998 1443 μηδὲ
1052 1372 1295 1443 συσχέτω
1346 1373 1432 1426 ἐπ’
1474 1374 1575 1443 ἐμὲ
1634 1373 1810 1446 φρέαρ
1860 1374 1922 1427 τὸ

344 1459 519 1530 στόμα
558 1460 743 1513 αὐτοῦ.
788 1480 805 1511 ›
836 1460 948 1523 Τὰς
983 1461 1080 1531 μὲν
1109 1462 1217 1532 γὰρ
1248 1460 1440 1525 λοιπὰς
1470 1462 1576 1514 τῶν
1621 1461 1919 1534 ἀνθρώπιον

336 1550 514 1621 ψυχὰς
542 1552 798 1607 κατέπιεν
826 1555 854 1606 ὀ
877 1553 1102 1617 Θάνατος
1134 1553 1378 1625 ἰσχύσας,
1396 1554 1492 1607 καὶ
1511 1554 1571 1619 τὸ
1594 1555 1771 1626 φρέαρ
1796 1573 1921 1608 συν-

338 1643 464 1714 έσχε
508 1645 601 1697 καὶ
665 1644 955 1699 ἀπέκλεισε
994 1644 1072 1716 τῷ
1105 1645 1305 1700 ἑαυτοῦ
1359 1646 1608 1718 στόματι.
1640 1647 1820 1721 Φρέαρ
1863 1648 1920 1702 δὲ

339 1736 515 1805 στόμα
562 1735 682 1805 ἔχον
719 1736 880 1800 αὐτὸς
912 1735 976 1789 ἂν
1006 1735 1219 1807 λεχθείη
1254 1738 1282 1790 ὁ
1316 1736 1561 1802 θάνατος,
1585 1739 1613 1791 δ
1641 1736 1699 1804 ἐξ
1725 1737 1920 1802 αἰῶνος

2027 547 2279 603 fundum.
2318 568 2337 601 ι
2373 547 2467 603 liae
2502 563 2634 604 vero
2665 564 2839 621 aquae,
2869 560 2924 608 et
2951 551 3220 608 dracones
3246 552 3310 607 in
3337 551 3472 622 ipsis
3512 552 3610 608 de-

2018 648 2236 712 gentes,
2288 640 2545 711 superius
2606 641 2993 698 indicabantur
3044 644 3102 698 in
3139 643 3231 698 illo
3275 662 3288 699 :
3323 661 3343 695 ι
3379 643 3611 699 Salvum

2023 748 2111 788 me
2145 733 2249 797 fac,
2284 731 2446 795 Deus,
2486 732 2745 803 quoniam
2777 735 3124 791 intraverunt
3150 749 3303 806 aqua:
3335 748 3512 805 usque
3536 735 3610 789 ad

2022 825 2260 879 animam
2316 838 2512 878 meam.
2556 822 2763 881 lnﬁxus
2809 840 2932 881 sum
2964 825 3020 879 in
3066 825 3197 879 limo
3234 824 3514 896 profundi,
3551 833 3610 885 et;

2022 933 2134 973 nan
2162 925 2248 973 est
2281 914 2610 973 substantia.
2642 914 2779 971 Veni
2836 917 2892 972 in
2946 916 3290 973 altitudinem
3328 916 3519 979 maris,
3552 923 3611 973 et

2020 1017 2324 1080 tempestas
2373 1010 2637 1066 demersit
2680 1025 2784 1065 me.
2826 1028 2845 1063 ι
2887 1007 3002 1065 Sed
3050 1009 3205 1080 prius
3237 1008 3459 1079 quidem
3483 1007 3608 1078 ejus

2022 1104 2077 1157 in
2112 1119 2285 1173 aquas
2312 1103 2615 1159 descensus
2643 1103 3062 1170 declarabatur;
3095 1106 3151 1157 in
3182 1101 3269 1157 his
3299 1107 3483 1155 autem
3522 1115 3611 1155 re-

2023 1202 2242 1265 gresSus
2297 1195 2422 1249 inde
2475 1202 2716 1250 notatur.
2751 1213 2770 1246 ι
2810 1194 3052 1259 Liberer,
3101 1193 3298 1265 inquit,
3364 1192 3433 1248 de
3480 1207 3611 1263 pro-

2022 1284 2207 1341 fundis
2221 1300 2511 1356 aquarum,
2530 1293 2583 1340 et
2594 1300 2704 1341 non
2719 1301 2806 1341 me
2822 1285 3412 1357 demergattempestas
3426 1297 3607 1354 aquae,

2022 1392 2201 1448 neque
2225 1376 2514 1432 absorbeat
2536 1392 2622 1432 me
2638 1376 2993 1447 profundum,
3023 1391 3202 1446 neque
3224 1385 3415 1447 urgeat
3439 1390 3608 1444 super

2022 1485 2109 1526 me
2129 1478 2326 1542 puteus
2353 1483 2415 1523 os
2440 1484 2623 1524 suum.
2651 1469 2926 1524 rCaeteras
2956 1469 3155 1539 quippe
3179 1467 3464 1522 hominum
3487 1466 3608 1520 ani-

2022 1572 2143 1612 mas
2170 1572 2318 1612 mors
2341 1557 2638 1628 absorpsit,
2658 1568 2712 1613 et
2732 1558 3035 1629 praevaluit,
3058 1572 3122 1612 ac
3146 1564 3344 1628 puteus
3365 1556 3525 1619 ursit,
3552 1563 3604 1608 ct

2022 1649 2293 1705 conclusit
2308 1664 2404 1706 ore
2423 1667 2553 1707 suo.
2586 1649 2792 1707 Puteus
2820 1658 2999 1705 autem
3015 1663 3118 1705 ore
3140 1650 3462 1713 instructus,
3482 1648 3602 1718 ipsa

2024 1754 2176 1795 mors
2197 1755 2322 1795 esse
2351 1740 2588 1807 dicatur,
2619 1757 2740 1815 quae
2764 1741 2832 1796 ab
2856 1740 3012 1797 initio
3038 1755 3229 1797 omnes
3250 1741 3432 1796 isthuc
3460 1739 3603 1796 delao

337 1826 547 1892 πάντας
585 1826 1000 1893 καταπεπωκὼς
1027 1830 1154 1892 τοὺς
1187 1831 1267 1893 εἰς
1298 1829 1461 1883 αὐτὸν
1489 1830 1910 1883 καταπεπτωκό-

2020 1846 2150 1902 psos
2177 1832 2465 1903 deglutivit
2492 1852 2505 1888 :
2538 1842 2594 1890 et
2626 1841 2919 1904 postquam
2944 1832 3251 1903 deglutivit,
3282 1830 3598 1896 momordit,

333 1935 455 1983 τας,
490 1919 583 1973 καὶ
640 1919 778 1989 μετὰ
821 1920 882 1973 τὸ
930 1923 1216 1975 καταπιεῖν
1268 1919 1529 1983 ἐνδακὼν,
1588 1919 1776 1993 ὥσπερ
1823 1922 1917 1975 καὶ

334 2011 664 2076 ἀποκλείσας
684 2012 742 2065 τὸ
770 2011 964 2067 ἑαυτοῦ
990 2012 1185 2083 στόμα,
1213 2011 1350 2084 πρὸς
1376 2012 1436 2066 τὸ
1468 2016 1540 2084 μή
1574 2029 1696 2066 τινα
1728 2012 1917 2066 παλιν-

331 2102 626 2175 δῳμῆσαι.
664 2102 779 2156 Ἐπ’
811 2102 945 2173 ἐμοῦ
974 2103 1030 2157 δὲ
1080 2103 1154 2174 μὴ
1186 2102 1393 2172 γένοιτο
1424 2102 1602 2157 τοῦτο.
1643 2102 1735 2156 Διὸ
1767 2105 1917 2157 ἀντι-

332 2176 476 2245 ϐολῶ
510 2208 568 2245 σε
594 2192 683 2244 τὸν
712 2192 931 2262 Πατέρα
962 2191 1134 2260 λέγων
1154 2210 1166 2222 ·
1201 2210 1220 2243 ι
1249 2193 1339 2262 Μή
1371 2209 1437 2263 με
1466 2194 1916 2249 καταποντισάτω

332 2282 586 2351 καταιγὶς
638 2282 844 2347 ὕδατος,
904 2284 1039 2355 μηδὲ
1089 2283 1403 2337 καταπιέτω
1455 2299 1522 2353 με
1567 2282 1743 2353 βυθὸς,
1780 2284 1916 2356 μηδὲ

337 2373 584 2444 συσχέτω
628 2375 717 2426 ἐπ’
751 2374 851 2445 ἐμὲ
898 2373 1075 2446 φρέαρ
1107 2375 1169 2427 τ⁴ὸ
1213 2374 1384 2445 στόμα
1415 2374 1603 2427 αὐτοῦ’
1647 2394 1669 2426 ι
1701 2375 1740 2444 ἢ
1769 2373 1916 2429 κατὰ

334 2461 427 2516 τδν
482 2462 793 2533 Σύμμαχον,
839 2480 859 2515 ι
907 2463 1059 2533 Μηδὲ
1113 2464 1469 2534 ὲπιπωμάσαι
1508 2480 1598 2535 μοι
1644 2464 1820 2536 φρέαρ
1853 2465 1916 2518 τὸ

334 2553 511 2627 στόμα
535 2554 720 2609 αὑτοῦ.
765 2573 783 2607 ι
820 2553 930 2608 Καὶ
961 2554 1055 2608 νῦν
1096 2554 1200 2627 μὲν
1252 2554 1460 2609 ὑδάτων
1515 2554 1787 2627 μέμνηται
1819 2557 1915 2612 καὶ

334 2644 514 2717 βυθῶν
568 2646 663 2701 καὶ
713 2647 945 2718 φρέατος
964 2663 979 2676 ·
1036 2647 1096 2699 ὲν
1148 2647 1207 2701 δὲ
1236 2646 1313 2718 τῷ
1337 2644 1422 2701 κα⁹
1453 2646 1654 2719 ψαλμῷ
1677 2648 1746 2701 τὰ
1773 2648 1915 2703 αὐτὰ

331 2737 502 2793 ταῦτα
555 2738 856 2810 σημαίνων,
899 2738 1105 2811 ἑτέροις
1135 2737 1359 2809 ὀνόμασι
1406 2738 1670 2811 κέχρηται
1701 2739 1908 2809 λέγων’

337 2850 357 2884 ι
380 2829 565 2884 Ῥῦσαι
596 2830 704 2884 ἀπὸ
730 2829 1004 2902 ῥομφαίας
1030 2829 1128 2901 τὴν
1156 2829 1333 2900 ψυχήν
1362 2847 1483 2902 μου,
1515 2831 1609 2885 καὶ
1634 2830 1699 2885 ὲκ
1731 2833 1913 2905 χειρὸς

331 2921 492 2984 κυνὸς
516 2921 614 2991 τὴν
639 2921 895 2992 μονογενῆ
927 2938 1046 2991 μου.
1070 2920 1251 2975 Σῶσόν
1278 2939 1344 2992 με
1378 2924 1441 2974 ἐκ
1470 2922 1737 2993 στόματος
1762 2924 1912 2978 λέον-

330 3028 442 3075 τος,
474 3012 567 3065 καὶ
596 3011 703 3065 ἀπὸ
745 3011 992 3083 κεράτων
1034 3010 1417 3083 μονοκερώτων
1461 3012 1559 3085 τὴν
1585 3014 1912 3070 ταπείνωσίν

2010 1937 2083 1977 ac
2114 1922 2162 1978 si
2185 1923 2512 1980 occlusisset
2534 1941 2597 1981 os
2614 1940 2799 1991 suum,
2824 1939 2893 1980 ne
2920 1924 3047 1996 quis
3071 1922 3198 1979 inde
3213 1928 3597 1979 reverteretur.

2017 2012 2234 2071 Mecum
2262 2025 2444 2073 autem
2479 2033 2548 2074 ne
2570 2017 2688 2089 pari
2719 2018 2882 2072 modo
2911 2024 3121 2091 agatur.
3154 2015 3337 2083 Quare
3363 2016 3461 2070 tibi
3494 2013 3599 2069 Pa-

2012 2107 2090 2160 tri
2134 2110 2384 2178 supplico
2422 2110 2610 2166 dicens
2641 2130 2655 2167 ;
2684 2128 2703 2160 ι
2737 2109 2859 2165 Non
2890 2126 2976 2165 me
2998 2110 3279 2180 demergat
3304 2115 3598 2180 tempestas

2016 2213 2191 2268 aquae,
2219 2216 2396 2271 neque
2444 2203 2735 2257 absorbeat
2784 2217 2870 2258 me
2904 2200 3259 2272 profundum,
3301 2215 3477 2270 neque
3509 2214 3599 2254 ur-

2016 2300 2138 2360 geat
2175 2308 2341 2363 super
2375 2308 2463 2350 me
2495 2303 2694 2366 puteus
2734 2308 2799 2349 os
2838 2309 3032 2362 suum;
3068 2312 3092 2346 ο
3133 2292 3248 2349 sive
3294 2291 3598 2349 secundum

2018 2378 2403 2450 Symmachum
2441 2402 2454 2439 :
2495 2401 2516 2437 ι
2553 2382 2741 2455 Neque
2783 2383 3002 2440 obturet
3050 2398 3216 2455 super
3262 2397 3350 2438 me
3399 2389 3599 2453 puteus

2016 2487 2079 2528 os
2107 2488 2291 2529 suum.
2324 2494 2347 2528 ι
2383 2473 2448 2529 Et
2465 2475 2579 2547 jam
2614 2476 2834 2547 quidem
2865 2482 3056 2547 aquas,
3116 2473 3388 2547 profunda
3412 2481 3469 2530 et
3492 2489 3599 2545 pu-

2013 2572 2161 2619 teum
2188 2573 2457 2623 memorat
2482 2584 2502 2623 ι
2535 2566 2591 2620 in
2619 2564 2886 2623 vicesimo
2928 2575 3111 2621 autem
3156 2564 3338 2635 primo
3384 2562 3597 2634 psalmo

2014 2653 2203 2710 eadem
2235 2657 2352 2727 ipsa
2395 2657 2519 2713 aliis
2553 2658 2839 2714 vocabulis
2867 2658 3082 2714 indicat
3118 2658 3308 2713 dicens
3341 2676 3355 2713 :
3391 2675 3413 2710 ι
3450 2654 3598 2714 Erue

2012 2762 2047 2799 ιι
2081 2744 2306 2814 framea,
2336 2746 2501 2814 Deus,
2535 2749 2779 2806 animam
2814 2764 3014 2817 meam,
3037 2749 3192 2806 etde
3226 2765 3395 2804 manu
3440 2749 3595 2805 canis

2010 2833 2346 2903 migenitam
2400 2852 2599 2892 meam.
2658 2837 2819 2893 Salva
2850 2855 2938 2893 me
2987 2855 3056 2897 ex
3109 2855 3204 2895 ore
3238 2840 3433 2903 leonis,
3476 2848 3530 2894 et
3563 2854 3597 2893 a

2012 2926 2276 2982 cornibus
2314 2928 2660 2983 unicornium
2719 2931 3083 2986 humilitatem
3134 2946 3310 2985 meam
3346 2931 3410 2986 ³⁷.
3457 2950 3476 2983 ι
3528 2929 3596 2988 Et

2015 3016 2132 3071 haec
2166 3018 2233 3073 de
2264 3018 2597 3078 adversariis
2630 3022 3000 3093 patestattbus
3036 3022 3090 3077 in
3126 3021 3367 3087 inferno,
3409 3029 3467 3075 ut
3500 3037 3593 3076 vo-

336 3122 460 3175 μου.
504 3123 522 3156 ι
555 3103 667 3157 Καὶ
693 3100 867 3158 ταῦτα
898 3101 1007 3175 γάρ
1038 3104 1165 3175 περὶ
1196 3102 1305 3155 τῶν
1357 3104 1414 3157 ἐν
1465 3102 1544 3175 τῷ
1594 3105 1910 3176 καλουμένῳ

2018 3116 2164 3177 cant,
2198 3109 2522 3182 degentibus
2554 3114 2701 3169 dicta
2732 3123 2882 3177 sunt,
2922 3122 2981 3168 ut
3004 3115 3058 3170 in
3091 3114 3407 3185 hujusmodi
3446 3115 3594 3169 loco-

330 3196 435 3270 ᾅδῃ
456 3194 734 3266 δυνάμεων
754 3194 1141 3265 ἀντικειμένων
1170 3194 1436 3259 λέλεκται,
1456 3194 1536 3258 ὼς
1563 3195 1689 3258 τοὺς
1708 3196 1907 3260 τόπους

2012 3210 2137 3249 rum
2166 3177 2534 3267 explicatione
2556 3199 2979 3258 declaravimus.

330 3287 677 3363 διηγούμενοι
707 3288 1152 3357 παρεστήσαμεν.

403 3398 425 3434 ι
458 3380 787 3434 Είσάκουσόν
844 3396 965 3449 μου,
1022 3379 1214 3451 Κύριε,
1264 3380 1345 3434 ὅτι
1401 3379 1637 3453 χρηστὸν
1667 3379 1729 3433 τὸ
1763 3379 1909 3444 ἔλεός

332 3491 459 3528 σου’
491 3473 631 3527 κατὰ
674 3472 733 3527 τὸ
777 3472 977 3543 πλῆθος
1017 3472 1124 3524 τῶν
1152 3472 1450 3543 οἰκτιρμῶν
1485 3490 1579 3526 σου
1618 3473 1908 3543 ὲπίόλεψον

329 3566 417 3618 ἐπ’
445 3564 568 3635 ἐμέ.
606 3585 626 3617 ι
657 3564 766 3616 Καὶ
818 3562 1046 3616 ἐνταῦθα
1071 3562 1157 3616 διὰ
1177 3562 1271 3616 τοῦ
1301 3566 1429 3636 παρ’
1457 3564 1728 3636 Ἑϐραίοις
1749 3566 1908 3619 ἀνεκη

330 3659 579 3728 φωνήτου
636 3655 725 3708 τὸν
772 3653 965 3709 ἑαυτοῦ
1003 3655 1220 3726 Πατέρα
1272 3657 1300 3709 ὁ
1352 3655 1540 3728 Σωτὴρ
1568 3657 1907 3712 ἐπικαλεῖται

327 3748 503 3819 λέγων
524 3766 539 3780 ’
582 3749 796 3820 Ἐπειδὴ
826 3748 953 3801 τάδε
986 3749 1081 3801 καὶ
1112 3748 1238 3801 τάδε
1274 3749 1471 3820 ᾔτησα,
1502 3750 1590 3804 ἵνα
1620 3750 1694 3823 μὴ
1722 3751 1905 3821 ὲμπά-

328 3858 413 3910 γω
436 3844 514 3904 εἰς
541 3841 630 3894 τὸν
665 3841 853 3913 πηλὸν,
872 3841 966 3893 καὶ
992 3841 1140 3905 ὅπως
1183 3836 1441 3912 ’ῥυσθείην
1469 3843 1535 3894 ἐκ
1560 3841 1667 3895 τῶν
1700 3842 1906 3913 βαθέων

326 3930 437 3987 τῶν
457 3932 684 3996 ὑδάτων,
710 3932 778 3985 τά
808 3948 865 3986 τε
885 3930 1093 3994 τούτοις
1115 3931 1263 4001 ἑξῆς,
1290 3931 1480 3987 τούτου
1504 3933 1663 4004 χάριν
1688 3932 1906 3986 ἐπίνευο

330 4026 424 4079 σόν
459 4043 560 4095 μου
589 4028 655 4095 τῇ
701 4024 901 4095 δεήσει,
934 4018 979 4076 ὦ
1015 4022 1209 4095 Κύριε,
1244 4040 1263 4074 ι
1297 4023 1376 4076 ὅτι
1408 4025 1641 4097 χρηστὸν
1669 4024 1730 4078 τὸ
1758 4025 1907 4090 ἔλεός

330 4117 557 4187 σο·ι,κα“ι
579 4117 718 4170 κατὰ
733 4115 792 4168 τὸ
812 4114 1016 4184 πλῆθος
1042 4114 1150 4168 τῶν
1168 4114 1466 4185 οἰκτιρμῶν
1495 4133 1586 4169 σου
1612 4115 1904 4187 ὲπίδλεψον

326 4212 417 4261 ἐπ’
447 4209 565 4280 ὲμέ.
596 4210 686 4280 Μὴ
720 4208 1060 4278 άπόστρεψον
1086 4207 1148 4260 τὸ
1174 4206 1464 4278 πρόσωπόν
1518 4223 1611 4260 σου
1645 4209 1758 4263 ἀπὸ
1810 4208 1902 4262 τοῦ

323 4302 516 4365 παιδός
558 4318 671 4353 σου.
712 4320 730 4353 ι
770 4301 860 4355 Ἑν
892 4294 973 4363 οἷς
1023 4298 1331 4370 παρακαλεῖ
1374 4298 1682 4369 ἐπιϐλέψαι,
1710 4301 1802 4353 καὶ
1828 4300 1903 4372 μὴ

322 4390 665 4461 ἀποστρέψαι
697 4390 757 4442 τὸ
778 4389 1067 4461 πρόσωπον
1098 4389 1158 4454 ἐξ
1190 4388 1391 4442 αὐτοῦ’
1429 4388 1495 4444 ἵν’
1518 4389 1707 4462 ὥσπερ
1732 4390 1904 4462 μέγας

2093 3372 2257 3432 Vens.
2306 3375 2515 3432 l7-21.
2575 3395 2595 3429 ι
2644 3374 3000 3445 Exaudime,
3048 3374 3301 3439 Domine,
3332 3374 3590 3446 quoniam

2009 3472 2245 3542 benigna
2283 3477 2367 3526 est
2400 3468 2776 3525 misericordia
2804 3478 2922 3537 tua,
2950 3470 3263 3525 secundum
3291 3470 3595 3526 multitudi—

2011 3580 2135 3621 nem
2196 3563 2613 3619 miserationum
2668 3570 2886 3617 tuarum
2934 3563 3147 3633 respice
3189 3562 3248 3618 in
3281 3579 3387 3619 me.
3427 3582 3447 3616 ι
3495 3562 3594 3618 llic

2009 3670 2227 3727 quoque
2264 3654 2527 3711 inell‘abili
2566 3654 2713 3725 apud
2743 3654 3003 3709 Hebraeos
3028 3668 3167 3711 voce
3200 3654 3462 3710 Servator
3488 3654 3595 3711 Pa-

2009 3756 2147 3803 trem
2165 3761 2329 3801 suum
2354 3746 2573 3801 invocat
2600 3745 2793 3801 dicens
2825 3766 2839 3802 :
2868 3745 3007 3813 Quia
3028 3746 3152 3802 haec
3179 3755 3233 3801 et
3260 3746 3352 3801 illa
3383 3749 3587 3818 rogavi,

2010 3849 2073 3895 ut
2100 3855 2167 3895 ne
2196 3838 2391 3910 inligar
2414 3838 2467 3893 in
2487 3840 2620 3903 luto,
2644 3846 2706 3893 ut
2730 3840 2927 3894 liberer
2947 3838 3279 3909 aprofundis
3302 3855 3590 3911 aquarum,

2010 3940 2067 3989 et
2102 3938 2299 3988 caatera
2332 3946 2454 4001 quae
2496 3937 2823 4001 sequuntur,
2862 3930 2984 3984 ideo
3009 3945 3191 3986 annue
3223 3930 3591 3986 obsecrationi

2010 4036 2163 4085 mete,
2189 4036 2222 4075 ο
2248 4020 2495 4086 Domine,
2528 4037 2551 4073 ι
2595 4020 2852 4090 quoniam
2884 4019 3121 4091 benigna
3153 4029 3236 4077 est
3276 4020 3592 4074 misericor-

2008 4112 2097 4167 dia
2118 4120 2241 4178 tua,
2278 4121 2331 4168 et
2373 4111 2675 4168 secundum
2726 4110 3135 4167 multitudinem
3176 4112 3588 4171 inliserationum

2008 4214 2225 4261 tuarum
2266 4206 2478 4275 respice
2510 4205 2565 4259 in
2598 4220 2702 4259 me.
2743 4202 2822 4260 Ne
2862 4211 3081 4259 avenas
3132 4204 3328 4261 faciem
3372 4213 3519 4259 tuam
3558 4219 3589 4257 a

2002 4313 2180 4370 puere
2206 4307 2321 4352 tuo.
2363 4317 2382 4348 ι
2424 4296 2635 4364 Quibus
2663 4305 2815 4367 rogat
2846 4304 2905 4351 ut
2934 4298 3213 4367 respiciat,
3242 4313 3348 4352 nec
3383 4304 3593 4353 avertat

2007 4391 2203 4447 faciem
2236 4406 2390 4446 suam
2436 4406 2467 4445 a
2511 4406 2592 4455 se,
2641 4397 2701 4444 ut
2767 4390 2929 4461 quasi
2976 4406 3209 4460 magnus
3254 4393 3588 4461 agonotbeta

323 4480 668 4551 ἀγωνοθέτης
716 4480 982 4553 δοκιμάσῃ
1010 4480 1100 4532 τὸν
1130 4479 1314 4548 ἀγῶνα
1345 4478 1405 4531 δν
1443 4479 1650 4551 ὑπέστη
1684 4481 1777 4536 καὶ
1803 4482 1903 4554 τὴν

2012 4484 2201 4553 probet
2224 4482 2374 4554 quod
2400 4491 2682 4553 certamen
2708 4482 2964 4548 subierit,
3004 4498 3167 4554 quam
3195 4484 3515 4553 patientiam
3535 4492 3590 4540 et

323 4572 601 4644 ὑπομονὴν
647 4572 741 4626 καὶ
792 4571 890 4642 τὴν
915 4572 1256 4636 ταπείνωσιν,
1299 4572 1382 4641 ἐφ’
1505 4572 1899 4643 σεμνυνόμενος

2012 4575 2369 4629 humilitatem
2404 4593 2417 4631 :
2452 4574 2519 4631 de
2544 4591 2651 4645 qua
2680 4575 2969 4645 gloriatus,
3008 4574 3223 4629 Patrem
3257 4583 3412 4644 rogat
3438 4585 3497 4629 ut
3522 4592 3590 4631 ne

270 4669 289 4688 -
322 4665 468 4733 ἀξιοῖ
509 4664 598 4718 τὸν
645 4663 861 4733 Πατέρα
911 4662 983 4733 μὴ
1022 4661 1357 4734 ἀποστρέψαι
1410 4662 1469 4715 τδ
1510 4664 1800 4734 πρόσωπον
1841 4663 1900 4730 ἐξ

323 4757 514 4821 αὐτοῦ,
562 4756 674 4808 ἀλλ’
730 4755 1013 4825 ἐπιϐλέψαι
1082 4757 1161 4820 εἰς
1224 4754 1405 4809 αὐτόν.
1434 4750 1568 4809 Εἶτα
1623 4755 1898 4825 ἐπιλέγειο

328 4867 350 4902 ι
390 4851 511 4902 Ὀτι
554 4847 823 4919 θλίϐομαι,
857 4847 995 4918 ταχὺ
1036 4847 1335 4902 ἐπάκουσον
1366 4864 1497 4917 μου*
1526 4866 1544 4899 ι
1573 4846 1607 4918 ἢ
1646 4848 1788 4902 κατὰ
1812 4850 1904 4903 τὸν

336 4940 591 5003 Ἀκύλαν,
631 4958 649 4990 ι
689 4941 808 4992 Ὅτι
852 4939 1035 4993 στενόν
1070 4956 1178 5010 μοι,
1212 4939 1350 5009 ταχὺ
1382 4938 1683 4993 ἐπάκουσον
1725 4958 1846 5012 μου.
1878 4960 1896 4994 ι

320 5033 557 5104 Νοήσεις
596 5032 653 5085 δὲ
694 5032 788 5085 καὶ
817 5031 1004 5084 τούτου
1035 5032 1132 5103 τὴν
1152 5031 1393 5087 διάνοιαν
1422 5033 1724 5102 ἐπιστήσας
1753 5033 1903 5095 ὅπως

320 5124 538 5198 εἴρηται
570 5125 650 5190 τὸ,
687 5143 705 5176 ι
728 5124 893 5196 Στενὴ
917 5125 1009 5177 καὶ
1037 5124 1419 5195 τεθλιμμένηὴ
1446 5124 1564 5187 ὁδὸς
1596 5126 1628 5196 η
1660 5125 1901 5194 ἀπάγου-

322 5231 393 5270 σα
427 5217 507 5277 είς
540 5216 639 5286 τὴν
668 5213 832 5285 ζωὴν,
860 5216 951 5267 καὶ
985 5213 1153 5281 ὀλίγοι
1182 5214 1320 5266 εἰσὶν
1352 5213 1402 5265 οἱ
1433 5214 1800 5285 εἰσερχόμενοι
1829 5213 1896 5267 δι’

319 5307 513 5377 αὐτῆς.
562 5326 581 5360 ι
624 5307 847 5378 Πρῶτος
882 5304 1011 5375 γοῦν
1057 5305 1219 5369 αὐτὸς
1256 5304 1353 5375 τὴν
1385 5304 1576 5375 στενὴν
1604 5304 1773 5375 αὐτὴν
1802 5307 1897 5359 καὶ

318 5397 417 5471 τὴν
443 5397 807 5469 τεθλιμμένην
834 5396 1056 5461 ὁδεύσας
1078 5395 1262 5465 ἔλεγεν
1280 5412 1293 5426 ·
1336 5415 1354 5446 ι
1383 5397 1502 5450 ’Ότι
1537 5398 1695 5467 στενή
1731 5413 1840 5466 μοι,
1870 5417 1889 5449 ο

314 5490 435 5553 καὶ,
474 5506 494 5540 ι
539 5490 623 5543 ὅτι
660 5489 931 5559 θλίϐομαι,
964 5487 1100 5557 ταχὺ
1136 5486 1435 5539 ἐπάκουσον
1470 5502 1591 5557 μου”
1621 5506 1641 5539 ι
1679 5488 1895 5559 Ἐδήλου

314 5581 376 5639 δὲ
402 5582 498 5636 καὶ
522 5580 610 5637 διὰ
638 5581 745 5636 τῶν
772 5579 1076 5654 ἔμπροσθεν
1104 5579 1202 5651 τὴν
1236 5578 1411 5649 θλίψιν
1444 5579 1637 5633 ἑαυτοῦ
1671 5581 1766 5636 καὶ
1798 5581 1897 5655 τὴν

284 5794 287 5799 ‹
389 5761 436 5798 ι’
475 5764 621 5819 Psal.
665 5780 781 5829 xm,
822 5764 914 5826 21,
954 5762 1044 5816 2‘2.
1076 5764 1168 5837 ,ίκ
1208 5763 1397 5820 Matth.
1440 5779 1536 5833 vn,
1584 5764 1664 5820 ιι.

482 5862 757 5923 ιἈι-ιιοι..
805 5860 921 5922 Gn.
958 5859 1195 5923 XXIII.

2009 4676 2220 4724 avertat
2252 4667 2445 4723 faciem
2475 4684 2654 4728 suam.
2683 4666 2785 4721 sed
2814 4667 3180 4737 se'rcspiciat.
3220 4665 3426 4722 Dehinc
3460 4668 3591 4723 sub-

1984 4810 1991 4817 .
2003 4760 2185 4830 jungit
2214 4778 2227 4813 :
2269 4779 2288 4810 ι
2314 4758 2591 4825 Quoniam
2618 4759 2877 4823 tribulor,
2894 4758 3156 4814 velociter
3182 4758 3381 4813 exaudi
3407 4774 3493 4814 me
3516 4777 3534 4825 ς
3563 4780 3581 4812 ι

2002 4852 2124 4906 sive
2147 4850 2449 4906 secundum
2479 4850 2753 4921 Aquilam,
2780 4869 2800 4903 ι
2824 4849 2966 4915 Quia
2990 4857 3279 4920 angustum
3311 4850 3465 4915 mihi,
3494 4869 3589 4907 ver

2006 4943 2196 5001 lociter
2228 4942 2425 4998 exaudi
2453 4958 2558 4998 me.
2601 4962 2622 4994 ο
2661 4941 2814 4996 Hanc
2843 4957 3010 5013 porro
3048 4943 3378 4998 sententiam
3414 4944 3585 5002 intel-

2003 5034 2163 5104 liges,
2197 5036 2243 5088 si
2280 5032 2595 5089 consideres
2624 5032 2772 5103 quod
2807 5032 3013 5088 dictum
3046 5041 3133 5089 est
3160 5053 3173 5089 :
3209 5051 3228 5086 ι
3259 5034 3505 5105 Angusta
3529 5043 3584 5092 et

2004 5132 2156 5178 arcta
2193 5124 2280 5177 via
2327 5130 2411 5178 est
2440 5136 2562 5191 quae
2613 5123 2763 5177 ducit
2814 5120 2881 5175 ad
2915 5121 3108 5189 vitam,
3160 5130 3217 5178 et
3261 5124 3420 5192 pauci
3450 5128 3582 5181 sunt

2004 5216 2098 5286 qui
2133 5215 2520 5286 ingrediuntur
2544 5230 2640 5284 per
2677 5231 2795 5271 eam
2827 5217 2893 5271 ’⁸.
2938 5237 2956 5271 ι
2998 5214 3117 5288 [pse
3144 5217 3330 5287 igitur,
3353 5215 3444 5285 qui
3469 5216 3580 5285 priv

2006 5325 2131 5363 mus
2160 5308 2263 5363 hac
2306 5314 2543 5377 angusta
2598 5314 2651 5362 et
2706 5316 2856 5364 arcta
2898 5309 2982 5364 via
3026 5308 3274 5371 incessit,
3310 5306 3574 5361 dicebat:

2006 5418 2030 5451 ι
2062 5398 2335 5465 Quoniam
2364 5405 2597 5468 angusta
2631 5398 2787 5460 mihi,
2827 5419 2847 5451 ι
2878 5410 2954 5465 et,
2982 5418 3001 5450 ι
3032 5399 3289 5470 quoniam
3321 5396 3574 5455 tribulor.

2004 5492 2264 5547 velociter
2283 5489 2479 5545 exaudi
2509 5506 2617 5544 me.
2650 5508 2667 5541 ι
2700 5488 2755 5544 In
2776 5493 3384 5562 superioribusququ
3407 5488 3580 5545 tribu-

2001 5584 2262 5641 lationem
2310 5593 2363 5639 et
2396 5582 2700 5654 angustiam
2749 5598 2905 5641 suam
2952 5584 3033 5642 sic
3061 5580 3417 5641 declarabat:
3450 5596 3472 5633 ι
3511 5577 3579 5634 Et

3216 5851 3290 5917 2t
