4068 6534
505 295 613 351 ἐιῖ

1144 290 1410 347 EUSEBII
1452 290 1934 348 CESARIENSlS
1973 290 2124 348 OPP.
2168 291 2351 348 PARS
2392 289 2479 346 Ill.
2525 321 2591 332 —-
2626 288 3055 347 EXEGETICA.

3656 295 3761 347 ’3ιῖ

505 411 696 483 operui
737 409 790 464 in
813 407 1024 480 jejunio
1061 409 1296 462 animam
1342 422 1540 474 meam,
1574 416 1628 463 et
1664 408 1866 462 factum
1895 418 1979 464 est
2024 409 2077 463 in

2185 411 2440 464 στένωσιν
2474 408 2677 480 λέγων’
2715 427 2734 460 ι
2774 408 2882 461 Καὶ
2929 407 3273 477 συνεκάλυψα
3313 409 3368 461 ὲν
3409 408 3634 480 νηστείᾳ
3663 407 3764 480 τὴν

505 504 858 575 opprobrium
909 502 1061 556 mihi.
1117 499 1182 554 Et
1233 500 1388 570 posui
1451 503 1835 556 vestimentum
1899 516 2078 555 meum

481 587 750 654 saccum.
784 616 802 650 ι
832 594 1045 651 Patrem
1078 593 1262 664 itaque
1293 593 1518 663 rogabat
1538 593 1652 648 lucc
1699 603 1757 648 ut
1785 594 2079 664 respiceret

504 689 958 747 et'consideraret
985 702 1106 758 qua:
1144 701 1242 756 pro
1270 686 1428 740 nobis
1461 685 1761 740 certamina
1801 686 2080 741 sustinue-

501 785 596 837 rit.
625 779 806 847 Quare
831 779 1043 834 dicebat
1080 798 1092 834 :
1126 797 1145 829 ι
1179 776 1401 832 Intende
1427 777 1621 832 animae
1651 793 1804 840 mere,
1829 785 1883 832 et
1912 778 2078 833 libera

436 922 438 926 ,
500 886 645 927 eam.
690 891 708 924 ι
745 870 947 926 Deinde
968 886 1095 926 vero
1128 878 1274 924 recte
1307 869 1446 923 facta
1485 867 1780 924 ostendens
1815 885 1935 934 sua,
1959 885 2081 939 qua:

454 979 458 1031 ι
503 969 564 1014 ut
603 961 693 1016 ille
739 961 998 1033 respiciat
1050 960 1323 1022 obsecrat,
1373 959 1597 1030 pergit:
1641 977 1658 1010 ι
1698 959 1927 1031 Propter
1976 961 2081 1014 ini-

449 1095 458 1130 ί
502 1053 678 1107 mices
709 1067 859 1109 meos
887 1054 1032 1124 eripe
1071 1068 1174 1108 me.
1206 1053 1285 1107 Tu
1320 1053 1429 1108 scis
1469 1052 1860 1122 improperium
1898 1068 2080 1107 meum

499 1151 556 1198 et
575 1145 954 1201 confusionem
972 1161 1168 1208 meam,
1189 1155 1238 1200 et
1256 1145 1611 1200 reverentiam
1630 1161 1823 1199 meam.
1842 1165 1858 1196 ι
1881 1145 2081 1212 Quem-

501 1235 800 1291 admodum
825 1237 968 1292 enim
999 1252 1162 1306 supra
1196 1237 1411 1291 dicebat
1446 1256 1458 1290 :
1492 1254 1510 1287 ι
1549 1234 1630 1290 Τιι
1666 1238 1776 1291 scis
1819 1236 2082 1307 insipien-

500 1327 636 1381 tiam
665 1342 861 1392 meam,
899 1337 954 1382 et
984 1326 1180 1381 delicta
1207 1341 1323 1381 mea
1365 1343 1395 1378 α
1448 1333 1502 1381 te
1535 1341 1642 1380 non
1683 1335 1809 1379 sunt
1856 1325 2083 1381 abscon-

503 1417 658 1483 dita;
701 1436 720 1469 ι
762 1416 844 1472 sic
877 1425 931 1471 et
976 1431 1144 1476 nunc.
1190 1423 1307 1480 tua,
1341 1415 1541 1486 inquit,
1577 1415 1884 1485 cvgnitione
1918 1413 2080 1485 digna

506 1513 636 1562 sunt
685 1505 1010 1576 improperia
1061 1522 1200 1560 mea.
1255 1505 1330 1561 De
1394 1507 1502 1561 illis
1544 1521 1763 1576 quoque
1828 1505 2080 1575 superius

505 1600 700 1670 agebat
724 1598 914 1654 dicens
953 1618 970 1652 :
1009 1617 1028 1650 ι
1062 1599 1368 1669 Oppi-ebria
1393 1600 1838 1669 exprobrantium
1869 1599 1964 1652 tibi
1992 1614 2082 1654 ce-

501 1689 758 1746 ciderunt
788 1705 955 1761 super
984 1706 1089 1745 me.
1125 1710 1143 1740 ι
1188 1690 1639 1761 Quandoquidem
1688 1691 1853 1762 igitur
1881 1706 1949 1747 ex
1989 1691 2081 1760 ju-

505 1783 652 1839 dicio
678 1790 773 1839 tuo
804 1792 859 1838 et
879 1791 1030 1838 .nutu
1060 1785 1353 1854 opprobria
1404 1786 1640 1840 sustinui
1672 1793 1726 1840 et
1784 1785 2080 1856 ignominia

504 1877 719 1946 plenam
753 1877 1086 1947 passionem,
1124 1877 1244 1931 ideo
1276 1877 1439 1932 dico:
1472 1894 1490 1927 ι
1538 1875 1618 1930 Τιι
1656 1877 1765 1932 scis
1806 1877 2080 1947 imprope-

504 1967 649 2021 rium
681 1983 862 2024 meum
889 1975 946 2022 et
973 1967 1352 2023 confusionem
1397 1983 1570 2022 meam
1623 1976 1677 2022 et
1721 1967 2079 2022 reverentiam

502 2071 703 2113 meam.
745 2077 764 2110 ι
799 2057 1189 2114 Confusiunem
1221 2058 1367 2114 nosti
1404 2073 1602 2123 meam,
1646 2074 1754 2112 non
1799 2057 2078 2128 indignam

503 2150 698 2205 notitia
749 2157 874 2216 tua,
926 2159 982 2208 et
1034 2155 1396 2208 reverentiam
1449 2168 1546 2207 seu
1598 2151 1882 2223 pudorem,
1917 2167 2078 2222 quem

503 2241 766 2307 sustinui,
801 2258 925 2298 cum
958 2263 977 2294 ‹
1012 2245 1243 2302 dorsum
1272 2262 1448 2301 meum
1476 2244 1604 2301 dedi
1651 2245 1721 2298 ad
1767 2244 1998 2314 ﬂagella,
2027 2253 2082 2298 et

498 2335 699 2390 faciem
743 2351 918 2392 meam
941 2337 1012 2392 ad
1061 2335 1270 2408 alapas.
1308 2358 1326 2390 ι
1365 2337 1550 2408 Neque
1602 2338 1718 2407 pari
1771 2344 1934 2406 atque
1980 2351 2080 2406 ego

499 2424 718 2481 ratione
744 2428 1061 2482 cruciantes
1095 2443 1183 2482 me
1229 2430 1373 2484 nosti
1411 2448 1434 2482 .:
1475 2444 1657 2498 neque
1694 2427 1844 2481 enim
1877 2426 1951 2479 illi
1986 2441 2081 2481 co-

503 2516 747 2587 gnitione
769 2525 864 2572 tua
892 2519 1061 2590 digni.
1081 2518 1264 2585 Quare
1297 2521 1363 2575 de
1393 2521 1500 2575 illis
1533 2520 1656 2575 dico
1685 2539 1696 2572 :
1724 2538 1744 2569 ι
1780 2517 1984 2572 Contra
2027 2526 2080 2573 te

499 2619 633 2666 sunt
670 2625 859 2666 omnes
877 2611 972 2681 qui
1010 2611 1277 2666 tribulant
1307 2627 1411 2668 me.
1452 2631 1470 2665 ι
1504 2610 1582 2665 ita
1614 2626 1779 2681 porro
1809 2617 1999 2664 contra
2027 2617 2079 2664 te

498 2711 653 2768 sunt,
685 2711 746 2758 ut
778 2704 1053 2759 contraria
1109 2705 1207 2758 tibi
1246 2705 1528 2775 eligentes,
1562 2719 1758 2774 meque
1808 2703 2074 2764 cruciant,

493 2796 638 2851 nihil
671 2796 922 2852 utilitatis
973 2813 1038 2851 ex
1085 2796 1394 2851 ministerio
1444 2809 1565 2851 meo
1606 2797 1776 2861 nacti,
1813 2803 1977 2865 atque
2020 2794 2078 2848 in

496 2904 660 2944 suam
691 2889 989 2960 perniciem
1023 2888 1298 2944 cruciant.
1338 2887 1502 2944 Addit
1535 2897 1724 2959 postea
1760 2906 1776 2944 :
1812 2905 1832 2939 ι
1869 2886 2079 2955 Impro-

497 2982 710 3052 perium
737 2982 1070 3053 exspectavit
1104 2997 1202 3036 cor
1238 2997 1416 3036 meum
1447 2989 1501 3036 et
1531 2981 1826 3036 miseriam.
1868 3000 1886 3032 ο
1920 2978 2077 3045 Quod

499 3073 706 3129 clarius
764 3075 1159 3145 interpretatus
1220 3071 1585 3145 Symmachus
1657 3081 1741 3128 est
1809 3071 2000 3127 dicens
2056 3089 2071 3124 :

505 3186 525 3217 ι
563 3167 955 3238 Improperium
987 3167 1258 3236 confregit
1286 3183 1381 3221 cor
1409 3183 1611 3230 meum,
1636 3176 1690 3221 et
1721 3166 2012 3229 dolebam;
2051 3185 2068 3216 ι

499 3258 692 3327 Aquila
730 3273 882 3322 vero,
913 3277 934 3311 ι
978 3257 1396 3330 lmproperium,
1446 3258 1647 3330 inquit,
1684 3258 1944 3314 contrivit
1981 3273 2076 3314 cor

497 3363 701 3410 meum,
730 3356 784 3403 et
809 3348 1128 3419 desperatus
1164 3366 1304 3405 sum.
1332 3370 1350 3403 ›

572 3533 741 3594 Vens.
779 3537 985 3594 22-25.
1021 3557 1040 3591 ‹
1081 3539 1146 3594 Et
1191 3540 1428 3596 sustinui
1454 3541 1548 3611 qui
1577 3541 1742 3597 simul
1778 3543 2076 3597 contrista~

495 3635 672 3694 retur,
698 3639 752 3685 et
777 3645 883 3685 non
909 3629 1042 3699 fuit;
1060 3639 1109 3687 et
1128 3631 1221 3703 qui
1246 3631 1646 3695 consolaretur,
1667 3641 1720 3688 et
1735 3647 1842 3687 non
1874 3631 2076 3688 inveni.

489 3719 570 3773 Et
609 3719 880 3777 dederunt
904 3722 957 3776 in
997 3737 1180 3778 escam
1214 3737 1388 3777 meam
1419 3720 1510 3786 fel,
1543 3734 1598 3778 et
1625 3725 1679 3776 in
1711 3723 1800 3779 siti
1833 3737 1952 3778 mea
1979 3737 2078 3793 po-

493 3807 773 3869 taverunt'
797 3831 884 3870 me
930 3822 1106 3872 aceto.
1147 3836 1165 3869 ι
1191 3814 1504 3872 Secundum
1554 3815 1940 3888 Symmachum
1976 3831 2074 3870 au-

494 3915 610 3961 tem
643 3927 655 3961 :
691 3926 710 3959 ι
745 3906 810 3960 Et
830 3908 1220 3978 exspectabam
1271 3910 1362 3980 qui
1410 3910 1574 3964 simul
1628 3910 2070 3971 contristaretur,

477 4003 554 4051 'et
583 4014 692 4052 non
722 3998 855 4064 fuit;
894 4009 947 4054 et
978 4005 1379 4064 consolan-tem,
1411 4008 1465 4055 et
1496 4015 1603 4056 non
1640 4001 1844 4056 inveni.
1881 4000 1943 4054 Et
1989 4001 2072 4053 in-

495 4087 760 4156 jiciebaut
790 4089 845 4142 in
867 4089 1049 4145 cibum
1079 4105 1256 4144 meum
1290 4089 1382 4154 fel,
1413 4098 1471 4145 et
1495 4091 1550 4145 in
1582 4091 1670 4146 siti
1701 4107 1819 4146 mea
1853 4100 2074 4162 potave-

479 4184 629 4230 'runt
660 4193 745 4233 me
775 4186 950 4234 aceto.
987 4199 1008 4232 υ
1041 4180 1352 4252 Discipulos
1367 4182 1491 4250 ejus
1507 4191 1753 4254 tempore
1774 4185 2070 4254 passionis,

493 4270 621 4339 ipso
643 4268 924 4334 derelicto,
951 4271 1228 4344 eﬂ‘ugisse,
1252 4290 1428 4344 neque
1451 4285 1636 4330 tamen
1660 4277 1848 4330 dolore
1873 4291 2075 4332 vacuos

498 4359 691 4429 fuisse,
715 4362 873 4418 docet
903 4366 1274 4438 E-vangelium.
1304 4367 1440 4423 Cum
1462 4369 1608 4424 enim
1640 4367 1834 4424 Petrus
1859 4370 2075 4426 flevisse

2183 501 2360 574 ψυχήν
2396 517 2518 573 μου,
2563 500 2656 553 καὶ
2707 498 2934 570 ἐγενήθη
2984 500 3063 562 είς
3107 498 3440 570 ὀνειδισμοὺς
3478 499 3620 570 ἐμοί.
3653 499 3765 553 Καὶ

2181 593 2382 664 ἐθέμην
2436 591 2498 646 τὸ
2539 590 2742 662 ἔνδυμα
2793 608 2892 662 μου
2935 590 3155 643 σάκκον.
3206 611 3223 642 ι
3273 591 3397 644 Ἐπὶ
3427 593 3637 654 τούτοις
3669 587 3764 644 οὖν

2183 686 2277 738 καὶ
2323 684 2622 757 παρεκάλει
2668 682 2759 736 τὸν
2801 683 3021 754 Πατέρα
3049 681 3314 753 ἐμϐλέψαι
3342 683 3435 736 καὶ
3464 681 3763 736 θεάσασθαι

2180 778 2306 839 τοὺς
2340 775 2531 839 ἄθλους
2561 773 2652 839 οὓς
2710 774 2851 846 ὑπὲρ
2903 773 3059 845 ἡμῶν
3112 773 3404 844 ὑπέμεινε·
3450 773 3530 827 διὸ
3573 774 3760 843 ἔλεγε·

2189 887 2206 919 ι
2249 869 2491 939 Πρὸσχες
2537 870 2605 939 τῇ
2657 867 2802 938 ψυχῇ
2851 884 2988 940 μου,
3035 865 3131 920 καί
3179 864 3452 938 λύτρωσαι
3505 865 3697 936 αὐτήν.
3741 885 3760 915 ι

2184 956 2315 1013 Εἶτα
2346 961 2556 1023 δεικνὺς
2601 960 2764 1013 αὑτοῦ
2806 959 2876 1013 τὰ
2910 957 3308 1031 κατορθώματα
3363 952 3444 1022 οἷς
3494 958 3766 1030 ἐμϐλέψαι

2185 1051 2504 1123 παρεκάλει,
2538 1051 2796 1119 ἐπιλέγειο
2822 1069 2840 1102 ι
2868 1052 3068 1104 Ἕνεκα
3097 1049 3204 1103 τῶν
3233 1049 3439 1122 ἐχθρῶν
3469 1067 3569 1121 μου
3599 1049 3764 1121 ῥῦσαί

2186 1163 2273 1216 με.
2307 1145 2378 1198 Σὺ
2405 1143 2731 1214 γιγνώσκεις
2759 1144 2849 1196 τὸν
2875 1143 3172 1215 ὀνειδισμόν
3204 1160 3303 1214 μου
3324 1143 3418 1196 καὶ⁹
3445 1143 3542 1214 τὴν
3574 1142 3766 1213 αἰσχύ-

2182 1247 2278 1296 νην
2315 1248 2435 1300 μου,
2464 1229 2560 1284 καλ⁹
2586 1231 2683 1302 τὴν
2715 1232 2982 1303 ἐντροπὴν
3026 1250 3148 1302 μου.
3189 1252 3207 1284 ι
3247 1229 3337 1294 Ὦς
3369 1232 3475 1304 γάρ
3507 1233 3767 1305 ἀνωτέρω

2182 1321 2368 1390 ἔλεγεο
2437 1339 2456 1372 ι
2509 1322 2581 1374 Σὺ
2633 1321 2804 1390 ἔγνως
2865 1323 2964 1392 τὴν
3017 1322 3326 1394 ἀφροσύνην
3384 1341 3506 1393 μου,
3553 1325 3651 1377 καὶ
3705 1323 3764 1377 αἱ

2183 1414 2552 1488 πλημμέλειαί
2590 1433 2689 1487 μου
2721 1416 2826 1469 ἀπὸ
2853 1415 2946 1469 σοῦ
2982 1416 3082 1468 οὐκ
3113 1415 3503 1487 άπεκρύϐησαν
3523 1435 3538 1446 ο
3572 1437 3592 1469 ›
3622 1415 3769 1470 οὕτω

2183 1507 2275 1560 καὶ
2300 1507 2394 1562 νῦν
2439 1509 2538 1580 τῆς
2588 1509 2707 1579 σῆς,
2741 1509 2899 1580 φησι,
2944 1506 3196 1576 γνώσεως
3239 1509 3589 1578 τυγχάνουσιν
3623 1510 3766 1574 ἄξιοι

2182 1599 2232 1652 oi
2283 1597 2576 1669 ὀνειδισμοί
2631 1617 2755 1670 μου.
2817 1599 3037 1670 Ἐδήλου
3070 1599 3126 1652 δὲ
3172 1599 3303 1672 περὶ
3351 1599 3552 1653 τούτων
3583 1603 3680 1654 καὶ
3707 1603 3764 1654 ἐν

2184 1694 2295 1754 τοῖς
2326 1691 2630 1763 ἔμπροσθεν
2663 1690 2836 1761 λέγων
2856 1708 2869 1721 ·
2905 1709 2924 1742 ι
2967 1692 3076 1746 Καὶ
3097 1693 3147 1744 οἱ
3179 1692 3470 1763 ὀνειδισμοὶ
3497 1693 3605 1745 τῶν
3627 1695 3764 1746 όνει-

2112 1767 2152 1821 Β
2180 1782 2432 1848 διωξόντων
2494 1799 2552 1835 σε
2586 1781 2860 1835 ἐπέπεσαν
2904 1781 2990 1834 ἐπ’
3042 1782 3162 1853 ὲμὲ.
3197 1801 3215 1834 ι
3261 1783 3411 1835 Ἐπεὶ
3455 1783 3632 1839 τοίνυν
3695 1788 3761 1857 σῇ

2180 1872 2357 1945 κρίσει
2415 1873 2507 1926 καὶ
2540 1871 2616 1943 σῷ
2656 1872 2924 1944 πνεύματι
2947 1873 3072 1937 τοὺς
3099 1873 3431 1944 ὀνειδισμοὺς
3474 1873 3764 1946 ὑπέμεινα,

2179 1965 2274 2020 καλ¹
2309 1963 2370 2016 τὸ
2413 1962 2611 2036 μεστὸν
2651 1963 2912 2034 αίσχύνης
2958 1963 3021 2016 τὸ
3057 1963 3243 2026 πάθος,
3269 1964 3356 2016 διὰ
3387 1963 3545 2018 τοῦτό
3588 1983 3761 2038 φημιο

2187 2077 2204 2109 ι
2242 2057 2312 2110 Σὺ
2341 2055 2627 2126 γινώσκεις
2660 2058 2751 2109 τὸν
2780 2057 3080 2126 ὀνειδισμόν
3118 2073 3218 2126 μου
3248 2057 3340 2110 καὶ
3374 2057 3472 2128 τὴν
3503 2057 3766 2130 αἰσχύνην

2183 2166 2306 2219 μου,
2345 2149 2438 2201 καὶ
2470 2149 2569 2218 τὴν
2617 2149 2884 2219 ὲντροπήν
2917 2165 3038 2219 μου.
3079 2169 3096 2198 ι
3136 2148 3248 2219 Τὴν
3303 2149 3400 2220 μὲν
3444 2149 3582 2222 ἐμὴν
3617 2145 3767 2217 οἶδας

2179 2239 2441 2312 αἰσχύνην
2477 2242 2576 2293 ούκ
2619 2236 2784 2294 οὖσαν
2826 2239 3050 2305 ἀναξίιτν
3085 2241 3180 2312 τῆς
3220 2241 3315 2312 σῆς
3343 2241 3616 2310 γνώσεως.
3658 2245 3768 2298 Καὶ

2179 2334 2276 2404 τὴν
2326 2335 2590 2405 ἐντροπὴν
2642 2351 2766 2405 μου,
2823 2334 2888 2406 ἦν
2945 2334 3233 2405 ὑπέμεινα,
3271 2353 3288 2385 ί
3329 2333 3421 2387 τὸν
3460 2334 3625 2387 νῶτόν
3663 2352 3767 2406 μου

2178 2427 2302 2491 δοὺς
2337 2428 2417 2491 είς
2453 2428 2723 2498 μάστιγας
2775 2428 2870 2481 καὶ
2914 2427 3014 2491 τὰς
3061 2429 3318 2497 σιαγόνας
3355 2446 3456 2500 μου
3491 2429 3570 2491 είς
3606 2429 3769 2502 ραπί·

2181 2533 2382 2586 σματα,
2421 2536 2438 2568 ι
2469 2517 2780 2586 γινώσκεις.
2811 2518 3006 2572 Οὐκέτι
3038 2518 3094 2571 δὲ
3117 2520 3319 2590 ὁμοίως
3344 2520 3469 2590 ἐμοὶ
3499 2521 3624 2584 τοὺς
3653 2518 3768 2573 θλί-

2178 2609 2373 2674 ϐοντάς
2423 2626 2489 2680 με
2529 2610 2851 2679 γινώσκειςο
2899 2610 2960 2663 ού
3003 2610 3112 2683 γὰρ
3152 2611 3250 2684 τῆς
3298 2611 3396 2682 σῆς
3437 2611 3797 2686 τυγχάνουσι-

2178 2699 2431 2769 γνώσεως
2478 2701 2637 2767 ἄξιοι.
2689 2701 2780 2756 Διὸ
2835 2703 2963 2775 περὶ
2995 2702 3173 2757 αὐτῶν
3218 2721 3394 2774 φημι,
3430 2719 3450 2754 ι
3494 2704 3766 2758 Ἐναντίον

2180 2791 2275 2846 σοῦ
2305 2793 2508 2857 πάντες
2557 2795 2607 2846 οἱ
2634 2792 2906 2858 θλίϐοντες
2943 2812 3029 2866 με.
3057 2815 3075 2846 ι
3098 2794 3252 2850 Οὕτω
3284 2795 3342 2848 δέ
3365 2796 3501 2848 εἰσιν
3526 2795 3767 2850 ἐναντίον

2179 2886 2294 2949 σοῦ,
2328 2886 2404 2952 ὡς
2431 2886 2499 2941 τὰ
2539 2885 2753 2940 ἐναντία
2789 2887 2871 2940 σοὶ
2895 2889 3269 2962 προῃρημένοι
3290 2907 3303 2919 ’
3341 2888 3584 2943 θλίϐουσι
3613 2889 3672 2943 δέ
3700 2907 3766 2962 με

2182 2981 2347 3053 μηδὲν
2375 2980 2740 3052 ὠφελούμενοι
2773 2982 2838 3034 ὲκ
2881 2981 2981 3052 τῆς
3006 2982 3146 3052 ἐμῆς
3179 2981 3492 3054 θεραπείας,
3521 2984 3615 3038 καλ⁸
3658 2983 3767 3038 θλί-

2179 3075 2332 3130 ϐουσι
2355 3073 2444 3128 διὰ
2470 3073 2571 3143 τῆς
2586 3072 2766 3126 αὐτῶν
2789 3073 3080 3137 ἀπωλείας.
3099 3071 3212 3126 Εἶτ’
3237 3075 3515 3143 ἐπιλέγει·
3542 3094 3560 3126 ι
3598 3076 3767 3130 Ὀνει-

2177 3165 2369 3237 δισμὸν
2415 3164 2816 3236 προσεδόκησεν
2870 3166 2903 3236 η
2953 3165 3150 3236 καρδία
3206 3184 3307 3238 μου
3355 3169 3449 3220 καὶ
3486 3167 3767 3221 ταλαιπω-

2183 3257 2301 3328 ρίαν
2321 3274 2333 3286 ·
2380 3276 2398 3308 ι
2428 3256 2456 3309 ὃ
2486 3257 2550 3325 δὴ
2577 3256 2907 3330 σαφέστερον
2935 3258 3279 3329 ἡρμήνευσεν
3306 3260 3334 3312 ὁ
3370 3259 3667 3332 Σύμμαχος
3685 3263 3763 3314 εί-

2179 3347 2329 3401 πών·
2371 3366 2390 3399 ι
2443 3347 2768 3419 Ὀνειδισμὸς
2796 3348 3023 3415 κατέαξε
3053 3349 3152 3420 τὴν
3212 3350 3434 3423 καρδίαν
3489 3369 3614 3423 μου,
3671 3353 3765 3406 καὶ

392 3452 396 3456 ’
495 3439 747 3514 ἠνιώμην
779 3460 792 3473 ·
851 3462 868 3495 ι
905 3445 934 3496 ὁ
996 3444 1053 3497 δὲ
1127 3445 1377 3512 Ἀκύλας,
1426 3463 1446 3496 ι
1500 3444 1852 3517 Ὀνειδισμδς,
1912 3447 2064 3518 φησι,
2097 3441 2380 3514 συνέτριψε
2409 3443 2506 3512 τὴν
2530 3441 2754 3513 καρδίαν
2790 3459 2912 3512 μου,
2938 3443 3031 3496 καὶ
3062 3442 3438 3517 ἀπεγνώσθην.
3485 3463 3503 3496 ι

2261 3556 2278 3587 ι
2325 3537 2433 3590 Καὶ
2460 3536 2732 3606 ὑπέμεινα
2772 3535 3040 3589 συλλυπού
3049 3553 3228 3607 μενον,
3257 3537 3350 3591 καὶ
3374 3537 3470 3608 οὐχ
3497 3537 3759 3609 ὑπῆρξεν,

2187 3630 2282 3682 καὶ
2326 3627 2765 3700 παρακαλοῦντα,
2795 3628 2889 3681 καλ⁹
2937 3627 3035 3698 ούχ
3084 3619 3261 3701 εὗρον.
3292 3629 3403 3683 Καὶ
3443 3630 3651 3683 ἔδωκαν
3684 3633 3765 3695 είς

2183 3724 2243 3776 τὸ
2270 3722 2465 3795 βρῶμά
2493 3740 2592 3794 μου
2619 3722 2800 3794 χολὴν,
2837 3724 2930 3776 καὶ
2952 3726 3032 3788 είς
3060 3725 3158 3797 τὴν
3184 3724 3338 3795 δίψαν
3373 3742 3472 3796 μου
3505 3727 3765 3781 ὲπότισάν

2185 3832 2251 3886 με
2285 3813 2424 3878 ὅξος.
2471 3834 2489 3866 ι
2539 3813 2697 3868 Κατὰ
2728 3813 2784 3867 δὲ
2815 3814 2905 3866 τὸν
2938 3813 3229 3884 Σύμμαχον
3250 3829 3263 3843 °
3305 3833 3323 3863 ι
3355 3815 3465 3868 Καὶ
3501 3815 3764 3887 ἀνέμενον

2181 3905 2640 3977 συλλυπούμενον,
2671 3906 2765 3958 καὶ
2793 3906 2890 3975 οὐχ
2923 3905 3155 3975 ὑπῆρξε,
3193 3906 3287 3960 καὶ
3319 3909 3761 3979 παρηγοροῦντα,

2181 3996 2275 4050 καὶ¹
2318 3995 2415 4066 οὺχ
2463 3995 2714 4068 εὕρισκον
2741 4012 2755 4025 ·
2785 3997 2895 4049 Καὶ
2944 3996 3227 4050 ἐνέϐαλλον
3285 4000 3364 4062 εἰς
3414 3999 3512 4070 τὴν
3556 4005 3763 4072 τροπήν

2185 4104 2286 4156 μου
2340 4087 2522 4157 χολὴν,
2564 4090 2656 4141 καὶ
2688 4089 2746 4142 ὲν
2772 4089 2838 4160 τῇ
2873 4088 3014 4158 δίψει
3057 4107 3158 4160 μου
3190 4091 3446 4145 ὲπότισάν
3473 4109 3540 4162 με
3565 4092 3711 4157 ὅξος.
3736 4113 3756 4144 ο

2185 4181 2307 4233 Ὅτι
2338 4180 2436 4250 μὲν
2452 4182 2500 4233 οί
2520 4180 2760 4252 μαθηταὶ
2785 4180 2972 4245 αὐτοῦ,
2999 4182 3386 4247 καταλιπόντες
3416 4184 3600 4246 αὐτὸν,
3635 4186 3765 4254 ἔφυ-

2178 4291 2277 4342 γον
2311 4274 2451 4327 κατὰ
2490 4275 2580 4329 τὸν
2611 4275 2704 4329 τοῦ
2749 4276 2953 4340 πάθους
2986 4278 3195 4349 καιρὸν,
3224 4279 3372 4349 ὅμως
3401 4278 3447 4333 δ’
3475 4280 3634 4343 ἐκτὸς
3671 4279 3764 4332 λύ-

2182 4381 2291 4436 πης
2321 4366 2422 4419 οὐκ
2449 4361 2612 4436 ἦσαν,
2635 4366 2874 4421 διδάσκει
2900 4369 2960 4420 τὸ
2987 4369 3332 4438 Εὐαγγέλιον.
3360 4370 3485 4424 Ὅτε
3514 4369 3625 4442 γὰρ
3658 4372 3764 4425 Ili-

499 4469 685 4510 amare
738 4456 1047 4526 scribatur;
1085 4475 1150 4515 ac
1197 4461 1394 4531 reliqui
1436 4463 1754 4532 congregati
1810 4462 1866 4517 in
1911 4463 2073 4517 domo

2179 4472 2301 4527 τρος
2341 4457 2758 4528 ἀναγέγραπται
2801 4457 3293 4529 ἀποκλαυσάμενοςι
3339 4459 3574 4530 πικρῶς,
3603 4460 3658 4512 οἵ
3701 4479 3760 4513 τε

499 4560 606 4600 una
649 4546 876 4604 latuisse
925 4559 1146 4621 prOpter
1178 4562 1383 4607 metum
1416 4552 1733 4609 Judzeorum
1790 4553 2072 4622 ferantur;

497 4651 843 4708 nequaquam
864 4639 1054 4697 dolore
1071 4644 1229 4697 vacui
1253 4653 1430 4699 erant.
1465 4643 1590 4700 Haec
1615 4646 1784 4717 igitur
1812 4645 1880 4701 de
1899 4648 2075 4702 choro

497 4729 872 4797 apostolorum
901 4731 1046 4787 dicta
1084 4733 1251 4790 fuisse
1273 4743 1475 4806 putare
1504 4745 1935 4794 consentaneum
1966 4756 2074 4795 non

496 4826 611 4886 est;
647 4821 738 4876 sed
781 4822 849 4878 de
885 4826 1264 4882 crnciantibus
1306 4828 1458 4883 illum
1489 4829 1554 4884 dc
1576 4829 1780 4900 quibus
1813 4829 2021 4890 dictum
2057 4851 2072 4889 :

501 4924 520 4957 ι
558 4907 763 4962 Contra
816 4918 870 4964 te
919 4921 1047 4966 sunt
1081 4929 1271 4971 omnes
1313 4918 1407 4986 qui
1461 4918 1726 4974 tribulant
1769 4936 1876 4976 me.
1905 4939 1928 4972 ο
1968 4919 2076 4991 Ego

471 4999 697 5069 quippe
723 5003 905 5057 omnia
950 5021 1049 5074 pro
1079 5008 1298 5062 illorum
1327 5011 1505 5066 salute
1535 5013 1786 5082 agebam,
1817 5016 2075 5082 operiens

497 5089 553 5142 in
585 5090 797 5159 jejunio
829 5094 1064 5148 animam
1103 5113 1301 5163 meam,
1339 5116 1504 5157 sacco
1557 5112 1715 5157 utens
1771 5104 2072 5157 indumenti

495 5179 619 5235 loco
651 5200 664 5248 ;
707 5183 783 5236 illi
806 5200 936 5238 vero
969 5187 1036 5240 iis
1056 5191 1333 5245 contraria
1356 5196 1766 5263 perpetrabant,
1797 5194 1958 5249 modo
1981 5211 2077 5250 cx-

477 5276 822 5344 ~probrautes
871 5279 1330 5354 traducentesque
1370 5285 1580 5354 jejunia
1633 5302 1774 5349 mea,
1824 5303 1956 5341 mox
2021 5287 2075 5341 iu

494 5368 990 5438 eompotalionibus
1018 5374 1134 5428 suis
1163 5382 1353 5430 contra
1387 5394 1473 5432 me
1511 5378 1826 5449 psallentes,
1863 5395 1926 5434 ac
1957 5395 2077 5434 om-

494 5462 587 5513 nia
632 5460 814 5531 potius
848 5473 1091 5534 agentes”,
1129 5481 1291 5533 quam
1325 5476 1383 5521 ut
1416 5485 1632 5524 mecum
1673 5471 2076 5526 contristaren-

489 5558 607 5605 ιω.
646 5552 756 5623 Ego
787 5571 914 5610 vero
957 5572 1055 5627 pro
1106 5558 1214 5614 illis
1245 5559 1434 5616 dolore
1469 5562 1788 5630 afficiebar;
1822 5563 1896 5617 illi
1944 5578 2077 5618 vero

498 5656 608 5696 non
639 5658 744 5695 una
780 5659 992 5699 mecum
1023 5646 1280 5704 dolebant
1303 5659 1358 5706 et
1383 5651 1724 5721 angebantur
1755 5670 1768 5705 :
1795 5667 1897 5707 nec
1925 5651 2078 5722 quis-

493 5733 644 5803 piam
680 5733 822 5790 inter
847 5734 970 5792 illos
1000 5734 1102 5793 fuit
1135 5741 1226 5812 qui
1256 5755 1344 5797 me
1377 5740 1775 5797 consolaretur.
1807 5739 1915 5798 Sed
1941 5741 2073 5799 nihil

2176 4547 2353 4602 λοιποὶ
2383 4548 2712 4619 συνηγμένοι
2740 4550 2836 4603 καὶ
2871 4551 2962 4620 ὑφ’
2997 4551 3094 4603 ἕνα
3150 4551 3588 4622 κρυπταζόμενοι
3615 4548 3764 4604 οἷκον

2171 4639 2263 4693 διὰ
2285 4639 2376 4693 τὸν
2399 4638 2561 4708 φόϐον
2584 4639 2693 4693 τῶν
2731 4641 3016 4706 Ἰουδαίων,
3035 4642 3135 4696 οὐκ
3160 4643 3264 4710 ἔξω
3295 4643 3470 4713 λύπης
3490 4643 3781 4715 {27519109.-

2177 4733 2292 4787 Οὐκ
2320 4732 2386 4786 ἂν
2407 4728 2500 4786 οὖν
2523 4734 2784 4806 ἁρμόσειε
2817 4735 2990 4790 ταῦτα
3023 4737 3150 4808 περὶ
3176 4737 3267 4790 τοῦ
3302 4736 3463 4808 χοροῦ
3489 4737 3598 4789 τῶν
3616 4741 3763 4790 ἁπο-

2180 4825 2382 4878 στόλων
2429 4825 2702 4896 λέγεσθαι,
2739 4826 2873 4881 ἀλλὰ
2922 4831 3050 4900 περὶ
3092 4829 3200 4882 τῶν
3254 4828 3542 4882 θλιϐόντων
3573 4830 3760 4890 αὑτὸν,

2178 4917 2306 4988 περὶ
2333 4910 2408 4971 ὧν
2454 4917 2667 4988 ἔλεγεν·
2703 4938 2726 4969 ι
2751 4920 3018 4974 Ἑναντίον
3057 4921 3150 4976 σοῦ
3188 4922 3384 4987 πάντες
3403 4923 3452 4974 oi
3488 4921 3761 4984 θλέὅοντές

2181 5027 2268 5080 με.
2300 5030 2318 5062 ι
2365 5010 2504 5080 Ἐγὼ
2541 5012 2640 5082 μὲν
2673 5012 2783 5084 γὰρ
2834 5013 3012 5068 πάντα
3058 5016 3196 5088 ὑπὲρ
3222 5017 3321 5086 τῆς
3363 5016 3543 5070 αὐτῶν
3587 5033 3763 5084 σιντ-ιι⁴

2182 5101 2300 5171 ρίας
2335 5103 2570 5166 ἐποίουν,
2627 5105 2918 5159 καλύπτων
2943 5108 3000 5160 ὲν
3030 5109 3254 5180 νηστεία
3286 5108 3385 5177 τὴν
3417 5108 3597 5178 ψυχήν
3632 5124 3758 5178 μου,

2180 5192 2370 5263 σάκκῳ
2400 5210 2460 5246 τε
2499 5192 2754 5265 ὲνδύματι
2787 5194 3068 5265 χρώμενος
3087 5213 3099 5226 ·
3123 5197 3175 5249 οἱ
3206 5196 3261 5250 δὲ
3291 5196 3360 5249 τὰ
3391 5197 3605 5250 ἐναντία
3634 5195 3759 5249 τού-
3787 5182 3801 5215 ⁸

2176 5301 2289 5348 τοις
2311 5285 2598 5356 ἔπραττον,
2633 5287 2754 5340 τοτὲ
2787 5287 2886 5357 μὲν
2925 5289 3271 5353 ὀνειδίζοντες
3297 5289 3391 5342 καὶ
3414 5287 3761 5360 διασύροντες

2175 5375 2276 5440 τὰς
2320 5376 2458 5447 ἐμὰς
2481 5376 2750 5447 νηστείας,
2779 5379 2898 5431 τοτὲ
2923 5378 2980 5432 δὲ
3012 5380 3070 5432 ἐν
3099 5382 3218 5442 ταῖς
3239 5378 3548 5451 παροινίαις
3579 5379 3761 5433 αὐτῶν

2178 5468 2296 5518 κατ’
2335 5466 2468 5537 ἐμοῦ
2499 5465 2814 5536 ψάλλοντες,
2838 5469 2934 5522 καὶ
2960 5469 3137 5524 πάντα
3167 5469 3365 5540 μᾶλλον
3394 5471 3427 5541 ἢ
3461 5469 3764 5524 συλλυπού-

2178 5579 2350 5632 μενοι.
2385 5560 2556 5630 Κάγὼ
2593 5563 2690 5632 μὲν
2728 5562 2870 5634 ὑπὲρ
2901 5563 3081 5616 αὐτῶν
3118 5564 3298 5633 ἀλγῶν
3327 5563 3681 5636 ἐλυπούμην·
3705 5564 3759 5617 οξ

2175 5653 2231 5707 δὲ
2264 5653 2326 5707 ού
2358 5653 2652 5727 συνήλγουν
2686 5671 2796 5726 μοι,
2819 5654 2938 5708 οὐδὲ
2969 5655 3307 5726 συνέπασχω
3325 5673 3337 5687 ·
3365 5655 3478 5709 ἀλλ’
3507 5656 3628 5710 οὐδὲ
3651 5671 3758 5709 πα-

2181 5745 2448 5818 ράκλητός
2483 5761 2566 5808 τις
2610 5745 2790 5804 αὐτῶν
2834 5748 2912 5815 είς
2946 5747 3085 5824 ἐμὴν
3129 5747 3480 5822 παραμυθίαν
3509 5749 3754 5822 εὓρηται.
