4068 6540
415 351 518 406 ’1ιῆ
581 361 590 374 ‘

1542 337 1919 401 (ὉΜΜΕΝἸἊ
1931 345 1983 400 R1

2086 340 2148 400 IN
2188 339 2527 400 nsanos.
2963 357 2966 360 ν
3211 337 3222 354 ·ι
3556 334 3633 396 73

413 465 492 519 ua
517 478 594 518 τα
607 455 762 519 δὲ’·τὰ
780 464 911 518 ’κατ’
937 463 1072 536 ἐμοῦ
1105 463 1501 536 ἐγχειροῦντες,
1531 465 1611 528 εἰς
1644 463 1742 535 μὲν
1766 463 1827 518 τὺ
1850 462 1983 537 βρῶ-

2095 469 2286 515 contra
2312 475 2398 514 me
2428 472 2536 512 non
2564 454 2962 528 aggrealienles.
2993 457 3046 512 in
3071 471 3253 514 escam
3283 471 3456 510 meam
3489 457 3556 512 l’el
3587 459 3674 514 in-

412 557 490 628 μά
541 573 644 627 μου
698 556 858 627 χολὴν
900 555 1142 620 ἔϐαλλον,
1193 557 1367 610 καίτοι
1417 557 1622 628 τροφάς
1647 559 1828 623 αὐτοῖς
1860 557 1993 629 ἐμοῦ

418 649 671 710 πλουσίας
703 649 1107 718 παρεχομένου·
1141 647 1366 716 διψῶντι
1391 648 1450 702 δέ
1473 666 1564 720 μοι
1594 649 1713 714 ὅξος
1747 649 1867 704 ἀντὶ
1895 667 1994 702 πο-

417 739 504 795 ιοῦ
565 740 926 812 προσέφερον.
971 739 1236 812 Τοιαύτην
1295 741 1352 794 δέ
1417 759 1506 812 μοι
1555 742 1785 814 ἐκίρνων
1831 743 1994 815 χολὴν

408 833 596 887 δποίαν
641 833 829 904 ἐδήλου
876 835 910 884 ὁ
956 834 1293 906 προφητικὸς
1344 833 1502 903 λόγος
1553 835 1753 889 εἰπών·
1799 855 1816 887 ι
1866 837 1994 900 Πῶς

407 923 684 996 ὲστράφης
710 925 790 987 εἰς
821 923 1064 992 πικρίαν,
1093 925 1125 992 ή
1153 922 1393 993 ἄμπελος
1421 926 1457 994 ή
1495 924 1782 996 ἀλλοτρίας
1804 945 1828 976 9
1850 925 1994 995 Νοή-

410 1030 523 1077 σεις
556 1013 613 1067 δὲ
645 1015 792 1078 ὅπως
827 1014 1086 1086 τρέφεται
1115 1016 1142 1067 ὁ
1172 1014 1366 1085 Σι-›τὴρ
1389 1014 1548 1084 ’ἡμῶν
1584 1015 1869 1069 ἐπακούων
1898 1017 1994 1069 αὐ-

409 1104 500 1158 τοῦ
530 1104 810 1174 λέγοντος·
833 1123 860 1156 ⁴ι
906 1104 1184 1167 Ἐπείνων,
1228 1107 1320 1158 καὶ
1355 1104 1590 1159 ἐδώκατέ
1628 1125 1716 1177 μοι
1759 1110 1951 1176 φαγεῖν
1974 1122 1989 1136 ’

409 1199 626 1268 ἐδίψων,
677 1199 774 1252 uati.
823 1199 1110 1252 ἐποτίσατέ
1175 1216 1241 1270 με
1303 1217 1320 1250 ι
1363 1201 1423 1252 Εἰ
1453 1199 1508 1253 δὲ
1548 1202 1668 1254 ἀντὶ
1709 1201 1991 1273 τροφίμων

405 1289 634 1361 καρπῶν
665 1289 773 1342 τῶν
795 1289 884 1343 διὰ
908 1289 1164 1353 εὐσεϐοῦς
1199 1288 1316 1359 βίου
1347 1291 1552 1361 πικράς
1576 1308 1660 1356 τις
1692 1293 1989 1364 προσφέροι

407 1382 524 1435 κατ’
549 1381 711 1436 αὑτοῦ
742 1382 1108 1454 βλασφημίας,
1141 1385 1208 1453 τῇ
1225 1401 1283 1436 τε
1311 1383 1628 1456 διδασκαλίᾳ
1651 1385 1815 1453 αὐτοῦ
1850 1403 1992 1457 παρ-

407 1471 670 1542 εμπλέκοι
725 1471 861 1526 ἄθεα
917 1472 1012 1526 καὶ⁸
1059 1472 1230 1542 ψευδῆ
1280 1472 1546 1543 δόγματα,
1603 1468 1759 1539 οὗτος
1807 1477 1887 1540 είς
1929 1476 1991 1528 το

407 1563 600 1636 βρῶμα
634 1564 796 1618 αὑτοῦ
846 1565 1006 1636 χολὴν
1043 1564 1321 1635 ἐμϐάλλει.
1353 1566 1447 1618 καὶ
1474 1567 1696 1636 διψῶντι
1722 1565 1862 1621 οἶνον
1893 1570 1988 1622 ὲκ-

402 1655 632 1724 τροπίαν
666 1657 756 1709 τὸν
798 1659 860 1710 ὲκ
895 1657 997 1727 τῆς
1043 1656 1256 1720 εὐθείας
1301 1658 1422 1712 ὁδοῦ
1462 1661 1991 1732 παρατετραμμένον

402 1745 638 1800 δίδωσιν.
661 1748 896 1801 Τοιαῦτα
915 1748 970 1802 δὲ
994 1748 1248 1812 ἐθέσπιζε
1282 1768 1347 1803 πε
1358 1751 1409 1823 pl
1437 1751 1530 1804 τοῦ
1564 1751 1830 1805 Ἰουδαίων
1855 1753 1986 1806 λαοῦ

2095 551 2367 620 iecerunt,
2389 548 2604 604 etiamsi
2627 559 2726 620 ego
2749 549 2926 602 lautos
2949 549 3056 602 illis
3077 551 3230 604 cibos
3257 553 3670 619 apposuissem:

2095 645 2302 700 sitienti
2333 658 2464 698 vero
2500 641 2630 695 mibi
2667 651 2879 696 acetum
2919 657 3018 710 pro
3038 651 3175 711 potu
3207 643 3528 698 offerebant.
3562 641 3675 699 Hu-

2092 737 2334 806 jusmodi
2352 753 2481 792 vero
2512 733 2735 790 mibifel
2753 735 3076 796 miscebant,
3105 737 3265 805 quale
3287 737 3530 792 declarat
3556 752 3677 808 pro-

2098 831 2348 900 pheticus
2375 845 2556 884 sermo
2588 829 2819 884 dicens:
2859 847 2877 880 ι
2918 828 3205 895 Quomodo
3233 844 3497 884 conversa
3532 845 3592 885 es
3617 831 3673 886 in

2095 921 2540 983 amaritudinem,
2573 921 2699 976 vilis
2749 921 2926 975 aliena
2959 920 3029 952 ’9'
3053 921 3076 974 ?
3104 942 3124 971 ι
3179 921 3465 986 Quomodo
3491 931 3674 976 autem

2093 1013 2273 1066 alatur
2297 1011 2566 1067 Senator
2611 1021 2816 1076 noster,
2862 1012 3134 1083 intelliges
3164 1013 3209 1067 si
3249 1015 3428 1083 ipsum
3479 1014 3674 1068 audias

2094 1104 2366 1159 dicentem
2397 1123 2411 1159 :
2444 1124 2462 1155 ‹
2496 1105 2734 1168 Esurivi,
2771 1116 2824 1159 et
2855 1104 3085 1160 dedistis
3126 1105 3256 1158 mibi
3299 1105 3674 1170 manducare;

2093 1197 2265 1261 sitivi,
2290 1206 2343 1252 et
2370 1197 2601 1253 dedistis
2634 1197 2766 1251 mibi
2798 1198 2986 1251 bibere
3012 1197 3077 1249 ’³.
3110 1217 3137 1248 ο
3159 1195 3314 1262 Quod
3348 1197 3392 1251 si
3424 1212 3523 1266 pro
3557 1195 3677 1248 [ru--

2093 1294 2275 1348 ctibus
2327 1294 2394 1349 ad
2455 1293 2710 1347 alendum
2759 1291 3120 1362 opportunis,
3181 1307 3274 1360 per
3322 1291 3466 1362 piam
3507 1291 3675 1344 vitam

2091 1387 2370 1456 przebitis,
2411 1386 2638 1441 acerbas
2682 1391 2874 1439 contra
2917 1386 3093 1455 ipsmn
3141 1383 3510 1453 blaspltetnias
3550 1382 3675 1451 quis

2087 1477 2352 1547 proferat,
2388 1485 2442 1531 et
2481 1477 2745 1532 doctrinae
2791 1476 2913 1547 ejus
2951 1476 3108 1530 atbea
3139 1483 3191 1527 ct
3246 1474 3381 1530 falsa
3419 1474 3676 1543 dogmata

2092 1570 2414 1632 admisceat,
2469 1569 2514 1622 is
2547 1569 2612 1622 ad
2649 1583 2830 1624 escam
2876 1568 2997 1637 ejus
3039 1568 3107 1623 fel
3151 1568 3346 1634 injicit,
3378 1573 3434 1620 et
3468 1569 3676 1624 sitienti

2090 1663 2302 1719 vinum.
2332 1677 2560 1730 vappam
2589 1676 2625 1713 ει
2657 1669 2802 1714 recta
2829 1661 2912 1713 via
2938 1659 3312 1714 dcllectentem
3339 1659 3514 1715 oll'ert.
3549 1659 3674 1716 Hinc

2091 1764 2273 1808 autem
2308 1755 2375 1808 de
2405 1752 2630 1807 Iudaico
2665 1754 2865 1824 populo
2898 1752 3110 1824 Moyses
3132 1753 3192 1805 in
3226 1767 3422 1822 magno
3453 1753 3674 1806 cantico

402 1839 640 1908 Μωῦσῆς
674 1841 730 1892 ἐν
760 1839 971 1912 μεγάλῃ
1009 1840 1118 1912 ᾠδῇ
1162 1843 1516 1913 προφητικῶς
1551 1845 1851 1914 ἀναφωνῶν
1893 1847 1983 1900 καὶ

2086 1844 2410 1916 prophetiae
2450 1846 2781 1899 \aticiuatus
2806 1853 2909 1910 est,
2941 1847 3056 1899 haec
3088 1844 3396 1900 vociferans
3439 1864 3452 1899 :
3491 1865 3508 1895 ι
3536 1843 3674 1899 Nam

401 1928 604 1996 λέγων·
657 1948 673 1981 ι
723 1932 816 1984 Ἐκ
848 1932 957 2004 γάρ
991 1934 1237 2005 ἀμπέλου
1270 1936 1518 2006 Σοδόμων
1548 1939 1580 2008 ἡ
1612 1937 1854 2008 ἄμπελος
1884 1941 1984 1992 αὑ-

381 2019 531 2084 τῶν,
568 2022 660 2074 καὶ
687 2024 720 2093 ἡ
754 2023 1023 2095 κληματίς
1047 2026 1224 2080 αὐτῶν
1251 2028 1315 2080 ἐκ
1348 2028 1706 2100 Γομόρῤαςοὴ
1745 2029 1985 2102 σταφυλὴ

400 2113 582 2167 αὐτῶν
610 2117 853 2188 σταφυλὴ
882 2117 1063 2189 χολῆς,
1091 2118 1286 2191 βότρυς
1321 2121 1547 2193 πικρίας
1573 2121 1772 2174 αὐτῶν.
1807 2142 1824 2174 ι
1860 2124 1987 2177 ’Ἑν-

373 2204 496 2260 -ιθεν
541 2208 765 2272 ε-ίκότως
807 2214 920 2274 τοῖς
957 2212 1141 2276 αὐτοῖς
1177 2214 1270 2267 καὶ
1300 2213 1388 2267 διὰ
1429 2215 1648 2268 Ἡσαΐου
1694 2215 1984 2288 καταμέμ-

402 2315 562 2366 φεται
591 2301 652 2354 τὸ
682 2301 904 2372 Πνεῦμα
934 2302 1090 2372 λέγον
1112 2320 1125 2332 ·
1151 2305 1413 2374 «Ἔμεινα
1437 2305 1522 2357 ἵνα
1545 2306 1746 2378 ποιήσῃ
1776 2323 1984 2376 σταφυ-

369 2389 520 2460 .λὴν,
551 2390 772 2462 ἐποίησε
805 2391 862 2445 δὲ
897 2392 1136 2456 ἀκάνθας
1161 2411 1173 2422 ο
1210 2414 1228 2444 ι
1268 2392 1376 2446 Καὶ
1407 2393 1565 2448 πάλιν
1587 2395 1878 2464 ·‹“Ἐμεινα
1897 2395 1984 2448 ἴνα

400 2481 600 2552 ποιήσῃ
629 2482 832 2554 κρίσιν,
860 2485 1084 2555 ἐποίησε
1115 2484 1172 2536 δὲ
1204 2484 1452 2556 ἀνομίαν,
1482 2485 1575 2538 καὶ
1601 2485 1662 2538 οὐ
1706 2485 1984 2540 δικαιοσύ-

371 2589 518 2644 νην,
571 2573 707 2628 ἀλλὰ
756 2578 1024 2649 κραυγήν.
1067 2597 1088 2630 ι
1129 2579 1349 2649 Ἔργοις
1395 2579 1683 2652 τοιγαροῦν
1715 2581 1808 2634 καὶ
1843 2579 1983 2653 πρά-

401 2664 539 2730 ξεσι,
566 2667 749 2739 πικρῷ
779 2686 838 2721 τε
868 2668 1012 2742 λόγῳ
1041 2671 1135 2724 καὶ
1163 2670 1264 2743 βίῳ
1295 2671 1499 2725 ἔδωκαν
1551 2675 1631 2737 είς
1677 2674 1740 2728 τὸ
1783 2674 1983 2746 βρῶμα

373 2757 493 2813 ,τοῦ
535 2759 788 2831 Σωτῆρος
819 2761 1001 2832 χολὴν,
1040 2762 1134 2816 καὶ
1166 2765 1244 2825 είς
1275 2763 1375 2835 τὴν
1405 2764 1562 2834 δίψαν
1594 2765 1758 2818 αὑτοῦ
1801 2767 1982 2820 ἐπότι-

402 2869 500 2906 σαν
531 2853 691 2906 αὐτὸν
729 2854 867 2918 ὅξος.
920 2857 1072 2909 Ἐπεὶ
1100 2857 1158 2910 δὲ
1190 2857 1297 2910 ἔδει
1323 2859 1418 2911 καλ¹
1445 2857 1586 2911 κατὰ
1607 2859 1703 2930 {ira
1737 2861 1980 2930 ἱστορίαν

398 2944 490 2997 τὸν
519 2945 616 3015 τῆς
647 2947 979 3015 προφητείας
1011 2948 1471 3020 άποπληρωθῆναι
1509 2949 1686 3018 λόγον,
1713 2951 1856 3004 κατὰ
1891 2951 1982 3003 τὸν

399 3037 590 3109 καιρὸν
623 3037 716 3090 τοῦ
753 3038 958 3102 πάθους
983 3040 1147 3093 αὐτοῦ
1191 3042 1393 3112 ἱστορεί
1416 3043 1444 3094 δ
1467 3041 1859 3113 εὐαγγελιστὴς
1891 3044 1979 3096 λέ-

365 3177 368 3180 .
397 3143 539 3197 γων·
572 3147 590 3179 ι
632 3130 784 3182 Μετὰ
814 3129 968 3184 τοῦτο
997 3131 1148 3196 εἰδὼς
1178 3135 1206 3185 ὁ
1253 3133 1478 3204 Ἰησοῦς,
1513 3135 1594 3186 ὅτι
1628 3133 1804 3188 πάντα
1834 3134 1982 3186 τετέ-

397 3220 584 3275 λεσται
603 3223 728 3294 ήδη,
765 3224 851 3278 ἵνα
879 3224 1138 3298 πληρωθῇ
1173 3229 1205 3296 ἡ
1242 3227 1454 3299 Γραφὴ,
1483 3226 1651 3295 λέγει·
1682 3227 1850 3297 Διψῶ.
1877 3230 1982 3280 Λε-

399 3313 536 3385 κὰνη
570 3315 746 3368 ἔκειτο
778 3315 930 3382 ὄξους
962 3319 1156 3389 μεστή.
1191 3319 1440 3387 Σπὸγγον
1471 3315 1564 3372 οῦν
1587 3319 1790 3390 μεστὸν
1824 3319 1984 3388 ποιή-

397 3423 590 3470 σαντες
630 3409 783 3474 δξους
835 3409 972 3479 μετὰ
1014 3410 1175 3481 χολῆς
1225 3411 1319 3464 καὶ
1377 3409 1615 3482 ὑσσώπῳ
1667 3410 1982 3483 περιθέντες

398 3501 778 3580 προσήνεγκαν
827 3501 991 3554 αὑτοῦ
1037 3501 1113 3572 τῷ
1157 3502 1418 3572 στόματι.
1449 3504 1577 3555 Ὅτε
1607 3497 1698 3555 οὖν
1740 3501 1926 3555 ἔλαϐεν
1955 3503 1982 3556 ὁ

409 3592 615 3661 Ἰησοῦς
663 3593 722 3646 τὸ
771 3593 890 3657 ὄξος
931 3594 1068 3664 μετὰ
1096 3595 1193 3665 τῆς
1237 3593 1420 3666 χολῆς,
1465 3591 1618 3648 εἴπεο
1655 3595 1977 3648 Τετέλεσται

396 3685 492 3736 καὶ
531 3683 671 3754 αῦτη
701 3687 733 3755 ἡ
768 3686 805 3736 Γ
809 3687 979 3756 ραφή.
1013 3687 1120 3738 Καὶ
1157 3688 1345 3750 κλίνας
1374 3687 1471 3758 τὴν
1508 3686 1770 3758 κεφαλὴν,
1803 3688 1982 3758 ἀφῆκε

394 3773 456 3826 τὸ
488 3773 724 3844 πνεῦμα.
764 3792 782 3823 ι
821 3773 930 3826 Καὶ
963 3775 1148 3846 ἐπειδὴ
1182 3775 1366 3840 κλίνας
1409 3777 1504 3848 τὴν
1546 3778 1784 3849 κεφαλὴν
1814 3778 1983 3848 παρέ-

393 3863 534 3917 δωκε
555 3865 614 3918 τὸ
639 3865 854 3936 πνεῦμα
889 3864 1028 3935 μετὰ
1056 3867 1156 3937 τὴν
1188 3867 1581 3940 συμπλήρωσιν
1611 3869 1709 3940 τῆς
1735 3869 1979 3941 Γραφῆς,

395 3957 618 4022 εἰκότως
665 3959 757 4010 καὶ
800 3959 856 4008 ὲν
899 3955 976 4026 τῷ
1027 3957 1225 4029 ψαλμῷ
1253 3959 1418 4030 μέχρι
1467 3959 1656 4014 τούτου
1687 3961 1756 4015 τὰ
1787 3961 1980 4014 ἑαυτοῦ

395 4049 727 4120 περιγράφει
769 4050 936 4123 πάθη.
975 4049 1086 4104 Εἶτ’
1125 4051 1372 4106 ἐντεῦθεν
1407 4055 1563 4106 ὁποῖα
1598 4053 1981 4124 μετελεύσεται

394 4143 591 4208 αὐτοὺς
627 4145 889 4211 οεσπίξει’
930 4165 948 4198 ι
989 4147 1026 4198 Γ
1029 4146 1331 4218 ενηθήτωή
1364 4147 1612 4218 τράπεζα
1644 4149 1824 4202 αὐτῶν
1847 4150 1983 4203 ἐνώ-

396 4254 518 4292 πιον
560 4238 740 4292 αὐτῶν
773 4241 852 4303 εἰς
886 4240 1108 4308 παγίδα,
1154 4241 1247 4293 καὶ
1286 4242 1365 4304 εἰς
1393 4241 1746 4295 ἀνταπόδοσιν
1787 4243 1878 4297 καὶ
1905 4247 1982 4308 εἰς

395 4327 709 4383 σκάνδαλον.
748 4349 768 4380 ο
819 4331 1027 4401 ’Ὠσπερ
1054 4332 1196 4385 κατά
1233 4349 1352 4384 τινα
1409 4333 1719 4403 συνήθειαν,
1755 4333 1822 4387 τὰ
1856 4335 1984 4404 μὲλ-

394 4419 551 4473 λοντα
578 4419 652 4484 ῶς
682 4423 1048 4493 παρῳχηκδτα
1085 4423 1456 4494 προφέρεσθαι
1490 4423 1680 4478 εἴωθεν
1711 4424 1977 4497 ἡΓραφή·

2093 1952 2158 1990 ex
2188 1941 2343 1990 vinea
2395 1934 2754 1990 Sodomorum
2796 1936 2952 1989 vinea
2974 1950 3191 1996 eorum,
3231 1942 3284 1986 et
3317 1935 3522 2006 palmes
3550 1935 3674 2004 ejus

2087 2043 2157 2081 ex
2186 2027 2514 2080 Gomorrlia.
2548 2025 2663 2080 Uva
2685 2042 2900 2089 eorum,
2934 2043 3034 2080 uva
3060 2026 3221 2082 fellis.
3251 2026 3439 2080 botrus
3471 2027 3677 2080 amari-

2094 2112 2302 2169 tudinis
2331 2129 2522 2169 corum
2552 2114 2620 2167 ’°.
2661 2133 2678 2166 ι
2719 2113 2857 2170 Hinc
2892 2115 3143 2169 similiter
3175 2114 3412 2184 Spiritus
3440 2131 3534 2171 eos
3576 2131 3676 2186 per

2091 2204 2288 2260 Isaiam
2316 2207 2496 2276 arguit
2518 2207 2706 2261 dicens
2730 2225 2751 2262 ι
2784 2225 2800 2256 ι
2833 2207 3155 2278 Exspcctavi
3181 2217 3232 2261 ut
3263 2209 3464 2264 faceret
3489 2224 3670 2274 uvam,

2091 2300 2217 2357 fecit
2248 2309 2429 2355 autem
2463 2303 2651 2372 spinas
2680 2301 2756 2368 ³¹;
2792 2321 2810 2352 ι
2841 2311 2893 2356 et
2922 2318 3140 2357 rursum
3165 2321 3176 2356 :
3201 2322 3218 2354 ι
3262 2303 3580 2372 Exspectavi
3613 2313 3674 2357 ut

2093 2375 2293 2448 faceret
2320 2393 2614 2463 judicium,
2666 2394 2793 2448 fecit
2838 2404 3020 2449 autem
3067 2395 3432 2464 iniquitatem,
3467 2403 3520 2448 et
3562 2413 3673 2449 non

2083 2484 2360 2554 justitiam
2393 2485 2486 2540 sed
2523 2486 2819 2540 clamorem
2853 2486 2920 2538 ³’.
2966 2505 2984 2538 ι
3021 2484 3290 2556 Operibus
3330 2501 3463 2553 ergo
3493 2492 3548 2541 et
3588 2503 3675 2542 re-

2091 2577 2195 2632 bus
2225 2580 2419 2649 gestis,
2463 2579 2664 2634 acerbo
2714 2593 2971 2634 sermone
3021 2587 3076 2634 et
3127 2579 3238 2633 vita
3285 2579 3562 2634 dederunt
3615 2580 3673 2635 in

2087 2680 2272 2721 escam
2306 2664 2584 2722 Servatori
2619 2666 2710 2730 fel,
2743 2677 2796 2722 et
2833 2669 2884 2722 in
2921 2668 3012 2724 siti
3037 2669 3158 2738 ejus
3192 2679 3520 2740 potaverunt
3543 2686 3673 2736 cum

2084 2769 2262 2813 aceto.
2281 2759 2417 2825 Quia
2437 2776 2564 2814 vero
2585 2761 2884 2814 secundum
2901 2762 3185 2816 historiam
3205 2779 3422 2832 quoque
3439 2763 3675 2834 prophe-

2088 2852 2178 2905 tia:
2208 2867 2514 2908 sermonem
2536 2854 2746 2922 impleri
2770 2863 2921 2922 oporl
2935 2854 3032 2918 uit,
3060 2854 3172 2907 lucc
3196 2855 3263 2908 de
3285 2862 3528 2923 tempore
3546 2871 3675 2925 pas-

2089 2942 2262 2998 sionis
2279 2943 2400 3012 ejus
2417 2953 2605 2998 narrat
2632 2946 2968 3016 evangelista
2985 2946 3205 3000 dicens:
3228 2964 3245 2996 ι
3266 2945 3460 3001 Postea
3489 2947 3673 3005 sciens

2086 3033 2248 3091 Jesus
2269 3037 2395 3106 quia
2417 3039 2601 3092 omnia
2624 3047 3007 3093 consummata
3035 3048 3163 3094 sunt
3186 3038 3318 3106 jam,
3347 3049 3401 3092 ut
3419 3054 3675 3095 consum-

2089 3138 2332 3184 marctur
2364 3129 2670 3203 Scriptura,
2704 3131 2841 3185 dixit
2879 3151 2892 3187 :
2929 3130 3086 3186 Sitio.
3129 3130 3238 3188 Vas
3276 3141 3394 3186 crat
3431 3133 3672 3203 positum

2085 3232 2239 3278 aceto
2268 3224 2508 3293 plenum.
2543 3223 2622 3278 llli
2689 3233 2870 3278 autem
2922 3226 3208 3294 spongiam
3252 3225 3470 3296 plenam
3517 3234 3673 3281 aceto

2083 3332 2208 3370 cum
2263 3317 2387 3372 felle
2435 3325 2490 3371 ct
2528 3317 2765 3390 ltyssupo
2816 3317 3299 3388 circumponentes
3355 3319 3674 3374 obtulerunt

2084 3410 2165 3461 ori
2217 3410 2358 3479 ejus.
2416 3408 2551 3464 Cum
2587 3425 2718 3480 ergo
2761 3411 3064 3479 accepisset
3115 3418 3328 3464 acetum
3364 3425 3486 3464 cum
3524 3409 3669 3476 felle,

2084 3499 2254 3552 dixit:
2285 3499 2675 3554 Cousummata
2705 3509 2790 3554 cst
2819 3511 2872 3555 ct
2898 3502 3015 3554 hac
3048 3501 3352 3572 Scriptura.
3390 3500 3476 3565 Et,
3514 3502 3676 3557 incli-

2084 3600 2216 3645 nato
2241 3592 2438 3660 capite,
2485 3591 2710 3644 tradidit
2761 3591 3020 3662 spiritum
3058 3592 3123 3644 ³³.
3169 3612 3188 3644 ι
3224 3591 3493 3658 Quoniam
3541 3607 3672 3647 vero

2086 3684 2348 3736 inclinato
2379 3681 2559 3752 capite
2592 3682 2817 3736 tradidit
2847 3684 3100 3752 spiritum
3147 3694 3270 3754 post
3321 3699 3673 3740 consumma-

2087 3775 2288 3828 tionem
2347 3773 2668 3839 Scriptum,
2721 3775 2849 3844 jure
2897 3777 2951 3830 in
3011 3778 3222 3846 psalmo
3259 3777 3325 3830 ad
3358 3777 3461 3831 hoc
3497 3792 3672 3848 usque

2086 3877 2301 3936 tempus
2335 3868 2614 3922 cruciatus
2645 3868 3057 3922 circumscribit
3104 3884 3256 3924 suos.
3303 3868 3508 3923 Deinde
3543 3885 3672 3924 vero

2085 3977 2206 4031 quae
2244 3961 2378 4030 ipsis
2424 3961 2567 4015 mala
2608 3971 2870 4016 eventura
2923 3962 3034 4016 sint
3084 3964 3458 4017 "vaticinatur:
3502 3981 3520 4014 ι
3555 3962 3672 4017 Fiat

2086 4067 2272 4104 mensa
2304 4067 2494 4106 eorum
2532 4067 2718 4107 coram
2753 4052 2964 4122 ipsisin
3003 4056 3279 4122 laqueum,
3325 4063 3378 4108 et
3413 4054 3464 4106 in
3508 4057 3672 4110 retri-

2085 4144 2365 4197 butionem
2389 4151 2441 4196 ct
2465 4144 2517 4197 in
2537 4143 2880 4198 scandalum.
2921 4164 2939 4196 ι
2973 4143 3139 4210 Quasi
3170 4163 3232 4200 cx
3268 4149 3672 4204 consuetudine

2052 4236 2224 4288 solet
2272 4233 2553 4304 Scriptura
2607 4235 2789 4289 futura
2822 4238 2980 4307 quasi
3029 4239 3303 4308 praeterita
3340 4240 3668 4308 vaticinari;

2081 4344 2254 4397 quare
2283 4329 2505 4398 jamjam
2531 4328 2747 4382 diccbat
2780 4347 2794 4385 :
2825 4348 2845 4379 ι
2876 4328 3154 4385 Dederunt
3182 4331 3236 4384 in
3272 4347 3456 4386 escam
3492 4349 3671 4387 meam

2086 4421 2179 4484 l'el,
2225 4441 2242 4473 ι
2285 4437 2350 4475 ac
2380 4423 2425 4475 si
2453 4421 2680 4485 diceret,
2713 4419 2955 4486 dabuntt;
2995 4440 3012 4473 ι
3054 4423 3191 4478 etin
3234 4425 3326 4477 ειιί
3355 4439 3473 4479 mea
3512 4434 3674 4494 pota-

392 4512 596 4585 άρτίως
625 4513 754 4581 γοῦν
796 4513 948 4580 ἔλεγε
978 4515 1057 4577 τὸ,
1097 4534 1115 4565 ι
1150 4515 1395 4568 Ἔδωκεν
1419 4517 1499 4578 εἰς
1535 4516 1592 4568 τὸ
1636 4514 1833 4588 βρῶμά
1866 4534 1969 4586 μου

2086 4523 2270 4573 verunt
2334 4532 2419 4570 me
2470 4527 2653 4582 aceto,
2689 4534 2707 4566 ι
2751 4515 2806 4570 id
2860 4523 2946 4572 est
2990 4515 3266 4581 parabunt.
3330 4517 3470 4572 Alibi
3535 4535 3674 4588 quo-

393 4603 576 4675 χολὴν,
622 4623 641 4656 ο
685 4603 806 4656 ἀντὶ
844 4604 959 4667 τοῦ,
1015 4602 1303 4668 δώσουσι,
1337 4625 1353 4654 ι
1396 4607 1489 4660 καὶ
1536 4608 1616 4670 εἰς
1678 4607 1776 4675 τὴν
1821 4605 1978 4674 δίψαν

360 4712 498 4766 ¹μου
561 4695 820 4748 ὲπότισὰν
880 4713 946 4764 με
1005 4695 1156 4761 ὅξοςο
1200 4717 1218 4748 ι
1258 4697 1376 4750 ἀντὶ
1427 4696 1552 4759 τοῦ,
1624 4697 1974 4749 ποτίσουσι.

392 4788 502 4842 Καὶ
548 4788 779 4859 ἀλλαχοῦ
809 4789 866 4842 δὲ
895 4789 1094 4860 ὁμοίως
1141 4789 1392 4861 εἴρηται·
1430 4808 1448 4840 ι
1490 4790 1882 4862 Διεμερίσαντο
1911 4789 1979 4842 τὰ

395 4881 582 4951 ἱμάτιά
617 4897 718 4952 μου
749 4883 984 4945 ἑαυτοῖς,
1011 4883 1103 4935 καὶ
1141 4885 1236 4936 ἐπὶ
1261 4884 1352 4936 τὸν
1388 4884 1682 4954 ἱματισμόν
1713 4900 1813 4953 μου
1849 4882 1968 4935 ἔϐα·

389 4971 481 5026 λον
522 4971 744 5044 κλῆρον·
789 4995 806 5023 ι
844 4973 937 5026 καὶ
970 4974 1160 5026 πάλινο
1203 4993 1221 5024 ι
1260 4975 1618 5046 Παρὲστησαν
1648 4974 1697 5025 oi
1734 4973 1973 5044 βασιλεῖς

389 5061 490 5131 τῆς
527 5063 652 5133 γῆς,
698 5065 792 5117 καὶ
847 5067 894 5117 οὶ
928 5065 1184 5136 ἄρχοντες
1218 5063 1564 5136 συνήχθησαν
1597 5065 1690 5118 ἐπὶ
1735 5064 1795 5116 τὸ
1821 5065 1973 5128 αὐτὸ,

367 5152 534 5218 ,κατὰ
591 5153 685 5207 τοῦ
735 5156 941 5226 Κυρίου
989 5157 1083 5209 καὶ
1117 5155 1257 5209 κατὰ
1300 5155 1394 5208 τοῦ
1444 5153 1679 5226 Χριστοῦ
1727 5155 1916 5209 αὑτοῦ.
1953 5174 1971 5207 ι

402 5243 635 5316 ὐμοίως
676 5245 786 5319 γὰρ
826 5248 920 5299 καὶ
948 5246 1118 5298 ταῦτα
1153 5246 1412 5316 μέλλοντα
1447 5246 1728 5316 γίγνεσθαι
1768 5245 1845 5309 ὡς
1876 5246 1976 5317 ἤδη

391 5339 762 5410 παρῳχηκότα
796 5341 1249 5410 προανεᾳωνείτο.
1281 5337 1437 5392 Οῦτω
1494 5338 1588 5391 καὶ
1617 5339 1716 5392 ὅσα
1763 5337 1976 5408 νομίζε-

388 5448 482 5484 ται
515 5429 927 5502 προστακτικῶς
964 5430 997 5500 ἢ
1043 5429 1306 5498 εὐκτικῶς
1340 5429 1614 5498 λέγεσθαι,
1662 5432 1758 5486 καὶ
1803 5429 1977 5484 ταῦτα

1918 5518 1943 5540 γ

1923 5541 1935 5576 ί

357 5571 362 5576 .
392 5522 716 5596 προφητικῷ
765 5523 952 5596 τρόπῳ
994 5522 1472 5596 προαγορευτικῶς
1504 5523 1820 5587 ἐξακούεται
1842 5539 1855 5552 ·
1888 5522 1978 5576 οἷά

2082 4625 2194 4681 que
2225 4608 2479 4664 similiter
2511 4609 2716 4662 dicitur
2743 4627 2757 4662 :
2799 4626 2816 4659 ι
2857 4606 3173 4663 Diviserunt
3204 4609 3307 4662 sibi
3342 4609 3674 4665 vestimenta

2089 4717 2230 4764 mea,
2258 4709 2311 4754 et
2343 4714 2509 4768 super
2542 4709 2744 4754 vestem
2782 4715 2955 4754 meam
2998 4703 3269 4754 miserunt
3299 4711 3503 4756 sortem
3531 4701 3575 4732 "
3604 4720 3620 4771 ;
3652 4723 3672 4754 ι

2084 4807 2154 4846 ac
2184 4808 2403 4846 rursum
2441 4810 2452 4844 :
2488 4810 2506 4841 ι
2545 4792 2853 4846 Astiterunt
2892 4808 3048 4862 reges
3097 4801 3278 4856 terrm,
3311 4804 3364 4848 et
3392 4795 3676 4865 principes

2054 4944 2057 4946 _
2087 4891 2462 4938 convenerunt
2493 4883 2544 4935 in
2579 4897 2748 4935 unum
2783 4880 3048 4936 adversus
3075 4879 3363 4936 Dominum
3396 4890 3449 4937 ct
3477 4883 3677 4938 adver-

2085 4991 2182 5030 sus
2211 4973 2491 5028 Christum
2519 4973 2640 5042 ejus
2670 4973 2735 5028 ".
2773 4993 2790 5024 ι
2831 4971 2965 5027 Nam
2995 4975 3248 5029 similiter
3281 4975 3395 5030 lucc
3428 4992 3548 5048 quae
3585 4974 3674 5033 fu-

2084 5075 2208 5120 tura
2240 5074 2417 5130 erant,
2456 5068 2613 5137 quasi
2654 5067 2768 5135 jam
2805 5070 3082 5136 praeterita
3127 5071 3671 5139 praenuntiabuntur.

2087 5158 2212 5214 Pari
2267 5159 2478 5214 ratione
2525 5175 2866 5231 quacunque
2914 5172 3176 5231 putantur
3221 5163 3542 5234 imperando
3581 5172 3676 5218 aut

2085 5251 2326 5322 optando
2357 5251 2490 5314 dici,
2524 5253 2844 5322 prophetico
2891 5269 3044 5309 more
3073 5255 3432 5325 pramuntiari
3468 5262 3676 5327 putan-

2084 5341 2211 5396 dum
2241 5351 2324 5398 est
2380 5362 2393 5398 :
2440 5345 2622 5414 qualia
2658 5351 2787 5399 sunt
2847 5345 2960 5400 haec
3008 5355 3129 5416 qua:
3171 5355 3494 5400 tractamus.
3529 5343 3672 5400 Illud

2085 5435 2228 5489 enim
2265 5453 2276 5488 :
2309 5453 2328 5486 ι
2366 5433 2486 5489 Fiat
2531 5453 2721 5492 mensa
2774 5453 2990 5500 eorum,
3032 5457 3050 5488 ι
3088 5439 3384 5508 intelligas,
3418 5455 3436 5488 ι
3467 5435 3558 5492 ﬁet
3593 5456 3608 5493 :
3645 5455 3666 5490 ι

2085 5535 2137 5580 ct
2168 5527 2299 5582 illud
2329 5547 2343 5583 :
2372 5527 2781 5586 ιΟὺδςυιὍιιιιιι·
2811 5531 2955 5587 oculi
2981 5546 3190 5596 eorum,
3221 5551 3239 5582 ι
3271 5547 3371 5601 pro
3407 5547 3427 5583 ι
3465 5531 3670 5588 obscu-

462 5696 985 5810 ’Ϊηιετςξῆληκὲμ
1060 5724 1509 5810 "fluat-St“,
1552 5728 1676 5810 55.-
1721 5728 1764 5761 “
1808 5729 1962 5788 Deut.
2003 5747 2176 5803 χχχιι,
2222 5732 2312 5790 32.
2390 5735 2431 5768 "
2473 5733 2577 5790 lsa.
2627 5751 2678 5802 v,
2719 5733 2773 5789 2.
2853 5735 2896 5766 ³¹
2941 5734 3078 5790 ibid.
3123 5735 3174 5791 7.
3257 5734 3302 5767 ⁸³
3341 5729 3502 5790 Joan.
3547 5749 3666 5810 ιιι.

391 5796 582 5854 28-50.
665 5797 708 5828 ³⁵
746 5795 893 5855 Psal.
939 5812 1054 5865 xu,
1099 5798 1184 5853 l9.
1261 5798 1305 5829 ⁸³
1349 5795 1496 5854 Psal.
1540 5813 1602 5866 tt,
1642 5797 1696 5855 2.
