4068 6526
450 334 453 339 ·
471 318 570 375 751

1142 315 1417 375 EUSEBII
1457 315 1935 373 CESARIENSIS
1970 314 2118 371 OPP.
2163 314 2340 370 PARS
2380 315 2469 371 Ill.
2504 344 2576 357 —
2611 314 3025 373 EXEGETICA.

3616 313 3733 379 '75!

467 440 770 506 rabuntur;
809 456 827 490 ι
858 446 911 494 et
943 439 1226 509 sequentia
1273 438 1547 495 similiter.
1587 438 1706 493 Non
1738 440 1884 495 enim
1915 453 2042 494 con-

2151 438 2266 490 ἐστι
2296 436 2364 490 τὰ
2397 438 2535 509 μετὰ
2558 439 2765 510 χεῖρας.
2788 437 2861 490 Τὸ
2888 437 3015 510 γὰρ,
3045 457 3063 490 ι
3105 439 3390 512 Γενηθήτω
3413 440 3448 512 ἠ
3481 439 3735 513 τράπεζα

467 537 794 588 sentaneum
827 538 932 597 est,
970 545 1096 584 eum
1123 531 1219 600 qui
1250 530 1411 586 nobis
1456 531 1703 601 praecipit
1756 541 1813 586 ut
1848 531 2047 585 malum

466 637 569 695 pro
605 624 750 677 malo
778 638 887 677 non
914 622 1233 688 reddamus,
1264 622 1360 678 sed
1384 638 1673 693 precemur
1712 639 1814 694 pro
1848 623 1915 678 iis
1955 623 2049 693 qui

442 716 632 773 nobis
653 715 959 770 molestiam
987 722 1200 780 creant,
1228 724 1282 770 et
1309 722 1367 769 nt
1396 715 1809 781 benedicamus,
1834 730 1935 770 nec
1961 730 2048 770 ex-

451 821 773 872 secremur,
807 808 1168 878 inimicosque
1198 807 1513 879 diligamus,
1552 807 1867 877 hujusmodi
1906 809 2047 863 mala

466 901 591 956 aliis
626 901 941 971 imprecari.
965 899 1084 955 Non
1115 901 1356 970 optativo
1390 901 1573 972 igitur,
1598 916 1776 972 neque
1813 902 2050 972 impera-

467 995 580 1047 tivo
614 992 797 1057 modo,
822 992 917 1048 sed
971 993 1273 1049 secundum
1328 994 1584 1049 traditam
1618 996 1883 1050 rationem
1936 996 2047 1050 haac

467 1085 789 1157 pr0phetice
812 1086 1161 1155 pronuntiata
1193 1094 1342 1141 sunt.
1369 1084 1475 1139 Pro
1498 1086 1565 1141 iis
1585 1085 1729 1140 enim
1764 1100 1886 1156 quae
1913 1100 2046 1141 con-

468 1185 554 1231 tra
608 1193 694 1234 me
743 1178 867 1233 ausi
910 1186 1317 1249 perpetrarunt,
1353 1179 1469 1234 haec
1525 1179 1674 1250 ipsos
1730 1180 2041 1249 excipient:

440 1286 658 1327 emensa
695 1287 886 1326 eorum
946 1273 1054 1329 illis
1100 1288 1211 1326 non
1262 1272 1328 1326 ad
1375 1272 1835 1342 suppeditandum
1862 1272 2046 1328 cibum

448 1364 595 1427 ‘erit,
622 1364 717 1419 sed
738 1365 793 1418 in
824 1365 1100 1435 laqueum,
1127 1372 1179 1421 et
1212 1368 1265 1418 in
1290 1364 1680 1419 retributiones
1710 1377 1765 1419 et
1800 1366 1857 1419 in
1886 1381 2048 1421 scan-

467 1455 676 1518 dalum,
711 1455 840 1525 quia
866 1454 1136 1509 dederunt
1172 1455 1227 1509 in
1253 1470 1439 1511 escam
1469 1470 1645 1509 meam
1669 1453 1771 1510 γει.
1804 1456 2042 1511 Mensam

455 1560 636 1617 'porro
662 1545 1094 1619 Judaicipopuli
1133 1564 1295 1618 quam
1332 1546 1539 1602 dixeris
1580 1563 1725 1612 esse,
1756 1548 1870 1603 nisi
1907 1548 2047 1602 divi-

454 1643 616 1696 tnitus
668 1640 965 1710 inspiratas
1014 1638 1348 1709 Scripturas,
1382 1655 1520 1710 quas
1558 1640 1813 1694 meditari
1847 1647 1901 1694 et
1931 1656 2045 1695 me-

454 1732 698 1787 ‘moriter
747 1731 993 1803 proferre
1032 1730 1516 1797 solent?‘Quarum
1562 1731 1951 1801 contemplatio
1990 1740 2044 1786 et

2152 529 2350 596 αὐτῶν,
2390 550 2409 583 ι
2439 530 2732 585 ἀκουστέον
2764 531 2884 584 ἀντὶ
2910 531 3024 596 τοῦ,
3057 550 3075 583 ι
3102 535 3423 604 γενήσεται·
3461 553 3480 585 ι
3518 534 3615 588 καὶ
3649 534 3731 598 τὸ,

2158 642 2176 673 ι
2228 622 2673 695 Σκοτισθήτωσαν
2714 624 2764 676 οἱ
2809 624 3075 695 ὀφθαλμοὶ
3110 625 3311 689 αὐτῶν,
3348 646 3375 679 ιι
3425 627 3546 679 άντὶ
3612 626 3729 694 τοῦ,

2157 733 2175 766 ι
2210 717 2677 787 σκοτισθήσονταιυ
2728 736 2747 769 ι
2796 716 2987 771 καὶτὰ
3018 712 3147 789 ἑξῆς
3197 719 3406 783 τούτοις
3440 718 3735 792 παραπλη-

2153 811 2304 877 σίως.
2343 812 2418 866 Ού
2461 814 2571 885 γὰρ
2602 814 2713 884 ἔχει
2742 812 2900 880 λόγον
2927 813 3019 866 τὸν
3050 814 3180 885 ἡμῖν
3218 814 3626 887 προστάττοντα
3656 815 3733 887 μὴ

2147 905 2553 960 ἀνταποδιδόναι
2594 908 2763 962 κακὸν
2800 909 2921 963 ἀντὶ
2950 906 3143 971 κακοῦ,
3169 906 3305 960 ἀλλὰ
3335 906 3736 978 προσεύχεσθαι

2152 997 2297 1070 ὑπὲρ
2318 998 2425 1052 τῶν
2458 998 2893 1071 ἐπηρεαζόντων,
2926 1000 3020 1053 καὶ
3049 998 3291 1066 εὐλογεῖν
3327 998 3423 1052 καὶ
3456 997 3532 1069 μὴ
3562 1014 3735 1051 κατα-

2152 1090 2365 1161 ρᾶσθαι,
2397 1091 2615 1163 ἀγαπᾷν
2652 1091 2706 1145 δὲ
2735 1093 2831 1145 καὶ
2866 1092 2992 1155 τοὺς
3034 1089 3285 1162 ἐχθροὺς,
3316 1089 3477 1142 αὑτὸν
3508 1087 3735 1141 τοιαῦτα

2149 1181 2508 1253 κατεύχεσθαι
2568 1183 2798 1253 ἑτέροις.
2846 1183 2961 1235 Ούκ
3015 1180 3285 1245 εύκτικῶς
3344 1180 3557 1245 τοίνυν,
3612 1178 3736 1233 οὐδὲ

2149 1274 2582 1347 προστακτικῶς.
2611 1276 2751 1330 κατὰ
2786 1275 2843 1329 δὲ
2875 1276 2964 1328 τὸν
2999 1274 3329 1328 ἀποδοθέντα
3362 1272 3564 1344 τρόπον
3596 1288 3736 1342 προ-

2147 1366 2391 1436 φητικῶς
2426 1366 2521 1420 καὶ
2547 1366 2719 1421 ταῦτα
2744 1366 3015 1420 λέλεκται.
3055 1365 3195 1419 Ἀνθ’
3226 1357 3301 1420 ὧν
3330 1364 3441 1437 γάρ
3469 1364 3737 1437 τετολμή-

2147 1472 2277 1510 κασι
2329 1458 2424 1511 καὶ
2473 1457 2832 1530 διεπράξαντο
2879 1460 3001 1512 κατ’
3050 1458 3207 1529 ἐμοῦ,
3256 1457 3487 1513 τοιαῦτα
3531 1455 3734 1522 αὐτοὺς

2145 1546 2473 1612 διαδέξεται·
2510 1551 2543 1621 ἡ
2582 1548 2828 1621 τράπεζα
2860 1547 3038 1603 αὐτῶν
3089 1548 3243 1602 ἔσται
3294 1548 3475 1612 αὐτοῖς
3511 1546 3614 1601 οὐκ
3652 1547 3736 1610 εἰς

2142 1637 2446 1710 παράθεσιν
2493 1641 2719 1711 τροφῆς,
2758 1640 2873 1693 ἀλλ’
2921 1641 3003 1704 είς
3036 1639 3237 1708 παγίδα
3269 1640 3364 1694 καὶ
3396 1640 3475 1702 είς
3507 1638 3735 1692 ἀνταπο-

2146 1733 2319 1796 δόσεις
2371 1732 2466 1786 καὶ
2517 1734 2597 1797 είς
2644 1732 2959 1799 σκάνδαλον,
3019 1731 3137 1786 ἀνθ’
3184 1725 3261 1786 ὧν
3310 1731 3517 1785 ἔδωκαν
3550 1733 3636 1796 εἰς
3668 1732 3735 1784 τὸ

456 1824 849 1895 intelligentia,
884 1824 1194 1877 animarum
1228 1821 1633 1877 rationabilium
1668 1836 1851 1877 escam
1893 1838 2041 1895 cem-

2146 1824 2342 1896 βρῶμά
2368 1842 2470 1894 μου
2504 1822 2687 1896 χολήν.
2713 1823 3005 1896 Τράπεζαν
3036 1823 3095 1876 δὲ
3119 1823 3213 1877 τοῦ
3254 1822 3526 1878 Ἰουδαίων
3546 1822 3733 1887 ἔθνους

458 1917 751 1986 plectitur,
775 1912 944 1970 dictio
969 1923 1149 1971 autem
1182 1930 1384 1969 mensa:
1411 1915 1533 1969 loco
1561 1924 1667 1971 est.

2148 1917 2269 1969 τίνα
2290 1915 2356 1969 ἂν
2388 1916 2559 1980 εἴποις
2581 1915 2613 1986 ῆ
2634 1915 2731 1981 τὰς
2754 1914 3137 1979 θεοπνεύστους
3156 1914 3398 1987 Γραφὰς,
3414 1914 3481 1979 ἃς
3505 1915 3736 1987 μελετᾷν

463 2008 558 2061 καὶ
606 2008 1060 2079 ἀποστοματίζειν
1103 2006 1391 2074 subiiciam;
1422 2000 1499 2061 ὧν
1526 2010 1559 2080 ἡ
1600 2010 1699 2080 μὲν
1733 2009 1934 2082 θεωρία
1992 2010 2089 2062 ικαὶ
2124 2010 2159 2080 ἡ
2214 2010 2418 2081 νόησις,
2444 2009 2628 2080 ψυχῶν
2650 2010 2856 2082 τροφὴν
2885 2007 3117 2079 λογικῶν
3150 2011 3468 2083 περιέχει,ἡ
3500 2010 3557 2064 δὲ
3586 2007 3736 2077 λέξις

461 2099 743 2171 τραπέζης
773 2098 957 2172 χώραν
992 2101 1257 2173 περιέχει.

438 2232 439 2235 η
535 2212 690 2268 Hane
734 2214 918 2284 itaque
949 2230 1195 2268 mensam
1238 2230 1450 2281 eorum,
1482 2232 1677 2287 nempe
1713 2217 1927 2273 obviam
1962 2214 2046 2272 di-

462 2304 715 2358 vinarum
741 2303 1151 2374 Scripturarum
1181 2306 1497 2375 lectionem,
1519 2308 1655 2379 ipsis
1677 2310 1731 2363 in
1763 2308 2040 2379 laqueum,

463 2403 518 2448 et
543 2394 601 2448 in
627 2394 1018 2450 retributiones
1040 2396 1167 2450 etin
1194 2397 1513 2452 scandalum
1539 2397 1654 2454 fore
1673 2398 2039 2469 praenuntiat;

465 2492 629 2556 atque
664 2501 774 2540 non
820 2495 1016 2539 natura
1060 2486 1222 2542 talem
1259 2504 1402 2551 esse,
1438 2488 1534 2545 sed
1565 2489 1698 2561 ipsis
1726 2489 2042 2560 hujusmodi

464 2575 727 2632 futuram.
765 2576 822 2632 ld
854 2578 999 2633 enim
1035 2579 1121 2634 his
1144 2580 1326 2635 verbis
1365 2580 1706 2651 significatur
1740 2600 1755 2637 :
1788 2601 1807 2634 ι
1844 2581 2043 2637 Coram

456 2669 599 2741 ipsis
627 2668 720 2723 ﬁat
749 2685 939 2725 mensa
970 2685 1161 2725 eorum
1192 2674 1245 2725 in
1277 2673 1527 2741 laqueum
1559 2682 1613 2729 et
1641 2673 1696 2728 in
1724 2673 2047 2728 retributio-

461 2773 562 2817 nes
607 2766 663 2816 et
692 2759 750 2814 in
802 2760 1144 2817 scandalum.
1186 2781 1205 2814 ι
1258 2762 1372 2819 Hoc
1409 2771 1589 2818 autem
1633 2779 1797 2833 opere
1840 2765 1894 2819 in
1935 2765 2045 2820 illis

460 2853 787 2922 completur.
829 2851 1052 2909 Divinas
1107 2869 1345 2925 namque
1396 2854 1713 2926 Scripturas
1765 2856 2042 2928 legentes,

459 2943 660 2999 exinde
706 2945 916 3015 laqueis
957 2947 1359 3016 complicantur
1390 2964 1405 3001 :
1434 2963 1623 3003 earum
1659 2949 1863 3020 quippe
1894 2950 2041 3005 dicta

462 3044 658 3105 praeter
678 3054 861 3093 veram
889 3040 1172 3093 scientiam
1197 3040 1553 3111 excipientes,
1583 3054 1905 3113 rectumque
1928 3058 2046 3099 ver-

459 3129 655 3185 borum
701 3145 923 3185 sensum
959 3138 1298 3194 evertentes;
1345 3133 1413 3188 iis
1444 3134 1511 3187 ad
1555 3149 1665 3188 non
1705 3134 2039 3189 credendum

461 3219 744 3276 Servatori
788 3220 999 3276 seducti
1045 3231 1194 3279 sunt.
1247 3225 1363 3276 [mo
1394 3225 1556 3279 etiam
1610 3240 1798 3281 mensa
1849 3241 2038 3281 eorum

459 3311 596 3385 ipsis
650 3311 704 3366 in
773 3314 1163 3369 retributiones
1223 3315 1471 3370 vertitur.
1536 3316 1693 3383 Quod
1756 3320 1901 3375 enim
1969 3320 2097 3374 le-‘

458 3405 672 3460 ctiones
701 3421 811 3459 non
838 3405 1173 3477 intelligant,
1206 3408 1288 3462 vel
1317 3409 1445 3464 inde
1472 3409 1779 3465 facinorum
1815 3427 2044 3467 suorum

458 3499 515 3551 in
549 3497 727 3570 ipsum
755 3513 950 3569 poenas
980 3499 1155 3553 luunt.
1188 3498 1370 3567 Quare
1396 3500 1758 3574 Symmachus
1787 3518 1884 3574 pro
1915 3505 2042 3570 illo,

466 3609 483 3639 ι
510 3596 564 3644 et
596 3589 650 3643 in
686 3589 1114 3649 retributiones.
1138 3612 1156 3644 ι
1180 3594 1377 3661 vertit,
1405 3614 1422 3646 ι
1450 3603 1502 3648 et
1537 3594 1591 3648 in
1624 3596 1951 3666 supplicium
1978 3613 1992 3663 ;
2020 3616 2037 3648 ι

459 3683 593 3753 quin
619 3684 783 3738 etiam
819 3683 873 3739 in
907 3684 1227 3739 scandalum
1254 3702 1440 3742 coram
1472 3688 1604 3758 ipsis
1632 3704 1825 3744 mensa
1853 3704 2044 3743 eorum

458 3778 710 3832 vertitur.
756 3776 913 3831 Nuda
955 3780 1159 3849 quippe
1209 3781 1375 3834 verba
1420 3783 1662 3852 legentes
1695 3781 2041 3853 impingunt,

458 3882 720 3924 arcanum
772 3885 963 3924 eorum
1013 3886 1236 3926 sensum
1284 3887 1393 3926 non
1442 3876 1740 3943 capientes.
1796 3873 2043 3943 Exempli

454 3976 625 4017 causa
646 4002 660 4026 ,
689 3978 812 4017 cum
838 3963 1069 4017 audiunt
1090 4005 1103 4027 ,
1131 3975 1220 4028 ut,
1254 3964 1575 4021 adveniente
1601 3965 1851 4031 Christo,
1877 3967 2043 4022 simul

458 4064 647 4123 pascet
675 4055 836 4124 lupus
861 4071 984 4109 cum
1018 4072 1158 4126 agno
1179 4097 1194 4119 ,
1223 4066 1277 4111 et
1306 4058 1513 4126 pardus
1539 4074 1664 4111 cum
1700 4058 1852 4112 hmdo
1879 4073 2044 4112 accu-

463 4143 618 4198 babit
640 4184 654 4207 ,
686 4144 772 4199 leo
802 4152 855 4199 et
888 4145 990 4201 bos
1022 4148 1312 4201 comedent
1342 4148 1527 4217 paleas
1571 4148 1654 4213 ’θς
1706 4150 1821 4203 hmc
1868 4158 1922 4204 et
1964 4151 2042 4204 si-

460 4234 612 4288 milia
646 4251 755 4289 non
787 4236 1189 4306 intelligentes,
1225 4237 1550 4292 adveniente
1582 4236 1806 4293 Christo
1839 4237 1894 4292 in
1927 4237 2044 4293 hzec

459 4326 800 4397 impingunt;
826 4326 954 4398 quia
985 4328 1100 4383 haec
1125 4344 1233 4383 non
1257 4330 1506 4385 sensibili
1538 4331 1701 4384 modo
1720 4331 1778 4384 in
1801 4330 1922 4400 ejus
1946 4331 2045 4385 ad-

455 4428 624 4476 ventu
650 4422 1019 4492 contigerunt.
1056 4419 1150 4476 Sic
1179 4436 1311 4491 ergo
1342 4422 1602 4492 praedicta
1634 4438 1825 4477 eorum
1851 4438 2041 4479 mensa

2223 2215 2267 2267 Τ
2269 2207 2440 2285 αύτην
2463 2212 2642 2266 τοίνυν
2664 2212 2761 2284 τὴν
2784 2210 3065 2285 τράπεζαν
3100 2209 3301 2275 αὐτῶν,
3320 2212 3419 2283 τὴν
3444 2212 3739 2287 πρόχειρον

2150 2304 2257 2357 τῶν
2306 2302 2464 2356 θείων
2496 2301 2727 2374 Γραφῶν
2770 2303 3075 2369 ἀνάγνωσιν
3107 2298 3465 2372 προαγορεύει
3512 2302 3737 2358 ἔσεσθαι

2149 2394 2332 2458 αὐτοῖς
2362 2395 2440 2458 είς
2464 2394 2667 2462 παγίδα
2682 2394 2784 2447 «καὶ
2811 2395 2890 2456 είς
2915 2392 3300 2457 ἀνταποδόσεις
3334 2393 3428 2447 καὶ⁵
3463 2396 3544 2458 εἰς
3569 2395 3736 2451 σκάν..

2148 2486 2304 2539 δαλον
2324 2504 2337 2517 ·
2374 2486 2470 2538 καὶ
2498 2484 2716 2539 ἔσεσθαι
2746 2484 2914 2557 αὐτὴν
2946 2485 3200 2557 τοιαύτην
3233 2478 3438 2550 αὐτοῖς,
3477 2487 3538 2539 ού
3572 2487 3735 2557 φύσει

2146 2576 2311 2633 οὖσαν
2343 2578 2617 2649 τοιαύτην,
2642 2579 2757 2632 ἀλλ’
2788 2580 2977 2643 αὐτοῖς
3010 2577 3229 2632 ἔσεσθαι
3262 2578 3539 2651 τοιαύτην.
3564 2580 3736 2635 Τοῦτο

2146 2669 2255 2742 γὰρ
2281 2670 2533 2741 σημαίνει
2562 2672 2590 2723 ὁ
2625 2669 2791 2738 λόγος·
2811 2668 3033 2723 εἰπών’(
3073 2669 3333 2723 Ἐνώπιον
3362 2670 3540 2724 αὐτῶν
3572 2688 3735 2745 γενη-

2148 2762 2296 2835 θήτω
2326 2764 2359 2834 ἡ
2391 2762 2639 2833 τράπεζα
2665 2764 2845 2818 αὐτῶν
2883 2766 2964 2829 εἰς
3004 2766 3227 2833 παγίδα,
3264 2766 3359 2819 καὶ
3381 2767 3460 2830 είς
3498 2768 3733 2821 ἀνταπο-

2144 2856 2321 2921 δόσεις
2353 2856 2448 2911 καὶ
2471 2859 2550 2921 είς
2579 2856 2897 2910 σκάνδαλον.
2923 2876 2941 2907 δ
2969 2858 3154 2929 Ἔργῳ
3169 2857 3225 2910 δὲ
3248 2856 3404 2910 τοῦτο
3433 2860 3513 2922 είς
3536 2860 3733 2923 αὐτοὺς

2149 2947 2470 3019 πληροῦται.
2504 2950 2637 3011 Ταῖς
2667 2948 2796 3016 γοῦν
2830 2948 3002 3011 θείαις
3034 2948 3279 3019 Γραφαῖς
3313 2950 3732 3019 ἐντυγχάνοντες

2149 3041 2207 3107 ἐξ
2256 3041 2437 3096 αὐτῶν
2470 3040 2657 3109 παγίσι
2699 3041 3129 3115 περιπείρονται,
3166 3040 3431 3112 ἑτέρως-ἢ
3468 3043 3611 3095 κατὰ
3641 3043 3734 3097 τδν

2070 3181 2115 3241 C
2149 3134 2324 3205 ἀληθῆ
2342 3134 2465 3187 νοῦν
2484 3133 2916 3205 ἐκλαμϐάνοντες
2939 3131 3035 3197 τὰς
3054 3133 3247 3200 λέξεις,
3271 3133 3366 3187 καὶ
3385 3134 3734 3207 διαστρέφον-

2146 3246 2237 3291 τες
2256 3228 2345 3281 τὸν
2371 3230 2427 3280 ὲν
2452 3226 2642 3290 αὑταῖς
2659 3226 2816 3297 ὀρθὸν
2836 3225 3014 3295 λόγον,
3029 3227 3086 3294 ἐξ
3103 3227 3281 3280 αὐτῶν
3305 3245 3365 3281 τε
3384 3230 3464 3292 είς
3474 3229 3737 3286 ἀπαστίαν

2146 3319 2241 3373 τοῦ
2274 3318 2527 3389 Σωτῆρος
2562 3320 3031 3390 περιπειρόμενοι.
3073 3316 3232 3372 Ἀλλά
3265 3319 3361 3372 καὶ
3392 3320 3472 3381 είς
3498 3320 3734 3373 ἀνταπο-

2145 3412 2319 3475 δόσεις
2341 3411 2550 3480 γίνεται
2576 3412 2756 3474 αὐτοῖς
2779 3410 3079 3482 ῆτράπεζα
3108 3410 3307 3465 αὐτῶν.
3342 3412 3428 3465 Ἐν
3448 3412 3558 3483 γὰρ
3584 3411 3733 3483 αύτῷ

2145 3504 2320 3575 τούτῳ
2352 3504 2429 3573 τῷ
2466 3503 2539 3575 μὴ
2574 3504 2811 3557 συνιέναι
2840 3503 2907 3557 τά
2938 3503 3373 3575 άναγνώσματα,
3405 3503 3729 3566 ἀπολαμϐά-

2146 3613 2326 3650 νουσιν
2354 3590 2429 3648 ὧν
2457 3594 2689 3668 ἔδρασαν
2723 3598 2843 3649 κατ’
2875 3595 3037 3648 αὑτοῦ
3072 3596 3170 3667 τὴν
3200 3595 3492 3667 τιμωρίαν.
3528 3596 3730 3668 Διόπερ

2145 3688 2174 3739 ὁ
2198 3686 2493 3759 Σύμμαχος
2520 3687 2639 3739 ἀντὶ
2664 3686 2780 3751 τοῦ,
2810 3705 2827 3736 ι
2858 3686 2950 3738 καὶ
2983 3685 3064 3748 είς
3089 3684 3470 3748 ἀνταποδόσεις
3487 3724 3502 3749 ,
3531 3683 3625 3737 καί
3643 3686 3732 3751 είς

2146 3780 2457 3849 τιμωρίαν,
2507 3779 2871 3850 ἡρμήνευσεν.
2928 3775 3089 3829 Ἀλλὰ
3149 3777 3243 3829 καὶ
3290 3777 3371 3840 είς
3430 3776 3729 3829 σκάνδαλον

2144 3873 2354 3940 γίνεται
2391 3871 2620 3924 ἐνώπιον
2655 3868 2833 3922 αὐτῶν
2867 3870 2899 3939 ἠ
2931 3866 3179 3940 τράπεζα
3211 3868 3408 3921 αὐτῶν.
3444 3867 3730 3921 Σκανδαλί-

2147 3962 2327 4027 ζονται
2356 3963 2464 4034 γὰρ
2491 3960 2909 4031 ἐντυγχάνοντες
2936 3959 3118 4029 ψιλαῖς
3148 3962 3265 4023 ταῖς
3295 3959 3491 4025 λέξεσι,
3528 3960 3623 4012 καὶ
3654 3958 3729 4030 μὴ

2148 4055 2417 4118 συνιέντες
2444 4055 2543 4125 τὴν
2567 4057 2625 4107 ἐν
2652 4054 2843 4116 αὐταῖς
2873 4052 3137 4124 θεωρίαν·
3164 4049 3275 4106 οἷον
3297 4052 3605 4116 ἀκούοντες,
3629 4053 3726 4119 ὡς,

2144 4147 2466 4210 ἐπιστάντος
2490 4145 2583 4199 τοῦ
2607 4144 2864 4216 Χριστοῦ,
2891 4143 3330 4216 συμϐοσκήσεται
3377 4143 3539 4207 λύκος
3589 4142 3729 4213 μετὰ

2140 4238 2327 4308 ἀρνὸς,
2346 4237 2440 4289 καὶ
2462 4234 2725 4307 πάρδαλις
2753 4231 3220 4286 συναναπαύσεται
3244 4234 3418 4305 ἐρίφῳ
3435 4272 3452 4298 ,
3475 4234 3570 4287 καὶ
3590 4232 3729 4287 λέων

2146 4330 2239 4383 καὶ
2279 4327 2405 4399 βοῦς
2436 4328 2669 4398 φάγεται
2699 4328 2907 4399 ἄχυρα*
2959 4325 3130 4379 ταῦτα
3170 4326 3261 4379 καὶ
3294 4326 3362 4379 τά
3394 4325 3616 4379 τοιαῦτα
3648 4326 3727 4399 μὴ

2148 4421 2438 4485 συνιέντες.
2470 4418 2909 4482 σκανδαλίζονται
2948 4420 3041 4473 ἐπὶ
3069 4418 3145 4490 τῷ
3171 4418 3453 4488 ἐληλυθότι
3480 4414 3725 4491 Χριστῷ,

458 4513 561 4569 fuit
590 4528 776 4568 coram
809 4514 943 4585 ipsis
976 4513 1032 4568 in
1065 4513 1321 4585 laqueum
1347 4554 1362 4579 ,
1392 4522 1445 4569 et
1476 4515 1531 4569 in
1562 4515 1953 4570 retributiones
1986 4523 2039 4571 et

2146 4516 2229 4569 ὅτι
2263 4513 2337 4585 μὴ
2382 4511 2657 4582 αίσθητῶς
2689 4512 2905 4579 ἐγένετο
2929 4511 3104 4565 ταῦτα
3127 4512 3187 4563 ἐν
3218 4510 3484 4582 τῇιαύτοῦ
3519 4529 3724 4585 παρου-

457 4607 514 4661 in
545 4606 888 4661 scandalum.
920 4605 1154 4677 Haecque
1184 4606 1333 4677 passi
1382 4615 1544 4669 sunt,
1588 4609 1715 4677 quia
1758 4608 2040 4662 obscurati

454 4709 586 4756 sunt
617 4700 762 4753 oculi
786 4715 977 4754 eorum
1004 4708 1063 4754 ut
1090 4716 1199 4755 non
1236 4700 1483 4755 viderent
1506 4740 1522 4762 ,
1549 4700 1679 4771 quia
1710 4709 2040 4770 respuet-unt

454 4794 632 4845 lucem
659 4791 1060 4846 illuminantem
1088 4807 1306 4845 omnem
1339 4792 1646 4856 hominem,
1674 4799 1729 4845 et
1758 4792 1885 4860 quia
1914 4808 2042 4846 ocu-

454 4886 536 4938 los
570 4883 834 4939 habentes
866 4901 975 4939 non
1008 4885 1309 4948 videbant,
1339 4895 1393 4940 et
1422 4899 1584 4940 aures
1631 4884 1896 4939 habentes
1929 4900 2039 4939 non

453 4975 771 5030 audiebant.
819 4974 1191 5031 lnerassatum
1226 4977 1370 5031 enim
1413 4986 1496 5032 est
1544 4992 1641 5031 cor
1687 4992 1903 5041 eorum,
1954 4994 2041 5032 se-

453 5066 695 5121 cundum
722 5068 939 5131 Isaiam,
979 5077 1032 5122 et
1056 5069 1246 5123 oculos
1269 5071 1622 5134 obturarunt,
1650 5085 1922 5141 auresque
1946 5085 2038 5141 ag-

456 5170 761 5232 gravarunt
781 5160 851 5216 ³⁷.
887 5160 1070 5227 Quare
1095 5161 1183 5215 hic
1206 5163 1607 5230 prmnuntiatur
1633 5183 1645 5217 :
1676 5182 1694 5213 ι
1720 5161 2035 5217 Obscuren-

454 5257 549 5304 tur
563 5251 708 5304 oeuli
737 5265 930 5305 eorum
961 5266 1028 5305 ne
1056 5249 1298 5304 videant.
1333 5269 1350 5302 ι
1383 5251 1561 5306 Alium
1588 5267 1813 5321 quoque
1840 5267 2031 5307 casum

453 5356 646 5399 eorum
674 5344 821 5397 clare
844 5342 1178 5396 vaticinatur
1206 5343 1292 5397 his
1321 5343 1540 5399 verbis:
1564 5363 1581 5394 ι
1604 5344 1670 5397 Et
1695 5344 1919 5399 dorsum
1946 5360 2037 5398 eo-

454 5449 580 5489 rum
612 5448 828 5504 semper
859 5434 1084 5487 incurva
1107 5473 1120 5496 ,
1158 5452 1176 5484 ι
1204 5432 1259 5487 id
1286 5441 1371 5488 est
1396 5473 1409 5496 ,
1439 5452 1458 5485 ι
1492 5433 1808 5489 incurvabis
1834 5453 1850 5502 ;
1888 5454 1906 5487 ι
1935 5444 1987 5489 et
2016 5454 2029 5490 :

461 5525 723 5581 «llﬂunde
747 5543 915 5597 super
941 5542 1037 5582 eos
1058 5526 1195 5580 iram
1223 5527 1669 5591 tuamnseilicet,
1695 5527 2027 5594 ced‘undesp

454 5626 509 5673 et
536 5635 549 5672 :
589 5616 799 5674 «Furor
832 5618 927 5671 irae
961 5628 1067 5673 tua:
1096 5618 1525 5690 comprehendat
1556 5635 1652 5677 eos
1672 5622 1990 5687 ,inimirum
2012 5662 2028 5688 ,

523 5777 575 5814 ³⁸
610 5778 718 5833 ιω.
762 5791 838 5842 x1,
879 5775 931 5831 6.
1012 5777 1051 5807 ³⁷
1093 5773 1198 5832 lsa.
1240 5794 1312 5840 v1,
1356 5777 1439 5834 10.

2145 4608 2254 4677 σία.
2297 4604 2482 4668 Οὕτως
2504 4601 2597 4659 οὖν
2624 4605 2656 4675 ἡ
2691 4593 3016 4658 ἀποδοθεῖσᾶ
3034 4604 3211 4657 αὐτῶν
3232 4604 3480 4676 τράπεζα
3503 4604 3727 4674 γέγονεν

2143 4697 2374 4751 ἐνώπιον
2406 4696 2585 4750 αὐτῶν
2619 4698 2698 4760 εἰς
2732 4697 2956 4765 παγίδα,
2990 4697 3085 4751 καὶ
3115 4699 3194 4760 είς
3219 4697 3603 4760 ἀνταποδόσεις
3632 4698 3727 4751 καὶ

2144 4792 2224 4852 είς
2246 4789 2558 4843 σκάνδαλον.
2578 4789 2685 4842 Καὶ
2701 4788 2872 4842 ταῦτα
2892 4788 3245 4853 πεπόνθασιν,
3267 4787 3563 4859 ἐπειδήπερ
3579 4776 3731 4842 ἐσκο-

2143 4879 2407 4952 τίσθησαν
2431 4881 2484 4933 οί
2511 4878 2779 4949 ὀφθαλμοὶ
2806 4879 2984 4932 αὐτῶν
3014 4879 3110 4933 τοῦ
3149 4878 3223 4951 μὴ
3258 4879 3473 4950 βλέπειν
3498 4916 3515 4943 ,
3546 4879 3638 4933 διὰ
3670 4880 3733 4933 τὸ

2146 4973 2492 5046 παρῃτῆσθαι
2515 4972 2575 5026 τὸ
2604 4973 2719 5042 φῶς
2748 4972 2808 5025 τὸ
2835 4972 3067 5041 φωτίζον
3097 4972 3274 5026 πάντα
3294 4970 3608 5043 ἄνθρωπον,
3633 4970 3731 5023 καὶ

2145 5066 2268 5119 ἐπεὶ
2290 5064 2598 5135 ὀφθαλμοὺς
2635 5062 2847 5135 ἔχοντες
2877 5063 2977 5116 οὐκ
3017 5063 3263 5128 ἔϐλεπον,
3294 5063 3388 5116 καὶ
3420 5056 3539 5116 ὦτα
3576 5062 3729 5132 ἔχονο

2141 5175 2231 5222 τες
2272 5158 2371 5210 οὐκ
2427 5157 2642 5228 ῆκουον.
2697 5155 3005 5226 Ἐπαχύνθη
3050 5156 3158 5227 γάρ
3192 5158 3226 5227 ἡ
3272 5155 3470 5228 καρδία
3505 5153 3722 5219 αὐτῶν,

2140 5247 2281 5304 κατὰ
2304 5248 2396 5303 τὸν
2437 5247 2680 5313 Ἡσαΐαν,
2728 5248 2818 5301 καὶ
2862 5248 2987 5309 τοὺς
3018 5246 3331 5318 ὀφθαλμοὺς
3373 5247 3720 5319 ἐκάμμυσαν,

2142 5345 2237 5398 καὶ
2281 5344 2348 5398 τὰ
2386 5340 2499 5396 ὦτα
2566 5343 2857 5413 ὲὸάρυναν.
2900 5342 2989 5396 Διὸ
3044 5344 3402 5417 προαγορεύει
3441 5345 3665 5413 φάσκων
3693 5344 3724 5397 ὁ

2142 5436 2327 5507 λόγος·
2371 5437 2854 5508 «Σκοτιισθήτωσαν
2898 5438 2947 5490 oi
2994 5436 3263 5507 ὀφθαλμοὶ
3302 5438 3481 5491 αὐτῶν
3521 5437 3614 5490 τοῦ
3646 5436 3722 5509 μὴ

2145 5529 2378 5601 βλέπειν.
2408 5530 2566 5583 ι’Καὶ
2589 5529 2717 5583 ἄλλο
2741 5528 2796 5582 δὲ
2821 5528 3065 5601 ἐναργῶς
3096 5529 3306 5600 συμϐάν
3327 5531 3509 5594 αὐτοῖς
3538 5527 3725 5582 θεσπί-

2140 5621 2222 5689 ζει
2243 5621 2448 5691 λέγων’
2479 5640 2502 5675 ι
2524 5619 2633 5677 Καὶ
2655 5620 2747 5675 τὸν
2768 5619 2935 5675 νῶτον
2959 5621 3138 5675 αὐτῶν
3164 5621 3451 5686 διαπαντὸς
3477 5621 3725 5693 σύγκαμ-
