4068 6512
398 337 503 397 755

1523 349 2021 410 COMMENTARIA
2062 353 2127 410 ιη
2167 350 2525 410 ΡΞᾹΙΛΙΟΞῘ

3563 348 3656 406 154

396 460 518 531 ψον,
543 476 563 512 ι
605 459 728 515 ἀντὶ
766 461 861 515 τοῦ
881 504 895 528 ,
941 480 960 514 ι
989 464 1360 536 συγκάμψεις·
1388 486 1407 519 ι
1450 470 1564 532 καὶ,
1592 488 1610 521 ι
1640 444 1874 544 Ἐκχεον
1899 477 1972 529 ἐπ

2094 493 2112 521 ‹
2144 473 2589 545 comprehendet.
2618 492 2634 521 ι
2666 470 2955 538 Quomodo
2983 477 3162 524 autem
3197 469 3384 525 istbzee
3411 475 3533 538 post
3561 466 3660 523 Ju-

396 550 593 616 αὐτοὺς
614 552 710 625 τὴν
725 552 891 627 ὀργήν
925 572 1018 609 σου
1042 597 1056 622 ,
1083 576 1099 608 ι
1135 559 1256 611 ἀντὶ
1280 559 1397 624 τοῦ,
1423 581 1439 611 ι
1464 562 1676 632 ἐκχεεῖς
1693 583 1741 616 ·›
1764 565 1879 630 καὶ,
1905 586 1922 618 ι
1954 569 1983 619 6

397 641 568 716 θυι..δς
597 646 697 717 τῆς
737 647 907 717 ὀργῆς
953 665 1048 702 σου
1084 651 1382 705 καταλάϐοι
1414 655 1627 719 αὐτοὺς,
1655 676 1672 708 ι
1712 656 1832 711 ἀντὶ
1864 659 1981 723 τοῦ,

402 753 422 787 ι
444 736 867 810 καταλήψεται.»
906 741 1093 806 Ὅπως
1121 742 1179 796 δὲ
1216 744 1507 800 καὶταῦτα
1545 749 1682 819 μετὰ
1712 750 1809 822 τὴν
1840 753 1981 805 κατὰ

394 825 490 884 τοῦ
516 829 767 901 Σωτῆρος
793 830 948 902 ἡμῶν
976 833 1181 903 τόλμαν
1208 834 1287 905 τῷ
1330 836 1598 890 Ἰουδαίων
1623 840 1970 910 συμϐέϐηκεν

396 917 573 982 εθνει,
614 920 676 973 οὐ
714 920 973 993 δυσχερὲς
1010 924 1365 995 καταμαθεῖν.
1419 924 1591 979 Πάλαι
1626 928 1724 997 μὲν
1756 928 1863 1000 γὰρ
1892 927 1981 981 διὰ

393 1010 494 1074 τὰς
520 1005 963 1085 είδὼλολατρείας
981 1014 1159 1069 αὐτῶν
1189 1015 1402 1088 ἐχθροῖς
1426 1018 1518 1071 καὶ
1542 1018 1822 1090 πολεμίοις
1845 1019 1981 1091 πρδς

394 1104 572 1175 ὀλίγον
597 1106 785 1176 καιρὸν
808 1106 1120 1162 ἐδουλοῦντο
1139 1124 1152 1137 ·
1181 1106 1279 1162 εἶτ’
1303 1106 1456 1176 αὖθις
1478 1110 1578 1183 τὴν
1604 1112 1809 1166 οἰκείαν
1829 1112 1980 1166 ἐλευ-

394 1195 582 1267 θερίαν
613 1195 916 1267 ἐλάμϐανον
936 1215 951 1229 ·
982 1198 1269 1270 αὐτόνομοί
1299 1219 1358 1255 τε
1402 1203 1498 1257 καὶ
1543 1203 1978 1258 αὑτοϐασίλευτοι

393 1288 680 1353 διετέλουν,
703 1288 765 1342 τὸ
779 1290 919 1362 ἱερὸν
945 1291 1036 1344 καὶ
1057 1291 1156 1364 τὴν
1176 1293 1234 1347 ἐν
1260 1294 1409 1366 αὐτῷ
1436 1294 1686 1354 κατακτὸν
1700 1297 1979 1361 Μωῦσὲως

395 1380 558 1452 νόμον
596 1380 851 1454 λατρείαν
880 1383 1282 1455 διατρέχοντες·
1325 1387 1464 1456 μετὰ
1495 1387 1552 1441 δὲ
1586 1388 1684 1459 τὴν
1710 1387 1850 1442 κατὰ
1880 1387 1977 1442 τοῦ

397 1472 649 1544 Σωτῆρος
675 1475 832 1545 ἡμῶν
856 1474 1173 1547 ἐπιϐουλὴν,
1198 1477 1417 1535 πάντων
1445 1478 1656 1553 ἀθρόως
1681 1478 1979 1551 ἐστερήθη-

397 1580 530 1617 σαν·
573 1565 885 1638 πολιορκίαν
910 1585 970 1621 τε
1001 1570 1096 1622 καὶ
1128 1569 1369 1626 δουλείαν
1409 1570 1508 1642 τὴν
1536 1572 1639 1625 ὑπὸ
1687 1571 1979 1643 Ῥωμαίοις

397 1656 812 1727 ὑπομείναντες,
853 1658 1128 1730 διέμειναν
1162 1660 1303 1716 οὕτω
1342 1663 1620 1728 ταπεινοὶ,
1657 1665 1750 1717 xai.
1785 1663 1976 1735 pqxé't'

395 1748 686 1803 ἀνανεῦσαι
717 1749 1062 1821 δεδυνημένοι
1083 1770 1096 1783 ·
1136 1752 1164 1805 ὃ
1188 1752 1251 1821 δὴ
1286 1754 1539 1824 σημαίνει
1561 1758 1594 1825 ἡ
1630 1755 1766 1826 μετὰ
1791 1758 1977 1825 χεῖρας

2083 566 2325 620 decorum
2354 573 2547 619 contra
2577 563 2923 618 Servatorem
2953 570 3203 615 nostrum
3238 560 3416 615 audax
3445 560 3659 616 facinus

2083 658 2230 728 genti
2257 657 2626 728 contigerint,
2667 671 2776 710 non
2807 653 3029 709 diilicile
3061 654 3345 708 intellectu
3375 659 3479 708 est.
3512 651 3651 706 Nam

2083 751 2212 803 olim
2240 749 2485 818 quidem,
2517 747 2839 802 idololatria;
2869 761 2982 802 sua:
3009 761 3197 804 causa.
3226 745 3574 798 inimicorum
3605 752 3660 797 et

2083 841 2325 896 hostium
2378 837 2632 895 servituti
2678 837 2746 892 ad
2793 837 2959 892 breve
2999 843 3219 904 tempus
3263 833 3658 897 tradebantur;

2080 932 2281 988 deinde
2325 931 2381 986 in
2424 930 2713 1002 pristinam
2759 928 3067 985 libertatem
3108 925 3566 989 restituebantur,
3595 940 3661 981 ac

2080 1027 2171 1083 sui
2208 1026 2354 1097 juris
2401 1026 2627 1094 suisque
2670 1022 2896 1092 regibus
2940 1019 3143 1076 subditi
3185 1018 3488 1088 degebant,
3523 1026 3662 1073 tem-

2079 1120 2264 1190 plum,
2295 1119 2615 1187 cultumque
2658 1116 2731 1170 ibi
2764 1132 2827 1171 ex
2875 1113 3076 1184 Moysis
3126 1113 3242 1179 lege
3279 1111 3660 1182 praescriptum

2082 1208 2547 1278 frequentabant;
2582 1215 2705 1276 post
2736 1202 2964 1259 insidias
2996 1216 3125 1256 vero
3165 1210 3359 1255 contra
3402 1199 3657 1253 Salvato-

2080 1317 2194 1357 rem
2225 1309 2475 1355 nostrum
2507 1305 2752 1353 structas
2773 1336 2789 1360 ,
2823 1295 3083 1350 omnibus
3123 1292 3413 1347 confertim
3460 1291 3658 1362 privati

2080 1401 2212 1450 sunt
2237 1411 2249 1447 :
2279 1403 2443 1461 atque
2470 1389 2759 1445 obsidione
2784 1395 2838 1442 et
2868 1386 3131 1441 servitute
3156 1384 3418 1439 Romanis
3440 1388 3663 1455 Oppres-

2079 1485 2161 1549 si,
2202 1485 2283 1540 sic
2314 1483 2518 1553 abiecti
2538 1522 2553 1545 ,
2587 1496 2657 1535 ne
2683 1477 2903 1549 quidem
2934 1486 3101 1546 caput
3129 1478 3342 1547 erigere
3370 1475 3656 1535 audentes.

2078 1584 2482 1633 remanserunt.
2530 1572 2688 1640 Quod
2731 1573 2832 1626 hac
2874 1570 3159 1642 prOphetia
3202 1569 3546 1639 signiﬁcatur
3571 1569 3659 1624 his
3696 1640 3699 1641 ν

2078 1668 2260 1724 verbis
2286 1686 2298 1721 :
2331 1685 2351 1718 ι
2383 1665 2451 1720 Et
2478 1664 2703 1719 dorsum
2733 1678 2923 1719 eorum
2970 1676 3186 1731 semper
3229 1663 3479 1716 incurva.
3512 1679 3530 1711 ι
3560 1660 3660 1713 At-

2078 1759 2241 1815 tende
2264 1773 2395 1814 vero
2424 1757 2493 1811 ad
2526 1754 2659 1810 illud
2681 1795 2695 1817 ,
2723 1773 2744 1806 ι
2768 1770 3005 1823 semper.
3038 1772 3056 1805 ι
3081 1751 3196 1806 Non
3224 1752 3369 1814 enim
3401 1751 3466 1805 ad
3496 1751 3661 1806 breve

394 1841 701 1912 προφητεία
733 1842 791 1896 ἐν
921 1844 1100 1914 λέγειν
1117 1861 1130 1875 ·
1173 1865 1190 1896 ι
1216 1847 1324 1900 Καὶ
1350 1847 1441 1901 τὸν
1465 1847 1633 1907 νῶτον
1662 1848 1839 1904 αὐτῶν
1867 1849 1972 1902 διας

2083 1862 2297 1921 tempus
2329 1857 2388 1905 ut
2414 1849 2544 1903 olim
2566 1888 2582 1912 ,
2613 1847 2707 1904 sed
2731 1865 2750 1897 ‹
2778 1862 3015 1917 semper,
3046 1865 3062 1896 ι
3088 1845 3184 1900 ait.
3208 1843 3315 1898 Pro
3335 1859 3443 1914 quo
3462 1843 3658 1914 Aquila

394 1932 592 1995 παντὸς
631 1932 1007 2006 σύγκαμψον.»
1063 1936 1305 2009 Πρόσχες
1333 1937 1443 2009 γὰρ
1469 1940 1619 2002 ὅπως
1641 1940 1855 2011 εἴρηται
1892 1941 1978 2005 τὸ,

396 2039 417 2073 ι
442 2022 737 2090 διαπαντός
756 2043 769 2056 ·
800 2046 821 2079 ι
860 2027 920 2080 οὐ
962 2026 1071 2100 γὰρ
1103 2028 1241 2102 πρὸς
1272 2029 1453 2098 ὀλίγον
1484 2031 1607 2085 τινὰ
1644 2032 1834 2102 χρόνον
1873 2049 1975 2086 κα·-

393 2111 504 2178 θὼς
527 2114 714 2169 ἄλλοτε
736 2112 969 2186 ἐγένετο,
998 2119 1151 2184 ἀλλὰ,
1184 2141 1202 2173 ι
1222 2121 1577 2186 διαπαντὸς,›
1606 2123 1790 2195 φησίν.
1835 2124 1975 2179 Ἀνθ’

390 2196 505 2258 οὗ·ό
538 2204 639 2275 μὲν
675 2205 906 2270 Ἀκύλας
944 2209 1286 2281 ἡρμήνευσε·
1329 2230 1347 2261 ι
1374 2212 1483 2264 Καὶ
1510 2212 1635 2275 τοὺς
1656 2210 1858 2275 νώτους
1880 2214 1977 2267 αὐ-

388 2292 499 2349 τῶν
524 2295 812 2366 ἐνδελεχῶς
838 2298 1109 2355 ἀτόνωσον
1127 2317 1140 2331 ·
1166 2320 1184 2352 ι
1214 2304 1241 2355 6
1263 2301 1318 2354 δὲ
1345 2302 1640 2373 Σύμμαχος
1658 2320 1671 2332 ·
1704 2321 1723 2353 ι
1744 2304 1853 2357 Καὶ
1877 2305 1975 2368 τὰς

390 2387 564 2459 ὀσφῦς
594 2390 775 2444 αὐτῶν
813 2392 1103 2457 διαπαντὸς
1136 2394 1498 2467 ἐξάρθρωσον.
1526 2416 1545 2447 ι
1589 2397 1700 2450 Καὶ
1731 2397 1889 2451 τοῦτο
1918 2399 1975 2452 δὲ

2082 1942 2477 2013 interpretatus
2514 1947 2635 1995 est:
2668 1957 2687 1991 ι
2720 1937 2784 1992 Et
2832 1937 2996 1993 dorsa
3045 1952 3235 1992 eorum
3286 1936 3660 1991 indesinenter

2078 2049 2276 2089 enerva
2305 2051 2320 2100 ;
2356 2051 2375 2085 ι
2408 2030 2772 2103 Symmachus
2829 2045 2995 2093 vero,
3031 2048 3048 2081 ι
3083 2029 3151 2083 Ει
3202 2029 3420 2083 lumbos
3464 2042 3657 2083 eorum

2079 2140 2295 2195 semper
2344 2125 2592 2180 debilita.
2632 2122 2831 2190 »ρυοά
2890 2124 3053 2177 etiam
3111 2122 3315 2177 accidit
3368 2122 3513 2188 illis;
3573 2120 3658 2173 ira

2077 2218 2278 2286 quippe
2310 2215 2403 2270 Dei
2436 2230 2545 2269 non
2577 2230 2703 2269 cum
2732 2229 2991 2269 mensura
3024 2213 3260 2283 quadam
3284 2253 3298 2275 ,
3331 2219 3391 2265 ut
3419 2210 3659 2280 antiqui-

2081 2317 2191 2371 tus,
2219 2307 2524 2361 invasiteos
2545 2321 2559 2370 ;
2580 2304 2675 2360 sed
2704 2311 2816 2358 tota
2841 2303 3130 2359 confertim
3148 2302 3317 2359 eﬂ'usa
3330 2311 3434 2357 est.
3460 2300 3659 2367 Quam-

2075 2399 2262 2453 obrem
2308 2398 2566 2453 additur:
2599 2416 2617 2449 ι
2647 2395 2875 2451 Eﬂ‘unde
2922 2410 3087 2465 super
3129 2409 3225 2449 eos
3267 2394 3406 2449 iram
3459 2402 3609 2446 tuam
3636 2431 3652 2454 .

392 2480 574 2545 αὐτοῖς
615 2482 815 2554 συνέϐη
842 2501 854 2515 ·
889 2486 1010 2538 ἐπεὶ
1038 2487 1070 2557 ἡ
1103 2482 1238 2557 ὀργὴ
1277 2486 1371 2539 τοῦ
1411 2487 1544 2541 Θεοῦ
1574 2489 1754 2542 οὐκέτι
1791 2489 1972 2561 μέτρῳ

2074 2499 2129 2549 et
2169 2491 2322 2545 furor
2363 2491 2457 2545 ira:
2499 2497 2606 2545 tuae
2642 2488 3072 2560 comprehendat
3102 2502 3218 2543 eos.
3254 2506 3271 2537 ι
3300 2485 3414 2541 Hoc
3443 2486 3498 2539 in
3547 2486 3657 2539 alio

394 2572 537 2627 κατὰ
562 2574 623 2626 τὸ
642 2575 869 2631 παλαιὸν
896 2578 1156 2649 μετῆλθεν
1186 2578 1381 2642 αὐτούς
1403 2596 1415 2609 ·
1447 2582 1479 2649 ή
1517 2581 1665 2634 πᾶσα
1683 2580 1741 2634 δὲ
1764 2581 1974 2653 ἀθρόως

393 2664 511 2719 κατ’
534 2665 712 2718 αὐτῶν
737 2666 985 2740 ἐξεχύθη.
1009 2670 1099 2723 Διὸ
1118 2670 1425 2739 ἐπιλέγεται
1447 2689 1459 2702 ·
1485 2691 1501 2722 ι
1518 2672 1743 2742 Ἔκχεον
1765 2673 1852 2726 ἐπ’
1874 2674 1972 2729 αῦ-

388 2758 515 2821 τοὺς
543 2758 639 2829 τὴν
665 2759 833 2831 ὀργήν
859 2778 950 2814 σου
966 2800 980 2824 ,
1006 2763 1099 2815 καὶ
1122 2765 1150 2815 6
1174 2762 1343 2833 θυμὸς
1367 2763 1465 2833 τῆς
1488 2764 1659 2835 ὀργῆς
1689 2782 1781 2818 σου
1807 2783 1975 2819 καταη

388 2847 552 2909 λάϐοι,
572 2853 788 2917 αὐτούς.
818 2873 835 2904 ι
873 2853 1045 2907 Τοῦτο
1068 2854 1123 2908 δὲ
1152 2855 1245 2909 καὶ
1278 2858 1335 2908 ἐν
1363 2857 1530 2928 ἑτέρῳ
1558 2856 1811 2927 δηλοῦται
1837 2858 1974 2927 ψαλ-

391 2937 478 3009 μῷ
509 2940 587 3012 τῷ
613 2944 877 3015 φήσαντι·
916 2964 933 2995 ι
972 2945 1151 3007 Ἰνατί,
1175 2946 1201 2998 6
1221 2945 1373 3010 Θεὸς,
1398 2946 1604 3023 ἀπώσω
1643 2949 1724 3012 είς
1745 2947 1895 3010 τέλος
1919 2965 1967 3011 ς»

389 3033 498 3086 Καὶ
521 3035 551 3087 6
589 3033 731 3100 θεῖος
752 3036 807 3091 δέ
825 3036 1147 3102 Ἀπόστολος
1172 3038 1383 3103 τούτοις
1415 3040 1724 3111 συμφώνως
1755 3041 1936 3110 ἔλεγεν
1957 3059 1969 3071 ·

394 3144 414 3176 ι
439 3126 684 3195 Ἔφθασε
713 3128 771 3181 δέ
808 3131 896 3183 ἐπ’
927 3130 1125 3195 αὐτοὺς
1155 3133 1187 3203 ἡ
1228 3132 1363 3210 ὀργὴ
1395 3135 1474 3197 εἰς
1502 3134 1704 3198 τέλος.ι
1746 3134 1969 3206 Πρῶτον

2075 2585 2204 2640 item
2260 2583 2470 2653 psalmo
2522 2582 2844 2638 enuntiatur
2902 2580 2989 2635 his
3043 2578 3275 2634 verbis:
3333 2596 3351 2630 ι
3410 2575 3652 2646 thuid.

2074 2675 2218 2733 Deus
2240 2715 2256 2739 ,
2290 2676 2537 2747 repulisti
2567 2674 2623 2729 in
2653 2673 2815 2730 ﬁnem
2841 2675 2886 2706 ⁸⁸
2911 2676 2933 2725 ’ί
2973 2692 2990 2724 ι
3022 2671 3117 2726 llis
3145 2672 3312 2725 etiam
3341 2668 3521 2724 afIinia
3557 2668 3655 2721 ha-

2074 2768 2166 2823 bet
2189 2768 2412 2823 divinus
2440 2767 2737 2837 Apostolus
2764 2785 2778 2821 :
2808 2784 2826 2817 ι
2856 2765 3109 2820 Pervenit
3145 2764 3199 2817 in
3227 2777 3323 2818 eos
3351 2762 3432 2815 ira
3484 2762 3539 2815 in
3590 2759 3656 2815 ﬂe

2075 2874 2201 2913 nem
2229 2859 2295 2914 ³⁹.
2327 2877 2345 2910 ι
2376 2856 2562 2912 Primo
2589 2857 2773 2927 itaque
2803 2871 2993 2913 mensa
3041 2871 3233 2910 eorum
3276 2854 3380 2908 fuit
3422 2853 3556 2922 ipsis
3595 2853 3654 2907 in

2077 2950 2332 3018 laqueum
2361 2990 2377 3013 ,
2410 2948 2609 3005 deinde
2641 2950 2784 3004 oculi
2816 2963 3006 3004 eorum
3039 2946 3323 3002 obscurati
3351 2953 3483 3001 sunt
3510 2962 3524 3010 ;
3557 2961 3656 3015 po-

2077 3050 2194 3097 stea
2225 3042 2451 3098 dorsum
2485 3056 2673 3096 eorum
2707 3056 2926 3112 semper
2951 3041 3299 3094 incurvatum
3331 3044 3452 3101 est,
3482 3036 3654 3093 effusa

2074 3131 2287 3187 scilicet
2314 3132 2369 3186 in
2401 3132 2526 3186 illos
2556 3131 2635 3185 ira
2667 3129 2783 3185 Dei.
2818 3130 2935 3184 Sub
2962 3129 3078 3184 haec
3109 3139 3294 3183 autem
3327 3126 3478 3181 aliud
3514 3125 3653 3198 ipsis

387 3212 531 3289 οῦνή
558 3219 806 3291 τράπεζα
834 3221 1011 3275 αὐτῶν
1041 3223 1255 3293 ἐγένετο
1281 3225 1464 3288 αὐτοῖς
1486 3229 1565 3290 είς
1592 3226 1788 3295 παγίδα
1808 3243 1824 3259 ·
1852 3221 1970 3280 εἷτα

2074 3235 2397 3282 eventurum
2428 3226 2762 3279 vaticinatur
2787 3224 2976 3279 dicens
3003 3243 3015 3277 :

385 3311 437 3365 oi.
468 3310 737 3382 ὀφθαλμοὶ
769 3312 948 3367 αὐτῶν
975 3315 1312 3379 ἐσκοτίζοντο
1331 3333 1344 3345 ·
1376 3311 1493 3369 εἶτα
1526 3317 1554 3370 6
1582 3316 1750 3382 νῶτος
1782 3316 1960 3371 αὐτῶν
1997 3315 2287 3379 διαπαντὸς
2308 3315 2641 3388 ἐκάμπτετο,
2676 3314 2775 3384 τῆς
2803 3312 2897 3367 τοῦ
2927 3312 3061 3366 Θεοῦ
3090 3311 3260 3384 ὀργῆς
3310 3312 3397 3366 ἐπ’
3456 3312 3653 3375 αὐτοὺς

386 3401 737 3476 ικχτομένης.
772 3404 928 3461 Μετὰ
947 3406 1006 3461 δὲ
1023 3406 1196 3462 ταῦτα
1217 3406 1344 3464 ἄλλο
1363 3425 1415 3462 τι
1434 3409 1759 3480 γενήσεσθαι
1786 3411 1970 3474 αὐτοῖς
2008 3407 2366 3481 προαγορεύει
2393 3408 2636 3479 φάσκων·

461 3522 791 3595 (Γενηθήτω
825 3525 858 3597 ὴ
901 3523 1127 3589 ἔπαυλις
1170 3527 1349 3583 αὐτῶν
1386 3530 1762 3603 ὴρημωμὲνη·
1789 3550 1808 3585 δ
1847 3532 1968 3586 ἀντὶ

385 3613 502 3680 τοῦ,
531 3616 944 3685 γενηθήσεται·
969 3637 987 3671 ι
1012 3621 1105 3674 καὶ
1121 3621 1179 3675 ἐν
1195 3624 1307 3686 τοῖς
1322 3622 1671 3695 σκηνώμασιν
1685 3624 1864 3680 αὐτῶν
1892 3627 1967 3699 μὴ

384 3708 527 3763 ἔστω
557 3712 585 3763 6
623 3709 917 3764 κατοικῶν·
951 3731 970 3764 ι
1003 3711 1123 3766 ἀντί
1148 3713 1261 3778 τοῦ,
1290 3715 1378 3784 μὴ
1415 3716 1649 3775 ἔσεται.
1680 3719 1829 3772 Ἔδει
1855 3718 1968 3792 γὰρ

390 3802 528 3874 μηδὲ
589 3801 748 3855 τοῦτο
786 3802 1078 3876 παρελθεῖν
1109 3806 1207 3879 τὴν
1242 3808 1585 3879 προφητικὴν
1616 3809 1815 3879 γνῶσιν
1837 3826 1853 3841 ·
1893 3811 1970 3875 ὡς

387 3891 497 3963 ἄρα
528 3892 623 3945 καὶ
651 3892 684 3963 ἡ
718 3891 945 3956 ἔπαυλις
972 3894 1152 3948 αὐτῶν
1192 3895 1344 3950 ἔσται
1378 3897 1581 3970 ἕρημος
1600 3916 1614 3929 ·
1646 3898 1679 3969 ἢ
1709 3898 1851 3953 κατὰ
1879 3900 1969 3952 τὸν

387 3983 707 4056 Σύμμαχον,
738 4003 757 4035 ι
782 3985 1035 4059 ἀοίκητος
1056 4005 1069 4018 ·
1120 4007 1138 4039 ι
1164 3986 1199 4059 ἢ
1222 3989 1364 4043 κατὰ
1382 3992 1474 4044 τὸν
1513 3992 1761 4055 Ἀκύλαν,
1790 4012 1808 4044 ι
1828 3988 1972 4063 ἡφαέ

384 4076 631 4148 νισμένη.
648 4096 667 4129 ι
693 4077 955 4131 Ἐπαυλιν
984 4080 1040 4132 δέ
1069 4080 1247 4134 αὐτῶν
1267 4081 1365 4154 τὴν
1400 4083 1751 4156 Ἰερουσαλὴμ
1775 4085 1972 4155 ὀνομόμ

386 4166 470 4232 ζει
493 4208 508 4232 ,
540 4167 724 4222 οὐκέτι
757 4167 892 4221 Θεοῦ
924 4169 1079 4223 πόλιν
1103 4167 1270 4225 οὖσαν
1290 4213 1304 4236 ,
1353 4173 1469 4229 ἀλλ’
1503 4175 1682 4228 αὐτῶν
1720 4175 1964 4231 ἔπαυλιν.

386 4256 480 4310 Διὸ
508 4258 603 4310 καὶ
631 4257 835 4329 ἔρημον
866 4258 1035 4330 αὐτὴν
1062 4259 1284 4315 ἔσεσθαί
1318 4280 1515 4334 φησιν·
1549 4264 1577 4315 6
1608 4265 1672 4336 δὴ
1697 4267 1791 4317 καὶ
1823 4264 1969 4336 ἔργῳ

385 4348 683 4403 δείκνυται.
721 4346 834 4403 Εἶτ’
867 4350 1145 4420 ἐπιλέγει·
1203 4373 1221 4405 ι
1242 4354 1351 4408 Καὶ
1382 4356 1440 4409 ἐν
1474 4358 1585 4421 τοῖς
1617 4357 1970 4429 σκηνώμασιν

383 4443 566 4499 αὐτῶν
615 4442 689 4513 μὴ
715 4442 855 4496 ἐστω
884 4446 911 4497 6
944 4444 1215 4499 κατοικῶν
1238 4486 1254 4510 ,
1282 4466 1299 4497 ι
1338 4446 1398 4513 ἐξ
1427 4448 1603 4501 αὐτῶν
1632 4449 1830 4521 δηλαδὴ
1862 4450 1969 4503 τῶν

389 4533 557 4588 πάλαι
575 4533 875 4604 οἰκητόρων
895 4550 908 4564 ·
931 4534 959 4587 ὃ
980 4536 1072 4588 καὶ
1098 4537 1228 4590 αὐτὸ
1255 4538 1553 4609 ὀφθαλμοῖς
1576 4541 1609 4612 ἡ
1631 4540 1857 4612 ἀλήθεια
1873 4542 1973 4601 τοῦ

387 4626 545 4696 λόγου
562 4627 907 4699 παρίστησιν.
926 4628 988 4680 Ei
1006 4627 1135 4697 γοῦν
1154 4646 1239 4693 τις
1253 4628 1499 4698 ἀφίκοιτο
1515 4632 1593 4697 εἰς
1610 4632 1734 4696 τοὺς
1749 4634 1966 4699 τόπους,

388 4717 487 4772 ῑδοι
514 4716 579 4771 ἂν
602 4718 700 4789 τὴν
734 4719 970 4790 ἐσχάτην
999 4720 1234 4790 ἐρημίαν
1264 4720 1357 4775 τοῦ
1380 4723 1544 4777 τόπου
1563 4740 1578 4755 ·
1620 4726 1887 4780 Ἰουδαίων
1910 4727 1969 4782 δὲ

2136 3525 2307 3583 Vsus.
2332 3526 2521 3583 26-29.
2561 3546 2580 3578 ι
2613 3523 2734 3580 Fiat
2762 3524 3027 3580 habitatio
3055 3538 3247 3578 eorum
3274 3521 3523 3584 deserta;
3556 3537 3575 3571 ι
3598 3520 3652 3575 id

2068 3629 2152 3675 est
2171 3660 2186 3684 ,
2209 3621 2298 3690 ﬁet
2327 3635 2346 3673 :
2378 3638 2397 3669 ι
2428 3631 2478 3674 et
2506 3619 2561 3672 in
2590 3619 2960 3674 tabernaculis
2987 3631 3176 3671 eorum
3204 3631 3313 3669 non
3342 3614 3414 3669 sit
3445 3614 3536 3683 qui
3568 3612 3654 3666 in-

2069 3711 2309 3773 habitet,
2356 3728 2374 3763 ι
2406 3711 2648 3775 scilicet,
2685 3728 2787 3765 non
2835 3710 2955 3765 erit.
2994 3710 3062 3762 At
3096 3707 3243 3762 enim
3275 3705 3648 3776 propheticam

2069 3804 2317 3859 notitiam
2359 3801 2413 3857 id
2457 3802 2737 3873 praeterire
2778 3818 2889 3857 non
2929 3800 3208 3873 Oportuit,
3256 3798 3400 3869 quod
3452 3812 3652 3868 nempe

2070 3895 2551 3953 habitatimeorum
2579 3895 2797 3951 deserta
2827 3894 3006 3948 futura
3032 3896 3137 3959 sit;
3167 3892 3283 3946 sive
3302 3930 3317 3955 ,
3347 3888 3648 3945 secundum

2072 3987 2461 4060 Symmachum
2479 4028 2494 4054 ,
2519 3987 2928 4045 «inhabitabilis
2950 3985 3125 4053 ;ivel,
3151 3982 3450 4041 secundum
3473 3981 3630 4052 Aqui-

2068 4083 2179 4137 lam
2198 4123 2213 4149 ,
2236 4099 2255 4133 ι
2278 4081 2479 4137 deleta.
2505 4100 2524 4133 ι
2548 4079 2954 4135 Habitationem
2992 4093 3185 4135 eorum
3227 4084 3385 4133 vocat
3425 4074 3659 4130 Jeroso-'

2068 4175 2270 4246 lymam
2291 4215 2306 4239 ,
2336 4189 2457 4243 quae
2486 4188 2599 4228 non
2630 4173 2778 4227 ultra
2807 4172 3015 4226 civitas
3040 4170 3141 4229 Dei
3165 4177 3282 4234 est,
3317 4169 3411 4224 sed
3456 4180 3659 4224 eorum‘

2071 4267 2357 4322 habitatio.
2404 4266 2585 4332 Quare
2631 4265 2908 4320 desertam
2955 4264 3072 4318 fore
3120 4262 3297 4328 dicit;
3338 4262 3481 4332 quod
3526 4261 3648 4332 ipso

2071 4374 2235 4430 opere
2266 4358 2682 4428 comprobatur.
2718 4354 2916 4411 Subdit
2946 4363 3136 4426 postea
3165 4375 3178 4410 :
3212 4374 3230 4406 ι
3261 4352 3328 4407 Ει
3365 4355 3423 4407 in
3463 4354 3648 4409 taber-

2070 4451 2286 4505 naculis
2330 4465 2520 4504 eorum
2568 4463 2679 4505 non
2726 4449 2800 4505 sit
2829 4450 2922 4518 qui
2969 4449 3270 4510 inhabitet,
3306 4467 3324 4498 ι
3349 4462 3415 4500 ex
3450 4445 3647 4516 priscis

2072 4542 2287 4597 scilicet
2319 4541 2562 4607 incolis;
2596 4541 2743 4611 quod
2772 4541 2953 4611 ipsum
2984 4541 3147 4595 etiam
3178 4537 3355 4593 oculis
3385 4538 3462 4591 rei
3507 4537 3649 4591 veri-

2070 4646 2153 4690 tas
2180 4634 2358 4690 otTert.
2392 4633 2448 4689 Si
2481 4636 2607 4704 quis
2648 4634 2796 4689 enim
2839 4634 2958 4686 loca
2997 4632 3193 4694 adeat,
3228 4639 3528 4685 extremam
3570 4628 3645 4687 ibi

2071 4727 2420 4784 solitudinem
2447 4725 2750 4801 conspiciet
2776 4740 2791 4789 ;
2816 4721 3130 4777 Judzeorum
3156 4722 3311 4776 nullo
3333 4719 3565 4777 audente
3590 4720 3649 4775 in

386 4807 577 4861 οὐδένα
612 4807 895 4879 τολμῶντα
929 4810 1229 4864 ἐπιϐαίνειν
1251 4815 1318 4885 τῇ
1355 4814 1529 4880 πόλει,
1560 4816 1768 4887 μήτιγε
1801 4821 1971 4872 οἰκεῖν

2076 4820 2265 4877 urbem
2294 4820 2559 4873 accedere
2579 4857 2594 4879 .
2621 4816 2822 4871 nedum
2849 4816 3014 4871 isthic
3038 4815 3285 4869 habitare
3309 4832 3323 4877 ;
3350 4815 3458 4867 imo
3480 4814 3663 4868 etiam

386 4898 602 4954 αὐτόθι·
641 4898 754 4954 ἀλλ’
782 4899 902 4953 οὐδὲ
933 4901 1145 4972 οἴκησις
1183 4903 1444 4977 ἰουδαῖκὴ
1475 4906 1876 4979 περιλέλειπται
1904 4911 1970 4963 ἐν.

2074 4913 2279 4967 nullum
2314 4910 2731 4965 ibiJudzeorum
2757 4909 3129 4965 habitaculum
3160 4909 3415 4964 relictum
3438 4916 3521 4963 cst
3553 4909 3647 4963 ubi

383 4990 465 5062 τῷ
490 4991 641 5063 τόπῳ
666 5033 681 5057 ,
731 4991 807 5053 ὥς
835 5009 955 5047 τινα
982 4992 1091 5046 τῶν
1127 4994 1394 5066 Ἑλλήνων
1425 5000 1597 5052 οίκεῖν
1620 5001 1677 5052 ἐν
1705 5001 1842 5072 αὐτῇ
1870 5001 1964 5054 δύ-

2074 5003 2385 5059 ϐτιεεοτιιηι
2433 5003 2709 5073 quispiam
2760 5002 3011 5057 habitare
3056 5002 3253 5071 possit.
3299 5000 3647 5071 Quapmpter

380 5085 599 5138 νασθαι.
634 5083 726 5137 Διὸ
752 5083 1031 5137 λέλεκται·
1071 5106 1089 5136 ι
1117 5089 1224 5139 Ka‘t
1250 5090 1309 5141 ὲν
1337 5093 1449 5153 τοῖς
1482 5091 1832 5162 σκηνώμασιν
1865 5094 1962 5146 αὐ-

2072 5096 2276 5151 dictum
2307 5103 2391 5151 est
2416 5115 2429 5150 :
2454 5114 2471 5146 ι
2503 5095 2566 5148 Et
2596 5095 2652 5148 in
2684 5094 3056 5149 tabernaculis
3085 5108 3275 5147 eorum
3308 5107 3417 5146 non
3449 5090 3522 5146 sit
3548 5091 3659 5160 qui

378 5174 489 5227 τῶν
520 5175 595 5247 μὴ
614 5175 753 5229 ἔστω
773 5179 800 5230 6
823 5177 1110 5230 κατοικῶν·
1137 5199 1155 5229 ι
1177 5180 1208 5250 ἢ
1238 5180 1377 5233 κατὰ
1401 5181 1490 5235 τὸν
1515 5182 1854 5254 Σύμμαχονη
1880 5187 1972 5238 Ἐν

2075 5190 2374 5253 inhabitet;
2402 5208 2419 5239 ι
2446 5188 2552 5253 vel,
2574 5185 2873 5242 secundum
2907 5184 3315 5256 Symmachum,
3339 5203 3355 5233 ι
3377 5183 3432 5237 in
3463 5182 3645 5236 taber-

380 5269 501 5331 ταῖς
526 5270 752 5338 σκηναῖς
766 5268 943 5322 αὐτῶν
968 5268 1041 5341 μὴ
1061 5269 1200 5323 ἔστω
1221 5273 1249 5325 6
1272 5273 1555 5338 κατοικῶν,
1583 5294 1600 5323 ι
1634 5275 1833 5346 Ἀρόην
1854 5277 1960 5348 γὰρ

379 5361 447 5412 ἐκ
491 5358 708 5431 βάθρων
752 5362 923 5413 πᾶσαι
966 5359 1145 5412 αὐτῶν
1186 5364 1241 5415 ai
1275 5365 1472 5434 σκηναὶ
1506 5366 1597 5418 καὶ
1635 5368 1690 5418 αἱ
1721 5368 1962 5438 οἰκήσεις

381 5453 823 5524 κατεσκάφησαν.
886 5456 1024 5526 Ὅρα
1056 5457 1236 5509 τοίνυν
1261 5457 1472 5510 ὁπόσων
1502 5459 1906 5530 ἐμνημόνευσεν
1933 5463 1962 5513 ὁ

380 5545 559 5616 λόγος,
587 5547 823 5619 ἐρημίας
844 5546 937 5601 τοῦ
964 5548 1122 5616 ἁγίου
1144 5549 1312 5603 τόπου
1333 5588 1347 5612 ,
1372 5550 1679 5621 ἀφανισμοῦ
1703 5551 1808 5605 τῶν
1831 5569 1962 5623 σκη-

380 5638 648 5711 νωμάτων
676 5639 876 5705 αὐτῶν,
908 5640 999 5693 τοῦ
1029 5640 1218 5705 ἔθνους
1244 5640 1537 5707 παντελοῦς
1559 5642 1957 5711 ταπεινώσεως,

451 5796 494 5828 ³⁸
535 5793 682 5853 Psal.
727 5812 920 5864 tum,
964 5797 1014 5855 1.
1093 5798 1135 5830 ³⁹
1178 5797 1196 5851 l
1237 5796 1429 5855 Thess.
1478 5815 1537 5866 ιι,
1583 5799 1671 5853 i6.

2069 5278 2280 5333 naculis
2305 5291 2492 5331 eorum
2521 5291 2627 5329 non
2648 5276 2719 5331 sit
2743 5275 2837 5344 qui
2862 5274 3144 5328 inhabitet.
3161 5271 3474 5327 iRadicitus
3494 5271 3640 5326 enim

2068 5378 2121 5426 et
2149 5385 2177 5423 a
2208 5369 2772 5424 fundanientisomnia
2798 5368 3152 5422 tabernacula
3183 5364 3528 5420 etdomicilia
3554 5380 3665 5418 eo-'

2066 5477 2187 5516 rum
2214 5463 2396 5518 excisa
2422 5470 2569 5517 sunt.
2599 5461 2986 5516 Animadverte
3012 5462 3177 5531 igitur
3204 5464 3336 5529 quot
3358 5464 3413 5511 et
3436 5468 3657 5525 quanta

2068 5553 2157 5607 hic
2184 5560 2580 5616 memorentur,
2611 5553 2789 5607 sancti
2833 5552 2941 5607 loci
2979 5549 3254 5609 solitudo.
3297 5547 3511 5603 evulsio
3560 5555 3637 5599 ta-

2067 5646 2488 5702 beruaculorum
2533 5646 2810 5717 ipsorum,
2856 5654 3094 5701 extrema
3142 5644 3317 5713 gentis
3365 5640 3601 5711 abjectio
3634 5680 3648 5707 ,
