4068 6542
377 369 480 424 757

1509 373 2018 431 COMMENTANA
2057 375 2124 430 IN
2163 375 2532 432 PS.\LMOS.-

3523 378 3624 434 758

369 484 430 540 δὲ
458 487 802 560 προσέθηκαν
827 489 952 560 ἐμοὶ
974 491 1042 544 τὰ
1063 490 1268 544 ἑαυτῶν
1287 494 1448 546 κακά.
1485 513 1502 544 ι
1520 494 1764 549 Ἐδωκαν
1786 515 1804 546 ›
1827 494 1949 564 γοῦν

2057 497 2189 551 mihi
2219 497 2594 553 addideruntn
2619 495 2890 553 Dederunt
2921 519 2938 550 ι
2961 497 3149 569 igiturt
3177 496 3231 552 in
3248 511 3428 552 escam
3449 513 3624 552 meam

377 580 488 642 «εἰς
510 579 570 632 τὸ
603 580 798 651 βρῶμά
828 597 929 652 μου
957 581 1138 654 χολὴν,
1167 583 1261 636 καὶ
1287 585 1366 648 εἰς
1392 587 1488 656 τὴν
1519 585 1802 657 δίψαψμου
1830 587 1957 640 ἐπό-

368 672 528 724 τισάν
555 689 621 742 με
645 671 764 737 ὄξος
784 691 796 704 ·
830 693 848 724 ι
894 676 954 727 οὐ
983 674 1142 745 μόνον
1173 676 1295 729 καθ’
1321 676 1379 730 ὃν
1409 678 1647 750 ἔπασχον
1670 681 1760 733 ὑπ’
1784 680 1960 734 αὐτῶν

371 764 562 836 καιρὸν
581 805 595 829 ,
632 765 766 819 ἀλλά
797 768 890 820 καὶ
917 769 973 820 ἐν
997 773 1109 831 τοῖς
1129 769 1266 838 μετά
1281 769 1449 822 ταῦτα
1466 772 1678 844 χρόνοις
1698 776 1815 838 ταῖς
1838 777 1958 827 κατ’

375 856 508 926 ἐμοῦ
541 857 913 929 βλασφημίαις
945 861 1372 932 παραμένοντες.
1399 864 1488 916 Διὸ
1513 863 1654 917 κατά
1680 865 1770 918 τὸν
1802 864 1960 918 Ἀκύ-

368 944 488 1014 ἓαν,
514 950 635 1004 ἀντὶ
664 951 779 1016 τοῦ,
803 971 820 1001 ι
851 952 1211 1024 προσέθηκαν,
1236 971 1252 1003 i
1288 952 1698 1023 διηγήσω-ται,
1722 957 1953 1027 εἴρηται·

372 1042 511 1095 κατά
531 1041 586 1094 δὲ
607 1042 696 1094 τὸν
716 1041 1031 1113 Σύμμαχον,
1063 1060 1081 1094 ι
1106 1041 1416 1113 ἐξηγοῦντο.
1440 1063 1458 1095 ι
1486 1045 1559 1098 Οὐ
1586 1044 1695 1115 γάρ
1718 1046 1828 1116 ἀπή
1839 1062 1956 1115 ρκει

370 1134 432 1186 τὸ
460 1135 606 1201 ἅπαξ
645 1135 777 1187 ποτέ
816 1135 1182 1206 τραυματίσαι
1212 1135 1408 1199 αὐτὸν,
1453 1136 1550 1190 καὶ
1585 1137 1808 1190 τοιαῦτα
1840 1139 1955 1190 κατ’

371 1226 536 1280 αὑτοῦ
555 1227 850 1299 τολμῆσαι·
870 1228 983 1281 ἀλλ’
1001 1227 1191 1299 ὥσπερ
1208 1228 1300 1281 ἐπὶ
1321 1228 1739 1301 κατορθώμασιν
1757 1231 1956 1298 ἐγκαυ-

371 1318 604 1390 χώμενοι
638 1325 749 1385 τοῖς
780 1320 986 1374 ἑαυτῶν
1015 1319 1256 1384 τέκνοις,
1290 1320 1358 1374 τά
1402 1323 1520 1374 κατ’
1555 1322 1720 1376 αὑτοῦ
1749 1321 1953 1393 τολμη-

372 1411 532 1466 θέντα
583 1414 766 1476 αὐτοῖς
802 1411 1104 1484 διηγοῦντο.
1150 1411 1305 1466 Ἐπεὶ
1336 1412 1516 1466 τοίνυν
1560 1415 1712 1468 αὐτοὶ
1751 1412 1954 1484 ταύτην

370 1505 581 1560 εἵλαντο
610 1506 708 1577 τὴν
743 1505 934 1578 μερίδα
955 1545 969 1568 ,
1017 1504 1306 1570 διώξαντες
1342 1506 1440 1576 μὲν
1467 1505 1526 1559 ὃν
1555 1507 1621 1560 σὺ
1651 1505 1949 1570 ἐπάταξας,

371 1599 597 1670 ἀνομίας
623 1599 678 1652 δὲ
709 1599 802 1651 καὶ
821 1598 1073 1663 ἀσεϐείας
1104 1601 1188 1669 ἐφ’
1213 1599 1440 1662 ἑαυτοὺς
1467 1599 1560 1652 καὶ
1585 1599 1679 1651 ἐπὶ
1697 1597 1763 1651 τά
1784 1597 1952 1651 τέκνα

368 1688 545 1742 αὐτῶν
602 1688 1014 1760 σωρεύσαντεςο
1069 1689 1294 1752 εἰκότως
1343 1689 1654 1757 ὲπιλέγεται
1704 1688 1948 1752 τούτοις’

375 1801 395 1832 ς
421 1779 661 1852 Πρόσθες
682 1781 907 1852 ἀνομίαν
931 1782 1020 1834 ἐπὶ
1043 1781 1142 1850 τὴν
1172 1780 1401 1852 ἀνομίαν
1418 1780 1595 1834 αὐτῶν
1612 1799 1624 1810 ·
1641 1801 1658 1833 ι
1685 1782 1803 1834 ἀντὶ
1830 1779 1946 1845 τοῦ,

376 1891 395 1924 ι
422 1873 776 1944 προσθήσεις·
805 1892 821 1924 i
862 1872 1012 1926 ἔσται
1045 1873 1154 1944 γὰρ
1187 1873 1368 1936 αὐτοῖς
1415 1872 1601 1926 κακῶν
1642 1872 1952 1944 προσθήκη.
1985 1856 2024 1909 Β

369 1963 451 2018 Τά
481 1965 576 2036 μὲν
610 1965 719 2036 γάρ
744 1966 808 2018 ἐκ
834 1964 925 2017 τοῦ
959 1966 1044 2034 ἐφ’
1077 1967 1209 2035 ἡμῖν
1243 1963 1548 2034 ἀνθρώποις
1571 1964 1853 2033 γίγνεται,
1883 1964 1953 2017 τά

364 2054 425 2109 δὲ
459 2057 524 2109 ἐκ
556 2055 662 2108 τῶν
695 2054 1201 2109 ἐπακολουθούντων
1232 2055 1429 2119 ἔξωθεν
1460 2054 1538 2125 τῷ
1565 2055 1649 2124 ἐφ’
1681 2057 1833 2125 ἡμῖν.
1864 2055 1954 2107 Διὸ

365 2146 616 2200 λέλεκταί
650 2164 749 2200 που
782 2148 915 2220 πρὸς
937 2148 1029 2200 τὸν
1053 2147 1185 2200 Θεόν
1204 2164 1217 2178 ο
1257 2167 1274 2198 ι
1302 2146 1456 2200 Μετά
1477 2146 1624 2200 ὁσίου
1651 2146 1948 2217 όσιωθήσῃ,

366 2239 464 2292 καὶ
509 2239 646 2309 μετὰ
691 2238 949 2310 στρεϐλοῦ
997 2237 1374 2310 διαστρέψεις·
1398 2258 1414 2288 ι
1453 2237 1564 2289 Καὶ
1605 2237 1664 2289 ἐν
1694 2235 1773 2307 τῷ
1805 2237 1952 2306 νόμῳ

365 2330 422 2383 δὲ
451 2331 666 2401 εἴρηται
699 2332 762 2383 ἐκ
796 2329 1087 2402 προσώπου
1127 2328 1314 2383 αὑτοῦ.
1357 2348 1373 2379 ι
1396 2328 1504 2381 Καὶ
1529 2327 1622 2381 ἐὰν
1646 2325 1950 2398 πορευθῆτε

369 2419 507 2490 πρὸς
536 2420 603 2490 μὲ
633 2419 883 2487 πλάγιοι,
916 2417 1252 2490 πορεύσομαι
1286 2415 1441 2487 κάγὼ
1465 2415 1599 2488 πρὸς
1625 2416 1768 2485 ὑμᾶς
1794 2411 1951 2483 θυμῷ

368 2509 603 2580 πλαγίῳ.
631 2528 650 2562 ι
699 2509 851 2563 Ἐπεὶ
896 2508 1074 2562 τοίνυν
1105 2509 1258 2561 αὐτοὶ
1289 2507 1477 2579 ὥσπερ
1511 2504 1705 2577 μακρῷ
1733 2503 1950 2574 σχοινίῳ

366 2601 468 2664 τὰς
496 2601 725 2673 ἀνομίας
755 2601 962 2656 ἑαυτῶν
996 2600 1375 2656 ἐπεσπάσαντο
1396 2640 1409 2663 ,
1439 2599 1663 2662 εἰκότως
1702 2597 1794 2650 καί
1825 2596 1888 2648 σὺ
1921 2598 1950 2648 ό

364 2692 572 2756 δίκαιος
606 2692 797 2764 κριτὴς
836 2691 1164 2764 προσθήσεις
1197 2690 1422 2762 ἀνομίαν
1455 2689 1546 2743 ἐπὶ
1583 2687 1681 2759 τὴν
1719 2685 1948 2756 ἀνομίαν

367 2784 578 2839 αὐτῶνθ
617 2783 878 2857 δευτέραν
908 2784 1090 2845 αὐτοῖς
1115 2783 1252 2855 πρὸς
1283 2785 1350 2854 τῇ
1393 2779 1634 2853 προτέρᾳ
1663 2769 1946 2846 λογιζόμε-

366 2894 478 2941 νος.
526 2876 685 2930 ’Λλλά
727 2877 822 2930 καὶ
857 2894 872 2926 ι
910 2874 1001 2946 Μὴ
1049 2874 1474 2937 εἰσελθέτωσαν,
1519 2871 1716 2941 φησὶν,
1772 2871 1826 2920 ἐν
1872 2869 1951 2921 δι-

366 2967 628 3040 καιοσύνῃ
660 2985 773 3021 σου.
801 2987 819 3018 ι
883 2967 944 3018 'H
983 2966 1078 3037 μὲν
1115 2965 1224 3036 γὰρ
1268 2964 1335 3036 σὴ
1369 2961 1684 3032 δικαιοσύνη
1711 2959 1949 3022 δικαίους

363 3059 717 3122 εἰσκαλεῖται,
743 3060 837 3112 καὶ
867 3058 1072 3121 πάντας
1095 3059 1174 3121 εἰς
1198 3056 1265 3110 τά
1298 3054 1562 3109 ἐνδοτάτω
1590 3053 1690 3124 τῆς
1723 3052 1822 3124 σῆς
1852 3051 1948 3122 βα·-

367 3151 571 3215 σιλείας
603 3151 743 3205 κατά
773 3150 871 3214 τὰς
902 3149 1236 3220 ἐπαγγελίας
1263 3147 1618 3218 ὑποδέχεται·
1671 3148 1718 3199 οἱ
1750 3146 1807 3199 δὲ
1842 3163 1949 3198 τοι-

364 3245 505 3298 αῦτα
530 3244 898 3315 τολμήσαντες
923 3243 1022 3296 οὐκ
1054 3241 1448 3295 εἰσελεύσονται
1486 3239 1622 3312 μετά
1650 3239 1758 3293 τῶν
1781 3241 1846 3309 τῇ
1880 3240 1947 3309 σῇ

363 3336 678 3406 δικαιοσύνῃ
711 3333 1201 3405 συνελευσομένων·
1243 3331 1359 3387 ἀλλ’
1391 3332 1509 3386 οὐδὲ
1567 3331 1947 3402 ἐγγραφήσον-

364 3447 455 3484 ται
489 3431 548 3483 ἐν
583 3428 748 3500 βίϐλῳ
780 3425 1028 3491 ζώντων·
1069 3425 1376 3479 τούναντίον
1415 3424 1472 3476 δὲ
1513 3423 1787 3476 πείσονται
1837 3425 1948 3484 τοῖς

361 3519 813 3592 ἐγγραφομένοις.
849 3518 911 3570 Εἰ
943 3516 1160 3588 γάρκαὶ
1194 3515 1400 3588 πρῶτοι
1432 3514 1532 3585 τῆς
1565 3514 1706 3585 ἐμῆς
1726 3513 1947 3584 χάριτος

362 3611 684 3678 ἀξιωθέντες
722 3609 1102 3680 ἐνεγράφησαν
1134 3625 1266 3661 ποτε
1292 3609 1348 3661 ἐν
1377 3609 1442 3677 τῇ
1479 3605 1646 3676 βίϐλῳ
1679 3605 1786 3658 τῶν
1814 3603 1949 3668 ζώνν-

363 3721 472 3757 των
503 3703 591 3757 διὰ
623 3702 749 3767 τοὺς
790 3700 939 3771 παρά
970 3699 1047 3770 τῷ
1078 3699 1197 3772 Θεῷ
1239 3698 1444 3764 ζῶντας
1480 3697 1722 3768 πατέρας
1746 3695 1944 3758 αὐτῶν,

361 3795 438 3858 ὡς
461 3794 556 3848 xui.
579 3795 760 3857 αὐτοῖς
784 3793 1028 3847 δεδόσθαι
1050 3792 1148 3856 τὰς
1171 3792 1500 3860 ἐπαγγελίας
1522 3808 1535 3822 ’
1562 3790 1680 3847 ἀλλ’
1699 3791 1820 3843 ἐπεὶ
1847 3807 1950 3842 τοι·

362 3885 502 3940 αὐτα
550 3885 948 3957 τετολμήκασιν
975 3927 989 3950 ,
1049 3903 1066 3934 ι
1106 3884 1608 3954 Ἐξαλειφθήιτωσαν
1652 3885 1715 3936 ἐκ
1763 3879 1945 3952 βίϐλου

362 3977 596 4043 ζώντων.
628 3997 646 4030 ι
699 3977 987 4047 Διασαφῶν
1020 3977 1077 4031 δὲ
1101 3979 1202 4047 τὴν
1240 3976 1446 4029 ἔννοιαν
1485 3975 1587 4045 τῆς
1622 3975 1803 4044 βίϐλου
1837 3972 1945 4024 τῶν

363 4069 604 4134 ζώντων,
635 4071 874 4137 ἐπιλέγει
914 4070 1038 4140 ἐξῆς
1058 4085 1072 4099 '
1116 4088 1134 4120 ι
1157 4069 1264 4121 Καὶ
1294 4067 1433 4138 μετὰ
1457 4067 1677 4132 δικαίων
1708 4065 1783 4137 μὴ
1807 4081 1945 4136 γρῦ.⁴

364 4163 643 4232 φῆτωσαν·
660 4181 676 4214 ³
699 4161 957 4232 Ἐκλογῆς
979 4162 1085 4233 γὰρ
1105 4160 1430 4232 γιγνομένης
1450 4159 1558 4212 τῶν
1581 4157 1720 4211 κατά
1740 4158 1829 4210 τὸν
1851 4158 1945 4209 άν-

362 4254 633 4325 θρώπινον
667 4254 779 4326 βίον
800 4293 814 4316 ,
855 4255 904 4307 οἱ
941 4255 1036 4324 μὲν
1062 4253 1206 4325 ζωῆς
1235 4252 1373 4319 ἄξιοι
1405 4252 1503 4323 τῆς
1535 4250 1685 4321 παρὰ
1718 4250 1795 4321 τῷ
1829 4247 1946 4319 Θεῴ

361 4346 457 4402 διὰ
500 4346 595 4418 τὴν
628 4345 833 4400 οἰκείαν
855 4345 1201 4416 δικαιοσύνην
1234 4345 1574 4414 ἀνάγραπτοι
1622 4342 1944 4412 γενήσονται

360 4440 492 4510 παρ’
523 4437 669 4509 αὐτῷ
689 4456 702 4470 ο
728 4439 777 4490 οἰ
803 4437 859 4490 δὲ
888 4437 1183 4507 ἀπόϐλητοι
1205 4437 1302 4506 τῆς
1332 4435 1515 4505 βίϐλου
1549 4436 1762 4487 ἔσονται
1783 4435 1829 4486 οἱ
1855 4432 1944 4485 τὸν

2064 589 2166 654 fel,
2198 600 2250 645 et
2286 591 2337 644 in
2372 591 2463 645 siti
2495 607 2610 644 mea
2647 599 2974 661 putaverunt
3009 606 3094 645 me
3124 598 3317 656 aceto;
3351 607 3368 640 ι
3399 605 3504 643 non
3537 603 3629 644 so-

2062 683 2171 736 lmn
2224 694 2464 754 tempore
2514 684 2782 754 passionis
2819 699 2986 746 meae,
3032 681 3128 737 sed
3174 683 3227 736 in
3271 681 3628 751 sequentibus

2061 775 2378 846 blasphema
2406 784 2598 829 contra
2626 791 2710 829 mc
2743 775 2888 828 dicta
2922 771 3166 844 proferre
3193 784 3625 844 perseverantes.

2061 865 2265 932 Quare,
2292 867 2590 920 secundum
2624 865 2875 934 Aquilam
2898 902 2913 926 ,
2945 878 3041 934 pro
3065 863 3179 928 illo,
3205 881 3222 912 ι
3249 861 3625 926 σόιὶὶόιιιιιηι,ι

2059 959 2282 1022 dicitur,
2339 976 2355 1007 ι
2391 958 2767 1020 enarrabunt;
2811 977 2829 1008 ι
2885 953 3186 1010 secundum
3247 951 3630 1025 Symmachum

2064 1066 2190 1104 vero
2220 1070 2238 1101 ι
2269 1050 2619 1104 enarrabant.
2656 1068 2674 1098 ι
2706 1047 2824 1102 Non
2873 1050 3018 1101 enim
3062 1055 3146 1110 sat
3187 1046 3295 1101 illis
3341 1045 3444 1100 fuit
3485 1048 3630 1116 quod

2060 1143 2228 1196 semel
2289 1141 2468 1211 ipsum
2518 1142 2936 1202 vulnerassent,
2985 1145 3041 1192 et
3091 1139 3457 1195 talia.contra
3505 1153 3629 1192 cum

2057 1235 2173 1288 ausi
2223 1233 2495 1298 fuissent;
2537 1233 2629 1287 sed
2681 1232 2836 1301 quasi
2886 1247 2944 1286 re
2994 1231 3134 1286 bene
3179 1237 3330 1300 gesta
3370 1227 3627 1300 gloriosi.

2057 1343 2224 1384 ausus
2275 1343 2405 1382 suos
2453 1327 2578 1381 tiliis
2621 1326 2971 1379 t-narrabaut.
3029 1323 3298 1390 Quoniam
3345 1322 3510 1393 igitur
3551 1319 3628 1376 illi

2056 1421 2217 1475 talem
2249 1421 2553 1490 portionem
2590 1423 2926 1487 cooptarunt
2952 1459 2965 1481 ,
3001 1432 3160 1486 quem
3207 1425 3262 1469 tu
3308 1412 3630 1484 percussisti

2054 1523 2474 1586 persequentes,
2508 1513 2830 1583 iniquitates
2858 1518 3038 1564 autem
3062 1518 3116 1565 et
3147 1509 3452 1578 impietates
3487 1507 3540 1561 in
3570 1520 3633 1560 se

2052 1614 2108 1661 et
2140 1607 2195 1660 in
2225 1606 2364 1660 [ilios
2391 1620 2522 1659 suos
2547 1609 2938 1658 coacervantes
2964 1616 2978 1665 ;
3016 1600 3140 1669 jure
3169 1599 3457 1667 adjicitur:
3483 1614 3500 1647 ι
3521 1596 3631 1668 Ap-

2054 1711 2195 1766 pone
2234 1695 2577 1765 iniquitatem
2626 1707 2792 1762 super
2836 1690 3179 1760 iniquitatem
3219 1687 3494 1757 ipsorum,
3518 1704 3544 1748 _i
3575 1683 3629 1738 id

2054 1795 2170 1852 est,
2202 1805 2221 1838 ι
2255 1801 2495 1857 appones
2525 1803 2538 1838 :
2573 1803 2591 1836 ι
2620 1783 2760 1853 ipsis
2800 1796 3036 1850 namque
3071 1779 3342 1833 malorum
3384 1775 3628 1831 accessio

2054 1881 2178 1936 erit.
2232 1879 2350 1932 Alia
2400 1877 2543 1933 enim
2600 1875 2759 1930 nobis
2803 1872 3126 1928 hominibus
3164 1885 3232 1924 ex
3273 1867 3629 1924 interioribus

2053 1973 2354 2038 eveniunt;
2395 1971 2498 2025 alia
2540 1985 2670 2024 vero
2717 1967 2938 2022 aliunde
2981 1982 3050 2020 ex
3099 1963 3454 2034 sequentibus
3483 1961 3627 2013 inte—

2055 2067 2202 2120 riora
2255 2073 2468 2119 nostra.
2518 2059 2700 2126 Quare
2753 2057 2951 2113 alicubi
3006 2055 3119 2110 Deo
3168 2055 3406 2109 dicitur:
3438 2069 3456 2102 ι
3489 2050 3629 2115 Cum

2055 2165 2249 2212 sancto
2272 2163 2495 2210 sanctus
2515 2153 2648 2213 eris.
2672 2161 2866 2206 etcum
2901 2162 3157 2220 perverso
3183 2144 3511 2216 perverteris
3523 2140 3623 2197 “.i

2053 2249 2114 2303 In
2147 2248 2264 2317 lege
2296 2260 2513 2316 quoque
2545 2260 2612 2299 ex
2645 2220 2816 2312 ipsius
2855 2253 3084 2310 persona
3117 2237 3358 2291 dicitur:
3393 2254 3409 2281 ι
3441 2231 3500 2284 Si
3530 2246 3626 2285 ve-

2054 2341 2220 2396 niatis
2247 2337 2314 2392 ad
2347 2352 2431 2392 me
2459 2335 2699 2406 obliqui,
2728 2332 2984 2388 accedam
3013 2337 3068 2383 et
3097 2342 3198 2398 ego
3226 2327 3292 2380 ad
3322 2340 3417 2378 vos
3443 2323 3630 2376 animo

2052 2433 2279 2503 obliquo
2307 2431 2374 2483 ‘9.
2408 2448 2426 2482 ι
2457 2429 2593 2495 Quia
2631 2428 2793 2498 igitur
2823 2425 2900 2480 illi
2931 2420 3088 2494 quasi
3120 2418 3365 2473 funiculo
3393 2415 3626 2503 oblonga

2053 2502 2276 2590 peccata
2313 2533 2410 2572 sua
2447 2515 2775 2576 trahebant,
2809 2513 2934 2584 jure
2969 2519 3025 2565 tu
3059 2523 3275 2582 quoque
3307 2506 3498 2576 justus
3530 2502 3625 2572 ju-

2052 2611 2157 2666 dex
2199 2625 2440 2681 appones
2484 2607 2824 2679 iniquitatem
2873 2618 3039 2673 super
3087 2599 3434 2671 iniquitatem
3478 2596 3630 2666 ipsoi-

2053 2718 2172 2756 rum
2200 2719 2216 2769 ;
2247 2700 2314 2756 ad
2344 2701 2580 2772 priorem
2609 2698 2786 2759 illam,
2818 2695 2979 2749 aliam
3014 2694 3311 2764 imputans.
3342 2686 3454 2742 lmo
3485 2701 3626 2756 quo-

2053 2809 2158 2865 que
2203 2793 2316 2848 ait:
2350 2811 2369 2844 ι
2396 2790 2513 2846 Non
2567 2791 2770 2844 intrent
2820 2787 2873 2841 in
2918 2785 3187 2856 justitiam
3236 2789 3407 2836 tuam.
3439 2798 3458 2832 ›
3487 2776 3624 2830 Nam

2047 2885 2264 2954 justitia
2299 2883 2517 2954 quidem
2559 2889 2652 2935 tua
2695 2880 2878 2949 justos
2920 2876 3185 2938 advocat,
3222 2885 3522 2938 omnesque
3556 2866 3626 2921 ad

2054 2978 2242 3033 intima
2291 2953 2459 3048 regni.
2493 2974 2571 3029 tui
2611 2971 2913 3028 secundum
2947 2966 3369 3039 promissionem
3409 2961 3625 3031 recipit.

2053 3067 2156 3136 Qui
2204 3083 2334 3122 vero
2386 3067 2517 3122 talia
2568 3066 2686 3122 ausi
2733 3070 2861 3120 sunt
2909 3077 3017 3116 non
3069 3057 3353 3112 intrabunt
3400 3069 3524 3108 eum
3561 3052 3628 3107 iis

2052 3160 2146 3233 qui
2184 3176 2291 3216 una
2322 3175 2447 3215 cum
2479 3157 2693 3228 justitia
2729 3164 2820 3210 tua
2853 3150 3160 3224 ingressuri
3197 3154 3367 3206 sunt:
3403 3145 3498 3202 sed
3533 3159 3630 3198 ne-

2052 3270 2157 3326 que
2182 3254 2240 3308 in
2265 3253 2404 3308 libro
2429 3249 2723 3306 viventium
2749 3247 3061 3303 scribentur
3085 3260 3100 3310 ;
3129 3241 3237 3295 imo
3261 3237 3537 3295 contraria
3561 3235 3629 3290 iis

2051 3344 2145 3417 qui
2192 3343 2454 3414 descripti
2503 3351 2631 3396 sunt
2665 3340 2960 3412 patientur.
3011 3334 3236 3389 Etiamsi
3271 3332 3414 3388 enim
3451 3328 3628 3402 gratia

2051 3438 2235 3493 donati
2269 3453 2388 3492 mea
2420 3433 2718 3506 aliquando
2754 3433 2808 3487 in
2850 3432 2992 3486 libro
3025 3427 3327 3483 viventium
3356 3467 3370 3491 ,
3411 3430 3625 3496 patrum

2050 3546 2274 3586 suorum
2317 3527 2459 3599 apud
2521 3527 2686 3582 Deum
2738 3524 3036 3578 viventium
3094 3535 3291 3583 causa,
3330 3514 3630 3585 conscripti

2035 3627 2287 3685 iuerint,
2336 3624 2408 3677 ita
2457 3631 2516 3676 ut
2568 3631 2617 3675 et
2643 3620 2776 3690 ipsis
2828 3616 3102 3688 promissa
3150 3613 3331 3668 oblata
3385 3611 3528 3674 sint;
3575 3616 3632 3662 at

2049 3718 2307 3787 quoniam
2362 3715 2491 3768 talia
2576 3721 2704 3768 sunt
2767 3710 2923 3773 ausi,
2979 3728 2996 3761 ι
3048 3706 3334 3761 deleantur
3381 3703 3448 3757 de
3490 3701 3631 3755 libro

2050 3807 2369 3863 viventium.
2405 3825 2422 3855 ι
2451 3802 2600 3857 Libri
2629 3809 2809 3856 autem
2842 3799 3140 3853 viventium
3162 3795 3430 3848 rationem
3457 3789 3632 3860 expli-

2049 3915 2218 3961 cans,
2255 3895 2440 3952 subdit
2472 3903 2693 3965 postea,
2727 3909 2744 3942 ι
2777 3890 2846 3945 Ει
2877 3904 3001 3944 cum
3030 3888 3195 3956 justis
3237 3901 3348 3940 non
3380 3883 3629 3939 scriban-

2051 3999 2161 4045 tur.
2195 4009 2214 4042 ι
2240 3987 2520 4043 Electioue
2551 3985 2751 4056 quippe
2786 3983 2930 4036 facta
2964 3993 3153 4035 eorum
3185 3977 3278 4049 qui
3327 3977 3380 4030 in
3425 3971 3629 4048 mundo

2048 4090 2208 4136 erant
2240 4078 2530 4134 hominum
2552 4115 2565 4140 ,
2604 4074 2696 4127 alii
2741 4073 2959 4143 quidem
2991 4069 3102 4124 vita
3133 4082 3254 4138 quae
3285 4063 3426 4136 apud
3460 4063 3630 4120 Deum

2049 4182 2132 4227 est
2163 4170 2352 4242 digni,
2386 4170 2458 4224 ob
2490 4168 2765 4240 propriam
2798 4162 3070 4235 justitiam
3117 4160 3260 4231 apud
3309 4159 3490 4230 ipsum
3536 4157 3630 4211 de-

2047 4267 2392 4331 scribentur;
2419 4263 2509 4331 qui
2536 4269 2716 4316 autem
2745 4274 2812 4313 ex
2844 4257 2984 4310 libro
3013 4253 3365 4313 delebuntur,
3399 4251 3435 4302 ii
3467 4255 3631 4304 erunt

2047 4361 2143 4432 qui
2177 4361 2303 4416 vitm
2341 4357 2644 4429 principem
2692 4353 3070 4425 repudiarunt.
3120 4345 3187 4402 Ει
3238 4346 3326 4400 hic
3373 4343 3496 4398 linis
3524 4341 3630 4397 erit

2049 4469 2241 4508 eorum
2282 4452 2377 4523 qui
2409 4451 2522 4520 jam
2567 4453 2868 4503 memorata
2922 4449 3115 4498 contra
3157 4437 3499 4494 Servatoretn
3530 4448 3629 4490 no-

361 4529 604 4602 ἀρχηγὸν
635 4531 734 4601 τῆς
767 4526 910 4600 ζωῆς
944 4528 1430 4606 παραιτησάμενοι.
1484 4528 1592 4579 Καὶ
1634 4525 1793 4579 τοῦτο
1844 4526 1940 4596 μὲν

2052 4553 2220 4602 strum
2253 4543 2499 4616 aggressi
2533 4548 2681 4596 sunt.
2713 4540 2844 4605 Quae
2876 4541 3180 4606 sequuntur
3209 4537 3413 4593 autem,
3450 4528 3504 4582 in
3537 4528 3628 4583 la:-

358 4623 421 4676 τὸ
446 4622 598 4686 τέλος
616 4620 726 4675 τῶν
749 4619 816 4674 τά
845 4620 1206 4692 προλεχθέντα
1234 4618 1372 4671 κατά
1398 4617 1490 4672 τοῦ
1515 4618 1765 4690 Σωτῆρος
1787 4617 1942 4688 ἡμῶν

358 4715 770 4786 τετολμηκότων
790 4731 802 4744 °
839 4714 907 4767 τά
929 4715 973 4768 δ’
999 4715 1124 4784 ἑξῆς
1152 4717 1179 4767 ό
1208 4713 1363 4779 λόγος
1393 4712 1485 4765 ἐπὶ
1512 4711 1570 4784 τνὸ
1597 4695 1942 4783 φαιδρότερον

360 4805 687 4876 μεταϐάλλει
707 4845 721 4867 ,
750 4803 994 4857 ἐντεῦθεν
1019 4803 1200 4856 λοιπὸν
1224 4804 1324 4874 τῆς
1345 4801 1704 4872 εὐαγγελικῆς
1723 4800 1944 4873 χάριτος

358 4899 762 4971 ἀπαρχόμενος.

437 5030 454 5062 ι
477 5012 699 5081 Πτωχὸς
733 5012 827 5064 καὶ
859 5008 1038 5077 ἀλγῶν
1066 5007 1176 5078 ἐγώ
1211 5011 1365 5080 εἰμι,
1414 5011 1446 5079 ἡ
1481 5007 1721 5079 σωτηρία
1772 5023 1885 5071 σου,
1911 5009 1940 5060 ὁ

359 5103 510 5168 Θεὸς,
533 5103 856 5158 ἀντελάϐετό
909 5121 1030 5174 μου.
1059 5123 1077 5153 ι
1144 5101 1204 5157 Ὀ
1235 5100 1404 5154 εἰπὼν
1450 5102 1510 5150 ἐν
1551 5097 1901 5166 Εὑαγγελίοις
1925 5114 1937 5127 ’

305 5216 319 5260 ι
361 5215 382 5250 ι
407 5196 623 5250 Μάθετε
671 5197 765 5250 ἀπ’
793 5197 959 5268 ἐμοῦ,
999 5197 1086 5249 ὅτι
1120 5194 1293 5264 πρᾶός
1324 5195 1440 5262 εἰμι
1472 5191 1564 5244 καὶ
1590 5188 1841 5252 ταπεινὸς
1873 5192 1936 5260 τῇ

357 5287 554 5359 καρδία
570 5327 583 5344 .
612 5306 630 5337 ι
658 5286 746 5339 διὰ
772 5286 878 5338 τῶν
894 5283 1266 5357 προκειμένων
1288 5280 1502 5350 πτωχὸς
1520 5279 1612 5332 καὶ
1632 5277 1812 5346 ἀλγῶν
1831 5276 1942 5344 ἐγώ

358 5376 506 5445 εἰμι,
543 5375 698 5446 φησι.
762 5373 984 5443 Πτωχὸς
1016 5372 1072 5426 δὲ
1109 5367 1176 5442 ἦν
1216 5369 1306 5422 τὸν
1337 5367 1564 5421 πλοῦτον
1588 5368 1686 5438 τῆς
1720 5366 1937 5420 αἰωνίου

357 5466 634 5538 βασιλείας
663 5465 1012 5536 ἀποθέμενος.
1045 5463 1136 5515 Διό
1168 5479 1330 5532 φησιν
1350 5461 1377 5513 ό
1405 5459 1642 5523 Παῦλος·
1683 5477 1698 5508 ι
1733 5457 1940 5530 Ἰησοῦς

354 5560 591 5633 Χριστὸς
618 5559 872 5622 πλούσιος
891 5557 990 5622 ὧν,
1014 5559 1081 5612 δι’
1103 5559 1252 5629 ἡμᾶς
1279 5555 1642 5627 ἐπτώχευσεν,
1675 5555 1762 5607 ἵνα
1779 5557 1941 5624 ἡμεῖς

351 5656 426 5725 τῇ
441 5652 611 5708 αὑτοῦ.
635 5653 877 5724 πτωχεία
897 5651 1339 5723 πλουτησωμενδ
1362 5647 1520 5702 Ἀλλά
1553 5648 1646 5701 καὶ
1667 5666 1684 5699 ι
1709 5645 1890 5715 ἀλγῶν
1915 5663 1933 5696 ι

431 5809 474 5841 ⁸⁸
514 5807 658 5865 Psal.
704 5824 836 5874 xvu,
873 5807 964 5874 26,
1006 5807 1096 5862 27.
1174 5806 1218 5838 δ’
1261 5803 1434 5861 Lavit.
1477 5818 1631 5869 τινι,
1666 5802 1758 5869 23,
1798 5799 1889 5857 25.

1968 5801 2014 5834 "
2056 5797 2242 5853 Matth.
2288 5813 2367 5858 ιι,
2401 5794 2494 5849 29.

2053 4641 2256 4694 tiorem
2296 4636 2529 4690 formam
2582 4639 2899 4687 mutantur:
2951 4645 3078 4691 nam
3128 4627 3253 4686 inde
3301 4622 3630 4698 evangelica

2051 4730 2239 4802 gratia:
2267 4728 2484 4784 initium
2514 4724 2758 4782 ducitur.

2118 4995 2288 5050 Vsus.
2332 4993 2398 5052 5.0
2418 5033 2439 5055 ,
2463 4993 2552 5048 5i.
2582 5011 2604 5043 ι
2623 4990 2730 5062 ἷξες)
2759 5005 2876 5044 sum
2906 5004 3114 5059 pauper
3143 4993 3199 5042 et
3222 4985 3446 5051 dolens,
3478 4985 3629 5039 salus

2051 5099 2141 5144 tua
2163 5129 2176 5152 ,
2225 5086 2388 5149 Deus,
2416 5086 2658 5153 suscepit
2701 5099 2806 5138 me.
2834 5101 2852 5134 ι
2875 5082 2977 5147 Qui
3013 5081 3072 5134 in
3107 5077 3414 5148 Evangeliis
3444 5079 3582 5130 dixit
3610 5096 3623 5131 :

2056 5200 2072 5230 ι
2100 5177 2303 5233 Discite
2327 5191 2355 5229 a
2384 5191 2467 5229 tne
2499 5176 2625 5243 quia
2687 5173 2831 5226 ruitis
2859 5188 2978 5224 sum
3008 5177 3065 5222 et
3093 5168 3312 5221 humilis
3338 5166 3500 5221 corde
3521 5165 3620 5226 '°.p

2048 5275 2102 5326 in
2142 5269 2394 5340 praesenti
2416 5284 2474 5323 se
2509 5281 2796 5337 pauperem
2830 5275 2883 5317 et
2911 5263 3186 5316 dolentem
3222 5260 3378 5313 dicit.
3415 5257 3623 5326 Pauer

2047 5376 2228 5420 autem
2258 5370 2378 5418 erat
2399 5402 2414 5425 ,
2446 5359 2710 5430 depositis
2751 5355 2937 5411 aeterni
2972 5355 3122 5424 regni
3151 5351 3378 5406 divitiis.
3429 5349 3629 5414 Quam.-

2046 5459 2232 5512 obrem
2264 5456 2338 5510 ait
2358 5453 2560 5508 Paulus
2583 5469 2597 5505 :
2621 5471 2636 5501 ι
2661 5450 2820 5505 Jesus
2840 5447 3096 5502 Christus
3120 5459 3243 5498 cum
3275 5443 3426 5497 dives
3455 5446 3622 5502 esset,

2048 5557 2273 5620 propter
2303 5562 2404 5603 nos
2446 5547 2604 5614 inops
2635 5543 2862 5600 effectus
2891 5549 2974 5596 est
2995 5580 3010 5603 ,
3044 5545 3104 5592 ut
3149 5535 3402 5604 nosejus
3443 5532 3625 5603 inopia

2049 5642 2246 5698 divites
2269 5653 2519 5695 essemus
2542 5637 2606 5692 ⁸¹.
2638 5656 2655 5687 ι
2681 5633 2787 5690 Sed
2810 5633 2972 5688 etiam
2998 5648 3016 5682 ι
3036 5629 3228 5684 dolens
3254 5647 3272 5682 ι
3295 5625 3394 5681 fuit
3419 5639 3626 5698 nunc

2596 5793 2636 5825 ⁸¹
2681 5787 2889 5846 ll.Cor.
2930 5801 3049 5853 vnt,
3085 5784 3139 5842 9.
