4068 6528
502 385 612 447 Ὶ5)

1181 380 1449 440 EL'SEBII
1484 377 1965 438 CA‘ISARIENSIS
2002 375 2157 435 OPP.
2191 371 2371 431 PARS
2407 370 2582 428 lll.—
2609 361 3021 423 EXEGETICA.

3642 356 3754 414 760'.

492 522 658 581 supra
692 503 905 565 dicebat
934 526 945 562 :
981 525 999 559 ι
1029 505 1094 560 Et
1123 522 1288 578 super
1314 505 1559 561 dolorem
1589 504 1879 559 vulnerum
1911 516 2060 556 meo-

2167 496 2355 567 γέγονε
2370 511 2383 524 ·
2420 491 2500 547 διδ
2522 489 2706 559 ἔλεγεν
2734 483 2991 556 ἀνωτέρω
3012 499 3025 513 ·
3067 499 3086 532 ι
3108 478 3226 534 Καὶ
3249 477 3341 532 ἐπὶ
3368 477 3431 531 τὸ
3451 477 3613 581 ἄλγος
3637 472 3751 528 τῶν

488 618 613 659 rura
639 602 986 659 addiderunt.
1020 621 1039 654 ι
1066 601 1293 657 Dolebat
1318 602 1462 657 enim
1495 616 1596 672 pro
1630 601 1698 656 iis
1726 600 1818 669 qui
1850 599 1904 653 in
1936 614 2061 669 per—

488 693 703 748 niciem-
736 693 921 756 ibant,
967 699 1022 747 et
1064 692 1373 763 patiebatur
1411 706 1601 747 eorum
1643 705 1810 745 causa
1853 692 1946 760 qui
1994 688 2063 742 ad

488 782 717 839 salutem
760 782 857 837 abs
902 798 961 838 se
1004 789 1351 851 procuratam
1397 796 1507 835 non
1552 780 1899 835 accederent.
1937 778 2062 834 Ideo

489 893 587 933 seu
636 877 828 932 dolens
881 876 1192 930 clamabat:
1225 894 1243 927 ι
1275 873 1319 929 Ο
1348 876 1630 945 generatio
1681 872 1961 929 incredula
2008 881 2064 928 et

486 984 775 1041 perversa,
817 984 1103 1039 quousque
1148 969 1432 1024 vobiscum
1468 968 1608 1023 ero?
1650 982 1938 1039 quousque
1962 982 2063 1023 vos

485 1062 663 1132 patiar
691 1062 779 1115 “?
808 1082 825 1113 ι
853 1059 980 1116 ldeo
1008 1062 1173 1116 dicit:
1202 1079 1220 1113 ι
1246 1060 1357 1132 Ego
1386 1075 1507 1116 sum
1534 1075 1739 1130 pauper
1764 1069 1819 1113 et
1847 1059 2059 1123 dolens,

486 1155 635 1209 salus
664 1160 793 1218 tua,
822 1153 1001 1218 Deus,
1036 1153 1281 1223 suscepit
1312 1167 1420 1207 me.
1454 1170 1472 1204 ι
1501 1151 1598 1206 His
1632 1166 1798 1223 porro
1828 1153 2059 1207 salutem

484 1244 799 1301 subindicat
821 1261 927 1316 qua
952 1254 1076 1316 post
1097 1254 1323 1300 mortem
1349 1243 1643 1300 donandus
1659 1252 1760 1300 est.
1777 1242 1911 1298 Nam
1934 1259 2058 1298 cum

484 1336 694 1406 pridem
743 1338 944 1393 infixus
988 1338 1042 1391 in
1085 1337 1216 1391 limo
1269 1334 1563 1406 profundi,
1603 1336 1814 1391 venerit
1849 1337 1904 1390 in
1936 1335 2062 1389 alti-

483 1432 731 1487 tudinem
769 1432 970 1494 maris,
1009 1440 1067 1485 ut
1102 1431 1153 1484 in
1186 1429 1470 1501 prophetia
1502 1428 1756 1493 dicebat,
1785 1429 1898 1498 jam
1931 1442 2060 1483 vero

484 1524 654 1587 dicit,
701 1542 723 1576 ι
752 1524 914 1579 Salus
968 1534 1058 1578 tua
1080 1564 1094 1586 ,
1129 1522 1271 1580 Deus
1297 1563 1312 1586 ,
1372 1523 1614 1593 suscepit
1666 1539 1791 1578 me:
1827 1542 1847 1574 ν
1874 1531 2059 1592 aperte

480 1618 726 1675 declarat
775 1633 875 1682 se,
925 1624 1211 1689 postquam
1260 1616 1316 1670 in
1366 1615 1711 1670 altitudinem
1758 1615 1925 1671 maris
1966 1631 2060 1671 ve-

480 1716 668 1772 nerat,
696 1716 984 1779 postquam
1010 1716 1305 1763 memorata
1334 1707 1589 1777 superius
1617 1722 1814 1777 passus
1844 1706 2021 1761 fuerat
2040 1748 2056 1773 ,

478 1800 850 1871 patrocinium
896 1808 1254 1856 consecutum
1299 1815 1441 1854 esse.
1491 1798 1671 1865 Quare
1707 1799 1762 1852 in
1796 1798 2059 1854 vicesimo

2166 586 2497 660 τραυμάτων
2530 599 2630 654 μου
2665 576 3031 651 προσέθηκαν.
3076 593 3095 626 ι
3131 571 3323 640 Ἤλγει
3368 569 3479 641 γάρ
3516 568 3609 622 ὲπὶ
3633 570 3751 632 τοῖς

2166 680 2367 737 ἀπολλυ
2377 678 2583 749 μένοις,
2606 671 2700 726 καὶ
2721 672 2822 725 ὑπε
2833 668 3069 741 ρέπασχε
3093 663 3199 718 τῶν
3226 664 3300 734 μὴ
3324 662 3657 735 προσιόντων
3680 662 3749 732 τῇ

2164 774 2231 828 δι’
2270 768 2441 826 αὐτοῦ
2480 762 2883 839 προξενουμένῃ
2916 758 3176 830 σωτηρία.
3229 756 3319 809 Διὸ
3344 754 3531 823 ῶσπερ
3563 751 3751 821 ἀλγῶν

2165 865 2295 919 ἐϐόα
2312 882 2325 895 ’
2362 881 2387 914 ι
2405 858 2477 914 Ὦ
2508 858 2671 929 γενεά
2698 855 2893 910 ἄπιστε
2926 852 3020 907 καὶ
3044 849 3469 922 διεστραμμένη,
3491 848 3596 911 ἓως
3616 846 3752 899 πότε

2169 957 2285 1031 μεθ’
2340 954 2492 1025 ὑμῶν
2538 950 2687 1021 sign;
2734 947 2838 1009 ἕως
2885 943 3015 997 πότε
3075 941 3337 1012 ἀνέχομαι
3374 937 3560 1010 ὑμῶν;
3597 957 3617 990 ι
3656 936 3759 990 Διό

2165 1069 2297 1123 φησι
2321 1065 2335 1081 ’
2378 1066 2395 1099 ι
2420 1044 2643 1116 Πτωχὸς
2672 1040 2767 1095 καὶ
2790 1038 2970 1108 ἀλγῶν
3001 1034 3113 1105 ἐγώ
3137 1037 3280 1105 εἰμι’
3308 1034 3342 1104 ἡ
3364 1032 3603 1103 σωτηρία
3619 1048 3747 1123 σου,

2163 1144 2191 1196 6
2230 1121 2371 1205 ’Θεδς
2390 1181 2404 1205 ,
2436 1132 2760 1193 ἀντελάϐετό
2793 1148 2914 1204 μου.
2941 1149 2961 1181 t
2988 1127 3289 1181 Αίνίττεται
3327 1124 3383 1177 δὲ
3423 1124 3512 1177 διά
3540 1121 3761 1177 τούτων

2161 1239 2261 1309 τὴν
2304 1233 2442 1308 μετά
2472 1234 2563 1287 τὸν
2593 1231 2820 1286 θάνατον
2852 1224 3014 1282 αὑτοῦ
3050 1220 3343 1292 σωτηρίαν.
3399 1219 3462 1271 Εἰ
3490 1216 3597 1287 γὰρ
3632 1216 3760 1309 ἐνε-

2340 1329 2419 1392 είς
2454 1326 2586 1397 ὕλην
2614 1322 2776 1395 βυθοῦ
2801 1362 2817 1384 ,
2854 1320 2949 1373 καί
2975 1314 3138 1389 ἦλθεν
3164 1317 3242 1379 εἰς
3270 1312 3341 1365 τά
3368 1310 3504 1382 βάθη
3528 1310 3628 1380 τῆς
3650 1307 3755 1361 θα-

2161 1422 2365 1492 λάσσης
2385 1461 2399 1483 ,
2432 1417 2508 1482 ὡς
2535 1416 2621 1471 διὰ
2654 1414 2764 1468 τῶν
2792 1413 2890 1484 τῆς
2925 1408 3261 1483 προφητείας
3288 1404 3474 1475 ἐδήλου
3494 1441 3510 1465 ,
3545 1402 3663 1454 νυνὶ
3690 1400 3761 1452 δέ

2163 1532 2353 1587 φησιν·
2391 1532 2411 1565 ι
2432 1513 2498 1566 Ἦ
2524 1505 2764 1581 σωτηρία
2798 1522 2916 1567 σου,
2940 1506 2968 1558 6
2993 1503 3125 1566 Θεὸς
3145 1541 3159 1565 ,
3205 1494 3530 1554 ἀντελάϐετό
3560 1512 3665 1566 μου
3684 1510 3697 1522 '

2163 1584 2355 1677 σαφῶς
2400 1602 2729 1675 παρίστησιν
2776 1595 3114 1666 ἀντιλήψεως
3164 1587 3548 1660 τετυχηκέναι,
3607 1584 3753 1677 μετῷ

2160 1694 2221 1750 τὸ
2252 1676 2580 1768 γὲληλυθέναι
2617 1693 2698 1755 εἰς
2734 1690 2805 1743 τὰ
2846 1687 2980 1758 βάθη
3019 1684 3121 1755 τῆς
3158 1681 3431 1752 θαλάσσης
3453 1720 3468 1743 ,
3510 1677 3651 1749 μετά
3686 1676 3751 1728 τὸ

2161 1784 2486 1843 πεπονθέναι
2513 1786 2581 1839 τὰ
2607 1781 2990 1854 προλεχθέντα.
3018 1777 3109 1832 Διὸ
3130 1777 3223 1830 καὶ
3249 1778 3306 1829 ὲν
3333 1781 3413 1827 κα¹
3433 1769 3634 1842 ψαλμῷ
3657 1768 3755 1822 τᾶν

481 1888 659 1957 primo
702 1888 912 1958 psalmo
960 1889 1224 1959 hymnum
1252 1908 1269 1940 ι
1296 1904 1395 1960 pro
1445 1889 1797 1959 susceptione
1841 1889 2059 1943 matutiv

2167 1900 2184 1933 t
2209 1878 2350 1950 ὑπὲρ
2386 1878 2489 1948 τῆς
2511 1873 2855 1945 ἀντιλήψεως
2882 1872 2982 1941 τῆς
3009 1866 3237 1939 ἑωθινῆς
3258 1885 3277 1918 ν
3306 1865 3617 1960 ἀγέπεμπξν

481 1996 549 2033 ua
575 1981 650 2032 ⁸³»
672 1982 896 2037 emittit.
925 1980 1126 2038 Deinde
1151 1998 1303 2041 vero.
1328 1989 1387 2036 ut
1409 1981 1769 2052 patrocinium
1793 1996 2051 2037 consecu-

480 2078 591 2136 tus,
620 2073 687 2127 ad
714 2075 1043 2142 jucundiora
1076 2089 1385 2129 sermonem
1418 2074 1689 2129 convertit
1717 2074 1937 2145 hymnis
1957 2072 2061 2127 Pa-

478 2173 618 2219 trem
646 2165 955 2228 celebrans,
984 2181 1109 2218 cum
1136 2163 1245 2227 ait,
1263 2182 1281 2215 ι
1308 2164 1567 2219 Laudabo
1594 2179 1789 2219 nomen
1817 2163 1907 2218 Dei
1936 2178 2061 2217 cum

480 2256 715 2312 cantico.
751 2276 769 2306 ι
799 2255 934 2310 Cum
969 2255 1201 2314 melodia
1234 2265 1415 2311 autem
1448 2264 1502 2312 ct
1529 2256 1749 2311 cantico
1778 2270 2063 2311 sermones

478 2346 749 2417 proferre.
787 2346 841 2400 id
908 2348 1125 2417 signum
1171 2348 1356 2419 gaudii
1409 2355 1465 2403 et
1524 2348 1730 2402 lmtitite
1782 2354 1919 2401 erat.
1957 2344 2063 2401 Sed

478 2439 646 2494 etiam
674 2457 692 2490 (
721 2438 1080 2509 magnilicaho
1110 2453 1256 2505 eum,
1300 2458 1321 2491 r
1365 2438 1560 2509 inquit.
1599 2437 1813 2491 scilicet
1844 2436 2063 2492 Patrem

479 2547 662 2589 suum.
687 2529 789 2597 Qui
821 2530 1191 2600 magniﬁcabit
1215 2541 1402 2601 postea
1433 2529 1682 2599 subjicit,
1709 2547 1728 2580 ι
1764 2529 1819 2584 in
1847 2529 2063 2595 laude,»

478 2623 614 2686 sive,
642 2620 941 2675 secundum
976 2620 1249 2689 Aquilam,
1289 2638 1308 2671 ι
1351 2618 1407 2673 in
1434 2619 1738 2690 gratiarum
1763 2620 2000 2676 actione.
2041 2639 2059 2672 ι

481 2712 793 2767 Gratiarum
825 2727 959 2767 vero
988 2712 1257 2769 actiunem
1323 2720 1376 2767 et
1428 2711 1652 2767 laudem
1696 2726 1805 2783 qua
1845 2711 2065 2767 Patrem

474 2800 651 2858 Filius
706 2802 1020 2875 magniﬁeat
1075 2803 1368 2874 intelliges,
1427 2802 1473 2857 si
1527 2801 1667 2858 Novi
1729 2801 2067 2859 Testamenti

476 2894 755 2967 mysteriis
808 2896 1052 2950 animum
1080 2894 1370 2960 adhibens,
1414 2894 1508 2950 ubi
1541 2893 1787 2950 Ecclesia
1826 2894 1921 2949 Dei
1969 2911 2072 2966 per

476 2994 651 3042 totum
670 2988 858 3043 orbem
877 2987 945 3043 ad
977 2986 1278 3057 gratiarum
1305 2987 1571 3053 actiones,
1600 2986 1667 3042 ad
1683 2987 2068 3043 rationabilem

475 3088 531 3133 et
567 3078 687 3135 sine
710 3076 867 3132 fumo
904 3078 1112 3132 cultum
1164 3076 1276 3133 Deo
1307 3077 1649 3134 oﬂ'crendum
1678 3078 1929 3133 instituta
1958 3086 2068 3136 est.

476 3167 626 3225 Laus
663 3169 853 3224 isthaec
892 3176 945 3224 et
996 3170 1299 3240 gratiarum
1351 3171 1496 3225 actio
1530 3171 1813 3241 corporeis
1845 3172 2065 3238 hostiis,

2162 1987 2270 2024 vov.
2299 1964 2410 2022 Εἴθ’
2437 1965 2512 2031 ὡς
2536 1961 2716 2037 τυχὼν
2743 1962 3079 2033 ἀντιλήψεως
3097 1999 3111 2023 ,
3149 1955 3467 2030 μεταὸἀλλει
3498 1953 3623 2016 τοὺς
3657 1951 3747 2004 λό-

2162 2080 2292 2134 γους
2317 2060 2410 2115 ἐπὶ
2436 2059 2496 2112 τὸ
2526 2056 2893 2129 φαιδρότερον,
2928 2050 3131 2124 ὕμνους
3157 2048 3495 2119 ἀναπέμπων
3522 2044 3599 2116 τῷ
3619 2044 3751 2096 ἑαυ-

2162 2155 2255 2209 τοῦ
2294 2152 2499 2223 Πατρὶ,
2537 2152 2597 2203 ὲν
2638 2142 2720 2212 οἷς
2759 2162 2923 2219 φησιν
2949 2162 2964 2175 ·
3026 2163 3044 2195 ι
3070 2141 3276 2195 Αίνέσω
3329 2140 3390 2192 τὸ
3435 2138 3603 2206 ὄνομα
3651 2135 3749 2188 τοῦ

2163 2245 2301 2301 Θεοῦ
2332 2244 2447 2317 μετ’
2475 2241 2636 2313 ᾠδῆς.
2653 2259 2671 2291 ι
2697 2238 2770 2292 Τὸ
2798 2233 2856 2291 δὲ
2882 2237 3021 2309 μετὰ
3053 2233 3245 2306 μέλους
3278 2231 3370 2284 καὶ
3558 2228 3753 2297 λόγους

2165 2336 2571 2411 προσφέρεσθαι
2599 2333 2662 2386 σύ
2673 2332 2865 2404 μὸολον
2895 2327 2962 2400 ἦν
2984 2326 3252 2399 θυμηδίας
3274 2324 3369 2379 καὶ
3390 2322 3747 2394 εὐφροσύνης.

2179 2432 2338 2485 Ἀλλά
2369 2427 2461 2483 καί
2503 2449 2519 2480 ι
2561 2425 2846 2499 μεγαλυνῶ
2902 2422 3087 2485 αὐτὸν,
3124 2440 3143 2472 ι
3179 2418 3376 2491 φησίν’
3411 2415 3567 2489 δῆλον
3596 2416 3643 2469 δ’
3668 2416 3755 2468 ὅτι

2163 2525 2256 2578 τὸν
2288 2520 2449 2577 αὑτοῦ
2493 2516 2738 2591 Πατέρα.
2788 2516 2916 2579 Πῶς
2966 2514 3022 2568 δὲ
3069 2513 3163 2567 καὶ
3216 2510 3381 2565 αὑτὸν
3436 2507 3750 2580 μεγαλυνεῖ,

2166 2614 2404 2684 ἐπιλέγει
2428 2612 2574 2683 ἑξῆς,
2627 2628 2647 2661 ι
2683 2612 2745 2663 ὲν
2780 2606 3037 2662 αἰνέσειοι
3088 2604 3121 2675 ἢ
3182 2601 3323 2655 κατὰ
3354 2599 3446 2653 τὸν
3489 2596 3749 2662 Ἀκύλαν,

2173 2709 2258 2761 ιὲν
2292 2702 2666 2777 εὐχαριστίᾳ.»
2701 2701 2930 2772 Νοησεις
2964 2698 3020 2751 δὲ
3042 2697 3139 2766 τὴν
3169 2691 3516 2765 εὐχαριστίαν
3538 2691 3633 2743 καὶ
3653 2688 3760 2759 τὴν

2168 2801 2371 2854 αίνεσιν
2402 2797 2468 2850 δι’
2491 2793 2559 2869 ἦς
2580 2798 2608 2849 6
2633 2794 2761 2857 Υἱὸς
2793 2790 3082 2864 μεγαλύνει
3132 2787 3223 2841 τὸν
3252 2784 3490 2853 Πατέρα,
3526 2782 3759 2852 ἐπιστή-

2168 2908 2267 2954 σας
2296 2892 2407 2953 τοίς
2447 2884 2764 2959 μυστηρίοις
2822 2883 2920 2953 τῆς
2981 2879 3187 2949 Καινῆς
3236 2877 3531 2948 Διαθήκης,
3582 2876 3639 2927 ἐν
3671 2868 3763 2938 οἷς

2165 2976 2304 3035 καθ’
2323 2977 2451 3048 ὅλης
2482 2977 2582 3049 τῆς
2610 2973 2937 3045 οἰκουμένης
2965 2974 3000 3042 ἡ
3042 2969 3339 3041 Ἐκκλησία
3357 2968 3450 3021 τοῦ
3474 2966 3613 3020 Θεοῦ
3653 2966 3761 3029 τὰς

2168 3069 2518 3143 εὐχαριστίας
2543 3067 2638 3121 καὶ
2668 3066 2768 3130 τὰς
2798 3064 3023 3134 λογικὰς
3055 3064 3150 3117 καὶ
3184 3063 3462 3124 ἀκάπνους
3492 3057 3759 3131 λατρείας

2168 3160 2459 3234 ἀναφέρειν
2491 3158 2572 3231 τῷ
2618 3157 2737 3229 Θεῷ
2787 3155 3143 3229 παρείληφεν.
3192 3153 3340 3224 Αὕτη
3377 3152 3433 3206 δὲ
3486 3152 3757 3222 ήαίνεσις

476 3276 600 3330 αυτ»
651 3263 782 3316 olim
837 3261 1145 3317 secundum
1197 3263 1369 3333 legem
1423 3261 1630 3334 Moysis
1672 3263 2063 3331 offerebantur,

2169 3256 2264 3310 καὶ
2296 3258 2330 3327 ὴ
2358 3252 2681 3325 εὐχαριστία
2712 3249 2849 3303 πολὺ
2904 3248 3168 3320 κρείττων
3202 3245 3459 3317 τυγχάνει
3489 3243 3598 3297 τῶν
3646 3260 3757 3297 σω-

474 3352 649 3407 multo
680 3352 1034 3422 praestantior
1078 3360 1185 3427 est.
1246 3354 1621 3420 Quamobrem
1671 3355 1862 3427 adjicit
1905 3375 1966 3411 τι
1998 3356 2067 3411 Et

476 3445 722 3515 placebit
771 3443 1004 3500 Domino
1044 3459 1217 3516 super
1236 3447 1472 3501 vitulum
1521 3448 1821 3512 novellum,
1856 3464 2067 3505 cornua

474 3533 870 3604 producentem
904 3540 958 3588 et
993 3535 1249 3605 ungulas.
1283 3555 1300 3587 ›
1342 3534 1401 3589 Si
1438 3552 1678 3606 namque
1707 3538 1774 3593 de
1809 3539 1877 3594 iis
1893 3537 2065 3594 Judaai

475 3626 805 3696 gloriantur,
872 3628 1051 3683 sciant
1085 3629 1276 3698 utique
1329 3628 1489 3700 longe
1531 3631 1811 3686 meliorem
1848 3630 2068 3703 Deoque

476 3720 841 3789 acceptiorem
878 3734 1057 3774 meam
1099 3720 1403 3791 gratiarum
1452 3721 1727 3778 actionem
1757 3732 1812 3779 et
1849 3724 2065 3779 laudem

476 3824 642 3879 supra
709 3810 1030 3865 memoratis
1089 3826 1233 3867 esse.
1310 3810 1680 3877 Quamobrem
1762 3814 2064 3869 secundum

477 3898 866 3971 Symmachum
903 3902 1127 3969 dicitur,
1165 3920 1184 3954 ι
1212 3901 1280 3956 Et
1334 3903 1574 3973 placebit
1612 3902 1846 3960 Domino
1868 3906 2062 3978 magis,

475 4007 642 4062 quam
665 3992 766 4049 bos
798 4003 1016 4061 taurus,
1059 3995 1299 4065 ungulas
1348 3994 1661 4060 difﬁndens,
1718 4008 2006 4054 cornutus.
2038 4015 2060 4050 ι

475 4084 589 4139 Cur
616 4085 704 4139 hic
741 4087 974 4140 vitulum
1034 4087 1203 4152 dicat,
1234 4102 1344 4141 non
1381 4088 1528 4144 aliud
1580 4090 1779 4143 animal
1809 4093 1862 4144 in
1894 4091 2066 4146 sacri-

478 4177 604 4230 licio
629 4175 813 4231 oll‘erri
842 4178 1089 4240 solitum,
1141 4195 1251 4232 nun
1284 4178 1405 4234 sine
1446 4180 1697 4234 examine
1742 4181 2065 4251 praetermit—

477 4268 727 4323 tendum.
790 4268 924 4322 Nam
989 4287 1055 4324 ex
1119 4270 1451 4327 animalibus
1517 4272 1819 4327 secundum
1893 4273 2063 4343 legem

478 4359 685 4432 Moysis
726 4361 1000 4416 immolari
1058 4362 1256 4432 jussis,
1318 4364 1424 4418 alia
1468 4379 1533 4418 ex
1591 4372 1842 4418 armento
1876 4365 2061 4427 boum,

480 4451 586 4505 alia
620 4467 683 4506 ex
728 4465 890 4522 grege
914 4452 1095 4506 ovium
1119 4452 1556 4515 adducebantur,
1586 4454 1694 4507 alia
1718 4470 1783 4507 ex
1830 4455 2063 4508 volatili-

2173 3346 2419 3418 ματικῶν
2438 3342 2662 3409 θυσιῶν,
2681 3342 2790 3395 τῶν
2812 3340 2955 3395 κατά
2982 3339 3073 3394 τὸν
3089 3337 3367 3400 Μωῦσέως
3390 3336 3553 3406 νόμον
3582 3334 3753 3388 πάλαι

2168 3435 2617 3511 προσαγομένων.
2660 3432 2753 3487 Διὸ
2777 3432 3040 3502 ὲπιλέγευ
3075 3450 3092 3483 ι
3118 3431 3230 3484 Καὶ
3263 3428 3449 3502 ἀρέσει
3470 3427 3549 3498 τῷ
3561 3426 3757 3499 Κυρίῳ

2168 3529 2305 3601 ὑπὲρ
2345 3527 2544 3599 μόσχον
2576 3523 2719 3590 νέον,
2776 3523 2982 3595 κέρατα
3012 3520 3313 3592 ἐκφέροντα
3361 3519 3457 3572 καὶ
3487 3516 3683 3580 ὁπλάς.
3720 3535 3745 3569 ο

2166 3621 2232 3675 Ei
2263 3619 2373 3692 γὰρ
2405 3618 2500 3672 ἐπὶ
2552 3616 2764 3681 τούτοις
2828 3613 3183 3686 σεμνύνονται
3228 3610 3494 3665 Ἰουδαίων
3541 3608 3750 3673 παδες,

2169 3714 2427 3775 ἴστωσαν,
2457 3710 2540 3764 ὅτι
2566 3708 2700 3763 πολὺ
2739 3707 2960 3779 βελτίων
2992 3706 3087 3759 καὶ
3116 3703 3195 3775 τῷ
3240 3702 3360 3773 Θεῷ
3383 3700 3757 3773 προτιμοτέραν

2165 3804 2200 3877 ἡ
2224 3804 2331 3876 ὲμὴ
2357 3802 2679 3875 εὐχαριστία
2713 3800 2807 3854 καὶ
2850 3802 2883 3871 ὴ
2915 3798 3021 3870 ὲμὴ
3046 3798 3253 3861 αίνεσις
3294 3795 3403 3851 τῶν
3428 3794 3757 3867 προλεχθέν-

2165 3914 2296 3955 των.
2327 3894 2419 3949 Διὸ
2444 3894 2585 3949 κατὰ
2625 3890 2717 3947 τὸν
2758 3891 3055 3963 Σύμμαχον
3088 3892 3322 3962 εέρηται·
3365 3908 3383 3940 ι
3416 3890 3527 3942 Καὶ
3564 3885 3753 3958 ἀρέσει

2166 3988 2244 4061 τῷ
2273 3988 2464 4061 Κυρίῳ
2518 3986 2715 4058 μᾶλλον
2748 3983 2785 4055 ἢ
2839 3982 2964 4053 βοῦς
3012 3981 3213 4053 ταῦρος
3274 3980 3529 4052 διχηλῶν,
3589 3981 3759 4051 κερά-

2170 4100 2353 4154 στης.»
2390 4080 2491 4134 Διά
2514 4081 2568 4133 τί
2590 4079 2646 4132 δὲ
2671 4075 2909 4131 ἐνταῦθα
2935 4076 3136 4147 μόσχου
3171 4072 3496 4145 μνημονεύει
3524 4073 3621 4126 καὶ
3655 4073 3755 4143 οὐχ

2168 4177 2354 4249 ἐτέρου
2387 4174 2530 4238 τινος
2562 4174 2672 4227 τῶν
2704 4172 3109 4245 προσφέρεσθαι
3135 4169 3402 4223 εἰωθότων
3454 4168 3533 4229 εἰς
3563 4165 3755 4219 θυσίαν

2168 4266 2342 4333 ζώων,
2371 4266 2517 4333 ἄξιον
2555 4264 2630 4337 μὴ
2696 4263 3072 4326 ὰὸασανίστως
3135 4258 3442 4330 παρελθεῖν.
3482 4253 3605 4307 Τῶν
3644 4253 3755 4323 γὰρ

2168 4359 2309 4413 κατά
2353 4357 2443 4411 τὸν
2488 4356 2766 4419 Μωῦσέως
2789 4357 2951 4426 νόμον
2999 4352 3220 4405 θύεσθαι
3270 4345 3755 4421 προσταττομένων

2168 4449 2321 4516 ζώων
2357 4450 2425 4502 τὰ
2462 4449 2559 4520 μὲν
2592 4447 2651 4513 ἐξ
2697 4446 2901 4518 ἀγέλης
2937 4445 3073 4517 βοῶν
3131 4444 3457 4513 προσήγετο,
3498 4439 3566 4491 τά
3592 4438 3649 4491 δὲ
3691 4438 3756 4491 ἐκ

476 4540 621 4609 bus;
658 4558 888 4613 quorum
922 4544 1026 4597 alia
1061 4544 1309 4606 masculi,
1341 4546 1448 4598 alia
1483 4543 1701 4598 femina!
1726 4551 1925 4611 erant;
1959 4546 2063 4599 alia

2172 4544 2479 4615 προϐάτων,
2510 4541 2576 4594 τά
2615 4542 2671 4594 δὲ
2708 4540 2815 4595 ἀπὸ
2854 4537 3135 4592 πετεινῶν·
3174 4535 3268 4590 καὶ
3290 4534 3357 4588 τά
3396 4533 3494 4604 μὲν
3525 4533 3753 4602 ἄρρενα,

479 4644 873 4704 spontanean
908 4637 1159 4697 arbitrio.
1197 4637 1305 4691 alia
1358 4654 1423 4693 ex
1462 4638 1687 4703 debito;
1716 4627 2064 4693 aliaQacriﬁ-

480 4729 627 4781 cium
660 4729 941 4792 salutaris,
978 4730 1082 4784 alia
1136 4746 1233 4799 pro
1281 4739 1508 4800 peccato
1566 4732 2067 4797 vocabantur;alia

485 4837 587 4890 pro
617 4836 832 4876 summo
878 4823 1183 4886 sacerdote,
1218 4825 1324 4877 alia
1384 4839 1481 4893 pro
1535 4824 1796 4879 universo
1842 4825 2064 4894 populo,

483 4912 589 4964 alia
608 4926 707 4979 pro
729 4912 975 4982 principe
1008 4925 1267 4982 peccante
1320 4914 1711 4970 offerebantur.
1752 4914 1889 4969 Cum
1946 4930 2065 4972 uta-

484 5019 649 5073 guum
681 5004 866 5072 itaque
900 5006 954 5059 iu
987 5006 1072 5061 bis
1094 5006 1389 5062 discrimen
1419 5017 1598 5072 esset,
1651 5022 1934 5078 nunquam
1983 5014 2067 5061 ta-~

484 5107 610 5149 men
643 5108 742 5164 pro
768 5095 1012 5164 principe
1032 5097 1275 5166 quolibet
1308 5098 1391 5151 vel
1424 5112 1524 5167 pro
1554 5098 1810 5167 quopiam
1854 5098 2066 5167 privato

481 5185 691 5241 vitulus
751 5187 1097 5244 oll'erebatur.
1154 5188 1374 5245 Vitulus
1441 5193 1718 5246 masculus
1770 5192 2066 5260 aliquando

482 5279 907 5347 immolabatur;
946 5280 1241 5351 aliquando
1271 5297 1423 5345 vero,
1455 5298 1578 5336 cum
1630 5291 1742 5337 tota
1790 5298 2065 5354 synagoga

478 5372 537 5427 in
565 5381 852 5444 peccatum
910 5374 1064 5444 lapsa
1117 5382 1284 5437 esset,
1350 5375 1630 5441 sacerdos,
1681 5375 1773 5445 qui
1826 5376 2066 5431 universi

2170 4637 2239 4689 τὰ
2266 4637 2322 4688 δὲ
2353 4634 2535 4706 θήλεα*
2573 4634 2668 4688 καὶ
2705 4633 2775 4687 τὰ
2806 4632 2904 4704 μὲν
2945 4630 3169 4685 ἑκούσια
3220 4626 3362 4681 κατά
3412 4624 3752 4696 προαίρεσιν,

2171 4728 2242 4781 τὰ
2273 4725 2330 4781 δὲ
2362 4728 2505 4781 κατὰ
2536 4727 2777 4800 ὀφειλὴν·
2820 4726 2913 4780 καὶ
2967 4724 3036 4778 τὰ
3086 4724 3185 4795 μὲν
3235 4720 3548 4792 ὠνομάζετο
3592 4716 3756 4769 θυσία

2174 4823 2465 4894 σωτηρίου,
2490 4820 2560 4874 τὰ
2586 4821 2643 4875 δὲ
2683 4820 2822 4892 ὑπὲρ
2878 4818 3172 4890 ἁμαρτίαςο
3224 4816 3317 4869 καὶ
3360 4816 3429 4867 τὰ
3489 4812 3586 4883 μὲν
3614 4811 3755 4880 ὑπὲρ

2172 4914 2267 4968 τοῦ
2302 4912 2602 4987 ἀρχιερέως
2631 4912 3023 4986 προσεφέρετο,
3072 4911 3141 4964 τά
3171 4910 3229 4963 δὲ
3267 4909 3407 4978 ὑπὲρ
3437 4904 3636 4967 παντὸς
3658 4903 3754 4956 τοῦ

2172 5006 2324 5071 λαοῦ,
2356 5006 2426 5060 τά
2453 5006 2509 5059 δὲ
2539 5006 2680 5077 ὑπὲρ
2706 5005 2965 5075 ἄρχοντος
3002 5001 3402 5073 ἡμαρτηκότος.
3456 4997 3665 5069 Πολλῆς
3697 4996 3756 5049 δὲ

2171 5098 2337 5171 οὖσης
2383 5103 2440 5154 ἐν
2478 5099 2687 5161 τούτοις
2738 5097 3020 5166 ᾱαφρᾶς,
3050 5094 3170 5147 οὐδὲ
3209 5092 3427 5145 πώποτε
3479 5091 3620 5161 ὑπὲρ
3657 5087 3754 5140 τοῦ

2172 5188 2424 5261 τυχόντος
2448 5193 2727 5264 ἄρχοντος,
2762 5187 2870 5241 οὐδ’
2902 5187 3042 5258 ὑπὲρ
3079 5183 3285 5237 ίδιὼτου
3345 5183 3533 5255 ἀνδρὸς
3558 5182 3757 5253 μόσχος

2173 5286 2485 5357 ἀνεφέρετο.
2520 5282 2660 5337 Ποτὲ
2686 5281 2743 5334 δὲ
2773 5282 2801 5333 6
2831 5279 3028 5350 μόσχος
3051 5280 3082 5331 6
3109 5278 3284 5350 ἄρρην
3309 5276 3513 5339 ἐθύετο,
3566 5273 3754 5329 ἄλλοτε

2172 5380 2372 5449 πᾶσαή
2408 5373 2700 5445 συναγωγὴ
2734 5369 2981 5443 ἁμαρτίᾳ
3029 5367 3461 5441 περιπεπτὼκει,
3493 5366 3634 5436 ὑπὲρ
3683 5359 3755 5437 ἧς

478 5464 667 5537 populi
707 5480 804 5521 seu
836 5475 1003 5536 caput
1028 5475 1167 5529 erat,
1214 5474 1274 5520 ut
1316 5467 1527 5537 peccati
1559 5482 1789 5523 consors
1834 5469 2063 5524 vitulqu

2168 5472 2262 5525 καὶ
2295 5470 2456 5535 αὐτὸς
2488 5472 2517 5523 6
2569 5469 2747 5540 ἱερεὺς
2798 5466 2987 5537 ὥσπερ
3048 5464 3259 5534 κεφαλὴ
3307 5460 3382 5514 ὢν
3424 5459 3521 5512 τοῦ
3552 5457 3753 5520 παντὸς

480 5554 763 5615 oﬁ‘erebat.
797 5556 924 5614 llaec
964 5574 1130 5629 porro
1178 5559 1234 5613 in
1276 5556 1522 5614 Levitico
1574 5557 1970 5628 deprehendas,
2009 5560 2061 5617 in

2168 5562 2297 5615 λαοῦ
2330 5564 2432 5632 τῆς
2464 5561 2737 5635 ἁμαρτίας
2788 5557 3043 5622 κοινωνὸς
3099 5557 3193 5610 τὸν
3234 5555 3431 5627 μόσχον
3484 5552 3750 5635 προσῆγε,

480 5665 590 5721 quo
613 5650 911 5707 scribitur:
950 5670 969 5704 ι
1007 5650 1074 5706 Et
1095 5652 1310 5707 loeutus
1336 5660 1419 5705 est
1435 5647 1699 5705 Dominus
1718 5651 1783 5706 ad
1816 5649 2057 5722 Moyscm

2167 5653 2433 5710 ταῦταδὲ
2482 5656 2540 5707 ἐν
2571 5633 2842 5723 Λευιτικῷ
2898 5650 3079 5723 εὕροις
3137 5647 3202 5702 ἂν
3230 5646 3550 5717 ἐπιστήσας,
3613 5644 3674 5699 ιν
3702 5633 3750 5711 ᾧ

562 5840 604 5871 ⁸⁸
648 5837 835 5893 Matth.
880 5855 1013 5904 xm,
1063 5838 1145 5894 l6.
1222 5838 1268 5871 ³³
1308 5836 1454 5894 Psal.
1502 5820 1614 5907 ut,
1658 5819 1707 5893 ί.
