4068 6548
364 413 463 473 Τὸῖ

1483 421 1980 480 COMMENTARIA
2017 424 2082 481 IN
2119 414 2457 485 PSALMOS.

3491 414 3603 493 me

360 527 691 601 γέγραπταιο
722 548 741 581 t
779 531 887 585 Καὶ
914 530 1140 606 ἑλάλησε
1163 533 1369 608 Κύριος
1401 537 1539 610 πρὸς
1575 538 1815 609 Μωῦσῆν
1840 539 1899 592 λέ

2000 595 2001 602 η
2030 540 2251 599 dicens:
2272 543 2520 616 Loquere
2552 545 2618 602 ad
2637 544 2777 602 ﬁlios
2804 544 2991 613 Israel,
3015 547 3242 606 dicens:
3266 546 3322 604 Si
3345 564 3597 607 summus

358 635 493 688 γωνο
534 619 781 692 Δάλησον
810 623 944 695 πρὸς
972 626 1097 690 τοὺς
1127 627 1275 691 υἱοὺς
1316 629 1531 700 Ἰσραὴλ
1554 629 1746 700 λέγων’
1801 630 1928 686 Ἐἀν

354 710 386 762 6
413 710 700 782 ἀρχιερεὺς
731 714 760 765 6
787 716 1142 787 κεχρισμένος
1180 718 1401 793 ἁμάρτῃ
1462 721 1556 775 τοῦ
1595 722 1724 775 λαὸν
1753 724 1928 796 ἀμαρ-

353 802 487 864 τεῖν,
524 802 619 855 καὶ
649 804 909 874 προσάξει
964 808 1092 879 περὶ
1148 809 1246 880 τῆς
1305 812 1580 883 ἁμαρτίας
1642 814 1803 868 αύτοῦ
1858 811 1926 888 ἧς

351 890 587 962 ἥμαρτε,
628 893 825 963 μόσχον
852 895 916 948 ὲκ
968 896 1108 966 βοῶν
1163 897 1391 971 ἄμωμον
1420 901 1500 973 τῷ
1554 905 1794 977 Κυρίῳ·›
1831 910 1926 963 καὶ⁵

352 981 500 1053 ἑξῆς·
543 1003 562 1035 ‹
601 985 724 1038 Ἐάν
764 986 821 1040 δὲ
854 989 1003 1041 πᾶσα
1052 993 1341 1065 συναγωγὴ
1385 996 1599 1068 Ἰσραὴλ
1661 1000 1920 1073 ἀγνοήσῃ,

350 1074 446 1128 καὶ
482 1075 617 1149 λάθῃ
643 1077 794 1149 ρῆμα
846 1079 905 1145 ἐξ
958 1082 1249 1155 ὀφθαλμῶν
1301 1085 1401 1158 τῆς
1437 1092 1779 1162 συναγωγῆςη
1830 1096 1924 1150 καὶ

349 1169 615 1239 ποιήσωσι
652 1170 781 1239 μίαν
806 1171 912 1225 ἀπὸ
937 1174 1126 1228 πασῶν
1161 1176 1268 1229 τῶν
1299 1178 1527 1234 ἐντολῶν
1563 1183 1658 1237 τοῦ
1695 1185 1918 1256 Κυρίου,

347 1256 382 1331 ἧ
416 1260 476 1311 ού
514 1260 887 1333 ποιηθήσεται,
919 1264 1012 1317 κα)⁵
1047 1265 1427 1337 πλημμελῶσι,
1462 1273 1556 1325 καὶ
1584 1273 1797 1346 γνωσθῇ
1824 1277 1923 1329 αύ-

346 1352 459 1414 τοῖς
490 1351 790 1424 ήάμαρτία
819 1354 887 1425 ἢν
922 1355 1167 1427 ἥμαρτον
1200 1360 1258 1413 ὲν
1280 1361 1438 1433 αὐτῇ·
1476 1364 1569 1417 καὶ
1598 1367 1858 1436 προσάξει
1885 1368 1917 1439 ή

346 1444 634 1517 συναγωγὴ
670 1444 867 1517 μόσχον
892 1449 955 1502 ἐκ
985 1450 1123 1521 βοῶν
1155 1454 1404 1527 περὶτῆς
1430 1458 1722 1529 ἁμαρτίας.
1765 1480 1783 1514 ι
1809 1463 1919 1516 Καὶ

346 1532 486 1601 μετά
535 1533 708 1589 ταῦτα
735 1538 768 1608 ἡ
800 1538 1008 1610 ἱστορία
1040 1542 1249 1612 είσάγει
1306 1545 1445 1618 ὑπὲρ
1470 1548 1563 1603 τοῦ
1621 1551 1918 1625 ἀρχιερέως

342 1621 535 1715 θυσίαν
583 1625 802 1699 μόσχον,
856 1631 914 1685 ὲν
962 1626 1043 1696 οἷς
1090 1632 1327 1706 εἴρηται·
1394 1658 1415 1691 ί
1453 1640 1560 1694 Καὶ
1596 1621 1915 1715 προσήγαγε

339 1712 582 1787 Μωῦσῆς
611 1717 701 1772 τὸν
727 1717 923 1791 μόσχον
950 1722 1041 1777 τὸν
1057 1727 1184 1797 περὶ
1220 1727 1321 1799 τῆς
1345 1712 1770 1803 ἁμαρτίας-καὶ-

339 1803 526 1900 θηκεν-
565 1808 893 1900 Ἀαρὼν-καὶ
914 1814 963 1868 οῖ
994 1816 1099 1870 utet
1126 1819 1293 1873 αὐτοῦ
1320 1820 1425 1885 τὰς
1467 1826 1657 1897 χεῖρας
1695 1828 1788 1881 ἰπὶ
1815 1829 1914 1900 τὴν

2028 637 2286 695 sacerdos
2308 640 2401 710 qui
2426 646 2627 696 unctus
2654 648 2739 696 est
2766 642 3090 712 peccaverit,
3138 650 3203 697 ut
3253 658 3482 715 peccare
3511 644 3593 699 fa-

2027 728 2136 783 ciat
2155 732 2434 801 populum,
2465 731 2652 788 offeret
2687 749 2785 804 pro
2832 742 3054 805 peccato
3108 751 3209 793 suo
3244 752 3352 807 quo
3398 753 3594 809 pecca~

2023 821 2124 886 vit,
2158 823 2386 878 vitulum
2418 839 2481 879 ex
2508 825 2683 880 bobus
2735 826 3143 882 immaculatum
3188 827 3419 886 Domino
3451 830 3528 899 ἰς
3566 848 3587 883 ι

2024 924 2090 966 ac
2120 911 2318 969 deinde
2348 928 2363 966 :
2402 932 2421 964 ο
2447 913 2603 980 Quod
2647 916 2692 971 si
2732 917 2913 971 omnis
2947 932 3221 989 synagoga
3248 916 3414 974 Israel
3446 920 3597 990 igno-

2024 1005 2245 1069 raverit,
2294 1012 2349 1061 et
2390 1006 2611 1061 latuerit
2653 1008 2878 1063 verbum
2927 1024 2993 1065 ex
3040 1010 3215 1066 oculis
3266 1027 3591 1083 synagoga:

2023 1105 2117 1151 aut
2151 1094 2342 1151 fecerit
2364 1113 2531 1151 unum
2586 1113 2653 1153 ex
2689 1099 2948 1156 omnibus
2994 1103 3281 1174 praeceptis
3340 1102 3600 1172 Domini;

2022 1194 2116 1241 aut
2148 1203 2257 1243 non
2289 1187 2500 1254 fecerit,
2535 1197 2589 1245 et
2615 1189 2904 1262 deliquerit
2941 1201 2995 1248 et
3049 1194 3366 1265 cognoverit
3396 1211 3528 1266 pecc
3542 1213 3590 1251 a-

2019 1287 2136 1334 tum
2163 1296 2322 1336 suum
2351 1297 2462 1352 quo
2504 1284 2782 1352 peccavit;
2811 1283 3002 1340 otferet
3054 1301 3329 1359 synagoga
3357 1288 3598 1343 vitulum

2018 1388 2084 1427 ex
2112 1374 2285 1430 bobus
2317 1390 2417 1445 pro
2438 1384 2665 1445 peccato
2693 1376 2759 1431 ⁸⁸.
2794 1397 2812 1428 ι
2851 1377 2964 1437 Sub
2988 1378 3101 1434 haec
3134 1386 3313 1433 autem
3363 1396 3462 1450 pro
3512 1397 3600 1436 sa—

2017 1463 2234 1519 cerdote
2255 1464 2535 1520 inducitur
2586 1468 2641 1521 in
2700 1468 3031 1524 sacrificium
3087 1470 3313 1537 vitulus,
3346 1488 3471 1526 nam
3503 1472 3586 1526 di-

2017 1555 2159 1609 citur
2185 1569 2198 1606 :
2227 1574 2247 1607 ι
2271 1553 2339 1610 Et
2365 1556 2799 1629 obtulitMoyses
2837 1559 3067 1613 vitulum
3098 1575 3196 1629 pro
3245 1568 3471 1631 peccato
3495 1576 3509 1613 :
3534 1568 3590 1615 et

2015 1645 2276 1715 imposuit
2294 1648 2475 1701 Aaron
2493 1655 2547 1703 et
2592 1648 2685 1703 ﬁlii
2727 1650 2848 1720 ejus
2874 1666 3071 1705 manus
3099 1666 3268 1722 super
3323 1661 3486 1722 caput
3506 1653 3589 1707 vi—

2015 1737 2112 1791 tuli
2146 1754 2245 1809 pro
2271 1747 2517 1810 peccato,
2548 1747 2603 1795 et
2626 1741 2929 1797 immolavit
2975 1758 3098 1798 eum
3121 1745 3190 1796 '°.
3222 1763 3241 1797 ι
3279 1744 3439 1801 Vides
3466 1744 3590 1816 qui-

2014 1831 2118 1886 bus
2137 1831 2205 1886 de
2228 1832 2412 1889 causis
2435 1833 2639 1890 vitulus
2671 1834 2965 1891 offerretur
3005 1852 3103 1906 pro
3126 1837 3384 1893 universa
3416 1853 3587 1909 syna-

336 1897 577 1998 κεφαλὴν
599 1898 927 1998 ’τοῦᾼμόηου
953 1906 1047 1998 τοῦ
1075 1907 1173 1978 τῆς
1204 1910 1498 1985 ἁμαρτίας,
1556 1917 1649 1971 καὶ
1682 1897 1901 1989 ἔσφαξεν

2014 1936 2149 1994 gega
2181 1921 2401 1980 Israelis
2447 1933 2735 1995 peccante,
2784 1936 2837 1981 et
2880 1942 2980 1998 pro
3006 1897 3253 1984 -summo
3304 1897 3587 1986 sacerdote

334 1987 551 2082 αύτόν.ι
599 1991 762 2064 Ὁρᾷς
793 1995 886 2048 ἐπὶ
922 1997 1096 2061 ποίοις
1125 2002 1154 2052 6
1189 2002 1387 2074 μόσχος
1424 1987 1792 2082 προσεφέρετο
1820 2012 1912 2064 ἐπὶ

333 2077 581 2176 πάσῃμτῇ
609 2088 895 2176 συναγωγῇ
937 2086 1150 2161 Ἰσραὴλ
1199 2077 1538 2170 ἁμαρτούσῃ,
1568 2077 1778 2155 καὶ-ἐπὶ
1808 2104 1909 2176 ἀρ-

558 2171 936 2264 ημαρτηκότιο
985 2179 1082 2233 καὶ
1133 2181 1230 2253 ούχ
1282 2185 1469 2250 ἁπλῶς
1531 2171 1907 2264 ἡμαρτηκότι,

328 2258 467 2355 ἀλλὰ
497 2262 614 2355 καὶ.
651 2263 729 2335 τῷ
760 2264 874 2338 λαῷ
906 2270 1061 2342 αίτίῳ
1092 2274 1367 2347 γενομένῳ
1422 2258 1719 2351 ἁμαρτίας·
1740 2258 1909 2355 ’λέγει

328 2350 465 2446 γάρῖ
497 2353 662 2446 (Ἐὰν
688 2357 717 2410 6
762 2359 1050 2432 ἀρχιερεὺς
1076 2364 1104 2415 6
1148 2367 1505 2438 κεχρισμένος
1544 2373 1765 2446 ἁμάρτῃ
1810 2350 1905 2431 τοῦ

326 2440 424 2537 τὸν
446 2442 578 2537 λαὸν
606 2446 896 2519 ἀμαρτεῖψ
915 2472 933 2503 ι
966 2453 1081 2507 ἀνθ’
1113 2451 1173 2537 οὗ
1201 2457 1229 2509 6
1277 2458 1504 2525 Ἀκύλας
1540 2440 1904 2537 ἡρμηνευσεν·

331 2553 351 2585 ι
395 2535 489 2599 Εἰς
519 2538 901 2612 πλημμέλησιν
936 2544 1030 2598 τοῦ
1065 2534 1251 2602 λαοῦ.»
1294 2551 1447 2606 Ἐπεὶ
1475 2534 1654 2610 τοίνυν
1678 2534 1823 2613 κατά
1845 2561 1906 2614 τὸ

328 2627 599 2717 σιοτῂριον
632 2630 803 2695 πάθος
846 2634 894 2685 οἱ
954 2635 1233 2708 ἀρχιερεῖς
1271 2641 1366 2693 καὶ
1415 2644 1464 2696 οἱ
1508 2644 1768 2717 ἄρχοντες
1806 2650 1902 2704 τοῦ

337 2713 606 2770 Ἰουδαίων
643 2716 828 2783 ἔθνους
859 2722 1200 2796 συνήχθησαν
1258 2728 1350 2782 ἐπὶ
1393 2731 1454 2785 τὸ
1479 2713 1613 2788 αύτδ
1640 2738 1782 2792 κατὰ
1807 2739 1902 2794 τοῦ

323 2807 535 2879 Κυρίου
563 2810 654 2863 καὶ
686 2812 829 2866 κατά
873 2816 968 2869 τοῦ
1017 2819 1255 2891 Χριστοῦ
1289 2824 1476 2891 αὐτοῦ,
1520 2828 1599 2900 τῷ
1643 2848 1704 2884 τε
1742 2834 1903 2887 παντὶ

320 2892 433 2966 λαῷ
474 2896 800 2973 διαστροφῆς
832 2903 986 2958 αὐτοὶ
1040 2908 1326 2978 γεγόνασιν
1364 2914 1547 2969 αῖτιοιο
1570 2892 1903 2992 ’γέγραπται

319 2988 451 3059 γάρ’
542 2992 651 3087 Καὶ
681 2994 729 3045 οί
765 2995 1039 3069 ἀρχιερεῖς
1078 2999 1173 3053 καὶ
1223 3003 1285 3056 τὸ
1314 3006 1586 3079 συνέδριον
1635 2988 1754 3066 ὅλον
1779 3014 1903 3087 ἐζή-

316 3095 448 3135 τουν
475 3082 945 3161 ψευδομαρτυρίαν
973 3094 1112 3149 κατά
1132 3096 1227 3151 τοῦ
1270 3098 1463 3170 Ἰησοῦ,
1484 3101 1632 3168 ὄταυς
1655 3082 1903 3161 θανωτῶ-

317 3192 491 3270 σωσιν
514 3177 730 3233 αὐτόν’»
762 3183 857 3244 καὶ
878 3183 1037 3239 πάλιν
1065 3187 1217 3260 ἑξῆς·
1246 3209 1264 3242 ι
1289 3193 1352 3245 Οἱ
1404 3192 1461 3246 δὲ
1493 3194 1771 3270 ἀρχιερεῖς
1804 3199 1898 3257 καὶ

315 3268 370 3322 ot
397 3270 758 3345 πρεσϐύτεροι
785 3273 1009 3330 ἔπεισαν
1030 3278 1158 3342 τοὺς
1181 3279 1372 3351 δχλοῦς
1393 3283 1480 3338 ῐνα
1511 3260 1776 3359 αἰτήσωσι
1804 3290 1895 3344 τὸν
1921 3260 1966 3321 C

314 3360 634 3433 Βαραϐϐᾶν,
671 3364 763 3420 τὸν
785 3365 843 3420 δὲ
881 3368 1088 3440 Ἰησοῦν
1120 3371 1512 3430 ἀπολέσωσινοι
1542 3378 1713 3450 Χρεία
1738 3380 1796 3434 δὲ
1823 3376 1894 3453 ἦν

314 3454 640 3528 καθάρσεως
667 3461 781 3524 τοῖς
812 3460 981 3517 ταῦτα
1028 3465 1406 3539 τετολμηκόσι,
1438 3472 1532 3526 καὶ
1575 3472 1763 3539 θυσίας
1790 3477 1895 3530 οὐκ

312 3547 504 3621 άλλης,
530 3550 565 3622 ἢ
591 3552 691 3623 τῆς
712 3552 800 3607 διὰ
828 3553 921 3608 τοῦ
956 3555 1177 3627 μόσχου,
1233 3558 1310 3623 ὡς
1349 3563 1769 3637 μεμαρτύρηται
1804 3567 1895 3623 διά

308 3641 419 3713 τῆς
441 3644 800 3718 προτεθείσης
822 3647 1066 3719 Γραφῆς·
1080 3648 1327 3717 είκότως,
1350 3653 1464 3709 Οὐκ
1479 3655 1735 3727 αἰσθητὸν
1758 3658 1893 3728 ἐγὼ,

312 3736 474 3808 φησὶ,
510 3737 710 3809 μόσχον
745 3740 1059 3813 προσφέρω,
1086 3740 1176 3797 διὰ
1199 3744 1312 3799 τῶν
1339 3749 1713 3821 προκειμένων
1732 3751 1762 3803 6
1781 3752 1893 3805 Σω-

308 3827 418 3900 τὴρ
448 3827 630 3899 ήμῶν,
667 3830 803 3886 ἀλλά
835 3831 935 3905 τὴν
989 3833 1237 3908 καθαρὰν
1260 3837 1356 3891 καὶ
1399 3839 1631 3912 ἀναιμον
1677 3840 1890 3909 θυσίαν,

307 3919 381 3989 ῆν
410 3919 572 3982 αὐτὸς
596 3919 707 3990 ἐγὼ
732 3924 1146 3997 συνεστησάμην
1199 3928 1258 3981 ὲν
1281 3929 1345 3999 τῇ
1390 3929 1626 4000 ἐμαυτοῦ
1666 3932 1889 4004 Ἐκκλη-

309 4009 405 4081 σία
424 4009 514 4064 διά
546 4011 645 4082 τῆς
676 4012 908 4084 άναίμου
934 4015 1027 4069 καὶ
1049 4016 1260 4088 ἀπύρου
1294 4018 1656 4093 λειτουργίας,
1692 4024 1791 4095 τῆς
1822 4024 1890 4079 δι’

307 4103 589 4168 αἰνέσεωςο
624 4106 746 4176 ἥτις
799 4107 984 4180 ἀρέσει
1034 4108 1112 4181 τῷ
1170 4111 1290 4183 Θεῷ
1338 4113 1536 4185 μᾶλλον
1586 4116 1621 4186 ἢ
1657 4118 1687 4171 6
1738 4117 1891 4189 παρὰ

304 4199 537 4252 Μωῦσεῖ
564 4200 885 4273 νενομοθετη
895 4203 1052 4273 μένος
1077 4203 1293 4276 μόσχος.
1327 4206 1417 4260 Διὸ
1440 4206 1710 4263 λέλεκταιο
1731 4227 1750 4261 ε
1773 4212 1889 4266 Με-

304 4290 527 4358 γαλυνῶ
556 4291 722 4349 αὐτὸν
749 4295 806 4346 ὲν
835 4294 1053 4350 αἰνέσει.
1083 4296 1194 4350 Καὶ
1222 4298 1409 4371 ἀρέσει
1440 4300 1518 4371 τῷ
1542 4301 1713 4373 Θεῷ,›
1741 4305 1775 4375 ἡ
1806 4305 1890 4359 ατ-

306 4399 457 4447 νεσις
478 4384 702 4458 δηλαδὴ,
730 4404 749 4438 ι
777 4386 916 4459 ὑπὲρ
940 4375 1140 4459 μόσχον
1166 4390 1307 4456 νέον,
1338 4391 1546 4464 κέρατα
1577 4396 1886 4467 ἐκφέροντα

302 4477 403 4530 καὶ
429 4476 620 4541 ὁπλάς.
648 4497 668 4531 ι
707 4479 935 4550 Ἔτυχον
962 4480 1006 4533 δ’
1034 4481 1101 4535 ἂν
1133 4483 1382 4553 ἀφέσεως
1428 4486 1525 4539 καὶ
1569 4487 1887 4560 καθάρσεως

298 4568 412 4623 τῶν
446 4570 852 4643 ἡμαρτημένων
903 4572 1087 4638 αὐτοῖς
1135 4577 1185 4628 οί
1222 4576 1498 4649 ἀρχιερεῖς
1546 4580 1639 4633 καὶ
1688 4582 1737 4634 οἰ
1789 4580 1884 4635 τοῦ

298 4660 505 4725 παντὸς
531 4660 735 4727 ἔθνους,
761 4665 811 4717 εἰ
848 4664 1116 4737 κέχρηντο
1139 4665 1310 4740 ταύτῃ
1336 4672 1401 4741 τῇ
1427 4670 1607 4742 θυσίᾳ,
1630 4672 1729 4744 τὴν
1755 4690 1879 4727 και-

297 4753 400 4825 νὴν
432 4753 528 4808 καὶ
566 4756 832 4828 σωτήριον
856 4757 1133 4830 Διαθήκην
1164 4761 1617 4834 παραδεξάμενοι.

370 4841 507 4900 Εἶτα
533 4846 698 4919 εὐχὴν
726 4848 1037 4920 ἀναπέμπει
1074 4852 1103 4904 6
1142 4854 1461 4925 προλεχθεὶς
1499 4856 1713 4927 πτωχὸς
1742 4856 1881 4929 ὑπὲρ

294 4936 408 4993 τῶν
438 4940 835 5011 παραπλησίως
862 4940 1010 5013 αὐτῷ
1066 4944 1318 5015 πτωχῶν,
1352 4947 1480 5017 περ)⁸
1533 4942 1607 5001 ὧν
1643 4949 1882 5003 διδάσκει

293 5030 493 5099 λέγων·
526 5049 544 5082 ι
568 5032 844 5104 Μακάριοι
875 5035 926 5089 οἱ
973 5037 1179 5109 πτωχοὶ
1228 5036 1306 5108 τῷ
1340 5039 1632 5110 πνεύματι,
1666 5042 1748 5094 ὅτι
1786 5042 1883 5094 αὺ-

290 5120 406 5175 τῶν
434 5122 579 5174 ἐστιν
608 5122 640 5194 ἡ
669 5123 913 5193 βασιλεία
961 5126 1069 5181 τῶν
1101 5127 1404 5199 οὐρανῶν.»
1458 5130 1567 5183 Καί
1617 5147 1750 5203 φησι
1790 5131 1881 5187 διὰ

288 5213 394 5284 τῆς
419 5214 604 5286 εὐχῆςο
643 5234 661 5267 ι
686 5215 964 5272 Ἰδέτωσαν
1004 5220 1210 5291 πτωχοὶ
1243 5220 1336 5274 καὶ
1359 5221 1871 5294 εὑφρανθήτωσαν.»

290 5304 530 5378 Εύχεται
590 5306 646 5360 δὲ
700 5308 802 5379 ἤδη
850 5310 981 5364 ποτὲ
1013 5313 1094 5376 εἰς
1150 5312 1289 5383 ἔργα
1318 5315 1565 5387 χωρῆσαι
1621 5314 1692 5369 τά
1741 5332 1876 5387 προ-

288 5399 575 5471 λεχθέντα,
600 5400 741 5455 ὥστε
761 5401 1059 5474 ὀφθαλμοῖς
1085 5405 1223 5459 αὐτά
1245 5405 1541 5461 θεάσασθαι
1573 5408 1698 5471 τοὺς
1727 5410 1878 5481 εἰρη-

292 5490 493 5561 μένους
527 5493 795 5564 πτωχοὺς,
853 5494 1054 5568 δηλαδὴ
1110 5497 1237 5561 τοὺς
1294 5498 1542 5570 μαθητὰς
1582 5498 1745 5553 αὐτοῦ
1780 5500 1875 5554 καὶ

287 5584 418 5647 τοὺς
441 5584 793 5651 ἀποστόλους,
825 5588 971 5641 Ἰδεῖν
997 5589 1055 5642 δὲ
1087 5590 1297 5655 τούτοις
1321 5590 1535 5662 εὔχεται
1567 5591 1662 5663 τὴν
1689 5593 1876 5646 ἀποδο-

291 5674 584 5746 μασμένην
612 5675 740 5747 ὑμῖν
795 5676 1073 5749 βασιλείαν
1118 5682 1225 5734 ἀπὸ
1276 5682 1580 5755 καταϐολῆς
1608 5685 1865 5756 κόσμου.»

360 5788 429 5866 ’ξ’
463 5788 638 5866 Levit.
703 5808 781 5866 εν,
842 5794 955 5851 1-5.
1033 5797 1078 5830 ⁵⁸
1127 5796 1259 5857 ibid.
1288 5800 1483 5866 15,”.

289 5859 340 5910 ⁸9
377 5858 569 5917 Matth.
617 5879 672 5926 ν.
703 5863 757 5921 ὅ.

1583 5801 1628 5833 ⁸⁸
1656 5800 1991 5867 Ιιεγὶι.·νηι,
2034 5801 2114 5858 14.
2209 5802 2251 5834 ⁵⁷
2285 5799 2472 5856 Matth.
2535 5814 2683 5863 xxvi,
2731 5795 2819 5851 59.

2012 2023 2309 2085 peccante;
2334 2032 2434 2072 nec
2467 2019 2628 2073 modo
2652 2026 2933 2089 peccante,
2991 2021 3083 2075 sed
3129 2021 3295 2076 etiam
3326 2022 3585 2092 populum

2011 2105 2067 2159 in
2098 2115 2382 2178 peccatum
2424 2108 2751 2177 inducente;
2786 2111 2920 2165 dicit
2972 2114 3150 2167 enim:
3189 2134 3207 2165 ‹
3247 2113 3305 2170 Si
3334 2131 3591 2174 summus

2008 2199 2290 2265 sacerdos,
2316 2201 2408 2271 qui
2431 2210 2631 2258 unctus
2651 2211 2755 2266 est,
2793 2206 3118 2274 peccaverit,
3163 2216 3222 2262 ut
3250 2223 3474 2278 peccare
3507 2208 3588 2262 fa-

2008 2291 2462 2364 ciatpopulum.’
2496 2293 2604 2350 Pro
2628 2311 2739 2366 quo
2794 2297 2989 2367 Aquila
3052 2299 3131 2354 sic
3194 2299 3587 2371 interpretatus

2005 2389 2129 2435 est:
2167 2400 2185 2433 ‹
2224 2381 2282 2437 1η
2333 2383 2593 2439 delictum
2643 2387 2852 2456 populi.
2886 2406 2904 2439 ι
2963 2387 3102 2454 Quia
3160 2388 3585 2460 igiturtempore

2006 2475 2282 2545 passionis
2341 2475 2553 2532 Domini
2611 2480 2809 2536 summi
2871 2481 3189 2537 sacerdotes
3220 2492 3273 2538 et
3304 2483 3588 2554 principes

2003 2561 2244 2620 Iudaicae
2308 2567 2486 2637 gentis
2548 2579 2923 2625 convenerunt
2980 2571 3034 2626 in
3097 2588 3264 2627 unum
3318 2576 3586 2630 adversus

2004 2661 2290 2718 Dominum
2325 2672 2379 2720 et
2411 2664 2675 2722 adversus
2722 2665 3003 2723 Christum
3037 2668 3180 2739 ejus,
3229 2671 3438 2740 totique
3491 2687 3585 2740 po-

2002 2756 2132 2827 pulo
2193 2758 2562 2826 perversionis
2607 2766 2863 2815 auctores
2920 2759 3098 2825 fuere,
3167 2761 3433 2832 scriptum
3498 2770 3581 2817 est

2001 2849 2178 2905 enim:
2207 2867 2226 2901 ι
2256 2848 2539 2920 Principes
2573 2851 2921 2907 sacerdotum
2972 2860 3028 2908 et
3080 2852 3371 2908 consilium
3404 2860 3578 2909 totum

2001 2941 2319 3012 quaarebant
2341 2941 2537 2998 falsum
2573 2943 2950 2999 testimonium
2981 2955 3171 3000 contra
3206 2944 3414 3013 Jesum,
3438 2962 3579 3017 quo-

2002 3031 2165 3086 modo
2196 3032 2361 3087 morti
2390 3033 2667 3090 traderent
2682 3051 2808 3090 eum
2831 3036 2907 3105 ";
2935 3052 2955 3088 ›
2991 3051 3056 3091 ac
3084 3052 3334 3093 rursum:
3366 3056 3384 3089 ι
3419 3036 3577 3094 Prin-

2000 3124 2151 3195 cipes
2179 3126 2530 3181 sacerdotum
2567 3135 2621 3182 et
2660 3127 2907 3185 seniores
2953 3137 3353 3200 persuaserunt
3398 3131 3577 3189 turbis

2003 3226 2063 3272 ut
2079 3224 2326 3289 peterent
2371 3216 2698 3286 Barabbam,
2728 3217 2913 3277 Iesum
2959 3236 3090 3277 vero
3130 3220 3418 3292 perderent
3449 3222 3517 3279 ⁸⁸.
3548 3241 3574 3277 υ

1995 3307 2065 3366 Iis
2088 3324 2253 3380 porro
2279 3309 2372 3381 qui
2399 3309 2529 3364 talia
2552 3311 2671 3367 ausi
2699 3311 2917 3368 fuerant
2933 3314 3256 3385 purgatione
3267 3331 3406 3387 opus
3432 3324 3572 3387 erat,

1993 3409 2050 3459 ct
2078 3402 2372 3469 sacriﬁcio,
2405 3419 2515 3459 non
2544 3403 2652 3460 alio
2676 3420 2839 3475 quam
2876 3406 3059 3471 vituli,
3080 3415 3139 3463 ut
3167 3405 3450 3480 Scriptura
3474 3426 3575 3467 su-

1995 3496 2181 3571 perius
2212 3497 2376 3552 allata
2428 3497 2774 3554 testiﬁcatur.
2806 3497 2938 3555 Jure
2973 3500 3062 3556 hic
3102 3500 3363 3560 Servator
3386 3512 3580 3561 noster

1994 3588 2107 3644 ait:
2139 3587 2259 3645 Non
2307 3590 2621 3646 sensibilem
2655 3605 2755 3662 ego
2789 3592 3019 3647 vitulum
3056 3592 3294 3663 profero,
3351 3595 3444 3651 sed
3472 3612 3576 3667 pu-

1993 3693 2110 3734 ram
2132 3687 2185 3735 et
2214 3681 2555 3735 incruentam
2607 3681 2864 3746 hostiam,
2906 3699 3067 3753 quam
3100 3700 3201 3756 ego
3229 3686 3346 3757 ipse
3385 3687 3441 3740 in
3470 3686 3573 3742 Ec-

1993 3772 2160 3829 clesia
2218 3788 2338 3827 mea
2367 3773 2654 3838 constitui,
2696 3790 2793 3844 per
2850 3775 3197 3830 incruentum
3244 3785 3297 3831 et
3323 3777 3446 3848 igne
3474 3792 3573 3832 va-

1992 3877 2155 3917 cuum
2184 3861 2570 3927 ministerium,
2604 3864 2750 3933 quod
2784 3864 2944 3919 laude
2992 3865 3364 3935 pcrsulvitur;
3422 3869 3570 3938 quod

1990 3968 2127 4008 sane
2156 3952 2267 4011 Deo
2296 3954 2456 4027 longe
2508 3956 2787 4026 acceptius
2816 3963 2869 4010 et
2905 3957 3114 4028 gratius
3137 3958 3263 4021 erit,
3293 3974 3456 4029 quam
3481 3960 3573 4016 ille

1990 4042 2198 4116 Moysis
2227 4046 2345 4117 lege
2392 4046 2709 4117 assignatus
2738 4047 2967 4102 vitulus.
2992 4047 3336 4118 Quapropter
3358 4048 3565 4103 dictum

1991 4144 2075 4192 est
2104 4154 2117 4191 :
2156 4154 2175 4188 ι
2200 4135 2558 4207 Magniﬁcabo
2579 4152 2703 4192 eum
2743 4137 2797 4191 in
2826 4136 3007 4192 laude.
3041 4136 3104 4191 Et
3127 4138 3360 4207 placebit
3382 4138 3510 4202 Deo,
3542 4159 3563 4192 ι

1990 4228 2113 4285 laus
2162 4229 2409 4295 scilicet,
2468 4247 2487 4280 ι
2516 4245 2682 4301 super
2738 4229 2973 4285 vitulum
3021 4230 3315 4296 novellum,
3359 4247 3568 4287 cornua

1989 4319 2379 4392 producentem
2409 4329 2463 4377 et
2490 4321 2745 4393 ungulas.
2787 4340 2807 4375 ι
2842 4320 2910 4376 Ει
2936 4336 3069 4379 sane
3104 4324 3321 4378 veniam
3369 4340 3568 4395 purga-

1989 4415 2300 4487 tionemque
2321 4431 2444 4471 cum
2486 4416 2763 4487 principes
2790 4416 3159 4481 sacerdotum,
3186 4426 3301 4471 tum
3332 4418 3568 4488 populus

1988 4509 2167 4565 omnis
2229 4510 2509 4565 consecuti
2573 4518 2780 4590 essent,
2848 4510 2893 4565 si
2956 4526 3156 4566 novum
3225 4517 3279 4564 et
3328 4512 3567 4567 salutare

1915 4600 2396 4663 DTestamenlum
2445 4602 2833 4673 suscipientes,
2881 4601 2977 4655 tali
3032 4600 3304 4657 sacriﬁcio
3332 4601 3565 4658 fuissent

1985 4695 2092 4750 usi.

2051 4846 2256 4903 Deinde
2274 4845 2559 4903 mendicus
2588 4846 2682 4902 ille
2708 4846 3017 4902 orationem
3047 4845 3276 4902 eﬁundit
3304 4862 3405 4918 pro
3428 4862 3569 4919 pau-o
3600 4914 3601 4917 η

1978 4940 2202 5012 peribus
2229 4939 2315 4995 sui
2345 4937 2643 5001 similibus,
2675 4937 2744 4992 de
2767 4937 2968 5007 quibus
3001 4937 3117 4992 haec
3145 4937 3340 4994 tradit:
3370 4957 3389 4991 ι
3411 4938 3563 4997 Beati

1976 5045 2247 5103 pauperes
2296 5028 2524 5098 spiritu,
2581 5027 2843 5098 quoniam
2894 5028 3140 5097 ipsorum
3196 5037 3281 5084 est
3333 5045 3567 5100 regnum

1977 5122 2244 5179 cmlorum
2277 5122 2345 5177 ".
2376 5139 2396 5171 ι
2435 5118 2494 5174 In
2520 5119 2774 5175 oratione
2806 5134 2937 5175 vero
2985 5134 3085 5176 sua
3134 5119 3211 5173 ait
3238 5138 3251 5174 :
3282 5138 3301 5171 ι
3333 5119 3565 5175 Videant

1979 5230 2249 5288 pauperes
2278 5222 2334 5269 et
2359 5213 2629 5268 laetentur.
2663 5231 2683 5264 ι
2722 5210 2841 5266 Jam
2877 5224 3055 5269 autem
3080 5221 3336 5283 precatur
3368 5221 3561 5282 utquae

1979 5322 2145 5378 supra
2166 5306 2310 5361 dicta
2333 5313 2463 5362 sunt
2492 5304 2766 5369 eveniant,
2798 5305 2871 5359 ita
2902 5315 2962 5359 ut
2979 5320 3254 5377 pauperes
3284 5305 3403 5369 isti,
3456 5305 3561 5359 sei-

1978 5402 2104 5457 licet
2141 5400 2399 5470 discipuli
2450 5407 2503 5455 et
2558 5399 2792 5470 apostoli
2845 5399 2953 5465 sui.
3002 5399 3239 5454 videant.
3296 5396 3561 5453 Precatns

1977 5512 2106 5552 vero
2139 5505 2197 5551 ut
2222 5493 2439 5550 laudem
2486 5493 2633 5548 illam
2661 5493 2836 5547 vitulo
2864 5492 3078 5548 novello
3108 5504 3315 5545 cornua
3347 5488 3555 5559 produ~

1980 5595 2139 5645 cente
2178 5595 2234 5643 et
2273 5585 2508 5657 ungulas
2546 5588 2839 5656 gratiorem
2894 5583 3257 5654 conspiciant.
3309 5578 3376 5634 Et
3418 5593 3555 5639 sane

1987 5701 2006 5735 ι
2046 5683 2119 5738 Ea
2162 5696 2291 5737 vero
2316 5695 2439 5752 quae
2498 5696 2719 5735 sursum
2777 5687 2863 5734 est
2919 5676 3216 5733 Jerusalem
3250 5674 3417 5730 libera
3442 5685 3552 5738 est,

2919 5796 2965 5828 ⁸⁸
3016 5794 3204 5850 Matth.
3232 5809 3401 5860 xxvu,
3455 5791 3557 5851 9.0.
