4068 6536
539 389 646 468 πε

1215 385 1489 442 EUSEBII
1523 384 1724 461 CJESA
1734 383 2003 441 RIENSIS
2039 382 2107 440 Ol

2232 382 2429 438 PARS-
2453 380 2542 438 ιιι.
2583 413 2649 422 -
2681 378 3090 435 ΕΧΕΟΕΤΙΕᾹ.

3685 369 3797 437 τοι

535 507 797 581 quoniam
839 505 1014 562 oratio
1072 505 1192 574 ejus
1236 503 1512 562 diuturnis
1559 513 1747 574 postea
1773 502 2107 574 temporibus

2209 499 2574 556 Osismi-abte?)
2604 501 2804 554 αι’νεσιν
2824 498 2922 570 τὴν
2943 498 3080 570 ὑπὲρ
3109 514 3306 568 μοσχον
3325 498 3443 552 νέον
3467 499 3560 552 τόν
3579 499 3796 571 κέρατα

538 602 789 657 effectura
811 606 1106 654 consecuta
1160 602 1266 659 est,
1299 596 1488 652 beatos
1538 596 1867 666 przedicabat
1889 611 1984 651 eos
2015 594 2108 665 qui

539 692 730 747 talium
784 705 966 745 rerum
1027 689 1340 758 spectaculo
1373 687 1577 759 dignati
1624 696 2034 758 essentzquare
2054 687 2110 741 in

539 780 855 843 Evangeliis.
877 778 1160 848 discipulis
1192 778 1309 834 suis
1329 777 1534 832 dixisse
1556 777 1814 832 scribitur
1838 794 1853 831 :
1891 795 1908 827 ι
1931 774 2111 831 Vestri

536 882 723 930 autem
780 872 922 926 beati
948 871 1114 934 oculi,
1168 873 1297 940 quia
1346 871 1572 936 vident;
1610 877 1665 924 et
1694 884 1856 924 aures
1892 875 2108 934 vestrae,

539 966 668 1036 quia
701 965 931 1021 audiunt
985 966 1049 1016 ‘°.
1087 985 1114 1019 ι
1143 965 1269 1020 Haec
1324 966 1526 1036 quippe
1550 962 1728 1018 allinia
1789 962 1916 1016 huic
1965 963 2110 1018 dicto

534 1066 714 1126 erant,
760 1055 1038 1112 «Videant
1088 1073 1362 1128 pauperes
1392 1096 1408 1119 ,
1457 1065 1511 1112 et
1559 1055 1850 1110 laetentur:
1884 1056 2110 1126 quaerite

536 1149 816 1214 Deum,-et
851 1150 997 1206 vivet
1032 1151 1213 1205 anima
1251 1156 1524 1206 vestra..r-
1557 1147 1694 1203 Cum
1735 1163 1831 1218 pro
1859 1148 2111 1218 pauperi-

535 1244 640 1300 bus
683 1249 952 1314 rogasset,
1011 1242 1160 1313 ipsos
1218 1241 1437 1297 domum
1500 1241 1819 1312 alloquitur,
1869 1240 2111 1310 ipsisque

535 1341 1046 1402 vitamdenuntiat,
1104 1355 1214 1394 non
1273 1354 1585 1410 corporum,
1634 1338 1730 1394 sed
1754 1339 2104 1392 animarum:

535 1449 706 1504 quam
735 1433 804 1487 ab
838 1431 974 1502 ipsis
1004 1431 1172 1487 Deum
1200 1430 1964 1502 qurerentibus.reperiendam
1987 1445 2110 1485 esse

539 1523 848 1594 pollicetur,
900 1523 1032 1577 talia
1095 1522 1325 1577 fatuszr
1357 1521 1594 1588 Quaerite
1620 1521 1810 1585 Deum,
1860 1529 1915 1575 et
1967 1519 2110 1575 vivet

537 1615 720 1669 anima
753 1623 953 1670 vestra.
985 1634 1006 1669 ι
1042 1613 1187 1670 Fons
1217 1615 1418 1685 quippe
1468 1613 1592 1668 vita:
1616 1628 1784 1683 penes
1818 1611 1970 1666 illum
2001 1618 2105 1666 est.

536 1707 903 1773 Quamobrem
927 1707 1117 1763 iisdem
1159 1704 1779 1776 pauperibuspraacipit,
1817 1711 1897 1766 ut,
1928 1703 2108 1757 omnia

537 1809 949 1872 postponentes,
985 1801 1138 1855 illum
1194 1801 1297 1854 Iide
1336 1799 1586 1869 bonaque
1618 1813 1714 1868 spe
1768 1797 1961 1851 muniti
1987 1811 2110 1865 per-

2215 595 2514 667 ἐκφέροντα
2572 595 2665 649 καὶ
2714 593 2902 656 ὁπλάς.
2941 593 3049 645 Καὶ
3087 591 3150 662 δὴ
3199 592 3584 664 πληρουμένης
3621 594 3795 651 αὐτοῦ

2212 685 2312 755 τῆς
2338 685 2506 756 εὐχῆς
2543 685 2775 756 μακροῖς
2804 682 3029 752 ὕστερον
3061 681 3294 753 χρόνοις,
3329 683 3634 754 ἐμακάριζε
3663 685 3791 748 τοὺς

2213 774 2650 848 κατηξιωμένους
2693 776 2792 846 τῆς
2834 773 2944 827 τῶν
2991 774 3333 844 πραγμάτων
3386 774 3536 838 θέας·
3596 775 3678 829 διὸ
3735 778 3796 829 ὲν

2214 869 2562 939 Εὑαγγελίοις
2591 869 3007 940 ἀναγέγραπται
3049 871 3164 932 τοῖς
3195 867 3362 923 αὐτοῦ
3389 869 3658 940 μαθηταῖς
3707 871 3795 923 εῖ-

2212 962 2348 1016 πών·
2383 982 2400 1014 ι
2435 962 2615 1034 ’Υμῶν
2642 962 2703 1015 δὲ
2734 962 2989 1034 μακάριοι
3008 961 3057 1014 οἱ
3089 961 3473 1032 ὸφθαλμοὶ,ὃτι
3507 961 3794 1032 βλέπουσι,

2211 1054 2307 1107 καὶ
2333 1053 2401 1107 τὰ
2425 1047 2538 1106 ὦτα
2569 1052 2744 1123 ὑμῶν,
2775 1053 2856 1105 ὅτι
2886 1051 3197 1106 ἀκούουσαι
3255 1051 3443 1106 Ταῦτα
3489 1052 3608 1122 γὰρ.
3645 1053 3794 1124 σύμ-

2213 1164 2364 1216 φωνα
2392 1141 2460 1215 ἦν
2490 1143 2568 1215 τῷ
2592 1145 2836 1216 φήσαντι.
2859 1143 3020 1215 λόγῳ·
3075 1163 3094 1198 ι
3131 1145 3406 1199 Ἰδέτωσαν
3455 1146 3662 1216 πτωχοὶ
3693 1147 3788 1198 ιιιιιῖδ

2211 1236 2685 1308 εὐφρανθήτωσαν·
2719 1235 3054 1306 ὲκζητήσατε
3074 1235 3164 1289 τὸν
3194 1235 3348 1300 Θεὸν,
3376 1235 3470 1289 καὶ
3501 1234 3730 1305 ζήσεται
3754 1237 3788 1307 ή

2209 1319 2354 1398 ψυχῆ
2389 1326 2591 1396 ὑμῶν.»
2646 1325 2958 1396 Εὺξὰμενος
3005 1326 3145 1397 ὑπὲρ
3177 1325 3283 1378 τῶν
3347 1324 3602 1395 πτωχῶν,
3651 1324 3791 1396 πρὸς

2210 1419 2405 1481 αὐτοὺς
2425 1418 2608 1470 λοιπὸν
2634 1420 2864 1472 ποιεῖται
2906 1417 2997 1470 τὸν
3052 1417 3228 1486 λόγον,
3287 1417 3697 1486 εὐαγγελίζεταί
3726 1435 3791 1470 τε

2211 1512 2390 1574 αὐτοῖς
2423 1510 2564 1582 ζωὴν
2591 1509 2650 1564 οὐ
2681 1511 2971 1581 σωμάτων,
3025 1510 3159 1564 ἀλλὰ
3190 1510 3396 1582 ψυχῶν·
3457 1511 3553 1565 καὶ
3581 1510 3789 1582 ταύτην

2211 1607 2393 1668 αὐτοῖς
2425 1604 2815 1676 εὑρεθήσεσθαι
2851 1605 3189 1676 ὲκζητήσασι
3209 1605 3298 1658 τὸν
3331 1605 3464 1659 Θεὸν
3508 1604 3788 1675 ἐπαγ-γέλα

2187 1697 2376 1756 ,λεταν
2413 1697 2491 1751 διό
2519 1715 2670 1768 φησι·
2705 1717 2722 1750 ι
2747 1698 3114 1770 Ἐκξητήσατε
3142 1699 3233 1752 τὸν
3251 1698 3400 1764 Θεὸν,
3437 1698 3533 1753 καὶ
3559 1698 3788 1770 ζήσεται

2210 1791 2242 1860 ή
2448 1787 2621 1858 ὑμῶν.
2658 1807 2676 1840 ι
2730 1788 2887 1858 Πηγὴ
2944 1788 3053 1859 γὰρ
3097 1788 3240 1859 ζωῆς
3291 1791 3421 1861 παρ’
3455 1789 3635 1860 αὐτῷ.
3696 1791 3788 1844 Arb

536 1893 788 1964 quirant;
822 1893 896 1948 ita
928 1894 1074 1950 enim
1112 1909 1208 1950 eos
1239 1894 1350 1946 vita
1391 1893 1588 1946 anima:
1623 1891 1865 1946 victuros
1890 1890 2107 1960 pollice-

2214 1884 2390 1936 πάντα
2422 1883 2649 1954 δεύτερα
2672 1882 2930 1953 θεμένους
2984 1884 3109 1946 τοὺς
3159 1883 3480 1955 εἰρημένους
3513 1884 3785 1954 πτωχοὺς,

535 1986 764 2042 turzde
813 2000 920 2056 qua
971 1985 1085 2040 vita
1137 1985 1252 2040 haec
1313 1984 1607 2053 Apostolus
1664 1983 1891 2038 docuit:
1933 1980 2107 2034 «Nam

535 2077 650 2135 vita
705 2085 888 2134 vestra
941 2077 1262 2132 abscondita
1315 2084 1400 2130 est
1439 2090 1564 2130 cum
1617 2073 1840 2128 Christo
1887 2074 1941 2127 in
1976 2071 2105 2128 Deo.

533 2167 671 2223 Cum
695 2176 875 2223 autem
919 2167 1172 2223 Christus
1219 2166 1534 2236 apparuerit
1582 2165 1694 2218 vita
1744 2173 1942 2225 vestra,
1977 2172 2110 2217 tunc

532 2273 592 2317 et
643 2275 742 2315 vos
776 2275 902 2314 cum
935 2260 1028 2314 illo
1075 2257 1414 2329 apparebitis
1462 2257 1516 2310 in
1565 2255 1736 2327 gloria
1761 2254 1826 2308 ".
1869 2274 1886 2306 ι
1914 2254 2108 2309 Postea

534 2351 755 2407 subdit:
793 2370 812 2402 r
833 2350 1105 2417 Quoniam
1119 2350 1397 2405 exaudivit
1449 2363 1719 2419 pauperes
1741 2347 2025 2412 Dominus,
2055 2356 2109 2402 et

534 2443 746 2498 vinctos
769 2458 899 2498 suos
923 2459 1032 2496 non
1059 2442 1326 2513 despexit.
1368 2463 1386 2494 ι
1422 2441 1521 2496 llic
1561 2457 1779 2496 rursum
1799 2481 1814 2503 ,
1853 2439 2108 2494 «exaudi-

532 2535 633 2598 vit,
662 2555 680 2588 ι
718 2551 836 2606 pro,
876 2554 893 2585 ι
924 2535 1212 2599 exaudiet;
1254 2555 1272 2586 ι
1307 2543 1360 2590 et
1390 2576 1404 2602 ,
1443 2554 1465 2584 ι
1491 2549 1598 2588 non
1634 2534 1904 2603 despexit,
1933 2551 1950 2583 ›
1988 2547 2106 2603 pro,

539 2638 561 2673 ι
597 2635 706 2676 ιιοιι
729 2621 1016 2693 despiciet,
1046 2641 1063 2674 ι
1100 2622 1305 2676 dictum
1328 2631 1433 2678 est.
1463 2621 1733 2692 Cumjam
1761 2623 1910 2676 enim
1938 2621 2108 2675 dixis-

531 2722 636 2778 set,
673 2730 692 2764 ι
720 2712 956 2780 Quaerite
985 2712 1179 2779 Deum,
1227 2722 1280 2769 et
1321 2713 1467 2769 vivet
1518 2715 1699 2768 anima
1746 2722 1966 2777 vestra;
1998 2734 2017 2766 ›
2045 2713 2110 2766 fr-

531 2806 725 2860 denter
760 2806 856 2870 ait,
903 2807 1150 2876 qurerite,
1205 2807 1464 2877 quoniam
1519 2805 1774 2861 exaudiet
1819 2820 2103 2876 pauperes.

530 2895 716 2968 Neque
737 2898 880 2952 enim
910 2897 1364 2969 voluptariorum,
1391 2899 1752 2968 superborum
1779 2907 1832 2952 et
1853 2912 2108 2965 arrogan-

531 2990 669 3044 tium
719 2989 862 3045 Deus
889 2997 1008 3057 est;
1044 2990 1139 3046 sed
1186 2990 1472 3046 humilium
1505 2998 1559 3046 et
1593 3006 1911 3060 pauperum.
1961 2989 2108 3056 Qua.

531 3094 752 3154 propter
767 3084 968 3138 dicitur
1002 3103 1014 3138 :
1053 3102 1072 3136 ι
1105 3081 1165 3138 ln
1191 3098 1354 3154 quem
1387 3085 1696 3155 respiciam,
1737 3083 1844 3137 nisi
1873 3083 1926 3136 in
1950 3098 2107 3138 man-

531 3187 748 3242 suetum
782 3185 836 3232 et
879 3178 1137 3232 humilem
1191 3184 1246 3232 et
1278 3177 1520 3247 quietum
1551 3184 1606 3231 et
1643 3185 1962 3231 trementem
1991 3191 2107 3230 ser-

2209 1974 2456 2045 ὲκζητεῖν
2479 1977 2641 2030 αὐτὸν
2670 1977 2994 2048 προστάττει
3027 1977 3165 2048 μετὰ
3197 1977 3430 2040 πίστεως
3457 1977 3551 2031 καὶ
3574 1979 3789 2050 ἀγαθῆς

2209 2064 2438 2130 ἐλπίδος·
2502 2065 2762 2132 ζήσεσθαι
2815 2067 2922 2137 γὰρ
2957 2067 3150 2131 αὐτοὺς
3217 2067 3618 2136 ἐπαγγέλλεται
3643 2066 3790 2140 ζωὴν

2207 2157 2403 2228 ψυχῆς.
2468 2158 2593 2232 περὶ
2647 2156 2713 2231 ἧς
2759 2161 2851 2213 καὶ
2876 2162 2905 2213 ὁ
2951 2159 3267 2224 Ἀπόστολος
3299 2159 3548 2215 ἐδίδασκε
3572 2161 3785 2229 λέγων·

2215 2271 2232 2302 ι
2257 2251 2318 2303 Ἠ
2348 2251 2455 2332 γόιρ
2485 2250 2596 2321 ζωὴ
2619 2251 3108 2323 ὑμῶν-κέκρυπται
3142 2252 3237 2306 σὺν
3270 2251 3346 2322 τῷ
3379 2251 3598 2323 Χριστῷ
3630 2254 3690 2304 ὲν
3712 2252 3790 2323 τῷ

2207 2344 2347 2415 Θεῷ.
2392 2346 2556 2398 Ὅταν
2585 2347 2614 2398 ὁ
2653 2344 2883 2417 Χριστὸς
2941 2345 3283 2418 φανερωθῇή
3315 2344 3427 2417 ζωὴ
3462 2347 3636 2418 ὑμῶν,
3665 2348 3789 2401 τότε

2210 2439 2302 2492 καὶ
2335 2439 2490 2508 ὑμεῖς
2520 2439 2615 2491 σὺν
2638 2439 2796 2509 αὐτῷ.
2816 2439 3260 2512 φανερωθήσεσθε
3295 2442 3351 2493 ἐν
3404 2441 3550 2514 δόξῃ.
3593 2461 3611 2492 ι
3676 2439 3787 2494 Εἶτ’

2208 2530 2466 2598 ἐπιλέγει·
2515 2530 2670 2584 ("Ott
2716 2532 2998 2603 εἰσήκουσε
3040 2531 3147 2585 τῶν
3197 2535 3444 2605 πενήτων
3490 2537 3520 2587 ὁ
3559 2533 3784 2604 Κύριος,

2209 2622 2302 2675 καί
2333 2625 2457 2688 τοὺς
2478 2623 2883 2695 πεπεδημένους
2904 2623 3069 2677 αὑτοῦ
3095 2625 3193 2678 οὐκ
3219 2625 3595 2692 ἐξουδένωσε.»
3617 2627 3785 2680 Πάλιν

2207 2714 2263 2767 δὲ
2297 2714 2572 2768 κάνταῦθα
2599 2715 2680 2777 τὸ,
2719 2735 2736 2766 ι
2767 2717 3138 2785 εἰσήκουσεν,ι
3177 2716 3297 2770 ἀντὶ
3343 2717 3460 2779 τοῦ,
3491 2737 3508 2768 ι
3539 2717 3787 2770 εἰσακού-

2209 2823 2380 2867 σεται,
2403 2825 2420 2856 ι
2438 2806 2668 2878 εἴρηται,
2689 2807 2781 2860 καὶ¹
2807 2807 2886 2871 τὸ,
2924 2827 2942 2858 ι
2975 2807 3074 2861 οὐκ
3093 2807 3465 2874 ἐξουδένωσεν,
3493 2829 3509 2860 ι
3533 2811 3652 2863 ἀντὶ
3668 2809 3784 2872 τοῦ,

2214 2917 2235 2947 ι
2261 2899 2359 2951 οὐκ
2386 2897 2784 2963 έξουδενὼσει.»
2821 2897 3104 2971 Προειπὼν
3135 2899 3264 2972 γὰρ,
3309 2921 3327 2952 ι
3355 2903 3632 2972 Ζητήσατε
3694 2900 3785 2955 τὸν

2206 2989 2363 3052 Θεὸν,
2391 2991 2483 3042 καὶ
2516 2988 2741 3061 ζήσεται
2767 2991 2800 3060 ἠ
2824 2988 2970 3060 ψυχὴ
2999 2989 3206 3060 ὑμῶν,›
3253 2990 3599 3064 θαρσοῦντως
3628 2996 3782 3065 φησι,

2207 3084 2512 3154 Ζητήσατε,
2536 3083 2618 3136 ὅτι
2670 3083 3045 3138 εἰσακούσεται
3101 3085 3210 3138 τῶν
3236 3088 3505 3158 πενήτων.
3547 3088 3621 3140 Οὐ
3677 3087 3784 3161 γὰρ

2205 3171 2534 3245 τρυφώντων
2562 3174 2707 3227 ἐστὶν
2734 3175 2762 3226 ὁ
2793 3175 2946 3239 Θεὸς,
2975 3174 3099 3228 οὐδὲ
3117 3177 3440 3248 ἐπηρμένων
3463 3179 3557 3232 καὶ
3589 3179 3785 3244 ἀλαζο-

531 3285 722 3324 nones
764 3285 911 3325 meos
947 3269 1027 3323 "?
1064 3288 1082 3320 ι
1118 3267 1346 3324 Fiducia
1388 3270 1554 3340 igitur
1597 3269 1852 3323 instructi
1885 3269 2107 3336 quaerite

2211 3264 2532 3334 νευομένων,
2558 3266 2692 3320 ἀλλὰ
2742 3267 3015 3322 ταπεινῶν
3068 3269 3160 3321 καὶ
3213 3270 3479 3341 πενήτων.
3515 3270 3606 3323 Διὸ
3638 3273 3789 3344 εἴρη-

533 3359 727 3421 lleum,
756 3361 910 3430 gnari
939 3359 1224 3415 Dominum
1258 3377 1357 3416 vos
1396 3375 1667 3432 pauperes
1697 3360 2102 3425 exauditurum,

530 3461 587 3507 et
621 3454 830 3508 vinctos
851 3469 982 3509 suos
1015 3470 1121 3508 non
1161 3455 1546 3523 despecturum
1570 3467 1730 3520 esse;
1764 3453 1878 3508 sive
1909 3467 2107 3508 secun-

530 3543 661 3597 dum
722 3542 1149 3612 Symmachum:
1182 3564 1199 3595 ι
1234 3544 1299 3598 Ει
1337 3545 1551 3598 vinctos
1611 3558 1744 3598 suos
1799 3559 1906 3599 non
1954 3545 2108 3615 parvi

534 3633 712 3691 faciet.
730 3653 746 3685 ι
777 3633 896 3701 Quo
919 3643 1078 3706 pacto
1105 3645 1283 3691 autem
1301 3636 1352 3690 hi
1383 3649 1670 3705 pauperes,
1689 3635 1854 3689 vincti
1881 3645 1935 3691 et
1955 3652 2103 3692 com-

532 3726 697 3795 pediti
734 3726 1232 3799 fuerintintelliges,
1257 3730 1302 3783 si
1326 3729 1552 3783 Paulum
1583 3729 1774 3786 audias
1804 3729 2105 3788 dicentem:

537 3841 556 3869 ι
579 3815 782 3872 Paulus
811 3819 1027 3873 vinctus
1055 3817 1183 3874 Jesu
1233 3819 1440 3875 Christi
1465 3819 1510 3850 ”
1536 3838 1548 3874 :
1576 3839 1594 3872 ι
1625 3835 1688 3874 ac
1722 3821 1980 3876 similiter
2031 3838 2110 3886 re,-

531 3911 667 3980 liqui
730 3911 984 3982 discipuli
1039 3929 1138 3981 pro
1175 3913 1378 3970 Christi
1417 3913 1616 3968 vinctis
1665 3913 1919 3969 habendi.
1968 3913 2109 3980 Quin

527 4004 693 4058 etiam
731 4005 766 4058 ii
798 4006 891 4074 qui
924 4005 979 4059 in
1012 4007 1361 4061 tabernaculo
1392 4006 1680 4078 (corporis)
1711 4008 1869 4076 quasi
1901 4008 1954 4062 in
1990 4009 2108 4062 vin-

527 4094 671 4148 culis
723 4101 870 4159 sunt,
919 4095 1106 4163 lugent
1154 4097 1526 4165 supplicantes
1558 4112 1587 4150 a
1623 4098 1856 4154 vinculis
1917 4099 2051 4168 eripi
2089 4114 2106 4162 ι

528 4197 702 4252 quare
731 4182 921 4236 dicunt
948 4201 960 4236 :
1001 4201 1019 4234 ‹
1054 4182 1244 4236 Infelix
1261 4199 1360 4253 ego
1385 4184 1568 4248 homo,
1592 4183 1717 4254 quis
1743 4200 1827 4240 me
1857 4184 2110 4239 liberabit

527 4289 596 4329 ex
634 4288 862 4342 corpore
917 4273 1108 4329 mortis
1144 4275 1307 4343 hujus
1338 4275 1416 4328 “?
1454 4294 1472 4326 ι
1509 4274 1611 4340 Qui
1657 4291 1787 4347 ergo
1837 4276 2112 4345 corrupti-

529 4365 623 4421 bili
646 4380 875 4434 corpore
903 4367 1088 4421 onusti
1120 4375 1269 4433 sunt,
1304 4373 1358 4421 et
1389 4370 1798 4439 corruptionem
1855 4382 2111 4422 aversan-

529 4465 641 4520 tur,
691 4465 970 4529 gementes
1019 4457 1073 4512 in
1123 4459 1225 4512 hac
1257 4460 1600 4529 corruptibili
1648 4462 1777 4524 vita,
1817 4461 1982 4515 vincti
2016 4459 2107 4515 Dei

527 4556 679 4612 sunt,
714 4557 768 4605 et
797 4551 1090 4621 compediti
1113 4551 1255 4620 ejus,
1284 4562 1517 4622 quorum
1559 4553 1974 4623 deprecationes
1997 4566 2106 4605 non

528 4643 787 4712 despiciet
811 4659 986 4714 neque
1010 4643 1372 4699 aversabitur.
1423 4645 1526 4711 Qui
1555 4662 1684 4700 vero
1728 4643 1943 4699 vincula
2004 4658 2104 4698 sua

529 4735 890 4807 irnpinguant,
917 4745 972 4793 et
1005 4737 1174 4792 nimia
1206 4739 1482 4808 voluptate
1546 4738 1750 4803 fovent,
1785 4739 1952 4794 vincti
1977 4755 2104 4794 cor-

528 4829 796 4899 ruptionis
823 4837 878 4884 et
912 4834 1103 4885 mortis
1129 4830 1251 4898 jure
1275 4832 1546 4887 dicantur.

2207 3374 2314 3411 ται·
2363 3378 2381 3407 ι
2424 3358 2546 3410 Ἐπὶ
2569 3359 2690 3413 τίνα
2712 3359 2985 3430 ὲπιόλέψω
3024 3361 3057 3432 ἢ
3092 3361 3184 3413 ἐπὶ
3215 3361 3307 3414 τὸν
3340 3364 3512 3434 πρᾶον
3549 3363 3642 3416 καὶ
3689 3381 3786 3417 τα-

2209 3451 2413 3515 πεινὸν,
2449 3451 2543 3504 καὶ
2581 3450 2799 3523 ἡσύχιον
2825 3453 2920 3507 καὶ
2947 3453 3218 3525 τρέμοντά
3244 3471 3342 3525 μου
3369 3456 3493 3519 τοὺς
3520 3454 3781 3525 λόγουςςο

2208 3543 2545 3615 Θαρσοῦντες
2577 3541 2670 3598 οὖν
2691 3543 2961 3617 ἐζητήσατε
2993 3547 3085 3599 τὸν
3135 3547 3284 3613 Θεὸν,
3313 3547 3536 3612 εἰδότες.
3564 3550 3648 3603 ὅτι
3676 3553 3787 3604 εισ-

2210 3635 2500 3691 ακούσεται
2551 3637 2702 3708 ὑμῶν
2751 3637 2858 3692 τῶν
2913 3639 3158 3709 πενήτων
3202 3639 3422 3713 Κύριος,
3511 3644 3607 3696 καὶ
3659 3647 3786 3708 τοὺς

2207 3727 2615 3798 πεπεδημένους
2665 3729 2828 3783 αὐτοῦ
2873 3731 2972 3785 οὐκ
3004 3729 3368 3795 ὲξουδενώσει·
3416 3734 3449 3805 ἦ
3497 3735 3643 3789 κατὰ
3696 3737 3787 3790 τὸν

2210 3819 2524 3890 Σύμμαχον,
2577 3839 2594 3872 ι
2643 3821 2754 3876 Καὶ
2812 3824 2937 3887 τοὺς
2980 3823 3260 3893 δεσμώτας
3296 3827 3421 3889 τοὺς
3466 3827 3661 3882 ἑαυτοῦ
3689 3830 3788 3883 οὒκ

2209 3911 2550 3977 ὲξευτελίσει.
2585 3934 2603 3966 ι
2666 3915 2899 3987 Νοήσεις
2948 3915 3005 3970 δὲ
3063 3916 3209 3980 ὅπως
3271 3917 3322 3970 οἱ
3377 3920 3584 3989 πτωχοὶ⁵
3643 3916 3788 3975 οὗτοι

2209 4005 2482 4076 δεσμῶται
2507 4008 2601 4058 καὶ
2629 4007 2988 4078 πεπεδημένοι
3009 4007 3294 4076 γεγόνασιν
3324 4011 3534 4064 ἀκούων
3572 4013 3786 4067 Παῦλον

2210 4093 2477 4163 λέγοντος·
2539 4115 2556 4146 ι
2612 4095 2821 4159 Παῦλος
2858 4096 3081 4167 δέσμιος
3144 4097 3318 4168 Ἰησοῦ
3374 4101 3631 4172 Χριστοῦ*
3676 4123 3694 4152 ι

2210 4187 2607 4258 παραπλησίως
2651 4188 2744 4241 καὶ
2807 4190 2857 4242 οἱ
2913 4189 3092 4244 λοιποὶ
3127 4192 3366 4264 μαθηταὶ
3395 4193 3603 4263 δέσμιοι
3645 4190 3787 4266 ἦσαν

2207 4279 2462 4349 Χριστοῦ.
2513 4279 2672 4332 Ἀλλὰ
2723 4280 2816 4333 καὶ
2850 4283 2898 4334 οἱ
2946 4281 3097 4348 ὄντες
3145 4286 3202 4338 έν
3251 4285 3328 4356 τῷ
3385 4289 3569 4356 σκήνει
3597 4286 3787 4359 ὥσπερ

2209 4371 2269 4423 ὲν
2302 4371 2516 4441 δεσμοῖς
2555 4371 2705 4435 ὄντες
2742 4371 2982 4427 στένουσι
3021 4375 3241 4448 λυθῆναι
3287 4377 3396 4431 τῶν
3433 4377 3647 4449 δεσμῶν
3680 4382 3790 4432 εκε..

2209 4463 2469 4527 τεύοντεςο
2503 4465 2581 4518 διό
2610 4481 2758 4534 φασι·
2796 4483 2814 4516 ι
2845 4467 3200 4540 Ταλαίπωρος
3248 4470 3358 4539 ἐγὼ
3378 4471 3682 4541 ἄνθρωπος,
3703 4473 3787 4537 τίς

2215 4574 2282 4629 με
2312 4557 2531 4628 ῥύσεται
2571 4561 2636 4613 ἐκ
2665 4560 2915 4634 σώματος
2969 4561 3062 4616 τοῦ
3099 4562 3327 4616 θανάτου
3387 4563 3576 4617 τούτου
3605 4581 3619 4628 ;
3644 4584 3664 4616 ι
3723 4566 3787 4620 Οἱ

2214 4648 2314 4721 μὲν
2345 4644 2442 4703 οὖν
2473 4651 2534 4704 τὸ
2564 4650 2798 4724 φθαρτὸν
2829 4651 2986 4723 σῶμα
3033 4652 3379 4724 βαρούμενοι,
3420 4656 3511 4708 καὶ
3530 4656 3634 4728 τὴν
3659 4657 3787 4726 φθο-

2213 4739 2312 4812 ρὰν
2345 4741 2832 4813 ἀποστρεφόμενοι,
2859 4745 3133 4808 στένοντές
3190 4762 3248 4798 τε
3284 4744 3377 4798 ἐπὶ
3434 4746 3512 4816 τῷ
3560 4747 3786 4818 φθαρτῷ

2214 4830 2332 4902 βίῳ,
2362 4831 2636 4902 δεσμῶται
2669 4833 2760 4887 τοῦ
2801 4835 2934 4889 Θεοῦ
2969 4838 3314 4908 τυγχάνουσι,
3349 4838 3444 4891 καὶ
3479 4837 3786 4909 πεπεδημέ-

527 4941 607 4977 νοι
638 4924 826 4987 αὑτοῦ,
855 4918 930 4978 ὧν
954 4926 1053 4990 τὰς
1075 4927 1241 4997 εὐχὰς
1273 4929 1371 4981 οὑκ
1403 4927 1770 4993 ὲξουδενώσει,
1811 4929 1933 4982 οὐδὲ
1965 4928 2489 4999 ἀποστραφήσεται.·
2509 4929 2572 4981 Οἱ
2596 4928 2654 4981 δὲ
2685 4931 2810 4994 τοὺς
2833 4931 3037 4984 ἑαυτῶν
3064 4931 3295 5003 δεσμοὺς
3323 4932 3647 4998 πιαίνοντες,
3693 4935 3786 4986 καὶ

524 5015 616 5070 διὰ
652 5016 850 5088 πολλῆς
883 5020 1094 5090 τρυφῆς
1119 5021 1492 5093 περιέποντες,
1527 5023 1804 5095 δεσμῶται
1839 5023 2046 5096 φθορᾶς
2083 5025 2176 5077 καὶ
2199 5022 2426 5077 θανάτου
2454 5021 2695 5092 λεχθεῖεν
2725 5024 2796 5078 ἂν
2827 5027 3074 5090 εἰκότως.

601 5135 762 5193 Vens.
788 5138 876 5193 '55.
907 5161 923 5190 ι
963 5139 1209 5198 Laudent
1249 5143 1399 5198 illum
1443 5146 1567 5200 coeli
1597 5154 1650 5200 et
1681 5154 1846 5212 terra,
1882 5159 2029 5200 mare
2050 5155 2104 5200 et

526 5227 706 5280 omnia
738 5228 1139 5297 reptiliaiueo.
1170 5251 1188 5284 ›
1237 5233 1504 5300 Quoniam
1561 5252 1784 5307 regnum
1840 5238 2100 5293 cmlorum

526 5317 855 5393 pauperibus
887 5321 1162 5389 pollicitus
1205 5331 1290 5378 est
1348 5325 1433 5380 his
1481 5326 1699 5382 verbis:
1747 5348 1763 5380 ι
1798 5327 1945 5382 Beati
1975 5344 2103 5398 pau-

527 5423 684 5480 peres
707 5410 922 5480 spiritu,
956 5413 1214 5483 quoniam
1259 5414 1500 5485 ipsorum
1553 5427 1636 5472 est
1685 5433 1912 5491 regnum
1935 5420 2102 5476 coelo-

526 5517 646 5557 rum
707 5503 784 5571 “;
820 5522 838 5556 ι
903 5506 1193 5560 admodum
1255 5520 1655 5579 consequenter
1698 5521 1983 5584 postquam
2034 5513 2101 5568 de

525 5597 856 5666 pauperibus
917 5597 1129 5654 locutus
1150 5609 1234 5655 est
1264 5643 1277 5668 ,
1339 5601 1546 5657 infert:
1589 5621 1606 5654 ι
1632 5602 1878 5661 Laudent
1947 5605 2099 5660 illum

597 5749 863 5822 'fAMatth.
925 5771 1044 5822 xui,
1107 5756 1190 5814 l6.

530 5758 863 5851 “ﬁeri..th
915 5771 1044 5851 ἐιιι,
1107 5758 1190 5814 l6.
1305 5760 1343 5792 ⁶¹
1381 5758 1593 5817 Coloss.
1658 5777 1738 5829 ιιι,
1787 5761 1840 5829 ὅ»
1899 5761 1954 5819 ‘-

524 5819 576 5902 y"
614 5819 803 5878 Matth.
834 5840 886 5891 v,
915 5825 966 5880 5.

2063 5764 2107 5796 "
2160 5761 2266 5824 lsa.
2325 5779 2471 5828 mi,
2530 5763 2581 5819 2.

2289 5163 2306 5196 ι
2352 5143 2734 5198 Λῑνεσὰτωσαν
2766 5145 2925 5199 αὐτὸν
2952 5148 3166 5218 οὑριινοὶ⁵
3189 5151 3283 5202 καὶ
3307 5148 3400 5219 γῆ,
3422 5147 3668 5205 θάλασσα
3694 5150 3786 5203 καὶ

2210 5233 2388 5287 πάντα
2416 5232 2486 5286 τὰ
2509 5234 2742 5305 ἓρποντα
2790 5239 2846 5289 ὲν
2899 5238 3090 5309 αὐτῇ.»
3147 5239 3363 5312 Ἐπειδὴ
3393 5244 3502 5305 τοῖς
3550 5247 3785 5313 πτωχοῖς

2208 5324 2574 5395 ἐπηγγείλατο
2598 5327 2874 5396 βασιλείαν
2931 5329 3176 5402 οὐρανῶν
3219 5330 3409 5394 εἰπὼν,
3443 5350 3462 5383 ι
3509 5334 3784 5405 Μακάριοι

2208 5422 2255 5472 οἱ
2280 5422 2483 5490 πτωχοὶ
2515 5420 2594 5489 τῷ
2622 5421 2911 5492 πνεύματι,
2951 5425 3030 5477 ὅτι
3071 5424 3248 5479 αὐτῶν
3286 5427 3430 5479 ἔστιν
3471 5427 3504 5498 ἡ
3537 5425 3784 5496 βασιλεία

2209 5513 2314 5566 τῶν
2336 5513 2598 5584 οὐρανῶνο
2616 5533 2632 5564 ι
2671 5515 2872 5587 σφόδρα
2895 5516 3199 5581 ἀκολούθως
3232 5517 3369 5588 μετὰ
3399 5518 3488 5573 τὸν
3520 5520 3646 5592 περὶ
3676 5517 3783 5572 τῶν

2208 5608 2455 5680 πενήτων
2479 5607 2634 5677 λόγον
2662 5608 2930 5680 ἐπιφέρει·
2968 5628 2985 5658 ι
3026 5611 3402 5665 Αἰνεσάτωσαν
3432 5610 3592 5663 αὑτὸν
3619 5611 3780 5683 οὐρα-

2697 5767 2738 5797 ⁶³
2788 5764 3014 5823 Philem.
3059 5783 3095 5832 ι,
3137 5767 3182 5825 l.
3297 5768 3339 5800 “
3369 5765 3522 5822 Rom.
3555 5780 3652 5830 vn,
3685 5765 3772 5820 24.
