4068 6530
274 381 381 440 765

1393 384 1890 442 COMMENTARIA
1915 383 1984 439 ΙΝ
2022 373 2368 440 Ρειιιιοει

3429 381 3532 452 τθσ

273 495 409 551 vol.)
463 494 677 565 Ἐπειδὴ
715 493 854 548 κατά
893 494 1069 548 πᾶσαν
1099 495 1200 566 τὴν
1235 497 1557 569 οἰκουμένην
1587 499 1730 552 κατά
1784 516 1840 551 τε

1957 498 2091 553 ιαιΙί.
2127 516 2145 550 ι
2177 486 2314 563 Quia
2366 511 2496 552 vero
2541 495 2784 551 futurum
2819 501 2959 560 erat,
2987 501 3045 548 ut
3078 509 3174 564 per
3220 501 3520 549 totum‘or-

271 591 380 658 γῆν
406 590 500 642 καὶ
532 587 807 641 θάλασσαν
833 588 1061 659 ἤμελλον
1103 588 1420 660 Ἐκκλησίαι
1441 589 1517 660 τῷ
1557 590 1677 660 Θεῷ
1703 592 1852 644 συνί-

274 680 506 736 στασθαι
535 681 599 732 ἐκ
627 679 733 732 τῶν
784 679 1227 750 προλελεγμένων
1256 680 1508 750 πτωχῶν,
1549 682 1854 745 ἀκολούθως

273 771 660 841 ἐπισυνῆπται,
705 789 722 819 ι
760 770 854 822 καὶ
877 771 948 840 γῆ
1007 771 1099 822 καὶ
1141 769 1384 824 θάλασσα
1427 771 1522 824 καὶ
1568 771 1745 826 πάντα
1785 772 1854 825 τὰ

272 863 511 933 ἐρποντα
548 863 604 914 ἐν
637 861 870 924 αὐτοῖς.»
903 862 1176 932 Ἔρποντα
1209 861 1265 914 δὲ
1313 861 1408 914 ἐπ)⁴
1446 862 1551 931 γῆς
1605 863 1698 917 καὶ
1748 863 1848 915 θα-

272 950 480 1020 λάσσης
506 949 737 1004 ἐνταῦθα
761 949 1090 1020 κελευόμενα
1118 951 1213 1003 σὺν
1242 949 1453 1021 οὐρανῷ
1469 951 1562 1003 καὶ
1586 953 1656 1022 γῇ
1687 952 1855 1004 αἰνεῖν

272 1041 344 1096 τὰ
374 1024 504 1112 ἔθνη
519 1041 773 1112 τυγχάνει
800 1042 868 1095 τὰ
890 1045 946 1095 ὲν
967 1040 1044 1110 τῷ
1079 1040 1255 1112 θνητῷ
1287 1041 1386 1112 βίῳ
1416 1040 1524 1093 τῶν
1553 1041 1855 1114 ἀνθρώπων

274 1132 522 1204 ἑρπετῶν
535 1131 690 1202 δίκην
717 1132 778 1185 τὸ
793 1131 1019 1184 παλαιὸν
1035 1132 1128 1185 ἐπὶ
1149 1131 1224 1202 τῷ
1254 1132 1437 1201 στήθει
1465 1133 1558 1185 καὶ
1580 1135 1646 1205 τῇ
1679 1132 1856 1202 κοιλίᾳ

275 1225 635 1294 πορευόμενα.
665 1223 774 1275 Kal
796 1222 951 1288 παρὰ
989 1221 1067 1291 τῷ
1110 1221 1310 1292 Ἠσαίᾳ
1341 1219 1504 1291 θηρία
1535 1222 1628 1274 καὶ
1653 1219 1856 1293 ἑρπετὰ

271 1312 620 1384 ἀλληγορικῷ
650 1311 840 1384 τρόπῳ
862 1311 930 1365 τά
979 1311 1105 1384 ἔθνη
1145 1311 1429 1384 κέκληται,
1469 1314 1528 1365 ἐν
1576 1306 1658 1376 οἷς
1706 1313 1857 1383 είρη-

271 1422 387 1459 ται·
426 1425 443 1453 ι
472 1405 581 1458 Kal
624 1403 1063 1475 ωμεοσκήσεται
1115 1403 1278 1468 λύκος
1347 1403 1488 1475 μετά
1537 1404 1723 1474 ἀρνὸς,
1762 1404 1857 1456 καὶ

275 1495 539 1567 πάρδαλις
561 1494 1032 1548 συναναπαύσεται
1086 1494 1276 1565 ἐρίφῳ,
1318 1494 1413 1546 καὶ
1433 1493 1568 1546 λέων
1595 1493 1669 1557 ὡς
1732 1491 1856 1564 βοῦς

273 1588 509 1657 φάγεται
555 1588 752 1657 ἀχυρα.
818 1587 925 1639 Kal
969 1585 1177 1639 παιδίον
1225 1586 1418 1656 νήπιον
1468 1585 1561 1638 ἐπὶ
1609 1583 1856 1658 τρώγλην

273 1681 520 1733 ἀσπίδων
556 1680 766 1737 καϊὲπὶ
799 1678 983 1747 κοίτην
1009 1677 1248 1747 ἐγγόνων
1290 1675 1530 1731 ἀσπίδων
1580 1676 1677 1748 τὴν
1703 1679 1858 1748 χεῖρα

273 1770 546 1832 ἐπιϐαλεῖ,
574 1771 668 1822 καὶ
689 1771 749 1822 οὐ
794 1770 867 1841 μὴ
898 1769 1300 1840 ἀδικήσουσιν»
1327 1768 1361 1824 ἃ
1383 1768 1476 1822 καὶ
1491 1767 1863 1842 διερμηνεύων

1956 590 2086 644 hem
2111 590 2165 644 in
2199 600 2345 644 terra
2375 595 2429 641 et
2463 587 2520 642 in
2557 587 2692 641 mari
2725 586 2986 643 Ecclesia:
3032 587 3141 642 Deo
3165 603 3230 642 ex
3265 603 3533 642 memora-

1956 681 2027 735 tis
2061 680 2393 750 pauperibus
2422 679 2910 742 constituerentur,
2949 677 3246 734 secundum
3289 677 3401 731 lucc
3436 679 3522 731 adv

1955 773 2102 827 ditur
2135 791 2148 826 :
2185 791 2204 822 ι
2242 783 2295 826 et
2322 779 2468 826 terra
2500 779 2554 826 et
2584 787 2734 827 mare
2772 781 2825 827 et
2847 771 3035 824 omnia
3058 770 3266 839 reptilia
3298 771 3351 822 in
3383 769 3484 823 eis.
3509 787 3527 820 ι

1956 864 2094 930 Quaa-
2121 865 2334 934 reptilia
2368 864 2420 917 in
2449 871 2594 918 terra
2617 870 2670 918 et
2702 865 2757 918 in
2803 863 2940 917 mari
2993 879 3108 916 una
3137 877 3260 916 cum
3299 871 3445 914 terra
3481 871 3535 913 et

1955 956 2096 1010 emlu
2136 956 2360 1010 laudare
2406 955 2697 1025 jubentur.
2739 963 2930 1026 gentes
2950 964 3100 1017 sunt,
3146 970 3266 1024 quze
3295 955 3424 1007 olim
3479 954 3534 1007 in

1957 1047 2172 1101 mortali
2199 1046 2479 1101 hominum
2515 1032 2625 1100 vita
2643 1047 2916 1118 reptilium
2950 1046 3124 1100 instar
3148 1059 3309 1116 supra
3341 1051 3536 1116 pectus

1957 1148 2010 1193 et
2062 1148 2300 1194 venirem
2333 1139 2740 1209 gradiebantur.
2797 1138 2854 1193 l‘n
2889 1140 3030 1194 Isaia
3077 1154 3295 1208 quoque
3331 1137 3456 1193 fera:
3478 1145 3533 1192 et

1956 1231 2168 1300 reptilia
2219 1232 2514 1301 allegorico
2547 1246 2697 1286 more
2727 1240 2918 1302 gentes
2953 1239 3234 1295 vocantur,
3289 1245 3414 1285 cum
3446 1231 3528 1290 di-

1958 1326 2101 1378 citur
2133 1343 2145 1379 :
2186 1344 2204 1376 ι
2237 1323 2312 1378 Ει
2341 1332 2531 1394 pascet
2553 1325 2714 1394 lupus
2751 1340 2874 1380 cum
2903 1339 3064 1395 agno.
3093 1331 3146 1378 et
3167 1323 3370 1394 pardus
3402 1339 3528 1378 cum

1959 1415 2112 1470 haedo
2140 1415 2450 1478 accubabit,
2493 1423 2546 1469 et
2582 1415 2668 1469 leo
2704 1417 2862 1485 quasi
2904 1415 3004 1471 hos
3049 1415 3296 1470 comedet
3320 1415 3532 1485 paleas.

1959 1505 2023 1558 Et
2056 1521 2188 1576 puer
2216 1503 2399 1561 infans
2433 1507 2485 1560 in
2518 1506 2725 1560 foveam
2786 1507 3056 1577 aspidum,
3089 1516 3143 1562 et
3173 1509 3225 1561 in
3262 1508 3439 1562 cubile
3465 1509 3530 1564 ll-

1959 1597 2156 1651 liorum
2221 1596 2469 1663 aspidum
2528 1612 2748 1652 manum
2803 1598 3043 1667 i-ujiciet;
3076 1607 3130 1653 et
3173 1600 3306 1653 nihil
3334 1598 3530 1654 laedent

1958 1706 2080 1742 eum
2115 1690 2180 1743 “.
2220 1707 2238 1740 ›
2279 1689 2410 1755 Quae
2449 1690 2552 1744 sub
2585 1690 2698 1745 inec
2736 1692 3018 1761 explicans
3047 1691 3247 1748 infert‘:
3281 1711 3299 1744 ι
3329 1691 3394 1745 Ει
3425 1691 3530 1748 erit

1960 1781 2112 1833 radix
2141 1779 2329 1842 Jessae,
2360 1790 2413 1834 et
2444 1781 2537 1850 qui
2556 1781 2732 1851 surgit
2765 1783 2829 1836 ad
2849 1784 3223 1852 imperandum
3253 1785 3528 1854 gentibus,

273 1861 404 1929 ἐξῆς
432 1864 460 1915 ὁ
482 1862 634 1926 λόγος
673 1861 939 1933 ἐπιφέρει·
979 1880 996 1912 ι
1025 1861 1134 1914 Kal
1162 1860 1313 1928 ἔσται
1369 1861 1404 1932 ὴ
1441 1859 1564 1931 ῥίζα
1595 1858 1688 1913 τοῦ
1723 1858 1853 1912 Ἰεσ-

1961 1865 2013 1917 in
2043 1879 2165 1917 eum
2201 1872 2389 1935 gentes
2428 1845 2805 1935 sperabunt“.
2840 1887 2858 1919 ι
2898 1845 3068 1922 Tanta
3091 1845 3527 1940 igitur-gentium

275 1951 369 2004 cal
395 1951 489 2004 καὶ
524 1953 552 2004 ὁ
583 1951 937 2020 ἀνιστάμενος
973 1949 1162 2022 ἄρχειν
1208 1948 1399 2017 ἐθνῶν,
1451 1949 1511 2002 ἐν
1550 1947 1698 2019 αύτῷ
1727 1947 1852 2020 ἔθνη

270 2041 574 2095 ἑλπιοῦσι.»
603 2040 715 2110 Τῆς
737 2038 828 2094 οῦν
861 2039 1159 2110 μεταϐολῆς
1196 2038 1402 2110 ταύτης
1437 2037 1546 2090 τῶν
1577 2037 1746 2091 ἐθνῶν
1765 2039 1857 2092 ἐπὶ

270 2133 339 2204 τῇ
373 2130 470 2184 τοῦ
514 2130 750 2202 Χριστοῦ
782 2129 1056 2202 παρουσίᾳ
1097 2129 1444 2200 γιγνομένης,
1492 2128 1717 2192 εἰκότως
1759 2129 1854 2182 σὺν

269 2222 488 2297 οὐρανῷ
551 2223 645 2276 καὶ
691 2226 801 2285 τοῖς
840 2225 960 2276 κατ’
997 2223 1224 2294 ούρανὸν
1273 2221 1522 2290 ἀγγέλοις
1559 2220 1625 2273 τὰ
1665 2220 1854 2273 ἀποδορ

269 2316 433 2370 θέντα
484 2315 688 2388 ἑρπετά
742 2318 908 2368 αἰνεῖν
961 2316 1354 2385 προστάττεται
1408 2314 1496 2365 τὸν
1561 2315 1713 2367 Θεόν.
1766 2313 1856 2364 Διὸ

268 2407 540 2461 λέλεκται·
577 2433 594 2458 ι
622 2407 999 2462 Αίνεσάτωσαν
1048 2406 1208 2459 αὑτὸν
1252 2405 1468 2477 οὐρανοὶ
1498 2405 1587 2458 καὶ
1628 2405 1721 2474 γῆ,
1763 2403 1856 2456 θά-

268 2498 450 2552 λασσα
484 2499 573 2551 καὶ
623 2499 800 2550 πάντα
839 2495 908 2548 τὰ
962 2496 1202 2567 ἐρποντα
1233 2497 1292 2547 ἐν
1341 2495 1581 2556 αὐτοῖς.»
1627 2494 1749 2557 Πῶς
1798 2493 1854 2546 δὲ

268 2590 497 2644 δύναται
529 2589 620 2644 τὸν
648 2588 780 2641 Θεὸν
821 2590 988 2641 αἰνεῖν
1018 2586 1086 2640 τὰ
1128 2587 1350 2658 ἑρπετὰ,
1391 2589 1437 2640 εἰ
1481 2586 1556 2658 μὴ
1600 2585 1856 2656 μετάσχοι

270 2684 588 2754 φρονήσεως
618 2683 711 2748 καὶ
767 2679 901 2733 Θεοῦ
959 2679 1246 2748 γνώσεως
1299 2679 1506 2733 υύκοῦν
1559 2679 1710 2732 θύσει
1756 2678 1854 2751 τὴν

269 2777 467 2832 θυσίαν
496 2777 593 2846 τῆς
629 2774 886 2838 αἰνέσεως
925 2773 1020 2827 καὶ
1046 2771 1115 2825 τά
1141 2773 1349 2844 ἐρπετά
1373 2789 1387 2837 ;
1419 2774 1538 2826 ’Ότι
1561 2773 1616 2826 δέ
1643 2771 1852 2842 ἀνθρώ-

269 2885 412 2931 πους
441 2868 527 2921 διὰ
561 2867 766 2921 τούτων
798 2867 1111 2929 αἰνίττεται,
1136 2865 1375 2920 διδάσκει
1405 2865 1465 2918 τὸ
1497 2865 1845 2933 Εύαγγέλιον,

1959 1956 2259 2010 mutatione
2291 1956 2342 2008 in
2377 1957 2608 2010 adventu
2642 1958 2848 2012 Christi
2868 1959 3218 2028 ell‘ecta,jure
3242 1977 3365 2015 cum
3389 1960 3530 2017 cmlo

1957 2057 2010 2100 et
2033 2047 2100 2101 iis
2121 2047 2218 2116 qui
2248 2047 2302 2101 in
2355 2047 2494 2102 coelo
2545 2058 2673 2104 sunt
2730 2049 2939 2120 angelis
3002 2051 3259 2122 przcdicta
3315 2054 3528 2123 reptilia

1963 2137 2125 2191 Deum
2171 2137 2378 2192 laudari
2410 2138 2692 2208 iubentur.
2727 2139 2906 2205 Quare
2934 2140 3138 2195 dictum
3169 2156 3294 2198 est:
3326 2161 3344 2194 ι
3379 2141 3522 2196 Latt-

1957 2229 2085 2281 dent
2117 2229 2266 2283 illum
2309 2231 2429 2284 coeli
2466 2240 2520 2286 et
2551 2239 2718 2294 terra,
2753 2247 2906 2286 mare
2937 2240 2991 2286 et
3033 2234 3213 2286 omnia
3233 2234 3443 2304 reptilia
3471 2235 3529 2287 in

1956 2321 2056 2373 eis.
2090 2339 2106 2369 ι
2147 2322 2432 2386 Quomodo
2465 2324 2924 2393 possuntreptilia
2955 2323 3121 2379 Deu‘m
3158 2325 3396 2392 laudare,
3420 2325 3529 2382 nisi

1957 2409 2242 2478 prudentia
2275 2420 2328 2465 et
2361 2413 2672 2482 cognitione
2705 2412 2799 2467 Dei
2854 2414 3124 2469 instructa
3146 2414 3277 2468 ?‘An
3311 2416 3532 2486 reptilia

1956 2502 2284 2555 sacrificium
2318 2504 2497 2557 laudis
2542 2505 2807 2559 ollerent?
2869 2505 3026 2572 Quod
3083 2509 3370 2577 reptilibns
3418 2508 3533 2566 illis

1957 2591 2205 2648 homines
2232 2596 2666 2661 subindicentnr,
2706 2602 2866 2651 docet
2899 2597 3248 2668 Evangelium
3283 2598 3367 2654 his
3405 2615 3529 2653 ver-

1952 2685 2035 2742 bis
2067 2704 2079 2738 :
2117 2709 2134 2738 ι
2165 2686 2449 2744 Genimina
2488 2691 2821 2760 viperarum,
2852 2692 2977 2760 quis
3009 2707 3103 2745 vos
3119 2690 3308 2745 docuit
3339 2691 3534 2760 fugere

1948 2794 1978 2830 a
2018 2786 2242 2832 ventura
2278 2782 2404 2836 ira?
2454 2781 2640 2836 Facite
2688 2797 2816 2852 ergo
2863 2779 3073 2837 fructus
3120 2783 3314 2852 dignos
3353 2781 3527 2852 pmni-

1947 2873 2130 2926 lentiae
2154 2872 2218 2924 ⁸⁸⁸.
2261 2892 2278 2926 ι

267 2963 331 3015 ἐν
358 2957 404 3031 ᾧ
431 2962 757 3033 γέγραπται·
807 2980 824 3012 ‹
861 2961 1176 3029 Γεννήματα
1203 2959 1444 3030 ἐχιδνῶν,
1467 2961 1550 3023 τίς
1583 2959 1858 3026 ὑπέδειξεν
1893 2962 2021 3034 ὑμῖν
2057 2971 2245 3038 φυγεῖν
2273 2967 2380 3022 ἀπὸ
2406 2969 2503 3040 τῆς
2535 2968 2831 3040 μελλούσης
2857 2968 3060 3041 ὀργῆς;
3111 2970 3376 3040 Ποιήσατε
3433 2962 3534 3022 οὖν

271 3055 523 3128 καρποὺς
555 3055 738 3122 ἀξίους
764 3055 1068 3127 μετανοίας.
1096 3072 1114 3105 ι

353 3176 508 3228 «Ὅτι
528 3173 700 3238 ὁΘεὸς
731 3173 890 3227 σώσει
918 3174 1015 3244 τὴν
1044 3173 1201 3237 Σιὼν,
1220 3173 1311 3226 καὶ
1331 3173 1845 3246 οίκοδομηθήσονται

2018 3173 2186 3228 Vens.
2215 3173 2303 3236 56,
2326 3174 2412 3229 '57.
2444 3195 2460 3226 ι
2487 3172 2752 3240 Quoniam
2782 3173 2923 3228 Deus
2945 3173 3148 3227 salvam
3181 3174 3340 3230 faciet
3368 3177 3526 3242 Sion,

269 3272 331 3324 ιε
375 3267 556 3330 πόλεις
587 3267 686 3338 τῆς
744 3266 1055 3335 Ἰουδαίας,ι
1112 3268 1300 3320 Αίτίαν
1348 3268 1638 3322 ἀποδίδωσι
1695 3268 1761 3322 δι’
1785 3271 1849 3341 ἣν

271 3361 495 3434 οὐρανοὶ
530 3358 624 3412 καὶ
671 3358 744 3428 γῆ
782 3359 876 3412 καὶ
917 3358 1157 3412 θάλασσα
1201 3361 1293 3412 καὶ
1344 3359 1612 3413 πάντατὰ
1651 3362 1708 3412 ἐν
1754 3362 1852 3415 αύ-

272 3455 385 3515 τοῖς
419 3451 676 3508 αἰνέσειν.
706 3450 954 3518 λέγονται
1004 3451 1096 3503 τὸν
1139 3450 1291 3505 Θεόν.
1328 3452 1388 3504 Ἠ
1421 3452 1477 3505 δέ
1509 3453 1657 3507 αἰτία
1705 3457 1849 3509 ἐστὶν

272 3544 438 3614 αὕτη,
484 3563 502 3595 ι
528 3544 649 3597 Ὅτι
682 3546 710 3597 ὁ
741 3542 872 3605 Θεὸς
903 3541 1068 3596 σώσει
1121 3543 1218 3615 τὴν
1250 3542 1407 3607 Σιὼν,
1433 3547 1528 3599 καὶ
1568 3548 1852 3619 οἰκοδομη-

272 3633 532 3706 θήσονται
576 3634 634 3686 αἱ
692 3631 876 3696 πόλεις
937 3631 1244 3697 Ἰουδαίας.»
1298 3635 1463 3687 Ποίαν
1523 3634 1580 3690 δέ
1612 3637 1770 3703 Σιὼν,
1815 3639 1848 3711 ἥ

265 3723 515 3797 δηλονότι
543 3724 642 3795 τὴν
668 3723 788 3778 καθ’
817 3723 944 3795 ὅλης
965 3723 1061 3795 τῆς
1083 3723 1401 3797 οἰκουμένης
1430 3727 1728 3798 ἱδρυθεῖσαν
1757 3728 1850 3783 τοῦ

271 3817 529 3888 Σωτῆρος
572 3815 729 3887 ἡμῶν
774 3815 1132 3887 Ἔκκλησίαν;
1158 3816 1347 3881 Πόλεις
1392 3817 1448 3870 δέ
1495 3821 1750 3884 Ἰουδαίας
1779 3820 1856 3893 μὴ

264 3909 424 3961 ὕκνει
476 3906 656 3976 λέγειν
702 3907 801 3971 τάς
843 3906 1232 3970 θεοπνεύστους
1287 3907 1528 3979 Γραφάς,
1588 3911 1654 3964 δι’
1709 3906 1849 3984 ὦνή

286 3999 552 4069 Ἰουδαῖκὴ
582 3997 824 4051 πολιτεία
879 3997 1206 4052 τετύπωται.
1268 3999 1407 4052 Ἀλλ’
1460 3994 1618 4054 αὗται
1655 4003 1753 4072 μὲν
1797 4005 1853 4057 αἱ

274 4090 462 4153 πόλεις
495 4090 823 4162 καθῄρηντο,
855 4090 978 4142 ὅσον
1019 4090 1113 4142 ἐπὶ
1154 4091 1448 4155 Ἰουδαίοις,
1483 4092 1769 4165 οἰκοδομὴν
1797 4094 1855 4147 δὲ

274 4183 532 4254 εἰλήφασι
564 4182 650 4236 διὰ
681 4184 783 4253 τῆς
815 4185 872 4237 ἐν
901 4185 1120 4256 Χριστῷ
1151 4187 1345 4257 καινῆς
1375 4187 1745 4253 διδασκαλίας·
1785 4190 1852 4243 δι’

272 4271 342 4345 ἧς
373 4271 469 4325 καὶ
494 4275 528 4344 ἡ
551 4273 776 4345 ἀληθινὴ
801 4273 1070 4346 περιτομὴ
1099 4276 1432 4338 συνίσταται,
1471 4277 1568 4331 καὶ
1595 4277 1664 4330 τά
1696 4294 1856 4331 πνευ-

278 4363 488 4435 ματικά
542 4363 813 4428 Σάϐϐατα,
858 4365 953 4418 καὶ
1010 4367 1065 4419 al
1121 4367 1489 4438 πνευματικαὶ
1535 4368 1714 4421 θυσίαι
1763 4371 1856 4423 καὶ

275 4455 457 4508 πάντα
486 4451 696 4517 τούτοις
740 4453 1046 4516 ἀκολούθως
1094 4453 1236 4508 κατά
1272 4455 1374 4526 τὴν
1422 4454 1717 4525 ἑρμηνείαν
1763 4454 1854 4508 τοῦ

1949 3274 2000 3319 et
2041 3264 2456 3318 :edilicabuutur
2485 3263 2736 3316 civitates
2786 3261 3004 3317 Judaaae.
3051 3282 3068 3314 ι
3107 3263 3336 3319 Causam
3365 3268 3524 3323 ell'ert

1949 3355 2214 3417 curcmli,
2283 3363 2448 3418 terra,
2507 3369 2658 3408 mare
2690 3362 2743 3408 ct
2775 3353 2954 3408 omnia
3016 3371 3136 3424 qua:
3176 3356 3230 3410 in
3286 3358 3367 3412 eis
3399 3368 3530 3413 sunt

1951 3447 2118 3503 Deum
2150 3448 2438 3503 laudatura
2457 3463 2579 3503 esse
2607 3447 2878 3501 dicantur.
2919 3446 2992 3500 Ea
3031 3464 3158 3504 vero
3181 3457 3264 3504 est
3290 3468 3302 3503 :
3341 3469 3361 3502 ι
3383 3449 3528 3518 Quo-

1951 3541 2096 3594 niam
2138 3541 2277 3594 lleus
2303 3540 2509 3595 salvam
2545 3537 2706 3591 faciet
2738 3536 2892 3603 Sion,
2927 3546 2979 3592 et
3005 3537 3422 3593 aedificabuntur
3445 3558 3528 3594 cn—

1951 3635 2147 3688 vitates
2177 3631 2395 3686 Iudaeae.
2420 3649 2439 3682 ι
2471 3629 2645 3698 Quam
2667 3628 2886 3684 Sionem
2921 3629 3074 3692 dicit,
3098 3630 3202 3685 nisi
3231 3629 3528 3686 Ecclesiam

1955 3722 2264 3778 Servatoris
2300 3720 2473 3777 nostri
2520 3721 2574 3773 in
2612 3727 2726 3772 toto
2755 3719 2886 3772 orbe
2914 3718 3236 3772 fundatam?
3267 3721 3532 3777 Civitates

1954 3819 2135 3867 autem
2170 3809 2369 3866 Judaea:
2392 3827 2461 3865 ne
2504 3809 2782 3864 cuncter-is
2812 3809 2996 3864 dicere
3024 3808 3290 3865 divinitus
3319 3810 3530 3870 aﬂlatas

1956 3900 2291 3972 Scripturas,
2315 3901 2471 3970 queis
2499 3898 2808 3953 Iudaeorum
2844 3898 3151 3968 respublica
3178 3898 3523 3956 informatur.

1957 3993 2063 4050 Sed
2113 3994 2196 4048 ha:
2255 3992 2477 4064 quidem
2535 3991 2809 4056 civitates,
2876 3999 3140 4060 quantum
3195 3991 3260 4045 ad
3310 3990 3528 4049 Judaeos

1956 4093 2186 4157 spectat,
2201 4085 2270 4142 de
2293 4085 2470 4139 medio
2501 4084 2728 4138 sublata
2745 4091 2899 4149 sunt;
2933 4084 3024 4137 sed
3055 4083 3234 4137 denuo
3253 4083 3529 4139 aadificatae

1958 4196 2052 4250 per
2085 4195 2278 4234 novam
2311 4179 2365 4232 in
2385 4178 2602 4233 Christo
2641 4178 2942 4232 doctrinam
2978 4177 3148 4240 fuere,
3186 4193 3291 4248 qua
3321 4186 3374 4232 et
3399 4194 3529 4234 vera

1958 4267 2304 4323 circumcisio
2358 4267 2635 4332 consistit,
2676 4282 2890 4322 necnon
2927 4267 3233 4338 spiritualia
3267 4266 3524 4330 Sabbata.

1958 4359 2270 4430 spirituales
2297 4360 2492 4416 hostia:
2528 4369 2582 4414 et
2606 4359 2790 4415 omnia
2809 4375 2930 4432 quae
2973 4361 3086 4415 haec
3118 4371 3530 4429 consequuntur

1959 4452 2258 4508 secundum
2310 4452 2812 4522 interpretationem
2869 4454 3170 4523 spiritualis
3219 4454 3372 4524 legis.
3437 4453 3528 4508 Sic

275 4545 648 4616 πνευματικοῦ
677 4545 863 4615 νόμου.
883 4544 1070 4609 Οὕτως
1095 4542 1188 4598 οὖν
1218 4545 1630 4616 οίκοδομοῦνται
1677 4547 1732 4599 αἱ
1762 4545 1854 4598 πό-

1961 4543 2144 4613 itaque
2167 4542 2509 4598 aedificantur
2535 4544 2788 4598 civitates
2807 4543 3035 4611 Judazaz,
3064 4545 3117 4599 in
3149 4547 3339 4616 eisque
3372 4547 3528 4600 inha-

276 4639 389 4703 λεις
419 4638 518 4709 τῆς
560 4637 837 4700 Ἰουδαίας,
877 4637 972 4690 καὶ
1017 4639 1439 4708 κατοικήσουσιν
1480 4639 1536 4689 ἐν
1580 4638 1770 4700 αὐταῖς
1804 4639 1856 4691 οι

275 4729 492 4783 πολῖται
518 4727 608 4780 καὶ
635 4729 682 4780 oi
715 4726 1039 4798 κληρονόμοι
1068 4724 1177 4779 τῶν
1197 4729 1253 4778 ἐν
1273 4729 1393 4789 ταῖς
1419 4726 1590 4790 θείαις
1611 4726 1649 4778 Γ
1655 4728 1854 4797 ραφαῖς

275 4819 722 4892 ἐπηγγελμένων·
750 4819 828 4872 διὸ
861 4819 1131 4873 λέλεκται·
1169 4837 1188 4870 ι
1223 4820 1332 4872 Kal
1361 4820 1854 4890 κληρονομήσουσιν

275 4913 504 4982 αὐτήν.»
552 4911 711 4964 Ἀλλά
750 4913 843 4966 καὶ
905 4933 923 4964 ι
957 4913 1016 4966 τὸ
1045 4913 1266 4984 σπέρμα
1299 4913 1406 4966 τῶν
1455 4913 1654 4966 δούλων
1689 4912 1854 4966 αὑτοῦ

276 4991 596 5069 καθέξουσιν
625 5005 812 5076 αὐτήν.
837 5024 854 5054 ι
910 5004 1093 5056 Δοῦλοι
1127 5003 1184 5056 δὲ
1230 4988 1397 5056 αὑτοῦ
1445 5004 1585 5066 τίνες
1616 5003 1680 5057 ἂν
1723 4999 1852 5066 εἶεν,

273 5093 309 5163 ἢ
339 5093 556 5155 παντως
581 5095 629 5145 οι
687 5093 781 5146 τοῦ
819 5093 1070 5164 Σωτῆρος
1112 5092 1270 5163 ἡμῶν
1321 5092 1597 5162 μαθηταὶ,
1659 5093 1752 5145 καὶ
1796 5091 1858 5144 τὸ

277 5183 504 5254 σπέρμα
529 5183 588 5236 τὸ
621 5184 742 5237 καθ’
781 5185 909 5255 ὅλης
959 5185 1057 5254 τῆς
1105 5184 1429 5254 οἰκουμένης
1485 5182 1856 5255 καησπαρέν,

275 5277 417 5346 ὅπερ
461 5274 558 5346 τὴν
614 5275 974 5347 κληρονομίαν
1025 5275 1124 5346 τὴν
1182 5274 1599 5346 ἐπηγγελμένην
1646 5276 1704 5328 ἐν
1739 5276 1862 5338 ταῖς

276 5367 456 5430 θείαις
482 5367 725 5438 Γραφαῖς
778 5365 1031 5431 καθέξει;
1074 5363 1234 5420 Ἀλλὰ
1266 5368 1362 5420 καὶ
1423 5385 1441 5417 ι
1469 5368 1516 5419 οί
1540 5365 1860 5435 ἀγαπῶντες

276 5457 337 5510 τὸ
373 5455 547 5526 ὄνομα
572 5455 738 5508 αὑτοῦ
787 5453 1304 5526 κατασκηνὼσουσιν
1341 5457 1398 5508 ἐν
1441 5455 1600 5526 αὐτῇ,
1633 5472 1652 5506 ι
1701 5453 1857 5525 δῆλον

277 5552 320 5606 δ’
355 5552 439 5604 ὅτι
470 5553 537 5621 τῇ
559 5551 917 5623 κληρονομίᾳ·
938 5547 1032 5624 ,οἷς
1077 5551 1416 5622 λεχθήσεται·
1459 5569 1477 5601 ι
1506 5549 1667 5603 Δεῦτε
1687 5551 1735 5602 οί
1767 5548 1855 5601 εύ-

277 5645 408 5714 λογη
419 5645 571 5714 μένοι
600 5643 695 5698 τοῦ
721 5645 932 5715 Πατρός
968 5661 1089 5715 μου,
1122 5644 1562 5715 κληρονομήσατε
1590 5643 1686 5713 τὴν
1712 5643 1855 5714 ἡτοι-

353 5800 398 5832 ⁸⁶
425 5798 529 5856 Isa.
557 5813 635 5865 ιι,
668 5799 777 5854 6-9.
858 5801 899 5830 "
925 5799 1057 5854 ibid.
1083 5800 1162 5853 ιο.
1239 5798 1281 5824 ⁸⁸³
1304 5795 1434 5852 Luc.
1475 5812 1554 5864 ιιι,
1588 5797 1640 5852 8.

1956 4638 2208 4693 bitabunt
2240 4638 2389 4692 cives
2421 4645 2473 4690 et
2506 4637 2751 4694 haeredes
2787 4639 3180 4707 promissorum
3217 4655 3336 4709 quae
3367 4639 3419 4692 in
3447 4640 3530 4693 ὥς

1957 4728 2100 4783 vinis
2150 4727 2451 4796 Scripturis
2494 4727 2764 4782 feruntur.
2796 4729 2976 4793 Quare
3005 4728 3211 4783 dictum
3258 4740 3382 4785 est:
3411 4748 3430 4782 ι
3464 4729 3530 4783 Et

1953 4817 2350 4872 haereditabunt
2385 4819 2551 4872 illam.
2593 4838 2612 4870 ›
2647 4815 2752 4872 Sed
2776 4817 2940 4872 etiam
2975 4837 2992 4870 ι
3032 4833 3215 4873 semen
3248 4835 3526 4874 servorum

1959 4912 2079 4982 ejus
2101 4911 2400 4982 possidebit
2423 4925 2564 4966 eam.
2595 4929 2612 4960 ι
2645 4909 2798 4965 Servi
2825 4919 3003 4966 autem
3031 4911 3151 4980 ejus
3172 4913 3264 4982 qui
3305 4913 3527 4976 fuerint,

1965 5004 2070 5059 nisi
2098 5003 2241 5057 haud
2299 5001 2465 5058 dubie
2509 5000 2811 5058 Salvatoris
2846 5003 3020 5057 nostri
3043 5002 3320 5074 discipuli,
3365 5011 3418 5058 et
3454 5020 3535 5060 se-

1961 5109 2085 5150 men
2114 5094 2170 5147 in
2193 5093 2452 5149 universo
2478 5094 2610 5149 orbe
2658 5109 2932 5164 sparsum,
2984 5095 3126 5164 quod
3158 5095 3534 5151 harreditatcm

1964 5185 2020 5239 in
2054 5184 2254 5240 divinis
2315 5184 2616 5255 Scripturis
2675 5185 3000 5256 promissam
3047 5187 3345 5242 obtinebit?
3379 5187 3534 5252 lino,

1971 5293 1991 5328 ι
2030 5277 2123 5346 qui
2155 5275 2388 5346 diligunt
2442 5291 2640 5330 nomen
2681 5276 2800 5346 ejus
2865 5278 3183 5332 habitabant
3214 5279 3266 5332 in
3317 5293 3403 5342 ea,
3429 5297 3445 5329 ι
3484 5278 3534 5330 id

1964 5376 2070 5432 est,
2124 5367 2180 5422 in
2233 5383 2295 5422 ea
2335 5368 2667 5424 hazreditate.
2726 5368 2937 5435 Quibus
2995 5365 3530 5426 diceturuVenite.

1964 5458 2232 5515 benedicti
2255 5459 2431 5515 Patris
2458 5463 2583 5524 inci,
2609 5461 2870 5532 percipite
2920 5476 3146 5530 regnum
3180 5459 3335 5514 vobis
3372 5472 3531 5528 para-

1962 5558 2076 5604 tum
2104 5568 2132 5605 a
2167 5553 2558 5608 constitutione
2603 5553 2789 5607 mundi
2819 5555 2884 5604 θ’.
2939 5571 2958 5604 ›
2998 5551 3153 5618 Quod
3197 5550 3242 5604 si
3289 5547 3528 5603 cmlestis

1962 5642 2033 5696 sit
2064 5641 2153 5697 Dei
2187 5643 2377 5700 civitas
2413 5643 2565 5709 Sion,
2607 5645 2673 5700 de
2700 5661 2804 5716 qua
2841 5645 3135 5714 Apostolus
3161 5642 3277 5698 haac
3300 5639 3525 5697 docuit:

1718 5798 1759 5828 ‘9
1794 5794 1981 5850 Matth.
2016 5813 2136 5858 xxv,
2167 5797 2250 5849 Si.
