4068 6536
583 371 685 429 767

1249 369 1522 428 EUSEBII
1559 369 2046 428 CESARIENSIS
2081 369 2233 428 OPP.
2274 365 2457 422 PARS
2495 363 2594 422 Ill.
2635 395 2704 408 -—
2742 360 3156 420 EXEGETICA.

3738 356 3846 412 708

579 502 708 564 qua
729 496 816 546 est
839 494 1015 544 mater
1041 491 1229 542 nostra
1253 485 1335 552 ὐς
1373 493 1428 544 ει
1462 505 1478 541 :
1514 505 1536 537 ο
1568 486 1895 544 Accessistis
1923 463 2154 542 ad.Sion

2257 484 2320 538 Ei
2352 483 2409 536 δέ
2433 478 2757 552 ἐπουράνιός
2790 480 2906 533 ἐστι
2929 476 3024 532 τοῦ
3063 473 3201 531 Θεοῦ
3235 473 3386 540 πόλις
3419 474 3577 538 Σιὼν,
3622 472 3758 545 περὶ⁸
3777 469 3848 546 ἧς

583 590 843 643 montem,
867 587 922 636 et
950 578 1222 634 civitatem
1267 575 1362 638 Dei
1400 578 1660 642 viventis,
1705 577 2009 635 Jerusalem
2041 592 2155 634 ca:-

581 675 774 730 lestem
793 673 834 703 "
853 690 900 740 ;o
932 670 1168 726 fueritne
1194 667 1396 726 Judaaaa
1427 671 1663 726 civitas?
1695 671 1791 727 sed
1814 685 2156 742 consequen-

578 773 666 822 ter
717 764 966 820 dicamus
999 778 1125 820 esse
1179 764 1458 821 caelestem
1511 762 1641 819 Sion
1691 763 1785 818 ubi
1843 764 2157 820 mansiones

577 855 724 927 apud
752 854 970 911 Patrem
999 855 1180 911 multa:
1218 859 1292 908 τίς
1321 871 1460 927 quas
1492 855 1730 910 incolent
1761 863 1814 909 et
1844 856 2158 912 litereditate

577 949 850 1020 accipient
877 963 1069 1005 omnes
1093 948 1236 1004 servi
1262 948 1404 1018 ejus,
1433 949 1549 1003 sive
1584 948 1661 1002 illi
1704 949 1835 1004 olim
1881 948 2158 1019 propheta:

575 1048 630 1096 ct
664 1041 906 1114 religiosi
927 1042 1052 1108 viri,
1084 1043 1200 1099 sive
1220 1041 1315 1113 qui
1354 1051 1543 1112 postea
1597 1041 1837 1098 ministri
1877 1039 2157 1111 Evangelii

577 1133 753 1203 ipsius
783 1131 955 1190 fuere.
996 1132 1110 1189 lmo
1143 1133 1305 1188 etiam
1362 1148 1548 1188 semen
1594 1148 1784 1188 eorum
1808 1132 2016 1188 scilicet
2065 1128 2158 1199 qui

577 1225 649 1280 ab
679 1225 786 1283 illis
817 1226 1118 1281 secundum
1171 1224 1339 1282 Deum
1369 1225 1477 1280 orti
1527 1230 1678 1291 sunt,
1731 1225 1979 1296 profectu
2007 1221 2153 1276 aucti

576 1325 632 1371 et
657 1317 725 1372 ad
754 1316 1051 1389 perfectam
1077 1316 1168 1372 Dei
1198 1318 1522 1376 charitatem
1545 1317 1846 1388 progressi,
1892 1315 1997 1370 hoc
2040 1329 2156 1369 mu-

577 1423 683 1463 nus
743 1406 1184 1478 condignumque
1236 1407 1520 1478 praemium
1577 1406 1647 1462 ab
1703 1407 1824 1478 ipso
1865 1403 2154 1475 recipient,

575 1497 722 1568 quod
750 1497 1054 1554 inhabitent
1081 1498 1135 1552 in
1167 1497 1437 1567 promissa
1470 1495 1577 1553 sibi
1611 1493 1946 1550 haereditate.

2255 577 2286 629 ό
2333 573 2654 636 Ἀπόστολος
2684 570 2919 638 ἐδίδαξεν
2961 567 3150 624 εἰπών·
3191 587 3211 621 ι
3250 567 3400 622 Ἡδὲ
3428 567 3542 622 ἂνω
3579 566 3853 641 Ἰερουσα·

2256 667 2370 738 λὴμ
2393 663 2656 736 ἐλευθέρα
2681 663 2850 728 ἐστὶν,
2903 661 3025 733 ἥτις
3071 660 3189 714 ἐστὶ
3239 659 3421 731 μήτηρ
3462 657 3679 730 ήμῶν»
3728 657 3846 721 καὶ,

2263 778 2288 812 ις
2308 755 2749 829 Προσεληλύθατε
2778 752 2917 808 Σιὼν
2967 753 3105 824 δρει,
3154 752 3250 807 καὶ
3300 750 3452 805 πόλει
3475 749 3613 804 Θεοῦ
3641 748 3848 812 ζῶντος

2271 849 2578 921 Ἰερουσαλὴ
2587 865 2626 918 μ
2649 845 2976 918 ἐπουρανίῳ,
2991 863 3008 895 ι
3035 839 3145 898 εἶεν
3173 843 3240 898 ἂν
3259 843 3411 905 πόλις
3434 843 3533 914 τῆς
3557 841 3845 904 Ἰουδαίαςς

2259 941 2336 1015 (1)
2369 941 2435 995 δι’
2466 941 2534 1004 ἃς
2581 939 2891 1001 ἀκολούθως
2923 940 2992 1010 τῇ
3017 936 3325 1007 ἐπουρανίῳ
3366 935 3504 989 Σιὼν
3534 935 3588 1011 αἱ
3648 931 3848 986 πολλαὶ

2261 1035 2412 1108 napi;
2463 1033 2542 1104 τῷ
2582 1031 2755 1104 Πατρὶ
2787 1030 2970 1102 μοναὶ,
2996 1031 3055 1083 ἐν
3087 1025 3176 1095 αῖς
3216 1029 3626 1099 κατοικήσουσι,
3650 1024 3752 1077 καὶ
3779 1023 3847 1086 ἂς

2263 1127 2729 1200 κληρονομήσουσι
2759 1124 2959 1188 πάντες
2986 1125 3040 1177 οι
3055 1121 3230 1175 δοῦλοι
3260 1119 3445 1176 αύτοῦ·
3491 1118 3546 1170 οἵ
3580 1133 3646 1168 τε
3673 1114 3844 1172 πάλαι

2259 1219 2541 1289 γενόμενοι
2563 1216 2837 1289 προφῆται
2859 1215 2953 1270 καὶ
2975 1212 3239 1283 Θεοφιλεῖς
3267 1211 3478 1282 ἄνδρες,
3508 1207 3604 1260 καὶ
3631 1208 3680 1258 οἱ
3701 1203 3844 1276 μετὰ

2259 1310 2432 1364 ταῦτα
2455 1309 2721 1380 ὑπηρέται
2779 1309 2874 1362 καὶ⁵
2893 1307 3130 1361 διάκονοι
3158 1302 3252 1357 τοῦ
3285 1299 3619 1369 Εὑαγγελίου
3653 1295 3844 1350 αὐτοῦ.

2270 1400 2432 1456 Ἀλλὰ
2457 1403 2551 1458 καὶ⁸
2577 1401 2639 1453 τὸ
2682 1399 2906 1471 σπέρμα
2954 1396 3159 1459 αὐτῶν,
3195 1395 3244 1447 οἱ
3289 1393 3348 1460 ἐξ
3406 1391 3586 1446 αὐτῶν
3639 1386 3846 1459 δηλαδὴ

2253 1495 2399 1547 κατὰ
2432 1493 2564 1546 Θεὸν
2610 1490 2988 1562 γεγενημένοι,
3025 1486 3393 1560 προκόψαντες
3416 1484 3510 1539 καὶ
3555 1483 3640 1544 εἰς
3668 1480 3730 1533 τὸ
3753 1478 3844 1531 τέ-

575 1591 717 1648 λειον
764 1591 1010 1660 ἐλθόντες
1051 1592 1151 1662 τῆς
1183 1591 1276 1645 τοῦ
1332 1592 1468 1645 Θεοῦ
1513 1591 1757 1661 ἀγάπης,
1799 1589 1956 1644 τοῦτο
1991 1587 2160 1661 γέρας
2186 1586 2366 1655 ἐξουσι
2391 1590 2487 1644 καὶ
2521 1588 2711 1662 μισθὸν
2741 1585 2960 1653 ἐπάξιον
3012 1585 3143 1658 παρ’
3203 1582 3390 1649 αὐτοῦ,
3432 1582 3494 1636 τὸ
3558 1592 3845 1647 κατασκήσ

574 1686 744 1744 νῶσαι
762 1689 820 1742 ἐν
846 1691 912 1761 τῇ
945 1687 1324 1760 ἐπηγγελμένῃ
1351 1689 1534 1752 αὐτοῖς
1557 1685 1910 1758 κληρονομίᾳ.

575 1783 631 1843 1.
671 1781 741 1838 IN
770 1781 1004 1850 FINEM,
1057 1781 1188 1838 IPSI
1246 1780 1452 1835 navm
1498 1779 1570 1850 lN
1611 1775 2151 1835 REMEMORATIO~
2181 1785 2224 1840 Β
2253 1773 2361 1826 Et:
2399 1773 2485 1827 ru
2549 1771 2774 1827 ΤεΑοΣ
2818 1772 2906 1844 Tn
2952 1771 3151 1850 Λέρῳ
3190 1769 3327 1842 si:
3396 1767 3842 1823 ANAMNHZIN.

1181 1851 1344 1907 NEM.
1375 1849 1564 1907 LXIX.

588 1936 593 1941 ’
646 1943 816 2001 Vsus.
852 1943 972 2001 2-4.
1021 1962 1040 1998 ι
1081 1942 1247 2008 Deus,
1283 1941 1336 1998 in
1384 1941 1717 2011 adiutorium
1753 1955 1933 1996 meum
1984 1939 2158 1993 inten-

573 2035 662 2092 de.
697 2055 716 2090 ι
749 2035 933 2107 Neque
953 2035 1230 2096 canticum
1255 2075 1270 2098 ,
1301 2049 1475 2104 neque
1518 2034 1762 2105 psalmus
1782 2072 1798 2098 ,
1826 2047 2002 2102 neque
2025 2031 2157 2102 quid

575 2127 754 2182 simile
785 2126 863 2191 hi,
898 2142 1037 2197 quos
1067 2133 1404 2190 tractamus,
1445 2140 1725 2180 sermones
1775 2131 1943 2180 sunt:
1995 2131 2156 2178 caete-

573 2233 697 2272 rum
729 2218 797 2274 ad
842 2218 1003 2274 finem
1054 2219 1364 2283 remittunt,
1393 2218 1520 2288 quia
1555 2216 1623 2273 de
1653 2217 1840 2272 futuro
1883 2217 2155 2286 supplica-

573 2309 778 2363 tionem
810 2307 1029 2361 habent.
1089 2305 1355 2361 Dicuntur
1407 2315 1622 2373 autem,
1669 2325 1686 2358 ι
1732 2306 1835 2376 ipsi
1877 2305 2048 2360 David
2099 2307 2154 2360 in

573 2399 1118 2464 rememorationem;
1155 2418 1174 2451 ι
1207 2407 1390 2468 utpote
1411 2399 1504 2470 qui
1533 2399 1652 2454 ideo
1682 2399 1813 2454 dicti
1843 2397 2062 2460 fuerint,
2096 2407 2149 2452 ut

573 2495 761 2560 posset
801 2503 895 2544 eos
937 2489 992 2543 in
1047 2499 1297 2560 promptu
1326 2505 1419 2545 ore
1455 2489 1718 2560 proferre,
1755 2499 1922 2560 utque
1953 2489 2020 2546 iis
2057 2505 2157 2560 pro

574 2579 816 2635 remedio
848 2581 902 2634 in
935 2583 1156 2637 casibus
1183 2582 1349 2637 variis
1371 2591 1636 2636 uteretur.
1671 2581 1786 2636 Duo
1819 2591 1999 2636 autem
2026 2588 2156 2637 sunt

579 2691 600 2724 ι
641 2673 694 2727 in
722 2674 1234 2728 rememorationcin
1268 2693 1285 2726 ι
1317 2674 1600 2746 inscripti;
1629 2675 1717 2730 hic
1755 2691 1917 2745 quem
1951 2682 2157 2730 tracta-

574 2779 718 2831 mus,
750 2772 805 2820 et
855 2781 1064 2833 xxxv",
1098 2766 1191 2838 qui
1246 2768 1374 2822 item
1411 2784 1430 2815 ε
1471 2767 1528 2821 in
1572 2767 2088 2823 rememorationem
2130 2785 2150 2820 ι

575 2856 874 2928 inscriptus
900 2867 1006 2913 est.
1057 2856 1162 2913 Sed
1191 2859 1280 2914 ille
1316 2874 1421 2913 non
1456 2859 1521 2913 ad
1553 2859 1712 2914 linem
1740 2859 2010 2924 remittit,
2058 2857 2155 2915 sed

573 2957 661 3003 est
691 2965 712 2999 ι
754 2950 994 3018 psalmus
1038 2948 1231 3006 Davidi
1288 2949 1342 3004 in
1399 2951 1942 3019 rememorationem;
1991 2970 2010 3003 ι
2069 2952 2154 3007 hic

571 3055 707 3095 vero
739 3058 757 3091 ι
788 3040 842 3095 in
870 3039 1028 3095 linem
1071 3059 1089 3093 ι
1129 3042 1428 3112 inscriptus
1472 3049 1574 3098 est.
1630 3040 1764 3096 Nam
1795 3058 2000 3108 xxxvu,
2045 3059 2154 3097 non

575 3134 755 3190 futura
788 3135 1218 3205 pramuntiabat,
1272 3136 1366 3192 sed
1399 3135 1795 3206 praeteritarum
1825 3150 2005 3191 rerum
2038 3150 2154 3190 tne-
2182 3158 2228 3221 ο

575 3225 806 3280 moriam
839 3225 1134 3282 refricabat
1161 3246 1174 3282 :
1209 3228 1560 3298 quamobrem
1591 3227 1781 3282 eodem
1808 3243 1917 3298 quo
1968 3237 2156 3283 sextus

572 3315 799 3372 exordio
822 3318 1013 3381 utitur,
1050 3335 1264 3390 nempe,
1299 3338 1319 3370 ι
1373 3319 1618 3381 Domine,
1640 3335 1707 3374 ne
1742 3319 1796 3373 in
1846 3317 2030 3374 furore
2063 3326 2157 3372 tuo

573 3419 775 3477 arguas
822 3422 936 3471 me,
985 3424 1164 3479 neque
1212 3408 1268 3463 in
1318 3408 1398 3463 ira
1435 3417 1527 3464 tua
1575 3410 1841 3480 corripias
1882 3407 1985 3464 me.
2028 3429 2048 3462 ι
2090 3408 2158 3464 Et

573 3495 765 3552 eodem
800 3506 1029 3570 uterque
1054 3510 1376 3572 argumento
1417 3507 1594 3556 erant.
1657 3501 1936 3573 Siquidem
1969 3512 2156 3558 sextus

576 3586 634 3643 in
685 3591 1041 3659 sequentibus
1080 3591 1195 3646 ait:
1246 3610 1264 3643 ι
1311 3591 1580 3649 Laboravi
1635 3594 1689 3648 in
1739 3594 1940 3664 gemitu
1990 3609 2152 3649 meo:

574 3681 768 3738 lavabo
791 3699 887 3755 per
911 3685 1158 3758 singulas
1193 3694 1382 3742 noctes
1411 3687 1613 3742 lectum
1641 3702 1822 3743 meum
1843 3727 1858 3751 ,
1899 3686 2156 3760 lacrymis

573 3773 711 3830 lueis
755 3783 988 3832 stratum
1037 3793 1217 3832 meum
1255 3779 1440 3850 rigabo
1473 3779 1540 3834 ⁷³.
1602 3799 1621 3833 ι
1658 3778 1992 3837 Tricesimus
2025 3795 2156 3836 vero

573 3869 838 3941 septimus
869 3871 1066 3928 similia
1098 3872 1258 3928 docet
1314 3873 1400 3930 his
1453 3873 1634 3931 verbis
1666 3894 1679 3930 :
1721 3893 1739 3927 ι
1780 3873 1899 3931 Non
1934 3882 2018 3932 est
2049 3890 2156 3944 pax

571 3961 792 4019 ossibus
826 3963 960 4018 meis
1000 3979 1030 4017 a
1078 3963 1213 4020 facie
1263 3975 1608 4034 peccatorum
1660 3981 1956 4022 meorum:
2011 3981 2153 4036 quo-

571 4052 719 4106 niam
780 4053 1093 4124 iniquitates
1154 4071 1288 4111 ιιιοιε
1354 4072 1723 4127 supergressa:
1799 4065 1930 4114 sunt
1990 4066 2155 4128 caput

573 4160 775 4208 meum,
809 4145 951 4201 sicut
980 4161 1120 4202 onus
1152 4163 1316 4217 grave
1359 4156 1595 4220 gravata:
1651 4158 1779 4206 sunt
1828 4165 1993 4220 super
2045 4166 2150 4205 me.

571 4235 906 4292 Putruerunt
937 4245 990 4293 et
1009 4247 1278 4310 corruptae
1312 4248 1441 4295 sunt
1472 4241 1760 4296 cicatrices
1791 4257 1923 4296 meae
1952 4257 1982 4296 a
2013 4241 2152 4297 facie

571 4327 898 4395 insipientia:
943 4343 1074 4382 mete
1100 4329 1170 4383 τι.
1214 4347 1234 4381 ι
1269 4327 1395 4384 Haec
1425 4345 1590 4400 porro
1629 4340 1683 4388 et
1713 4331 1912 4386 similia
1941 4331 2007 4388 ad
2040 4347 2148 4388 me-

571 4419 802 4473 moriam
827 4419 1053 4475 admissi
1086 4420 1312 4477 sceleris
1344 4421 1635 4478 referebat.
1670 4421 1852 4489 Quare
1889 4442 1907 4474 ι
1964 4423 2019 4480 in
2061 4441 2147 4480 re

2551 1874 2578 1900 ιι
2881 1842 2889 1844 ἡ
3015 1842 3134 1896 ΞΘ.

2337 1955 2357 1989 ι
2390 1937 2447 1990 '0
2467 1935 2618 2000 Θεὸς,
2642 1935 2834 2008 εἰςτὴν
2850 1934 3102 2006 βοήθειάν
3121 1950 3220 2004 μου
3236 1931 3489 2004 πρόσχες.
3503 1950 3521 1983 ι
3547 1931 3690 1985 οὔτε
3705 1931 3839 2004 ᾠδὴ,

2258 2029 2382 2085 οὔτε
2411 2028 2652 2100 «tum,
2697 2027 2819 2082 οὔτε
2861 2045 2915 2080 τι
2960 2025 3069 2080 τῶν
3104 2025 3359 2080 τοιούτων
3391 2028 3439 2078 οἱ
3477 2026 3839 2097 προκείμενα

2255 2121 2580 2193 τυγχάνουσι
2621 2120 2799 2190 λόγοιο
2853 2120 2991 2190 πλὴν
3042 2118 3460 2189 ἀναπέμπουσιν
3513 2121 3593 2183 είς
3640 2119 3705 2172 τὸ
3750 2119 3842 2173 τέ-

2256 2215 2365 2277 λος,
2409 2213 2529 2265 ἐπεὶ
2569 2211 2698 2282 περὶ
2737 2211 3037 2283 μελλόντων
3075 2211 3174 2280 τὴν
3210 2211 3495 2284 ἱκετηρίαν
3538 2211 3840 2266 ποιοῦνται.

2257 2307 2515 2377 Εἴρηνται
2544 2304 2602 2357 δέ
2649 2323 2668 2356 ι
2693 2302 2766 2374 τῷ
2805 2303 2967 2357 Δαυῒδ
3016 2304 3095 2367 εἰς
3123 2303 3429 2373 ἀνάμνησιν
3449 2319 3464 2333 ·
3501 2322 3520 2354 ι
3564 2303 3642 2366 ὡς
3669 2303 3738 2357 ἂν
3763 2304 3843 2368 εἰς

2255 2397 2388 2452 αὐτὸ
2417 2397 2575 2450 τοῦτο
2625 2395 2944 2466 λεχθέντες,
3002 2396 3066 2448 ἵν’
3110 2395 3222 2466 ἔχοι
3273 2395 3580 2466 προχείρως
3607 2394 3842 2449 eam

2260 2505 2425 2558 ματος
2480 2486 2953 2558 ἀπομνημονεύειν
3015 2487 3251 2552 αὐτοὺς,
3295 2487 3389 2540 καὶ
3452 2486 3576 2539 ἀντὶ
3620 2487 3840 2558 ἐπῳδῆς

2258 2580 2438 2643 αὐτοῖς
2466 2581 2524 2631 ἐν
2557 2582 2676 2642 ταῖς
2704 2577 3057 2650 περιστάσεσι
3095 2578 3347 2649 χρῆσθαι.
3383 2578 3487 2631 Δύο
3522 2578 3582 2632 δέ
3617 2581 3761 2633 είσιν
3792 2580 3840 2631 ot

2263 2689 2282 2724 ι
2309 2673 2388 2734 εἰς
2421 2671 2769 2744 ἀνάμνησιν)
2798 2673 3288 2742 ἐπιγεγραμμένοι,
3315 2671 3346 2724 ὃ
3373 2689 3431 2723 τε
3459 2670 3601 2742 μετὰ
3630 2673 3837 2744 χεῖρας,

2257 2764 2351 2818 καὶ
2377 2765 2406 2816 ό
2439 2762 2514 2828 λζ’
2559 2742 3039 2834 ἐπιγεγραμμένος
3086 2763 3181 2815 καὶ
3222 2763 3384 2827 αὐτὸς
3422 2782 3440 2813 ι
3476 2767 3557 2828 εἰς
3598 2742 3839 2836 ἀνάμνη-

2258 2871 2364 2910 σιν.
2398 2872 2416 2906 ι
2465 2853 2605 2907 Ἀλλ’
2645 2855 2852 2916 ἐκεῖνος
2901 2854 2998 2924 μὲν
3046 2853 3146 2907 ούκ
3174 2855 3256 2917 είς
3307 2854 3366 2907 τὸ
3413 2855 3570 2918 τέλος
3603 2856 3839 2927 ἀνέπεμ-

2257 2962 2387 3010 πεν,
2424 2945 2538 3000 ἀλλ’
2568 2941 2635 3018 ἦν
2679 2966 2697 2998 ι
2725 2945 2938 3016 ψαλμὸς
2977 2945 3054 3016 τῷ
3103 2946 3266 3000 Δαυῖδ
3316 2949 3395 3011 εἰς
3439 2938 3785 3019 ἀνάμνησιν·
3815 2968 3833 3000 ι

2257 3032 2427 3103 Οὗτος
2455 3039 2510 3091 δὲ
2549 3057 2566 3088 ι
2597 3041 2676 3101 εἰς
2717 3038 2776 3091 τὸ
2807 3039 2958 3101 τέλος
2989 3059 3006 3090 ι
3044 3039 3361 3112 ἐπιγράφει.
3388 3041 3447 3093 '0
3489 3043 3589 3111 μὲν
3619 3039 3718 3096 οὖν
3743 3042 3836 3107 λζ’,

2256 3131 2318 3184 ού
2349 3129 2649 3201 μελλόντων
2672 3125 2740 3201 ἦν
2761 3130 3241 3201 προαγορευτικὸς,
3277 3130 3410 3184 ἀλλὰ
3429 3133 3838 3204 παρῳχηκότων

2259 3221 2600 3292 πραγμάτων
2626 3221 3031 3292 ύπομνηστικός
3050 3236 3064 3250 ⁸
3093 3221 3174 3276 διὸ
3198 3222 3297 3294 τὴν
3323 3221 3492 3293 αὐτὴν
3521 3222 3698 3295 ἀρχὴν
3731 3205 3838 3296 εἶχε

2256 3311 2334 3383 τῷ
2369 3312 2424 3377 ς’
2452 3311 2658 3381 λέγων⁸
2693 3331 2711 3364 ι
2737 3312 2931 3387 Κύριε,
2970 3312 3046 3386 μὴ
3071 3312 3150 3385 τῷ
3176 3312 3331 3386 θυμῷ
3365 3331 3456 3367 σου
3483 3315 3715 3386 ἐλέγξῃς
3752 3333 3837 3387 με,

2261 3401 2396 3476 μηδέ
2436 3405 2501 3476 τῇ
2543 3403 2682 3477 ὀργῇ
2733 3420 2828 3458 σου
2867 3404 3163 3477 παιδεύσῃς
3193 3421 3282 3476 με.
3319 3423 3338 3458 ι
3370 3405 3517 3459 Μίαν
3557 3423 3616 3459 τε
3652 3409 3704 3460 οἱ
3737 3407 3838 3478 άμ-

2257 3497 2472 3569 φότεροι
2495 3496 2748 3552 ὑπόθεσιν
2776 3499 3071 3570 περιεῖχον.
3103 3497 3162 3551 Ὁ
3191 3497 3292 3570 μὲν
3317 3479 3609 3570 γὰρ’ἐκτος
3635 3500 3839 3569 προῖὼν

2257 3591 2498 3662 ἐπιλέγει
2517 3608 2530 3622 ο
2558 3612 2576 3646 ι
2631 3593 2929 3648 Ἐκοπίασα
2961 3594 3019 3646 ἐν
3053 3592 3132 3666 τῷ
3167 3592 3452 3665 στεναγμῷ
3495 3612 3600 3666 μου
3620 3612 3636 3626 ο
3666 3595 3839 3648 λούσω

2256 3684 2376 3738 καθ’
2429 3686 2667 3759 ἑκάστην
2716 3686 2888 3742 νύκτα
2936 3686 3032 3758 τὴν
3084 3685 3272 3759 κλίνην
3323 3704 3460 3760 μου·
3511 3690 3571 3742 ἐν
3608 3688 3838 3759 δάκρυσί

2259 3794 2360 3848 μου
2398 3777 2495 3848 τὴν
2533 3779 2821 3850 στρωμνήν
2863 3796 2965 3850 μου
3013 3778 3220 3851 βρέξωο
3251 3800 3272 3833 ι
3302 3782 3331 3832 ό
3363 3780 3420 3833 δὲ
3460 3778 3538 3845 λζ’
3561 3780 3632 3834 τὰ
3680 3780 3836 3851 ὅμοια

2254 3867 2494 3922 διδάσκει
2512 3868 2686 3938 λέγων
2705 3887 2717 3900 ·
2747 3888 2765 3922 ι
2791 3870 2905 3923 Ούκ
2928 3869 3275 3944 ἔστινείρήνη
3297 3872 3354 3924 ἐν
3374 3873 3489 3935 τοῖς
3505 3871 3721 3934 ὀστέοις
3738 3889 3833 3943 μου

2254 3960 2365 4015 ἀπὸ
2396 3961 2686 4033 προσώπου
2729 3963 2838 4016 τῶν
2879 3964 3166 4037 ἁμαρτιῶν
3214 3981 3349 4038 μου·
3394 3965 3476 4018 ὅτι
3525 3965 3584 4019 αἱ
3616 3967 3833 4038 ἀνομίαι

2257 4070 2360 4124 μου
2420 4054 2702 4128 ύπερῇραν
2760 4055 2860 4127 τῆν
2930 4055 3172 4128 κεφαλήν
3240 4074 3346 4128 μου
3417 4055 3552 4110 ὡσεὶ
3615 4055 3833 4128 φορτίον

2256 4143 2393 4215 βαρὺ
2441 4142 2819 4215 ἐδαρύνθησαν
2875 4143 2963 4198 ἐπ’
2992 4144 3112 4216 ἐμέ.
3155 4143 3514 4218 Προσώζεσαν
3561 4145 3659 4197 καὶ
3706 4143 3830 4198 ἐσά-

2255 4253 2434 4306 πησαν
2472 4237 2521 4290 οἱ
2572 4235 2839 4309 μώλωπές
2885 4255 2987 4308 μου
3035 4237 3144 4291 ἀπὸ
3189 4235 3481 4309 προσώπου
3525 4237 3624 4309 τῆς
3668 4237 3835 4307 άφρου

2257 4325 2422 4398 σύνης
2475 4344 2599 4398 μου.
2630 4346 2649 4380 ι
2709 4325 2896 4380 Ταῦτα
2945 4326 3002 4380 δὲ
3060 4329 3153 4380 καὶ
3202 4327 3269 4380 τὰ
3319 4327 3543 4380 τοιαῦτα
3594 4328 3690 4381 ἐπὶ
3743 4327 3833 4397 τὴν

2257 4419 2481 4491 μνήμην
2528 4418 2624 4472 τού
2672 4419 3010 4492 πραχθέντος
3033 4419 3182 4492 αύτῷ
3215 4419 3320 4492 πλη
3330 4421 3689 4492 μμελήματος
3717 4421 3833 4474 ἀνέ-

570 4512 1016 4567 memorationem
1052 4531 1070 4565 ι
1107 4513 1405 4585 inscriptus
1452 4523 1576 4579 εει,
1628 4513 1899 4586 frequenti
1934 4515 2150 4572 confes-

2257 4527 2410 4582 φερε.
2459 4511 2660 4585 Διόπερ
2715 4531 2734 4563 ι
2763 4514 2845 4576 εἰς
2902 4512 3208 4585 ἀνάμνησιν
3243 4531 3261 4566 ι
3297 4513 3642 4586 ἐπέγραφεν,
3703 4515 3834 4567 ἐπα-

569 4601 724 4660 sione
757 4607 1026 4676 pmtcrita
1077 4617 1351 4677 repetens.
1399 4605 1532 4674 Quae
1581 4607 1708 4663 item
1757 4623 1923 4664 causa
1951 4616 2053 4674 est,
2091 4620 2151 4665 ut

573 4719 593 4751 ι
631 4700 687 4756 in
729 4699 890 4756 finem
925 4719 944 4751 ι
979 4714 1088 4754 non
1111 4699 1468 4756 inscribatur.
1503 4699 1602 4757 llic
1628 4717 1757 4757 vero
1786 4720 1804 4754 ι
1839 4701 1895 4758 in
1931 4702 2090 4760 finem
2125 4724 2143 4757 ι

568 4791 808 4858 dicitur,
843 4793 970 4864 quia
1001 4800 1440 4864 cxspcctatarum
1499 4809 1684 4849 rerum
1736 4797 1978 4865 precatio
2031 4805 2150 4863 est,

569 4894 926 4954 praevertente
964 4883 1232 4956 Propheta
1286 4901 1350 4940 ac
1398 4892 1653 4955 rogante;
1707 4897 1766 4942 ut
1823 4890 1867 4942 si
1929 4889 2150 4960 quando

568 4975 891 5041 contingant
920 4975 1267 5030 inimicorum
1319 4978 1556 5035 insultus
1613 4986 1669 5034 et
1722 4979 1935 5036 insidia:
1980 4981 2038 5036 in
2090 4995 2152 5036 se

569 5071 793 5135 paratae,
825 5065 909 5118 his
936 5066 1195 5122 remediis
1220 5083 1374 5134 usus,
1407 5084 1471 5124 ea
1507 5071 1663 5141 quasi
1695 5073 1941 5129 antidota
1968 5073 2150 5145 quod-

568 5155 650 5208 vis
682 5153 1049 5224 perniciosum
1077 5158 1374 5212 amnletum
1405 5159 1731 5231 depellentia
1763 5164 1972 5222 afferat.
2008 5163 2147 5221 Num

563 5247 730 5299 etiam
784 5245 898 5300 haec
954 5245 1101 5301 dicta
1157 5248 1224 5303 ad
1280 5265 1567 5320 personam
1620 5251 1920 5313 Salvatoris
1973 5257 2150 5314 nostri

564 5336 886 5406 prophetice
935 5335 1279 5392 referantur?
1329 5337 1778 5415 Quandoquidem
1833 5345 1888 5401 in
1947 5361 2151 5418 pra‘ce-

561 5427 712 5483 denti
743 5427 952 5499 psalmo
989 5428 1136 5484 clare
1171 5429 1480 5499 passionem
1531 5433 1652 5503 ejus
1696 5436 2018 5491 vaticinanti
2082 5453 2148 5493 ex

561 5520 683 5588 ejus
724 5533 958 5591 persona
983 5518 1269 5575 dicebatur
1298 5542 1318 5578 -.
1351 5541 1370 5574 ι
1412 5522 1521 5595 Ego
1565 5542 1687 5582 sum
1720 5542 1926 5599 pauper
1961 5536 2014 5584 et
2047 5528 2147 5586 do-

564 5611 706 5679 lens,
745 5613 897 5670 salus
929 5621 1043 5682 tua,
1081 5611 1246 5672 Deus.
1278 5617 1523 5687 suscepit
1565 5633 1652 5676 me
1683 5619 1758 5687 ";
1813 5637 1831 5672 ι
1895 5621 2148 5678 similiter

619 5729 667 5761 ’⁸
692 5728 867 5787 Galat.
896 5731 1079 5797 “.26.
1131 5734 1174 5767 "
1206 5733 1370 5791 Hebr.
1395 5751 1496 5799 xu,
1519 5735 1607 5791 22.
1681 5739 1726 5770 "
1751 5736 1906 5795 Joan.
1932 5739 2115 5808 xuv,2.
2183 5738 2388 5797 "Psai.
2415 5757 2490 5807 ιί,
2519 5740 2567 5796 7.

647 5825 723 5896 (l)
744 5823 952 5898 Lectio,
990 5839 1046 5886 ut
1075 5829 1312 5900 videtur,
1340 5831 1548 5889 vitiata.

2256 4603 2618 4676 ναλαμὸάνων
2670 4603 2741 4658 τὰ
2785 4605 3126 4676 παρελθόντα
3169 4603 3259 4660 διὰ
3295 4606 3395 4676 τῆς
3428 4605 3692 4675 συνεχοῦς
3724 4605 3835 4670 ἐξο-

2260 4695 2622 4768 μολογήσεως.
2657 4696 2747 4750 Διὸ
2772 4698 2871 4750 ούκ
2900 4697 3212 4770 ἐπέγραφεν
3250 4717 3270 4750 ι
3302 4699 3382 4762 εἰς
3406 4698 3468 4751 τὺ
3495 4698 3670 4761 τέλος.
3711 4718 3730 4750 ι
3782 4699 3836 4752 '0

2255 4788 2312 4842 δέ
2347 4788 2536 4860 παρὼν
2578 4807 2596 4840 ι
2633 4791 2712 4852 είς
2744 4788 2973 4854 τὸτέλος
3007 4810 3025 4842 ι
3067 4790 3302 4863 εἴρηται,
3323 4790 3620 4860 ἐπειδήπερ
3654 4792 3837 4859 ἱκετη-

2254 4879 2345 4952 ρία
2374 4879 2491 4933 ἐστὶ
2527 4881 2994 4952 προσδοκωμένων
3029 4882 3390 4953 πραγμάτων,
3424 4880 3518 4934 τοῦ
3547 4882 3836 4953 Προφήτου

2253 4975 2732 5046 προλαμϐάνοντος
2749 4977 2844 5030 καὶ
2867 4975 3180 5048 εὐχομένου·
3211 4976 3300 5039 ἵν’,
3333 4975 3388 5027 εἰ
3416 4992 3545 5028 ποτε
3571 4975 3837 5045 σὐμεαίεν

2254 5066 2464 5140 ἐχθρῶν
2521 5067 2916 5131 ἐπαναστάσεις
2972 5066 3067 5121 καὶ
3111 5063 3399 5120 ἐπιϐουλαὶ
3469 5067 3589 5119 κατ’
3638 5063 3835 5125 αὑτοῦ,

2253 5163 2372 5226 ταῖς
2407 5161 2796 5232 προκειμέναις
2820 5160 3052 5231 ἐπῳδαῖς
3096 5157 3378 5231 χρώμενος
3419 5157 3836 5228 ἀλεξιφάρμακα

2258 5253 2444 5325 ὥσπερ
2466 5254 2807 5327 ἀποτρόπαια
2837 5252 3038 5316 παντὸς
3076 5250 3313 5323 πονηροῦ
3334 5249 3835 5320 ἁντιπεριάςιματος

2259 5347 2534 5416 ἐπάγοιτο.
2580 5347 2808 5417 Μήποτε
2829 5345 2886 5400 δέ
2915 5345 3010 5398 καὶ
3041 5341 3398 5415 προφητικῶς
3425 5343 3505 5405 είς
3542 5339 3836 5413 πρόσωπον

2257 5439 2587 5511 ἀναφέρεται
2619 5437 2686 5494 τὰ
2715 5437 2984 5509 λεγόμενα
3015 5435 3110 5489 τοῦ
3143 5434 3426 5506 Σωτῆρος;
3452 5433 3754 5503 ἐπειδήπερ
3782 5435 3836 5485 ἐν

2258 5531 2359 5602 μέν
2410 5531 2488 5601 τῷ
2532 5530 2638 5603 πρὸ
2685 5529 2873 5583 τούτου
2937 5526 3123 5596 σαφῶς
3175 5526 3484 5590 θεσπίζοντι
3547 5527 3608 5580 τὸ
3666 5525 3833 5588 πάθος

2256 5622 2419 5677 αύτοῦ
2462 5622 2677 5692 ἐλέγετο
2725 5623 2784 5690 ἐξ
2833 5620 3000 5676 αὐτοῦ
3057 5621 3381 5693 προσώπου·
3424 5637 3443 5670 ι
3480 5619 3704 5689 Πτωχὸς
3743 5618 3831 5670 καὶ

2635 5741 2678 5772 ’³
2702 5738 2842 5796 Psal.
2869 5755 3074 5804 xum,
3103 5737 3219 5793 4-6.
3284 5739 3327 5772 τ’
3351 5735 3494 5794 Psal.
3524 5751 3719 5800 tum,
3745 5733 3832 5790 30.
