4068 6546
274 333 381 389 769

1398 320 1901 381 COMMENTARIA
1933 320 2003 376 1N
2042 320 2379 376 PSALMOS.

3425 325 3531 383 770

273 449 459 521 ἀλγῶν
489 447 598 518 ἐγώ
623 446 757 519 είμι,
789 446 822 517 ἡ
858 444 1101 518 σωτηρία
1148 460 1264 507 σου,
1297 445 1326 497 ὁ
1347 443 1498 509 Θεὸς,
1532 440 1845 496 ἀντελάϐετό

1957 440 2011 495 in
2032 439 2285 512 praesenti
2316 444 2502 509 postea
2534 435 2707 493 dicit:
2743 454 2764 491 ι
2803 434 2917 510 Ego
2936 450 3067 493 vero
3094 446 3301 504 egenus
3322 445 3375 495 et
3391 450 3531 511 pau-

264 559 414 615 Δμου·
453 560 471 593 ι
515 539 773 603 ὡσαύτως
809 538 865 592 δὲ
906 539 999 592 καί¹
1035 539 1093 591 ὲν
1130 536 1206 605 τῷ
1243 535 1381 608 μετά
1412 538 1597 607 χεῖρας
1645 532 1846 605 προῖὼν

276 635 502 703 φάσκει·
534 652 553 683 ι
595 629 737 701 Ἐγὼ
767 630 823 682 δὲ
860 628 1071 699 πτωχὸς
1103 627 1196 682 καὶ
1229 628 1433 697 πένης,
1477 626 1505 676 ὸ
1543 624 1694 688 Θεὸς,
1726 624 1849 695 βοή-

258 726 441 799 ’θησόν
467 743 577 797 μοι.
615 742 634 776 ι
662 724 823 776 Ὥστε
858 722 951 776 καὶ
980 721 1068 774 διά
1091 720 1250 773 τοῦτο
1286 718 1594 787 ἀναγκαίως
1621 716 1848 788 ἐπιγρά-

260 835 399 890 φειν
433 840 449 870 ι
486 820 567 881 εἰς
605 816 663 869 τὸ
713 815 886 879 τέλος.
924 833 942 867 ι
991 813 1116 866 Ἐὰν
1173 812 1270 883 μὲν
1305 808 1399 864 οὖν
1440 812 1503 863 ὲκ
1558 807 1848 882 προσώπου

273 913 370 966 τοῦ
403 910 563 966 Δαυῒδ
589 908 820 979 λέγοιτο,
850 908 1021 970 εἴποι,
1056 905 1122 960 ἂν
1168 906 1249 959 ὅτι
1280 904 1513 976 μεγάλου
1552 902 1850 973 βασιλεύων

273 1003 495 1067 ἔθνους,
545 1002 752 1073 σφόδρα
808 998 1210 1061 πλουσιώτατος
1251 994 1356 1060 ὢν,
1412 996 1512 1048 ούκ
1555 996 1741 1065 ἠγνόει
1788 993 1851 1047 τὸ

274 1096 485 1166 φάσκον
518 1095 723 1163 λόγιον·
756 1111 775 1145 ι
811 1094 961 1162 Ὂσῳ
997 1092 1171 1162 μέγας
1200 1084 1287 1153 εί,
1322 1087 1560 1158 τοσούτῳ
1589 1084 1848 1140 ταπεινοῦ

273 1188 529 1251 σεαυτὸν,
564 1189 657 1240 καὶ
694 1182 925 1240 ἐνώπιον
956 1184 1162 1255 Κυρίου
1197 1183 1451 1254 εὑρήσεις
1483 1180 1663 1252 χάριν.
1702 1199 1721 1231 ι
1759 1179 1850 1233 Διὸ

274 1278 680 1351 μετριοφρονῶν
721 1278 813 1330 καὶ
857 1274 1294 1345 ταπεινοφρονῶν
1328 1275 1423 1327 καὶ
1464 1271 1680 1344 ἀληθῶς
1720 1288 1848 1343 σμιη

260 1371 489 1445 κρύνων
521 1368 746 1436 ἑαυτὸν,
790 1366 885 1423 καὶ
933 1368 1069 1439 πρὸς
1110 1366 1173 1420 τὸ
1217 1366 1445 1436 μέγεθος
1491 1365 1710 1437 ἀφορῶν
1754 1364 1847 1418 τοῦ

270 1466 505 1520 πλούτου
536 1465 637 1535 τῆς
670 1463 1037 1535 χρηστότητος
1068 1457 1160 1513 τοῦ
1185 1457 1320 1513 Θεοῦ
1340 1500 1354 1525 ,
1384 1458 1597 1529 πτωχὸν
1625 1457 1717 1511 καὶ
1752 1457 1850 1511 πέ-

258 1572 411 1631 ’νητα
462 1558 651 1611 ἑαυτὸν
704 1555 791 1609 διὰ
838 1554 947 1607 τῶν
993 1549 1371 1625 προκειμένων
1421 1551 1666 1621 ὠνόμασε
1693 1567 1706 1579 ο
1755 1548 1848 1603 καλ⁸

267 1648 573 1722 ἀρχόμενος
614 1647 669 1701 δὲ
707 1644 800 1698 τοῦ
830 1644 1011 1713 λόγου,
1039 1643 1117 1706 ὠς
1152 1641 1316 1713 μηδὲν
1356 1639 1506 1711 αὐτῷ
1545 1638 1847 1711 συμϐαλλο-

272 1743 463 1809 μένου,
500 1739 633 1809 μήτε
663 1735 915 1801 πλούτου,
947 1734 1084 1806 μήτε
1120 1731 1415 1803 βασιλείας,
1451 1732 1585 1802 μήτε
1625 1730 1722 1802 τῆς
1752 1729 1845 1783 τοῦ

1952 548 2049 604 per
2075 549 2219 600 sum,
2256 532 2418 597 Deus,
2454 530 2650 599 adiuva
2702 545 2809 587 me.
2859 549 2879 584 ›
2912 530 2989 585 Ita
3039 539 3100 585 ut
3148 547 3210 586 ea
3247 530 3317 587 de
3359 546 3528 587 causa

1956 642 1975 676 ι
2006 626 2063 680 in
2109 624 2270 680 ﬁnem
2308 644 2329 677 ι
2383 623 2695 679 necessario
2756 622 3108 678 inscribatur.
3162 624 3317 691 Quod
3374 625 3421 681 si
3457 638 3530 683 ex

1950 733 2186 788 persona
2220 716 2443 773 Davidis
2476 715 2809 786 proferatur,
2842 717 2995 772 dicas
3029 717 3155 772 licet
3192 718 3369 788 ipsum
3412 732 3532 773 ma-

1950 827 2069 883 gna
2105 812 2280 883 gentis
2322 826 2523 882 regem,
2558 825 2623 867 ae
2651 811 2983 867 ditissimum
3008 849 3024 874 ,
3076 826 3186 865 non
3250 811 3532 882 ignorasse

1950 915 2131 959 tamen
2166 905 2370 959 dictum
2424 903 2604 959 illud:
2663 921 2682 955 ι
2722 902 2938 971 Quanto
2994 904 3171 971 major
3222 919 3315 967 es,
3377 911 3533 959 tanto

1950 995 2126 1065 magis
2165 995 2399 1065 teipsum
2451 993 2714 1061 humilia,
2765 1000 2820 1048 et
2867 992 2922 1046 in
2967 1000 3264 1063 conspectu
3312 991 3533 1048 Domini

1950 1088 2197 1142 invenies
2222 1089 2452 1159 gratiam
2482 1089 2571 1141 η’.
2596 1106 2616 1140 ι
2645 1085 2826 1153 Quare
2858 1087 3137 1142 moderate
3170 1094 3223 1141 et
3254 1085 3536 1141 humiliter

1950 1181 2215 1246 sentiens,
2246 1197 2482 1251 vereque
2510 1195 2632 1255 sese
2666 1194 2892 1250 parvum
2938 1187 3219 1250 reputans,
3256 1193 3320 1233 ac
3356 1178 3533 1247 respi-

1947 1275 2103 1330 ciens
2135 1273 2565 1345 magnitudinem
2591 1273 2905 1328 divitiarum
2945 1273 3206 1328 bonitatis
3239 1271 3372 1338 Dei,
3407 1287 3535 1343 ege-

1952 1382 2080 1420 num
2117 1382 2176 1422 se
2223 1376 2278 1422 ct
2311 1380 2603 1437 pauperem
2661 1366 2716 1419 in
2765 1364 3018 1435 prasenti
3065 1365 3314 1421 vocavit:
3368 1370 3536 1433 atque

1949 1471 2256 1513 sermonem
2289 1457 2532 1521 ordiens,
2566 1470 2630 1509 ac
2665 1456 2712 1511 si
2751 1456 2989 1521 divitia,
3047 1470 3307 1525 regnum,
3364 1456 3536 1511 totius

1948 1550 2132 1622 populi
2164 1551 2386 1614 auxilia,
2416 1551 2654 1623 itemque
2693 1549 2904 1621 justitia
2939 1563 3038 1619 per
3081 1548 3533 1604 exercitationem

1947 1648 2285 1713 comparata,
2319 1642 2456 1696 nihil
2486 1642 2592 1698 sibi
2642 1641 2981 1707 conferrent,
3011 1639 3184 1696 solius
3228 1638 3323 1694 Dei
3375 1639 3534 1694 auxi-

1949 1733 2081 1787 lium
2140 1734 2426 1804 expetebat
2484 1734 2720 1793 dicens:
2768 1752 2789 1789 ι
2843 1732 3023 1799 Deus,
3084 1733 3141 1787 in
3199 1730 3531 1800 adiutorium

269 1831 477 1894 παντὸς
515 1829 698 1893 ἔθνους
730 1827 979 1900 βοηθείας
999 1866 1013 1888 ,
1052 1827 1186 1898 μήτε
1212 1825 1309 1896 τῆς
1350 1822 1411 1888 ἐξ
1438 1824 1721 1894 ἀσκήσεως
1754 1839 1845 1874 πο-

1952 1837 2131 1879 meum
2150 1825 2366 1880 intende
2387 1844 2401 1891 ;
2420 1825 2668 1890 Domine,
2693 1826 2761 1882 ad
2782 1826 3151 1897 adjuvandum
3173 1838 3259 1881 me
3276 1824 3529 1881 festina»

271 1922 553 1994 ρισθείσης
597 1918 745 1991 αὐτῷ
787 1918 1151 1990 δικαιοσύνης,
1199 1917 1299 1988 τὴν
1344 1916 1494 1988 παρὰ
1547 1915 1707 1985 μόνου
1755 1912 1849 1967 τοῦ

251 2013 409 2067 ’Θεοῦ
454 2013 701 2086 βοήθειαν
737 2010 1103 2083 ὲξῄτειλέγων
1123 2027 1136 2041 ·
1180 2029 1196 2061 ι
1222 2010 1279 2062 '0
1311 2008 1462 2073 Θεὸς,
1490 2009 1570 2071 εἰς
1593 2006 1692 2079 τὴν
1721 1995 1850 2077 βοή-

252 2106 424 2160 θειάν
454 2123 554 2178 μου
577 2105 832 2178 πρόσχες.
859 2103 1053 2175 Κύριε,
1090 2104 1167 2166 είς
1189 2102 1251 2154 τὸ
1270 2100 1537 2172 βοηθῆσαί
1565 2116 1653 2171 μοι
1683 2098 1850 2150 σπεῦ-

250 2212 385 2250 ’σον.
423 2216 440 2249 ι
490 2196 663 2268 Ὀρῶν
706 2195 762 2249 δὲ
796 2194 1024 2257 πολλοὺς
1068 2191 1553 2263 διαφθονουμένους
1600 2192 1665 2261 τῇ
1710 2186 1851 2241 κατά

250 2290 405 2343 ’θεὸν
426 2287 593 2343 αὐτοῦ
621 2289 867 2360 προκοπῇ
903 2286 997 2339 καὶ
1025 2284 1418 2355 βασκαίνοντας
1445 2283 1609 2339 αὑτοῦ
1638 2286 1705 2354 τῇ
1737 2299 1846 2335 σω-

250 2381 438 2454 έτηρίᾳ
477 2382 575 2453 τῆς
608 2380 820 2451 ψυχῆς,
866 2376 1175 2448 προσετίθει
1208 2376 1267 2430 τὸ
1287 2415 1301 2437 ,
1331 2394 1350 2427 ι
1390 2375 1847 2446 Αίσχυνθήτωσαν

254 2477 367 2529 ἰκαὶ
416 2474 838 2543 ὲντραπήτωσαν
887 2471 937 2523 οί
989 2466 1280 2539 ζητοῦντες
1328 2468 1427 2539 τὴν
1479 2467 1656 2539 ψυχήν
1720 2482 1843 2539 μου.

276 2562 811 2634 Ἀποστραφήποσαν
840 2559 921 2622 είς
951 2558 1017 2613 τά
1053 2558 1230 2612 ὀπίσω
1251 2557 1344 2611 καὶ
1374 2556 1848 2630 καταισχυνθήτω-

252 2673 372 2711 σαν
403 2657 454 2710 οἱ
488 2654 797 2727 βουλόμενοί
832 2670 923 2725 μοι
961 2653 1125 2707 κακά.
1168 2652 1698 2723 Ἀποστραφήτωσαν
1738 2668 1845 2704 πα-

258 2749 506 2823 ραυτίκα
535 2745 908 2817 αἰσχυνόμενοι
936 2746 985 2798 οἱ
1015 2742 1262 2813 λέγοντές
1294 2761 1416 2814 μοι,
1447 2739 1609 2811 Εὖγε,
1637 2739 1786 2811 εὖγε.
1820 2760 1840 2795 ι

260 2842 368 2895 Διὰ
388 2841 591 2894 τούτων
606 2837 978 2911 γάρὸμολογεί
992 2836 1153 2899 αύτὸς
1175 2836 1272 2907 μὲν
1289 2836 1469 2906 ἑαυτῷ
1494 2835 1570 2907 μὴ
1589 2833 1846 2889 δύνασθαι

261 2933 534 3004 ὶπαρκείν
553 2971 567 2995 ,
599 2930 805 2984 δεῖσθαι
840 2929 899 2982 δὲ
930 2929 1028 2992 τῆς
1064 2926 1215 3000 παρά
1258 2927 1351 2980 τοῦ
1375 2928 1680 2999 κρείττονος
1719 2926 1846 2999 βοη-

265 3023 456 3086 θείας·
491 3022 587 3089 ὼς,
618 3023 667 3075 εί
704 3021 777 3093 μὴ
804 3021 954 3091 τύχοι
986 3019 1207 3092 ταύτης,
1240 3019 1445 3091 ἔρημος
1472 3018 1727 3089 ἐσόμενος
1752 3018 1848 3071 καὶ

266 3114 731 3185 ἐλεγχθησὸμενος
760 3112 991 3184 ἀσθενὴς
1006 3112 1100 3165 καὶ
1127 3111 1289 3164 πλέον
1303 3111 1454 3164 οὐδὲν
1482 3109 1515 3181 ἢ
1544 3110 1732 3181 θνητὸς
1752 3110 1847 3165 ἄν-

267 3207 523 3277 θρωπος·
553 3206 647 3259 καὶ
676 3205 753 3269 ὡς
785 3207 831 3258 οἱ
857 3204 1043 3277 ἐχθροὶ
1075 3203 1235 3256 αὑτοῦ
1263 3202 1730 3275 ἐπιχαιρεσίκακοί
1766 3218 1848 3255 τι-

261 3315 359 3361 νες
396 3298 552 3361 ὄντες
591 3296 814 3349 πεσόντι
860 3294 1009 3366 αὐτῷ
1049 3293 1502 3365 ὲπαναὸήσονται.
1545 3294 1610 3346 El
1636 3292 1692 3346 δὲ
1724 3292 1850 3363 βοη-

262 3389 365 3445 θοῦ
420 3390 573 3461 τύχοι
624 3386 718 3443 τοῦ
772 3388 928 3455 Θεοῦ,
981 3388 1141 3452 αὐτὸς
1193 3386 1290 3459 μὲν
1354 3385 1504 3439 ἔσται
1548 3384 1844 3457 ἀνώτερος·

264 3485 534 3554 αἰσχύνην
570 3481 628 3535 δὲ
669 3480 1060 3551 καταχεοῦνται
1102 3482 1150 3533 οἱ
1186 3479 1289 3550 τῆς
1317 3476 1480 3531 αὑτοῦ
1521 3475 1698 3547 ψυχῆς
1732 3473 1849 3528 ὲπί-

260 3578 482 3638 σουλοι·
510 3575 708 3638 οἵτινες
755 3572 840 3642 ἐφ’
868 3573 1073 3645 ἑκάστῃ
1104 3572 1299 3644 πράξει
1325 3570 1465 3624 κατά
1489 3570 1657 3633 πόδας
1681 3566 1845 3623 αὐτοῦ

266 3671 545 3742 βαίνοντες
558 3668 653 3721 καὶ
664 3665 992 3739 πειρώμενοι
1008 3664 1166 3718 ὲπιλα
1173 3664 1340 3735 μϐάνε
1348 3662 1469 3715 σθαι
1484 3661 1646 3715 αὐτοῦ
1666 3661 1788 3729 λέγε
1797 3679 1844 3714 ιν

263 3762 545 3824 εἰώθασιν,
583 3778 600 3810 ι
632 3755 773 3827 Εὖγε
792 3798 807 3822 ,
840 3753 966 3826 εὖγε
989 3796 1002 3819 ,
1034 3774 1052 3809 ι
1081 3756 1158 3819 ὠς
1179 3755 1244 3809 ἂν
1274 3752 1725 3824 ἐπιτυγχάνοντες
1749 3752 1844 3805 καὶ

266 3857 391 3910 κατ’
420 3853 585 3924 εὐχὰς
616 3852 944 3924 πράττοντες
967 3852 1024 3902 ὲν
1057 3843 1137 3912 οἷς
1167 3848 1329 3901 αὑτὸν
1365 3844 1693 3914 σφάλλεσθαι
1725 3844 1842 3899 ἐνό-

268 3945 447 4018 μιξον.
489 3945 551 3997 Ei
573 3942 627 3996 δὲ
666 3942 759 3995 ἐπὶ
791 3942 883 3994 τὸν
910 3938 1137 4011 Σωτῆρά
1157 3954 1239 4001 τις
1264 3937 1523 4008 ἀναφέροι
1555 3933 1723 3988 ταῦτα
1758 3932 1845 3988 διὰ

254 4036 365 4107 τὴν
391 4034 744 4089 ἀποδοθεῖσαν
777 4032 976 4095 αἰτίαν,
1010 4032 1157 4102 ὲρεί,
1186 4030 1268 4083 ὅτι
1312 4031 1437 4091 τοὺς
1473 4026 1846 4081 ἐπιϐουλεύον-

252 4140 369 4192 *τας
393 4125 559 4180 αὑτοῦ
584 4124 663 4197 τῷ
683 4126 826 4195 λόγῳ
853 4124 948 4178 καὶ
972 4126 1036 4193 τῇ
1066 4120 1405 4193 διδασκαλίᾳ,
1434 4120 1512 4191 τῷ
1532 4136 1591 4173 τε
1622 4119 1843 4191 μεγάλῳ

262 4219 482 4290 σώματι
512 4219 611 4289 τῆς
649 4216 974 4287 Ἐκκλησίας
1012 4213 1175 4269 αὑτοῦ
1218 4212 1439 4285 θεωρῶν
1474 4211 1831 4281 ἐπανισταμέ-

1948 1918 2411 1974 Animadvertens
2445 1929 2624 1976 autem
2679 1920 2946 1992 plurimos
2986 1936 3110 1977 esse
3142 1920 3237 1990 qui
3286 1934 3389 1974 suo
3448 1933 3536 1974 se—

1950 2014 2190 2066 cundum
2222 2008 2391 2067 Deum
2423 2011 2711 2083 profectui,
2739 2014 2909 2069 livore
2936 2012 3107 2080 ducti,
3129 2028 3195 2067 ac
3217 2012 3383 2068 saluti
3408 2010 3532 2065 ani-

1950 2118 2053 2159 ma
2077 2116 2190 2159 sua
2234 2102 2560 2169 inviderent,
2590 2105 2722 2159 illud
2773 2104 3013 2175 adjecit:
3054 2123 3073 2157 ι
3108 2103 3535 2160 Confundantur

1950 2202 2003 2251 et
2032 2206 2385 2252 revereantur
2422 2199 2515 2268 qui
2550 2205 2803 2268 quarunt
2832 2198 3068 2252 animam
3102 2212 3303 2253 meam.
3359 2196 3534 2251 Aver-

1948 2295 2135 2343 tantur
2181 2297 2485 2346 retrorsum
2532 2299 2587 2346 et
2637 2292 2965 2348 erubescant
3008 2293 3103 2363 qui
3158 2292 3348 2346 volunt
3396 2290 3532 2346 mihi

1947 2377 2111 2429 mala.
2138 2374 2475 2433 Avertantur
2508 2378 2695 2433 statim
2753 2380 3145 2436 erubescentes
3186 2380 3281 2450 qui
3340 2381 3533 2436 dicunt

1945 2468 2102 2533 mihi,
2126 2467 2295 2540 Euge,
2324 2484 2481 2540 euge.
2521 2489 2541 2523 ι
2575 2469 2672 2525 llis
2709 2472 3003 2527 conﬁtetur
3031 2487 3090 2527 se
3117 2486 3229 2526 non
3262 2469 3367 2526 sibi
3396 2473 3532 2529 satis

1944 2574 2089 2624 esse,
2117 2560 2213 2616 sed
2247 2559 2341 2616 Dei
2382 2560 2588 2618 auxilio
2623 2577 2804 2634 egere.
2839 2560 3107 2618 Futurum
3140 2562 3346 2635 quippe
3372 2571 3529 2630 erat,

1947 2652 1994 2709 si
2017 2652 2071 2708 id
2099 2668 2208 2708 non
2233 2663 2684 2725 consequeretur,
2719 2664 2779 2711 ut
2821 2655 3073 2713 desertus
3098 2664 3266 2722 esset,
3289 2672 3354 2712 ac
3380 2657 3532 2713 inﬁr-

1944 2760 2071 2802 mus
2097 2747 2343 2817 nihilque
2365 2748 2537 2820 magis
2558 2764 2722 2820 quam
2746 2751 3001 2806 mortalis
3027 2749 3188 2805 homo
3220 2748 3524 2821 deprehen-

1947 2837 2189 2903 deretur,
2209 2839 2525 2911 inimicique
2554 2842 2747 2897 alienis
2766 2841 2924 2896 malis
2956 2841 3282 2911 gaudentes,
3312 2842 3527 2912 lapsum

1949 2946 2009 2986 se
2036 2931 2281 2987 invasuri
2305 2940 2511 2988 essent.
2549 2931 2608 2987 Si
2652 2948 2786 2989 vero
2819 2933 3124 3003 adjutorem
3173 2932 3344 2990 Deum
3391 2948 3533 2989 nan-

1946 3024 2267 3089 cisceretur,
2301 3025 2637 3096 superiorem
2673 3040 2733 3081 se
2765 3024 2878 3081 fore
2908 3026 3211 3098 animaque
3263 3042 3378 3082 sua
3424 3027 3534 3082 ini-

1950 3114 2123 3170 micos
2147 3115 2355 3185 pudore
2385 3115 2651 3171 suil‘usum
2701 3116 2768 3172 iri
2813 3116 3089 3187 sperabat.
3146 3114 3213 3171 Hi
3259 3117 3405 3172 enim
3461 3115 3530 3172 ad

1950 3206 2163 3277 singula
2197 3217 2347 3278 gesta
2366 3208 2485 3277 ejus
2500 3222 2531 3263 ο
2546 3208 2777 3279 vestigio
2799 3209 3114 3266 incedentes
3138 3210 3529 3284 observabant,

1952 3295 2241 3367 ipsumque
2294 3296 2755 3368 comprehendere
2809 3298 3092 3355 studentes
3154 3301 3339 3356 dicere
3384 3303 3531 3357 sole-

1952 3388 2101 3455 bant,
2133 3407 2151 3440 ‹
2194 3388 2381 3460 Euge,
2420 3404 2575 3460 euge,
2610 3408 2628 3442 ι
2666 3390 2821 3459 quasi
2863 3405 2919 3445 re
2963 3390 3103 3447 bene
3145 3399 3297 3463 gesta
3344 3401 3399 3448 et
3432 3408 3533 3464 pro

1949 3491 2075 3535 voto
2107 3482 2458 3545 succedente,
2490 3495 2613 3535 cum
2650 3482 2860 3552 lapsum
2896 3497 3019 3537 eum
3064 3492 3340 3553 putarent.
3373 3484 3533 3552 Quod

1949 3573 1997 3629 si
2023 3573 2147 3644 quis
2176 3573 2291 3628 hac
2322 3572 2388 3627 ad
2425 3574 2760 3628 Salvatorem
2805 3574 2877 3629 ob
2921 3589 3087 3645 super
3111 3576 3369 3631 traditam
3396 3593 3533 3633 cau-

1952 3681 2067 3721 sam
2098 3665 2320 3728 referat,
2358 3666 2407 3721 is
2437 3666 2614 3731 dicet,
2661 3667 2839 3737 ipsum
2870 3682 2994 3721 cum
3031 3678 3276 3723 cerneret
3315 3684 3410 3725 eos
3436 3671 3533 3740 qui

1951 3758 2118 3814 verbo
2161 3765 2216 3813 et
2278 3758 2542 3813 doctrina
2595 3773 2710 3815 sua
2755 3768 3060 3830 magnoQue
3106 3759 3363 3817 Ecclesia
3418 3777 3533 3818 sua

1950 3848 2171 3935 corppri
2213 3847 2639 3913 insidiabantur,
2677 3849 2958 3919 insurgere
2989 3864 3052 3905 ac
3096 3849 3410 3921 frequenter
3436 3853 3533 3907 ad-

1948 3955 2145 3996 versus
2193 3939 2340 3993 illam
2373 3941 2781 4009 persecutiones
2820 3941 3100 4008 excitare;
3137 3956 3327 3998 eorum
3376 3943 3532 3999 mali-

1946 4035 2077 4089 tiam
2102 4040 2470 4098 exsecratum,
2506 4032 2648 4089 hanc
2680 4034 2998 4104 prophetice
3038 4036 3343 4091 orationem
3392 4037 3534 4092 emi-

1945 4126 2107 4189 sisse,
2137 4125 2349 4195 hocque
2382 4124 2576 4181 orandi
2611 4125 2925 4182 institutum
2970 4126 3231 4183 Ecclesia
3275 4143 3391 4184 sua
3420 4137 3534 4186 trav

1945 4212 2168 4267 didisse.

263 4330 411 4377 νους,
438 4314 531 4368 καὶ
556 4312 681 4376 τοὺς
717 4311 987 4381 διωγμοὺς
1027 4308 1262 4379 συνεχῶς
1298 4306 1417 4362 κατ’
1448 4306 1618 4377 αὐτῆς
1663 4305 2049 4375 ἐνεργοῦντας,
2082 4307 2613 4380 ἀποτροπιαζόμενος
2674 4309 2855 4364 αὐτῶν
2915 4310 3015 4384 τὴν
3066 4311 3298 4381 κακίαν,
3328 4311 3535 4385 ταύτην

259 4406 619 4478 προφητικῶς
673 4406 951 4476 ἀνέπεμπε
1004 4404 1102 4474 τὴν
1144 4401 1341 4474 εὐχὴν,
1390 4401 1531 4455 οῦτω
1573 4401 1684 4455 δεῖν
1730 4400 1981 4472 εὔχεσθαι
2011 4401 2275 4487 διδάσκων
2296 4403 2395 4476 τὴν
2442 4404 2766 4476 Ἐκκλησίαν
2798 4406 2984 4462 αὑτοῦ.

339 4516 362 4551 ι
406 4498 875 4568 Ἀγαλλιάσθωσαν
907 4498 1000 4552 καὶ
1028 4498 1487 4570 εύφρανθήτωσαν
1518 4497 1609 4550 ἐπὶ
1635 4497 1694 4550 σὲ
1716 4496 1845 4551 πάν-

2024 4494 2190 4551 Vsns.
2234 4497 2286 4561 5,
2328 4500 2379 4551 6.
2405 4516 2423 4549 ι
2452 4496 2737 4554 Exsultent
2774 4508 2828 4554 et
2862 4501 3112 4555 laetentur
3131 4512 3296 4572 super
3329 4512 3382 4558 te
3414 4517 3536 4557 om-
3594 4516 3598 4520 '

254 4609 358 4656 τες
388 4592 438 4645 οἱ
486 4592 773 4664 ζητοῦντές
800 4608 881 4645 σε.
914 4611 931 4642 ›
971 4591 1051 4645 Τὰ
1093 4591 1191 4661 μὲν
1236 4589 1427 4662 πρῶτα
1473 4587 1846 4661 ἀνατρεπτικά

254 4681 332 4756 ἦν
392 4683 500 4736 τῶν
538 4684 829 4738 ἐναντίων·
887 4682 1193 4745 ἀκολούθως
1228 4682 1285 4735 δὲ
1327 4680 1395 4735 τὰ
1439 4681 1667 4753 δεύτερα
1705 4680 1844 4752 ὑπὲρ

258 4775 375 4831 τῶν
402 4775 619 4830 οίκείων
660 4775 971 4848 πρεσϐεύει.
1009 4776 1118 4831 Καὶ
1154 4776 1201 4829 εί
1251 4776 1348 4846 μὲν
1387 4776 1416 4827 ὁ
1452 4773 1613 4827 Δαυῒδ
1650 4773 1843 4844 δικαίῳ

256 4867 585 4940 πρέπουσαν
611 4869 773 4940 εὐχὴν
805 4871 1062 4933 ἐποιεῖτο,
1098 4868 1172 4932 ὼς
1200 4868 1264 4922 ἂν
1297 4868 1498 4931 πάντες
1520 4869 1567 4921 οί
1592 4867 1684 4920 τὸν
1710 4867 1843 4921 Θεὸν

258 4960 576 5030 ζητοῦντες,
610 4954 685 5015 ὧν
733 4957 813 5025 είς
864 4962 958 5015 καὶ
1006 4961 1167 5024 αὐτὸς
1214 4956 1312 5031 ἦν,
1344 4960 1716 5029 ἀγαλλιάσεως
1748 4958 1843 5014 καὶ

256 5050 605 5123 εὐφροσύνης
626 5052 902 5123 μετέχοιεν
922 5052 1029 5106 τῶν
1059 5051 1267 5125 ἐχθρῶν
1296 5050 1805 5121 καταισχυνομένων
1825 5067 1840 5083 ·

255 5145 309 5197 οἱ
346 5144 407 5197 δὲ
448 5145 768 5214 ἀγαπῶντες
801 5146 861 5199 τὸ
900 5146 1165 5217 σωτήριον
1210 5144 1301 5198 τοῦ
1336 5143 1471 5197 Θεοῦ
1513 5143 1720 5212 λέγοιεν
1748 5141 1839 5208 ἂν,

262 5254 284 5287 ι
312 5236 722 5309 Μεγαλυνθήτω
769 5239 798 5290 ὁ
842 5239 1006 5302 Θεός·
1042 5258 1059 5290 ι
1117 5240 1210 5292 καλ⁸
1249 5237 1408 5291 τοῦτο
1463 5237 1539 5308 μὴ
1585 5234 1839 5300 είσάπαξ,

260 5328 402 5398 μηδὲ
448 5328 527 5381 ἑνί
579 5348 707 5383 ποτε
758 5331 932 5403 καιρῷ
957 5372 971 5391 ,
1006 5330 1141 5385 ἀλλά
1167 5330 1457 5394 διαπαντὸς
1496 5329 1739 5398 λέγοιεν,
1764 5346 1843 5382 νι-

259 5418 470 5483 κῶντος
522 5422 579 5473 ὲν
623 5422 807 5486 αὐτοῖς
848 5423 942 5476 καὶ
973 5423 1037 5477 δι’
1074 5422 1253 5475 αὐτῶν
1295 5423 1405 5475 πᾶν
1450 5420 1543 5474 τὸν
1581 5420 1841 5489 πολέμιον

259 5511 419 5579 γένος
445 5509 538 5566 τοῦ
565 5512 721 5568 Θεοῦ.
753 5515 816 5568 Ei
845 5514 902 5569 δὲ
926 5517 955 5569 ό
989 5514 1178 5586 Σωτὴρ
1202 5516 1312 5577 τοῖς
1352 5511 1727 5584 προλεχθεῖσιν
1762 5512 1840 5583 (1)

259 5603 573 5669 ἀκολούθως
608 5605 693 5677 εἴη
730 5607 869 5680 ὑπὲρ
895 5607 1002 5661 τῶν
1048 5605 1108 5671 ἐξ
1144 5606 1400 5661 ἀπάντων
1434 5605 1741 5680 τῶν,ὲθνῶν
1766 5606 1844 5671 είς

334 5698 403 5732 ⁷⁸⁸
432 5694 601 5754 Eccli.
638 5714 716 5759 ιιι.
745 5699 834 5755 20.

340 5792 418 5859 (ι)
448 5793 659 5846 nam.

1949 4604 2047 4645 nes
2079 4590 2172 4660 qui
2206 4599 2457 4661 quarunt
2482 4598 2554 4647 te.
2596 4612 2613 4644 ι
2662 4591 2852 4647 Priora
2895 4594 3114 4663 quidem
3151 4595 3220 4649 ad
3278 4595 3535 4653 inimicos

1948 4683 2273 4738 avertendos
2306 4684 2451 4738 dicta
2502 4692 2668 4751 sunt;
2709 4685 2949 4739 secunda
2982 4702 3110 4740 vero
3140 4701 3240 4755 pro
3272 4686 3535 4743 domesti-

1945 4773 2027 4827 cis
2070 4773 2401 4841 supplicant.
2439 4771 2504 4827 Et
2547 4788 2681 4828 sane
2733 4772 2954 4842 quidem
3008 4773 3175 4829 David
3226 4776 3534 4833 orationem

1940 4863 2094 4933 justo
2126 4873 2518 4935 congruentem
2551 4865 2756 4931 emisit,
2794 4877 3050 4937 precatus
3075 4876 3134 4922 ut
3168 4869 3408 4926 universi
3436 4870 3533 4941 qui

1945 4955 2117 5012 Deum
2153 4957 2460 5027 requirunt,
2497 4973 2563 5013 ex
2594 4973 2828 5027 quorum
2855 4959 2945 5015 ille
2970 4976 3201 5017 numero
3226 4969 3383 5026 erat,
3420 4963 3533 5018 ini-

1949 5049 2108 5104 micis
2131 5049 2338 5120 pudore
2366 5048 2612 5114 suﬂ‘usis,
2636 5051 3020 5108 exsultationis
3043 5060 3096 5107 et
3137 5054 3318 5124 gaudii
3365 5055 3537 5126 parti-

1949 5140 2103 5211 cipes
2133 5140 2263 5196 sint.
2321 5140 2359 5196 li
2398 5157 2526 5198 vero
2573 5143 2666 5215 qui
2698 5143 2933 5215 diligunt
2984 5145 3226 5201 salutare
3259 5144 3376 5211 Dei,
3408 5143 3537 5215 jure

1950 5232 2223 5297 dixerint,
2283 5252 2303 5285 ι
2371 5234 2747 5305 Magniﬁcetur
2805 5235 3098 5303 Dominus;
3144 5257 3163 5291 ι
3218 5236 3382 5292 idaue
3425 5250 3533 5293 non

1950 5326 2140 5391 semel,
2172 5326 2267 5382 sed
2293 5328 2725 5400 omnitempore,
2751 5330 2878 5401 quia
2902 5329 3019 5401 ipse
3036 5329 3299 5386 Dominus
3320 5332 3374 5384 in
3399 5328 3533 5400 ipsis

1948 5418 2305 5490 ipsorumque
2332 5434 2500 5491 opera
2535 5437 2710 5493 genus
2755 5438 2918 5478 omne
2968 5422 3412 5478 adversariorum
3434 5418 3533 5474 Dei

1950 5510 2224 5583 proﬂigat.
2259 5511 2415 5579 Quod
2462 5513 2507 5570 si
2560 5512 2810 5571 Salvator
2858 5515 3136 5586 pradictis
3166 5512 3349 5569 verbis
3398 5525 3533 5569 usus

1952 5605 2046 5670 sit,
2068 5612 2469 5677 consequenter
2516 5604 2585 5661 de
2635 5607 2892 5663 omnibus
2943 5606 3197 5678 gentibus
3232 5605 3287 5659 in
3318 5617 3379 5659 se
3408 5615 3531 5658 cre-
