4068 6532
594 285 688 341 771

1261 287 1529 343 EUSEBll
1567 287 2041 345 CJESARIENSIS
2081 289 2231 345 OPP.
2273 289 2454 347 PARS
2483 289 2568 345 lli.
2615 320 2683 329 —
2722 286 3135 345 EXEGETICA.

3758 287 3865 342 772

591 401 848 459 dentibus
878 401 1114 457 dixerit:
1150 420 1167 453 ι
1202 401 1485 458 Exsultent
1510 412 1564 460 et
1600 405 1852 459 laetentur
1886 406 1942 460 in
1976 414 2028 461 te
2054 421 2166 461 om-

2273 409 2437 461 αὑτδν
2460 406 2920 468 πεπιστευκότων,
2947 406 3094 474 λέγοι
3121 405 3188 459 ἂν
3215 405 3293 470 τὸ,
3324 425 3342 457 ι
3384 405 3865 476 Ἀγαλλιάσθωσαν

593 512 692 551 nes
714 494 809 567 qui
837 501 1087 564 qnaarunt
1119 502 1190 549 te.
1230 513 1248 546 ι
1285 493 1404 550 Non
1432 497 1576 551 enim
1624 496 1795 552 Judaai
1825 498 2001 552 solum
2022 538 2037 562 ,
2082 514 2175 552 ne-

591 607 701 662 que
752 591 786 644 ii
830 590 924 660 qui
970 605 1028 644 se
1080 605 1146 644 ex
1179 590 1489 644 Abrahamo
1522 598 1674 645 ortos
1707 590 2043 661 gloriantur;
2080 591 2174 645 sed

594 684 893 739 universim
922 692 977 737 et
1012 682 1291 736 indefinite
1317 697 1509 737 omnes
1540 696 1768 752 prorsus
1809 682 1902 751 qui
1925 689 2175 749 quaerunt

587 784 668 841 te,
692 791 761 831 ex
789 774 985 844 quovis
1012 790 1208 844 genere
1234 774 1455 838 fuerint,
1494 791 1512 824 ι
1547 775 1821 828 exsultent
1843 780 1897 828 ct
1925 774 2175 828 laetentur

585 868 646 922 in
672 875 747 936 te,
769 874 822 923 et
849 867 1065 933 dicant,
1118 867 1492 937 Magnificetur
1527 868 1668 923 Deus
1702 886 1714 922 :
1772 888 1791 920 ι
1830 868 1991 937 idque
2028 868 2173 921 omni

586 968 835 1030 tempore
856 960 1047 1014 dicant
1076 960 1167 1030 qui
1198 960 1432 1031 diligunt
1476 961 1719 1015 salutare
1754 966 1931 1023 tuum,
1964 960 2175 1014 scilicet

583 1050 958 1115 Salvatorem,
982 1055 1075 1123 qui
1106 1070 1248 1122 saepe
1295 1054 1347 1106 in
1403 1052 1704 1122 Scripturis
1738 1051 1979 1107 salutare
2006 1065 2173 1105 voca-

589 1157 709 1216 tur;
742 1166 903 1221 quem
937 1150 1171 1221 diligunt
1201 1150 1236 1204 ii
1263 1189 1278 1212 ,
1325 1148 1417 1219 qui
1467 1148 1773 1220 doctrinam
1803 1146 1923 1216 ejus
1953 1145 2009 1199 in
2036 1144 2173 1198 dile-

602 1242 787 1296 ctione
817 1256 954 1311 pura
1005 1241 1261 1311 Operibus
1295 1240 1497 1295 fovent.
1529 1258 1547 1292 ι
1583 1238 1695 1310 Ego
1721 1253 1848 1293 vero
1878 1251 2082 1307 egenus
2120 1243 2174 1291 et

597 1346 808 1402 pauper
833 1349 954 1387 sum
984 1351 997 1386 :
1029 1331 1193 1393 Deus,
1218 1332 1415 1397 adjuva
1450 1348 1555 1385 me.
1587 1350 1605 1381 δ
1638 1329 1804 1383 David
1829 1343 2067 1399 quoque,
2091 1326 2163 1380 di-

580 1439 685 1479 ves
720 1440 844 1478 cum
878 1431 1043 1487 esset,
1078 1424 1354 1478 humiliter
1392 1423 1680 1483 sentiebat,
1714 1437 1918 1493 gnarus
1965 1419 2175 1476 scilicet

591 1515 989 1584 magnitudinis
1023 1515 1155 1579 Dei,
1214 1515 1439 1584 etquod
1474 1530 1534 1569 se
1566 1514 1703 1568 nihil
1753 1529 1879 1569 esse
1942 1511 2169 1567 videret.

586 1607 770 1673 Quare
802 1608 972 1663 solius
1000 1606 1157 1663 fortis
1182 1606 1356 1679 [Dei]
1389 1622 1545 1677 opem
1579 1606 1903 1677 implorabat
1946 1605 2167 1659 dicens:

583 1719 613 1751 1
655 1699 832 1762 Deus,
885 1701 1084 1769 adjuva
1140 1716 1271 1754 me:
1335 1701 1554 1771 adjutor
1611 1715 1765 1754 meus
1813 1706 1868 1753 et
1917 1698 2173 1752 liberator

2278 498 2371 552 καὶ
2398 497 2857 569 εὐφρανθήτωσαν
2881 496 2974 550 ἐπὶ
3001 496 3083 549 σοὶ
3114 494 3313 559 πάντες
3334 497 3381 548 οἰ
3410 493 3702 566 ζητοῦντές
3729 513 3812 549 σε.
3841 515 3860 549 ι

2277 592 2369 662 Μὴ
2420 591 2530 664 γὰρ
2580 593 2727 662 μόνοι
2769 588 3030 651 Ἰουδαῖοι,
3070 588 3204 659 μηδὲ
3251 589 3300 641 οἰ
3348 586 3438 640 τὸν
3475 587 3729 660 Ἀϐραὰμ
3764 588 3863 641 αὒ-

2275 682 2519 753 χοῦντες,
2556 682 2692 736 ἀλλά
2722 680 2951 735 καθόλου
2979 680 3072 733 καὶ
3104 679 3373 748 ἀορίστως
3398 678 3599 742 πάντες
3622 680 3739 732 ὅσοι
3768 680 3866 749 δή,

2275 790 2406 827 ποτε
2454 774 2548 828 καὶ
2593 774 2654 839 eg
2698 774 2811 826 οἴου
2862 771 3054 841 γένους
3104 765 3213 822 εἷεν
3260 770 3309 823 οἱ
3362 768 3722 841 ὲκζητοῦντές
3771 784 3863 834 σε,

2281 885 2299 917 ι
2328 862 2777 933 ἀγαλλιάσθωσαν
2794 861 2887 915 καὶ
2915 859 3370 933 εὐφρανθήτωσαν
3394 861 3487 914 ἐπὶ
3522 861 3623 920 σοὶ,
3664 862 3761 914 καὶ
3778 860 3868 913 λε-

2275 956 2543 1025 γέτωσαν,
2576 954 2983 1025 Μεγαλυνθήτω
3007 955 3035 1006 ό
3058 953 3189 1017 Θεός
3209 969 3221 983 ⁸
3271 972 3288 1004 ι
3326 954 3419 1006 καὶ
3446 954 3604 1006 τοῦτο
3627 953 3865 1022 λεγέτω-

2277 1066 2375 1103 σαν
2403 1049 2691 1113 διαπαντὸς
2723 1048 2772 1101 οἰ
2799 1046 3121 1116 ἀγαπῶντες
3154 1045 3213 1098 τὸ
3248 1046 3513 1116 σωτήριόν
3548 1062 3642 1097 σου
3660 1061 3676 1076 ο
3702 1045 3867 1098 αὐτὸν

2272 1140 2471 1211 δηλαδὴ
2504 1138 2593 1192 τὸν
2629 1137 2856 1207 Σωτῆρα
2897 1136 3165 1206 σωτήριον
3189 1132 3453 1203 πολλαχοῦ
3490 1132 3598 1185 τῶν
3630 1131 3865 1203 Γραφῶν

2273 1228 2679 1301 ὠνομασμένον,
2710 1227 2772 1281 ὃν
2803 1226 3087 1296 ἀγαπῶσιν
3113 1226 3161 1278 οἱ
3194 1225 3258 1277 δι’
3284 1224 3458 1295 ἔργων
3486 1225 3586 1295 τὴν
3610 1224 3866 1277 διδασκα-

2272 1323 2392 1375 λίαν
2423 1320 2587 1375 αὑτοῦ
2615 1324 2671 1374 ὲν
2696 1320 2886 1393 ἀγάπῃ
2919 1318 3133 1390 καθαρᾷ
3163 1318 3531 1389 περιέποντες.
3566 1335 3584 1367 ι
3626 1314 3771 1383 Ἐγὼ
3807 1316 3864 1370 δὲ

2274 1415 2489 1485 πτωχὸς
2518 1415 2610 1467 καὶ
2635 1413 2823 1484 πένης·
2847 1414 2875 1464 ὁ
2892 1411 3044 1475 Θεὸς,
3080 1408 3343 1481 βοήθησόν
3384 1426 3492 1479 μοι.
3530 1426 3549 1459 ι
3571 1408 3683 1462 Καὶ
3700 1407 3865 1462 Δαυῖδ

2275 1509 2525 1571 πλούσιος
2556 1507 2631 1560 ὢν
2677 1508 3004 1576 ὲταπεινοφρ
3020 1503 3150 1566 dves,
3209 1503 3303 1556 ἆτε
3356 1503 3560 1571 γνῶσιν
3602 1502 3745 1573 ἔχων
3768 1502 3860 1554 τοῦ

2277 1602 2540 1673 μεγέθους
2582 1599 2675 1654 τοῦ
2724 1599 2893 1663 Θεοῦ,
2938 1598 3030 1651 καὶ
3069 1596 3131 1650 τὸ
3161 1597 3326 1668 μηδὲν
3352 1596 3545 1650 ἑαυτὸν
3578 1596 3745 1669 ὀρῶν.
3772 1595 3863 1651 Διδ

2271 1697 2372 1768 τὴν
2399 1694 2553 1768 παρά
2589 1694 2751 1765 μόνου
2792 1692 2890 1746 τοῦ
2944 1688 3163 1762 ἰσχυροῦ
3199 1689 3449 1761 βοήθειαν
3488 1689 3735 1761 ἐξῃτεῖτο
3778 1688 3863 1741 λέ-

589 1808 745 1849 meus
775 1810 834 1850 es
864 1801 942 1853 tu,
973 1790 1218 1854 Domine,
1268 1806 1336 1846 ne
1379 1791 1626 1845 moreris.
1684 1809 1702 1841 ι
1745 1788 1998 1845 Christus
2030 1804 2166 1857 quo-

2268 1806 2412 1859 γων·
2449 1807 2467 1839 ι
2504 1789 2563 1841 Ὀ
2591 1786 2763 1850 Θεὸς,
2796 1785 3059 1858 βοήθησον
3091 1803 3178 1857 μοι
3201 1799 3213 1814 ·
3264 1782 3456 1855 βοηθός
3499 1800 3601 1853 μου
3639 1785 3735 1836 καὶ
3768 1782 3861 1853 pd-

585 1902 693 1954 que
714 1902 835 1940 eum
862 1886 1013 1939 dives
1035 1892 1201 1946 esset,
1233 1892 1454 1954 propter
1493 1898 1595 1937 nos
1627 1898 1831 1953 egenus
1860 1880 2037 1936 factus
2063 1888 2166 1947 est,

585 1986 647 2032 ut
672 1977 859 2031 docuit
882 1975 1103 2029 divinus
1127 1974 1421 2045 Apostolus
1444 1974 1512 2027 ⁷⁸.
1543 1973 1907 2040 Quamobrem
1928 1973 2169 2043 seipsum

578 2068 827 2139 Spiritus
861 2067 1066 2121 auxilio
1101 2065 1547 2127 commendabat,
1575 2080 1675 2135 pro
1718 2064 1913 2134 populo
1944 2079 2045 2120 suo
2076 2064 2170 2119 de-

579 2175 840 2231 precans,
877 2166 931 2213 et
981 2174 1079 2227 pro
1105 2157 1385 2224 Ecclesia;
1416 2174 1483 2213 ne
1510 2157 1717 2211 diutius
1763 2164 2005 2226 tempore
2046 2171 2170 2226 per-

580 2254 930 2307 secutionum
965 2252 1303 2322 impugnata,
1338 2250 1488 2320 gravi
1538 2250 1668 2304 hinc
1701 2249 2032 2304 detrimento
2063 2248 2171 2301 affi-

576 2354 820 2400 «eretur.
837 2343 1200 2409 Quamobrem
1229 2344 1307 2396 ait
1336 2361 1347 2394 :
1387 2362 1403 2392 ι
1428 2341 1827 2411 Adjutormeus
1843 2340 2169 2395 etliberator

576 2451 739 2491 meus
784 2450 844 2490 es
875 2444 954 2498 tu,
982 2433 1228 2496 Domine.
1264 2449 1332 2488 ne
1374 2434 1625 2487 moreris.
1667 2452 1685 2484 ι
1731 2432 1811 2486 An
1864 2447 2027 2503 porro
2053 2431 2169 2484 lucc

579 2524 653 2578 ad
682 2534 893 2593 tempus
925 2522 1199 2594 passionis
1236 2523 1544 2577 Servatoris
1590 2522 1919 2585 referantur,
1953 2531 2009 2575 tu
2054 2523 2169 2592 ipse

576 2616 905 2671 consideres
960 2616 1143 2671 velim.
1192 2616 1642 2685 Quandoquidem
1667 2616 1812 2670 enim
1860 2615 1913 2667 in
1965 2630 2167 2684 prace-

581 2709 736 2764 denti
780 2708 961 2762 illatas
1005 2707 1110 2762 sibi
1166 2709 1484 2762 vexationes
1514 2706 1840 2777 descripsit;
1890 2706 2166 2777 quomodo

2274 1900 2404 1954 στης
2430 1899 2529 1952 μου
2560 1876 2611 1934 εἷ
2638 1881 2725 1946 σὺ,
2750 1880 2937 1952 Κύριε,
2968 1879 3045 1951 μὴ
3071 1876 3345 1950 χρονίσῃς,
3373 1895 3393 1928 ι
3426 1874 3536 1927 Καὶ
3569 1876 3597 1928 ὁ
3622 1874 3857 1945 Χριστος

2268 1975 2327 2029 δὲ
2358 1974 2611 2037 πλούσιος
2644 1973 2719 2028 ῶν
2752 1973 2818 2026 δι’
2850 1974 3002 2044 ἡμᾶς
3048 1969 3390 2041 ἐπτώχευσεν
3409 2010 3423 2033 ,
3460 1968 3537 2032 ὡς
3566 1969 3803 2035 ἐδίδαξεν
3832 1972 3859 2023 ὁ

2271 2068 2410 2132 θεῖος
2451 2067 2787 2130 Ἀπόστολος.
2838 2067 2929 2120 Διὸ
2978 2065 3073 2119 καὶ
3122 2064 3312 2118 ἑαυτὸν
3363 2062 3599 2116 ἀνετίθει
3642 2066 3709 2134 τῇ
3766 2061 3859 2115 τοῦ

2270 2160 2582 2230 Πνεῦματος
2618 2159 2857 2231 βοηθείᾳ,
2892 2158 3210 2229 πρεσϐεύων
3234 2158 3373 2229 ὑπὲρ
3394 2155 3488 2209 τοῦ
3533 2153 3666 2208 λαοῦ
3695 2154 3857 2208 αὑτοῦ

2270 2253 2365 2306 καὶ
2385 2251 2486 2322 τῆς
2521 2251 2868 2322 Ἐκκλησίας,
2901 2249 2981 2313 ὡς
3013 2248 3079 2303 ἂν
3109 2250 3203 2321 μὴ,
3233 2252 3311 2313 εἰς
3354 2250 3599 2319 μακροὺς
3633 2248 3857 2318 χρόνους

2277 2343 2660 2416 πολεμουμένῃ
2686 2344 2744 2395 ὲν
2770 2345 2883 2407 τοῖς
2916 2345 3130 2414 καιροῖς
3167 2340 3273 2395 τῶν
3306 2340 3582 2411 διωγμῶν,
3614 2339 3856 2411 μεγάλην

2269 2436 2624 2505 ἀπενέγκοιτο
2682 2434 2905 2506 βλάϐην.
2952 2434 3046 2487 Διό
3095 2449 3261 2503 φησι⁸
3320 2450 3339 2483 ι
3366 2431 3569 2503 Βοηθός
3619 2448 3721 2501 μου
3767 2430 3857 2481 καὶ

2260 2525 2472 2598 ρύστης
2505 2544 2605 2598 μου
2647 2522 2698 2579 εἴ
2728 2526 2826 2590 σὺ,
2863 2524 3058 2597 Κύριε,
3093 2524 3167 2595 μὴ
3208 2522 3481 2595 χρονίσῃς.
3512 2540 3530 2574 ι
3571 2519 3636 2575 Εἰ
3668 2521 3726 2574 δὲ
3766 2523 3855 2573 καὶ

2266 2618 2440 2673 ταῦτα
2491 2618 2813 2690 ἀναφέροιτο
2859 2619 2952 2671 ἐπὶ
3004 2617 3096 2671 τὸν
3146 2616 3337 2688 καιρὸν
3371 2615 3464 2669 τοῦ
3504 2614 3715 2678 πάθους
3764 2613 3854 2667 τοῦ

2268 2712 2518 2783 Σωτῆρος
2548 2710 2738 2783 ἡμῶν,
2773 2711 2867 2764 καὶ
2909 2710 3072 2774 αὐτὸς
3120 2709 3456 2780 ἐπιστήσεις.
3496 2706 3717 2777 Ἐπειδὴ
3750 2705 3855 2775 γὰρ

578 2800 906 2854 intraverint
932 2814 1087 2870 aqua;
1118 2814 1295 2870 usque
1328 2799 1395 2852 ad
1422 2799 1659 2852 animam
1688 2814 1841 2855 suam
1865 2838 1881 2863 ,
1913 2799 2006 2870 qui
2042 2799 2166 2854 infi-

2268 2802 2558 2873 διέγραψεν
2583 2804 2643 2857 ὲν
2676 2803 2754 2875 τῷ
2782 2802 2887 2873 πρὸ
2916 2801 3104 2855 τούτου
3148 2800 3246 2865 τὰς
3288 2802 3407 2853 κατ’
3447 2798 3609 2852 αὑτοῦ
3651 2800 3853 2851 ἐπανα-

582 2906 686 2945 ιυε
709 2891 779 2946 sit
803 2891 857 2945 in
893 2892 1021 2945 limo
1049 2890 1327 2961 profundi,
1357 2892 1567 2946 venerit
1592 2890 1646 2945 in
1676 2890 2020 2945 altitudinem
2051 2906 2166 2945 ma-

2269 2898 2487 2961 στάσεις
2508 2914 2521 2927 ’
2554 2898 2703 2961 ὅπως
2744 2914 2804 2950 τε
2857 2895 3166 2957 εἰσέλθοσαν
3209 2894 3375 2949 ὕδατα
3409 2893 3515 2958 ἓως
3547 2894 3646 2965 τῆς
3682 2892 3854 2963 ψυχῆς

572 2984 680 3049 ris,
712 2982 1055 3052 multiplicati
1101 2982 1209 3038 sint
1238 2998 1405 3053 super
1435 2983 1663 3052 capillos
1716 2982 1911 3052 capitis
1951 2983 2037 3039 sui
2070 2984 2165 3054 qui

2268 2988 2455 3052 αὐτοῦ,
2488 2989 2584 3042 καὶ
2615 2989 2854 3059 ὲνεπάγη
2882 2989 2963 3052 εἰς
2994 2987 3126 3060 ὕλην
3157 2986 3347 3058 βυθοῦ,
3372 2987 3464 3040 καὶ
3485 2984 3562 3050 ὠς
3581 2982 3749 3057 ἦλθεν
3778 2988 3853 3049 εἰς

575 3090 641 3129 se
679 3074 848 3144 gratis
877 3073 1135 3136 oderunt,
1161 3081 1215 3127 et
1246 3076 1353 3127 alia
1401 3076 1569 3127 multa
1624 3075 1822 3129 ibidem
1852 3075 2015 3129 allata
2044 3092 2166 3144 per-

2268 3080 2335 3132 τὰ
2372 3081 2506 3150 βάθη
2545 3081 2643 3151 τῆς
2682 3080 2987 3151 θαλάσσης’
3026 3078 3441 3152 ὲπληθύνθησάν
3478 3096 3540 3132 τε
3582 3079 3727 3151 ὑπὲρ
3759 3077 3852 3140 τὰς

573 3181 775 3236 pessus
826 3166 928 3232 sit;
978 3165 1102 3235 jure
1158 3166 1301 3221 hanc
1352 3168 1806 3236 suppliCationem
1865 3167 2015 3223 Patri
2065 3184 2166 3223 suo

2268 3126 2461 3243 τρίχας
2491 3126 2862 3244 τῆςίκεφαλῆς
2895 3126 3060 3226 αῦτοῦ
3094 3126 3164 3225 οἱ⁸
3184 3126 3467 3243 μισοῦντές
3500 3188 3569 3242 με
3603 3126 3847 3242 6ωὲεάνῖ

577 3254 778 3310 emittit
807 3253 1038 3309 dicens:
1080 3275 1098 3305 ι
1141 3253 1282 3309 Deus
1308 3293 1323 3317 ,
1370 3254 1425 3307 in
1461 3254 1792 3323 adjutorium
1844 3270 2027 3309 meum
2083 3254 2166 3308 in-

2268 3262 2500 3316 πέπονθέ
2526 3281 2586 3316 τε
2611 3265 2710 3318 ὅσα
2742 3264 2837 3319 καὶ
2868 3264 3084 3337 εἴρηται
3104 3281 3120 3295 °
3157 3264 3382 3329 εἰκότως
3419 3264 3519 3335 τὴν
3569 3263 3847 3334 παροῦσαν

570 3345 775 3409 tende;
808 3344 1056 3408 Domine,
1107 3344 1172 3397 ad
1213 3344 1579 3413 adjuvandum
1648 3361 1734 3399 me
1790 3345 2007 3404 festina,
2048 3364 2069 3399 ι
2112 3354 2166 3400 et

2268 3353 2447 3425 δέησιν
2473 3354 2785 3426 ἀναπέμπει
2818 3356 2955 3428 πρὸς
2982 3356 3075 3410 τὸν
3101 3356 3319 3429 Πατέρα
3340 3356 3511 3424 λέγων
3529 3370 3545 3385 ’
3576 3373 3593 3406 ι
3618 3356 3679 3409 Ὀ
3700 3355 3845 3417 Θεὸς,

576 3441 796 3488 caetera.
834 3434 977 3500 Quia
1006 3436 1379 3503 apostolorum
1408 3450 1635 3489 suorum
1674 3435 1928 3489 ordinem
1961 3437 2164 3491 amoris

2268 3446 2344 3508 εἰς
2371 3444 2469 3515 τὴν
2505 3444 2757 3518 βοήθειάν
2789 3466 2891 3519 μου
2927 3448 3183 3521 πρόσχες·
3213 3448 3407 3520 Κύριε,
3442 3450 3521 3511 εἰς
3552 3448 3613 3501 τὸ
3648 3446 3846 3519 βοηθῆ-

568 3528 662 3580 .sui
698 3542 864 3582 causa
899 3543 1094 3597 magna
1140 3529 1195 3581 in
1229 3527 1553 3584 confusione
1582 3537 1888 3585 versantem
1924 3529 2161 3593 videbat,

2268 3537 2355 3589 σαί
2392 3555 2480 3607 μοι
2516 3536 2772 3602 σπεῦσον,
2803 3558 2821 3590 ι
2855 3540 2949 3593 καὶ
2976 3540 3046 3595 τὰ
3075 3540 3285 3604 τούτοις
3316 3539 3602 3593 ἀκόλουθα.
3636 3540 3847 3611 Ἐπειδὴ

572 3618 851 3674 secundas
881 3634 979 3689 pro
1006 3618 1098 3673 illo
1130 3633 1293 3673 voces
1321 3618 1549 3686 edebat;
1581 3628 1639 3673 ut
1667 3628 1891 3689 accepto
1916 3635 2165 3675 resurre-

2268 3630 2413 3703 ἑώρα
2477 3631 2539 3684 τὸ
2596 3630 2783 3702 τάγμα
2833 3632 2939 3685 τῶν
2983 3632 3295 3686 ἀποστόλων
3345 3631 3509 3686 αὑτοῦ
3574 3634 3634 3685 ὲν
3688 3632 3845 3703 πολλῇ

569 3709 779 3764 ctionis
828 3725 961 3773 sum,
999 3725 1162 3780 quam
1221 3710 1340 3778 ejus
1390 3709 1606 3766 videndi
1646 3711 1827 3781 cupidi
1879 3720 2165 3781 exspecta-

2268 3723 2524 3794 συγχύσει
2573 3724 2938 3795 γεγενημένον
2983 3724 3071 3777 διὰ
3116 3724 3213 3796 τὴν
3242 3726 3371 3796 περί
3403 3725 3565 3778 αὑτὸν
3604 3726 3843 3797 ἀγάπην,

576 3804 729 3867 bant,
767 3807 979 3868 nuntio,
1018 3803 1387 3859 exsultatione
1407 3812 1461 3858 et
1486 3803 1668 3857 laetitia
1706 3805 1896 3874 repleti
1949 3820 2165 3874 semper

2268 3816 2363 3878 τὰς
2410 3815 2665 3883 δευτέρας
2718 3817 2861 3887 ὑπὲρ
2918 3817 3097 3869 αὐτῶν
3148 3818 3368 3888 προῖετο
3414 3816 3635 3885 φωνὰς,
3673 3819 3843 3879 ὅπως,

570 3896 856 3959 dicerent,
919 3914 937 3948 ι
992 3894 1366 3965 Magnificetur
1398 3895 1705 3952 Dominus:
1748 3917 1765 3947 ι
1823 3896 1928 3967 ipsi
1961 3897 2163 3968 quippe

2268 3908 2630 3972 ἀπολαϐόντες
2686 3909 2848 3962 αὑτοῦ
2900 3910 2998 3980 τὴν
3059 3910 3354 3963 ἀνάστασιν
3411 3908 3476 3979 ἣν
3529 3910 3845 3979 περιέμενον

568 3996 731 4043 erant
759 3988 853 4059 qui
877 3988 1179 4060 diligebant
1209 3989 1452 4044 salutare
1487 3989 1683 4059 ipsius.

2268 4002 2554 4066 ποθοῦντες
2591 4002 2739 4066 ἰδεῖν,
2773 4001 3111 4074 πληρωθείεν
3137 4003 3509 4072 ἀγαλλιάσεως
3536 4004 3633 4056 καί
3658 4003 3843 4072 εὐφρο-

2266 4094 2451 4164 σύνης,
2486 4096 2736 4164 λέγοντες
2791 4094 3107 4161 διαπαντός·
3135 4115 3152 4146 ι
3177 4096 3582 4167 Μεγαλυνθήτω
3603 4098 3637 4150 ὁ
3660 4093 3837 4157 Θεὸς.»

2266 4188 2418 4241 αὐτοὶ
2450 4187 2601 4251 ὄντες
2634 4190 2681 4240 οἰ
2715 4187 3039 4256 ἀγαπῶντες
3063 4188 3123 4241 τὸ
3156 4189 3417 4260 σωτήρων
3449 4186 3635 4243 αὑτοῦ.

1237 4281 1461 4338 “LXX.

1237 4286 1252 4334 f
1298 4281 1461 4338 LXX.

644 4376 813 4431 Vens.
852 4374 966 4429 4-5.
1013 4392 1031 4425 ι
1073 4372 1129 4427 ln
1164 4284 1234 4441 te(,
1265 4281 1518 4436 )Domine,
1580 4375 1816 4445 speravi,
1871 4391 1979 4430 non
2031 4391 2164 4432 con-

3014 4300 3091 4353 0'.

2342 4412 2359 4442 ι
2396 4392 2520 4446 Ἐπὶ
2547 4394 2629 4446 σοὶ
2649 4435 2662 4457 ,
2696 4393 2863 4465 Κύριε
2884 4435 2898 4457 ,
2932 4394 3159 4463 ἤλπισα,
3195 4391 3269 4464 μὴ
3289 4391 3744 4462 καταισχυνθείην
3767 4392 3841 4454 εἰς

569 4466 775 4522 fundar
806 4467 862 4521 in
890 4474 1179 4530 aeternum,
1214 4466 1268 4520 in
1316 4465 1526 4534 justitia
1581 4474 1672 4520 tua
1727 4467 1896 4523 libera
1958 4484 2044 4524 me
2100 4477 2155 4523 et

2268 4485 2348 4537 τὸν
2380 4486 2571 4547 αἰῶνα,
2607 4488 2663 4539 ὲν
2693 4490 2759 4559 τῇ
2793 4486 3103 4558 δικαιοσύνῃ
3148 4503 3239 4538 σου
3276 4485 3431 4557 ῥῦσαί
3474 4501 3562 4555 με,
3602 4485 3699 4537 καὶ
3730 4481 3841 4549 Lit-

565 4560 726 4631 eripe
755 4575 861 4615 me.
903 4580 921 4614 ο
958 4558 1055 4615 His
1083 4559 1283 4614 similia
1308 4560 1619 4615 tricesimus
1660 4577 1876 4631 quoque
1916 4563 2161 4631 psalmus

570 4655 911 4720 circumfert,
954 4654 1057 4709 hoc
1095 4654 1224 4709 item
1286 4653 1448 4710 modo
1508 4670 1669 4710 orsus
1705 4674 1717 4710 :
1755 4674 1773 4706 ι
1820 4658 1877 4710 In
1910 4664 1962 4711 te
1986 4698 2001 4722 ,
2060 4656 2162 4713 Do-

574 4749 740 4813 mine,
771 4749 1007 4818 speravi,
1041 4764 1146 4803 non
1170 4747 1480 4802 confundat
1505 4747 1561 4802 in
1589 4756 1876 4812 mternum,
1908 4748 1962 4801 in
1992 4747 2160 4819 justi-

572 4842 649 4893 tia
697 4850 788 4895 tua
823 4842 993 4895 libera
1026 4857 1130 4897 me.
1158 4841 1368 4896 inclina
1402 4842 1468 4895 ad
1512 4858 1596 4896 me
1636 4856 1823 4895 aurem
1856 4851 2003 4895 tuam
2031 4841 2098 4895 ⁷⁷.
2135 4861 2156 4896 ι

578 4932 683 4986 Sed
712 4933 801 4987 ille
831 4935 1075 5003 quidem,
1108 4955 1127 4985 ‹
1165 4937 1219 4989 In
1246 4936 1429 4999 finem,
1456 4955 1473 4987 ι
1502 4943 1554 4990 οι
1585 4956 1601 4988 ι
1627 4935 1877 4990 Psalmns
1905 4935 2114 5004 Davidi,
2133 4954 2156 4989 ι

572 5023 875 5095 inscriptus
904 5036 986 5081 est
1014 5044 1026 5093 ;
1062 5028 1149 5080 hic
1179 5036 1358 5083 autem
1391 5030 1552 5083 titulo
1584 5036 1755 5084 caret.
1808 5027 1898 5083 llle
1942 5029 2162 5086 confes-

572 5115 787 5169 sionem
825 5132 948 5168 cum
985 5119 1387 5187 supplicatione
1434 5122 1697 5187 continet,
1743 5122 1829 5176 hic
1859 5136 1985 5176 vero
2032 5136 2157 5190 pro-

580 5204 763 5273 phetia
794 5204 1010 5258 videtur
1039 5220 1163 5261 esse
1186 5223 1249 5261 ex
1304 5224 1534 5278 persona
1568 5210 1867 5266 Salvato‘ris
1922 5212 2153 5281 prolata.

565 5295 752 5361 Quare
790 5314 809 5347 ι
852 5294 1070 5351 Davidis
1123 5322 1139 5347 ο
1185 5310 1447 5356 consueto
1486 5319 1637 5357 more
1691 5319 1797 5358 non
1854 5304 2151 5373 inscriptus

569 5394 679 5442 est.
710 5387 914 5442 Dixerit
950 5388 1182 5445 fortasse
1207 5394 1478 5462 quispiam
1533 5406 1786 5464 Oportere
1826 5397 1979 5450 illum
2019 5411 2154 5467 pra!-

564 5480 890 5537 cedeutibus
910 5483 1261 5555 conjungere,
1294 5487 1437 5557 quod
1480 5504 1729 5559 magnam
1773 5507 1895 5546 cum
1928 5491 2034 5547 illis
2060 5493 2153 5545 ha-

643 5636 750 5691 ⁷⁸11
775 5638 900 5693 Cor.
924 5654 1042 5705 vni,
1075 5641 1127 5695 9.
1204 5643 1246 5672 '”
1275 5641 1421 5699 Psal.
1451 5660 1580 5705 xxx,
1601 5644 1655 5709 ἓ,
1681 5647 1734 5702 ’5.

2257 4575 2351 4629 λου
2405 4594 2489 4647 με.
2532 4597 2549 4627 ι
2585 4577 2665 4630 Τὰ
2723 4577 3145 4648 ἰσοδυναμοῦντα
3191 4576 3396 4637 τούτοις
3445 4576 3536 4628 καὶ¹
3586 4576 3613 4627 ὁ
3661 4574 3706 4625 λ’
3749 4591 3842 4627 πε-

2264 4669 2432 4739 ριέχει
2470 4669 2702 4739 ψαλμδς,
2727 4669 2916 4723 τοῦτον
2946 4669 3042 4721 καὶ
3072 4669 3233 4731 αὐτὸς
3256 4668 3557 4739 ἀρχόμενος
3585 4667 3683 4719 τὸν
3719 4666 3841 4736 :96-

2261 4777 2383 4813 πον.
2428 4779 2446 4809 ι
2477 4760 2601 4825 Ἐπὶ
2637 4763 2753 4824 σοὶ,
2787 4761 2988 4832 Κύριε,
3020 4760 3221 4831 ἤλπισα
3242 4800 3255 4821 ,
3291 4758 3364 4830 μὴ
3389 4757 3843 4828 καταισχυνθεὶην

2262 4851 2344 4914 εἰς
2372 4850 2465 4903 τὸν
2491 4850 2684 4915 αἰῶνα,
2717 4850 2774 4903 ἐν
2811 4854 2874 4923 τῇ
2913 4849 3227 4921 δικαιοσύνῃ
3256 4867 3347 4903 σου
3376 4848 3537 4921 ῥῦσαί
3572 4865 3663 4918 με.
3710 4848 3839 4900 Kli-

2257 4960 2349 4998 νον
2379 4942 2514 5016 πρὸς
2551 4944 2618 5015 μὲ
2642 4944 2704 4997 τὸ
2732 4938 2827 5007 οὖς
2855 4961 2967 4996 σου.
2999 4963 3017 4995 ›
3054 4942 3192 4996 Ἀλλ’
3220 4944 3427 5005 ἐκεῖνος
3451 4941 3571 5012 μὲν,
3617 4960 3636 4991 ι
3660 4942 3757 5004 Εἰς
3784 4939 3844 4991 τὸ

2259 5036 2443 5099 τέλος,
2476 5056 2494 5088 ι
2536 5036 2630 5089 καὶ
2679 5055 2697 5087 ι
2727 5035 2954 5105 Ψαλμὸς
2983 5034 3060 5106 τῷ
3087 5033 3279 5100 Δαυῒδ,
3312 5054 3331 5087 ι
3371 5032 3753 5102 ἐπεγέγραπτο
3773 5047 3785 5059 ·
3815 5032 3843 5083 ό

2253 5127 2314 5180 δὲ
2340 5126 2530 5199 παρὼν
2559 5127 2967 5199 ἀνεπίγραπτος
2991 5127 3273 5197 τυγχάνει.
3305 5128 3570 5186 Κάκεῖνος
3600 5125 3701 5195 μὲν
3729 5122 3844 5187 ἑξο-

2263 5218 2553 5290 μολόγησιν
2599 5220 2697 5272 σὺν
2742 5218 2992 5290 ἱκετηρίε(⁸
3034 5223 3329 5290 περιεῖχεν,
3376 5221 3405 5272 ό
3437 5218 3492 5270 δὲ
3533 5215 3843 5288 προφητεία

2258 5311 2434 5365 ἔοικεν
2474 5315 2537 5365 ἐκ
2579 5311 2872 5382 προσώπου
2923 5312 3016 5365 τοῦ
3062 5313 3314 5383 Σωτῆρος
3362 5307 3835 5382 προενηνεγμένη.

2258 5402 2349 5455 Διὸ
2372 5402 2492 5456 οὐδὲ
2531 5404 2935 5475 ἐπιγέγραπται
2956 5404 3221 5476 συνήθως,
3247 5424 3265 5456 ι
3304 5405 3399 5458 τοῦ
3420 5404 3598 5457 Δαυῖὀ.
3634 5422 3654 5455 ι
3682 5401 3839 5455 Εἱποι

2254 5492 2301 5546 δ’
2333 5493 2396 5548 ἄν
2444 5510 2525 5557 τις
2573 5498 2866 5569 προσήκειν
2920 5497 3453 5571 συμπεριλαμῶνειν
3508 5496 3672 5550 αὐτὸν
3727 5493 3835 5555 τοῖς

637 5750 716 5819 (1)
760 5748 819 5805 In
867 5752 1092 5824 \ulgata
1123 5756 1341 5826 titulus,
1382 5755 1647 5813 Filiorum
1676 5757 1922 5813 Ionadab
1951 5771 1998 5816 et
2031 5764 2166 5817 orior

2294 5766 2632 5820 ramirorum.
