4068 6550
293 320 412 379 ἾἸὸ

1430 325 1927 382 ρολιΜΕΝτΑιιιςι
1969 328 2030 384 IN
2070 313 2413 387 PSALnosI

3431 333 3543 388 ττι

300 433 414 508 πρὸ
452 411 618 488 αὐτοῦ’
655 433 1038 506 τεταγμένως,
1083 436 1171 490 διὰ
1220 438 1281 490 τὸ
1320 439 1514 510 πολλὴν
1555 440 1690 512 πρὸς
1735 441 1873 495 αύτά

1980 445 2095 498 heat
2147 445 2477 503 aflinitatem.
2534 445 2668 502 Nam
2730 449 2784 503 in
2848 450 3168 520 praecedenti
3215 449 3540 506 dicebatur:

299 524 500 592 ’σώζειν
529 526 843 580 ἀκολουθίαν
863 542 878 556 ο
907 527 964 580 ἐν
1005 527 1135 596 γοῦν
1167 527 1244 600 τῷ
1274 529 1376 602 πρὸ
1405 532 1592 584 τούτου
1618 532 1833 602 ἐλέγετο
1852 549 1868 565 ο

309 639 329 672 σ
370 619 430 674 Ὀ
451 619 602 684 Θεὸς,
645 621 725 683 είς
744 619 841 690 τὴν
873 618 1122 691 βοήθειάν
1153 638 1252 692 μου
1283 622 1534 694 πρόσχες.
1567 624 1870 696 Αἰσχυνθή-

301 725 483 765 τωσαν
529 709 625 763 καὶ
672 711 1094 781 ἐντραπήτωσαν
1131 711 1180 764 οἱ
1225 711 1510 781 ζητοῦντες
1555 713 1652 785 τὴν
1694 714 1873 787 ψυχήν

306 819 430 873 μου.
463 802 969 874 ’Λποστραφείησαν
1001 805 1081 867 είς
1119 803 1185 856 τὰ
1213 805 1388 857 ὀπίσω
1427 805 1518 860 καὶ
1544 823 1872 879 καταισχυν-

303 893 530 966 θείησαν
567 895 618 946 οἱ
657 893 965 966 βουλόμενοί
998 911 1087 965 μοι
1119 895 1295 949 κακά·
1333 915 1352 946 ι
1390 897 1483 950 καὶ
1515 897 1572 949 ἐν
1597 900 1707 962 τοῖς
1739 897 1875 969 μετά

303 988 494 1058 χεῖρας
521 986 578 1040 δὲ
612 986 816 1058 προῖὼν
852 989 881 1041 ὁ
907 988 1063 1057 λόγος
1093 990 1214 1052 ταῖς
1245 988 1437 1053 αὐταῖς
1471 989 1736 1063 κέχρηται
1766 997 1877 1061 φω-

303 1081 426 1142 ναῖς
449 1079 621 1148 λέγων
639 1096 652 1108 ο
685 1097 703 1130 ι
725 1078 782 1132 '0
808 1079 961 1143 Θεὸς,
991 1080 1070 1143 εἰς
1093 1078 1189 1150 τὴν
1210 1078 1459 1152 βοήθειάν
1489 1099 1588 1152 μου
1615 1082 1872 1153 πρόσχες,

305 1171 755 1244 αἰσχυνθείησαν·
789 1190 806 1223 ι
852 1171 944 1225 καὶ
988 1173 1056 1226 τὰ
1093 1172 1252 1226 λοιπὰ
1277 1173 1337 1226 δὲ
1371 1175 1469 1244 τῆς
1495 1175 1662 1246 αὐτῆς
1696 1176 1873 1246 ἔχεται

300 1262 562 1327 διανοίας,
590 1266 668 1327 είς
701 1263 898 1328 πλάτος
929 1265 1304 1335 ἐκτεινομένου
1332 1268 1426 1319 τοῦ
1455 1267 1614 1336 λόγου
1650 1268 1736 1321 διὰ
1767 1269 1874 1321 τῶν

298 1356 683 1427 προκειμένων
701 1397 714 1419 ,
749 1356 890 1428 ἆπερ
916 1357 1015 1409 οὐκ
1047 1357 1153 1410 ἀπὸ
1185 1357 1386 1411 σκόπου
1413 1359 1478 1413 ἄν
1503 1376 1584 1422 τις
1610 1359 1748 1413 είποι
1777 1361 1876 1432 ἁρ-

303 1449 497 1518 μόζειν
517 1448 592 1518 τῷ
615 1449 789 1519 Πατρί
809 1466 821 1479 ο
857 1449 954 1503 Διά
973 1466 1030 1501 τε
1060 1449 1121 1501 τό
1143 1449 1398 1517 λέγεσθαι
1435 1451 1493 1504 ἐν
1524 1451 1692 1523 αὐτῷ’
1722 1452 1874 1505 «Ὅτι

301 1542 374 1594 σὺ
401 1537 508 1612 εἷή
538 1543 781 1613 ὐπομονή
819 1559 940 1613 μου,
974 1541 1170 1612 Κύριε,
1205 1541 1395 1613 Κύριε,
1426 1545 1458 1614 ή
1492 1542 1644 1607 ἐλπίς
1678 1561 1777 1614 μου
1811 1546 1874 1597 ἐκ

298 1633 554 1704 νεότητός
591 1651 690 1704 μου
711 1651 726 1666 ’
760 1653 778 1685 ι
814 1634 950 1687 αὐτὰ
975 1635 1079 1706 γὰρ
1101 1635 1275 1688 ταῦτα
1305 1636 1362 1686 ἐν
1395 1636 1489 1688 καὶ
1515 1633 1591 1705 τῷ
1635 1634 1719 1687 κα,
1747 1633 1877 1704 ψαλ”

305 1724 394 1794 μῷ
423 1725 482 1790 ἐξ
505 1725 668 1779 αὐτοῦ
698 1725 984 1798 προσώπου
1015 1726 1230 1794 ἐλέγετο
1251 1728 1309 1778 ἐν
1338 1725 1545 1790 τούτοις
1563 1744 1574 1756 ·
1615 1744 1633 1777 ι
1665 1727 1783 1779 Ὅτι
1810 1727 1874 1780 σὺ

303 1812 354 1868 εἴ
379 1819 407 1870 ὁ
440 1819 719 1882 ἐκσπάσας
747 1835 812 1890 με
847 1820 910 1872 ἐκ
949 1817 1214 1888 γαστρός·
1248 1836 1265 1869 ι
1305 1818 1398 1870 καὶ
1441 1817 1509 1870 τὰ
1538 1816 1684 1888 ἑξῆς.
1719 1815 1878 1869 Ἀλλά
1909 1855 1948 1910 Β

303 1908 401 1960 καὶ
433 1907 492 1959 τὸ
528 1904 655 1978 ἑξῆς
687 1907 1071 1979 ἐπιλεγόμενον
1093 1908 1148 1960 ἐν
1179 1911 1242 1978 τῇ
1282 1906 1418 1978 μετά
1445 1909 1634 1980 χεῖρας
1667 1925 1876 1979 προφη-

299 2000 424 2070 τεία
452 2001 508 2052 ἐν
540 1998 636 2069 τῷ,
673 2019 689 2050 ι
730 1999 786 2053 'O
817 2000 949 2064 Θεός
979 2016 1102 2071 μου,
1147 1998 1221 2071 μὴ
1273 1999 1643 2072 ἐγκαταλίπῃς
1665 2017 1753 2071 με,
1772 2001 1876 2063 ἕως

299 2091 368 2144 ἂν
400 2088 697 2158 ἀπαγγελῶ
717 2090 806 2144 τὸν
839 2091 1097 2162 βραχίονά
1125 2110 1217 2145 σου
1246 2095 1310 2163 τῇ
1335 2093 1495 2163 γενεᾷ
1525 2094 1673 2164 πάσῃ
1697 2096 1761 2164 τῇ
1789 2094 1878 2165 ἐρ-

299 2184 529 2256 χομένῃ,
556 2205 572 2235 ι
599 2185 936 2255 ἰσοδυναμεῖν
961 2184 1099 2238 ἔοικε
1120 2184 1195 2255 τῷ
1217 2185 1273 2236 ἐν
1295 2185 1379 2238 κα’
1396 2184 1594 2256 ψαλμῴ
1618 2187 1878 2255 φάσκοντι

294 2273 446 2342 λόγῳ
460 2291 477 2303 ο
505 2292 522 2324 ι
547 2274 999 2345 Ἀναγγελήσεται
1016 2273 1092 2344 τῷ
1108 2274 1296 2345 Κυρίῳ
1317 2275 1477 2343 γενεά
1497 2277 1528 2345 ή
1550 2275 1835 2347 ἐρχομένη.
1852 2293 1870 2326 ι

294 2362 550 2433 *Πρόσχες
594 2364 700 2436 γὰρ
737 2365 979 2436 ἀκριϐῶς
1017 2367 1164 2428 ὅπως
1194 2366 1252 2416 ἐν
1279 2365 1473 2435 ἐκείνῳ
1509 2366 1605 2436 μὲν
1635 2365 1871 2434 ἐλέγετο,

289 2478 320 2507 4
333 2459 787 2531 Ἀναγγελὴσεται
800 2460 878 2530 τῷ
891 2462 1080 2531 Κυρίῳ
1095 2461 1299 2530 γενεὰὴ
1324 2461 1611 2532 ἐρχομένη,
1628 2461 1710 2514 »ἐν
1724 2460 1778 2514 δὲ
1797 2459 1875 2531 τῷ

291 2552 649 2624 προκειμένῳ
671 2593 685 2614 ,
725 2573 742 2604 ι
780 2555 923 2618 Ἕως
952 2552 1015 2606 ἂν
1050 2554 1345 2622 ἀπαγγελῶ
1367 2555 1458 2608 τὸν
1494 2553 1751 2627 βραχίονα
1780 2572 1873 2608 σου

394 2646 557 2715 γενεᾷ
582 2646 728 2719 πάσῃ
753 2648 816 2717 τῇ
851 2646 1140 2718 ἐρχομένη.
1178 2665 1195 2696 ι
1235 2646 1393 2700 Ἀλλά
1432 2648 1525 2700 καὶ
1558 2647 1658 2718 τὴν
1691 2646 1756 2700 ἐκ
1787 2665 1875 2700 νε-

287 2735 447 2807 κρῶν
469 2737 758 2790 ἀνάστασιν
776 2737 936 2792 αὑτοῦ
953 2738 1138 2807 σαφῶς
1153 2739 1477 2812 παρίστησιν
1495 2741 1527 2810 ἡ
1544 2737 1678 2809 μετὰ
1689 2741 1877 2812 χεῖρας

292 2829 605 2900 προφητεία
624 2828 864 2898 λέγουσα
881 2827 939 2895 ἐξ
961 2830 1122 2883 αὐτοῦ
1144 2831 1434 2903 προσώπου
1451 2847 1463 2860 ·
1495 2849 1511 2881 ι
1537 2832 1593 2882 '0
1608 2830 1758 2893 Θεὸς,
1793 2830 1878 2894 τίς

291 2919 480 2988 ὅμοιός
510 2938 590 2974 σοι
607 2938 621 2985 ;
640 2922 768 2985 ὅσας
798 2920 1002 2986 ἔδειξας
1021 2939 1108 2993 μοι
1138 2921 1342 2991 θλίψεις
1359 2919 1557 2984 πολλὰς
1583 2921 1675 2974 καὶ
1703 2920 1878 2983 κακάς

287 3012 391 3066 καὶ
411 3013 743 3085 ἐπιστρέψας
769 3013 1138 3085 ἐζωοποίησάς
1159 3030 1248 3084 με,
1271 3011 1493 3066 καὶτῶν
1513 3010 1764 3080 ἀναγκῶν
1779 3013 1876 3082 τῆς

290 3103 400 3174 γῆς
412 3104 573 3157 πάλιν
585 3105 857 3178 ἀνήγαγές
872 3122 937 3176 με
955 3122 967 3169 ;
996 3125 1013 3158 ι
1036 3104 1149 3158 Εἶτ’
1163 3100 1254 3158 οὖν
1267 3105 1331 3157 ἐκ
1353 3103 1639 3175 προσώπου
1656 3103 1748 3156 τοῦ
1767 3105 1880 3156 Σωο

289 3197 482 3269 τῆρος,
507 3198 614 3250 εἴτε
646 3200 709 3250 ἐκ
727 3197 1025 3269 προσώπου
1051 3198 1248 3260 παντὸς
1271 3196 1497 3258 δικαίου,
1520 3197 1629 3249 τῶν
1660 3213 1880 3268 προκει-

296 3290 476 3360 μένων
497 3289 809 3344 ἀκουστέον.
834 3290 1082 3362 Περιέχει
1107 3290 1214 3362 γὰρ
1233 3287 1578 3343 διδασκαλίαν
1601 3287 1877 3342 παιδεύου-

292 3400 400 3437 σαν
433 3384 581 3454 ἡμᾶς
613 3384 748 3454 μετὰ
780 3383 1071 3446 διαθέσεως
1101 3382 1289 3451 ὑγιοῦς
1323 3382 1501 3438 πάντα
1528 3380 1627 3452 μὲν
1648 3380 1876 3453 δεύτερα

291 3476 564 3539 τίθεσθαι,
582 3476 676 3529 ἐπὶ
699 3477 856 3548 μόνον
877 3476 932 3529 δὲ
952 3477 1043 3530 τὸν
1067 3474 1270 3547 Κύριον
1287 3474 1389 3538 τὰς
1410 3473 1617 3528 ἑαυτῶν
1640 3474 1876 3546 ἀναρτᾷν

294 3569 540 3633 ἐλπίδας,
565 3568 703 3622 ὥστε
723 3568 902 3637 λέγειν
924 3567 1071 3639 αὑτῷ
1091 3567 1324 3621 διαθέσει
1349 3566 1596 3637 γνησίᾳΑ
1623 3567 1746 3619 Ἐπὶ
1771 3567 1873 3630 σοὶ,

293 3665 734 3737 Κύριε,ἢλπισα,
765 3665 838 3736 μὴ
865 3662 1314 3735 καταισχυνθείην
1339 3664 1418 3725 είς
1442 3662 1532 3714 τὸν
1558 3660 1750 3715 αἰῶνα.
1778 3680 1796 3712 ι
1814 3662 1877 3713 Oi

293 3757 512 3829 γὰρέπὶ
539 3757 752 3828 πλούτῳ
773 3758 866 3810 καὶ
888 3756 1053 3826 πολλῇ
1075 3773 1140 3808 πε
1151 3755 1359 3828 ριουσία
1393 3753 1528 3823 βίου,
1547 3753 1580 3823 ἢ
1605 3753 1698 3806 ἐπὶ
1714 3751 1880 3819 ἀξιώ-

293 3865 435 3920 μασι
453 3853 753 3919 κοσμικοῐς,
773 3848 805 3920 ἢ
826 3849 916 3901 ἐπὶ
933 3848 1208 3920 ἀρχόντων
1229 3847 1517 3916 οίκειὸτητι
1541 3849 1632 3900 καὶ
1653 3862 1883 3918 προστα-

295 3940 411 4012 σία,
462 3940 547 4009 ἐφ’
582 3940 753 4011 ἑτέρῳ
785 3942 892 3994 τινὶ
937 3939 1046 3992 τῶν
1082 3937 1288 4010 θνητῶν
1327 3939 1422 3994 καὶ
1467 3939 1746 4009 ἐπικήρων
1784 3936 1882 4002 τὰς

296 4031 509 4085 ἑαυτῶν
551 4032 892 4096 ἀνατιθέντες
943 4031 1185 4095 ἐλπίδας,
1235 4031 1497 4102 αἰσχύνην
1538 4029 1878 4102 ὀφλήσουσιν.

299 4141 322 4172 ι
363 4123 794 4195 Ἐπικατάρατος
807 4123 917 4196 γὰρ
937 4123 1221 4194 ἄνθρωπος
1240 4122 1298 4187 ὃς
1327 4123 1424 4193 τὴν
1441 4121 1629 4176 ἐλπίδα
1655 4121 1768 4193 ἔχει
1795 4121 1882 4175 ἐπ’

297 4212 608 4284 ἄνθρωπον,
671 4215 766 4269 καὶ
825 4213 1067 4286 στηρίξει
1105 4213 1281 4284 σάρκα
1309 4214 1590 4286 βραχίονος
1626 4213 1812 4269 αὑτοῦ.
1859 4232 1878 4264 ι

298 4303 557 4376 Κέκραγέ
597 4323 656 4360 τε
689 4306 826 4376 βοῶν
853 4309 882 4361 ὁ
925 4307 1080 4376 λόγος
1104 4325 1118 4338 ο
1150 4327 1167 4357 ι
1203 4305 1294 4377 Μὴ
1334 4305 1629 4359 πεποίθατε
1659 4306 1745 4358 ἐπ’
1786 4304 1885 4376 ἄρ-

298 4411 516 4466 χοντας,
556 4397 689 4468 μηδὲ
711 4397 796 4466 ἐφ’
828 4399 976 4462 υίοὺς
1026 4397 1348 4471 ἀνθρώπων,
1377 4391 1459 4461 οἷς
1491 4399 1588 4451 οὐκ
1616 4395 1732 4450 ἔστι
1778 4412 1886 4449 σω-

299 4487 468 4558 τηρία
492 4503 507 4519 ο
551 4506 569 4539 ι
597 4491 691 4544 καὶ
720 4491 881 4546 πάλιν
904 4509 917 4520 ο
948 4512 965 4542 ι
1009 4491 1243 4555 Πλοῦτος
1277 4492 1370 4545 ἐὰν
1405 4490 1525 4562 ῥέῃ,
1558 4489 1633 4562 μὴ
1665 4488 1887 4562 προστί-

1979 551 1996 584 ι
2029 532 2192 600 Deus,
2226 536 2280 590 in
2307 536 2636 606 adjutorinm
2670 553 2848 593 meum
2884 540 3101 595 intende
3125 581 3138 600 .
3192 539 3522 596 Confundan

1975 633 2062 678 tur
2111 633 2165 681 et
2215 641 2562 683 revereantur
2609 632 2701 700 qui
2754 642 3003 701 quaerunt
3056 633 3290 686 animam
3343 648 3542 689 meam.

1973 715 2298 772 Avertantur
2351 727 2650 774 retrorsum
2709 729 2761 776 et
2808 723 3136 778 erubescant
3199 725 3290 794 qui
3356 726 3549 781 volunt

1972 807 2105 861 mihi
2135 809 2277 863 mala
2313 810 2377 865 ⁷⁸.
2424 830 2442 863 ›
2485 810 2542 866 la
2575 812 2679 868 hoc
2717 830 2846 870 vero
2873 854 2889 879 ,
2939 831 3100 886 quem
3152 831 3300 869 nunc
3353 827 3549 872 tracta~

1974 915 2123 965 mus,
2163 900 2450 970 ipsissimze
2475 919 2635 961 voces
2668 904 2724 959 in
2756 908 3110 977 sequentibus
3161 907 3544 978 usurpantur‘:

1979 1007 1997 1040 ι
2033 988 2194 1054 Deus,
2225 991 2279 1044 in
2307 993 2640 1060 adjutorium
2673 1011 2852 1050 meum
2885 987 3109 1050 intende
3132 1036 3146 1058 ,
3202 997 3546 1052 confundan-

1976 1089 2084 1144 tur,
2107 1101 2125 1134 ›
2150 1090 2204 1137 et
2230 1091 2446 1149 caetera,
2482 1101 2699 1157 quoque
2725 1087 2898 1143 eidem
2933 1089 3216 1144 sententi-.1:
3245 1089 3510 1144 insistunt
3537 1108 3555 1150 ι

1975 1173 2071 1228 sed
2100 1173 2190 1237 hic
2219 1173 2396 1232 fusius
2419 1193 2518 1247 res,
2534 1189 2882 1244 enarrantur,
2915 1197 3051 1250 quas
3077 1180 3220 1235 Patri
3255 1181 3554 1236 convenire

1975 1280 2082 1319 non
2103 1266 2200 1322 abs
2225 1283 2286 1322 re
2313 1269 2582 1340 quispiam
2612 1271 2833 1325 dixerit.
2859 1273 2994 1327 Cum
3031 1275 3155 1328 item
3185 1273 3237 1326 in
3265 1274 3367 1327 hoc
3402 1273 3554 1343 psal-

1975 1375 2063 1414 mo
2090 1361 2324 1425 dicatur,
2353 1380 2371 1412 ι
2407 1361 2674 1428 Quoniam
2694 1371 2750 1416 tu
2775 1380 2834 1419 es
2855 1365 3110 1435 patientia
3133 1380 3273 1429 mea,
3299 1363 3548 1428 Domine,

1983 1450 2210 1508 Domine
2240 1469 2364 1523 spes
2399 1469 2516 1510 mea
2538 1470 2568 1508 a
2590 1454 2871 1524 juventute
2903 1471 3056 1521 mea;
3101 1475 3120 1508 ›
3151 1455 3257 1510 hoc
3287 1455 3462 1526 ipsum
3491 1455 3548 1509 in

1973 1546 2187 1615 psalmo
2217 1562 2332 1609 XXI,
2361 1563 2426 1601 ex
2453 1547 2641 1602 eadem
2670 1563 2904 1619 persona
2945 1548 3184 1603 dicitur:
3218 1565 3236 1598 ι
3276 1546 3548 1614 Quoniam

1974 1645 2032 1690 tu
2058 1653 2117 1692 es
2140 1638 2233 1708 qui
2256 1639 2537 1694 extraxisti
2573 1655 2657 1692 me
2681 1641 2749 1695 de
2794 1648 2980 1695 ventre
3007 1641 3075 1703 7°,
3114 1660 3134 1692 ›
3166 1647 3219 1694 et
3243 1640 3547 1710 sequentia.

1978 1725 2084 1781 Sed
2133 1727 2295 1782 etiam
2352 1729 2496 1799 quod
2543 1730 2599 1782 in
2652 1730 2755 1784 hac
2813 1731 3093 1801 prophetia
3158 1731 3549 1802 subjungitur,

1983 1835 2002 1868 ι
2036 1817 2179 1873 Deus
2213 1833 2369 1874 meus
2388 1859 2402 1883 ,
2435 1836 2502 1873 ne
2523 1819 2871 1890 derelinquas
2901 1836 3004 1886 me,
3027 1819 3199 1876 donec
3229 1821 3549 1875 annuntiem

1977 1907 2258 1961 brachium
2289 1914 2438 1962 tuum
2467 1911 2803 1980 generationi
2825 1912 2975 1966 omni
2997 1927 3116 1982 quae
3141 1920 3364 1966 tentura
3393 1921 3496 1976 est;
3523 1929 3547 1963 ι

1977 1999 2156 2055 simile
2182 2000 2396 2056 videtur
2426 2002 2502 2058 illi
2551 2018 2641 2056 ut
2686 2003 2879 2073 psalmi
2929 2003 3098 2065 dicto,
3137 2023 3155 2055 ι
3196 2003 3552 2058 Annuntiabi-

1977 2101 2068 2145 tur
2099 2091 2324 2146 Domino
2353 2093 2632 2163 generatio
2651 2103 2881 2149 ventura
2913 2095 2980 2147 ³⁸.
3015 2116 3033 2146 ι
3061 2095 3328 2150 Attendas
3349 2094 3554 2164 quippe

1977 2182 2159 2250 velim,
2183 2185 2455 2253 quomodo
2483 2184 2534 2236 in
2563 2184 2654 2238 illo
2675 2185 2892 2255 quidem
2919 2182 3153 2250 dicatur,
3183 2204 3200 2236 ι
3241 2185 3552 2240 Annuntia-

1977 2271 2126 2328 bitur
2166 2273 2398 2329 Domino
2440 2277 2721 2345 generatio
2751 2285 3020 2342 ventura;
3063 2296 3082 2330 ι
3120 2277 3174 2331 in
3205 2276 3307 2331 hoc
3343 2269 3560 2339 autem,

1983 2383 2001 2416 ι
2029 2365 2211 2421 Donec
2241 2369 2557 2422 annuntiem
2585 2367 2866 2423 brachium
2890 2379 3040 2422 tuum
3068 2368 3402 2440 generationi
3433 2382 3553 2421 ont-

1977 2456 2176 2525 ni‘quaa
2198 2465 2422 2512 ventura
2464 2466 2566 2512 est.
2609 2477 2628 2508 ι
2667 2455 2808 2521 Quin
2855 2459 3016 2512 etiam
3049 2459 3171 2528 ejus
3205 2473 3268 2512 ex
3320 2457 3556 2511 mortuis

1979 2550 2433 2604 resurrectionem
2470 2557 2654 2619 aperte
2681 2550 2922 2604 declarat
2954 2549 3067 2604 haec
3101 2548 3384 2620 prophetia
3406 2587 3421 2612 ,
3483 2563 3553 2602 ex

1976 2644 2097 2712 ejus
2116 2657 2349 2713 persona
2366 2642 2587 2696 dicens:
2614 2660 2633 2694 ι
2670 2641 2973 2711 Deus,quis
3001 2641 3197 2698 similis
3219 2641 3352 2694 tibi?
3375 2640 3554 2706 Quan-

1977 2743 2063 2790 tas
2096 2734 2382 2790 ostendisti
2412 2735 2542 2789 mihi
2565 2735 2949 2789 tribulationes
2971 2736 3170 2789 multas
3192 2742 3244 2788 et
3265 2734 3436 2789 malas
3457 2773 3474 2801 ,
3496 2741 3557 2786 et

1977 2841 2280 2880 conversus
2305 2826 2589 2881 viviﬁcasti
2625 2842 2732 2889 me,
2773 2832 2826 2880 et
2850 2825 2917 2880 de
2949 2823 3363 2879 necessitatibus
3392 2831 3556 2878 ternae

1978 2911 2175 2967 iterum
2204 2913 2467 2969 reduxisti
2502 2915 2622 2968 me?
2659 2933 2677 2966 ι
2714 2913 2841 2967 Sive
2875 2913 3041 2984 igitur
3067 2929 3132 2968 ex
3157 2928 3389 2983 persona
3425 2910 3552 2968 Ser-

1978 3001 2204 3062 vatoris,
2237 3001 2350 3056 sive
2378 3017 2444 3055 ex
2475 3017 2708 3071 persona
2754 3000 3046 3068 cujuslibet
3076 2999 3212 3069 justi
3259 2998 3373 3054 haec
3405 2999 3557 3053 acci-

1978 3095 2172 3165 pienda
2195 3103 2343 3149 sunt.
2379 3093 2688 3149 Doctrinatn
2733 3095 2878 3148 enim
2928 3092 3362 3162 complectuntur
3383 3127 3401 3156 ,
3429 3105 3550 3161 qua:

1906 3204 1946 3261 α
1982 3203 2082 3242 nos
2109 3186 2344 3242 instituit
2375 3197 2433 3241 ut
2463 3203 2529 3241 ex
2565 3187 2708 3241 bono
2738 3185 3018 3256 proposito
3048 3185 3231 3239 omnia
3283 3191 3406 3254 post
3459 3183 3557 3238 du-

1975 3296 2185 3344 ca'uus,
2214 3281 2268 3335 in
2289 3297 2508 3351 unoque
2533 3279 2765 3334 Domino
2786 3293 2939 3349 spem
2965 3286 3268 3334 statuamus
3285 3285 3553 3338 nostram.

1975 3375 2050 3430 ita
2079 3381 2138 3426 ut
2171 3372 2390 3428 sincero
2419 3371 2616 3428 affectu
2659 3372 2908 3427 dicamus
2940 3389 2955 3427 :
2994 3387 3014 3424 ι
3067 3368 3125 3424 In
3173 3376 3256 3435 te,
3291 3369 3516 3425 Domine
3537 3410 3556 3434 ,

1978 3466 2213 3531 speravi,
2232 3481 2338 3520 non
2363 3465 2670 3520 confundar
2692 3468 2745 3519 in
2763 3472 3046 3520 aeternum.
3072 3481 3091 3515 ι
3117 3460 3222 3528 Qui
3239 3462 3382 3517 enim
3402 3461 3455 3515 in
3472 3462 3557 3516 die

1977 3559 2128 3614 vitiis
2145 3575 2208 3614 ac
2223 3558 2277 3612 in
2297 3559 2533 3630 copiosis
2548 3559 2674 3614 vita:
2691 3555 3180 3618 facultatibus,sive
3196 3555 3248 3608 in
3265 3553 3557 3608 mundanis

1982 3650 2372 3722 dignitatibus,
2401 3651 2518 3706 sive
2552 3651 2608 3705 in
2643 3651 2954 3721 principum
3007 3647 3191 3701 favore
3223 3655 3276 3701 et
3321 3647 3558 3716 patroci-

1981 3745 2094 3808 nio,
2132 3743 2248 3798 sive
2304 3745 2359 3797 in
2409 3743 2515 3796 alia
2551 3743 2808 3814 quapiam
2845 3739 3158 3793 mortalium
3199 3747 3254 3793 et
3288 3736 3556 3791 ﬂuxarutu

1983 3852 2165 3892 rerum
2219 3851 2370 3906 spem
2433 3842 2727 3904 reponunt,
2763 3833 3075 3905 ignominiae
3103 3829 3324 3885 obnoxii
3375 3836 3556 3886 erunt.

1989 3947 2008 3980 ι
2032 3925 2377 3983 'Maledictus
2407 3927 2554 3983 enim
2581 3927 2744 3981 homo
2778 3927 2872 3996 qui
2910 3939 3061 3995 spem
3088 3923 3253 3977 habet
3283 3924 3337 3976 in
3375 3921 3556 3976 humi.

1986 4037 2133 4084 nem,
2169 4030 2222 4076 et
2246 4022 2424 4074 firmat
2454 4035 2678 4076 carnem
2713 4019 2922 4074 brachii
2952 4018 3122 4072 sui".
3151 4037 3169 4069 )
3191 4015 3398 4070 Clamat
3430 4018 3558 4069 item

1987 4114 2296 4184 Scriptura,
2331 4131 2350 4164 ι
2387 4112 2564 4169 Nolite
2600 4113 2876 4168 confidere
2908 4113 2962 4167 in
2993 4109 3358 4181 principibus,
3385 4121 3560 4176 neque

1987 4209 2041 4262 in
2097 4207 2223 4262 flliis
2265 4206 2570 4270 hominum,
2616 4206 2670 4261 in
2715 4205 2918 4277 quibus
2965 4218 3075 4259 non
3117 4209 3203 4258 est
3243 4201 3392 4257 salus
3415 4199 3497 4264 ⁸¹;
3536 4215 3556 4249 ι

1985 4307 2040 4354 et
2067 4315 2313 4361 rursum,
2348 4317 2366 4350 ι
2410 4298 2623 4354 Divitiae
2667 4299 2712 4355 si
2764 4298 3008 4358 aflluant,
3059 4294 3224 4350 nolite
3258 4307 3356 4346 cor
3389 4306 3556 4361 appo-

1989 4405 2118 4444 nere
2140 4390 2205 4442 ⁸³.
2240 4409 2258 4441 ι
2288 4387 2348 4442 1η
2372 4389 2495 4444 aliis
2520 4390 2647 4445 item
2671 4389 2739 4443 ad
2768 4389 2882 4443 haec
2913 4384 3146 4442 dicenda
3169 4382 3511 4439 instituimur
3541 4397 3555 4434 :

1993 4500 2013 4532 ι
2051 4479 2317 4537 Dominus
2368 4482 2498 4535 tuihi
2543 4481 2784 4550 adjutor,
2837 4496 2944 4534 non
2989 4476 3192 4531 timebo
3223 4474 3356 4544 quid
3399 4472 3563 4527 faciat

302 4574 462 4630 θεσθε
492 4578 736 4651 καρδίαν.
754 4583 888 4637 »Καὶ
916 4586 972 4636 ἐν
997 4583 1202 4656 ἑτέροις
1225 4582 1280 4635 δὲ
1302 4582 1477 4651 λέγειν
1497 4581 1879 4652 διδασκόμεθα·

1989 4573 2120 4628 mihi
2161 4573 2344 4628 homo.
2381 4571 2592 4628 Bonum
2630 4582 2713 4628 cst
2743 4571 3018 4627 conlidere
3045 4571 3098 4624 in
3123 4567 3375 4631 Domino,
3397 4580 3563 4636 quam

305 4688 324 4719 ι
364 4667 566 4741 Κύριος
593 4673 714 4744 ἐμοὶ
737 4673 945 4744 βοηθὸς,
969 4676 1030 4728 οὐ
1053 4675 1431 4746 φοϐηθήσομαι
1455 4674 1507 4727 τί
1531 4674 1754 4744 ποιήσει
1791 4689 1879 4743 μοι

299 4759 611 4832 ἄνθρωπος.
651 4763 878 4832 Ἀγαθὸν
896 4766 1213 4819 πεποιθέναι
1249 4767 1338 4819 ἐπὶ
1370 4765 1596 4837 Κύριον,
1629 4763 1662 4835 ἢ
1698 4779 1884 4817 πεποι-

298 4853 455 4906 θέναι
484 4855 576 4906 ἐπὶ
594 4855 900 4926 ἄνθρωπον.
947 4856 1171 4926 Ἀγαθὸν
1207 4855 1446 4921 ἐλπίζειν
1472 4858 1564 4909 ἐπὶ
1601 4855 1826 4927 Κύριον,
1845 4855 1879 4925 ἢ

297 4943 544 5008 ἐλπίζειν
592 4946 684 4999 ἐπὶ
709 4945 992 5019 ἄρχοντας.
1035 4967 1054 5000 ι
1103 4949 1161 5002 Ὀ
1188 4948 1246 5001 δὲ
1283 4947 1463 5016 ἀγαθὰ
1501 4946 1680 5017 ἐαυτῷ
1710 4963 1885 5000 συνει-

295 5032 407 5096 δὼς
434 5035 575 5088 εἴποι
598 5035 663 5089 ἂν
689 5035 766 5107 τῷ
789 5037 979 5109 Κυρίῳ
1004 5037 1097 5091 καὶ
1135 5038 1214 5102 τὸ,
1252 5057 1270 5088 ι
1324 5039 1410 5090 Ἐν
1439 5037 1757 5109 δικαιοσύνῃ
1788 5053 1881 5088 σου

300 5122 466 5195 ῥῦσαί
529 5143 594 5196 με
653 5128 748 5181 καὶ
799 5128 980 5192 ἐξέλου
1017 5146 1104 5200 με.
1153 5149 1170 5180 ›
1205 5128 1383 5200 Πολλῇ
1418 5130 1528 5200 γὰρ
1564 5127 1883 5197 πεποιθήσει

297 5214 659 5289 τεθάρῤηκεν,
689 5221 792 5284 ὅτι,
829 5221 968 5274 κατὰ
1010 5221 1070 5274 τὸ
1097 5221 1434 5274 δικαιότατον
1471 5221 1664 5292 κρίνας
1688 5218 1885 5282 ὁΘεὸς,

300 5309 528 5380 εὑρήσει
564 5313 727 5365 αὐτὸν
757 5315 817 5366 ού
845 5314 1240 5386 κατακρίσεως,
1272 5314 1391 5368 οὐδὲ
1419 5312 1690 5382 ἀποϐολῆς
1717 5312 1885 5378 ἄξιον,

299 5399 439 5454 ἀλλά
466 5402 719 5473 βοηθείας
751 5406 846 5458 καὶ
879 5405 1215 5478 ἀντιλήψεως
1239 5425 1253 5438 ·
1288 5406 1371 5460 διό
1397 5422 1592 5476 φησιν’
1634 5424 1652 5455 ι
1703 5406 1790 5457 Ἐν
1817 5406 1882 5475 τῇ

298 5492 618 5568 δικαιοσύνῃ
650 5513 742 5549 σου
760 5497 920 5570 ρὖαί
959 5515 1023 5568 με
1063 5500 1158 5553 καὶ
1187 5499 1367 5567 ἐξέλου
1405 5516 1492 5572 με.
1522 5518 1542 5552 ι
1575 5499 1887 5571 Συνειδήσει

380 5695 427 5727 ⁷⁸
458 5695 602 5752 Psal.
628 5713 780 5762 uix,
798 5698 917 5755 2-4.

298 5767 348 5799 ⁸⁸
381 5764 529 5821 I‘sal.
556 5783 731 5836 cxvu,
771 5769 884 5826 7-9.

995 5703 1036 5735 τ’
1062 5703 1198 5760 Ρερξ.
1229 5719 1338 5771 ut,
1375 5703 1458 5760 10.
1536 5703 1581 5735 ⁸⁸
1612 5703 1742 5759 ibid.
1767 5703 1854 5758 3:2.
1933 5703 1977 5736 ⁸⁸
2009 5701 2211 5760 Jerem.
2232 5718 2380 5770 ‘xvu,
2402 5704 2449 5758 5.

1986 4663 2260 4720 conlidere
2300 4663 2357 4717 in
2387 4663 2627 4717 homine.
2684 4663 2891 4717 Bonum
2925 4668 3010 4716 est
3036 4673 3259 4729 sperare
3294 4656 3351 4710 in
3381 4654 3565 4710 Domi-

1989 4772 2083 4821 no,
2119 4771 2284 4827 quam
2333 4771 2560 4826 sperare
2617 4757 2670 4810 in
2718 4753 3059 4826 principibus
3078 4750 3144 4803 “.
3188 4770 3206 4803 ι
3246 4749 3351 4816 Qui
3381 4754 3564 4802 autem

1989 4851 2264 4906 bonorum
2296 4849 2402 4903 sibi
2443 4849 2703 4904 conscius
2733 4857 2838 4912 est,
2873 4847 3106 4901 Domino
3137 4843 3338 4898 dixerit
3384 4839 3516 4895 illud
3548 4857 3562 4892 :

1999 4962 2016 4995 ι
2062 4943 2119 4996 ln
2149 4941 2365 5012 justitia
2417 4949 2511 4995 tua
2561 4941 2734 4996 libera
2795 4955 2882 4995 me
2914 4948 2968 4996 et
3015 4939 3165 5010 eripe
3192 4951 3298 4991 me.
3343 4953 3363 4988 ι
3399 4932 3568 4989 Multa

1992 5037 2195 5107 quippe
2235 5035 2430 5089 flducia
2459 5035 2722 5105 repletur,
2756 5036 2883 5107 quia
2910 5031 3222 5104 justissima
3267 5044 3452 5086 secum
3481 5026 3569 5098 ju-

1993 5129 2139 5183 dicio
2172 5126 2316 5182 Deus
2339 5141 2529 5195 agens,
2557 5143 2666 5181 non
2701 5126 3076 5192 damnatione,
3115 5137 3295 5194 neque
3327 5118 3569 5190 repulsa,

1993 5219 2090 5277 sed
2121 5219 2326 5274 auxilio
2347 5227 2400 5273 et
2431 5219 2738 5288 patrocinio
2764 5218 2986 5290 dignum
3020 5215 3359 5286 comperiet:
3398 5224 3572 5280 quare

1994 5312 2072 5366 ait
2105 5330 2118 5367 :
2158 5331 2176 5364 ι
2224 5312 2282 5365 ln
2311 5311 2526 5380 justitia
2553 5319 2644 5366 tua
2674 5311 2845 5366 libera
2873 5326 2960 5365 me
2984 5317 3051 5366 et
3073 5309 3224 5378 eripe
3247 5319 3356 5360 me.
3390 5325 3414 5356 ι
3465 5299 3573 5353 Pu-

1994 5421 2164 5478 raque
2219 5406 2554 5461 conscientia
2603 5405 2880 5476 supplices
2909 5418 3073 5459 voces
3107 5402 3174 5456 ad
3212 5399 3377 5454 Deum
3409 5393 3576 5450 emit-

1996 5479 2120 5554 tens
2145 5497 2197 5552 id
2219 5513 2438 5570 quoque
2464 5498 2729 5554 dicebat:
2787 5515 2807 5548 ι
2863 5496 3072 5550 inclina
3125 5493 3192 5549 ad
3246 5506 3333 5544 mu.
3383 5500 3572 5540 aurem

2538 5703 2586 5736 υ
2604 5701 2929 5764 Psalmxu,
2959 5698 3011 5755 9..
3092 5697 3138 5727 ⁸³
3171 5693 3317 5751 Psal.
3350 5687 3573 5758 “1,”;
