4068 6530
581 283 690 342 775

1252 278 1515 336 E-USEBII
1554 277 2034 336 CIESABIENSIS
2067 276 2218 335 OPP.
2257 275 2438 333 PARS
2471 274 2561 331 ΠΙ.
2598 304 2671 316 -
2708 271 3116 330 EXEGETICA.

3714 266 3817 325 τις

580 405 754 461 tuam,
783 400 840 449 et
888 393 1039 450 salva
1074 406 1173 447 'me
1195 390 1261 444 ⁸³.
1302 410 1321 442 ι
1363 389 1479 447 imo
1512 390 1671 462 quasi
1713 405 1782 446 ex
1821 390 2146 445 necessitate

2248 389 2305 442 δὲ
2332 386 2719 458 κεκαθαρμένη
2744 384 2841 449 τὰς
2872 383 3178 455 ἱκετηρίους
3198 382 3379 451 φωνὰς
3409 380 3543 450 πρὸς
3574 378 3667 435 τὸν
3682 380 3821 436 Θεὸν

580 487 754 544 Deum
786 486 863 541 ita
892 484 1119 556 rogabat
1150 502 1163 538 :
1195 500 1214 534 ‹
1247 481 1380 538 Esto
1422 483 1558 537 mihi
1590 483 1646 537 in
1673 481 1843 538 Deum
1874 489 2149 553 protecto-

574 595 698 636 rem
728 585 782 634 et
810 579 868 632 in
896 577 1077 633 locum
1108 575 1402 639 munitum,
1440 584 1501 630 ut
1532 576 1743 631 salvum
1769 590 1854 631 me
1889 575 2080 631 facias.
2123 594 2142 628 ι

572 670 717 728 Eam
748 685 873 725 cum
909 667 1050 723 Deus
1078 666 1313 738 protegit
1335 676 1389 721 et
1410 675 1741 739 propugnat,
1766 682 1877 722 non
1905 683 2005 738 pro
2026 669 2151 722 nul-

573 762 687 816 lius
721 761 879 832 pretii
924 759 1143 815 homine
1187 759 1240 814 id
1297 760 1428 831 agit,
1472 762 1732 829 solusque
1768 759 2043 831 perfectus
2093 760 2150 815 id

572 850 689 907 Deo
715 850 899 907 dicere
923 852 1100 906 valeat
1134 869 1147 907 :
1183 869 1202 902 ι
1240 850 1506 917 Quoniam
1543 851 1942 906 ﬁrmamentum
1968 868 2146 907 meum

571 950 633 998 et
659 942 929 1013 refugium
960 957 1140 997 meum
1170 958 1231 997 es
1264 951 1346 998 tu.
1388 962 1407 995 ο
1444 941 1551 998 Pro
1573 959 1682 1012 quo
1711 943 1927 1014 Aquila,
1960 962 1977 994 ι
2006 942 2151 1010 Quo-

574 1036 727 1093 niam
762 1044 915 1108 petra
946 1051 1067 1091 mea
1102 1044 1155 1091 et
1186 1035 1498 1107 praesidium
1531 1051 1735 1099 meum,
1772 1054 1791 1087 ι
1825 1036 2151 1105 interpreta~

573 1136 671 1184 tus
693 1136 813 1195 est;
842 1125 1205 1199 Symmachus
1224 1141 1374 1190 vero,
1416 1144 1435 1177 ι
1463 1124 1734 1193 Quoniam
1767 1136 1921 1196 petra
1948 1141 2068 1180 mea
2098 1133 2151 1184 ei

578 1221 852 1291 refugium
882 1236 1061 1275 meum
1089 1235 1150 1276 es
1165 1227 1382 1274 ιυ.ο--‹
1396 1217 1539 1275 Deus
1568 1235 1745 1281 meus,
1775 1218 1925 1289 eripe
1959 1235 2045 1273 me
2084 1219 2151 1274 de

579 1327 745 1365 manu
775 1310 1103 1381 peccatoris,
1134 1319 1188 1364 et
1216 1309 1284 1364 de
1323 1324 1487 1365 manu
1515 1317 1707 1362 contra
1738 1309 1909 1379 legem
1941 1308 2149 1379 agentis

576 1409 635 1458 et
681 1401 874 1471 iniqui.
905 1398 1174 1467 Quoniam
1205 1407 1267 1455 tu
1315 1415 1374 1456 es
1408 1400 1672 1470 patientia
1706 1414 1847 1463 mea,
1882 1398 2147 1464 Domine,

2247 478 2585 549 ἀναπέμπων
2613 516 2629 541 ,
2672 475 2873 539 καὶτὸ,
2910 495 2927 526 ι
2968 474 3161 527 Κλῖνον
3183 470 3323 543 πρὸς
3366 470 3434 542 μὲ
3478 470 3539 523 τὸ
3562 465 3656 533 οῦς
3704 486 3820 534 σου,

2246 575 2343 627 καὶ
2377 570 2547 625 σῶσόν
2572 586 2660 641 με,
2697 588 2716 621 ι
2754 569 2956 638 ἔλεγεν.
2987 564 3146 619 Ἀλλὰ
3166 565 3260 618 κα)⁸
3290 562 3365 627 ὼς
3402 562 3717 632 ἀναγκαίως
3748 562 3823 636 τῷ

2244 665 2366 737 Θεῷ
2410 664 2704 737 παρεκάλει
2744 660 2948 730 λέγων’
2986 676 3005 709 ι
3046 655 3209 711 Γενοῦ
3254 672 3343 727 μοι
3375 656 3453 719 είς
3489 655 3622 709 Θεὸν
3656 656 3825 729 ὑπερ-

2247 755 2517 827 ασπιστὴν
2535 756 2629 808 καὶ
2662 754 2741 817 εἰς
2773 750 2934 805 τόπον
2966 747 3160 820 ὀχυρὸν
3187 746 3280 800 τοῦ
3311 745 3483 801 σῶσαί
3519 747 3828 818 με.›Προαο

2251 845 2457 910 σπίζων
2482 846 2592 917 γὰρ
2615 846 2643 897 6
2665 844 2797 907 Θεὸς
2837 843 2932 897 καὶ
2968 838 3322 911 ὑπερμαχῶν,
3344 840 3449 892 οὐκ
3475 838 3541 892 ἂν
3573 837 3707 910 περὶ
3739 855 3829 909 μι-

2250 936 2384 1008 κροῦ
2406 954 2549 1000 τινος
2568 935 2712 988 τοῦτ’
2734 932 2954 1003 ἐποίησε
2974 948 2987 961 ·
3024 930 3183 1002 μόνος
3203 930 3260 983 δὲ
3293 932 3321 983 6
3346 928 3550 991 τέλειος
3581 927 3727 979 είποι
3762 926 3829 980 ἂν

2247 1030 2325 1100 τῷ
2362 1029 2505 1100 Θεῷ⁴
2543 1047 2561 1080 ι
2600 1028 2720 1080 Ὅτι
2752 1023 3039 1097 στερέωμά
3094 1040 3196 1093 μου
3246 1022 3339 1076 καὶ
3387 1020 3677 1089 καταφυγή
3725 1034 3828 1089 μου

2252 1122 2315 1173 σὺ
2350 1116 2418 1175 εἴ.
2450 1139 2472 1171 ο
2510 1118 2648 1173 Ἀνθ’
2681 1112 2741 1172 οὗ
2765 1120 2795 1171 6
2829 1116 2929 1188 μὲν
2973 1114 3234 1178 Ἀκύλαςο
3288 1131 3308 1165 ι
3346 1114 3467 1165 Ὅτι
3505 1111 3679 1182 πέτρα
3726 1125 3828 1180 μου

2250 1212 2345 1264 καὶ
2395 1210 2659 1282 ὀχύρωμά
2706 1226 2827 1281 μου,
2872 1227 2889 1261 ι
2923 1200 3267 1281 ἡρμήῖιευσεν
3294 1224 3307 1237 ο
3332 1208 3360 1260 6
3402 1206 3458 1259 δὲ
3492 1205 3825 1277 Σύμμαχοςο

2256 1303 2408 1356 «Ὅτι
2434 1302 2604 1374 πέτρα
2629 1319 2727 1374 μου
2751 1301 2844 1355 καὶ
2866 1301 3151 1370 καταφυγή
3176 1316 3274 1371 μου
3290 1299 3353 1353 σὺ
3364 1294 3432 1351 εἴ.
3448 1317 3466 1351 ι
3485 1316 3581 1348 -‹
3605 1297 3666 1350 '0
3692 1296 3828 1359 Θεός

2253 1413 2377 1469 μου,
2404 1394 2566 1467 ῥῦσαί
2609 1413 2676 1467 με
2708 1398 2772 1449 ἐκ
2794 1395 2977 1466 χειρὸς
3010 1392 3359 1464 ἁμαρτωλοῦ,
3409 1392 3504 1446 καὶ
3539 1392 3604 1445 ὲκ
3646 1388 3832 1463 χειρὸς

2249 1489 2695 1563 παρανομοῦντος
2723 1490 2818 1544 καὶ
2834 1489 3163 1554 ἀδικοῦντος.
3191 1491 3314 1543 Ὀτι
3346 1490 3409 1543 σὺ
3443 1485 3544 1559 εἷὴ
3580 1489 3828 1561 ὑπομονή

2257 1599 2379 1654 μου,
2409 1581 2603 1655 Κῦριε,
2636 1581 2840 1654 ἡέλπίς
2875 1599 2976 1652 μου
3001 1582 3065 1635 ἐκ
3083 1581 3331 1653 νεότητός
3356 1599 3478 1652 μου.
3498 1598 3516 1632 ι
3548 1580 3606 1633 '0
3622 1580 3831 1644 τέλειος

580 1511 706 1566 spes
737 1509 857 1549 mea
883 1509 911 1547 a
939 1493 1229 1563 juventute
1272 1508 1415 1549 mea.
1456 1514 1475 1545 ο
1521 1491 1621 1545 Vir
1670 1490 1941 1560 perfectus
1989 1490 2150 1561 quasi

581 1587 859 1657 prapriam
920 1585 1326 1657 possessionem
1377 1582 1548 1639 Deum
1621 1585 1842 1638 invocat
1918 1583 2146 1648 dicens,

584 1696 606 1728 ι
645 1674 787 1730 Dens
814 1690 968 1730 meus
1001 1693 1014 1728 :
1055 1694 1074 1727 ι
1109 1674 1239 1744 quia
1268 1670 1564 1744 promissio
1598 1672 1781 1743 dignis
1814 1686 1844 1726 a
1878 1668 1987 1727 Deo
2021 1672 2147 1726 data

2249 1678 2438 1751 ὥσπερ
2500 1677 2629 1732 ἴδιον
2683 1677 2872 1747 κτῆμα
2921 1676 3013 1729 τὸν
3062 1676 3193 1729 Θεὸν
3233 1674 3569 1729 ἐπικαλεῖται
3618 1675 3825 1744 λέγων·

574 1775 666 1822 est
698 1767 782 1821 his
809 1766 986 1821 verbis
1024 1784 1039 1821 :
1092 1784 1109 1817 ι
1148 1764 1255 1818 Ero
1288 1764 1507 1819 illorum
1559 1763 1724 1827 Deus,
1773 1773 1825 1819 et
1850 1763 1953 1833 ipsi
1988 1771 2147 1818 erunt

2256 1789 2274 1822 ι
2322 1771 2381 1824 '0
2419 1769 2551 1835 Θεός
2594 1786 2731 1838 μου·
2777 1788 2796 1821 ι
2843 1768 3172 1841 Ἐπειδήπερ
3223 1767 3520 1837 ἐπαγγελία
3567 1765 3687 1821 ἐστὶ
3728 1765 3826 1821 τοῦ

580 1859 714 1913 mihi
747 1859 980 1929 populus
1006 1858 1076 1913 “.
1108 1876 1130 1910 ι
1164 1856 1266 1923 Qui
1291 1871 1422 1911 vero
1450 1855 1605 1921 dicit,
1631 1874 1650 1907 ι
1702 1857 1760 1910 ln
1790 1863 1865 1921 te,
1898 1856 2147 1925 Domine,

2248 1860 2382 1915 Θεοῦ
2438 1863 2566 1934 περὶ
2614 1861 2723 1914 τῶν
2768 1860 2933 1927 ἀξίων
2977 1860 3247 1929 λέγουσα·
3302 1879 3319 1911 ι
3372 1860 3605 1930 Ἔτομαι
3646 1857 3830 1912 αὐτῶν

578 1949 820 2021 speravi,
861 1968 880 2001 ι
906 1956 963 2004 et
991 1947 1175 2003 omnia
1202 1956 1324 2018 post
1354 1947 1563 2018 putavit
1591 1958 1648 2001 ut
1670 1948 1764 2002 uni
1788 1946 1894 2003 Deo
1922 1963 1982 2003 se
2001 1962 2147 2003 eom-

2248 1952 2402 2017 Θεὸς,
2447 1954 2544 2007 καὶ
2582 1953 2736 2007 αὐτοὶ
2781 1950 2994 2005 ἔσονταί
3038 1969 3128 2023 μοι
3183 1950 3331 2014 λαός.
3372 1968 3391 2002 ι
3444 1951 3500 2004 Ὀ
3538 1950 3594 2003 δὲ
3629 1950 3828 2019 λέγων,

574 2044 841 2108 mitteret,
874 2041 999 2112 jure
1020 2040 1190 2106 dicat,
1221 2059 1242 2092 ι
1283 2038 1426 2095 Deus
1455 2056 1632 2101 meus.
1684 2059 1705 2092 ι
1755 2039 1901 2112 Eripi
1930 2054 2063 2095 vero
2090 2054 2147 2097 se

2252 2063 2275 2097 ι
2316 2045 2439 2098 Ἐπὶ
2473 2043 2576 2109 σοι,
2616 2045 2812 2115 Κύριε,
2841 2042 3067 2113 ἤλπισα,
3105 2061 3126 2095 ο
3157 2043 3251 2096 καὶ
3272 2042 3449 2096 πάντα
3479 2040 3713 2113 δεύτερα
3742 2039 3832 2093 θέ-

578 2133 648 2188 de
676 2148 838 2187 manu
869 2133 1175 2203 peccatoris
1202 2138 1377 2203 rogat,
1424 2146 1493 2187 ne
1521 2132 1688 2202 gestis
1721 2132 1837 2187 suis
1870 2130 2145 2203 peccatori

2252 2152 2431 2208 μενος,
2457 2136 2549 2188 ἐπὶ
2581 2134 2739 2207 μόνον
2767 2136 2825 2190 δὲ
2841 2136 2933 2190 τὸν
2966 2135 3096 2189 Θεὸν
3122 2134 3310 2187 ἑαυτὸν
3332 2132 3648 2206 ἑπιῤῥίψας,
3684 2130 3831 2185 είκὸ-

576 2225 666 2280 vel
695 2223 884 2295 iniquo
915 2224 1111 2280 similis
1140 2225 1335 2280 evadat
1363 2240 1378 2281 :
1423 2238 1593 2294 quare
1624 2223 1794 2289 addit,
1831 2242 1849 2276 ι
1879 2222 1953 2278 De
1985 2237 2149 2278 manu

576 2322 886 2388 peccatoris
911 2327 966 2375 et
995 2318 1066 2374 de
1089 2333 1251 2372 manu
1279 2324 1474 2372 contra
1500 2318 1668 2388 legem
1705 2316 1919 2387 agentis
1951 2297 2009 2372 et
2038 2314 2147 2371 ini-

578 2411 702 2482 qui;
742 2429 762 2463 ι
784 2426 847 2464 ac
874 2410 1027 2465 neiis
1050 2409 1331 2480 subjectus
1354 2407 1457 2475 sit;
1482 2407 1577 2463 sed
1594 2406 1790 2462 merito
1817 2405 2010 2473 Deum,
2036 2422 2148 2463 non

574 2502 757 2559 solum
786 2502 858 2556 ob
886 2502 1050 2555 allata
1085 2501 1360 2571 superius,
1392 2500 1490 2556 sed
1514 2499 1681 2554 etiam
1708 2500 1779 2554 ob
1812 2499 2151 2571 subsequen-

571 2603 663 2651 tes
697 2608 917 2659 causas,
975 2594 1080 2648 sibi
1128 2592 1296 2648 Deum
1350 2592 1609 2663 appellat.
1664 2588 1824 2653 Nam,
1859 2590 2057 2662 inquit,
2089 2599 2149 2646 tu

571 2686 713 2742 mihi
746 2684 1011 2755 patientia
1041 2700 1123 2747 es,
1154 2693 1213 2738 tu
1244 2699 1371 2755 spes
1415 2699 1534 2738 mea
1574 2698 1604 2737 a
1640 2681 1950 2752 juventute.
1999 2682 2150 2738 Nun-

569 2792 740 2845 quam
768 2777 913 2831 enim
943 2785 995 2830 te
1017 2787 1335 2847 exspectare
1362 2774 1572 2838 destiti,
1606 2789 1780 2844 neque
1805 2774 1906 2828 fuit
1934 2781 2147 2845 tempus

574 2882 687 2934 quo
745 2882 855 2921 non
904 2875 957 2921 te
997 2866 1131 2921 mihi
1186 2866 1239 2920 in
1291 2882 1442 2937 spem
1502 2881 1879 2936 proponerem.
1939 2864 2149 2932 Quam-

567 2961 766 3016 obrem
814 2975 947 3031 rogo
990 2976 1057 3015 ex
1116 2975 1279 3015 manu
1338 2969 1687 3031 peccatorum
1732 2969 1786 3013 et
1837 2957 2146 3029 iniquorum

566 3068 734 3123 ertpl.

2246 2245 2355 2294 τως
2379 2227 2524 2283 εἴποι
2540 2229 2627 2293 ἂν,
2661 2247 2680 2280 ι
2728 2229 2787 2283 ὐ
2814 2228 2947 2292 Θεός
2977 2245 3101 2300 μου.
3139 2246 3159 2279 ι
3201 2225 3490 2297 Ῥυσθῆναι
3518 2225 3577 2279 δὲ
3623 2225 3690 2277 ὲκ
3713 2241 3831 2294 χειρ

2251 2320 2343 2395 ρὸς
2411 2320 2739 2393 ἁμαρτωλοῦ
2813 2319 3069 2407 εὔχεται³
3121 2320 3217 2407 ἵνα
3262 2319 3505 2407 μὴᾼταῐς
3560 2318 3828 2407 πράξεσιν

2247 2410 2431 2482 ὅμοιος
2448 2409 2671 2481 γένηται
2693 2408 2769 2480 τῷ
2787 2404 3120 2481 ἁμαρτωλῷ,
3146 2404 3281 2480 μῆδὲ
3304 2405 3380 2478 τῷ
3398 2406 3826 2477 παρανομοῦντι*

2248 2501 2330 2555 διὸ
2357 2500 2688 2571 ὲπιλέγειη
2731 2500 2825 2554 ‘Ex
2840 2498 3023 2571 χειρὸς
3055 2498 3405 2572 ἀμαρτωλοῦ,
3438 2499 3535 2551 καὶ
3558 2499 3620 2551 ὲκ
3643 2496 3831 2570 χειρὸς

2251 2593 2693 2667 παρανομοῦντος
2723 2592 2818 2647 καὶ
2844 2590 3156 2657 ἀδικοῦντος
3178 2610 3190 2623 ·
3226 2611 3246 2645 ι
3285 2591 3423 2647 ἀλλὰ
3445 2592 3539 2645 καὶ
3566 2591 3718 2654 ὅπως
3753 2591 3831 2661 μὴ

2250 2687 2559 2760 ὑποχείριος
2603 2685 2829 2758 γένηται
2880 2688 2993 2749 τοῖς
3041 2684 3320 2749 τοιούτοις,
3367 2683 3601 2753 εὐλόγως
3643 2682 3702 2735 δὲ
3739 2679 3833 2735 τὸν

2248 2777 2380 2832 Θεὸν
2439 2778 2633 2833 ἑαυτοῦ
2687 2779 2821 2834 Θεὸν
2874 2777 3127 2849 ὀνομάζοι
3179 2778 3268 2841 ἂν,
3322 2776 3386 2830 οὐ
3436 2776 3595 2847 μόνον
3633 2774 3721 2827 διὰ
3761 2772 3833 2829 τὰ

2247 2869 2555 2944 ἔμπροσθεν
2582 2871 2901 2945 λελεγμένα,
2940 2871 3077 2926 ἀλλὰ
3120 2870 3214 2924 καὶ
3247 2869 3335 2924 διὰ
3360 2869 3458 2933 τὰς
3492 2868 3620 2940 ἑξῆς
3645 2867 3831 2921 ἐπιλε-

2249 2962 2485 3034 γομένας
2535 2964 2733 3029 αἰτίας.
2777 2966 2848 3019 Σὺ
2892 2965 3001 3037 γάρ
3044 2983 3166 3037 μου,
3207 2965 3361 3035 φησὶ,
3386 2962 3675 3035 τυγχάνεις
3702 2963 3834 3015 ὑπο-

2254 3055 2408 3127 μονὴ,
2437 3058 2532 3110 καὶ
2564 3056 2626 3110 σύ
2664 3075 2766 3128 μου
2802 3058 2957 3121 ἐλπὶς
2975 3060 3039 3111 ὲκ
3070 3058 3338 3128 νεότητος.
3358 3056 3433 3111 Οὐ
3467 3055 3576 3127 γὰρ
3608 3054 3833 3108 πώποτε

568 3145 811 3200 διέλιπον
845 3163 905 3199 σε
946 3145 1252 3217 ὑπομένων,
1288 3144 1408 3199 οὐδὲ
1432 3144 1623 3213 γέγονέ
1655 3161 1740 3207 τις
1768 3143 1981 3215 καιρὸς,
2019 3145 2076 3196 ὲν
2185 3148 2305 3218 οὐχί
2357 3166 2414 3203 σε
2460 3150 2771 3223 προεθέμην
2812 3150 3051 3223 ἐμαυτοῦ
3107 3150 3313 3204 ἐλπίδα.
3344 3142 3443 3203 Ὦν
3496 3148 3658 3219 χάριν
3720 3149 3832 3200 ἱκε-

568 3240 718 3296 τεύω
747 3242 811 3294 ἐκ
841 3241 1022 3314 χειρὸς
1062 3239 1403 3312 ἁμαρτωλῶν
1432 3240 1525 3292 καὶ
1569 3239 2024 3310 παρανομούντων
2061 3241 2344 3314 ρυσθῆναι.

649 3360 817 3416 Vsus.
849 3360 904 3424 6,
936 3360 986 3416 7.
1020 3378 1041 3411 ι
1072 3358 1131 3415 In
1162 3365 1217 3414 te
1243 3359 1600 3415 conﬁrmatus
1628 3375 1750 3414 sum
1774 3376 1841 3415 ex
1875 3370 2051 3424 utero,
2071 3361 2143 3416 de

2323 3384 2342 3418 ι
2396 3366 2518 3420 Ἐπὶ
2560 3366 2623 3420 σὲ
2668 3365 3066 3439 ὲπεστηρίχθην
3108 3364 3215 3419 ἀπὸ
3248 3364 3499 3435 γαστρὸς,
3528 3364 3591 3416 ἐκ
3618 3360 3828 3422 κοιλίας

574 3458 771 3506 ventre
798 3452 990 3506 matris
1014 3467 1146 3507 πηοεν
1170 3459 1227 3505 ιιι
1253 3466 1315 3505 es
1348 3458 1627 3520 protector
1645 3466 1822 3506 meus.
1864 3470 1884 3504 ι
1924 3451 2000 3506 De
2041 3451 2148 3506 Da-

576 3544 666 3599 vid
701 3559 920 3615 quoque
953 3543 1061 3598 dici
1086 3544 1265 3599 valeat
1290 3544 1435 3614 quod
1468 3560 1498 3597 a
1533 3551 1721 3598 tenera
1769 3545 2059 3615 juventutc
2089 3545 2146 3600 in

574 3636 688 3692 Deo
717 3637 973 3706 speravit.
1014 3633 1148 3689 Nam
1177 3636 1398 3705 juvenis
1437 3651 1562 3690 cum
1606 3647 1770 3702 esset,
1810 3644 1865 3691 et
1897 3646 2148 3707 pasceret

574 3744 706 3784 oves
739 3726 908 3785 less-te
936 3729 1111 3800 patris
1140 3728 1250 3792 sui,
1287 3728 1390 3782 title
1419 3743 1484 3782 ac
1518 3744 1614 3799 spe
1644 3729 1699 3783 in
1733 3728 1924 3792 Deum,
1950 3730 2006 3784 in
2038 3731 2151 3786 leo—

572 3836 675 3877 nes
708 3829 763 3876 et
793 3837 951 3877 ursos
982 3821 1248 3884 irruebat,
1292 3828 1351 3874 ut
1395 3829 1639 3874 servaret
1686 3835 1816 3876 oves
1874 3840 1887 3875 :
1945 3823 2148 3876 bonum

577 3921 853 3985 pastorem
888 3913 1158 3977 imitatus,
1203 3913 1270 3966 de
1306 3928 1416 3982 quo
1439 3911 1646 3966 dicitur
1678 3930 1692 3967 :
1730 3932 1748 3963 ‹
1785 3910 2149 3979 Quemadmo-

575 4006 706 4060 dum
738 4021 862 4060 cum
887 4005 1191 4060 extraxerit
1211 4012 1398 4074 pastor
1427 4019 1494 4058 ex
1526 4019 1623 4058 ore
1670 4004 1845 4060 leonis
1876 4004 1985 4059 duo
2013 4019 2148 4058 cru-

575 4113 660 4161 ra,
708 4107 801 4152 aut
853 4097 1176 4167 particulam
1228 4097 1491 4151 auricula:
1518 4096 1586 4151 ⁸⁷.
1633 4114 1651 4146 ι
1683 4093 1797 4150 Sed
1829 4098 1991 4151 etiam
2022 4110 2148 4152 cum

573 4201 713 4256 puer
749 4194 917 4247 esset,
954 4187 1208 4256 spiritum
1243 4187 1542 4257 malignum
1587 4204 1655 4243 ex
1690 4187 1855 4242 Saule
1888 4187 2143 4257 peIEebat,

572 4279 744 4349 idque
767 4279 819 4332 vi
854 4279 977 4333 tidei
1010 4287 1067 4334 et
1094 4280 1210 4349 spei
1243 4279 1298 4332 in
1334 4278 1525 4335 Deum.
1566 4279 1783 4333 Atenim
1832 4278 1886 4333 id
1928 4294 2149 4349 quoque

570 4374 760 4445 juveni
793 4374 1039 4436 cuilibet,
1063 4374 1156 4443 qui
1190 4373 1284 4428 Dei
1311 4373 1579 4428 electione
1610 4373 1867 4444 dignatus
1896 4375 1985 4435 sit,
2008 4386 2147 4442 qua-

572 4467 645 4521 lis
678 4474 795 4521 erat
825 4464 1166 4528 Timotheus,
1201 4467 1344 4535 quia
1373 4481 1540 4535 puero
1575 4481 1762 4521 sacras
1781 4465 2014 4520 Litteras
2039 4462 2151 4518 edi-

566 4559 806 4622 dicerat,
842 4558 1024 4613 dicere
1052 4558 1340 4628 competit,
1376 4577 1401 4609 ι
1441 4556 1581 4627 Spes
1612 4574 1729 4612 mea
1780 4573 1810 4610 a
1860 4557 2150 4626 juventute

2254 3456 2461 3529 μητρός
2495 3475 2597 3529 μου
2628 3457 2691 3512 σύ
2724 3474 2824 3529 μου
2865 3453 2916 3510 εἴ
2957 3456 3284 3527 σκεπαστής.
3330 3475 3349 3508 ι
3376 3455 3451 3508 Τὸ
3474 3454 3572 3525 μὲν
3610 3454 3677 3506 ὲκ
3704 3451 3828 3514 νέας

2244 3546 2462 3617 ἡλικίας
2491 3548 2584 3602 ἐπὶ
2632 3547 2725 3600 τὸν
2775 3547 2908 3601 Θεὸν
2936 3546 3176 3612 ἐλπίζειν
3212 3546 3407 3614 λέγοιτ’
3453 3545 3520 3599 ἂν
3563 3543 3661 3597 καὶ
3702 3541 3829 3612 περὶ

2245 3639 2340 3694 τοῦ
2369 3640 2548 3694 Δαυῖδ.
2582 3641 2864 3713 Ἐπείπερ,
2902 3641 3022 3704 νέος
3042 3638 3122 3693 ὢν
3149 3639 3244 3692 καὶ
3274 3638 3575 3709 ποιμαίνων
3604 3636 3674 3690 τὰ
3696 3636 3825 3706 πρό-

2245 3734 2385 3787 ϐατα
2423 3735 2620 3789 Ἰεσσαὶ
2652 3734 2768 3793 ,τοῦ
2826 3733 3053 3804 πατρὸς,
3090 3733 3269 3786 πίστει
3297 3731 3392 3785 καὶ
3435 3730 3611 3783 ἐλπίδι
3652 3732 3721 3801 τῇ
3750 3730 3826 3793 είς

2244 3824 2338 3878 τὸν
2365 3825 2497 3879 Θεὸν
2530 3827 2623 3880 κα)⁸
2651 3826 2830 3879 λέουσι
2862 3825 2959 3879 καὶ
2988 3822 3211 3897 ἄρκτοις
3250 3824 3409 3896 ἐπῄει
3437 3825 3536 3893 τῆς
3560 3822 3673 3874 τῶν
3704 3837 3826 3892 προ

2246 3918 2429 3973 ϐάτων
2477 3918 2748 3990 σωτηρίας
2785 3917 2981 3971 ἕνεκαο
3014 3917 3105 3970 τὸν
3132 3914 3293 3970 καλὸν
3331 3913 3665 3986 μιμούμενος
3703 3928 3821 3965 ποι-

2249 4010 2407 4081 μένα,
2444 4010 2573 4082 περὶ
2604 4003 2665 4062 οὗ
2704 4009 3092 4081 εἴρηταιῚὋν
3109 4010 3307 4080 τρόπον
3340 4009 3468 4062 ὅταν
3511 4006 3767 4079 ὲκσπάσῃ
3791 4004 3822 4058 6
3866 4056 3881 4068 ,

2249 4102 2452 4173 ποιμὴν
2481 4103 2545 4155 ὲκ
2588 4101 2852 4170 στόματος
2882 4101 2976 4155 τοῦ
3011 4100 3224 4164 λέοντος
3262 4099 3355 4154 δύο
3391 4100 3577 4170 σκέλη,
3607 4099 3639 4170 ἢ
3668 4097 3819 4152 λοεὸν

2248 4194 2427 4247 ὠτίου.
2460 4212 2478 4245 ι
2517 4192 2676 4247 ’Δλλὰ
2706 4195 2800 4247 καὶ
2826 4194 3109 4265 παιδάριον
3129 4191 3206 4246 ὣν
3237 4192 3509 4264 ἠλαυνετὸ
3530 4187 3819 4262 πνεῦματὸ

2250 4285 2486 4357 πονηρὸν
2517 4285 2627 4341 ἀπὸ
2646 4285 2741 4339 τοῦ
2779 4286 2951 4340 Σαοὺλ
2978 4286 3205 4356 δυνάμει
3238 4288 3471 4349 πίστεως
3486 4284 3583 4337 καὶ
3612 4280 3819 4342 ἐλπίδος

2247 4373 2347 4441 τῆς
2368 4374 2447 4437 εἰς
2482 4373 2573 4426 τὸν
2597 4374 2749 4428 Θεόν.
2783 4375 3031 4429 Ἐπειδὰν
3052 4378 3147 4429 καὶ
3179 4377 3286 4439 πᾶς
3314 4377 3342 4429 ὁ
3363 4376 3428 4428 ὲκ
3455 4375 3582 4437 νέας
3611 4370 3823 4441 ἡλικίας

2248 4467 2347 4535 τῆς
2375 4464 2521 4519 κατὰ
2546 4465 2682 4519 Θεὸν
2716 4466 2945 4538 ἐκλογῆς
2977 4467 3400 4539 κατηξιωμένος,
3418 4460 3532 4528 οἶος
3555 4458 3625 4535 ἦν
3655 4461 3821 4532 Τιμό-

2248 4553 2369 4618 θεος
2401 4557 2465 4609 ὲκ
2500 4557 2685 4620 παιδὸς
2711 4556 2839 4626 ἆγια
2868 4558 3174 4631 Γράμματα
3225 4554 3559 4630 μεμαθηκὼς
3581 4556 3664 4617 τὸ,
3697 4573 3715 4607 ι
3760 4552 3821 4607 Ἡ

570 4665 717 4705 mea.
763 4668 781 4701 ι
824 4648 958 4702 Illud
1007 4657 1210 4713 autem,
1248 4669 1267 4700 ι
1314 4649 1372 4703 In
1411 4658 1463 4704 te
1496 4649 1849 4703 conﬁrmatus
1900 4663 2025 4702 sum
2079 4663 2147 4703 ex

2251 4644 2406 4709 ἐλπίς
2438 4664 2539 4716 μου
2562 4648 2626 4699 ὲκ
2654 4646 2901 4720 νεότητός
2929 4664 3050 4719 μου.
3082 4668 3099 4700 ι
3120 4649 3195 4701 Τὸ
3213 4648 3290 4711 δὲ,
3318 4666 3336 4699 ι
3358 4647 3483 4700 Ἐπὶ
3517 4645 3577 4698 σὲ
3602 4646 3823 4714 ἐπεστη-

569 4754 752 4807 utero,
784 4742 851 4797 de
876 4750 1068 4796 ventre
1094 4741 1287 4796 matris
1306 4757 1439 4796 mea:
1466 4750 1523 4795 tu
1543 4758 1603 4796 es
1628 4748 1907 4812 protector
1930 4754 2139 4804 meus,s

2248 4715 2448 4809 ρίχθην
2469 4737 2576 4792 ἀπὸ
2604 4715 2858 4810 γαστρὸς,
2885 4715 2949 4791 ὲκ
2974 4738 3182 4802 κοιλίας
3217 4737 3419 4809 μητρός
3469 4753 3593 4806 μου,
3626 4734 3691 4787 σύ
3725 4752 3824 4805 μου

568 4836 680 4889 soli
704 4834 996 4888 conveniat
1031 4832 1302 4887 Salvatori
1330 4840 1539 4891 nostro.
1562 4834 1655 4903 qui
1688 4831 2075 4888 immaculatus
2094 4839 2149 4886 et

570 4926 710 4979 nihil
742 4925 1063 4993 inquinatus
1095 4933 1213 4978 erat
1258 4938 1369 4993 quo
1411 4931 1657 4994 tempore
1686 4924 1741 4977 in
1777 4931 1934 4978 utero
1968 4931 2149 4993 gesta-

577 5020 752 5068 batnr.
781 5011 918 5066 Nam
952 5013 1147 5081 reliqui
1179 5012 1429 5066 homines
1462 5027 1673 5074 omnes,
1716 5011 1849 5066 dum
1872 5020 2028 5066 utero
2049 5026 2144 5081 ge-

578 5105 815 5159 stinntur
861 5112 915 5158 et
944 5104 1173 5173 primam
1222 5104 1474 5172 corporis
1522 5103 1969 5158 constitutionem
2004 5102 2146 5156 acci-

578 5196 750 5264 piunt,
790 5197 950 5266 quasi
982 5198 1089 5251 ritu
1121 5198 1430 5267 plantarum
1458 5197 1727 5261 viventes,
1759 5212 1935 5266 neque
1967 5197 2146 5252 sensi-

571 5289 674 5343 bus
723 5304 899 5359 neque
945 5299 1133 5345 mente
1185 5304 1383 5345 sensus
1432 5297 1695 5360 sequente
1740 5297 1999 5355 utuntur;
2046 5287 2141 5343 sed

577 5382 735 5434 etiam
773 5381 892 5453 ipsa
926 5383 1175 5454 principe
1201 5384 1371 5436 animi
1407 5390 1563 5452 parte
1595 5390 1651 5437 et
1697 5390 1879 5437 mente
1903 5381 2141 5436 demersi

566 5473 709 5530 nihil
735 5490 765 5527 a
798 5491 980 5531 verme
1021 5475 1299 5529 dillerunt.
1336 5472 1440 5538 Qui
1472 5483 1654 5527 autem
1686 5471 1796 5527 Deo
1820 5472 1974 5535 dicit,
2023 5489 2042 5523 ι
2084 5469 2142 5525 In

568 5573 627 5621 te
653 5564 1009 5619 confirmatus
1060 5581 1178 5617 sum
1227 5580 1291 5617 ex
1326 5571 1501 5627 utero,
1542 5580 1560 5613 ι
1614 5576 1721 5615 non
1768 5561 1929 5615 modo
1961 5576 2019 5615 se
2047 5558 2138 5613 Dei

636 5722 687 5752 ¹⁴
716 5718 867 5779 Psal.
909 5736 1036 5785 xu,
1064 5719 1123 5773 .3.

2242 4818 2299 4874 εἰ
2346 4825 2677 4894 σκεπαστὴς,
2717 4844 2735 4876 ι
2770 4825 2913 4897 μόνῳ
2939 4826 3005 4881 ἂν
3055 4826 3287 4899 ἁρμόζοι
3306 4826 3385 4897 τῷ
3417 4824 3634 4896 Σωτῆρι
3672 4825 3825 4895 ἡμῶν

2244 4913 2507 4985 ἀθολώτῳ
2554 4915 2651 4968 κα⁵ι
2696 4915 2982 4986 ἀσυγχὺτῳ
3036 4916 3311 4987 γενομένῳ
3363 4912 3482 4967 καθ’
3546 4912 3608 4965 ὃν
3671 4915 3825 4964 intuo-

2252 5009 2470 5078 φορεῖτο
2490 5007 2699 5077 καιρόν.
2730 5008 2792 5060 Ui
2829 5009 2925 5079 μὲν
2952 5008 3060 5079 γὰρ
3102 5007 3277 5061 λοιποὶ
3319 5005 3519 5068 πάντες
3552 5002 3826 5075 ἄνθρωποι

2249 5098 2310 5150 ὲν
2344 5098 2421 5168 τῷ
2454 5098 2791 5163 κυΐσκεσθαι,
2840 5098 2937 5152 καὶ
2983 5098 3205 5171 πρώτην
3234 5098 3528 5168 λαμϐάνειν
3570 5096 3825 5149 σύστασιν

2250 5191 2343 5244 τοῦ
2379 5191 2646 5261 σώματος.
2683 5192 2912 5262 φυτικὴν
2931 5190 3120 5262 ὥσπερ
3140 5190 3286 5261 ζωὴν
3316 5190 3537 5255 ζῶντες,
3566 5186 3691 5240 οὔτε
3722 5188 3827 5247 τοῖς

2248 5281 2340 5336 τοῦ
2364 5282 2611 5353 σώματος
2623 5281 3017 5353 αἰσθητηρίοις,
3040 5281 3164 5336 οὔτε
3176 5284 3240 5352 τῇ
3255 5280 3462 5350 διανοίᾳ
3485 5278 3824 5349 παρακολου·

2250 5374 2415 5445 θούσῃ
2467 5374 2796 5445 κέχρηνται⁸
2834 5375 2970 5429 ἀλλὰ
3006 5376 3099 5429 καὶ
3129 5374 3188 5427 τὸ
3217 5370 3541 5443 ἡγεμονικὸν
3564 5368 3698 5423 αὐτὸ
3734 5366 3823 5420 καὶ

2248 5466 2338 5519 τὸν
2368 5466 2491 5519 νοῦν
2524 5465 2942 5537 βεϐαπτισμένοι
2969 5506 2984 5531 ,
3011 5466 3162 5521 οὐδὲν
3192 5463 3473 5535 σκώληκος
3502 5460 3823 5528 διενέγκοιεν

2250 5560 2334 5613 ἄν.
2382 5559 2441 5612 Ὀ
2476 5558 2530 5613 δὲ
2574 5558 2747 5629 λέγων
2774 5559 2852 5632 τῷ
2905 5559 3044 5630 Θεῷ,
3084 5578 3102 5627 ς
3154 5558 3274 5612 Ἐπὶ
3322 5558 3379 5610 σὲ
3427 5549 3820 5624 ἐπεστηρίχεην

1200 5719 1244 5748 ⁸⁸⁸
1277 5717 1473 5773 lizech.
1516 5732 1722 5782 sunt,
1750 5715 1838 5769 εδ.
1920 5715 1962 5746 ⁸⁷
1991 5713 2373 5779 Amosm,12.
