4068 6532
330 365 432 418 7ἷῖ

1449 359 1950 444 (ΣΟΜΚΙΕΝΤᾼΚΙᾹ
1995 360 2056 414 ιδ
2092 361 2436 417 ΡΒΑΕΜΟΒ.

3461 360 3562 411 τἹξῦ

317 483 428 538 ἀπὸ
454 480 708 552 γαστρὸς,
746 499 762 530 ι
797 481 858 533 οὑ
895 480 1052 551 μόνον
1080 480 1279 548 γνῶσιν
1321 481 1572 549 ἐμφαίνει
1595 478 1880 549 κεκτῆσθαι

1995 480 2308 548 cognitione
2331 481 2598 534 imbutum
2633 479 2803 532 fuisse
2849 477 3107 540 ostendit,
3131 477 3225 532 sed
3252 475 3416 531 etiam
3453 491 3552 526 nm-

317 572 476 637 Θεοῦ,
503 571 636 626 ἀλλὰ
670 573 762 626 καὶ
789 572 1048 642 μεγίστην
1075 571 1274 642 ἀρετὴν
1312 570 1557 640 φιλοθέου
1590 571 1887 641 δυνάμεως,

315 666 383 719 δι’
413 663 483 738 ἧς
499 665 584 718 ἐπ’
620 665 780 718 αὑτὸν
821 665 912 718 est
943 664 1076 718 Θεὸν
1130 664 1466 737 ἐστηρίζετο.
1509 665 1618 718 Καὶ
1654 663 1891 726 τοιοῦτος

314 753 386 830 ἦν
434 757 789 827 κυῖσκὸμενος
826 755 918 809 καὶ
962 758 1020 808 ὲν
1049 757 1248 828 γαστρὶ
1280 759 1377 827 τῆς
1401 755 1606 827 μητρὸς
1653 753 1888 824 συλλαμ-

315 846 633 909 ϐανόμενος.
657 846 730 898 Τὸ
752 844 832 906 δὲ,
869 862 888 896 ι
937 845 1030 899 Ἐκ
1070 845 1275 908 κοιλίας
1303 845 1506 916 μητρός
1537 862 1640 916 μου
1667 839 1719 897 εἴ
1767 861 1891 896 σκε-

316 947 550 1008 παστης,
575 956 593 988 ι
631 935 852 990 δύναται
880 938 973 992 καὶ
993 937 1085 990 ἐπὶ
1113 937 1329 992 πάντων
1364 936 1640 1008 ἁρμόζειν.
1681 937 1741 991 Εἰ
1783 936 1891 1008 γὰρ

320 1029 398 1100 μὴ
449 1029 582 1083 Θεοὺ
635 1021 864 1100 δύναμις
905 1029 1161 1101 ἐφρούρει
1210 1031 1303 1082 καὶ
1354 1027 1616 1097 ἐφύλαττε
1650 1028 1711 1081 τὸ
1750 1028 1891 1081 κατὰ

315 1121 553 1194 γαστρὸς
591 1111 966 1193 κυῖσκόμενον,
1007 1122 1116 1176 οὐδ’
1145 1120 1212 1176 ἂν
1259 1120 1508 1192 συνέστη,
1543 1120 1650 1174 οὐδ’
1669 1121 1734 1174 ἂν
1761 1138 1890 1192 μετ-

314 1212 445 1283 έσχε
481 1211 650 1284 ζωῆς,
693 1214 829 1285 μήτε
859 1216 1010 1266 πνεῖν
1034 1212 1353 1282 δυνάμενον,
1375 1214 1514 1284 μήτε
1544 1215 1658 1277 τοῖς
1686 1213 1908 1276 λοιποῖς.

315 1303 618 1374 κεχρῆσθαι
644 1302 1037 1375 αἰσθητηρίοις.
1089 1303 1257 1356 Πάλιν
1291 1303 1349 1356 δὲ
1381 1303 1474 1356 καὶ
1509 1304 1566 1355 ὲν
1593 1301 1767 1372 τούτῳ
1800 1301 1888 1355 λέ-

313 1409 450 1462 γων,
483 1410 502 1444 ι
533 1392 603 1445 Σύ
651 1409 752 1463 μου
793 1388 842 1445 εἷ
883 1393 1214 1464 σκεπαστὴς,
1254 1413 1273 1445 ι
1307 1394 1585 1462 ἐνέφαινεν
1617 1392 1889 1464 ἐξαίρετόν

314 1501 370 1536 τι
399 1484 686 1554 ἐσχηκέναι
713 1484 860 1556 παρὰ
874 1485 997 1549 τοὺς
1019 1485 1238 1548 λοιποὺς
1263 1485 1388 1548 τοὺς
1412 1488 1468 1538 ὲν
1488 1485 1664 1555 κοιλία
1685 1484 1889 1556 μητρὸς

316 1575 735 1648 συλληφθέντας.
794 1575 945 1649 Τάχα
987 1576 1095 1648 γὰρ
1139 1578 1230 1630 ἐπὶ
1270 1577 1366 1648 μὲν
1410 1578 1508 1649 τῆς
1549 1577 1656 1630 τῶν
1687 1576 1887 1630 λοιπῶν

313 1666 620 1739 ἀνθρώπων
652 1669 916 1736 γενέσεως
944 1669 1091 1734 ἄλλοι
1116 1671 1259 1734 τινὲς
1285 1671 1650 1741 ἐφεστήκασιν
1671 1670 1888 1740 ἄγγελοι

309 1757 718 1830 διακονούμενοι
761 1763 825 1832 τῇ
855 1760 1085 1814 ἑκάστου
1127 1763 1211 1825 εἰς
1235 1761 1328 1815 τὸν
1360 1761 1473 1832 βίον
1507 1761 1756 1834 παρόδῳ·
1795 1763 1887 1814 ἐπὶ

309 1849 372 1900 δὲ
401 1849 503 1920 τῆς
531 1850 794 1918 γενέσεως
845 1851 938 1905 τού
995 1853 1247 1924 Σωτῆρος
1268 1893 1284 1915 ,
1316 1853 1475 1918 αὑτὸς
1508 1848 1576 1924 ἦν
1622 1855 1651 1906 ὁ
1697 1853 1882 1925 Πατὴρ

312 1942 629 2014 σκεπαστὴς
653 1943 817 1999 αὑτοῦ
841 1945 1155 2016 γιγνόμενος
1174 1963 1188 1976 ο
1224 1945 1304 1998 διὸ
1325 1947 1418 2000 καὶ
1445 1947 1539 1999 ἐπὶ
1578 1947 1736 2000 αὑτὸν
1787 1947 1884 2000 ἐπ-

308 2037 653 2110 εστηρίζετο.
690 2038 876 2102 Οὕτως
921 2038 1212 2103 διαπαντὸς
1262 2060 1280 2092 ι
1332 2041 1565 2112 ὑμνησιν
1616 2062 1636 2094 ι
1691 2042 1882 2095 ἑαυτοῦ

303 2126 426 2201 εἶχε
457 2131 548 2184 τὸν
582 2132 816 2204 Πατέρα.
847 2131 938 2185 Διὸ
967 2133 1239 2202 ἐπιλέγει·
1279 2153 1298 2185 ι
1351 2135 1439 2188 Ἑν
1461 2137 1544 2188 σο).
1574 2138 1606 2206 ἡ
1655 2133 1885 2206 ὑμνησίς

311 2239 419 2291 μου
446 2222 754 2288 διαπαντός.
789 2243 807 2276 ι
834 2225 908 2277 Οὐ
936 2224 1045 2297 γὰρ
1085 2226 1293 2280 διέλιπέ
1334 2244 1456 2280 τινα
1486 2228 1674 2298 καιρὸν
1703 2228 1884 2297 ὑμνῶν

306 2311 404 2367 τὸν
456 2313 694 2385 Πατέρα,
753 2314 784 2384 ἦ
842 2316 934 2368 καὶ
981 2315 1315 2387 ὑμνούμενος
1371 2319 1460 2370 ὑπ’
1491 2318 1655 2371 αὑτοῦ
1697 2321 1788 2373 ἐπὶ
1816 2323 1880 2392 τῇ

305 2405 546 2478 τοσαύτῃ
568 2407 801 2478 ὑπακοῇ.
850 2407 1010 2472 Ἀλλ’,
1053 2409 1119 2462 Ἠ
1149 2408 1247 2478 μὲν
1270 2408 1398 2479 ἐμὴ,
1436 2410 1620 2478 φησὶν,
1656 2411 1881 2474 αῖνεσις,

305 2497 344 2568 ἢ
374 2497 468 2550 καὶ
499 2496 728 2569 ὑμνησις
757 2501 814 2553 ὲν
847 2501 930 2553 σοὶ
949 2499 1137 2568 γέγονε
1166 2499 1476 2564 διαπαντός.
1509 2501 1572 2554 Οἱ
1601 2499 1657 2553 δὲ
1700 2501 1884 2554 πολλοὶ

304 2585 420 2639 τῶν
465 2587 784 2660 ἀνθρώπων,
837 2589 1003 2661 μηδὲν
1035 2590 1238 2644 τούτων
1277 2591 1649 2662 ἐπιστάμενοι,
1695 2591 1883 2665 ὥσπερ

301 2678 473 2748 τέρας
501 2681 794 2751 ἐκτήσαντο
834 2699 923 2752 με.
952 2683 1246 2754 Τεράστιον
1268 2683 1398 2752 γοῦν
1430 2701 1484 2737 τι
1519 2686 1750 2756 πρᾶγμα
1772 2689 1883 2749 τοῖς

308 2769 526 2834 πολλοῖς
579 2773 861 2843 ἐγενόμην,
914 2773 990 2836 ὡς
1015 2774 1246 2845 διάφορα
1291 2775 1420 2847 περὶ
1466 2776 1601 2846 ἐμοῦ
1641 2777 1883 2845 δοξάζειν

304 2858 510 2923 αὑτούς
529 2877 543 2890 ·
587 2862 680 2914 καί
713 2879 862 2925 τινας
905 2863 1003 2933 μὲν
1025 2863 1156 2917 Θεὸν
1187 2860 1326 2917 εἶναι
1355 2867 1594 2934 ἄσαρκον
1627 2868 1718 2921 καὶ
1741 2867 1882 2921 ἀσώ-

301 2969 502 3022 ματον,
545 2952 762 3024 δοκήσει
817 2955 976 3025 μόνον
1025 2955 1256 3024 ὀφθέντα
1305 2959 1398 3010 ἐπὶ
1440 2958 1564 3029 γῆς,
1609 2960 1881 3030 ἡγεῖσθαι,

301 3042 463 3106 τινὰς
489 3043 544 3098 δὲ
571 3045 725 3114 ψιλὸν
754 3045 1057 3118 ἄνθρωπον,
1097 3048 1174 3113 ὼς
1205 3049 1370 3120 μηδὲν
1401 3049 1558 3103 πλέον
1585 3051 1732 3123 παρὰ
1758 3053 1882 3116 τοὺς

303 3133 529 3199 λοιποὺς
552 3136 822 3208 ἐσχηκότα
845 3154 858 3167 ο
885 3139 980 3192 καὶ
1012 3139 1204 3204 ἄλλους
1229 3141 1330 3210 μὲν
1360 3143 1519 3214 ἀραῖς
1553 3145 1645 3197 καὶ
1678 3144 1880 3216 δυσφη-

303 3227 464 3297 μίαις
497 3227 840 3295 ὑποϐάλλειν,
859 3231 1079 3304 ἑτέρους
1110 3233 1166 3287 δὲ
1198 3233 1375 3288 σέϐειν
1412 3237 1508 3289 καὶ
1535 3241 1878 3310 προσκυνεῖν.

303 3319 486 3392 Τέρας
509 3320 567 3374 δὲ
592 3324 706 3386 τοῖς
733 3323 897 3376 πᾶσιν
927 3323 1142 3396 ἀληθῶς
1167 3325 1388 3394 γέγονεν
1423 3327 1451 3378 ὁ
1477 3328 1608 3398 ἐμὸς
1633 3329 1880 3393 θάνατος.

307 3405 386 3458 Τὸ
419 3411 525 3485 γὰρ
555 3414 782 3485 σταυρὸν
831 3415 1118 3486 ὑπομεῖναι
1163 3416 1294 3470 Θεὸν
1331 3417 1477 3483 ὅντα,
1523 3421 1616 3474 καὶ
1657 3420 1882 3475 τοιαῦτα

307 3498 502 3552 παθεῖν
542 3503 630 3557 τὸν
681 3505 885 3578 ἑτέροις
934 3505 1078 3579 ζωὴν
1133 3511 1546 3581 κεχαρισμένον,
1597 3513 1761 3585 τέρας
1814 3509 1883 3584 ἦν

302 3588 543 3660 ἀληθῶς.
595 3594 685 3648 Διό
729 3613 923 3668 φησιν’
973 3615 992 3648 ι
1049 3598 1193 3650 Ὠσεὶ
1247 3599 1410 3670 τέρας
1457 3601 1719 3672 ἐγενήθην
1771 3606 1882 3667 τοῖς

304 3679 540 3745 πολλοῖς.
580 3703 599 3735 ι
641 3685 778 3738 Ἀλλ’
802 3689 859 3740 ὲν
892 3689 1024 3742 πᾶσι
1057 3690 1264 3754 τούτοις
1292 3691 1377 3753 σὺ,
1405 3695 1557 3761 φησι,
1594 3711 1612 3744 t
1640 3693 1832 3764 βοηθός
1856 3713 1874 3744 ³

305 3788 412 3841 μου
447 3773 676 3842 γέγονας
711 3797 728 3824 ι
767 3781 1026 3851 κραταιός
1048 3798 1061 3810 ·
1107 3801 1124 3832 ι
1163 3782 1282 3835 οὐδὲ
1313 3782 1422 3854 γὰρ
1455 3783 1610 3838 ἄλλον
1651 3787 1882 3857 ἐκτησά-

302 3881 418 3935 μην
452 3862 662 3936 βοηθόν.
693 3867 874 3922 Πάντα
901 3871 1009 3942 γὰρ
1035 3868 1103 3943 ἦν
1133 3873 1360 3946 δεύτερα
1385 3876 1480 3928 καὶ
1506 3875 1882 3948 ὑποϐεϐηκότα

296 3956 405 4027 τὴν
435 3957 571 4029 ἐμὴν
619 3959 844 4032 δύναμιν
869 3977 882 3991 °
913 3965 976 4018 σὺ
1022 3964 1077 4018 δὲ
1115 3965 1294 4036 μόνος,
1327 3966 1386 4020 ὃν
1421 3967 1612 4022 ἐλπίδα
1644 3969 1879 4040 ἐμαυτὸν

298 4048 731 4124 ὑπεγραψάμην,
777 4073 795 4106 ι
827 4055 1019 4126 βοηθός
1054 4077 1071 4109 ι
1100 4075 1202 4129 μου
1236 4058 1465 4127 γέγονας
1496 4079 1513 4112 ι
1540 4061 1816 4131 κραταιός.
1854 4081 1872 4113 ι

300 4141 415 4194 Καὶ
468 4143 609 4197 κατὰ
651 4146 742 4198 τὸν
771 4146 1064 4219 Σύμμαχον
1101 4149 1161 4203 δὲ
1199 4151 1400 4221 ὁμοίως
1443 4151 1686 4223 εἴρηται·
1720 4174 1737 4207 ι
1789 4157 1877 4208 Σοὶ

297 4231 707 4307 ἑπεστηρίχθην
747 4237 856 4290 ἀπὸ
898 4241 1154 4312 γαστρὸς,
1191 4245 1300 4296 ἀπὸ
1328 4244 1436 4296 τῶν
1476 4246 1758 4301 ὲνδοσθίων
1781 4251 1876 4320 τῆς

297 4324 512 4394 μητρός
556 4343 658 4396 μου
711 4328 776 4381 σὺ
821 4330 1030 4394 ὲπεῖδές
1197 4335 1291 4398 Εἰς
1327 4336 1387 4388 σὲ
1426 4339 1458 4407 ἡ
1494 4337 1732 4412 ἁναμονή
1771 4359 1874 4411 μου

293 4415 610 4488 ἐνδελεχῶς,
641 4419 772 4474 ὡσεὶ
804 4423 966 4492 τέρας
1010 4425 1278 4496 ἐγενόμην
1303 4431 1416 4492 τοῖς
1440 4430 1683 4494 πολλοῖς’
1725 4435 1787 4487 σὺ
1819 4434 1872 4486 δὲ

294 4510 622 4582 πεποίθησίς
663 4531 764 4584 μου
797 4516 1014 4588 ἰσχυρά.
1051 4537 1070 4570 ι

372 4643 392 4676 ι
420 4625 771 4698 Πληρωθήτω
785 4629 846 4681 τὸ
869 4631 1040 4702 στόμα
1053 4651 1153 4704 μου
1170 4635 1449 4701 αἰνέσεως,
1475 4638 1622 4701 ὅπως
1647 4639 1876 4709 ὑμνήσω

289 4717 395 4790 τὴν
415 4717 572 4785 δόξαν
605 4735 722 4782 σου,
748 4720 878 4792 ὅλην
909 4723 1006 4794 τὴν
1029 4726 1240 4798 ἡμέραν
1279 4727 1378 4799 τὴν
1404 4730 1875 4802 μεγαλοπρέπειαν

296 4825 415 4893 σου.
448 4828 468 4862 ι
503 4811 640 4883 Ἤδη
677 4814 776 4884 μὲν
809 4814 947 4868 κατὰ
989 4816 1081 4868 τὸν
1116 4817 1453 4888 παρελθόντα
1487 4822 1676 4893 χρόνον
1701 4821 1873 4893 ὑμνη-

298 4887 386 4982 of;
414 4903 536 4982 μουτ
556 4903 742 4982 φησὶν,
791 4904 848 4954 ἐν
894 4904 978 4957 σοὶ
1005 4887 1541 4973 γέγονείδιςιιπαντόςνἰ
1581 4910 1718 4982 πλὴν
1737 4887 1874 4965 ἁλλὰ

293 4977 396 5032 καὶ
416 4978 546 5049 περὶ
576 4977 671 5069 τοῦ
698 4990 977 5054 μέλλοντος
993 4992 1206 5064 δέομαι.
1234 4995 1310 5058 ὠς
1338 4995 1404 5049 ἂν
1430 4995 1621 5069 μέχρις
1639 4977 1874 5068 ἐσχάτης

292 5071 448 5142 ὧρας
478 5069 575 5122 τοῦ
608 5068 722 5140 βίου
751 5069 814 5122 τδ
849 5071 1020 5140 στόμα
1048 5100 1147 5140 μου
1178 5085 1280 5156 τῆς
1314 5087 1414 5156 σῆς
1449 5068 1706 5150 αἰνέσεως
1738 5089 1875 5159 πλη-

293 5160 462 5234 ρῴτο,
491 5160 586 5214 καὶ
611 5159 782 5222 οὑτως
799 5177 864 5229 γε
893 5159 1166 5232 πληρῷτο,
1195 5161 1272 5225 ὡς
1303 5176 1503 5234 μηοενρι
1539 5177 1721 5244 χώραν
1747 5196 1871 5250 Oxo-

291 5251 567 5316 λάξουσαν
613 5250 756 5321 ἔχειν
815 5250 944 5322 πρὸς
974 5251 1036 5304 τὸ
1067 5251 1195 5306 ἄλλο
1243 5269 1294 5306 τι
1332 5253 1680 5322 φθέγγεσθαι,
1739 5268 1871 5332 μηδὲ

290 5342 605 5415 ἀνθρώποις
654 5342 894 5413 ὁμιλεῖνο
941 5343 1035 5396 καὶ
1078 5343 1237 5397 τοῦτὸ
1293 5362 1383 5415 μοι
1442 5346 1680 5418 ὑπάρξαι
1735 5353 1871 5417 ἁξιῶ

291 5435 438 5490 κατὰ
469 5437 650 5490 πᾶσαν
675 5435 909 5508 ἡμέραν,
938 5435 1028 5489 καὶ
1052 5437 1111 5489 ἐν
1135 5436 1213 5508 τῷ
1241 5438 1402 5491 παντὶ
1427 5441 1600 5512 χρόνῳ
1621 5443 1720 5514 τῆς
1731 5447 1870 5516 ἐμῆς

294 5529 444 5599 ζωῆς
470 5528 546 5600 μὴ
575 5527 1016 5600 ἀποστερηθῆναι
1032 5529 1126 5582 καὶ
1140 5529 1511 5602 ἁποῤῥιφῆναι
1543 5534 1746 5607 ταύτης
1769 5538 1869 5608 τῆς

290 5621 536 5692 χάριτος,
561 5618 661 5674 κᾶν
691 5620 785 5674 ἐπὶ
811 5622 1012 5692 γήραος
1041 5620 1179 5692 οὐδῷ
1207 5622 1314 5676 δέοι
1333 5621 1552 5692 φθάσαι,
1586 5628 1721 5698 μηδὲ
1769 5631 1867 5700 μέ-

1988 585 2150 638 gnam
2185 587 2244 626 se
2273 569 2548 633 virtutem,
2583 573 2803 640 vimque
2837 571 3038 624 amoris
3069 583 3197 640 erga
3237 569 3423 628 Deum,
3451 582 3558 634 qua

1989 658 2043 711 in
2081 660 2202 729 ipso
2241 659 2691 724 conﬁrmabatur,
2733 661 2989 715 habuisse
3020 659 3376 712 demonstrat.
3409 653 3559 708 Talis

1989 759 2170 805 autem
2199 753 2259 806 in
2298 763 2453 808 utcro
2483 761 2536 808 et
2588 752 2642 806 in
2661 735 2664 738 I
2685 760 2873 806 ventre
2923 750 3116 804 matris
3141 749 3440 804 conclusus
3470 749 3560 800 ille

1988 854 2128 899 erat.
2161 844 2300 899 Illud
2331 861 2481 908 vero,
2520 864 2538 896 ι
2576 845 2653 900 De
2673 854 2863 900 ventre
2888 844 3080 897 matris
3105 858 3236 898 mea:
3266 849 3323 894 ιιι
3348 855 3407 896 es
3433 854 3563 910 pro-

1988 945 2182 1002 tector,
2218 957 2237 988 ι
2289 938 2546 993 omnibus
2581 938 2877 992 convenire
2903 936 3099 1008 possit.
3128 934 3242 989 Nisi
3283 934 3428 988 enim
3464 931 3556 987 Dei

1988 1027 2163 1084 virtus
2193 1029 2496 1084 custodiret
2541 1046 2603 1083 ac
2658 1037 2905 1086 servaret
2957 1027 3126 1082 fetum
3179 1027 3344 1090 uteri,
3380 1040 3558 1095 neque

1988 1119 2344 1186 Iormaretur,
2397 1138 2575 1192 neque
2621 1123 2745 1176 vita:
2795 1121 3071 1193 particeps
3097 1129 3265 1200 esset,
3302 1135 3427 1174 cum
3460 1135 3560 1173 nec

1987 1214 2281 1283 respirare,
2310 1230 2412 1270 nec
2453 1215 2678 1286 reliquis
2723 1215 2976 1271 sensibus
3031 1216 3108 1269 uti
3157 1214 3380 1268 valeret.
3417 1212 3560 1266 Rur-

1988 1317 2217 1374 sumque
2236 1320 2360 1359 cum
2394 1305 2550 1370 dicit,
2575 1325 2592 1357 ι
2618 1305 2699 1361 Tu
2718 1323 2778 1361 es
2807 1296 3084 1377 protector
3116 1321 3291 1366 meus,
3320 1324 3337 1356 ι
3368 1320 3427 1360 se
3457 1305 3561 1358 ali-

1987 1395 2118 1465 quid
2135 1397 2494 1467 praestantius
2522 1397 2750 1468 reliquis
2785 1397 3100 1453 hominibus
3134 1397 3189 1451 in
3221 1405 3413 1452 ventre
3444 1411 3560 1449 ma-

1988 1487 2089 1543 tris
2149 1489 2430 1559 conceptis
2497 1489 2755 1545 habuisse
2812 1497 3230 1545 commonstrat.
3299 1487 3559 1543 Fortasse

1987 1579 2186 1648 quippe
2219 1579 2273 1634 in
2318 1581 2654 1652 reliquorum
2685 1581 2970 1637 hominum
2993 1582 3341 1652 generati—one
3375 1580 3549 1650 angeli

1987 1667 2210 1737 quidam
2233 1669 2439 1724 adsunt
2473 1671 2819 1742 singulorum
2857 1670 2925 1725 ad
2956 1673 3124 1726 vitam
3155 1670 3424 1742 ingressui
3454 1671 3558 1723 mi-

1988 1760 2323 1828 nistrantes;
2355 1764 2410 1816 in
2439 1763 2788 1832 generatione
2815 1778 2943 1818 vero
2976 1761 3286 1817 Servatoris
3317 1763 3434 1832 ipse
3454 1758 3559 1814 Pa-

1916 1848 1955 1901 B
1985 1859 2066 1906 ter
2094 1859 2376 1923 protector
2403 1853 2522 1922 ejus
2550 1861 2702 1921 erat;
2733 1868 2906 1924 quare
2941 1854 2994 1907 in
3041 1856 3160 1924 ipso
3191 1852 3558 1907 conlirinaba-
3614 1897 3617 1899 .

1990 1951 2100 1997 tur.
2131 1941 2228 1998 Sic
2269 1959 2485 2015 semper
2539 1964 2558 1998 ι
2608 1946 2978 2000 cantationem
3012 1964 3032 1997 ι
3071 1945 3261 2000 habuit
3292 1945 3347 1999 in
3377 1944 3559 1999 Patris

1987 2033 2225 2090 laudem.
2259 2034 2440 2101 Quare
2469 2037 2659 2092 subdit
2691 2055 2707 2092 ι
2749 2056 2768 2089 ι
2808 2035 2865 2090 1η
2897 2045 2950 2092 te
2978 2037 3220 2092 cantatio
3250 2051 3370 2092 mea
3415 2053 3559 2091 sem-

1987 2142 2102 2196 per.
2148 2146 2166 2178 ι
2204 2125 2423 2182 Nullum
2471 2132 2616 2184 enim
2646 2129 2999 2200 praetermisit
3039 2138 3277 2201 tempus,
3312 2130 3442 2199 quin
3478 2131 3559 2184 vel

1986 2217 2203 2274 Patrem
2235 2220 2453 2292 hymnis
2504 2223 2829 2287 celebraret,
2875 2223 2958 2278 vel
3012 2223 3082 2277 ab
3113 2223 3234 2294 ipso
3278 2238 3376 2293 pro
3406 2231 3555 2276 tanta

1983 2313 2346 2384 obsequentia
2394 2315 2784 2371 celebraretur.
2839 2313 3042 2370 Verum
3098 2316 3194 2381 ait,
3244 2314 3389 2370 Laus
3443 2315 3557 2369 sive

1985 2405 2226 2459 cantatio
2249 2421 2368 2460 mea
2393 2405 2446 2460 in
2467 2416 2517 2462 te
2535 2405 2639 2460 fuit
2662 2422 2898 2478 semper.
2926 2405 3218 2461 Hominum
3244 2422 3374 2461 vero
3401 2405 3556 2459 multi

1985 2495 2181 2555 horum
2211 2498 2408 2568 ignari,
2445 2508 2706 2570 tanquam
2747 2501 3057 2570 prodigium
3101 2515 3189 2554 me
3223 2499 3554 2554 habuerunt.

1985 2584 2364 2658 Prodigiosum
2405 2605 2535 2659 ergo
2568 2589 2847 2660 quidpiam
2897 2590 3086 2647 multis
3127 2589 3355 2646 effectus
3407 2605 3556 2654 sum,

1985 2677 2058 2732 ita
2087 2687 2144 2732 ut
2189 2680 2242 2734 in
2297 2682 2478 2737 varias
2515 2683 2582 2737 de
2635 2701 2720 2737 me
2758 2684 3061 2739 sententias
3097 2683 3348 2749 abirent;
3379 2692 3432 2738 ct
3465 2683 3556 2735 alii

1983 2768 2202 2841 quidem
2235 2769 2403 2825 Deum
2433 2787 2600 2828 carne
2644 2789 2874 2828 vacuum
2903 2782 2959 2828 et
2990 2777 3396 2842 incorporeum,
3441 2774 3556 2828 sola

1983 2859 2166 2926 specie
2190 2859 2364 2914 visum
2396 2861 2452 2916 in
2484 2870 2630 2917 terra
2672 2873 2966 2933 putarent;
3000 2865 3094 2919 alii
3129 2863 3337 2918 nudum
3377 2864 3556 2917 homi-

1985 2963 2128 3014 nem,
2165 2947 2300 3004 nihil
2335 2951 2459 3020 plus
2507 2966 2670 3020 quam
2703 2950 2795 3005 alii
2826 2952 3150 3018 habentem;
3183 2952 3274 3004 alii
3299 2965 3556 3005 exsecra-

1980 3037 2230 3096 tionibus
2253 3048 2310 3096 et
2341 3041 2610 3097 conviciis
2640 3057 2726 3098 me
2754 3043 3120 3112 subjicerent;
3172 3042 3262 3096 alii
3313 3041 3557 3096 colerent

1981 3139 2037 3185 et
2069 3131 2383 3188 adorarent.
2416 3131 2562 3188 Mors
2612 3149 2742 3190 vero
2776 3149 2898 3190 mea
2945 3133 3199 3189 omnibus
3247 3131 3553 3204 prodigium

1986 3223 2144 3293 plane
2173 3222 2293 3278 fuit.
2334 3221 2470 3278 Nam
2501 3241 2624 3280 eum
2657 3227 2748 3298 qui
2779 3225 2921 3283 Deus
2960 3235 3107 3282 esset
3144 3242 3364 3281 crucem
3397 3226 3557 3282 susti-

1985 3332 2134 3380 nere,
2166 3325 2220 3372 et
2243 3317 2371 3372 talia
2403 3318 2515 3388 pati
2541 3333 2668 3373 eum
2711 3318 2806 3390 qui
2863 3319 2985 3374 aliis
3033 3319 3198 3374 vitam
3231 3318 3553 3388 impertiret,

1986 3422 2108 3461 vere
2132 3407 2442 3480 prodlgium
2475 3419 2613 3464 erat.
2649 3407 3016 3475 Quamobrem
3049 3411 3164 3466 ait:
3207 3429 3225 3461 ι
3267 3407 3552 3480 Tanquam

1984 3500 2291 3572 prodigium
2319 3499 2498 3556 factus
2529 3518 2650 3557 sum
2671 3503 2880 3559 multis.
2913 3523 2931 3555 ι
2968 3503 3076 3560 Sed
3109 3504 3164 3559 in
3190 3504 3275 3559 his
3298 3505 3554 3559 omnibus

1982 3598 2040 3642 tu
2073 3590 2229 3654 mihi,
2264 3591 2462 3662 inquit,
2501 3611 2520 3644 ι
2558 3592 2778 3663 adjutor
2813 3593 2994 3657 fortis,
3068 3613 3086 3646 ι
3157 3594 3330 3649 fuisti.
3369 3593 3554 3665 Neque

1980 3679 2124 3732 enim
2176 3680 2307 3734 mihi
2359 3681 2500 3736 alius
2539 3681 2759 3751 adjutor
2811 3685 3044 3739 exstitit.
3101 3683 3296 3740 Omnia
3352 3686 3554 3754 quippe

1981 3772 2170 3825 virtuti
2194 3787 2328 3827 mea:
2354 3773 2610 3828 inferiora
2641 3783 2696 3829 et
2735 3776 2964 3846 imparia
2987 3785 3146 3830 erant
3180 3795 3192 3829 :
3229 3785 3286 3830 tu
3317 3793 3446 3830 vero
3466 3793 3554 3830 so-

1981 3861 2088 3925 lus,
2123 3877 2285 3932 quem
2313 3863 2445 3916 mihi
2471 3864 2526 3918 in
2551 3879 2703 3936 spem
2734 3866 2990 3937 ascripsi,
3034 3864 3184 3922 fuisti
3229 3867 3362 3922 mihi
3402 3885 3418 3916 ι
3459 3867 3556 3919 ad-

1975 3954 2128 4024 jutor
2158 3953 2337 4010 fortis.
2381 3975 2399 4008 ι
2434 3956 2747 4012 Secundum
2771 3958 3160 4030 Symmachum
3192 3958 3322 4014 item
3359 3958 3551 4015 simili-

1981 4057 2062 4102 ter
2096 4047 2319 4115 dicitur,
2359 4069 2379 4101 ι
2421 4048 2542 4104 Tibi
2580 4050 2936 4107 conﬁrmatus
2989 4068 3109 4106 sum
3139 4067 3205 4106 ex
3245 4059 3456 4114 ventre,
3485 4067 3553 4106 ex

1978 4138 2283 4194 visceribus
2314 4139 2506 4196 matris
2546 4155 2679 4195 mea:
2711 4148 2768 4194 tu
2804 4140 3088 4212 respexisti
3133 4156 3239 4195 me.
3289 4140 3345 4193 In
3375 4149 3426 4194 te
3459 4155 3554 4208 pa-

1979 4231 2169 4285 tientia
2219 4245 2340 4286 mea
2388 4241 2674 4303 perpetuo,
2720 4242 2979 4304 tanquam
3032 4233 3340 4305 prodigium
3374 4234 3553 4288 factus

1978 4339 2097 4378 sum
2131 4323 2317 4379 multis
2355 4344 2366 4379 :
2398 4333 2456 4379 tu
2486 4340 2616 4381 vero
2649 4326 2846 4381 lidm:ia
2883 4341 3002 4380 mea
3024 4326 3202 4381 fortis.
3246 4345 3262 4376 ι

2049 4628 2213 4685 Vens.
2259 4629 2409 4684 8-H.
2482 4646 2499 4678 ι
2571 4626 2867 4697 Repleatur
2911 4644 2975 4683 os
3034 4645 3210 4683 meum
3249 4628 3428 4694 laude,
3492 4641 3549 4686 ut

1976 4731 2191 4778 cantem
2255 4721 2483 4790 gloriam
2541 4729 2734 4782 tuam,
2797 4728 2912 4774 tota
2975 4721 3064 4776 die
3117 4723 3546 4794 magnitudinem

1974 4823 2148 4871 tuam.
2189 4834 2207 4866 ι
2242 4813 2362 4868 lam
2419 4814 2713 4884 praeterito,
2757 4814 2954 4885 inquit,
3009 4825 3273 4886 tempore,
3304 4819 3548 4873 cantatio

1976 4920 2097 4960 mea
2128 4905 2182 4960 in
2217 4913 2271 4961 te
2305 4905 2407 4959 fuit
2435 4921 2653 4976 semper
2685 4925 2700 4959 :
2752 4916 3008 4962 caeterum
3039 4923 3138 4978 pro
3173 4909 3358 4964 futuro
3407 4927 3548 4980 quo-

1973 5012 2080 5066 que
2109 4997 2380 5070 supplico,
2410 5004 2470 5052 ut
2494 4999 2561 5055 ad
2595 5001 2840 5055 ultimam
2883 5001 3007 5056 vita:
3051 5002 3240 5056 horam
3273 5019 3336 5060 os
3363 5019 3546 5058 meum

1974 5089 2136 5146 laude
2163 5100 2253 5146 tua
2282 5092 2576 5160 repleatur,
2607 5101 2661 5147 et
2693 5093 2764 5147 ita
2800 5093 3096 5164 repleatur,
3129 5102 3189 5149 ut
3215 5095 3363 5150 aliud
3385 5094 3545 5162 quid-

1971 5185 2115 5254 piam
2150 5183 2427 5254 loquendi,
2460 5185 2546 5238 vel
2575 5200 2698 5240 cum
2733 5185 3046 5242 hominibus
3079 5185 3330 5242 versandi
3361 5186 3544 5242 nullus

1973 5276 2213 5346 supersit
2252 5276 2410 5330 Iocus
2441 5294 2454 5329 :
2482 5291 2678 5346 meque
2707 5278 2952 5347 quotidie
2982 5287 3036 5332 et
3080 5285 3194 5332 toto
3247 5278 3371 5334 vitae
3412 5293 3544 5332 mete

1971 5363 2208 5420 decursu
2263 5367 2338 5421 ita
2385 5377 2762 5440 comparatum
2797 5385 2919 5426 esse
2961 5385 3116 5440 rogo,
3152 5379 3214 5425 nt
3240 5371 3334 5424 tali
3365 5372 3541 5443 gratia

1969 5457 2195 5512 orbatus
2228 5473 2510 5528 nunquam
2540 5475 2640 5514 nec
2661 5461 2923 5532 depulsus
2954 5463 3054 5516 sim
3086 5481 3098 5516 :
3133 5469 3301 5532 utque
3323 5463 3541 5524 etiamsi

1970 5549 2037 5604 ad
2064 5549 2226 5604 limen
2253 5552 2554 5607 senectutis
2584 5551 2879 5617 devenero,
2914 5554 3050 5607 nihil
3098 5554 3244 5608 aliud
3300 5554 3367 5609 ad
3401 5569 3542 5608 mor-

1966 5648 2073 5692 tem
2098 5653 2269 5708 usque
2291 5655 2570 5710 peragant,
2594 5656 2780 5711 quam,
2800 5639 2942 5710 quod
2973 5641 3249 5708 repleatur
3274 5655 3334 5694 os
3358 5656 3538 5696 meum

291 5729 418 5783 χρις
429 5712 926 5784 ἐσχάτηςτελευτῆς
937 5714 1062 5767 ἄλλο
1075 5714 1124 5766 τί
1139 5730 1204 5784 με
1219 5715 1474 5786 πράττειν
1487 5717 1519 5789 ἢ
1537 5718 1636 5790 πλη
1647 5721 1738 5791 ροῦ
1746 5722 1866 5777 σθαι

1987 5733 2126 5786 aude
2160 5739 2214 5784 et
2249 5732 2658 5802 magnificentia
2693 5740 2808 5787 tua.
2845 5731 2951 5786 Pro
2991 5732 3084 5786 illo
3123 5740 3326 5796 autem,
3365 5749 3383 5784 ι
3422 5739 3538 5786 tota

291 5804 353 5857 τὸ
380 5805 553 5871 στόμα
581 5822 682 5872 μου
708 5806 805 5876 τῆς
838 5805 938 5876 σῆς
971 5807 1225 5870 αἰνέσεως
1247 5809 1340 5863 καὶ
1377 5808 1474 5878 τῆς
1509 5810 1604 5879 σῆς
1637 5814 1864 5882 μεγαλο-

541 5901 805 5960 Ριτιιοι.
839 5900 958 5963 Gn.
999 5903 1047 5962 X
1063 5903 1230 5966 XIII.

1966 5819 2075 5890 die,
2113 5843 2129 5876 ι
2175 5822 2568 5895 Symmachus,
2608 5844 2625 5876 ι
2666 5839 2762 5896 per
2814 5838 3032 5880 omnem
3085 5823 3252 5888 diem,
3309 5843 3326 5875 ι
3367 5823 3538 5878 edidit

3140 5917 3216 5978 25
