4068 6546
530 371 631 432 779

1196 373 1464 431 EUSEBll
1505 368 1989 430 CESARIENSIS
2028 366 2182 429 OPP.
2225 368 2406 427 PARS
2444 369 2622 427 lll.—
2653 368 3063 428 EXEGETICA.
3666 374 3758 427 780

533 533 553 566 ι
588 513 901 584 Repleatur,
936 514 1134 585 inquit,
1189 530 1253 569 os
1288 530 1467 570 meum
1500 516 1661 570 laude
1689 523 1805 580 tua,
1852 526 1947 583 per
1982 529 2085 567 om

2200 511 2486 584 πρεπείας.
2535 511 2679 563 Ἀντὶ
2707 511 2763 564 δέ
2787 511 2901 575 τοῦ,
2927 531 2944 562 ι
2976 511 3103 581 ὅλην
3133 510 3232 581 τὴν
3261 511 3494 584 ἡμέραν,
3523 530 3541 562 ι
3574 512 3605 563 ὁ
3628 512 3758 582 Σύμα

528 621 653 661 nem
683 604 847 671 diem,
893 605 948 659 in
989 605 1189 659 decore
1223 615 1316 660 tuo
1351 622 1418 661 ne
1467 606 1701 675 abjicias
1732 622 1820 660 me
1855 614 2100 673 tempore

527 696 847 751 senectutis.
904 714 924 748 ι
964 691 1099 749 Nam
1153 695 1199 749 si
1251 695 1315 749 ad
1354 703 1693 750 senectutem
1730 709 1903 763 usque
1932 693 2099 745 vitam

527 787 783 841 devenire
819 801 997 841 meam
1034 794 1305 856 oporteat,
1344 802 1455 839 non
1514 786 1695 839 abnuo
1725 798 1739 836 :
1768 783 1822 837 id
1854 781 2098 851 supplico

527 889 760 946 tantum,
786 891 843 934 ut
872 894 936 935 os
962 894 1147 933 meum
1190 894 1469 949 nunquam
1516 878 1679 932 ﬁnem
1728 877 1893 930 faciat
1953 875 2099 928 cele-

527 972 720 1028 brandi
746 971 961 1028 laudem
991 979 1143 1025 tuam
1174 979 1228 1025 et
1254 970 1711 1041 magnificentiam
1733 976 1903 1022 tuam.
1941 965 2097 1032 Quod

525 1064 572 1121 si
614 1064 916 1120 senectutis
949 1078 1116 1118 causa
1164 1062 1462 1133 aliquando
1497 1064 1643 1117 vires
1685 1077 1771 1115 me
1819 1060 2095 1123 deficiant,

524 1171 595 1211 ne
633 1166 762 1210 tunc
794 1154 1014 1225 quidem
1048 1170 1134 1209 me
1161 1154 1537 1225 derelinquas.
1574 1151 1698 1207 Haec
1748 1151 1802 1206 in
1850 1152 2097 1205 oratione

525 1250 712 1305 dicere
741 1247 1000 1303 convenit
1032 1253 1148 1302 tum
1184 1246 1471 1312 Davidem,
1502 1256 1615 1301 tum
1652 1247 1900 1318 quemvis
1928 1246 2098 1300 homi-

521 1355 645 1394 nem
696 1338 1032 1409 religiosum.
1068 1337 1455 1392 Animadverte
1502 1352 1667 1407 porro
1712 1337 1985 1406 quomodo
2029 1337 2096 1391 de

523 1430 805 1487 Salvatore
829 1432 896 1485 ab
919 1430 1184 1502 Apostolo
1214 1431 1441 1485 dicatur
1467 1448 1481 1484 :
1522 1449 1539 1480 ι
1572 1429 1879 1485 Cruciﬁxus
1910 1438 1994 1484 est
2026 1445 2093 1484 ex

518 1524 857 1587 inﬁrmitate,
890 1523 988 1580 sed
1021 1523 1154 1578 vivit
1184 1539 1251 1577 ex
1276 1524 1479 1576 virtute
1514 1521 1609 1577 Dei
1634 1523 1701 1577 ⁸⁸.
1747 1541 1764 1572 ι
1798 1521 1912 1575 Etsi
1947 1521 2091 1575 enim

518 1631 583 1669 ex
613 1616 932 1687 inﬁrmitate
964 1615 1263 1669 cruciﬁxus
1290 1614 1361 1670 sit
1401 1632 1418 1681 ;
1447 1624 1500 1667 at
1528 1628 1637 1667 non
1672 1613 1739 1666 ab
1772 1610 1896 1667 aliis
1932 1627 2095 1681 supe-

517 1715 673 1762 ratus
704 1726 717 1761 :
747 1707 863 1777 ipse
893 1707 1094 1776 quippe
1114 1721 1237 1760 sese
1266 1704 1539 1759 inﬁrmum
1568 1704 1769 1768 eﬁ‘ecit,
1806 1700 1972 1773 seQue
1997 1702 2093 1758 de-

518 1795 760 1849 dititium
791 1795 1107 1849 hominibus
1143 1794 1366 1848 obtulit.
1394 1792 1551 1859 Quod
1583 1794 1747 1848 etiam
1782 1793 1899 1862 ipse
1929 1792 2090 1845 docet

2208 622 2397 674 μαχος,
2430 624 2447 654 ι
2474 604 2615 656 κατά
2636 607 2814 657 πᾶσαν
2851 604 3065 674 ἡμέραν
3104 622 3121 655 ι
3148 602 3375 667 ἐξέδωκε
3394 620 3407 632 ·
3448 622 3467 655 ι
3498 603 3759 674 Πλησθέίη

2200 696 2262 749 τὸ
2288 696 2463 765 στόμα
2503 712 2595 747 σου
2634 696 2819 758 ατνους
2850 712 2943 747 σου
2978 693 3120 747 κατὰ
3156 697 3335 748 πᾶσαν
3357 695 3589 764 ἡμέραν,
3617 696 3673 746 ἐν
3698 699 3759 765 τῇ

2202 786 2502 858 εὐπρεπείᾳ
2538 804 2630 839 σου
2683 785 2756 857 μὴ
2798 785 3079 858 ἀποϐάλῃς
3108 803 3174 855 με
3210 787 3386 856 καιρῷ
3416 788 3620 858 γήρως.
3652 806 3670 839 ι
3702 789 3761 840 Ei

2200 877 2306 949 γὰρ
2332 878 2438 930 δέοι
2492 878 2585 930 καὶ⁵
2624 876 2783 947 μέχρι
2829 877 3017 947 γήρως
3051 879 3373 947 παρατεῖναι
3406 877 3503 946 τήν
3533 878 3757 946 ἠλικίαν,

2198 969 2355 1022 τοῦτο
2386 968 2483 1037 μὲν
2510 968 2571 1020 οὐ
2614 966 2994 1038 παραιτητέον,
3019 965 3246 1019 ἱκετεύω
3278 965 3427 1036 δὲμὴ
3461 967 3761 1038 ἀποστερη-

2200 1061 2355 1130 θῆναί
2393 1078 2522 1115 ποτε
2569 1060 2662 1112 τοῦ
2693 1058 3078 1129 πεπληρῶσθαι
3120 1059 3182 1111 τὸ
3213 1052 3387 1129 στόμα
3415 1077 3513 1130 μου
3540 1060 3642 1129 τῆς
3667 1060 3764 1130 σῆς

2199 1154 2455 1216 αἰνέσεως
2496 1153 2588 1205 καὶ
2630 1152 2727 1223 τῆς
2758 1151 2858 1221 σῆς
2894 1152 3385 1222 μεγαλοπρεπείας.
3420 1152 3482 1203 Εἰ
3514 1151 3571 1204 δέ
3594 1152 3763 1222 καιρῷ

2197 1259 2301 1298 τινι
2322 1243 2409 1297 διὰ
2433 1244 2608 1315 γῆρας
2633 1243 2844 1296 ἐκλίποι
2869 1244 2901 1311 ή
2955 1240 3106 1312 ἰσχύς
3130 1259 3251 1312 μου,
3286 1242 3419 1312 μηδέ
3450 1242 3571 1294 τότε
3607 1259 3671 1312 με
3699 1245 3764 1295 σὺ

2196 1336 2595 1405 ἐγκαταλίποις.
2642 1335 2827 1389 Ταῦτα
2860 1334 2958 1406 μὲν
2986 1331 3078 1387 οὖν
3112 1334 3339 1405 ἁρμόζοι
3375 1334 3440 1387 ἂν
3467 1334 3646 1401 λέγειν
3674 1336 3764 1388 καὶ

2196 1428 2273 1497 τῷ
2294 1426 2453 1481 Δαυῗδ
2481 1427 2574 1481 καὶ
2617 1430 2777 1480 παντὶ
2819 1424 3088 1497 ἀνθρώπῳ
3130 1424 3368 1494 θεοφιλεῖ
3394 1427 3452 1477 ἐν
3482 1428 3601 1488 ταῖς
3631 1425 3762 1496 πρὸς

2194 1520 2283 1572 τὸν
2317 1519 2445 1573 Θεὸν
2488 1519 2808 1590 ἱκετηρίαις.
2857 1517 2978 1569 Ἐπὶ
3001 1516 3058 1569 δέ
3087 1515 3181 1569 τοῦ
3198 1517 3447 1587 M90;
3477 1517 3765 1586 ἐπίστησον

2193 1612 2339 1675 ὅπως
2363 1614 2573 1683 εἴρηται
2618 1610 2696 1682 τῷ
2741 1610 3045 1680 Ἀποστόλῳ
3071 1609 3151 1673 τὸ,
3186 1628 3204 1660 ι
3247 1607 3592 1679 Ἔσταυρὼθη
3626 1609 3683 1662 δὲ
3705 1609 3765 1673 ἐξ

2193 1704 2496 1767 ἀσθενείας,
2529 1702 2662 1756 ἀλλά
2690 1702 2754 1773 ζῇ
2787 1704 2851 1755 ἐκ
2880 1702 3162 1772 δυνάμεως
3185 1700 3341 1756 Θεοῦ.
3380 1720 3400 1752 ι
3437 1702 3498 1754 Εἰ
3529 1701 3641 1772 γὰρ
3670 1704 3761 1755 καὶ

2193 1794 2250 1862 ἐξ
2300 1795 2581 1859 ἀσθενείας
2636 1793 2974 1867 ἐσταυρώθη,
3018 1793 3132 1847 ἀλλ’
3160 1792 3275 1846 οῦτι
3308 1810 3372 1861 γε
3406 1794 3643 1863 νικηθεὶς
3674 1794 3761 1861 ὑφ’

517 1888 604 1941 his
625 1887 843 1943 verbis:
887 1906 905 1938 ι
946 1885 1114 1943 Nemo
1145 1888 1287 1941 tollit
1314 1888 1550 1939 animam
1576 1900 1751 1939 meam
1785 1900 1813 1937 a
1846 1900 1965 1940 me:
1992 1884 2085 1940 sed

2192 1886 2411 1956 ἐτέρων,
2443 1884 2603 1949 αὐτὸς
2628 1885 2683 1939 δὲ
2723 1884 2913 1938 ἐαυτὸν
2934 1884 3134 1954 ἀσθενῆ
3165 1886 3417 1954 ποιήσας,
3452 1886 3545 1937 καὶ
3575 1884 3767 1937 ἐαυτὸν

516 1991 615 2047 ego
642 1992 785 2047 pono
817 1992 938 2032 eam
973 1992 1003 2030 a
1035 1978 1262 2047 meipso.
1288 1976 1622 2032 Potestatem
1652 1976 1827 2032 habeo
1851 1977 2086 2046 ponendi

514 2084 656 2135 eam,
675 2077 727 2123 et
750 2076 1073 2139 potestatem
1094 2070 1269 2123 habeo
1292 2069 1593 2138 recipiendi
1614 2083 1734 2124 eam
1750 2069 1817 2124 ⁸³.
1847 2088 1866 2120 ι
1888 2068 2089 2135 Quem-

516 2159 809 2214 admodum
864 2160 1031 2231 igitur
1088 2160 1395 2215 ltumiliavit
1445 2159 1820 2231 semetipsum,
1857 2160 2088 2215 formam

514 2251 657 2303 servi
690 2250 1005 2319 accipiens;
1042 2252 1123 2305 sic
1157 2265 1278 2306 sese
1318 2250 1596 2304 inﬁrmum
1653 2250 1854 2314 eﬂ‘ecit,
1918 2259 1978 2305 ut
2021 2250 2089 2304 ab

513 2342 829 2397 hominibus
858 2343 978 2412 capi
1004 2350 1210 2411 posset,
1249 2350 1417 2413 utque
1438 2359 1656 2399 crucem
1688 2344 1918 2408 subiret,
1958 2362 1976 2394 ι
2008 2342 2089 2396 fa-

511 2441 636 2489 ctus
661 2433 923 2489 obediens
953 2452 971 2485 ι
1001 2433 1153 2487 Patri
1190 2456 1206 2485 ι
1244 2450 1422 2506 usque
1454 2437 1521 2490 ad
1569 2446 1820 2500 mortem,
1858 2445 2089 2492 mortem

512 2535 694 2580 autem
726 2525 911 2580 crucis
933 2526 1001 2579 ⁹⁰.
1045 2544 1063 2576 ι
1101 2523 1283 2590 Quare
1312 2526 1408 2591 ait;
1458 2546 1477 2579 ι
1517 2527 1655 2582 Cum
1689 2528 1951 2583 defecerit
1975 2530 2089 2582 vir-

510 2627 603 2672 tus
634 2632 777 2683 mea,
810 2632 879 2673 ne
899 2617 1252 2688 derelinquas
1286 2634 1393 2674 me.
1428 2639 1446 2672 ι
1483 2618 1691 2676 Deinde
1722 2636 1843 2675 cum
1875 2621 2089 2691 passio-

509 2724 635 2763 nem
668 2715 1049 2774 memorasset,
1083 2708 1356 2777 passionis
1406 2717 1694 2764 auctorum
1753 2711 2085 2765 mentionem

508 2799 642 2853 facit
670 2797 863 2854 dicens
894 2818 907 2853 :
946 2817 964 2849 ι
1011 2799 1147 2866 Quia
1184 2799 1439 2855 dixerunt
1472 2801 1680 2856 inimici
1711 2802 1816 2857 mei
1849 2802 2003 2866 mihi,
2033 2812 2087 2857 et

508 2893 601 2962 qui
627 2891 1011 2946 custodiebant
1042 2891 1279 2944 animam
1327 2908 1536 2959 meam;
1585 2913 1604 2946 ι
1635 2894 1749 2949 sive
1784 2894 2085 2950 secundum

510 2982 919 3054 Symmachum,
963 3000 981 3034 ι
1020 2982 1085 3036 Et
1113 2984 1205 3053 qui
1235 2984 1605 3039 observabant
1627 2987 1863 3039 animam
1888 3002 2084 3054 meam,

509 3076 810 3130 consilium
837 3075 1078 3130 inierunt
1111 3075 1275 3131 simul
1307 3076 1554 3131 dicentes
1576 3118 1590 3142 ,
1624 3076 1768 3132 Deus
1797 3077 2088 3149 dereliquit

504 3183 661 3235 eum;
706 3166 1098 3237 persequimini
1143 3174 1195 3221 et
1249 3168 1694 3237 comprehendite
1753 3183 1917 3234 eum,
1956 3171 2085 3237 quia

2192 1980 2463 2051 παραδοὺς
2481 1980 2790 2049 ὑποχείριον
2831 1976 3136 2049 ἀνθρώποις
3159 1993 3171 2006 ·
3207 1978 3236 2030 ὃ
3266 1976 3330 2048 δὴ
3376 1976 3615 2029 διδάσκει
3662 1977 3768 2044 φάο

2191 2089 2335 2125 σκων
2353 2088 2365 2100 ·
2395 2090 2412 2121 t
2443 2070 2631 2132 Οὐδεὶς
2676 2070 2818 2139 αἴρει
2862 2068 2959 2139 τὴν
2984 2068 3161 2139 ψυχήν
3190 2085 3290 2138 μου
3318 2067 3410 2120 ἀπ’
3438 2066 3574 2137 ἐμοῦ
3595 2084 3607 2096 ·
3649 2067 3763 2120 ἀλλ’

2190 2161 2298 2233 ἐγὼ
2317 2160 2505 2233 τίθημι
2538 2160 2707 2232 αὐτὴν
2740 2162 2835 2213 ἀπ’
2858 2160 3113 2231 ἐμαυτοῦ.
3160 2159 3433 2225 Ἐξουσίαν
3455 2158 3564 2228 ἔχω
3592 2159 3763 2213 θεῖναι

2189 2254 2379 2326 αὐτὴν,
2412 2254 2504 2308 καὶ
2533 2253 2779 2317 ἐξουσίαν
2805 2252 2913 2323 ἔχω
2944 2250 3127 2305 λαϐεῖν
3159 2252 3349 2323 αὐτήν.
3388 2272 3407 2303 ι
3439 2252 3649 2325 Ὥσπερ
3669 2248 3770 2305 οὖν

2188 2348 2453 2400 ἐκένωσεν
2484 2346 2646 2408 αὐτὸς
2678 2345 2866 2399 ἐαυτὸν
2898 2344 3111 2416 μορφὴν
3142 2344 3330 2397 δούλου
3363 2344 3564 2405 λαϐὼν,
3591 2344 3767 2408 οὕτως

2187 2437 2387 2508 ἀσθενῆ
2414 2437 2602 2491 ἐαυτὸν
2650 2437 2961 2508 εἰργάσατο,
3006 2437 3154 2499 ὅπως
3184 2437 3387 2500 ἁλωτὸς
3424 2436 3645 2507 γένηται
3680 2437 3769 2490 dv-

2189 2529 2445 2601 θρώποις,
2469 2532 2562 2583 καὶ
2597 2531 2682 2583 ἵνα
2717 2530 2948 2600 σταυρὸν
2971 2529 3217 2599 ὑπομένῃ
3257 2548 3277 2579 ι
3319 2529 3559 2599 ὑπήκοος
3588 2527 3765 2596 γιγνό-

2192 2640 2350 2694 μενος
2396 2642 2414 2674 ι
2452 2622 2530 2694 τῷ
2583 2622 2758 2693 Ilath
2791 2640 2808 2672 ι
2857 2621 3016 2692 μέχρι
3070 2620 3321 2682 θανάτου,
3381 2620 3475 2673 καὶ
3531 2620 3767 2673 θανάτου

2190 2713 2442 2786 σταυροῦ.
2478 2734 2497 2766 ι
2532 2713 2623 2766 Διό
2669 2729 2831 2783 φησιν
2852 2730 2866 2743 υ
2907 2733 2925 2764 ι
2976 2714 3063 2766 Ἐν
3092 2711 3169 2783 τῷ
3192 2712 3463 2765 ἐκλείπειν
3483 2712 3582 2781 τὴν
3610 2711 3770 2782 ἰσχύν

2191 2825 2292 2878 μου
2325 2808 2398 2878 μὴ
2440 2804 2810 2876 ἐγκαταλίπῃς
2859 2822 2946 2876 με.
2983 2824 3002 2856 ›
3040 2801 3172 2858 Εἶτα
3201 2804 3385 2875 ἐπειδὴ
3424 2803 3517 2857 τοῦ
3558 2803 3768 2866 πάθους

2188 2899 2380 2952 ἑαυτοῦ
2408 2898 2778 2969 ἐμνημόνευσε
2812 2899 2907 2951 καὶ
2936 2898 3045 2950 τῶν
3069 2898 3128 2950 τὸ
3161 2896 3332 2961 πάθος
3374 2896 3768 2969 ἐργασαμένων

2187 2990 2493 3054 ἀκολούθως
2546 2994 2775 3044 ποιεῖται
2825 2991 3045 3061 μνήμην
3092 2990 3297 3058 λέγων·
3330 3009 3348 3040 ι
3385 2990 3502 3042 Ὀτι
3533 2986 3693 3042 εἷτοαν
3713 2991 3768 3041 οἱ

2187 3084 2371 3157 ἐχθροί
2391 3101 2489 3154 μου
2520 3085 2663 3154 ἐμοὶ,
2688 3082 2783 3135 καὶ
2804 3085 2852 3135 οἱ
2872 3081 3235 3151 φυλάσσοντες
3260 3082 3359 3152 τὴν
3383 3080 3561 3152 ψυχήν
3587 3098 3691 3153 μου
3712 3098 3762 3131 ·›

2186 3176 2391 3247 ἥκατά
2445 3174 2536 3228 τὸν
2571 3174 2883 3245 Σύμμαχον,
2932 3193 2949 3223 ι
3000 3174 3108 3227 Καὶ
3140 3174 3188 3225 οἱ
3233 3173 3623 3244 ἐπιτηροῦντες
3664 3172 3773 3242 τὴν

504 3274 617 3314 non
642 3266 726 3313 est
758 3259 852 3328 qui
883 3257 1100 3326 eripiat.
1136 3276 1154 3308 ι
1192 3256 1317 3312 llaec
1360 3258 1563 3329 quippe
1591 3257 1849 3313 dicebant
1875 3261 2081 3329 princi-

2188 3267 2358 3338 ψυχήν
2385 3284 2485 3337 μου
2540 3264 2929 3318 ἐϐουλεύσαντο
2963 3266 3056 3318 ἐπὶ
3095 3265 3153 3318 τὸ
3195 3265 3327 3318 αὐτὸ
3375 3265 3660 3333 λέγοντεςο
3706 3265 3767 3317 ὐ

505 3365 606 3421 pes
638 3350 983 3404 sacerdotum
1014 3356 1067 3403 et
1097 3349 1189 3418 qui
1231 3363 1354 3403 cum
1390 3350 1457 3404 iis
1504 3357 1682 3413 erant,
1721 3351 1776 3403 in
1830 3358 2078 3421 tempore

2188 3357 2315 3421 Θεὸς
2354 3356 2706 3425 ἐγκατέλιπεν
2741 3355 2933 3409 αὐτόν·
2978 3355 3344 3422 καταδιώξατε
3390 3356 3481 3409 καὶ
3529 3354 3767 3408 καταλάν

504 3440 784 3513 passionis
820 3449 1103 3495 moventes
1128 3442 1310 3512 capita
1345 3456 1445 3497 sua
1499 3448 1554 3497 et
1608 3442 1689 3497 sic
1738 3443 2026 3513 loquentes
2061 3462 2075 3499 :

2188 3447 2307 3501 ϐετε
2331 3446 2511 3513 αὐτὸν,
2536 3449 2619 3501 ὃτι
2666 3448 2769 3501 οὐκ
2811 3448 2956 3500 ἐστιν
2996 3448 3024 3500 ὁ
3058 3447 3336 3517 ῥυόμενος.
3381 3466 3398 3498 ι
3440 3446 3625 3499 Ταῦτα
3654 3441 3766 3513 γὰρ

509 3551 531 3584 ι
565 3532 669 3599 Qui
698 3532 933 3588 destruit
960 3534 1225 3602 templum
1259 3543 1313 3587 et
1345 3534 1400 3587 in
1432 3533 1612 3588 tribus
1643 3532 1838 3590 diebus
1872 3536 2081 3591 excitat

2188 3540 2370 3609 ἔλεγον
2414 3542 2463 3593 οἱ
2505 3542 2781 3612 ἀρχιερεῖς
2812 3538 2907 3594 καὶ
2931 3540 2980 3593 οί
3016 3541 3111 3592 σὺν
3145 3540 3322 3602 αὐτοῖς
3356 3538 3495 3592 κατά
3525 3537 3616 3590 τὸν
3644 3552 3767 3587 και-

503 3624 660 3690 illud,
686 3625 823 3681 alios
851 3625 1033 3680 salvos
1056 3623 1206 3689 fecit,
1244 3626 1483 3696 seipsum
1522 3642 1633 3681 non
1664 3635 1842 3697 potest
1867 3629 2077 3684 salvum

2188 3632 2277 3701 ρὸν
2306 3632 2401 3685 τοῦ
2458 3632 2684 3698 πάθους,
2734 3630 3012 3693 κινοῦντες
3041 3631 3219 3684 αὐτῶν
3258 3631 3358 3694 τὰς
3395 3627 3637 3697 κεφαλὰς
3670 3625 3768 3679 καὶ

504 3718 705 3774 facere.
744 3716 802 3772 Si
828 3733 924 3773 rex
958 3716 1123 3773 Israel
1157 3725 1264 3783 est,
1292 3717 1592 3774 descendat
1620 3732 1768 3775 nunc
1788 3720 1855 3775 de
1884 3736 2073 3787 cruce,

503 3817 557 3865 et
582 3810 870 3865 credemus
896 3810 946 3864 ei
974 3810 1042 3862 σί.
1091 3829 1109 3861 ι

2182 3722 2462 3792 λέγοντες·
2507 3743 2526 3775 ι
2573 3724 2632 3777 '0
2685 3722 2970 3777 καταλύων
3026 3724 3117 3777 τὸν
3165 3723 3290 3776 ναὸν
3348 3723 3442 3775 καὶ
3469 3723 3528 3772 ἐν
3582 3717 3766 3789 τρισὶν

2184 3814 2420 3885 ἡμέραις
2478 3814 2706 3885 ἐγείρων
2764 3813 2948 3875 αὑτὸν,
2992 3812 3185 3875 ἄλλους
3220 3812 3441 3871 ἔσωσεν,
3475 3807 3669 3860 ἐαυτὸν
3702 3806 3766 3859 ob

500 3898 718 3956 δύναται
747 3902 937 3956 σῶσαι.
980 3902 1043 3954 Εί
1110 3900 1358 3972 βασιλεύς
1390 3904 1506 3955 ἐστι
1555 3903 1648 3957 τοῦ
1696 3903 1910 3978 Ἰσραὴλ
1931 3945 1945 3970 ,
1988 3905 2279 3961 καταϐάτω
2313 3906 2407 3961 νῦν
2436 3905 2543 3959 ἀπὸ
2566 3905 2659 3959 τοῦ
2692 3905 2924 3977 σταυροῦ
2950 3945 2965 3970 ,
3015 3905 3111 3959 καὶ
3139 3901 3501 3973 πιστεύσομεν
3526 3899 3701 3971 αὐτῷ.
3741 3919 3762 3949 ι

573 4016 740 4071 Vsus.
779 4015 963 4070 12-16.
1005 4033 1023 4066 ι
1086 4014 1251 4079 Deus,
1285 4033 1353 4071 ne
1390 4019 1663 4086 elongeris
1707 4032 1737 4071 a
1785 4034 1892 4083 me,
1932 4018 2074 4075 Deus

500 4106 557 4162 in
588 4107 855 4161 auxilium
914 4122 1095 4161 meum
1147 4108 1382 4177 respice.
1424 4128 1442 4159 ι
1483 4108 1693 4161 Inimici
1747 4109 1855 4163 mei
1907 4124 2076 4180 supra

501 4199 793 4254 memorati
837 4198 1115 4263 dicebant,
1151 4218 1168 4249 ι
1206 4198 1348 4254 Deus
1376 4198 1666 4269 dereliquit
1699 4215 1824 4253 eum
1863 4219 1875 4255 :
1919 4221 1937 4252 ι
1974 4217 2074 4271 ego

2258 4040 2276 4071 ι
2325 4022 2384 4074 '0
2406 4019 2557 4084 Θεὸς,
2587 4019 2660 4092 μὴ
2687 4018 2968 4091 μακρύνῃς
2995 4019 3089 4071 ἀπ’
3113 4016 3245 4088 ἐμοῦ
3266 4033 3280 4047 θ
3309 4018 3337 4068 ὁ
3364 4014 3516 4077 Θεὸς,
3553 4016 3635 4077 είς
3664 4013 3766 4086 τὴν

2183 4113 2430 4185 βοήθειάν
2468 4130 2569 4183 μου
2597 4113 2851 4184 πρόσχες.
2879 4133 2897 4164 ι
2927 4114 2988 4165 Ol
3032 4110 3129 4182 μὲν
3168 4106 3554 4180 προλεχθέντες
3576 4104 3765 4175 ἐχθροί

2185 4223 2287 4277 μου
2334 4206 2546 4275 ἐλεγον’
2595 4226 2613 4258 t
2657 4208 2715 4260 '0
2765 4205 2897 4270 Θεὸς
2949 4204 3303 4275 ἐγκατέλιπεν
3351 4201 3546 4255 αὐτόν·
3589 4219 3609 4251 ι
3654 4197 3768 4268 ἐγὼ

500 4298 685 4345 autem
714 4304 848 4360 rogo
879 4292 1255 4360 deprecorque
1286 4298 1339 4345 te
1387 4288 1556 4344 Deum
1593 4306 1796 4355 meum,
1828 4299 1887 4346 ut
1923 4292 2073 4349 adsis

2188 4297 2237 4349 δὲ
2265 4296 2527 4349 ἀντιϐολῶ
2554 4297 2649 4350 καὶ
2694 4297 2885 4369 δέομαί
2914 4315 2973 4351 σε
3015 4297 3107 4350 τὸν
3139 4293 3374 4366 ἐμαυτοῦ
3408 4292 3539 4345 Θεὸν
3574 4292 3767 4361 παρεῖ-

498 4395 716 4451 semper
765 4381 919 4445 mihi,
958 4396 1136 4451 neque
1166 4382 1356 4451 procul
1388 4396 1420 4435 a
1472 4397 1559 4435 me
1590 4381 1837 4446 recedas,
1873 4384 1969 4438 sed
2005 4385 2073 4440 ad

2188 4389 2270 4443 ναί
2332 4406 2422 4460 μοι
2478 4390 2791 4455 διαπαντὸς,
2857 4392 2992 4463 μηδέ
3051 4390 3268 4462 μακράν
3320 4405 3421 4459 μου
3479 4384 3769 4444 ἵστασθαι,

496 4472 759 4527 auxilium
795 4487 975 4529 meum
1005 4474 1292 4544 respicias.
1316 4472 1393 4528 Te
1419 4473 1619 4543 quippe
1646 4473 1952 4543 adjutorem
1977 4492 2075 4530 na-

2182 4480 2470 4553 προσέχειν
2502 4482 2557 4536 δὲ
2608 4485 2687 4547 είς
2720 4483 2819 4554 τὴν
2863 4482 3115 4555 βοήθειάν
3161 4499 3281 4553 μου.
3324 4480 3392 4533 Σὲ
3425 4478 3535 4549 γὰρ
3571 4477 3771 4549 βοηθὸν

495 4571 643 4629 ctus,
670 4566 837 4635 probe
878 4566 996 4621 scio
1036 4580 1123 4619 me
1156 4579 1347 4620 omnes
1379 4565 1635 4619 inimicos
1679 4581 1830 4622 meos
1864 4569 2070 4635 pudore

2188 4572 2472 4644 κτώμενος,
2502 4571 2598 4628 οἷδ’
2634 4576 2715 4628 ὅτι
2757 4576 2960 4646 ὂψομαι
2998 4570 3522 4644 καταισχυνομένους
3556 4570 3772 4633 πάντας

494 4656 736 4713 suﬁ'usos
779 4657 1025 4712 visurum
1078 4672 1221 4710 esse.
1259 4656 1395 4709 lllud
1427 4664 1630 4722 autem,
1667 4676 1684 4707 ι
1732 4659 2078 4714 confundan-

492 4758 606 4814 tur,
646 4768 665 4801 ι
692 4765 789 4820 pro
818 4758 1084 4805 consueto
1107 4750 1163 4803 in
1187 4749 1373 4803 divina
1403 4746 1690 4818 Scriptura
1714 4765 1890 4815 more,
1928 4768 2074 4806 nunc

492 4859 713 4913 quoque
767 4859 865 4913 pro
913 4861 931 4892 ι
994 4840 1404 4895 confundantur
1457 4860 1475 4893 ι
1512 4840 1723 4896 dictum
1774 4850 1893 4908 est;
1942 4843 2074 4897 illud

494 4934 649 4997 item,
689 4953 706 4985 ι
765 4942 818 4988 et
849 4933 1129 4997 deﬁciant,
1174 4952 1193 4984 ι
1228 4948 1327 5003 pro
1374 4952 1391 4985 ι
1433 4932 1689 4988 deﬁcient
1718 4933 2073 4990 detrahentes

494 5025 689 5079 anima:
718 5041 870 5089 meae,
914 5045 932 5078 ›
983 5025 1217 5094 positum
1248 5033 1373 5091 est;
1429 5024 1545 5080 sive
1576 5025 1875 5079 secundum
1915 5023 2072 5095 Sym-

495 5116 773 5177 machum,
816 5136 834 5168 ι
875 5117 1175 5172 adversarii
1207 5119 1402 5172 anima:
1421 5133 1573 5171 meae.
1613 5136 1631 5168 ι
1665 5117 1952 5183 Quomodo
1973 5134 2072 5171 au-

496 5217 607 5263 tem
641 5207 851 5279 pudore
885 5211 1079 5266 suffusi
1120 5211 1424 5265 defecerint
1450 5212 1544 5280 qui
1578 5226 1766 5265 necem
1798 5211 1920 5279 ejus
1953 5225 2070 5264 mo-

494 5300 577 5355 liti
610 5308 759 5365 sunt,
796 5316 903 5355 non
940 5302 1103 5373 longo
1138 5303 1298 5357 nobis
1323 5317 1576 5357 sermone
1604 5302 1913 5371 disquirere
1932 5316 2071 5367 opus

494 5401 579 5450 est
609 5414 622 5449 :
656 5410 778 5448 nam
811 5410 876 5449 ex
902 5409 968 5449 eo
999 5402 1243 5465 tempore
1274 5395 1528 5464 princeps
1552 5394 1899 5448 sacerdotum
1927 5388 2070 5459 apud

494 5503 590 5542 eos
625 5488 844 5558 penitus
892 5487 1112 5551 defecit,
1160 5487 1562 5541 Phariszeorum
1599 5501 1730 5541 vero
1766 5500 1835 5539 ne
1872 5498 2070 5539 nomen

494 5578 711 5649 quidem
748 5590 1019 5649 superest,
1068 5594 1246 5648 neque
1295 5576 1559 5631 memoria
1597 5577 1705 5629 ulla
1742 5576 2070 5646 dignitatum

2181 4684 2281 4737 μου
2311 4665 2437 4728 τοὺς
2484 4666 2732 4737 ἐχθρούς.
2781 4666 2855 4720 Τὸ
2895 4667 2973 4731 δὲ,
3016 4685 3034 4718 ι
3071 4664 3539 4735 αἰσχυνθήτωσαν.
3583 4682 3605 4715 ι
3645 4679 3773 4715 συν-

2177 4757 2321 4830 ήθως
2344 4762 2411 4830 τῇ
2437 4758 2555 4830 θείᾳ
2576 4760 2764 4830 Γραφῇ
2802 4758 2897 4812 καὶ
2932 4757 3028 4811 νῦν
3059 4757 3181 4811 ἀντὶ
3211 4754 3328 4818 τοῦ,
3350 4752 3775 4824 (αἰσχυνθήσον-

2175 4867 2265 4903 ται
2300 4870 2318 4902 ι
2352 4853 2599 4922 εἴρηται·
2651 4854 2744 4905 καὶ
2775 4852 2856 4915 τὸ,
2901 4868 2920 4901 ‹
2970 4848 3392 4909 ἐκλειπέτωσαν,
3430 4867 3449 4898 ι
3482 4845 3605 4899 ἀντὶ
3645 4844 3765 4897 τοῧν

2185 4960 2204 4992 ι
2243 4941 2581 5012 ἐκλείψουσιν
2606 4943 2656 4996 οἱ
2691 4940 3127 5004 ἐνδιαϐάλλοντες
3153 4940 3253 5013 τὴν
3282 4940 3461 5009 ψυχήν
3490 4942 3592 4994 μου
3618 4942 3634 4955 ⁵
3669 4945 3689 4977 ³
3725 4925 3765 4996 ἦ

2178 5030 2320 5085 κατά
2338 5033 2430 5085 τὸν
2458 5033 2773 5103 Σύμμαχον,
2805 5050 2823 5082 ι
2847 5035 2895 5085 οί
2918 5031 3277 5094 ἀντικείμενα
3315 5019 3379 5086 τῇ
3414 5016 3557 5086 ψυχῇ
3594 5033 3761 5087 μου.»

2181 5122 2365 5186 Ὅπως
2386 5123 2441 5176 δὲ
2468 5123 2846 5176 ἐκλελοίπασιν
2880 5124 3140 5179 ηισχυνην
3165 5109 3561 5179 καταχεάμενοι
3593 5108 3644 5159 οἱ
3667 5108 3768 5161 τὸν

2178 5210 2405 5266 θάνατον
2449 5212 2593 5271 αὐτῷ
2631 5200 3016 5271 τυρεύσαντες,
3054 5201 3115 5252 οὐ
3156 5199 3378 5270 μακρῶν
3400 5202 3527 5269 ἡμῖν
3559 5199 3645 5252 δεῖ
3666 5200 3765 5252 λό-

2176 5314 2286 5363 γων
2306 5313 2319 5325 ·
2356 5294 2515 5347 ὁπότε
2543 5292 2599 5357 ἐξ
2626 5292 2833 5345 ἐκείνου
2862 5291 3139 5344 ἐκλέλοιπε
3168 5292 3275 5354 πᾶς
3305 5291 3596 5361 ἀρχιερεὺς
3623 5294 3767 5362 παρ’

2175 5388 2378 5451 αὐτοῖς,
2403 5385 2712 5455 Φαρισαίων
2753 5384 2810 5437 δὲ
2854 5385 2974 5437 οὐδὲ
3017 5384 3187 5453 ὄνομα
3216 5382 3295 5435 ἔτι
3336 5381 3600 5443 λείπεται,
3636 5382 3767 5435 οὐδὲ

2180 5484 2367 5553 μνήμη
2411 5477 2521 5531 τῶν
2566 5480 2697 5549 παρ’
2729 5478 2911 5541 αὐτοῖς
2930 5476 3271 5546 ἀξιωμάτων.
3327 5474 3601 5539 Ἐξέλιπον
3646 5473 3768 5543 γὰρ

2177 5576 2437 5646 ἄρχοντες
2465 5571 2523 5635 ἐξ
2563 5570 2733 5623 Ἰούδα
2772 5572 2865 5624 καὶ
2894 5570 3184 5643 ἡγούμενοι
3217 5572 3279 5622 ἐκ
3304 5568 3409 5622 τῶν
3440 5567 3633 5641 μηρῶν
3656 5566 3768 5623 αὒ-

573 5776 615 5831 ll
656 5777 782 5833 Cor.
816 5790 938 5840 xui,
965 5775 1018 5830 ιι.
1096 5774 1137 5807 ⁸³
1182 5772 1334 5832 Ioan.
1382 5790 1434 5843 κ,
1474 5773 1553 5828 t8.
1632 5772 1901 5847 "‘Philip.
1939 5789 1999 5841 ll,
2035 5772 2088 5831 8.
2138 5772 2204 5848 j“
2234 5769 2425 5826 Matth.
2461 5783 2630 5832 xxvn,
2658 5767 2728 5822 40
