4068 6528
249 369 345 425 78!

1379 370 1886 429 COMMENTABIA
1925 370 1991 426 IN
2031 371 2368 426 PSAIMOS.

3396 376 3496 430 732

244 486 363 550 τοῦ,
402 487 503 558 τῆς
536 488 857 560 προσδοκίας
883 489 992 543 τῶν
1024 490 1191 543 ἐθνῶν
1226 492 1527 562 ἐπιστάσης
1558 491 1700 546 κατὰ
1726 492 1824 561 τὴν

1935 505 2137 545 eorum.
2169 488 2495 545 Defecernnt
2523 488 2725 561 quippe
2753 491 3026 561 principes
3058 506 3124 547 ex
3155 490 3295 547 Juda
3326 495 3497 548 etdu-

248 577 410 630 τοῦτο
464 576 825 641 θεσπίζουσαν
860 580 1217 650 προφητείαν.
1242 581 1353 634 Καὶ
1396 580 1519 632 οὔτε
1566 579 1823 649 βασιλεῖς,

246 667 370 722 οὔτε
398 669 687 741 ἡγεμόνες,
712 670 836 723 οὗτε
858 672 999 734 τινὲς
1018 672 1148 743 παρ’
1168 673 1352 736 αὐτοῖς
1382 672 1637 726 δυνάσται
1668 674 1825 735 είσίν,

247 762 370 816 οὐδέ
401 780 453 815 τι
473 761 658 833 τάγμα
694 762 801 815 τῶν
831 763 998 817 πάλαι
1028 766 1158 835 παρ’
1185 765 1371 827 αὐτοῖς
1403 764 1571 817 ὄντων
1613 764 1829 836 περιλέ-

248 859 492 912 λειπται·
550 860 1034 930 καταισχυνθέντες
1079 861 1135 913 δὲ
1189 861 1391 923 πάντες
1453 860 1828 914 ἐκλελοίπασιν

250 954 300 1005 οἰ
327 952 705 1016 διαϐάλλοντες
752 953 914 1006 αὑτοῦ
952 953 1051 1024 τὴν
1097 952 1296 1023 ψυχήν.
1333 953 1420 1006 Ἐν
1450 953 1610 1023 ὁποίᾳ
1649 953 1704 1005 δέ
1740 956 1826 1006 αἰ-

252 1044 426 1118 σχύνῃ
474 1044 830 1116 τυγχάνουσιν
880 1046 1045 1099 εἰσέτι
1088 1048 1183 1100 καὶ
1216 1045 1311 1098 νῦν
1337 1046 1385 1098 οἱ
1414 1045 1522 1098 τῶν
1558 1045 1827 1098 Ἰουδαίων

252 1137 581 1209 προεστάναι
640 1136 1015 1208 νομιζόμενοι,
1059 1136 1293 1209 ὁρῶντες
1335 1138 1558 1200 ἑαυτοὺς
1598 1139 1695 1208 μὲν
1739 1137 1827 1191 διὰ

252 1230 438 1299 πάσης
471 1228 697 1298 Γραφῆς
733 1228 826 1281 ἐπὶ
854 1226 1319 1297 εἰδωλολατρείαις
1350 1228 1824 1298 διαϐεϐλημένους,

250 1322 429 1375 πάντα
456 1321 512 1373 δέ
547 1320 615 1373 τὰ
653 1320 774 1373 καθ’
802 1320 934 1391 ὅλης
961 1321 1061 1392 τῆς
1094 1320 1423 1392 οἰκουμένης
1450 1320 1576 1392 ἔθνη
1610 1320 1698 1373 διὰ
1724 1320 1826 1389 τῆς

249 1411 344 1465 τοῦ
377 1410 612 1483 Χριστοῦ
658 1412 1001 1476 διδασκαλίας
1034 1412 1133 1482 τῆς
1175 1412 1653 1483 πατροπαραδότου
1692 1411 1828 1465 πλά-

248 1521 351 1575 νης
378 1504 819 1576 μεταδεόληκότα
836 1522 849 1534 ο
879 1507 937 1557 ἐν
955 1499 1036 1569 οἷς
1051 1505 1154 1576 ήδη
1181 1505 1558 1575 τυγχάνουσιν,
1591 1506 1823 1576 ἐντροπῇ

250 1596 486 1668 δρῶντες
517 1597 741 1661 ἑαυτοὺς
777 1598 872 1669 μέν
903 1598 1004 1667 τῆς
1027 1597 1306 1669 βασιλικῆς
1336 1597 1516 1651 αὐτῶν
1552 1596 1824 1669 μητροπό-

252 1690 392 1753 λεως
419 1690 513 1743 καλ.
538 1690 896 1762 ἀποὸλήτους,
917 1690 1179 1761 ’Έλληνας
1207 1690 1262 1744 δέ
1294 1689 1491 1760 ἄνδρας
1521 1688 1827 1756 ἁλλογενεῖς

251 1782 350 1836 καὶ
399 1782 727 1852 ἀλλοφύλους
769 1783 861 1836 τὸν
905 1784 1068 1837 τόπον
1120 1783 1297 1836 αὐτῶν
1349 1782 1649 1845 οἰκοῦντας,
1685 1780 1828 1835 κατὰ

1927 598 2020 636 ees
2051 597 2116 636 ex
2145 580 2448 637 femoribus
2488 581 2630 651 ejus,
2659 596 2782 636 cum
2816 582 3127 639 advenisset
3158 588 3496 655 exspectatio

1929 672 2170 743 gentium
2201 672 2268 736 ’³,
2289 671 2590 728 secundum
2632 672 2975 744 prophetiam
3025 673 3140 728 haec
3192 674 3497 730 vaticinan-

1927 773 2057 819 tem.
2087 763 2165 819 Ac
2195 780 2373 835 neque
2417 780 2598 836 reges,
2631 781 2809 836 neque
2845 766 3036 832 duces,
3073 783 3252 837 neque
3283 768 3376 822 ulli
3409 783 3499 839 pe-

1928 872 2025 913 nes
2045 873 2140 913 eos
2165 866 2450 930 magnates
2486 867 2635 923 sunt,
2667 874 2779 914 non
2810 860 2945 915 ordo
2984 860 3257 931 quispiam
3285 861 3498 932 prisco-

1929 967 2050 1005 rnm
2076 952 2493 1021 magistratuum
2524 953 2633 1008 illis
2670 962 2950 1023 superstes
3002 963 3124 1021 est;
3178 955 3273 1011 sed
3305 970 3499 1010 omnes

1926 1041 2020 1110 qui
2043 1041 2406 1097 detrahebant
2440 1041 2637 1097 anilitas
2688 1042 2829 1112 ejus,
2890 1043 3108 1099 confusi
3158 1043 3494 1100 defecerunt.

1928 1134 2142 1198 Quanta
2174 1147 2303 1187 vero
2322 1134 2376 1187 in
2405 1132 2736 1189 confusione
2757 1143 3048 1190 versantur
3081 1136 3371 1207 hodieque,
3402 1141 3498 1209 qui

1926 1222 2130 1279 Judwis
2183 1239 2419 1293 praaesse
2449 1232 2737 1294 putantur,
2794 1225 3042 1283 videntes
3093 1243 3152 1284 se
3200 1230 3402 1299 passim
3442 1230 3497 1284 in

1930 1312 2233 1384 Scripturis
2254 1315 2574 1371 idololatria:
2596 1317 2819 1372 nomine
2846 1320 3119 1388 accusari,
3147 1335 3340 1377 omnes
3371 1337 3499 1376 vero

1928 1422 2025 1477 per
2048 1407 2234 1462 orbem
2263 1416 2453 1479 gentes
2486 1423 2582 1479 per
2612 1408 2819 1465 Christi
2855 1410 3163 1467 doctrinam
3199 1428 3229 1467 a
3271 1422 3500 1483 paterno

1926 1512 2113 1553 errore
2138 1497 2443 1554 descivisse
2479 1514 2579 1555 :ac
2614 1500 2671 1554 in
2699 1501 2900 1570 quibus
2943 1503 3080 1560 locis
3132 1505 3243 1575 jam
3269 1506 3498 1576 degunt,

1926 1604 2027 1645 nec
2053 1589 2177 1645 sine
2192 1589 2526 1646 confusione
2550 1600 2862 1661 cernentes,
2890 1610 2949 1650 se
2969 1594 3189 1666 quidem
3225 1599 3374 1668 regia
3400 1614 3500 1654 sua

1926 1682 2222 1753 metmpoli
2243 1689 2502 1740 extrusos
2532 1700 2596 1740 ac
2619 1685 2884 1755 dejectos,
2917 1685 3137 1743 Graacos
3170 1696 3349 1744 autem
3375 1690 3506 1744 alie-

1928 1774 2157 1845 nigcnas
2188 1783 2243 1831 et
2275 1782 2568 1847 extraneos
2594 1779 2772 1834 locum
2810 1797 2970 1836 suum
2998 1780 3337 1849 incolentes;
3370 1799 3501 1855 gen-

254 1873 439 1937 πάσας
474 1891 532 1927 τε
564 1873 832 1945 ἐπαρχίας
872 1875 966 1927 καὶ
1009 1872 1212 1945 χώρας,
1254 1873 1348 1927 καὶ
1383 1873 1566 1937 πόλεις
1608 1874 1734 1937 τοὺς
1767 1872 1825 1938 ἐξ

1935 1874 2118 1938 tesque
2140 1868 2194 1922 in
2224 1870 2480 1927 omnibus
2510 1872 2833 1943 provinciis,
2861 1874 3179 1945 regionibus
3202 1876 3503 1931 eturbibus

249 1963 423 2018 ἐθνῶν
446 1965 545 2029 τὰς
570 1965 698 2037 περὶ
729 1963 823 2018 τοῦ
854 1965 1104 2037 Σωτῆρος
1136 1962 1479 2036 προφητικὰς
1510 1963 1692 2033 φωνὰς
1731 1981 1830 2034 κτι-

250 2056 583 2128 ρύττονταςς
620 2057 862 2128 Δίσχύνη
898 2057 955 2109 δὲ
993 2056 1208 2128 άληθῶς
1253 2057 1346 2110 καὶ
1383 2056 1617 2127 ἐντροπὴ
1644 2054 1829 2109 κατεί-

244 2150 421 2222 ληφεν
453 2151 632 2205 αὐτῶν
678 2150 779 2214 τὰς
811 2150 1009 2221 ψυχὰς,
1043 2150 1136 2203 τὸν
1165 2149 1293 2220 χθὲς
1312 2150 1380 2203 δι’
1412 2148 1591 2202 αὐτῶν
1614 2147 1832 2220 σταυρῷ

244 2242 627 2313 παραδοθέντα
659 2243 782 2297 καθ’
823 2244 950 2315 ὅλης
988 2246 1088 2316 τῆς
1138 2242 1463 2313 οἰκουμένης
1495 2242 1831 2311 προσκυνού-

249 2350 413 2404 μενον
452 2335 547 2388 καὶ
582 2334 1000 2405 θεολογούμενον
1040 2334 1314 2406 ὁρῶντας·
1350 2333 1387 2388 ἃ
1428 2333 1493 2405 δὴ
1528 2331 1832 2403 ἐπληροῦτο

245 2426 559 2490 ἀκολούθως
583 2430 648 2498 τῇ
677 2426 817 2497 μετὰ
843 2429 1035 2497 χεῖρας
1074 2428 1375 2498 προρρήσει
1404 2425 1696 2496 λεγούσῃοι
1725 2425 1831 2477 Πε-

251 2518 657 2589 ριϐαλέσθωσαν
691 2517 950 2589 αἰσχύνην
984 2518 1078 2571 καὶ
1100 2518 1364 2590 ἐντροπὴν
1389 2518 1438 2571 οἰ
1456 2516 1745 2589 ζητοῦντες
1764 2518 1831 2570 τὰ

243 2610 399 2663 κακά
430 2627 569 2680 μοι.»
592 2610 700 2663 Καὶ
726 2604 871 2663 οὗτοι
905 2610 1002 2679 μὲν
1026 2608 1149 2664 τάδε
1179 2610 1476 2663 πείσονται·
1514 2629 1531 2660 ι
1555 2608 1695 2677 Ἐγὼ
1716 2609 1825 2670 δέ,›

246 2700 349 2754 ὑπ’
381 2701 558 2755 αὐτῶν
574 2701 641 2755 τὰ
670 2702 903 2756 τοσαῦτα
922 2701 1222 2766 πεπονθὼς,
1254 2719 1272 2753 t
1308 2702 1617 2764 διαπαντὸς,
1647 2701 1830 2771 φησὶν,

246 2794 444 2858 ἐλπιῶ,
467 2796 561 2847 καί
589 2795 883 2867 προσθήσω
910 2795 1003 2849 ἐπὶ
1055 2797 1235 2848 πᾶσαν
1258 2793 1354 2865 τήν
1396 2793 1599 2848 αἶνεσίν
1654 2811 1769 2846 σου.
1807 2813 1827 2846 ι

261 2884 418 2936 Ἐπεὶ
454 2883 511 2936 δὲ
585 2882 725 2937 κατὰ
779 2884 988 2947 πάντας
1038 2884 1164 2945 τοὺς
1240 2882 1683 2953 ἑρμηνεύσαντας
1734 2880 1831 2943 τὸ,

253 2993 275 3027 ε
306 2975 601 3047 προσθήσω
631 3015 648 3041 ,
690 2995 709 3028 ι
732 2976 983 3030 λέλεκται
1019 2976 1048 3029 ὅ
1081 2992 1141 3029 τε
1194 2974 1423 3037 Ἀκύλας
1448 2974 1610 3043 φησὶ,
1648 2992 1667 3026 ι
1724 2973 1836 3027 Καὶ

246 3068 550 3140 προσθήσω
582 3068 675 3121 ἐπὶ
709 3068 890 3133 πάσας
922 3069 1220 3139 ὑμνήσειςο
1264 3086 1285 3120 ι
1316 3068 1412 3120 καί¹
1440 3069 1468 3120 ὁ
1495 3065 1791 3138 Σύμμαχος
1816 3106 1831 3130 ,

252 3182 275 3215 ο
324 3161 418 3215 καὶ
452 3161 744 3234 προσθήσω
763 3163 876 3224 τοῖς
910 3159 1123 3231 ὕμνοις
1158 3178 1176 3212 ι
1210 3159 1311 3231 ὅρα
1333 3161 1380 3212 εἰ
1412 3158 1486 3229 μὴ
1517 3157 1835 3230 προσθήκην

1932 1960 2285 2030 propheticas
2318 1959 2635 2018 Servatoris
2667 1978 2831 2019 voces
2862 1964 3264 2035 praedicantes?
3291 1966 3499 2022 Coniu—

1932 2051 2015 2105 sio
2059 2066 2249 2107 revera
2277 2063 2332 2107 et
2360 2053 2661 2123 ignominia
2695 2055 2906 2112 animas
2944 2072 3133 2111 eorum
3168 2057 3390 2122 invasit,
3422 2057 3501 2110 vi-

1931 2142 2123 2197 dentes
2143 2157 2267 2197 eum
2284 2144 2379 2213 qui
2403 2145 2472 2199 ab
2492 2145 2626 2215 ipsis
2649 2145 2907 2201 hesterna
2934 2146 3022 2202 die
3053 2147 3121 2202 ad
3152 2162 3370 2204 crucem
3390 2157 3504 2203 tra-

1931 2231 2077 2287 ditus
2093 2242 2198 2297 est,
2216 2248 2316 2303 per
2329 2241 2503 2289 totum
2523 2235 2712 2292 orbem
2725 2238 2943 2291 adorari
2958 2236 3239 2309 Deumque
3250 2238 3506 2308 praedica-

1932 2321 1977 2374 ri
1996 2339 2015 2387 ;
2037 2338 2158 2392 quae
2176 2338 2310 2377 sane
2326 2324 2547 2395 impleta
2566 2334 2694 2380 sunt
2715 2336 3114 2398 consequenter
3130 2328 3198 2382 ad
3211 2329 3349 2383 hanc
3369 2344 3506 2400 prm-

1931 2411 2226 2468 dictionem
2246 2414 2324 2470 sic
2343 2415 2633 2472 habentem
2664 2436 2678 2474 :
2710 2426 2737 2471 ἰ
2770 2409 3077 2475 Induantur
3102 2420 3428 2476 confusione
3453 2430 3507 2476 et

1932 2506 2236 2561 reverentia
2248 2507 2338 2577 qui
2355 2515 2604 2577 quaerunt
2621 2511 2758 2563 mala
2775 2511 2927 2566 mihi.
2942 2510 3036 2567 »Ει
3049 2512 3124 2566 illi
3143 2511 3360 2583 quidem
3377 2513 3507 2567 talia

1933 2598 2244 2667 patientur:
2268 2618 2286 2651 ι
2311 2614 2409 2669 ego
2424 2616 2576 2664 vero,
2604 2622 2622 2654 ι
2652 2603 2749 2668 ait,
2772 2611 2853 2657 tot
2869 2605 3028 2661 malis
3050 2604 3356 2663 aﬂeetusab
3379 2606 3507 2671 illis,

1938 2711 1955 2741 ι
1981 2707 2196 2762 semper
2226 2695 2480 2763 sperabo,
2512 2702 2572 2750 et
2618 2694 2874 2766 adjiciam
2925 2712 3091 2767 super
3130 2713 3348 2754 omnem
3388 2700 3507 2753 lau-

1933 2783 2053 2839 dem
2090 2793 2293 2840 tuam.»
2339 2785 2474 2841 Cum
2504 2796 2685 2842 autem
2727 2789 2797 2841 ab
2828 2789 3085 2845 omnibus
3119 2789 3508 2861 interpretibus

1939 2894 1957 2928 ι
1980 2876 2233 2946 adjiciam
2264 2895 2282 2928 ι
2304 2878 2540 2944 dicatur,
2563 2886 2616 2934 et
2634 2879 2829 2950 Aquila
2851 2880 2930 2935 sic
2948 2880 3165 2946 habeat,
3196 2901 3214 2933 ι
3239 2882 3505 2952 Adjieiam

1935 2985 2101 3040 super
2132 2985 2324 3027 omnes
2354 2971 2608 3042 hymnos,
2654 2992 2672 3025 ι
2706 2971 3069 3044 Symmachus
3099 2991 3249 3040 vero,
3282 2994 3300 3028 ι
3320 2975 3386 3029 Et
3415 2976 3511 3029 ad-

1931 3059 2119 3129 jiciam
2154 3060 2407 3133 hymnis;
2434 3081 2453 3114 ι
2491 3062 2614 3117 vide
2643 3077 2776 3117 num
2829 3062 3048 3135 hymnis
3084 3063 3265 3121 Patris
3296 3066 3382 3121 sui
3413 3066 3510 3120 ad-

1937 3150 2299 3209 ditamentum
2357 3152 2572 3220 fecerit,
2621 3152 2834 3209 Novum
2878 3153 3299 3225 Testamentum.
3328 3157 3509 3213 Veteri

247 3256 548 3325 ἐποιήσατο
582 3256 694 3317 τοῖς
724 3251 818 3306 τοῦ
848 3251 1057 3321 Πατρὸς
1086 3248 1294 3321 ὕμνοις,
1321 3249 1419 3321 τήν
1460 3248 1668 3319 Καινήν
1717 3251 1832 3308 Δια-

1947 3246 2179 3301 addens.
2218 3245 2406 3317 Neque
2433 3246 2580 3303 enim
2612 3247 2794 3317 priora
2833 3249 3077 3312 sustulit,
3117 3265 3242 3304 cum
3270 3253 3510 3307 secunda

254 3345 430 3418 θήκην
460 3346 595 3417 πρὸς
627 3348 693 3417 τῇ
742 3344 953 3413 Παλαιᾷ
986 3341 1279 3415 παραδούς.
1310 3342 1384 3395 Οὐ
1436 3341 1543 3413 γὰρ
1557 3341 1733 3395 ἀνεῖλε
1766 3339 1834 3395 τὰ

253 3433 473 3505 πρῶτα,
500 3434 811 3505 εἰσαγαγὼν
841 3434 910 3487 τά
941 3432 1190 3505 δεύτερα,
1221 3432 1540 3505 προσθήκην
1558 3434 1615 3487 δὲ
1643 3434 1832 3504 ἐποιή-

252 3540 388 3579 σατο
405 3541 419 3553 ·
454 3526 546 3579 καί
576 3526 735 3580 τοῦτό
761 3528 909 3579 ἐστιν
936 3528 1120 3597 εὑρεῖν
1146 3527 1203 3579 ἐν
1226 3528 1348 3589 ταῖς
1376 3523 1539 3578 αὑτοῦ
1578 3524 1833 3579 διδασκα-

248 3614 416 3681 λίαις,
438 3616 504 3669 δι’
532 3610 607 3671 ὧν
641 3635 803 3687 φησιν
826 3633 837 3646 ·
882 3637 899 3668 ι
922 3617 1153 3690 Ἐρρέθη
1184 3620 1296 3680 τοῖς
1321 3617 1588 3689 ἀρχαίοις,
1631 3618 1704 3670 Οὐ
1736 3634 1835 3687 φο-

248 3707 495 3771 νεύσεις·
531 3708 642 3778 ἐγὼ
672 3710 729 3763 δέ
753 3710 897 3779 λέγω
915 3750 929 3774 ,
956 3710 1089 3781 μηδὲ
1111 3708 1441 3781 ὀργίζεσθαι.
1480 3708 1707 3781 Ἐρρέθη
1726 3712 1837 3773 τοῖς

246 3798 521 3870 ἀρχαίοις,
550 3801 624 3853 Οὐ
656 3800 961 3871 μοιχεύσεις
980 3812 996 3830 ’
1028 3799 1139 3868 ἐγὼ
1184 3800 1242 3854 δέ
1265 3800 1427 3870 λέγω,
1470 3801 1606 3871 μηδὲ
1651 3800 1838 3853 ἐπιθυ-

252 3894 409 3964 με’ίν⁹
448 3910 467 3943 ι
506 3892 600 3945 καί
631 3893 732 3946 ὅσα
763 3893 898 3948 ἄλλα
930 3893 1155 3948 τοιαῦτα.
1186 3892 1504 3967 προσθήκην
1529 3892 1720 3963 ἔχοντα
1749 3893 1837 3947 διὰ

247 3984 353 4054 τῆς
378 3985 752 4055 πνευματικῆς
775 3984 1008 4057 θεωρίας
1036 4003 1096 4038 τε
1123 3986 1218 4039 καί
1236 3984 1529 4057 ἑρμηνείας
1550 3984 1643 4037 τοῦ
1671 3985 1835 4055 νόμον

247 4074 309 4126 ἐν
339 4076 405 4145 τῇ
444 4074 741 4148 Ἐκκλησία
767 4077 933 4131 αὐτοῦ
968 4076 1346 4151 παραδέδοται.
1396 4076 1555 4130 Ἀλλά
1597 4078 1690 4131 καὶ
1723 4096 1740 4129 ι
1778 4079 1837 4131 τὸ

250 4166 430 4237 στόμα
494 4184 597 4237 μου
624 4206 639 4231 ,
731 4170 934 4240 φησὶν,
992 4170 1283 4239 ἀναγγελεῖ
1347 4170 1446 4241 τὴν
1490 4169 1837 4240 δικαιοσύνην

248 4276 369 4312 σου.
396 4278 415 4311 ι
435 4259 511 4312 Τὸ
548 4259 659 4332 γὰρ
690 4262 1018 4331 Εὐαγγέλιον
1032 4262 1377 4334 δικαιοσύνην
1399 4263 1652 4333 ἐμφαίνει
1679 4262 1834 4325 Θεοῦ,

245 4354 643 4418 ούκΊουδαίοις
676 4354 859 4425 μόνοις
880 4355 1264 4427 ἀφωρισμένον
1288 4355 1475 4427 ὥσπερ
1500 4357 1529 4408 ὁ
1555 4355 1641 4409 διὰ
1670 4358 1835 4409 Mori—

248 4444 391 4507 σέως
418 4444 603 4515 νόμος.
636 4444 727 4498 Διό
757 4462 921 4514 φησιν
943 4447 971 4498 ὁ
1010 4446 1332 4510 Ἀπόστολος
1353 4462 1367 4475 ο
1398 4465 1417 4497 ι
1449 4446 1524 4500 Οὐ
1554 4445 1664 4516 γάρ
1679 4446 1837 4499 ἐπαι-

247 4535 519 4607 σχύνομαι
552 4536 613 4589 τὸ
636 4536 990 4605 Εὑαγγέλιον.
1026 4538 1265 4609 Δύναμις
1291 4537 1397 4610 γὰρ
1422 4536 1556 4591 Θεοῦ
1584 4539 1731 4593 ἐστιν
1756 4540 1836 4603 εἰς

247 4629 528 4700 σωτηρίαν
556 4629 720 4682 παντὶ
748 4628 823 4700 τῷ
850 4630 1185 4696 πιστεύοντι,
1246 4630 1483 4702 Ἰουδαίῳ
1512 4649 1571 4686 τε
1619 4631 1834 4702 πρῶτον

244 4721 344 4774 καὶ
374 4720 618 4792 Ἕλληνι.
659 4722 986 4792 Δικαιοσύνη
1016 4722 1122 4794 γάρ
1159 4722 1295 4776 Θεοῦ
1328 4724 1387 4776 ἐν
1433 4721 1583 4794 αύτῷ
1624 4723 1833 4776 ἀποκα-

240 4810 526 4866 λύπτεται.
582 4831 602 4865 ι
634 4812 727 4865 Διὸ
775 4811 1008 4866 ἐνταῦθα
1044 4811 1287 4869 λέλεκται
1310 4828 1323 4839 ⁸
1370 4832 1390 4863 ι
1423 4813 1498 4866 Τὸ
1520 4812 1695 4884 στόμα
1734 4830 1833 4883 μου

247 4895 544 4962 ἀναγγελεί
572 4900 671 4972 τήν
694 4901 1042 4973 δικαιοσύνην
1071 4919 1189 4968 σου,
1214 4901 1342 4974 ὅλην
1371 4903 1470 4974 τὴν
1495 4903 1706 4973 ἡμέραν
1736 4902 1835 4972 τὴν

251 4985 535 5056 σωτηρίαν
562 5001 655 5037 σου
675 5010 687 5019 ·
733 5013 752 5043 ι
788 4994 821 5064 ἢ
851 4992 989 5050 κατὰ
1019 4994 1109 5049 τὸν
1142 4992 1461 5064 Σύμμαχον,
1505 5012 1524 5043 c
1560 4993 1700 5046 κατὰ
1741 4994 1839 5046 πᾶ-

253 5095 356 5132 σαν
386 5078 604 5149 ἡμέραν
635 5078 732 5149 τὴν
762 5086 1032 5148 σωτηρίαν
1065 5103 1179 5140 σου.
1224 5105 1244 5138 ι
1290 5086 1401 5141 Καὶ
1445 5084 1606 5141 τοῦτο
1635 5085 1691 5141 δέ
1726 5086 1841 5138 ἐστι

250 5168 635 5241 πληρούμενον
666 5168 889 5239 θεωρεῖν
914 5167 1032 5220 καθ’
1049 5168 1179 5238 ὅλης
1203 5177 1301 5240 τῆς
1327 5176 1650 5246 οἰκουμένης
1674 5194 1686 5207 ·
1723 5179 1780 5229 ἐν

249 5261 313 5313 τὸ
348 5259 528 5328 στόμα
560 5258 653 5312 τοῦ
691 5259 943 5329 Σωτῆρος
975 5257 1134 5329 ήμῶν
1167 5258 1254 5312 διά
1284 5259 1391 5313 τῶν
1424 5259 1583 5315 θείων
1610 5266 1841 5336 Γραφῶν

252 5353 423 5405 πᾶσιν
457 5348 766 5422 ἀνθρώποις
800 5351 886 5421 ἐφ’
915 5352 1152 5423 ἑκάστης
1193 5353 1407 5425 ἡμέρας
1448 5356 1547 5428 τήν
1574 5358 1641 5413 δι’
1676 5361 1839 5414 αὑτοῦ

253 5440 684 5513 προξενηθεῖσαν
736 5440 910 5494 ἅπασι
956 5440 1228 5513 σωτηρίαν
1254 5443 1532 5514 κηρύττει.
1571 5448 1839 5518 Ἑπιλέγει

252 5534 313 5587 δὲ
340 5532 738 5598 τούτοις,‹Ὅτι
763 5533 864 5587 οὐκ
882 5533 1051 5602 ἔγνων
1078 5537 1483 5606 γραμματείας.
1516 5558 1537 5591 ι
1559 5541 1669 5605 Τὰς
1691 5542 1839 5606 κλεῖς

250 5626 540 5699 εἰληφότες
574 5628 671 5698 τῆς
699 5626 996 5697 βασιλείας,
1026 5627 1119 5681 καὶ
1147 5624 1285 5699 μήτε
1325 5630 1477 5686 αὐτοὶ
1517 5635 1836 5706 εἰσερχόμε-

1938 3338 2162 3406 adjecit,
2199 3340 2294 3394 sed
2322 3338 2760 3395 additamentum
2790 3339 2992 3396 ell‘ecit.
3049 3340 3205 3407 Quod
3247 3344 3409 3397 etiam
3454 3342 3510 3397 in

1935 3430 2056 3498 ejus
2097 3430 2346 3485 doctrina
2374 3432 2617 3501 reperire
2657 3440 2762 3497 est,
2819 3433 2908 3488 ubi
2946 3433 3027 3487 ait
3074 3453 3088 3488 :
3130 3453 3147 3485 ι
3174 3415 3385 3492 Dictum
3424 3446 3509 3491 est

1938 3522 2203 3591 antiquis,
2239 3520 2357 3577 Non
2395 3523 2652 3591 occides;
2688 3540 2790 3595 ego
2820 3536 3000 3581 autem
3049 3525 3175 3581 dico
3228 3527 3405 3588 vobis,
3434 3525 3513 3582 Ne

1938 3614 2277 3670 irascamini.
2309 3614 2523 3670 Dictum
2550 3625 2635 3671 est
2665 3618 2928 3689 antiquis,
2956 3617 3075 3675 Non
3107 3620 3509 3689 mazchaberis;

1937 3721 2039 3775 ego
2090 3716 2272 3761 autem
2302 3706 2428 3761 dico
2474 3708 2654 3773 vobis,
2687 3708 2766 3763 Νι
2812 3711 3222 3780 concupiscatis
3243 3713 3346 3778 ³³.»
3381 3722 3435 3768 et
3464 3718 3508 3769 si

1938 3812 2045 3865 qua
2102 3797 2324 3862 similia,
2376 3813 2498 3868 quae
2555 3799 2829 3869 spirituali
2876 3817 3041 3857 sensu
3092 3810 3146 3858 et
3187 3804 3515 3875 interpreta-

1940 3890 2088 3944 tione
2137 3890 2435 3953 intellecta,
2470 3898 2526 3945 et
2572 3890 3006 3948 additamentum
3058 3894 3164 3966 legi
3197 3895 3509 3959 inferentia,

1938 3982 1993 4036 in
2035 3981 2279 4037 Ecclesia
2333 3984 2456 4053 ejus
2503 3984 2701 4042 tradita
2755 3993 2909 4041 sunt.
2951 3984 3060 4040 Sed
3091 3988 3279 4052 etiam,
3313 3988 3510 4060 inquit.

1944 4087 1963 4122 ο
1984 4085 2047 4126 os
2078 4086 2262 4126 meum
2289 4073 2928 4143 annuntiabitjustitiam
2970 4083 3144 4130 tuam.
3167 4094 3188 4129 ι
3232 4076 3511 4149 Siquidem

1934 4162 2205 4231 justitiam
2240 4164 2334 4220 Dei
2368 4166 2589 4222 exhibet
2615 4167 2988 4238 Evangelium,
3020 4185 3127 4224 non
3148 4168 3352 4227 Iudaeis
3375 4174 3513 4227 dun-

1940 4260 2089 4307 taxat
2118 4252 2475 4321 destinatum,
2507 4263 2573 4310 ut'
2593 4258 2679 4312 lex
2708 4274 2805 4328 per
2827 4258 3066 4331 Moysem
3113 4260 3260 4318 data.
3305 4261 3511 4327 Quam-

1938 4346 2127 4401 obrem
2159 4347 2234 4400 ait
2262 4345 2595 4418 Apostolus:
2636 4369 2654 4403 ι
2685 4350 2806 4407 Non
2838 4354 2983 4409 enim
3027 4355 3293 4411 erubesco
3330 4355 3512 4410 Evan-

1940 4440 2161 4508 gelium.
2214 4439 2406 4497 Virtus
2437 4445 2584 4498 enim
2614 4443 2707 4500 Dei
2731 4455 2818 4501 est
2857 4447 2912 4502 in
2949 4448 3178 4503 salutem
3211 4449 3360 4504 omni
3388 4465 3511 4505 cre-

1940 4532 2111 4595 denti,
2146 4530 2335 4588 Judan
2366 4537 2603 4605 primum
2633 4544 2687 4591 et
2708 4536 2923 4598 Graeco.
2977 4538 3200 4594 Justitia
3227 4542 3373 4596 enim
3418 4540 3515 4598 Dei

1942 4623 1996 4676 in
2030 4639 2096 4679 eo
2125 4626 2398 4681 revelatur
2436 4627 2879 4685 ".ildcircohic
2905 4630 3147 4687 dicitur:
3184 4651 3202 4684 ι
3227 4631 3301 4687 Os
3335 4648 3515 4689 meum

1944 4716 2288 4782 annuntiabit
2301 4718 2574 4788 justitiam
2595 4732 2764 4783 tuam,
2785 4730 2898 4775 tota
2924 4722 3011 4778 die
3038 4723 3269 4779 salutem
3294 4734 3439 4780 tuam
3464 4744 3510 4791 ς»

1944 4808 2060 4862 sive
2108 4809 2412 4864 secundum
2463 4811 2877 4879 Symmachum,
2934 4831 2952 4864 ι
2982 4811 3088 4869 Per
3123 4829 3342 4869 omnem
3373 4815 3514 4871 diem

1948 4899 2180 4954 salutem
2218 4909 2431 4956 tuam.»
2477 4899 2644 4972 quue
2676 4918 2772 4972 per
2807 4912 2981 4958 totum
3010 4905 3199 4960 orbem
3234 4907 3514 4979 impletum

1946 4989 2130 5044 videre
2182 5004 2307 5046 esr:
2352 4991 2408 5045 in
2454 5007 2565 5063 quo
2596 5009 2660 5049 os
2695 4993 2996 5050 Salvatoris
3030 4998 3205 5052 nostri
3236 5014 3333 5069 per
3376 4999 3517 5055 divi-

1945 5095 2045 5136 nas
2110 5078 2429 5152 Scripturas
2463 5084 2721 5139 omnibus
2755 5086 3068 5143 hominibus
3096 5090 3341 5161 quotidie
3369 5092 3514 5145 salu-

1946 5180 2055 5227 tem
2084 5173 2154 5229 ab
2191 5189 2251 5229 se
2277 5177 2535 5233 omnibus
2582 5186 2932 5248 procuratam
2966 5181 3248 5251 praedicat.
3296 5181 3390 5238 His
3414 5185 3513 5238 ad~

1937 5262 2082 5331 jieit,
2144 5285 2161 5315 ι
2190 5263 2458 5333 Quoniam
2512 5283 2622 5324 non
2658 5272 2887 5342 cognovi
2929 5271 3314 5329 litteraturam.
3364 5294 3382 5325 ι
3411 5272 3513 5341 Qui

1943 5354 2190 5412 clavibus
2229 5360 2384 5430 regni
2416 5363 2674 5431 acceptis,
2707 5379 2882 5433 neque
2909 5364 3012 5436 ipsi
3045 5366 3512 5437 ingrediebantur.

1948 5460 2124 5514 neque
2152 5448 2290 5504 alios
2338 5450 2549 5523 ingredi
2592 5455 2990 5520 concedebant,
3021 5457 3386 5512 litteraturam
3418 5456 3515 5512 de-

1948 5544 2220 5598 tinebant.
2261 5545 2374 5619 Ego
2427 5566 2578 5616 vero,
2634 5553 2833 5624 inquit,
2876 5553 2968 5624 qui
3032 5553 3236 5625 Moysis
3293 5555 3513 5627 scriptis

1945 5651 2054 5691 non
2091 5639 2335 5709 attendo,
2371 5660 2549 5717 neque
2594 5662 2914 5720 corpoream
2963 5648 3097 5717 legis
3153 5650 3511 5706 litteraturam

328 5784 374 5815 "
398 5783 534 5840 Gen.
564 5799 713 5850 ηις,
750 5784 835 5843 10.
911 5787 957 5820 ’³
990 5784 1177 5842 Matth.
1206 5805 1257 5859 v,
1282 5787 1372 5856 21,
1403 5789 1493 5857 ‘27,
1521 5788 1611 5848 28.
1690 5790 1736 5826 ’δ
1770 5790 1832 5845 Rt

1940 5794 2208 5860 I,l6,17.
