4068 6532
570 368 676 422 ’ῖᾶὅ

1244 367 1507 422 EUSEBH
1547 365 2027 422 CAESARIENSIS
2066 368 2215 423 OPP.
2259 367 2439 423 PARS
2480 368 2568 422 Ill.
2610 401 2678 409 —
2718 370 3127 447 ΕΧΕΟΕΤῌΙΑ.

3705 380 3799 435 736

564 487 852 558 discipulis
894 486 1028 542 meis
1066 485 1288 548 tradidi,
1317 502 1429 540 non
1474 486 1704 556 cognovi
1738 487 2121 540 litteraturam.

2238 506 2303 540 θοι
2339 489 2475 558 μήτε
2508 488 2715 557 ἑτέροις
2769 488 3175 559 συγχωροῦντες
3205 529 3218 551 ,
3274 488 3375 553 τὰς
3421 493 3801 561 γραμματείας

567 576 708 645 Quid
736 586 915 632 autem
947 576 1131 631 nosz-i?
1178 574 1234 629 Id
1269 586 1454 644 postea
1481 577 1725 631 declarat
1754 577 1971 632 dicens:
2005 597 2021 629 ι
2048 577 2130 630 ln-

568 671 747 726 troibo
771 671 822 723 in
853 669 1125 738 potentias
1170 667 1385 722 Domini
1420 667 1659 731 Domini,
1691 677 1744 723 et
1784 664 2135 724 memorabor‘

568 762 796 833 justitia:
831 769 937 815 tuae
975 761 1199 816 solius.»
1242 760 1377 815 Nam
1416 762 1722 816 litteratura
1752 761 1955 816 Judaeis
1996 762 2129 817 solis

566 858 927 928 competebat,
977 856 1071 927 qui
1123 867 1203 911 ter
1247 857 1303 910 in
1349 872 1493 911 anno
1536 856 1926 928 Jcrosolymam
1978 856 2130 911 adire

562 946 922 1017 jubebantur;
953 960 1126 1015 eaque
1157 944 1325 998 multa
1358 946 1463 999 alia
1495 946 1662 999 ardua
1694 962 1793 1000 nec
1818 948 2127 1000 necessaria

566 1040 899 1097 continebat.
944 1039 1055 1111 Ego
1083 1054 1212 1094 vero
1263 1039 1317 1093 in
1364 1040 1602 1110 potentia
1667 1037 1881 1092 Domini
1914 1038 2125 1092 Domini

568 1134 623 1187 in
669 1132 943 1188 Ecclesias
983 1147 1133 1187 meas
1168 1131 1427 1197 introibo,
1460 1139 1510 1184 et
1539 1131 1881 1185 memorabor
1904 1131 2131 1200 justitia:

566 1233 671 1280 tuae
702 1224 890 1279 solius.
920 1222 1139 1278 Iustitia
1177 1238 1411 1293 namque
1457 1221 1635 1277 Patris
1662 1233 1799 1289 erat,
1853 1231 1911 1278 ut
1942 1239 2130 1279 omnes

565 1315 813 1372 homines
858 1313 1076 1370 Graecos
1111 1315 1273 1370 simul
1305 1326 1360 1369 et
1395 1315 1659 1370 barbaros
1692 1330 1790 1370 sua
1821 1317 2132 1385 cognitione

566 1408 817 1472 donaret,
850 1414 902 1462 et
932 1416 993 1462 ut
1024 1406 1076 1460 in
1112 1406 1260 1461 omni
1289 1407 1431 1474 loco,
1468 1422 1646 1477 neque
1668 1407 1722 1461 in
1755 1422 1864 1461 uno
1892 1415 1949 1461 ut
1976 1408 2126 1474 olim,

567 1500 672 1553 coli
706 1515 764 1555 se
797 1500 1147 1569 praeciperet;
1182 1498 1257 1552 ita
1303 1506 1363 1553 ut
1414 1499 1482 1553 ab
1532 1501 1746 1553 oriente
1794 1500 1907 1554 sole
1956 1515 2131 1569 usque

567 1593 635 1647 ad
674 1593 1012 1649 occidentem
1061 1608 1260 1648 nomen
1292 1592 1412 1661 ejus
1450 1592 1823 1647 celebraretur
1866 1594 1919 1648 in
1950 1594 2127 1664 genti-

567 1685 670 1739 bus
691 1685 759 1738 ’³.

2234 581 2502 647 κατεῖχον,
2545 577 2685 646 Ἐγὼ
2705 578 2780 641 δὲ,
2810 582 2962 649 φησὶ,
2994 579 3068 650 μὴ
3094 578 3171 649 τῷ
3208 582 3485 644 Μωῡσέως
3526 583 3805 653 συγγράμ-

2237 686 2365 739 ματι
2390 668 2688 739 προσέχων,
2710 670 2841 740 μηδὲ
2868 671 2967 733 τὰς
2996 670 3091 723 τοῦ
3114 671 3277 740 νόμου
3298 673 3613 741 σωματικὰς
3636 692 3809 744 γραμ-

2237 762 2465 831 ματείας
2495 764 2607 825 τοῖς
2628 762 2865 832 ἐμαυτοῦ
2892 763 3164 834 παραδοὺς
3190 763 3476 833 μαθηταῖς,
3508 766 3609 816 οὐκ
3636 764 3805 831 ἔγνων

2236 852 2636 923 γραμματείοις.
2674 852 2739 905 Τί
2771 852 2827 906 δὲ
2868 852 3078 920 ἕγνως;
3118 852 3274 924 Ἑξῆς
3313 853 3565 923 διασαφεῖ
3596 854 3766 922 λέγων
3788 871 3800 882 ·

2241 963 2258 995 ι
2302 944 2690 1012 Εἱσελεύσομαι
2714 948 2794 1008 είς
2817 944 3133 1008 δυναστείας
3178 945 3381 1017 Κυρίου
3426 947 3665 1016 Κυρίου,
3713 948 3806 999 καὶ

2241 1037 2617 1111 μνησθήσομαι
2664 1040 2763 1110 τῆς
2794 1038 3139 1108 δικαιοσύνης
3173 1057 3265 1092 σου
3308 1039 3488 1110 μόνου.
3532 1060 3551 1091 ι
3582 1041 3648 1092 Δί
3709 1041 3807 1111 μὲν

2236 1129 2342 1199 γάρ
2370 1134 2748 1201 γραμματεῖαι
2807 1130 3077 1193 Ἰουδαίοις
3123 1130 3306 1201 μόνοις
3351 1133 3656 1203 ἣρμοττον,
3688 1132 3806 1202 τρὶς

2233 1218 2328 1270 τοῦ
2349 1220 2595 1273 ἐνιαυτοῦ
2628 1220 3154 1291 παρακελευομένοις
3186 1224 3435 1293 ἀπαντᾷν
3476 1225 3555 1286 είς
3599 1224 3669 1276 τά
3710 1224 3806 1275 ἰε-

2238 1314 2528 1385 ροσόλυμα,
2558 1314 2728 1368 πολλά
2750 1332 2808 1367 τε
2831 1315 2963 1369 ἄλλα
2987 1316 3223 1387 δυσχερῆ
3270 1316 3367 1370 καὶ
3398 1318 3499 1369 οὐκ
3536 1317 3808 1384 ἀναγκαῖα

2236 1409 2527 1477 περιεῖχον.
2580 1406 2721 1475 Ἐγὼ
2751 1407 2807 1460 δὲ
2838 1411 2895 1462 ὲν
2917 1409 3203 1479 δυναστείᾳ
3224 1408 3430 1479 Κυρίου
3469 1407 3699 1479 Κυρίου,
3730 1410 3809 1471 εἰς

2234 1497 2335 1559 τὰς
2363 1497 2599 1567 ἐμαυτοῦ
2646 1499 2969 1571 Ἐκκλησίας
3009 1500 3405 1570 εἰσελεύσομαι,
3445 1501 3538 1554 καὶ
3570 1500 3812 1571 μνησθή-

2236 1606 2399 1658 σομαι
2426 1589 2525 1660 τῆς
2546 1590 2889 1661 δικαιοσύνης
2916 1608 3008 1643 σου
3042 1592 3223 1661 μόνου.
3250 1592 3573 1661 Δικαιοσύνη
3591 1591 3702 1661 γὰρ
3714 1589 3810 1643 τοῦ

2236 1680 2447 1751 [ἰατρὸς
2473 1676 2540 1750 ῆν
2570 1681 2631 1734 τὸ
2654 1681 2861 1745 πάντας
2888 1681 3207 1753 ἀνθρώπους
3244 1683 3510 1755 Ἕλληνας
3556 1683 3674 1754 ἃμα
3716 1682 3812 1735 καὶ

567 1776 872 1848 βαρϐάρους
901 1775 1001 1846 τῆς
1049 1773 1212 1829 αὐτοῦ
1244 1772 1644 1843 καταξιωθῆναι
1694 1772 1980 1841 γνώσεως,
2024 1771 2117 1822 καὶ
2163 1768 2223 1822 τὸ
2274 1772 2329 1823 ὲν
2353 1773 2512 1825 παντὶ
2547 1774 2716 1844 τόπῳ,
2746 1774 2880 1828 ἀλλὰ
2910 1775 3105 1845 μηκέτι
3133 1778 3189 1828 ὲν
3242 1776 3322 1828 ἐνὶ
3367 1776 3653 1847 ἐπιτρέψαι
3715 1776 3811 1827 λα-

562 1873 774 1947 τρεύειν
801 1871 976 1943 αὐτῷ·
1042 1872 1180 1926 ὥστε
1219 1870 1326 1923 ἀπὸ
1348 1870 1619 1924 ἀνατολῶν
1663 1869 1813 1939 ἡλίου
1866 1867 2025 1937 μέχρι
2068 1864 2286 1936 δυσμῶν
2332 1866 2648 1934 δοξάζεσθαι
2672 1868 2832 1923 αὐτοῦ
2866 1870 2925 1923 τὸ
2956 1870 3123 1940 ϐνομα
3147 1872 3205 1923 ὲν
3231 1873 3341 1934 τοῖς
3366 1870 3595 1924 ἔθνεσιν.

641 1992 803 2048 Vens.
857 1992 945 2047 l7.
999 2009 1018 2045 ι
1050 1991 1214 2055 Deus,
1249 1990 1484 2045 docuisti
1514 2005 1598 2044 me
1631 2004 1659 2042 a
1686 1988 1967 2057 juventute
1996 2002 2134 2052 mea,

2314 2007 2331 2038 ι
2376 1988 2433 2041 ’0
2457 1989 2607 2054 Θεὸς,
2636 1989 2876 2057 ἐδίδαξάς
2900 2009 2966 2061 με
2997 1992 3060 2044 ἐκ
3083 1992 3330 2061 νεότητός
3367 2009 3491 2056 μου,
3520 1992 3612 2045 καὶ
3651 1993 3813 2065 μέχρι

564 2096 618 2142 et
656 2102 831 2157 usque
870 2100 1018 2140 nunc
1051 2085 1418 2155 pronuntiabo
1468 2081 1740 2136 mirabilia
1769 2092 1916 2134 tua.»
1971 2078 2133 2134 Solus

567 2176 822 2232 Servatur
860 2176 1074 2231 Patrem
1120 2176 1226 2251 sibi
1275 2175 1593 2245 magistrum
1656 2172 1912 2227 ascribit:
1964 2186 2134 2241 quare

565 2269 902 2325 contribules
950 2269 1069 2338 ejus
1118 2266 1406 2321 dicebant:
1446 2263 1641 2320 «Unde
1690 2264 1820 2319 huic
1861 2263 2131 2333 sapientia

564 2367 740 2424 tanta,
772 2368 827 2414 et
875 2358 1150 2412 virtutes?
1194 2355 1385 2411 Nonne
1432 2356 1518 2410 hic
1552 2363 1636 2409 est
1676 2354 1813 2409 fabri
1854 2353 2128 2408 ﬁlius"?n

565 2449 742 2505 Probe
769 2450 972 2521 quippe
1004 2449 1252 2504 sciebant
1282 2448 1459 2517 ipsum
1491 2462 1598 2501 non
1635 2446 1914 2517 magistris
1958 2444 2136 2497 homi-

564 2538 729 2594 nibus
758 2552 977 2609 Operam
1015 2536 1249 2592 dedisse.
1312 2534 1449 2601 Quia
1484 2536 1647 2607 igitur
1675 2535 1847 2590 forma
1880 2534 2022 2590 servi
2045 2548 2136 2587 ac-

564 2636 745 2699 cepta,
796 2635 851 2683 et
926 2627 1119 2681 habitu
1178 2627 1435 2682 inventus
1496 2634 1553 2679 ut
1618 2624 1803 2688 homo,
1871 2624 2135 2694 puerilem

565 2733 821 2775 emensus
853 2724 937 2773 est
974 2726 1212 2781 aetatem,
1246 2732 1308 2771 ac
1355 2716 1582 2787 perinde
1613 2723 1777 2785 atque
1806 2729 1908 2770 nos
1939 2715 2136 2783 juven-

566 2815 697 2868 tutis
732 2826 910 2866 annos
947 2810 1213 2873 decurrit,
1264 2811 1468 2879 illoque
1508 2816 1755 2879 tempore
1807 2821 1917 2860 non
1969 2806 2138 2859 disci-

565 2905 752 2976 plinis,
813 2919 919 2957 non
953 2903 1232 2973 magistris
1284 2917 1503 2971 operam
1547 2899 1728 2967 dedit;
1781 2899 1876 2953 sed
1934 2900 2137 2952 virtute

565 2998 750 3053 divina
781 2996 1100 3068 proﬁciebat
1139 3004 1297 3051 aetate
1335 3003 1388 3050 et
1419 2993 1689 3064 sapientia
1716 3002 1767 3047 et
1790 2991 1964 3063 gratia
1993 2989 2136 3060 apud

567 3088 734 3145 Deum
773 3097 827 3143 et
864 3088 1153 3153 homines.
1200 3086 1324 3156 jsre
1360 3086 1445 3139 hic
1473 3086 1548 3138 ait
1590 3107 1604 3139 ;
1658 3103 1676 3134 ι
1699 3082 1865 3148 Deus,
1896 3080 2137 3136 docuisti

567 3196 653 3236 me
696 3196 726 3233 a
755 3181 1039 3249 juventute
1068 3193 1209 3242 mea,
1243 3185 1296 3232 et
1347 3193 1521 3246 usque
1573 3191 1719 3230 nunc
1773 3175 2139 3246 pronuntiabo

565 3270 839 3326 mirabilia
870 3278 962 3324 tua
989 3287 1004 3338 ;
1033 3288 1051 3321 ι
1084 3272 1229 3339 quod
1262 3269 1426 3322 etiam
1461 3283 1628 3338 penes
1657 3268 1957 3337 discipulos
1986 3282 2135 3322 meos

2233 2075 2326 2128 τοῦ
2356 2076 2449 2131 νῦν
2473 2078 2756 2148 ἀναγγελῶ
2782 2080 2851 2132 τὰ
2879 2079 3157 2151 θαυμάσιά
3182 2098 3301 2133 σου.
3321 2102 3339 2133 ι
3364 2082 3539 2144 Μόνος
3570 2086 3597 2135 6
3623 2083 3815 2154 Σωτὴρ

2232 2164 2323 2217 τὸν
2351 2166 2567 2237 Πατέρα
2599 2168 2918 2222 διδάσκαλον
2948 2171 3345 2242 ἐπιγράφεται·
3371 2172 3559 2243 διόπερ
3591 2175 3639 2226 oi
3667 2177 3725 2226 ἐν
3746 2179 3818 2246 τῇ

2234 2258 2450 2329 πατρίδι
2484 2258 2647 2313 αὐτοῦ
2673 2260 2888 2329 ἔλεγον·
2931 2280 2949 2311 ι
2988 2261 3157 2314 Πόθεν
3190 2262 3364 2332 τούτῳ
3396 2265 3546 2316 πᾶσα
3591 2267 3625 2335 ἡ
3656 2266 3817 2333 σοφία

2234 2348 2372 2419 αὕτη
2404 2350 2495 2402 καὶ
2521 2353 2574 2403 αῖ
2608 2351 2864 2421 δυνάμεις
2889 2369 2901 2417 ;
2928 2354 3039 2423 Οὐχ
3070 2350 3223 2415 οὗτός
3263 2356 3409 2407 ἐστιν
3439 2355 3467 2406 6
3500 2355 3596 2407 τοῦ
3628 2357 3820 2411 τέκτο-

2234 2459 2323 2503 νος
2367 2443 2512 2507 υἱός;
2554 2461 2571 2493 ι
2615 2444 2848 2514 ᾚδεσαν
2904 2444 3011 2517 γὰρ
3050 2445 3297 2517 ἀκριϐῶς
3350 2446 3423 2517 μὴ
3474 2447 3822 2513 διδασκάλοις

2234 2534 2541 2605 ἀνθρώποις
2575 2537 2985 2608 προσεσχηκότα
3014 2538 3197 2591 αὐτόν.
3248 2538 3401 2590 Ἐπεὶ⁴
3428 2539 3628 2601 τοίνυν,
3683 2558 3822 2611 μορ-

2238 2628 2343 2700 φὴν
2373 2627 2557 2681 δούλου
2582 2626 2780 2692 λαϐὼν,
2816 2627 2909 2680 καὶ
2938 2630 3176 2698 σχήματι
3217 2627 3459 2699 εὑρεθεὶς
3488 2629 3564 2693 ὡς
3602 2615 3822 2701 ἂνθρω-

2238 2735 2355 2783 πος,
2388 2717 2485 2789 τὴν
2511 2717 2763 2787 παιδικὴν
2786 2717 2998 2788 διῆλθεν
3027 2718 3242 2791 ἠλικίαν
3262 2759 3276 2783 ,
3314 2720 3408 2772 καὶ
3438 2720 3536 2791 τῆς
3567 2721 3821 2791 νεότητος

2236 2808 2332 2880 τὴν
2358 2808 2504 2880 ὥραν
2543 2810 2741 2880 ὁμοίως
2768 2811 2899 2881 ἡμῖν
2932 2810 3249 2880 ὑπέμεινενο
3283 2812 3405 2864 οὔτε
3437 2813 3492 2865 δὲ
3517 2813 3819 2885 διατριϐαῖς

2238 2902 2560 2972 προσέσχεν,
2578 2900 2701 2954 οὔτε
2725 2901 3065 2967 διδασκάλοις
3091 2904 3230 2957 κατά
3266 2904 3456 2957 τοῦτον
3480 2905 3571 2957 τὸν
3603 2908 3816 2977 χρόνον,

2238 2994 2461 3064 δυνάμει
2493 2993 2549 3046 δὲ
2593 2993 2745 3065 θεῖκῇ
2774 2994 3112 3065 προέκοπτεν
3148 2996 3333 3068 ἡλικίᾳ
3369 2998 3464 3050 καὶ
3506 3000 3692 3069 σοφίᾳ,
3728 3001 3821 3052 καὶ

2239 3086 2419 3156 χάριτι
2467 3084 2616 3154 παρά
2642 3084 2761 3154 Θεῷ
2790 3085 2884 3137 καῖ⁸
2932 3083 3272 3155 ἀνθρώποις·
3314 3087 3541 3150 εἰκότως
3586 3088 3824 3142 ἐνταῦθά

2242 3194 2431 3249 φησιν’
2469 3195 2487 3227 ‹
2543 3177 2601 3229 Ὁ
2628 3176 2779 3241 Θεὸς,
2816 3177 3060 3242 ὲδίδαξάς
3096 3195 3161 3247 με
3192 3180 3255 3231 ἐκ
3285 3180 3536 3249 νεότητός
3567 3198 3692 3251 μου,
3729 3182 3823 3233 καὶ

2244 3270 2406 3339 μέχρι
2429 3270 2521 3323 τοῦ
2548 3269 2640 3323 νῦν
2667 3269 2953 3338 ἀναγγελῶ
2984 3270 3051 3324 τὰ
3075 3271 3356 3342 θαυμάσιά
3385 3289 3477 3324 σου
3504 3290 3516 3302 ·
3546 3290 3564 3323 ι
3587 3272 3684 3325 καὶ
3711 3276 3822 3334 τοῖς

566 3369 816 3417 servetur
846 3376 1021 3431 usque
1054 3363 1121 3413 ad
1149 3359 1681 3413 consummationem
1712 3358 1932 3413 sazculi:
1970 3366 2044 3420 et,
2077 3364 2134 3411 ut

2238 3364 2389 3433 ἐμοῖς
2420 3362 2716 3432 φυλαχθείη
2747 3362 3011 3434 μαθηταξ
3043 3363 3204 3435 μέχρι
3231 3364 3541 3428 συντελείας
3564 3364 3659 3417 τοῦ
3694 3361 3821 3414 ιιῖῶ-

566 3453 765 3511 dixerit
802 3453 1100 3523 quispiam,
1132 3466 1304 3521 usque
1338 3450 1405 3503 ad
1462 3458 1822 3515 senectutem,
1856 3457 1910 3504 et
1939 3448 2006 3502 ad
2047 3465 2142 3504 us-

566 3558 673 3614 que
708 3549 1041 3613 postremam
1088 3540 1639 3602 consummationem,
1693 3548 1746 3594 te
1792 3553 2011 3593 rursum
2041 3537 2137 3593 de-

566 3650 783 3706 precor,
824 3633 992 3699 Deus,
1028 3648 1095 3688 ne
1130 3647 1217 3687 me
1268 3631 1656 3702 derelinquas;
1689 3630 1785 3686 sed
1817 3631 1953 3684 mihi
1988 3629 2137 3685 adsis

567 3741 632 3781 ac
665 3741 763 3799 per
796 3741 884 3781 me
928 3724 1198 3778 mirabilia
1228 3731 1318 3776 tua
1364 3722 1630 3792 opereris,
1681 3739 1699 3771 ι
1723 3720 1895 3776 donec
1928 3735 2142 3774 annun-

565 3821 693 3875 tiem
728 3820 1009 3874 brachium
1054 3825 1206 3870 tuum
1246 3815 1591 3886 generationi
1637 3814 1807 3877 omni,
1846 3830 1968 3883 qua:
1999 3829 2136 3868 vcn-

566 3922 689 3968 tura
720 3920 821 3968 est.
841 3935 860 3963 ι
888 3910 1022 3965 Nam
1054 3924 1319 3980 prmsens,
1350 3908 1550 3979 inquit,
1573 3910 1855 3977 generatio
1892 3915 2139 3961 tortuosa

564 4014 649 4059 est
671 4016 723 4060 et
751 4018 1034 4075 perversa,
1079 4001 1355 4072 generatio
1409 4002 1555 4053 mala
1589 4008 1644 4054 et
1672 4000 1948 4054 adultera.
1985 3997 2138 4063 Qua-

567 4104 790 4168 propter
830 4095 885 4147 in
938 4093 1122 4146 futura
1172 4092 1525 4162 generatione
1588 4090 1927 4144 annuntiabo
1997 4106 2013 4139 ι
2043 4104 2139 4158 ρος

567 4188 793 4244 tentiam
831 4196 979 4240 tuam
1011 4192 1065 4239 et
1111 4184 1383 4255 justitiam
1432 4191 1605 4247 tuam,
1639 4182 1805 4246 Deus,
1854 4197 2029 4251 usque
2080 4181 2137 4235 in

567 4272 866 4338 altisnima,
892 4282 945 4326 et
969 4287 1090 4341 quae
1120 4271 1297 4326 fecisti
1332 4271 1650 4341 magnaiia.»
1682 4270 1764 4324 Tu
1796 4271 1930 4340 ipse,
1956 4269 2135 4336 Pater,

569 4381 664 4437 per
697 4381 784 4420 me
813 4365 928 4419 hac
955 4364 1235 4428 omnibus,
1270 4365 1364 4434 qui
1398 4371 1523 4435 post
1570 4362 1739 4416 futuri
1775 4372 1905 4418 sunt
1962 4362 2139 4416 homi«

568 4459 750 4522 nibus,
782 4466 836 4514 et
864 4465 1109 4513 ventura:
1146 4458 1484 4530 generationi
1518 4455 1889 4518 annuntiabis.
1921 4464 1973 4511 et
2001 4472 2138 4526 pra:-

565 4551 842 4608 dicabitur
864 4552 1079 4623 justitia
1108 4560 1204 4607 tua
1237 4565 1409 4621 usque
1438 4553 1493 4605 in
1524 4550 1813 4605 altissima.
1846 4549 1979 4603 Nam
2012 4564 2137 4602 cum

565 4645 603 4699 ii
635 4646 726 4715 qui
755 4644 807 4698 in
838 4652 987 4699 terra
1006 4652 1157 4709 sunt,
1181 4645 1410 4698 salutem
1432 4651 1855 4712 consequentur,
1879 4642 2135 4712 gaudium

564 4737 669 4790 erit
705 4739 760 4790 in
807 4736 986 4799 cozlis,
1017 4736 1246 4806 angelis,
1278 4734 1372 4803 qui
1423 4734 1477 4787 in
1537 4734 1821 4788 altissimis
1862 4732 2131 4795 habitant,

566 4828 851 4881 hominum
890 4827 1052 4881 saluti
1102 4826 1525 4896 gratulantibus.
1569 4824 1859 4879 Senectam
1915 4837 2047 4879 vero
2076 4833 2130 4877 et

569 4921 782 4975 senium
818 4933 887 4971 ne
934 4920 1213 4973 cunctcris
1260 4919 1465 4980 dicere,
1500 4933 1619 4973 esse
1648 4916 2049 4984 discipulorum
2083 4926 2139 4968 et

568 5009 827 5064 Ecclesia:
881 5010 1055 5079 ipsius
1089 5011 1504 5079 perfectionem.
1567 5010 1623 5062 Si
1660 5024 1898 5077 namque
1928 5020 2133 5075 corpus

568 5103 687 5170 ejus
718 5102 958 5157 Ecclesia
974 5113 1077 5171 est,
1103 5114 1159 5158 ut
1186 5105 1370 5158 docuit
1390 5103 1683 5173 Apostolus
1719 5102 1939 5155 dicens:
1981 5117 1999 5150 ι
2030 5098 2140 5152 Vos

569 5200 749 5247 autem
779 5194 913 5250 estis
936 5210 1137 5266 corpus
1167 5194 1371 5250 Christi
1398 5205 1452 5250 et
1475 5193 1714 5248 membra
1736 5207 1803 5247 ex
1828 5198 1982 5261 parte
2001 5190 2083 5257 9';
2112 5209 2131 5241 ι

570 5300 697 5355 pars
732 5285 990 5342 Ecclesiae
1038 5296 1091 5343 et
1142 5290 1355 5343 senium
1403 5288 1524 5356 ejus
1571 5296 1881 5357 opportune
1919 5285 2139 5339 dicatur

568 5390 711 5440 esse,
769 5377 890 5447 ejus
950 5379 1003 5431 in
1046 5379 1300 5448 praesenti
1348 5379 1459 5431 vita
1513 5378 1815 5431 secundum
1878 5376 2133 5429 virtutem

568 5471 989 5534 consummatio,
1041 5478 1167 5538 post
1209 5484 1375 5539 quam
1434 5458 1613 5523 exuta
1657 5467 1874 5522 mortali
1930 5481 1994 5520 ac
2029 5474 2138 5520 ter—

571 5573 700 5611 rena
739 5559 870 5621 vita,
903 5558 1113 5613 ccclesti
1160 5560 1447 5614 mansione
1479 5558 1722 5628 dignata,
1755 5566 1810 5612 et
1840 5557 2138 5624 conjuncta

570 5644 829 5703 Ecclesia:
880 5647 1378 5719 primogenitorum,
1418 5649 1823 5718 descriptorum
1865 5648 1920 5701 in
1956 5646 2133 5709 caelis,

642 5805 686 5834 "
719 5801 926 5855 Malach
993 5818 1030 5869 ι,
1063 5804 1147 5863 Η,
1228 5805 1274 5837 ’⁸
1312 5802 1500 5860 Matth.
1532 5818 1653 5869 xm,
1680 5802 1866 5860 56-55.

2241 3472 2330 3517 νος
2350 3472 2363 3484 ·
2390 3456 2484 3507 καὶ
2512 3455 2586 3517 ὡς
2612 3455 2676 3507 ἀν
2706 3472 2791 3519 τις
2815 3455 2979 3520 εἴποι,
3019 3457 3178 3527 μέχρι
3215 3458 3401 3528 γήρως
3455 3459 3551 3511 καὶ
3590 3457 3694 3525 τῆς
3740 3458 3820 3518 είς

2242 3548 2408 3618 ἄκρον
2434 3546 2782 3612 τελειώσεως,
2817 3548 2876 3600 σὲ
2910 3549 3071 3601 πάλιν
3101 3549 3190 3603 τὸν
3210 3549 3341 3603 Θεὸν
3370 3550 3597 3603 ἱκετεύω
3637 3550 3711 3620 μή
3754 3564 3819 3618 με

2243 3640 2651 3709 ἐγκαταλιπεῖν,
2688 3644 2923 3695 συνεῖναι
2954 3641 3013 3695 δέ.
3044 3659 3131 3711 μοι
3160 3641 3254 3695 καὶ
3285 3642 3353 3694 τά
3397 3642 3681 3711 θαυμάσια
3728 3657 3821 3693 σου

2242 3732 2480 3801 ἐνεργεῖν
2501 3730 2569 3783 δι’
2604 3729 2758 3800 ἐμοῦ,
2797 3749 2814 3780 ι
2848 3730 2952 3794 ἓως
2985 3730 3294 3798 ἀναγγείλω
3319 3730 3407 3781 τὸν
3443 3727 3707 3800 βραχίονά
3726 3743 3821 3779 σου

2240 3825 2305 3892 τῇ
2336 3824 2497 3893 γενεᾷ
2523 3823 2673 3895 πάσῃ
2688 3824 2754 3893 τῇ
2783 3821 3107 3893 ἐρχομένῃ.»
3128 3823 3191 3875 Ἡ
3216 3822 3323 3894 γὰρ
3348 3820 3462 3884 νῦν,
3494 3821 3651 3890 φησὶ,
3682 3836 3823 3891 παρ-

2240 3915 2375 3968 οῦσα
2416 3914 2579 3983 γενεά
2633 3914 2820 3967 σκολιὰ
2852 3915 3111 3985 τυγχάνει
3138 3916 3230 3967 καὶ
3258 3912 3686 3984 διεστραμμένη,
3726 3912 3823 3964 καὶ

2240 4004 2399 4073 γενεά
2429 4003 2639 4075 πονηρά
2660 4002 2755 4055 καὶ
2784 4002 3051 4073 μοιχαλίς.
3100 4003 3191 4056 Διὸ
3230 4006 3296 4073 τῇ
3343 4003 3504 4071 γενεᾷ
3550 4004 3617 4071 τῇ
3668 4002 3824 4071 ἐρχο-

2242 4097 2379 4175 μένῃ
2407 4095 2703 4165 ἀπαγγελῶ
2743 4115 2761 4146 ι
2785 4094 2882 4168 τὴν
2913 4095 3235 4148 δυναστείαν
3262 4111 3355 4147 σου
3383 4094 3479 4146 καὶ
3500 4093 3599 4163 τὴν
3618 4091 3825 4144 δικαιο-

2241 4170 2407 4259 σύνην
2434 4204 2550 4251 σου,
2579 4188 2607 4238 6
2635 4185 2789 4251 Θεὸς,
2820 4188 2923 4250 ἕως
2949 4186 3057 4239 τῶν
3081 4186 3338 4255 ὑψίστων,
3383 4184 3419 4238 ἆ
3461 4201 3521 4236 τε
3561 4184 3824 4253 ἐποίησας

2242 4280 2521 4350 μεγαλεῖα.
2554 4298 2573 4331 ι
2608 4279 2677 4331 Σὺ
2700 4279 2860 4342 αὐτὸς
2884 4281 2912 4332 ὁ
2940 4279 3150 4351 Πατὴρ,
3182 4278 3247 4332 δι’
3289 4276 3421 4348 ἐμοῦ
3458 4276 3632 4329 ταῦτα
3688 4277 3823 4328 πᾶσι

2237 4377 2351 4437 τοῖς
2376 4371 2512 4443 μετά
2537 4372 2710 4426 ταῦτα
2744 4372 3131 4443 γενησομένοις
3157 4370 3464 4441 ἀνθρώποις
3493 4370 3589 4421 καὶ
3631 4368 3700 4438 τῇ
3726 4383 3822 4433 γε-

2238 4466 2334 4535 νεᾷ
2360 4467 2424 4535 τῇ
2482 4463 2749 4535 ἐρχομένῃ
2792 4462 3158 4531 ἀπαγγελεῖς,
3206 4463 3299 4515 καὶ
3348 4459 3757 4531 κηρυχθήσεται
3788 4460 3823 4529 ἠ

2238 4557 2552 4628 δικαιοσύνη
2575 4572 2668 4610 σου
2690 4558 2793 4620 ἓως
2815 4556 2922 4611 τῶν
2950 4555 3208 4625 ύψίστων.
3231 4553 3558 4623 Σωζομένων
3582 4552 3694 4623 γάρ
3716 4551 3828 4603 τῶν

2242 4649 2336 4701 ἐπὶ
2368 4648 2496 4719 γῆς,
2527 4647 2671 4719 χαρά
2704 4647 2855 4701 ἔσται
2887 4649 2944 4701 ὲν
2978 4648 3248 4717 οὐρανοῖς,
3285 4643 3690 4715 συγχαιρόντων
3713 4641 3828 4694 τῶν

2239 4739 2297 4790 ὲν
2323 4740 2435 4800 τοῖς
2469 4736 2713 4807 ὑψίστοις
2748 4735 3041 4789 οίκούντων
3069 4735 3315 4804 ἀγγέλων
3356 4736 3422 4804 τῇ
3450 4733 3561 4785 τῶν
3607 4731 3831 4803 ἀνθρὼ-

2239 4839 2358 4875 πων
2380 4823 2643 4894 σωτηρίᾳ.
2674 4824 2855 4894 Γῆρας
2875 4824 2931 4875 δὲ
2959 4826 3053 4876 καὶ
3083 4824 3349 4894 πρεσϐεία
3372 4824 3446 4895 μὴ
3468 4822 3617 4875 δκνει
3648 4823 3831 4888 λέγειν

2240 4912 2336 4984 τὴν
2366 4914 2679 4986 τελειότητα
2710 4916 2817 4968 τῶν
2846 4915 3009 4969 αὑτοῦ
3043 4916 3298 4986 μαθητῶν
3328 4917 3420 4969 καὶ
3448 4915 3544 4984 τῆς
3600 4908 3829 4976 Ἐκκλη-

2244 5006 2364 5070 σίας
2387 5008 2572 5062 αὐτοῦ.
2606 5008 2669 5061 El
2697 5009 2806 5079 γάρ
2843 5008 3000 5079 σῶμα
3022 5007 3187 5060 αὑτοῦ
3218 5010 3252 5079 η
3295 4998 3587 5069 ’Ἐκκλησία
3619 5001 3827 5069 Tuni-

2240 5115 2341 5162 νει,
2364 5098 2439 5162 ὡς
2466 5098 2703 5166 ἐδίδαξεν
2727 5100 2756 5152 6
2799 5088 3299 5153 Ἀπόστολοςείπιδν
3316 5106 3330 5119 ⁸
3360 5108 3378 5140 ί
3402 5089 3589 5159 Ὑμεῖς
3610 5090 3669 5143 δέ
3696 5094 3825 5143 ἐστε

2244 5190 2403 5261 σῶμα
2451 5192 2686 5262 Χριστοῦ
2733 5194 2827 5238 ut
2863 5184 2999 5255 μέλη
3052 5187 3115 5237 ὲκ
3170 5183 3397 5254 μέρους
3438 5202 3457 5234 ι
3499 5179 3670 5254 μέρος
3720 5186 3826 5255 τῆς

2256 5281 2575 5350 Ἐκκλησίας
2609 5279 2703 5331 καὶ
2727 5278 3010 5349 πρεσϐεῖον
3038 5274 3207 5344 αὐτῆς
3251 5274 3445 5343 λέγοιτ’
3486 5275 3553 5328 ἂν
3593 5276 3824 5338 εἰκότως

2241 5375 2274 5441 ἡ
2303 5371 2423 5425 κατ’
2453 5369 2653 5441 ἀρετὴν
2675 5366 2770 5439 τὴν
2803 5370 2859 5420 ὲν
2887 5367 2964 5438 τῷ
2991 5366 3216 5437 παρόντι
3241 5367 3340 5437 βίῳ
3368 5365 3673 5429 τελείωσις,
3698 5366 3806 5435 μεθ

2242 5464 2329 5534 ἣν,
2367 5462 2555 5534 ὥσπερ
2576 5459 2961 5530 ἀποδυσαμένη
2987 5458 3077 5511 τὸν
3096 5460 3185 5511 ἐπὶ
3204 5459 3305 5529 γῆς
3324 5458 3515 5529 θνητὸν
3539 5457 3672 5527 βίον,
3695 5458 3823 5511 ἀνα

2240 5555 2647 5624 καινισθήσεται
2675 5552 2774 5622 τῆς
2803 5550 3056 5620 οὐρανίου
3091 5550 3366 5622 διατριϐῆς
3414 5550 3813 5619 καταξιωθησο

2244 5646 2404 5715 μένη,
2444 5644 2825 5716 συναπτομένη
2855 5659 2913 5695 τε
2943 5644 3008 5713 τῇ
3044 5640 3335 5713 Ἐκκλησία
3382 5641 3489 5695 τῶν
3541 5640 3823 5711 πρωτοτό-

1947 5804 1989 5835 ”
2021 5803 2035 5856 Ι
2066 5804 2192 5856 Cor.
2217 5816 2317 5867 xu,
2347 5800 2436 5854 27.
