4068 6528
290 351 395 407 785

1425 342 1926 400 COMMENTARIA
1960 340 2029 395 IN
2064 336 2404 399 PSALMOS.

3449 334 3551 392 786

286 486 401 525 κων
427 466 536 521 τῶν
570 464 1085 538 ἀπογεγραμμένων
1110 463 1168 517 ἐν
1189 460 1460 534 οὐρανοῖς.
1487 463 1644 519 Οῦτω
1664 465 1858 535 νοήσειε

1984 461 2358 517 renovabitur.
2404 456 2497 513 Sic
2527 458 2654 511 item
2701 456 2975 527 intelligas
3005 455 3151 527 quod
3186 454 3440 527 superius
3468 456 3552 510 di-

288 560 388 616 καὶ⁵
412 561 474 615 τὸ
501 559 759 631 ἀνωτέρω
783 557 1107 630 λελεγμένον
1147 559 1205 611 ἐν
1234 554 1332 627 τῷ,
1373 575 1391 607 ι
1430 555 1522 628 Μὴ
1565 555 1877 628 ἀπορρίψῃς

289 667 360 721 με
398 653 479 714 είς
511 650 701 723 καιρὸν
721 650 930 721 γήρως,
962 651 1020 702 ἐν
1051 647 1129 719 τῷ
1157 646 1429 701 ἐκλείπειν
1454 647 1552 717 τήν
1590 644 1742 715 ἰσχύν
1773 662 1874 715 μου

290 743 368 814 μὴ
413 740 785 814 ἐγκαταλίπῃς
823 758 910 812 με.
965 758 985 793 ι
1036 739 1197 794 Κατά
1247 738 1357 811 γὰρ
1413 737 1607 809 ἑτέραν
1651 737 1876 809 ἐκδοχὴν

287 832 652 906 ὑπερεύχεται
690 833 789 903 τῆς
844 831 1171 901 Ἐκκλησίας
1218 827 1419 892 αὐτοῦ,
1460 828 1547 883 ἴνα
1591 828 1650 880 ἐν
1698 825 1874 899 καιρῷ

284 925 386 996 τῆς
416 925 558 980 κατά
589 924 692 996 γῆν
722 923 1066 996 μακρότητος
1089 923 1165 994 μὴ
1190 920 1557 994 ἀπορῤιφθείη
1580 937 1593 950 ·
1628 922 1675 974 εἰ
1698 920 1754 974 δέ
1780 919 1873 973 καὶ

282 1016 406 1070 τότε
434 1016 678 1071 ἐκλείπει
707 1017 741 1086 ή
779 1015 932 1085 ίσχὺς
954 1012 1160 1084 αὐτῆς,
1209 1012 1342 1084 μηδέ
1391 1011 1513 1065 τότε
1557 1009 1872 1079 ἐγκαταλει-

281 1110 467 1184 φθείη.
498 1110 797 1183 Συμϐαίνει
829 1109 940 1181 γὰρ
970 1106 1231 1171 πολλάκις
1260 1089 1538 1159 ἐκλείπειν
1566 1102 1710 1158 κατὰ
1746 1103 1871 1165 τοὺς

279 1205 511 1277 καιροὺς
559 1203 668 1257 τῶν
715 1201 971 1274 διωγμῶν
1000 1241 1014 1265 ,
1060 1198 1282 1253 ἐπειδὰν
1305 1199 1354 1252 οἱ
1400 1195 1587 1250 πολλοὶ
1627 1193 1722 1249 τοῦ
1768 1193 1873 1247 σὼ·

278 1314 455 1368 ματος
506 1297 606 1365 τῆς
662 1294 985 1365 Ἑκκλησίας
1026 1294 1092 1347 δι’
1142 1290 1424 1346 ἀσθένειαν
1483 1288 1715 1352 πίστεως
1791 1287 1873 1354 ἐξ·

274 1388 570 1460 ομνύονται
601 1387 700 1459 τὴν
739 1390 941 1443 πίστιν.
983 1387 1093 1440 Καὶ
1143 1386 1353 1457 μήποτε
1400 1381 1575 1437 ταῦτα
1627 1378 1870 1450 ἀναπέμ-

278 1460 441 1535 πεται
462 1483 554 1535 ἐπὶ
590 1482 683 1536 τὸν
712 1481 901 1552 καιρὸν
922 1479 1024 1550 τῆς
1056 1476 1413 1539 ἀποστασίας,
1431 1475 1561 1545 περὶ
1588 1466 1649 1528 οῦ
1672 1471 1864 1543 καιροῦ

270 1576 304 1627 0
346 1573 669 1638 Ἀπόστολος
723 1572 969 1628 ἐδίδασκε
1022 1571 1226 1639 λέγων’
1278 1587 1297 1621 ι
1346 1566 1470 1621 Ἐἀν
1524 1565 1598 1638 μὴ
1650 1562 1779 1637 ἔλθῃ
1832 1564 1866 1635 ἡ

275 1666 582 1721 ἀποστασία
644 1665 860 1739 πρῶτον
884 1706 900 1727 ,
972 1664 1065 1718 καὶ
1148 1661 1508 1731 ἀποκαλυφθῇ
1581 1657 1867 1729 ἄνθρωπος

272 1756 374 1828 τῆς
427 1758 742 1829 ἁμαρτίας,
805 1758 835 1809 0
890 1756 1019 1820 Υἱὸς
1074 1755 1175 1825 τῆς
1227 1752 1524 1816 ἀπωλείας.
1589 1770 1607 1802 ι
1665 1747 1866 1803 Τοῦτον

1978 554 2162 607 citur:
2207 550 2326 606 «Ne
2367 549 2630 621 projicias
2687 564 2774 603 me
2822 550 2877 604 in
2926 556 3175 619 tempere
3223 548 3546 610 senectutis,

1977 667 2101 708 cum
2125 649 2343 706 deﬁciet
2377 649 2551 703 virtus
2590 661 2731 715 mea,
2763 662 2831 702 ne
2861 646 3210 716 derelinquas
3235 660 3374 701 me.»
3410 642 3546 699 Nam

1976 740 2281 799 secundum
2334 740 2496 794 aliam
2548 739 2947 810 expositionem
2988 753 3089 808 pro
3150 736 3394 792 Ecclesia
3445 752 3547 794 sua

1976 842 2253 906 precatur,
2286 844 2344 888 ut
2377 849 2446 891 ne
2471 834 2529 888 in
2565 840 2808 904 tempore
2855 840 3090 888 terrena:
3139 831 3289 887 illius
3325 830 3548 886 diutur-

1975 926 2166 980 nitatis
2208 925 2552 996 projiciatur.
2602 923 2757 991 Quod
2814 924 2863 980 si
2912 932 3045 979 tunc
3098 922 3317 978 deficiat
3370 922 3547 981 virtuts

1973 1018 2117 1086 ejus,
2152 1026 2310 1089 rogat
2350 1024 2411 1073 ut
2442 1033 2513 1074 ne
2551 1017 2633 1073 sic
2675 1017 2895 1088 quidem
2931 1016 3371 1086 derelinquatur.
3410 1014 3555 1070 Con-r

1972 1111 2135 1181 tingit
2187 1112 2331 1167 enim
2390 1112 2734 1183 plerumque,
2787 1117 2850 1166 ut
2903 1110 3357 1181 persecutionum
3404 1117 3544 1164 tem-

1968 1220 2106 1275 pore
2135 1204 2376 1267 deficiat,
2413 1218 2541 1258 cum
2582 1204 2737 1257 multi
2773 1219 2837 1259 ex
2872 1202 3132 1259 Ecclesiae
3178 1216 3409 1273 corpore
3475 1201 3545 1256 ob

1971 1293 2097 1350 fidei
2129 1294 2527 1362 inﬁrmitatem,
2569 1310 2689 1350 eam
2736 1294 3013 1364 abjurant.
3054 1293 3195 1350 Num
3244 1293 3386 1349 forte
3430 1293 3545 1349 bzec

1970 1386 2257 1444 referenda
2300 1388 2371 1444 ad
2410 1395 2629 1459 tempus
2664 1386 3015 1453 defectionis,
3051 1387 3121 1444 de
3170 1403 3281 1459 quo
3311 1389 3547 1459 Aposto-

1969 1481 2057 1538 lus
2108 1482 2223 1538 baac
2278 1482 2501 1538 docuit:
2554 1481 2715 1536 «Nisi
2756 1481 2968 1537 venerit
3002 1480 3240 1537 defectio
3284 1482 3542 1551 primum,

1966 1581 2023 1629 et
2055 1574 2334 1630 revelatus
2392 1573 2559 1629 fuerit
2610 1574 2774 1629 homo
2821 1574 3055 1644 peccati,
3092 1573 3239 1630 lilius
3286 1573 3545 1644 perditio-

1967 1666 2170 1723 nis’h
2216 1664 2331 1722 Hoc
2360 1680 2488 1722 vero
2523 1674 2743 1735 tempus
2790 1664 3051 1722 Servator
3096 1665 3400 1724 declaravit
3435 1665 3522 1721 bis

1966 1760 2176 1817 verbis:
2208 1779 2225 1812 ι
2248 1758 2389 1815 Num
2413 1760 2640 1815 veniens
2666 1758 2837 1816 Filius
2860 1760 3102 1815 hominis
3122 1760 3362 1818 inveniet
3381 1759 3545 1816 fidem

268 1847 330 1900 δὲ
388 1849 479 1903 τὸν
540 1850 732 1921 καιρὸν
806 1850 835 1903 0
883 1849 1075 1921 Σωτὴρ
1133 1846 1322 1919 ἐδήλου
1376 1844 1550 1915 λέγων
1574 1859 1591 1872 ·
1656 1860 1675 1894 ι
1710 1838 1858 1913 Ἀρα

1961 1869 2128 1924 super
2160 1863 2358 1909 terram
2382 1854 2461 1908 "1
2488 1872 2507 1906 ι
2540 1863 2594 1909 et
2626 1869 2858 1910 rursum
2885 1873 2900 1910 :
2931 1872 2950 1907 ι
2979 1853 3048 1909 Et
3078 1854 3339 1926 quoniam
3369 1854 3548 1909 abun-

270 1939 448 1995 ἐλθὼν
502 1943 532 1994 0
581 1942 708 2006 Υἱὸς
752 1942 848 1996 τοῦ
896 1939 1185 2013 ἀνθρώπου
1246 1939 1469 2010 εὑρήσει
1525 1938 1627 2010 τὴν
1677 1936 1862 1990 πίστιν

268 2032 367 2085 ἐπὶ
394 2033 496 2104 τῆς
525 2034 663 2106 γῆς;
692 2054 709 2085 ι
742 2035 852 2088 Καὶ
901 2034 1062 2089 πάλιν
1086 2051 1102 2065 ο
1153 2053 1172 2085 ι
1200 2032 1298 2087 Διά
1324 2033 1381 2087 δέ
1409 2032 1471 2086 τὸ
1495 2029 1864 2101 πληθυνθῆναι

266 2126 371 2195 τὴν
398 2126 652 2197 ἀνομίαν,
677 2126 982 2199 ψυγήσεται
1014 2129 1047 2198 ή
1079 2126 1266 2197 ἀγάπη
1299 2125 1408 2179 τῶν
1432 2122 1663 2178 πολλῶν.
1689 2142 1707 2174 ι
1729 2122 1861 2176 Τότε

264 2218 381 2289 γὰρ
412 2218 568 2271 ἔσται
608 2219 876 2291 γηραλέον
910 2220 1003 2273 καὶ
1037 2218 1261 2281 ἀσθενὲς
1292 2218 1353 2271 τὺ
1401 2217 1559 2288 σῶμα
1600 2215 1700 2286 τῆς
1741 2216 1862 2269 Ἐκ-

265 2310 522 2380 κλησίας.
542 2310 681 2364 Ἀλλ’
708 2312 794 2366 ἵνα
830 2311 966 2384 μηδὲ
1004 2312 1123 2364 τότε
1167 2311 1373 2382 ἕρημος
1413 2308 1799 2379 καταλειφθείη
1831 2309 1861 2360 0

265 2402 399 2466 λαὸς
430 2402 617 2467 αὐτοῦ,
654 2405 967 2473 ἀναγκαίως
1008 2404 1107 2469 τὰς
1146 2404 1511 2477 προκειμένας
1543 2403 1858 2473 ἀναπέμπει

267 2494 487 2561 φωνάς·
527 2514 545 2545 ι
570 2495 627 2548 Ὀ
662 2494 813 2559 Θεὸς,
849 2495 933 2558 τίς
958 2496 1356 2569 ὁμοιωθήσεται
1384 2513 1495 2561 σοις
1523 2496 1691 2558 Ὅσας
1724 2494 1860 2547 ἔδει·

264 2586 370 2651 ξὰς
422 2603 511 2657 μοι
564 2586 772 2656 θλίψεις
816 2589 1018 2654 πολλὰς
1070 2589 1165 2643 καὶ
1212 2589 1393 2655 κακὰς
1420 2608 1439 2641 ι
1485 2588 1578 2643 καὶ
1610 2588 1676 2643 τὰ
1705 2587 1853 2657 ἑξῆς.

267 2677 412 2741 Τοὺς
436 2679 686 2750 ἀκριϐεῖς
718 2680 912 2753 λόγους
944 2681 1067 2737 καθ’
1101 2681 1194 2745 οὓς
1218 2683 1246 2735 0
1276 2681 1408 2744 Θεὸς
1436 2680 1531 2735 τοῦ
1569 2680 1696 2734 ίδίου
1724 2679 1855 2733 Υίοῦ

262 2771 371 2825 οὐκ
423 2774 696 2842 ἐφείσατο,
740 2774 855 2829 ἀλλ’
884 2776 1027 2848 ὑπὲρ
1070 2780 1102 2847 ή
1113 2776 1229 2847 μῶν
1273 2776 1491 2829 πάντων
1543 2774 1861 2845 παρέδωκεν

265 2864 454 2928 αὐτὸν,
492 2866 566 2937 μή
618 2867 816 2936 γνόντα
865 2886 925 2922 τε
972 2869 1136 2923 αὐτὸν
1184 2868 1459 2940 ἁμαρτίαν
1512 2867 1649 2940 ὑπὲρ
1698 2866 1858 2938 ήμῶν

268 2958 546 3030 ἁμαρτίαν
579 2959 857 3032 ἐποίησεν,
884 2960 1059 3025 οὐδεὶς
1090 2960 1315 3016 δύναται
1355 2959 1581 3013 διελθεῖν
1620 2960 1654 3031 ἢ
1699 2958 1859 3030 μόνος

261 3052 451 3115 αὑτός.
491 3070 511 3103 ι
538 3052 636 3116 Τίς
673 3053 782 3127 γὰρ
832 3053 974 3123 ἔγνω
1011 3052 1135 3111 νοῦν
1172 3053 1401 3126 Κυρίου,
1429 3053 1488 3117 ὃς
1530 3051 1859 3123 συμϐιϐἀσει

262 3140 462 3205 αύτόν;
494 3161 514 3192 ι
553 3142 676 3195 Οὐδ’
711 3143 778 3197 ἂν
827 3144 1078 3199 ἐπιϐάλοι
1121 3161 1205 3207 τις
1235 3146 1302 3214 τῇ
1345 3142 1441 3196 τοῦ
1484 3141 1619 3196 Θεοῦ
1654 3141 1855 3213 κρίσει,

1964 1946 2113 2002 davit
2159 1948 2441 2018 iniquitas,
2486 1946 2807 2018 refrigescet
2834 1948 3080 2003 Charitas
3120 1948 3417 2003 multorum
3445 1949 3486 2000 ¹.
3517 1965 3538 2000 ι

1962 2039 2119 2096 Tunc
2149 2041 2294 2095 enim
2324 2056 2528 2111 corpus
2559 2038 2819 2097 Ecclesiae
2845 2040 3002 2096 senio
3031 2039 3341 2097 confectum
3370 2046 3427 2094 et
3455 2039 3544 2094 in-

1963 2133 2178 2188 firmum
2214 2134 2340 2189 erit.
2378 2132 2579 2189 Verum
2620 2150 2690 2189 ne
2720 2134 2814 2188 illo
2855 2142 3105 2204 tempore
3148 2133 3403 2190 desertus
3441 2145 3545 2203 po-

1962 2226 2125 2297 pulus
2153 2225 2274 2295 ejus
2317 2227 2684 2297 relinquatur,
2729 2227 3046 2283 necessario
3090 2227 3193 2283 has
3222 2226 3431 2297 profert
3455 2242 3547 2284 νο·

1959 2334 2091 2374 ces:
2124 2337 2142 2369 ι
2172 2317 2339 2381 Deus,
2374 2318 2500 2388 quis
2540 2317 2739 2374 similis
2779 2317 2886 2373 erit
2915 2317 3056 2372 tibi?
3078 2317 3327 2384 Quantas
3356 2325 3547 2374 osten-

1961 2411 2092 2465 disti
2139 2411 2271 2466 mihi
2304 2410 2691 2467 tribulationes
2741 2411 2945 2467 multas
2976 2419 3031 2466 et
3084 2410 3258 2466 mala?
3289 2431 3308 2464 ι
3356 2420 3410 2466 et
3448 2426 3547 2467 ca:-

1959 2510 2098 2558 tera.
2132 2501 2270 2557 Nam
2312 2513 2627 2557 accuratam
2662 2502 2934 2558 rationem
2969 2517 3071 2558 cur
3099 2502 3245 2558 Deus
3272 2500 3414 2557 Filio
3443 2517 3545 2559 suo

1960 2610 2069 2650 non
2106 2596 2431 2667 pepercerit,
2469 2595 2566 2652 sed
2612 2610 2713 2666 pro
2751 2595 2915 2652 nobis
2958 2595 3215 2651 omnibus
3258 2594 3547 2651 tradiderit

1960 2687 2151 2754 illum;
2186 2701 2250 2741 ac
2272 2702 2396 2741 cum
2425 2671 2709 2757 peccatum
2737 2702 2848 2742 non
2872 2694 3081 2753 nosset,
3114 2694 3395 2757 peccatum
3419 2699 3545 2741 eum

1960 2792 2060 2848 pro
2084 2777 2245 2832 nobis
2266 2776 2530 2841 effecerit,
2563 2793 2727 2833 nemo
2749 2785 2949 2849 praeter
2971 2778 3149 2848 ipsum
3181 2778 3359 2833 solum
3382 2791 3545 2832 enar-

1958 2883 2082 2923 rare
2114 2876 2316 2939 potest.
2358 2887 2377 2920 ι
2407 2868 2545 2935 Quis
2574 2870 2721 2925 enim
2747 2870 2900 2925 novit
2924 2885 3149 2926 sensum
3185 2867 3422 2934 Domini,
3447 2869 3545 2940 qui

1961 2961 2200 3017 instruat
2238 2977 2363 3017 eum
2384 2961 2442 3015 ‘?
2471 2980 2490 3015 ι
2527 2960 2713 3033 Neque
2735 2963 2882 3017 enim
2914 2962 3039 3033 quis
3066 2962 3122 3017 in
3152 2962 3248 3017 Dei
3272 2961 3543 3030 judicium

1961 3070 2086 3112 sese
2130 3053 2429 3111 immittere
2470 3054 2690 3117 audeat,
2747 3070 2925 3125 neque
2965 3054 3199 3110 consilia
3236 3053 3545 3124 deprehen-

1961 3148 2092 3203 dere
2116 3147 2312 3218 possit,
2347 3147 2506 3217 queis
2538 3145 2833 3218 Unigenito
2882 3162 2984 3212 suo
3031 3146 3273 3203 ostendit
3318 3146 3542 3201 tribula-

258 3234 374 3287 οὐδ’
407 3234 474 3287 ἀν
526 3232 737 3306 ἐξεύροι
788 3236 917 3300 τοὺς
961 3213 1385 3307 λογισμοὺς,δι’
1419 3234 1510 3299 οὓς
1560 3234 1858 3299 ἐνεδείξατο

1959 3213 2141 3297 tiones
2173 3248 2229 3296 et
2257 3213 2429 3296 multa
2456 3241 2624 3295 mala.
2649 3213 2845 3311 Neque
2878 3240 2934 3294 in
2962 3240 3031 3296 iis
3062 3240 3241 3310 ipsum
3272 3239 3538 3302 deseruit,

263 3327 347 3397 τῷ
380 3328 679 3400 Μονογενεί
721 3328 929 3400 θλίψεις
958 3328 1161 3393 πολλὰς
1186 3329 1281 3383 καὶ
1310 3327 1455 3382 κακά
1473 3344 1487 3357 ·
1522 3330 1585 3381 οὐ
1623 3327 1721 3398 μὲν
1749 3326 1859 3380 εἴα-

267 3433 365 3470 σεν
410 3419 572 3475 αὐτὸν
615 3421 673 3473 ἐν
713 3420 931 3482 αὐταῖς’
974 3419 1090 3473 ἀλλ’
1116 3418 1448 3489 ἐπιστρέψας
1492 3415 1857 3489 ἐζωοποίησεν

258 3510 428 3563 αὑτὸν
464 3512 559 3564 καὶ
591 3514 656 3566 ἐκ
698 3511 805 3565 τῶν
848 3512 1100 3566 ἀϐύσσων
1132 3514 1231 3583 τῆς
1256 3513 1360 3584 γῆς
1394 3512 1555 3566 πάλιν
1580 3513 1856 3583 ἀνήγαγεν

260 3602 447 3656 αὐτόν.
482 3605 697 3676 Σφόδρα
729 3605 785 3659 δέ
818 3605 1062 3677 ἀκριϐῶς
1091 3607 1305 3678 εἴρηται
1333 3607 1414 3669 τὸ,
1447 3605 1726 3671 ιἘδειξάς
1765 3623 1855 3677 μοι

258 3692 475 3764 θλίψεις
502 3696 703 3760 πολλὰς
733 3696 827 3750 καὶ
855 3697 1023 3752 κακά.
1047 3717 1065 3748 ι
1087 3695 1233 3750 Ἰδὼν
1258 3694 1368 3768 γάρ
1387 3695 1488 3759 τὰς
1517 3695 1726 3766 θλίψεις
1760 3694 1854 3748 καὶ

256 3786 329 3840 τὰ
380 3786 760 3858 ὀνομαζόμενα
802 3788 979 3852 κακὰ,
1028 3789 1128 3858 οὐχ
1174 3788 1317 3842 ἑάλω
1361 3787 1451 3840 ὑπ’
1483 3786 1684 3851 αὐτῶν,
1731 3786 1854 3839 ούδέ

257 3877 472 3951 ἡττήθη
496 3897 508 3908 ·
547 3880 814 3951 κρείττων
845 3881 901 3934 δὲ
937 3881 1155 3933 πάντων
1188 3881 1502 3951 γενόμενος,
1539 3878 1743 3950 θεωρὸς
1784 3873 1853 3948 ἦν

258 3974 469 4026 αὐτῶν·
504 3973 582 4038 ὡς
623 3975 842 4029 πάντων
878 3974 1080 4045 μᾶλλον
1110 3975 1287 4026 εἰπεῖν
1310 3972 1376 4026 ἂν
1404 3973 1485 4035 τὸ,
1522 3991 1540 4023 ι
1566 3972 1654 4024 Ἑν
1690 3970 1852 4023 παντὶ

256 4065 592 4137 θλιϐόμενοι,
642 4067 756 4120 ἀλλ’
783 4068 844 4120 ού
894 4064 1415 4137 στενοχωρούμενοιο
1461 4063 1848 4136 ἀπορούμενοι,

255 4159 375 4212 ἀλλ’
408 4158 512 4213 οὐκ
559 4160 1012 4233 ἐξαπορούμενοι’
1067 4157 1551 4229 καταϐαλλόμενοι,
1600 4156 1714 4210 ἀλλ’
1750 4156 1851 4209 οὐκ

256 4252 808 4324 ἐγκαταλειπόμενοι.
843 4272 861 4304 ι
896 4251 1082 4305 Ταῦτα
1128 4250 1237 4322 γὰρ
1267 4249 1479 4314 Παῦλος
1517 4249 1613 4303 mi.
1655 4250 1704 4302 οἱ
1745 4266 1849 4301 πα·

254 4345 553 4416 ραπλήσιοι
583 4345 766 4417 ὡφὶλη
777 4346 926 4416 μένοι
954 4344 1063 4399 τὸν
1083 4342 1402 4399 διδάσκαλον
1430 4342 1635 4410 ἔλεγον.
1655 4341 1849 4396 Ἀϐύσ-

256 4454 389 4502 σους
415 4438 472 4491 δὲ
505 4438 609 4508 γῆς
637 4437 871 4491 ἐνταῦθα
915 4436 1015 4508 τὴν
1056 4434 1168 4490 τῶν
1208 4433 1579 4505 καταχθονίων
1611 4434 1715 4504 γῆν
1740 4431 1847 4504 χώ-

254 4548 363 4601 ραν
391 4530 676 4600 ὠνόμαζεν
696 4547 709 4561 ·
752 4529 780 4583 ὃ
806 4528 870 4600 δή
906 4528 1190 4600 σαφηνίζει
1222 4528 1252 4580 0
1284 4526 1603 4590 Ἀπόστολος
1629 4525 1806 4595 λέγων
1828 4543 1843 4557 ·

257 4643 279 4673 ι
309 4624 404 4694 Μὴ
436 4601 619 4693 εἴπης,
647 4623 742 4687 Τίς
770 4621 1140 4694 καταϐήσεται
1159 4623 1237 4685 είς
1263 4620 1363 4693 τὴν
1388 4619 1643 4686 ἄϐυσσον,
1689 4636 1848 4671 τουτ-

250 4715 375 4769 έστι
401 4714 635 4788 Χριστὸν
659 4718 725 4769 ἐκ
744 4715 958 4786 νεκρῶν
979 4716 1278 4784 ἀναγαγεῖν
1301 4732 1315 4779 ;
1359 4733 1377 4766 ι
1401 4709 1512 4767 Καὶ
1534 4715 1591 4765 ἐν
1613 4712 1693 4784 τῷ
1727 4710 1848 4765 Ἰὼϐ

250 4808 310 4859 δὲ
332 4811 362 4861 ό
388 4808 746 4880 χρηματίζων
772 4808 924 4877 αύτῷ
951 4807 1155 4879 Κύριος
1184 4807 1337 4876 ἔλεγε
1355 4824 1370 4837 ο
1408 4803 1640 4869 ιἯλθες
1670 4805 1727 4858 δὲ
1756 4806 1850 4858 ἐπὶ

253 4899 442 4967 πηγὴν
472 4882 767 4972 θαλάσσης,
804 4902 863 4954 ἐν
905 4901 962 4954 δὲ
1006 4900 1208 4971 ίχνεσιν
1239 4898 1477 4952 ἀϐύσσου
1511 4897 1851 4969 περιεπάτη-

255 4988 733 5056 σα;.Ἀνοίγονται
776 4994 834 5046 δέ
877 4994 1147 5064 σοι.φόϐῳ
1183 4993 1350 5047 πύλαι
1382 4993 1644 5048 θανάτου’
1679 4994 1853 5047 πυλω-

256 5082 347 5154 ροὶ
372 5079 433 5133 δὲ
466 5079 593 5151 ᾅδου
631 5080 831 5144 ἰδόντες
859 5101 918 5134 σε
950 5084 1207 5157 ἔπτηξαν.
1242 5105 1260 5137 ι
1281 5087 1338 5139 '0
1376 5087 1435 5141 δὲ
1478 5086 1647 5141 εἰπὼν
1668 5085 1854 5140 ἐνταῦ-

255 5174 352 5237 θα,
385 5190 405 5223 ι
436 5172 546 5225 Καὶ
580 5175 644 5225 ἐκ
685 5172 795 5226 τῶν
832 5172 1085 5228 ἀϐύσσων
1113 5178 1211 5243 τῆς
1241 5178 1346 5249 γῆς
1378 5180 1540 5233 πάλιν
1573 5182 1851 5252 ἀνήγαγές

260 5282 356 5337 με,
392 5284 410 5317 ι
444 5266 632 5335 σαφῶς
667 5265 906 5331 ἐδίδαξεν
937 5266 1127 5320 ἐαυτὸν
1156 5271 1582 5342 κατεληλυθέναι
1631 5275 1711 5337 εἰς
1752 5275 1852 5337 τὰς

253 5356 533 5420 ἀϐύσσους
558 5357 657 5427 τῆς
682 5357 808 5427 γῆς,
839 5360 931 5412 καὶ
965 5359 1126 5413 πάλιν
1149 5362 1554 5434 ἀνεληλυθέναι.
1586 5366 1699 5419 Ούκ
1729 5361 1849 5420 οἶδα

252 5448 316 5501 δὲ
356 5449 519 5512 εἴτις
559 5448 780 5503 δύναται
827 5452 1031 5523 ἑτέρως
1066 5455 1316 5510 ἐκλαϐεῖν
1361 5455 1592 5528 ταῦταῆ
1624 5457 1718 5510 ἐπὶ
1754 5458 1847 5513 τὸν

254 5540 493 5613 Σωτῆρα
520 5543 613 5594 καὶ
636 5541 840 5614 Κύριον
869 5544 1024 5615 ήμῶν
1044 5546 1333 5617 ἀναφέρων
1357 5550 1457 5619 τὴν
1482 5550 1841 5621 προφητείαν.

319 5718 437 5796 ."_ll
461 5718 657 5778 Thess.
692 5738 775 5796 n._
795 5723 861 5796 5._
880 5794 905 5796 _
924 5725 969 5756 ⁰⁹
1004 5725 1156 5794 Luc.,
1181 5744 1333 5796 xvnl,
1357 5732 1407 5788 3.

256 5786 674 5859 ‘Job,.\xxvm,
719 5793 801 5860 lli,
845 5793 929 5847 Π.

1956 3333 2053 3391 sed
2084 3347 2390 3389 conversus
2424 3332 2727 3388 vivificavit
2750 3348 2899 3397 eum,
2932 3340 2987 3388 et
3031 3332 3101 3388 de
3132 3332 3349 3404 abyssis
3380 3340 3542 3386 terra:

1955 3427 2151 3482 iterum
2186 3426 2406 3482 reduxit
2443 3442 2591 3482 eum.
2627 3426 3062 3483 Accuratissime
3106 3434 3289 3483 autem
3333 3427 3540 3481 dictum

1956 3518 2057 3575 fuit
2093 3520 2248 3584 illud,
2287 3538 2306 3570 ι
2338 3518 2639 3577 Ostendisti
2669 3519 2803 3573 mihi
2829 3519 3216 3575 tribulationes
3250 3520 3454 3575 multas
3483 3527 3540 3574 et

1954 3612 2116 3666 mala.
2153 3631 2171 3663 ι
2233 3611 2373 3667 Cum
2425 3610 2765 3682 prospiceret
2810 3611 2955 3667 enim
3010 3612 3428 3674 tribulationes,
3483 3620 3539 3666 et

1953 3701 2125 3757 multa
2163 3702 2257 3756 illa
2288 3718 2412 3772 qua:
2444 3711 2713 3757 vocantur
2741 3702 2907 3765 mala,
2944 3718 3052 3758 non
3094 3711 3289 3773 captus
3323 3704 3391 3757 ab
3428 3703 3537 3759 illis

1953 3809 2132 3865 neque
2177 3795 2356 3850 victus
2398 3801 2518 3863 est;
2568 3794 2665 3851 sed
2706 3795 2964 3850 omnibus
3000 3796 3250 3865 superior
3285 3795 3532 3860 effectus,

1952 3889 2432 3961 contemplabatur
2477 3904 2575 3953 ea;
2631 3889 2705 3943 ita
2749 3897 2810 3943 ut
2843 3889 2931 3945 bis
2971 3889 3202 3945 vocibus
3244 3890 3534 3961 plusquam

1951 3998 2145 4039 omnes
2193 3983 2287 4038 alii
2339 3998 2474 4039 usus
2522 3982 2595 4039 sit
2627 4002 2640 4038 :
2681 3981 2788 4045 rln
2824 3982 3083 4037 omnibus
3123 3983 3533 4037 tribulationem

1952 4076 2211 4147 patimur,
2236 4076 2332 4131 sed
2357 4090 2466 4129 non
2493 4075 2875 4147 angustiamur
2903 4095 2915 4129 :
2941 4074 3275 4145 aporiamur.
3303 4074 3399 4131 sed
3423 4090 3535 4129 non

1951 4167 2306 4224 destituimur
2336 4187 2348 4223 :
2377 4168 2691 4237 dejicitnur,
2722 4169 2817 4223 sed
2845 4184 2954 4224 non
2986 4167 3478 4240 derelinquimur'.
3510 4189 3529 4217 ι

1950 4260 2077 4316 Ηωο
2106 4260 2309 4331 quippe
2340 4259 2570 4325 Paulus,
2617 4270 2672 4316 et
2700 4262 2794 4331 qui
2829 4276 3016 4331 parem
3070 4269 3247 4332 atque.
3272 4260 3536 4332 magister

1949 4354 2041 4408 ille
2070 4353 2361 4409 utilitatem
2395 4363 2752 4424 perceperant
2778 4352 3055 4409 dicebant.
3097 4352 3341 4425 Abyssos
3374 4362 3535 4408 terra:

1949 4445 2039 4501 hic
2081 4445 2380 4501 inferorum
2428 4446 2705 4516 regionem
2748 4446 3009 4501 vocavit:
3051 4447 3197 4516 quod
3237 4446 3535 4515 Apostolus

1949 4538 2184 4609 explicat
2204 4538 2428 4594 dicens:
2457 4558 2475 4589 ι
2507 4537 2586 4593 Nc
2608 4539 2762 4593 dicas
2786 4556 2799 4591 ι
2819 4536 2957 4603 Quis
2982 4536 3278 4593 descendet
3303 4538 3357 4591 in
3379 4537 3537 4607 abys-

1951 4629 2151 4696 sum‘;
2184 4630 2238 4684 id
2279 4636 2384 4693 est,
2432 4628 2716 4685 Christum
2768 4644 2833 4683 ex
2884 4628 3119 4682 mortuis
3174 4625 3475 4681 reducere?
3511 4646 3529 4675 ι

1951 4720 2017 4774 Et
2046 4721 2100 4776 in
2129 4719 2233 4776 Job
2254 4736 2475 4792 quoque
2504 4720 2767 4775 Dominus
2795 4720 2890 4789 qui
2922 4720 2978 4773 in
3009 4718 3129 4789 ipso
3151 4718 3377 4772 oracula
3409 4716 3537 4773 fun-

1948 4812 2109 4867 debat
2147 4813 2263 4867 haec
2299 4812 2531 4882 protulit
2560 4830 2573 4866 :
2605 4831 2623 4863 ι
2659 4809 2871 4866 Venisti
2912 4824 3042 4865 vero
3093 4809 3148 4864 in
3184 4807 3390 4864 fontem
3419 4824 3538 4863 ma-

1948 4908 2047 4970 ris,
2082 4906 2139 4960 in
2185 4907 2435 4976 vestigiis
2469 4912 2653 4960 autem
2699 4905 2884 4976 abyssi
2916 4903 3233 4960 ambnlasti.
3266 4903 3537 4975 Aperiun-

1948 5008 2040 5054 tur
2070 5014 2202 5055 vero
2249 4999 2347 5055 tibi
2378 5000 2578 5054 timore
2612 5006 2785 5067 porta:
2814 4997 3011 5052 mortis
3045 5017 3058 5053 :
3094 4997 3309 5067 ostiarii
3350 5006 3534 5054 autem

1951 5092 2151 5148 inferni
2198 5092 2447 5147 videntes
2495 5101 2548 5146 te
2590 5091 2880 5147 conterriti
2932 5090 3123 5146 sunt“.
3160 5109 3178 5143 ι
3216 5090 3323 5158 Qui
3370 5104 3536 5161 porro

1951 5182 2041 5237 hic
2081 5183 2179 5245 ait,
2245 5181 2362 5236 «Et
2413 5181 2482 5237 de
2539 5181 2756 5253 abyssis
2800 5192 2962 5236 terrae
3014 5182 3213 5236 iterum
3263 5180 3533 5237 reduxisti

1953 5292 2060 5342 me,
2093 5296 2113 5329 ι
2147 5276 2295 5331 clare
2317 5275 2507 5330 docuit
2538 5291 2599 5331 se
2623 5279 2679 5330 in
2706 5274 2939 5346 abyssos
2970 5282 3131 5330 terrae
3152 5272 3533 5337 descendisse.

1956 5382 2020 5424 ac
2054 5384 2276 5423 rursum
2318 5367 2656 5423 ascendisse.
2688 5364 2801 5423 Nec
2841 5368 2958 5422 scio
2987 5376 3171 5422 utrum
3202 5367 3327 5437 quis
3356 5366 3535 5422 valeat

1956 5460 2071 5514 haec
2099 5459 2205 5513 alio
2241 5459 2496 5529 accipere
2543 5456 2728 5523 modo,
2773 5472 2937 5527 quam
2980 5456 3047 5509 ad
3100 5454 3449 5510 Servatorem
3481 5460 3538 5509 et

1957 5551 2243 5606 Dominum
2261 5560 2515 5605 nostrum
2527 5548 2813 5606 referendo
2827 5549 3189 5619 prophetiam.
3206 5546 3255 5604 ls
3271 5547 3388 5617 ipse
3405 5559 3537 5601 vero

1494 5735 1505 5761 ¹
1542 5732 1727 5787 Matth.
1767 5750 1851 5786 ιιι

1971 5735 2052 5787 12.
2132 5737 2150 5766 ¹
2184 5734 2341 5790 linit).
2370 5750 2444 5799 xi,
2478 5732 2564 5789 54.
2649 5731 2667 5761 ³
2696 5727 2737 5782 ll
2762 5728 2891 5784 Cor.
2927 5744 3000 5793 tv,
3028 5727 3082 5789 8.
3161 5727 3182 5759 ⁸
3206 5725 3363 5783 Rom.
3388 5743 3444 5792 x,
3470 5727 3526 5784 7.
