4068 6538
366 353 470 410 789

1498 355 2007 415 COMMENTARIA
2040 356 2108 410 IN
2147 355 2487 413 PSALMOS‘.

3530 367 3631 422 790

363 472 607 536 Μωῦσεῖ,
633 471 732 543 τὴν
783 473 839 526 δὲ
886 474 1145 547 ἀλήθειαν
1184 477 1284 549 τὴν
1335 477 1434 550 σὴν
1464 482 1803 552 παραστήσω
1832 480 1928 541 τοῖς

2048 484 2197 530 tuam
2230 475 2548 531 hominibus
2576 473 2895 542 declarabo,
2924 484 2988 532 er
3015 495 3034 529 ι
3065 478 3294 548 psallam
3326 479 3426 536 tibi
3461 480 3516 535 in
3552 471 3645 535 ci?

359 561 687 633 ἀνθρώποις,
713 567 806 619 καὶ
854 584 872 618 ι
898 567 1054 637 ψαλῶ
1103 586 1186 623 σοι
1232 570 1289 624 ἐν
1334 571 1556 645 κιθάρᾳ,
1586 576 1614 627 ὁ
1653 575 1804 643 ἅγιος
1846 572 1939 626 τοῦ

374 657 623 727 Ἰσραηλο
655 678 674 711 ι
713 659 746 731 ἢ
780 662 923 716 κατά
958 664 1059 717 τὸν
1091 664 1341 729 Ἀκύλαν,
1383 686 1401 717 ι
1428 667 1736 739 Μελῳδήσω
1769 686 1850 722 σοι
1883 672 1940 722 ὲν

358 748 579 823 κιθάρᾳ,
613 751 735 821 ἆγιε
779 754 1013 826 Ἰσραήλ.
1053 775 1071 807 ι
1092 756 1251 811 Ἀλλὰ
1282 758 1378 811 καὶ
1412 778 1431 811 ι
1459 760 1843 828 ἀγαλλιάσεται
1871 760 1941 815 τά

352 842 509 914 χείλη
545 861 671 914 μου,
696 845 825 899 ὅταν
853 846 1009 915 ψαλῶ
1042 865 1125 901 σοι
1148 866 1161 879 ·
1196 868 1214 901 ι
1244 848 1278 920 ἢ
1311 850 1453 903 κατὰ
1486 852 1578 904 τὸν
1620 852 1934 924 Σύμμαχον,

360 954 381 986 ι
410 935 733 1008 Εὐφημήσει
766 937 834 991 τὰ
864 940 1018 1009 χείλη
1058 957 1183 1011 μου,
1219 941 1347 996 ὅταν
1387 942 1682 1015 μελῳδήσω
1710 961 1811 1009 σοι,
1842 946 1938 999 καὶ

354 1028 390 1095 ἠ
415 1027 561 1098 ψυχή
593 1045 717 1098 μου,
746 1029 813 1100 ἢν
843 1031 1153 1103 ὲλυτρὼσω.
1165 1035 1285 1087 Ἔτι
1312 1033 1368 1085 δὲ
1401 1036 1494 1088 καὶ
1516 1037 1549 1105 ὴ
1584 1035 1803 1104 γλῶσσά
1833 1053 1933 1107 μου

356 1116 651 1187 μελητήσει
693 1118 822 1188 ὃλην
865 1119 963 1192 τὴν
1005 1122 1219 1194 ἡμέραν
1259 1122 1357 1195 τὴν
1388 1124 1735 1195 δικαιοσύνην
1762 1142 1875 1179 σου.
1912 1147 1929 1179 ι

354 1206 523 1279 Χείλη
549 1208 605 1261 δὲ
638 1210 732 1263 καὶ
760 1210 1011 1279 γλῶσσαν
1038 1212 1205 1266 αὑτοῦ
1231 1214 1546 1284 μελετῶσαν
1589 1214 1687 1287 τὴν
1732 1216 1936 1270 δικαιο-

354 1298 523 1370 σύνην
541 1300 633 1354 τοῦ
661 1303 874 1376 Πατρὸς
903 1305 1002 1358 ούκ
1039 1304 1113 1359 ἂν
1147 1306 1413 1377 ἁμάρτοις
1448 1306 1615 1360 εἰπὼν
1638 1309 1762 1373 τοὺς
1786 1312 1843 1362 ὲν
1867 1314 1932 1382 τῇ

366 1389 659 1467 Ἐκκλησία
687 1396 850 1450 αὑτοῦ
876 1398 1105 1468 ἀσκήσει
1123 1398 1281 1453 θείων
1305 1399 1478 1469 λόγων
1503 1401 1728 1465 ἑαυτοὺς
1752 1403 1939 1456 ἀνατε-

351 1482 621 1549 θεικότας.
666 1490 777 1542 Καὶ
820 1489 991 1544 ταῦτα
1040 1491 1236 1556 πάντα,
1283 1493 1437 1562 φησὶ,
1488 1494 1715 1565 ποιήσω,
1760 1512 1778 1543 ι
1807 1494 1934 1547 ὅταν

349 1577 680 1648 αίσχυνθῶσι
728 1582 822 1635 καὶ
868 1585 1211 1655 ὲντραπῶσιν
1260 1586 1309 1638 οἱ
1360 1585 1646 1656 ζητοῦντες
1686 1586 1754 1639 τὰ
1788 1587 1935 1641 κακά

350 1688 471 1739 μοι·
505 1691 523 1723 ι
557 1672 589 1743 ἢ
618 1672 757 1727 κατὰ
783 1674 874 1751 τὸν
898 1677 1216 1748 Σύμμαχον,
1258 1678 1414 1731 «Ὅτι
1458 1678 1930 1752 κατῃσχύνθησαν,

345 1762 382 1834 ἢ
415 1764 497 1816 ὅτι
525 1766 899 1838 ἀπωρύγησαν
927 1770 977 1822 oi
1009 1769 1299 1842 ζητοῦντες
1330 1770 1429 1843 τὴν
1458 1772 1698 1825 κάκωσίν
1736 1792 1835 1844 μου
1856 1792 1868 1804 ’
1908 1793 1926 1827 ι

2051 570 2229 631 thara,
2273 576 2501 625 sanctus
2546 567 2733 624 Israel.
2770 588 2788 622 ι
2834 570 2960 627 Sive
2999 573 3302 627 secundum
3352 574 3627 644 Aquilam,

2056 679 2075 711 ι
2107 658 2431 715 Modulabor
2475 661 2576 716 tibi
2628 661 2682 715 in
2723 662 2957 728 cithara,
3004 671 3194 719 sancte
3229 662 3418 719 Israel.
3460 684 3479 718 ι
3520 663 3627 721 Sed

2047 751 2212 806 etiam
2276 752 2687 808 «exsultabunt'
2740 754 2885 809 labia
2946 771 3101 822 mea,
3155 770 3279 809 cum
3337 764 3629 811 cantavero

2047 843 2145 898 tibi
2165 862 2191 911 ;-
2214 865 2231 897 ι
2266 844 2384 901 sive
2417 845 2718 901 secundum
2752 846 3163 919 Symmachum,
3199 866 3218 899 ι
3249 848 3620 904 Celebrabunt

2046 931 2189 987 labia
2238 949 2359 989 mea
2410 948 2535 988 cum
2592 935 2916 990 modulabor
2965 937 3085 1003 tibi,
3140 946 3195 992 et
3251 936 3433 991 anima
3485 953 3624 1001 mea,

2044 1038 2214 1093 quam
2242 1022 2543 1078 redemisti.
2578 1022 2687 1078 Sed
2716 1028 2771 1079 et
2812 1025 2995 1096 lingua
3026 1041 3145 1081 mea
3181 1033 3293 1080 tota
3320 1026 3409 1081 die
3452 1026 3625 1082 medi-

2044 1113 2253 1168 tabitur
2279 1113 2548 1183 justitiam
2594 1121 2767 1169 tuam.
2800 1134 2820 1167 ι
2858 1114 3024 1171 Labia
3069 1124 3251 1172 autem
3286 1127 3340 1173 et
3385 1118 3627 1188 lingUain

2043 1206 2164 1276 ejus
2194 1205 2551 1262 meditantem
2587 1206 2860 1277 justitiam
2890 1207 3096 1274 Patris,
3136 1225 3245 1264 non
3281 1210 3626 1266 aberraveris

2044 1298 2091 1353 si
2126 1298 2279 1355 dicas
2311 1313 2407 1353 eos
2455 1314 2576 1355 esse
2607 1300 2699 1369 qui
2749 1300 2804 1354 in
2850 1300 3097 1358 Ecclesia
3138 1303 3313 1373 ipsius
3356 1307 3627 1361 exercita-

2043 1388 2179 1444 tioni
2211 1390 2410 1445 divinae
2446 1388 2745 1461 Scriptura:
2786 1409 2909 1449 sese
2948 1406 3373 1454 consecrarunt.
3409 1397 3475 1453 Et
3506 1399 3625 1455 haec

2040 1479 2245 1546 omnia,
2280 1481 2478 1552 inquit,
2526 1482 2747 1550 faciam,
2801 1502 2822 1537 ι
2857 1501 2983 1541 cum
3035 1485 3251 1543 confusi
3296 1497 3351 1544 et
3401 1492 3623 1548 reveriti

2042 1571 2247 1627 fuerint
2279 1575 2372 1644 qui
2406 1583 2666 1645 quaerunt
2700 1576 2847 1630 mala
2886 1577 3056 1645 mihi;
3089 1598 3108 1631 ι
3151 1579 3288 1646 sive,
3317 1582 3623 1637 secundum

2042 1661 2455 1733 Symmachum,
2495 1662 2517 1716 t‘
2544 1664 2682 1731 Quia
2714 1666 2934 1723 confusi
2970 1677 3122 1735 sunt,
3158 1677 3253 1724 aut
3281 1672 3409 1742 quia
3440 1671 3623 1728 effossi

2040 1763 2171 1809 sunt
2201 1756 2293 1825 qui
2316 1763 2570 1827 quaerunt
2592 1756 2939 1815 amictionem
2963 1776 3161 1826 meam,
3194 1781 3215 1815 ι
3250 1764 3389 1827 sive,
3424 1780 3593 1820 secun

346 1854 383 1925 ἢ
416 1856 557 1910 κατὰ
585 1858 674 1911 τὸν
707 1859 958 1925 Ἀκύλαν,
983 1863 1136 1916 ("Gtt
1166 1864 1619 1937 κατῃσχύνθησαν
1640 1866 1689 1918 οἱ
1712 1866 1928 1937 ζητοῦν-

2038 1853 2169 1908 dum
2213 1854 2489 1924 Aquilam,
2548 1874 2567 1906 ‹
2598 1854 2738 1922 Quia
2788 1856 3006 1913 confusi
3052 1867 3183 1914 sunt
3229 1861 3323 1930 qui
3369 1876 3623 1931 quaerunt

345 1961 441 2010 τες
484 1951 684 2003 κακίαν
734 1968 854 2021 μου.
885 1972 903 2003 ι
938 1953 1175 2023 Πάρεστι
1208 1954 1265 2008 δὲ
1298 1956 1391 2010 καὶ
1419 1956 1591 2011 ταῦτα
1626 1956 1769 2028 ἔργῳ
1801 1959 1939 2030 πλη-

2039 1945 2319 2001 miscriam
2356 1962 2554 2002 meam.
2594 1966 2613 2000 ι
2649 1946 2775 2003 Haec
2810 1963 2980 2018 porro
3022 1964 3188 2020 Opere
3221 1952 3495 2022 completa
3538 1954 3622 2007 vi-

345 2039 590 2110 ρούμενα
621 2042 878 2114 θεωρεῖνο
920 2047 1235 2118 ἁπανταχοῦ
1268 2049 1377 2118 γάρ
1421 2050 1525 2120 γῆς
1560 2049 1671 2102 τῶν
1710 2050 1928 2122 Ἐκκλη-

2038 2039 2167 2094 dere
2209 2040 2355 2095 licet.
2414 2039 2548 2093 Nam
2602 2056 2728 2095 cum
2782 2041 2987 2112 ubique
3037 2051 3309 2099 terrarum
3364 2044 3622 2103 Ecclesia:

342 2132 481 2185 σιῶν
514 2133 609 2187 τοῦ
643 2137 893 2209 Σωτῆρος
936 2138 1034 2209 τὴν
1074 2139 1419 2213 δικαιοσύνην
1446 2141 1538 2195 τοῦ
1567 2142 1701 2196 Θεοῦ
1734 2142 1937 2216 διεξερ-

338 2227 610 2295 χομένων,
638 2230 733 2282 καὶ
767 2230 931 2284 αὑτοῦ
971 2232 1027 2285 δὲ
1073 2233 1239 2302 σκεύη
1271 2233 1526 2304 ἐκλογῆς,
1562 2228 1650 2288 οἵα
1682 2236 1936 2307 προλελε-

336 2334 488 2384 κται,
526 2321 619 2373 καὶ
666 2322 871 2393 ὄργανα
904 2323 1099 2393 λογικὰ
1123 2325 1202 2396 τῷ
1228 2326 1404 2398 Πατρὶ
1451 2326 1929 2399 καταρτιζομένου,

332 2409 704 2481 ἀνυμνοῦντός
739 2433 796 2469 τε
830 2417 918 2470 ἀεὶ¹
945 2418 1013 2471 δι’
1038 2419 1219 2473 αὐτῶν
1247 2421 1338 2473 τὸν
1386 2422 1477 2474 ἐπὶ
1525 2422 1744 2476 πάντων
1776 2424 1929 2491 Θεὸν,

333 2503 602 2576 αἰσχύνην
628 2509 1044 2579 περιϐάλλονται
1089 2513 1139 2565 oi
1178 2512 1367 2585 ἐχθροὶ
1398 2514 1595 2568 αὐτοῦ·
1630 2515 1932 2587 ἐνετράπη-

338 2596 442 2649 σάν
465 2614 523 2651 τε
549 2600 641 2654 καὶ
663 2602 1011 2674 ἐντρέπονται
1034 2606 1084 2657 oi
1120 2604 1408 2676 ζητοῦντες
1440 2606 1591 2678 αὐτῷ
1626 2608 1788 2662 κακά.
1824 2605 1929 2664 Οὗ-

332 2704 418 2743 τοι
436 2690 495 2743 δέ
520 2695 657 2745 εἰσιν
673 2697 721 2747 οἱ
744 2696 1065 2766 θηρεύοντες
1090 2699 1189 2769 μὲν
1210 2698 1389 2762 πάσας
1410 2701 1729 2772 προφάσεις,
1746 2701 1930 2774 ὕϐρεις

333 2794 397 2830 τε
427 2782 521 2834 καὶ
553 2782 824 2851 διαϐολὰς,
860 2788 955 2840 καὶ
989 2788 1339 2860 βλασφημίας
1374 2793 1495 2844 κατ’
1518 2791 1682 2845 αὑτοῦ
1714 2811 1929 2865 περινο-

333 2869 545 2938 οῦντες,
584 2876 854 2947 μηδεμίαν
900 2879 958 2933 δὲ
991 2882 1335 2953 εὑρίσκοντες
1378 2883 1638 2936 ὑπόθεσιν
1657 2884 1925 2957 διαϐολῆς,

338 2964 477 3036 μήτε
510 2968 630 3019 κατ’
653 2968 840 3034 αὑτοῦ,
874 2972 1010 3043 μήτε
1035 2973 1137 3044 τῆς
1170 2973 1495 3047 Ἐκκλησίας
1518 2976 1702 3032 αὐτοῦ.
1723 2978 1812 3031 Διὸ
1833 2996 1931 3033 κα-

332 3057 622 3127 ταχέονται
648 3062 910 3134 αἰσχύνην
944 3066 1038 3117 καὶ
1071 3067 1425 3137 ἐντρέπονται
1465 3069 1602 3138 πρὸς
1637 3069 1697 3122 τὸ
1728 3071 1925 3141 μηκέτι

341 3147 510 3219 μηδὲν
557 3149 761 3222 τολμᾷν
813 3151 1064 3225 διαϐολῆς
1104 3155 1253 3221 ἄξιον
1284 3157 1583 3211 ἐπικαλεῖν.
1620 3159 1731 3212 Καὶ
1757 3159 1926 3213 ταῦτα
1955 3197 1997 3254 C

333 3240 518 3294 πάντα
561 3241 706 3314 ἔργῳ
755 3244 1053 3317 πληροῦται
1086 3248 1393 3319 συμφώνως
1423 3253 1488 3322 τῇ
1526 3251 1810 3325 φασκούσῃ
1838 3252 1926 3306 διὰ

329 3331 446 3385 τῶν
470 3335 848 3405 προκειμένων
878 3339 1182 3412 προφητείᾳ
1199 3359 1212 3372 ο
1251 3360 1268 3393 ι
1285 3342 1451 3395 Ὅταν
1476 3343 1807 3413 αίσχυνθῶσι
1832 3347 1926 3406 καὶ

329 3424 680 3496 ἑντραπῶσιν
728 3429 778 3481 oi
832 3428 1118 3500 ζητοῦντες
1150 3432 1216 3486 τά
1248 3434 1393 3488 κακὰ
1429 3452 1538 3505 μοι.
1572 3455 1589 3486 ι
1628 3436 1760 3489 Τότε
1793 3436 1921 3507 γὰρ,

331 3519 522 3586 φησιν,
547 3520 673 3573 ὅταν
703 3522 751 3573 οἱ
781 3521 963 3595 ἐχθροὶ
988 3526 1473 3597 καταισχύνωνται,
1503 3526 1614 3596 ἐγὼ
1635 3527 1791 3597 ψαλῶ
1815 3546 1921 3594 σοι,

328 3610 430 3661 καὶ
463 3609 930 3687 ἐξομολογησομαί
978 3634 1059 3670 σοι
1107 3618 1185 3689 τῷ
1229 3619 1467 3690 ἐμαυτοῦ
1516 3621 1839 3691 Πατρί.”Ἐτι
1866 3621 1924 3674 δὲ

329 3704 431 3755 καὶ
470 3722 487 3755 ι
517 3707 551 3775 ὴ
589 3706 813 3774 γλῶσσά
849 3727 949 3781 μου
984 3711 1112 3781 ὅλην
1142 3712 1241 3782 τὴν
1270 3713 1485 3784 ἡμέραν
1510 3713 1924 3785 μελητήσειτην

327 3791 680 3867 δικαιοσύνην
717 3815 831 3852 σου.
862 3815 882 3850 ι

768 3910 875 3963 ΕΙΣ
905 3913 1323 3966 ΣΟΛΟΜΩΝΤΑ
1362 3916 1484 3970 ολν.

411 4019 432 4052 ε
455 4001 512 4054 Ὀ
544 4002 772 4067 Θεὸς,τὸ
805 4003 979 4076 κρίμα
1012 4022 1105 4058 σου
1138 4005 1214 4076 τῷ
1248 4006 1457 4076 βασιλεῖ
1486 4007 1594 4072 δός.
1626 4028 1644 4058 ι
1666 4010 1727 4062 Οἱ
1748 4009 1923 4063 λοιποὶ

325 4093 429 4147 τοῦ
468 4114 487 4147 ι
527 4094 873 4167 Σολομῶντος
916 4117 934 4148 ι
973 4099 1507 4169 ἡρμήνευσαν.ῗἘστι
1534 4101 1590 4155 δὲ
1620 4103 1712 4155 καὶ
1737 4103 1922 4174 ἕτερος

324 4184 429 4239 τοῦ
463 4186 627 4240 αὑτοῦ
662 4188 718 4240 ἐν
750 4191 870 4253 ταῖς
899 4189 1066 4261 ᾠδαῖς
1098 4189 1206 4243 τῶν
1234 4191 1587 4264 ἀναϐαθμῶν,
1614 4188 1675 4247 οὗ
1699 4196 1731 4265 ἡ
1753 4194 1917 4267 ἀρχήν

332 4295 357 4328 ς
381 4278 506 4331 Ἐὰν
543 4280 618 4350 μὴ
656 4279 858 4350 Κύριος
903 4281 1254 4356 οἰκοδομήσῃ,
1280 4279 1446 4349 οἷκον,
1482 4286 1575 4354 είς.
1595 4286 1771 4356 μάτην
1803 4289 1923 4340 ἐκο-

327 4370 537 4425 πίασαν
569 4372 618 4424 οἱ
639 4372 1047 4443 οἰκοδομοῦντες
1077 4375 1260 4430 αὐτόν.
1292 4394 1310 4427 ι
1332 4376 1418 4431 Ἑν
1451 4371 1532 4441 οἷς
1564 4376 1740 4431 ἔοικεν
1767 4380 1795 4432 ὁ
1821 4380 1917 4431 Σο·-

323 4458 513 4531 λομὼν
560 4464 652 4515 ἐπὶ
684 4466 749 4535 τῇ
784 4467 1093 4536 κατασκευῇ
1145 4464 1240 4519 τοῦ
1287 4466 1457 4532 οἴκου,
1487 4467 1546 4521 ὃν
1592 4470 1814 4541 ἤγειρεν
1862 4472 1919 4522 ὲν

2038 2130 2349 2187 Servatoris
2365 2131 2639 2202 justitiam
2665 2132 2759 2188 Dei
2793 2142 3078 2199 enarrent,
3105 2136 3332 2208 ipseque
3357 2135 3621 2194 Servator

2038 2236 2166 2277 vasa
2194 2222 2501 2287 electionis,
2538 2225 2723 2293 qualia
2757 2241 2925 2297 supra
2966 2227 3113 2282 dicta
3144 2237 3294 2294 sunt,
3331 2237 3386 2285 et
3417 2231 3621 2286 instru-

2035 2323 2215 2369 menta
2234 2314 2578 2371 rationabilia
2600 2315 2748 2371 Patri
2781 2328 3073 2389 praeparet,
3098 2336 3421 2394 semperque
3451 2323 3618 2379 Deum

2033 2407 2127 2476 qui
2161 2422 2328 2477 supra
2374 2409 2558 2461 omnia
2603 2418 2688 2465 est
2725 2400 2811 2468 iis
2842 2414 3211 2480 concelebret,
3241 2416 3451 2471 inimici
3494 2414 3620 2486 ejus

2032 2497 2359 2555 confusione
2391 2500 2717 2568 induuntur,
2772 2519 2837 2560 ac
2879 2506 3093 2563 confusi
3141 2514 3196 2563 et
3238 2508 3458 2564 reveriti
3490 2519 3620 2564 sunt

2031 2592 2126 2661 qui
2166 2601 2421 2662 quaerunt
2475 2594 2576 2664 ipsi
2623 2597 2785 2652 mala.
2834 2596 2898 2652 Hi
2933 2615 3066 2655 vero
3112 2608 3261 2665 sunt,
3298 2601 3390 2670 qui
3424 2616 3617 2657 omnes

2031 2685 2353 2741 occasiones
2398 2695 2693 2753 venantur,
2753 2693 3141 2758 contumelias,
3199 2693 3507 2748 calumnias
3564 2700 3619 2748 et

2030 2774 2403 2846 blasphemias
2432 2786 2624 2833 contra
2651 2795 2777 2835 eum
2819 2784 3154 2854 excogitant,
3184 2785 3503 2855 nullamque
3531 2800 3618 2840 re-

2032 2868 2251 2937 periunt
2285 2871 2365 2924 vel
2409 2871 2462 2925 in
2503 2873 2683 2943 ipsum
2732 2874 2817 2928 vel
2859 2874 2913 2927 in
2965 2875 3263 2929 Ecclesiam
3298 2875 3472 2945 ipsius
3522 2890 3619 2929 ca-

2033 2960 2253 3016 lumniae
2285 2977 2532 3019 causam.
2564 2965 2747 3031 Quare
2777 2967 2987 3037 pudore
3027 2965 3417 3023 sulfunduntur
3445 2973 3499 3021 et
3526 2981 3617 3019 re-

2032 3060 2313 3120 verentur,
2360 3054 2511 3124 quod
2563 3056 2708 3110 ultra
2753 3072 2862 3111 non
2912 3057 3151 3112 audeant
3195 3057 3493 3128 quidpiam
3523 3072 3617 3111 ca-

2032 3148 2255 3203 lumniae
2284 3148 2554 3222 proferre.
2587 3151 2653 3206 Et
2690 3154 2805 3209 haec
2828 3155 3015 3209 omnia
3047 3170 3211 3226 opere
3246 3154 3612 3227 complentur.

2031 3242 2336 3297 secundum
2383 3245 2727 3317 prophetiam
2770 3263 2891 3318 qua:
2947 3249 3003 3302 in
3058 3246 3489 3318 praecedentibus
3534 3248 3614 3302 sic

2027 3331 2213 3397 habet,
2248 3352 2267 3385 ‹
2293 3332 2430 3389 Cum
2480 3336 2698 3393 confusi
2734 3346 2790 3393 et
2837 3338 3061 3394 reveriti
3102 3324 3432 3408 fuerint‘qui
3474 3352 3615 3413 qure-

2025 3430 2157 3477 runt
2191 3424 2333 3478 mala
2363 3425 2519 3481 mihi.
2552 3446 2571 3479 ι
2605 3426 2759 3481 'I’unc
2795 3429 2967 3493 enim,
2997 3427 3197 3499 inquit,
3234 3442 3360 3481 cum
3404 3427 3613 3481 inimici

2024 3510 2454 3578 confundentur,
2486 3530 2589 3586 ego
2629 3516 2858 3585 psallam
2890 3518 3012 3582 tibi,
3054 3518 3264 3587 tibique
3292 3514 3440 3570 Patri
3492 3531 3613 3570 meo

2025 3601 2349 3658 confitebor.
2381 3604 2721 3676 lnsuperque
2767 3625 2785 3658 ι
2814 3608 3000 3679 lingua
3032 3623 3155 3663 mea
3184 3616 3296 3663 tota
3323 3606 3413 3661 die
3443 3606 3613 3662 medi-

2027 3693 2235 3747 tabitur
2264 3694 2536 3765 justitiam
2559 3705 2730 3751 tuam.
2768 3719 2787 3750 ι

2430 3903 2498 3958 ΙΝ
2532 3903 2956 3960 SALOMONEM
2987 3905 3178 3961 LXXI.

2098 3994 2265 4051 Vens.
2296 3998 2347 4060 l,
2372 3996 2426 4052 2.
2473 4017 2491 4049 ι
2524 3997 2667 4054 Deus
2698 3998 2966 4068 judicium
3003 4010 3154 4057 tuum
3191 4000 3304 4069 regi,
3336 3999 3425 4054 da.
3459 4018 3477 4051 ι
3514 3999 3613 4055 Ro-

2026 4087 2183 4158 liqui,
2234 4107 2252 4140 ι
2285 4087 2618 4157 Salomonis,
2651 4109 2669 4143 ι
2704 4091 3048 4162 interpretati
3100 4099 3248 4151 sunt.
3289 4090 3384 4147 Est
3429 4100 3610 4146 autem

2024 4182 2251 4237 et‘alius
2280 4181 2526 4252 ejusdem
2583 4183 2640 4237 in
2680 4184 2914 4239 canticis
2953 4184 3243 4255 graduum,
3297 4182 3457 4254 cujus
3498 4184 3609 4238 ini-

2027 4274 2162 4327 tium
2189 4292 2202 4329 :
2233 4292 2252 4324 ι
2284 4273 2401 4329 Nisi
2448 4273 2716 4331 Dominus
2756 4273 3112 4333 aediﬁcaverit
3142 4276 3389 4341 domum,
3434 4275 3489 4330 in
3522 4293 3612 4329 va-

2025 4381 2158 4420 num
2209 4366 2602 4422 laboraverunt
2644 4366 2740 4438 qui
2787 4368 3065 4429 aediﬁcant
3104 4385 3224 4425 eam
3250 4371 3292 4425 ⁸.
3326 4391 3344 4423 δ
3376 4370 3453 4424 Ex
3488 4373 3612 4443 qui.

2024 4459 2128 4515 bus
2163 4460 2380 4515 videtur
2429 4458 2780 4517 Salomonem
2832 4459 2889 4517 in
2935 4463 3350 4518 constructione
3391 4462 3609 4527 domus,

342 4552 758 4626 Ἱεροσολύμοις,
794 4557 1011 4628 πρῶτος
1052 4559 1213 4623 αὐτὸς
1257 4561 1617 4632 οἰκοδομήσας
1638 4562 1701 4615 τὸ
1732 4562 1919 4618 αὐτόοι

2032 4569 2189 4623 quam
2253 4554 2515 4609 excitavit
2560 4554 2616 4609 in
2665 4554 3004 4620 Jerusalem,
3056 4570 3183 4609 nam
3240 4555 3357 4625 ipse
3402 4555 3614 4625 primus

332 4646 501 4716 ἱερὸν,
536 4647 634 4718 τὴν
684 4648 826 4720 ᾠδὴν
875 4651 1226 4723 πεποιῆσθαι,
1260 4652 1617 4707 διδάσκουσαν
1666 4654 1803 4726 μόνα
1854 4655 1924 4733 τά

325 4735 425 4789 τοῦ
458 4737 594 4790 Θεοῦ
626 4739 1035 4811 οἰκοδομήματα
1082 4741 1403 4807 διαιωνίζειν
1424 4760 1437 4774 ·
1470 4742 1536 4796 τὰ
1564 4743 1671 4815 γάρ
1712 4741 1923 4814 ἀνθρὼ-

331 4846 463 4882 πινα
512 4830 687 4902 καιρῷ
723 4831 1113 4893 συνίστασθαι·
1158 4834 1187 4887 ὂ
1229 4834 1293 4905 δὴ
1340 4835 1433 4887 καὶ
1465 4835 1642 4905 ἀπέϐη
1688 4834 1783 4887 ἐπὶ
1820 4834 1922 4904 τῆς

330 4919 499 4972 αὐτοῦ
542 4921 833 4993 οἰκοδομῆς
855 4939 867 4951 ·
906 4922 1007 4975 οῦκ
1039 4924 1118 4986 εἰς
1153 4923 1364 4994 μακρὸν
1394 4924 1525 4991 γοῦν
1564 4924 1592 4975 ὁ
1636 4924 1729 4976 ὑπ’
1755 4920 1919 4976 αὑτοῦ

330 5013 793 5078 κατασκευασθεὶς
831 5014 966 5079 νεὼς
1019 5016 1124 5068 ὑπὸ
1161 5016 1517 5070 Βαϐυλωνίων
1548 5017 1921 5088 κατελύθη.⁹ιί

326 5104 387 5156 δὲ
417 5106 554 5176 μετὰ
576 5108 765 5178 χεῖρας
791 5108 1097 5179 προφητεία
1126 5107 1235 5161 εἴτε
1269 5111 1348 5172 είς
1375 5110 1535 5163 αὐτὸν
1562 5110 1810 5164 λέλεκται
1829 5112 1920 5164 τὸν

328 5196 674 5267 Σολομῶντα,
699 5198 809 5253 εἴτε
836 5200 1001 5253 αὐτοῦ
1036 5201 1151 5253 ἐστι
1170 5202 1310 5255 κατὰ
1337 5204 1464 5266 τοὺς
1498 5203 1714 5268 λοιποὺς
1748 5206 1921 5277 ἑρμη-

326 5290 557 5359 νευτάς·
590 5292 639 5343 οί
668 5291 814 5361 λόγοι
848 5293 1032 5363 ἕτερόν
1074 5312 1197 5348 τινα
1246 5296 1553 5366 παριστῶσι
1581 5298 1919 5369 προφητευό-

337 5399 519 5450 μενον.
560 5384 652 5436 Διὸ
684 5382 811 5437 οὒτε
837 5385 1068 5458 ψαλμὸς,
1105 5387 1226 5441 οὔτε
1261 5389 1393 5460 ᾠδὴ,
1422 5388 1546 5443 οὔτε
1574 5390 1761 5459 ὕμνος,
1794 5389 1918 5449 οὔτε

331 5488 384 5523 τι
408 5471 616 5535 τούτοις
640 5476 1020 5548 παραπλήσιον
1048 5478 1472 5551 ἐπιγέγραπται.
1491 5481 1630 5534 Ἀλλ’
1653 5482 1767 5534 ἔστι
1794 5500 1921 5553 προ-

331 5563 531 5633 φητεία
565 5565 892 5631 θεσπίζουσα
925 5571 1363 5643 άναφανήσεσθαί
1386 5590 1506 5627 τινα
1534 5576 1591 5626 ὲν
1614 5573 1920 5646 ἀνθρώποις

332 5658 581 5726 πενήτων
631 5660 725 5711 καὶ
778 5662 1009 5732 πτωχῶν
1062 5665 1301 5737 σωτῆρα,
1339 5667 1431 5727 καὶ
1475 5667 1661 5725 τοῦτον
1716 5668 1920 5723 ἄνωθέν

408 5810 428 5839 ⁸
454 5810 596 5867 Psal.
630 5830 814 5884 cxxvr,
864 5820 910 5871 Ι.

2024 4646 2286 4716 templum
2335 4646 2447 4701 illic
2510 4650 2803 4713 exstruxit,
2852 4649 2956 4703 hoc
3000 4648 3277 4702 canticum
3320 4647 3608 4703 edidisse:

2024 4757 2135 4812 quo
2164 4742 2448 4808 docemur,
2500 4743 2617 4798 sola
2666 4742 2760 4798 Dei
2790 4744 3022 4798 mdilicia
3078 4752 3342 4799 aaternum
3395 4761 3612 4816 perma-

2024 4850 2189 4901 nere;
2225 4834 2465 4889 humana
2513 4836 2719 4907 quippe
2756 4852 2856 4906 pro
2904 4845 3150 4904 tempore
3198 4838 3373 4893 solum
3422 4839 3611 4894 consi—

2024 4933 2178 4981 stunt
2207 4943 2220 4980 :
2245 4925 2392 4996 quod
2424 4928 2587 4983 etiam
2623 4927 2678 4981 in
2709 4928 2831 4997 ejus
2872 4930 3243 4985 exstructione
3279 4940 3458 4985 actum
3492 4938 3611 4998 est;

2022 5035 2134 5074 non
2165 5020 2259 5076 diu
2308 5020 2454 5073 enim
2499 5030 2687 5088 postea
2719 5020 2980 5091 templum
3015 5022 3083 5077 ab
3105 5036 3170 5077 eo
3199 5021 3547 5088 aedificatum,
3578 5038 3612 5077 ει

2023 5111 2340 5184 Babyloniis
2390 5111 2635 5167 dirutum
2669 5111 2792 5167 fuit.
2832 5112 3081 5170 Praesens
3127 5130 3259 5170 vero
3294 5114 3602 5186 prophetia,

2025 5204 2140 5259 sive
2172 5205 2227 5258 in
2260 5202 2608 5259 Salomonem
2646 5205 2791 5260 dicta
2832 5214 2950 5272 est,
2984 5207 3099 5262 sive
3134 5207 3435 5263 secundum
3473 5208 3607 5262 reli-

2024 5311 2165 5367 quos
2187 5297 2540 5369 interpretes,
2574 5299 2752 5371 ipsius
2780 5299 3092 5355 Salomonis
3119 5306 3223 5356 est.
3253 5298 3437 5356 Series
3458 5307 3609 5354 certe

2024 5390 2299 5447 sermonis
2356 5391 2525 5446 alium
2580 5394 2894 5464 quempiam
2937 5393 3202 5449 vaticinio
3259 5393 3605 5447 enuntiatum

2024 5483 2308 5539 declarare
2361 5484 2601 5541 videtur.
2649 5484 2832 5551 Quare
2883 5501 3062 5556 neque
3108 5486 3375 5555 psalmus,
3431 5500 3607 5554 neque

2022 5576 2320 5642 canticum,
2358 5595 2536 5648 neque
2568 5579 2827 5651 hymnus,
2859 5595 3035 5649 neque
3082 5578 3364 5650 quidpiam
3403 5577 3603 5641 simile,

2025 5667 2326 5738 inscriptus
2349 5676 2450 5724 est.
2480 5668 2584 5725 Sed
2607 5683 2691 5726 cst
2705 5668 2989 5741 prophetia
3017 5669 3393 5740 praenuntiam
3414 5682 3606 5737 quem-
