4068 6544
484 326 583 384 7')!

1158 331 1425 388 EUSEBII
1466 332 1949 388 CESARIENSIS
1985 332 2139 387 OPP.
2183 332 2362 388 PARS
2401 334 2488 390 ιη.
2532 368 2597 376 --
2633 335 3051 394 EXEGETICA.

3643 345 3749 400 792

483 455 628 511 piam
671 440 984 496 hominibus
1016 443 1379 498 adventurum
1416 460 1715 514 pauperum
1758 454 1812 499 et
1842 460 2060 514 inopum

2173 444 2332 498 ποθεν
2363 448 2545 519 ἠρέμα
2591 449 2997 521 καταϐήσεσθαι
3023 453 3114 505 καί
3138 453 3374 526 ἀψοφητί
3392 472 3413 486 ο
3443 477 3459 507 ι
3492 459 3749 531 Κατασή-

484 540 847 595 servatorem,
879 533 971 603 qui
1002 549 1065 588 ex
1100 535 1211 588 alto
1240 535 1444 589 sensim
1477 543 1531 589 et
1560 536 1677 589 sine
1708 537 1936 605 strepitu
1968 552 2062 592 ac-

483 639 747 680 cessurus
797 636 880 681 est
916 643 929 680 :
973 645 990 676 ι
1034 625 1339 682 Descendet
1385 630 1531 683 enim
1582 628 1727 684 sicut
1781 629 1963 698 pluvia
2007 629 2060 683 in

486 717 683 771 vellus.
714 736 733 769 ι
768 717 1248 788 Aitquejustitiam
1284 719 1544 791 deinceps
1588 724 1642 777 in
1678 723 1912 777 adventu
1942 722 2063 791 ejus

487 809 541 863 in
561 825 758 879 genere
787 810 1079 865 hominum
1102 820 1442 866 versaturam
1478 833 1490 866 :
1522 816 1811 884 ipsumque
1838 831 1946 869 non
1975 814 2063 869 Ju-

483 898 613 953 dmm
648 899 833 968 modo,
877 917 1055 972 neque
1104 904 1321 958 duabus
1357 906 1602 961 tribusve
1644 908 1918 977 gentibus,
1966 908 2061 963 sed

484 992 738 1047 omnibus
788 1008 883 1063 per
930 995 1118 1049 orbem
1161 995 1590 1061 dominaturum,
1635 1014 1827 1054 omnes
1874 1006 2062 1068 gentes

482 1083 814 1155 subigendas
848 1084 950 1156 ipsi
983 1086 1122 1152 fore,
1164 1089 1553 1144 celebrandum
1586 1090 1764 1159 ipsum
1795 1106 1918 1146 esse
1945 1106 2063 1144 0m-

482 1174 665 1237 nibus,
696 1190 803 1229 non
833 1176 985 1231 brevi
1025 1186 1299 1248 tempore,
1331 1179 1425 1236 sed
1459 1196 1554 1250 per
1578 1196 1739 1237 omne
1776 1183 2056 1240 saeculum.

482 1264 540 1319 ln
567 1282 781 1321 summa
804 1269 939 1338 quid
983 1269 1131 1324 aliud
1173 1270 1262 1324 hic
1319 1286 1501 1326 sermo
1530 1283 1797 1337 recenset,
1829 1274 1934 1328 nisi
1979 1281 2061 1327 ta-

484 1359 587 1412 lem
616 1374 741 1414 csse
768 1359 863 1430 qui
896 1361 950 1415 in
982 1362 1254 1418 vaticinio
1284 1362 1479 1428 fertur,
1512 1366 1727 1435 qualem
1760 1381 1919 1421 nemo
1955 1382 2059 1419 uu-

481 1466 668 1521 quam,
697 1467 798 1507 nec
827 1453 881 1507 in
910 1451 1226 1510 Judaeorum
1256 1463 1437 1526 gente,
1464 1472 1643 1525 neque
1667 1457 1723 1510 in
1748 1457 1872 1512 aliis
1893 1457 2061 1511 fuisse

482 1544 843 1598 memoravit?
874 1543 1062 1615 Neque
1088 1546 1232 1613 enim
1274 1547 1392 1617 ipse
1437 1546 1718 1613 Salomon,
1753 1563 1929 1618 neque
1959 1546 2061 1600 Da-

479 1638 591 1701 vid,
627 1655 803 1709 neque
827 1640 1101 1710 quispiam
1125 1658 1510 1698 successorum
1533 1644 1580 1699 is
1603 1642 1889 1699 videbatur
1912 1660 2055 1707 esse,

476 1729 567 1781 cui
592 1744 655 1781 ea
700 1744 821 1797 quae
869 1729 922 1782 in
967 1730 1253 1800 prophetia
1304 1732 1556 1788 feruntur
1598 1733 1776 1804 aptari
1822 1735 2052 1804 possint.

2166 554 2315 590 σεται
2340 537 2447 610 γὰρ
2495 540 2571 603 ὡς
2598 541 2752 605 ὑετὸς
2782 543 2873 595 ἐπὶ
2916 544 3101 597 πόκον.
3131 564 3153 594 ι
3191 547 3548 620 Δικαιοσύνην
3562 568 3618 605 τε
3639 552 3748 607 λοι-

2165 626 2262 677 πὸν
2302 628 2750 697 ἐμπολιτεύεσθαι
2794 631 2872 701 τῷ
2921 633 3070 701 γένει
3095 634 3205 688 τῶν
3237 637 3537 711 ἀνθρώπων
3565 643 3658 695 ἐπὶ
3679 646 3744 714 τῇ

2163 717 2326 771 αὑτοῦ
2357 722 2649 793 παρουσίᾳ.
2671 724 3091 795 Ἐπικρατήσειν
3114 745 3173 780 τε
3202 729 3360 783 αὐτὸν
3395 734 3456 785 οὐ
3483 736 3581 806 τῆς
3617 738 3747 789 Ἰου-

2161 808 2313 871 δαίας
2350 812 2536 881 μόνης,
2571 813 2692 866 οὐδὲ
2725 813 2871 868 δυεῖν
2898 816 2929 887 ἢ
2961 817 3127 888 τριῶν
3158 820 3347 885 ἐθνῶν,
3369 823 3505 877 ἀλλὰ
3530 826 3745 880 πάντων

2163 900 2269 951 τῶν
2314 901 2432 954 καθ’
2465 902 2592 975 ὅλης
2640 904 2740 973 τῆς
2789 909 3133 980 οἰκουμένης,
3169 912 3344 966 πάντα
3388 932 3450 967 τε
3496 916 3566 968 τὰ
3614 918 3741 989 ἔθνη

2165 994 2599 1065 ῦποταγήσεσθαι
2624 998 2793 1068 αύτῷ,
2816 1000 3112 1070 ὀνομαστόν
3136 1021 3196 1056 τε
3217 1006 3377 1059 αὑτὸν
3407 1007 3624 1061 ἔσεσθαι
3647 1026 3747 1063 πα·-

2164 1086 2233 1156 ρὰ
2271 1087 2384 1149 τοῖς
2416 1088 2600 1150 πᾶσιν,
2632 1091 2691 1142 ού
2722 1093 2861 1145 κατά
2892 1110 3011 1147 τινα
3034 1096 3229 1166 χρόνον
3257 1097 3480 1169 βραχὺν,
3515 1101 3629 1154 ἀλλ’
3663 1105 3746 1167 είς

2164 1179 2378 1230 ἅπαντα
2414 1179 2503 1230 τὸν
2548 1180 2738 1234 αἰῶνα.
2777 1184 2886 1236 Καὶ
2918 1185 2969 1236 τί
3005 1185 3114 1257 γὰρ
3145 1188 3259 1242 ἄλλ’
3289 1189 3325 1260 ἤ
3357 1190 3595 1245 τοιοῦτόν
3620 1211 3744 1246 τινα

2162 1269 2380 1323 ἔσεσθαι
2413 1274 2503 1325 τὸν
2532 1273 2919 1346 θεσπιζόμενον
2958 1282 2988 1333 ό
3022 1282 3160 1350 μετὰ
3202 1286 3389 1354 χεῖρας
3434 1286 3743 1357 ὑπογράφει

2161 1359 2335 1429 λόγος,
2369 1364 2551 1416 ὁποῖον
2585 1366 2761 1430 οὐδεὶς
2791 1367 3009 1423 πώποτε
3041 1370 3165 1426 οὔτε
3201 1375 3445 1446 παρὰ,τῷ
3474 1379 3743 1433 Ἰουδαίων

2162 1451 2323 1516 ἔθνει,
2356 1453 2480 1507 οὔτε
2515 1461 2643 1528 παρ’
2678 1458 2882 1531 ἑτέροις
2914 1465 3193 1531 γεγονέναι
3222 1471 3580 1539 μνημονεύεις
3603 1471 3741 1526 Οὔτε

2162 1543 2270 1615 γὰρ
2322 1546 2483 1611 αὐτὸς
2516 1549 2790 1620 Σολομὼν,
2814 1552 2935 1606 οὔτε
2985 1556 3167 1620 Δαυῖδ,
3200 1559 3323 1614 οὔτε
3365 1580 3451 1626 τις
3482 1564 3590 1617 τῶν
3625 1566 3743 1637 μετ’

2161 1637 2356 1701 αὐτοὺς
2406 1638 2645 1705 τοιοῦτος
2692 1644 2887 1715 ἐφάνη,
2922 1646 2997 1710 ὡς
3049 1648 3288 1720 ἁρμόσαι
3333 1655 3438 1706 τινὶ
3468 1656 3648 1709 αὐτῶν
3671 1658 3742 1712 τὰ

2163 1726 2267 1780 ὑπὸ
2297 1728 2397 1796 τῆς
2430 1733 2766 1801 προφητείας
2799 1737 3342 1816 σημαινόμενα.“ορα
3371 1746 3554 1799 τοίνυν
3581 1751 3631 1801 εί
3666 1749 3744 1819 μὴ

477 1819 759 1890 Perpende
792 1798 1125 1891 igituruium
1168 1824 1467 1893 przemissis
1501 1825 1570 1881 de
1608 1798 1918 1883 servatoris
1962 1844 2058 1883 no-

2162 1820 2281 1882 ταῖς
2315 1798 2917 1893 προτεταγμέναιςδιὰ
2964 1798 3073 1879 τῶν
3113 1798 3422 1901 ἔμπροσθεν
3472 1798 3743 1907 περιττοῦ

478 1914 575 1967 ιιινί
606 1914 861 1983 passione
896 1916 1346 1985 praedictionibus
1376 1917 1513 1982 haec,
1546 1932 1653 1988 qua
1683 1933 1909 1989 regnum
1938 1920 2058 1990 ejus

476 2005 836 2073 describitur,
869 2017 1276 2078 consequenter
1302 2007 1613 2079 adjiciatur.
1647 2007 1753 2063 Par
1770 2017 1887 2064 erat
1912 2012 2059 2065 enim

478 2114 579 2153 nos
621 2114 744 2169 quae
784 2099 851 2153 ad
894 2099 1029 2154 illud
1071 2116 1295 2171 quoque
1350 2102 1586 2157 attinent
1629 2102 1867 2159 edoceri.
1921 2104 2057 2159 Cum

477 2202 659 2245 autem
692 2191 944 2262 plurima:
976 2194 1278 2264 prophetia:
1304 2194 1608 2262 Christum,
1649 2198 1740 2268 qui
1765 2213 1830 2251 ex
1856 2198 2061 2252 Davide

475 2281 745 2350 originem
788 2282 1060 2340 ducturus
1118 2294 1258 2349 erat,
1310 2287 1681 2354 celebrarent,
1726 2290 1855 2360 quia
1910 2290 2055 2345 veri-

475 2374 654 2429 simile
673 2383 813 2440 erat,
836 2378 1134 2433 nonnullos
1159 2378 1228 2433 iis
1247 2376 1597 2435 Salomonem
1619 2381 1851 2436 indicari
1875 2383 2057 2451 suspi—

474 2473 698 2521 caturos
730 2482 895 2531 esse;
931 2484 1055 2522 nam
1093 2468 1141 2523 is
1176 2470 1327 2526 solus
1374 2487 1440 2526 ex
1476 2472 1603 2529 filiis
1636 2472 1857 2529 Davidis
1892 2474 1945 2528 in
1979 2491 2060 2529 re-

474 2571 584 2625 gito
613 2558 849 2613 maxime
878 2559 1100 2622 claruit,
1136 2558 1252 2615 Deo
1282 2561 1547 2632 templum
1573 2564 1854 2628 excitavit,
1885 2572 1939 2618 et
1968 2580 2060 2620 sa-

477 2647 682 2725 pientia
715 2657 945 2705 ornatus
977 2648 1149 2707 fuisse
1189 2662 1569 2709 memoratur:
1603 2655 1919 2710 necessario
1956 2673 1979 2706 ι
2002 2655 2059 2709 in

479 2741 828 2797 Salomonem
854 2762 883 2795 ι
909 2744 1023 2800 haec
1046 2745 1332 2816 prophetia
1358 2747 1713 2811 inscribitur;
1744 2748 1860 2805 sive
1884 2748 2059 2818 ipsius

479 2834 793 2891 Salomonis
842 2852 968 2892 esse
1032 2837 1242 2908 fertur;
1298 2848 1357 2895 ut
1414 2856 1525 2895 non
1576 2841 1719 2895 ultra
1774 2849 2061 2911 putaretur

478 2927 660 2995 ipsum
692 2942 813 2981 esse
846 2943 912 2981 ex
948 2926 1172 2985 Davidis
1212 2930 1422 2985 semine
1451 2931 1544 3001 qui
1585 2932 2012 3001 exspectabatur
2042 2953 2054 2987 :

476 3033 545 3071 ex
571 3020 693 3088 ipso
722 3019 927 3091 quippe
964 3018 1257 3077 Salomone
1292 3023 1436 3079 alius
1466 3033 1734 3081 venturus
1779 3033 2059 3096 speratur,

479 3119 538 3163 ut
574 3112 676 3181 ipsi
707 3112 1039 3182 promissum
1070 3123 1173 3170 est.
1202 3114 1258 3170 Si
1283 3115 1467 3186 itaque
1494 3117 1796 3173 secundum
1831 3116 2058 3188 Septua-

476 3202 629 3270 ginta
678 3200 1043 3273 lntcrpretum
1091 3204 1310 3259 titulum
1362 3206 1419 3261 in
1472 3207 1652 3277 ipsum
1708 3207 2059 3264 Salomonem

476 3294 684 3348 dictum
722 3294 892 3352 fuisse
924 3297 1195 3367 psalmum
1243 3298 1639 3369 intelligamus,
1672 3300 1919 3357 dicemus
1955 3302 2060 3356 uti-

477 3401 583 3455 que
635 3385 898 3457 Spiritum
939 3397 1217 3457 sanctum,
1264 3405 1391 3445 cum
1447 3407 1547 3461 pro
1592 3390 1711 3463 ipso
1756 3394 2058 3448 orationem

481 3480 591 3535 Deo
648 3484 926 3549 emisisset
978 3486 1035 3540 in
1100 3486 1279 3555 primo
1333 3502 1518 3551 versu,
1580 3488 1674 3558 qui
1737 3489 1819 3543 sic
1872 3489 2058 3552 habet,

483 3591 509 3623 ο
531 3571 983 3644 Deus,judicium
1022 3585 1175 3632 tuum
1210 3578 1324 3648 regi
1357 3578 1447 3642 da,
1481 3599 1501 3630 ο
1536 3579 1591 3635 id
1624 3588 1709 3637 est
1740 3580 2057 3646 Salomoni;

478 3682 601 3735 qua‘
630 3676 939 3737 sequuntur
977 3669 1045 3725 de
1078 3670 1171 3724 illo
1198 3671 1292 3741 qui
1323 3670 1391 3726 ab
1422 3672 1543 3742 ipso
1574 3674 1893 3729 nasciturus
1939 3683 2062 3729 erat

478 3759 685 3816 dixisse
712 3761 800 3816 his
830 3761 1034 3825 verbis,
1079 3780 1095 3812 ι
1130 3762 1195 3816 Et
1218 3762 1491 3832 justitiam
1516 3772 1665 3819 tuam
1699 3764 1810 3820 lilio
1837 3766 2003 3835 regis,
2036 3786 2054 3818 ι

480 3848 533 3903 id
556 3860 660 3917 est,
695 3851 795 3922 ipsi
830 3850 960 3906 Jesu
991 3853 1083 3922 qui
1123 3868 1187 3907 ex
1220 3854 1429 3909 semine
1460 3854 1581 3924 ejus
1609 3863 1876 3912 venturus
1918 3865 2055 3911 erat.

480 3940 576 3997 Vel
603 3943 797 3997 horum
822 3960 942 4014 quae
982 3952 1283 3999 tractamus
1317 3946 1440 4001 talis
1474 3962 1629 4003 mens
1654 3948 1839 4012 fuerit,
1871 3950 2063 4005 decre-

478 4042 592 4089 tum
642 4051 671 4089 a
711 4037 911 4092 deitate
947 4044 1039 4090 tua
1096 4037 1302 4093 editum
1341 4039 1464 4102 fuit,
1514 4050 1679 4110 atque
1724 4042 1965 4096 edictum
2007 4052 2063 4098 et

474 4127 743 4197 judicium
784 4130 994 4199 regium
1046 4146 1109 4185 ex
1167 4131 1373 4201 Spiritu
1418 4139 1512 4186 tuo
1558 4134 1918 4188 constitutum
1952 4143 2061 4200 est,

482 4227 540 4274 ut
567 4235 631 4275 ex
667 4220 978 4276 Salomonis
1023 4223 1174 4292 prole
1222 4222 1483 4278 Servator
1526 4225 1715 4279 mundi
1754 4226 2058 4281 secundum

479 4326 701 4366 carnem
730 4311 1005 4382 gignatur.
1037 4311 1153 4367 Hoc
1189 4312 1356 4384 igitur
1376 4312 1649 4383 judicium
1685 4324 1860 4381 tuum,
1894 4318 2059 4381 Deus,

478 4416 626 4455 nunc
668 4400 887 4456 tandem
922 4404 1035 4473 regi
1065 4404 1154 4470 da,
1188 4402 1401 4459 scilicet
1449 4402 1748 4471 Salomoni,
1801 4415 1861 4461 ut
1897 4411 2063 4465 verba

479 4511 644 4567 opere
682 4498 1062 4568 compleantur
1092 4518 1103 4553 :
1136 4500 1353 4571 ipsique
1380 4498 1490 4570 regi
1525 4507 1886 4555 memoratum
1912 4502 2061 4571 judi-

478 4588 624 4643 cium
664 4592 934 4661 praebeas;
966 4591 1237 4661 justitiam
1274 4608 1403 4649 vero
1442 4599 1594 4646 tuam
1630 4592 1741 4648 lilio
1762 4594 1928 4665 regis,
1966 4596 2059 4665 qui

478 4694 545 4733 ex
575 4681 784 4736 semine
833 4681 955 4752 ejus
995 4683 1317 4751 proditurus
1349 4689 1475 4746 est;
1515 4690 1577 4735 ut
1606 4682 1699 4752 qui
1733 4698 1799 4737 ex
1853 4682 2061 4755 Spiritu

478 4770 732 4841 gignctur
766 4789 1057 4829 successor
1097 4775 1241 4843 ejus,
1285 4783 1512 4846 accepta
1534 4774 1748 4843 justitia
1777 4784 1893 4839 tua,
1928 4795 1947 4827 ι
1972 4777 2062 4846 ju-

477 4862 623 4915 dicet
652 4864 912 4932 populum
969 4870 1124 4917 tuum
1168 4865 1221 4917 in
1248 4864 1485 4933 justitia,
1535 4873 1588 4919 et
1630 4880 1905 4935 pauperes
1940 4875 2066 4921 tuos

478 4955 533 5007 in
558 4954 792 5023 judicio.
826 4974 845 5007 ι
880 4955 946 5009 Et
968 4961 1081 5011 hate
1108 4956 1357 5026 quidem,
1381 4958 1428 5011 si
1461 4958 1516 5011 in
1545 4957 1720 5029 ipsius
1752 4956 2063 5014 Salomonis

478 5060 765 5116 personam
813 5046 1083 5102 referatur
1136 5048 1421 5119 inscriptio
1478 5046 1834 5122 Septuaginta
1889 5051 2066 5106 Inter-

478 5146 712 5207 prctum.
750 5154 871 5209 quae
906 5158 929 5190 ι
980 5140 1037 5194 in
1066 5138 1413 5195 Salomonem
1453 5160 1475 5192 ι
1503 5142 1688 5197 habet.
1723 5140 1819 5196 Sin
1863 5158 2064 5198 secun-

479 5231 607 5283 dum
637 5230 876 5300 reliquos
903 5232 1231 5302 interpretes
1256 5231 1570 5288 Salomonis
1592 5232 1877 5304 prophetia
1910 5234 2064 5288 dica-

480 5334 567 5376 tur
607 5340 763 5383 csse:
804 5324 1049 5380 dicemus
1102 5325 1279 5417 ipsum
1333 5324 1678 5379 Salomonem
1718 5325 1923 5396 Spiritu
1977 5341 2064 5379 re-

480 5418 710 5486 pictum,
741 5425 852 5473 tres
899 5419 989 5473 hic
1038 5416 1304 5489 personas
1355 5416 1670 5481 declarare,
1716 5417 1919 5484 Deum,
1974 5418 2065 5473 cui

480 5510 783 5564 orationem
806 5511 1041 5574 emittit;
1074 5525 1277 5578 regem,
1304 5524 1464 5577 quem
1499 5510 1554 5562 in
1578 5510 1836 5565 universa
1873 5524 2063 5580 regna-

482 5610 664 5655 turum
688 5603 965 5663 credebat,
991 5600 1246 5655 videlicet
1288 5598 1481 5653 Filium
1533 5599 1623 5654 Dei
1652 5618 1665 5665 ;
1704 5602 1865 5655 tertio
1890 5601 2060 5655 homi-

486 5708 629 5753 nem,
662 5710 824 5761 quem
850 5692 1151 5760 assumpsit
1178 5706 1239 5744 ex
1275 5692 1482 5745 semine
1508 5689 1696 5755 David,
1730 5708 1793 5746 ex
1838 5694 2066 5763 ipsoque

491 5783 782 5839 Salomone
819 5781 1393 5845 nasciturum-,alium
1421 5781 1488 5835 ab
1537 5781 1627 5835 illo
1676 5798 1799 5853 rege
1855 5784 1945 5853 qui
2010 5785 2069 5840 iu

2163 1910 2369 1976 πάθους
2414 1913 2508 1966 τοῦ
2552 1914 2804 1987 Σωτῆρος
2845 1921 3218 1992 προρρήσεσιν
3263 1925 3571 1993 ἀκολούθως
3622 1947 3743 1983 συν-

2159 2004 2329 2073 ῆπται
2377 2006 2410 2075 ἡ
2464 2006 2602 2075 μετὰ
2649 2010 2839 2079 χεῖρας
2885 2011 2983 2082 τὴν
3014 2013 3289 2083 βασιλείαν
3322 2019 3487 2072 αὐτοῦ
3513 2020 3743 2092 διαγράς

2162 2113 2356 2165 φουσα.
2378 2098 2574 2168 Ἐχρῆν
2607 2099 2713 2173 γὰρ
2748 2102 2893 2172 ἡμᾶς
2924 2105 3017 2158 καὶ
3046 2107 3115 2160 τὰ
3147 2110 3272 2181 περὶ
3297 2110 3501 2181 ταύτης
3530 2114 3743 2167 παιδευ-

2161 2187 2339 2259 θῆναι.
2381 2190 2595 2242 Πολλῶν
2627 2192 2683 2245 δὲ
2711 2197 3056 2267 προφητειῶν
3098 2199 3190 2252 τὸν
3236 2202 3302 2253 ὲκ
3329 2203 3489 2254 Δαυῒδ
3529 2221 3747 2275 προφηο

2162 2282 2447 2352 τευόμενον
2478 2284 2712 2354 Χριστὸν
2743 2287 3092 2357 ἀνυμνουσῶν
3112 2308 3125 2319 ·
3160 2292 3345 2363 ἐπειδὴ
3367 2295 3512 2357 είκὸς
3531 2290 3598 2365 ἦν
3620 2297 3747 2349 61:0-

2158 2372 2339 2427 λαϐεῖν
2371 2393 2523 2439 τινας
2548 2377 2637 2429 τὸν
2657 2378 2978 2449 Σολομῶντα
2992 2381 3281 2452 δηλοῦσθαι
3314 2385 3379 2437 δι’
3404 2387 3613 2439 αὐτῶν
3646 2390 3727 2457 μό

2160 2484 2252 2529 νος
2275 2467 2384 2538 γὰρ
2412 2462 2567 2532 οὗτος
2598 2469 2706 2521 τῶν
2740 2470 2871 2523 υίῶν
2914 2474 3076 2525 Δαυῖδ
3108 2476 3457 2542 ἐπιδοξότατα
3496 2478 3745 2547 βασιλεύς

2163 2576 2281 2622 σας,
2311 2562 2403 2614 καὶ
2433 2561 2526 2614 τὸν
2563 2562 2695 2616 νεὼν
2721 2564 2908 2636 ἤγειρε
2937 2565 3015 2637 τῷ
3046 2567 3181 2637 Θεῷ,
3216 2570 3308 2623 καὶ
3336 2571 3495 2641 σοφίᾳ
3515 2572 3748 2643 διαπρέ-

2159 2652 2256 2722 ψαι
2293 2653 2711 2725 μεμαρτύρηται
2731 2671 2744 2686 ⁸
2775 2657 3138 2729 ἀναγκαίωςή
3166 2662 3501 2731 προκειμένη
3532 2680 3745 2733 προφη-

2159 2742 2280 2794 τεία
2319 2762 2337 2792 ι
2367 2745 2447 2806 εἰς
2474 2743 2794 2815 Σολομῶν-,τα
2822 2765 2838 2795 ι
2876 2746 3306 2818 ἐπιγέγραπται·
3353 2749 3386 2819 ἦ
3430 2752 3598 2804 αὐτοῦ
3649 2752 3750 2805 τοῦ

2163 2833 2506 2904 Σολομῶντος
2536 2832 2675 2888 εἶναι
2697 2834 2945 2911 λέλεκται
2966 2855 2977 2866 ’
3006 2839 3091 2890 ἵνα
3112 2840 3305 2910 μηκέτι
3332 2841 3492 2904 αὐτὸς
3524 2843 3747 2912 νομίζη-

2161 2942 2250 2976 ται
2281 2927 2309 2976 6
2344 2925 2792 2997 προσδοκώμενος
2845 2923 2987 2980 εἶναι
3030 2930 3092 2982 ἐκ
3135 2931 3333 2985 Δαυῖδ’
3388 2933 3445 2998 ἐξ
3499 2934 3746 2986 αύτοῦδὲ

2164 3016 2503 3088 Σολομῶντος
2534 3017 2807 3082 ἐλπίζεται
2840 3020 3024 3091 ἕτερος
3048 3022 3077 3073 ὁ
3102 3023 3195 3075 καὶ
3224 3025 3370 3094 αύτῷ
3404 3026 3746 3097 ἐπηγγελμέ-

2165 3128 2272 3175 νος.
2292 3111 2416 3164 Ἐὰν
2449 3111 2550 3182 μὲν
2573 3107 2665 3165 οῦν
2700 3111 3044 3183 ὲκδεξώμεθα
3072 3115 3150 3177 είς
3184 3116 3346 3170 αὑτὸν
3372 3116 3625 3187 εἰρῆσθαι
3656 3121 3753 3173 τὸν

2166 3202 2481 3274 Σολομῶντα
2501 3202 2593 3256 τὸν
2616 3203 2829 3274 ψαλμὸν
2875 3204 3015 3257 κατὰ
3060 3206 3156 3275 τὴν
3195 3206 3303 3258 τῶν
3343 3207 3749 3279 Ἐϐδομήκοντα

2168 3296 2511 3368 προγραφὴν,
2538 3296 2792 3367 ἐροῦμεν,
2829 3297 2912 3350 ὅτι
2958 3298 3020 3350 τὸ
3061 3298 3285 3369 Πνεῦμα
3323 3299 3383 3352 τὸ
3410 3301 3584 3369 ἅγιον,
3618 3305 3748 3374 περὶ

2165 3388 2327 3442 αὑτοῦ
2368 3389 2463 3459 τὴν
2493 3388 2655 3458 εὐχὴν
2682 3389 3010 3460 ἀναπέμψαν
3043 3390 3120 3461 τῷ
3144 3390 3260 3461 Θεῷ
3288 3392 3376 3445 διὰ
3403 3392 3495 3447 τοῦ
3528 3393 3749 3464 πρώτου

2165 3483 2368 3550 στίχου,
2404 3481 2469 3533 δι’
2495 3474 2556 3533 οῦ
2589 3480 2835 3553 εἴρηται·
2879 3501 2896 3532 ι
2920 3482 2977 3535 'U
3018 3482 3170 3546 Θεὸς,
3202 3484 3265 3537 τὸ
3312 3485 3483 3556 κρίμα
3529 3502 3625 3538 σου
3669 3486 3753 3556 τῷ

2164 3572 2371 3643 βασιλεῖ
2395 3572 2502 3635 δὸς,
2530 3592 2547 3625 ι
2585 3574 2827 3633 τουτέστι
2857 3574 2937 3644 τῷ
2965 3574 3400 3646 Σολομῶντι,τὸν
3430 3577 3557 3649 ἑξῆς
3586 3577 3751 3647 λόγον

2163 3667 2290 3737 περὶ
2312 3665 2403 3719 τοῦ
2425 3665 2483 3732 ἐξ
2504 3666 2669 3720 αύτοῦ
2696 3668 3061 3740 γενησομένου
3086 3670 3318 3721 ποιεῖται
3337 3685 3350 3697 ·
3373 3668 3452 3721 διὸ
3476 3670 3746 3737 ὲπιλέγευ

2129 3747 2186 3807 'c
2217 3760 2324 3812 Καὶ
2368 3760 2465 3830 τὴν
2510 3759 2855 3831 δικαιοσύνην
2891 3778 2983 3813 σου
3018 3761 3096 3832 τῷ
3134 3760 3234 3832 υἱῷ
3260 3761 3352 3814 τοῦ
3383 3761 3679 3831 βασιλέως
3722 3783 3742 3814 ι

2160 3849 2359 3920 δηλαδὴ
2386 3850 2465 3920 τῷ
2494 3850 2739 3921 μέλλοντι
2766 3852 3189 3923 προελεύσεσθαι
3223 3856 3287 3907 ὲκ
3312 3855 3629 3926 σπέρματος
3658 3856 3748 3908 αῦ-

2160 3942 2255 3995 τοῦ
2287 3942 2565 4013 ’1ησοῦ.“Ὴ
2580 3944 2691 3996 τῶν
2712 3944 3089 4015 προκειμένων
3114 3946 3142 3997 ὁ
3173 3945 3294 4009 νοῦς
3310 3945 3744 4018 τοιοῦτος·Ὂρος

2168 4035 2319 4105 παρὰ
2356 4035 2455 4102 τῆς
2490 4036 2589 4106 σῆς
2638 4035 2891 4107 θεότητος
2930 4037 3291 4108 ἐξενήνεκται,
3336 4038 3509 4108 δόγμα
3555 4056 3614 4092 τε
3652 4040 3747 4093 καὶ

2162 4126 2337 4197 κρίμα
2392 4126 2665 4195 βασιλικὸν
2724 4129 2788 4180 ὲκ
2856 4126 2949 4179 σοῦ
3011 4127 3325 4199 Πνεύματος
3369 4128 3735 4189 διατέτακται,

2175 4219 2252 4282 ὡς
2268 4218 2333 4271 ἂν
2358 4219 2421 4271 ἐκ
2435 4217 2536 4287 τῆς
2556 4218 2895 4289 Σολομῶντος
2912 4219 3162 4292 διαδοχῆς
3188 4221 3216 4271 ὁ
3252 4239 3315 4273 το
3330 4221 3533 4292 κόσμου
3551 4221 3747 4292 Μὴρ

2163 4310 2306 4364 κατὰ
2361 4312 2539 4384 σάρκα
2581 4312 2889 4385 γεννηθείη.
2917 4312 3088 4366 Τοῦτο
3128 4308 3220 4366 οῦν
3256 4314 3316 4367 τὸ
3357 4314 3533 4385 κρίμα
3566 4332 3682 4379 σου,
3712 4317 3743 4369 6

2165 4401 2318 4467 Θεὸς,
2347 4402 2449 4474 ἤδη
2495 4402 2627 4456 ποτὲ
2666 4401 2909 4475 δὼρησαι
2941 4402 3020 4474 τῷ
3056 4402 3282 4473 βασιλεῖ,
3311 4403 3510 4474 δηλαδὴ
3538 4403 3617 4474 τῷ
3649 4405 3749 4457 Σο-

2092 4510 2139 4569 D
2166 4493 2421 4565 λομῶντι,
2442 4493 2517 4557 ὡς
2545 4492 2610 4547 ἂν
2627 4493 2693 4546 δι’
2710 4492 2887 4565 ἔργων
2914 4495 3221 4565 χωρήσειαν
3249 4495 3297 4547 οἱ
3325 4494 3470 4562 λόγοι
3488 4511 3503 4523 ·
3535 4496 3630 4549 καὶ
3652 4496 3752 4548 a6-

2164 4585 2241 4657 τῷ
2274 4586 2371 4655 μὲν
2398 4585 2475 4655 τῷ
2509 4585 2720 4656 βασιλεῖ
2744 4585 2805 4639 τὸ
2830 4585 3069 4656 δηλωθὲν
3101 4586 3275 4658 κρίμα
3308 4586 3613 4656 παράσχου,
3648 4587 3748 4655 τὴν

2164 4678 2222 4731 δὲ
2246 4678 2591 4747 δικαιοσύνην
2614 4696 2706 4732 σου
2734 4677 2811 4749 τῷ
2834 4677 2934 4748 υἱῷ
2956 4678 3049 4731 τοῦ
3078 4677 3360 4749 βασιλέως,
3391 4678 3469 4749 τῷ
3495 4678 3746 4749 μέλλοντι

2166 4768 2228 4819 ἐκ
2264 4767 2579 4837 σπέρματος
2617 4766 2780 4822 αὑτοῦ
2824 4768 3281 4839 προελεύσεσθαιε
3315 4769 3379 4822 ἵν’
3404 4770 3433 4821 6
3470 4768 3750 4840 γεννώμε-

2166 4877 2254 4923 νος
2292 4862 2320 4913 6
2358 4861 2421 4913 ὲκ
2451 4858 2761 4931 πνεύματος
2797 4861 2887 4913 καὶ
2915 4860 3156 4929 διάδοχος
3197 4860 3381 4924 αὑτοῦ,
3415 4859 3752 4931 ὑποδεξάμε-

2166 4970 2255 5015 νος
2285 4952 2381 5024 τὴν
2420 4952 2519 5024 σὴν
2550 4951 2919 5023 δικαιοσύνην,
2968 4972 2986 5002 ι
3014 4951 3265 5025 διακρίνῃ
3291 4953 3383 5005 τὸν
3414 4952 3539 5005 λαόν
3569 4969 3663 5005 σου
3690 4955 3752 5005 ἐν

2164 5045 2499 5117 δικαιοσύνῃ,
2534 5045 2631 5098 καὶ
2660 5047 2783 5108 τοὺς
2814 5042 3059 5114 πτωχούς
3107 5061 3198 5096 σου
3251 5046 3309 5096 ἐν
3352 5044 3551 5114 κρίσει.
3588 5063 3605 5094 ι
3640 5044 3752 5097 Καὶ

2164 5134 2337 5192 ταῦτα
2359 5140 2475 5210 μὲν,
2501 5138 2657 5209 εἴπερ
2673 5141 2751 5201 εἰς
2770 5136 2933 5191 αὐτοῦ
2965 5135 3254 5209 προσώπου
3288 5134 3382 5189 τοῦ
3406 5136 3751 5207 Σολομῶντος

2167 5233 2490 5305 ἀναφέροιτο
2548 5234 2582 5303 ή
2649 5229 2942 5303 προγραφὴ
2990 5229 3132 5283 κατὰ
3180 5229 3308 5291 τοὺς
3346 5227 3751 5300 Ἐθδομήκοντα

2168 5329 2434 5399 φέρουσα,
2462 5344 2479 5376 ι
2506 5327 2585 5388 εἰς
2617 5323 2939 5392 Σολομῶντα
2958 5340 2971 5353 ·
3006 5343 3024 5373 ι
3054 5325 3102 5375 εἰ
3132 5321 3188 5375 δὲ
3214 5320 3356 5375 κατὰ
3382 5322 3507 5384 τοὺς
3530 5320 3751 5384 λοιποὺς

2169 5418 2510 5493 ἑρμηνευτὰς
2554 5415 2646 5470 τοῦ
2692 5414 3040 5485 Σολομῶντος
3072 5411 3494 5483 εἶναι).ἐγοιτοὴ
3539 5428 3753 5483 προφη-

2167 5512 2286 5563 τεία
2311 5551 2325 5572 ,
2375 5511 2655 5580 φήσομεν,
2695 5508 2778 5559 ὃτι
2812 5505 2974 5569 αὐτὸς
3011 5506 3040 5558 ὁ
3091 5504 3376 5575 Σολομὼν,
3433 5501 3750 5573 Πνεύματος

2169 5600 2498 5671 πληρωθεὶς,
2549 5600 2673 5670 τρία
2719 5598 2809 5650 διὰ
2845 5598 3051 5650 τούτων
3098 5597 3392 5668 παρίστησι
3440 5597 3746 5667 πρόσωπασ

2167 5694 2259 5746 τὸν
2289 5693 2441 5755 Θεὸν,
2478 5686 2521 5758 ᾧ
2552 5691 2649 5760 τὴν
2683 5691 2847 5760 εὐχὴν
2884 5689 3217 5758 ἀναπέμπει,
3251 5689 3345 5742 καὶ
3384 5688 3475 5740 τὸν
3507 5688 3743 5756 βασιλέα,

2171 5786 2227 5838 ὃν
2279 5784 2539 5837 πέπ;ιστο
2576 5782 2877 5852 βασιλεύειν
2909 5782 3015 5834 τῶν
3047 5781 3211 5843 ἐλωί,
3247 5780 3449 5851 δηλαδὴ
3485 5782 3573 5833 τὸν
3628 5781 3749 5832 l‘i‘m
