4068 6542
348 345 451 397 τυῦ

1448 350 1955 408 ΩΟΜΜΕΝΤΑΒΙΑ
1997 354 2061 408 ΙΝ
2105 352 2444 409 PSALMOS.

3509 357 3614 412 796

340 463 435 517 τοῦ
484 464 651 518 Θεοῦ’
701 467 794 520 καὶ
838 468 1021 538 τρίτον
1073 469 1132 522 δν
1178 469 1467 542 ἀνείληφεν
1528 472 1813 543 ἄνθρωπον
1864 476 1906 527 ὲι

2032 474 2243 545 psalmo
2281 471 2393 527 ait:
2431 489 2449 522 4
2492 469 2602 541 Ego
2649 478 2831 526 autem
2859 471 3195 526 constitutus
3241 486 3361 526 sum
3416 486 3512 527 rex
3541 472 3613 526 ab

340 556 657 628 σπέρματος
672 558 833 611 Δαυῒδ
846 559 905 625 ἐξ
928 561 1092 614 αὐτοῦ
1123 579 1184 615 τε
1211 561 1306 615 τοῦ
1344 563 1691 634 Σολομῶντος
1717 564 1919 633 γεννώ-

342 666 525 719 μενον,
555 650 743 722 ἕτερον
791 652 921 705 ὄντα
954 653 1107 725 παρὰ
1148 656 1242 708 τὸν
1297 654 1522 727 βασιλέα
1552 656 1642 709 τὸν
1687 656 1775 710 διὰ
1824 656 1918 710 τοῦ

336 742 556 814 ψαλμοῦ
595 744 767 813 φάντα
788 761 803 776 ο
838 764 857 797 4
894 745 1038 815 Ἐγὼ
1072 746 1128 800 δὲ
1171 748 1510 820 κατεστάθην
1545 749 1796 819 βασιλεὺς
1828 750 1919 803 ὑπ’

337 835 503 888 αὐτοῦ
555 837 649 890 ἐπὶ
676 836 816 890 Σιὼν
869 839 995 912 δρος
1048 841 1202 909 ἆγιον
1248 841 1414 895 αὐτοῦ
1439 881 1454 905 ,
1499 842 1828 913 διαγγέλλων
1858 843 1920 896 τὸ

337 928 668 1001 πρόσταγμα
695 932 924 1003 Κυρίου.
950 932 1156 1004 Κύριος
1170 928 1293 988 εἷπε
1312 934 1446 1006 πρὸς
1470 935 1538 1007 μέ
1559 954 1571 969 ·
1602 936 1730 1000 Υἱός
1748 954 1849 1007 μου
1869 931 1921 989 εἴ

338 1021 404 1074 σύ
430 1038 444 1051 °
480 1024 590 1091 ἐγὼ
620 1024 862 1097 σήμερον
881 1026 1191 1098 γεγέννηκά
1230 1044 1310 1082 σε.
1344 1028 1573 1101 Αἴτησαι
1597 1030 1727 1102 παρ’
1757 1030 1918 1102 ἐμοῦ,

335 1113 433 1167 καὶ
464 1112 620 1167 δώσω
654 1132 737 1169 σοι
772 1116 899 1188 ἔθνη
950 1118 1050 1190 τὴν
1099 1119 1465 1193 κληρονομίαν
1514 1138 1605 1175 σου
1627 1163 1642 1187 ,
1679 1122 1775 1176 κα)⁴
1819 1123 1918 1194 τὴν

332 1206 667 1277 κατάσχεσιν
718 1226 810 1263 σου
858 1210 926 1264 τά
968 1211 1181 1282 πέρατα
1222 1212 1324 1284 τῆς
1365 1216 1486 1285 γῆς.
1524 1233 1542 1266 ι
1572 1214 1670 1269 Διὰ
1710 1215 1918 1270 τούτων

330 1297 442 1370 γὰρ
460 1300 646 1369 σαφῶς
667 1304 967 1369 καταστὰς,
987 1303 1172 1359 ἀκούει
1200 1307 1336 1376 πρὸς
1354 1307 1449 1361 τοῦ
1472 1308 1685 1381 Πατρός
1703 1326 1717 1339 ο
1743 1328 1761 1359 4
1788 1309 1918 1373 Υἱός

333 1408 437 1461 μου
492 1388 544 1445 εἴ
593 1393 657 1447 σύ
682 1411 697 1426 ο
754 1394 866 1464 ἐγὼ
918 1398 1157 1470 σήμερον
1203 1399 1511 1470 γεγέννηκά
1562 1418 1640 1454 σε.
1689 1399 1919 1472 Αἴτησαι

329 1487 463 1556 παρ’
485 1485 642 1557 ἐμοῦ,
671 1489 766 1541 καὶ
792 1488 950 1542 δώσω
983 1507 1064 1543 σοι
1094 1491 1221 1562 ἔθνη
1247 1492 1345 1564 τὴν
1375 1492 1738 1565 κληρονομίαν
1763 1511 1911 1548 σου.»

326 1570 453 1627 Οῗδε
498 1576 555 1629 δὲ
602 1577 696 1630 καὶ
742 1579 906 1643 αὐτὸς
945 1582 974 1633 6
1023 1581 1274 1654 Σολομὼν
1322 1583 1415 1637 τὸν
1450 1584 1577 1638 Υἱὸν
1618 1585 1712 1639 τοῦ
1757 1585 1914 1651 Θεοῦ,

328 1667 523 1736 σοφίαν
566 1670 848 1741 ὀνομάζων
877 1672 1059 1737 αὐτὸν,
1095 1675 1153 1727 ὲν
1185 1669 1267 1739 οἷς
1317 1675 1377 1740 ἐξ
1410 1676 1575 1730 αὑτοῦ
1623 1676 1915 1749 προσώπου

324 1758 384 1809 ὲν
433 1758 762 1831 Παροιμίαις
817 1762 943 1817 τάδε
981 1764 1181 1835 φησίν·
1223 1784 1241 1816 4
1303 1764 1443 1834 Ἐγὼ
1489 1768 1523 1838 ή
1563 1767 1731 1837 Σοφία
1779 1785 1910 1821 κατα

2025 581 2091 620 co
2120 580 2287 634 super
2322 561 2453 618 Sion
2486 572 2726 618 montem
2787 571 3040 619 sanctum
3094 563 3250 633 ejus,
3304 563 3614 634 praedicans

2028 663 2355 727 praeceptum
2395 655 2625 710 Domini.
2659 654 2926 711 Dominus
2975 654 3114 710 dixit
3153 655 3223 709 ad
3264 671 3386 711 me:
3438 653 3612 712 Filius

2026 764 2182 804 meus
2219 764 2279 803 es
2303 756 2383 812 tu,
2418 763 2521 818 ego
2569 748 2730 803 hodie
2755 748 2918 817 genui
2955 756 3029 802 te.
3077 745 3301 803 Postula
3331 762 3361 801 a
3390 761 3476 803 me
3502 788 3518 812 ,
3556 756 3613 803 et

2025 839 2168 895 dabo
2202 840 2297 895 tibi
2335 847 2526 910 gentes
2573 838 2950 894 bacreditatem
2988 845 3171 904 tuam,
3212 846 3266 894 et
3314 840 3615 909 possessio-

2024 948 2148 989 nem
2201 941 2351 986 tuam
2400 932 2666 988 terminos
2720 931 2954 988 terraa’.
3014 950 3033 984 ι
3081 930 3179 986 His
3234 931 3380 986 enim
3427 940 3613 1001 aperte

2023 1025 2379 1089 constitutus,
2415 1025 2531 1080 lucc
2587 1040 2617 1079 a
2665 1023 2829 1079 Patre
2878 1023 3068 1079 audit:
3104 1043 3124 1076 4
3161 1022 3334 1079 Filius
3365 1039 3522 1078 meus
3552 1039 3613 1078 es

2023 1125 2104 1179 tu,
2138 1132 2239 1186 ego
2279 1116 2442 1173 hodie
2476 1115 2641 1187 genui
2675 1124 2744 1171 te.
2771 1114 2995 1171 Postula
3023 1130 3054 1169 a
3097 1131 3203 1181 me,
3236 1122 3289 1170 et
3333 1114 3473 1169 dabo
3513 1115 3609 1168 tibi

2022 1215 2213 1278 gentes
2260 1206 2634 1262 hereditatem
2684 1216 2855 1259 tuam.
2911 1224 2929 1256 ι
2986 1203 3146 1259 Novit
3199 1218 3364 1274 porro
3409 1209 3463 1256 et
3495 1203 3613 1271 ipse

2026 1296 2282 1353 Salomon
2318 1295 2518 1351 Filium
2551 1295 2667 1360 Dei,
2693 1296 2788 1366 qui
2814 1296 2994 1366 ipsum
3028 1294 3351 1365 sapientiam
3370 1300 3533 1348 vocat
3552 1292 3606 1345 in

2022 1389 2357 1453 Proverbiis,
2393 1388 2484 1443 ubi
2510 1403 2578 1443 ex
2609 1388 2729 1458 ejus
2751 1402 2989 1457 persona
3025 1388 3105 1442 sic
3138 1387 3412 1457 loquitur:
3442 1405 3462 1438 4
3498 1386 3610 1458 Ego

2026 1481 2304 1553 Sapientia
2329 1480 2629 1536 inliabitavi
2666 1480 2979 1545 consilium,
3004 1490 3059 1535 et
3087 1478 3395 1544 scientiam,
3426 1484 3482 1531 et
3511 1492 3607 1532 co-

2023 1580 2339 1650 gitationem
2364 1594 2464 1649 ego
2486 1575 2759 1632 invocavi.
2784 1574 2886 1631 Per
2915 1590 3002 1631 me
3026 1588 3184 1644 reges
3214 1578 3446 1641 regnant
3467 1570 3546 1637 *°;
3582 1590 3603 1623 ι

2023 1686 2088 1725 ac
2109 1668 2346 1725 deinde:
2384 1688 2401 1721 4
2454 1667 2721 1723 Dominus
2769 1665 2974 1722 creavit
3010 1681 3097 1720 me
3143 1663 3357 1717 initium
3391 1661 3606 1716 viarum

2024 1778 2246 1819 suarum
2279 1762 2334 1816 in
2373 1776 2541 1829 opera
2581 1776 2678 1815 sua
2709 1777 2721 1813 :
2761 1764 2886 1812 ante
2924 1756 3183 1812 saeculum
3212 1753 3459 1809 fundavit
3488 1768 3597 1814 me,

322 1853 607 1920 εσκήνωσα
633 1852 848 1925 βουλὴν,
878 1856 974 1909 καὶ
1002 1857 1202 1925 γνῶσιν
1228 1859 1323 1911 καὶ
1341 1859 1549 1913 ἔννοιαν
1581 1858 1690 1929 ἐγὼ
1714 1861 1906 1914 ἐπεκα-

2018 1845 2321 1926 antequam
2347 1860 2562 1909 montes
2591 1854 2997 1908 collocarentur
3025 1870 3037 1904 :
3071 1857 3198 1905 ante
3221 1863 3413 1905 omnes
3435 1846 3604 1902 colles

320 1940 588 2015 λεσάμην.
616 1947 696 1998 Δι’
724 1946 859 2017 ἐμοῦ
896 1946 1140 2017 βασιλεῖς
1168 1949 1541 2020 βασιλεύουσι·
1573 1970 1592 2001 ι
1630 1952 1722 2005 καλ⁵
1753 1952 1878 2024 ἑξῆς
1897 1972 1910 1985 ·

325 2052 346 2084 4
392 2034 600 2106 Κύριος
646 2037 832 2091 ἐκτισέ
898 2057 963 2110 με
1003 2041 1177 2112 ἀρχὴν
1218 2041 1355 2095 ὁδῶν
1420 2041 1586 2095 αὐτοῦ
1648 2043 1729 2106 εἰς
1779 2043 1915 2115 ἔργα

315 2127 510 2179 αὐτοῦ.
548 2129 660 2199 Πρὸ
687 2129 780 2183 τοῦ
820 2130 1017 2196 αἰῶνος
1046 2133 1375 2204 ἐθεμελίωσέ
1405 2152 1493 2205 με,
1536 2134 1641 2205 πρὸ
1677 2134 1773 2188 τοῦ
1811 2135 1915 2207 ὅρη

316 2217 702 2291 ἑδρασθῆναι·
758 2224 866 2296 πρὸ
924 2223 981 2276 δὲ
1034 2224 1253 2277 πάντων
1309 2224 1511 2295 βουνῶν
1556 2228 1720 2297 γεννᾷ
1774 2244 1860 2297 με.
1889 2247 1907 2279 ι

314 2310 574 2383 Γὲννημᾰ
603 2314 781 2368 τοίνυν
829 2315 923 2369 τοῦ
951 2316 1086 2370 Θεοῦ
1114 2318 1147 2388 ή
1199 2318 1359 2388 σοφία
1401 2320 1495 2372 καὶ
1524 2320 1552 2373 6
1586 2319 1714 2383 Υίὸς
1746 2320 1912 2373 αὐτοῦ

313 2406 345 2457 6
374 2406 721 2477 Μονογενής’
759 2408 856 2461 καὶ
907 2410 1042 2480 περὶ
1068 2408 1232 2462 αὐτοῦ
1276 2409 1374 2479 τὴν
1418 2408 1700 2481 παροῦσαν
1747 2408 1911 2479 εὐχὴν

314 2496 632 2568 ἀναπέμπει
666 2498 696 2549 6
728 2498 981 2569 Σολομὼν
1010 2501 1263 2569 φάσκωνο
1305 2520 1322 2552 4
1361 2502 1418 2555 ὐ
1440 2502 1593 2566 Θεὸς,
1624 2502 1687 2554 τὸ
1731 2501 1908 2574 κρίμα

316 2605 416 2641 σου
464 2590 540 2661 τῷ
574 2590 785 2661 βασιλεῖ
829 2593 953 2657 δὸς,
1000 2609 1021 2646 ι
1061 2593 1220 2664 δῆλον
1266 2594 1311 2647 δ’
1355 2595 1439 2647 ὅτι
1488 2594 1567 2665 τῷ
1616 2596 1912 2663 Μονογενεῖ

311 2681 477 2752 Λόγῳ
505 2699 619 2735 σου.
660 2683 881 2755 Ἐπειδὴ
915 2684 1025 2757 γὰρ
1050 2685 1272 2758 ἔκρινας
1302 2686 1465 2740 αὑτὸν
1490 2686 1582 2739 ἐπὶ
1607 2686 1711 2755 γῆς
1740 2686 1911 2755 ὀφθῆ-

312 2790 427 2837 ναι,
455 2774 543 2827 ἵνα
578 2775 651 2846 μὴ
693 2777 853 2847 μόνον
886 2777 997 2831 τῶν
1030 2778 1153 2831 κατ’
1187 2778 1457 2851 οὐρανῶν,
1494 2777 1634 2833 ἀλλὰ
1676 2778 1769 2831 καὶ
1798 2777 1908 2831 τῶν

313 2862 412 2915 ἐπὶ
440 2863 543 2935 γῆς
571 2863 849 2936 βασιλεύῃ,
872 2866 1029 2919 τοῦτο
1052 2867 1113 2921 τὸ
1138 2868 1315 2939 κρίμα
1339 2870 1440 2940 ήδη
1464 2869 1596 2921 ποτὲ
1625 2869 1716 2920 ἐπὶ
1734 2868 1908 2938 πέρας

312 2954 561 3021 ἀγέσθω·
594 2958 689 3010 καὶ
720 2958 820 3029 τὴν
848 2958 1195 3032 δικαιοσύνην
1225 2960 1284 3014 δὲ
1313 2962 1412 3032 τὴν
1446 2960 1544 3033 σὴν
1573 2961 1653 3032 τῷ
1679 2958 1782 3031 υἱῷ
1810 2960 1905 3014 τοῦ

311 3045 584 3116 βασιλέως
611 3049 719 3113 δὸς,
746 3050 939 3116 ὁΘεός·
960 3053 1075 3105 υἱοῦ
1101 3052 1367 3124 βασιλέως
1392 3053 1626 3108 ἐνταῦθα
1650 3052 1744 3106 τοῦ
1765 3053 1908 3107 κατὰ

310 3138 495 3211 σάρκα
512 3142 801 3212 νοουμένου
832 3146 897 3197 ὲκ
923 3144 1240 3216 σπέρματος
1250 3145 1434 3210 Δαυῒδ,
1458 3145 1515 3198 ὃν
1543 3145 1705 3208 αὐτὸς
1728 3143 1905 3215 ἑαυτῷ

2020 1946 2194 2018 gignit
2224 1962 2310 2002 me
2334 1946 2398 2000 ¹¹.
2437 1965 2456 1998 ι
2484 1943 2675 2000 Proles
2707 1944 2875 2016 igitur
2904 1942 2999 1997 Dei
3031 1951 3115 1997 est
3143 1940 3411 2010 sapientia
3434 1948 3489 1995 et
3511 1936 3605 1992 Fi-

2019 2037 2125 2091 lius
2174 2035 2296 2105 ejus
2343 2034 2708 2106 Unigenitus:
2760 2035 2936 2104 deque
2990 2034 3084 2087 illo
3142 2032 3400 2086 Salomon
3460 2031 3602 2086 hanc

2018 2122 2199 2179 fundit
2215 2124 2519 2179 oralionem
2541 2123 2760 2180 dicens:
2794 2142 2812 2175 4
2841 2122 3285 2191 Deus,judicium
3308 2130 3459 2177 tuum
3485 2122 3600 2183 regi

2015 2215 2109 2276 da,
2148 2235 2167 2268 ι
2203 2216 2417 2271 scilicet
2447 2214 2738 2287 Unigenito
2765 2214 2946 2270 Verbo
2993 2222 3110 2271 tuo.
3147 2213 3286 2280 Quia
3318 2214 3465 2269 enim
3509 2214 3604 2284 ju—

2014 2308 2215 2365 dicasti
2253 2316 2313 2362 ut
2342 2309 2395 2362 in
2428 2315 2577 2363 terra
2610 2308 2913 2371 videretur,
2948 2314 3007 2361 ut
3034 2323 3142 2361 nou
3174 2307 3334 2361 modo
3362 2306 3602 2360 ccelesti-

2014 2402 2142 2465 bus,
2165 2401 2261 2457 sed
2287 2403 2451 2456 etiam
2487 2400 2721 2455 terrenis
2750 2406 3035 2470 regnaret;
3067 2400 3169 2454 hoc
3200 2397 3468 2467 judicium
3485 2397 3601 2469 jam

2012 2495 2234 2550 demum
2273 2494 2341 2549 ad
2390 2492 2685 2548 terminum
2745 2492 3069 2547 deducatur.
3130 2491 3409 2547 Justitiam
3471 2491 3600 2547 item

2011 2595 2159 2641 tuam
2196 2586 2306 2640 lilio
2336 2585 2481 2657 regis
2504 2624 2519 2649 ,
2560 2599 2594 2640 ο
2625 2583 2771 2640 Deus
2795 2624 2809 2647 ,
2842 2584 3082 2640 concede
3111 2603 3124 2639 :
3160 2585 3249 2640 hic
3289 2599 3421 2639 vero
3456 2583 3603 2639 [ilius

2010 2676 2157 2746 regis
2208 2675 2533 2745 intelligitur
2562 2674 2867 2741 secundum
2901 2688 3124 2729 carnem
3154 2689 3222 2729 ex
3255 2673 3463 2729 semine
3494 2672 3600 2727 Da-

2010 2768 2123 2831 vid,
2154 2784 2317 2837 quem
2352 2766 2445 2822 Dei
2471 2765 2733 2830 Verbum,
2766 2767 2911 2837 quod
2948 2775 3107 2821 antea
3133 2766 3455 2831 exsistebat,
3492 2765 3599 2820 sibi

2009 2875 2074 2915 ex
2128 2858 2333 2929 Spiritu
2383 2866 2576 2915 sancto
2638 2866 2693 2914 et
2752 2867 2944 2914 sancta
2993 2856 3213 2928 Virgine
3274 2856 3595 2913 constituit:

2009 2966 2171 3022 quem
2217 2949 2343 3004 item
2379 2958 2513 3020 puto
2547 2947 2896 3003 Salomonem
2954 2947 3008 3001 in
3056 2947 3368 3009 Proverbiis
3402 2945 3597 3001 subin-

2010 3044 2196 3099 dicare
2220 3043 2305 3098 his
2328 3042 2547 3098 verbis:
2586 3060 2604 3093 4
2643 3042 2777 3106 Quis
2807 3041 3055 3097 ascendit
3086 3042 3139 3096 in
3170 3042 3367 3095 cmlum
3410 3052 3464 3097 et
3502 3040 3599 3096 de-

2010 3138 2232 3193 cendit?
2264 3136 2401 3203 Quis
2462 3137 2813 3207 congregavit
2873 3142 3069 3190 ventos
3134 3136 3189 3189 in
3240 3136 3410 3191 sinu?
3461 3133 3599 3200 Quis

306 3230 339 3283 6
399 3229 584 3300 προὼν
614 3231 709 3285 τοῦ
741 3233 877 3288 Θεοῦ
929 3235 1105 3318 Λόγος
1146 3235 1207 3301 ἐξ
1254 3237 1409 3306 ἁγίου
1451 3236 1770 3308 Πνεύματος
1807 3236 1901 3289 καὶ

2011 3229 2277 3283 convertit
2304 3242 2499 3296 aquam
2543 3226 2599 3279 in
2628 3225 3063 3282 vestimentum?
3107 3225 3243 3290 Quis
3279 3222 3601 3279 dominatus

304 3320 410 3390 τῆς
435 3322 605 3391 ἁγίας
628 3324 913 3400 Παρθένου
962 3330 1328 3400 συνεστήσατο
1348 3346 1362 3359 ο
1390 3328 1448 3382 ὃν
1483 3330 1578 3382 καὶ
1607 3331 1664 3381 ἐν
1704 3329 1905 3397 Παροι-

313 3412 468 3494 (iiut;
496 3423 826 3477 αἰνίττεσθαι
860 3422 951 3477 τὸν
968 3422 1293 3493 Σολομῶντα
1312 3422 1448 3493 ήγοῦ
1458 3440 1553 3493 μαι
1577 3423 1644 3476 δι’
1664 3415 1739 3474 ὧν
1754 3413 1904 3493 ’γρά-

309 3532 403 3583 φει
418 3515 750 3583 λέγωνοιΤίς
777 3516 945 3586 ἀνέϐη
966 3517 1046 3578 είς
1062 3515 1152 3569 τὸν
1172 3516 1398 3587 οὐρανὸν
1415 3516 1509 3568 καὶ⁵
1536 3515 1740 3584 κατέϐη
1766 3531 1780 3579 ;
1807 3514 1905 3577 Ti;

311 3608 622 3677 συνήγαγεν
648 3607 883 3679 ἀνέμους
910 3609 967 3661 ὲν
994 3608 1208 3679 κόλπῳ;
1240 3607 1338 3671 Τίς
1366 3608 1727 3679 συνέστρεψεν
1759 3606 1904 3677 ὕδωρ

309 3702 372 3752 ὲν
392 3698 594 3769 ἱματίῳ
618 3716 633 3763 ;
656 3697 752 3762 Ti;
770 3700 1043 3771 ἐκράτησε
1066 3698 1287 3752 πάντων
1304 3698 1412 3751 τῶν
1436 3699 1623 3769 ἄκρων
1642 3702 1745 3769 τῆς
1765 3698 1867 3768 γῆς
1886 3714 1901 3761 ;

309 3793 379 3845 Τί
400 3792 569 3861 ὄνομα
599 3790 767 3862 αὐτῷ,
797 3792 889 3845 καὶ
920 3792 974 3844 τί
999 3791 1169 3861 ὄνομα
1200 3790 1279 3862 τῷ
1304 3790 1420 3861 Υἰῷ
1453 3790 1653 3856 αὐτοῦς
1688 3810 1706 3841 ι
1746 3789 1903 3843 υῦτω

309 3879 422 3951 γὰρ
458 3882 812 3952 ήρμήνευσαν
843 3881 893 3934 oi
937 3880 1146 3934 λοιποίο
1186 3881 1215 3932 6
1263 3880 1361 3951 μὲν
1423 3880 1654 3944 Ἀκύλας
1691 3878 1860 3933 εἰπών
1885 3897 1898 3909 ·

315 3991 336 4021 4
370 3972 434 4023 Τί
462 3973 634 4043 δνομα
667 3972 837 4043 αὐτῷ,
864 3974 960 4027 καὶ
980 3972 1033 4026 τί
1060 3973 1231 4044 ὄνομα
1262 3970 1346 4042 τῷ
1381 3972 1493 4043 Υἱῷ
1520 3972 1723 4037 αύτοῦ;
1758 3992 1777 4024 ι
1808 3971 1903 4025 καὶ

307 4068 339 4117 6
362 4064 655 4118 Θεοδοτίων
672 4065 875 4136 ὁμοίως
890 4083 903 4095 ·
919 4084 938 4117 4
955 4065 1021 4118 Ti
1050 4064 1220 4136 ὄνομα
1252 4064 1420 4135 αύτῷ,
1443 4064 1535 4118 καὶ
1551 4065 1603 4117 τί
1630 4064 1800 4135 ὄνομα
1824 4065 1902 4136 τῷ

309 4154 429 4225 Υἰῷ
462 4154 664 4221 αύτοῦ;
694 4174 712 4207 ι
758 4155 951 4225 Σαφῶς
988 4154 1098 4226 γὰρ
1130 4158 1187 4209 ὲν
1233 4156 1446 4219 τούτοις
1491 4157 1589 4227 μὲν
1620 4157 1902 4229 κρατήσας

308 4248 409 4318 τῆς
442 4248 565 4318 γῆς,
603 4248 697 4301 καὶ
730 4246 1126 4319 καταϐεϐηκὼς
1154 4248 1249 4301 καὶ
1281 4244 1519 4301 ἀνελθὼν
1545 4248 1625 4311 είς
1651 4247 1897 4319 οὐρανὸν,

308 4340 381 4393 τά
410 4357 470 4393 τε
504 4339 667 4393 λοιπὰ
694 4340 923 4411 δεόμενα
947 4340 1047 4411 τῆς
1081 4338 1221 4394 κατὰ
1252 4339 1446 4411 σχολήν
1472 4338 1768 4411 ἑρμηνείας
1806 4357 1902 4392 πε-

310 4431 579 4504 ποιηκὼς,
615 4433 789 4497 οὐδεὶς
820 4432 887 4486 ἂν
913 4433 1120 4501 γένοιτο
1139 4432 1325 4504 ἕτερος
1344 4431 1438 4487 τοῦ
1466 4430 1597 4485 Υίοῦ
1621 4431 1716 4485 τοῦ
1739 4430 1896 4494 Θεοῦ,

308 4528 371 4592 ὃς
398 4525 540 4580 αὐτὰ
566 4526 631 4597 δὴ
657 4525 833 4579 ταῦτα
857 4525 1123 4579 διδάσκων
1161 4524 1348 4592 ἔλεγεν
1371 4541 1385 4554 ⁸
1427 4542 1445 4576 4
1474 4523 1663 4588 Οὐδεὶς
1699 4523 1898 4578 ἀναϐέ-

2009 3328 2092 3375 est
2115 3320 2358 3373 omnium
2402 3318 2592 3374 ﬁnium
2649 3316 2847 3373 terrae?
2877 3317 3030 3383 Quod
3073 3333 3270 3372 nomen
3320 3315 3441 3387 ejus
3467 3356 3482 3380 ,
3534 3324 3600 3393 et

2005 3414 2149 3485 quod
2175 3404 2373 3469 nomen
2406 3413 2517 3468 lilio
2573 3412 2694 3483 ejus
2720 3412 2806 3467 ”?
2842 3433 2861 3464 ι
2920 3411 3011 3468 Sic
3049 3412 3195 3467 enim
3251 3407 3600 3479 interpretati

2010 3516 2144 3564 sunt
2186 3507 2405 3578 reliqui,
2436 3507 2631 3577 Aquila
2685 3507 2897 3563 scilicet
2933 3507 3161 3561 dicens:
3215 3524 3234 3556 4
3273 3502 3428 3570 Quod
3492 3517 3603 3556 no-

2004 3615 2127 3654 men
2158 3599 2299 3669 ipsi,
2342 3608 2396 3653 et
2440 3598 2587 3669 quod
2626 3613 2823 3652 nomen
2859 3598 2969 3651 lilio
3014 3596 3170 3665 ejus?
3211 3615 3229 3645 ι
3294 3591 3603 3648 Theodotio

2005 3691 2292 3754 similiter,
2351 3708 2370 3741 4
2409 3690 2565 3756 Quod
2620 3706 2819 3745 nomen
2868 3689 3024 3758 ejus,
3086 3696 3140 3743 ct
3192 3686 3336 3757 quod
3395 3699 3598 3739 nomen

2005 3784 2117 3839 [ilio
2149 3783 2316 3852 ejus?
2350 3804 2368 3835 ι
2404 3782 2566 3838 Clare
2604 3783 2749 3837 enim
2785 3781 2879 3851 qui
2909 3781 2998 3835 hic
3032 3779 3208 3835 fertur
3227 3786 3388 3833 terra:
3426 3777 3599 3845 impe-

2002 3890 2175 3938 rasse,
2202 3874 2557 3931 descendisse
2601 3884 2655 3929 et
2681 3872 2998 3928 ascendisse
3033 3872 3087 3925 in
3120 3870 3345 3937 ccelum,
3375 3876 3430 3922 et
3467 3866 3598 3921 reli-

2001 3980 2110 4036 qua
2158 3964 2471 4035 peregisse,
2537 3978 2658 4034 qua:
2707 3962 2928 4016 nonnisi
2981 3976 3077 4031 per
3121 3959 3295 4013 otium
3335 3953 3597 4027 explicari

2002 4064 2255 4127 possunt,
2288 4056 2474 4111 nullus
2501 4056 2643 4109 alius
2674 4068 2837 4125 quam
2872 4052 3044 4106 Filius
3085 4049 3181 4104 Dei
3237 4046 3403 4102 fuerit
3425 4088 3441 4113 ,
3503 4044 3605 4115 qui

2003 4150 2119 4205 lucc
2151 4151 2268 4220 ipsa
2303 4149 2534 4205 docebat
2582 4148 2671 4203 bis
2720 4146 2901 4202 verbis
2937 4165 2949 4200 :
2996 4162 3014 4194 4
3052 4141 3225 4197 Nemo
3261 4137 3509 4195 ascendit
3541 4138 3605 4191 in.

2010 4242 2243 4306 malum,
2300 4240 2407 4296 nisi
2459 4239 2551 4309 qui
2584 4238 2651 4294 de
2686 4238 2825 4294 coelo
2878 4232 3163 4291 descendit
3216 4228 3388 4285 Filius
3417 4227 3607 4283 homi~

1972 4337 2087 4389 -nis
2122 4334 2186 4387 ¹³.
2230 4353 2249 4386 ι
2290 4332 2395 4399 Qui
2425 4342 2607 4386 autem
2660 4329 2751 4385 hic
2781 4327 2953 4382 Filius
2983 4326 3104 4396 ejus
3144 4322 3366 4385 dicitur,
3399 4334 3605 4373 secun-

2001 4429 2131 4483 dum
2167 4442 2390 4482 carnem
2426 4425 2788 4496 intelligatur,
2820 4436 2982 4491 quam
3007 4434 3072 4473 ex
3106 4415 3315 4472 semine
3350 4410 3519 4466 David
3542 4417 3603 4466 et:

2003 4520 2316 4577 Salomonis
2344 4518 2543 4573 factam
2575 4520 2803 4586 accepit.

309 4622 481 4692 δηκεν
514 4622 594 4685 εἰς
622 4620 714 4674 τὸν
745 4620 974 4691 ούρανὸν
1015 4622 1066 4673 εἰ
1103 4620 1180 4692 μὴ
1206 4621 1234 4672 6
1260 4621 1325 4673 ὲκ
1357 4618 1453 4673 τοῦ
1498 4618 1726 4691 ούρανοῦ
1762 4618 2005 4683 καταϐάς
2044 4620 2072 4672 6
2131 4617 2259 4680 Υἱὸς
2307 4615 2401 4669 τοῦ
2451 4612 2769 4685 ἀνΘρώπΟΨ
2822 4630 2840 4663 ι
2880 4610 2937 4677 Ὀ
2963 4608 3006 4659 δ’
3033 4605 3265 4658 ἐνταῦθα
3308 4598 3605 4669 λεγόμενος

306 4712 477 4767 αὐτοῦ
513 4714 641 4778 Υἱὸς
671 4715 755 4786 εἴη
784 4714 852 4767 ἂν
884 4716 913 4767 6
934 4714 1078 4768 κατὰ
1127 4714 1305 4787 σάρκα
1334 4714 1644 4785 νοούμενος,
1670 4714 1738 4786 ἢν
1797 4712 2091 4785 ἀνείληφεν
2122 4713 2188 4765 ὲκ
2222 4711 2540 4782 σπέρματος
2574 4706 2737 4759 Δαυῖδ
2770 4704 2861 4758 καὶ
2896 4699 3237 4771 Σολομῶντος
3274 4692 3601 4765 γενομένην.

395 4828 536 4880 Ἀλλ’
575 4827 699 4881 ἐπεὶ
733 4827 1000 4881 Ἰουδαίων
1029 4828 1220 4892 παῖδες
1256 4828 1360 4892 τὰς
1394 4830 1765 4901 προκειμένας
1794 4829 1902 4883 τῶν

2080 4825 2185 4882 Sed
2212 4820 2340 4896 quia
2369 4823 2543 4879 Judtei
2573 4823 2673 4878 bas
2716 4817 3141 4874 Proverbiornm
3178 4826 3338 4867 voces
3369 4809 3603 4863 univera

308 4918 629 4991 Παροιμιῶν
662 4920 845 4989 φωνάς
874 4922 955 4983 εἰς
986 4921 1078 4974 τὸν
1115 4923 1209 4974 ἐπὶ
1238 4922 1456 4977 πάντων
1492 4921 1625 4975 Θεὸν
1666 4921 1895 4987 ἀνάξου-

310 5028 418 5075 σιν,
442 5012 541 5064 οὐκ
573 5013 773 5075 εἰδότες
797 5012 888 5065 τὸν
913 5014 1039 5067 Υίὸν
1054 5014 1148 5066 τοῦ
1180 5014 1339 5078 Θεοῦ,
1361 5013 1599 5066 δεικτέον
1622 5014 1805 5077 αὐτοῖς
1833 5015 1899 5066 ὲκ

307 5103 419 5156 τῶν
445 5105 826 5175 προκειμένων
849 5107 924 5170 ὡς
963 5105 1091 5157 Υξὸν
1130 5105 1288 5170 Θεοῦ,
1324 5106 1512 5175 σαφῶς
1540 5107 1633 5159 καὶ
1670 5106 1897 5177 διαῤῥή-

306 5194 407 5263 δην
437 5194 769 5267 παρίστησιν
795 5198 828 5267 ή
867 5195 1061 5270 Γραφὴ
1088 5195 1321 5264 λέγουσα
1339 5214 1353 5226 ο
1394 5215 1414 5248 4
1439 5197 1504 5249 Ti
1525 5196 1698 5269 δνομα
1726 5195 1897 5266 αὐτῷ,

306 5288 405 5339 καὶ
423 5286 477 5340 τί
507 5288 676 5358 ὖνομα
709 5288 789 5359 τῷ
821 5288 934 5359 Υἱῷ
966 5288 1164 5353 αὐτοῦς
1201 5308 1219 5338 ι
1248 5290 1474 5343 Φάσκων
1504 5288 1562 5342 δὲ
1588 5290 1617 5342 6
1655 5287 1811 5357 λόγος
1841 5289 1899 5341 ὲν

305 5378 388 5448 τῷ
412 5378 613 5452 ψαλμῷ
639 5398 649 5407 ·
677 5400 696 5432 4
731 5382 790 5435 Ὀ
820 5382 974 5447 Θεὸς,
998 5382 1059 5434 τὸ
1081 5382 1257 5453 κρίμα
1287 5400 1381 5435 σου
1406 5381 1484 5453 τῷ
1518 5382 1729 5452 βασιλεί
1751 5380 1892 5445 δὸς,›

308 5470 440 5524 ἄλλο
468 5466 604 5524 εἶναι
627 5472 689 5525 τὸ
709 5472 886 5544 κρίμα
913 5473 1064 5544 παρὰ
1086 5473 1185 5544 τὴν
1211 5475 1394 5546 κρίσιν
1416 5474 1680 5529 διδάσκει.
1704 5472 1895 5546 Κρίμα

307 5562 421 5634 γάρ
453 5564 515 5616 τὸ
546 5564 695 5629 ἅπαξ
726 5564 883 5631 δόξαν
912 5564 989 5636 τῷ
1015 5564 1133 5636 Θεῷ
1162 5566 1256 5619 καί
1286 5565 1345 5618 τὸ
1376 5564 1564 5637 κριθὲν
1591 5567 1718 5637 παρ’
1745 5564 1895 5636 αὐτῷ

308 5658 595 5726 τυγχάνεν
647 5659 827 5729 κρίσις
868 5658 925 5714 δὲ
977 5658 1083 5711 τῶν
1132 5657 1468 5731 κρινομένων
1513 5657 1817 5731 διάκρισις,

386 5838 407 5868 ’
434 5835 577 5893 Psal.
609 5855 668 5905 ιι,
696 5839 815 5893 6-8.
899 5840 939 5871 ¹⁰
965 5838 1121 5894 Prov.
1160 5855 1280 5902 vin,
1315 5840 1395 5895 l2.
1478 5841 1514 5871 “
1545 5838 1677 5895 ibid.
1707 5838 1797 5902 9.2,
1830 5836 1917 5891 '25.

1998 4935 2184 4975 sorum
2216 4918 2326 4973 Deo
2377 4916 2636 4977 referent,
2671 4913 2981 4969 nescientes
3033 4907 3227 4963 Filium
3288 4903 3385 4959 Dei
3441 4902 3606 4956 hisce

1999 5013 2181 5069 verbis
2220 5011 2378 5082 quasi
2417 5025 2546 5065 vere
2586 5006 2780 5062 Filium
2812 5004 2906 5060 Dei
2940 4998 3426 5058 demonstrandum
3461 4996 3597 5067 ipsis

2000 5120 2144 5168 esse,
2174 5102 2227 5157 id
2263 5102 2411 5155 clare
2444 5107 2501 5155 et
2535 5106 2721 5169 aperte
2749 5095 3035 5165 Scriptura
3087 5092 3331 5147 declarat
3362 5089 3448 5142 bis
3477 5101 3596 5141 ver-

2002 5196 2121 5251 bis:
2151 5214 2169 5246 4
2194 5194 2352 5261 Quod
2381 5208 2580 5247 nomen
2608 5191 2750 5261 ejus,
2769 5196 2823 5246 et
2846 5187 2991 5259 quod
3018 5201 3213 5241 nomen
3232 5182 3370 5238 Filio
3390 5180 3536 5251 ejus?
3567 5198 3590 5230 ι

2006 5289 2144 5344 Cum
2193 5296 2371 5342 autem
2402 5284 2689 5355 Scriptura
2728 5282 2783 5337 in
2820 5282 3030 5351 psalmo
3065 5279 3222 5342 dicit,
3260 5296 3277 5327 4
3318 5274 3483 5336 Deus,
3511 5272 3598 5342 ju-

2005 5382 2211 5437 dicium
2264 5386 2416 5433 tuum
2466 5378 2579 5448 regi
2622 5375 2726 5441 da;
2770 5394 2788 5426 ι
2833 5373 3111 5429 diversum
3156 5386 3279 5425 esse
3324 5366 3595 5437 judicium

2004 5489 2035 5529 a
2063 5472 2405 5543 judicatione
2431 5470 2612 5525 docet.
2642 5466 2777 5522 Nam
2829 5465 3096 5536 judicium
3131 5471 3218 5518 est
3245 5459 3389 5531 quod
3423 5458 3595 5513 semel

2004 5564 2114 5620 Deo
2155 5564 2413 5635 placitum
2450 5573 2503 5617 et
2529 5560 2834 5631 judicatuin
2872 5564 2993 5624 est;
3024 5554 3292 5626 juclicatio
3341 5565 3472 5605 vero
3504 5555 3591 5604 est

2002 5672 2190 5713 eorum
2221 5672 2340 5728 qum
2365 5655 2684 5726 judicantur
2718 5665 2967 5713 examen,
3004 5647 3149 5718 quod
3201 5643 3449 5715 sequitur
3490 5655 3591 5711 pro

2002 5838 2039 5868 ¹²
2073 5834 2231 5890 Prov.
2258 5836 2345 5891 5ft.
2376 5834 2425 5887 4.
2544 5833 2585 5863 ⁸³
2616 5829 2773 5885 Joan.
2802 5844 2884 5893 ιιι,
2930 5827 3013 5881 l3.
