4068 6514
501 332 605 389 795

1172 334 1441 390 EUSEBII
1479 333 1964 391 CESARIBNSIS
2004 332 2154 390 ΟΡΡ.
2198 333 2379 387 PARS
2419 332 2599 391 lll.-—-
2630 330 3040 387 EXEGETICA.

3649 330 3759 388 798,

497 450 697 505 merito
726 450 956 521 singulis
994 451 1119 505 data
1162 452 1469 509 retributio.
1519 452 1700 519 Quare
1729 453 1817 506 hic
1846 468 1955 506 non
1992 452 2072 521 ju-

2180 452 2575 525 παρακολουθεῖ
2606 449 2669 503 τὸ
2715 451 2834 504 κατ’
2868 448 3022 514 ἀξίαν
3066 444 3463 518 ἀπονεμητικδν
3512 444 3748 517 ἑκάστῳ.

498 541 825 598 dicationem
876 544 1115 613 postulat
1148 546 1259 614 regi
1292 546 1431 607 dari,
1465 546 1561 602 sed
1601 546 1866 615 judicium
1891 585 1907 609 ,
1959 547 2074 601 sive

498 635 824 690 sententiam
856 643 911 690 et
942 636 1197 704 placitum
1226 635 1407 691 Patris
1435 637 1502 691 de
1535 637 1721 691 divino
1747 636 1867 692 Filii
1897 637 1983 692 sui
2007 636 2074 690 ad

498 723 750 780 homines
782 724 1036 779 adventu.
1093 725 1369 781 Iudicium
1420 728 1604 797 itaque
1657 729 1805 799 regi,
1859 729 2072 798 justitia

496 830 629 871 vero
656 815 767 870 ﬁlio
796 819 938 887 regis
967 816 1147 872 datur.
1181 819 1303 888 Ipse
1327 819 1527 889 quippe
1560 835 1654 873 rex
1680 820 1891 889 justitia
1933 829 2072 881 erat,

496 913 559 959 ut
615 906 857 960 declarat
913 907 1205 979 Apostolus
1257 910 1494 967 dicens:
1536 930 1554 963 ι
1597 912 1700 979 Qui
1760 911 1938 967 factus
1988 920 2074 968 est

496 994 657 1050 nobis
690 997 957 1066 sapientia
989 1014 1018 1052 a
1051 998 1183 1065 Deo,
1208 1000 1424 1071 justitia
1456 1003 1583 1057 item
1612 1013 1667 1057 et
1691 1004 2070 1068 sanctificatio,

494 1096 550 1142 et
577 1090 880 1161 redemptio
907 1092 969 1147 “.
1010 1111 1028 1144 ι
1068 1091 1194 1148 Haec
1244 1097 1425 1164 itaque
1461 1093 1640 1149 Patris
1699 1094 1912 1165 justitia
1964 1095 2074 1149 tilio

494 1178 640 1249 regis
691 1180 817 1234 data
877 1191 959 1238 est
1025 1198 1093 1238 ex
1141 1185 1348 1239 semine
1399 1183 1567 1239 David
1619 1185 1919 1239 secundum
1952 1200 2074 1240 car—

498 1284 622 1324 nem
681 1268 870 1327 facto:
912 1274 967 1328 in
1002 1289 1110 1343 quo
1162 1290 1263 1330 ceu
1307 1275 1362 1329 in
1413 1276 1613 1346 templo
1660 1276 1919 1331 habitavit
1977 1275 2071 1330 Dei

492 1362 719 1416 verbum
773 1376 826 1419 et
869 1366 1134 1437 sapientia
1178 1374 1233 1422 et
1275 1367 1508 1437 justitia.
1546 1368 1779 1425 Causam
1815 1385 1943 1424 vero
1973 1385 2074 1423 cur

489 1452 705 1520 justitia
739 1464 1038 1512 memorato
1070 1458 1181 1513 tilio
1211 1460 1356 1531 regis
1391 1460 1516 1515 data
1550 1462 1661 1525 sit,
1692 1461 1885 1515 deinde
1914 1461 2072 1516 docet

497 1545 581 1600 his
612 1546 828 1602 verbis:
868 1568 887 1600 ‹
922 1548 1178 1606 Judicare
1198 1552 1457 1621 populum
1491 1559 1645 1608 tuum
1673 1554 1726 1608 in
1757 1554 1993 1623 justitia,
2019 1563 2073 1610 et

494 1650 765 1705 pauperes
795 1646 920 1694 tuos
951 1640 1007 1694 in
1034 1642 1270 1710 judicio.
1308 1662 1328 1695 ι
1356 1642 1659 1714 Oportebat
1690 1647 1835 1700 enim
1868 1662 2072 1716 paupe-

493 1740 585 1780 res
620 1725 734 1793 Dei,
771 1738 824 1783 et
854 1731 1114 1800 populum
1139 1731 1262 1801 ejus
1301 1732 1355 1787 in
1388 1734 1707 1791 hominibus
1732 1750 1761 1788 a
1789 1735 1899 1791 tilio
1929 1738 2072 1807 regis

2180 546 2378 615 Διόπερ
2422 544 2655 598 ἐνταῦθα
2690 544 2749 597 οὐ
2780 543 2877 615 τὴν
2918 543 3099 612 κρίσιν
3138 539 3279 605 ἀξιοῖ
3321 539 3501 592 δοῦναι
3526 538 3605 609 τῷ
3650 537 3749 609 βα-

2182 637 2342 690 σιλεῖ·
2375 636 2511 690 ἀλλά
2541 636 2604 690 τὸ
2636 636 2833 707 κρίμα,
2856 634 3099 688 τουτέστι
3120 633 3181 686 τὸ
3218 633 3393 703 δόγμα
3418 631 3512 685 καὶ
3541 630 3602 682 τὸ
3630 646 3769 701 κρι-

2182 730 2273 784 θέν
2302 729 2378 800 τῷ
2405 730 2579 801 Πατρὶ
2621 728 2749 799 περὶ
2789 727 2891 796 τῆς
2939 728 3019 789 είς
3063 723 3383 796 ἀνθρώπους
3433 720 3753 792 θεοφανείας

2181 820 2364 874 αὐτοῦ.
2398 821 2470 873 Τὸ
2508 820 2607 891 μὲν
2643 814 2736 871 οῦν
2779 816 2951 888 κρίμα
2992 814 3069 885 τῷ
3106 814 3314 885 βασιλεῖ
3354 813 3594 866 δέδοται·
3627 813 3661 882 ἡ
3694 810 3752 863 δὲ

2179 912 2491 982 δικαιοσύνη
2523 910 2602 983 τῷ
2629 910 2730 981 υἱῷ
2758 908 2852 963 τοῦ
2881 906 3162 978 βασιλέως.
3189 906 3511 975 Δικαιοσύνη
3546 905 3656 976 γὰρ
3683 896 3754 972 ἦν

2179 1004 2340 1067 αὐτὸς
2369 1006 2397 1056 ὁ
2436 1002 2724 1073 βασιλεὺς,
2773 1000 2958 1069 ὥσπερ
2995 993 3087 1051 οὖν
3139 996 3465 1068 παρίστησιν
3504 997 3533 1048 ό
3590 996 3753 1048 Ἀπό-

2182 1095 2366 1159 στολος
2394 1094 2562 1148 εἰπών
2580 1111 2595 1125 ο
2634 1112 2653 1145 ι
2682 1095 2777 1157 Ὃς
2811 1091 3041 1163 ἐγενήθη
3081 1091 3213 1161 ἡμῖν
3266 1088 3426 1157 σοφία
3455 1087 3564 1140 ἀπὸ
3588 1086 3754 1149 Θεοῦ,

2178 1185 2489 1255 δικαιοσύνη
2520 1202 2582 1237 τε
2603 1184 2697 1238 καλ⁵
2722 1182 3010 1253 ἁγιασμὸς,
3037 1181 3130 1233 καὶ
3158 1178 3532 1249 ἀπολύτρωσις
3566 1198 3583 1229 ι
3601 1174 3761 1247 Αὕτη

2179 1279 2351 1332 τοίνυν
2376 1280 2409 1349 ἡ
2441 1277 2534 1331 τοῦ
2557 1275 2770 1347 [ἰατρὸς
2794 1273 3106 1343 δικαιοσύνη
3130 1271 3208 1342 τῷ
3235 1270 3349 1341 Υίῷ
3366 1270 3460 1324 τοῦ
3492 1268 3758 1341 βασιλέως

2178 1372 2384 1425 δέδοται
2432 1370 2508 1441 τῷ
2543 1372 2607 1423 ἐκ
2650 1368 2962 1439 σπέρματος
3003 1364 3166 1418 Δαυῖδ
3205 1363 3346 1417 κατά
3385 1363 3564 1434 σάρκα
3596 1378 3758 1430 γενο-

2183 1464 2359 1535 μένῳο
2410 1464 2466 1515 ἐν
2499 1455 2543 1530 ᾧ
2586 1458 2904 1530 κατῴκησεν
2942 1457 3132 1526 ὥσπερ
3164 1458 3219 1509 ἐν
3252 1453 3365 1525 ναῷ
3414 1456 3443 1507 ὁ
3483 1452 3577 1505 τοῦ
3616 1451 3762 1505 Θεοῦ

2178 1556 2332 1623 λόγος
2361 1556 2454 1607 καὶ
2496 1556 2530 1625 ἡ
2567 1552 2750 1622 σοφία,
2790 1550 2943 1620 καὶὴ
2976 1546 3311 1618 δικαιοσύνη.
3347 1545 3456 1617 Τὴν
3488 1545 3545 1598 δὲ
3576 1543 3787 1597 αἰτίαν

2178 1647 2271 1700 τοῦ
2298 1646 2515 1717 δοθῆναι
2559 1644 2655 1716 τὴν
2696 1641 3041 1712 δικαιοσύνην
3073 1638 3152 1710 τῷ
3183 1636 3474 1710 δηλωθέντι
3520 1636 3623 1706 υἱῷ
3659 1635 3761 1688 τεῦ

2183 1737 2470 1808 βασιλέως,
2506 1734 2635 1805 ἑξῆς
2678 1734 2919 1789 διδάσκει
2946 1733 3149 1802 λέγων’
3196 1751 3213 1783 t
3246 1730 3467 1801 Κρίνειν
3508 1728 3597 1780 τὸν
3628 1726 3765 1781 λαόν

493 1818 549 1872 in
580 1818 795 1887 justitia
821 1820 1060 1891 judicari
1100 1844 1112 1879 :
1149 1824 1279 1895 quia
1332 1827 1440 1881 alio
1477 1828 1650 1882 ‘modo
1688 1844 1867 1900 regem
1894 1846 2072 1886 susce-

2177 1849 2266 1885 σου
2295 1833 2352 1884 ἐν
2384 1827 2721 1901 δικαιοσύνῃ,
2750 1828 2843 1880 καὶ
2867 1827 2993 1889 τοὺς
3018 1822 3267 1893 πτωχούς
3298 1840 3391 1875 σου
3419 1822 3476 1874 ἐν
3510 1820 3710 1891 κρίσει.
3737 1840 3759 1871 ι

494 1912 638 1982 pturi
681 1928 789 1966 non
829 1922 1007 1969 erant.
1040 1914 1411 1982 Quamobrem
1448 1917 1678 1974 formam
1727 1922 1870 1975 servi
1926 1924 2073 1976 acci-

495 2002 650 2072 piens
676 2013 730 2059 et
758 2006 946 2060 habitu
972 2008 1224 2064 inventus
1259 2017 1320 2063 ut
1341 2009 1526 2071 homo.
1558 2027 1653 2081 per
1676 2011 1870 2066 Filium
1897 2013 2072 2067 homi-

494 2096 583 2152 nis
617 2114 778 2167 quem
813 2101 1132 2170 assumpsit,
1174 2119 1241 2157 ex
1282 2103 1542 2159 omnibus
1590 2106 1844 2175 gentibus
1874 2121 2073 2161 secun-

490 2190 621 2244 dum
660 2194 765 2247 hoc
786 2194 923 2263 justi
955 2194 1057 2249 viri
1083 2195 1291 2250 dictum
1321 2197 1422 2269 (l),
1453 2216 1472 2249 ‹
1500 2199 1661 2269 elegit
1682 2198 1785 2253 sibi
1812 2200 2070 2270 populum

492 2284 825 2351 peculiarem
855 2288 932 2353 ¹⁵;
977 2304 996 2337 ι
1036 2303 1249 2345 necnon
1284 2303 1381 2343 eos
1403 2290 1496 2359 qui
1533 2290 1620 2344 hic
1645 2306 1913 2360 pauperes
1950 2295 2070 2359 ejus

493 2383 787 2439 vocantur,
823 2393 962 2446 quos
1006 2379 1098 2434 ille
1134 2380 1326 2436 beatos
1374 2382 1636 2451 praedicat
1696 2382 1783 2437 his
1835 2383 2017 2437 verbis
2055 2403 2067 2437 :

499 2478 521 2513 ι
567 2461 717 2519 Beati
760 2483 1030 2538 pauperes
1073 2469 1296 2539 spiritu,
1363 2472 1621 2541 quoniam
1687 2474 1932 2542 ipsorum
1988 2483 2072 2529 est

492 2569 785 2626 regnorum
806 2560 1071 2615 caelorum
1100 2562 1163 2617 ".
1209 2582 1227 2615 ι
1258 2563 1322 2616 Et
1342 2564 1479 2619 alias
1508 2565 1576 2619 de
1600 2565 1816 2634 justitia
1838 2566 1952 2620 haec
1974 2566 2073 2619 do-

488 2652 582 2699 cet
612 2648 908 2715 Apostolus
938 2669 951 2705 :
994 2670 1011 2702 ι
1051 2649 1171 2706 Non
1197 2653 1342 2707 enim
1368 2654 1637 2709 erubesco
1668 2653 2020 2726 Evangelium
2056 2675 2069 2709 :

491 2735 671 2791 virtus
705 2738 851 2793 enim
895 2739 989 2796 Dei
1020 2749 1105 2797 est
1137 2743 1191 2799 in
1227 2745 1460 2800 salutem
1492 2746 1639 2800 omni
1675 2746 1944 2812 credenti,
1978 2746 2073 2801 Ju-

491 2827 612 2883 dao
638 2831 894 2899 primum,
926 2841 981 2887 et
1008 2832 1219 2891 Graeco.
1249 2833 1471 2891 Justitia
1495 2837 1644 2892 enim
1681 2838 1736 2891 in
1759 2838 1879 2908 ipso
1916 2854 2072 2893 reven

491 2920 640 2974 latnr
665 2922 729 2976 ".
783 2942 802 2975 ι
845 2922 922 2979 De
954 2925 1289 2996 pauperibus
1318 2930 1446 2983 item
1473 2928 1588 2984 haac
1632 2929 1751 2999 ipse
1778 2930 2020 2985 declarat
2055 2950 2069 2985 :

496 3029 517 3062 ι
559 3010 750 3068 Videte
786 3015 931 3070 enim
966 3018 1315 3072 vocationem
1358 3027 1622 3084 vestram,
1666 3019 1886 3085 fratres,
1944 3022 2071 3091 quia

490 3118 602 3157 non
654 3105 810 3159 multi
854 3107 1131 3177 sapientes
1162 3110 1463 3165 secundum
1497 3127 1741 3177 carnem,
1775 3128 1883 3167 non
1916 3114 2071 3167 multi

492 3195 728 3260 nobiles,
764 3213 873 3252 non
914 3201 1069 3253 multi
1097 3209 1350 3271 potentes
1390 3222 1403 3258 :
1450 3204 1548 3259 sed
1579 3220 1700 3275 quae
1726 3205 1893 3260 stulta
1945 3215 2073 3260 sunt
2100 3170 2140 3225 Ο

492 3286 709 3351 mundi,
732 3288 893 3359 elegit
912 3288 1077 3354 Deus,
1112 3298 1172 3344 ut
1200 3291 1502 3347 confundat
1541 3296 1864 3365 sapientes;
1901 3302 1956 3351 et
1988 3297 2074 3349 in-

492 3377 650 3431 firma
688 3387 744 3434 et
766 3382 1200 3450 contemptibilia
1236 3383 1424 3454 elegit,
1456 3391 1511 3438 et
1536 3399 1598 3439 ea
1639 3401 1761 3454 qua:
1792 3402 1901 3441 non
1925 3398 2071 3449 sunt,

492 3479 552 3525 ut
576 3487 639 3527 ea
666 3488 787 3543 quae
803 3483 952 3540 sunt,
979 3474 1328 3542 destrueret;
1369 3485 1428 3530 ut
1462 3490 1570 3530 non
1604 3477 1867 3547 glorietur
1895 3480 2075 3534 omnis

492 3578 623 3617 caro
653 3566 705 3619 in
738 3576 1035 3637 conspectu
1066 3566 1161 3622 Dei
1190 3567 1257 3622 “.
1298 3588 1318 3620 ι

2178 1925 2324 1978 Ἔδει
2358 1922 2466 1996 γάρ
2499 1923 2625 1984 τοὺς
2649 1921 2899 1991 πτωχοὺς
2927 1918 3022 1972 τοῦ
3054 1916 3190 1970 Θεοῦ
3220 1917 3314 1970 καὶ
3335 1916 3428 1969 τὸν
3458 1918 3515 1967 ἐν
3543 1912 3765 1985 ἀνθρὼο

2174 2033 2297 2078 ποις
2326 2014 2455 2067 λαὸν
2496 2011 2660 2066 αὑτοῦ
2696 2012 2800 2064 ὑπὸ
2828 2010 2923 2064 τοῦ
2965 2010 3083 2062 υἱοῦ
3111 2008 3205 2061 τοῦ
3258 2008 3520 2079 βασιλέως
3548 2006 3767 2079 διακρί-

2172 2106 2359 2160 νεσθαι
2389 2107 2448 2159 ἐν
2476 2102 2815 2175 δικαιοσύνῃ·
2849 2102 2970 2157 ἐπεὶ
3016 2100 3090 2172 μὴ
3122 2098 3361 2171 ἐχώρουν
3398 2097 3572 2161 ἄλλως
3603 2097 3767 2162 δέξας

2175 2198 2297 2252 σθαι
2324 2198 2414 2251 τὸν
2445 2195 2688 2266 βασιλέα.
2720 2195 2919 2266 Διόπερ
2964 2193 3176 2265 μορφὴν
3216 2190 3399 2243 δούλου
3447 2187 3626 2242 λαϐὼν
3666 2189 3767 2240 καὶ

2176 2292 2412 2361 σχήματι
2462 2286 2706 2359 εὑρεθεὶς
2757 2285 3189 2356 ὼςβνθρωπος,
3222 2283 3288 2336 δι’
3349 2272 3411 2334 οὗ
3469 2280 3766 2349 ἀνείληφεν

2174 2382 2305 2434 Υἱοῦ
2343 2379 2630 2451 ἀνθρώπου
2667 2378 2727 2443 ἐξ
2761 2379 3016 2432 ἁπάντων
3042 2376 3150 2430 τῶν
3185 2374 3352 2429 ἐθνῶν
3388 2372 3527 2427 κατά
3563 2372 3659 2426 τοῦ
3683 2372 3766 2425 διο

2174 2473 2328 2528 καίου
2366 2473 2544 2541 λόγον.
2596 2492 2616 2524 ‹
2648 2471 2930 2538 ἐξελέξατο
2971 2467 3147 2538 ἐαυτῷ
3187 2467 3314 2521 λαὸν
3364 2464 3700 2536 περιούσιον,
3737 2483 3760 2515 ι

2174 2569 2267 2621 καὶ
2298 2568 2423 2629 τοὺς
2472 2564 2842 2636 καλουμένους
2887 2560 3053 2617 αὐτοῦ
3087 2561 3354 2630 πτωχοὺς,
3390 2557 3483 2621 οὓς
3526 2557 3623 2609 καὶ
3656 2571 3766 2625 μα-

2175 2658 2414 2730 καρίζων
2446 2658 2597 2727 ἔλεγε
2618 2675 2631 2687 ·
2669 2677 2685 2708 ι
2714 2656 2989 2726 Μακάριοι
3037 2655 3086 2707 οἱ
3123 2652 3329 2722 πτωχοὶ
3365 2650 3440 2720 τῷ
3467 2650 3764 2717 πνεύματι,

2174 2751 2255 2804 ὅτι
2278 2748 2455 2803 αὐτῶν
2482 2751 2628 2801 ἐστιν
2657 2750 2690 2819 ἡ
2715 2747 2960 2818 βασιλεία
2978 2745 3087 2798 τῶν
3107 2742 3373 2817 οὐρανῶν.
3398 2760 3417 2792 ι
3448 2741 3561 2793 Καὶ
3583 2739 3764 2800 ἄλλως

2173 2842 2229 2895 δὲ
2261 2842 2390 2914 περὶ
2433 2842 2534 2910 τῆς
2577 2839 2923 2910 δικαιοσύνης
2966 2837 3207 2891 διδάσκει
3245 2837 3274 2890 ὁ
3314 2834 3634 2895 Ἀπόστολος
3672 2833 3764 2886 λὲο

2174 2950 2286 3001 γων
2305 2948 2319 2964 ο
2348 2951 2365 2984 ε
2391 2928 2466 2985 Οὐ
2491 2931 2598 3003 γάρ
2629 2933 3027 3001 ἐπαισχύνομαι
3056 2930 3118 2983 τὸ
3140 2929 3468 2997 Εὑαγγέλιον
3488 2945 3502 2957 ο
3530 2926 3793 2997 δύναμις-

2175 3026 2283 3097 γὰρ
2308 3023 2444 3079 Θεοῦ
2487 3026 2635 3079 ἐστιν
2672 3024 2751 3087 εἰς
2794 3022 3069 3094 σωτηρίαν
3111 3022 3278 3075 παντὶ
3313 3012 3392 3090 τῷ
3426 3020 3763 3080 πιστεύοπι,

2189 3116 2427 3186 Ἰουδαίῳ
2458 3133 2518 3169 τε
2547 3115 2762 3187 πρῶτον
2800 3116 2895 3168 καὶ
2924 3114 3165 3185 Ἕλληνι.
3199 3113 3525 3182 Δικαιοσύνη
3562 3112 3673 3181 γὰρ
3701 3112 3783 3163 ἐνλ

2174 3206 2322 3277 αύτῷ
2348 3206 2809 3260 ἀποκαλύπτεται.
2843 3225 2861 3257 ›
2894 3206 3005 3259 Καὶ
3039 3206 3170 3277 περὶ
3199 3204 3309 3258 τῶν
3336 3203 3566 3274 πτωχῶν
3598 3202 3789 3255 πάλινη

2173 3300 2201 3351 ὁ
2243 3299 2402 3362 αὐτὸς
2430 3298 2681 3366 διασαφεῖ
2725 3297 2898 3367 λέγων
2921 3315 2935 3328 ·
2972 3317 2990 3350 ι
3021 3298 3256 3350 Βλέπετε
3283 3297 3389 3368 γὰρ
3422 3296 3522 3367 τὴν
3568 3294 3755 3367 κλῆσιι

2175 3390 2347 3461 ὑμῶν,
2380 3389 2630 3459 ἀδελφοί·
2660 3390 2742 3442 ὅτι
2771 3390 2831 3442 οὐ
2862 3388 3049 3442 πολλοὶ
3082 3389 3235 3458 σοφοὶ⁸
3279 3388 3421 3442 κατά
3465 3388 3664 3457 σάρκα,
3695 3385 3779 3440 οὐ.

2175 3482 2360 3535 πολλοὶ
2403 3484 2663 3552 εὐγενεῖς,
2692 3483 2753 3535 οὗ
2804 3480 2990 3536 πολλοὶ
3021 3481 3270 3535 δυνατοί’
3310 3480 3445 3534 ἀλλὰ
3494 3479 3563 3532 τὰ
3599 3478 3777 3549 μωρὰ.

2174 3572 2268 3626 τοῦ
2302 3574 2507 3644 κόσμου
2559 3573 2840 3640 ἐξελέξατο
2877 3574 2906 3626 ὁ
2947 3571 3108 3635 Θεὸς.
3137 3572 3224 3625 ἵνα
3270 3568 3602 3639 καταισχύνῃ
3635 3566 3763 3629 τοὺς

492 3655 718 3725 σοφούς·
750 3658 845 3711 καὶ
885 3657 955 3711 τὰ
982 3658 1181 3730 ἀσθενῆ
1217 3659 1309 3712 καὶ
1347 3658 1416 3712 τὰ
1444 3659 1842 3731 ἐξουθενημένα
1889 3660 2191 3727 ἐξελέξατο,
2218 3665 2311 3718 καὶ
2338 3664 2408 3718 τὰ
2443 3666 2519 3737 μὴ
2544 3665 2693 3727 ὄντα,
2762 3666 2850 3718 ἵνα
2911 3664 2981 3717 τὰ
3019 3663 3150 3717 ὄντα
3212 3664 3571 3732 καταργήσῃο
3609 3662 3759 3722 ὅπως

493 3755 568 3826 μὴ
604 3756 947 3827 καυχήσηται
980 3757 1130 3809 πᾶσα
1156 3754 1292 3828 σὰρξ
1319 3755 1550 3809 ἐνώπιον
1576 3756 1671 3809 τοῦ
1693 3757 1850 3811 Θεοῦ.
1875 3778 1893 3808 ι

563 3872 730 3930 Vens.
765 3876 817 3930 5.
856 3896 873 3929 ι
918 3879 1233 3949 Suscipiant
1261 3888 1475 3936 montes
1518 3895 1708 3950 pacem
1758 3881 1980 3951 populo,
2016 3888 2071 3935 et

492 3967 663 4022 colles
688 3968 981 4038 justitiam.
1016 3992 1034 4025 ›
1061 3972 1266 4027 Praeter
1299 3973 1482 4043 priora
1505 3973 1619 4027 haec
1651 3989 1868 4043 quoque
1901 3973 2075 4044 spiri-

492 4065 585 4114 tus
611 4062 964 4130 propheticus
993 4073 1268 4135 precatur,
1299 4074 1357 4120 ut
1400 4072 1613 4121 montes
1664 4066 1935 4135 quondam
1971 4082 2071 4135 po-

500 4151 629 4219 pulo
658 4150 861 4214 infesti,
894 4155 1072 4222 posita
1106 4155 1413 4219 inimicitia,
1447 4170 1634 4225 pacem
1657 4171 1780 4211 cum
1814 4171 1879 4210 eo
1903 4156 2063 4211 habe-

496 4248 641 4304 rent,
672 4250 726 4296 et
752 4252 807 4296 ut
844 4246 1010 4301 colles
1037 4248 1348 4316 praedictam
1371 4246 1642 4317 justitiam
1667 4248 1840 4303 eidem
1870 4248 2070 4318 populo

493 4332 909 4389 annuntiarent.
962 4334 1079 4390 Jam
1138 4336 1349 4407 pridem
1384 4340 1529 4393 enim
1572 4346 1785 4394 montes
1823 4354 1945 4393 cum
1982 4355 2071 4409 po-

490 4424 621 4493 pulo
672 4424 992 4483 inimicitias
1045 4437 1377 4499 gesserunt,
1453 4438 1507 4485 et
1561 4430 1730 4485 colles
1791 4431 2065 4488 similiter.

2258 3901 2274 3932 ι
2318 3879 2757 3934 Ἀναλαϐἐτωσαν
2787 3875 2855 3931 τὰ
2896 3878 2996 3950 ὅρη
3029 3878 3249 3948 είρήνην
3277 3876 3355 3946 τῷ
3388 3875 3523 3945 λαῷ,
3570 3876 3666 3929 καὶ
3708 3877 3759 3927 οἱ

2182 3973 2361 4045 βουνοὶ
2383 3970 2749 4040 δικαιοσύνην.
2782 3989 2799 4021 ι
2832 3969 2977 4041 Πρὸς
3010 3972 3124 4033 τοῖς
3158 3968 3439 4039 προτέροις
3470 3968 3563 4020 καὶ
3587 3965 3760 4019 ταῦτα

2178 4064 2240 4116 τὸ
2278 4062 2492 4135 πνεῦμα
2531 4063 2591 4115 τὸ
2630 4060 2966 4133 προφητικὸν
3000 4059 3239 4130 εῦχεται,
3266 4059 3413 4121 ὅπως
3447 4058 3514 4111 τά
3560 4057 3661 4128 ὅρη
3691 4056 3764 4111 τὰ

2181 4156 2345 4209 πάλαι
2383 4153 2736 4226 ἐχθραίνοντα
2778 4152 2854 4223 τῷ
2897 4152 3010 4222 λαῷ
3041 4151 3371 4222 είρηνεύσειε
3414 4152 3550 4222 πρὸς
3598 4150 3762 4205 αὑτὸν

2176 4247 2541 4318 ἀπωθούμενα
2584 4245 2680 4317 τὴν
2726 4245 2923 4317 ἔχθραν
2950 4286 2964 4310 ,
3012 4246 3104 4299 καὶ
3146 4247 3294 4309 ὅπως
3337 4247 3384 4298 οἱ
3436 4245 3613 4315 βουνοὶ
3661 4246 3759 4315 τὴν

2179 4338 2570 4412 προλεχθεῖσαν
2621 4337 2965 4407 δικαιοσύνην
3010 4337 3088 4408 τῷ
3140 4338 3289 4409 αὐτῷ
3327 4337 3439 4408 λαῷ
3477 4338 3757 4406 εὐαγγελί-

2178 4427 2396 4492 ζωνται.
2424 4427 2695 4497 Πρότερον
2730 4427 2828 4498 μὲν
2853 4427 2962 4497 γὰρ
2990 4426 3060 4479 τὰ
3105 4428 3206 4498 ὅρη
3256 4426 3455 4499 ἔχθραν
3482 4424 3595 4497 εἶχε
3624 4426 3759 4501 πρὸς

486 4513 626 4567 Cum
655 4522 837 4570 autem
876 4518 1022 4574 [ilius
1066 4521 1208 4591 regis
1239 4523 1499 4591 populum
1543 4521 1674 4576 olim
1721 4531 2065 4593 extraneum,

2177 4523 2263 4576 τὸν
2305 4521 2452 4585 λαὸν,
2488 4520 2581 4574 καὶ
2615 4523 2663 4574 οἱ
2695 4521 2871 4590 βουνολ⁸
2916 4520 3208 4584 ὡσαύτως’
3236 4522 3324 4573 ὅτε
3353 4520 3408 4574 δὲ
3434 4524 3461 4574 ὁ
3504 4521 3619 4584 υίὸς
3662 4520 3755 4575 τοῦ

488 4607 771 4675 proprium
806 4608 913 4663 sibi
950 4609 1105 4675 facit,
1161 4619 1296 4665 tunc
1331 4620 1566 4677 montes,
1609 4620 1669 4667 ut
1722 4612 1811 4667 hic
1869 4629 2073 4668 vocan-

2171 4613 2434 4685 βασιλέως
2491 4612 2620 4666 ἴδιον
2655 4614 2948 4684 ἐποιήσατο
2980 4614 3072 4666 τὸν
3121 4613 3247 4667 λαὸν
3303 4614 3467 4668 πάλαι
3521 4614 3757 4683 ἀπηλλο-

488 4706 599 4763 tur,
634 4714 823 4767 pacem
854 4716 978 4755 cum
1021 4703 1226 4772 populo
1276 4703 1495 4758 habent.
1550 4702 1763 4759 Montes
1805 4711 1983 4759 autem
2018 4712 2071 4759 et

2177 4702 2469 4775 τριωμένον
2501 4700 2689 4767 αὑτοῦ,
2717 4700 3017 4772 τηνικαῦτα
3064 4702 3157 4755 καὶ
3209 4701 3280 4754 τὰ
3312 4701 3620 4771 καλούμενα
3669 4703 3753 4754 ὲν-

486 4788 655 4843 colles
676 4807 866 4859 pacem
898 4809 1022 4847 cum
1056 4796 1259 4865 populo
1287 4796 1573 4860 habentes,
1597 4811 1737 4865 quos
1768 4812 1892 4851 esse
1920 4796 2072 4850 dixe-

2177 4795 2345 4849 ταῦθα
2375 4795 2477 4866 ὅρη
2511 4794 2784 4867 είρηνεύει
2803 4794 2940 4867 πρὸς
2963 4794 3054 4847 τὸν
3077 4795 3226 4848 λαόν.
3257 4797 3396 4866 Ὄρη
3424 4794 3479 4847 δὲ
3510 4794 3604 4846 καὶ
3637 4793 3756 4861 βου-

488 4879 587 4944 ris,
618 4882 723 4936 nisi
755 4885 1076 4954 angelorum
1101 4887 1356 4952 chorum,
1388 4898 1444 4943 et
1470 4888 1555 4943 his
1585 4888 1899 4957 superiores
1926 4886 2071 4940 divi-

488 4988 590 5029 nas
622 4976 892 5033 virtutes?
922 4995 1042 5049 quae
1068 4995 1191 5036 cum
1221 4980 1352 5034 olim
1384 4982 1619 5050 populus
1642 4989 1938 5036 extraneus
1958 4978 2068 5032 Deo

488 5078 655 5129 esset,
691 5069 1010 5126 inimicitias
1044 5089 1168 5126 eum
1218 5088 1284 5127 eo
1332 5074 1633 5144 gerebant;
1685 5088 1832 5127 nunc
1886 5079 2067 5125 autem

488 5175 615 5215 cum
645 5159 697 5213 in
737 5164 1141 5231 possessionem
1176 5165 1272 5219 filii
1302 5165 1450 5236 regis
1482 5165 1715 5228 venerit,
1749 5164 1929 5234 posita
1958 5164 2066 5217 ini-

488 5252 720 5318 nlicitia,
753 5255 941 5309 amictu
971 5256 1093 5324 ejus
1118 5258 1323 5312 effecta:
1350 5266 1498 5313 sunt.
1531 5255 1668 5321 Quis
1701 5258 1773 5311 sit
1800 5271 1931 5311 vero
1963 5271 2065 5325 po-

490 5347 654 5415 pulus
685 5364 751 5403 ex
786 5349 1044 5405 omnibus
1072 5350 1326 5421 gentibus
1366 5356 1591 5403 coactus
1651 5348 1927 5420 intelliges
1952 5388 1966 5412 ,
2018 5349 2065 5403 si

491 5437 580 5496 his
605 5439 860 5496 conferas
894 5440 1172 5497 Zacharia'
1206 5442 1572 5512 prophetiam,
1607 5456 1729 5510 qua:
1751 5443 1832 5496 sic
1864 5440 2063 5495 habet:

567 5595 645 5649 “l
675 5596 804 5652 Cor.
843 5612 883 5663 ι,
908 5598 996 5654 50.
1077 5599 1121 5629 ¹¹
1152 5596 1441 5663 Deut.xtv,
1475 5595 1531 5651 2.
1611 5596 1653 5627 ¹⁶
1686 5596 1876 5652 Matth.
1911 5614 1961 5664 ν,
1994 5597 2047 5653 5.

2204 5595 2357 5653 Rom.
2394 5612 2430 5659 ι,
2461 5593 2546 5650 lt}.

567 5776 643 5844 (ι)
680 5772 793 5840 Vel,
825 5775 1109 5829 secundum
1140 5776 1365 5844 justitia:
1392 5776 1665 5831 rationem.

2171 4887 2296 4950 νοῦς
2330 4887 2705 4958 είρηνεύοντας
2738 4885 3046 4957 ἀνθρώποις
3089 4886 3239 4949 τίνας
3270 4885 3337 4939 ἂν
3389 4885 3565 4947 εἴποις
3597 4884 3631 4953 ἦ
3667 4884 3753 4936 τὸν

2178 4979 2425 5048 ἀγγέλων
2469 4979 2631 5051 χορὸν
2678 4978 2774 5033 καὶ
2806 4978 2904 5042 τὰς
2936 4976 3140 5031 τούτων
3173 4978 3449 5047 ἁνωτέρας
3487 4975 3637 5039 θείας
3669 4976 3754 5028 δυ-

2176 5074 2401 5143 νάμεις;
2430 5073 2486 5126 αἳ
2534 5071 2699 5125 πάλαι
2735 5072 2854 5143 μὲν,
2884 5071 2972 5124 ὅτε
3015 5070 3293 5142 ἀλλότριος
3337 5066 3405 5140 ἦν
3433 5071 3461 5121 ὁ
3490 5068 3615 5131 λαὸς
3658 5065 3751 5121 τοῦ

2176 5164 2333 5229 Θεοῦ,
2366 5164 2560 5235 ἐχθραὶ
2590 5159 2731 5234 ἦσαν
2765 5162 2931 5216 αὐτοῦ
2954 5179 2970 5193 ⁸
3002 5162 3095 5217 νῦν
3118 5162 3162 5215 δ’
3209 5163 3299 5215 ὅτε
3334 5162 3518 5231 κτῆμα
3561 5159 3748 5229 γέγονε

2175 5254 2268 5308 τοῦ
2309 5254 2427 5307 υἱοῦ
2461 5251 2553 5307 τοῦ
2587 5252 2883 5323 βασιλέως,
2934 5251 3296 5322 ἐφιλιώθησαν
3338 5250 3483 5320 αύτῴ
3518 5248 3747 5319 μεταϐα-

2174 5346 2355 5410 λόντες
2382 5346 2482 5415 τῆς
2511 5344 2731 5416 ἔχθρας.
2772 5345 3012 5416 Νοησεις
3037 5343 3095 5396 δὲ
3125 5341 3215 5395 τὸν
3250 5343 3308 5409 ἐξ
3349 5340 3602 5395 ἁπάντων
3643 5338 3748 5392 τῶν

2176 5438 2344 5493 ἐθνῶν
2384 5436 2720 5508 συνηγμένον
2752 5435 2898 5501 λαὸν,
2938 5434 3201 5507 παραθεὶς
3224 5434 3430 5497 τούτοις
3456 5433 3557 5504 τὴν
3588 5432 3646 5486 ἐν
3672 5429 3745 5499 τῷ

2629 5594 2707 5647 ⁸⁸1
2742 5593 2865 5649 Cor.
2893 5608 2932 5660 ι,
2966 5592 3154 5648 26-29.
