4068 6542
392 334 491 388 791

1522 339 2025 398 COMMENTARIA
2065 342 2131 398 1N
2170 342 2509 400 PSALMOS.

3536 348 3645 401 7.98

386 446 634 519 Ζαχαρία
678 449 1051 520 προφητείαν,
1096 441 1197 503 ᾆδε
1245 450 1547 521 λέγουσαν·
1592 471 1610 503 ι
1656 455 1826 524 Χαῖρε
1872 454 1955 509 καῖ

2075 474 2093 505 ι
2132 456 2322 511 Gaude
2353 464 2407 511 et
2436 457 2641 520 laetare,
2677 455 2785 510 ﬁlia
2821 454 2978 510 Sion.
3006 455 3145 511 Ecce
3182 472 3281 511 rex
3312 464 3442 513 tuus
3471 464 3642 524 venit,

388 536 699 608 εὐφραίνου,
738 537 973 609 θύγατερ
996 539 1151 593 Σιών.
1171 540 1298 594 Ἰδοὺ
1331 541 1358 592 6
1390 540 1637 612 βασιλεύς
1683 559 1774 595 σου
1814 542 1969 617 ἔρχει

386 646 493 692 ται,
528 630 622 682 καὶ
645 630 1058 700 κατασκηνώσει
1094 634 1150 684 ἐν
1196 632 1347 703 μέσῳ
1380 650 1497 699 σου,
1549 632 1695 702 λέγει
1738 634 1965 706 Κύριος.

2067 556 2122 603 et
2155 548 2422 604 habitabit
2451 548 2505 602 in
2540 548 2720 603 medio
2756 549 2856 613 tui,
2882 548 3017 603 dicit
3046 547 3329 604 Dominus.
3356 547 3421 603 Et
3450 551 3645 605 confu-

2067 642 2216 713 gient
2245 649 2434 711 gentes
2467 642 2652 695 multa:
2698 640 2769 694 ad
2792 640 3107 706 Dominum,
3142 649 3197 696 et
3224 652 3385 696 erunt
3414 642 3548 696 mihi
3584 643 3643 697 in

386 720 498 774 Kal
524 720 956 791 καταφεύξονται
993 722 1118 794 ἔθνη
1150 721 1320 776 πολλά
1358 724 1450 777 ἐπὶ
1487 724 1577 779 τὸν
1609 725 1810 797 Κύριον
1829 767 1840 786 ,
1872 727 1955 780 καὶ

2066 735 2353 805 populum,
2377 742 2433 789 et
2458 749 2559 805 ego
2590 749 2686 789 ero
2715 734 2798 788 eis
2831 733 2888 787 in
2938 732 3133 787 Deum.
3189 734 3255 788 Et
3305 744 3644 805 cogiwscent

387 810 599 864 ἔσονταί
642 828 733 882 μοι
764 812 843 875 εἰς
877 812 1034 877 λαὸν,
1072 814 1227 882 κάγὼ
1269 813 1460 886 ἔσομαι
1492 817 1676 880 αὐτοῖς
1704 820 1783 881 είς
1810 817 1962 873 Θεόν.

387 903 497 957 Καὶ
560 902 895 971 γνώσονται,
945 906 1027 958 ὄτι
1087 904 1292 978 Κύριος
1352 910 1745 982 παντοκράτωρ
1794 910 1963 977 ἐξαπ-

387 991 617 1047 ἐσταλκέ
651 1011 717 1063 με
742 994 878 1065 πρὸς
907 995 985 1050 σέ.
1011 1016 1030 1048 ι
1052 996 1247 1066 Σαφῶς
1267 997 1375 1069 γὰρ
1395 997 1481 1052 διὰ
1500 998 1703 1053 τούτων
1726 1000 1832 1052 ἀπὸ
1856 999 1963 1054 τῶν

386 1084 577 1150 ἐθνῶν,
612 1085 726 1138 ἀλλ’
756 1086 855 1139 οὐκ
881 1086 987 1140 ἀπὸ
1022 1086 1117 1140 τοῦ
1165 1087 1433 1142 Ἰουδαίων
1467 1088 1650 1154 ἔθνους
1683 1089 1963 1155 συντάξειν

386 1175 547 1239 αὐτὸς
581 1176 759 1247 ἑαυτῷ
778 1176 906 1231 λαὸν
934 1179 962 1231 6
992 1176 1194 1250 Κύριος
1226 1176 1655 1247 εὐαγγελίζεται.
1685 1176 1870 1249 Τούτῳ
1897 1178 1961 1251 δὴ

383 1263 475 1320 οὖν
509 1266 586 1339 τῷ
615 1267 728 1339 λαῷ
754 1270 807 1321 ai
831 1269 1086 1341 δυνάμεις
1116 1272 1170 1323 ai
1203 1269 1561 1342 ὑπερκόσμιοι
1593 1271 1687 1323 καὶ
1715 1270 1771 1323 αἱ
1797 1270 1963 1338 ἀγγε-

384 1358 553 1425 λικαὶ,
583 1359 682 1432 ὅρη
715 1360 810 1414 καὶ
847 1360 1026 1431 βουνοί
1073 1361 1305 1415 ἐνταῦθα
1343 1361 1773 1433 ὀνομαζόμεναι,
1809 1361 1961 1432 εἰρή-

382 1469 578 1505 νευσαν
611 1453 991 1523 ὲχθραίνουσαι
1024 1453 1085 1507 τὸ
1115 1455 1264 1525 πρὶν,
1293 1455 1380 1507 ὅτε
1411 1457 1476 1525 τῇ
1507 1453 1651 1524 ἀθέῳ
1674 1456 1961 1525 προσεῖχεν

382 1544 819 1617 εἰδωλολατρείᾳ.
866 1547 931 1599 Αἱ
980 1546 1022 1599 δ’
1065 1547 1227 1599 αὑταὶ
1276 1546 1623 1617 δικαιοσύνην
1679 1546 1962 1615 εὐαγγελί-

381 1635 564 1699 ζονται
602 1635 680 1707 τῷ
725 1636 876 1708 αύτῷ
908 1636 1051 1708 λαῷ·
1092 1637 1208 1708 ήτοι
1244 1637 1332 1691 τὸν
1378 1636 1609 1709 Χριστὸν
1649 1637 1743 1690 τοῦ
1786 1636 1957 1699 Θεοῦ,

381 1730 542 1783 αὑτὸν
571 1729 700 1783 ὅντα
720 1730 819 1801 τὴν
847 1729 1212 1801 δικαιοσύνην,
1250 1730 1283 1801 ἢ
1317 1729 1375 1782 τὸ
1410 1731 1674 1801 σωτήριον
1718 1728 1961 1797 Εὐαγγέ-

2064 827 2192 898 quia
2225 826 2492 882 Dominus
2525 828 2875 896 omnipotens
2905 827 3056 882 misit
3092 842 3179 882 me
3216 827 3282 881 ad
3314 835 3367 881 te
3391 829 3460 883 ¹⁹.
3493 848 3511 881 ι
3544 827 3643 884 His

2063 920 2265 989 quippe
2291 918 2580 982 Dominus,
2634 934 2698 973 ex
2746 918 3003 989 gentibus
3056 932 3135 983 se,
3170 932 3281 971 non
3308 932 3375 971 ex
3410 915 3641 972 Judaica

2064 1016 2245 1078 gente,
2273 1008 2376 1063 sibi
2405 1008 2666 1078 p0pulum
2691 1016 3152 1078 congregaturum
3178 1021 3303 1061 esse
3349 1006 3642 1075 perspicue

2063 1099 2370 1155 denuntiat.
2416 1098 2560 1153 Huic
2613 1114 2745 1154 sane
2792 1100 2994 1169 populo
3026 1099 3263 1154 virtutes
3304 1113 3427 1168 qua}
3474 1112 3641 1167 supra

2062 1192 2326 1247 mundum
2368 1199 2423 1246 et
2458 1190 2721 1263 angelica:
2772 1199 2924 1257 sunt,
2985 1191 3075 1245 hic
3124 1198 3343 1245 montes
3375 1196 3431 1243 et
3470 1189 3641 1244 colles

2060 1292 2289 1348 vocatae,
2316 1283 2383 1337 ad
2410 1283 2564 1353 pacis
2608 1281 2958 1337 conditiones
2996 1289 3301 1348 venerunt;
3334 1296 3456 1352 quae
3485 1281 3642 1348 olim,

2060 1391 2185 1430 cum
2202 1375 2437 1446 populus
2452 1374 2617 1444 impie
2635 1376 2959 1430 idololatriae
2974 1373 3446 1440 haereret,infestae
3457 1380 3640 1433 erant.

2060 1467 2155 1523 Hae
2188 1484 2318 1523 vero
2346 1468 2479 1537 ipsa:
2507 1466 2782 1536 justitiam
2812 1467 2990 1523 eidem
3036 1467 3239 1537 populo
3283 1466 3639 1528 annuntiant,

2060 1558 2318 1615 videlicet
2347 1558 2629 1612 Christum
2677 1557 2796 1623 Dei,
2831 1558 2925 1628 qui
2966 1573 3096 1613 vere
3116 1558 3332 1627 justitia
3371 1566 3490 1624 est;
3526 1557 3642 1612 sive

2061 1653 2306 1707 salutare
2352 1649 2733 1721 Evangelium,
2797 1650 2959 1719 cujus
3018 1663 3187 1704 causa
3239 1648 3445 1703 dictum
3490 1656 3575 1702 est
3622 1667 3641 1703 :

2066 1762 2086 1795 ι
2125 1741 2450 1812 Suscipiunt
2475 1749 2692 1797 montes
2724 1755 2912 1811 pacem
2946 1739 3170 1810 populo,
3205 1745 3259 1793 et
3292 1736 3643 1807 collesjusti-

378 1820 511 1885 λιον,
540 1820 606 1874 δι’
632 1820 660 1873 ὃ
689 1820 938 1873 λέλεκται
958 1836 970 1850 ⁸
1002 1839 1021 1871 ι
1057 1819 1497 1874 Ἀναλαϐέτωσαν
1519 1819 1587 1872 τά
1611 1818 1713 1891 δρη
1740 1820 1955 1889 εἰρήνην

2063 1836 2216 1889 tiam.
2264 1853 2283 1887 ›
2322 1832 2447 1886 llazc
2469 1846 2638 1901 porro
2667 1830 2943 1894 evenient,
2977 1829 3104 1900 quia
3130 1836 3464 1884 memoratus
3496 1827 3641 1884 ﬁlius

376 1909 454 1981 τῷ
506 1908 651 1981 λαῷ,
694 1909 789 1963 καὶ
830 1911 879 1963 oi
935 1908 1113 1980 βουνοί
1160 1909 1521 1980 δικαιοσύνην.
1570 1927 1590 1962 ι
1634 1909 1744 1961 Καὶ
1787 1906 1958 1960 ταῦτα

376 2002 550 2065 ἔσται,
581 2001 768 2073 ἐπειδὴ
792 2002 819 2053 6
847 2001 1166 2073 προλεχθεὶς
1194 2001 1308 2065 υίὸς
1326 2001 1419 2054 τοῦ
1448 2000 1712 2072 βασιλέως
1740 2020 1757 2051 ι
1786 2001 1960 2071 κρινεῖ

374 2093 501 2157 τοὺς
538 2094 782 2163 πτωχοὺς
826 2091 919 2145 τοῦ
950 2092 1115 2158 λαοῦ,
1168 2094 1262 2145 καὶ
1297 2091 1459 2146 σώσει
1512 2094 1637 2156 τοὺς
1673 2094 1818 2154 υἱοὺς
1851 2090 1958 2143 τῶν

375 2186 626 2256 πενήτων
646 2201 659 2214 ο
693 2204 711 2236 ι
754 2184 946 2255 κρίνας
978 2183 1086 2255 γὰρ
1117 2184 1378 2255 πρότερον
1407 2183 1589 2249 ἀξίους
1621 2180 1758 2236 εἶναι
1788 2200 1960 2254 σωτη-

376 2271 519 2344 ρίας,
553 2270 725 2337 οὕτως
771 2274 969 2336 αὐτοὺς
1008 2272 1193 2336 σώζει.
1244 2274 1318 2326 Ού
1362 2273 1472 2346 γὰρ
1520 2274 1793 2345 ἀκρίτως,
1840 2270 1959 2343 μετ’

374 2360 748 2433 ὲξητασμένης
791 2362 847 2415 δὲ
878 2363 1111 2434 κρίσεως
1141 2364 1240 2434 τὴν
1272 2364 1545 2434 σωτηρίαν
1589 2364 1816 2435 παρέχει
1845 2364 1958 2425 τοῖς

373 2452 569 2507 ἑαυτοῦ
607 2458 844 2525 πτωχοῖς
876 2456 970 2509 καὶ
1007 2458 1121 2519 τοῖς
1158 2457 1295 2520 υἱοῖς
1324 2455 1433 2510 τῶν
1464 2457 1733 2527 πενήτων,
1766 2453 1839 2511 ὧν
1862 2457 1956 2512 καὶ

373 2548 407 2619 ή
456 2547 759 2618 προςρητεία
810 2547 1082 2618 μέμνηται
1117 2546 1379 2616 λέγουσα’
1429 2566 1448 2600 ι
1485 2549 1954 2618 Εὑαγγελίσασθαι

373 2643 607 2711 πτωχοῖς
632 2639 938 2693 ἀπέσταλκέ
971 2657 1067 2711 με·
1100 2639 1332 2711 κηρῦξαι
1366 2641 1730 2713 αἰχμαλώτοις
1745 2645 1955 2724 ιᾶφεσιν

373 2733 469 2786 καὶ
501 2732 721 2801 τυφλοῖς
750 2732 1097 2802 ἀνάϐλεψιν.)
1120 2734 1378 2804 Πτωχοὺς
1406 2732 1462 2786 δὲ
1491 2734 1676 2798 ποίους
1701 2737 1885 2807 φησὶν,
1918 2738 1951 2810 ἢ

369 2824 495 2887 τοὺς
528 2822 858 2893 δυναμένους
888 2821 1087 2893 ὁμοίως
1130 2821 1327 2893 Παύλῳ
1358 2822 1538 2893 λέγειν
1558 2842 1570 2854 ο
1603 2844 1621 2875 ι
1656 2827 1815 2898 ’Ἄχρι
1856 2830 1954 2900 τῆς

369 2914 491 2985 ἄρτι
529 2913 679 2985 ὥρας
716 2916 811 2966 καὶ
866 2912 1137 2983 πεινῶμεν
1186 2913 1280 2967 καὶ
1306 2913 1569 2985 διψῶμεν,
1599 2916 1691 2968 καὶ
1744 2934 1955 2989 γυμνη-

368 3004 620 3076 τεύομεν,
668 3006 763 3058 καὶ
791 3004 1217 3075 κολαφιζόμεθα,
1252 3006 1346 3059 καὶ
1371 3006 1709 3077 ἀστατοῦμεν
1730 3027 1742 3039 ·
1776 3027 1795 3060 ι
1829 3009 1954 3073 τούς

366 3114 427 3152 τε
474 3098 680 3169 ὁμοίως
712 3098 905 3169 Πέτρῳ
954 3098 1267 3169 φήσανταςυ
1304 3116 1323 3149 ‹
1364 3097 1651 3171 Ἀργύριον
1684 3102 1779 3153 καὶ
1822 3119 1954 3171 χρυ-

2059 1928 2207 1997 regis
2247 1945 2265 1978 ι
2301 1924 2576 1996 judicabit
2613 1939 2880 1994 pauperes
2913 1922 3124 1994 populi,
3172 1929 3227 1977 et
3257 1921 3442 1977 salvos
3475 1919 3640 1975 faciet

2061 2021 2201 2076 ﬁlios
2233 2033 2568 2090 pauperum;
2610 2035 2628 2068 ι
2664 2031 2790 2070 nam
2826 2031 2951 2070 cum
3003 2014 3159 2085 prius
3211 2014 3388 2069 salute
3444 2012 3643 2083 dignos

2053 2113 2383 2183 judicasset,
2407 2111 2488 2165 sic
2510 2110 2592 2164 eis
2617 2110 2848 2165 salutem
2883 2107 3145 2178 impertit.
3189 2105 3311 2160 Non
3344 2105 3489 2161 enim
3520 2104 3640 2159 sine

2059 2205 2263 2276 praevio
2306 2204 2541 2275 judicio,
2602 2202 2694 2256 sed
2752 2202 3037 2270 praemisso
3086 2200 3360 2263 examine,
3407 2196 3639 2254 salutem

2059 2298 2264 2369 praebet
2284 2295 2622 2366 pauperibus
2655 2293 2771 2349 suis
2794 2303 2847 2348 et
2878 2292 3004 2347 ﬁliis
3029 2306 3357 2362 pauperum,
3400 2305 3637 2359 quorum

2058 2389 2342 2461 prophetia
2372 2386 2622 2442 meminit
2644 2386 2833 2441 dicens
2862 2403 2875 2439 :
2914 2404 2932 2436 ι
2964 2383 3359 2455 Evangelizare
3383 2380 3639 2452 pauperi-

2057 2486 2162 2539 bus
2196 2482 2347 2538 misit
2390 2497 2477 2536 me
2505 2500 2520 2535 :
2550 2480 2848 2551 praedicare
2877 2477 3110 2548 captivis
3140 2475 3544 2538 dimissionem,
3585 2480 3641 2527 et

2056 2577 2219 2632 caecis
2251 2575 2405 2631 visus
2430 2571 2836 2627 restitutionem
2868 2570 2936 2626 ὀ.
2970 2588 2988 2622 ι
3026 2567 3306 2625 Mendicos
3334 2582 3469 2623 vero
3497 2582 3639 2636 quos

2056 2669 2153 2727 ait.
2178 2666 2287 2721 nisi
2309 2680 2406 2720 eos
2431 2663 2524 2734 qui
2553 2661 2778 2732 perinde
2804 2670 2967 2730 atque
2993 2658 3200 2714 Paulus
3224 2659 3409 2713 dicere
3432 2658 3637 2725 valent,

2062 2781 2081 2813 ι
2123 2759 2310 2830 Usque
2346 2758 2402 2811 in
2430 2756 2575 2810 hanc
2603 2755 2793 2809 horam
2821 2762 2877 2808 et
2905 2753 3182 2808 esurimus
3210 2760 3264 2805 et
3300 2752 3540 2816 sitimus,
3584 2758 3643 2810 et

2056 2853 2186 2909 nudi
2213 2866 2423 2913 smnus,
2462 2858 2515 2903 et
2546 2847 2793 2918 colaphis
2828 2845 3108 2910 caedimur,
3140 2854 3197 2900 et
3226 2843 3515 2899 instabiles
3540 2859 3639 2898 su-

2058 2958 2182 2998 mus
2207 2943 2250 2975 "
2296 2960 2309 2994 :
2354 2960 2372 2993 ι
2404 2948 2568 3010 atque
2593 2954 2691 2995 eos
2725 2939 2818 3009 qui
2847 2953 2974 2991 cum
2997 2935 3164 2991 Petro
3191 2936 3307 2990 haec
3335 2935 3487 2989 effari
3509 2949 3640 3004 pos-

2059 3039 2209 3095 sunt,
2244 3050 2261 3081 ι
2287 3029 2586 3100 Argentum
2622 3035 2676 3083 et
2704 3042 2899 3081 aurum
2931 3042 3040 3081 non
3072 3032 3155 3080 est
3178 3025 3396 3079 mihi".
3434 3044 3453 3076 ι
3475 3022 3637 3080 Tales

2060 3124 2165 3182 sibi
2193 3138 2463 3194 pauperes
2492 3119 2725 3192 paravit,
2747 3118 3071 3189 praecipiens
3093 3118 3202 3173 illis
3234 3125 3295 3171 ut
3322 3131 3427 3171 non
3457 3116 3640 3186 possi-

369 3191 483 3244 σίον
512 3191 611 3261 οὐχ
643 3189 878 3262 ὑπάρχει
912 3208 1021 3262 μοι.
1058 3208 1076 3241 ›
1106 3189 1394 3255 Τοιούτους
1425 3191 1481 3245 δὲ
1515 3192 1762 3262 πτωχοὺς
1791 3194 1953 3257 αὐτὸς

2056 3219 2248 3275 derent
2297 3232 2494 3269 aurum
2544 3229 2722 3284 neque
2772 3219 3057 3282 argentum
3110 3210 3167 3265 in
3226 3209 3403 3275 zonis,
3458 3224 3638 3280 neque

367 3280 546 3353 ἑαυτῷ
592 3279 969 3353 παρεσκεύαζε
1015 3280 1295 3353 παραινῶν
1330 3280 1405 3353 μὴ
1453 3281 1682 3353 κτῆσθαι
1731 3285 1952 3355 χρυσίον

368 3378 505 3451 μηδὲ
540 3377 803 3449 ἀργύριον
851 3379 931 3440 είς
967 3376 1065 3440 τὰς
1100 3375 1293 3441 ζώνας,
1351 3376 1426 3447 μὴ
1471 3378 1651 3449 πήραν
1697 3378 1779 3441 είς
1812 3377 1949 3441 ὁδὸν,

368 3470 507 3542 μηδὲ
538 3468 631 3522 δύο
666 3469 898 3540 χιτῶνας
922 3510 936 3534 ,
972 3469 1104 3541 μηδὲ
1132 3469 1454 3540 ὑποδήματα
1473 3510 1487 3534 ,
1544 3471 1676 3543 μηδὲ
1734 3472 1948 3544 ῥάϐδον.

370 3582 388 3613 ι
420 3562 667 3615 Τοιοῦτοι
697 3562 754 3615 δὲ
784 3559 924 3633 ἦσαν
950 3562 1045 3616 καὶ
1074 3562 1123 3614 οἱ
1157 3562 1323 3615 πάλαι
1356 3562 1733 3635 περιελθόντες
1756 3567 1813 3618 ὲν
1850 3584 1953 3637 μη-

362 3654 581 3718 λωταῖς,
606 3655 663 3707 ὲν
696 3654 921 3723 αἰγείοις
962 3654 1227 3725 δέρμασιν
1247 3694 1261 3718 ,
1295 3654 1718 3727 ὑστερούμενοι,
1769 3656 1951 3710 θλιϐό-

368 3764 539 3817 μενοι,
585 3745 1047 3817 κακουχούμενοι,
1076 3749 1134 3800 ὲν
1175 3748 1432 3821 ἐρημίαις
1484 3748 1827 3820 πλανώμενοι
1858 3752 1951 3804 καὶ

362 3836 538 3907 ὄρεσι,
572 3838 666 3890 καὶ
695 3837 999 3908 σπηλαίοις,
1027 3839 1121 3891 καὶ
1159 3821 1278 3902 ταῖς
1304 3840 1464 3902 ὀπαῖς
1494 3841 1592 3910 τῆς
1618 3841 1772 3912 γῆς.»
1812 3841 1950 3894 Ἀλλ’

362 3930 413 3983 ei
451 3929 552 3999 μὲν
598 3930 802 3983 τούτων
854 3931 1013 4000 μόνον
1046 3930 1452 4001 ἐμνημόνευσεν
1481 3932 1508 3984 6
1560 3931 1750 4000 λόγος,
1811 3934 1949 3987 ἀπο-

363 4022 645 4076 κέκλειστο
684 4024 793 4085 πᾶς
823 4024 852 4076 6
907 4022 981 4094 μή
1006 4017 1282 4087 τοιοῦτος·
1332 4022 1426 4076 νῦν
1474 4024 1530 4077 δὲ
1574 4026 1667 4077 καὶ
1700 4024 1951 4097 δεύτερον

364 4114 554 4185 τάγμα
598 4114 1020 4186 καταριθμεῖται
1073 4114 1334 4183 φάσκων
1398 4132 1417 4165 ι
1454 4114 1567 4167 Καὶ
1613 4113 1773 4168 σώσει
1825 4116 1951 4179 τοὺς

365 4207 519 4269 υἱοὺς.
543 4203 653 4257 τῶν
685 4205 954 4276 πενήτων.
986 4223 1004 4256 ι
1045 4204 1164 4257 Υἱοὶ
1205 4204 1262 4258 δὲ
1305 4205 1550 4277 πενήτων
1570 4201 1710 4277 ἦσαν
1749 4206 1797 4259 οί
1842 4206 1950 4261 τῶν

363 4296 679 4351 ἀποστόλων
711 4296 807 4349 καὶ
863 4295 1121 4367 μαθητῶν
1168 4296 1261 4349 τοῦ
1313 4296 1567 4367 Σωτῆρος
1604 4298 1637 4366 ή
1649 4295 1765 4366 μῶν
1809 4296 1949 4365 γνώ-

369 4405 538 4459 ριμοι,
561 4388 778 4451 ὁποίους
805 4387 980 4460 δηλῶν
1007 4390 1035 4441 6
1067 4388 1388 4452 Ἀπόστολος
1408 4388 1591 4457 ἔλεγεν
1611 4406 1623 4418 -
1650 4408 1667 4439 ι
1693 4388 1815 4442 Ἐἀν
1841 4388 1948 4461 γάρ

366 4482 597 4545 πολλοὺς
625 4481 1007 4551 παιδαγωγοὺς
1036 4480 1196 4553 ἔχητε
1230 4482 1288 4533 ὲν
1314 4481 1555 4553 Χριστῷ,
1590 4480 1705 4534 ἀλλ’
1729 4483 1789 4535 οὐ
1820 4482 1948 4537 πολ-

362 4572 490 4637 λοὺς
519 4573 789 4645 πατέρας·
819 4559 879 4626 ὲν
901 4572 1010 4645 γὰρ
1040 4573 1262 4646 Χριστῷ
1290 4572 1464 4645 Ἰησοῦ
1488 4572 1598 4642 ἐγὼ
1622 4575 1767 4645 ὑμᾶς
1800 4576 1951 4643 ὲγέν-
1984 4558 2028 4613 Ῑ)

361 4681 507 4734 νησα
527 4678 540 4691 °
576 4683 593 4715 ι
628 4666 723 4718 καὶ
755 4664 915 4719 πάλιν
935 4682 947 4695 ·
993 4685 1012 4715 ι
1042 4665 1221 4719 Τέκνα
1257 4683 1355 4737 μου
1382 4706 1396 4729 ,
1439 4665 1534 4730 οὓς
1582 4667 1742 4720 πάλιν
1775 4667 1949 4720 ὠδίνω

362 4756 524 4827 ἄχρις
551 4749 611 4808 οὗ
646 4756 905 4829 μορφωθῇ
931 4758 1164 4828 Χριστὸς
1196 4760 1252 4810 ὲν
1276 4759 1421 4829 ὑμῖν.
1456 4778 1474 4811 ι
1508 4758 1669 4812 Ἀλλά
1695 4760 1820 4822 τοὺς
1852 4759 1950 4829 μὲν

366 4847 620 4917 πτωχοὺς
648 4847 842 4901 ἑαυτοῦ
876 4849 971 4901 καὶ
1003 4849 1131 4911 τοὺς
1158 4848 1306 4911 υἱοὺς
1334 4849 1443 4902 τῶν
1471 4852 1719 4921 πενήτων
1750 4849 1846 4902 σὺν
1867 4849 1947 4902 δι-

360 4939 623 5011 καιοσύνῃ
653 4942 747 4994 καὶ
776 4941 908 5012 ὀρθῇ
946 4943 1125 5013 κρίσει
1171 4940 1332 5006 σώζει
1354 4961 1368 4975 ι
1404 4943 1495 4996 τὸν
1519 4943 1574 4995 δὲ
1602 4945 1947 5015 συκοφάντην

363 5034 749 5105 προῃρημένον
780 5033 816 5103 ἢ
854 5036 948 5087 καὶ
975 5034 1067 5087 τὸν
1096 5035 1223 5088 λαὸν
1255 5035 1420 5089 αὐτοῦ
1452 5037 1549 5088 καὶ
1578 5037 1676 5107 τὴν
1717 5037 1947 5108 Ἐκκλη-

365 5125 487 5178 σίαν
518 5125 773 5197 πολεμεῖν
806 5127 1015 5199 (μυρίοι
1058 5127 1115 5180 δὲ
1153 5128 1484 5197 συκοφάνται
1506 5130 1605 5202 τὴν
1621 5131 1947 5201 Ἐκκλησίαν

364 5214 535 5270 αὑτοῦ
559 5217 947 5289 διαϐάλλουσι),
973 5219 1066 5273 καὶ
1096 5220 1185 5274 τὸν
1212 5220 1325 5291 βίον
1353 5221 1461 5275 τῶν
1486 5224 1543 5275 ὲν
1567 5226 1631 5295 τῇ
1651 5223 1947 5296 Ἐκκλησία

362 5308 530 5362 αὑτοῦ
561 5310 970 5383 διαπρεπόντων
1017 5311 1164 5366 ἄλλοι
1200 5313 1651 5383 συκοφαντοῦσιν⁹
1699 5310 1775 5369 ὧν
1825 5319 1948 5370 ὲπι-

366 5403 574 5472 στήσας
601 5405 665 5475 τῇ
694 5403 918 5475 τελευτῇ
952 5402 1046 5458 τοῦ
1081 5403 1228 5473 βίου,
1263 5405 1382 5474 ὄψει
1406 5406 1555 5471 ὅπως
1597 5408 1809 5479 εἴρηται
1860 5409 1941 5475 τὸ,

367 5492 511 5546 «Kal
538 5494 865 5549 ταπεινώσει
902 5496 1263 5568 συκοφάντην.
1293 5518 1311 5550 ι
1344 5498 1439 5562 Τίς
1471 5498 1581 5571 γὰρ
1612 5500 1720 5554 τῶν
1749 5518 1944 5573 τυραν-

2054 3326 2238 3383 peram
2266 3309 2331 3363 ad
2360 3308 2527 3371 viam,
2552 3321 2731 3376 neque
2762 3305 2901 3359 duas
2936 3302 3173 3368 tunicas,
3209 3317 3388 3372 neque
3430 3300 3637 3355 calcea-

2056 3411 2261 3466 menta,
2300 3415 2483 3470 neque
2506 3398 2711 3468 virgam
2737 3396 2804 3449 ²³.
2830 3394 3159 3463 Huiusmodi
3193 3393 3323 3446 item
3354 3398 3511 3447 erant
3556 3390 3636 3444 illi

2052 3496 2182 3549 olim
2215 3511 2233 3543 ι
2274 3492 2686 3547 circumeuntes
2717 3488 2770 3540 in
2804 3487 3044 3547 melotis,
3080 3485 3134 3539 in
3178 3484 3411 3555 pellibus
3455 3482 3639 3553 capri-

2054 3588 2163 3653 nis,
2199 3594 2445 3656 egentes,
2507 3581 2825 3651 angustiati,
2880 3579 3085 3643 amicti,
3137 3579 3193 3633 in
3248 3576 3636 3634 solitudinibus

2052 3688 2330 3741 errantes,
2367 3677 2424 3730 in
2456 3674 2758 3735 montibus,
2788 3672 2842 3725 in
2876 3670 3155 3741 Speluncis
3180 3679 3234 3725 et
3259 3670 3313 3724 in
3351 3668 3638 3724 foramini-

2052 3774 2157 3828 bus
2187 3779 2348 3824 terrae
2369 3769 2437 3823 ἰ.
2476 3786 2496 3818 ι
2554 3765 2659 3820 Sed
2693 3764 2740 3819 si
2780 3764 2944 3818 hosce
2970 3762 3145 3816 solum
3180 3775 3361 3817 sermo
3393 3774 3633 3815 comme-

2053 3870 2343 3925 morasset,
2407 3858 2665 3915 exclusus
2728 3870 2861 3913 sane
2902 3855 3041 3910 foret
3107 3853 3361 3924 quisquis
3412 3851 3480 3906 iis
3524 3866 3637 3905 non

2056 3955 2257 4013 similis
2292 3958 2460 4008 esset.
2498 3950 2567 4004 At
2608 3951 2723 4020 jam
2755 3949 2922 4003 alium
2952 3946 3201 4002 ordinem
3230 3950 3517 3999 enumerat
3552 3942 3639 3997 di-

2052 4061 2207 4112 cens,
2247 4063 2264 4096 ‹
2301 4043 2367 4097 Et
2393 4042 2579 4098 salvos
2606 4042 2769 4095 faciet
2800 4040 2940 4094 ﬁlios
2964 4051 3289 4109 pauperum.
3315 4055 3333 4087 ι
3360 4033 3485 4089 Filii
3509 4049 3636 4089 vero

2051 4152 2351 4209 pauperum
2381 4142 2537 4189 erant
2570 4133 2943 4204 apostolorum
2976 4138 3029 4185 et
3075 4128 3469 4199 discipulorum
3513 4123 3638 4179 Ser-

2051 4230 2259 4284 vatoris
2287 4228 2462 4283 nostri
2489 4228 2625 4289 noti,
2657 4242 2796 4297 quos
2836 4222 3131 4295 Apostolus
3153 4221 3303 4276 hisce
3343 4217 3525 4274 verbis
3550 4216 3637 4270 in-

2055 4323 2290 4377 dicavit:
2324 4341 2342 4373 ‹
2382 4321 2517 4376 Nam
2546 4320 2648 4376 etsi
2695 4319 2900 4373 multos
2932 4315 3258 4388 paedagogos
3295 4310 3539 4366 habeatis
3580 4309 3634 4363 in

2053 4406 2296 4481 Christo,
2331 4414 2427 4470 sed
2469 4429 2578 4469 non
2616 4432 2628 4467 :
2671 4412 2874 4467 multos
2904 4419 3126 4482 patres:
3151 4409 3208 4462 in
3242 4407 3459 4461 Christo
3487 4402 3635 4459 enim

2051 4508 2181 4563 Jesu
2211 4522 2312 4578 ego
2355 4522 2453 4562 vos
2485 4507 2744 4578 genui";
2796 4524 2814 4555 ι
2850 4520 2913 4557 ac
2958 4516 3183 4557 rursum
3233 4517 3247 4552 :
3292 4517 3310 4549 ι
3348 4496 3472 4550 Filii
3504 4495 3631 4559 mei,

2055 4616 2195 4670 quos
2230 4614 2453 4653 rursum
2488 4597 2760 4669 parturio,
2791 4595 2966 4650 donec
2998 4594 3264 4647 formetur
3292 4588 3546 4643 Christus
3578 4586 3634 4640 in

2054 4691 2209 4745 vobis
2238 4691 2303 4742 '°.
2338 4709 2355 4741 ι
2384 4687 2587 4742 Verum
2621 4700 2894 4758 pauperes
2916 4698 3049 4739 suos
3081 4689 3135 4737 et
3166 4680 3307 4735 ﬁlios
3332 4677 3633 4749 pauperum

2050 4799 2174 4839 cum
2196 4782 2414 4851 justitia
2443 4789 2497 4835 et
2526 4789 2679 4835 recto
2712 4777 2927 4848 judicio
2970 4777 3148 4831 salute
3177 4774 3364 4828 donat.
3413 4768 3636 4825 Calum-

2051 4872 2284 4928 niatoris
2313 4881 2518 4934 autem,
2544 4870 2637 4941 qui
2678 4869 2731 4922 in
2766 4868 3008 4920 animum
3038 4863 3252 4919 induxit
3280 4862 3543 4933 populum
3579 4863 3635 4913 et

2054 4963 2354 5021 Ecclesiam
2401 4962 2523 5031 ejus
2567 4964 2891 5030 impugnare
2966 4964 3130 5027 (nam
3186 4953 3431 5011 sexcenti
3468 4967 3632 5025 syco-

2052 5056 2271 5125 phantae
2326 5062 2452 5108 sunt
2511 5052 2604 5120 qui
2646 5050 2946 5104 Ecclesiam
2997 5047 3117 5116 ejus
3165 5042 3630 5114 calumniantur);

2050 5142 2161 5195 imo
2192 5141 2356 5195 etiam
2383 5140 2619 5193 aliorum
2651 5138 2744 5208 qui
2786 5137 2940 5207 probi
2991 5137 3227 5192 instituti
3254 5136 3403 5191 viros
3444 5134 3498 5188 in
3528 5131 3633 5187 Ec-

2048 5230 2216 5285 clesia
2239 5228 2362 5299 ejus
2397 5228 3087 5301 sycophantiisimpetunt,
3111 5228 3236 5282 vita:
3268 5228 3472 5283 exitum
3507 5240 3632 5295 per«

2053 5322 2320 5393 pendens,
2365 5322 2536 5393 probe
2569 5321 2837 5393 intelliges
2860 5328 2863 5331 ’
2886 5337 2983 5375 cur
3014 5321 3246 5383 dicatur,
3283 5338 3302 5369 ι
3356 5318 3423 5372 Ει
3454 5319 3631 5371 humi-

2052 5413 2208 5468 liabit
2255 5414 2734 5470 calumniatorcm.
2775 5432 2793 5465 ι
2829 5412 2964 5479 Quis
3003 5414 3148 5467 enim
3182 5426 3394 5474 eorum,
3428 5410 3520 5479 qui
3554 5416 3631 5477 ty-

2049 5506 2279 5560 rannice
2333 5504 2388 5559 in
2442 5502 2745 5560 Salvatoris
2792 5503 2966 5559 nostri
3031 5503 3328 5557 Ecclesiam
3376 5506 3624 5571 egerunt,

458 5699 703 5782 '"HZ'ach.
740 5719 817 5782 1|,_
835 5703 921 5782 to,
960 5703 1077 5782 ii."
1121 5706 1197 5782 _*°
1231 5707 1479 5782 isa_.}.x.,
1514 5710 1561 5762 ι.
1588 5712 1629 5743 ιι
1666 5709 1833 5767 lCor.
1860 5712 1914 5779 t,

2142 5716 2186 5747 ²²
2217 5714 2337 5771 Act.
2371 5731 2452 5782 ιιι,
2480 5716 2534 5772 6.
2636 5715 2681 5747 ’³
2716 5713 2907 5769 Matth.
2939 5730 2992 5779 χ,
3018 5711 3069 5765 9.
3150 5709 3193 5741 “
3230 5708 3392 5768 llcbr.
3426 5726 3501 5778 xt,
3530 5673 3630 5764 57..

367 5769 415 5800 “
450 5769 467 5824 l
503 5771 627 5825 Cor.
683 5788 752 5837 iv,
800 5774 881 5827 15.
962 5776 1004 5804 ’⁸
1039 5774 1155 5833 Gal.
1196 5792 1267 5833 Iv.
1308 5776 1392 5831 19.
