4068 6532
455 344 559 400 790
1126 340 1391 399 EUSEBII
1431 336 1914 395 CAESARIENSIS
1951 334 2101 392 ΟΝ).
2140 333 2322 389 PARS
2361 333 2449 388 ill.
2490 359 2557 374 σ-
2592 328 3003 385 EXEGETICA.
3611 325 3715 382 8l‘0

455 478 686 533 eamque
718 461 1051 533 blasphemis
1090 462 1253 518 dictis
1286 470 1341 516 et
1368 460 1745 533 sycophantiis
1776 459 2033 512 traduxe-

2144 457 2457 520 νευσάντων,
2505 454 2598 507 καὶ
2630 453 2729 523 τὴν
2767 451 2860 505 τοῦ
2895 452 3148 520 Σωτηρος
3191 464 3350 519 ημων
3394 444 3719 515 Ἐκκλησίαν

456 561 606 618 runt,
642 553 890 619 deiectus
920 568 1028 607 non
1066 551 1211 606 fuit?
1238 550 1375 619 Quis
1404 567 1469 607 ex
1505 550 1845 621 sapientibus
1874 549 2036 616 hujus

2144 548 2512 621 βλασφημίαις
2550 546 2645 599 καὶ
2698 543 3084 612 συκοφαντίαις
3140 538 3605 611 περιϐαλλόντων,
3655 539 3718 590 οὗ

460 644 647 698 saeculi
672 644 913 714 linguam
944 658 1099 699 suam
1126 644 1346 699 exacuit
1377 651 1567 698 contra
1611 643 1849 697 divinam
1887 639 2037 695 Scri-

2144 640 2564 703 τεταπείνωται;
2609 637 2705 700 Τίς
2753 636 2860 688 τῶν
2913 632 3090 703 σοφῶν
3141 631 3236 685 τοῦ
3280 629 3472 694 αίῶνος
3504 630 3717 690 τούτου.

459 743 700 805 pturam,
742 734 873 805 quin
902 736 1275 807 sycophantiae
1306 750 1420 791 sua:
1469 736 1700 805 pignora
1750 733 2037 789 retulerit?

2144 734 2235 804 τὴν
2267 731 2432 784 αὑτοῦ
2466 730 2713 799 γλῶτταν
2746 730 3018 799 άκονήσας
3050 726 3192 780 κατὰ
3228 725 3329 795 τῆς
3361 724 3719 776 θεοπνεύστου

461 824 570 880 Sed
602 842 729 880 cum
764 827 903 881 bene
941 828 1097 881 multi
1136 826 1489 898 sycophanta:
1515 836 1705 880 contra
1734 823 2036 879 Ecclesiatn

459 916 583 982 ejus
608 916 1031 979 insurrexerint,
1066 932 1368 987 omnesque
1390 931 1623 986 prorsus
1644 914 1840 984 dejecti
1863 922 1916 969 et
1946 913 2042 966 hu-

460 1005 654 1059 utiliati
699 1007 940 1073 fuerint;
979 1007 1097 1078 ipse
1137 1015 1321 1063 tamen
1354 1022 1460 1061 una
1502 1021 1623 1062 cum
1649 1006 1764 1060 sole
1792 1019 2042 1075 perman-

459 1111 651 1163 surus,
686 1115 750 1153 ac
781 1100 1006 1170 perinde
1038 1111 1200 1171 atque
1228 1100 1595 1157 soldoctrinaa
1621 1116 1733 1156 sua:
1763 1100 1934 1155 radiis
1957 1108 2041 1153 to-

458 1197 577 1242 tum
613 1191 801 1246 orbem
828 1192 1211 1248 illustraturus
1240 1192 1589 1262 prtedicitur;
1618 1201 1671 1247 et
1694 1199 1820 1246 ante
1852 1191 2039 1245 lunam

460 1282 679 1340 futurus
731 1287 1165 1354 praznuntiatur;
1230 1286 1346 1340 sive
1411 1285 1713 1339 secundum
1764 1284 2039 1353 Aquilam,

464 1390 484 1423 σ
518 1372 583 1427 Et
613 1374 666 1428 in
697 1373 890 1429 faciem
924 1376 1095 1442 lunae;
1131 1398 1149 1427 ο
1179 1384 1274 1429 aut
1297 1373 1599 1429 secundum
1626 1374 2036 1445 Symmachum,

464 1484 483 1515 ι
517 1462 586 1517 Et
612 1466 666 1517 in
700 1473 1001 1535 conspectu
1050 1465 1191 1520 lunae
1220 1464 1584 1535 permanebit.
1632 1483 1651 1517 ι
1707 1462 1826 1517 Non
1870 1463 2041 1525 enim,

462 1566 591 1611 ante
624 1557 832 1621 lunam,
868 1557 921 1611 id
946 1567 1048 1625 est,
1081 1566 1375 1627 antequam
1420 1558 1550 1612 luna
1598 1557 1787 1622 fieret;
1823 1556 1918 1611 sed
1949 1571 2044 1610 co-

461 1663 603 1714 ram,
646 1647 700 1703 id
747 1660 853 1712 est,
913 1650 967 1703 in
1019 1664 1320 1721 conspectu
1378 1649 1521 1704 luna:
1566 1656 1651 1704 est
1682 1648 2039 1718 reputandus.

461 1739 932 1805 Quemadmodum
967 1740 1112 1794 enim
1158 1741 1243 1795 sol
1294 1739 1439 1795 diem
1487 1739 1651 1794 etllcit
1705 1753 1829 1793 cum
1879 1754 2045 1808 super

2140 825 2383 898 ι’ραφῆς,
2417 825 2478 877 ού
2508 824 2575 877 τὰ
2612 824 2863 894 ἐπίχειρα
2900 820 3134 875 πέπονθε
3180 819 3282 890 τῆς
3321 817 3718 888 συκοφαντίαςς

2154 918 2315 972 Ἀλλὰ
2346 916 2456 989 γὰρ
2489 916 2754 970 πλείστων
2783 917 2923 970 ὅσων
2964 913 3337 985 ἐπισταμένων
3369 911 3722 979 συκοφαντῶν

2141 1012 2281 1067 κατὰ
2310 1011 2407 1081 τῆς
2441 1010 2767 1081 Ἐκκλησίας
2787 1008 2973 1072 αὑτοῦ,
2998 1009 3215 1063 πάντων
3237 1025 3297 1059 τε
3322 1007 3464 1060 κατὰ
3494 1006 3721 1075 καιροὺς

2141 1102 2576 1173 ταπεινουμένων
2600 1142 2614 1166 ,
2648 1102 2809 1166 αὐτὸς
2839 1099 3290 1172 συμπαραμένειν
3334 1097 3413 1169 τῷ
3460 1098 3595 1168 ἡλίῳ
3629 1097 3721 1149 θε-

2144 1197 2413 1263 σπίζεται,
2450 1196 2650 1268 ὁμοίως
2683 1195 2816 1267 ἡλίῳ
2848 1198 2969 1259 ταῖς
3002 1195 3197 1262 αὐγαῖς
3229 1194 3329 1264 τῆς
3364 1190 3529 1246 αὑτοῦ
3568 1190 3723 1243 διδαο

2146 1291 2369 1355 σκαλίας
2394 1292 2483 1344 τὸν
2512 1290 2801 1360 σύμπαντα
2829 1288 3202 1359 καταλάμπων
3228 1288 3433 1357 κόσμον
3454 1302 3469 1317 ⁶
3497 1287 3591 1338 καὶ
3616 1286 3726 1356 πρὸ

2140 1383 2240 1453 τῆς
2272 1381 2499 1453 σελήνης
2530 1380 2588 1434 δέ
2606 1397 2621 1410 ο
2651 1380 2684 1450 ἢ
2716 1380 2855 1433 κατὰ
2878 1379 2968 1432 τὸν
2997 1378 3249 1440 Ἀκύλαν,
3279 1398 3296 1428 ι
3322 1380 3432 1431 Καὶ
3453 1379 3532 1440 εἰς
3556 1376 3728 1448 πρόσ-

2143 1490 2290 1526 ωπον
2319 1473 2417 1543 τῆς
2449 1472 2708 1544 σελήνης·
2740 1491 2758 1523 ι
2813 1472 2844 1542 ἢ
2886 1470 3027 1524 κατὰ
3076 1472 3165 1523 τὸν
3215 1470 3530 1541 Σύμμαχον,
3563 1489 3581 1521 ι
3611 1470 3727 1523 Καὶ

2144 1558 2451 1630 ἔμπροσθεν
2481 1559 2580 1629 τῆς
2621 1558 2847 1630 σελήνης
2875 1558 3138 1629 διαμενεῖ.
3179 1578 3198 1611 ι
3225 1560 3299 1613 Οὐ
3345 1559 3455 1631 γὰρ
3483 1558 3591 1630 πρὸ
3623 1560 3725 1629 τῆς

2148 1653 2396 1722 σελήνης,
2425 1650 2676 1704 τουτέστι
2723 1650 2851 1721 πρὶν
2882 1650 3134 1719 γενέσθαι
3170 1650 3267 1722 τὴν
3304 1651 3532 1721 σελήνην
3555 1669 3568 1681 ·
3605 1652 3723 1704 ἀλλ’

2146 1743 2374 1797 ἐνώπιον
2397 1740 2589 1813 ὥσπερ
2617 1741 2712 1794 καὶ
2751 1740 3061 1811 ἔμπροσθεν
3084 1741 3383 1812 ἡγούμενος
3428 1740 3530 1811 τῆς
3566 1740 3726 1812 σελή-

460 1842 666 1887 tcrram
714 1830 967 1897 advenit;
1002 1832 1130 1886 luna
1157 1846 1287 1887 vero
1314 1831 1520 1886 lumine
1551 1845 1652 1886 suo
1689 1831 1864 1885 noctis
1895 1839 2039 1885 tene-

2144 1853 2261 1907 νης.
2296 1835 2507 1905 Ὠσπερ
2532 1833 2640 1905 γὰρ
2666 1832 2817 1904 ἥλιος
2864 1834 2960 1904 μὲν
2991 1834 3205 1905 ἡμέραν
3238 1832 3533 1906 ἐργάζεται
3577 1834 3725 1905 imp

460 1924 589 1977 hras
619 1923 782 1977 solvit
832 1941 847 1977 :
882 1923 1074 1978 eodem
1109 1922 1271 1979 modo
1301 1925 1392 1995 qui
1434 1924 1490 1977 in
1533 1924 1799 1978 vaticinio
1846 1922 2039 1987 fertur,

460 2015 685 2085 perinde
719 2024 883 2086 atque
907 2018 1033 2068 luna
1058 2014 1272 2069 animas
1301 2016 1355 2069 in
1389 2015 1631 2070 tenebris
1660 2025 1714 2068 et
1740 2022 1899 2069 nocte
1922 2029 2043 2068 ver-

460 2115 648 2163 santes
682 2108 982 2174 illuminat;
1018 2115 1181 2177 atque
1235 2107 1402 2163 veluti
1458 2108 1539 2161 sol
1592 2115 1764 2160 totum
1800 2108 2045 2160 illustrat

460 2202 673 2265 orbem,
704 2216 768 2255 ac
801 2210 1084 2270 permanet
1122 2207 1177 2255 et
1227 2208 1543 2270 perseverat
1585 2216 1761 2270 usque
1803 2200 1870 2255 ad
1911 2216 2045 2256 con-

462 2293 881 2347 summationem
914 2293 1119 2347 smeuli.
1164 2291 1419 2358 Quandiu
1452 2294 1597 2347 enim
1642 2294 1723 2348 sol
1759 2300 1931 2347 totum
1954 2308 2044 2347 or-

461 2383 583 2438 bem
612 2384 870 2446 ltetilicat,
909 2384 1096 2438 tasdiu
1128 2393 1182 2438 ct
1231 2384 1327 2440 ille
1357 2401 1463 2439 una
1506 2400 1631 2440 cum
1664 2387 1781 2441 sole
1829 2402 2045 2456 perma-

460 2492 600 2530 tteus
624 2483 678 2528 et
711 2491 1071 2545 perseverans
1099 2476 1383 2531 hominum
1408 2477 1622 2533 animas
1646 2479 1954 2545 illuminat;
1980 2496 2044 2535 ac

462 2565 690 2636 perinde
725 2574 889 2635 atque
911 2566 1036 2620 luna
1062 2567 1222 2636 plena
1254 2568 1307 2622 in
1327 2569 1713 2638 generationes
1733 2570 2044 2640 generatio-

462 2672 590 2710 num
618 2654 919 2726 perdurare
951 2656 1178 2711 dicitur.

533 2972 696 3029 Vens.
747 2974 855 3030 6-8.
893 2995 911 3028 ι
960 2974 1265 3033 Descendet
1298 2977 1445 3033 sicut
1508 2976 1691 3048 pluvia
1731 2976 1786 3031 in
1843 2978 2042 3041 vellus,

459 3073 513 3117 et
549 3065 692 3119 sicut
736 3066 1016 3121 stillicidia
1051 3068 1316 3122 stillantia
1366 3082 1532 3138 super
1578 3075 1802 3121 terram.
1863 3085 1882 3118 ι
1939 3066 2041 3120 Dc-

2142 1930 2246 2000 γῆς
2275 1928 2563 1999 γενόμενος
2584 1942 2599 1957 ·
2645 1924 2843 1997 σελήνη
2874 1926 2931 1979 δὲ
2970 1926 3164 1989 νυκτὸς
3209 1926 3411 1980 διαλύει
3440 1926 3501 1978 τὸ
3536 1926 3726 1989 σκότος

2141 2019 2220 2091 τῷ
2267 2018 2464 2089 ἑαυτῆς
2508 2018 2682 2088 φωτί’
2713 2018 2815 2091 τὸν,
2851 2015 3016 2069 αὑτὸν
3062 2016 3263 2086 τρόπον
3308 2016 3401 2067 καὶ
3441 2016 3469 2066 ὁ
3508 2030 3726 2084 7190?“-

2141 2113 2428 2184 τευόμενος
2456 2113 2659 2183 ὁμοίως
2690 2113 2787 2183 μὲν
2820 2110 3017 2181 σελήνῃ
3041 2108 3139 2171 τὰς
3168 2109 3225 2160 ὲν
3256 2108 3431 2177 σκότῳ
3452 2106 3544 2159 καὶ
3568 2108 3727 2158 νυκτὶ

2142 2205 2516 2277 τυγχανούσας
2545 2204 2722 2275 ψυχὰς
2755 2200 2999 2273 φωτίζει,
3052 2200 3186 2272 ἡλίῳ
3226 2200 3281 2253 δὲ
3330 2197 3728 2271 παραπλησίως

2142 2299 2232 2352 τὸν
2264 2296 2559 2368 σύμπαντα
2594 2296 2942 2366 καταλάμπει
2987 2292 3209 2365 κόσμον,
3241 2291 3485 2362 διαμένει
3529 2308 3586 2343 τε
3631 2290 3729 2342 καὶ

2145 2389 2563 2462 συμπαραμένει
2594 2389 2722 2461 ἄχρι
2761 2390 2859 2460 τῆς
2893 2387 3199 2451 συντελείας
3242 2386 3335 2439 τοῦ
3387 2384 3600 2447 αἰῶνος.
3630 2384 3727 2448 Εἰς

2142 2486 2266 2538 ὅσον
2294 2484 2402 2557 γὰρ
2425 2484 2577 2555 ἥλιος
2610 2483 2700 2537 τὸν
2735 2483 3026 2554 σύμπαντα
3065 2481 3344 2553 φαιδρύνει
3384 2481 3609 2551 κόσμον,
3645 2482 3729 2542 είς

2141 2576 2394 2631 τοσοῦτον
2420 2578 2514 2631 καὶ
2539 2575 2700 2639 αὑτὸς
2726 2576 2803 2646 τῷ
2836 2576 2972 2647 ἡλίῳ
3003 2575 3446 2647 ωμπαραμὲνων
3474 2576 3568 2628 καὶ
3603 2591 3729 2626 συν-

2143 2669 2517 2739 εκτεινόμενος
2570 2667 2669 2730 τὰς
2728 2668 2835 2719 τῶν
2894 2652 3198 2738 ἀνθρώπων
3244 2663 3466 2735 φωτίζει
3514 2665 3726 2734 ψυχάς·

2143 2761 2404 2825 ὡσαύτως
2434 2760 2491 2813 δὲ
2522 2761 2616 2813 καὶ
2652 2759 2849 2833 σελήνῃ
2892 2758 3189 2830 πλησιφαεῖ
3220 2760 3614 2830 παραπλησίως
3646 2760 3728 2822 εές

2144 2854 2337 2923 γενεὰς
2366 2852 2567 2923 γενεῶν
2595 2852 2816 2920 λέγεται
2840 2851 3105 2922 διαρκεῖν.

2220 2987 2237 3017 ι
2266 2964 2652 3036 Καταϐήσεται
2680 2964 2754 3029 ὠς
2780 2965 2935 3026 ὑετὸς
2962 2963 3056 3016 ἐπὶ
3089 2962 3276 3028 πόκον,
3310 2962 3404 3015 καὶ
3437 2961 3569 3014 ὡσεὶ
3600 2978 3728 3013 στα-

2145 3058 2299 3127 γόνες
2330 3056 2619 3121 στάζουσαι
2646 3055 2739 3108 ἐπὶ
2781 3053 2879 3125 τὴν
2907 3053 3032 3125 γῆν.
3058 3073 3077 3106 ι
3109 3052 3426 3107 Κατάϐασιν
3458 3051 3551 3105 τοῦ
3591 3051 3725 3105 Θεοῦ

460 3170 715 3210 sceusum
749 3155 843 3211 Dei
872 3156 1033 3213 Verbi
1065 3159 1361 3229 intelligas,
1392 3158 1440 3213 si
1480 3158 1798 3213 consideres
1821 3160 2039 3227 deprcs-

2144 3151 2315 3219 Λόγου
2347 3151 2578 3221 νοήσεις,
2607 3148 2907 3219 ἐπιστήσας
2943 3150 3007 3218 τῇ
3032 3146 3330 3201 καταϐάσει
3368 3146 3460 3198 καὶ
3490 3148 3555 3216 τῇ
3590 3161 3730 3215 συμ-

459 3249 673 3302 sionem
704 3255 757 3302 et
781 3249 1292 3319 attemperationem
1316 3263 1424 3318 qua
1451 3265 1511 3304 se
1541 3248 1826 3302 hominum
1860 3249 2041 3318 parvi—

458 3340 559 3393 tati
596 3338 898 3408 adaptavit,
929 3355 1054 3392 cum
1098 3356 1118 3390 ‹
1160 3338 1468 3393 humiliavit
1516 3338 1875 3408 semetipsum
1932 3338 2043 3392 for-

457 3442 603 3481 mam
624 3429 767 3483 servi
792 3425 1095 3497 accipiens,
1115 3434 1169 3482 et
1194 3427 1384 3481 habitu
1408 3426 1660 3482 inventus
1680 3434 1740 3480 ut
1757 3426 1919 3480 homo
1939 3427 2004 3478 ’⁷.
2019 3446 2036 3478 ι

460 3516 643 3582 Quare
667 3517 889 3581 dicitur,
929 3535 947 3569 ι
986 3513 1314 3572 Descendet.
1355 3533 1373 3567 ι
1407 3514 1647 3571 Necesse
1676 3530 1807 3571 vero
1848 3514 1951 3569 fuit
1984 3523 2043 3569 ut

457 3608 709 3679 exemplo
736 3609 1021 3679 prophetia
1067 3616 1313 3663 uteretur
1345 3608 1558 3677 dicens,
1593 3628 1611 3661 ‹
1669 3610 1825 3666 Sicut
1856 3611 2042 3681 pluvia

458 3699 515 3753 in
548 3701 740 3756 vellus.
778 3720 797 3753 ι
829 3701 984 3767 Quod
1009 3702 1263 3757 similiter
1294 3702 1491 3772 reliqui
1518 3718 1710 3759 omnes
1726 3703 2037 3767 ediderunt,

458 3794 654 3865 Aquila
713 3796 949 3862 scilicet,
1008 3815 1026 3848 ι
1086 3796 1152 3850 Et
1199 3796 1497 3854 descendet
1539 3797 1687 3852 sicut
1743 3797 1928 3867 pluvia
1987 3799 2043 3851 in

458 3888 686 3959 pellem;
728 3906 746 3940 ι
790 3886 1177 3960 Symmachus,
1237 3907 1255 3940 ι
1322 3888 1631 3944 Descendet
1663 3888 1809 3943 sicut
1844 3905 1936 3944 ros
1987 3890 2042 3944 in

457 3982 665 4048 vellus;
726 4000 745 4034 ι
805 3983 1035 4053 parique
1077 3983 1242 4037 modo
1301 3982 1500 4053 reliqui
1551 3984 1903 4051 interpretes,
1943 3982 2045 4038 dc-

458 4074 732 4128 clarantes
791 4071 979 4138 Verbi,
1038 4075 1184 4143 quod
1245 4076 1299 4128 in
1361 4074 1685 4145 prophetia,
1741 4073 1917 4129 fertur
1974 4091 2041 4128 ex

460 4164 702 4230 sublimi,
732 4165 853 4221 sive
881 4180 946 4220 ex
976 4166 1112 4235 ipsis
1141 4166 1321 4233 cmlis,
1354 4166 1680 4222 descensum
1711 4166 1762 4219 iu
1789 4173 1988 4220 terram
2023 4184 2038 4221 :

459 4258 753 4327 ipsumque
806 4257 991 4327 quiete
1045 4271 1110 4311 ac
1159 4261 1385 4321 sensim,
1438 4257 1755 4313 advertente
1800 4258 2039 4323 nemine,

457 4348 813 4403 descendisse
852 4350 1290 4404 subindicantes.
1338 4348 1528 4403 Pluvia
1558 4349 1759 4420 quippe
1784 4350 1838 4403 in
1867 4349 2042 4409 vellus

456 4439 709 4495 insensili
739 4440 902 4495 modo
933 4441 1054 4497 sine
1084 4440 1316 4509 strepitu
1351 4439 1678 4494 demittitur.
1713 4439 1849 4506 Quia
1875 4440 2041 4510 igitur

2148 3243 2422 3315 περιφορᾷ
2454 3240 2572 3295 καθ’
2603 3243 2668 3314 ἢν
2696 3239 3181 3312 συμπεριενεχθεὶς
3208 3242 3273 3311 τῇ
3294 3238 3402 3291 τῶν
3423 3237 3727 3309 ἀνθρώπων

2150 3334 2511 3407 σμικρότητι,
2563 3352 2581 3385 ι
2624 3331 2985 3387 ἐταπείνωσεν
3029 3331 3219 3386 ἑαυτὸν
3275 3330 3486 3402 μορφὴν
3539 3330 3725 3382 δούλου

2145 3425 2344 3491 λαϐὼν,
2386 3426 2479 3480 καὶ
2512 3426 2750 3497 σχήματι
2788 3423 3029 3495 εὑρεθεὶς
3058 3423 3135 3487 ὡς
3182 3422 3485 3495 ἄνθρωπος.
3520 3441 3539 3474 ι
3587 3424 3665 3474 Δι’
3697 3421 3729 3474 δ

2145 3520 2395 3573 λέλεκται
2421 3536 2434 3549 ’
2494 3537 2513 3570 ι
2552 3518 2958 3589 Καταϐήσεται.
3004 3538 3022 3569 ι
3093 3515 3429 3585 Ἀναγκαίως
3495 3515 3553 3569 δὲ
3633 3516 3728 3567 καὶ

2146 3611 2553 3684 παραδείγματι
2606 3609 2870 3681 κέχρηται
2930 3608 3232 3681 προφητεία
3284 3608 3531 3678 φήσασα,
3570 3625 3589 3658 ι
3642 3607 3729 3670 Ὠς

2146 3703 2299 3767 ὑετὸς
2357 3704 2451 3757 ἐπὶ
2525 3703 2710 3756 πόκον.
2768 3721 2786 3753 ι
2850 3704 2915 3754 Ὃ
2964 3702 3027 3773 δὴ
3081 3699 3384 3772 συμφώνως
3440 3703 3490 3754 oi
3551 3700 3729 3754 λοιποὶ

2146 3792 2341 3856 πάντες
2366 3794 2715 3863 ήρμήνευσαν
2732 3807 2745 3819 ·
2784 3790 3015 3855 Ἀκύλας
3040 3790 3138 3862 μὲν
3159 3791 3347 3855 εἰπὼν,
3381 3811 3398 3843 ι
3425 3792 3533 3845 Καὶ
3557 3808 3727 3846 κατα-

2145 3885 2373 3957 ϐήσεται
2406 3884 2482 3946 ὠς
2508 3884 2662 3947 ὑετὸς
2699 3884 2791 3936 ἐπὶ
2823 3884 3055 3955 κουράν⁸
3094 3904 3111 3936 ι
3144 3884 3436 3955 Σύμμαχος
3458 3884 3536 3944 δὲ,
3571 3904 3590 3935 ι
3616 3886 3728 3937 Κα-

2143 3974 2438 4047 ταϐήσεται
2486 3975 2564 4039 ὼς
2604 3976 2794 4047 δρόσος
2865 3976 2958 4029 ἐπὶ
3001 3975 3200 4031 πόκον·
3247 3996 3265 4029 ι
3312 3978 3405 4030 καὶ
3444 3978 3495 4030 οἱ
3553 3977 3728 4031 λοιποὶ

2146 4068 2481 4138 ὲρμηνευταὶ
2510 4068 2713 4139 ὁμοίως
2734 4084 2746 4097 ⁸
2782 4068 3156 4141 παριστῶντες
3184 4068 3276 4123 τοῦ
3322 4070 3494 4139 Λόγου
3541 4070 3638 4142 τὴν
3668 4070 3726 4134 ἐξ

2145 4157 2312 4226 ὕψους
2340 4159 2439 4231 τὴν
2488 4156 2547 4223 ἐξ
2593 4158 2775 4212 αὑτῶν
2819 4160 3064 4231 οὑρανῶν
3095 4161 3315 4216 κάθοδον
3348 4162 3440 4215 ἐπὶ
3486 4163 3601 4238 γῆς,
3634 4162 3721 4216 τοῦ

2143 4253 2653 4325 προφητευομένου’
2688 4254 2784 4307 καὶ
2835 4255 2910 4319 ὡς
2936 4256 3120 4327 ἠρέμα
3167 4256 3258 4309 καὶ
3289 4256 3465 4327 ἡσυχῆ
3500 4256 3724 4327 μηδενὸς

2142 4344 2464 4416 αἰσθομένου
2492 4345 2890 4418 καταϐέϐηκεν.
2917 4348 3102 4411 ’Υετὺς
3133 4348 3240 4419 γάρ
3272 4349 3364 4401 ἐπὶ
3397 4349 3564 4402 πόκον
3599 4366 3702 4402 κατ

2147 4438 2239 4492 ιὼν
2260 4480 2275 4501 ,
2328 4438 2741 4511 ἀνεπαισθήτως
2798 4441 2892 4494 καὶ
2953 4439 3193 4510 ἀψοφητὶ
3251 4442 3515 4494 κάτεισιν.
3574 4441 3729 4494 Ἐπεὶ

458 4524 769 4582 Servatoris
814 4529 993 4582 nostri
1028 4528 1308 4599 generatio
1343 4528 1647 4581 secundum
1682 4543 1907 4583 carnem
1943 4529 2039 4583 tali

2145 4534 2324 4588 τοίνυν
2373 4536 2406 4605 ή
2445 4532 2586 4587 κατὰ
2644 4535 2821 4606 σάρκα
2867 4535 3080 4603 γένεσις
3115 4535 3207 4589 τοῦ
3266 4536 3516 4607 Σωτῆρος
3568 4536 3720 4606 ἡμῶν

454 4618 869 4688 dispensatione
899 4620 1042 4675 facta
1076 4628 1182 4685 est,
1220 4630 1277 4675 ut
1304 4636 1373 4675 ne
1393 4635 1458 4675 ex
1478 4621 1676 4677 vicinis
1702 4621 1921 4691 quidem
1952 4622 2036 4676 ul-

453 4709 542 4765 lus
565 4714 942 4783 conceptionis
975 4722 1030 4769 et
1078 4723 1269 4784 partus
1297 4723 1503 4769 sanctae
1543 4712 1786 4783 Virginis
1825 4724 2035 4784 myste-

454 4802 597 4857 rium
624 4804 707 4857 vel
731 4804 992 4876 cogitaret
1010 4807 1092 4861 vel
1123 4806 1372 4872 audiret;
1408 4805 1557 4876 quod
1594 4806 1770 4874 ipsum
1799 4820 2038 4875 prtesens

455 4906 638 4948 Sermo
660 4894 1028 4949 subindicavit
1050 4896 1277 4951 dicens:
1310 4916 1327 4947 ι
1362 4896 1665 4952 Descendet
1690 4897 1832 4950 sicut
1857 4897 2041 4968 pluvia

454 4984 512 5037 iu
540 4984 745 5051 vellus;
784 5005 803 5037 ι
838 4995 891 5040 et
925 4988 1088 5053 alias,
1117 4988 1248 5059 quia
1281 4989 1457 5045 vellus
1487 4992 1671 5045 ovium
1720 4993 1879 5063 pellis
1928 5000 2035 5058 est,

453 5075 498 5129 si
546 5076 756 5145 cogites
807 5075 1154 5134 Servatorem
1206 5082 1383 5151 ipsum
1430 5082 1503 5136 ita
1542 5084 1819 5149 docuisse,
1859 5103 1877 5135 ι
1917 5084 2035 5139 Non

451 5166 575 5221 veni
609 5168 714 5224 nisi
748 5170 816 5224 ad
852 5186 984 5227 oves
1015 5188 1138 5243 qua:
1167 5174 1450 5243 perierunt
1480 5175 1676 5231 domus
1716 5177 1883 5234 Israel
1917 5180 1962 5210 ⁸⁸
1983 5198 2030 5245 ;ι

451 5273 695 5327 praesens
749 5260 957 5316 dictum
1010 5264 1328 5333 hujusmodi
1388 5268 1507 5320 voci
1559 5270 1864 5339 coaptabis.
1922 5268 2038 5324 Non

450 5351 594 5407 enim
627 5352 694 5407 ad
726 5354 892 5409 aliam
923 5364 1139 5427 gentem
1165 5356 1473 5423 descendit,
1511 5359 1607 5414 sed
1640 5360 1709 5414 ad
1742 5361 1914 5417 solam
1949 5361 2039 5416 Ju-

449 5445 702 5511 tlaicam,
773 5464 941 5516 penes
997 5466 1159 5521 quam
1221 5460 1595 5509 commoratus
1641 5464 1747 5509 est.
1815 5454 2035 5511 Primus

451 5552 580 5608 ergo
602 5540 723 5605 ejus
753 5540 1054 5599 descensus
1093 5543 1219 5598 talis
1245 5545 1366 5607 fuit,
1398 5546 1578 5614 qualis
1606 5547 1805 5617 pluviae
1835 5548 1888 5601 in
1917 5549 2032 5603 vel-

450 5628 538 5685 lus
591 5633 892 5688 secundum
938 5635 1051 5704 jam
1089 5636 1344 5689 traditam
1407 5637 1696 5695 rationem.
1754 5637 1885 5695 Post
1916 5640 2029 5696 haec

523 5728 565 5757 ’⁷
605 5726 806 5797 Philip.
836 5746 896 5793 ιι,
922 5730 975 5785 8.
1058 5732 1103 5765 η
1141 5730 1332 5787 Matth.
1366 5749 1456 5797 xv,
1492 5734 1583 5788 ‘l-l.

532 5824 597 5891 (lg
644 5821 804 5878 Forte
835 5829 965 5889 τοῖς.

2142 4626 2397 4699 τοιαύτην
2426 4627 2687 4699 ἀνείληφε
2717 4628 2814 4700 τὴν
2840 4630 3172 4699 οἰκονομίαν,
3194 4630 3269 4693 ὡς
3303 4630 3508 4701 μηδένα
3537 4632 3725 4699 νοῆσαι

2147 4720 2279 4792 μηδὲ
2311 4721 2662 4792 ἀκουσθῆναι,
2688 4721 2828 4792 μηδὲ.
2845 4722 2969 4784 τοὺς
2987 4722 3063 4792 (l)
3083 4724 3146 4775 ἐκ
3179 4721 3433 4791 γειτόνων
3448 4720 3728 4775 οίκοῦσιτδ

2148 4814 2443 4884 μυστήριον
2479 4814 2578 4884 τῆς
2616 4813 2929 4885 συλλήψεως
2956 4817 3049 4867 καὶ
3076 4813 3167 4867 τοῦ
3195 4812 3415 4867 τοκετοῦ
3442 4813 3543 4883 τῆς
3571 4812 3728 4881 ἁγίας

2146 4903 2445 4977 Παρθένου.
2495 4904 2653 4959 Τοῦτ’
2705 4906 2869 4970 αὑτὸς
2926 4907 2955 4958 ὁ
3022 4904 3212 4976 παρὼν
3264 4904 3485 4977 ᾐνίξατο
3536 4906 3724 4973 λόγος,

2146 4995 2350 5050 εἰπών·
2391 5016 2409 5047 ι
2441 4997 2828 5067 Καταϐήσεται
2867 4996 2943 5061 ὡς
2990 4997 3143 5060 ὑετὸς
3197 4998 3290 5050 ἐπὶ
3324 4998 3523 5049 πόκον·
3575 5017 3591 5047 ι
3633 4996 3727 5050 καὶ

2145 5087 2338 5154 ἄλλως,
2368 5088 2557 5157 ἐπειδὴ
2592 5089 2761 5153 πόκος
2794 5089 3081 5158 προϐάτων
3123 5089 3286 5161 δορὰ,
3336 5091 3537 5160 νοήσας
3578 5091 3726 5153 ὅπως

2144 5179 2306 5243 αὑτὸς
2338 5180 2585 5234 ἐδίδασκε
2630 5180 2803 5250 λέγων
2842 5184 2870 5235 ὁ
2900 5182 3122 5255 Σωτήρ·
3159 5201 3177 5233 ι
3214 5183 3328 5236 Οὑκ
3372 5178 3536 5253 ἦλθον
3570 5185 3618 5234 εἰ
3650 5181 3724 5253 μὴ

2147 5274 2228 5336 είς
2279 5274 2348 5327 τὰ
2401 5273 2650 5344 πρόϐατα
2700 5272 2769 5326 τὰ
2818 5274 3136 5328 ἀπολωλότα
3193 5274 3343 5327 οἴκου
3408 5274 3660 5344 Ἰσραήλ·
3700 5294 3717 5322 ι

2145 5365 2477 5436 ὲφαρμόσεις
2510 5366 2571 5419 τὸ
2604 5368 2776 5437 παρὸν
2804 5366 2982 5435 λόγιον
3019 5371 3084 5439 τῇ
3116 5366 3281 5422 αὑτοῦ
3304 5369 3474 5438 φωνῇ.
3508 5367 3582 5419 Οὑ
3616 5366 3721 5437 γὰρ

2143 5458 2252 5517 ἐπὶ,
2285 5458 2471 5529 ἕτερον
2515 5457 2669 5523 ἔθνος
2714 5460 3118 5532 καταϐέϐηκεν,
3162 5461 3277 5514 ἀλλ’
3329 5461 3419 5513 ἐπὶ
3456 5461 3617 5530 μόνον
3662 5460 3721 5511 τὸ

2155 5550 2439 5614 Ἰουδαίων,
2468 5552 2599 5622 παρ’
2633 5546 2714 5616 οἷς
2746 5554 2837 5605 καὶ
2866 5553 2963 5617 τὰς
2994 5553 3274 5625 διατριϐὰς
3304 5554 3616 5623 ἐποιήσατο.
3655 5552 3718 5603 Ἥ

2144 5642 2238 5711 μὲν
2278 5638 2369 5695 οὖν
2412 5642 2601 5715 πρώτη
2652 5645 2951 5712 κατάϐασις
2999 5647 3162 5701 αὑτοῦ
3190 5648 3410 5717 γέγονεν
3450 5646 3525 5712 ὡς
3568 5645 3719 5709 ὑετὸς
