4068 6532
389 364 483 421 801

1511 362 2011 419 ΕΟΜΜΕΝΤᾹΒΙᾹ
2054 362 2118 417 IN
2155 360 2496 420 PSALMOS.

3522 371 3630 427 802

386 483 481 535 ἐπὶ
537 479 703 535 πόκον
737 481 874 536 κατά
924 481 1047 543 τοὺς
1093 480 1456 543 ἁποδοθέντας
1516 479 1783 549 τρόπους·
1830 479 1953 549 μετᾶ

2071 487 2272 541 autem,
2296 494 2405 533 non
2442 480 2582 532 ultra
2612 479 2754 534 sicut
2806 480 2860 532 in
2910 478 3103 545 vellus,
3142 480 3235 536 sed
3280 496 3477 551 magno
3504 500 3628 540 cum

385 571 555 624 ταῦτα
588 570 644 624 δὲ
695 570 875 624 οὐκέτι
929 571 1004 635 ὡς
1055 572 1147 625 ἐπὶ
1197 572 1397 633 πόκον,
1458 569 1594 623 ἀλλά
1654 570 1751 622 σὺν
1795 569 1962 640 πολλῆ

386 659 599 732 κινήσει
617 678 633 691 ο
665 662 759 714 καὶ
782 661 985 724 κτύπος
1012 660 1336 726 ἐξάκουστος
1354 661 1547 729 γέγονε
1573 660 1692 713 καθ’
1718 659 1843 730 ὅλης
1867 660 1965 731 τῆς

386 753 535 806 οὲκου
543 752 710 822 μένης
730 754 763 822 ἡ
789 753 1105 807 διδασκαλία
1126 752 1313 806 αὐτοῦ.
1337 752 1413 804 Δι’
1436 753 1464 805 ὃ
1484 751 1789 819 ἑπιλέγεται
1814 749 1960 820 ἑξῆς,

393 859 413 890 ι
441 842 533 894 καὶ
563 841 694 894 ὡσεὶ
740 842 997 909 σταγόνες
1027 841 1316 904 στάζουσαι
1364 841 1457 894 ἐπὶ
1498 841 1599 911 τὴν
1629 840 1751 911 γῆν,
1774 858 1792 890 ι
1827 841 1963 892 Στα-

386 932 541 999 γόνες
565 933 671 1003 γὰρ
703 932 735 1003 ἡ
781 931 1013 1001 ψεκάδες
1044 931 1183 985 κατά
1218 932 1344 995 τοὺς
1374 932 1595 993 λοιποὺς
1624 929 1961 1001 ἑρμηνευτάς

389 1023 677 1086 στάζουσαι
711 1025 803 1075 ἐπὶ
848 1024 948 1093 τὴν
982 1024 1084 1094 γῆν
1137 1023 1314 1076 οὐκέτ’
1350 1022 1616 1093 ἀψοφητὶ,
1655 1023 1750 1074 σὺν
1784 1022 1961 1092 πολλῷ

386 1116 443 1168 δὲ
479 1116 635 1186 ψόφῳ
663 1116 901 1169 κατίασι.
939 1116 1049 1167 Καὶ
1080 1114 1236 1168 τοῦτο
1258 1115 1315 1167 δὲ
1344 1113 1493 1176 τέλος
1520 1112 1831 1183 ἐτύγχανεν,
1873 1113 1960 1166 ὅτε

386 1210 467 1270 είς
488 1210 668 1262 πᾶσαν
691 1207 788 1278 τὴν
812 1207 917 1278 γῆν
948 1207 1169 1278 ἐξῆλθεν
1196 1210 1225 1261 ὁ
1247 1206 1478 1275 φθόγγος
1516 1205 1626 1259 τῶν
1652 1205 1960 1259 ἀποστόλων

384 1298 568 1361 αὑτοῦ,
594 1301 688 1353 καί
710 1301 790 1363 εἰς
818 1299 887 1352 τά
921 1298 1128 1369 πέρατα
1152 1298 1253 1369 τῆς
1290 1297 1612 1369 οἰκουμένης
1641 1299 1708 1352 τά
1743 1300 1960 1371 ῥήματα

385 1408 583 1445 αυτων.

453 1505 673 1568 Τούτοις
702 1505 825 1575 ἑξῆς
847 1504 1077 1577 εἴρηται·
1134 1526 1152 1559 ι
1196 1508 1467 1561 Ἀνατελεῖ
1489 1509 1546 1561 ὲν
1572 1508 1691 1570 ταῖς
1723 1505 1958 1577 ἡμέραις

384 1596 545 1650 αὐτοῦ
572 1597 883 1666 δικαιοσύνη
914 1598 1007 1650 καὶ
1036 1598 1237 1669 πλῆθος
1264 1601 1485 1671 εἰρήνης
1504 1616 1517 1629 ο
1559 1618 1577 1651 ι
1612 1598 1756 1652 κατά
1776 1598 1833 1651 δὲ
1864 1599 1956 1653 τὸν

397 1688 645 1756 Ἀκύλαν,
674 1708 692 1742 ι
721 1689 1018 1760 Βλαστήσει
1060 1692 1117 1743 ὲν
1148 1691 1380 1762 ἡμέραις
1414 1691 1580 1744 αὑτοῦ
1624 1691 1829 1754 δίκαιος
1864 1692 1957 1744 καὶ

385 1778 585 1849 πλῆθος
613 1780 834 1850 εἰρήνης
855 1796 868 1808 ·
901 1798 920 1829 ι
960 1778 1098 1832 κατά
1129 1778 1185 1831 δὲ
1215 1778 1308 1831 τὸν
1351 1778 1662 1849 Σύμμαχον,
1702 1797 1721 1829 ί
1770 1776 1956 1846 Ἀνθή-

2068 578 2242 633 motu,
2279 572 2494 625 sonitus
2529 571 2643 624 sive
2666 570 2916 625 doctrina
2941 572 3064 641 ejus
3105 587 3203 642 per
3231 579 3405 626 totum
3445 574 3630 629 orbem

2070 661 2135 715 ad
2164 663 2405 717 omnium
2443 677 2605 717 aures
2645 663 2905 732 pervasit.
2940 662 3119 729 Quare
3148 664 3368 718 additur
3414 664 3630 729 deinde.

2050 772 2094 804 ι(
2126 761 2180 809 et
2209 753 2350 808 sicut
2376 753 2654 809 stillicidia
2704 754 2964 808 stillantia
2992 770 3157 825 super
3184 764 3406 809 terram.
3446 775 3465 806 ι
3503 755 3634 810 Stil-

2068 843 2247 899 licidia
2289 859 2541 913 namque,
2576 843 2688 898 sive
2721 861 2740 894 ι
2781 851 2945 912 guttae
2987 844 3131 899 roris
3168 864 3187 895 ι
3221 844 3515 900 secundum
3552 861 3637 900 re-

2067 936 2246 1005 liquos
2308 936 2655 1005 interpretes,
2716 937 2986 991 stillantes
3039 951 3205 1005 super
3265 944 3486 999 terram,
3525 951 3633 991 non

2067 1042 2293 1097 prorsus
2322 1029 2442 1083 sine
2479 1028 2735 1098 strepitu,
2772 1028 2866 1083 sed
2919 1043 3117 1099 magno
3164 1043 3289 1082 cum
3327 1028 3506 1082 sonitu
3538 1028 3637 1081 de-

2066 1120 2355 1173 scendunt.
2397 1116 2454 1172 ld
2506 1134 2637 1173 vero
2693 1128 2805 1172 tum
2842 1118 3003 1173 ﬁnem
3041 1118 3274 1188 accepit.
3323 1118 3544 1188 quando
3579 1117 3633 1171 in

2064 1226 2282 1266 omnem
2316 1218 2515 1265 terram
2541 1211 2709 1265 exivit
2761 1226 2932 1267 sonus
2993 1211 3367 1280 apostolorum
3405 1210 3547 1279 ejus,
3580 1217 3634 1265 et

2064 1302 2121 1357 in
2154 1304 2290 1358 ﬁnes
2319 1303 2471 1358 orbis
2502 1314 2659 1358 terra:
2690 1303 2856 1358 verba
2885 1318 3096 1359 eorum.

2136 1502 2249 1559 Sub
2275 1503 2390 1559 haec
2426 1503 2626 1559 dicitur
2655 1523 2668 1558 :
2711 1523 2729 1553 ι
2761 1502 2981 1559 Orietur
3009 1503 3062 1557 in
3092 1501 3283 1558 diebus
3311 1503 3431 1572 ejus
3469 1504 3632 1573 justi-

2062 1595 2137 1649 tia
2171 1604 2223 1650 et
2255 1595 2588 1651 abundantia
2623 1596 2842 1665 pacisp
2885 1596 3184 1651 secundum
3203 1596 3450 1666 Aquilam
3481 1610 3629 1658 vero,

2068 1708 2086 1738 ι
2119 1686 2457 1742 Germinabit
2488 1688 2543 1742 in
2573 1687 2766 1742 diebus
2814 1687 2933 1756 ejus
2976 1688 3183 1757 justus,
3217 1695 3269 1742 et
3302 1688 3631 1741 abundantia

2060 1774 2245 1842 pacis;
2281 1792 2300 1825 ι
2348 1775 2651 1829 secundum
2701 1773 3087 1844 Symmachum
3132 1791 3285 1840 vero,
3342 1792 3361 1825 ι
3396 1773 3633 1828 Florebit

384 1842 561 1921 cat-sv
613 1842 733 1931 ταῖς
771 1842 1005 1939 ἡμέραις
1061 1866 1225 1919 αὑτοῦ
1269 1842 1495 1928 δίκαιοςξ
1611 1864 1843 1935 Ἡμέραι
1901 1842 1953 1915 δὲ

2061 1865 2115 1916 in
2146 1864 2337 1920 diebus
2366 1864 2487 1935 ejus
2512 1865 2716 1935 justus.
2746 1842 2771 1917 ί»
2827 1866 2951 1921 Dies
2980 1875 3159 1921 autem
3191 1866 3497 1921 Servatoris
3529 1883 3629 1919 ποι

380 1958 474 2011 τοῦ
519 1959 767 2030 Σωτῆρος
820 1957 976 2029 ἡμῶν
1027 1959 1082 2010 αἱ
1135 1957 1242 2010 ἀπὸ
1288 1956 1391 2026 τῆς
1437 1956 1739 2026 παρουσίας
1792 1953 1953 2007 αὐτοῦ

2059 1956 2157 2011 stri
2211 1958 2279 2012 ab
2327 1958 2563 2014 adventu
2619 1958 2738 2029 ejus
2785 1974 2958 2030 usque
2998 1960 3065 2014 ad
3108 1958 3630 2014 consummationem

384 2051 544 2122 μέχρι
564 2050 663 2121 τῆς
690 2049 997 2112 συντελείας
1027 2048 1119 2103 τοῦ
1137 2048 1333 2113 αἰῶνος
1348 2048 1722 2120 νοηθήσονται.
1748 2047 1953 2119 Ὥσπερ

2060 2049 2239 2104 saeculi
2271 2049 2609 2119 intelligendi
2635 2057 2782 2104 sunt.
2806 2049 2923 2115 Qua
2945 2051 3158 2106 ratione
3186 2052 3329 2106 enim
3354 2050 3627 2114 audimus,

379 2139 489 2210 γὰρ
522 2139 789 2210 ἀκούομεν
825 2139 907 2203 τὸ,
946 2158 964 2190 ι
1018 2139 1105 2192 Ἐν
1137 2141 1257 2201 ταῖς
1303 2140 1538 2210 ἡμέραις
1569 2138 1751 2201 Δαυῖδ,
1787 2157 1805 2189 ι
1839 2140 1952 2203 καὶ,

2064 2139 2167 2195 «1η
2216 2141 2409 2197 diebus
2468 2140 2667 2208 David;
2704 2143 2764 2196 In
2796 2141 2989 2197 diebus
3030 2138 3353 2210 Jeroboam;
3386 2162 3404 2194 ι
3442 2142 3629 2198 eodem

384 2248 403 2280 ι
457 2231 543 2283 Ἐν
584 2229 816 2301 ἡμέραις
860 2230 1158 2301 Ἱεροὸοάμ,
1216 2249 1235 2282 ι
1282 2230 1453 2293 οὕτως
1507 2227 1613 2283 είεν
1657 2230 1721 2283 ἂν
1754 2230 1953 2301 ἡμέραι

2057 2246 2285 2301 prorsus
2356 2232 2520 2286 modo
2566 2233 2684 2289 dies
2734 2233 3040 2289 Servatoris
3098 2235 3273 2290 nostri
3327 2233 3631 2303 excipiendi

375 2320 470 2373 τοῦ
513 2322 761 2391 Σωτῆρος
793 2322 966 2393 ἡμῶν.
1016 2321 1155 2373 Ἀλλ’
1195 2322 1394 2374 ἐκεῖνοι
1430 2321 1549 2391 μὲν,
1584 2322 1720 2390 πρὸς
1773 2321 1953 2389 ὀλίγον

2057 2330 2203 2376 sunt.
2259 2320 2363 2378 Sed
2400 2323 2477 2378 illi
2510 2324 2729 2394 quidem
2755 2340 2878 2378 cum
2910 2326 2977 2379 ad
3009 2326 3173 2380 breve
3205 2333 3420 2394 tempus
3442 2340 3634 2395 super-

378 2413 653 2482 φανέντες,
685 2413 876 2465 θᾶττον
909 2412 1353 2483 ἀπεσϐέσθησαψ
1389 2413 1457 2465 δι’
1491 2413 1519 2465 ὃ
1549 2414 1640 2466 καὶ
1669 2414 1725 2466 αἱ
1754 2412 1953 2484 ἡμέραι

2056 2413 2213 2467 stites
2237 2406 2493 2479 fuissent,
2527 2414 2676 2470 brevi
2720 2416 2976 2472 exstincti
3013 2423 3164 2481 sunt,
3213 2431 3385 2486 quare
3416 2415 3533 2471 dies
3565 2416 3632 2469 il-

376 2502 554 2556 αὐτῶν
598 2501 876 2568 ἐξέλιπον
913 2503 971 2555 αἱ
1009 2501 1066 2554 δὲ
1110 2502 1316 2573 ἡμέραι
1361 2502 1455 2554 τοῦ
1508 2502 1760 2573 Σωτῆρος
1800 2502 1953 2573 ἡμῶν

2056 2503 2232 2557 lorum
2260 2503 2600 2562 defecerunt.
2638 2506 2764 2563 Dies
2793 2523 2924 2563 vero
2955 2507 3262 2565 Servatoris
3289 2509 3465 2565 nostri
3497 2518 3632 2579 quot

374 2593 566 2647 ὁπόσαι
610 2592 955 2663 τυγχάνουσι,
984 2592 1193 2662 φθάσας
1222 2594 1252 2644 ὁ
1283 2593 1439 2661 λόγος
1460 2592 1731 2664 ἐδήλωσεν
1761 2592 1948 2646 εἰπών·

2056 2597 2186 2661 sint,
2223 2612 2387 2668 supra
2415 2598 2751 2654 declaratum
2788 2600 2875 2655 his
2896 2598 3077 2655 verbis
3110 2607 3194 2655 est
3225 2619 3237 2654 :
3277 2618 3295 2651 ι
3336 2599 3629 2655 Permane-

381 2705 400 2735 ‹
438 2686 858 2757 Συμπαραμενεϊ
880 2683 957 2755 τῷ
978 2683 1111 2756 ἡλίῳ
1137 2684 1231 2737 καὶ
1263 2684 1569 2756 ἔμπροσθεν
1594 2684 1694 2756 τῆς
1724 2684 1953 2756 σελήνης

2056 2686 2133 2741 bit
2166 2704 2290 2743 cum
2323 2690 2438 2745 sole
2475 2698 2529 2745 et
2570 2700 2694 2746 ante
2737 2693 2943 2757 lunam,
2975 2693 3033 2746 in
3064 2691 3444 2762 generationes
3467 2707 3632 2761 gene-

374 2779 568 2846 γενεάς
596 2778 825 2845 γενεῶνο
870 2797 889 2831 ι
926 2773 1007 2843 οἷς
1038 2777 1343 2841 ἀκολούθως
1377 2778 1473 2831 καὶ
1501 2777 1664 2840 αὐτὸς
1690 2781 1802 2840 τοῖς
1832 2779 1953 2831 ἑαυ-

2056 2781 2346 2835 rationum.
2385 2802 2403 2834 ι
2471 2781 2885 2854 Consequcnter
2915 2786 2980 2838 ad
3007 2785 3123 2839 haec
3151 2784 3315 2839 verba
3344 2785 3631 2855 discipulis

375 2867 467 2920 τοῦ
518 2868 781 2939 μαθηταῖς
810 2868 1173 2939 ἐπηγγέλλετο
1214 2867 1419 2935 λέγων·
1456 2885 1476 2917 ι
1522 2866 1652 2920 Ἰδοὺ
1691 2866 1800 2936 ἐγὼ
1832 2867 1947 2937 μεθ’

2056 2872 2170 2926 suis
2214 2872 2329 2926 haec
2355 2874 2631 2943 pollicitus
2672 2884 2793 2930 est:
2832 2894 2849 2926 ι
2886 2875 3028 2931 Ecce
3054 2891 3153 2947 ego
3190 2877 3471 2931 vobiscum
3507 2894 3630 2931 sum

376 2959 529 3031 ὑμῶν
563 2963 678 3032 εἰμι
711 2960 839 3034 ἄχρι
876 2960 974 3030 τῆς
1014 2958 1316 3021 συντελείας
1356 2957 1449 3011 τοῦ
1479 2958 1703 3021 αἰῶνος·
1746 2976 1764 3009 ι
1800 2956 1953 3012 Οὕτω

2056 2976 2232 3031 usque
2276 2963 2344 3018 ad
2396 2965 2921 3019 consummationem
2974 2965 3269 3031 saeculi”;
3304 2983 3324 3016 ι
3378 2966 3451 3018 ita
3481 2966 3628 3020 enim

374 3054 482 3125 γὰρ
501 3055 697 3125 ἡμελλε
729 3051 1172 3126 συμπαραμένειν
1199 3051 1275 3122 τῷ
1305 3050 1459 3121 ἡλίῳ.
1503 3050 1710 3103 Οὐκοῦν
1746 3052 1803 3104 ἐν
1833 3053 1952 3115 ταῖς

2056 3070 2178 3108 cum
2209 3055 2323 3110 sole
2349 3071 2742 3127 permansurus
2771 3066 2908 3112 erat.
2938 3055 3124 3128 Itaque
3144 3058 3199 3111 in
3218 3057 3410 3112 diebus
3432 3058 3627 3127 ipsius,

374 3144 607 3216 ἡμέραις
638 3145 823 3209 αὑτοῦ,
866 3146 987 3199 καθ’
1015 3145 1080 3209 ἃς
1108 3144 1533 3217 συμπαραμενετ
1563 3143 1640 3214 τῷ
1666 3143 1823 3215 ἡλίῳ,
1858 3144 1952 3197 καὶ

2056 3149 2209 3217 queis
2255 3163 2378 3202 cum
2431 3147 2545 3202 sole
2596 3141 2971 3218 permanebit,
3024 3156 3079 3203 et
3132 3148 3295 3202 simili
3343 3163 3451 3218 quo
3500 3148 3627 3201 luna

370 3237 571 3306 ὁμοίως
596 3236 791 3309 σελήνῃ
813 3236 911 3301 τάς
938 3237 1044 3290 τῶν
1076 3238 1133 3290 ὲν
1157 3236 1332 3306 σκότῳ
1356 3238 1582 3305 φωτίσει
1609 3235 1808 3305 ψυχὰς,
1834 3236 1955 3289 ἀνα-

370 3326 574 3397 λάμψει
607 3330 699 3381 ὲπὶ
737 3328 915 3399 πάσης
948 3328 1047 3399 τῆς
1086 3329 1189 3399 γῆς
1235 3328 1640 3400 δικαιοσύνηιὴ
1682 3326 1839 3382 κατὰ.
1860 3327 1952 3379 τὸν

384 3419 633 3485 Ἀκύλαν,
676 3438 695 3472 t
728 3421 959 3484 δίκαιος”
1006 3440 1025 3473 ι
1057 3420 1239 3473 οὐκέτι
1270 3420 1421 3492 παρά
1461 3420 1734 3484 Ἰουδαίοις
1770 3422 1952 3492 μόνοις

372 3510 490 3574 ἑνός
531 3529 631 3565 που
676 3514 771 3565 καὶ
798 3512 1049 3584 δευτέρου
1094 3512 1492 3583 ὀνομαζομένου
1545 3513 1778 3574 δικαίου,
1829 3511 1950 3566 καθ’

369 3601 499 3672 ὅλης
522 3601 577 3655 δὲ
598 3604 698 3673 τῆς
726 3604 1051 3675 οίκουμένης
1086 3604 1290 3674 μυρίων
1316 3605 1373 3656 έν
1399 3602 1618 3673 Χριστῷ
1641 3603 1953 3673 δικαιουμέ-

370 3713 498 3748 νων.
539 3696 611 3749 Τὸ
635 3696 691 3750 δὲ
720 3697 924 3767 πλῆθος
952 3696 1057 3749 τῶν
1090 3696 1311 3749 δικαίων
1337 3697 1446 3750 τῶν
1480 3698 1537 3749 ὲν
1567 3699 1687 3759 ταῖς
1716 3696 1953 3768 ἡμέραις

369 3788 464 3841 τοῦ
489 3789 742 3860 Σωτῆρος
781 3789 1083 3843 ἀνθούντων
1118 3791 1212 3844 καὶ
1241 3791 1416 3861 φωτὸς
1454 3790 1609 3861 δίκην
1636 3787 1951 3842 ἀνατελλόν-

368 3896 477 3932 των
500 3880 700 3950 όμοίως
720 3880 798 3950 τῷ
823 3881 1029 3935 ἑαυτῶν
1052 3884 1295 3955 φωστῆρι
1323 3884 1537 3953 νοήσεις
1562 3880 1671 3935 ἀπὸ
1697 3880 1794 3934 τοῦ
1827 3881 1955 3951 πλή-

371 3970 498 4036 θους
524 3972 633 4026 τῶν
682 3974 991 4045 ἁπανταχοῦ
1030 3975 1132 4045 γῆς
1174 3974 1467 4046 μαρτύρων
1510 3972 1673 4027 αὐτοῦ
1705 3972 1801 4025 καὶ
1845 3972 1953 4025 τῶν

370 4062 514 4116 κατά
538 4063 635 4135 τὴν
672 4063 997 4136 Ἐκκλησίαν
1024 4065 1189 4118 αὑτοῦ
1217 4057 1309 4118 τὸν
1349 4063 1638 4133 ἀγγελικὸν
1666 4066 1723 4116 ὲν
1750 4080 1951 4117 παντε-

370 4151 454 4206 λεῖ
482 4153 671 4224 ἁγνείᾳ
709 4154 1115 4225 κατορθούντων
1152 4154 1285 4224 βίον.
1316 4155 1379 4207 El
1418 4154 1475 4207 δὲ
1519 4152 1613 4206 καὶ
1641 4151 1948 4222 δικαιοσύνη

368 4245 430 4297 ὲν
460 4247 581 4309 ταῖς
605 4242 837 4317 ἡμέραις
863 4245 1028 4299 αὑτοῦ
1061 4243 1319 4317 ἀνθήσειν
1359 4244 1628 4306 λέλεκται,
1662 4243 1756 4296 καὶ
1795 4242 1953 4295 τοῦτο

366 4336 519 4398 ὅπως
544 4335 611 4391 δι’
647 4335 822 4407 έργων
867 4336 1167 4408 πληροῦται
1204 4336 1320 4389 ἔστι
1368 4334 1708 4407 καταμαθεῖν
1747 4334 1812 4386 ἐκ
1855 4332 1949 4385 τοῦ

372 4427 449 4501 μὴ
482 4428 767 4492 Ἰουδαίους
807 4428 1019 4498 μόνους,
1055 4427 1189 4482 ἀλλά
1235 4427 1330 4481 καὶ
1360 4429 1468 4480 πᾶν
1496 4426 1645 4489 ἔθνος
1670 4422 1951 4478 καλεῖσθαι

370 4520 466 4577 ἐπὶ
490 4522 589 4593 τὴν
623 4519 802 4575 ἔνθεον
835 4520 1037 4585 πίστιν,
1071 4521 1289 4585 δούλους
1318 4537 1378 4573 τε
1406 4519 1464 4586 ἐξ
1494 4518 1608 4572 ἴσου
1642 4521 1753 4580 τοῖς
1796 4516 1947 4570 ὲλευ-

2055 3237 2252 3301 modo,
2304 3238 2518 3291 animas
2549 3236 2602 3291 in
2631 3237 2871 3292 tenebris
2909 3238 3117 3307 positas
3148 3237 3508 3301 illuminabit,
3538 3236 3631 3304 ju-

2051 3329 2200 3384 stitia
2270 3330 2470 3385 lucebit
2524 3329 2579 3383 in
2628 3329 2883 3383 universa
2933 3337 3107 3396 terra;
3160 3329 3274 3385 sive
3325 3329 3624 3383 secundum

2050 3422 2325 3495 Aquilam,
2367 3440 2385 3473 ι
2412 3420 2615 3491 justus.
2651 3440 2669 3472 ι
2709 3420 2818 3475 Nec
2852 3422 2995 3474 ultra
3044 3421 3187 3492 apud
3229 3419 3449 3475 Iudaeos
3504 3428 3628 3472 tana

2053 3525 2165 3568 tum
2208 3528 2352 3569 unus
2390 3518 2494 3568 aut
2540 3511 2680 3565 alter
2708 3510 2894 3579 justus
2946 3509 3352 3576 nominabitur;
3388 3510 3481 3565 sed
3531 3525 3629 3580 per

2051 3614 2222 3659 totum
2297 3605 2483 3658 orbem
2534 3600 2733 3657 inﬁniti
2784 3600 2840 3656 in
2879 3598 3099 3656 Christo
3160 3591 3626 3671 justiﬁeabuntur.

2053 3694 2451 3750 Multitudinem
2501 3700 2681 3747 autem
2725 3691 3022 3761 justorum,
3060 3692 3153 3760 qui
3200 3690 3254 3743 in
3282 3690 3475 3753 diebus
3506 3689 3629 3743 Ser-

2050 3785 2256 3839 vatoris
2276 3786 2446 3839 nostri
2470 3783 2788 3843 ﬂoruerunt,
2814 3789 2867 3836 et
2893 3781 2983 3850 qui
3018 3781 3242 3835 luminis
3271 3779 3460 3843 instar,
3490 3794 3620 3846 per-

2053 3876 2179 3931 inde
2221 3882 2384 3944 atque
2431 3875 2673 3943 ipsorum
2707 3871 2993 3936 luminare,
3030 3870 3202 3924 exorti
3236 3876 3384 3930 sunt,
3420 3868 3620 3921 intelli-

2053 3982 2146 4038 ges
2176 3983 2242 4022 ex
2270 3965 2619 4020 multitudine
2670 3971 2969 4034 martyrum
3017 3962 3136 4032 ejus
3181 3976 3277 4031 per
3316 3959 3622 4014 universam

2053 4067 2276 4122 terram,
2326 4070 2623 4125 eorumque
2670 4055 2761 4125 qui
2794 4055 2848 4107 in
2882 4053 3124 4108 Ecclesia
3160 4056 3279 4118 ejus
3324 4051 3623 4121 angelicam

2052 4150 2218 4202 vitam
2236 4162 2359 4202 cum
2382 4147 2531 4200 omni
2560 4147 2812 4202 castitate
2838 4145 3131 4200 duxerunt.
3167 4142 3321 4209 Quod
3347 4143 3391 4195 si
3421 4143 3624 4196 dictum

2051 4248 2155 4303 est,
2193 4240 2438 4294 futurum
2482 4252 2605 4293 esse
2636 4246 2695 4290 ut
2721 4235 2933 4305 justitia
2982 4236 3036 4289 in
3083 4233 3431 4307 diebusejus
3464 4233 3627 4288 cillo-

2051 4338 2227 4385 rescat
2247 4348 2261 4395 ;
2280 4338 2333 4386 et
2362 4334 2466 4385 hoc
2491 4343 2600 4400 quo
2633 4336 2794 4399 pacto
2819 4327 3032 4383 eveniat
3065 4327 3193 4381 hinc
3223 4327 3457 4388 edisces,
3480 4324 3624 4393 ψιελδ

2052 4435 2161 4475 non
2196 4428 2405 4474 tantum
2438 4419 2633 4483 Judaei,
2663 4418 2757 4474 sed
2788 4419 2953 4473 etiam
2992 4432 3183 4471 omnes
3215 4424 3404 4487 gentes
3438 4415 3503 4473 ad
3533 4413 3623 4467 di-

2052 4513 2235 4566 vinam
2278 4511 2437 4565 tidem
2463 4515 2669 4563 vocatae
2694 4510 2825 4570 sint,
2864 4523 2928 4561 ac
2972 4508 3112 4561 servi
3140 4507 3345 4574 pariter
3372 4511 3426 4559 et
3466 4504 3623 4558 liberi

371 4583 557 4685 θέροις
573 4613 861 4679 θεοσεόεῖν,
890 4615 984 4668 καὶ
1013 4583 1249 4686 πένητας
1273 4583 1482 4684 *ὁμοίω-ς
1512 4615 1626 4675 τοῖς
1653 4610 1944 4673 πλουσίοις,

2056 4606 2223 4660 Deum
2254 4603 2457 4664 colant,
2490 4613 2756 4669 pauperes
2790 4597 3013 4667 perinde
3037 4604 3200 4665 atque
3232 4595 3451 4658 divites,
3474 4592 3629 4663 pri-a-

369 4703 637 4774 ἄρχοντάς
663 4722 723 4757 τε
764 4705 862 4759 σὺν
885 4704 1210 4776 ἀρχομένοις
1241 4706 1335 4757 σὺν
1374 4702 1539 4772 πολλῇ
1566 4698 1701 4755 Θεοῦ
1747 4699 1949 4753 δικαιο-

370 4796 528 4867 σύνῃ.
556 4796 745 4859 Ὅπως
776 4797 833 4850 δὲ
860 4796 1063 4866 πλῆθος
1108 4798 1328 4869 είρήνης
1355 4794 1719 4849 ἀνατέταλκεν
1746 4793 1805 4845 ὲν
1830 4794 1949 4855 ταῖς

367 4886 722 4958 δηλωθείσαις
769 4887 865 4941 τοῦ
920 4889 1168 4959 Σωτῆρος
1220 4887 1374 4959 ἡμῶν
1435 4886 1704 4956 ἡμέραις,
1760 4885 1949 4953 νοῆσαι

369 4978 518 5032 ἔστιν
550 4981 920 5050 ἐπιστήσαντα
941 4983 1007 5051 τῇ
1040 4979 1371 5032 καταστάσει
1394 4977 1502 5030 τῶν
1532 4974 1637 5048 πρὸ
1654 4976 1754 5046 τῆς
1778 4973 1944 5029 αὐτοῦ

370 5072 675 5139 παρουσίας
702 5074 1062 5142 πραγμάτων.
1099 5071 1235 5126 Καθ’
1262 5070 1327 5142 ἡν
1365 5070 1425 5122 τὸ
1457 5068 1676 5138 σύμπαν
1714 5065 1824 5119 τῶν
1862 5067 1951 5119 ἀν·-

372 5162 605 5234 Θρώπων
663 5164 818 5232 γένος
866 5162 1087 5235 διῄρητο
1130 5160 1593 5231 ἀποτετμημένων
1647 5159 1834 5228 ὥσπερ
1889 5156 1949 5223 ἐξ

370 5255 491 5318 ἑνὸς
540 5254 789 5326 σώματος
832 5244 1113 5324 εἰς’μυρία
1156 5248 1527 5321 διεσπαρμένα
1570 5246 1729 5317 μέλη,
1775 5244 1949 5299 ἀλλων

372 5345 547 5408 ἄλλως
585 5344 754 5398 ἐθνῶν
804 5344 967 5397 πάλαι
1017 5342 1278 5414 πρότερον
1324 5336 1737 5410 ἀφωρισμένων,
1791 5335 1949 5388 πολε-

375 5437 618 5509 μούντων
650 5453 707 5489 τε
743 5435 986 5506 ἀλλήλοις
1014 5436 1107 5488 καὶ
1132 5430 1566 5503 πολεμουμένωνσ
1597 5426 1690 5481 καὶ
1714 5425 1821 5478 τῶν
1849 5425 1948 5496 μὲν

370 5528 834 5601 τυραννουμένων,
869 5526 978 5579 τῶν
1009 5525 1064 5578 δὲ
1092 5518 1859 5595 δημοκρατουμένων,“ὲτέρων
1889 5517 1948 5570 δὲ

371 5620 867 5693 ὀλιγαρχουμένων·
905 5617 1192 5688 τοπάρχων
1215 5617 1333 5670 κατ’
1359 5613 1509 5677 ἔθνος
1552 5611 1646 5665 καὶ
1670 5608 1948 5679 τυράννων

445 5780 489 5811 ’⁸
520 5776 708 5843 Matth.
752 5791 942 5838 xvvzu,
972 5775 1061 5829 20.

2054 4700 2203 4768 cipes
2234 4709 2358 4747 cum
2382 4691 2640 4753 subditis,
2670 4705 2796 4743 cum
2821 4689 2990 4742 multa
3025 4686 3119 4740 Dei
3159 4686 3369 4755 justitia
3398 4684 3520 4756 [pie
3544 4684 3629 4739 vi.

2056 4785 2240 4857 vant].
2293 4783 2411 4849 Quo
2440 4790 2602 4851 pacto
2635 4788 2816 4833 autem
2860 4777 3195 4832 abundantia
3227 4776 3377 4845 pacis
3418 4775 3474 4828 in
3518 4790 3627 4829 mc~

2056 4876 2282 4934 moratis
2312 4871 2612 4927 Salvatoris
2643 4868 2817 4925 nostri
2841 4868 3031 4924 diebus
3059 4874 3179 4921 orta
3208 4868 3302 4931 sit,
3330 4866 3498 4936 probe
3526 4867 3624 4919 in—

2053 4968 2314 5038 telligitur
2354 4979 2421 5020 ex
2472 4977 2655 5016 rerum
2707 4968 2833 5015 ante
2884 4961 3120 5030 primum
3172 4959 3291 5029 ejus
3333 4958 3623 5013 adventum

2050 5057 2382 5117 conditione.
2438 5053 2558 5119 Quo
2608 5061 2849 5121 tempore
2896 5059 3069 5105 totum
3121 5051 3417 5104 humanum
3450 5064 3627 5119 genus

2052 5167 2152 5206 ceu
2184 5165 2251 5203 ex
2285 5160 2395 5201 uno
2437 5159 2668 5214 corpore
2716 5142 2770 5195 in
2807 5141 3014 5196 inﬁnita
3038 5140 3278 5196 membra
3328 5140 3456 5193 hinc
3496 5137 3625 5192 inde

2053 5243 2297 5312 dispersa
2325 5238 2559 5293 divisum
2588 5244 2727 5290 erat.
2792 5232 2925 5287 Nam
2953 5240 3145 5302 gentes
3176 5233 3294 5286 alia:
3320 5231 3428 5284 alio
3461 5229 3626 5283 modo

2053 5348 2083 5386 a
2106 5330 2304 5402 priscis
2328 5329 2441 5398 jam
2470 5324 2805 5396 temporibus
2826 5323 3014 5377 divisae
3034 5321 3280 5384 fuerant;
3314 5320 3622 5386 bellumque

2054 5425 2196 5478 inter
2222 5435 2281 5475 se
2310 5419 2568 5490 gerebant
2589 5456 2603 5479 ,
2655 5416 2723 5469 ab
2768 5415 2999 5484 aliisque
3030 5412 3488 5482 impugnabantur
3523 5424 3535 5458 :
3569 5412 3626 5457 et

2055 5513 2146 5566 alii
2172 5511 2389 5582 quidem
2418 5507 2665 5580 tyrannis
2691 5505 2896 5561 subditi
2925 5511 3102 5566 erant,
3151 5502 3240 5555 alii
3264 5496 3620 5557 democratia,

2054 5606 2144 5661 alii
2182 5618 2478 5675 paucorum
2531 5601 2814 5673 dominatu
2846 5597 3217 5669 regebantur,
3269 5588 3541 5663 toparcba:
3564 5595 3631 5661 et.
