4068 6548
445 384 556 441 8θῦ

1118 368 1389 427 EUSEBII
1424 360 1907 424 CAESARIENSIS
1942 359 2092 413 OPP.
2137 352 2323 410 PARS
2359 352 2450 407 Ill.
2487 380 2557 391 —
2582 346 2991 403 EXEGETICA.

3602 342 3711 395 80s

443 499 666 568 tyranni
708 496 844 551 varii
882 492 1175 564 imperium
1210 489 1565 553 obtinebant;
1598 493 1659 540 ut
1689 483 1884 538 vicinis
1912 496 2021 534 non

2152 475 2488 550 ςρατούντιοιν⁸
2514 472 2591 534 ὡς
2615 471 2822 541 ἄμικτα
2854 463 2993 521 εἶναι
3018 465 3110 519 καὶ
3138 463 3316 518 ἄϐατα
3345 466 3458 526 τοῖς
3490 462 3719 531 πλησισ»

444 588 681 644 facultas
706 592 851 642 esset
872 586 938 639 ad
966 583 1225 637 finitimas
1244 581 1495 649 regiones
1519 574 1880 635 commeandi,
1896 570 2024 642 quia

448 682 600 736 nulla
628 686 772 735 esset
802 678 1061 738 societas,
1089 675 1340 742 bellaque
1371 668 1722 740 inexpiabilia
1755 674 1809 720 et
1833 664 2020 733 impla-

448 775 653 829 cabiles
701 772 1002 826 inimicitia:
1045 769 1256 838 jamdiu
1290 780 1464 836 usque
1488 763 1555 817 ad
1582 759 1891 816 Servatoris
1928 771 2029 810 no-

448 866 551 921 stri
601 875 815 934 tempus
867 862 1249 933 perdurarent.
1308 858 1385 911 Ex
1429 871 1539 925 quo
1585 862 1763 907 autem
1798 846 2029 904 sublatis

448 956 674 1027 regulis,
709 953 1026 1009 monarchia
1058 951 1313 1022 gentibus
1342 947 1530 1002 multis
1561 941 1869 1013 imperavit,
1905 952 2032 991 vere

450 1049 554 1103 fuit
584 1046 915 1102 abundantia
956 1044 1129 1115 pacis,
1147 1048 1201 1097 et
1223 1038 1615 1095 commercium
1648 1033 2030 1087 universarum

451 1139 728 1211 gentium;
782 1137 857 1191 ita
908 1144 970 1190 ut
1016 1149 1181 1204 opere
1230 1129 1618 1199 comprobetur
1652 1125 1755 1178 hoc
1785 1122 2034 1177 testimo-

455 1233 608 1285 nium
636 1230 740 1286 soli
770 1226 1047 1283 Servatori
1102 1233 1293 1278 nostro
1315 1220 1624 1277 convenire.
1677 1214 1829 1268 lianc
1852 1218 2033 1265 autem

454 1319 843 1376 abundantiam
862 1316 1010 1386 pacis
1035 1324 1449 1385 permansuram
1480 1308 1557 1361 ait
1582 1303 1787 1359 «donec
1818 1300 2034 1355 aufera-

454 1422 545 1468 tur
562 1414 709 1476 luna,
723 1409 865 1463 ιεὶνε
878 1405 1177 1463 secundum
1203 1402 1475 1471 Aquilam,
1495 1409 1813 1466 «usquequo
1840 1394 1967 1446 luna
1984 1407 1998 1456 ;
2013 1409 2031 1440 ι

439 1505 564 1568 .vel,
617 1498 919 1558 secundum
964 1494 1379 1566 Symmachum,
1438 1510 1456 1541 ι
1502 1488 1677 1543 donec
1723 1485 2039 1553 antiquetur

457 1596 610 1649 luna.
646 1611 665 1644 ι
701 1587 1059 1656 Quandonam
1092 1583 1466 1652 antiquabitur
1493 1577 1658 1632 luna?
1690 1578 1750 1629 In
1785 1585 2041 1628 consum-

458 1686 701 1741 matione
747 1680 951 1743 sweuli,
997 1692 1105 1749 qua
1157 1677 1272 1731 hac
1323 1671 1607 1745 prophetia
1654 1666 1969 1737 implebitur
2022 1678 2036 1714 :

466 1796 485 1829 ι
519 1774 610 1830 Sol
648 1782 701 1829 ct
731 1773 859 1827 luna
883 1768 1332 1826 obscurabuntur
1361 1765 1469 1830 '°;i
1509 1777 1573 1815 ac
1606 1772 1846 1820 rursum,
1880 1775 1898 1807 ι
1922 1752 2040 1809 Non

2129 569 2326 641 χώροις
2369 565 2440 618 τὰ
2490 564 2589 632 τῆς
2638 562 2745 614 τῶν
2784 560 3039 629 γειτόνων
3067 556 3282 628 χώρας⁶
3332 556 3606 625 πολέμους
3649 570 3721 608 τι

2128 660 2425 721 ἀσπόνδους
2450 658 2542 710 καὶ
2569 654 2768 726 ἔχθρας
2788 650 3231 713 ἀκαταλλάκτως
3255 650 3319 701 ἐκ
3348 647 3558 719 μακροῦ
3581 647 3721 700 αίῶ-

2130 773 2218 818 νος
2248 753 2408 823 μέχρι
2440 749 2534 803 τοῦ
2568 747 2822 817 Σωτῆρος
2864 743 3020 815 ήμῶν
3059 741 3397 796 συνεστάναι.
3441 740 3530 804 Ἐξ
3566 740 3718 793 ἐκεί-

2131 859 2225 895 νου
2249 841 2307 893 δέ
2334 840 2518 909 πάσης
2546 833 2879 905 πολυαρχίας
2908 830 3148 885 ἐκποδὼν
3187 830 3468 901 ἀρθείσης,
3507 846 3717 901 μοναρ-

2132 932 2225 1003 χία
2250 930 2358 983 τῶν
2380 929 2645 981 πλείστων
2673 924 2841 978 ἐθνῶν
2866 922 3269 993 ἐπικεκράτηκε
3290 937 3303 950 ο
3335 919 3524 987 γέγονέ
3554 935 3612 970 τε
3636 917 3721 979 ὡς

2134 1024 2348 1096 ἀληθῶς
2399 1020 2602 1092 πλῆθος
2652 1018 2894 1087 εἰρήνης,
2942 1013 3227 1067 κοινωνίαν
3282 1012 3377 1065 καὶ
3432 1009 3717 1081 ἐπιμιξίαν

2135 1116 2490 1190 κτησαμένων
2519 1110 2892 1167 ἁπάντωντῶν
2921 1109 3087 1162 ἐθνῶν
3106 1126 3119 1138 ·
3140 1108 3216 1170 ὼς
3245 1106 3391 1178 ἔργῳ
3420 1109 3720 1176 μαρτυρεῖ-

2138 1211 2260 1265 σθαι
2283 1210 2382 1281 τὴν
2415 1211 2471 1261 ἐν
2500 1206 2655 1279 χερσὶ
2700 1202 3003 1275 μαρτυρίαν
3036 1199 3181 1270 μόνῳ
3209 1198 3286 1268 τῷ
3321 1197 3535 1268 Σωτῆρι
3557 1195 3720 1267 ἡμῶν

2139 1301 2601 1373 ἐφαρμόττουσαν.
2629 1295 2799 1348 Τοῦτο
2834 1293 2892 1346 δὲ
2923 1292 2984 1345 τὸ
3017 1290 3219 1361 πλῆθος
3246 1290 3343 1359 τῆς
3370 1290 3589 1359 εἰρήνης
3613 1306 3720 1340 πα-

2143 1393 2395 1466 ραμένειν
2440 1388 2602 1459 φησὶν
2642 1406 2659 1437 ι
2699 1386 2805 1448 ἕως
2846 1378 2908 1437 οὗ
2951 1380 3311 1453 ἀπαναιρεθῇ
3346 1382 3380 1451 ἡ
3431 1380 3649 1452 σελήνη·
3692 1398 3713 1431 ι

2139 1484 2173 1555 ἢ
2210 1480 2350 1536 κατὰ
2378 1479 2468 1533 τὸν
2502 1476 2751 1538 Ἀκύλαν,
2792 1494 2809 1525 ι
2846 1473 2951 1537 ἕως
2989 1467 3049 1526 οὗ
3092 1473 3126 1541 ή
3178 1470 3403 1541 σελήνη⁸
3448 1469 3528 1540 »ἦ
3574 1470 3719 1523 κατὰ

2139 1573 2228 1625 τὸν
2258 1570 2566 1639 Σύμμαχον,
2594 1586 2610 1615 ι
2635 1566 2739 1628 ἕως
2764 1561 3116 1626 παλαιώσεως
3138 1562 3235 1631 τῆς
3258 1560 3506 1632 σελήνης.
3540 1580 3557 1609 ι
3578 1560 3721 1612 Πότε

2140 1665 2200 1719 δέ
2251 1660 2577 1717 παλαιοῦται
2628 1658 2860 1729 σελήνη;
2912 1655 3072 1710 Κατὰ
3121 1655 3219 1726 τὴν
3272 1653 3581 1707 συντέλειαν
3620 1652 3718 1705 τοῦ

2141 1758 2355 1820 αἰῶνος,
2384 1754 2503 1808 καθ’
2536 1754 2603 1824 ἢν
2655 1750 3071 1822 πληρωθήσεται
3107 1749 3139 1818 ή
3171 1748 3451 1816 φάσκουσα
3502 1764 3718 1817 προφη-

462 1862 566 1917 crit
598 1861 698 1916 tibi
730 1860 813 1915 scl
839 1859 895 1913 in
918 1858 1093 1911 lucem
1122 1854 1253 1918 diei,
1273 1868 1446 1922 neque
1477 1852 1603 1904 luna
1636 1844 1965 1901 illuminabit
1989 1851 2043 1897 te

2152 1850 2293 1904 τεία·
2334 1866 2351 1898 ι
2394 1848 2453 1899 '(l
2487 1845 2636 1915 ἥλιος
2679 1844 2773 1897 καὶ
2798 1844 2832 1913 ἡ
2862 1842 3057 1913 σελήνη
3105 1841 3493 1893 συσκοτάσουσι
3516 1856 3532 1871 ·
3571 1858 3591 1891 ι
3625 1840 3722 1893 καὶ

462 1964 627 2009 noctu
651 1952 717 2007 ".
751 1970 770 2004 ι
808 1949 997 2020 Itaque
1019 1944 1478 2018 quemadmodum
1510 1939 1766 2010 superius
1796 1950 1921 1990 cum
1948 1934 2041 2004 qui

464 2045 521 2099 in
549 2042 807 2097 vaticinio
838 2041 1033 2105 fertur,
1060 2053 1184 2092 cum
1217 2036 1332 2090 sole
1360 2044 1777 2103 permansurum
1805 2026 2045 2080 declara-

464 2135 592 2200 bat;
638 2135 718 2189 sic
754 2133 866 2202 jam
914 2128 1305 2184 abundantiam
1340 2122 1492 2194 pacis
1521 2121 1590 2175 ab
1631 2135 1695 2174 eo
1726 2115 2044 2171 hominibus

464 2222 845 2295 procuranda,
878 2234 1055 2290 usque
1084 2216 1151 2271 ad
1174 2212 1702 2271 consummationem
1724 2208 2045 2262 duraturam

466 2331 589 2370 esse
614 2314 943 2369 vaticinatur
969 2328 983 2365 :
1016 2307 1163 2379 quod
1204 2307 1413 2361 scilicet
1446 2303 1629 2373 quiete
1660 2315 1724 2353 ac
1754 2299 1872 2352 sine
1904 2305 2047 2350 stre-

467 2410 584 2479 pitu
617 2408 674 2461 in
705 2405 987 2461 Judaicam
1036 2409 1251 2473 gentem
1292 2405 1521 2451 ventura
1549 2394 1656 2455 sit,
1688 2400 1742 2447 et
1768 2390 1914 2461 quod
1951 2390 2049 2444 im-

469 2500 683 2570 pletura
719 2495 792 2552 sit
825 2504 1002 2549 totum
1050 2492 1240 2547 orbem
1289 2491 1463 2544 instar
1497 2483 1899 2542 stillicidiorum
1934 2481 2047 2536 stil-

470 2590 700 2645 lantium
749 2601 913 2657 super
953 2593 1178 2640 terram.
1237 2580 1392 2647 Quod
1431 2581 1559 2633 item
1609 2576 1853 2629 futurum
1884 2573 1955 2628 sit
1989 2580 2047 2626 ut

467 2682 682 2753 justitia
711 2680 922 2734 oriatur
947 2678 1002 2732 in
1026 2676 1220 2732 diebus
1240 2674 1361 2741 ejus
1388 2680 1551 2741 atque
1584 2666 1921 2723 abundantia
1950 2680 2045 2735 pa-

472 2775 580 2840 cis,
606 2772 720 2843 jam
751 2770 1007 2841 superius
1035 2770 1525 2821 commonstratum
1554 2768 1662 2815 est.

546 2973 660 3029 Sub
685 2974 799 3028 haac
820 2971 1000 3038 docet,
1022 2985 1131 3025 non
1160 2967 1396 3040 quodam
1422 2965 1621 3037 angulo
1637 2971 1795 3018 terra:
1810 2963 2049 3017 circ-um-

476 3066 828 3124 scribendum
876 3063 1213 3119 dominatum
1258 3060 1377 3130 ejus
1418 3074 1572 3123 esse;
1607 3061 1702 3111 sed
1746 3055 2049 3109 dominatu-

476 3174 597 3214 rum
631 3159 809 3229 ipsum
838 3170 961 3210 esse
983 3153 1237 3207 omnibus
1259 3149 1531 3221 gentibus.
1577 3145 1940 3213 Quamobrem
1965 3144 2050 3199 di-
2079 3184 2122 3242 ϐ

475 3258 622 3302 ctum
650 3254 734 3301 est
762 3264 777 3301 :
815 3242 912 3297 (Et
936 3241 1305 3297 dominabitur
1339 3255 1369 3293 a
1397 3239 1533 3291 mari
1559 3252 1733 3306 usque
1765 3236 1830 3289 ad
1850 3251 2046 3290 mare.»

475 3336 614 3392 Nam
650 3336 697 3390 si
728 3332 947 3389 termini
978 3331 1197 3401 quidam
1230 3336 1390 3383 terra:
1424 3337 1574 3391 sunt,
1603 3327 1695 3397 qui
1728 3326 1901 3396 ipsam
1954 3330 2057 3380 cir-

479 3440 825 3496 cumquaque
873 3422 1143 3487 ambiant,
1168 3420 1419 3475 videlicet
1462 3419 1633 3473 maria
1671 3416 2051 3487 Oceanusque,

479 3520 575 3589 qui
620 3519 689 3572 ab
728 3514 1045 3571 hominibus
1090 3510 1531 3583 praeternavigari
1580 3512 1796 3581 nequit;
1833 3526 1964 3566 sane
2001 3511 2055 3564 id

481 3609 628 3679 quod
658 3607 726 3662 ab
754 3606 1009 3661 omnibus
1040 3605 1279 3673 undique
1307 3604 1550 3657 maribus
1578 3603 1910 3664 continetur,
1950 3600 2055 3655 Do-

480 3700 654 3766 mino,
682 3698 774 3768 qui
807 3696 1225 3768 praenuntiatur,
1258 3694 1627 3749 conﬁtebitur.
1682 3693 1949 3760 Quocirca
1979 3693 2057 3747 di-

482 3795 626 3846 citur
656 3810 669 3845 :
711 3810 730 3842 ι
768 3789 835 3843 Ει
863 3789 1237 3844 dominabitur
1269 3802 1299 3841 a
1340 3787 1477 3841 mari
1507 3802 1681 3856 usque
1726 3787 1793 3840 ad
1823 3802 1995 3841 mare.
2031 3806 2050 3838 ι

486 3882 701 3935 Dictum
735 3888 917 3935 autem
949 3878 1229 3949 impletum
1261 3877 1502 3941 noveris,
1535 3877 1582 3932 si
1625 3877 1929 3947 perpendas
1961 3875 2055 3931 Dei

484 3969 757 4025 Ecclesias
789 3968 989 4038 ubique
1022 3977 1290 4021 terrarum
1311 3965 1587 4019 Christum
1609 3967 1749 4034 eius,
1766 3965 2056 4019 Dominum

486 4063 800 4134 praedicare.
833 4060 939 4115 Sed
969 4061 1132 4115 etiam
1173 4074 1203 4113 a
1239 4058 1461 4113 ﬂumine
1490 4074 1664 4129 usque
1694 4059 1762 4113 ad
1794 4061 2055 4114 terminos

482 4154 637 4209 orbis
684 4161 954 4207 terrarum
1002 4150 1407 4205 dominaturum
1441 4166 1565 4203 eum
1598 4151 1908 4206 necessario
1939 4166 2057 4220 pro-

485 4243 726 4299 nuntiat.
778 4242 888 4296 Nos
930 4243 1130 4311 quippe
1173 4240 1417 4296 ediscere
1461 4256 1600 4312 opus
1632 4250 1747 4296 erat
1788 4243 2054 4297 umlenam

484 4335 750 4391 doctrina:
796 4333 1013 4388 initium
1062 4333 1328 4387 ducturus
1372 4333 1444 4388 sit
1493 4351 1507 4386 :
1559 4333 1828 4403 signitlcat
1876 4344 2056 4389 autem

488 4425 814 4495 principium
844 4424 948 4494 ipsi
984 4422 1226 4476 futurum
1254 4436 1378 4477 esse
1418 4437 1449 4476 a
1477 4423 1717 4479 (lumine.
1768 4424 1922 4490 Quod
1951 4424 2055 4479 [lu-

2145 1942 2305 1996 πάλιν
2324 1958 2338 1970 ·
2369 1958 2387 1990 ι
2417 1936 2533 1992 Ούκ
2561 1936 2710 1989 ἔσται
2737 1952 2817 1988 σοι
2847 1936 2875 1989 ό
2901 1934 3142 2005 ἤλιοςείς
3161 1932 3274 2002 φῶς
3301 1933 3529 2005 ἡμέρας.
3549 1932 3722 2003 ούδέή

2146 2030 2343 2099 σελήνη
2360 2030 2549 2097 φωτιεῖ
2559 2043 2639 2079 σοι
2664 2024 2761 2095 τὴν
2776 2024 2963 2077 νύκτα.
2988 2043 3006 2076 ι
3028 2022 3233 2078 Οὐκοῦν
3257 2024 3443 2095 ὥσπερ
3464 2024 3724 2095 ἀνωτέρω

2146 2119 2591 2192 συμπαραμένειν
2616 2118 2692 2188 τῷ
2725 2114 2857 2189 ἡλίῳ
2880 2115 2969 2168 τὸν
3012 2115 3483 2186 προφητευόμενον
3512 2116 3720 2186 ἐδήλου,

2145 2215 2315 2278 οὕτως
2338 2214 2431 2267 καὶ
2458 2211 2691 2266 ἐνταῦθα
2718 2211 2778 2263 τὸ
2806 2209 3006 2279 πλῆθος
3037 2209 3134 2278 τῆς
3156 2209 3246 2260 ὑπ’
3268 2208 3431 2261 αύτοῦ
3460 2207 3724 2280 προξενή-

2147 2308 2449 2379 θησομένης
2480 2304 2787 2373 ἀνθρώποις
2817 2304 3038 2373 εἰρήνης
3073 2302 3234 2373 μέχρι
3278 2302 3375 2372 τῆς
3410 2301 3724 2365 συντελείας

2146 2399 2448 2469 διαρκέσειν
2495 2394 2760 2457 θεσπίζει.
2808 2394 2995 2457 Ὅπως
3046 2393 3142 2464 μὲν
3205 2389 3299 2445 οὖν
3354 2391 3723 2463 καταϐήσεται

2148 2489 2329 2560 ἡρέμα
2361 2488 2457 2541 καὶ
2490 2486 2727 2556 ἀψοφητὶ
2778 2484 2871 2537 ἐπὶ
2901 2484 2961 2536 τὸ
2998 2482 3263 2537 Ἰουδαίων
3302 2482 3472 2546 ἔθνος,
3524 2483 3620 2536 καδ-
3647 2482 3728 2545 ὡς

2147 2579 2426 2652 πληρώσει
2456 2580 2556 2649 τὴν
2590 2577 2881 2648 σύμπασαν
2910 2576 3231 2647 οίκονμένην
3260 2574 3415 2646 δίκην
3448 2575 3724 2643 σταγόνων

2150 2668 2459 2736 σταζουσῶν
2490 2669 2581 2722 ἐπὶ
2603 2667 2703 2737 τῆς
2744 2667 2866 2737 γῆς,
2902 2667 2995 2720 καὶ
3023 2666 3098 2730 ὡς
3130 2666 3442 2736 δικαιοσύνη
3476 2666 3726 2719 άνατελεῖ

2148 2764 2204 2814 ἐν
2229 2764 2349 2824 ταῖς
2380 2760 2613 2831 ἡμέραις
2634 2757 2799 2811 αὐτοῦ
2830 2757 2921 2811 καὶ
2948 2756 3146 2827 πλῆθος
3169 2757 3407 2827 εἰρήνης.
3429 2755 3723 2827 δεδήλωται

2147 2850 2235 2905 διὰ
2267 2851 2373 2903 τῶν
2396 2850 2717 2922 εἰρημένων.

2232 2964 2391 3036 Ἑξῆς
2414 2964 2469 3017 δὲ
2505 2963 2764 3027 διδάσκει,
2798 2962 2880 3015 ὅτι
2915 2961 2989 3033 μὴ
3028 2963 3085 3015 ἐν
3116 2961 3287 3034 γωνίᾳ
3320 2962 3423 3031 γῆς
3461 2978 3726 3033 περιγρα-

2149 3058 2381 3129 φήσεται
2414 3055 2580 3108 αὐτοῦ
2606 3056 2639 3125 ὴ
2671 3052 2978 3107 δεσποτεία·
3025 3052 3299 3124 κυριεύσει
3336 3053 3393 3106 δὲ
3418 3052 3527 3105 τῶν
3559 3053 3729 3105 ἐθνῶν

2156 3150 2429 3203 ἁπάντων.
2470 3148 2547 3200 Δι’
2573 3146 2601 3199 ὃ
2645 3146 2924 3199 λέλεκταν
2960 3163 2979 3196 ι
3017 3145 3127 3199 Καὶ
3156 3146 3575 3217 κατακυριεύσει
3621 3146 3729 3198 ἀπὸ

2161 3241 2433 3310 θαλάσσης
2460 3241 2563 3302 ἓως
2594 3238 2884 3307 θαλάσσης.
2925 3256 2945 3289 ι
2981 3236 3044 3289 Εἰ
3088 3238 3194 3309 γάρ
3228 3237 3343 3291 ἐστί
3369 3255 3489 3290 τινα
3517 3238 3726 3308 πέρατα

2160 3333 2283 3402 γῆς,
2324 3331 2359 3384 ἃ
2385 3332 2449 3401 δὴ
2477 3328 2756 3399 πανταχοῦ
2782 3327 3057 3391 κυκλοῦσι,
3086 3328 3346 3381 θάλασσαι
3390 3329 3639 3391 Ὠκεανός
3666 3345 3729 3381 τε

2160 3425 2464 3494 ἀπέραντος
2491 3421 2795 3493 ἀνθρώποις
2813 3437 2825 3450 ·
2850 3419 3007 3473 τοῦτο
3036 3420 3247 3474 πάντων
3268 3420 3396 3475 εἴσω
3420 3419 3529 3472 τῶν
3556 3421 3728 3473 ἁπαν-

2158 3514 2323 3585 ταχοῦ
2351 3514 2631 3567 θαλασσῶν
2660 3514 2861 3585 Κύριον
2910 3512 3232 3583 ὁμολογήσει
3274 3512 3366 3565 τδν
3406 3512 3731 3582 θεσπιζόμεο

2160 3625 2270 3659 νον.
2294 3606 2371 3659 Δι’
2399 3606 2429 3658 ὃ
2454 3604 2732 3659 λέλεκται·
2769 3623 2789 3656 r
2815 3603 2924 3657 Kal.
2954 3604 3371 3674 κατακυριεύσει
3401 3604 3507 3657 ἀπὸ
3534 3603 3731 3657 θαλάσο

2161 3715 2261 3770 σης
2294 3697 2398 3760 ’ἐως
2431 3697 2721 3766 θαλάσσης.
2758 3715 2777 3748 ι
2808 3695 2991 3765 Γνῲης
3020 3694 3064 3747 δ’
3098 3694 3163 3748 ἂν
3192 3694 3285 3747 τοῦ
3319 3695 3475 3762 λόγου
3510 3696 3569 3748 τὸ
3596 3696 3733 3748 ἀπο-

2159 3792 2396 3861 τέλεσμα
2446 3786 2671 3842 συνιδὼν
2715 3788 2862 3851 ὅπως
2904 3786 3211 3857 ἁπανταχοῦ
3238 3787 3342 3856 γῆς
3373 3790 3428 3841 αί
3470 3788 3563 3840 τοῦ
3595 3787 3730 3842 Θεοῦ

2173 3882 2486 3953 Ἐκκλησίαι
2501 3880 2594 3934 τὸν
2620 3879 2851 3951 Χριστὸν
2877 3878 3038 3933 αὑτοῦ
3059 3878 3261 3951 Κύριον
3292 3879 3730 3951 ἀναγορεύουσιν.

2174 3974 2332 4029 Ἀλλὰ
2366 3974 2458 4027 καὶ
2490 3970 2598 4026 ἀπό
2622 3970 2867 4041 ποταμοῦ
2893 3971 3000 4036 ἐως
3022 3972 3129 4025 τῶν
3160 3973 3408 4043 περάτων
3433 3972 3535 4041 τῆς
3562 3976 3733 4027 οἰκου-

2166 4066 2331 4136 μένης
2351 4062 2800 4134 κατακυριεύσειν
2816 4048 2989 4115 ἀὐτόν
3021 4079 3153 4134 φησι
3200 4063 3378 4134 σφόδρ’
3398 4062 3730 4131 ἀναγκαίως.

2175 4156 2370 4227 Ἐχρῆν
2396 4154 2503 4225 γὰρ
2535 4155 2681 4225 ἡμᾶς
2733 4152 2921 4224 μαθεῖν
2966 4153 3159 4206 ὁπόθεν
3190 4153 3407 4225 ἄρξεται
3451 4155 3550 4224 τῆς
3591 4154 3732 4207 διδα-

2164 4248 2417 4310 σκαλίαςο
2454 4246 2706 4317 σημαίνει
2731 4246 2809 4309 δὲ,
2831 4244 2907 4309 ὡς
2941 4245 3047 4317 άρα
3079 4246 3225 4299 ἔσται
3261 4246 3455 4317 αὑτῷή
3486 4248 3731 4319 καταρχὴ

2164 4339 2271 4394 άπὸ
2304 4337 2568 4408 ποταμοῦ.
2605 4337 2822 4390 Ὅντινα
2844 4338 3084 4409 ποταμὸν
3128 4339 3420 4410 παρίστησι
3460 4338 3523 4391 τὸ
3551 4340 3729 4408 Εύαγο

2163 4429 2339 4497 γέλιον
2361 4428 2568 4497 φάσκον
2588 4442 2603 4456 '
2638 4443 2657 4477 t
2689 4426 2821 4478 Τότε
2844 4426 3198 4497 παραγίνεται
3218 4429 3247 4479 ό
3278 4426 3484 4498 Ἰησοῦς
3506 4428 3617 4480 ἀπὸ
3634 4428 3732 4496 τῆς

487 4530 613 4570 men
661 4513 862 4568 indicat
906 4511 1256 4582 Evangelium
1302 4510 1491 4568 dicens
1546 4530 1561 4566 :
1603 4532 1622 4564 ι
1652 4511 1807 4569 Tunc
1849 4514 2051 4569 accedit

2164 4516 2448 4578 Γαλιλαίας
2504 4517 2596 4568 ἐπὶ
2644 4516 2734 4569 τὸν
2793 4514 3059 4587 Ἰορδάνην
3112 4515 3250 4587 πρὸς
3294 4516 3544 4587 Ἰωάννην
3568 4557 3583 4580 ,
3638 4517 3731 4571 τοῦ

484 4608 647 4664 Iesus
672 4622 703 4660 a
731 4605 951 4660 Galilaea
980 4606 1034 4659 in
1057 4601 1350 4660 Jordanem
1378 4605 1445 4659 ad
1474 4602 1763 4671 Joannem,
1795 4613 1855 4658 ut
1885 4605 2063 4674 bapti-

488 4705 705 4753 zaretur
735 4696 805 4751 ab
831 4711 916 4752 eo.
975 4693 1070 4749 llle
1104 4701 1283 4749 autem
1313 4695 1634 4766 prohibebat
1662 4711 1786 4751 eum
1820 4696 2006 4750 dicens
2043 4716 2056 4750 :

487 4788 600 4861 Ego
629 4805 658 4841 a
690 4801 739 4843 te
767 4789 937 4842 debeo
970 4787 1254 4857 baptizari,
1289 4798 1342 4841 et
1385 4795 1443 4841 tu
1492 4788 1644 4842 venis
1687 4788 1755 4841 ad
1796 4802 1901 4842 me.
1967 4786 2062 4842 Ille

489 4888 670 4933 autem
719 4876 1057 4947 respondens
1095 4876 1232 4930 dixit
1260 4877 1309 4931 ei
1359 4896 1371 4931 :
1410 4878 1541 4933 Sine
1582 4877 1777 4941 modo,
1808 4878 1886 4930 sic
1917 4879 2061 4931 enim

488 4970 646 5025 decet
693 4985 795 5023 nos
846 4970 1071 5038 implere
1118 4983 1334 5022 omnem
1364 4969 1637 5038 justitiam
1678 4969 1745 5022 ³⁸.
1776 4988 1794 5019 ι
1832 4969 2062 5033 Quando

489 5071 776 5133 postquam
812 5060 1121 5129 baptizatus
1174 5059 1389 5122 fuisset,
1446 5080 1463 5111 ι
1502 5060 1689 5129 Aperti
1742 5066 1871 5113 sunt
1913 5058 2060 5123 coeli,

487 5157 542 5204 et
566 5148 699 5202 vidit
716 5144 975 5217 Spiritum
1009 5146 1101 5202 Dei
1129 5148 1545 5203 descendentem
1573 5149 1714 5203 sicut
1751 5148 2058 5202 columbam

488 5250 544 5294 et
578 5239 881 5293 venientem
922 5254 1087 5309 super
1114 5240 1313 5309 ipsum.
1368 5238 1434 5293 Et
1463 5256 1565 5293 vox
1594 5240 1661 5294 de
1683 5240 1838 5294 cmlis
1873 5237 2057 5292 audita

488 5340 573 5388 est
607 5332 841 5387 dicens:
884 5330 983 5387 Hic
1012 5340 1095 5386 est
1139 5330 1311 5387 Filius
1357 5346 1511 5386 meus
1550 5330 1801 5396 dilectus,
1847 5332 1901 5385 in
1950 5345 2058 5399 quo

492 5424 625 5478 mihi
675 5425 980 5493 complacui
1010 5425 1075 5479 ⁸³.
1118 5444 1136 5476 ι
1196 5424 1270 5477 Ex
1303 5424 1395 5477 illo
1423 5440 1655 5495 namque
1701 5432 1943 5494 tempore
1969 5425 2062 5477 do-

491 5516 732 5572 minatus
764 5516 883 5584 ejus
909 5514 1130 5586 agnosci
1159 5514 1347 5585 cmpit.
1383 5514 1515 5569 Miro
1542 5531 1757 5585 quoque
1774 5514 1933 5569 modo
1964 5516 2061 5569 hu-

486 5610 580 5679 jus
644 5610 884 5665 ﬂuminis
952 5609 1284 5664 mentionem
1356 5607 1523 5664 Isaias
1574 5608 1834 5679 propheta
1883 5606 2056 5673 facit,

601 5765 645 5796 ³ο
666 5762 780 5819 Jocl
817 5765 964 5830 u,l0.
1053 5765 1092 5796 “
1121 5762 1223 5819 lsa.
1261 5779 1349 5829 ιι,
1384 5762 1470 5817 l9.
1550 5763 1593 5795 “
1628 5761 1817 5818 Matth.
1853 5779 1935 5830 ιιι,
1972 5762 2155 5817 15-15.

2164 4609 2520 4680 βαπτισθῆναι
2553 4608 2646 4661 ὑπ’
2694 4608 2877 4662 αὐτοῦ.
2922 4610 2980 4661 '0
3009 4609 3066 4662 δέ
3106 4608 3392 4662 διεκώλυεν
3438 4609 3599 4664 αὑτὸν
3647 4609 3733 4662 λέο

2162 4712 2272 4763 γων
2290 4712 2303 4726 '
2347 4692 2487 4761 Ἐγὼ
2515 4695 2704 4765 χρείαν
2737 4694 2843 4765 ἔχω
2873 4696 2977 4749 ὑπὸ
3006 4696 3101 4749 σοῦ
3142 4696 3521 4768 βαπτισθῆναι,
3543 4698 3640 4751 καὶ⁵
3666 4700 3733 4751 σὺ

2162 4786 2297 4858 ἔρχῃ
2342 4784 2478 4856 πρὸς
2513 4785 2599 4855 μέ.
2639 4785 2696 4837 '0
2718 4786 2773 4839 δὲ
2802 4787 3120 4858 ἀποκριθεὶς
3156 4785 3308 4841 εἷπεν
3350 4788 3531 4859 αύτῷο
3564 4791 3735 4857 ’Δφες

2161 4879 2287 4949 ἄρτι
2306 4895 2319 4907 ’
2353 4875 2495 4930 οῦτω
2516 4877 2624 4949 γὰρ
2658 4878 2864 4949 πρέπον
2886 4880 3000 4931 ἐστὶ
3025 4879 3304 4950 πληρῶσαι
3338 4884 3513 4934 πᾶσαν
3534 4881 3734 4935 δικαιο-

2166 4966 2350 5037 σύνην.
2394 4986 2412 5018 ι
2446 4968 2572 5019 Ὅτε
2604 4967 2743 5037 μετά
2761 4967 2821 5020 τὸ
2855 4967 3211 5039 βαπτισθῆναι
3235 4971 3396 5024 αὐτὸν
3428 4989 3446 5021 ι
3496 4972 3738 5041 Ἰινοίγη-

2164 5074 2263 5112 σαν
2295 5059 2343 5110 οἱ
2380 5058 2617 5130 οὐρανοὶ,
2653 5059 2747 5111 καὶ
2788 5054 2893 5112 εἶδε
2924 5059 2985 5111 τὸ
3033 5059 3255 5131 Πνεῦμα
3280 5061 3374 5114 τοῦ
3402 5062 3537 5115 Θεοῦ
3567 5080 3736 5116 καταο

2165 5149 2346 5202 ϐαῖνον
2370 5149 2445 5212 ὡς
2472 5150 2797 5220 περιστερὰν
2823 5152 2915 5203 καὶ
2940 5152 3235 5220 ἐρχόμενον
3260 5154 3340 5215 εἰς
3370 5154 3548 5207 αύτὸν.
3577 5157 3731 5227 «pst

2160 5257 2220 5292 τε
2244 5240 2308 5293 ἐκ
2345 5240 2451 5292 τῶν
2475 5239 2717 5311 ούρανῶν
2757 5240 2996 5311 ἠκούσθη
3030 5240 3287 5309 λέγουσα·
3322 5240 3489 5307 Οὗτός
3530 5248 3679 5298 ἐστιν
3706 5248 3736 5298 ὁ

2165 5330 2290 5393 Υἱός
2326 5349 2425 5401 μου
2459 5332 2489 5384 ό
2514 5332 2811 5401 ἀγαπητὸς.
2848 5335 2906 5385 ἐν
2937 5328 2981 5401 ᾧ
3004 5333 3297 5404 ηύδόκησα.
3342 5354 3360 5386 ι
3405 5335 3491 5400 Ἐξ
3526 5337 3734 5389 ἐκείνου

2163 5421 2271 5493 γάρ
2296 5423 2653 5493 γνωρίζεσθαι
2691 5423 2855 5475 αὑτοῦ
2888 5425 3090 5495 ἧρξατο
3122 5428 3153 5494 ή
3186 5427 3458 5499 κυριότης.
3495 5429 3736 5500 Παραδό-

2164 5511 2269 5577 ξως
2304 5513 2360 5565 δὲ
2391 5513 2578 5567 τούτου
2616 5514 2886 5585 μέμνηται
2924 5516 3014 5568 τοῦ
3046 5518 3289 5589 ποταμοῦ
3313 5520 3405 5572 καὶ
3450 5521 3677 5585 Ἠσαίας
3705 5523 3735 5575 ὁ

2164 5608 2444 5677 προφήτης
2477 5607 2953 5679 εὐαγγελιζόμενος
2981 5612 3077 5681 τὴν
3108 5610 3332 5682 ἔρημον,
3362 5613 3418 5665 ἐν
3501 5615 3732 5686 ἐκήρυτ-

2237 5762 2278 5794 ⁸’
2306 5763 2434 5817 ibid.
2466 5763 2550 5822 16.
2579 5764 2664 5817 l7.
